<?xml version="1.0"?>
<alto xmlns="http://www.loc.gov/standards/alto/ns-v2#" xmlns:xlink="http://www.w3.org/1999/xlink" xmlns:xsi="http://www.w3.org/2001/XMLSchema-instance" xsi:schemaLocation="http://www.loc.gov/standards/alto/ns-v2# http://www.loc.gov/standards/alto/alto-v2.0.xsd">
	<Description>
		<MeasurementUnit>inch1200</MeasurementUnit>
		<sourceImageInformation>
			<fileIdentifier>catalogofcopyrig241libr_001-1920_Page_1004.jpgf</fileIdentifier>
		</sourceImageInformation>
		<OCRProcessing ID="OCR1">
			<ocrProcessingStep>
				<processingDateTime>2018-03-16T11:50:42</processingDateTime>
				<processingAgency>Data Conversion Laboratory</processingAgency>
				<processingSoftware>
					<softwareCreator>Prime</softwareCreator>
					<softwareName>Prime OCR</softwareName>
					<softwareVersion>4.40</softwareVersion>
				</processingSoftware>
			</ocrProcessingStep>
			<postProcessingStep>
				<processingDateTime>2018-03-21T10:24:29</processingDateTime>
				<processingAgency>Data Conversion Laboratory</processingAgency>
				<processingStepDescription>PRO -&gt; ALTO</processingStepDescription>
				<processingSoftware>
					<softwareCreator>Data Conversion Laboratory</softwareCreator>
					<softwareName>pro2alto.2018.02.27</softwareName>
					<softwareVersion>2.0</softwareVersion>
				</processingSoftware>
			</postProcessingStep>
		</OCRProcessing>
	</Description>
<Styles>
		<TextStyle ID="Style_1" FONTSIZE="10" FONTTYPE="serif" FONTWIDTH="proportional" FONTSTYLE="bold"/>
		<TextStyle ID="Style_2" FONTSIZE="10" FONTTYPE="sans-serif" FONTWIDTH="proportional" FONTSTYLE="bold"/>
		<TextStyle ID="Style_3" FONTSIZE="9" FONTTYPE="serif" FONTWIDTH="proportional"/>
		<TextStyle ID="Style_4" FONTSIZE="10" FONTTYPE="serif" FONTWIDTH="proportional"/>
		<TextStyle ID="Style_5" FONTSIZE="8" FONTTYPE="serif" FONTWIDTH="proportional"/>
		<TextStyle ID="Style_6" FONTSIZE="8" FONTTYPE="serif" FONTWIDTH="proportional" FONTSTYLE="bold"/>
		<TextStyle ID="Style_7" FONTSIZE="7" FONTTYPE="serif" FONTWIDTH="proportional"/>
		<TextStyle ID="Style_8" FONTSIZE="7" FONTTYPE="serif" FONTWIDTH="proportional" FONTSTYLE="bold"/>
		<TextStyle ID="Style_9" FONTSIZE="9" FONTTYPE="serif" FONTWIDTH="proportional" FONTSTYLE="bold"/>
		<TextStyle ID="Style_10" FONTSIZE="11" FONTTYPE="serif" FONTWIDTH="proportional"/>
		<TextStyle ID="Style_11" FONTSIZE="7" FONTTYPE="serif" FONTWIDTH="proportional" FONTSTYLE="bold italics"/>
		<TextStyle ID="Style_12" FONTSIZE="8" FONTTYPE="serif" FONTWIDTH="proportional" FONTSTYLE="bold italics"/>
		<TextStyle ID="Style_13" FONTSIZE="10" FONTTYPE="sans-serif" FONTWIDTH="proportional"/>
		<TextStyle ID="Style_14" FONTSIZE="7" FONTTYPE="sans-serif" FONTWIDTH="proportional"/>
	</Styles>
	<Layout>
		<Page ID="Page_1" PHYSICAL_IMG_NR="1" HEIGHT="10284" WIDTH="5968">
			<PrintSpace ID="PS_1" HPOS="0" VPOS="0" HEIGHT="10284" WIDTH="5968">
				<TextBlock ID="TB_1.1" HPOS="848" VPOS="760" WIDTH="5116" HEIGHT="9068">
					<TextLine ID="TL_1.1.1" HPOS="1012" VPOS="864" HEIGHT="152" WIDTH="2368">
						<String CONTENT="Coffey," ID="St_1.1.1.1" HPOS="1012" VPOS="864" HEIGHT="152" WIDTH="536" STYLEREFS="Style_1" WC="1" CC="0000000"/>
						<SP ID="SP_1.1.1.2" HPOS="1528" VPOS="920" WIDTH="48"/>
						<String CONTENT="Walter" ID="St_1.1.1.3" HPOS="1612" VPOS="864" HEIGHT="128" WIDTH="544" STYLEREFS="Style_1" WC="1" CC="000000"/>
						<SP ID="SP_1.1.1.4" HPOS="2116" VPOS="892" WIDTH="68"/>
						<String CONTENT="Bernard," ID="St_1.1.1.5" HPOS="2216" VPOS="864" HEIGHT="152" WIDTH="684" STYLEREFS="Style_1" WC="1" CC="00000000"/>
						<SP ID="SP_1.1.1.6" HPOS="2880" VPOS="920" WIDTH="52"/>
						<String CONTENT="1868" ID="St_1.1.1.7" HPOS="2972" VPOS="872" HEIGHT="120" WIDTH="316" STYLEREFS="Style_2" WC="1" CC="0000"/>
						<String CONTENT="&#150;" ID="St_1.1.1.8" HPOS="3296" VPOS="944" HEIGHT="12" WIDTH="84" STYLEREFS="Style_3" WC="1" CC="0"/>
					</TextLine>
					<TextLine ID="TL_1.1.2" HPOS="1180" VPOS="1052" HEIGHT="168" WIDTH="4600">
						<String CONTENT="Angina" ID="St_1.1.2.1" HPOS="1180" VPOS="1052" HEIGHT="168" WIDTH="556" STYLEREFS="Style_3" WC="1" CC="000000"/>
						<SP ID="SP_1.1.2.2" HPOS="1692" VPOS="1080" WIDTH="112"/>
						<String CONTENT="pectoris," ID="St_1.1.2.3" HPOS="1880" VPOS="1052" HEIGHT="160" WIDTH="624" STYLEREFS="Style_3" WC="1" CC="000000000"/>
						<SP ID="SP_1.1.2.4" HPOS="2488" VPOS="1104" WIDTH="80"/>
						<String CONTENT="the" ID="St_1.1.2.5" HPOS="2636" VPOS="1052" HEIGHT="124" WIDTH="228" STYLEREFS="Style_3" WC="1" CC="000"/>
						<SP ID="SP_1.1.2.6" HPOS="2824" VPOS="1076" WIDTH="108"/>
						<String CONTENT="anatomy," ID="St_1.1.2.7" HPOS="3008" VPOS="1064" HEIGHT="152" WIDTH="684" STYLEREFS="Style_3" WC="1" CC="00000000"/>
						<SP ID="SP_1.1.2.8" HPOS="3672" VPOS="1104" WIDTH="84"/>
						<String CONTENT="physiology" ID="St_1.1.2.9" HPOS="3828" VPOS="1052" HEIGHT="164" WIDTH="820" STYLEREFS="Style_3" WC="1" CC="0000000000"/>
						<SP ID="SP_1.1.2.10" HPOS="4596" VPOS="1076" WIDTH="112"/>
						<String CONTENT="and" ID="St_1.1.2.11" HPOS="4780" VPOS="1052" HEIGHT="124" WIDTH="264" STYLEREFS="Style_3" WC="1" CC="000"/>
						<SP ID="SP_1.1.2.12" HPOS="4996" VPOS="1056" WIDTH="116"/>
						<String CONTENT="surgical" ID="St_1.1.2.13" HPOS="5188" VPOS="1052" HEIGHT="164" WIDTH="592" STYLEREFS="Style_3" WC="1" CC="00000000"/>
					</TextLine>
					<TextLine ID="TL_1.1.3" HPOS="1012" VPOS="1236" HEIGHT="168" WIDTH="4768">
						<String CONTENT="trea" ID="St_1.1.3.1" HPOS="1012" VPOS="1256" HEIGHT="112" WIDTH="288" STYLEREFS="Style_3" WC="1" CC="0000"/>
						<String CONTENT="t" ID="St_1.1.3.2" HPOS="1312" VPOS="1252" HEIGHT="112" WIDTH="56" STYLEREFS="Style_4" WC="1" CC="0"/>
						<String CONTENT="ment," ID="St_1.1.3.3" HPOS="1372" VPOS="1252" HEIGHT="148" WIDTH="412" STYLEREFS="Style_4" WC="1" CC="00000"/>
						<SP ID="SP_1.1.3.4" HPOS="1768" VPOS="1288" WIDTH="60"/>
						<String CONTENT="by" ID="St_1.1.3.5" HPOS="1880" VPOS="1240" HEIGHT="164" WIDTH="176" STYLEREFS="Style_4" WC="1" CC="00"/>
						<SP ID="SP_1.1.3.6" HPOS="2004" VPOS="1264" WIDTH="92"/>
						<String CONTENT="Wal" ID="St_1.1.3.7" HPOS="2148" VPOS="1240" HEIGHT="128" WIDTH="316" STYLEREFS="Style_4" WC="1" CC="000"/>
						<String CONTENT="t" ID="St_1.1.3.8" HPOS="2476" VPOS="1252" HEIGHT="108" WIDTH="52" STYLEREFS="Style_4" WC="1" CC="0"/>
						<String CONTENT="er" ID="St_1.1.3.9" HPOS="2540" VPOS="1284" HEIGHT="76" WIDTH="140" STYLEREFS="Style_4" WC="1" CC="00"/>
						<SP ID="SP_1.1.3.10" HPOS="2640" VPOS="1264" WIDTH="84"/>
						<String CONTENT="B." ID="St_1.1.3.11" HPOS="2780" VPOS="1240" HEIGHT="120" WIDTH="152" STYLEREFS="Style_4" WC="1" CC="00"/>
						<SP ID="SP_1.1.3.12" HPOS="2916" VPOS="1292" WIDTH="64"/>
						<String CONTENT="Cof" ID="St_1.1.3.13" HPOS="3036" VPOS="1236" HEIGHT="128" WIDTH="252" STYLEREFS="Style_4" WC="1" CC="000"/>
						<String CONTENT="f" ID="St_1.1.3.14" HPOS="3292" VPOS="1236" HEIGHT="124" WIDTH="52" STYLEREFS="Style_4" WC="1" CC="0"/>
						<String CONTENT="ey" ID="St_1.1.3.15" HPOS="3352" VPOS="1284" HEIGHT="116" WIDTH="160" STYLEREFS="Style_4" WC="1" CC="00"/>
						<SP ID="SP_1.1.3.16" HPOS="3464" VPOS="1264" WIDTH="96"/>
						<String CONTENT="&#133;" ID="St_1.1.3.17" HPOS="3576" VPOS="1240" HEIGHT="144" WIDTH="76" STYLEREFS="Style_4" WC="1" CC="0"/>
						<SP ID="SP_1.1.3.18" HPOS="3732" VPOS="1324" WIDTH="68"/>
						<String CONTENT="and" ID="St_1.1.3.19" HPOS="3860" VPOS="1236" HEIGHT="124" WIDTH="264" STYLEREFS="Style_4" WC="1" CC="000"/>
						<SP ID="SP_1.1.3.20" HPOS="4076" VPOS="1240" WIDTH="92"/>
						<String CONTENT="Philip" ID="St_1.1.3.21" HPOS="4220" VPOS="1236" HEIGHT="164" WIDTH="480" STYLEREFS="Style_4" WC="1" CC="000000"/>
						<SP ID="SP_1.1.3.22" HPOS="4648" VPOS="1264" WIDTH="92"/>
						<String CONTENT="K" ID="St_1.1.3.23" HPOS="4788" VPOS="1244" HEIGHT="112" WIDTH="140" STYLEREFS="Style_4" WC="0.99" CC="4"/>
						<String CONTENT="ing" ID="St_1.1.3.24" HPOS="4940" VPOS="1236" HEIGHT="168" WIDTH="240" STYLEREFS="Style_4" WC="0.99" CC="000"/>
						<SP ID="SP_1.1.3.25" HPOS="5132" VPOS="1264" WIDTH="92"/>
						<String CONTENT="Brown" ID="St_1.1.3.26" HPOS="5276" VPOS="1244" HEIGHT="116" WIDTH="504" STYLEREFS="Style_4" WC="0.991111111111111" CC="00000"/>
					</TextLine>
					<TextLine ID="TL_1.1.4" HPOS="1096" VPOS="1420" HEIGHT="164" WIDTH="4692">
						<String CONTENT="&#133;" ID="St_1.1.4.1" HPOS="1096" VPOS="1440" HEIGHT="128" WIDTH="88" STYLEREFS="Style_4" WC="1" CC="0"/>
						<SP ID="SP_1.1.4.2" HPOS="1140" VPOS="1528" WIDTH="20"/>
						<String CONTENT="and" ID="St_1.1.4.3" HPOS="1272" VPOS="1428" HEIGHT="124" WIDTH="268" STYLEREFS="Style_4" WC="0.933333333333333" CC="000"/>
						<SP ID="SP_1.1.4.4" HPOS="1492" VPOS="1428" WIDTH="88"/>
						<String CONTENT="John" ID="St_1.1.4.5" HPOS="1632" VPOS="1420" HEIGHT="132" WIDTH="372" STYLEREFS="Style_4" WC="0.966666666666667" CC="0000"/>
						<SP ID="SP_1.1.4.6" HPOS="1956" VPOS="1448" WIDTH="88"/>
						<String CONTENT="Davis" ID="St_1.1.4.7" HPOS="2096" VPOS="1424" HEIGHT="124" WIDTH="432" STYLEREFS="Style_4" WC="0.978888888888889" CC="00000"/>
						<SP ID="SP_1.1.4.8" HPOS="2492" VPOS="1448" WIDTH="80"/>
						<String CONTENT="Humber" ID="St_1.1.4.9" HPOS="2624" VPOS="1424" HEIGHT="124" WIDTH="624" STYLEREFS="Style_4" WC="0.965555555555556" CC="400000"/>
						<SP ID="SP_1.1.4.10" HPOS="3212" VPOS="1448" WIDTH="88"/>
						<String CONTENT="&#133;" ID="St_1.1.4.11" HPOS="3360" VPOS="1444" HEIGHT="128" WIDTH="88" STYLEREFS="Style_4" WC="0.968888888888889" CC="0"/>
						<SP ID="SP_1.1.4.12" HPOS="3468" VPOS="1508" WIDTH="112"/>
						<String CONTENT="1st" ID="St_1.1.4.13" HPOS="3684" VPOS="1432" HEIGHT="116" WIDTH="200" STYLEREFS="Style_4" WC="0.972222222222222" CC="000"/>
						<SP ID="SP_1.1.4.14" HPOS="3848" VPOS="1432" WIDTH="76"/>
						<String CONTENT="ed." ID="St_1.1.4.15" HPOS="3976" VPOS="1424" HEIGHT="124" WIDTH="200" STYLEREFS="Style_4" WC="0.975555555555556" CC="000"/>
						<SP ID="SP_1.1.4.16" HPOS="4160" VPOS="1476" WIDTH="104"/>
						<String CONTENT="New" ID="St_1.1.4.17" HPOS="4360" VPOS="1424" HEIGHT="124" WIDTH="332" STYLEREFS="Style_4" WC="0.978888888888889" CC="000"/>
						<SP ID="SP_1.1.4.18" HPOS="4624" VPOS="1448" WIDTH="108"/>
						<String CONTENT="Orleans," ID="St_1.1.4.19" HPOS="4784" VPOS="1420" HEIGHT="164" WIDTH="624" STYLEREFS="Style_4" WC="0.982222222222222" CC="00000000"/>
						<SP ID="SP_1.1.4.20" HPOS="5388" VPOS="1476" WIDTH="64"/>
						<String CONTENT="La.," ID="St_1.1.4.21" HPOS="5504" VPOS="1420" HEIGHT="164" WIDTH="284" STYLEREFS="Style_4" WC="0.984444444444444" CC="0000"/>
					</TextLine>
					<TextLine ID="TL_1.1.5" HPOS="1020" VPOS="1608" HEIGHT="160" WIDTH="1640">
						<String CONTENT="A." ID="St_1.1.5.1" HPOS="1020" VPOS="1612" HEIGHT="124" WIDTH="160" STYLEREFS="Style_4" WC="1" CC="00"/>
						<SP ID="SP_1.1.5.2" HPOS="1164" VPOS="1664" WIDTH="44"/>
						<String CONTENT="J." ID="St_1.1.5.3" HPOS="1244" VPOS="1612" HEIGHT="128" WIDTH="132" STYLEREFS="Style_4" WC="1" CC="00"/>
						<SP ID="SP_1.1.5.4" HPOS="1360" VPOS="1664" WIDTH="44"/>
						<String CONTENT="Dickerson," ID="St_1.1.5.5" HPOS="1444" VPOS="1608" HEIGHT="160" WIDTH="796" STYLEREFS="Style_4" WC="1" CC="0000000000"/>
						<SP ID="SP_1.1.5.6" HPOS="2220" VPOS="1664" WIDTH="48"/>
						<String CONTENT="1927." ID="St_1.1.5.7" HPOS="2304" VPOS="1608" HEIGHT="128" WIDTH="356" STYLEREFS="Style_4" WC="1" CC="00000"/>
					</TextLine>
					<TextLine ID="TL_1.1.6" HPOS="1184" VPOS="1800" HEIGHT="124" WIDTH="4752">
						<String CONTENT="3" ID="St_1.1.6.1" HPOS="1184" VPOS="1808" HEIGHT="92" WIDTH="64" STYLEREFS="Style_5" WC="1" CC="0"/>
						<SP ID="SP_1.1.6.2" HPOS="1212" VPOS="1800" WIDTH="68"/>
						<String CONTENT="p." ID="St_1.1.6.3" HPOS="1316" VPOS="1832" HEIGHT="92" WIDTH="112" STYLEREFS="Style_5" WC="1" CC="00"/>
						<SP ID="SP_1.1.6.4" HPOS="1412" VPOS="1840" WIDTH="44"/>
						<String CONTENT="l" ID="St_1.1.6.5" HPOS="1488" VPOS="1800" HEIGHT="92" WIDTH="40" STYLEREFS="Style_5" WC="1" CC="0"/>
						<String CONTENT=".," ID="St_1.1.6.6" HPOS="1544" VPOS="1880" HEIGHT="40" WIDTH="52" STYLEREFS="Style_5" WC="1" CC="00"/>
						<SP ID="SP_1.1.6.7" HPOS="1580" VPOS="1836" WIDTH="52"/>
						<String CONTENT="i" ID="St_1.1.6.8" HPOS="1672" VPOS="1804" HEIGHT="92" WIDTH="32" STYLEREFS="Style_5" WC="1" CC="0"/>
						<String CONTENT="x" ID="St_1.1.6.9" HPOS="1716" VPOS="1812" HEIGHT="80" WIDTH="72" STYLEREFS="Style_5" WC="0.948888888888889" CC="5"/>
						<String CONTENT="-xv," ID="St_1.1.6.10" HPOS="1800" VPOS="1832" HEIGHT="88" WIDTH="252" STYLEREFS="Style_5" WC="0.962222222222222" CC="0000"/>
						<SP ID="SP_1.1.6.11" HPOS="2036" VPOS="1836" WIDTH="48"/>
						<String CONTENT="393" ID="St_1.1.6.12" HPOS="2128" VPOS="1804" HEIGHT="96" WIDTH="204" STYLEREFS="Style_5" WC="0.97" CC="000"/>
						<SP ID="SP_1.1.6.13" HPOS="2296" VPOS="1800" WIDTH="64"/>
						<String CONTENT="p.," ID="St_1.1.6.14" HPOS="2396" VPOS="1828" HEIGHT="92" WIDTH="140" STYLEREFS="Style_5" WC="0.975555555555556" CC="000"/>
						<SP ID="SP_1.1.6.15" HPOS="2520" VPOS="1836" WIDTH="44"/>
						<String CONTENT="1" ID="St_1.1.6.16" HPOS="2600" VPOS="1808" HEIGHT="88" WIDTH="60" STYLEREFS="Style_5" WC="0.977777777777778" CC="0"/>
						<SP ID="SP_1.1.6.17" HPOS="2624" VPOS="1800" WIDTH="68"/>
						<String CONTENT="l" ID="St_1.1.6.18" HPOS="2732" VPOS="1808" HEIGHT="92" WIDTH="36" STYLEREFS="Style_5" WC="0.978888888888889" CC="0"/>
						<String CONTENT="." ID="St_1.1.6.19" HPOS="2780" VPOS="1840" HEIGHT="52" WIDTH="20" STYLEREFS="Style_5" WC="0.963333333333333" CC="4"/>
						<SP ID="SP_1.1.6.20" HPOS="2792" VPOS="1840" WIDTH="44"/>
						<String CONTENT="in" ID="St_1.1.6.21" HPOS="2876" VPOS="1804" HEIGHT="96" WIDTH="112" STYLEREFS="Style_6" WC="0.942222222222222" CC="33"/>
						<String CONTENT="cl" ID="St_1.1.6.22" HPOS="3004" VPOS="1808" HEIGHT="92" WIDTH="100" STYLEREFS="Style_6" WC="0.932222222222222" CC="13"/>
						<String CONTENT="." ID="St_1.1.6.23" HPOS="3120" VPOS="1884" HEIGHT="16" WIDTH="16" STYLEREFS="Style_6" WC="0.934444444444444" CC="0"/>
						<SP ID="SP_1.1.6.24" HPOS="3124" VPOS="1840" WIDTH="48"/>
						<String CONTENT="illus.," ID="St_1.1.6.25" HPOS="3212" VPOS="1804" HEIGHT="116" WIDTH="340" STYLEREFS="Style_6" WC="0.946666666666667" CC="0000000"/>
						<SP ID="SP_1.1.6.26" HPOS="3536" VPOS="1836" WIDTH="48"/>
						<String CONTENT="plates," ID="St_1.1.6.27" HPOS="3628" VPOS="1804" HEIGHT="116" WIDTH="404" STYLEREFS="Style_6" WC="0.955555555555556" CC="0000000"/>
						<SP ID="SP_1.1.6.28" HPOS="4016" VPOS="1836" WIDTH="52"/>
						<String CONTENT="facsim.," ID="St_1.1.6.29" HPOS="4108" VPOS="1804" HEIGHT="116" WIDTH="488" STYLEREFS="Style_6" WC="0.962222222222222" CC="00000000"/>
						<SP ID="SP_1.1.6.30" HPOS="4580" VPOS="1836" WIDTH="48"/>
						<String CONTENT="diagrs." ID="St_1.1.6.31" HPOS="4668" VPOS="1800" HEIGHT="116" WIDTH="428" STYLEREFS="Style_6" WC="0.966666666666667" CC="0000000"/>
						<SP ID="SP_1.1.6.32" HPOS="5080" VPOS="1836" WIDTH="80"/>
						<String CONTENT="26&#189;&#x0368;&#x036b;." ID="St_1.1.6.33" HPOS="5236" VPOS="1804" HEIGHT="108" WIDTH="700" STYLEREFS="Style_6" WC="0.967777777777778" CC="000001"/>
					</TextLine>
					<TextLine ID="TL_1.1.7" HPOS="1188" VPOS="1972" HEIGHT="116" WIDTH="1648">
						<String CONTENT="Bibliography:" ID="St_1.1.7.1" HPOS="1188" VPOS="1972" HEIGHT="116" WIDTH="900" STYLEREFS="Style_6" WC="1" CC="0000000000000"/>
						<SP ID="SP_1.1.7.2" HPOS="2072" VPOS="1988" WIDTH="44"/>
						<String CONTENT="p." ID="St_1.1.7.3" HPOS="2152" VPOS="1996" HEIGHT="92" WIDTH="100" STYLEREFS="Style_6" WC="1" CC="00"/>
						<SP ID="SP_1.1.7.4" HPOS="2240" VPOS="2012" WIDTH="40"/>
						<String CONTENT="363-384." ID="St_1.1.7.5" HPOS="2312" VPOS="1972" HEIGHT="100" WIDTH="524" STYLEREFS="Style_6" WC="1" CC="00000000"/>
					</TextLine>
					<TextLine ID="TL_1.1.8" HPOS="1024" VPOS="2076" HEIGHT="180" WIDTH="4764">
						<String CONTENT="&#169;" ID="St_1.1.8.1" HPOS="1024" VPOS="2076" HEIGHT="152" WIDTH="120" STYLEREFS="Style_6" WC="1" CC="0"/>
						<SP ID="SP_1.1.8.2" HPOS="1084" VPOS="2092" WIDTH="100"/>
						<String CONTENT="J" ID="St_1.1.8.3" HPOS="1224" VPOS="2148" HEIGHT="88" WIDTH="68" STYLEREFS="Style_7" WC="0.851111111111111" CC="0"/>
						<String CONTENT="u" ID="St_1.1.8.4" HPOS="1308" VPOS="2168" HEIGHT="68" WIDTH="68" STYLEREFS="Style_7" WC="0.888888888888889" CC="0"/>
						<String CONTENT="ly" ID="St_1.1.8.5" HPOS="1388" VPOS="2148" HEIGHT="108" WIDTH="112" STYLEREFS="Style_7" WC="0.925555555555556" CC="00"/>
						<SP ID="SP_1.1.8.6" HPOS="1464" VPOS="2152" WIDTH="72"/>
						<String CONTENT="16" ID="St_1.1.8.7" HPOS="1576" VPOS="2140" HEIGHT="92" WIDTH="128" STYLEREFS="Style_7" WC="0.875555555555556" CC="33"/>
						<String CONTENT="," ID="St_1.1.8.8" HPOS="1720" VPOS="2216" HEIGHT="40" WIDTH="20" STYLEREFS="Style_7" WC="0.888888888888889" CC="0"/>
						<SP ID="SP_1.1.8.9" HPOS="1724" VPOS="2176" WIDTH="52"/>
						<String CONTENT="1" ID="St_1.1.8.10" HPOS="1816" VPOS="2148" HEIGHT="88" WIDTH="56" STYLEREFS="Style_7" WC="0.906666666666667" CC="0"/>
						<String CONTENT="9" ID="St_1.1.8.11" HPOS="1888" VPOS="2140" HEIGHT="88" WIDTH="64" STYLEREFS="Style_7" WC="0.871111111111111" CC="5"/>
						<String CONTENT="27;" ID="St_1.1.8.12" HPOS="1956" VPOS="2144" HEIGHT="104" WIDTH="196" STYLEREFS="Style_7" WC="0.895555555555556" CC="000"/>
						<SP ID="SP_1.1.8.13" HPOS="2140" VPOS="2152" WIDTH="48"/>
						<String CONTENT="2" ID="St_1.1.8.14" HPOS="2228" VPOS="2140" HEIGHT="96" WIDTH="72" STYLEREFS="Style_7" WC="0.906666666666667" CC="0"/>
						<String CONTENT="c" ID="St_1.1.8.15" HPOS="2300" VPOS="2152" HEIGHT="80" WIDTH="56" STYLEREFS="Style_7" WC="0.888888888888889" CC="4"/>
						<String CONTENT="." ID="St_1.1.8.16" HPOS="2372" VPOS="2216" HEIGHT="20" WIDTH="20" STYLEREFS="Style_7" WC="0.894444444444444" CC="0"/>
						<SP ID="SP_1.1.8.17" HPOS="2376" VPOS="2176" WIDTH="52"/>
						<String CONTENT="and" ID="St_1.1.8.18" HPOS="2468" VPOS="2140" HEIGHT="96" WIDTH="224" STYLEREFS="Style_7" WC="0.911111111111111" CC="000"/>
						<SP ID="SP_1.1.8.19" HPOS="2656" VPOS="2140" WIDTH="76"/>
						<String CONTENT="a" ID="St_1.1.8.20" HPOS="2772" VPOS="2168" HEIGHT="68" WIDTH="56" STYLEREFS="Style_7" WC="0.917777777777778" CC="0"/>
						<String CONTENT="ff." ID="St_1.1.8.21" HPOS="2848" VPOS="2140" HEIGHT="100" WIDTH="120" STYLEREFS="Style_7" WC="0.926666666666667" CC="000"/>
						<SP ID="SP_1.1.8.22" HPOS="2952" VPOS="2180" WIDTH="48"/>
						<String CONTENT="Aug." ID="St_1.1.8.23" HPOS="3036" VPOS="2140" HEIGHT="112" WIDTH="288" STYLEREFS="Style_7" WC="0.937777777777778" CC="0000"/>
						<SP ID="SP_1.1.8.24" HPOS="3312" VPOS="2180" WIDTH="56"/>
						<String CONTENT="15" ID="St_1.1.8.25" HPOS="3408" VPOS="2144" HEIGHT="88" WIDTH="128" STYLEREFS="Style_7" WC="0.942222222222222" CC="00"/>
						<String CONTENT=";" ID="St_1.1.8.26" HPOS="3576" VPOS="2164" HEIGHT="88" WIDTH="24" STYLEREFS="Style_7" WC="0.944444444444444" CC="0"/>
						<SP ID="SP_1.1.8.27" HPOS="3584" VPOS="2152" WIDTH="56"/>
						<String CONTENT="A" ID="St_1.1.8.28" HPOS="3684" VPOS="2140" HEIGHT="96" WIDTH="96" STYLEREFS="Style_7" WC="0.946666666666667" CC="0"/>
						<SP ID="SP_1.1.8.29" HPOS="3728" VPOS="2140" WIDTH="84"/>
						<String CONTENT="999" ID="St_1.1.8.30" HPOS="3852" VPOS="2140" HEIGHT="92" WIDTH="200" STYLEREFS="Style_7" WC="0.951111111111111" CC="000"/>
						<String CONTENT="34" ID="St_1.1.8.31" HPOS="4060" VPOS="2144" HEIGHT="92" WIDTH="132" STYLEREFS="Style_7" WC="0.953333333333333" CC="00"/>
						<String CONTENT="8" ID="St_1.1.8.32" HPOS="4204" VPOS="2144" HEIGHT="88" WIDTH="60" STYLEREFS="Style_7" WC="0.954444444444444" CC="0"/>
						<String CONTENT=";" ID="St_1.1.8.33" HPOS="4308" VPOS="2168" HEIGHT="84" WIDTH="20" STYLEREFS="Style_7" WC="0.955555555555556" CC="0"/>
						<SP ID="SP_1.1.8.34" HPOS="4312" VPOS="2152" WIDTH="56"/>
						<String CONTENT="J" ID="St_1.1.8.35" HPOS="4412" VPOS="2140" HEIGHT="96" WIDTH="68" STYLEREFS="Style_7" WC="0.957777777777778" CC="0"/>
						<String CONTENT="o" ID="St_1.1.8.36" HPOS="4492" VPOS="2168" HEIGHT="68" WIDTH="60" STYLEREFS="Style_7" WC="0.957777777777778" CC="0"/>
						<String CONTENT="hn" ID="St_1.1.8.37" HPOS="4564" VPOS="2140" HEIGHT="96" WIDTH="156" STYLEREFS="Style_7" WC="0.96" CC="00"/>
						<SP ID="SP_1.1.8.38" HPOS="4680" VPOS="2152" WIDTH="76"/>
						<String CONTENT="D" ID="St_1.1.8.39" HPOS="4796" VPOS="2144" HEIGHT="88" WIDTH="100" STYLEREFS="Style_8" WC="0.961111111111111" CC="0"/>
						<String CONTENT="a" ID="St_1.1.8.40" HPOS="4908" VPOS="2164" HEIGHT="72" WIDTH="56" STYLEREFS="Style_8" WC="0.962222222222222" CC="0"/>
						<String CONTENT="vis" ID="St_1.1.8.41" HPOS="4984" VPOS="2140" HEIGHT="96" WIDTH="180" STYLEREFS="Style_8" WC="0.963333333333333" CC="000"/>
						<SP ID="SP_1.1.8.42" HPOS="5132" VPOS="2156" WIDTH="64"/>
						<String CONTENT="Humber," ID="St_1.1.8.43" HPOS="5236" VPOS="2140" HEIGHT="112" WIDTH="552" STYLEREFS="Style_8" WC="0.961111111111111" CC="4000000"/>
					</TextLine>
					<TextLine ID="TL_1.1.9" HPOS="1192" VPOS="2272" HEIGHT="120" WIDTH="4400">
						<String CONTENT="San" ID="St_1.1.9.1" HPOS="1192" VPOS="2280" HEIGHT="96" WIDTH="228" STYLEREFS="Style_8" WC="1" CC="000"/>
						<SP ID="SP_1.1.9.2" HPOS="1380" VPOS="2304" WIDTH="80"/>
						<String CONTENT="Francisco." ID="St_1.1.9.3" HPOS="1500" VPOS="2280" HEIGHT="96" WIDTH="656" STYLEREFS="Style_8" WC="1" CC="0000000000"/>
						<SP ID="SP_1.1.9.4" HPOS="2144" VPOS="2328" WIDTH="96"/>
						<String CONTENT="(27-175" ID="St_1.1.9.5" HPOS="2324" VPOS="2280" HEIGHT="112" WIDTH="468" STYLEREFS="Style_8" WC="1" CC="0000000"/>
						<String CONTENT="6" ID="St_1.1.9.6" HPOS="2804" VPOS="2280" HEIGHT="92" WIDTH="68" STYLEREFS="Style_8" WC="0.98" CC="4"/>
						<String CONTENT="0)" ID="St_1.1.9.7" HPOS="2876" VPOS="2276" HEIGHT="112" WIDTH="120" STYLEREFS="Style_8" WC="0.982222222222222" CC="00"/>
						<SP ID="SP_1.1.9.8" HPOS="2976" VPOS="2284" WIDTH="2332"/>
						<String CONTENT="6693" ID="St_1.1.9.9" HPOS="5308" VPOS="2272" HEIGHT="100" WIDTH="284" STYLEREFS="Style_8" WC="0.773333333333333" CC="0000"/>
					</TextLine>
					<TextLine ID="TL_1.1.10" HPOS="1024" VPOS="2536" HEIGHT="152" WIDTH="3156">
						<String CONTENT="Culbreth," ID="St_1.1.10.1" HPOS="1024" VPOS="2536" HEIGHT="152" WIDTH="724" STYLEREFS="Style_8" WC="0.925555555555556" CC="114000000"/>
						<SP ID="SP_1.1.10.2" HPOS="1728" VPOS="2588" WIDTH="52"/>
						<String CONTENT="David" ID="St_1.1.10.3" HPOS="1816" VPOS="2536" HEIGHT="128" WIDTH="456" STYLEREFS="Style_8" WC="0.955555555555556" CC="00000"/>
						<SP ID="SP_1.1.10.4" HPOS="2228" VPOS="2540" WIDTH="72"/>
						<String CONTENT="Marvel" ID="St_1.1.10.5" HPOS="2336" VPOS="2536" HEIGHT="128" WIDTH="540" STYLEREFS="Style_8" WC="0.968888888888889" CC="000000"/>
						<SP ID="SP_1.1.10.6" HPOS="2852" VPOS="2540" WIDTH="56"/>
						<String CONTENT="Reynolds," ID="St_1.1.10.7" HPOS="2944" VPOS="2536" HEIGHT="152" WIDTH="752" STYLEREFS="Style_8" WC="0.978888888888889" CC="000000000"/>
						<SP ID="SP_1.1.10.8" HPOS="3676" VPOS="2588" WIDTH="56"/>
						<String CONTENT="1856" ID="St_1.1.10.9" HPOS="3776" VPOS="2544" HEIGHT="116" WIDTH="312" STYLEREFS="Style_8" WC="0.981111111111111" CC="0000"/>
						<String CONTENT="&#150;" ID="St_1.1.10.10" HPOS="4096" VPOS="2612" HEIGHT="16" WIDTH="84" STYLEREFS="Style_8" WC="0.982222222222222" CC="0"/>
					</TextLine>
					<TextLine ID="TL_1.1.11" HPOS="1188" VPOS="2720" HEIGHT="168" WIDTH="4600">
						<String CONTENT="A" ID="St_1.1.11.1" HPOS="1188" VPOS="2724" HEIGHT="124" WIDTH="132" STYLEREFS="Style_8" WC="1" CC="0"/>
						<SP ID="SP_1.1.11.2" HPOS="1252" VPOS="2728" WIDTH="112"/>
						<String CONTENT="manual" ID="St_1.1.11.3" HPOS="1408" VPOS="2728" HEIGHT="120" WIDTH="556" STYLEREFS="Style_8" WC="1" CC="000000"/>
						<SP ID="SP_1.1.11.4" HPOS="1940" VPOS="2728" WIDTH="68"/>
						<String CONTENT="of" ID="St_1.1.11.5" HPOS="2056" VPOS="2720" HEIGHT="128" WIDTH="156" STYLEREFS="Style_8" WC="1" CC="00"/>
						<SP ID="SP_1.1.11.6" HPOS="2176" VPOS="2724" WIDTH="76"/>
						<String CONTENT="materia" ID="St_1.1.11.7" HPOS="2296" VPOS="2728" HEIGHT="120" WIDTH="580" STYLEREFS="Style_8" WC="0.97" CC="5000000"/>
						<SP ID="SP_1.1.11.8" HPOS="2836" VPOS="2748" WIDTH="80"/>
						<String CONTENT="medica" ID="St_1.1.11.9" HPOS="2964" VPOS="2724" HEIGHT="128" WIDTH="524" STYLEREFS="Style_8" WC="0.977777777777778" CC="000000"/>
						<SP ID="SP_1.1.11.10" HPOS="3444" VPOS="2748" WIDTH="84"/>
						<String CONTENT="and" ID="St_1.1.11.11" HPOS="3576" VPOS="2728" HEIGHT="124" WIDTH="268" STYLEREFS="Style_8" WC="0.981111111111111" CC="000"/>
						<SP ID="SP_1.1.11.12" HPOS="3800" VPOS="2728" WIDTH="88"/>
						<String CONTENT="pharmacology," ID="St_1.1.11.13" HPOS="3940" VPOS="2724" HEIGHT="164" WIDTH="1108" STYLEREFS="Style_8" WC="0.986666666666667" CC="0000000000000"/>
						<SP ID="SP_1.1.11.14" HPOS="5032" VPOS="2776" WIDTH="64"/>
						<String CONTENT="compris-" ID="St_1.1.11.15" HPOS="5148" VPOS="2724" HEIGHT="164" WIDTH="640" STYLEREFS="Style_8" WC="0.988888888888889" CC="00000000"/>
					</TextLine>
					<TextLine ID="TL_1.1.12" HPOS="1028" VPOS="2908" HEIGHT="164" WIDTH="4768">
						<String CONTENT="ingthe" ID="St_1.1.12.1" HPOS="1028" VPOS="2912" HEIGHT="160" WIDTH="544" STYLEREFS="Style_8" WC="1" CC="000000"/>
						<SP ID="SP_1.1.12.2" HPOS="1536" VPOS="2936" WIDTH="76"/>
						<String CONTENT="organic" ID="St_1.1.12.3" HPOS="1656" VPOS="2908" HEIGHT="164" WIDTH="560" STYLEREFS="Style_8" WC="1" CC="0000000"/>
						<SP ID="SP_1.1.12.4" HPOS="2176" VPOS="2936" WIDTH="76"/>
						<String CONTENT="and" ID="St_1.1.12.5" HPOS="2300" VPOS="2912" HEIGHT="124" WIDTH="268" STYLEREFS="Style_8" WC="1" CC="000"/>
						<SP ID="SP_1.1.12.6" HPOS="2524" VPOS="2916" WIDTH="84"/>
						<String CONTENT="inorganic" ID="St_1.1.12.7" HPOS="2656" VPOS="2908" HEIGHT="164" WIDTH="712" STYLEREFS="Style_8" WC="1" CC="000000000"/>
						<SP ID="SP_1.1.12.8" HPOS="3328" VPOS="2936" WIDTH="80"/>
						<String CONTENT="drugs" ID="St_1.1.12.9" HPOS="3456" VPOS="2912" HEIGHT="160" WIDTH="420" STYLEREFS="Style_8" WC="1" CC="00000"/>
						<SP ID="SP_1.1.12.10" HPOS="3844" VPOS="2936" WIDTH="72"/>
						<String CONTENT="which" ID="St_1.1.12.11" HPOS="3960" VPOS="2912" HEIGHT="124" WIDTH="444" STYLEREFS="Style_8" WC="1" CC="00000"/>
						<SP ID="SP_1.1.12.12" HPOS="4352" VPOS="2916" WIDTH="92"/>
						<String CONTENT="are" ID="St_1.1.12.13" HPOS="4492" VPOS="2956" HEIGHT="80" WIDTH="228" STYLEREFS="Style_8" WC="1" CC="000"/>
						<SP ID="SP_1.1.12.14" HPOS="4684" VPOS="2940" WIDTH="76"/>
						<String CONTENT="or" ID="St_1.1.12.15" HPOS="4804" VPOS="2956" HEIGHT="80" WIDTH="148" STYLEREFS="Style_8" WC="1" CC="00"/>
						<SP ID="SP_1.1.12.16" HPOS="4916" VPOS="2940" WIDTH="76"/>
						<String CONTENT="have" ID="St_1.1.12.17" HPOS="5036" VPOS="2912" HEIGHT="124" WIDTH="344" STYLEREFS="Style_8" WC="1" CC="0000"/>
						<SP ID="SP_1.1.12.18" HPOS="5340" VPOS="2940" WIDTH="80"/>
						<String CONTENT="been" ID="St_1.1.12.19" HPOS="5464" VPOS="2912" HEIGHT="124" WIDTH="332" STYLEREFS="Style_8" WC="1" CC="0000"/>
					</TextLine>
					<TextLine ID="TL_1.1.13" HPOS="1028" VPOS="3092" HEIGHT="168" WIDTH="4768">
						<String CONTENT="recognized" ID="St_1.1.13.1" HPOS="1028" VPOS="3096" HEIGHT="164" WIDTH="788" STYLEREFS="Style_8" WC="1" CC="0000000000"/>
						<SP ID="SP_1.1.13.2" HPOS="1772" VPOS="3092" WIDTH="84"/>
						<String CONTENT="by" ID="St_1.1.13.3" HPOS="1900" VPOS="3096" HEIGHT="164" WIDTH="184" STYLEREFS="Style_8" WC="1" CC="00"/>
						<SP ID="SP_1.1.13.4" HPOS="2036" VPOS="3116" WIDTH="84"/>
						<String CONTENT="the" ID="St_1.1.13.5" HPOS="2160" VPOS="3096" HEIGHT="128" WIDTH="228" STYLEREFS="Style_8" WC="1" CC="000"/>
						<SP ID="SP_1.1.13.6" HPOS="2352" VPOS="3116" WIDTH="76"/>
						<String CONTENT="United" ID="St_1.1.13.7" HPOS="2476" VPOS="3096" HEIGHT="128" WIDTH="520" STYLEREFS="Style_8" WC="1" CC="000000"/>
						<SP ID="SP_1.1.13.8" HPOS="2948" VPOS="3092" WIDTH="92"/>
						<String CONTENT="States" ID="St_1.1.13.9" HPOS="3092" VPOS="3092" HEIGHT="132" WIDTH="452" STYLEREFS="Style_8" WC="1" CC="000000"/>
						<SP ID="SP_1.1.13.10" HPOS="3512" VPOS="3116" WIDTH="72"/>
						<String CONTENT="pharmacop&#156;ia" ID="St_1.1.13.11" HPOS="3636" VPOS="3096" HEIGHT="164" WIDTH="1092" STYLEREFS="Style_8" WC="1" CC="000000000000"/>
						<SP ID="SP_1.1.13.12" HPOS="4684" VPOS="3116" WIDTH="88"/>
						<String CONTENT="and" ID="St_1.1.13.13" HPOS="4820" VPOS="3096" HEIGHT="128" WIDTH="272" STYLEREFS="Style_8" WC="1" CC="000"/>
						<SP ID="SP_1.1.13.14" HPOS="5044" VPOS="3092" WIDTH="88"/>
						<String CONTENT="national" ID="St_1.1.13.15" HPOS="5180" VPOS="3096" HEIGHT="128" WIDTH="616" STYLEREFS="Style_8" WC="1" CC="00000000"/>
					</TextLine>
					<TextLine ID="TL_1.1.14" HPOS="1032" VPOS="3280" HEIGHT="164" WIDTH="4764">
						<String CONTENT="formulary," ID="St_1.1.14.1" HPOS="1032" VPOS="3280" HEIGHT="164" WIDTH="808" STYLEREFS="Style_8" WC="1" CC="0000000000"/>
						<SP ID="SP_1.1.14.2" HPOS="1824" VPOS="3332" WIDTH="56"/>
						<String CONTENT="together" ID="St_1.1.14.3" HPOS="1928" VPOS="3284" HEIGHT="160" WIDTH="624" STYLEREFS="Style_8" WC="1" CC="00000000"/>
						<SP ID="SP_1.1.14.4" HPOS="2516" VPOS="3308" WIDTH="76"/>
						<String CONTENT="with" ID="St_1.1.14.5" HPOS="2636" VPOS="3284" HEIGHT="124" WIDTH="340" STYLEREFS="Style_8" WC="1" CC="0000"/>
						<SP ID="SP_1.1.14.6" HPOS="2924" VPOS="3284" WIDTH="88"/>
						<String CONTENT="important" ID="St_1.1.14.7" HPOS="3056" VPOS="3284" HEIGHT="160" WIDTH="760" STYLEREFS="Style_8" WC="1" CC="000000000"/>
						<SP ID="SP_1.1.14.8" HPOS="3780" VPOS="3292" WIDTH="72"/>
						<String CONTENT="allied" ID="St_1.1.14.9" HPOS="3896" VPOS="3280" HEIGHT="128" WIDTH="412" STYLEREFS="Style_8" WC="1" CC="000000"/>
						<SP ID="SP_1.1.14.10" HPOS="4260" VPOS="3288" WIDTH="88"/>
						<String CONTENT="species" ID="St_1.1.14.11" HPOS="4396" VPOS="3280" HEIGHT="164" WIDTH="504" STYLEREFS="Style_8" WC="1" CC="0000000"/>
						<SP ID="SP_1.1.14.12" HPOS="4864" VPOS="3308" WIDTH="76"/>
						<String CONTENT="and" ID="St_1.1.14.13" HPOS="4988" VPOS="3284" HEIGHT="124" WIDTH="264" STYLEREFS="Style_9" WC="1" CC="000"/>
						<SP ID="SP_1.1.14.14" HPOS="5204" VPOS="3288" WIDTH="88"/>
						<String CONTENT="useful" ID="St_1.1.14.15" HPOS="5344" VPOS="3280" HEIGHT="128" WIDTH="452" STYLEREFS="Style_9" WC="1" CC="000000"/>
					</TextLine>
					<TextLine ID="TL_1.1.15" HPOS="1024" VPOS="3464" HEIGHT="168" WIDTH="4772">
						<String CONTENT="synthetics," ID="St_1.1.15.1" HPOS="1024" VPOS="3468" HEIGHT="164" WIDTH="788" STYLEREFS="Style_9" WC="1" CC="00000000000"/>
						<SP ID="SP_1.1.15.2" HPOS="1796" VPOS="3520" WIDTH="56"/>
						<String CONTENT="especially" ID="St_1.1.15.3" HPOS="1900" VPOS="3468" HEIGHT="164" WIDTH="728" STYLEREFS="Style_9" WC="1" CC="0000000000"/>
						<SP ID="SP_1.1.15.4" HPOS="2580" VPOS="3492" WIDTH="84"/>
						<String CONTENT="designed" ID="St_1.1.15.5" HPOS="2708" VPOS="3468" HEIGHT="164" WIDTH="648" STYLEREFS="Style_9" WC="1" CC="00000000"/>
						<SP ID="SP_1.1.15.6" HPOS="3312" VPOS="3468" WIDTH="84"/>
						<String CONTENT="for" ID="St_1.1.15.7" HPOS="3444" VPOS="3464" HEIGHT="128" WIDTH="228" STYLEREFS="Style_9" WC="1" CC="000"/>
						<SP ID="SP_1.1.15.8" HPOS="3632" VPOS="3496" WIDTH="80"/>
						<String CONTENT="students" ID="St_1.1.15.9" HPOS="3756" VPOS="3468" HEIGHT="128" WIDTH="616" STYLEREFS="Style_9" WC="1" CC="00000000"/>
						<SP ID="SP_1.1.15.10" HPOS="4336" VPOS="3492" WIDTH="76"/>
						<String CONTENT="of" ID="St_1.1.15.11" HPOS="4456" VPOS="3464" HEIGHT="128" WIDTH="152" STYLEREFS="Style_9" WC="1" CC="00"/>
						<SP ID="SP_1.1.15.12" HPOS="4572" VPOS="3468" WIDTH="76"/>
						<String CONTENT="pharmacy" ID="St_1.1.15.13" HPOS="4696" VPOS="3468" HEIGHT="164" WIDTH="748" STYLEREFS="Style_9" WC="1" CC="00000000"/>
						<SP ID="SP_1.1.15.14" HPOS="5392" VPOS="3492" WIDTH="88"/>
						<String CONTENT="and" ID="St_1.1.15.15" HPOS="5524" VPOS="3468" HEIGHT="128" WIDTH="272" STYLEREFS="Style_9" WC="1" CC="000"/>
					</TextLine>
					<TextLine ID="TL_1.1.16" HPOS="1028" VPOS="3652" HEIGHT="164" WIDTH="4768">
						<String CONTENT="medicine," ID="St_1.1.16.1" HPOS="1028" VPOS="3656" HEIGHT="160" WIDTH="700" STYLEREFS="Style_9" WC="1" CC="000000000"/>
						<SP ID="SP_1.1.16.2" HPOS="1712" VPOS="3704" WIDTH="68"/>
						<String CONTENT="as" ID="St_1.1.16.3" HPOS="1832" VPOS="3696" HEIGHT="84" WIDTH="144" STYLEREFS="Style_9" WC="1" CC="00"/>
						<SP ID="SP_1.1.16.4" HPOS="1944" VPOS="3680" WIDTH="80"/>
						<String CONTENT="well" ID="St_1.1.16.5" HPOS="2080" VPOS="3656" HEIGHT="124" WIDTH="296" STYLEREFS="Style_9" WC="1" CC="0000"/>
						<SP ID="SP_1.1.16.6" HPOS="2348" VPOS="3660" WIDTH="76"/>
						<String CONTENT="as" ID="St_1.1.16.7" HPOS="2480" VPOS="3696" HEIGHT="84" WIDTH="144" STYLEREFS="Style_9" WC="1" CC="00"/>
						<SP ID="SP_1.1.16.8" HPOS="2592" VPOS="3680" WIDTH="84"/>
						<String CONTENT="for" ID="St_1.1.16.9" HPOS="2732" VPOS="3652" HEIGHT="128" WIDTH="224" STYLEREFS="Style_9" WC="1" CC="000"/>
						<SP ID="SP_1.1.16.10" HPOS="2920" VPOS="3680" WIDTH="84"/>
						<String CONTENT="druggists," ID="St_1.1.16.11" HPOS="3056" VPOS="3652" HEIGHT="164" WIDTH="748" STYLEREFS="Style_9" WC="1" CC="0000000000"/>
						<SP ID="SP_1.1.16.12" HPOS="3784" VPOS="3708" WIDTH="64"/>
						<String CONTENT="pharmacists," ID="St_1.1.16.13" HPOS="3904" VPOS="3656" HEIGHT="160" WIDTH="948" STYLEREFS="Style_9" WC="1" CC="000000000000"/>
						<SP ID="SP_1.1.16.14" HPOS="4832" VPOS="3708" WIDTH="72"/>
						<String CONTENT="and" ID="St_1.1.16.15" HPOS="4960" VPOS="3656" HEIGHT="124" WIDTH="264" STYLEREFS="Style_9" WC="1" CC="000"/>
						<SP ID="SP_1.1.16.16" HPOS="5176" VPOS="3660" WIDTH="100"/>
						<String CONTENT="physi-" ID="St_1.1.16.17" HPOS="5336" VPOS="3656" HEIGHT="160" WIDTH="460" STYLEREFS="Style_9" WC="1" CC="000000"/>
					</TextLine>
					<TextLine ID="TL_1.1.17" HPOS="1028" VPOS="3836" HEIGHT="168" WIDTH="4764">
						<String CONTENT="c" ID="St_1.1.17.1" HPOS="1028" VPOS="3884" HEIGHT="80" WIDTH="68" STYLEREFS="Style_9" WC="1" CC="0"/>
						<String CONTENT="i" ID="St_1.1.17.2" HPOS="1100" VPOS="3840" HEIGHT="124" WIDTH="40" STYLEREFS="Style_9" WC="1" CC="0"/>
						<String CONTENT="ans," ID="St_1.1.17.3" HPOS="1160" VPOS="3884" HEIGHT="116" WIDTH="280" STYLEREFS="Style_9" WC="1" CC="0000"/>
						<SP ID="SP_1.1.17.4" HPOS="1424" VPOS="3888" WIDTH="56"/>
						<String CONTENT="by" ID="St_1.1.17.5" HPOS="1520" VPOS="3840" HEIGHT="160" WIDTH="176" STYLEREFS="Style_9" WC="1" CC="00"/>
						<SP ID="SP_1.1.17.6" HPOS="1648" VPOS="3860" WIDTH="88"/>
						<String CONTENT="David" ID="St_1.1.17.7" HPOS="1780" VPOS="3840" HEIGHT="124" WIDTH="456" STYLEREFS="Style_9" WC="1" CC="00000"/>
						<SP ID="SP_1.1.17.8" HPOS="2192" VPOS="3840" WIDTH="84"/>
						<String CONTENT="M." ID="St_1.1.17.9" HPOS="2328" VPOS="3840" HEIGHT="124" WIDTH="188" STYLEREFS="Style_9" WC="1" CC="00"/>
						<SP ID="SP_1.1.17.10" HPOS="2504" VPOS="3888" WIDTH="56"/>
						<String CONTENT="R." ID="St_1.1.17.11" HPOS="2608" VPOS="3840" HEIGHT="124" WIDTH="160" STYLEREFS="Style_9" WC="0.977777777777778" CC="40"/>
						<SP ID="SP_1.1.17.12" HPOS="2756" VPOS="3888" WIDTH="56"/>
						<String CONTENT="Culbreth" ID="St_1.1.17.13" HPOS="2864" VPOS="3836" HEIGHT="132" WIDTH="660" STYLEREFS="Style_9" WC="0.984444444444444" CC="00000000"/>
						<SP ID="SP_1.1.17.14" HPOS="3476" VPOS="3840" WIDTH="96"/>
						<String CONTENT="&#133;" ID="St_1.1.17.15" HPOS="3596" VPOS="3844" HEIGHT="136" WIDTH="80" STYLEREFS="Style_9" WC="0.985555555555556" CC="0"/>
						<SP ID="SP_1.1.17.16" HPOS="3740" VPOS="3924" WIDTH="108"/>
						<String CONTENT="7th" ID="St_1.1.17.17" HPOS="3944" VPOS="3836" HEIGHT="128" WIDTH="232" STYLEREFS="Style_9" WC="0.986666666666667" CC="000"/>
						<SP ID="SP_1.1.17.18" HPOS="4128" VPOS="3840" WIDTH="88"/>
						<String CONTENT="ed.," ID="St_1.1.17.19" HPOS="4264" VPOS="3840" HEIGHT="160" WIDTH="248" STYLEREFS="Style_9" WC="0.988888888888889" CC="0000"/>
						<SP ID="SP_1.1.17.20" HPOS="4496" VPOS="3892" WIDTH="56"/>
						<String CONTENT="t" ID="St_1.1.17.21" HPOS="4596" VPOS="3856" HEIGHT="108" WIDTH="56" STYLEREFS="Style_9" WC="0.988888888888889" CC="0"/>
						<String CONTENT="horough" ID="St_1.1.17.22" HPOS="4660" VPOS="3840" HEIGHT="160" WIDTH="616" STYLEREFS="Style_9" WC="0.991111111111111" CC="0000000"/>
						<String CONTENT="l" ID="St_1.1.17.23" HPOS="5292" VPOS="3840" HEIGHT="124" WIDTH="44" STYLEREFS="Style_9" WC="0.991111111111111" CC="0"/>
						<String CONTENT="y" ID="St_1.1.17.24" HPOS="5344" VPOS="3884" HEIGHT="120" WIDTH="88" STYLEREFS="Style_9" WC="0.991111111111111" CC="0"/>
						<SP ID="SP_1.1.17.25" HPOS="5384" VPOS="3864" WIDTH="88"/>
						<String CONTENT="re" ID="St_1.1.17.26" HPOS="5524" VPOS="3888" HEIGHT="76" WIDTH="140" STYLEREFS="Style_9" WC="0.991111111111111" CC="00"/>
						<String CONTENT="v" ID="St_1.1.17.27" HPOS="5672" VPOS="3884" HEIGHT="80" WIDTH="88" STYLEREFS="Style_9" WC="0.991111111111111" CC="0"/>
						<String CONTENT="." ID="St_1.1.17.28" HPOS="5772" VPOS="3940" HEIGHT="24" WIDTH="20" STYLEREFS="Style_9" WC="0.991111111111111" CC="0"/>
					</TextLine>
					<TextLine ID="TL_1.1.18" HPOS="1024" VPOS="4024" HEIGHT="168" WIDTH="4768">
						<String CONTENT="With" ID="St_1.1.18.1" HPOS="1024" VPOS="4024" HEIGHT="132" WIDTH="384" STYLEREFS="Style_9" WC="1" CC="0000"/>
						<SP ID="SP_1.1.18.2" HPOS="1360" VPOS="4032" WIDTH="88"/>
						<String CONTENT="four" ID="St_1.1.18.3" HPOS="1496" VPOS="4024" HEIGHT="124" WIDTH="320" STYLEREFS="Style_9" WC="1" CC="0000"/>
						<SP ID="SP_1.1.18.4" HPOS="1780" VPOS="4056" WIDTH="76"/>
						<String CONTENT="hundred" ID="St_1.1.18.5" HPOS="1896" VPOS="4024" HEIGHT="128" WIDTH="628" STYLEREFS="Style_9" WC="1" CC="0000000"/>
						<SP ID="SP_1.1.18.6" HPOS="2476" VPOS="4032" WIDTH="88"/>
						<String CONTENT="and" ID="St_1.1.18.7" HPOS="2608" VPOS="4024" HEIGHT="128" WIDTH="264" STYLEREFS="Style_9" WC="1" CC="000"/>
						<SP ID="SP_1.1.18.8" HPOS="2828" VPOS="4032" WIDTH="84"/>
						<String CONTENT="ninety-seven" ID="St_1.1.18.9" HPOS="2960" VPOS="4024" HEIGHT="168" WIDTH="940" STYLEREFS="Style_9" WC="1" CC="000000000000"/>
						<SP ID="SP_1.1.18.10" HPOS="3848" VPOS="4052" WIDTH="88"/>
						<String CONTENT="illustrations." ID="St_1.1.18.11" HPOS="3976" VPOS="4024" HEIGHT="128" WIDTH="948" STYLEREFS="Style_9" WC="1" CC="00000000000000"/>
						<SP ID="SP_1.1.18.12" HPOS="4904" VPOS="4084" WIDTH="104"/>
						<String CONTENT="Philadel-" ID="St_1.1.18.13" HPOS="5104" VPOS="4024" HEIGHT="128" WIDTH="688" STYLEREFS="Style_9" WC="1" CC="000000000"/>
					</TextLine>
					<TextLine ID="TL_1.1.19" HPOS="1028" VPOS="4208" HEIGHT="168" WIDTH="1992">
						<String CONTENT="phia," ID="St_1.1.19.1" HPOS="1028" VPOS="4212" HEIGHT="160" WIDTH="372" STYLEREFS="Style_9" WC="1" CC="00000"/>
						<SP ID="SP_1.1.19.2" HPOS="1380" VPOS="4260" WIDTH="48"/>
						<String CONTENT="Lea" ID="St_1.1.19.3" HPOS="1460" VPOS="4212" HEIGHT="124" WIDTH="272" STYLEREFS="Style_9" WC="1" CC="000"/>
						<SP ID="SP_1.1.19.4" HPOS="1692" VPOS="4236" WIDTH="68"/>
						<String CONTENT="&amp;" ID="St_1.1.19.5" HPOS="1796" VPOS="4216" HEIGHT="120" WIDTH="108" STYLEREFS="Style_9" WC="1" CC="0"/>
						<SP ID="SP_1.1.19.6" HPOS="1844" VPOS="4216" WIDTH="88"/>
						<String CONTENT="Febiger," ID="St_1.1.19.7" HPOS="1968" VPOS="4212" HEIGHT="164" WIDTH="628" STYLEREFS="Style_9" WC="1" CC="00000000"/>
						<SP ID="SP_1.1.19.8" HPOS="2576" VPOS="4264" WIDTH="52"/>
						<String CONTENT="1927." ID="St_1.1.19.9" HPOS="2664" VPOS="4208" HEIGHT="128" WIDTH="356" STYLEREFS="Style_9" WC="1" CC="00000"/>
					</TextLine>
					<TextLine ID="TL_1.1.20" HPOS="1196" VPOS="4404" HEIGHT="120" WIDTH="2192">
						<String CONTENT="xii," ID="St_1.1.20.1" HPOS="1196" VPOS="4404" HEIGHT="116" WIDTH="200" STYLEREFS="Style_9" WC="1" CC="0000"/>
						<SP ID="SP_1.1.20.2" HPOS="1384" VPOS="4440" WIDTH="44"/>
						<String CONTENT="17-1046" ID="St_1.1.20.3" HPOS="1464" VPOS="4404" HEIGHT="100" WIDTH="484" STYLEREFS="Style_9" WC="1" CC="0000000"/>
						<SP ID="SP_1.1.20.4" HPOS="1912" VPOS="4404" WIDTH="60"/>
						<String CONTENT="p." ID="St_1.1.20.5" HPOS="2004" VPOS="4432" HEIGHT="92" WIDTH="108" STYLEREFS="Style_9" WC="1" CC="00"/>
						<SP ID="SP_1.1.20.6" HPOS="2096" VPOS="4444" WIDTH="80"/>
						<String CONTENT="illus." ID="St_1.1.20.7" HPOS="2252" VPOS="4404" HEIGHT="100" WIDTH="308" STYLEREFS="Style_9" WC="1" CC="000000"/>
						<SP ID="SP_1.1.20.8" HPOS="2544" VPOS="4444" WIDTH="84"/>
						<String CONTENT="24&#189;&#x0368;&#x036b;" ID="St_1.1.20.9" HPOS="2704" VPOS="4404" HEIGHT="108" WIDTH="684" STYLEREFS="Style_9" WC="1" CC="00000"/>
						<String CONTENT="." ID="St_1.1.20.10" HPOS="3024" VPOS="4444" HEIGHT="56" WIDTH="24" STYLEREFS="Style_9" WC="0.984444444444444" CC="4"/>
					</TextLine>
					<TextLine ID="TL_1.1.21" HPOS="1040" VPOS="4548" HEIGHT="140" WIDTH="4624">
						<String CONTENT="&#169;" ID="St_1.1.21.1" HPOS="1040" VPOS="4548" HEIGHT="108" WIDTH="112" STYLEREFS="Style_9" WC="0.222222222222222" CC="7"/>
						<SP ID="SP_1.1.21.2" HPOS="1096" VPOS="4556" WIDTH="96"/>
						<String CONTENT="Aug." ID="St_1.1.21.3" HPOS="1232" VPOS="4576" HEIGHT="112" WIDTH="284" STYLEREFS="Style_9" WC="0.795555555555556" CC="0000"/>
						<SP ID="SP_1.1.21.4" HPOS="1504" VPOS="4612" WIDTH="44"/>
						<String CONTENT="12," ID="St_1.1.21.5" HPOS="1584" VPOS="4576" HEIGHT="104" WIDTH="164" STYLEREFS="Style_9" WC="0.877777777777778" CC="000"/>
						<SP ID="SP_1.1.21.6" HPOS="1736" VPOS="4612" WIDTH="44"/>
						<String CONTENT="1" ID="St_1.1.21.7" HPOS="1816" VPOS="4576" HEIGHT="92" WIDTH="60" STYLEREFS="Style_9" WC="0.861111111111111" CC="0"/>
						<String CONTENT="92" ID="St_1.1.21.8" HPOS="1888" VPOS="4576" HEIGHT="92" WIDTH="132" STYLEREFS="Style_10" WC="0.88" CC="00"/>
						<String CONTENT="7:" ID="St_1.1.21.9" HPOS="2032" VPOS="4576" HEIGHT="96" WIDTH="120" STYLEREFS="Style_10" WC="0.895555555555556" CC="00"/>
						<SP ID="SP_1.1.21.10" HPOS="2140" VPOS="4584" WIDTH="48"/>
						<String CONTENT="2" ID="St_1.1.21.11" HPOS="2228" VPOS="4576" HEIGHT="92" WIDTH="68" STYLEREFS="Style_10" WC="0.906666666666667" CC="0"/>
						<String CONTENT="c" ID="St_1.1.21.12" HPOS="2296" VPOS="4584" HEIGHT="80" WIDTH="52" STYLEREFS="Style_10" WC="0.912222222222222" CC="0"/>
						<String CONTENT="." ID="St_1.1.21.13" HPOS="2368" VPOS="4660" HEIGHT="12" WIDTH="16" STYLEREFS="Style_10" WC="0.916666666666667" CC="0"/>
						<SP ID="SP_1.1.21.14" HPOS="2372" VPOS="4616" WIDTH="44"/>
						<String CONTENT="A" ID="St_1.1.21.15" HPOS="2456" VPOS="4576" HEIGHT="92" WIDTH="92" STYLEREFS="Style_10" WC="0.923333333333333" CC="0"/>
						<String CONTENT="u" ID="St_1.1.21.16" HPOS="2560" VPOS="4584" HEIGHT="80" WIDTH="68" STYLEREFS="Style_10" WC="0.903333333333333" CC="5"/>
						<String CONTENT="g." ID="St_1.1.21.17" HPOS="2644" VPOS="4600" HEIGHT="84" WIDTH="100" STYLEREFS="Style_10" WC="0.911111111111111" CC="00"/>
						<SP ID="SP_1.1.21.18" HPOS="2728" VPOS="4612" WIDTH="48"/>
						<String CONTENT="1" ID="St_1.1.21.19" HPOS="2812" VPOS="4576" HEIGHT="92" WIDTH="56" STYLEREFS="Style_10" WC="0.916666666666667" CC="0"/>
						<String CONTENT="5" ID="St_1.1.21.20" HPOS="2884" VPOS="4576" HEIGHT="92" WIDTH="68" STYLEREFS="Style_10" WC="0.92" CC="0"/>
						<String CONTENT=";" ID="St_1.1.21.21" HPOS="2984" VPOS="4600" HEIGHT="84" WIDTH="20" STYLEREFS="Style_10" WC="0.923333333333333" CC="0"/>
						<SP ID="SP_1.1.21.22" HPOS="2988" VPOS="4584" WIDTH="52"/>
						<String CONTENT="af" ID="St_1.1.21.23" HPOS="3080" VPOS="4576" HEIGHT="96" WIDTH="128" STYLEREFS="Style_10" WC="0.93" CC="00"/>
						<String CONTENT="f." ID="St_1.1.21.24" HPOS="3200" VPOS="4576" HEIGHT="96" WIDTH="76" STYLEREFS="Style_10" WC="0.934444444444444" CC="00"/>
						<SP ID="SP_1.1.21.25" HPOS="3264" VPOS="4612" WIDTH="44"/>
						<String CONTENT="Aug." ID="St_1.1.21.26" HPOS="3344" VPOS="4576" HEIGHT="112" WIDTH="288" STYLEREFS="Style_10" WC="0.942222222222222" CC="0000"/>
						<SP ID="SP_1.1.21.27" HPOS="3620" VPOS="4612" WIDTH="44"/>
						<String CONTENT="1" ID="St_1.1.21.28" HPOS="3704" VPOS="4580" HEIGHT="88" WIDTH="52" STYLEREFS="Style_10" WC="0.945555555555556" CC="0"/>
						<String CONTENT="6" ID="St_1.1.21.29" HPOS="3776" VPOS="4576" HEIGHT="96" WIDTH="60" STYLEREFS="Style_10" WC="0.946666666666667" CC="0"/>
						<String CONTENT=";" ID="St_1.1.21.30" HPOS="3876" VPOS="4600" HEIGHT="84" WIDTH="16" STYLEREFS="Style_10" WC="0.947777777777778" CC="0"/>
						<SP ID="SP_1.1.21.31" HPOS="3880" VPOS="4584" WIDTH="48"/>
						<String CONTENT="A" ID="St_1.1.21.32" HPOS="3972" VPOS="4576" HEIGHT="92" WIDTH="96" STYLEREFS="Style_10" WC="0.95" CC="0"/>
						<SP ID="SP_1.1.21.33" HPOS="4012" VPOS="4572" WIDTH="88"/>
						<String CONTENT="99" ID="St_1.1.21.34" HPOS="4140" VPOS="4576" HEIGHT="96" WIDTH="136" STYLEREFS="Style_10" WC="0.953333333333333" CC="00"/>
						<String CONTENT="6" ID="St_1.1.21.35" HPOS="4276" VPOS="4576" HEIGHT="96" WIDTH="64" STYLEREFS="Style_10" WC="0.954444444444444" CC="0"/>
						<String CONTENT="7" ID="St_1.1.21.36" HPOS="4348" VPOS="4576" HEIGHT="96" WIDTH="64" STYLEREFS="Style_10" WC="0.955555555555556" CC="0"/>
						<String CONTENT="69" ID="St_1.1.21.37" HPOS="4420" VPOS="4576" HEIGHT="96" WIDTH="132" STYLEREFS="Style_10" WC="0.956666666666667" CC="00"/>
						<String CONTENT=";" ID="St_1.1.21.38" HPOS="4596" VPOS="4600" HEIGHT="88" WIDTH="20" STYLEREFS="Style_10" WC="0.957777777777778" CC="0"/>
						<SP ID="SP_1.1.21.39" HPOS="4600" VPOS="4584" WIDTH="48"/>
						<String CONTENT="Le" ID="St_1.1.21.40" HPOS="4692" VPOS="4576" HEIGHT="96" WIDTH="152" STYLEREFS="Style_10" WC="0.96" CC="00"/>
						<String CONTENT="a" ID="St_1.1.21.41" HPOS="4856" VPOS="4600" HEIGHT="72" WIDTH="68" STYLEREFS="Style_10" WC="0.96" CC="0"/>
						<SP ID="SP_1.1.21.42" HPOS="4884" VPOS="4584" WIDTH="68"/>
						<String CONTENT="&amp;" ID="St_1.1.21.43" HPOS="4992" VPOS="4576" HEIGHT="96" WIDTH="88" STYLEREFS="Style_10" WC="0.962222222222222" CC="0"/>
						<SP ID="SP_1.1.21.44" HPOS="5028" VPOS="4572" WIDTH="80"/>
						<String CONTENT="F" ID="St_1.1.21.45" HPOS="5148" VPOS="4576" HEIGHT="92" WIDTH="88" STYLEREFS="Style_10" WC="0.963333333333333" CC="0"/>
						<String CONTENT="ebiger." ID="St_1.1.21.46" HPOS="5244" VPOS="4572" HEIGHT="116" WIDTH="420" STYLEREFS="Style_10" WC="0.966666666666667" CC="0000000"/>
					</TextLine>
					<TextLine ID="TL_1.1.22" HPOS="1220" VPOS="4708" HEIGHT="120" WIDTH="4384">
						<String CONTENT="(27-17566)" ID="St_1.1.22.1" HPOS="1220" VPOS="4708" HEIGHT="120" WIDTH="672" STYLEREFS="Style_10" WC="1" CC="0000000000"/>
						<SP ID="SP_1.1.22.2" HPOS="1872" VPOS="4720" WIDTH="3444"/>
						<String CONTENT="6694" ID="St_1.1.22.3" HPOS="5316" VPOS="4708" HEIGHT="100" WIDTH="288" STYLEREFS="Style_10" WC="0.667777777777778" CC="0000"/>
					</TextLine>
					<TextLine ID="TL_1.1.23" HPOS="1028" VPOS="4936" HEIGHT="152" WIDTH="1296">
						<String CONTENT="Dell," ID="St_1.1.23.1" HPOS="1028" VPOS="4936" HEIGHT="148" WIDTH="344" STYLEREFS="Style_10" WC="1" CC="00000"/>
						<SP ID="SP_1.1.23.2" HPOS="1356" VPOS="4984" WIDTH="56"/>
						<String CONTENT="Ethel" ID="St_1.1.23.3" HPOS="1452" VPOS="4936" HEIGHT="124" WIDTH="420" STYLEREFS="Style_10" WC="1" CC="00000"/>
						<SP ID="SP_1.1.23.4" HPOS="1848" VPOS="4936" WIDTH="60"/>
						<String CONTENT="May." ID="St_1.1.23.5" HPOS="1948" VPOS="4936" HEIGHT="152" WIDTH="376" STYLEREFS="Style_10" WC="1" CC="0000"/>
					</TextLine>
					<TextLine ID="TL_1.1.24" HPOS="1196" VPOS="5124" HEIGHT="164" WIDTH="2940">
						<String CONTENT="Here" ID="St_1.1.24.1" HPOS="1196" VPOS="5128" HEIGHT="124" WIDTH="372" STYLEREFS="Style_10" WC="1" CC="0000"/>
						<SP ID="SP_1.1.24.2" HPOS="1532" VPOS="5148" WIDTH="72"/>
						<String CONTENT="comes" ID="St_1.1.24.3" HPOS="1644" VPOS="5168" HEIGHT="80" WIDTH="432" STYLEREFS="Style_10" WC="1" CC="00000"/>
						<SP ID="SP_1.1.24.4" HPOS="2044" VPOS="5148" WIDTH="68"/>
						<String CONTENT="Peggy!" ID="St_1.1.24.5" HPOS="2152" VPOS="5124" HEIGHT="164" WIDTH="552" STYLEREFS="Style_10" WC="1" CC="000000"/>
						<SP ID="SP_1.1.24.6" HPOS="2688" VPOS="5128" WIDTH="116"/>
						<String CONTENT="[34" ID="St_1.1.24.7" HPOS="2908" VPOS="5132" HEIGHT="152" WIDTH="200" STYLEREFS="Style_10" WC="1" CC="000"/>
						<SP ID="SP_1.1.24.8" HPOS="3064" VPOS="5132" WIDTH="76"/>
						<String CONTENT="instalments]" ID="St_1.1.24.9" HPOS="3180" VPOS="5124" HEIGHT="144" WIDTH="956" STYLEREFS="Style_10" WC="1" CC="000000000000"/>
					</TextLine>
					<TextLine ID="TL_1.1.25" HPOS="1220" VPOS="5312" HEIGHT="128" WIDTH="2112">
						<String CONTENT="(I" ID="St_1.1.25.1" HPOS="1220" VPOS="5324" HEIGHT="116" WIDTH="116" STYLEREFS="Style_11" WC="0.888888888888889" CC="11"/>
						<String CONTENT="n" ID="St_1.1.25.2" HPOS="1344" VPOS="5348" HEIGHT="68" WIDTH="72" STYLEREFS="Style_12" WC="0.777777777777778" CC="4"/>
						<SP ID="SP_1.1.25.3" HPOS="1376" VPOS="5332" WIDTH="80"/>
						<String CONTENT="L" ID="St_1.1.25.4" HPOS="1500" VPOS="5312" HEIGHT="104" WIDTH="84" STYLEREFS="Style_12" WC="0.866666666666667" CC="0"/>
						<String CONTENT="o" ID="St_1.1.25.5" HPOS="1596" VPOS="5344" HEIGHT="72" WIDTH="64" STYLEREFS="Style_12" WC="0.888888888888889" CC="0"/>
						<String CONTENT="ndon" ID="St_1.1.25.6" HPOS="1672" VPOS="5312" HEIGHT="104" WIDTH="308" STYLEREFS="Style_12" WC="0.933333333333333" CC="0000"/>
						<SP ID="SP_1.1.25.7" HPOS="1940" VPOS="5320" WIDTH="80"/>
						<String CONTENT="Evening" ID="St_1.1.25.8" HPOS="2064" VPOS="5312" HEIGHT="124" WIDTH="544" STYLEREFS="Style_12" WC="0.962222222222222" CC="0000000"/>
						<SP ID="SP_1.1.25.9" HPOS="2568" VPOS="5320" WIDTH="80"/>
						<String CONTENT="standard)" ID="St_1.1.25.10" HPOS="2692" VPOS="5312" HEIGHT="120" WIDTH="640" STYLEREFS="Style_12" WC="0.975555555555556" CC="000000000"/>
					</TextLine>
					<TextLine ID="TL_1.1.26" HPOS="1044" VPOS="5480" HEIGHT="124" WIDTH="4756">
						<String CONTENT="&#169;" ID="St_1.1.26.1" HPOS="1044" VPOS="5484" HEIGHT="108" WIDTH="112" STYLEREFS="Style_12" WC="0.222222222222222" CC="7"/>
						<SP ID="SP_1.1.26.2" HPOS="1100" VPOS="5480" WIDTH="108"/>
						<String CONTENT="1" ID="St_1.1.26.3" HPOS="1260" VPOS="5504" HEIGHT="88" WIDTH="48" STYLEREFS="Style_12" WC="0.592222222222222" CC="0"/>
						<String CONTENT="c." ID="St_1.1.26.4" HPOS="1308" VPOS="5504" HEIGHT="88" WIDTH="108" STYLEREFS="Style_12" WC="0.6" CC="70"/>
						<SP ID="SP_1.1.26.5" HPOS="1400" VPOS="5532" WIDTH="56"/>
						<String CONTENT="each" ID="St_1.1.26.6" HPOS="1504" VPOS="5488" HEIGHT="96" WIDTH="284" STYLEREFS="Style_12" WC="0.8" CC="0000"/>
						<SP ID="SP_1.1.26.7" HPOS="1748" VPOS="5496" WIDTH="84"/>
						<String CONTENT="June" ID="St_1.1.26.8" HPOS="1880" VPOS="5488" HEIGHT="92" WIDTH="300" STYLEREFS="Style_12" WC="0.866666666666667" CC="0000"/>
						<SP ID="SP_1.1.26.9" HPOS="2148" VPOS="5508" WIDTH="76"/>
						<String CONTENT="18," ID="St_1.1.26.10" HPOS="2344" VPOS="5492" HEIGHT="112" WIDTH="144" STYLEREFS="Style_12" WC="0.894444444444444" CC="000"/>
						<SP ID="SP_1.1.26.11" HPOS="2420" VPOS="5536" WIDTH="52"/>
						<String CONTENT="1927;" ID="St_1.1.26.12" HPOS="2524" VPOS="5488" HEIGHT="112" WIDTH="340" STYLEREFS="Style_12" WC="0.92" CC="00000"/>
						<SP ID="SP_1.1.26.13" HPOS="2844" VPOS="5508" WIDTH="60"/>
						<String CONTENT="A" ID="St_1.1.26.14" HPOS="2956" VPOS="5488" HEIGHT="92" WIDTH="100" STYLEREFS="Style_12" WC="0.925555555555556" CC="0"/>
						<SP ID="SP_1.1.26.15" HPOS="3000" VPOS="5496" WIDTH="96"/>
						<String CONTENT="ad" ID="St_1.1.26.16" HPOS="3144" VPOS="5492" HEIGHT="92" WIDTH="144" STYLEREFS="Style_12" WC="0.933333333333333" CC="00"/>
						<SP ID="SP_1.1.26.17" HPOS="3248" VPOS="5500" WIDTH="80"/>
						<String CONTENT="in" ID="St_1.1.26.18" HPOS="3376" VPOS="5488" HEIGHT="92" WIDTH="124" STYLEREFS="Style_12" WC="0.918888888888889" CC="33"/>
						<String CONTENT="t" ID="St_1.1.26.19" HPOS="3512" VPOS="5496" HEIGHT="88" WIDTH="44" STYLEREFS="Style_12" WC="0.917777777777778" CC="1"/>
						<String CONTENT="." ID="St_1.1.26.20" HPOS="3568" VPOS="5564" HEIGHT="24" WIDTH="20" STYLEREFS="Style_12" WC="0.911111111111111" CC="3"/>
						<SP ID="SP_1.1.26.21" HPOS="3572" VPOS="5536" WIDTH="60"/>
						<String CONTENT="9786;" ID="St_1.1.26.22" HPOS="3680" VPOS="5488" HEIGHT="112" WIDTH="332" STYLEREFS="Style_12" WC="0.923333333333333" CC="00000"/>
						<SP ID="SP_1.1.26.23" HPOS="3996" VPOS="5512" WIDTH="60"/>
						<String CONTENT="pu" ID="St_1.1.26.24" HPOS="4112" VPOS="5516" HEIGHT="88" WIDTH="148" STYLEREFS="Style_12" WC="0.928888888888889" CC="00"/>
						<String CONTENT="b" ID="St_1.1.26.25" HPOS="4272" VPOS="5492" HEIGHT="92" WIDTH="64" STYLEREFS="Style_12" WC="0.923333333333333" CC="3"/>
						<String CONTENT="d." ID="St_1.1.26.26" HPOS="4352" VPOS="5492" HEIGHT="96" WIDTH="100" STYLEREFS="Style_12" WC="0.918888888888889" CC="30"/>
						<SP ID="SP_1.1.26.27" HPOS="4436" VPOS="5536" WIDTH="56"/>
						<String CONTENT="Apr." ID="St_1.1.26.28" HPOS="4544" VPOS="5492" HEIGHT="112" WIDTH="272" STYLEREFS="Style_12" WC="0.926666666666667" CC="0000"/>
						<SP ID="SP_1.1.26.29" HPOS="4800" VPOS="5536" WIDTH="56"/>
						<String CONTENT="22," ID="St_1.1.26.30" HPOS="4904" VPOS="5492" HEIGHT="112" WIDTH="168" STYLEREFS="Style_12" WC="0.932222222222222" CC="000"/>
						<SP ID="SP_1.1.26.31" HPOS="5060" VPOS="5536" WIDTH="52"/>
						<String CONTENT="23," ID="St_1.1.26.32" HPOS="5164" VPOS="5492" HEIGHT="112" WIDTH="168" STYLEREFS="Style_12" WC="0.936666666666667" CC="000"/>
						<SP ID="SP_1.1.26.33" HPOS="5316" VPOS="5536" WIDTH="56"/>
						<String CONTENT="25" ID="St_1.1.26.34" HPOS="5420" VPOS="5492" HEIGHT="96" WIDTH="136" STYLEREFS="Style_12" WC="0.94" CC="00"/>
						<String CONTENT="&#150;" ID="St_1.1.26.35" HPOS="5556" VPOS="5540" HEIGHT="20" WIDTH="72" STYLEREFS="Style_12" WC="0.94" CC="0"/>
						<String CONTENT="30," ID="St_1.1.26.36" HPOS="5632" VPOS="5492" HEIGHT="112" WIDTH="168" STYLEREFS="Style_12" WC="0.943333333333333" CC="000"/>
					</TextLine>
					<TextLine ID="TL_1.1.27" HPOS="1204" VPOS="5620" HEIGHT="124" WIDTH="4596">
						<String CONTENT="May" ID="St_1.1.27.1" HPOS="1204" VPOS="5628" HEIGHT="108" WIDTH="272" STYLEREFS="Style_12" WC="1" CC="000"/>
						<SP ID="SP_1.1.27.2" HPOS="1436" VPOS="5636" WIDTH="80"/>
						<String CONTENT="2-7," ID="St_1.1.27.3" HPOS="1560" VPOS="5624" HEIGHT="112" WIDTH="236" STYLEREFS="Style_12" WC="1" CC="0000"/>
						<SP ID="SP_1.1.27.4" HPOS="1780" VPOS="5660" WIDTH="56"/>
						<String CONTENT="9-14," ID="St_1.1.27.5" HPOS="1888" VPOS="5624" HEIGHT="112" WIDTH="304" STYLEREFS="Style_12" WC="1" CC="00000"/>
						<SP ID="SP_1.1.27.6" HPOS="2180" VPOS="5660" WIDTH="56"/>
						<String CONTENT="1" ID="St_1.1.27.7" HPOS="2288" VPOS="5628" HEIGHT="88" WIDTH="56" STYLEREFS="Style_12" WC="1" CC="0"/>
						<String CONTENT="6" ID="St_1.1.27.8" HPOS="2356" VPOS="5620" HEIGHT="92" WIDTH="68" STYLEREFS="Style_12" WC="0.973333333333333" CC="4"/>
						<String CONTENT="&#150;21," ID="St_1.1.27.9" HPOS="2428" VPOS="5624" HEIGHT="108" WIDTH="236" STYLEREFS="Style_12" WC="0.977777777777778" CC="0000"/>
						<SP ID="SP_1.1.27.10" HPOS="2648" VPOS="5660" WIDTH="56"/>
						<String CONTENT="23&#150;28," ID="St_1.1.27.11" HPOS="2756" VPOS="5624" HEIGHT="116" WIDTH="372" STYLEREFS="Style_12" WC="0.983333333333333" CC="000000"/>
						<SP ID="SP_1.1.27.12" HPOS="3112" VPOS="5660" WIDTH="60"/>
						<String CONTENT="30," ID="St_1.1.27.13" HPOS="3224" VPOS="5624" HEIGHT="116" WIDTH="164" STYLEREFS="Style_12" WC="0.985555555555556" CC="000"/>
						<SP ID="SP_1.1.27.14" HPOS="3372" VPOS="5660" WIDTH="56"/>
						<String CONTENT="31;" ID="St_1.1.27.15" HPOS="3480" VPOS="5628" HEIGHT="108" WIDTH="200" STYLEREFS="Style_12" WC="0.986666666666667" CC="000"/>
						<SP ID="SP_1.1.27.16" HPOS="3664" VPOS="5636" WIDTH="60"/>
						<String CONTENT="Ethel" ID="St_1.1.27.17" HPOS="3780" VPOS="5628" HEIGHT="92" WIDTH="340" STYLEREFS="Style_12" WC="0.988888888888889" CC="00000"/>
						<SP ID="SP_1.1.27.18" HPOS="4096" VPOS="5624" WIDTH="68"/>
						<String CONTENT="Mary" ID="St_1.1.27.19" HPOS="4216" VPOS="5628" HEIGHT="112" WIDTH="336" STYLEREFS="Style_12" WC="0.99" CC="0000"/>
						<SP ID="SP_1.1.27.20" HPOS="4512" VPOS="5636" WIDTH="84"/>
						<String CONTENT="Savage," ID="St_1.1.27.21" HPOS="4648" VPOS="5628" HEIGHT="112" WIDTH="476" STYLEREFS="Style_12" WC="0.991111111111111" CC="0000000"/>
						<SP ID="SP_1.1.27.22" HPOS="5108" VPOS="5660" WIDTH="56"/>
						<String CONTENT="Ewhurst," ID="St_1.1.27.23" HPOS="5216" VPOS="5628" HEIGHT="116" WIDTH="584" STYLEREFS="Style_12" WC="0.992222222222222" CC="00000000"/>
					</TextLine>
					<TextLine ID="TL_1.1.28" HPOS="1208" VPOS="5760" HEIGHT="116" WIDTH="4392">
						<String CONTENT="Surrey," ID="St_1.1.28.1" HPOS="1208" VPOS="5764" HEIGHT="112" WIDTH="460" STYLEREFS="Style_12" WC="1" CC="0000000"/>
						<SP ID="SP_1.1.28.2" HPOS="1652" VPOS="5796" WIDTH="52"/>
						<String CONTENT="England." ID="St_1.1.28.3" HPOS="1744" VPOS="5760" HEIGHT="112" WIDTH="568" STYLEREFS="Style_12" WC="1" CC="00000000"/>
						<SP ID="SP_1.1.28.4" HPOS="2296" VPOS="5760" WIDTH="3024"/>
						<String CONTENT="6695" ID="St_1.1.28.5" HPOS="5320" VPOS="5760" HEIGHT="100" WIDTH="280" STYLEREFS="Style_12" WC="0.713333333333333" CC="0000"/>
					</TextLine>
					<TextLine ID="TL_1.1.29" HPOS="1032" VPOS="5984" HEIGHT="156" WIDTH="1732">
						<String CONTENT="Drury," ID="St_1.1.29.1" HPOS="1032" VPOS="5988" HEIGHT="152" WIDTH="520" STYLEREFS="Style_12" WC="1" CC="000000"/>
						<SP ID="SP_1.1.29.2" HPOS="1532" VPOS="6036" WIDTH="56"/>
						<String CONTENT="William" ID="St_1.1.29.3" HPOS="1632" VPOS="5984" HEIGHT="132" WIDTH="608" STYLEREFS="Style_12" WC="1" CC="0000000"/>
						<SP ID="SP_1.1.29.4" HPOS="2164" VPOS="6004" WIDTH="112"/>
						<String CONTENT="Price." ID="St_1.1.29.5" HPOS="2320" VPOS="5984" HEIGHT="132" WIDTH="444" STYLEREFS="Style_12" WC="1" CC="000000"/>
					</TextLine>
					<TextLine ID="TL_1.1.30" HPOS="1204" VPOS="6172" HEIGHT="168" WIDTH="4596">
						<String CONTENT="History" ID="St_1.1.30.1" HPOS="1204" VPOS="6172" HEIGHT="164" WIDTH="584" STYLEREFS="Style_12" WC="1" CC="0000000"/>
						<SP ID="SP_1.1.30.2" HPOS="1740" VPOS="6192" WIDTH="88"/>
						<String CONTENT="calling!" ID="St_1.1.30.3" HPOS="1872" VPOS="6176" HEIGHT="164" WIDTH="568" STYLEREFS="Style_12" WC="1" CC="00000000"/>
						<SP ID="SP_1.1.30.4" HPOS="2436" VPOS="6172" WIDTH="108"/>
						<String CONTENT="By" ID="St_1.1.30.5" HPOS="2648" VPOS="6176" HEIGHT="160" WIDTH="212" STYLEREFS="Style_12" WC="1" CC="00"/>
						<SP ID="SP_1.1.30.6" HPOS="2812" VPOS="6192" WIDTH="88"/>
						<String CONTENT="Lt.-Col." ID="St_1.1.30.7" HPOS="2948" VPOS="6172" HEIGHT="128" WIDTH="576" STYLEREFS="Style_12" WC="1" CC="00000000"/>
						<SP ID="SP_1.1.30.8" HPOS="3504" VPOS="6224" WIDTH="60"/>
						<String CONTENT="W." ID="St_1.1.30.9" HPOS="3608" VPOS="6176" HEIGHT="128" WIDTH="212" STYLEREFS="Style_12" WC="1" CC="00"/>
						<SP ID="SP_1.1.30.10" HPOS="3804" VPOS="6224" WIDTH="56"/>
						<String CONTENT="P." ID="St_1.1.30.11" HPOS="3912" VPOS="6176" HEIGHT="124" WIDTH="148" STYLEREFS="Style_12" WC="1" CC="00"/>
						<SP ID="SP_1.1.30.12" HPOS="4048" VPOS="6224" WIDTH="56"/>
						<String CONTENT="Drury," ID="St_1.1.30.13" HPOS="4156" VPOS="6176" HEIGHT="164" WIDTH="516" STYLEREFS="Style_12" WC="1" CC="000000"/>
						<SP ID="SP_1.1.30.14" HPOS="4652" VPOS="6224" WIDTH="56"/>
						<String CONTENT="c." ID="St_1.1.30.15" HPOS="4756" VPOS="6216" HEIGHT="84" WIDTH="108" STYLEREFS="Style_12" WC="1" CC="00"/>
						<SP ID="SP_1.1.30.16" HPOS="4848" VPOS="6224" WIDTH="56"/>
						<String CONTENT="B." ID="St_1.1.30.17" HPOS="4952" VPOS="6220" HEIGHT="80" WIDTH="108" STYLEREFS="Style_13" WC="1" CC="00"/>
						<SP ID="SP_1.1.30.18" HPOS="5044" VPOS="6240" WIDTH="52"/>
						<String CONTENT="E" ID="St_1.1.30.19" HPOS="5148" VPOS="6216" HEIGHT="80" WIDTH="80" STYLEREFS="Style_14" WC="1" CC="0"/>
						<String CONTENT=".;" ID="St_1.1.30.20" HPOS="5240" VPOS="6216" HEIGHT="120" WIDTH="96" STYLEREFS="Style_14" WC="1" CC="00"/>
						<SP ID="SP_1.1.30.21" HPOS="5316" VPOS="6212" WIDTH="60"/>
						<String CONTENT="illus-" ID="St_1.1.30.22" HPOS="5428" VPOS="6176" HEIGHT="124" WIDTH="372" STYLEREFS="Style_14" WC="1" CC="000000"/>
					</TextLine>
					<TextLine ID="TL_1.1.31" HPOS="1044" VPOS="6356" HEIGHT="164" WIDTH="4756">
						<String CONTENT="trations" ID="St_1.1.31.1" HPOS="1044" VPOS="6360" HEIGHT="124" WIDTH="576" STYLEREFS="Style_14" WC="1" CC="00000000"/>
						<SP ID="SP_1.1.31.2" HPOS="1588" VPOS="6380" WIDTH="80"/>
						<String CONTENT="by" ID="St_1.1.31.3" HPOS="1720" VPOS="6360" HEIGHT="160" WIDTH="180" STYLEREFS="Style_14" WC="1" CC="00"/>
						<SP ID="SP_1.1.31.4" HPOS="1852" VPOS="6380" WIDTH="100"/>
						<String CONTENT="Constance" ID="St_1.1.31.5" HPOS="2008" VPOS="6356" HEIGHT="128" WIDTH="752" STYLEREFS="Style_14" WC="1" CC="000000000"/>
						<SP ID="SP_1.1.31.6" HPOS="2724" VPOS="6380" WIDTH="88"/>
						<String CONTENT="Rowlands." ID="St_1.1.31.7" HPOS="2868" VPOS="6360" HEIGHT="124" WIDTH="776" STYLEREFS="Style_14" WC="0.985555555555556" CC="400000000"/>
						<SP ID="SP_1.1.31.8" HPOS="3628" VPOS="6408" WIDTH="104"/>
						<String CONTENT="New" ID="St_1.1.31.9" HPOS="3824" VPOS="6360" HEIGHT="124" WIDTH="332" STYLEREFS="Style_14" WC="0.986666666666667" CC="000"/>
						<SP ID="SP_1.1.31.10" HPOS="4092" VPOS="6380" WIDTH="116"/>
						<String CONTENT="York," ID="St_1.1.31.11" HPOS="4264" VPOS="6360" HEIGHT="160" WIDTH="428" STYLEREFS="Style_14" WC="0.988888888888889" CC="00000"/>
						<SP ID="SP_1.1.31.12" HPOS="4676" VPOS="6408" WIDTH="64"/>
						<String CONTENT="H." ID="St_1.1.31.13" HPOS="4792" VPOS="6360" HEIGHT="124" WIDTH="184" STYLEREFS="Style_14" WC="0.988888888888889" CC="00"/>
						<SP ID="SP_1.1.31.14" HPOS="4960" VPOS="6408" WIDTH="64"/>
						<String CONTENT="Holt" ID="St_1.1.31.15" HPOS="5080" VPOS="6360" HEIGHT="124" WIDTH="352" STYLEREFS="Style_14" WC="0.99" CC="0000"/>
						<SP ID="SP_1.1.31.16" HPOS="5396" VPOS="6368" WIDTH="84"/>
						<String CONTENT="and" ID="St_1.1.31.17" HPOS="5536" VPOS="6360" HEIGHT="124" WIDTH="264" STYLEREFS="Style_14" WC="0.991111111111111" CC="000"/>
					</TextLine>
					<TextLine ID="TL_1.1.32" HPOS="1036" VPOS="6544" HEIGHT="164" WIDTH="1204">
						<String CONTENT="company" ID="St_1.1.32.1" HPOS="1036" VPOS="6588" HEIGHT="120" WIDTH="672" STYLEREFS="Style_14" WC="1" CC="0000000"/>
						<SP ID="SP_1.1.32.2" HPOS="1660" VPOS="6568" WIDTH="84"/>
						<String CONTENT="[&#x0368;1927" ID="St_1.1.32.3" HPOS="1780" VPOS="6544" HEIGHT="156" WIDTH="420" STYLEREFS="Style_14" WC="0.944444444444444" CC="700000"/>
						<String CONTENT="]" ID="St_1.1.32.4" HPOS="2208" VPOS="6620" HEIGHT="84" WIDTH="32" STYLEREFS="Style_14" WC="0.888888888888889" CC="8"/>
					</TextLine>
					<TextLine ID="TL_1.1.33" HPOS="1208" VPOS="6736" HEIGHT="120" WIDTH="4116">
						<String CONTENT="xiv," ID="St_1.1.33.1" HPOS="1208" VPOS="6736" HEIGHT="116" WIDTH="228" STYLEREFS="Style_14" WC="1" CC="0000"/>
						<SP ID="SP_1.1.33.2" HPOS="1424" VPOS="6772" WIDTH="52"/>
						<String CONTENT="344" ID="St_1.1.33.3" HPOS="1520" VPOS="6740" HEIGHT="92" WIDTH="208" STYLEREFS="Style_14" WC="1" CC="000"/>
						<SP ID="SP_1.1.33.4" HPOS="1692" VPOS="6736" WIDTH="72"/>
						<String CONTENT="p." ID="St_1.1.33.5" HPOS="1804" VPOS="6764" HEIGHT="88" WIDTH="104" STYLEREFS="Style_14" WC="1" CC="00"/>
						<SP ID="SP_1.1.33.6" HPOS="1896" VPOS="6772" WIDTH="52"/>
						<String CONTENT="in" ID="St_1.1.33.7" HPOS="1992" VPOS="6736" HEIGHT="100" WIDTH="120" STYLEREFS="Style_14" WC="0.952222222222222" CC="33"/>
						<String CONTENT="cl" ID="St_1.1.33.8" HPOS="2116" VPOS="6740" HEIGHT="92" WIDTH="100" STYLEREFS="Style_14" WC="0.93" CC="13"/>
						<String CONTENT="." ID="St_1.1.33.9" HPOS="2232" VPOS="6816" HEIGHT="20" WIDTH="20" STYLEREFS="Style_14" WC="0.934444444444444" CC="0"/>
						<SP ID="SP_1.1.33.10" HPOS="2240" VPOS="6772" WIDTH="52"/>
						<String CONTENT="illus.," ID="St_1.1.33.11" HPOS="2340" VPOS="6736" HEIGHT="116" WIDTH="340" STYLEREFS="Style_14" WC="0.955555555555556" CC="0000000"/>
						<SP ID="SP_1.1.33.12" HPOS="2664" VPOS="6772" WIDTH="56"/>
						<String CONTENT="plates." ID="St_1.1.33.13" HPOS="2768" VPOS="6744" HEIGHT="112" WIDTH="408" STYLEREFS="Style_14" WC="0.965555555555556" CC="0000000"/>
						<SP ID="SP_1.1.33.14" HPOS="3160" VPOS="6772" WIDTH="84"/>
						<String CONTENT="col." ID="St_1.1.33.15" HPOS="3320" VPOS="6740" HEIGHT="92" WIDTH="204" STYLEREFS="Style_14" WC="0.958888888888889" CC="0004"/>
						<SP ID="SP_1.1.33.16" HPOS="3516" VPOS="6772" WIDTH="52"/>
						<String CONTENT="front.," ID="St_1.1.33.17" HPOS="3612" VPOS="6740" HEIGHT="116" WIDTH="396" STYLEREFS="Style_14" WC="0.965555555555556" CC="0000000"/>
						<SP ID="SP_1.1.33.18" HPOS="3992" VPOS="6772" WIDTH="56"/>
						<String CONTENT="plates." ID="St_1.1.33.19" HPOS="4092" VPOS="6744" HEIGHT="112" WIDTH="408" STYLEREFS="Style_14" WC="0.971111111111111" CC="0000000"/>
						<SP ID="SP_1.1.33.20" HPOS="4488" VPOS="6772" WIDTH="80"/>
						<String CONTENT="19&#189;&#x0368;&#x036b;." ID="St_1.1.33.21" HPOS="4644" VPOS="6736" HEIGHT="104" WIDTH="680" STYLEREFS="Style_14" WC="0.964444444444444" CC="000005"/>
					</TextLine>
					<TextLine ID="TL_1.1.34" HPOS="1212" VPOS="6904" HEIGHT="120" WIDTH="4592">
						<String CONTENT="&quot;The" ID="St_1.1.34.1" HPOS="1212" VPOS="6908" HEIGHT="92" WIDTH="308" STYLEREFS="Style_14" WC="1" CC="0000"/>
						<SP ID="SP_1.1.34.2" HPOS="1488" VPOS="6916" WIDTH="64"/>
						<String CONTENT="following" ID="St_1.1.34.3" HPOS="1588" VPOS="6904" HEIGHT="116" WIDTH="604" STYLEREFS="Style_14" WC="1" CC="000000000"/>
						<SP ID="SP_1.1.34.4" HPOS="2156" VPOS="6916" WIDTH="68"/>
						<String CONTENT="twelve" ID="St_1.1.34.5" HPOS="2264" VPOS="6912" HEIGHT="92" WIDTH="416" STYLEREFS="Style_14" WC="1" CC="000000"/>
						<SP ID="SP_1.1.34.6" HPOS="2644" VPOS="6920" WIDTH="68"/>
						<String CONTENT="stories" ID="St_1.1.34.7" HPOS="2752" VPOS="6904" HEIGHT="100" WIDTH="416" STYLEREFS="Style_14" WC="1" CC="0000000"/>
						<SP ID="SP_1.1.34.8" HPOS="3140" VPOS="6920" WIDTH="64"/>
						<String CONTENT="were" ID="St_1.1.34.9" HPOS="3240" VPOS="6932" HEIGHT="72" WIDTH="304" STYLEREFS="Style_14" WC="1" CC="0000"/>
						<SP ID="SP_1.1.34.10" HPOS="3512" VPOS="6920" WIDTH="68"/>
						<String CONTENT="originally" ID="St_1.1.34.11" HPOS="3620" VPOS="6904" HEIGHT="120" WIDTH="620" STYLEREFS="Style_14" WC="1" CC="0000000000"/>
						<SP ID="SP_1.1.34.12" HPOS="4204" VPOS="6920" WIDTH="68"/>
						<String CONTENT="told" ID="St_1.1.34.13" HPOS="4312" VPOS="6912" HEIGHT="96" WIDTH="240" STYLEREFS="Style_14" WC="1" CC="0000"/>
						<SP ID="SP_1.1.34.14" HPOS="4516" VPOS="6908" WIDTH="76"/>
						<String CONTENT="&#133;" ID="St_1.1.34.15" HPOS="4616" VPOS="6904" HEIGHT="108" WIDTH="64" STYLEREFS="Style_14" WC="1" CC="0"/>
						<SP ID="SP_1.1.34.16" HPOS="4728" VPOS="6964" WIDTH="56"/>
						<String CONTENT="to" ID="St_1.1.34.17" HPOS="4828" VPOS="6916" HEIGHT="88" WIDTH="116" STYLEREFS="Style_14" WC="1" CC="00"/>
						<SP ID="SP_1.1.34.18" HPOS="4908" VPOS="6920" WIDTH="68"/>
						<String CONTENT="the" ID="St_1.1.34.19" HPOS="5012" VPOS="6912" HEIGHT="92" WIDTH="196" STYLEREFS="Style_14" WC="1" CC="000"/>
						<SP ID="SP_1.1.34.20" HPOS="5176" VPOS="6920" WIDTH="68"/>
						<String CONTENT="children" ID="St_1.1.34.21" HPOS="5284" VPOS="6908" HEIGHT="100" WIDTH="520" STYLEREFS="Style_14" WC="1" CC="00000000"/>
					</TextLine>
					<TextLine ID="TL_1.1.35" HPOS="1044" VPOS="7040" HEIGHT="116" WIDTH="2540">
						<String CONTENT="of" ID="St_1.1.35.1" HPOS="1044" VPOS="7044" HEIGHT="92" WIDTH="120" STYLEREFS="Style_14" WC="1" CC="00"/>
						<SP ID="SP_1.1.35.2" HPOS="1136" VPOS="7040" WIDTH="56"/>
						<String CONTENT="the" ID="St_1.1.35.3" HPOS="1220" VPOS="7044" HEIGHT="92" WIDTH="196" STYLEREFS="Style_14" WC="1" CC="000"/>
						<SP ID="SP_1.1.35.4" HPOS="1384" VPOS="7052" WIDTH="60"/>
						<String CONTENT="secondary" ID="St_1.1.35.5" HPOS="1476" VPOS="7044" HEIGHT="108" WIDTH="636" STYLEREFS="Style_14" WC="1" CC="000000000"/>
						<SP ID="SP_1.1.35.6" HPOS="2072" VPOS="7052" WIDTH="68"/>
						<String CONTENT="schools" ID="St_1.1.35.7" HPOS="2168" VPOS="7044" HEIGHT="92" WIDTH="452" STYLEREFS="Style_14" WC="1" CC="0000000"/>
						<SP ID="SP_1.1.35.8" HPOS="2592" VPOS="7052" WIDTH="56"/>
						<String CONTENT="of" ID="St_1.1.35.9" HPOS="2684" VPOS="7044" HEIGHT="92" WIDTH="120" STYLEREFS="Style_14" WC="1" CC="00"/>
						<SP ID="SP_1.1.35.10" HPOS="2776" VPOS="7040" WIDTH="56"/>
						<String CONTENT="Plymouth.&quot;" ID="St_1.1.35.11" HPOS="2860" VPOS="7040" HEIGHT="116" WIDTH="724" STYLEREFS="Style_14" WC="1" CC="0000000000"/>
					</TextLine>
					<TextLine ID="TL_1.1.36" HPOS="1216" VPOS="7172" HEIGHT="120" WIDTH="4588">
						<String CONTENT="&quot;List" ID="St_1.1.36.1" HPOS="1216" VPOS="7176" HEIGHT="96" WIDTH="320" STYLEREFS="Style_14" WC="1" CC="00000"/>
						<SP ID="SP_1.1.36.2" HPOS="1508" VPOS="7172" WIDTH="64"/>
						<String CONTENT="of" ID="St_1.1.36.3" HPOS="1612" VPOS="7176" HEIGHT="96" WIDTH="128" STYLEREFS="Style_14" WC="1" CC="00"/>
						<SP ID="SP_1.1.36.4" HPOS="1708" VPOS="7172" WIDTH="68"/>
						<String CONTENT="principal" ID="St_1.1.36.5" HPOS="1820" VPOS="7176" HEIGHT="112" WIDTH="572" STYLEREFS="Style_14" WC="1" CC="000000000"/>
						<SP ID="SP_1.1.36.6" HPOS="2368" VPOS="7172" WIDTH="64"/>
						<String CONTENT="works" ID="St_1.1.36.7" HPOS="2480" VPOS="7176" HEIGHT="96" WIDTH="384" STYLEREFS="Style_14" WC="1" CC="00000"/>
						<SP ID="SP_1.1.36.8" HPOS="2832" VPOS="7184" WIDTH="72"/>
						<String CONTENT="consulted&quot;:" ID="St_1.1.36.9" HPOS="2948" VPOS="7176" HEIGHT="96" WIDTH="736" STYLEREFS="Style_14" WC="1" CC="00000000000"/>
						<SP ID="SP_1.1.36.10" HPOS="3668" VPOS="7184" WIDTH="60"/>
						<String CONTENT="p." ID="St_1.1.36.11" HPOS="3780" VPOS="7200" HEIGHT="92" WIDTH="100" STYLEREFS="Style_14" WC="1" CC="00"/>
						<SP ID="SP_1.1.36.12" HPOS="3864" VPOS="7208" WIDTH="56"/>
						<String CONTENT="viii" ID="St_1.1.36.13" HPOS="3964" VPOS="7176" HEIGHT="96" WIDTH="208" STYLEREFS="Style_14" WC="1" CC="0000"/>
						<String CONTENT=";" ID="St_1.1.36.14" HPOS="4216" VPOS="7204" HEIGHT="84" WIDTH="20" STYLEREFS="Style_14" WC="1" CC="0"/>
						<SP ID="SP_1.1.36.15" HPOS="4220" VPOS="7184" WIDTH="60"/>
						<String CONTENT="&quot;Chief" ID="St_1.1.36.16" HPOS="4332" VPOS="7176" HEIGHT="100" WIDTH="404" STYLEREFS="Style_14" WC="1" CC="000000"/>
						<SP ID="SP_1.1.36.17" HPOS="4704" VPOS="7172" WIDTH="72"/>
						<String CONTENT="authorities&quot;" ID="St_1.1.36.18" HPOS="4820" VPOS="7176" HEIGHT="100" WIDTH="772" STYLEREFS="Style_14" WC="1" CC="000000000000"/>
						<SP ID="SP_1.1.36.19" HPOS="5556" VPOS="7172" WIDTH="76"/>
						<String CONTENT="at" ID="St_1.1.36.20" HPOS="5680" VPOS="7184" HEIGHT="92" WIDTH="124" STYLEREFS="Style_14" WC="1" CC="00"/>
					</TextLine>
					<TextLine ID="TL_1.1.37" HPOS="1044" VPOS="7304" HEIGHT="120" WIDTH="1304">
						<String CONTENT="end" ID="St_1.1.37.1" HPOS="1044" VPOS="7312" HEIGHT="96" WIDTH="216" STYLEREFS="Style_14" WC="1" CC="000"/>
						<SP ID="SP_1.1.37.2" HPOS="1224" VPOS="7304" WIDTH="64"/>
						<String CONTENT="of" ID="St_1.1.37.3" HPOS="1316" VPOS="7312" HEIGHT="96" WIDTH="124" STYLEREFS="Style_14" WC="1" CC="00"/>
						<SP ID="SP_1.1.37.4" HPOS="1408" VPOS="7304" WIDTH="60"/>
						<String CONTENT="each" ID="St_1.1.37.5" HPOS="1496" VPOS="7312" HEIGHT="96" WIDTH="284" STYLEREFS="Style_14" WC="1" CC="0000"/>
						<SP ID="SP_1.1.37.6" HPOS="1740" VPOS="7304" WIDTH="68"/>
						<String CONTENT="chapter." ID="St_1.1.37.7" HPOS="1836" VPOS="7312" HEIGHT="112" WIDTH="512" STYLEREFS="Style_14" WC="1" CC="00000000"/>
					</TextLine>
					<TextLine ID="TL_1.1.38" HPOS="1048" VPOS="7464" HEIGHT="132" WIDTH="4756">
						<String CONTENT="&#169;" ID="St_1.1.38.1" HPOS="1048" VPOS="7468" HEIGHT="124" WIDTH="124" STYLEREFS="Style_14" WC="1" CC="0"/>
						<SP ID="SP_1.1.38.2" HPOS="1104" VPOS="7464" WIDTH="96"/>
						<String CONTENT="A" ID="St_1.1.38.3" HPOS="1236" VPOS="7480" HEIGHT="88" WIDTH="100" STYLEREFS="Style_14" WC="0.851111111111111" CC="0"/>
						<String CONTENT="ug" ID="St_1.1.38.4" HPOS="1344" VPOS="7504" HEIGHT="76" WIDTH="148" STYLEREFS="Style_14" WC="0.911111111111111" CC="00"/>
						<String CONTENT="." ID="St_1.1.38.5" HPOS="1504" VPOS="7556" HEIGHT="20" WIDTH="20" STYLEREFS="Style_14" WC="0.925555555555556" CC="0"/>
						<SP ID="SP_1.1.38.6" HPOS="1512" VPOS="7520" WIDTH="40"/>
						<String CONTENT="1" ID="St_1.1.38.7" HPOS="1588" VPOS="7480" HEIGHT="88" WIDTH="60" STYLEREFS="Style_14" WC="0.944444444444444" CC="0"/>
						<String CONTENT="5" ID="St_1.1.38.8" HPOS="1660" VPOS="7480" HEIGHT="88" WIDTH="56" STYLEREFS="Style_14" WC="0.95" CC="0"/>
						<String CONTENT="," ID="St_1.1.38.9" HPOS="1732" VPOS="7552" HEIGHT="28" WIDTH="20" STYLEREFS="Style_14" WC="0.955555555555556" CC="0"/>
						<SP ID="SP_1.1.38.10" HPOS="1740" VPOS="7516" WIDTH="44"/>
						<String CONTENT="19" ID="St_1.1.38.11" HPOS="1820" VPOS="7476" HEIGHT="92" WIDTH="128" STYLEREFS="Style_14" WC="0.965555555555556" CC="00"/>
						<String CONTENT="27;" ID="St_1.1.38.12" HPOS="1956" VPOS="7480" HEIGHT="108" WIDTH="196" STYLEREFS="Style_14" WC="0.972222222222222" CC="000"/>
						<SP ID="SP_1.1.38.13" HPOS="2140" VPOS="7492" WIDTH="48"/>
						<String CONTENT="2" ID="St_1.1.38.14" HPOS="2224" VPOS="7476" HEIGHT="92" WIDTH="60" STYLEREFS="Style_14" WC="0.974444444444444" CC="0"/>
						<String CONTENT="c" ID="St_1.1.38.15" HPOS="2296" VPOS="7504" HEIGHT="68" WIDTH="52" STYLEREFS="Style_14" WC="0.975555555555556" CC="0"/>
						<String CONTENT="." ID="St_1.1.38.16" HPOS="2364" VPOS="7552" HEIGHT="20" WIDTH="20" STYLEREFS="Style_14" WC="0.977777777777778" CC="0"/>
						<SP ID="SP_1.1.38.17" HPOS="2372" VPOS="7516" WIDTH="40"/>
						<String CONTENT="A" ID="St_1.1.38.18" HPOS="2448" VPOS="7480" HEIGHT="88" WIDTH="100" STYLEREFS="Style_14" WC="0.978888888888889" CC="0"/>
						<String CONTENT="u" ID="St_1.1.38.19" HPOS="2556" VPOS="7504" HEIGHT="68" WIDTH="68" STYLEREFS="Style_14" WC="0.98" CC="0"/>
						<String CONTENT="g." ID="St_1.1.38.20" HPOS="2636" VPOS="7504" HEIGHT="88" WIDTH="96" STYLEREFS="Style_14" WC="0.982222222222222" CC="00"/>
						<SP ID="SP_1.1.38.21" HPOS="2720" VPOS="7520" WIDTH="40"/>
						<String CONTENT="17;" ID="St_1.1.38.22" HPOS="2800" VPOS="7480" HEIGHT="108" WIDTH="196" STYLEREFS="Style_14" WC="0.984444444444444" CC="000"/>
						<SP ID="SP_1.1.38.23" HPOS="2980" VPOS="7492" WIDTH="48"/>
						<String CONTENT="a" ID="St_1.1.38.24" HPOS="3068" VPOS="7492" HEIGHT="80" WIDTH="56" STYLEREFS="Style_14" WC="0.966666666666667" CC="5"/>
						<String CONTENT="f" ID="St_1.1.38.25" HPOS="3140" VPOS="7476" HEIGHT="92" WIDTH="52" STYLEREFS="Style_14" WC="0.967777777777778" CC="0"/>
						<String CONTENT="f." ID="St_1.1.38.26" HPOS="3176" VPOS="7480" HEIGHT="96" WIDTH="88" STYLEREFS="Style_14" WC="0.97" CC="00"/>
						<SP ID="SP_1.1.38.27" HPOS="3248" VPOS="7520" WIDTH="48"/>
						<String CONTENT="Aug." ID="St_1.1.38.28" HPOS="3332" VPOS="7484" HEIGHT="108" WIDTH="284" STYLEREFS="Style_14" WC="0.973333333333333" CC="0000"/>
						<SP ID="SP_1.1.38.29" HPOS="3604" VPOS="7520" WIDTH="44"/>
						<String CONTENT="18;" ID="St_1.1.38.30" HPOS="3684" VPOS="7480" HEIGHT="112" WIDTH="192" STYLEREFS="Style_14" WC="0.961111111111111" CC="330"/>
						<SP ID="SP_1.1.38.31" HPOS="3864" VPOS="7492" WIDTH="48"/>
						<String CONTENT="A" ID="St_1.1.38.32" HPOS="3952" VPOS="7480" HEIGHT="92" WIDTH="96" STYLEREFS="Style_14" WC="0.962222222222222" CC="0"/>
						<SP ID="SP_1.1.38.33" HPOS="3996" VPOS="7480" WIDTH="84"/>
						<String CONTENT="996" ID="St_1.1.38.34" HPOS="4116" VPOS="7480" HEIGHT="96" WIDTH="200" STYLEREFS="Style_14" WC="0.965555555555556" CC="000"/>
						<String CONTENT="78" ID="St_1.1.38.35" HPOS="4328" VPOS="7480" HEIGHT="96" WIDTH="136" STYLEREFS="Style_14" WC="0.966666666666667" CC="00"/>
						<String CONTENT="5" ID="St_1.1.38.36" HPOS="4468" VPOS="7484" HEIGHT="92" WIDTH="68" STYLEREFS="Style_14" WC="0.967777777777778" CC="0"/>
						<String CONTENT=";" ID="St_1.1.38.37" HPOS="4572" VPOS="7504" HEIGHT="88" WIDTH="20" STYLEREFS="Style_14" WC="0.967777777777778" CC="0"/>
						<SP ID="SP_1.1.38.38" HPOS="4576" VPOS="7492" WIDTH="52"/>
						<String CONTENT="Henry" ID="St_1.1.38.39" HPOS="4668" VPOS="7484" HEIGHT="112" WIDTH="400" STYLEREFS="Style_14" WC="0.971111111111111" CC="00000"/>
						<SP ID="SP_1.1.38.40" HPOS="5028" VPOS="7496" WIDTH="68"/>
						<String CONTENT="H" ID="St_1.1.38.41" HPOS="5136" VPOS="7484" HEIGHT="92" WIDTH="108" STYLEREFS="Style_14" WC="0.966666666666667" CC="3"/>
						<String CONTENT="o" ID="St_1.1.38.42" HPOS="5260" VPOS="7508" HEIGHT="68" WIDTH="60" STYLEREFS="Style_14" WC="0.962222222222222" CC="3"/>
						<String CONTENT="lt" ID="St_1.1.38.43" HPOS="5324" VPOS="7484" HEIGHT="92" WIDTH="96" STYLEREFS="Style_14" WC="0.957777777777778" CC="30"/>
						<SP ID="SP_1.1.38.44" HPOS="5392" VPOS="7484" WIDTH="56"/>
						<String CONTENT="&amp;" ID="St_1.1.38.45" HPOS="5488" VPOS="7480" HEIGHT="96" WIDTH="88" STYLEREFS="Style_14" WC="0.958888888888889" CC="0"/>
						<SP ID="SP_1.1.38.46" HPOS="5524" VPOS="7480" WIDTH="80"/>
						<String CONTENT="co" ID="St_1.1.38.47" HPOS="5640" VPOS="7504" HEIGHT="72" WIDTH="128" STYLEREFS="Style_14" WC="0.961111111111111" CC="00"/>
						<String CONTENT="." ID="St_1.1.38.48" HPOS="5780" VPOS="7556" HEIGHT="24" WIDTH="24" STYLEREFS="Style_14" WC="0.961111111111111" CC="0"/>
					</TextLine>
					<TextLine ID="TL_1.1.39" HPOS="1232" VPOS="7612" HEIGHT="132" WIDTH="4372">
						<String CONTENT="(27-17554)" ID="St_1.1.39.1" HPOS="1232" VPOS="7612" HEIGHT="120" WIDTH="672" STYLEREFS="Style_14" WC="1" CC="0000000000"/>
						<SP ID="SP_1.1.39.2" HPOS="1884" VPOS="7636" WIDTH="3436"/>
						<String CONTENT="6696" ID="St_1.1.39.3" HPOS="5320" VPOS="7612" HEIGHT="104" WIDTH="284" STYLEREFS="Style_14" WC="0.667777777777778" CC="0000"/>
					</TextLine>
					<TextLine ID="TL_1.1.40" HPOS="1052" VPOS="7832" HEIGHT="156" WIDTH="1944">
						<String CONTENT="[" ID="St_1.1.40.1" HPOS="1052" VPOS="7868" HEIGHT="100" WIDTH="44" STYLEREFS="Style_14" WC="0.555555555555556" CC="4"/>
						<String CONTENT="Eas" ID="St_1.1.40.2" HPOS="1100" VPOS="7832" HEIGHT="128" WIDTH="280" STYLEREFS="Style_14" WC="0.888888888888889" CC="000"/>
						<String CONTENT="t" ID="St_1.1.40.3" HPOS="1396" VPOS="7840" HEIGHT="120" WIDTH="56" STYLEREFS="Style_14" WC="0.911111111111111" CC="0"/>
						<String CONTENT="man," ID="St_1.1.40.4" HPOS="1464" VPOS="7876" HEIGHT="108" WIDTH="372" STYLEREFS="Style_14" WC="0.95" CC="0000"/>
						<SP ID="SP_1.1.40.5" HPOS="1816" VPOS="7876" WIDTH="56"/>
						<String CONTENT="George]" ID="St_1.1.40.6" HPOS="1912" VPOS="7832" HEIGHT="156" WIDTH="640" STYLEREFS="Style_14" WC="0.973333333333333" CC="0000000"/>
						<SP ID="SP_1.1.40.7" HPOS="2480" VPOS="7872" WIDTH="60"/>
						<String CONTENT="1854" ID="St_1.1.40.8" HPOS="2588" VPOS="7844" HEIGHT="116" WIDTH="328" STYLEREFS="Style_14" WC="0.978888888888889" CC="0000"/>
						<String CONTENT="&#150;" ID="St_1.1.40.9" HPOS="2920" VPOS="7916" HEIGHT="12" WIDTH="76" STYLEREFS="Style_14" WC="0.98" CC="0"/>
					</TextLine>
					<TextLine ID="TL_1.1.41" HPOS="1212" VPOS="8016" HEIGHT="168" WIDTH="4592">
						<String CONTENT="Chronicles" ID="St_1.1.41.1" HPOS="1212" VPOS="8016" HEIGHT="128" WIDTH="788" STYLEREFS="Style_14" WC="1" CC="0000000000"/>
						<SP ID="SP_1.1.41.2" HPOS="1968" VPOS="8044" WIDTH="84"/>
						<String CONTENT="of" ID="St_1.1.41.3" HPOS="2112" VPOS="8020" HEIGHT="124" WIDTH="152" STYLEREFS="Style_14" WC="1" CC="00"/>
						<SP ID="SP_1.1.41.4" HPOS="2228" VPOS="8020" WIDTH="88"/>
						<String CONTENT="an" ID="St_1.1.41.5" HPOS="2372" VPOS="8064" HEIGHT="80" WIDTH="176" STYLEREFS="Style_14" WC="1" CC="00"/>
						<SP ID="SP_1.1.41.6" HPOS="2500" VPOS="8044" WIDTH="100"/>
						<String CONTENT="African" ID="St_1.1.41.7" HPOS="2656" VPOS="8020" HEIGHT="128" WIDTH="596" STYLEREFS="Style_14" WC="1" CC="0000000"/>
						<SP ID="SP_1.1.41.8" HPOS="3200" VPOS="8044" WIDTH="100"/>
						<String CONTENT="trip." ID="St_1.1.41.9" HPOS="3356" VPOS="8024" HEIGHT="160" WIDTH="328" STYLEREFS="Style_14" WC="1" CC="00000"/>
						<SP ID="SP_1.1.41.10" HPOS="3668" VPOS="8072" WIDTH="108"/>
						<String CONTENT="[Rochester," ID="St_1.1.41.11" HPOS="3876" VPOS="8024" HEIGHT="160" WIDTH="816" STYLEREFS="Style_14" WC="0.988888888888889" CC="40000000000"/>
						<SP ID="SP_1.1.41.12" HPOS="4672" VPOS="8076" WIDTH="72"/>
						<String CONTENT="N." ID="St_1.1.41.13" HPOS="4804" VPOS="8024" HEIGHT="124" WIDTH="168" STYLEREFS="Style_14" WC="0.99" CC="00"/>
						<SP ID="SP_1.1.41.14" HPOS="4952" VPOS="8076" WIDTH="76"/>
						<String CONTENT="Y.]" ID="St_1.1.41.15" HPOS="5084" VPOS="8024" HEIGHT="160" WIDTH="216" STYLEREFS="Style_14" WC="0.974444444444444" CC="007"/>
						<SP ID="SP_1.1.41.16" HPOS="5280" VPOS="8064" WIDTH="80"/>
						<String CONTENT="Priv." ID="St_1.1.41.17" HPOS="5428" VPOS="8020" HEIGHT="128" WIDTH="376" STYLEREFS="Style_14" WC="0.977777777777778" CC="00000"/>
					</TextLine>
					<TextLine ID="TL_1.1.42" HPOS="1044" VPOS="8200" HEIGHT="164" WIDTH="2072">
						<String CONTENT="print." ID="St_1.1.42.1" HPOS="1044" VPOS="8204" HEIGHT="160" WIDTH="412" STYLEREFS="Style_14" WC="0.925555555555556" CC="400000"/>
						<SP ID="SP_1.1.42.2" HPOS="1444" VPOS="8272" WIDTH="52"/>
						<String CONTENT="for" ID="St_1.1.42.3" HPOS="1540" VPOS="8200" HEIGHT="128" WIDTH="228" STYLEREFS="Style_14" WC="0.955555555555556" CC="000"/>
						<SP ID="SP_1.1.42.4" HPOS="1728" VPOS="8248" WIDTH="68"/>
						<String CONTENT="the" ID="St_1.1.42.5" HPOS="1836" VPOS="8204" HEIGHT="124" WIDTH="228" STYLEREFS="Style_14" WC="0.967777777777778" CC="000"/>
						<SP ID="SP_1.1.42.6" HPOS="2028" VPOS="8248" WIDTH="72"/>
						<String CONTENT="author," ID="St_1.1.42.7" HPOS="2140" VPOS="8204" HEIGHT="160" WIDTH="536" STYLEREFS="Style_14" WC="0.978888888888889" CC="0000000"/>
						<SP ID="SP_1.1.42.8" HPOS="2660" VPOS="8272" WIDTH="56"/>
						<String CONTENT="1927." ID="St_1.1.42.9" HPOS="2756" VPOS="8208" HEIGHT="128" WIDTH="360" STYLEREFS="Style_14" WC="0.983333333333333" CC="00000"/>
					</TextLine>
					<TextLine ID="TL_1.1.43" HPOS="1204" VPOS="8400" HEIGHT="120" WIDTH="3552">
						<String CONTENT="3" ID="St_1.1.43.1" HPOS="1204" VPOS="8404" HEIGHT="92" WIDTH="64" STYLEREFS="Style_14" WC="1" CC="0"/>
						<SP ID="SP_1.1.43.2" HPOS="1232" VPOS="8400" WIDTH="68"/>
						<String CONTENT="p." ID="St_1.1.43.3" HPOS="1332" VPOS="8428" HEIGHT="88" WIDTH="100" STYLEREFS="Style_14" WC="1" CC="00"/>
						<SP ID="SP_1.1.43.4" HPOS="1420" VPOS="8436" WIDTH="40"/>
						<String CONTENT="l" ID="St_1.1.43.5" HPOS="1496" VPOS="8404" HEIGHT="88" WIDTH="36" STYLEREFS="Style_14" WC="1" CC="0"/>
						<String CONTENT=".," ID="St_1.1.43.6" HPOS="1548" VPOS="8476" HEIGHT="40" WIDTH="52" STYLEREFS="Style_14" WC="1" CC="00"/>
						<SP ID="SP_1.1.43.7" HPOS="1588" VPOS="8436" WIDTH="44"/>
						<String CONTENT="9" ID="St_1.1.43.8" HPOS="1668" VPOS="8400" HEIGHT="96" WIDTH="60" STYLEREFS="Style_14" WC="1" CC="0"/>
						<String CONTENT="&#150;" ID="St_1.1.43.9" HPOS="1732" VPOS="8456" HEIGHT="12" WIDTH="72" STYLEREFS="Style_14" WC="1" CC="0"/>
						<String CONTENT="87" ID="St_1.1.43.10" HPOS="1808" VPOS="8404" HEIGHT="92" WIDTH="128" STYLEREFS="Style_14" WC="1" CC="00"/>
						<SP ID="SP_1.1.43.11" HPOS="1904" VPOS="8400" WIDTH="64"/>
						<String CONTENT="p.," ID="St_1.1.43.12" HPOS="2004" VPOS="8428" HEIGHT="88" WIDTH="136" STYLEREFS="Style_14" WC="1" CC="000"/>
						<SP ID="SP_1.1.43.13" HPOS="2124" VPOS="8436" WIDTH="44"/>
						<String CONTENT="1" ID="St_1.1.43.14" HPOS="2200" VPOS="8408" HEIGHT="88" WIDTH="60" STYLEREFS="Style_14" WC="1" CC="0"/>
						<SP ID="SP_1.1.43.15" HPOS="2228" VPOS="8400" WIDTH="60"/>
						<String CONTENT="l" ID="St_1.1.43.16" HPOS="2320" VPOS="8408" HEIGHT="88" WIDTH="36" STYLEREFS="Style_14" WC="1" CC="0"/>
						<String CONTENT="." ID="St_1.1.43.17" HPOS="2372" VPOS="8480" HEIGHT="20" WIDTH="20" STYLEREFS="Style_14" WC="1" CC="0"/>
						<SP ID="SP_1.1.43.18" HPOS="2376" VPOS="8436" WIDTH="84"/>
						<String CONTENT="1" ID="St_1.1.43.19" HPOS="2536" VPOS="8408" HEIGHT="88" WIDTH="60" STYLEREFS="Style_14" WC="1" CC="0"/>
						<SP ID="SP_1.1.43.20" HPOS="2564" VPOS="8400" WIDTH="60"/>
						<String CONTENT="illus.," ID="St_1.1.43.21" HPOS="2660" VPOS="8404" HEIGHT="112" WIDTH="340" STYLEREFS="Style_14" WC="1" CC="0000000"/>
						<SP ID="SP_1.1.43.22" HPOS="2984" VPOS="8436" WIDTH="44"/>
						<String CONTENT="plates," ID="St_1.1.43.23" HPOS="3068" VPOS="8408" HEIGHT="112" WIDTH="404" STYLEREFS="Style_14" WC="1" CC="0000000"/>
						<SP ID="SP_1.1.43.24" HPOS="3456" VPOS="8436" WIDTH="44"/>
						<String CONTENT="ports." ID="St_1.1.43.25" HPOS="3540" VPOS="8412" HEIGHT="108" WIDTH="352" STYLEREFS="Style_14" WC="1" CC="000000"/>
						<SP ID="SP_1.1.43.26" HPOS="3880" VPOS="8436" WIDTH="80"/>
						<String CONTENT="24&#189;&#x0368;&#x036b;." ID="St_1.1.43.27" HPOS="4036" VPOS="8404" HEIGHT="104" WIDTH="720" STYLEREFS="Style_14" WC="0.997777777777778" CC="000001"/>
					</TextLine>
					<TextLine ID="TL_1.1.44" HPOS="1212" VPOS="8564" HEIGHT="116" WIDTH="1484">
						<String CONTENT="Maps" ID="St_1.1.44.1" HPOS="1212" VPOS="8568" HEIGHT="108" WIDTH="328" STYLEREFS="Style_14" WC="1" CC="0000"/>
						<SP ID="SP_1.1.44.2" HPOS="1508" VPOS="8576" WIDTH="64"/>
						<String CONTENT="on" ID="St_1.1.44.3" HPOS="1612" VPOS="8592" HEIGHT="68" WIDTH="148" STYLEREFS="Style_14" WC="1" CC="00"/>
						<SP ID="SP_1.1.44.4" HPOS="1720" VPOS="8576" WIDTH="72"/>
						<String CONTENT="lining-papers." ID="St_1.1.44.5" HPOS="1828" VPOS="8564" HEIGHT="116" WIDTH="868" STYLEREFS="Style_14" WC="1" CC="00000000000000"/>
					</TextLine>
					<TextLine ID="TL_1.1.45" HPOS="1212" VPOS="8696" HEIGHT="120" WIDTH="2168">
						<String CONTENT="Letters" ID="St_1.1.45.1" HPOS="1212" VPOS="8700" HEIGHT="96" WIDTH="456" STYLEREFS="Style_14" WC="1" CC="0000000"/>
						<SP ID="SP_1.1.45.2" HPOS="1636" VPOS="8708" WIDTH="64"/>
						<String CONTENT="signed:" ID="St_1.1.45.3" HPOS="1736" VPOS="8696" HEIGHT="116" WIDTH="464" STYLEREFS="Style_14" WC="1" CC="0000000"/>
						<SP ID="SP_1.1.45.4" HPOS="2184" VPOS="8708" WIDTH="52"/>
						<String CONTENT="George" ID="St_1.1.45.5" HPOS="2280" VPOS="8700" HEIGHT="116" WIDTH="436" STYLEREFS="Style_14" WC="1" CC="000000"/>
						<SP ID="SP_1.1.45.6" HPOS="2680" VPOS="8708" WIDTH="68"/>
						<String CONTENT="Eastman." ID="St_1.1.45.7" HPOS="2784" VPOS="8704" HEIGHT="96" WIDTH="596" STYLEREFS="Style_14" WC="1" CC="00000000"/>
					</TextLine>
					<TextLine ID="TL_1.1.46" HPOS="1212" VPOS="8828" HEIGHT="132" WIDTH="4584">
						<String CONTENT="&quot;The" ID="St_1.1.46.1" HPOS="1212" VPOS="8832" HEIGHT="96" WIDTH="304" STYLEREFS="Style_14" WC="1" CC="0000"/>
						<SP ID="SP_1.1.46.2" HPOS="1484" VPOS="8836" WIDTH="84"/>
						<String CONTENT="&#133;" ID="St_1.1.46.3" HPOS="1596" VPOS="8828" HEIGHT="108" WIDTH="68" STYLEREFS="Style_14" WC="1" CC="0"/>
						<SP ID="SP_1.1.46.4" HPOS="1720" VPOS="8884" WIDTH="60"/>
						<String CONTENT="letters" ID="St_1.1.46.5" HPOS="1832" VPOS="8836" HEIGHT="92" WIDTH="408" STYLEREFS="Style_14" WC="1" CC="0000000"/>
						<SP ID="SP_1.1.46.6" HPOS="2208" VPOS="8840" WIDTH="72"/>
						<String CONTENT="chronicle" ID="St_1.1.46.7" HPOS="2332" VPOS="8832" HEIGHT="96" WIDTH="580" STYLEREFS="Style_14" WC="1" CC="000000000"/>
						<SP ID="SP_1.1.46.8" HPOS="2880" VPOS="8840" WIDTH="76"/>
						<String CONTENT="the" ID="St_1.1.46.9" HPOS="3004" VPOS="8840" HEIGHT="88" WIDTH="192" STYLEREFS="Style_14" WC="1" CC="000"/>
						<SP ID="SP_1.1.46.10" HPOS="3164" VPOS="8840" WIDTH="80"/>
						<String CONTENT="adventures" ID="St_1.1.46.11" HPOS="3296" VPOS="8840" HEIGHT="96" WIDTH="700" STYLEREFS="Style_14" WC="1" CC="0000000000"/>
						<SP ID="SP_1.1.46.12" HPOS="3964" VPOS="8844" WIDTH="72"/>
						<String CONTENT="of" ID="St_1.1.46.13" HPOS="4088" VPOS="8840" HEIGHT="96" WIDTH="124" STYLEREFS="Style_14" WC="1" CC="00"/>
						<SP ID="SP_1.1.46.14" HPOS="4180" VPOS="8828" WIDTH="72"/>
						<String CONTENT="a" ID="St_1.1.46.15" HPOS="4300" VPOS="8864" HEIGHT="72" WIDTH="72" STYLEREFS="Style_14" WC="1" CC="0"/>
						<SP ID="SP_1.1.46.16" HPOS="4332" VPOS="8840" WIDTH="80"/>
						<String CONTENT="party-consisting" ID="St_1.1.46.17" HPOS="4460" VPOS="8840" HEIGHT="120" WIDTH="1128" STYLEREFS="Style_14" WC="1" CC="0000000000000000"/>
						<SP ID="SP_1.1.46.18" HPOS="5544" VPOS="8844" WIDTH="84"/>
						<String CONTENT="of" ID="St_1.1.46.19" HPOS="5676" VPOS="8840" HEIGHT="100" WIDTH="120" STYLEREFS="Style_14" WC="1" CC="00"/>
					</TextLine>
					<TextLine ID="TL_1.1.47" HPOS="1048" VPOS="8956" HEIGHT="128" WIDTH="4752">
						<String CONTENT="Danie" ID="St_1.1.47.1" HPOS="1048" VPOS="8964" HEIGHT="96" WIDTH="372" STYLEREFS="Style_14" WC="1" CC="00000"/>
						<String CONTENT="l&apos;" ID="St_1.1.47.2" HPOS="1428" VPOS="8956" HEIGHT="100" WIDTH="72" STYLEREFS="Style_14" WC="0.888888888888889" CC="07"/>
						<SP ID="SP_1.1.47.3" HPOS="1496" VPOS="8976" WIDTH="44"/>
						<String CONTENT="E." ID="St_1.1.47.4" HPOS="1572" VPOS="8968" HEIGHT="92" WIDTH="124" STYLEREFS="Style_14" WC="0.922222222222222" CC="00"/>
						<SP ID="SP_1.1.47.5" HPOS="1680" VPOS="8996" WIDTH="64"/>
						<String CONTENT="P" ID="St_1.1.47.6" HPOS="1800" VPOS="8964" HEIGHT="96" WIDTH="92" STYLEREFS="Style_14" WC="0.934444444444444" CC="0"/>
						<String CONTENT="o" ID="St_1.1.47.7" HPOS="1900" VPOS="8992" HEIGHT="68" WIDTH="60" STYLEREFS="Style_14" WC="0.94" CC="0"/>
						<String CONTENT="mer" ID="St_1.1.47.8" HPOS="1972" VPOS="8992" HEIGHT="68" WIDTH="244" STYLEREFS="Style_14" WC="0.951111111111111" CC="000"/>
						<String CONTENT="o" ID="St_1.1.47.9" HPOS="2224" VPOS="8992" HEIGHT="68" WIDTH="60" STYLEREFS="Style_14" WC="0.953333333333333" CC="0"/>
						<String CONTENT="y" ID="St_1.1.47.10" HPOS="2296" VPOS="8992" HEIGHT="84" WIDTH="68" STYLEREFS="Style_14" WC="0.956666666666667" CC="0"/>
						<SP ID="SP_1.1.47.11" HPOS="2328" VPOS="8972" WIDTH="92"/>
						<String CONTENT="&#133;" ID="St_1.1.47.12" HPOS="2440" VPOS="8968" HEIGHT="104" WIDTH="72" STYLEREFS="Style_14" WC="0.961111111111111" CC="0"/>
						<SP ID="SP_1.1.47.13" HPOS="2568" VPOS="9020" WIDTH="68"/>
						<String CONTENT="Dr." ID="St_1.1.47.14" HPOS="2700" VPOS="8972" HEIGHT="92" WIDTH="200" STYLEREFS="Style_14" WC="0.966666666666667" CC="000"/>
						<SP ID="SP_1.1.47.15" HPOS="2884" VPOS="8996" WIDTH="64"/>
						<String CONTENT="Audley" ID="St_1.1.47.16" HPOS="3004" VPOS="8972" HEIGHT="112" WIDTH="452" STYLEREFS="Style_14" WC="0.974444444444444" CC="000000"/>
						<SP ID="SP_1.1.47.17" HPOS="3416" VPOS="8976" WIDTH="88"/>
						<String CONTENT="D." ID="St_1.1.47.18" HPOS="3560" VPOS="8972" HEIGHT="92" WIDTH="132" STYLEREFS="Style_14" WC="0.976666666666667" CC="00"/>
						<SP ID="SP_1.1.47.19" HPOS="3680" VPOS="9000" WIDTH="68"/>
						<String CONTENT="Stewart" ID="St_1.1.47.20" HPOS="3808" VPOS="8972" HEIGHT="96" WIDTH="500" STYLEREFS="Style_14" WC="0.981111111111111" CC="0000000"/>
						<SP ID="SP_1.1.47.21" HPOS="4280" VPOS="8968" WIDTH="80"/>
						<String CONTENT="&#133;" ID="St_1.1.47.22" HPOS="4408" VPOS="8968" HEIGHT="104" WIDTH="72" STYLEREFS="Style_14" WC="0.982222222222222" CC="0"/>
						<SP ID="SP_1.1.47.23" HPOS="4508" VPOS="9024" WIDTH="68"/>
						<String CONTENT="and" ID="St_1.1.47.24" HPOS="4636" VPOS="8976" HEIGHT="96" WIDTH="224" STYLEREFS="Style_14" WC="0.983333333333333" CC="000"/>
						<SP ID="SP_1.1.47.25" HPOS="4820" VPOS="8964" WIDTH="88"/>
						<String CONTENT="the" ID="St_1.1.47.26" HPOS="4964" VPOS="8976" HEIGHT="96" WIDTH="192" STYLEREFS="Style_14" WC="0.984444444444444" CC="000"/>
						<SP ID="SP_1.1.47.27" HPOS="5124" VPOS="8976" WIDTH="80"/>
						<String CONTENT="writer-" ID="St_1.1.47.28" HPOS="5260" VPOS="8976" HEIGHT="96" WIDTH="540" STYLEREFS="Style_14" WC="0.986666666666667" CC="0000000"/>
					</TextLine>
					<TextLine ID="TL_1.1.48" HPOS="1044" VPOS="9092" HEIGHT="124" WIDTH="3280">
						<String CONTENT="which" ID="St_1.1.48.1" HPOS="1044" VPOS="9092" HEIGHT="100" WIDTH="376" STYLEREFS="Style_14" WC="1" CC="00000"/>
						<SP ID="SP_1.1.48.2" HPOS="1380" VPOS="9096" WIDTH="68"/>
						<String CONTENT="left" ID="St_1.1.48.3" HPOS="1480" VPOS="9096" HEIGHT="96" WIDTH="220" STYLEREFS="Style_14" WC="1" CC="0000"/>
						<SP ID="SP_1.1.48.4" HPOS="1672" VPOS="9096" WIDTH="56"/>
						<String CONTENT="New" ID="St_1.1.48.5" HPOS="1756" VPOS="9100" HEIGHT="92" WIDTH="280" STYLEREFS="Style_14" WC="1" CC="000"/>
						<SP ID="SP_1.1.48.6" HPOS="1980" VPOS="9108" WIDTH="84"/>
						<String CONTENT="York" ID="St_1.1.48.7" HPOS="2100" VPOS="9100" HEIGHT="96" WIDTH="308" STYLEREFS="Style_14" WC="1" CC="0000"/>
						<SP ID="SP_1.1.48.8" HPOS="2368" VPOS="9096" WIDTH="72"/>
						<String CONTENT="on" ID="St_1.1.48.9" HPOS="2476" VPOS="9124" HEIGHT="72" WIDTH="144" STYLEREFS="Style_14" WC="1" CC="00"/>
						<SP ID="SP_1.1.48.10" HPOS="2580" VPOS="9108" WIDTH="68"/>
						<String CONTENT="the" ID="St_1.1.48.11" HPOS="2680" VPOS="9104" HEIGHT="92" WIDTH="192" STYLEREFS="Style_14" WC="1" CC="000"/>
						<SP ID="SP_1.1.48.12" HPOS="2840" VPOS="9108" WIDTH="60"/>
						<String CONTENT="13th" ID="St_1.1.48.13" HPOS="2932" VPOS="9104" HEIGHT="92" WIDTH="268" STYLEREFS="Style_14" WC="1" CC="0000"/>
						<SP ID="SP_1.1.48.14" HPOS="3156" VPOS="9096" WIDTH="72"/>
						<String CONTENT="of" ID="St_1.1.48.15" HPOS="3260" VPOS="9100" HEIGHT="96" WIDTH="124" STYLEREFS="Style_14" WC="1" CC="00"/>
						<SP ID="SP_1.1.48.16" HPOS="3352" VPOS="9096" WIDTH="60"/>
						<String CONTENT="March," ID="St_1.1.48.17" HPOS="3448" VPOS="9108" HEIGHT="108" WIDTH="432" STYLEREFS="Style_14" WC="1" CC="000000"/>
						<SP ID="SP_1.1.48.18" HPOS="3864" VPOS="9136" WIDTH="44"/>
						<String CONTENT="1926.&quot;" ID="St_1.1.48.19" HPOS="3948" VPOS="9104" HEIGHT="100" WIDTH="376" STYLEREFS="Style_14" WC="1" CC="000000"/>
					</TextLine>
					<TextLine ID="TL_1.1.49" HPOS="1056" VPOS="9220" HEIGHT="168" WIDTH="4740">
						<String CONTENT="&#169;" ID="St_1.1.49.1" HPOS="1056" VPOS="9220" HEIGHT="112" WIDTH="116" STYLEREFS="Style_14" WC="0.222222222222222" CC="7"/>
						<SP ID="SP_1.1.49.2" HPOS="1112" VPOS="9236" WIDTH="100"/>
						<String CONTENT="July" ID="St_1.1.49.3" HPOS="1248" VPOS="9264" HEIGHT="108" WIDTH="276" STYLEREFS="Style_14" WC="0.795555555555556" CC="0000"/>
						<SP ID="SP_1.1.49.4" HPOS="1488" VPOS="9264" WIDTH="64"/>
						<String CONTENT="6" ID="St_1.1.49.5" HPOS="1588" VPOS="9252" HEIGHT="92" WIDTH="56" STYLEREFS="Style_14" WC="0.777777777777778" CC="5"/>
						<String CONTENT="," ID="St_1.1.49.6" HPOS="1660" VPOS="9336" HEIGHT="40" WIDTH="20" STYLEREFS="Style_14" WC="0.802222222222222" CC="0"/>
						<SP ID="SP_1.1.49.7" HPOS="1664" VPOS="9288" WIDTH="48"/>
						<String CONTENT="1" ID="St_1.1.49.8" HPOS="1752" VPOS="9264" HEIGHT="88" WIDTH="56" STYLEREFS="Style_14" WC="0.837777777777778" CC="0"/>
						<String CONTENT="9" ID="St_1.1.49.9" HPOS="1820" VPOS="9260" HEIGHT="96" WIDTH="64" STYLEREFS="Style_14" WC="0.851111111111111" CC="0"/>
						<String CONTENT="2" ID="St_1.1.49.10" HPOS="1888" VPOS="9264" HEIGHT="92" WIDTH="64" STYLEREFS="Style_14" WC="0.862222222222222" CC="0"/>
						<String CONTENT="7" ID="St_1.1.49.11" HPOS="1964" VPOS="9268" HEIGHT="88" WIDTH="56" STYLEREFS="Style_14" WC="0.872222222222222" CC="0"/>
						<String CONTENT=";" ID="St_1.1.49.12" HPOS="2064" VPOS="9288" HEIGHT="84" WIDTH="20" STYLEREFS="Style_14" WC="0.881111111111111" CC="0"/>
						<SP ID="SP_1.1.49.13" HPOS="2068" VPOS="9264" WIDTH="48"/>
						<String CONTENT="2c." ID="St_1.1.49.14" HPOS="2156" VPOS="9264" HEIGHT="96" WIDTH="164" STYLEREFS="Style_14" WC="0.905555555555556" CC="000"/>
						<SP ID="SP_1.1.49.15" HPOS="2304" VPOS="9292" WIDTH="44"/>
						<String CONTENT="and" ID="St_1.1.49.16" HPOS="2384" VPOS="9268" HEIGHT="92" WIDTH="228" STYLEREFS="Style_14" WC="0.922222222222222" CC="000"/>
						<SP ID="SP_1.1.49.17" HPOS="2572" VPOS="9256" WIDTH="68"/>
						<String CONTENT="aff." ID="St_1.1.49.18" HPOS="2680" VPOS="9264" HEIGHT="100" WIDTH="196" STYLEREFS="Style_14" WC="0.935555555555556" CC="0000"/>
						<SP ID="SP_1.1.49.19" HPOS="2860" VPOS="9292" WIDTH="44"/>
						<String CONTENT="Aug." ID="St_1.1.49.20" HPOS="2944" VPOS="9268" HEIGHT="116" WIDTH="284" STYLEREFS="Style_14" WC="0.945555555555556" CC="0000"/>
						<SP ID="SP_1.1.49.21" HPOS="3212" VPOS="9292" WIDTH="44"/>
						<String CONTENT="15;" ID="St_1.1.49.22" HPOS="3292" VPOS="9268" HEIGHT="112" WIDTH="196" STYLEREFS="Style_14" WC="0.951111111111111" CC="000"/>
						<SP ID="SP_1.1.49.23" HPOS="3468" VPOS="9268" WIDTH="52"/>
						<String CONTENT="A" ID="St_1.1.49.24" HPOS="3560" VPOS="9268" HEIGHT="96" WIDTH="96" STYLEREFS="Style_14" WC="0.953333333333333" CC="0"/>
						<SP ID="SP_1.1.49.25" HPOS="3604" VPOS="9256" WIDTH="80"/>
						<String CONTENT="99" ID="St_1.1.49.26" HPOS="3724" VPOS="9268" HEIGHT="96" WIDTH="140" STYLEREFS="Style_14" WC="0.956666666666667" CC="00"/>
						<String CONTENT="9" ID="St_1.1.49.27" HPOS="3864" VPOS="9268" HEIGHT="96" WIDTH="68" STYLEREFS="Style_14" WC="0.957777777777778" CC="0"/>
						<String CONTENT="347;" ID="St_1.1.49.28" HPOS="3932" VPOS="9272" HEIGHT="112" WIDTH="264" STYLEREFS="Style_14" WC="0.961111111111111" CC="0000"/>
						<SP ID="SP_1.1.49.29" HPOS="4180" VPOS="9268" WIDTH="52"/>
						<String CONTENT="G." ID="St_1.1.49.30" HPOS="4276" VPOS="9272" HEIGHT="100" WIDTH="124" STYLEREFS="Style_14" WC="0.955555555555556" CC="40"/>
						<SP ID="SP_1.1.49.31" HPOS="4384" VPOS="9296" WIDTH="48"/>
						<String CONTENT="Eastman," ID="St_1.1.49.32" HPOS="4472" VPOS="9276" HEIGHT="112" WIDTH="592" STYLEREFS="Style_14" WC="0.962222222222222" CC="00000000"/>
						<SP ID="SP_1.1.49.33" HPOS="5048" VPOS="9296" WIDTH="48"/>
						<String CONTENT="Rochester," ID="St_1.1.49.34" HPOS="5140" VPOS="9276" HEIGHT="112" WIDTH="656" STYLEREFS="Style_14" WC="0.967777777777778" CC="0000000000"/>
					</TextLine>
					<TextLine ID="TL_1.1.50" HPOS="1216" VPOS="9392" HEIGHT="124" WIDTH="4384">
						<String CONTENT="N." ID="St_1.1.50.1" HPOS="1216" VPOS="9396" HEIGHT="96" WIDTH="140" STYLEREFS="Style_14" WC="1" CC="00"/>
						<SP ID="SP_1.1.50.2" HPOS="1340" VPOS="9432" WIDTH="44"/>
						<String CONTENT="Y." ID="St_1.1.50.3" HPOS="1424" VPOS="9396" HEIGHT="96" WIDTH="124" STYLEREFS="Style_14" WC="1" CC="00"/>
						<SP ID="SP_1.1.50.4" HPOS="1532" VPOS="9432" WIDTH="96"/>
						<String CONTENT="(27-17429)" ID="St_1.1.50.5" HPOS="1716" VPOS="9400" HEIGHT="116" WIDTH="668" STYLEREFS="Style_14" WC="1" CC="0000000000"/>
						<SP ID="SP_1.1.50.6" HPOS="2364" VPOS="9392" WIDTH="2952"/>
						<String CONTENT="6697" ID="St_1.1.50.7" HPOS="5316" VPOS="9408" HEIGHT="108" WIDTH="284" STYLEREFS="Style_14" WC="0.723333333333333" CC="0000"/>
					</TextLine>
					<TextLine ID="TL_1.1.51" HPOS="3284" VPOS="9536" HEIGHT="120" WIDTH="324">
						<String CONTENT="1010" ID="St_1.1.51.1" HPOS="3284" VPOS="9536" HEIGHT="120" WIDTH="324" STYLEREFS="Style_14" WC="1" CC="0000"/>
					</TextLine>
				</TextBlock>
			</PrintSpace>
		</Page>
	</Layout>
</alto>
