5968 10284
860 956 80 136 …
1020 948 452 132 South
1540 956 576 120 eastern
2188 960 612 152 reporter
2872 948 448 164 digest
3320 1028 172 12 —
3500 944 772 132 Continued

944 1140 628 164 together
1672 1136 336 128 with
2112 1180 176 84 an
2384 1136 932 164 index-digest
3412 1128 160 132 of
3664 1136 332 124 vols.
4108 1140 64 116 1
4180 1212 88 16 –
4276 1140 156 120 82
4532 1128 644 172 Virginia
5284 1140 272 128 and

948 1324 904 168 preliminary
1936 1324 640 128 volumes.
2752 1368 120 76 v.
2968 1328 112 120 9.
3168 1320 1116 164 Rape-Trestles.
4464 1320 508 128 Edited
5060 1320 184 168 by
5332 1324 228 128 the

948 1512 640 128 editorial
1668 1508 324 128 staff
2068 1504 160 132 of
2304 1512 232 124 the
2608 1508 736 128 American
3428 1504 452 168 digest
3956 1524 500 148 system
4476 1524 76 148 …
4876 1504 196 136 St.
5160 1508 304 132 Pau
5468 1504 48 128 l
5528 1608 28 64 ,

944 1700 384 128 West
1396 1696 808 168 publishing
2272 1740 240 120 co.,
2588 1700 360 124 1926.

940 1896 164 112 iii,
1184 1896 344 96 11009
1532 1948 68 12 –
1608 1892 376 116 12310,
2056 1896 208 96 365
2268 1920 60 52 –
2316 1896 224 96 403
2620 1920 108 88 p.
2868 1892 760 112 26ͨͫ.

944 2032 544 96 Lettered
1552 2056 152 72 on
1764 2056 404 72 cover:
2240 2032 252 112 Key
2560 2028 480 100 number
3116 2032 468 112 system.

780 2168 116 112 ©
972 2168 284 96 Nov.
1320 2164 172 116 26,
1560 2164 336 116 1926;
1972 2168 160 104 1c.
2200 2164 268 100 Feb.
2536 2168 168 112 17,
2768 2164 340 112 1927;
3180 2168 164 100 1c.
3408 2168 236 92 and
3708 2164 200 100 aff.
3976 2164 272 100 Jan.
4312 2164 128 112 6;
4512 2164 100 96 A
4676 2164 480 112 963179;
5228 2172 328 100 West

940 2308 260 116 pub.
1292 2332 164 72 co.
5068 2296 288 104 1123

780 2492 708 156 Spafford,
1552 2492 528 152 Justin,
2148 2520 432 116 comp.

948 2684 304 128 Ask
1336 2732 208 80 me
1640 2684 572 128 another
2256 2684 28 128 !
2468 2680 296 132 The
2856 2680 620 168 question
3572 2680 388 164 book,
4048 2680 676 168 compiled
4816 2680 180 172 by
5080 2680 476 136 Justin

792 2872 652 164 Spafford
1528 2876 272 124 and
1876 2872 512 124 Lucien
2468 2872 420 160 Esty;
2976 2868 332 128 with
3388 2912 76 84 a
3548 2864 552 168 preface
4168 2864 188 172 by
4436 2864 516 132 Robert
5032 2864 520 132 Bench-

784 3060 252 164 ley.
1216 3060 332 128 New
1624 3056 432 164 York,
2128 3056 292 128 The
2488 3056 528 168 Viking
3080 3096 420 120 press,
3576 3048 364 136 1927.

948 3252 208 100 192
1220 3276 104 96 p.
1464 3252 688 112 21ͨͫ.

776 3388 128 120 ©
972 3396 268 96 Feb.
1300 3392 96 116 5,
1464 3392 336 112 1927;
1872 3392 160 96 2c.
2100 3392 264 96 Feb.
2428 3392 196 112 11;
2696 3388 204 104 aff.
2968 3392 268 96 Feb.
3296 3388 196 116 10;
3564 3388 100 96 A
3728 3388 480 116 963505;
4284 3388 424 120 Viking
4772 3412 360 96 press,
5200 3388 220 104 inc.

960 3528 604 120 (27-3393)
5068 3524 284 100 1124

780 3720 684 156 Sprague,
1528 3720 348 132 Levi
1944 3720 156 148 L,
2176 3728 328 124 1844
2508 3800 76 12 –

960 3908 700 132 Student's
1764 3908 448 164 guide.
2408 3908 856 128 Theoretical
3368 3908 272 124 and
3744 3908 448 128 actual
4296 3904 608 132 business
5008 3912 536 160 depart-

788 4112 436 112 ments
1324 4096 156 128 of
1580 4096 752 164 Wyoming
2436 4096 512 164 college
3048 4092 156 128 of
3308 4092 652 160 business,
4068 4096 672 164 prepared
4844 4092 184 168 by
5132 4092 156 132 L.
5396 4096 160 128 L.

788 4284 624 168 Sprague
1516 4304 84 128 …
1696 4284 528 124 revised
2284 4284 184 164 by
2524 4280 216 132 W.
2804 4280 156 128 L.
3028 4284 388 124 Dean
3496 4304 84 128 …
3784 4280 1068 164 Wilkes-Barre,
4916 4284 292 160 Pa.,
5264 4284 292 124 The

780 4472 164 128 E.
1016 4476 160 124 B.
1248 4468 484 168 Yordy
1800 4512 232 120 co.,
2100 4468 672 168 printing,
2848 4468 356 128 1927.

940 4672 208 96 238
1212 4696 104 88 p.
1392 4668 36 96 i
1436 4696 72 64 n
1520 4672 96 96 cl
1632 4744 24 24 .
1720 4668 408 96 forms.
2264 4668 684 108 23ͨͫ.

776 4784 120 108 ©
960 4808 272 96 Jan.
1288 4808 100 96 4.
1452 4804 336 112 1927;
1852 4804 164 100 2c.
2080 4808 228 92 and
2368 4804 200 100 aff.
2632 4804 264 100 Jan.
2960 4804 196 112 18;
3228 4804 96 96 A
3384 4804 480 112 958885;
3936 4804 124 100 L.
4124 4804 120 100 L.
4316 4804 552 120 Sprague,
4936 4804 612 120 Kingston,

936 4944 200 96 Pa.
1300 4940 608 120 (27-3353)
5068 4936 280 104 1125

776 5136 664 148 Stewart,
1512 5132 456 156 Bryce
2040 5132 752 152 Morrison,
2876 5140 316 120 1883
3200 5212 84 16 –

956 5320 716 132 Canadian
1752 5324 388 124 labor
2220 5324 332 124 laws
2632 5320 272 124 and
2980 5320 232 124 the
3292 5332 492 152 treaty,
3860 5320 176 168 by
4124 5324 440 164 Bryce
4644 5324 188 124 M.
4920 5320 632 168 Stewart,

780 5552 80 80 P
872 5556 44 76 H
992 5612 24 24 .
1096 5552 116 84 D.
1392 5508 336 128 New
1812 5508 432 160 York,
2324 5504 720 132 Columbia
3120 5504 764 168 university
3964 5552 416 120 press,
4464 5516 152 120 19
4624 5512 160 124 26
4796 5608 28 28 .

944 5708 60 96 5
1012 5708 68 100 0
1088 5712 60 92 1
1236 5736 100 88 p.
1492 5704 684 112 23ͨͫ.
1944 5708 36 112 (
1996 5708 240 96 Hal
2248 5708 88 112 f-
2348 5708 316 96 title:
2756 5704 472 100 Studies
3312 5704 128 96 in
3524 5704 488 116 history,
4104 5704 648 100 economics
4840 5708 232 96 and
5164 5704 388 124 public

780 5844 256 116 law,
1136 5848 172 92 ed.
1408 5844 144 116 by
1648 5844 200 104 the
1948 5844 492 116 Faculty
2540 5844 124 96 of
2756 5840 528 120 political
3380 5840 448 100 science
3928 5840 128 100 of
4152 5840 604 100 Columbia
4864 5840 684 120 university,

772 6008 176 72 no.
1020 5980 264 112 278)

940 6116 632 96 Published
1640 6116 248 96 also
1956 6140 136 72 as
2160 6116 368 96 thesis
2620 6116 36 112 (
2680 6140 164 72 PH
2860 6188 24 24 .
2956 6120 156 112 D.)
3200 6112 608 100 Columbia
3880 6112 684 116 university,
4640 6116 308 96 1926.

940 6252 904 116 Bibliography:
1928 6276 104 92 p.
2104 6248 528 104 488–490.

960 6388 264 96 Jan.
1280 6388 164 112 28,
1504 6392 60 88 1
1576 6388 64 92 9
1644 6392 196 104 27;
1904 6392 164 96 2c.
2128 6388 268 100 Feb.
2452 6388 196 112 10;
2712 6388 196 96 aff.
2972 6388 268 96 Feb.
3300 6392 196 108 11;
3560 6384 100 96 A
3716 6388 476 112 963538;
4260 6388 516 116 Faculay
4840 6388 124 96 of
5020 6388 524 120 political

936 6520 444 100 science
1452 6524 124 96 of
1644 6520 604 100 Columbia
2324 6524 348 116 univ.,
2744 6524 280 100 New
3096 6524 344 100 York.
3608 6524 604 116 (27-3379)
5040 6520 280 104 1126

772 6680 664 152 Stewart,
1512 6684 588 152 George,
2176 6688 316 120 1892
2496 6760 80 16 –
2992 6684 200 124 ed.

948 6868 612 164 Redemp
1572 6880 60 116 t
1636 6868 296 160 ion;
2052 6916 168 80 an
2336 6868 748 168 anthology
3192 6868 152 128 of
3444 6868 232 128 the
3788 6912 360 84 cross
4248 6864 80 148 …
4520 6872 404 124 collec
4936 6880 56 116 t
4996 6872 164 124 ed
5272 6868 268 128 and

780 7056 452 124 edited
1292 7056 184 148 by
1536 7056 532 164 George
2136 7052 628 136 Stewart.
2920 7056 332 128 New
3316 7056 436 164 York,
3812 7056 532 168 George
4408 7056 180 124 H.
4652 7056 480 128 Doran
5196 7096 352 88 com-

780 7284 408 124 pany,
1260 7240 360 132 1927.

936 7460 248 72 xxx
1240 7460 136 92 p.,
1440 7440 60 92 1
1556 7440 104 112 1.,
1720 7436 420 100 33-328
2192 7464 108 88 p.
2440 7436 716 108 22½ͨͫ.

776 7540 120 108 ©
968 7572 268 100 Feb.
1296 7572 168 116 15,
1532 7572 336 116 1927;
1936 7576 164 96 2c.
2164 7576 232 96 and
2456 7564 200 108 aff.
2724 7576 264 100 Feb.
3056 7576 196 112 19;
3324 7576 96 96 A
3488 7576 476 112 963638;
4036 7576 444 116 George
4544 7576 148 100 H.
4760 7576 404 96 Doran
5228 7604 160 72 co.

956 7708 604 120 (27-3489)
5056 7708 284 104 1127

776 7860 556 152 Tipton,
1408 7868 332 124 Mrs.
1820 7864 404 132 Edna
2320 7868 616 156 (Sibley)
3036 7876 316 120 1885
3360 7948 84 16 –

948 8048 488 128 Menus
1512 8048 228 128 for
1816 8096 400 116 every
2292 8056 656 160 occasion,
3020 8056 180 164 by
3276 8056 404 124 Edna
3756 8056 468 164 Sibley
4300 8056 516 164 Tipton
4892 8048 84 144 …
5208 8060 332 124 New

780 8232 428 164 York,
1272 8236 744 128 Frederick
2076 8240 172 124 A.
2320 8236 484 132 Stokes
2872 8280 708 124 company,
3660 8236 352 132 1927.

936 8432 144 112 vi,
1152 8432 208 96 217
1424 8460 104 92 p.
1660 8432 724 108 21½ͨͫ.

776 8532 116 108 ©
964 8568 268 96 Feb.
1292 8564 164 116 10,
1520 8568 340 116 1927;
1924 8568 68 96 2
1992 8576 60 76 c
2068 8648 20 20 .
2152 8576 228 92 and
2444 8568 196 104 aff.
2704 8572 268 100 Feb.
3036 8576 192 112 12;
3296 8576 100 92 A
3456 8572 476 116 963550;
4008 8572 624 100 Frederick
4692 8576 136 100 A.
4892 8576 420 100 Stokes
5368 8604 164 72 co.

960 8700 596 120 (27-3340)
5048 8704 284 104 1128

772 8856 588 152 Turner,
1440 8860 600 128 Edward
2112 8864 784 148 Raymond,
2972 8876 408 116 1881-

952 9040 552 164 Europe
1588 9044 360 128 since
2040 9048 356 124 1870.
2572 9052 328 128 Rev.
2988 9052 180 164 by
3252 9052 608 128 Edward
3948 9052 720 164 Raymond
4756 9056 536 124 Turner
5408 9048 92 144 …

788 9224 552 132 Garden
1416 9228 368 168 City,
1860 9232 164 124 N.
2100 9232 216 164 Y.,
2384 9232 856 164 Doubleday,
3308 9240 376 164 Page
3752 9244 112 120 &
3928 9280 708 120 company,
4712 9240 364 124 1927.

936 9420 204 116 xii,
1208 9424 200 96 776
1464 9448 104 92 p.
1712 9448 332 96 maps
2104 9424 328 120 (part
2488 9424 480 120 double)
3124 9416 752 116 23½ͨͫ.

3044 9656 244 128 174
