5968 10284
780 904 728 152 Manning,
1592 904 784 128 Elizabeth.

948 1088 472 136 Willie
1540 1088 868 164 Lamberton,
2528 1088 180 168 by
2836 1088 620 124 Elizabet
3456 1084 88 128 h
3672 1088 720 164 Manning.
4612 1088 616 160 London,
5344 1088 212 128 W.

784 1276 908 164 Heinemann,
1764 1276 292 160 ltd.,
2140 1284 148 116 19
2300 1280 76 116 2
2384 1272 116 132 7.

944 1480 64 96 3
1080 1504 108 88 p.
1260 1480 36 92 l
1308 1552 52 40 .,
1440 1476 132 96 64
1640 1500 108 92 p.
1888 1476 756 112 19½ͨͫ.

956 1644 136 96 In
1164 1664 364 76 verse.

792 1800 116 120 ©
976 1812 52 88 1
1020 1824 116 88 c.
1200 1804 308 116 Sept.
1572 1804 160 116 14,
1796 1804 336 108 1927;
2200 1804 96 92 A
2356 1804 148 92 ad
2564 1804 120 92 in
2696 1808 80 92 t.
2836 1804 52 92 1
2904 1800 140 96 00
3044 1800 60 96 2
3116 1800 68 96 0
3220 1828 20 84 ;
3308 1828 76 88 p
3388 1824 68 80 u
3468 1800 184 96 bd.
3720 1800 304 112 Sept.
4092 1804 124 108 1;
4288 1800 672 104 Macmillan
5024 1828 192 92 co.,
5288 1804 280 96 New

948 1944 348 96 York.
1464 1936 672 124 (27-22737)
5060 1936 284 104 8926

788 2172 140 124 M
940 2168 72 128 é
1020 2168 572 148 nabréa,
1664 2164 404 128 Andr
2064 2168 84 120 é
2160 2260 32 32 .

1040 2388 92 132 …
1224 2376 548 128 Autour
1876 2376 164 124 de
2140 2376 52 116 l
2200 2376 28 84 '
2228 2376 108 108 É
2368 2376 368 160 toile,
2840 2420 256 116 par
3192 2376 404 124 Andr
3568 2372 92 112 é
3768 2376 152 124 M
3928 2376 68 124 é
4000 2376 348 124 nabr
4340 2376 76 116 é
4432 2420 112 80 a.
4736 2376 440 160 Paris,
5284 2372 284 128 Ha-

788 2560 440 124 chette
1312 2564 160 152 [ͨ
1408 2560 320 120 1926
1740 2632 28 84 ]

960 2752 64 96 6
1028 2756 96 112 9,
1200 2756 96 116 [3
1300 2776 28 80 ]
1404 2780 104 88 p.
1688 2772 152 76 xv
1908 2776 72 88 p
1984 2752 32 92 l
2036 2828 20 20 .
2128 2776 140 72 on
2336 2752 68 96 8
2468 2752 36 92 l
2520 2824 20 24 .
2608 2748 244 112 (inc
2860 2752 36 88 l
2912 2824 20 24 .
3000 2752 392 112 front.,
3464 2752 356 112 port.)
3916 2752 308 112 plan.
4368 2752 752 108 13½ͨͫ.
4880 2752 368 108 (Pour
5320 2776 248 72 con-

792 2912 144 72 na
952 2888 40 92 î
996 2896 180 88 tre
1256 2884 368 100 Paris.
1780 2884 268 120 [15])

964 3052 1076 116 "Bibliographie":
2120 3080 104 88 p.
2308 3096 24 72 [
2340 3056 64 96 7
2408 3052 68 96 0
2472 3076 32 80 ]

796 3196 120 108 ©
992 3228 268 108 Apr.
1324 3224 168 112 27,
1560 3228 56 88 1
1632 3224 60 92 9
1704 3224 196 112 27;
1972 3216 164 104 1c.
2204 3224 308 92 June
2572 3224 64 88 2
2656 3224 48 88 1
2752 3248 20 84 ;
2848 3220 744 116 A-Foreign
3660 3224 64 92 3
3732 3224 132 96 48
3876 3224 60 88 5
3944 3224 124 112 7;
4148 3224 580 92 Librairie
4796 3224 612 100 Hachette.

980 3360 672 116 (27-21493)
5060 3356 288 100 8927

800 3584 628 152 Metcalf,
1500 3584 448 152 Jesse,
2028 3584 316 128 1887
2348 3664 84 12 –

960 3776 856 160 Wandering
1912 3816 496 120 among
2504 3768 704 168 forgotten
3300 3772 356 156 isles,
3744 3772 180 164 by
4016 3776 380 124 Jesse
4488 3768 644 156 Metcalf;
5236 3776 332 124 with

800 4008 72 76 a
980 3960 560 160 chapter
1644 4000 172 84 on
1924 3960 228 124 the
2256 3952 652 132 scientific
3016 3960 488 124 results
3612 3956 152 128 of
3864 3960 228 124 the
4200 3960 476 160 cruise,
4780 3960 180 164 by
5060 3956 512 128 Robert

804 4144 108 132 C
920 4148 576 124 ushman
1600 4144 616 164 Murphy
2304 4168 88 128 …
2656 4144 328 124 New
3088 4140 432 160 York,
3624 4144 132 128 J.
3860 4144 184 124 H.
4156 4140 96 132 S
4260 4188 292 84 ears
4656 4152 104 120 &
4860 4188 712 124 company,

796 4332 252 128 inc.
1164 4332 640 160 [ͨ1927]

968 4532 64 92 6
1100 4556 104 88 p.
1284 4528 40 92 l
1332 4600 52 44 .,
1464 4528 208 96 306
1740 4552 108 92 p.
2020 4528 392 112 front.,
2488 4528 408 112 plates,
2980 4532 388 108 ports.,
3448 4548 304 92 map.
3892 4524 680 112 22ͨͫ
4144 4560 24 56 .

804 4676 120 116 ©
1008 4696 244 100 Oct.
1324 4696 96 112 3,
1500 4696 336 108 1927;
1912 4696 164 96 2c.
2160 4696 244 96 Oct.
2480 4692 196 112 10;
2764 4692 196 100 aff.
3036 4692 248 100 Oct.
3360 4692 60 92 6
3464 4716 24 88 ;
3572 4696 96 88 A
3740 4696 52 88 1
3812 4692 140 92 00
3948 4692 340 112 7478;
4372 4696 108 96 J.
4560 4696 140 96 H.
4788 4696 344 96 Sears
5212 4696 88 96 &
5372 4720 196 92 co.,

960 4832 216 96 inc.
1348 4832 468 116 (27-217
1824 4832 64 96 3
1896 4832 120 116 4)
5068 4828 284 100 8928

800 5060 812 152 Montague,
1692 5056 588 132 Charles
2356 5056 652 148 Edward,
3092 5056 316 124 1867
3416 5132 84 12 –

976 5244 436 164 Right
1500 5240 188 128 off
1768 5248 228 120 the
2076 5288 388 116 map;
2568 5264 64 96 a
2720 5244 436 160 novel,
3244 5240 180 164 by
3512 5240 148 132 C.
3756 5244 120 124 E
3888 5344 24 24 .
4004 5244 784 164 Montague.
4964 5248 616 160 London,

804 5428 504 132 Chatto
1376 5432 268 124 and
1708 5428 628 160 Windus,
2412 5428 356 128 1927.

968 5628 148 116 vi,
1184 5628 208 96 312
1460 5652 104 92 p.
1708 5628 56 92 1
1780 5628 1140 108 9½ͨͫ.

812 5736 116 108 ©
1000 5756 48 88 1
1056 5776 96 88 c.
1212 5764 304 112 Sept.
1572 5764 168 112 22,
1800 5760 336 116 1927;
2204 5760 96 96 A
2356 5764 148 92 ad
2564 5760 204 96 int.
2832 5760 212 96 100
3048 5760 56 96 9
3108 5760 132 100 0:
3308 5764 340 112 pubd.
3716 5760 308 116 Sept.
4084 5760 192 116 15;
4348 5764 712 112 Doubleday,
5124 5768 308 112 Page
5496 5768 84 92 &

968 5928 128 68 co
1112 5976 52 40 .,
1232 5904 460 92 Garden
1756 5896 300 116 City,
2116 5900 132 96 N.
2312 5900 128 96 Y.
2596 5900 264 112 (27-
2860 5900 196 88 221
3072 5900 64 92 6
3144 5900 120 116 6)
5072 5896 284 100 8929

804 6128 636 148 Murray,
1512 6128 372 124 John
1964 6124 484 152 Chick,
2528 6132 320 120 1860
2852 6204 88 12 –

984 6308 472 132 Simon
1528 6308 468 160 Saith;
2064 6356 76 80 a
2200 6308 352 128 book
2620 6308 148 124 of
2832 6356 416 112 verse,
3304 6312 184 160 by
3548 6312 368 124 John
3988 6308 432 128 Chick
4484 6312 612 164 Murray.
5248 6308 116 120 B
5380 6360 192 76 os-

812 6512 272 144 ton,
1148 6500 292 124 The
1500 6496 372 128 Four
1936 6540 288 88 seas
2288 6540 672 120 company
3056 6504 316 140 [ͨ192
3384 6492 76 132 7
3468 6576 32 80 ]

984 6696 132 92 72
1172 6720 104 88 p.
1416 6688 360 100 front.
1844 6688 416 116 (port.)
2420 6692 684 108 19½ͨͫ
2736 6676 28 88 .

816 6804 120 108 ©
1004 6828 288 116 Aug.
1360 6832 164 92 17.
1596 6828 336 112 1927;
2004 6828 160 96 2c.
2232 6828 288 112 Aug.
2588 6828 196 108 27;
2860 6828 196 96 aff.
3132 6828 244 96 Oct.
3444 6832 196 108 17;
3720 6828 96 92 A
3884 6828 548 112 1007720;
4512 6828 308 96 Four
4892 6852 260 72 seas
5224 6856 156 72 co.

996 6964 668 116 (27-21639)
5072 6960 284 100 8930

816 7188 344 124 New
1224 7188 388 124 York
1704 7188 520 164 (State)
2400 7188 200 124 La
2608 7232 120 80 w
2740 7232 100 116 s,
2908 7200 608 148 statutes,
3588 7204 236 108 etc.

976 7372 588 132 General
1640 7376 332 120 laws
2048 7372 152 124 of
2272 7376 232 120 the
2584 7384 344 112 state
3008 7372 148 124 of
3236 7372 332 124 New
3652 7372 428 160 York,
4164 7372 796 168 containing
5036 7372 540 124 amend-

812 7572 432 112 ments
1328 7572 140 112 to
1552 7560 228 124 the
1872 7556 972 132 Consolidated
2932 7556 372 160 laws,
3388 7556 232 128 the
3712 7556 368 128 Code
4168 7556 152 128 of
4408 7556 624 128 criminal
5128 7600 448 120 proce-

812 7744 372 160 dure,
1248 7744 228 124 the
1536 7744 620 124 Practice
2216 7756 324 128 acts,
2600 7744 228 124 the
2896 7736 1036 132 Consolidation
3996 7752 256 152 act,
4320 7744 228 124 the
4612 7740 568 132 Greater
5248 7744 328 124 New

816 7928 388 124 York
1296 7928 576 156 charter,
1964 7928 228 124 the
2288 7924 656 160 Inferior,
3036 7972 152 80 or
3288 7924 672 132 Criminal
4056 7940 452 116 courts
4604 7940 256 148 act,
4952 7932 228 124 the
5276 7928 300 128 Mu-

816 8112 508 160 nicipal
1432 8124 388 112 court
1920 8112 364 156 code,
2396 8116 260 120 and
2772 8116 228 120 the
3108 8108 584 132 General
3804 8124 636 144 statutes;
4564 8112 280 128 also
4952 8112 228 128 the
5288 8160 292 80 new

820 8292 648 168 Sanitary
1544 8292 544 128 district
2156 8300 308 152 law,
2536 8296 228 124 the
2840 8296 764 124 re-enacted
3680 8292 892 168 Agriculture
4648 8300 264 124 and
4988 8300 592 124 markets

816 8484 300 156 law,
1184 8480 520 124 Mental
1768 8480 584 160 hygiene
2416 8480 300 160 law,
2784 8480 268 124 and
3120 8484 228 120 the
3412 8484 672 156 proposed
4156 8484 924 124 amendments
5152 8496 136 112 to
5356 8484 224 124 the

816 8664 928 156 constitution,
1820 8656 552 136 enacted
2448 8664 176 164 by
2704 8668 228 124 the
3004 8664 856 164 Legislature
3936 8680 144 112 at
4156 8668 228 124 the
4460 8668 548 160 regular
5084 8668 484 128 session

816 8848 152 128 of
1044 8848 356 128 1927.
1588 8844 196 132 St.
1860 8852 392 152 Paul,
2320 8848 384 128 West
2776 8848 800 168 publishing
3648 8892 232 120 co.,
3964 8848 356 132 1927.

980 9044 160 112 iii,
1216 9036 208 100 545
1492 9068 104 88 p.
1736 9040 644 108 23½ͨͫ.

984 9180 536 96 Lettered
1584 9204 144 68 on
1788 9200 400 72 cover:
2264 9180 944 112 Supplementing
3252 9180 820 96 Consolidated
4112 9184 320 108 laws,
4480 9180 528 96 Practice
5044 9184 276 92 acts,
5372 9184 208 92 etc.

876 9308 72 108 ©
1020 9312 304 112 Sept.
1384 9312 164 108 26,
1612 9316 60 88 1
1684 9308 72 88 9
1752 9312 196 96 27:
2016 9308 160 100 2c.
2236 9316 224 92 and
2528 9340 52 68 a
2604 9312 92 92 ff
2704 9392 16 20 .
2792 9316 240 96 Oct.
3100 9316 192 108 15;
3360 9316 92 92 A
3520 9316 40 92 1
3588 9316 132 92 00
3724 9320 136 92 77
3868 9316 116 92 01
4044 9344 16 84 ;
4132 9320 324 100 West
4516 9320 256 112 pub.
4840 9344 160 72 co.

1008 9448 672 116 (27-21606)
5072 9448 276 104 8931

3072 9588 128 112 13
3220 9588 152 112 38
