5968 10284
3272 9500 240 128 972

964 932 620 144 Henson,
1656 924 756 152 Llewellyn
2480 924 820 152 Lafayette.

1128 1108 292 124 The
1516 1108 264 124 lost
1872 1116 424 116 secret
2392 1100 752 160 recovered,
3232 1100 180 164 by
3504 1100 748 168 Llewellyn
4344 1096 736 168 Lafayette
5172 1100 564 128 Henson

1020 1300 84 136 …
1188 1296 336 124 with
1584 1336 76 80 a
1724 1292 684 124 foreword
2468 1292 180 160 by
2712 1288 764 128 Archibald
3536 1292 596 124 Thomas
4192 1292 768 124 Robertson
5032 1300 84 136 …
5352 1288 384 124 Phil-

968 1480 688 164 adelphia,
1720 1476 604 164 Chicago
2408 1488 312 132 [etc.]
2816 1476 288 124 The
3164 1476 376 128 John
3608 1472 148 132 C.
3816 1476 640 128 Winston
4524 1516 668 124 company
5280 1472 400 156 [ͨ1927
5696 1552 28 84 ]

1128 1680 132 96 73
1336 1704 104 88 p.
1516 1680 116 88 in
1644 1680 100 92 cl
1756 1752 24 24 .
1852 1676 356 96 front.
2280 1672 412 120 (port.)
2860 1676 680 112 17½ͨͫ.

976 1844 116 108 ©
1164 1848 268 112 May
1492 1848 168 112 20,
1724 1844 336 112 1927;
2128 1844 160 96 2c.
2352 1844 228 92 and
2644 1864 60 72 a
2716 1840 124 96 ff.
2908 1840 272 116 July
3244 1840 196 116 21;
3512 1840 96 96 A
3672 1840 132 96 99
3808 1840 68 96 6
3880 1840 268 116 492;
4216 1840 312 100 John
4592 1840 120 100 C.
4776 1840 536 100 Winston
5372 1864 168 76 co.

1160 1980 668 120 (27-16449)
5228 1968 288 108 6440

968 2236 680 152 Hispanic
1716 2232 544 152 society
2328 2232 152 128 of
2552 2228 708 132 America.

1140 2424 544 164 Effigies
1764 2420 156 128 of
1992 2468 76 80 a
2140 2420 504 164 knight
2720 2416 156 132 of
2956 2420 664 164 Santiago
3700 2420 268 128 and
4048 2420 216 128 his
4340 2420 328 164 lady
4748 2420 144 128 in
4968 2420 228 128 the
5276 2420 460 128 collec-

972 2612 288 128 tion
1332 2608 156 128 of
1552 2612 232 124 the
1852 2608 684 164 Hispanic
2608 2608 504 164 society
3188 2604 152 128 of
3408 2608 680 124 America.
4248 2608 332 128 New
4660 2604 432 164 York,
5164 2608 568 128 Printed

968 2800 180 168 by
1216 2800 400 124 order
1688 2796 152 128 of
1908 2800 232 124 the
2212 2808 616 148 trustees,
2908 2796 360 128 1927.

1136 3024 96 88 v,
1332 2992 136 100 10
1556 3020 104 92 p.
1820 2996 344 112 illus.,
2260 2996 152 108 II
2448 3020 76 88 p
2524 2996 40 92 l
2576 3072 24 20 .
2760 2992 760 112 16½ͨͫ
3092 3068 20 24 .
3280 2992 720 116 (Half-title:
4092 2992 568 116 Hispanic
4756 2996 328 96 notes
5184 2996 88 100 &
5368 3020 108 68 m
5488 3020 60 68 o
5556 3020 72 68 n
5636 3020 64 72 o
5708 3048 36 16 -

968 3132 496 116 graphs;
1548 3156 436 92 essays,
2068 3128 480 120 studies,
2636 3132 228 96 and
2944 3128 308 100 brief
3332 3128 776 120 biographies,
4192 3128 392 100 issued
4668 3132 144 116 by
4900 3132 192 96 the
5176 3128 568 120 Hispanic

968 3272 436 112 society
1476 3268 128 100 of
1672 3264 600 120 America)

980 3420 116 108 ©
1180 3440 260 100 Jan.
1508 3440 168 112 22,
1748 3440 340 108 1927;
2156 3440 164 96 2c.
2392 3440 304 96 June
2764 3440 64 96 3
2836 3436 68 96 0
2944 3464 20 88 ;
3044 3436 196 100 aff.
3312 3440 312 96 June
3684 3436 196 116 29;
3960 3440 96 88 A
4128 3436 60 96 9
4192 3440 64 88 9
4272 3432 68 100 0
4344 3440 60 92 7
4408 3440 60 92 3
4488 3436 64 92 6
4584 3464 24 88 ;
4688 3432 572 120 Hispanic
5328 3464 52 72 s
5392 3464 60 68 o
5464 3460 52 68 c
5528 3512 24 24 .
5628 3436 120 92 of

1140 3576 568 108 America,
1788 3576 280 96 New
2140 3576 348 96 York.
2656 3572 672 112 (27-16552)
5256 3568 272 100 6441

968 3836 796 148 Lawrence,
1840 3836 616 128 William
2536 3836 532 148 Henry,
3156 3844 320 116 1868
3480 3912 68 16 –

1140 4024 768 164 Principles
1984 4020 152 128 of
2208 4020 968 128 architectural
3248 4020 880 164 perspective.
4292 4020 696 160 Prepared
5068 4020 268 128 and
5416 4020 328 160 pub-

976 4212 44 120 l
1032 4212 380 124 ished
1500 4212 176 160 by
1764 4212 628 124 William
2476 4208 148 124 H
2636 4312 20 20 .
2744 4208 732 124 Lawrence
3560 4216 76 132 …
3900 4216 72 116 6
3984 4208 148 124 th
4224 4208 200 128 ed.
4608 4212 560 160 Boston,
5252 4208 216 128 W.
5560 4208 184 128 H.

972 4396 768 160 Lawrence,
1816 4392 352 132 1927.

1148 4596 132 92 99
1336 4620 104 88 p.
1580 4588 284 100 fold.
1932 4588 428 116 diagrs.
2500 4588 616 112 23ͨͫ
2740 4588 28 88 .

984 4736 112 108 ©
1176 4764 276 112 July
1516 4760 168 116 27,
1756 4760 136 96 19
1892 4760 64 92 2
1968 4760 124 108 7;
2164 4760 160 96 2c.
2392 4760 232 92 and
2692 4756 196 100 aff.
2960 4760 288 116 Aug.
3320 4760 120 112 1;
3516 4760 100 92 A
3680 4760 64 96 9
3744 4756 68 100 9
3824 4756 332 116 9211;
4236 4760 172 100 W.
4480 4760 144 96 H.
4696 4760 652 112 Lawrence,
5424 4760 324 96 Cam-

1144 4900 428 112 bridge,
1648 4900 348 92 Mass.
2164 4892 672 120 (27-16430)
5264 4888 284 100 6442

980 5144 316 148 Lee,
1372 5144 156 124 E.
1600 5140 796 128 Markham.

1148 5324 128 124 A
1332 5324 660 124 listener's
2052 5324 928 124 introduction
3032 5336 140 112 to
3232 5324 224 124 the
3512 5324 424 124 music
3992 5320 156 128 of
4200 5320 1000 168 Mussorgsky's
5260 5320 496 168 Gopak

1008 5508 1052 164 (transcription
2116 5508 180 164 by
2360 5504 1084 168 Rachmaninof)
3528 5508 188 164 by
3776 5512 156 120 E.
3996 5512 192 120 M.
4252 5512 308 140 Lee,
4624 5508 492 164 played
5180 5504 180 168 by
5424 5504 328 132 Gita

984 5692 684 128 Gradova.
1840 5692 648 136 [London]
2584 5692 292 124 The
2944 5688 292 128 Aeo
3244 5696 44 120 l
3300 5692 228 124 ian
3604 5736 64 80 c
3676 5736 164 120 o.,
3908 5696 48 120 l
3964 5696 192 124 td.
4248 5736 36 92 [
4296 5692 356 136 1927]

992 5864 116 108 ©
1196 5892 56 92 1
1244 5884 112 104 c.
1436 5892 280 108 July
1796 5888 164 116 14,
2044 5888 336 108 1927;
2464 5892 100 92 A
2648 5892 144 92 ad
2876 5888 208 96 int.
3168 5888 336 112 9747;
3596 5888 340 116 pubd.
4020 5892 300 92 June
4404 5892 128 108 1;
4620 5888 488 96 Aeolian
5188 5912 132 72 co
5332 5964 52 36 .,
5468 5888 284 96 New

1152 6024 340 96 York.
1648 6072 24 72 [
1736 6072 68 68 ©
1884 6028 252 92 text
2204 6024 84 96 &
2360 6024 784 96 illustrtaions
3216 6048 144 72 on
3432 6024 368 96 music
3872 6028 212 92 roll
5264 6020 284 100 6443

980 6252 884 152 Livingston,
1948 6248 912 152 Armstrong.

1160 6436 292 124 The
1544 6432 736 164 juju-man,
2372 6432 184 164 by
2648 6436 832 164 Armstrong
3576 6432 824 168 Livingston
4500 6432 272 132 and
4872 6432 596 132 Thomas
5568 6432 184 128 H.

996 6616 612 132 Griffiths
1712 6620 80 148 …
1972 6616 328 128 New
2372 6616 432 164 York,
2872 6616 444 132 Siebel
3380 6616 804 168 publishing
4244 6616 912 164 corporation,
5228 6624 360 120 1926.

1160 6816 60 92 3
1288 6836 104 92 p.
1452 6816 36 88 l
1504 6888 52 40 .,
1616 6812 208 96 277
1884 6840 104 88 p.
2128 6812 64 92 2
2200 6808 1140 112 0½ͨͫ.

996 6972 112 112 ©
1176 6984 264 92 Jan.
1500 6984 52 88 1
1568 6984 60 88 5
1644 7056 16 36 ,
1720 6980 204 92 192
1936 6980 60 92 6
2040 7004 16 88 ;
2124 6980 160 96 2c.
2344 6980 284 112 Aug.
2692 6984 60 92 5
2764 7056 20 36 ,
2848 6980 132 92 19
2984 6980 200 108 27;
3248 6980 196 100 aff.
3504 6980 288 116 Aug.
3852 6984 124 108 3;
4044 6980 100 92 A
4204 6980 60 96 9
4272 6980 136 96 99
4408 6984 64 88 2
4484 6984 64 96 7
4556 6980 60 96 5
4656 7008 24 84 ;
4756 6980 372 100 Siebel
5188 6980 264 116 pub.
5512 7004 228 76 cor-

1152 7116 572 112 poration.
1896 7116 664 116 (27-16677)
5264 7108 288 104 6444

992 7356 600 152 Loomis,
1668 7364 468 148 Roger
2204 7360 740 152 Sherman,
3024 7360 324 128 1887
3348 7440 88 16 –
3776 7404 144 84 co
3928 7404 140 84 m
4068 7408 132 116 p.

1160 7540 752 124 Freshman
1984 7540 680 156 readings,
2732 7540 668 160 compiled
3468 7540 180 160 by
3712 7540 452 164 Roger
4240 7536 664 132 Sherman
4976 7540 548 128 Loomis
5632 7536 84 144 …

996 7724 552 156 Boston,
1632 7724 328 124 New
2044 7724 388 124 York
2524 7736 320 120 [etc.]
2944 7724 760 164 Houghton
3788 7724 332 128 Miff
4040 7724 80 124 l
4132 7724 144 128 in
4352 7768 668 120 company
5124 7716 232 148 [ͨ19
5368 7732 76 116 2
5452 7724 116 164 7]

1164 7916 156 116 ix,
1384 7916 200 100 567
1644 7944 108 92 p.
1892 7916 616 108 21ͨͫ.

1172 8084 832 112 Bibliography
2104 8088 124 92 at
2324 8088 220 92 end
2640 8084 128 96 of
2864 8084 552 96 selection
3524 8088 460 92 "Marco
4084 8084 344 100 Polo"
4532 8088 148 112 by
4780 8084 400 100 Eileen
5284 8088 464 96 Power:

1004 8240 100 92 p.
1164 8216 240 96 424.

1000 8376 116 108 ©
1188 8384 288 108 Aug.
1540 8388 96 108 1,
1704 8388 56 88 1
1776 8384 60 92 9
1844 8388 196 108 27;
2112 8388 160 96 2c.
2332 8388 288 112 Aug.
2688 8388 60 96 5
2792 8412 20 84 ;
2884 8384 196 100 aff.
3148 8388 284 116 Aug.
3500 8388 124 108 4;
3704 8388 96 92 A
3864 8384 216 116 999
4072 8388 64 92 2
4148 8388 132 96 70
4320 8412 24 88 ;
4420 8388 624 112 Houghton
5116 8384 236 100 Mif
5324 8388 68 92 f
5324 8388 68 92 l
5396 8388 36 92 i
5444 8412 68 68 n
5588 8404 120 80 co
5724 8464 20 20 .

1184 8520 668 116 (27-16570)
5260 8520 280 96 6445

996 8768 996 148 McCutcheon,
2064 8768 536 152 George
2668 8772 408 148 Barr,
3152 8780 316 116 1866
3472 8852 88 12 –

1168 8944 288 132 The
1528 8948 272 120 Inn
1876 8944 152 124 of
2104 8948 228 124 the
2404 8948 460 124 Hawk
2940 8948 268 124 and
3284 8948 544 160 Raven;
3912 8992 72 80 a
4056 8948 276 124 tale
4404 8948 156 124 of
4636 8948 220 124 old
4936 8948 808 152 Graustark,

1000 9128 180 160 by
1244 9124 528 168 George
1840 9132 356 120 Barr
2260 9128 928 132 McCutcheon
3276 9132 88 136 …
3592 9132 332 124 New
3988 9132 432 160 York,
4484 9132 452 160 Dodd,
5000 9132 404 124 Mead
5476 9132 260 124 and

996 9352 708 124 company,
1780 9312 356 132 1927.
