5968 10284
840 976 648 156 English,
1576 972 484 128 James
2148 972 496 148 Henry
2648 1044 184 20 —
2840 960 776 132 Continued

1016 1176 64 96 2
1152 1200 108 92 p.
1332 1176 40 96 l
1384 1248 56 40 .,
1516 1172 348 100 7-162
1936 1196 112 92 p.
2188 1164 720 120 20ͨͫ.

1020 1312 628 96 Published
1720 1308 252 96 also
2036 1332 136 72 as
2240 1300 372 104 thesis
2704 1300 264 116 (PH.
3032 1296 160 116 D.)
3288 1292 604 104 Columbia
3960 1292 688 112 university,
4720 1288 312 100 1926.

1020 1444 840 120 Bibliography
1900 1468 24 72 :
1996 1468 108 92 p.
2168 1436 528 104 148–160.

848 1556 120 112 ©
1052 1588 272 108 May
1392 1588 64 92 1
1464 1584 64 96 0
1536 1660 24 40 ,
1636 1580 200 96 192
1848 1584 60 92 6
1948 1608 24 84 ;
2048 1580 164 96 2c.
2284 1580 100 92 N
2392 1600 64 72 o
2464 1604 104 68 v.
2640 1576 124 100 5;
2844 1572 200 96 aff.
3120 1572 264 96 Feb.
3456 1564 168 120 12,
3696 1564 340 116 1927;
4116 1564 96 96 A
4284 1564 64 96 9
4356 1564 64 96 6
4428 1564 336 116 7257;
4848 1560 568 100 Instituto
5488 1560 140 100 de

1008 1728 184 88 las
1276 1728 236 108 Esp
1516 1716 144 112 añ
1680 1744 160 72 as.
2012 1712 600 120 (27-3500)
5148 1692 284 100 1162

852 1944 636 144 Garrett,
1560 1940 484 148 Garet,
2124 1940 316 124 1878
2448 2016 84 12 –

1016 2128 760 164 Harangue
1840 2124 316 128 <the
2212 2136 352 112 trees
2624 2120 300 128 said
2984 2136 140 108 to
3180 2116 236 128 the
3468 2116 612 124 bramble
4136 2156 372 84 come
4564 2112 388 160 reign
5016 2152 320 84 over
5400 2132 228 112 us>

852 2320 176 160 by
1128 2312 364 132 Gare
1500 2328 56 112 t
1656 2308 568 132 Garrett
2332 2324 84 136 …
2656 2308 332 124 New
3092 2300 432 164 York,
3620 2300 160 128 E.
3880 2300 156 128 P.
4132 2300 228 128 Du
4372 2312 60 112 t
4432 2312 240 112 ton
4768 2300 112 120 &
4972 2332 672 124 company

828 2516 80 132 [
908 2516 44 56 ͨ
964 2500 324 132 1927
1296 2580 36 84 ]

1024 2704 64 96 5
1152 2728 104 88 p.
1320 2704 108 112 1.,
1496 2696 64 100 3
1564 2756 72 12 –
1636 2696 212 100 258
1908 2720 108 92 p.
2156 2696 756 116 19½ͨͫ.

864 2832 124 112 ©
1064 2836 268 96 Feb.
1400 2832 164 116 18,
1644 2832 336 112 1927;
2052 2828 164 96 2c.
2288 2852 60 72 a
2360 2852 80 68 n
2448 2828 68 96 d
2588 2824 200 100 aff.
2860 2824 268 96 Feb.
3200 2824 200 112 21;
3476 2820 96 96 A
3644 2820 64 96 9
3716 2816 128 96 63
3860 2852 72 88 6
3928 2824 60 96 7
3996 2820 64 92 9
4100 2844 24 88 ;
4204 2824 128 92 E.
4404 2820 124 96 P.
4600 2816 184 96 Du
4796 2816 252 96 tton
5124 2816 88 96 &
5280 2836 164 76 co.

1048 2968 600 120 (27-3517)
5168 2948 284 100 1163

872 3192 652 152 Georgia.
1700 3192 204 124 Su
1908 3236 240 120 pre
2156 3236 140 80 m
2304 3236 64 80 e
2464 3216 252 100 cou
2720 3216 60 92 r
2796 3200 88 112 t.

1036 3384 592 160 Reports
1688 3380 156 124 of
1900 3420 360 84 cases
2320 3376 564 128 decided
2952 3384 76 136 …
3168 3388 144 112 at
3372 3372 228 128 the
3664 3372 476 124 March
4212 3380 388 148 term,
4672 3372 356 120 1926.
5180 3408 124 84 v.
5380 3368 272 120 162.

876 3564 568 132 Stevens
1516 3564 272 128 and
1860 3564 660 164 Graham,
2596 3576 720 152 reporters.
3480 3560 628 160 Atlanta,
4180 3560 296 120 The
4544 3552 688 132 Harrison
5308 3592 348 88 com-

872 3800 408 116 pany,
1368 3752 360 128 1927.

1036 3976 264 88 xxv,
1380 3948 204 96 922
1656 3972 100 92 p.
1896 3948 684 108 23ͨͫ
2144 3984 28 56 .

888 4076 116 124 ©
1080 4088 268 92 Feb.
1420 4084 164 116 21,
1660 4084 336 116 1927;
2076 4084 160 96 2c.
2312 4084 232 96 and
2620 4080 196 100 aff.
2892 4084 268 96 Feb.
3236 4080 196 116 24;
3516 4080 96 96 A
3684 4080 64 96 9
3756 4080 60 96 6
3824 4080 340 112 3710;
4252 4080 332 100 State
4656 4072 124 100 of
4856 4068 528 120 Georgia,
5468 4072 192 104 At-

1040 4224 364 96 lanta.
5176 4204 288 104 1164

888 4444 388 152 Gold,
1352 4444 672 128 Pleasant
2096 4444 544 152 Daniel,
2724 4444 320 128 1876
3048 4524 84 12 –

1044 4632 588 164 History
1740 4632 160 124 of
2004 4632 576 128 Volusia
2696 4632 592 164 County,
3396 4632 616 160 Florida,
4120 4632 180 160 by
4408 4628 656 128 Pleasant
5168 4620 508 128 Daniel

884 4816 120 132 G
1016 4820 136 124 ol
1160 4816 84 132 d
1328 4820 84 148 …
1516 4816 288 128 also
1856 4816 884 168 biographies
2796 4860 76 84 o
2888 4816 64 124 f
3004 4860 168 120 pr
3180 4856 80 84 o
3264 4816 528 124 minent
3844 4856 348 124 peop
4204 4816 48 120 l
4264 4860 68 80 e
4384 4812 156 128 of
4588 4808 576 136 Volusia
5228 4808 444 132 Coun-

884 5020 184 152 ty.
1248 5004 212 128 De
1528 5004 444 160 Land,
2044 5004 340 160 Fla.,
2456 5000 296 132 The
2828 5004 160 124 E.
3068 5000 160 132 O.
3300 5004 576 124 Painter
3952 5000 636 164 printing
4660 5044 240 120 co.,
4976 4996 364 132 1927.

1056 5204 204 96 525
1336 5228 108 92 p.
1524 5204 44 96 i
1576 5232 72 68 n
1656 5204 100 96 cl
1772 5284 20 16 .
1876 5204 344 116 illus.,
2300 5204 412 116 plates,
2796 5208 360 112 ports.
3296 5200 288 100 fold.
3656 5200 364 100 front.
4156 5200 656 108 27½ͨͫ.

896 5304 124 112 ©
1100 5340 260 96 Feb.
1436 5340 48 92 1
1504 5344 52 84 1
1576 5412 24 40 ,
1672 5336 336 112 1927;
2084 5336 164 96 2c.
2324 5336 264 96 Feb.
2660 5336 200 112 19;
2936 5336 200 96 aff.
3212 5336 264 96 Feb.
3552 5336 200 112 17;
3824 5336 100 92 A
3996 5332 136 96 96
4140 5336 340 116 7298;
4560 5332 120 100 P.
4756 5332 140 100 D.
4972 5332 324 112 Gold,
5372 5332 300 112 Day-

1056 5480 276 88 tona
1408 5472 420 112 Beach,
1908 5476 132 88 Fl
2056 5500 100 72 a.
2328 5468 604 116 (27-3521)
5192 5460 284 104 1165

900 5660 672 152 Graham,
1652 5664 528 124 Evarts
2252 5664 744 148 Ambrose,
3072 5664 200 124 ed.

1136 5864 80 128 …
1296 5848 532 132 Genera
1832 5852 56 124 l
1960 5896 60 80 s
2028 5892 76 80 u
2124 5892 164 120 rg
2296 5892 64 80 e
2368 5896 204 116 ry,
2644 5852 204 124 ed.
2924 5852 184 160 by
3180 5852 512 124 Evarts
3764 5852 172 124 A.
4016 5844 616 132 Graham
4656 5876 80 128 …
5036 5844 652 164 Chicago,

896 6036 292 128 The
1268 6036 368 124 Year
1708 6036 356 128 book
2140 6036 772 164 publishers
3096 6032 608 164 [ͨ1926]

1064 6232 132 100 72
1200 6220 64 96 6
1328 6260 100 88 p.
1560 6236 208 92 col.
1832 6232 396 116 front.,
2292 6232 344 116 illus.,
2704 6236 376 112 plates
3168 6236 328 112 (part
3560 6232 240 104 col.,
3868 6236 272 112 part
4204 6232 476 116 double)
4768 6228 408 120 tables,
5252 6228 432 116 diagrs.

900 6368 36 92 1
968 6364 612 108 9ͨͫ.
1344 6368 300 116 (The
1708 6368 564 112 practical
2344 6368 568 96 medicine
2976 6368 364 100 series
3420 6364 68 108 …
3676 6368 380 96 Series
4124 6368 208 96 192
4336 6368 64 96 6
4428 6372 28 112 )

908 6472 124 108 ©
1096 6504 264 96 Dec.
1420 6504 164 112 13,
1644 6504 204 92 192
1860 6504 60 92 6
1960 6528 20 76 ;
2044 6504 160 96 2c.
2268 6504 264 100 Feb.
2588 6504 168 116 23,
2820 6504 332 112 1927;
3220 6504 200 100 aff.
3476 6504 268 100 Jan.
3800 6504 128 112 3;
3996 6504 100 96 A
4152 6504 64 96 9
4224 6504 64 96 6
4296 6504 336 112 7326;
4700 6504 308 96 Year
5064 6504 292 96 book
5416 6496 268 120 pub-

1068 6640 456 96 lishers.
5204 6632 288 100 1166

912 6828 580 148 Haines,
1568 6828 484 152 Elijah
2124 6828 1012 156 Middlebrook,
3220 6840 316 120 1822
3544 6912 88 12 –
3644 6840 356 144 1889,
4076 6832 200 128 ed.

1312 7012 136 128 A
1532 7016 892 164 compilation
2508 7016 156 128 of
2740 7020 232 124 the
3048 7024 336 120 laws
3464 7020 160 124 of
3704 7020 588 160 Illinois,
4372 7020 600 164 relating
5048 7028 140 116 to
5268 7032 420 108 town-

904 7200 316 164 ship
1336 7200 952 164 organization
2404 7204 268 124 and
2788 7216 956 148 management
3848 7204 160 124 of
4116 7216 504 152 county
4732 7204 516 160 affairs,
5360 7200 336 128 with

908 7428 724 88 numerous
1716 7388 472 160 forms,
2264 7388 272 128 and
2612 7404 384 112 notes
3072 7388 160 128 of
3308 7388 864 128 instruction.
4340 7388 792 164 Supported
5204 7388 188 164 by
5468 7388 228 128 ad-

908 7568 700 168 judicated
1696 7616 400 120 cases,
2184 7572 636 164 opinions
2908 7576 156 124 of
3140 7576 232 124 the
3456 7588 636 148 attorney
4168 7576 556 164 general
4808 7576 272 124 and
5164 7572 536 164 rulings

912 7756 160 128 of
1164 7760 232 124 the
1500 7756 552 128 auditor
2152 7756 156 128 of
2404 7756 468 164 public
2972 7776 672 112 accounts.
3836 7760 328 128 New
4268 7760 248 160 ed.,
4620 7804 164 84 en
4788 7760 48 128 l
4852 7860 28 28 .
4976 7764 272 124 and
5348 7804 348 84 com-

920 7944 508 164 pletely
1512 7988 268 80 rev.
1864 7960 140 108 to
2088 7944 352 124 date.
2608 7944 580 128 Printed
3276 7944 364 124 from
3720 7944 580 164 entirely
4380 7988 292 84 new
4756 7960 368 152 type,
5204 7944 336 128 with
5624 7988 76 84 a

916 8124 684 168 carefully
1668 8128 676 160 prepared
2416 8128 448 124 index.
3024 8132 220 160 By
3316 8128 232 124 Eli
3556 8128 44 164 j
3624 8132 168 124 ah
3864 8132 188 120 M.
4124 8128 528 128 Haines
4752 8144 80 144 …
5060 8132 320 124 30th
5456 8132 248 160 ed.,

920 8336 272 104 rev.
1376 8312 652 164 Chicago,
2104 8312 292 124 The
2464 8312 428 164 Legal
2972 8312 540 128 adviser
3588 8312 804 168 publishing
4464 8360 712 120 company,
5256 8324 360 120 1926.

1092 8516 60 92 1
1212 8540 104 88 p.
1376 8508 44 88 l
1428 8588 52 36 .,
1544 8540 104 88 p.
1704 8512 136 92 21
1840 8564 76 12 –
1920 8508 308 100 1043.
2368 8512 756 108 22½ͨͫ.

988 8648 72 112 ©
1132 8648 268 96 Feb.
1464 8648 164 108 12,
1696 8648 60 88 1
1768 8644 60 92 9
1836 8644 196 112 27;
2104 8644 160 96 2c.
2336 8648 228 88 and
2636 8640 200 100 aff.
2912 8644 260 100 Feb.
3244 8648 64 88 1
3316 8644 60 92 6
3416 8668 24 88 ;
3516 8648 100 88 A
3684 8648 64 92 9
3756 8644 140 96 67
3892 8644 136 92 22
4036 8644 64 100 5
4140 8672 24 88 ;
4240 8648 352 112 Legal
4664 8644 468 100 adviser
5204 8648 260 120 pub.
5540 8672 124 72 co
5676 8724 24 24 .

1120 8780 596 116 (27-3522)
5220 8776 284 108 1167

936 8968 552 148 Harris,
1560 8968 620 128 Frances
2244 8968 584 128 Barber.

1116 9152 568 128 Florida
1788 9156 520 156 salads;
2420 9196 76 80 a
2600 9156 708 124 collection
3416 9156 152 124 of
3668 9160 840 160 wholesome,
4608 9164 304 124 well
5012 9160 696 160 balanced,

944 9336 424 156 easily
1480 9336 608 164 digested
2212 9340 376 124 salad
2716 9340 512 160 recipes
3344 9344 304 124 that
3764 9344 164 124 wi
3940 9348 100 120 ll
4164 9348 492 160 appeal
4768 9356 140 116 to
5020 9348 232 124 the
5360 9360 352 112 most

3220 9636 232 116 180
