5968 10284
920 1108 568 152 Spring,
1572 1112 496 152 Agnes
2144 1108 620 152 Wright.

1104 1292 528 164 Caspar
1728 1296 592 160 Collins;
2416 1296 232 128 the
2728 1292 256 132 life
3072 1296 272 128 and
3440 1296 584 164 exploits
4116 1296 156 128 of
4364 1340 172 84 an
4624 1296 516 128 Indian
5224 1296 500 168 fighter

932 1484 156 124 of
1164 1488 236 124 the
1476 1480 516 168 sixties,
2068 1488 184 160 by
2332 1480 468 168 Agnes
2884 1484 568 164 Wright
3540 1484 564 164 Spring,
4188 1484 336 128 with
4612 1532 76 80 a
4776 1484 688 128 foreword
5540 1488 180 164 by

932 1672 240 124 Ma
1176 1672 44 164 j
1248 1772 24 28 .
1372 1668 336 132 Gen.
1812 1672 148 128 H
1968 1672 280 164 ugh
2344 1672 156 124 L.
2612 1672 324 132 Scot
2940 1684 60 116 t
3108 1672 84 144 …
3356 1684 60 116 t
3420 1716 248 120 oge
3680 1684 56 112 t
3740 1672 240 128 her
4080 1672 172 128 wi
4260 1684 60 116 t
4324 1676 88 124 h
4524 1672 524 164 Caspar
5156 1672 252 132 Col
5416 1672 48 124 l
5468 1672 256 128 ins'

932 1864 464 124 letters
1468 1860 272 128 and
1804 1860 744 168 drawings,
2616 1864 268 124 and
2952 1860 548 128 various
3576 1860 948 168 photographs
4596 1864 268 124 and
4940 1864 784 128 documents

932 2052 732 124 connected
1748 2048 340 128 with
2180 2052 212 124 his
2480 2096 492 80 career.
3196 2052 332 124 New
3624 2052 432 160 York,
4152 2044 724 136 Columbia
4964 2052 760 164 university

932 2284 416 116 press,
1428 2236 368 132 1927.

1100 2472 64 96 8
1224 2500 100 88 p.
1384 2476 108 108 1.,
1556 2468 136 96 15
1696 2524 72 12 –
1768 2468 208 100 187
2036 2496 140 92 p.,
2236 2472 56 92 1
2356 2472 36 92 l
2408 2548 20 20 .
2548 2468 396 116 front.,
3008 2472 412 116 plates,
3480 2476 396 108 ports.,
3940 2496 296 88 map,
4304 2476 308 108 plan,
4668 2468 520 100 facsims.
5320 2468 616 112 24ͨͫ.

1100 2644 560 96 "Sources
1716 2644 120 96 of
1884 2640 908 100 information":
2872 2668 108 88 p.
3028 2640 524 100 100–101.

932 2792 116 108 ©
1140 2820 276 104 May
1492 2816 164 116 14,
1740 2816 336 112 1927;
2164 2816 160 96 2c.
2408 2816 276 112 May
2760 2812 200 112 20;
3044 2812 128 96 af
3164 2812 52 96 f
3224 2892 16 20 .
3324 2816 272 112 May
3680 2816 196 108 18;
3964 2812 96 96 A
4144 2812 64 96 9
4216 2812 132 96 76
4356 2812 64 96 6
4432 2812 60 96 8
4500 2812 60 96 5
4600 2836 24 88 ;
4716 2812 600 96 Columbia
5404 2812 316 104 univ.

1092 2980 364 88 press.
1624 2952 672 116 (27-11731)
5236 2944 284 104 4357

924 3176 644 156 Springs,
1656 3180 496 124 Elliott
2236 3176 524 152 White,
2852 3184 320 120 1896
3176 3256 76 16 –

1100 3368 696 124 Nocturne
1856 3368 704 160 militaire,
2620 3368 180 160 by
2864 3368 504 124 Elliott
3424 3368 468 128 White
3964 3364 656 164 Springs;
4700 3368 776 132 illustrated
5548 3368 172 164 by

944 3556 592 164 Clayton
1656 3556 592 164 Knight.
2472 3556 332 124 New
2932 3552 436 164 York,
3492 3552 532 168 George
4148 3552 184 128 H.
4456 3552 484 128 Doran
5060 3596 668 120 company

988 3740 420 164 [ͨ1927]

1100 3976 208 100 288
1360 4008 104 88 p.
1524 3976 40 96 i
1572 4000 76 72 n
1656 4004 56 68 c
1716 3984 76 88 l.
1844 3976 396 116 front.,
2300 3976 344 116 illus.,
2704 3976 416 116 plates.
3260 3976 64 92 2
3332 3976 544 108 0ͨͫ
3520 4048 28 24 .

936 4132 120 116 ©
1128 4152 272 112 May
1464 4152 164 108 12,
1696 4148 336 112 1927;
2108 4148 160 96 2c.
2336 4152 228 88 and
2636 4144 196 100 aff.
2900 4152 276 108 May
3240 4144 200 112 19;
3512 4144 96 96 A
3672 4144 132 96 97
3812 4144 64 96 6
3880 4144 64 96 6
3952 4144 60 96 3
4020 4144 128 108 4;
4228 4144 440 116 George
4736 4148 144 92 H.
4952 4144 404 96 Doran
5424 4168 160 72 co.

1120 4288 672 116 (27-11719)
5232 4276 284 104 4358

924 4516 492 148 Sprow
1420 4512 44 124 l
1476 4552 108 108 s,
1668 4512 408 128 Jesse
2152 4512 660 132 William.

1104 4696 456 132 Social
1624 4704 848 160 psychology
2540 4696 884 164 interpreted,
3488 4696 184 168 by
3740 4700 376 128 Jesse
4180 4696 624 132 William
4880 4696 612 164 Sprowls
5584 4700 76 148 …

936 4888 804 160 Baltimore,
1816 4888 288 124 The
2180 4888 696 124 Williams
2956 4892 100 120 &
3140 4884 600 128 Wilkins
3824 4928 716 120 company,
4624 4884 356 128 1927.

1104 5144 80 68 x
1188 5116 44 96 i
1236 5116 36 96 i
1284 5192 20 40 ,
1372 5116 212 100 268
1652 5144 104 88 p.
1900 5116 720 108 22½ͨͫ
2216 5152 28 52 .

1104 5284 840 120 Bibliography
1984 5308 24 72 :
2080 5312 104 92 p.
2252 5284 204 96 253
2464 5340 72 12 –
2536 5284 240 104 262.

936 5432 120 116 ©
1124 5452 272 112 May
1460 5448 164 104 12,
1688 5448 340 112 1927;
2096 5448 164 100 2c.
2320 5452 232 92 and
2612 5444 200 100 aff.
2876 5452 272 112 May
3212 5448 196 112 21;
3476 5448 100 92 A
3636 5444 484 116 990201;
4192 5444 580 100 Williams
4836 5448 80 92 &
4988 5444 504 100 Wilkins
5556 5472 164 72 co.

1120 5584 672 116 (27-11810)
5228 5576 292 104 4359

920 5812 616 148 Starkie,
1616 5812 588 128 Walter.

1092 6000 132 128 A
1288 6000 668 128 listener's
2020 6000 936 128 introduction
3028 6012 140 116 to
3236 6000 232 124 the
3536 5996 424 132 music
4032 5996 156 128 of
4252 5996 724 132 Kreisler's
5044 5996 676 132 Viennese

928 6188 572 160 caprice,
1564 6188 180 160 by
1804 6188 216 128 W.
2096 6184 592 164 Starkie,
2752 6188 500 160 played
3320 6188 180 164 by
3568 6188 380 124 Erno
4016 6188 500 160 Rapee.
4684 6184 664 164 [London]
5428 6188 292 124 The

920 6376 584 124 Aeolian
1576 6416 240 120 co.,
1884 6376 244 124 ltd.
2216 6452 32 80 [
2264 6372 328 132 1927
2596 6452 36 84 ]

936 6572 120 112 ©
1140 6604 56 96 1
1196 6612 64 80 c
1280 6684 20 16 .
1380 6604 300 96 June
1752 6604 168 116 22,
2000 6604 336 96 1927:
2420 6604 100 96 A
2596 6608 144 92 ad
2824 6604 120 96 in
2956 6612 76 92 t.
3108 6604 344 108 9614;
3532 6600 344 120 pubd.
3952 6608 272 112 Apr.
4304 6604 196 116 25;
4588 6604 488 96 Aeolian
5156 6632 192 88 co.,
5432 6604 284 96 New

1100 6744 344 96 York.
1604 6760 156 120 [©
1836 6748 252 92 text
2156 6748 88 96 &
2312 6744 792 96 illustrations
3172 6768 136 72 on
3384 6744 372 96 music
3824 6744 316 116 roll]
5232 6736 284 104 4360

932 6968 676 148 Svensen,
1684 6968 324 128 Carl
2080 6968 404 148 Lars,
2568 6976 320 120 1884
2892 7048 84 12 –

1100 7152 684 168 Drafting
1864 7152 228 128 for
2168 7152 768 168 engineers;
3024 7204 76 80 a
3176 7156 652 128 textbook
3900 7156 156 128 of
4132 7156 888 168 engineering
5092 7156 632 164 drawing

940 7336 224 128 for
1256 7340 572 164 colleges
1924 7340 272 128 and
2284 7340 672 128 technical
3048 7340 572 164 schools,
3712 7340 184 168 by
3992 7340 328 132 Carl
4412 7340 348 128 Lars
4864 7340 600 132 Svensen
5532 7336 80 144 …

936 7520 332 132 New
1336 7524 436 160 York,
1836 7528 176 124 D.
2080 7528 312 124 Van
2464 7528 704 124 Nostrand
3236 7568 716 124 company,
4024 7528 304 160 inc.,
4408 7528 360 128 1927.

1104 7748 156 116 xi,
1316 7748 208 96 363
1576 7776 108 88 p.
1824 7748 344 120 illus.,
2232 7752 428 116 diagrs.
2804 7752 720 104 23½ͨͫ
3120 7788 28 52 .

940 7884 112 112 ©
1128 7924 272 108 May
1456 7920 96 116 3,
1616 7920 340 112 1927;
2020 7924 160 96 2c.
2248 7924 268 112 May
2580 7924 196 112 10;
2840 7924 196 96 aff.
3100 7928 272 108 May
3432 7924 128 112 6;
3632 7924 96 96 A
3792 7924 204 96 976
4000 7928 60 92 5
4072 7924 196 112 92;
4336 7924 140 100 D.
4540 7928 256 92 Van
4856 7928 596 92 Nostrand
5512 7948 196 88 co.,

1100 8056 220 96 inc.
1488 8056 672 124 (27-11947)
5200 8056 284 100 4361

932 8276 756 152 Thomson,
1768 8280 600 128 Mehran
2444 8284 720 128 Kafafian.

1100 8460 292 128 The
1464 8464 552 164 springs
2100 8468 152 124 of
2324 8468 512 124 human
2912 8468 520 160 action;
3516 8516 76 80 a
3672 8472 1020 164 psychological
4768 8472 412 164 study
5252 8468 156 128 of
5480 8472 228 124 the

932 8688 572 120 sources,
1600 8652 876 160 mechanism,
2572 8656 268 124 and
2948 8656 744 164 principles
3792 8656 152 124 of
4040 8656 816 124 motivation
4960 8660 140 120 in
5200 8660 496 120 human

932 8832 688 164 behavior,
1692 8832 184 164 by
1936 8836 156 124 M
2100 8836 420 124 ehran
2596 8840 176 124 K.
2848 8840 692 124 Thomson
3624 8844 88 128 …
3948 8840 128 128 N
4084 8888 68 76 e
4156 8888 124 76 w
4352 8840 428 160 York,
4848 8844 620 160 London,
5532 8844 176 120 D.

932 9016 708 164 Appleton
1716 9020 268 124 and
2056 9064 712 120 company,
2848 9024 356 124 1927.

1100 9240 152 72 xv
1260 9216 36 92 i
1368 9244 136 88 p.,
1572 9220 60 92 1
1704 9220 104 112 1.,
1880 9220 200 92 501
2144 9244 104 92 p.
2388 9220 1156 104 21ͨͫ.

1104 9376 896 120 Bibliography:
2084 9408 104 88 p.
2260 9388 208 92 475
2468 9436 52 12 –
2540 9384 240 100 488.

948 9532 116 120 ©
1148 9548 272 112 May
1488 9544 168 116 20,
1732 9544 336 120 1927;
2144 9552 164 100 2c.
2384 9552 228 96 and
2688 9552 196 96 aff.
2964 9552 272 112 May
3308 9552 196 108 24;
3584 9552 100 96 A
3756 9556 60 92 9
3824 9556 136 92 90
3964 9556 264 120 228;
4312 9556 136 100 D.
4524 9556 572 120 Appleton
5176 9560 80 88 &
5336 9580 164 72 co.

1128 9676 668 128 (27-11824)
5220 9688 284 104 4362

3228 9820 248 120 664
