5920 10300
212 924 424 148 Aage,
712 924 504 156 prince,
1304 912 316 128 1887
1620 996 88 12 –

376 1136 124 124 A
572 1136 380 164 royal
1024 1136 820 124 adventurer
1916 1128 140 128 in
2140 1132 224 124 the
2440 1128 596 164 Foreign
3108 1128 492 164 legion,
3680 1128 176 164 by
3928 1128 180 124 H.
4192 1128 184 124 H.
4456 1128 492 128 Prince

208 1328 380 160 Aage
668 1316 152 132 of
896 1316 736 124 Denmark.
1800 1316 552 128 Garden
2444 1308 356 168 City,
2888 1316 164 124 N.
3144 1316 216 156 Y.,
3440 1312 852 164 Doubleday,
4376 1316 376 160 Page
4840 1320 108 112 &

204 1544 700 120 company,
972 1500 356 128 1927.

364 1700 64 96 3
492 1724 100 88 p.
656 1700 40 92 l
708 1768 52 40 .,
824 1692 204 100 198
1088 1720 108 88 p.
1336 1692 752 116 19½ͨͫ.

208 1864 116 112 ©
396 1872 288 88 Mar.
744 1868 96 108 4,
912 1864 332 112 1927;
1316 1864 64 92 2
1392 1888 56 68 c
1452 1912 28 56 .
1548 1864 228 92 and
1848 1860 196 100 aff.
2112 1864 292 100 Mar.
2472 1860 56 92 1
2548 1872 68 88 9
2648 1884 20 84 ;
2744 1860 96 96 A
2908 1860 476 96 967684;
3464 1860 708 112 Doubleday,
4248 1864 308 112 Page
4624 1860 88 108 &
4776 1884 128 76 co
4916 1940 24 24 .

384 2000 592 120 (27-7403)
4456 1992 284 100 2524

200 2292 560 144 Alvord,
840 2292 108 120 F
1620 2292 160 120 R.

368 2512 284 120 The
724 2504 824 164 superlative
1620 2500 708 132 collection
2404 2500 148 128 of
2624 2504 516 128 United
3220 2504 448 128 States
3736 2504 308 124 half
4116 2520 404 144 cents,
4592 2552 348 80 com-

208 2740 84 116 p
304 2696 116 124 le
428 2704 128 116 te
616 2692 140 128 in
824 2692 188 124 all
1076 2692 168 124 da
1256 2704 52 112 t
1320 2736 132 80 es
1512 2692 268 124 and
1856 2692 664 156 varieties,
2588 2688 156 124 of
2812 2688 224 124 the
3096 2688 136 124 la
3244 2700 52 112 t
3304 2736 64 80 e
3436 2692 148 120 F.
3644 2692 160 120 R.
3860 2688 128 124 A
3996 2692 44 120 l
4056 2692 332 124 vord
4448 2700 72 136 …
4652 2736 140 84 so
4800 2692 48 124 l
4860 2692 84 128 d

204 2884 172 164 by
452 2884 396 120 order
916 2876 156 128 of
1144 2876 224 128 the
1440 2880 400 156 heirs,
1916 2876 700 160 cataloged
2696 2876 172 164 by
2952 2872 132 132 S.
3160 2876 184 124 H.
3428 2872 716 168 Chapman
4224 2892 84 136 …
4460 2880 268 124 and
4800 2892 144 112 to

212 3068 148 124 be
456 3068 292 124 sold
856 3076 136 116 at
1096 3060 460 164 public
1656 3064 544 124 auction
2308 3060 136 124 in
2552 3060 212 124 his
2864 3060 420 124 offices
3380 3072 76 144 …
3644 3064 1020 164 Philadelphia,
4764 3064 180 164 by

204 3252 420 128 Davis
692 3256 104 120 &
868 3248 604 164 Harvey,
1544 3248 876 160 auctioneers,
2492 3248 648 164 Monday,
3212 3252 364 124 June
3648 3256 112 152 9,
3840 3256 144 116 19
3996 3256 76 116 2
4080 3256 80 116 4
4248 3264 84 132 …
4512 3252 428 144 [Fed-

200 3440 732 164 eralsburg,
1004 3436 332 160 Md.,
1464 3444 404 140 ͨ1924]

368 3640 60 88 2
436 3636 64 96 0
508 3712 20 36 ,
608 3680 24 72 [
640 3636 64 92 2
712 3680 24 72 ]
816 3660 100 88 p.
1060 3660 72 88 p
1136 3636 40 92 l
1184 3636 284 92 ates.
1612 3628 680 112 239ͨͫ.

208 3808 116 112 ©
404 3812 268 108 May
744 3808 168 112 31,
988 3808 332 104 1924;
1404 3808 160 96 2c.
1648 3808 288 96 Mar.
2020 3816 88 100 8,
2192 3804 336 92 1927;
2616 3828 60 76 a
2696 3800 112 108 ff.
2892 3800 260 96 Feb.
3236 3804 196 112 28;
3520 3804 92 92 A
3696 3804 472 108 967522;
4264 3804 68 100 S
4348 3884 24 20 .
4456 3808 484 96 Hudson

360 3944 628 116 Chapman,
1068 3940 848 112 Philadelphia.
2084 3940 328 112 (27-7
2416 3940 64 92 3
2488 3940 132 92 95
2648 3944 32 108 )
4460 3940 276 100 2525

204 4208 568 144 Barnes,
852 4204 480 148 Harry
1412 4200 512 152 Elmer,
2016 4208 312 116 1889
2336 4280 84 12 –

364 4420 284 124 The
720 4420 520 168 genesis
1312 4416 152 128 of
1536 4420 224 124 the
1840 4420 424 124 world
2344 4460 340 116 war;
2772 4460 168 80 an
3024 4416 920 128 introduction
4024 4432 140 116 to
4244 4420 224 128 the
4544 4424 396 160 prob-

208 4616 32 116 l
256 4652 200 84 em
544 4604 152 128 of
780 4652 284 80 war
1148 4604 396 164 guilt,
1628 4604 176 164 by
1888 4604 480 164 Harry
2456 4604 116 120 E
2588 4600 40 124 l
2640 4648 280 80 mer
3012 4608 112 116 B
3144 4648 380 84 arnes
3636 4608 84 144 …
3940 4604 328 128 New
4364 4608 384 124 York
4832 4604 104 112 &

208 4796 592 156 London,
876 4792 164 124 A.
1112 4792 168 124 A.
1356 4788 532 164 Knopf,
1972 4788 352 128 1927.

368 4988 320 96 xxvii
760 5012 136 92 p.,
968 4988 56 96 1
1096 4988 40 96 l
1148 5060 56 44 .,
1280 4984 204 100 754
1556 5012 100 92 p.
1800 4984 752 112 22½ͨͫ.

372 5164 504 100 "Second
952 5156 448 96 revised
1476 5148 540 104 edition."

372 5300 588 100 "Selected
1044 5292 684 96 references.
1876 5288 288 96 Foot
2236 5292 332 92 notes
2652 5288 228 96 and
2960 5288 468 96 further
3512 5288 716 100 references"
4312 5300 124 88 at
4520 5300 216 92 end
4820 5296 124 96 of

204 5440 276 92 each
548 5436 540 112 chapter;
1168 5432 308 92 "The
1544 5424 616 100 literature
2232 5424 124 96 of
2424 5448 248 72 war
2736 5420 436 120 guilt":
3244 5452 108 88 p.
3424 5424 512 100 713–739.

204 5600 120 120 ©
384 5612 268 108 Apr.
712 5608 92 112 8,
868 5604 336 108 1927;
1264 5604 160 92 2c.
1488 5600 268 112 Apr.
1816 5600 128 88 11
1980 5624 28 80 ;
2080 5624 64 68 a
2156 5592 120 96 ff.
2336 5596 272 112 Apr.
2672 5608 68 92 9
2772 5616 24 92 ;
2868 5596 92 92 A
3024 5608 64 92 9
3092 5596 204 92 726
3304 5596 60 92 6
3368 5596 128 108 2;
3564 5596 408 100 Alfred
4036 5600 128 96 A.
4232 5600 424 116 Knopf,
4724 5600 216 104 inc.

384 5744 596 116 (27-7393)
4456 5732 284 100 2526

208 6000 668 148 Barthou,
952 5996 472 148 Louis,
1512 6000 316 120 1862
1828 6072 88 12 –

368 6220 284 124 The
748 6216 796 164 prodigious
1640 6212 436 156 lover;
2180 6252 292 84 new
2568 6216 524 156 aspects
3188 6208 144 124 in
3424 6208 224 128 the
3744 6204 244 132 life
4084 6208 152 128 of
4328 6212 596 132 Richard

208 6408 628 164 Wagner,
940 6404 172 160 by
1216 6396 416 128 Louis
1736 6396 528 128 Bartho
2276 6440 72 80 u
2444 6412 84 144 …
2724 6396 520 124 transla
3256 6408 52 112 t
3316 6396 160 128 ed
3576 6396 180 164 by
3860 6396 480 168 Henry
4448 6400 492 164 Irving

216 6592 464 128 Brock.
836 6588 328 128 New
1236 6588 424 156 York,
1728 6584 584 124 Duffield
2388 6588 96 112 &
2552 6624 704 120 company,
3340 6580 352 128 1927.

372 6784 60 96 5
488 6816 100 88 p.
648 6788 36 92 l
700 6860 56 40 .,
808 6784 64 96 3
876 6840 72 12 –
952 6784 232 116 220,
1200 6788 112 104 [1
1352 6804 32 80 ]
1448 6780 120 116 p.,
1652 6780 56 96 1
1768 6784 40 92 l
1824 6856 24 20 .
1980 6776 364 100 front.
2408 6772 412 120 (port.)
2980 6772 1136 116 21ͨͫ.

200 6948 76 112 ©
388 6956 264 112 Apr.
712 6956 92 100 2,
868 6952 336 104 1927;
1268 6952 160 96 2c.
1488 6952 228 92 and
1780 6948 196 96 aff.
2036 6944 276 116 Apr,
2372 6948 124 108 7;
2568 6944 96 92 A
2724 6940 476 100 972570;
3276 6944 488 100 Duffield
3828 6948 84 96 &
3976 6972 164 76 co.

384 7084 592 120 (27-7597)
4460 7084 280 100 2527

212 7348 504 148 Bragg,
784 7344 240 124 Sir
1084 7340 608 132 William
1764 7336 536 152 Henry,
2380 7340 316 120 1862
2700 7412 84 16 –

444 7568 80 144 …
604 7560 624 132 Creative
1304 7556 860 164 knowledge;
2252 7552 232 128 old
2564 7548 456 128 trades
3100 7548 264 128 and
3448 7596 292 84 new
3820 7556 548 136 science,
4444 7560 180 164 by
4716 7560 228 132 Sir

208 7748 608 128 William
892 7748 472 160 Bragg
1444 7752 84 144 …
1752 7740 328 124 New
2164 7736 388 128 York
2628 7736 268 124 and
2972 7732 616 164 London,
3664 7740 560 164 Harper
4296 7748 108 120 &
4480 7744 456 128 broth-

204 7976 248 116 ers,
512 7924 356 132 1927.

368 8120 160 96 xii
596 8148 136 88 p.,
800 8120 56 92 1
924 8120 40 92 l
976 8192 52 36 .,
1100 8116 204 96 258
1364 8144 100 88 p.
1608 8116 208 96 col.
1884 8116 392 108 front.,
2344 8108 308 100 illus.
2720 8108 36 116 (
2776 8108 188 96 inc
2968 8112 36 92 l
3020 8188 20 16 .
3108 8108 388 120 maps)
3588 8124 228 104 XLI
3852 8140 68 88 p
3924 8116 36 92 l
3976 8192 20 20 .
4072 8144 140 68 on
4284 8120 128 92 21
4484 8124 36 92 l
4532 8200 20 16 .
4620 8120 32 116 (
4680 8120 32 96 i
4728 8152 68 68 n
4808 8128 88 92 cl
4920 8200 20 24 .

216 8256 336 112 port.)
648 8252 428 116 diagrs.
1220 8252 680 112 21½ͨͫ.
1732 8248 616 116 (Harper's
2424 8248 472 92 modern
2972 8244 444 96 science
3488 8248 420 96 series)

372 8420 468 96 London
896 8416 436 100 edition
1416 8416 188 112 (G.
1668 8416 248 96 Bell
1984 8416 228 92 and
2272 8436 300 84 sons,
2644 8408 256 108 ltd.)
2988 8408 212 96 has
3268 8408 320 100 title:
3660 8412 212 96 Old
3940 8416 396 96 trades
4400 8420 224 92 and
4692 8448 252 68 new

212 8552 720 116 knowledge;
1032 8552 184 96 six
1304 8552 496 92 lectures
1896 8548 576 96 delivered
2568 8540 396 96 before
3056 8564 68 72 a
3220 8540 544 116 'juvenile
3852 8548 580 96 auditory'
4528 8560 124 88 at
4748 8560 192 88 the

216 8684 360 116 Royal
628 8684 704 108 institution,
1400 8680 652 100 Christmas
2108 8676 308 100 1925.

372 8852 1044 108 CONTENTS.—The
1496 8848 340 96 trade
1912 8844 124 96 of
2120 8844 196 92 the
2400 8836 784 100 sailor.—The
3264 8840 332 96 trade
3680 8844 120 92 of
3888 8848 192 96 the
4164 8848 632 100 smith.—T
4804 8852 140 96 he

216 8988 324 92 trade
592 8984 124 96 of
772 8988 196 92 the
1024 9008 244 72 wea
1276 9012 68 68 v
1352 8980 548 96 er.—The
1956 8980 332 92 trade
2348 8972 124 96 of
2528 8972 200 96 the
2784 8972 704 108 dyer.—The
3552 8980 332 92 trade
3944 8980 124 96 of
4128 8984 196 96 the
4388 8988 556 112 potter.—

212 9116 240 100 The
512 9120 328 96 trade
900 9116 120 96 of
1076 9116 196 96 the
1328 9112 404 100 miner.

212 9276 116 116 ©
404 9288 264 116 Apr.
740 9288 92 108 1,
908 9288 56 92 1
976 9292 68 88 9
1044 9288 64 92 2
1120 9292 56 88 7
1220 9308 20 88 ;
1316 9284 164 96 2c.
1556 9288 124 92 M
1680 9304 164 76 ar.
1920 9280 188 96 28;
2192 9272 200 100 aff.
2464 9272 268 112 Apr.
2808 9272 124 108 4;
3016 9268 96 96 A
3184 9272 64 92 9
3256 9272 404 116 72462;
3740 9280 464 116 Harper
4276 9288 84 92 &
4440 9284 296 96 bros.

392 9424 588 116 (27-7418)
4460 9416 276 104 2528

2468 9540 240 120 385
