5920 10300
348 924 768 144 Edmunds,
1204 920 576 124 Murrell
1788 1000 172 8 —
1968 916 768 132 Continued

508 1124 64 96 5
636 1148 104 88 p.
804 1124 40 88 l
852 1160 48 60 .,
972 1120 68 96 9
1044 1172 64 16 –
1112 1120 232 112 184,
1424 1164 24 72 [
1456 1120 60 92 1
1516 1144 32 80 ]
1624 1144 136 88 p.,
1828 1116 60 96 1
1960 1116 36 96 l
2008 1192 24 20 .
2176 1116 1208 116 19½ͨͫ.

356 1228 120 108 ©
556 1256 244 96 Oct.
868 1256 164 108 26,
1108 1252 336 112 1927;
1520 1252 164 96 2c.
1756 1252 224 92 and
2056 1272 60 72 a
2132 1248 120 100 ff.
2332 1248 244 100 Oct.
2648 1248 196 112 28;
2928 1248 96 92 A
3096 1244 548 112 1004856;
3720 1244 456 96 Harold
4248 1244 376 112 Vinal,
4700 1244 208 100 ltd.

536 1388 668 116 (27-22948)
4596 1376 288 100 9619

352 1572 920 156 Engelmann,
1344 1572 600 152 Arthur,
2024 1580 316 120 1853
2344 1652 88 12 –
2440 1580 356 120 1912.

592 1760 76 144 …
744 1760 132 124 A
952 1760 532 164 history
1560 1760 156 124 of
1792 1756 836 128 continental
2708 1756 320 128 civil
3108 1756 780 164 procedure,
3964 1756 184 164 by
4216 1752 540 128 Arthur
4832 1752 272 128 En-

344 1988 164 124 ge
512 1944 48 128 l
564 1988 412 84 mann
1048 1944 80 148 …
1296 1944 272 128 and
1652 1944 492 160 others,
2220 1944 524 124 transla
2752 1956 56 108 t
2816 1944 160 124 ed
3052 1940 272 128 and
3404 1940 452 128 edited
3932 1940 184 164 by
4192 1940 512 124 Robert
4788 1940 316 160 Wy-

344 2176 296 84 ness
728 2132 480 124 Millar
1284 2132 72 144 …
1548 2128 336 128 with
1976 2128 636 124 introduc
2616 2140 56 112 t
2680 2124 296 128 ions
3064 2128 180 164 by
3328 2124 624 132 William
4048 2120 336 136 Sear
4388 2124 48 124 l
4448 2172 64 76 e
4600 2124 228 124 Ho
4840 2124 44 120 l
4896 2124 204 124 ds-

348 2316 436 128 worth
852 2320 80 136 …
1148 2316 272 124 and
1532 2308 544 136 Samuel
2176 2312 288 128 Wil
2472 2312 44 124 l
2528 2308 112 128 is
2652 2324 56 112 t
2712 2352 168 84 on
2956 2320 80 136 …
3328 2312 560 160 Boston,
3988 2308 472 164 Little,
4564 2316 548 136 Brown,

344 2500 272 132 and
680 2540 708 124 company,
1460 2496 356 128 1927.

512 2704 116 92 lx
636 2700 164 116 iii,
876 2700 208 96 948
1152 2724 104 88 p.
1396 2696 64 96 2
1468 2700 544 108 4ͨͫ
1656 2772 20 24 .
1844 2692 300 120 (The
2216 2692 740 100 Continental
3036 2696 300 112 legal
3412 2692 452 116 history
3936 2692 392 116 series,
4404 2692 260 116 pub.
4744 2692 360 96 under

348 2836 188 96 the
608 2832 528 116 auspices
1212 2832 124 96 of
1412 2832 196 96 the
1680 2824 732 104 Association
2488 2828 124 96 of
2684 2828 616 96 American
3376 2832 224 88 law
3668 2828 484 96 schools.
4308 2856 32 64 [
4340 2848 68 72 v
4420 2904 24 20 .
4520 2828 164 116 7])

512 2964 812 120 Engelmann's
1408 2964 852 96 contributions
2348 2956 120 104 to
2556 2964 236 92 this
2884 2960 316 96 work
3292 2988 196 68 are
3580 2960 352 96 taken
4012 2956 308 100 from
4408 2960 196 100 the
4688 2964 412 96 second

344 3108 452 92 volume
860 3100 120 96 of
1044 3100 184 96 his
1296 3096 304 96 "Der
1672 3108 60 84 c
1732 3096 712 112 ivilprozess,
2512 3092 660 116 geschichte
3248 3096 228 96 und
3540 3092 544 116 system".
4224 3104 56 84 c
4284 3092 80 116 f.
4436 3120 108 92 p.
4608 3096 232 100 xlv.

512 3236 832 116 Bibliography
1384 3260 24 72 :
1484 3256 100 92 p.
1660 3228 536 120 lxi–lxiii.

352 3368 124 108 ©
564 3372 244 96 Oct.
888 3372 164 108 21,
1136 3364 132 96 19
1272 3368 72 92 2
1348 3372 124 108 7;
1560 3368 160 92 2c.
1808 3368 228 92 and
2120 3388 68 68 a
2200 3364 84 100 ff
2280 3388 40 88 .
2408 3364 244 96 Oct.
2736 3364 64 92 2
2812 3360 60 96 6
2916 3384 20 88 ;
3028 3360 100 96 A
3212 3360 480 96 1007972
3736 3384 20 72 ;
3852 3360 388 116 Little,
4328 3364 460 112 Brown,
4880 3364 228 92 and

516 3528 596 92 company.
1276 3500 328 116 (27-2
1608 3500 64 96 3
1688 3500 256 112 112)
4620 3492 288 100 9620

352 3696 528 124 Federa
888 3692 40 124 l
1012 3696 444 164 digest
1532 3692 640 160 covering
2248 3688 660 128 decisions
2988 3688 152 124 of
3216 3688 228 124 the
3524 3692 516 128 United
4128 3688 452 132 States
4664 3704 448 112 courts

512 3884 628 164 reported
1228 3884 140 120 in
1452 3880 580 124 Federal
2112 3892 656 148 reporter,
2852 3880 480 120 second
3424 3876 444 164 series,
3952 3880 328 124 vols.
4376 3884 384 152 1–15;
4864 3872 248 136 Su-

512 4112 456 120 preme
1020 4080 384 112 court
1464 4076 652 152 reporter,
2172 4076 200 152 45,
2432 4072 228 148 46;
2732 4064 512 128 United
3316 4060 448 132 States
3828 4076 572 148 reports,
4460 4060 644 160 266–271;

504 4252 684 164 Lawyers'
1308 4252 560 160 edition,
1988 4252 516 124 United
2628 4244 448 132 States
3196 4264 572 148 reports,
3892 4248 200 160 70,
4212 4244 224 144 71;
4564 4252 536 160 Appeal

512 4484 400 112 cases,
972 4436 584 128 District
1616 4436 152 128 of
1836 4432 716 132 Columbia
2616 4448 572 148 reports,
3256 4436 280 160 55*,
3604 4436 232 124 56*
3932 4432 296 164 (*in
4292 4436 384 164 part)
4852 4436 260 128 Ed.

508 4624 180 164 by
756 4624 232 128 the
1060 4624 636 124 editorial
1772 4620 320 128 staff
2164 4620 152 128 of
2392 4624 224 124 the
2692 4620 736 124 American
3508 4624 440 160 digest
4024 4636 540 148 system.
4744 4628 100 124 [1
4864 4628 248 116 –15

512 4812 576 124 Federal
1184 4808 144 168 (2
1332 4808 156 164 d)
1500 4848 56 92 ]
1668 4812 84 144 …
1960 4804 204 132 St.
2236 4808 396 160 Paul,
2700 4804 384 132 West
3160 4804 800 172 publishing
4032 4852 236 116 co.,
4348 4808 360 128 1927.

512 5008 140 112 iv,
724 5004 276 96 1199
1060 5032 104 88 p.
1304 5004 68 96 2
1376 5004 544 108 6ͨͫ
1560 5080 24 24 .

360 5136 116 112 ©
548 5144 268 112 May
880 5140 96 116 9,
1044 5140 336 112 1927;
1452 5140 160 100 2c.
1680 5140 228 92 and
1976 5164 56 68 a
2056 5140 120 96 ff.
2240 5140 276 112 July
2580 5140 200 108 11;
2852 5140 96 92 A
3016 5140 280 96 9909
3308 5140 188 112 54;
3568 5140 324 92 West
3956 5140 264 112 pub.
4288 5160 164 76 co.
4624 5136 284 96 9621

344 5332 624 148 Forster,
1044 5328 608 128 Edward
1732 5328 640 152 Morgan,
2464 5332 312 124 1879
2784 5408 84 12 –

516 5516 448 164 Aspec
968 5532 56 108 t
1032 5560 60 80 s
1160 5512 152 128 of
1376 5516 228 124 the
1668 5516 440 160 novel,
2168 5516 180 160 by
2420 5516 156 124 E.
2648 5516 188 124 M.
2904 5516 116 124 F
3032 5556 220 84 ors
3256 5524 60 116 t
3320 5556 144 84 er
3572 5528 88 128 …
3844 5516 328 124 New
4248 5516 428 160 York,
4744 5520 356 120 Har-

344 5720 424 144 court,
836 5704 432 124 Brace
1332 5708 108 116 &
1512 5744 664 120 company
2264 5700 452 144 [ͨ1927]

508 5900 208 100 250
792 5928 104 92 p.
1036 5900 684 108 19½ͨͫ.

516 6036 304 96 "The
884 6032 352 100 Clark
1296 6036 496 96 lectures
1876 6036 68 108 …
2032 6032 584 96 delivered
2680 6032 368 96 under
3100 6032 196 96 the
3356 6032 532 116 auspices
3944 6032 124 96 of
4124 6032 464 116 Trinity
4640 6036 464 116 college,

344 6168 720 116 Cambridge,
1136 6168 120 96 in
1324 6168 196 96 the
1592 6164 400 120 spring
2060 6164 124 100 of
2252 6164 376 100 1927."
2636 6216 140 20 –
2784 6164 328 104 Note.

356 6280 124 108 ©
568 6304 248 100 Oct.
892 6300 168 116 20,
1148 6300 332 112 1927;
1568 6300 160 96 2c.
1816 6304 228 92 and
2132 6296 192 100 aff.
2412 6300 248 96 Oct.
2740 6300 60 92 2
2812 6296 64 92 9
2916 6320 24 88 ;
3028 6300 96 92 A
3212 6300 60 92 1
3284 6296 132 96 00
3420 6300 140 96 48
3564 6296 68 100 6
3632 6300 128 108 2;
3852 6300 624 116 Harcourt,
4568 6300 92 92 B
4676 6324 264 76 race
5028 6300 84 96 &

516 6464 192 88 co.,
784 6440 216 96 inc.
1168 6440 328 112 (27-2
1500 6436 64 92 3
1576 6436 260 116 181)
4628 6432 280 96 9622

348 6628 380 152 Gale,
804 6624 472 132 Frank
1348 6624 160 128 L.

524 6816 416 132 God's
1024 6812 524 164 pulpit;
1644 6856 72 80 a
1800 6828 376 148 story
2260 6808 152 128 of
2496 6808 648 128 southern
3228 6812 816 144 mountains,
4132 6816 180 160 by
4396 6808 476 132 Frank
4956 6816 156 124 L.

360 6996 376 132 Gale.
928 6996 708 160 [Beatrice,
1712 6992 380 164 Neb.,
2164 6996 576 124 Printed
2816 6996 184 168 by
3076 6996 612 124 Milburn
3768 7000 112 124 &
3956 6992 384 136 Scott
4416 7036 188 84 co.
4580 7004 64 108 ]
4752 7000 364 128 1927.

524 7188 64 100 9
596 7192 64 96 6
724 7216 104 92 p.
968 7188 64 96 2
1040 7188 648 112 0½ͨͫ
1296 7264 24 24 .

360 7316 120 112 ©
560 7328 244 96 Oct.
876 7328 160 112 11,
1112 7324 336 112 1927;
1524 7324 160 96 2c.
1756 7324 228 96 and
2056 7324 200 100 aff.
2332 7324 244 100 Oct.
2648 7324 200 112 24;
2924 7324 100 92 A
3096 7324 480 96 1004793
3620 7352 20 72 ;
3728 7324 464 96 Martha
4272 7324 440 96 Becker
4796 7328 312 100 Gale.

524 7464 580 112 Gravette,
1176 7464 276 92 Ark.
1628 7456 668 120 (27-22996)
4624 7456 284 104 9623

356 7648 452 152 Garis,
888 7648 608 128 Howard
1572 7652 508 152 Roger,
2164 7648 312 132 1873
2484 7732 84 12 –

528 7836 292 128 The
904 7836 436 132 Uncle
1428 7836 628 168 Wiggily
2140 7836 396 160 book,
2624 7836 184 164 by
2892 7832 620 128 Howard
3612 7836 160 124 R.
3872 7832 476 164 Garis;
4452 7836 336 128 with
4880 7836 232 132 the

364 8020 628 124 editorial
1096 8064 144 80 co
1276 8020 88 112 ö
1336 8020 624 160 peration
2056 8020 156 124 of
2308 8020 328 124 Max
2736 8020 132 128 J.
2976 8020 712 164 Herzberg
3748 8020 76 144 …
4052 8020 540 128 illustra
4604 8032 56 112 t
4664 8020 168 128 ed
4932 8028 180 160 by

368 8204 388 164 Lang
808 8200 752 164 Campbell.
1704 8200 328 128 New
2092 8200 428 164 York,
2572 8204 172 124 D.
2800 8204 708 160 Appleton
3568 8204 268 128 and
3900 8244 668 124 company
4640 8188 456 160 [ͨ1927]

528 8420 72 72 v
608 8396 36 92 i
652 8392 84 96 ii
792 8420 136 92 p.,
980 8396 60 92 1
1100 8396 32 92 l
1148 8468 56 36 .,
1264 8396 232 112 177,
1560 8392 96 120 [1
1664 8384 24 88 ]
1756 8420 104 92 p.
2004 8396 204 96 col.
2264 8396 308 96 illus.
2712 8396 680 108 19ͨͫ.

364 8496 120 112 ©
564 8528 240 100 Oct.
872 8528 168 116 28,
1112 8528 336 112 1927;
1524 8532 60 92 2
1596 8556 56 68 c
1664 8608 20 20 .
1760 8540 224 92 and
2060 8528 200 104 aff.
2332 8532 248 96 Oct.
2652 8532 196 112 31;
2924 8532 92 92 A
3096 8532 52 92 1
3164 8528 68 96 0
3236 8532 128 92 10
3368 8528 144 96 05
3512 8532 124 112 2;
3720 8532 104 92 D
3840 8612 20 20 .
3932 8532 576 116 Appleton
4580 8536 84 96 &
4740 8560 56 68 c
4800 8560 64 72 o
4880 8612 20 20 .

548 8668 320 112 (27-2
880 8664 140 100 30
1016 8664 196 112 28)
4624 8668 284 96 9624

364 8852 756 152 [Goodwin,
1200 8852 736 128 Elizabeth
2012 8856 360 152 Sage
2392 8936 28 84 ]

536 9040 592 164 Rhymes
1220 9040 156 124 of
1460 9040 124 124 if
1680 9040 268 128 and
2036 9040 360 164 why,
2484 9040 184 164 by
2760 9044 416 160 Betty
3276 9040 348 168 Sage
3736 9044 552 156 [pseud.]
4396 9040 336 132 with
4828 9040 272 164 pic-

372 9236 48 108 t
428 9268 304 80 ures
800 9224 180 164 by
1060 9224 780 128 Boardman
1924 9224 736 128 Robinson.
2820 9224 332 128 New
3232 9224 428 164 York,
3740 9224 584 128 Duffield
4412 9224 264 128 and
4760 9268 344 84 com-

372 9448 404 124 pany,
844 9404 356 132 1927.

2580 9592 316 128 1437
