5920 10300
164 984 748 128 American
1004 984 664 120 institute
1760 980 152 124 of
1996 980 548 148 mining
2632 980 272 124 and
2996 980 1032 148 metallurgical
4120 980 788 148 engineers,

320 1172 260 124 inc.

324 1360 764 120 Petroleum
1168 1356 936 156 development
2180 1356 268 120 and
2520 1352 800 160 technology
3400 1356 140 120 in
3616 1360 356 116 1926.
4132 1356 768 120 Petroleum

160 1544 632 156 division,
856 1544 168 120 A.
1096 1544 108 116 I.
1280 1544 144 116 M
1444 1640 20 24 .
1544 1544 156 120 E.
1856 1544 516 156 Papers
2444 1544 708 156 presented
3224 1536 468 128 before
3760 1540 236 124 the
4060 1536 636 128 Division
4764 1560 140 104 at

164 1732 108 120 T
284 1732 136 120 ul
432 1772 180 116 sa,
720 1724 268 132 Okl
1000 1772 64 76 a
1096 1824 64 60 .,
1264 1724 296 132 Oct.
1672 1736 312 112 11–1
2000 1736 68 112 2
2092 1824 24 32 ,
2224 1736 60 112 1
2300 1736 240 112 926
2556 1824 24 36 ,
2684 1728 268 120 and
3060 1728 328 120 New
3496 1728 388 120 York
3896 1824 24 60 ,
4024 1724 316 124 Feb.
4464 1736 60 112 1
4544 1740 68 108 5
4616 1728 288 156 –17,

164 1916 352 124 1927.
676 1916 328 120 New
1084 1912 384 124 York
1540 1916 320 156 city,
1932 1912 288 124 The
2296 1916 728 120 American
3104 1912 616 124 institute
3800 1908 152 128 of
4024 1912 536 160 mining
4632 1916 272 120 and

148 2100 996 160 metallurgical
1220 2100 740 160 engineers,
2036 2100 252 120 inc.
2384 2100 392 156 [1927]

312 2296 64 92 9
384 2296 60 92 5
456 2292 60 96 6
580 2320 104 88 p.
820 2320 356 84 maps,
1252 2300 40 88 t
1300 2304 64 80 a
1380 2296 272 108 bles,
1728 2292 320 112 diagr
2068 2320 48 68 s
2132 2368 20 20 .
2288 2296 716 104 23½ͨͫ
2616 2368 20 20 .

192 2448 56 64 ©
356 2432 296 92 June
724 2428 164 112 19,
964 2428 332 96 1927;
1368 2428 164 96 2c.
1608 2428 276 112 July
1956 2432 124 92 7:
2160 2428 196 96 aff.
2432 2428 276 112 July
2780 2428 124 96 6:
2980 2440 92 88 A
3148 2428 276 128 9963
3432 2428 192 96 35;
3708 2440 380 88 Amer.
4160 2428 544 96 institute
4780 2428 116 96 of

312 2564 440 112 mining
820 2568 224 88 and
1120 2564 848 112 metallurgical
2036 2564 632 112 engineers.
2740 2564 216 112 inc.
4412 2556 288 104 5187

156 2784 748 152 Annesley,
984 2784 624 152 Charles,
1684 2788 464 160 pseud.
2232 2788 152 164 of
2456 2784 584 132 Charles
3112 2788 276 124 and
3460 2788 416 124 Anna
3940 2788 788 128 Tittmann.

312 2972 288 124 The
700 2972 656 124 standard
1460 2972 844 164 operaglass;
2416 2968 588 128 detailed
3108 2972 360 160 plots
3568 2972 152 124 of
3816 2972 232 124 the
4144 2972 756 128 celebrated

148 3200 516 116 operas,
748 3156 332 124 with
1168 3156 524 124 critical
1780 3156 268 124 and
2140 3156 944 160 biographical
3172 3156 604 124 remarks
3860 3156 268 124 and
4216 3156 420 160 dates,
4716 3160 184 164 by

148 3340 560 132 Charles
792 3340 756 164 Annesley;
1644 3340 336 124 with
2072 3384 72 80 a
2236 3340 560 164 prelude
2884 3340 180 164 by
3148 3340 464 128 James
3692 3340 696 128 Huneker.
4564 3344 332 128 Rev.

144 3528 200 124 ed.
520 3528 332 124 New
928 3524 428 160 York,
1428 3528 848 156 Brentano's,
2356 3528 356 124 1927.

304 3752 236 68 xxv
600 3748 136 88 p.,
808 3728 56 88 1
932 3724 40 92 l
988 3796 52 36 .,
1108 3720 200 100 865
1376 3748 100 88 p.
1620 3724 756 108 18ͨͫ
1864 3760 24 56 .

164 3844 112 128 ©
344 3860 296 92 June
708 3860 92 108 1,
868 3856 328 100 1927;
1272 3856 60 92 2
1344 3880 56 72 c
1412 3932 16 20 .
1500 3856 300 92 June
1868 3856 192 108 16;
2136 3856 196 96 aff.
2404 3856 296 92 June
2768 3856 196 112 15;
3040 3856 92 92 A
3200 3856 204 96 996
3412 3856 68 96 0
3480 3856 64 96 6
3552 3856 64 96 0
3656 3884 20 84 ;
3752 3860 720 116 Brentano's,
4540 3860 220 100 inc.

332 3992 668 116 (27-14231)
4408 3988 284 104 5188

140 4208 524 152 Bailey,
748 4212 448 124 Bruce
1284 4208 776 132 Crawford.

308 4432 44 84 I
372 4500 24 24 .
488 4400 408 124 Yield
980 4440 240 120 per
1304 4412 300 112 cent
1684 4396 724 160 problems,
2492 4400 324 160 long
2896 4400 268 124 and
3248 4396 384 132 short
3716 4416 344 112 term
4144 4400 460 164 leases,
4692 4400 196 128 in-

140 4588 688 124 stallment
884 4588 420 120 loans.
1500 4596 144 136 II.
1664 4580 1048 164 Building-loan
2772 4584 472 160 tables,
3304 4588 504 160 special
3872 4588 560 124 interest
4492 4604 400 144 rates,

144 4768 704 128 insurance
932 4772 332 160 plan
1348 4784 748 148 payments.
2372 4772 252 136 III.
2568 4768 644 164 Monthly
3300 4788 756 148 payments,
4144 4776 732 160 periodical

144 4956 944 160 installments,
1148 4956 760 160 compound
1976 4952 556 128 interest
2628 4956 76 144 …
2816 4956 180 164 by
3060 4956 436 128 Bruce
3564 4952 732 136 Crawford
4364 4960 520 164 Bailey.

152 5144 304 132 [Los
540 5140 632 164 Angeles,
1256 5140 1016 124 Times-mirror
2356 5140 628 164 printing
3064 5144 112 124 &
3256 5140 584 164 binding
3916 5144 456 160 house,
4432 5156 440 156 ͨ1927]

300 5336 164 112 95,
536 5336 164 112 27,
772 5336 136 96 64
976 5360 104 88 p.
1220 5336 720 108 24½ͨͫ.
1844 5328 380 120 $12.50

304 5472 56 40 "
376 5472 68 96 S
456 5496 60 68 e
528 5496 52 72 c
588 5476 48 88 t
640 5472 40 92 i
692 5496 144 68 on
896 5472 204 108 III
1176 5468 124 96 of
1396 5468 236 96 this
1728 5468 296 100 book
2128 5496 240 68 was
2468 5468 620 116 originally
3188 5472 612 116 published
3904 5476 364 92 under
4372 5472 152 96 its
4628 5504 252 72 own

132 5604 1004 100 title."—General
1220 5604 420 100 introd.

148 5736 112 112 ©
340 5744 268 112 Apr.
676 5744 60 92 3
748 5740 72 96 0
824 5816 20 36 ,
916 5744 56 88 1
988 5752 64 88 9
1052 5744 64 88 2
1124 5744 60 92 7
1228 5764 24 88 ;
1320 5744 68 88 2
1392 5768 56 68 c
1464 5820 20 20 .
1556 5744 224 92 and
1852 5768 64 68 a
1932 5740 44 92 f
1960 5744 88 92 f.
2144 5760 248 92 May
2460 5744 200 108 23;
2736 5744 96 92 A
2904 5744 128 96 97
3044 5744 64 92 6
3116 5744 128 92 75
3256 5744 124 112 6;
3460 5744 128 96 B.
3668 5744 80 96 C
3764 5820 20 24 .
3860 5744 440 112 Bailey,
4376 5748 84 92 L
4472 5776 120 68 os
4668 5748 176 96 An
4852 5804 32 12 -

300 5880 340 108 geles.
808 5876 260 112 (27-
1072 5880 132 88 14
1200 5896 72 92 0
1280 5880 68 88 4
1352 5876 120 112 2)
4404 5876 284 100 5189

136 6060 592 152 Barritt,
804 6060 368 132 John
1248 6064 212 128 W.

304 6248 288 128 The
652 6296 296 80 care
1008 6252 268 124 and
1336 6248 708 164 operation
2104 6248 156 128 of
2312 6248 616 128 machine
2984 6252 388 156 tools,
3436 6252 172 156 by
3668 6252 136 132 J.
3856 6256 212 128 W.
4132 6260 356 120 Barr
4496 6256 40 116 i
4556 6272 116 108 tt
4784 6256 84 136 …

144 6436 328 128 New
552 6436 428 160 York,
1056 6440 136 124 J.
1268 6436 452 164 Wiley
1800 6440 108 120 &
1984 6480 352 116 sons,
2412 6436 324 160 inc.;
2824 6440 620 160 London,
3524 6436 716 164 Chapman
4316 6448 104 116 &
4504 6444 380 124 Hall.

144 6620 568 160 limited,
792 6624 356 124 1927.

308 6844 76 68 x
388 6844 72 68 v
468 6892 24 40 ,
568 6816 208 100 292
856 6844 96 88 p.
1040 6816 120 96 in
1168 6820 100 92 cl
1280 6892 24 24 .
1384 6816 392 116 front.,
1856 6816 344 116 illus.,
2284 6816 432 116 diagrs.
2860 6816 68 96 2
2932 6816 576 108 3½ͨͫ
3188 6888 24 28 .
3388 6816 36 120 (
3444 6820 120 96 H
3564 6844 68 72 a
3644 6820 36 92 l
3688 6816 92 120 f-
3792 6820 44 96 t
3844 6816 44 96 i
3892 6820 156 96 tle
4068 6844 36 72 :
4180 6820 244 96 The
4512 6820 368 120 Wiley

148 6956 328 92 trade
540 6952 392 116 series,
1000 6952 172 100 ed.
1232 6952 148 116 by
1440 6952 108 96 J.
1608 6952 120 100 C.
1788 6952 524 116 Wright)
2604 6948 312 120 $2.75

148 7080 108 112 ©
344 7092 300 96 June
720 7088 164 108 10,
960 7092 336 96 1927:
1376 7092 160 96 2c.
1616 7092 300 100 June
1996 7092 192 96 18:
2272 7108 60 80 a
2348 7092 124 96 ff.
2552 7092 300 92 June
2932 7092 192 96 17:
3212 7092 92 92 A
3388 7092 464 100 996096:
3948 7096 104 96 J.
4136 7096 168 96 W.
4388 7096 476 100 Barritt.

304 7244 416 92 Moore,
784 7228 196 96 Pa.
1148 7224 664 116 (27-14173)
4396 7228 284 100 5190

140 7412 464 152 Bates,
672 7412 612 128 William
1344 7408 564 152 Maffitt,
1984 7420 324 120 1890
2312 7488 80 16 –

300 7596 492 168 Digest
856 7600 272 128 and
1196 7596 848 164 comparison
2116 7596 192 164 of,
2372 7600 268 128 and
2708 7608 376 116 notes
3152 7644 372 120 upon
3592 7600 584 168 changes
4240 7608 392 124 made
4700 7604 188 160 in,

148 7788 216 124 the
440 7788 644 124 Missouri
1168 7784 868 164 corporation
2116 7788 328 124 laws
2524 7784 596 164 relating
3192 7800 140 112 to
3412 7788 1128 168 manufacturing
4616 7792 268 124 and

144 7972 592 124 business
800 7968 764 164 companies
1620 7972 184 160 by
1864 7972 468 124 House
2384 7968 252 128 bill
2692 8012 216 84 no.
2968 7976 284 120 442.
3432 7972 216 160 By
3708 7972 624 128 William
4388 7972 284 128 Maf
4676 7976 52 124 f
4716 7976 168 128 itt

148 8160 108 120 B
272 8172 280 112 ates
660 8156 84 144 …
944 8152 400 132 Saint
1400 8156 120 124 L
1524 8196 84 84 o
1608 8156 252 160 uis,
1920 8152 672 128 Mercanti
2604 8156 44 120 l
2660 8200 64 80 e
2784 8168 352 112 trust
3200 8200 664 120 company
3940 8156 408 160 [1927]

300 8352 672 112 cover-title,
1024 8352 136 92 24
1208 8380 100 88 p.
1452 8352 208 108 17½
1696 8380 76 68 x
1812 8352 688 108 25½ͨͫ.

152 8456 108 108 ©
328 8492 172 112 Ap
512 8516 80 72 r.
656 8492 164 108 29,
884 8488 200 96 192
1092 8492 64 92 7
1184 8492 28 80 ;
1280 8488 64 92 2
1348 8492 56 80 c
1424 8564 16 20 .
1504 8492 224 92 and
1792 8488 124 92 af
1900 8488 60 88 f
1968 8564 20 20 .
2076 8476 88 88 M
2116 8488 208 108 lay
2384 8488 60 88 1
2452 8484 64 96 3
2556 8512 24 80 ;
2648 8484 100 92 A
2804 8484 68 92 9
2880 8484 204 96 766
3088 8488 192 108 14;
3352 8484 132 88 W
3504 8560 20 20 .
3644 8480 96 120 M.
3804 8488 388 108 Bates,
4264 8488 128 96 St
4408 8564 16 20 .
4492 8492 88 88 L
4588 8516 60 68 o
4660 8492 212 96 uis.

324 8624 664 116 (27-14212)
4392 8620 280 100 5191

140 8812 628 148 Bazzoni,
844 8808 592 132 Charles
1496 8804 608 148 Blizard,
2180 8808 320 120 1886
2504 8880 84 16 –

304 9000 576 128 Kernels
976 8992 152 132 of
1224 8992 228 124 the
1548 8988 688 164 universe;
2336 8988 564 128 modern
2996 8984 804 132 discoveries
3896 8988 148 128 in
4140 8996 488 160 regard
4728 9008 144 116 to

148 9184 220 124 the
456 9180 944 128 fundamental
1484 9172 888 132 constitution
2448 9172 160 124 of
2688 9172 508 160 things,
3276 9172 176 160 by
3544 9168 148 132 C.
3784 9176 164 124 B.
4036 9176 592 128 Bazzoni
4748 9180 80 144 …

140 9368 328 128 New
536 9368 424 160 York,
1032 9364 528 160 George
1628 9360 184 124 H.
1876 9360 476 124 Doran
2424 9400 668 124 company
3172 9352 460 168 [ͨ1927]

2392 9632 248 132 785
