5920 10300
216 1036 1172 128 Massachusetts.
1568 1032 436 156 Laws,
2092 1040 608 128 statutes,
2796 1036 236 112 etc.
3040 1100 112 12 —
3220 1016 776 132 Continued

212 1232 472 120 Under
772 1224 228 124 the
1096 1220 632 124 editorial
1824 1212 852 164 supervision
2768 1208 152 124 of
3016 1208 592 120 Thomas
3704 1200 624 132 Johnson
4424 1196 548 160 Michie,

216 1412 560 128 assisted
896 1408 176 144 by
1192 1404 164 124 A.
1480 1404 600 120 Hewson
2196 1396 548 124 Michie.
3000 1388 1148 160 Charlottesville,
4268 1388 300 160 Va.,
4692 1388 284 124 The

208 1596 504 128 Michie
780 1632 708 120 company,
1564 1580 356 132 1927.

384 1796 64 92 2
500 1820 100 88 p.
664 1796 24 88 l
708 1864 52 40 .,
820 1792 200 88 212
1076 1812 104 92 p.
1320 1784 676 120 23ͨͫ.

224 1952 116 108 ©
416 1932 68 96 S
496 1932 224 112 ept.
784 1928 160 112 16,
1012 1924 328 108 1927;
1412 1924 156 112 2c.
1636 1920 228 92 and
1928 1944 52 68 a
2004 1916 116 100 ff.
2200 1916 300 112 Sept.
2564 1912 192 124 20:
2832 1912 96 92 A
2996 1908 544 112 1004253;
3616 1904 420 100 Michie
4096 1932 164 68 co.
4472 1900 280 100 8175

224 2116 916 148 Maximilian,
1208 2120 472 160 prince
1752 2108 152 164 of
1968 2108 520 160 Baden,
2568 2104 320 128 1867
2892 2184 84 12 –

448 2308 88 136 …
624 2300 1044 160 Erinnerungen
1740 2292 280 128 und
2092 2292 852 124 dokumente.
3108 2284 704 168 Stuttgart
3896 2296 324 132 [etc.]
4312 2284 680 128 Deutsche

240 2484 1136 168 verlags-anstalt,
1452 2476 356 132 1927.

396 2684 64 92 4
516 2704 104 92 p.
676 2680 44 92 l
732 2752 52 44 .,
844 2676 64 96 5
912 2732 68 12 –
984 2676 236 116 694,
1292 2684 228 104 [1]
1488 2700 100 88 p.
1716 2672 356 96 front.
2140 2668 412 116 (port.)
2632 2668 284 96 fold.
2976 2692 300 92 map.
3416 2668 756 120 24½ͨͫ.

400 2816 148 92 At
604 2812 300 96 head
968 2812 124 96 of
1152 2812 320 96 title:
1544 2808 344 96 Prinz
1952 2808 272 92 Max
2292 2832 216 68 von
2568 2804 436 92 Baden.

292 2948 72 108 ©
436 2952 268 112 Apr.
792 2948 160 112 13,
1036 2944 332 108 1927;
1528 2948 144 108 1c.
1708 2944 96 88 M
1828 2968 144 84 ay
2052 2944 196 108 25;
2344 2940 92 88 A
2436 2992 148 12 —
2592 2940 492 108 Foreign
3164 2936 408 112 35072;
3664 2936 588 96 Deutsche
4336 2940 308 88 verla
4664 2952 64 80 g
4740 2960 252 68 san-

392 3088 316 96 stalt.
880 3084 664 116 (27-20121)
4484 3072 288 100 8176

228 3276 576 152 Merrill,
872 3276 612 128 William
1548 3268 632 152 Pierson,
2260 3276 316 120 1867
2580 3348 80 12 –

404 3464 672 160 Prophets
1180 3460 152 124 of
1436 3460 228 124 the
1780 3456 464 124 dawn:
2360 3456 464 160 Amos,
2932 3456 500 156 Hosea,
3540 3456 508 156 Isaiah,
4156 3456 512 156 Micah,
4776 3460 228 120 the

236 3648 804 164 beginnings
1136 3648 152 124 of
1372 3648 228 124 the
1692 3644 584 160 religion
2364 3640 152 124 of
2600 3640 232 132 the
2920 3640 448 160 spirit,
3456 3640 176 160 by
3724 3640 624 128 William
4436 3644 568 124 Pierson

240 3832 476 124 Merril
724 3836 44 120 l
876 3836 76 136 …
1172 3832 328 124 New
1572 3828 420 160 York,
2064 3828 600 164 Chicago
2748 3832 280 120 [etc.
3012 3832 48 112 ]
3156 3828 636 160 Fleming
3860 3824 180 128 H.
4116 3828 360 124 Reve
4492 3828 96 120 ll
4656 3872 348 80 com-

240 4064 360 120 pany
700 4020 444 160 [ͨ1927]

404 4220 196 96 173
652 4244 80 88 p
736 4292 20 20 .
900 4216 644 120 19½ͨͫ.

240 4296 124 116 ©
432 4360 304 112 Sept.
792 4352 164 116 10,
1016 4352 336 108 1927;
1416 4352 160 96 2c.
1640 4352 224 92 and
1924 4376 60 68 a
1996 4304 88 88 ff
2104 4428 16 20 .
2188 4352 304 108 Sept.
2552 4348 192 108 14;
2812 4352 96 88 A
2972 4348 544 96 1007261:
3588 4348 520 112 Fleming
4168 4348 144 96 H.
4384 4348 392 92 Revell
4844 4380 52 64 c
4904 4372 96 72 o.

428 4488 660 120 (27-20135)
4496 4480 284 100 8177

240 4680 812 148 Middleton,
1132 4676 392 128 Ellis.

412 4868 284 124 The
808 4864 444 164 king's
1360 4864 656 160 pleasure,
2120 4864 180 160 by
2412 4864 356 124 Ellis
2876 4860 772 128 Middleton
3724 4872 80 144 …
4140 4864 328 124 New
4588 4856 424 164 York,

252 5056 144 120 L.
468 5052 836 164 MacVeagh,
1368 5052 284 124 The
1720 5048 328 124 Dial
2112 5092 416 116 press,
2600 5044 356 128 1927.

416 5252 64 92 3
540 5272 104 88 p.
712 5252 40 88 l
764 5320 52 40 .,
880 5244 208 96 336
1148 5268 100 92 p.
1392 5244 752 112 19½ͨͫ.

260 5372 120 116 ©
456 5384 300 112 Sept.
824 5384 164 108 26,
1060 5380 332 96 1927:
1464 5380 160 100 2c.
1700 5400 64 76 a
1768 5384 152 88 nd
1992 5376 196 100 aff.
2264 5380 304 112 Sept.
2636 5376 136 96 29
2792 5400 40 76 ;
2912 5380 92 88 A
3076 5376 544 96 1004391:
3700 5376 268 96 Dial
4040 5400 356 92 press,
4468 5376 216 96 inc.

440 5520 664 116 (27-20261)
4508 5508 280 104 8178

260 5708 388 148 Noel,
712 5708 372 124 John
1152 5708 572 152 Baptist
1796 5708 560 148 Lucius,
2440 5716 316 116 1890
2760 5784 84 16 –

428 5896 284 124 The
792 5908 376 152 story
1248 5892 152 128 of
1484 5896 604 156 Everest,
2168 5896 180 160 by
2432 5892 112 132 C
2552 5892 480 164 aptain
3120 5892 376 128 John
3576 5892 284 128 Noe
3872 5892 48 128 l
4024 5892 76 148 …
4248 5892 152 128 ill
4412 5896 608 124 ustrated

272 6080 356 124 from
700 6080 944 160 photographs
1716 6080 180 160 by
1972 6080 228 124 the
2280 6080 528 124 author.
2980 6080 556 160 Boston,
3620 6080 464 160 Little,
4168 6084 508 120 Brown
4756 6084 264 124 and

264 6308 708 120 company,
1040 6260 360 132 1927.

436 6456 228 116 xiv,
724 6456 204 96 258
988 6480 100 92 p.
1216 6456 388 112 front.,
1672 6456 60 92 1
1792 6456 340 116 illus.,
2204 6456 408 116 plates,
2676 6464 356 108 ports.
3176 6452 680 104 22½ͨͫ.

264 6576 124 116 ©
472 6592 300 116 Sept.
844 6592 168 112 24,
1088 6592 336 108 1927;
1504 6588 160 96 2c.
1740 6596 228 88 and
2044 6592 196 96 aff.
2324 6588 304 116 Sept.
2704 6592 196 108 30;
2984 6596 92 88 A
3156 6596 544 108 1007316;
3792 6596 384 112 Little,
4260 6600 452 108 Brown,
4796 6600 228 92 and

428 6756 588 84 company.
1184 6728 668 116 (27-20241)
4516 6728 284 104 8179

268 6940 496 152 Odum,
848 6940 612 128 Howard
1540 6940 988 156 Washington,
2612 6952 324 120 1884
2940 7024 76 12 –

436 7120 440 128 Man's
964 7132 380 152 quest
1436 7116 228 128 for
1748 7120 412 128 social
2248 7120 732 164 guidance;
3076 7128 232 124 the
3392 7128 408 160 study
3892 7128 152 124 of
4128 7128 412 124 social
4632 7132 396 160 prob-

276 7308 36 120 l
324 7348 312 120 ems,
704 7308 176 160 by
940 7308 520 124 Howar
1472 7308 76 124 d
1628 7304 168 120 W
1816 7408 20 24 .
1912 7304 460 132 Odum
2416 7312 88 132 …
2772 7308 328 124 New
3172 7308 428 160 York,
3672 7308 184 128 H.
3924 7312 228 124 Ho
4164 7312 44 124 l
4216 7324 60 116 t
4340 7316 272 124 and
4680 7360 68 80 c
4756 7360 76 80 o
4836 7360 192 80 m-

276 7532 364 124 pany
708 7488 448 160 [ͨ1927]

440 7684 232 116 xxi,
748 7684 200 96 643
1024 7712 100 88 p.
1268 7684 684 108 22½ͨͫ.
1780 7684 716 116 (Half-title:
2568 7688 616 92 American
3256 7688 356 96 social
3684 7692 440 96 science
4200 7692 384 96 series,
4668 7700 368 92 under

280 7824 192 92 the
532 7816 644 120 editorship
1232 7820 124 96 of
1416 7824 144 96 H.
1628 7824 172 96 W.
1864 7820 432 112 Odum)

448 7956 300 96 "For
804 7956 528 96 effective
1396 7952 548 116 reading"
2008 7964 124 88 at
2192 7960 216 92 end
2472 7956 128 96 of
2660 7968 300 84 most
3024 7956 124 96 of
3212 7960 192 92 the
3464 7960 608 112 chapters;
4144 7960 380 116 "Type
4592 7968 440 96 studies

284 8088 120 92 of
456 8088 612 96 literature
1128 8092 224 88 and
1412 8116 400 68 source
1872 8088 740 96 materials":
2672 8116 104 88 p.
2836 8092 276 96 567–
3116 8092 60 96 6
3184 8092 164 96 31.

288 8212 120 112 ©
476 8224 304 112 Sept.
840 8224 160 112 15,
1060 8224 332 108 1927;
1460 8228 156 96 2c.
1684 8228 304 108 Sept.
2048 8224 196 112 20;
2312 8252 60 68 a
2388 8224 120 100 ff.
2576 8228 304 108 Sept.
2940 8228 196 104 21;
3204 8228 96 92 A
3364 8228 540 112 1007049;
3980 8236 396 108 Henry
4424 8236 280 92 Holt
4748 8236 88 96 &
4872 8260 160 72 co.

472 8360 664 116 (27-20108)
4528 8368 284 100 8180

288 8540 108 128 O
408 8544 488 148 rganic
1032 8548 756 160 syntheses;
1932 8596 172 76 an
2244 8552 504 120 annual
2884 8552 544 156 publica
3440 8564 56 112 t
3500 8552 228 124 ion
3868 8556 152 124 of
4156 8556 568 128 satisfac
4732 8572 56 112 t
4796 8600 244 120 ory

452 8732 612 124 methods
1148 8732 220 124 for
1448 8736 228 124 the
1756 8736 884 160 preparation
2720 8736 152 128 of
2956 8740 556 160 organic
3596 8744 708 128 chemicals
4408 8740 80 132 …
4716 8792 120 76 v.
4928 8744 108 128 7.

456 8916 324 124 New
868 8920 132 120 Y
1012 8960 80 80 o
1096 8920 200 156 rk,
1380 8920 376 124 John
1836 8920 452 156 Wiley
2376 8928 108 116 &
2568 8964 348 116 sons,
3004 8924 324 156 inc.;
3420 8924 616 160 London,
4132 8924 716 164 Chapman
4936 8936 108 116 &

452 9096 380 164 Hall,
908 9100 572 160 limited,
1564 9100 356 132 1927.

452 9292 192 116 vii,
700 9292 200 96 105
948 9320 104 88 p.
1196 9296 424 100 diagrs.
1760 9304 60 88 2
1828 9296 612 104 3½ͨͫ
2072 9292 32 80 .

300 9412 120 112 ©
488 9432 300 112 Sept.
848 9432 160 112 13,
1072 9432 328 100 1927;
1464 9436 160 96 2c.
1684 9440 228 92 and
1968 9460 60 72 a
2044 9436 120 96 ff.
2232 9440 300 108 Sept.
2596 9436 192 112 19;
2856 9436 96 96 A
2992 9440 544 112 1007011;
3608 9444 376 112 Roger
4020 9448 464 104 Adams,
4532 9448 508 104 Urbana,

464 9564 52 92 I
528 9564 80 92 ll
620 9644 20 16 .
4540 9576 128 96 81
4688 9576 60 96 8
4764 9576 44 96 1

2536 9708 312 116 1229
