5968 10284
908 864 580 148 Jonson,
1568 860 160 132 G.
1808 864 148 128 C.
2032 860 564 124 Ashton
2608 936 112 20 —
2800 860 776 128 Continued

1076 1052 132 124 A
1300 1052 660 124 listener's
2056 1048 936 128 introduction
3084 1060 140 112 to
3320 1048 228 124 the
3636 1044 432 128 music
4156 1044 156 128 of
4408 1044 660 164 Chopin's
5156 1048 336 128 23rd
5580 1056 104 120 &

912 1240 320 124 24th
1308 1236 704 160 Preludes,
2084 1236 180 164 by
2340 1232 164 132 G.
2592 1232 148 132 C.
2824 1236 164 124 A.
3072 1236 572 160 Jonson,
3720 1232 496 164 played
4296 1232 180 164 by
4560 1232 552 128 Busoni.
5300 1232 384 160 [Lon-

908 1428 344 140 don]
1308 1428 288 120 The
1668 1424 584 124 Aeolian
2324 1464 236 120 co.,
2628 1424 248 124 ltd.
2964 1428 372 152 [1926
3332 1464 44 96 ]

924 1620 120 108 ©
1196 1632 144 120 1c.
1368 1620 264 96 Feb.
1708 1620 140 92 16
1856 1696 20 36 ,
1956 1620 332 112 1927;
2376 1620 92 92 A
2548 1620 148 96 ad
2776 1620 208 96 int.
3060 1620 204 92 927
3276 1620 60 92 5
3380 1644 24 84 ;
3488 1616 224 116 pub
3716 1640 68 80 d
3808 1696 16 20 .
3904 1620 108 88 D
4020 1644 156 72 ec.
4260 1620 44 88 1
4328 1616 96 116 8,
4504 1612 204 96 192
4716 1612 64 96 6
4820 1644 24 84 ;
4932 1616 92 92 A
5032 1640 60 68 e
5104 1644 60 68 o
5168 1616 32 92 l
5220 1612 108 100 ia
5344 1644 68 76 n
5492 1644 124 72 co
5628 1696 56 36 .,

1084 1760 276 92 New
1440 1756 340 96 York.
1936 1800 24 72 [
1980 1744 104 124 ©
2184 1760 236 92 text
2512 1780 144 72 on
2732 1752 364 132 music
3176 1756 220 92 roll
3412 1800 20 72 ]
5212 1748 280 104 2621

920 2016 452 144 Knox,
1452 2008 652 128 Edmund
2184 2008 544 148 George
2804 2008 504 148 Valpy,
3388 2016 316 116 1881
3712 2088 84 12 –

1088 2200 488 124 Poems
1648 2196 152 124 of
1872 2196 848 160 impudence,
2792 2196 180 160 by
3044 2196 376 124 Evoe
3520 2196 228 164 (E.
3836 2196 160 128 V.
4080 2196 480 164 Knox)
4664 2200 776 124 illustrated
5520 2200 156 168 by

936 2384 524 128 Arthur
1524 2384 500 132 Watts.
2204 2380 552 132 Garden
2840 2380 364 160 City,
3276 2384 164 128 N.
3524 2384 216 160 Y.,
3804 2384 856 164 Doubleday,
4732 2384 372 164 Page
5176 2392 108 116 &
5352 2412 336 96 com-

932 2600 404 136 pany,
1412 2572 356 128 1927.

1092 2772 116 92 vi
1280 2800 136 84 p.,
1484 2772 56 92 1
1612 2772 36 92 l
1664 2840 56 44 .,
1788 2768 200 96 121
2056 2792 104 92 p.
2228 2768 120 92 in
2360 2768 96 96 cl
2472 2840 24 24 .
2564 2768 416 116 plates.
3120 2764 68 96 2
3192 2764 640 112 0ͨͫ
3380 2840 24 24 .

1096 2940 376 96 "Most
1548 2936 124 96 of
1748 2940 324 92 these
2140 2960 396 72 verses
2616 2936 296 96 have
2988 2936 584 112 appeared
3648 2936 120 96 in
3848 2936 508 100 Punch."

928 3084 120 108 ©
1120 3112 272 112 Apr.
1468 3108 92 112 1,
1632 3108 204 92 192
1848 3108 60 96 7
1948 3132 20 84 ;
2044 3108 64 92 2
2120 3132 56 68 c
2188 3184 20 20 .
2276 3132 64 68 a
2360 3108 144 92 nd
2584 3132 52 68 a
2660 3104 92 96 ff
2764 3180 20 24 .
2852 3104 180 116 Ap
3036 3132 56 64 r
3104 3184 20 20 .
3204 3108 36 92 1
3272 3108 152 132 1;
3476 3108 84 92 A
3640 3104 204 96 972
3856 3108 108 92 71
3988 3108 132 108 2;
4200 3108 100 92 D
4312 3132 64 68 o
4384 3108 148 92 ub
4540 3108 40 92 l
4588 3108 328 116 eday,
4996 3108 304 116 Page
5380 3108 80 96 &
5528 3132 152 72 co.

1104 3244 604 116 (27-7989)
5216 3240 284 104 2622

924 3504 1124 148 Krishnamurti,
2128 3500 472 152 Jiddu,
2688 3508 316 116 1895
3012 3580 84 12 –

1092 3696 292 120 The
1464 3692 664 160 kingdom
2208 3684 156 132 of
2444 3688 784 164 happiness,
3308 3688 180 164 by
3568 3684 460 132 Jeddu
4112 3688 1088 128 Krishnamurti.
5372 3692 324 128 New

928 3880 428 160 York,
1416 3876 360 128 Boni
1832 3880 112 120 &
2004 3872 772 168 Liveright,
2844 3872 360 136 1927.

1088 4104 72 60 v
1224 4100 136 88 p.,
1420 4072 68 96 3
1552 4076 36 92 l
1604 4144 52 44 .,
1724 4072 132 96 13
1860 4128 76 8 –
1936 4072 204 92 112
2208 4096 100 92 p.
2452 4068 360 100 front.
2880 4068 416 120 (port.)
3456 4068 792 108 19½ͨͫ.

936 4212 112 108 ©
1116 4248 264 92 Feb.
1440 4244 168 112 28,
1672 4240 332 96 1927;
2072 4240 64 92 2
2140 4248 60 80 c
2216 4320 20 16 .
2296 4240 272 112 Apr.
2636 4240 60 92 6
2740 4264 16 88 ;
2828 4264 60 68 a
2904 4236 120 100 ff.
3088 4240 272 116 Apr.
3420 4236 132 116 2;
3620 4240 96 92 A
3780 4240 60 96 9
3848 4240 132 96 72
3992 4240 60 92 5
4060 4240 200 112 32;
4332 4240 376 96 Jeddu
4780 4236 908 124 Krishnamurti,

1088 4384 280 92 New
1456 4380 348 96 York.
1972 4376 604 116 (27-7601)
5216 4376 280 100 2623

924 4640 576 148 Kubler,
1576 4636 544 156 George
2192 4636 168 128 A.

1092 4828 132 120 A
1280 4828 380 124 short
1716 4828 536 160 history
2308 4820 156 128 of
2516 4820 984 168 stereotyping,
3556 4824 180 164 by
3800 4820 320 132 Geo.
4184 4828 168 120 A.
4416 4828 568 124 Kubler.
5144 4828 548 160 [Brook-

932 5016 280 164 lyn,
1308 5012 712 164 Brooklyn
2116 5012 376 164 eagle
2588 5008 856 128 commercial
3544 5012 632 164 printing
4272 5012 908 164 department,
5328 5016 356 160 ͨ1927]

1104 5212 164 96 93.
1340 5204 124 108 [1]
1536 5236 100 88 p.
1784 5212 408 112 plates,
2252 5216 328 108 port.,
2636 5208 520 96 facsims.
3300 5212 1028 108 23½ͨͫ.

936 5348 116 112 ©
1116 5388 292 92 Mar.
1464 5384 168 112 31,
1692 5380 204 96 192
1908 5384 60 92 7
2008 5408 20 84 ;
2092 5380 64 92 2
2164 5408 60 68 c
2236 5456 16 20 .
2316 5384 220 92 and
2608 5380 192 96 aff.
2860 5380 272 112 Apr.
3188 5380 132 108 4;
3388 5380 92 92 A
3540 5380 480 112 972477;
4092 5380 124 96 G.
4276 5380 136 100 A.
4472 5380 476 120 Kubler,
5012 5384 280 96 New
5368 5380 320 96 York.

1112 5516 604 120 (27-7693)
5216 5512 272 104 2624

944 5748 192 124 La
1200 5744 472 148 Porte,
1740 5744 608 128 William
2416 5744 504 148 Ralph.

1180 5928 84 148 …
1348 5928 948 128 Recreational
2384 5928 772 160 leadership
3240 5924 156 128 of
3472 5928 372 164 boys,
3924 5928 180 164 by
4184 5928 624 128 William
4896 5932 464 160 Ralph
5444 5928 244 128 La-

944 6132 380 148 porte
1428 6120 84 136 …
1708 6116 328 124 New
2120 6112 428 164 York,
2624 6108 832 168 Cincinnati,
3528 6116 288 124 The
3888 6116 756 128 Methodist
4712 6116 352 128 book
5140 6160 552 84 concern

944 6352 168 132 [ͨ
1044 6304 404 180 1927]

1096 6504 204 92 137
1368 6528 104 88 p.
1616 6496 368 116 diagr.
2128 6492 616 112 19ͨͫ.
2572 6492 628 120 (Training
3268 6520 472 72 courses
3808 6496 188 96 for
4064 6496 724 116 leadership)

1104 6664 676 120 "Approved
1860 6664 148 112 by
2084 6664 192 96 the
2360 6664 684 96 Committee
3128 6688 144 72 on
3356 6664 708 96 curriculum
4144 6664 124 96 of
4348 6664 192 96 the
4628 6668 388 92 Board
5104 6664 120 96 of
5300 6668 396 92 educa-

940 6816 32 84 t
988 6804 188 96 ion
1232 6804 124 92 of
1416 6804 192 92 the
1672 6796 636 96 Methodist
2372 6796 612 116 Episcopal
3048 6796 540 100 church."

1100 6936 836 112 Bibliography
1996 6936 128 92 at
2184 6936 216 92 end
2468 6932 120 92 of
2648 6940 300 88 most
3012 6928 124 100 of
3200 6932 196 96 the
3460 6932 576 112 chapters.

936 7080 124 116 ©
1144 7104 88 92 F
1244 7104 164 96 eb.
1488 7104 88 112 1,
1660 7100 336 112 1927;
2076 7096 216 112 2c.
2320 7104 228 92 and
2628 7100 196 100 aff.
2908 7104 292 96 Mar.
3276 7100 200 112 11;
3560 7100 96 92 A
3732 7092 480 120 963943;
4296 7104 172 96 W.
4552 7104 132 92 R.
4768 7108 160 92 La
5012 7104 376 112 Porte,
5476 7104 208 96 Los

1096 7240 524 112 Angeles.
1792 7236 600 116 (27-7790)
5216 7236 276 100 2625

932 7460 748 156 Leighton,
1752 7464 532 152 Henry,
2368 7468 324 116 1884
2692 7540 84 12 –

1108 7652 288 124 The
1480 7648 576 164 geology
2136 7648 152 124 of
2368 7648 820 160 Pittsburgh
3272 7648 268 124 and
3624 7648 176 124 its
3880 7648 704 124 environs:
4672 7692 72 80 a
4824 7648 592 160 popular
5492 7688 196 84 ac-

944 7852 404 108 count
1444 7832 152 128 of
1692 7836 232 124 the
2020 7840 548 156 general
2668 7832 752 164 geological
3524 7828 592 132 features
4216 7832 152 128 of
4468 7836 224 124 the
4792 7836 508 160 region.
5488 7840 200 156 By

944 8024 484 160 Henry
1508 8024 680 160 Leighton
2264 8032 80 132 …
2520 8020 448 124 edited
3052 8020 176 160 by
3312 8020 212 124 W.
3616 8020 128 124 J.
3836 8020 616 124 Holland
4528 8032 80 132 …
4868 8016 540 164 Special
5496 8020 192 124 ed.

956 8208 212 124 for
1232 8208 232 124 the
1528 8252 228 76 use
1824 8204 152 124 of
2040 8204 616 124 students
2768 8216 84 132 …
3032 8204 860 160 Pittsburgh,
3964 8204 284 160 Pa.,
4320 8204 668 164 Carnegie
5056 8248 632 108 museum,

940 8396 456 124 Jones'
1460 8392 700 160 bookshop
2248 8388 368 164 [1927
2628 8468 28 84 ]

1100 8616 104 80 v,
1264 8588 132 100 80
1456 8612 100 88 p.
1704 8588 340 112 illus.,
2108 8588 408 112 plates,
2576 8612 364 88 maps.
3080 8588 648 108 23ͨͫ.

1112 8752 700 116 "Reprinted
1872 8752 304 92 from
2236 8748 192 96 the
2488 8756 444 88 Annals
2988 8752 128 92 of
3176 8756 192 88 the
3428 8748 564 116 Carnegie
4052 8776 556 88 museum,
4672 8756 216 96 vol.
4948 8752 320 112 XVII,
5296 8756 260 108 part
5616 8768 40 68 I
5668 8820 20 40 ,

936 8896 220 88 art.
1196 8892 144 104 IV
1348 8964 20 36 ,
1428 8880 304 120 1926,
1800 8912 176 88 pp.
2040 8884 520 100 91–166."

1104 9016 832 116 Bibliography
1984 9048 20 64 :
2076 9048 96 84 p.
2236 9016 376 100 69–72.

948 9152 112 112 ©
1156 9184 260 100 Feb.
1492 9188 168 104 23,
1748 9188 332 100 1927;
2168 9188 156 96 2c.
2412 9188 288 92 Mar.
2784 9188 64 92 2
2876 9192 32 84 ;
3000 9184 192 96 aff.
3280 9184 260 96 Feb.
3624 9188 68 92 2
3696 9184 64 96 6
3800 9208 24 84 ;
3912 9184 88 96 A
4084 9184 68 96 9
4160 9184 64 96 6
4228 9184 132 96 38
4368 9184 136 96 60
4544 9212 20 80 ;
4652 9188 552 92 Trustees
5288 9184 120 96 of
5492 9184 184 96 the

1100 9324 84 96 C
1196 9324 400 112 arnegi
1604 9348 56 68 e
1732 9320 276 96 insti
2032 9328 32 88 t
2080 9348 64 68 u
2168 9328 32 88 t
2212 9348 88 84 e,
2380 9324 84 88 P
2476 9324 144 92 itt
2632 9348 48 68 s
2692 9320 64 92 b
2768 9324 288 112 urgh
3060 9356 28 56 .
3264 9320 188 112 (27
3508 9376 16 8 -
3528 9324 132 92 77
3668 9324 60 92 3
3740 9324 120 100 7)
5204 9316 68 100 2
5280 9316 60 100 6
5356 9316 60 96 2
5428 9316 60 100 6

3212 9556 240 116 400
