5968 10284
752 644 216 100 364

760 1004 420 152 King,
1256 1004 548 124 Lenora
1876 1000 176 124 H.

940 1188 652 164 Society's
1660 1184 748 164 yearbook;
2488 1232 76 76 a
2632 1196 548 112 current
3244 1180 536 164 history
3848 1176 156 132 of
4072 1184 268 124 Los
4408 1180 640 168 Angeles'
5116 1184 424 160 epoch

768 1420 364 120 year,
1204 1376 336 124 with
1608 1372 652 164 glimpses
2324 1368 152 132 of
2540 1372 232 124 the
2840 1372 340 160 days
3244 1368 308 124 that
3616 1412 380 80 were.
4156 1372 216 160 By
4440 1368 596 168 Angeles
5104 1368 440 168 Ayers

736 1564 696 164 [pseud.]
1516 1580 84 128 …
1760 1560 308 140 [Los
2128 1560 636 164 Angeles]
2844 1556 532 124 Lenora
3440 1552 184 128 H.
3692 1552 428 168 King,
4188 1560 360 120 1926.

924 1764 72 88 4
1056 1784 72 92 p
1140 1836 20 20 .
1224 1756 40 96 l
1280 1832 52 40 .,
1408 1756 160 116 [11
1584 1780 108 80 ]–
1692 1752 208 100 304
1964 1780 100 92 p.
2212 1752 756 112 15½ͨͫ
2512 1760 40 88 .

772 1888 120 112 ©
960 1896 272 96 Dec.
1292 1896 164 108 11,
1520 1888 340 116 1926;
1928 1888 160 96 2c.
2156 1892 268 92 Dec.
2492 1884 200 116 15;
2756 1884 200 100 aff.
3024 1888 268 92 Dec.
3360 1884 196 112 18;
3628 1884 100 96 A
3792 1884 476 116 958795;
4344 1888 120 96 L.
4536 1888 144 96 H.
4748 1884 348 120 King.

956 2028 604 116 (27-1873)
5140 2016 212 100 364

772 2256 452 144 Knox,
1296 2252 740 152 Raymond
2112 2248 592 148 Collyer,
2780 2244 316 128 1876
3108 2292 72 60 –

944 2440 700 160 Knowing
1728 2440 228 124 the
2044 2436 436 160 Bible,
2564 2436 180 160 by
2828 2432 724 164 Raymond
3644 2432 148 132 C.
3880 2432 412 128 Knox
4400 2448 96 144 …
4704 2432 332 128 New
5120 2432 432 160 York,

772 2628 292 124 The
1128 2624 800 128 Macmillan
2004 2664 712 120 company,
2800 2620 356 124 1927.

940 2848 152 68 xv
1164 2848 140 88 p.,
1380 2820 60 92 1
1512 2824 40 88 l
1568 2896 52 36 .,
1700 2816 136 96 19
1840 2872 68 12 –
1912 2820 204 92 277
2188 2844 104 88 p.
2436 2816 40 92 i
2480 2820 300 108 llus.,
2856 2840 332 88 maps
3252 2812 116 116 (1
3452 2816 472 112 double)
4020 2816 372 116 diagr.
4532 2816 1140 112 21ͨͫ.

944 2956 596 96 "Selected
1596 2952 944 112 bibliography":
2608 2980 100 84 p.
2772 2948 524 100 265–274.

780 3084 120 108 ©
972 3092 264 96 Jan.
1296 3088 164 116 18,
1524 3084 340 116 1927;
1932 3088 60 92 2
2000 3108 52 76 c
2072 3164 20 20 .
2160 3088 260 96 Jan.
2488 3084 196 116 19;
2752 3084 200 100 aff.
3020 3096 264 88 Jan.
3352 3084 64 96 2
3424 3084 64 96 0
3528 3112 20 88 ;
3620 3088 100 92 A
3780 3084 64 96 9
3852 3088 60 92 5
3924 3084 136 96 88
4060 3084 68 96 0
4132 3088 128 112 4;
4332 3084 676 96 Macmillan
5072 3116 60 64 c
5140 3112 60 68 o
5216 3168 24 16 .

964 3224 604 112 (27-1863)
5148 3220 212 100 365

784 3452 776 148 Koopman,
1632 3444 480 152 Harry
2176 3444 592 152 Lyman,
2848 3452 236 120 186
3092 3452 76 116 0
3168 3524 92 12 –

956 3640 288 124 The
1320 3636 1000 164 Narragansett
2400 3644 640 148 country;
3128 3632 652 164 glimpses
3860 3632 152 124 of
4084 3632 232 124 the
4396 3644 348 148 past,
4828 3628 180 172 by
5084 3632 480 164 Harry

780 3828 532 156 Lyman
1392 3824 768 160 Koopman.
2344 3820 884 160 Providence,
3316 3820 360 128 1927.

952 4016 132 96 55
1144 4044 104 88 p.
1392 4012 680 108 19½ͨͫ.

956 4152 332 112 Maps
1348 4176 148 68 on
1556 4152 872 112 lining-papers.

792 4252 120 112 ©
996 4288 284 96 Nov.
1356 4288 160 112 27,
1596 4280 340 104 1926:
2076 4276 160 104 2c.
2312 4288 272 92 Dec.
2656 4288 128 108 4;
2872 4284 196 96 aff.
3144 4288 268 92 Dec.
3488 4284 64 92 2
3560 4288 64 92 3
3668 4312 20 84 ;
3772 4284 96 92 A
3940 4284 64 96 9
4012 4288 60 92 6
4084 4288 336 112 3272;
4564 4292 92 108 H.
4732 4288 120 96 L.
4936 4288 636 112 Koopman,

956 4420 740 112 Providence,
1764 4420 96 92 R
1876 4500 20 16 .
1960 4412 56 92 I
2024 4452 24 52 .
2204 4416 608 112 (27-1872)
5164 4420 208 96 366

792 4648 612 148 Kritzer,
1476 4644 84 128 J
2240 4644 580 124 Haskel.

968 4832 520 124 Health
1572 4832 268 120 and
1936 4828 612 128 freedom
2632 4828 600 168 through
3312 4828 1176 168 self-knowledge,
4564 4828 184 168 by
4824 4832 136 132 J.
5048 4832 524 128 Haskel

800 5020 560 120 Kritzer
1448 5020 76 136 …
1676 5016 792 164 presenting
2548 5060 72 80 a
2696 5020 1104 160 comprehensive
3872 5020 412 160 guide
4368 5016 220 128 for
4668 5020 232 124 the
4972 5020 600 124 eradica-

800 5204 300 124 tion
1200 5204 268 124 and
1568 5204 808 160 prevention
2476 5200 148 128 of
2720 5204 556 160 mental,
3372 5204 736 128 emotional
4216 5208 268 124 and
4584 5204 620 168 physical
5304 5204 268 128 dis-

808 5392 464 124 orders
1364 5392 180 160 by
1636 5392 628 160 personal
2364 5388 440 164 effort,
2904 5392 268 124 and
3272 5388 224 128 for
3592 5396 232 120 the
3916 5392 780 160 promotion
4796 5388 156 128 of
5044 5388 524 132 self-re-

804 5576 436 124 liance
1312 5576 144 124 in
1532 5576 592 160 thought
2204 5580 272 120 and
2556 5576 488 124 action.
3212 5576 264 128 Los
3552 5572 640 168 Angeles,
4276 5576 468 160 Calif.,
4820 5576 296 128 The
5188 5576 388 128 Krit-

804 5804 216 84 zer
1092 5760 856 128 educational
2028 5760 860 164 foundation,
2964 5764 360 128 1927.

976 5960 320 112 xviii,
1348 5960 236 112 337,
1648 6004 20 68 [
1680 5960 60 92 3
1752 6004 24 72 ]
1836 5984 100 88 p.
2080 5960 360 96 front.
2508 5960 416 116 (port.)
2988 5960 308 96 illus.
3440 5964 60 92 2
3512 5956 608 104 0ͨͫ
3696 6036 24 24 .

980 6096 380 92 Blank
1412 6120 352 88 pages
1816 6096 192 96 for
2072 6096 1012 96 "Memorandum"
3156 6096 36 116 (
3224 6096 96 116 [3
3312 6112 40 80 ]
3416 6100 128 92 at
3596 6100 284 112 end)

812 6204 120 108 ©
1004 6232 264 96 Jan.
1332 6228 160 116 15,
1564 6228 336 116 1927;
1972 6232 164 92 2c.
2200 6232 264 92 Jan.
2528 6232 200 112 24;
2804 6232 196 96 aff.
3072 6236 260 92 Jan.
3404 6228 192 120 19;
3668 6232 100 92 A
3836 6228 476 120 958848;
4396 6236 104 92 J.
4572 6236 148 92 H.
4788 6228 508 116 Kritzer,
5368 6236 220 96 Los

968 6364 528 116 Angeles.
1668 6364 112 116 (2
1788 6368 68 88 7
1860 6364 136 92 -2
2004 6364 136 92 04
2148 6364 116 112 1)
5168 6368 216 96 367

808 6588 940 148 Krumwiede,
1828 6588 580 128 Walter.

984 6776 496 124 Names
1544 6776 152 124 of
1756 6776 468 160 Jesus;
2300 6820 72 80 a
2436 6780 660 156 practical
3156 6780 272 120 and
3488 6780 784 120 devotional
4332 6780 412 160 study
4800 6776 152 128 of
5012 6820 360 84 some
5432 6780 156 124 of

816 6964 228 120 the
1124 7004 460 80 names
1664 6960 152 124 of
1896 6960 436 160 Jesus,
2408 6960 184 164 by
2668 6964 180 116 W
2860 7008 72 80 a
2944 6964 112 124 lt
3060 7008 140 80 er
3276 6964 212 120 Kr
3504 7008 80 80 u
3596 6964 564 128 mwiede
4272 6972 88 144 …
4564 6964 588 128 Philade
5156 6964 48 124 l
5212 6964 372 164 phia,

816 7148 288 124 The
1176 7144 516 132 United
1764 7144 704 128 Lutheran
2540 7148 844 160 publication
3460 7152 412 124 house
3976 7144 440 144 [ͨ1927]

980 7348 200 92 132
1248 7372 104 88 p.
1492 7344 1080 104 19ͨͫ.

824 7444 116 112 ©
1008 7476 264 96 Jan.
1324 7480 96 108 7,
1480 7472 336 116 1927;
1888 7472 60 92 2
1956 7484 56 76 c
2028 7552 20 16 .
2112 7480 260 92 Jan.
2428 7476 196 116 12;
2692 7476 196 96 aff.
2948 7480 264 96 Jan.
3276 7480 192 112 11;
3540 7480 96 92 A
3692 7476 272 100 9631
3976 7476 68 100 0
4048 7476 124 116 5;
4244 7480 388 96 Board
4696 7480 124 96 of
4876 7480 720 116 publication

984 7608 124 92 of
1172 7612 196 88 the
1436 7608 428 96 United
1936 7608 596 92 Lutheran
2608 7612 428 92 church
3108 7612 116 92 in
3300 7612 564 112 America,
3940 7612 856 112 Philadelphia.

1008 7740 600 116 (27-1735)
5176 7744 212 100 368

824 7964 620 148 Landon,
1516 7964 676 148 Herman,
2272 7968 416 132 1882–

996 8148 288 128 The
1388 8148 732 124 forbidden
2224 8152 376 156 door,
2704 8152 176 164 by
2980 8156 620 124 Herman
3704 8156 572 124 Landon
4364 8168 88 136 …
4720 8156 328 124 New
5164 8156 424 160 York,

828 8336 152 120 L.
1048 8332 836 160 MacVeagh,
1960 8336 288 124 The
2312 8336 324 124 Dial
2712 8380 416 116 press,
3200 8336 356 128 1927.

996 8528 208 96 320
1268 8552 72 88 p
1348 8604 20 20 .
1512 8524 680 112 19½ͨͫ.

836 8628 120 112 ©
1032 8664 260 92 Jan.
1360 8660 164 108 15,
1592 8660 336 112 1927;
2000 8664 64 88 2
2068 8668 56 80 c
2140 8736 20 20 .
2228 8664 68 92 J
2308 8688 56 68 a
2384 8692 108 64 n.
2556 8664 196 112 22;
2832 8672 48 68 3
2904 8664 120 96 ff.
3096 8668 264 92 Jan.
3428 8668 192 112 27;
3696 8664 96 96 A
3864 8668 476 116 958913;
4416 8672 100 88 D
4528 8668 36 92 i
4576 8672 108 92 al
4756 8696 356 88 press,
5180 8668 44 92 i
5228 8696 76 64 n
5308 8692 60 72 c
5380 8744 20 24 .

1016 8792 604 116 (27-2045)
5180 8796 216 104 369

828 8976 728 148 Lineman,
1632 8980 156 120 M
1788 9024 168 76 rs.
2044 8976 324 124 Mab
2452 8976 660 152 Copland.

1008 9160 640 128 Business
1740 9160 260 128 and
2104 9160 748 164 protective
2936 9164 264 124 law
3296 9164 224 128 for
3612 9208 560 120 women,
4264 9168 180 164 by
4536 9164 324 128 Mab
4968 9164 624 164 Copland

836 9344 664 124 Lineman
1576 9348 84 136 …
1904 9344 152 160 [L
2068 9384 72 84 o
2152 9388 60 80 s
2284 9348 636 160 Angeles,
3000 9348 416 128 Coast
3492 9352 320 164 prin
3824 9364 56 112 t
3888 9352 240 164 ing
4208 9396 712 120 company,
5052 9348 364 160 ͨ1926]

3148 9644 152 116 56
