5920 10300
360 928 696 148 Fletcher,
1132 928 524 152 Joseph
1740 924 512 132 Smith.

524 1112 576 164 Deposit
1168 1120 280 116 224.

548 1312 200 116 (In
812 1300 260 104 Pall
1144 1300 292 104 Mall
1512 1300 660 124 magazine,
2248 1304 292 120 Oct.,
2624 1300 344 120 1927)

360 1476 124 112 ©
552 1484 60 88 1
600 1476 68 112 c
692 1556 20 20 .
780 1480 172 92 No
960 1504 68 68 v
1040 1552 24 20 .
1124 1476 96 116 5,
1288 1476 200 96 192
1500 1480 60 92 7
1604 1500 24 88 ;
1692 1476 104 92 A
1860 1480 152 92 ad
2072 1476 212 96 int.
2352 1480 60 88 1
2420 1476 72 96 0
2492 1476 64 92 4
2564 1476 60 96 5
2640 1480 120 108 7;
2832 1480 344 112 pubd.
3252 1476 308 116 Sept.
3628 1476 64 96 6
3732 1504 20 84 ;
3828 1480 108 92 J.
4012 1476 108 96 S.
4196 1480 568 112 Fletcher,
4840 1480 284 92 Mid-

528 1616 544 112 harbour,
1144 1616 104 88 N
1256 1612 604 112 utbourne,
1944 1612 464 116 Sussex,
2480 1616 568 112 England.
4544 1608 360 104 11863

356 1836 568 152 Forbes,
1000 1836 332 128 Mrs.
1412 1832 740 128 Harriette
2244 1832 904 156 (Merrifield)
3252 1844 320 120 1856
3576 1916 84 12 –

524 2020 904 132 Gravestones
1508 2020 152 124 of
1732 2020 376 160 early
2180 2020 332 128 New
2592 2020 652 164 England
3320 2024 268 124 and
3668 2024 228 124 the
3972 2064 304 84 men
4356 2024 300 124 who
4736 2024 396 124 made

356 2208 412 160 them,
864 2212 780 152 1653–1800,
1732 2208 180 160 by
2008 2204 716 128 Harriette
2812 2204 612 128 Merrifie
3424 2208 48 120 l
3484 2208 80 124 d
3668 2204 552 164 Forbes,
4312 2208 332 124 with
4748 2208 376 124 illus-

360 2392 580 128 trations
1016 2388 364 128 from
1452 2388 944 164 photographs
2468 2392 184 160 by
2728 2392 224 124 the
3032 2392 528 124 author.
3724 2392 564 160 Boston,
4360 2392 764 164 Houghton

356 2580 484 124 Mifflin
916 2616 712 124 company,
1708 2576 360 128 1927.

520 2776 60 92 5
648 2800 100 88 p.
812 2776 40 92 l
864 2848 56 40 .,
988 2772 200 96 141
1252 2796 104 88 p.
1496 2772 392 112 front.,
1956 2772 416 112 plates.
2504 2772 684 108 27ͨͫ.

528 2940 440 100 "Seven
1064 2940 528 96 hundred
1696 2940 228 96 and
2028 2940 396 112 eighty
2528 2940 376 112 copies
3012 2940 120 96 of
3236 2940 236 96 this
3576 2944 36 88 f
3612 2940 224 96 irst
3936 2940 472 116 edition,
4516 2944 124 92 of
4748 2944 376 96 which

356 3100 344 72 seven
792 3076 528 96 hundred
1412 3076 232 92 and
1732 3076 40 88 f
1772 3072 228 116 ifty
2092 3096 204 72 are
2384 3076 192 92 for
2672 3076 272 112 sale,
3044 3100 300 76 were
3440 3076 464 116 printed
3996 3084 124 88 at
4216 3076 196 96 the
4508 3076 612 100 Riverside

356 3240 356 88 press,
820 3208 720 116 Cambridge,
1652 3208 956 116 Massachusetts,
2716 3208 120 96 in
2940 3208 172 96 No
3120 3232 72 72 v
3200 3216 416 108 ember,
3728 3208 304 104 1927.
4208 3212 284 96 This
4596 3216 100 92 is
4804 3240 312 68 num-

356 3352 196 92 ber
616 3344 308 104 778."

364 3508 120 124 ©
572 3516 268 100 Dec.
932 3520 96 108 6,
1120 3516 340 112 1927;
1552 3516 160 96 2c.
1808 3516 260 100 Dec.
2168 3516 60 88 1
2236 3512 72 96 0
2344 3540 16 84 ;
2460 3520 200 92 aff.
2752 3516 268 96 Dec.
3112 3532 124 92 5;
3332 3516 100 92 A
3520 3516 136 92 10
3664 3520 52 84 1
3728 3516 64 92 3
3804 3516 60 96 7
3872 3516 60 88 4
3940 3516 128 108 8;
4168 3516 144 96 H.
4408 3524 116 88 M
4540 3596 20 16 .
4652 3520 464 112 Forbes,

520 3652 132 96 W
664 3676 60 72 o
740 3656 464 108 rcester,
1276 3652 352 92 Mass.
1796 3648 672 116 (27-28096)
4540 3648 360 100 11864

360 3880 968 124 Freemasons.
1512 3880 468 120 Texas.
2172 3876 480 124 Grand
2740 3876 432 160 lodge.

524 4064 284 128 The
872 4064 476 128 official
1412 4064 592 120 monitor
2068 4060 152 124 of
2288 4060 224 124 the
2576 4056 480 132 Grand
3120 4060 400 164 lodge
3584 4060 148 124 of
3796 4060 632 160 Ancient,
4496 4060 292 128 free
4848 4064 268 128 and

360 4252 632 160 accepted
1112 4292 576 116 masons,
1804 4260 348 112 state
2264 4244 156 128 of
2540 4248 484 156 Texas,
3144 4244 588 164 adopted
3860 4248 776 160 December,
4760 4256 356 120 1921.

356 4440 344 124 Fort
780 4436 540 156 Worth,
1400 4432 372 160 Tex.,
1864 4432 664 128 Students
2604 4432 156 124 of
2840 4432 904 160 Department
3836 4432 152 124 of
4068 4436 672 164 printing,
4820 4436 296 128 Ma-

360 4624 372 124 sonic
796 4624 396 124 home
1272 4620 264 124 and
1616 4620 452 128 school
2132 4616 488 160 [ͨ1927]

516 4820 240 116 201,
796 4820 204 108 [2]
1040 4844 104 88 p.
1284 4816 312 96 illus.
1664 4816 172 116 (in
1844 4820 100 92 cl
1956 4892 24 20 .
2052 4812 428 120 music)
2640 4816 60 92 1
2712 4808 544 120 6ͨͫ
2896 4892 20 20 .

360 4968 120 116 ©
552 4988 276 112 July
892 4984 168 116 20,
1128 4984 336 112 1927;
1536 4984 164 96 2c.
1768 4984 232 92 and
2064 4976 196 104 aff.
2336 4980 308 116 Sept.
2712 4980 128 112 2;
2916 4984 100 88 A
3084 4980 68 92 9
3152 4976 140 100 96
3296 4980 264 112 997;
3644 4984 392 96 Grand
4108 4988 332 112 lodge
4512 4984 120 96 of
4704 4984 408 116 Texas,

516 5124 132 96 A.
716 5120 124 100 F.
908 5120 84 96 &
1052 5120 136 100 A.
1252 5120 188 112 M.,
1504 5120 388 112 Waco,
1956 5120 280 96 Tex.
4540 5116 352 100 11865

356 5348 500 148 Freud,
932 5340 732 156 Sigmund,
1752 5348 320 120 1856
2076 5416 80 16 –

520 5532 288 128 The
888 5528 608 168 problem
1580 5528 152 124 of
1812 5528 912 160 lay-analyses
2804 5528 184 160 by
3072 5520 672 168 Sigmund
3840 5528 500 160 Freud,
4424 5528 688 128 introduc-

356 5724 296 124 tion
720 5720 184 160 by
972 5720 248 124 Dr.
1296 5712 140 132 S.
1508 5712 684 128 Ferenczi.
2372 5712 328 124 New
2780 5708 428 164 York,
3280 5712 364 124 Bren
3656 5724 52 112 t
3720 5712 408 164 ano's,
4204 5716 360 128 1927.

512 5920 68 92 3
584 5920 60 88 1
652 5916 68 96 6
784 5940 108 92 p.
1028 5912 68 96 2
1104 5912 576 112 0ͨͫ
1292 5992 20 20 .

356 6064 124 120 ©
556 6084 244 96 Oct.
868 6084 96 116 8,
1032 6080 340 112 1927;
1440 6080 168 96 2c.
1680 6080 224 88 and
1980 6072 196 104 aff.
2248 6076 248 100 Oct.
2564 6076 196 112 12;
2840 6080 96 88 A
3004 6076 60 92 1
3076 6072 136 96 00
3212 6076 340 112 4799;
3632 6076 724 116 Brentano's,
4432 6080 220 96 inc.

4540 6212 356 100 11866

368 6424 32 80 [
412 6348 712 140 Futterer,
1204 6336 628 128 Antonia
1912 6332 676 128 Fredrich
2604 6416 28 80 ]

528 6528 504 132 Search
1112 6528 116 124 is
1304 6568 172 80 on
1560 6520 224 128 for
1864 6524 264 124 lost
2204 6520 248 124 ark
2528 6520 156 124 of
2760 6532 664 112 covenant
3496 6524 144 120 in
3716 6536 608 152 mystery
4400 6524 156 124 M
4560 6536 92 112 t.
4736 6528 376 124 Nebo

356 6720 220 120 the
644 6708 840 168 unexplored
1528 6708 28 124 !
1720 6708 220 160 By
2008 6748 76 84 a
2164 6704 876 128 Californian
3104 6716 80 144 …
3440 6708 304 156 [Los
3816 6708 632 164 Angeles]
4592 6712 360 148 ͨ1927.

512 6912 136 96 49
720 6936 104 88 p.
968 6904 316 96 illus.
1420 6904 64 92 2
1504 6904 612 116 0½ͨͫ
1740 6940 32 56 .

360 7040 120 116 ©
564 7044 268 100 Feb.
912 7044 164 112 10,
1156 7040 336 112 1927;
1572 7036 168 96 2c.
1816 7036 276 116 Apr.
2172 7036 196 112 11;
2452 7048 200 92 aff.
2736 7036 276 112 July
3088 7036 196 108 12;
3368 7036 104 92 A
3548 7036 476 112 999382;
4108 7040 132 92 A.
4324 7036 124 100 F.
4536 7040 544 96 Futterer
5076 7084 32 60 ,

524 7180 220 96 Los
816 7180 524 112 Angeles.
4536 7168 356 104 11867

352 7396 660 152 Garland,
1088 7392 616 148 Hamlin,
1784 7400 324 120 1860
2108 7468 84 20 –

608 7588 76 136 …
760 7584 292 124 The
1136 7584 712 124 westward
1928 7580 468 124 march
2480 7576 156 128 of
2712 7576 736 132 American
3536 7580 804 160 settlement,
4424 7584 176 160 by
4680 7584 424 124 Ham-

356 7780 44 120 l
408 7780 140 124 in
616 7776 664 156 Garland,
1348 7772 336 124 with
1752 7772 912 124 illustrations
2728 7768 180 164 by
2984 7764 752 132 Constance
3800 7768 584 128 Hamlin
4448 7768 660 132 Garland.

356 7964 648 164 Chicago,
1068 7960 732 128 American
1876 7960 524 160 library
2472 7956 856 160 association,
3404 7956 360 128 1927.

520 8164 136 96 35
732 8188 108 88 p.
916 8164 188 92 inc
1108 8164 36 88 l
1156 8236 24 24 .
1256 8160 392 112 front.,
1728 8160 308 92 illus.
2176 8156 648 116 18ͨͫ.
2620 8152 588 120 (Reading
3288 8152 284 96 with
3656 8180 64 68 a
3804 8180 528 92 purpose.
4484 8200 28 72 [
4516 8140 236 128 29])

524 8300 448 96 "Books
1048 8296 868 96 recommended
1984 8292 120 92 in
2180 8288 236 100 this
2488 8288 540 96 course":
3104 8312 104 92 p.
3280 8288 60 96 3
3352 8288 96 96 5.

360 8428 120 116 ©
552 8440 268 92 Dec.
888 8440 92 108 7,
1052 8432 336 108 1927;
1460 8432 160 96 2c.
1692 8432 268 96 Dec.
2032 8432 64 92 1
2104 8428 68 96 0
2208 8456 20 84 ;
2308 8436 196 92 aff.
2576 8428 268 96 Dec.
2916 8428 200 112 27;
3188 8428 100 92 A
3360 8428 544 112 1013841;
3988 8428 612 96 American
4668 8428 448 112 library

520 8596 308 72 assn.
992 8568 388 116 (28-1)
4532 8560 356 100 11868

356 8792 580 152 Gerard,
1012 8788 556 128 Louise.

516 8980 288 124 The
880 8980 596 160 dancing
1536 8976 304 160 boy.
2032 8972 864 160 [Instalment
2972 8980 152 112 13
3140 9052 28 76 ]

544 9176 200 112 (In
808 9164 484 104 London
1356 9160 492 124 People)

360 9284 124 116 ©
548 9312 60 88 1
608 9312 100 92 c.
772 9308 268 96 Dec.
1104 9304 164 112 29,
1340 9304 328 96 1927;
1740 9308 100 88 A
1904 9308 144 92 ad
2116 9304 208 100 int.
2392 9304 404 112 10460;
2868 9304 340 112 pubd.
3280 9304 244 96 Oct.
3592 9304 60 96 3
3660 9304 128 108 0;
3864 9304 120 96 L.
4056 9304 484 108 Gerard,
4604 9300 508 96 London.

4536 9428 356 100 11869

2576 9560 320 132 1763
