5920 10300
608 972 948 156 Abridgment
1656 972 160 148 of
1932 976 288 124 The
2328 972 568 124 interior
3008 972 404 160 spirit
3524 968 148 128 of
3780 972 232 124 the
4112 968 652 168 religious
4872 972 156 128 of
5132 972 232 128 the

768 1164 708 124 visitation
1584 1160 156 124 of
1840 1164 380 156 Holy
2328 1160 448 160 Mary,
2884 1160 724 160 explained
3720 1160 180 160 by
4012 1156 404 128 Saint
4520 1160 572 124 Francis
5200 1160 164 124 de

776 1344 420 164 Sales,
1292 1344 488 164 bishop
1884 1348 272 124 and
2256 1344 468 164 prince
2824 1340 156 128 of
3080 1344 592 160 Geneva,
3768 1344 360 124 their
4236 1340 624 128 founder.
5056 1344 304 128 Col-

768 1536 428 124 lected
1292 1532 180 160 by
1572 1532 232 124 the
1900 1532 276 124 late
2272 1532 804 160 Monsignor
3184 1532 624 160 Maupas,
3912 1528 484 164 bishop
4504 1524 160 132 of
4764 1528 596 128 Evreux.

768 1720 328 124 Rev.
1184 1716 820 136 translation
2096 1716 364 124 from
2544 1716 232 124 the
2860 1716 536 124 French
3488 1716 200 124 ed.
3780 1712 156 132 of
4028 1724 360 116 1914.
4568 1716 796 164 Baltimore,

764 1904 332 160 Md.,
1164 1904 372 124 John
1604 1900 612 164 Murphy
2288 1944 668 120 company
3040 1944 44 92 [
3084 1916 36 52 ͨ
3136 1896 352 140 1927]

760 2100 68 96 6
892 2124 104 88 p.
1060 2100 40 92 l
1112 2172 60 40 .,
1240 2096 208 96 146
1512 2124 104 88 p.
1756 2096 756 112 16ͨͫ.

604 2260 124 116 ©
800 2268 272 112 Apr.
1144 2268 164 112 13,
1380 2268 336 108 1927;
1792 2268 164 96 2c.
2028 2268 268 112 Apr.
2372 2268 196 112 14;
2648 2264 196 100 aff.
2916 2264 272 116 Apr.
3264 2268 56 92 1
3332 2268 64 96 5
3436 2292 20 88 ;
3536 2268 100 92 A
3704 2268 476 112 967884;
4264 2268 760 116 Georgetown
5096 2268 268 96 visi-

768 2400 376 96 tation
1216 2404 516 112 convent,
1808 2400 804 120 Washington.
4780 2400 360 100 10791

600 2692 752 128 American
1428 2692 1272 156 photo-engravers
2776 2692 904 152 association,
3764 2696 636 164 Chicago.

772 2884 408 124 Facts
1288 2884 268 124 and
1656 2880 500 168 figures
2264 2880 408 124 about
2784 2880 1252 164 photo-engraving
4140 2880 228 128 for
4480 2888 356 120 1926.
5044 2884 316 128 Chi-

604 3108 372 120 cago,
1052 3064 736 128 American
1868 3068 1216 160 photo-engravers
3164 3064 812 128 association
4068 3064 424 164 [ͨ1927
4500 3144 32 84 ]

772 3260 676 112 cover-title,
1508 3260 136 96 48
1704 3288 100 88 p.
1868 3260 188 96 inc
2056 3264 40 88 l
2108 3336 24 20 .
2192 3260 408 96 tables.
2740 3256 684 108 27ͨͫ.

776 3424 652 116 "Prepared
1484 3428 148 96 by
1684 3428 172 100 W.
1924 3428 124 92 B.
2108 3428 624 92 Lawrence
2816 3424 72 108 …
2976 3428 368 92 under
3404 3428 192 96 the
3660 3424 572 100 direction
4292 3428 128 92 of
4484 3432 192 96 the
4740 3428 276 100 Cost
5072 3456 296 72 com-

604 3560 432 112 mittee,
1100 3560 616 96 American
1780 3560 1024 116 photo-engravers
2868 3560 808 100 association."

604 3708 120 120 ©
812 3728 244 96 Oct.
1136 3728 168 116 26,
1384 3728 336 112 1927;
1804 3728 68 92 2
1876 3736 56 80 c
1948 3808 20 16 .
2048 3728 284 96 Nov.
2412 3736 128 104 7;
2628 3728 196 96 aff.
2908 3728 280 96 Nov.
3272 3732 128 108 2;
3492 3732 96 92 A
3672 3728 56 92 1
3740 3728 132 96 00
3876 3728 208 96 498
4092 3728 72 96 0
4196 3756 24 84 ;
4308 3736 384 96 Amer.
4776 3732 588 116 photo-en-

760 3888 472 92 gravers
1300 3888 308 76 assn.
1776 3860 668 120 (27-24514)
4804 3864 360 104 10792

592 4120 760 128 American
1424 4120 544 148 society
2036 4120 156 124 of
2264 4120 752 152 landscape
3088 4120 816 132 architects.

760 4312 972 124 Transactions
1828 4308 152 124 of
2076 4308 228 124 the
2400 4304 736 128 American
3236 4304 508 168 society
3840 4308 156 128 of
4092 4312 732 164 landscape
4920 4312 440 132 archi-

596 4508 372 152 tects,
1076 4500 776 160 1922-1926,
1956 4496 668 164 compiled
2732 4496 272 124 and
3108 4496 444 128 edited
3660 4496 176 164 by
3948 4504 556 120 Bremer
4604 4500 216 128 W.
4924 4504 440 156 Pond,

604 4684 700 128 Bradford
1396 4684 728 132 Williams.
2320 4760 28 84 [
2360 4680 220 128 Au
2592 4728 92 116 g
2692 4696 296 112 usta
3008 4784 28 60 ,
3128 4684 308 148 Me.,
3536 4688 400 124 Press
4032 4684 152 128 of
4280 4688 148 128 C.
4528 4688 160 128 E.
4784 4688 376 128 Nash
5252 4696 112 120 &

592 4916 284 116 son]
964 4868 416 132 ͨ1927.

760 5072 60 96 3
888 5096 104 88 p.
1056 5068 44 92 l
1108 5144 52 40 .,
1240 5092 36 80 [
1268 5068 60 92 1
1344 5068 152 112 1]
1460 5096 60 48 –
1520 5068 204 96 109
1788 5096 104 88 p.
2068 5092 72 92 p
2144 5072 36 92 l
2196 5144 56 36 .,
2316 5068 64 92 2
2444 5072 328 112 port.,
2840 5072 308 112 plan.
3288 5068 756 112 28ͨͫ.

604 5232 116 120 ©
796 5240 244 96 Oct.
1108 5240 160 112 17,
1340 5240 56 92 1
1408 5240 68 96 9
1476 5240 196 112 27;
1744 5240 164 100 2c.
1980 5240 244 96 Oct.
2288 5240 200 108 22;
2564 5236 196 100 aff.
2828 5240 284 96 Nov.
3176 5240 200 108 22;
3452 5240 96 92 A
3616 5240 56 92 1
3684 5236 72 100 0
3756 5240 56 88 1
3824 5240 140 96 04
3968 5240 196 112 84;
4236 5244 620 96 American
4928 5244 432 116 society

760 5376 124 96 of
948 5376 632 116 landscape
1644 5376 664 112 architects,
2384 5376 248 112 inc.,
2712 5376 468 96 Boston.
3352 5372 668 120 (27-24465)
4796 5372 356 108 10793

616 5636 704 124 (Ardenne
1392 5636 168 124 de
1640 5628 448 152 Tizac,
2168 5628 404 128 Andr
2580 5632 72 124 é
2660 5672 72 84 e
2808 5632 376 124 Fran
3196 5668 72 124 ç
3272 5628 292 128 oise
3644 5632 644 128 Caroline
4360 5636 132 128 d'
4484 5676 52 96 1
4636 5648 408 120 1878-

864 5828 76 132 …
1016 5816 396 136 Seule
1496 5864 164 80 en
1744 5816 524 160 Russie,
2356 5816 164 124 de
2604 5816 132 124 la
2824 5816 640 160 Baltique
3552 5816 72 124 à
3712 5820 136 124 la
3940 5820 800 164 Caspienne.
4916 5828 444 164 Paris,

592 6008 816 160 Gallimard,
1488 6004 360 128 1927.

768 6204 64 96 3
900 6232 104 88 p.
1068 6204 40 92 l
1120 6276 56 44 .,
1252 6248 28 72 [
1284 6200 60 96 9
1420 6208 152 104 ]–
1464 6200 204 96 332
1736 6224 140 88 p.,
1948 6200 56 88 1
2072 6200 36 92 l
2128 6276 16 20 .
2288 6196 756 116 19ͨͫ.
2736 6196 344 116 ("Les
3148 6200 676 96 documents
3892 6200 392 100 bleus"
4360 6232 72 68 n
4424 6196 64 88 °
4552 6204 196 116 38)

768 6364 548 100 Author's
1380 6368 424 112 pseud.,
1864 6360 456 96 Andrée
2384 6360 440 116 Viollis,
2892 6368 124 92 at
3072 6364 296 92 head
3432 6360 120 100 of
3612 6364 292 100 title.

600 6524 124 116 ©
800 6544 284 108 Aug.
1156 6536 164 116 13,
1396 6536 336 108 1927;
1816 6536 60 88 1
1876 6548 64 76 c
1956 6612 20 16 .
2056 6532 304 112 Sept.
2432 6532 64 92 2
2508 6528 68 96 0
2612 6556 20 84 ;
2712 6528 744 116 A—Foreign
3528 6532 276 96 3584
3812 6536 64 92 4
3916 6560 20 88 ;
4020 6536 576 100 Librairie
4676 6544 680 104 Gallimard.

788 6672 668 120 (27-24650)
4800 6676 360 104 10794

600 6932 424 152 Asch,
1100 6928 632 128 Nathan.

768 7120 368 124 Love
1228 7116 140 124 in
1468 7116 688 156 Chartres,
2248 7108 184 164 by
2528 7108 556 128 Nathan
3176 7108 412 128 Asch.
3772 7108 332 128 New
4204 7116 428 164 York,
4728 7120 176 128 A.
5004 7132 104 120 &
5212 7132 152 120 C.

604 7300 396 164 Boni,
1072 7296 360 132 1927.

768 7496 132 92 24
908 7492 64 96 0
1036 7520 100 88 p.
1280 7492 720 108 19½ͨͫ
1604 7524 24 56 .

608 7644 124 108 ©
800 7664 244 100 Oct.
1112 7664 164 112 14,
1344 7660 336 108 1927;
1752 7660 160 96 2c.
1980 7660 284 92 Nov.
2324 7656 204 108 16;
2600 7656 200 96 aff.
2868 7652 248 100 Oct.
3184 7656 196 108 17;
3452 7652 100 92 A
3624 7656 56 92 1
3692 7652 72 100 0
3764 7656 60 92 1
3832 7656 132 96 06
3968 7660 200 108 45;
4248 7664 404 100 Albert
4720 7672 88 92 &
4880 7672 480 104 Charles

764 7796 328 116 Boni,
1168 7800 216 96 inc.
1556 7792 672 120 (27-24574)
4804 7800 356 108 10795

600 8064 404 140 Baer,
1088 8056 560 124 Arthur
1724 8048 972 152 Christopher,
2788 8056 324 120 1884
3116 8128 80 12 –

772 8244 288 124 The
1136 8236 888 168 preparation
2104 8240 268 120 and
2452 8232 784 164 processing
3312 8228 156 132 of
3540 8232 200 128 ice
3812 8280 444 84 cream
4332 8244 356 164 mix;
4776 8296 80 80 a
4936 8252 428 128 hand-

608 8428 348 124 book
1028 8420 156 132 of
1256 8420 668 128 formulas
2004 8420 268 124 and
2348 8420 660 124 standard
3088 8416 664 164 practices
3828 8416 152 132 of
4052 8424 236 128 the
4364 8428 200 128 ice
4644 8476 440 88 cream
5164 8440 196 124 in-

612 8612 524 160 dustry,
1220 8608 180 160 by
1488 8600 716 128 Professor
2296 8600 168 128 A.
2564 8600 152 128 C.
2812 8600 356 124 Baer
3272 8624 84 128 …
3612 8604 896 160 [Milwaukee.
4604 8616 384 164 Wis.,
5080 8624 284 128 The

612 8792 416 132 Olsen
1088 8788 800 168 publishing
1944 8828 236 120 co.,
2252 8812 68 100 ͨ
2300 8780 324 132 1927
2632 8860 32 84 ]

772 8984 68 92 2
896 9008 104 92 p.
1060 8984 36 92 l
1112 9056 56 36 .,
1228 8980 64 96 9
1296 9036 72 12 –
1368 8980 208 96 136
1632 9004 104 88 p.
1876 8980 296 112 port.
2312 8972 760 116 21½ͨͫ.

776 9144 748 112 Advertising
1584 9148 492 88 matter:
2144 9168 104 88 p.
2312 9140 516 96 130–136.

612 9308 124 120 ©
816 9316 244 100 Oct.
1136 9316 164 112 15,
1376 9308 340 116 1927;
1796 9312 160 92 2c.
2036 9308 228 96 and
2344 9304 116 96 af
2456 9304 56 96 f
2520 9384 20 20 .
2616 9308 280 96 Nov.
2976 9308 196 112 17;
3256 9308 100 92 A
3432 9308 56 92 1
3500 9308 72 96 0
3572 9308 408 116 13147;
4068 9316 348 108 Olsen
4492 9324 260 128 pub,
4836 9356 56 68 c
4900 9352 64 72 o
4976 9404 52 40 .,
5112 9340 116 92 M
5236 9336 84 92 il

772 9452 508 96 waukee.
1448 9444 668 120 (27-24512)
4812 9460 280 112 1079
5100 9464 68 108 6

2832 9576 316 116 1609
