<?xml version="1.0"?>
<alto xmlns="http://www.loc.gov/standards/alto/ns-v2#" xmlns:xlink="http://www.w3.org/1999/xlink" xmlns:xsi="http://www.w3.org/2001/XMLSchema-instance" xsi:schemaLocation="http://www.loc.gov/standards/alto/ns-v2# http://www.loc.gov/standards/alto/alto-v2.0.xsd">
	<Description>
		<MeasurementUnit>inch1200</MeasurementUnit>
		<sourceImageInformation>
			<fileIdentifier>catalogofcopyrig241libr_001-1920_Page_0171.jpgf</fileIdentifier>
		</sourceImageInformation>
		<OCRProcessing ID="OCR1">
			<ocrProcessingStep>
				<processingDateTime>2018-03-12T12:52:14</processingDateTime>
				<processingAgency>Data Conversion Laboratory</processingAgency>
				<processingSoftware>
					<softwareCreator>Prime</softwareCreator>
					<softwareName>Prime OCR</softwareName>
					<softwareVersion>4.40</softwareVersion>
				</processingSoftware>
			</ocrProcessingStep>
			<postProcessingStep>
				<processingDateTime>2018-03-21T10:24:06</processingDateTime>
				<processingAgency>Data Conversion Laboratory</processingAgency>
				<processingStepDescription>PRO -&gt; ALTO</processingStepDescription>
				<processingSoftware>
					<softwareCreator>Data Conversion Laboratory</softwareCreator>
					<softwareName>pro2alto.2018.02.27</softwareName>
					<softwareVersion>2.0</softwareVersion>
				</processingSoftware>
			</postProcessingStep>
		</OCRProcessing>
	</Description>
<Styles>
		<TextStyle ID="Style_1" FONTSIZE="10" FONTTYPE="serif" FONTWIDTH="proportional"/>
		<TextStyle ID="Style_2" FONTSIZE="10" FONTTYPE="serif" FONTWIDTH="proportional" FONTSTYLE="italics"/>
		<TextStyle ID="Style_3" FONTSIZE="8" FONTTYPE="serif" FONTWIDTH="proportional"/>
		<TextStyle ID="Style_4" FONTSIZE="8" FONTTYPE="serif" FONTWIDTH="proportional" FONTSTYLE="bold"/>
		<TextStyle ID="Style_5" FONTSIZE="9" FONTTYPE="sans-serif" FONTWIDTH="proportional" FONTSTYLE="bold"/>
		<TextStyle ID="Style_6" FONTSIZE="9" FONTTYPE="serif" FONTWIDTH="proportional" FONTSTYLE="bold"/>
		<TextStyle ID="Style_7" FONTSIZE="8" FONTTYPE="serif" FONTWIDTH="proportional" FONTSTYLE="bold"/>
		<TextStyle ID="Style_8" FONTSIZE="9" FONTTYPE="serif" FONTWIDTH="proportional"/>
		<TextStyle ID="Style_9" FONTSIZE="10" FONTTYPE="serif" FONTWIDTH="proportional" FONTSTYLE="bold"/>
		<TextStyle ID="Style_10" FONTSIZE="10" FONTTYPE="sans-serif" FONTWIDTH="proportional"/>
		<TextStyle ID="Style_11" FONTSIZE="8" FONTTYPE="sans-serif" FONTWIDTH="proportional" FONTSTYLE="bold subscript"/>
		<TextStyle ID="Style_12" FONTSIZE="7" FONTTYPE="serif" FONTWIDTH="proportional"/>
		<TextStyle ID="Style_13" FONTSIZE="7" FONTTYPE="serif" FONTWIDTH="proportional" FONTSTYLE="bold"/>
		<TextStyle ID="Style_14" FONTSIZE="12" FONTTYPE="serif" FONTWIDTH="proportional" FONTSTYLE="bold"/>
		<TextStyle ID="Style_15" FONTSIZE="8" FONTTYPE="sans-serif" FONTWIDTH="proportional"/>
	</Styles>
	<Layout>
		<Page ID="Page_1" PHYSICAL_IMG_NR="1" HEIGHT="10352" WIDTH="5984">
			<PrintSpace ID="PS_1" HPOS="0" VPOS="0" HEIGHT="10352" WIDTH="5984">
				<TextBlock ID="TB_1.1" HPOS="336" VPOS="876" WIDTH="5068" HEIGHT="9052">
					<TextLine ID="TL_1.1.1" HPOS="468" VPOS="944" HEIGHT="180" WIDTH="4132">
						<String CONTENT="New" ID="St_1.1.1.1" HPOS="468" VPOS="972" HEIGHT="124" WIDTH="340" STYLEREFS="Style_1" WC="1" CC="000"/>
						<SP ID="SP_1.1.1.2" HPOS="744" VPOS="992" WIDTH="116"/>
						<String CONTENT="York" ID="St_1.1.1.3" HPOS="912" VPOS="964" HEIGHT="128" WIDTH="384" STYLEREFS="Style_1" WC="1" CC="0000"/>
						<SP ID="SP_1.1.1.4" HPOS="1244" VPOS="968" WIDTH="116"/>
						<String CONTENT="(State)" ID="St_1.1.1.5" HPOS="1428" VPOS="956" HEIGHT="168" WIDTH="520" STYLEREFS="Style_2" WC="1" CC="0000000"/>
						<SP ID="SP_1.1.1.6" HPOS="1920" VPOS="964" WIDTH="120"/>
						<String CONTENT="Laws," ID="St_1.1.1.7" HPOS="2144" VPOS="960" HEIGHT="156" WIDTH="444" STYLEREFS="Style_2" WC="1" CC="00000"/>
						<SP ID="SP_1.1.1.8" HPOS="2572" VPOS="1012" WIDTH="64"/>
						<String CONTENT="statutes," ID="St_1.1.1.9" HPOS="2688" VPOS="964" HEIGHT="148" WIDTH="612" STYLEREFS="Style_2" WC="1" CC="000000000"/>
						<SP ID="SP_1.1.1.10" HPOS="3284" VPOS="1012" WIDTH="68"/>
						<String CONTENT="etc." ID="St_1.1.1.11" HPOS="3408" VPOS="960" HEIGHT="116" WIDTH="236" STYLEREFS="Style_2" WC="1" CC="0000"/>
						<String CONTENT="&#151;" ID="St_1.1.1.12" HPOS="3652" VPOS="1024" HEIGHT="16" WIDTH="108" STYLEREFS="Style_3" WC="1" CC="0"/>
						<String CONTENT="Continued" ID="St_1.1.1.13" HPOS="3828" VPOS="944" HEIGHT="132" WIDTH="772" STYLEREFS="Style_3" WC="1" CC="000000000"/>
					</TextLine>
					<TextLine ID="TL_1.1.2" HPOS="616" VPOS="1160" HEIGHT="116" WIDTH="1124">
						<String CONTENT="5" ID="St_1.1.2.1" HPOS="616" VPOS="1164" HEIGHT="96" WIDTH="64" STYLEREFS="Style_4" WC="1" CC="0"/>
						<SP ID="SP_1.1.2.2" HPOS="644" VPOS="1168" WIDTH="64"/>
						<String CONTENT="v." ID="St_1.1.2.3" HPOS="744" VPOS="1192" HEIGHT="68" WIDTH="104" STYLEREFS="Style_4" WC="1" CC="00"/>
						<SP ID="SP_1.1.2.4" HPOS="836" VPOS="1204" WIDTH="76"/>
						<String CONTENT="26&#x0368;&#x036b;." ID="St_1.1.2.5" HPOS="980" VPOS="1160" HEIGHT="116" WIDTH="760" STYLEREFS="Style_4" WC="0.988888888888889" CC="00001"/>
					</TextLine>
					<TextLine ID="TL_1.1.3" HPOS="620" VPOS="1268" HEIGHT="132" WIDTH="4584">
						<String CONTENT="CONTENT" ID="St_1.1.3.1" HPOS="620" VPOS="1300" HEIGHT="96" WIDTH="548" STYLEREFS="Style_4" WC="0.904444444444445" CC="0000033"/>
						<String CONTENT="S" ID="St_1.1.3.2" HPOS="1220" VPOS="1312" HEIGHT="80" WIDTH="56" STYLEREFS="Style_4" WC="0.916666666666667" CC="0"/>
						<String CONTENT="." ID="St_1.1.3.3" HPOS="1252" VPOS="1372" HEIGHT="20" WIDTH="20" STYLEREFS="Style_4" WC="0.913333333333333" CC="1"/>
						<String CONTENT="&#151;" ID="St_1.1.3.4" HPOS="1276" VPOS="1352" HEIGHT="12" WIDTH="144" STYLEREFS="Style_4" WC="0.922222222222222" CC="0"/>
						<String CONTENT="v." ID="St_1.1.3.5" HPOS="1412" VPOS="1312" HEIGHT="76" WIDTH="116" STYLEREFS="Style_4" WC="0.888888888888889" CC="50"/>
						<SP ID="SP_1.1.3.6" HPOS="1512" VPOS="1332" WIDTH="68"/>
						<String CONTENT="10." ID="St_1.1.3.7" HPOS="1632" VPOS="1284" HEIGHT="104" WIDTH="172" STYLEREFS="Style_5" WC="0.916666666666667" CC="000"/>
						<SP ID="SP_1.1.3.8" HPOS="1788" VPOS="1316" WIDTH="68"/>
						<String CONTENT="Rules" ID="St_1.1.3.9" HPOS="1908" VPOS="1292" HEIGHT="92" WIDTH="356" STYLEREFS="Style_5" WC="0.938888888888889" CC="00000"/>
						<SP ID="SP_1.1.3.10" HPOS="2232" VPOS="1308" WIDTH="80"/>
						<String CONTENT="of" ID="St_1.1.3.11" HPOS="2368" VPOS="1284" HEIGHT="100" WIDTH="124" STYLEREFS="Style_5" WC="0.946666666666667" CC="00"/>
						<SP ID="SP_1.1.3.12" HPOS="2464" VPOS="1292" WIDTH="76"/>
						<String CONTENT="civil" ID="St_1.1.3.13" HPOS="2592" VPOS="1284" HEIGHT="96" WIDTH="268" STYLEREFS="Style_5" WC="0.956666666666667" CC="00000"/>
						<SP ID="SP_1.1.3.14" HPOS="2840" VPOS="1292" WIDTH="72"/>
						<String CONTENT="practice;" ID="St_1.1.3.15" HPOS="2964" VPOS="1280" HEIGHT="120" WIDTH="572" STYLEREFS="Style_5" WC="0.966666666666667" CC="000000000"/>
						<SP ID="SP_1.1.3.16" HPOS="3520" VPOS="1304" WIDTH="72"/>
						<String CONTENT="Supreme" ID="St_1.1.3.17" HPOS="3652" VPOS="1280" HEIGHT="116" WIDTH="552" STYLEREFS="Style_5" WC="0.972222222222222" CC="0000000"/>
						<SP ID="SP_1.1.3.18" HPOS="4168" VPOS="1300" WIDTH="84"/>
						<String CONTENT="cour" ID="St_1.1.3.19" HPOS="4304" VPOS="1296" HEIGHT="76" WIDTH="280" STYLEREFS="Style_5" WC="0.974444444444444" CC="0000"/>
						<String CONTENT="t" ID="St_1.1.3.20" HPOS="4592" VPOS="1276" HEIGHT="92" WIDTH="48" STYLEREFS="Style_6" WC="0.975555555555556" CC="0"/>
						<String CONTENT="." ID="St_1.1.3.21" HPOS="4648" VPOS="1352" HEIGHT="20" WIDTH="24" STYLEREFS="Style_6" WC="0.975555555555556" CC="0"/>
						<String CONTENT="&#151;" ID="St_1.1.3.22" HPOS="4672" VPOS="1328" HEIGHT="12" WIDTH="144" STYLEREFS="Style_6" WC="0.975555555555556" CC="0"/>
						<String CONTENT="v" ID="St_1.1.3.23" HPOS="4820" VPOS="1300" HEIGHT="68" WIDTH="72" STYLEREFS="Style_6" WC="0.976666666666667" CC="0"/>
						<String CONTENT="." ID="St_1.1.3.24" HPOS="4896" VPOS="1344" HEIGHT="24" WIDTH="32" STYLEREFS="Style_6" WC="0.976666666666667" CC="0"/>
						<SP ID="SP_1.1.3.25" HPOS="4908" VPOS="1320" WIDTH="72"/>
						<String CONTENT="11." ID="St_1.1.3.26" HPOS="5036" VPOS="1268" HEIGHT="100" WIDTH="168" STYLEREFS="Style_6" WC="0.977777777777778" CC="000"/>
					</TextLine>
					<TextLine ID="TL_1.1.4" HPOS="452" VPOS="1404" HEIGHT="136" WIDTH="4764">
						<String CONTENT="Rules" ID="St_1.1.4.1" HPOS="452" VPOS="1436" HEIGHT="96" WIDTH="352" STYLEREFS="Style_6" WC="1" CC="00000"/>
						<SP ID="SP_1.1.4.2" HPOS="772" VPOS="1448" WIDTH="76"/>
						<String CONTENT="of" ID="St_1.1.4.3" HPOS="896" VPOS="1432" HEIGHT="100" WIDTH="124" STYLEREFS="Style_6" WC="1" CC="00"/>
						<SP ID="SP_1.1.4.4" HPOS="988" VPOS="1432" WIDTH="72"/>
						<String CONTENT="court" ID="St_1.1.4.5" HPOS="1104" VPOS="1436" HEIGHT="92" WIDTH="328" STYLEREFS="Style_6" WC="1" CC="00000"/>
						<SP ID="SP_1.1.4.6" HPOS="1404" VPOS="1436" WIDTH="68"/>
						<String CONTENT="of" ID="St_1.1.4.7" HPOS="1520" VPOS="1428" HEIGHT="96" WIDTH="124" STYLEREFS="Style_6" WC="1" CC="00"/>
						<SP ID="SP_1.1.4.8" HPOS="1612" VPOS="1432" WIDTH="72"/>
						<String CONTENT="appeals." ID="St_1.1.4.9" HPOS="1732" VPOS="1428" HEIGHT="112" WIDTH="508" STYLEREFS="Style_6" WC="1" CC="00000000"/>
						<String CONTENT="&#151;" ID="St_1.1.4.10" HPOS="2240" VPOS="1480" HEIGHT="8" WIDTH="144" STYLEREFS="Style_6" WC="1" CC="0"/>
						<String CONTENT="v." ID="St_1.1.4.11" HPOS="2384" VPOS="1448" HEIGHT="72" WIDTH="108" STYLEREFS="Style_6" WC="0.98" CC="50"/>
						<SP ID="SP_1.1.4.12" HPOS="2476" VPOS="1464" WIDTH="64"/>
						<String CONTENT="12." ID="St_1.1.4.13" HPOS="2588" VPOS="1416" HEIGHT="104" WIDTH="172" STYLEREFS="Style_6" WC="0.982222222222222" CC="000"/>
						<SP ID="SP_1.1.4.14" HPOS="2740" VPOS="1464" WIDTH="60"/>
						<String CONTENT="Rules" ID="St_1.1.4.15" HPOS="2852" VPOS="1416" HEIGHT="96" WIDTH="356" STYLEREFS="Style_6" WC="0.985555555555556" CC="00000"/>
						<SP ID="SP_1.1.4.16" HPOS="3176" VPOS="1440" WIDTH="76"/>
						<String CONTENT="of" ID="St_1.1.4.17" HPOS="3300" VPOS="1416" HEIGHT="96" WIDTH="124" STYLEREFS="Style_6" WC="0.986666666666667" CC="00"/>
						<SP ID="SP_1.1.4.18" HPOS="3392" VPOS="1424" WIDTH="72"/>
						<String CONTENT="the" ID="St_1.1.4.19" HPOS="3512" VPOS="1416" HEIGHT="96" WIDTH="196" STYLEREFS="Style_6" WC="0.987777777777778" CC="000"/>
						<SP ID="SP_1.1.4.20" HPOS="3672" VPOS="1436" WIDTH="76"/>
						<String CONTENT="appellate" ID="St_1.1.4.21" HPOS="3796" VPOS="1412" HEIGHT="120" WIDTH="580" STYLEREFS="Style_6" WC="0.99" CC="000000000"/>
						<SP ID="SP_1.1.4.22" HPOS="4340" VPOS="1436" WIDTH="76"/>
						<String CONTENT="divisions." ID="St_1.1.4.23" HPOS="4468" VPOS="1404" HEIGHT="104" WIDTH="596" STYLEREFS="Style_6" WC="0.991111111111111" CC="0000000000"/>
						<String CONTENT="&#151;" ID="St_1.1.4.24" HPOS="5072" VPOS="1464" HEIGHT="12" WIDTH="144" STYLEREFS="Style_6" WC="0.991111111111111" CC="0"/>
					</TextLine>
					<TextLine ID="TL_1.1.5" HPOS="452" VPOS="1548" HEIGHT="120" WIDTH="4560">
						<String CONTENT="v" ID="St_1.1.5.1" HPOS="452" VPOS="1596" HEIGHT="72" WIDTH="72" STYLEREFS="Style_6" WC="1" CC="0"/>
						<String CONTENT="." ID="St_1.1.5.2" HPOS="528" VPOS="1640" HEIGHT="24" WIDTH="28" STYLEREFS="Style_6" WC="1" CC="0"/>
						<SP ID="SP_1.1.5.3" HPOS="540" VPOS="1592" WIDTH="52"/>
						<String CONTENT="14." ID="St_1.1.5.4" HPOS="628" VPOS="1564" HEIGHT="100" WIDTH="172" STYLEREFS="Style_6" WC="1" CC="000"/>
						<SP ID="SP_1.1.5.5" HPOS="780" VPOS="1604" WIDTH="52"/>
						<String CONTENT="Justice" ID="St_1.1.5.6" HPOS="868" VPOS="1568" HEIGHT="96" WIDTH="448" STYLEREFS="Style_6" WC="0.967777777777778" CC="4000000"/>
						<SP ID="SP_1.1.5.7" HPOS="1284" VPOS="1580" WIDTH="64"/>
						<String CONTENT="court" ID="St_1.1.5.8" HPOS="1380" VPOS="1568" HEIGHT="96" WIDTH="336" STYLEREFS="Style_6" WC="0.977777777777778" CC="00000"/>
						<SP ID="SP_1.1.5.9" HPOS="1688" VPOS="1568" WIDTH="56"/>
						<String CONTENT="act." ID="St_1.1.5.10" HPOS="1780" VPOS="1564" HEIGHT="92" WIDTH="220" STYLEREFS="Style_6" WC="0.982222222222222" CC="0000"/>
						<String CONTENT="&#151;" ID="St_1.1.5.11" HPOS="2004" VPOS="1616" HEIGHT="12" WIDTH="144" STYLEREFS="Style_7" WC="0.982222222222222" CC="0"/>
						<String CONTENT="v." ID="St_1.1.5.12" HPOS="2152" VPOS="1584" HEIGHT="72" WIDTH="104" STYLEREFS="Style_7" WC="0.983333333333333" CC="00"/>
						<SP ID="SP_1.1.5.13" HPOS="2240" VPOS="1600" WIDTH="52"/>
						<String CONTENT="17." ID="St_1.1.5.14" HPOS="2332" VPOS="1556" HEIGHT="100" WIDTH="168" STYLEREFS="Style_7" WC="0.985555555555556" CC="000"/>
						<SP ID="SP_1.1.5.15" HPOS="2480" VPOS="1600" WIDTH="48"/>
						<String CONTENT="New" ID="St_1.1.5.16" HPOS="2564" VPOS="1560" HEIGHT="92" WIDTH="288" STYLEREFS="Style_7" WC="0.986666666666667" CC="000"/>
						<SP ID="SP_1.1.5.17" HPOS="2796" VPOS="1576" WIDTH="84"/>
						<String CONTENT="York" ID="St_1.1.5.18" HPOS="2916" VPOS="1556" HEIGHT="96" WIDTH="312" STYLEREFS="Style_7" WC="0.988888888888889" CC="0000"/>
						<SP ID="SP_1.1.5.19" HPOS="3184" VPOS="1560" WIDTH="72"/>
						<String CONTENT="city" ID="St_1.1.5.20" HPOS="3296" VPOS="1552" HEIGHT="116" WIDTH="236" STYLEREFS="Style_7" WC="0.99" CC="0000"/>
						<SP ID="SP_1.1.5.21" HPOS="3492" VPOS="1572" WIDTH="72"/>
						<String CONTENT="municipal" ID="St_1.1.5.22" HPOS="3600" VPOS="1548" HEIGHT="116" WIDTH="632" STYLEREFS="Style_7" WC="0.991111111111111" CC="000000000"/>
						<SP ID="SP_1.1.5.23" HPOS="4208" VPOS="1560" WIDTH="56"/>
						<String CONTENT="court" ID="St_1.1.5.24" HPOS="4300" VPOS="1548" HEIGHT="96" WIDTH="336" STYLEREFS="Style_7" WC="0.992222222222222" CC="00000"/>
						<SP ID="SP_1.1.5.25" HPOS="4604" VPOS="1556" WIDTH="60"/>
						<String CONTENT="code." ID="St_1.1.5.26" HPOS="4700" VPOS="1548" HEIGHT="96" WIDTH="312" STYLEREFS="Style_7" WC="0.993333333333333" CC="00000"/>
					</TextLine>
					<TextLine ID="TL_1.1.6" HPOS="456" VPOS="1680" HEIGHT="140" WIDTH="4756">
						<String CONTENT="&#169;" ID="St_1.1.6.1" HPOS="456" VPOS="1684" HEIGHT="116" WIDTH="120" STYLEREFS="Style_8" WC="0.555555555555556" CC="4"/>
						<SP ID="SP_1.1.6.2" HPOS="516" VPOS="1684" WIDTH="96"/>
						<String CONTENT="Feb." ID="St_1.1.6.3" HPOS="648" VPOS="1704" HEIGHT="96" WIDTH="264" STYLEREFS="Style_8" WC="0.925555555555556" CC="0000"/>
						<SP ID="SP_1.1.6.4" HPOS="900" VPOS="1736" WIDTH="40"/>
						<String CONTENT="9," ID="St_1.1.6.5" HPOS="972" VPOS="1704" HEIGHT="116" WIDTH="96" STYLEREFS="Style_8" WC="0.95" CC="00"/>
						<SP ID="SP_1.1.6.6" HPOS="1056" VPOS="1736" WIDTH="40"/>
						<String CONTENT="1927;" ID="St_1.1.6.7" HPOS="1132" VPOS="1704" HEIGHT="108" WIDTH="336" STYLEREFS="Style_8" WC="0.97" CC="00000"/>
						<SP ID="SP_1.1.6.8" HPOS="1452" VPOS="1708" WIDTH="48"/>
						<String CONTENT="2c." ID="St_1.1.6.9" HPOS="1536" VPOS="1704" HEIGHT="92" WIDTH="164" STYLEREFS="Style_8" WC="0.975555555555556" CC="000"/>
						<SP ID="SP_1.1.6.10" HPOS="1688" VPOS="1736" WIDTH="40"/>
						<String CONTENT="each" ID="St_1.1.6.11" HPOS="1764" VPOS="1700" HEIGHT="96" WIDTH="284" STYLEREFS="Style_8" WC="0.981111111111111" CC="0000"/>
						<SP ID="SP_1.1.6.12" HPOS="2008" VPOS="1696" WIDTH="68"/>
						<String CONTENT="Feb." ID="St_1.1.6.13" HPOS="2108" VPOS="1696" HEIGHT="100" WIDTH="272" STYLEREFS="Style_8" WC="0.984444444444444" CC="0000"/>
						<SP ID="SP_1.1.6.14" HPOS="2364" VPOS="1732" WIDTH="44"/>
						<String CONTENT="12;" ID="St_1.1.6.15" HPOS="2440" VPOS="1696" HEIGHT="112" WIDTH="196" STYLEREFS="Style_8" WC="0.985555555555556" CC="000"/>
						<SP ID="SP_1.1.6.16" HPOS="2620" VPOS="1704" WIDTH="48"/>
						<String CONTENT="aff." ID="St_1.1.6.17" HPOS="2708" VPOS="1692" HEIGHT="96" WIDTH="200" STYLEREFS="Style_8" WC="0.987777777777778" CC="0000"/>
						<SP ID="SP_1.1.6.18" HPOS="2896" VPOS="1732" WIDTH="44"/>
						<String CONTENT="Feb." ID="St_1.1.6.19" HPOS="2976" VPOS="1692" HEIGHT="96" WIDTH="264" STYLEREFS="Style_8" WC="0.988888888888889" CC="0000"/>
						<SP ID="SP_1.1.6.20" HPOS="3224" VPOS="1728" WIDTH="48"/>
						<String CONTENT="11;" ID="St_1.1.6.21" HPOS="3308" VPOS="1688" HEIGHT="112" WIDTH="196" STYLEREFS="Style_8" WC="0.99" CC="000"/>
						<SP ID="SP_1.1.6.22" HPOS="3488" VPOS="1700" WIDTH="48"/>
						<String CONTENT="A" ID="St_1.1.6.23" HPOS="3576" VPOS="1688" HEIGHT="96" WIDTH="100" STYLEREFS="Style_8" WC="0.99" CC="0"/>
						<SP ID="SP_1.1.6.24" HPOS="3620" VPOS="1688" WIDTH="84"/>
						<String CONTENT="967146;" ID="St_1.1.6.25" HPOS="3736" VPOS="1684" HEIGHT="116" WIDTH="480" STYLEREFS="Style_8" WC="0.991111111111111" CC="0000000"/>
						<SP ID="SP_1.1.6.26" HPOS="4200" VPOS="1700" WIDTH="52"/>
						<String CONTENT="Matthew" ID="St_1.1.6.27" HPOS="4292" VPOS="1680" HEIGHT="100" WIDTH="568" STYLEREFS="Style_8" WC="0.992222222222222" CC="0000000"/>
						<SP ID="SP_1.1.6.28" HPOS="4804" VPOS="1700" WIDTH="84"/>
						<String CONTENT="Ben-" ID="St_1.1.6.29" HPOS="4920" VPOS="1684" HEIGHT="96" WIDTH="292" STYLEREFS="Style_8" WC="0.993333333333333" CC="0000"/>
					</TextLine>
					<TextLine ID="TL_1.1.7" HPOS="620" VPOS="1812" HEIGHT="140" WIDTH="4392">
						<String CONTENT="der" ID="St_1.1.7.1" HPOS="620" VPOS="1844" HEIGHT="88" WIDTH="200" STYLEREFS="Style_8" WC="1" CC="000"/>
						<SP ID="SP_1.1.7.2" HPOS="788" VPOS="1848" WIDTH="64"/>
						<String CONTENT="&amp;" ID="St_1.1.7.3" HPOS="884" VPOS="1836" HEIGHT="96" WIDTH="88" STYLEREFS="Style_8" WC="1" CC="0"/>
						<SP ID="SP_1.1.7.4" HPOS="924" VPOS="1832" WIDTH="76"/>
						<String CONTENT="co.," ID="St_1.1.7.5" HPOS="1028" VPOS="1860" HEIGHT="92" WIDTH="196" STYLEREFS="Style_8" WC="1" CC="0000"/>
						<SP ID="SP_1.1.7.6" HPOS="1208" VPOS="1872" WIDTH="44"/>
						<String CONTENT="inc.," ID="St_1.1.7.7" HPOS="1288" VPOS="1836" HEIGHT="116" WIDTH="252" STYLEREFS="Style_8" WC="1" CC="00000"/>
						<SP ID="SP_1.1.7.8" HPOS="1524" VPOS="1868" WIDTH="48"/>
						<String CONTENT="Baker," ID="St_1.1.7.9" HPOS="1608" VPOS="1836" HEIGHT="116" WIDTH="416" STYLEREFS="Style_8" WC="1" CC="000000"/>
						<SP ID="SP_1.1.7.10" HPOS="2008" VPOS="1868" WIDTH="48"/>
						<String CONTENT="Voorhis" ID="St_1.1.7.11" HPOS="2092" VPOS="1832" HEIGHT="96" WIDTH="492" STYLEREFS="Style_8" WC="1" CC="0000000"/>
						<SP ID="SP_1.1.7.12" HPOS="2552" VPOS="1844" WIDTH="60"/>
						<String CONTENT="&amp;" ID="St_1.1.7.13" HPOS="2648" VPOS="1832" HEIGHT="96" WIDTH="88" STYLEREFS="Style_8" WC="1" CC="0"/>
						<SP ID="SP_1.1.7.14" HPOS="2688" VPOS="1832" WIDTH="76"/>
						<String CONTENT="co." ID="St_1.1.7.15" HPOS="2796" VPOS="1856" HEIGHT="72" WIDTH="164" STYLEREFS="Style_8" WC="1" CC="000"/>
						<SP ID="SP_1.1.7.16" HPOS="2944" VPOS="1836" WIDTH="1784"/>
						<String CONTENT="1105" ID="St_1.1.7.17" HPOS="4728" VPOS="1812" HEIGHT="104" WIDTH="284" STYLEREFS="Style_8" WC="0.876666666666667" CC="0000"/>
					</TextLine>
					<TextLine ID="TL_1.1.8" HPOS="456" VPOS="1980" HEIGHT="160" WIDTH="3304">
						<String CONTENT="New" ID="St_1.1.8.1" HPOS="456" VPOS="1996" HEIGHT="124" WIDTH="348" STYLEREFS="Style_9" WC="1" CC="000"/>
						<SP ID="SP_1.1.8.2" HPOS="736" VPOS="2012" WIDTH="100"/>
						<String CONTENT="York." ID="St_1.1.8.3" HPOS="872" VPOS="1992" HEIGHT="124" WIDTH="428" STYLEREFS="Style_9" WC="1" CC="00000"/>
						<SP ID="SP_1.1.8.4" HPOS="1280" VPOS="2040" WIDTH="104"/>
						<String CONTENT="Metropolitan" ID="St_1.1.8.5" HPOS="1476" VPOS="1988" HEIGHT="152" WIDTH="1004" STYLEREFS="Style_9" WC="1" CC="000000000000"/>
						<SP ID="SP_1.1.8.6" HPOS="2432" VPOS="2008" WIDTH="84"/>
						<String CONTENT="museum" ID="St_1.1.8.7" HPOS="2556" VPOS="2024" HEIGHT="88" WIDTH="644" STYLEREFS="Style_9" WC="1" CC="000000"/>
						<SP ID="SP_1.1.8.8" HPOS="3128" VPOS="2008" WIDTH="100"/>
						<String CONTENT="of" ID="St_1.1.8.9" HPOS="3268" VPOS="1980" HEIGHT="128" WIDTH="152" STYLEREFS="Style_9" WC="1" CC="00"/>
						<SP ID="SP_1.1.8.10" HPOS="3384" VPOS="1984" WIDTH="64"/>
						<String CONTENT="art." ID="St_1.1.8.11" HPOS="3484" VPOS="1984" HEIGHT="124" WIDTH="276" STYLEREFS="Style_9" WC="1" CC="0000"/>
					</TextLine>
					<TextLine ID="TL_1.1.9" HPOS="744" VPOS="2164" HEIGHT="168" WIDTH="4476">
						<String CONTENT="&#133;" ID="St_1.1.9.1" HPOS="744" VPOS="2180" HEIGHT="144" WIDTH="80" STYLEREFS="Style_9" WC="1" CC="0"/>
						<SP ID="SP_1.1.9.2" HPOS="752" VPOS="2284" WIDTH="24"/>
						<String CONTENT="Exhibition" ID="St_1.1.9.3" HPOS="904" VPOS="2176" HEIGHT="128" WIDTH="816" STYLEREFS="Style_9" WC="0.972222222222222" CC="0000000000"/>
						<SP ID="SP_1.1.9.4" HPOS="1672" VPOS="2200" WIDTH="104"/>
						<String CONTENT="of" ID="St_1.1.9.5" HPOS="1836" VPOS="2176" HEIGHT="128" WIDTH="156" STYLEREFS="Style_9" WC="0.977777777777778" CC="00"/>
						<SP ID="SP_1.1.9.6" HPOS="1956" VPOS="2180" WIDTH="96"/>
						<String CONTENT="Swedish" ID="St_1.1.9.7" HPOS="2116" VPOS="2172" HEIGHT="132" WIDTH="612" STYLEREFS="Style_9" WC="0.984444444444444" CC="0000000"/>
						<SP ID="SP_1.1.9.8" HPOS="2680" VPOS="2176" WIDTH="108"/>
						<String CONTENT="contemporary" ID="St_1.1.9.9" HPOS="2852" VPOS="2184" HEIGHT="148" WIDTH="1040" STYLEREFS="Style_9" WC="0.99" CC="000000000000"/>
						<SP ID="SP_1.1.9.10" HPOS="3844" VPOS="2192" WIDTH="104"/>
						<String CONTENT="decorative" ID="St_1.1.9.11" HPOS="4008" VPOS="2164" HEIGHT="128" WIDTH="772" STYLEREFS="Style_9" WC="0.992222222222222" CC="0000000000"/>
						<SP ID="SP_1.1.9.12" HPOS="4740" VPOS="2192" WIDTH="96"/>
						<String CONTENT="arts," ID="St_1.1.9.13" HPOS="4896" VPOS="2176" HEIGHT="152" WIDTH="324" STYLEREFS="Style_9" WC="0.993333333333333" CC="00000"/>
					</TextLine>
					<TextLine ID="TL_1.1.10" HPOS="468" VPOS="2352" HEIGHT="176" WIDTH="4752">
						<String CONTENT="under" ID="St_1.1.10.1" HPOS="468" VPOS="2368" HEIGHT="128" WIDTH="428" STYLEREFS="Style_9" WC="1" CC="00000"/>
						<SP ID="SP_1.1.10.2" HPOS="860" VPOS="2392" WIDTH="68"/>
						<String CONTENT="the" ID="St_1.1.10.3" HPOS="964" VPOS="2368" HEIGHT="124" WIDTH="232" STYLEREFS="Style_9" WC="1" CC="000"/>
						<SP ID="SP_1.1.10.4" HPOS="1160" VPOS="2392" WIDTH="72"/>
						<String CONTENT="auspices" ID="St_1.1.10.5" HPOS="1276" VPOS="2364" HEIGHT="164" WIDTH="608" STYLEREFS="Style_9" WC="1" CC="00000000"/>
						<SP ID="SP_1.1.10.6" HPOS="1852" VPOS="2392" WIDTH="68"/>
						<String CONTENT="of" ID="St_1.1.10.7" HPOS="1956" VPOS="2364" HEIGHT="124" WIDTH="156" STYLEREFS="Style_9" WC="1" CC="00"/>
						<SP ID="SP_1.1.10.8" HPOS="2076" VPOS="2368" WIDTH="68"/>
						<String CONTENT="H." ID="St_1.1.10.9" HPOS="2180" VPOS="2364" HEIGHT="124" WIDTH="184" STYLEREFS="Style_9" WC="1" CC="00"/>
						<SP ID="SP_1.1.10.10" HPOS="2352" VPOS="2416" WIDTH="48"/>
						<String CONTENT="R." ID="St_1.1.10.11" HPOS="2440" VPOS="2364" HEIGHT="124" WIDTH="164" STYLEREFS="Style_9" WC="0.983333333333333" CC="40"/>
						<SP ID="SP_1.1.10.12" HPOS="2588" VPOS="2416" WIDTH="48"/>
						<String CONTENT="H." ID="St_1.1.10.13" HPOS="2676" VPOS="2360" HEIGHT="124" WIDTH="188" STYLEREFS="Style_9" WC="0.984444444444444" CC="00"/>
						<SP ID="SP_1.1.10.14" HPOS="2848" VPOS="2416" WIDTH="48"/>
						<String CONTENT="the" ID="St_1.1.10.15" HPOS="2936" VPOS="2360" HEIGHT="124" WIDTH="232" STYLEREFS="Style_9" WC="0.986666666666667" CC="000"/>
						<SP ID="SP_1.1.10.16" HPOS="3132" VPOS="2388" WIDTH="68"/>
						<String CONTENT="Crown" ID="St_1.1.10.17" HPOS="3240" VPOS="2352" HEIGHT="132" WIDTH="496" STYLEREFS="Style_9" WC="0.988888888888889" CC="00000"/>
						<SP ID="SP_1.1.10.18" HPOS="3688" VPOS="2384" WIDTH="84"/>
						<String CONTENT="Prince" ID="St_1.1.10.19" HPOS="3812" VPOS="2356" HEIGHT="124" WIDTH="492" STYLEREFS="Style_9" WC="0.99" CC="000000"/>
						<SP ID="SP_1.1.10.20" HPOS="4268" VPOS="2384" WIDTH="72"/>
						<String CONTENT="of" ID="St_1.1.10.21" HPOS="4380" VPOS="2352" HEIGHT="128" WIDTH="152" STYLEREFS="Style_9" WC="0.991111111111111" CC="00"/>
						<SP ID="SP_1.1.10.22" HPOS="4496" VPOS="2360" WIDTH="72"/>
						<String CONTENT="Sweden," ID="St_1.1.10.23" HPOS="4608" VPOS="2352" HEIGHT="160" WIDTH="612" STYLEREFS="Style_9" WC="0.992222222222222" CC="0000000"/>
					</TextLine>
					<TextLine ID="TL_1.1.11" HPOS="468" VPOS="2536" HEIGHT="180" WIDTH="4756">
						<String CONTENT="New" ID="St_1.1.11.1" HPOS="468" VPOS="2560" HEIGHT="128" WIDTH="324" STYLEREFS="Style_9" WC="1" CC="000"/>
						<SP ID="SP_1.1.11.2" HPOS="732" VPOS="2584" WIDTH="92"/>
						<String CONTENT="York," ID="St_1.1.11.3" HPOS="852" VPOS="2556" HEIGHT="160" WIDTH="424" STYLEREFS="Style_9" WC="1" CC="00000"/>
						<SP ID="SP_1.1.11.4" HPOS="1260" VPOS="2612" WIDTH="44"/>
						<String CONTENT="January" ID="St_1.1.11.5" HPOS="1332" VPOS="2556" HEIGHT="160" WIDTH="628" STYLEREFS="Style_9" WC="1" CC="0000000"/>
						<SP ID="SP_1.1.11.6" HPOS="1912" VPOS="2580" WIDTH="76"/>
						<String CONTENT="18" ID="St_1.1.11.7" HPOS="2020" VPOS="2560" HEIGHT="116" WIDTH="148" STYLEREFS="Style_9" WC="1" CC="00"/>
						<SP ID="SP_1.1.11.8" HPOS="2128" VPOS="2564" WIDTH="68"/>
						<String CONTENT="to" ID="St_1.1.11.9" HPOS="2224" VPOS="2560" HEIGHT="116" WIDTH="144" STYLEREFS="Style_9" WC="1" CC="00"/>
						<SP ID="SP_1.1.11.10" HPOS="2324" VPOS="2580" WIDTH="68"/>
						<String CONTENT="February" ID="St_1.1.11.11" HPOS="2420" VPOS="2548" HEIGHT="164" WIDTH="712" STYLEREFS="Style_9" WC="1" CC="00000000"/>
						<SP ID="SP_1.1.11.12" HPOS="3084" VPOS="2580" WIDTH="72"/>
						<String CONTENT="27," ID="St_1.1.11.13" HPOS="3184" VPOS="2544" HEIGHT="160" WIDTH="200" STYLEREFS="Style_10" WC="1" CC="000"/>
						<SP ID="SP_1.1.11.14" HPOS="3368" VPOS="2616" WIDTH="40"/>
						<String CONTENT="MCMXXVII." ID="St_1.1.11.15" HPOS="3436" VPOS="2568" HEIGHT="144" WIDTH="764" STYLEREFS="Style_10" WC="0.987777777777778" CC="400000001"/>
						<SP ID="SP_1.1.11.16" HPOS="4184" VPOS="2604" WIDTH="92"/>
						<String CONTENT="[New" ID="St_1.1.11.17" HPOS="4360" VPOS="2540" HEIGHT="160" WIDTH="376" STYLEREFS="Style_10" WC="0.971111111111111" CC="7000"/>
						<SP ID="SP_1.1.11.18" HPOS="4672" VPOS="2576" WIDTH="92"/>
						<String CONTENT="York," ID="St_1.1.11.19" HPOS="4792" VPOS="2536" HEIGHT="164" WIDTH="432" STYLEREFS="Style_10" WC="0.974444444444444" CC="00000"/>
					</TextLine>
					<TextLine ID="TL_1.1.12" HPOS="440" VPOS="2748" HEIGHT="160" WIDTH="440">
						<String CONTENT="&#x0368;1927" ID="St_1.1.12.1" HPOS="440" VPOS="2748" HEIGHT="148" WIDTH="400" STYLEREFS="Style_10" WC="1" CC="00000"/>
						<String CONTENT="]" ID="St_1.1.12.2" HPOS="848" VPOS="2828" HEIGHT="80" WIDTH="32" STYLEREFS="Style_10" WC="1" CC="0"/>
					</TextLine>
					<TextLine ID="TL_1.1.13" HPOS="616" VPOS="2952" HEIGHT="128" WIDTH="2488">
						<String CONTENT="x" ID="St_1.1.13.1" HPOS="616" VPOS="2992" HEIGHT="72" WIDTH="76" STYLEREFS="Style_10" WC="1" CC="0"/>
						<String CONTENT="i" ID="St_1.1.13.2" HPOS="700" VPOS="2964" HEIGHT="96" WIDTH="36" STYLEREFS="Style_10" WC="1" CC="0"/>
						<String CONTENT="i" ID="St_1.1.13.3" HPOS="744" VPOS="2964" HEIGHT="96" WIDTH="36" STYLEREFS="Style_10" WC="1" CC="0"/>
						<String CONTENT="," ID="St_1.1.13.4" HPOS="792" VPOS="3040" HEIGHT="40" WIDTH="24" STYLEREFS="Style_10" WC="1" CC="0"/>
						<SP ID="SP_1.1.13.5" HPOS="800" VPOS="2992" WIDTH="48"/>
						<String CONTENT="48" ID="St_1.1.13.6" HPOS="876" VPOS="2964" HEIGHT="96" WIDTH="140" STYLEREFS="Style_10" WC="1" CC="00"/>
						<SP ID="SP_1.1.13.7" HPOS="980" VPOS="2964" WIDTH="64"/>
						<String CONTENT="p.," ID="St_1.1.13.8" HPOS="1080" VPOS="2988" HEIGHT="88" WIDTH="136" STYLEREFS="Style_10" WC="1" CC="000"/>
						<SP ID="SP_1.1.13.9" HPOS="1204" VPOS="3000" WIDTH="44"/>
						<String CONTENT="1" ID="St_1.1.13.10" HPOS="1284" VPOS="2964" HEIGHT="88" WIDTH="60" STYLEREFS="Style_10" WC="1" CC="0"/>
						<SP ID="SP_1.1.13.11" HPOS="1312" VPOS="2964" WIDTH="64"/>
						<String CONTENT="1." ID="St_1.1.13.12" HPOS="1408" VPOS="2960" HEIGHT="100" WIDTH="76" STYLEREFS="Style_10" WC="1" CC="00"/>
						<SP ID="SP_1.1.13.13" HPOS="1468" VPOS="3000" WIDTH="44"/>
						<String CONTENT="in" ID="St_1.1.13.14" HPOS="1548" VPOS="2956" HEIGHT="96" WIDTH="124" STYLEREFS="Style_10" WC="0.964444444444444" CC="33"/>
						<String CONTENT="cl" ID="St_1.1.13.15" HPOS="1680" VPOS="2964" HEIGHT="92" WIDTH="100" STYLEREFS="Style_10" WC="0.931111111111111" CC="43"/>
						<String CONTENT="." ID="St_1.1.13.16" HPOS="1792" VPOS="3032" HEIGHT="24" WIDTH="24" STYLEREFS="Style_10" WC="0.933333333333333" CC="0"/>
						<SP ID="SP_1.1.13.17" HPOS="1800" VPOS="3000" WIDTH="48"/>
						<String CONTENT="plates." ID="St_1.1.13.18" HPOS="1880" VPOS="2960" HEIGHT="112" WIDTH="412" STYLEREFS="Style_10" WC="0.951111111111111" CC="0000000"/>
						<SP ID="SP_1.1.13.19" HPOS="2276" VPOS="2996" WIDTH="76"/>
						<String CONTENT="22&#x0368;&#x036b;" ID="St_1.1.13.20" HPOS="2420" VPOS="2952" HEIGHT="124" WIDTH="684" STYLEREFS="Style_11" WC="0.957777777777778" CC="0000"/>
						<String CONTENT="." ID="St_1.1.13.21" HPOS="2680" VPOS="3028" HEIGHT="24" WIDTH="24" STYLEREFS="Style_11" WC="0.937777777777778" CC="7"/>
					</TextLine>
					<TextLine ID="TL_1.1.14" HPOS="624" VPOS="3080" HEIGHT="120" WIDTH="3360">
						<String CONTENT="At" ID="St_1.1.14.1" HPOS="624" VPOS="3100" HEIGHT="92" WIDTH="152" STYLEREFS="Style_11" WC="1" CC="00"/>
						<SP ID="SP_1.1.14.2" HPOS="752" VPOS="3096" WIDTH="52"/>
						<String CONTENT="head" ID="St_1.1.14.3" HPOS="840" VPOS="3096" HEIGHT="96" WIDTH="292" STYLEREFS="Style_11" WC="1" CC="0000"/>
						<SP ID="SP_1.1.14.4" HPOS="1096" VPOS="3096" WIDTH="68"/>
						<String CONTENT="of" ID="St_1.1.14.5" HPOS="1200" VPOS="3096" HEIGHT="96" WIDTH="124" STYLEREFS="Style_11" WC="1" CC="00"/>
						<SP ID="SP_1.1.14.6" HPOS="1292" VPOS="3092" WIDTH="60"/>
						<String CONTENT="title:" ID="St_1.1.14.7" HPOS="1384" VPOS="3092" HEIGHT="96" WIDTH="324" STYLEREFS="Style_11" WC="1" CC="000000"/>
						<SP ID="SP_1.1.14.8" HPOS="1692" VPOS="3104" WIDTH="48"/>
						<String CONTENT="The" ID="St_1.1.14.9" HPOS="1776" VPOS="3092" HEIGHT="92" WIDTH="244" STYLEREFS="Style_11" WC="1" CC="000"/>
						<SP ID="SP_1.1.14.10" HPOS="1988" VPOS="3100" WIDTH="64"/>
						<String CONTENT="Metropolitan" ID="St_1.1.14.11" HPOS="2084" VPOS="3084" HEIGHT="116" WIDTH="832" STYLEREFS="Style_11" WC="1" CC="000000000000"/>
						<SP ID="SP_1.1.14.12" HPOS="2872" VPOS="3100" WIDTH="72"/>
						<String CONTENT="museum" ID="St_1.1.14.13" HPOS="2976" VPOS="3108" HEIGHT="72" WIDTH="528" STYLEREFS="Style_11" WC="1" CC="000000"/>
						<SP ID="SP_1.1.14.14" HPOS="3444" VPOS="3100" WIDTH="88"/>
						<String CONTENT="of" ID="St_1.1.14.15" HPOS="3568" VPOS="3080" HEIGHT="96" WIDTH="128" STYLEREFS="Style_11" WC="1" CC="00"/>
						<SP ID="SP_1.1.14.16" HPOS="3664" VPOS="3084" WIDTH="60"/>
						<String CONTENT="art." ID="St_1.1.14.17" HPOS="3760" VPOS="3084" HEIGHT="96" WIDTH="224" STYLEREFS="Style_11" WC="1" CC="0000"/>
					</TextLine>
					<TextLine ID="TL_1.1.15" HPOS="624" VPOS="3232" HEIGHT="128" WIDTH="4592">
						<String CONTENT="&quot;Of" ID="St_1.1.15.1" HPOS="624" VPOS="3252" HEIGHT="96" WIDTH="224" STYLEREFS="Style_11" WC="1" CC="000"/>
						<SP ID="SP_1.1.15.2" HPOS="816" VPOS="3252" WIDTH="72"/>
						<String CONTENT="this" ID="St_1.1.15.3" HPOS="928" VPOS="3248" HEIGHT="96" WIDTH="236" STYLEREFS="Style_11" WC="1" CC="0000"/>
						<SP ID="SP_1.1.15.4" HPOS="1136" VPOS="3264" WIDTH="72"/>
						<String CONTENT="catalogue" ID="St_1.1.15.5" HPOS="1248" VPOS="3248" HEIGHT="112" WIDTH="604" STYLEREFS="Style_11" WC="1" CC="000000000"/>
						<SP ID="SP_1.1.15.6" HPOS="1820" VPOS="3264" WIDTH="72"/>
						<String CONTENT="an" ID="St_1.1.15.7" HPOS="1936" VPOS="3268" HEIGHT="72" WIDTH="156" STYLEREFS="Style_11" WC="1" CC="00"/>
						<SP ID="SP_1.1.15.8" HPOS="2048" VPOS="3260" WIDTH="80"/>
						<String CONTENT="edition" ID="St_1.1.15.9" HPOS="2168" VPOS="3240" HEIGHT="100" WIDTH="444" STYLEREFS="Style_11" WC="1" CC="0000000"/>
						<SP ID="SP_1.1.15.10" HPOS="2572" VPOS="3260" WIDTH="80"/>
						<String CONTENT="of" ID="St_1.1.15.11" HPOS="2696" VPOS="3240" HEIGHT="96" WIDTH="124" STYLEREFS="Style_11" WC="1" CC="00"/>
						<SP ID="SP_1.1.15.12" HPOS="2792" VPOS="3248" WIDTH="68"/>
						<String CONTENT="1,500" ID="St_1.1.15.13" HPOS="2904" VPOS="3236" HEIGHT="120" WIDTH="312" STYLEREFS="Style_11" WC="1" CC="00000"/>
						<SP ID="SP_1.1.15.14" HPOS="3180" VPOS="3244" WIDTH="76"/>
						<String CONTENT="copies" ID="St_1.1.15.15" HPOS="3300" VPOS="3236" HEIGHT="116" WIDTH="380" STYLEREFS="Style_11" WC="1" CC="000000"/>
						<SP ID="SP_1.1.15.16" HPOS="3648" VPOS="3260" WIDTH="72"/>
						<String CONTENT="was" ID="St_1.1.15.17" HPOS="3768" VPOS="3260" HEIGHT="72" WIDTH="244" STYLEREFS="Style_11" WC="1" CC="000"/>
						<SP ID="SP_1.1.15.18" HPOS="3980" VPOS="3256" WIDTH="72"/>
						<String CONTENT="printed" ID="St_1.1.15.19" HPOS="4096" VPOS="3232" HEIGHT="120" WIDTH="468" STYLEREFS="Style_11" WC="1" CC="0000000"/>
						<SP ID="SP_1.1.15.20" HPOS="4524" VPOS="3244" WIDTH="80"/>
						<String CONTENT="January," ID="St_1.1.15.21" HPOS="4652" VPOS="3232" HEIGHT="120" WIDTH="564" STYLEREFS="Style_11" WC="1" CC="00000000"/>
					</TextLine>
					<TextLine ID="TL_1.1.16" HPOS="456" VPOS="3380" HEIGHT="136" WIDTH="3848">
						<String CONTENT="1927" ID="St_1.1.16.1" HPOS="456" VPOS="3404" HEIGHT="96" WIDTH="276" STYLEREFS="Style_11" WC="1" CC="0000"/>
						<SP ID="SP_1.1.16.2" HPOS="696" VPOS="3400" WIDTH="64"/>
						<String CONTENT="by" ID="St_1.1.16.3" HPOS="788" VPOS="3400" HEIGHT="116" WIDTH="144" STYLEREFS="Style_11" WC="1" CC="00"/>
						<SP ID="SP_1.1.16.4" HPOS="896" VPOS="3412" WIDTH="64"/>
						<String CONTENT="William" ID="St_1.1.16.5" HPOS="996" VPOS="3396" HEIGHT="100" WIDTH="516" STYLEREFS="Style_11" WC="1" CC="0000000"/>
						<SP ID="SP_1.1.16.6" HPOS="1456" VPOS="3412" WIDTH="84"/>
						<String CONTENT="Edwin" ID="St_1.1.16.7" HPOS="1576" VPOS="3392" HEIGHT="100" WIDTH="408" STYLEREFS="Style_11" WC="1" CC="00000"/>
						<SP ID="SP_1.1.16.8" HPOS="1944" VPOS="3408" WIDTH="72"/>
						<String CONTENT="Rudge," ID="St_1.1.16.9" HPOS="2052" VPOS="3392" HEIGHT="116" WIDTH="436" STYLEREFS="Style_11" WC="0.983333333333333" CC="000004"/>
						<SP ID="SP_1.1.16.10" HPOS="2472" VPOS="3432" WIDTH="44"/>
						<String CONTENT="inc.," ID="St_1.1.16.11" HPOS="2552" VPOS="3392" HEIGHT="112" WIDTH="252" STYLEREFS="Style_11" WC="0.986666666666667" CC="00000"/>
						<SP ID="SP_1.1.16.12" HPOS="2792" VPOS="3432" WIDTH="44"/>
						<String CONTENT="Mount" ID="St_1.1.16.13" HPOS="2872" VPOS="3392" HEIGHT="96" WIDTH="412" STYLEREFS="Style_11" WC="0.988888888888889" CC="00000"/>
						<SP ID="SP_1.1.16.14" HPOS="3256" VPOS="3392" WIDTH="56"/>
						<String CONTENT="Vernon," ID="St_1.1.16.15" HPOS="3344" VPOS="3388" HEIGHT="108" WIDTH="496" STYLEREFS="Style_11" WC="0.99" CC="0000000"/>
						<SP ID="SP_1.1.16.16" HPOS="3824" VPOS="3428" WIDTH="44"/>
						<String CONTENT="N." ID="St_1.1.16.17" HPOS="3904" VPOS="3388" HEIGHT="100" WIDTH="140" STYLEREFS="Style_11" WC="0.991111111111111" CC="00"/>
						<SP ID="SP_1.1.16.18" HPOS="4028" VPOS="3428" WIDTH="44"/>
						<String CONTENT="Y.&quot;" ID="St_1.1.16.19" HPOS="4108" VPOS="3380" HEIGHT="104" WIDTH="196" STYLEREFS="Style_11" WC="0.983333333333333" CC="004"/>
					</TextLine>
					<TextLine ID="TL_1.1.17" HPOS="468" VPOS="3516" HEIGHT="132" WIDTH="4752">
						<String CONTENT="&#169;" ID="St_1.1.17.1" HPOS="468" VPOS="3524" HEIGHT="124" WIDTH="120" STYLEREFS="Style_11" WC="1" CC="0"/>
						<SP ID="SP_1.1.17.2" HPOS="524" VPOS="3524" WIDTH="96"/>
						<String CONTENT="Jan." ID="St_1.1.17.3" HPOS="652" VPOS="3536" HEIGHT="96" WIDTH="260" STYLEREFS="Style_11" WC="0.925555555555556" CC="0000"/>
						<SP ID="SP_1.1.17.4" HPOS="900" VPOS="3580" WIDTH="40"/>
						<String CONTENT="18," ID="St_1.1.17.5" HPOS="972" VPOS="3532" HEIGHT="112" WIDTH="164" STYLEREFS="Style_11" WC="0.955555555555556" CC="000"/>
						<SP ID="SP_1.1.17.6" HPOS="1124" VPOS="3576" WIDTH="40"/>
						<String CONTENT="1927;" ID="St_1.1.17.7" HPOS="1192" VPOS="3532" HEIGHT="108" WIDTH="336" STYLEREFS="Style_11" WC="0.972222222222222" CC="00000"/>
						<SP ID="SP_1.1.17.8" HPOS="1516" VPOS="3552" WIDTH="44"/>
						<String CONTENT="2c." ID="St_1.1.17.9" HPOS="1596" VPOS="3532" HEIGHT="96" WIDTH="156" STYLEREFS="Style_11" WC="0.977777777777778" CC="000"/>
						<SP ID="SP_1.1.17.10" HPOS="1740" VPOS="3576" WIDTH="40"/>
						<String CONTENT="Feb." ID="St_1.1.17.11" HPOS="1816" VPOS="3524" HEIGHT="100" WIDTH="264" STYLEREFS="Style_11" WC="0.982222222222222" CC="0000"/>
						<SP ID="SP_1.1.17.12" HPOS="2064" VPOS="3576" WIDTH="44"/>
						<String CONTENT="9;" ID="St_1.1.17.13" HPOS="2140" VPOS="3524" HEIGHT="112" WIDTH="124" STYLEREFS="Style_11" WC="0.983333333333333" CC="00"/>
						<SP ID="SP_1.1.17.14" HPOS="2248" VPOS="3548" WIDTH="48"/>
						<String CONTENT="aff." ID="St_1.1.17.15" HPOS="2332" VPOS="3524" HEIGHT="96" WIDTH="196" STYLEREFS="Style_11" WC="0.985555555555556" CC="0000"/>
						<SP ID="SP_1.1.17.16" HPOS="2512" VPOS="3572" WIDTH="44"/>
						<String CONTENT="Feb." ID="St_1.1.17.17" HPOS="2592" VPOS="3524" HEIGHT="96" WIDTH="264" STYLEREFS="Style_11" WC="0.987777777777778" CC="0000"/>
						<SP ID="SP_1.1.17.18" HPOS="2844" VPOS="3572" WIDTH="44"/>
						<String CONTENT="8;" ID="St_1.1.17.19" HPOS="2916" VPOS="3524" HEIGHT="108" WIDTH="124" STYLEREFS="Style_11" WC="0.988888888888889" CC="00"/>
						<SP ID="SP_1.1.17.20" HPOS="3028" VPOS="3548" WIDTH="44"/>
						<String CONTENT="A" ID="St_1.1.17.21" HPOS="3108" VPOS="3524" HEIGHT="92" WIDTH="96" STYLEREFS="Style_11" WC="0.988888888888889" CC="0"/>
						<SP ID="SP_1.1.17.22" HPOS="3152" VPOS="3536" WIDTH="80"/>
						<String CONTENT="963489;" ID="St_1.1.17.23" HPOS="3264" VPOS="3520" HEIGHT="112" WIDTH="476" STYLEREFS="Style_11" WC="0.991111111111111" CC="0000000"/>
						<SP ID="SP_1.1.17.24" HPOS="3724" VPOS="3544" WIDTH="48"/>
						<String CONTENT="Metropolitan" ID="St_1.1.17.25" HPOS="3808" VPOS="3516" HEIGHT="116" WIDTH="832" STYLEREFS="Style_11" WC="0.992222222222222" CC="000000000000"/>
						<SP ID="SP_1.1.17.26" HPOS="4600" VPOS="3544" WIDTH="68"/>
						<String CONTENT="museum" ID="St_1.1.17.27" HPOS="4700" VPOS="3540" HEIGHT="76" WIDTH="520" STYLEREFS="Style_11" WC="0.993333333333333" CC="000000"/>
					</TextLine>
					<TextLine ID="TL_1.1.18" HPOS="624" VPOS="3648" HEIGHT="136" WIDTH="4400">
						<String CONTENT="of" ID="St_1.1.18.1" HPOS="624" VPOS="3668" HEIGHT="96" WIDTH="124" STYLEREFS="Style_11" WC="1" CC="00"/>
						<SP ID="SP_1.1.18.2" HPOS="716" VPOS="3680" WIDTH="64"/>
						<String CONTENT="art," ID="St_1.1.18.3" HPOS="816" VPOS="3672" HEIGHT="112" WIDTH="224" STYLEREFS="Style_11" WC="1" CC="0000"/>
						<SP ID="SP_1.1.18.4" HPOS="1024" VPOS="3716" WIDTH="48"/>
						<String CONTENT="New" ID="St_1.1.18.5" HPOS="1112" VPOS="3668" HEIGHT="92" WIDTH="280" STYLEREFS="Style_11" WC="1" CC="000"/>
						<SP ID="SP_1.1.18.6" HPOS="1336" VPOS="3692" WIDTH="92"/>
						<String CONTENT="York." ID="St_1.1.18.7" HPOS="1464" VPOS="3664" HEIGHT="96" WIDTH="344" STYLEREFS="Style_11" WC="1" CC="00000"/>
						<SP ID="SP_1.1.18.8" HPOS="1796" VPOS="3716" WIDTH="92"/>
						<String CONTENT="(27-3426)" ID="St_1.1.18.9" HPOS="1976" VPOS="3660" HEIGHT="116" WIDTH="600" STYLEREFS="Style_11" WC="1" CC="000000000"/>
						<SP ID="SP_1.1.18.10" HPOS="2552" VPOS="3668" WIDTH="2192"/>
						<String CONTENT="1106" ID="St_1.1.18.11" HPOS="4744" VPOS="3648" HEIGHT="100" WIDTH="280" STYLEREFS="Style_11" WC="0.8" CC="0000"/>
					</TextLine>
					<TextLine ID="TL_1.1.19" HPOS="472" VPOS="3816" HEIGHT="156" WIDTH="1676">
						<String CONTENT="Nichols," ID="St_1.1.19.1" HPOS="472" VPOS="3820" HEIGHT="152" WIDTH="620" STYLEREFS="Style_11" WC="1" CC="00000000"/>
						<SP ID="SP_1.1.19.2" HPOS="1072" VPOS="3868" WIDTH="48"/>
						<String CONTENT="Philip," ID="St_1.1.19.3" HPOS="1156" VPOS="3820" HEIGHT="152" WIDTH="508" STYLEREFS="Style_11" WC="1" CC="0000000"/>
						<SP ID="SP_1.1.19.4" HPOS="1644" VPOS="3868" WIDTH="56"/>
						<String CONTENT="1875" ID="St_1.1.19.5" HPOS="1740" VPOS="3816" HEIGHT="128" WIDTH="316" STYLEREFS="Style_11" WC="1" CC="0000"/>
						<String CONTENT="&#150;" ID="St_1.1.19.6" HPOS="2060" VPOS="3896" HEIGHT="12" WIDTH="88" STYLEREFS="Style_11" WC="1" CC="0"/>
					</TextLine>
					<TextLine ID="TL_1.1.20" HPOS="632" VPOS="4000" HEIGHT="168" WIDTH="4596">
						<String CONTENT="Taxation" ID="St_1.1.20.1" HPOS="632" VPOS="4012" HEIGHT="124" WIDTH="680" STYLEREFS="Style_11" WC="1" CC="00000000"/>
						<SP ID="SP_1.1.20.2" HPOS="1264" VPOS="4028" WIDTH="80"/>
						<String CONTENT="in" ID="St_1.1.20.3" HPOS="1376" VPOS="4008" HEIGHT="124" WIDTH="140" STYLEREFS="Style_11" WC="1" CC="00"/>
						<SP ID="SP_1.1.20.4" HPOS="1468" VPOS="4028" WIDTH="80"/>
						<String CONTENT="Massachusetts," ID="St_1.1.20.5" HPOS="1584" VPOS="4004" HEIGHT="160" WIDTH="1100" STYLEREFS="Style_11" WC="1" CC="00000000000000"/>
						<SP ID="SP_1.1.20.6" HPOS="2668" VPOS="4056" WIDTH="44"/>
						<String CONTENT="by" ID="St_1.1.20.7" HPOS="2744" VPOS="4004" HEIGHT="164" WIDTH="180" STYLEREFS="Style_11" WC="1" CC="00"/>
						<SP ID="SP_1.1.20.8" HPOS="2880" VPOS="4028" WIDTH="72"/>
						<String CONTENT="Philip" ID="St_1.1.20.9" HPOS="2988" VPOS="4000" HEIGHT="164" WIDTH="484" STYLEREFS="Style_11" WC="1" CC="000000"/>
						<SP ID="SP_1.1.20.10" HPOS="3420" VPOS="4024" WIDTH="84"/>
						<String CONTENT="Nichols." ID="St_1.1.20.11" HPOS="3540" VPOS="4000" HEIGHT="128" WIDTH="604" STYLEREFS="Style_11" WC="1" CC="00000000"/>
						<SP ID="SP_1.1.20.12" HPOS="4124" VPOS="4052" WIDTH="96"/>
						<String CONTENT="1927" ID="St_1.1.20.13" HPOS="4300" VPOS="4000" HEIGHT="128" WIDTH="324" STYLEREFS="Style_11" WC="1" CC="0000"/>
						<SP ID="SP_1.1.20.14" HPOS="4580" VPOS="4004" WIDTH="72"/>
						<String CONTENT="supple-" ID="St_1.1.20.15" HPOS="4684" VPOS="4000" HEIGHT="160" WIDTH="544" STYLEREFS="Style_11" WC="1" CC="0000000"/>
					</TextLine>
					<TextLine ID="TL_1.1.21" HPOS="468" VPOS="4184" HEIGHT="172" WIDTH="4760">
						<String CONTENT="ment" ID="St_1.1.21.1" HPOS="468" VPOS="4208" HEIGHT="116" WIDTH="368" STYLEREFS="Style_11" WC="1" CC="0000"/>
						<SP ID="SP_1.1.21.2" HPOS="804" VPOS="4200" WIDTH="64"/>
						<String CONTENT="to" ID="St_1.1.21.3" HPOS="900" VPOS="4204" HEIGHT="120" WIDTH="144" STYLEREFS="Style_11" WC="1" CC="00"/>
						<SP ID="SP_1.1.21.4" HPOS="1004" VPOS="4216" WIDTH="76"/>
						<String CONTENT="second" ID="St_1.1.21.5" HPOS="1116" VPOS="4192" HEIGHT="128" WIDTH="480" STYLEREFS="Style_11" WC="1" CC="000000"/>
						<SP ID="SP_1.1.21.6" HPOS="1552" VPOS="4192" WIDTH="96"/>
						<String CONTENT="(1922)" ID="St_1.1.21.7" HPOS="1700" VPOS="4192" HEIGHT="164" WIDTH="456" STYLEREFS="Style_11" WC="1" CC="000000"/>
						<SP ID="SP_1.1.21.8" HPOS="2132" VPOS="4192" WIDTH="80"/>
						<String CONTENT="edition," ID="St_1.1.21.9" HPOS="2264" VPOS="4188" HEIGHT="164" WIDTH="556" STYLEREFS="Style_11" WC="1" CC="00000000"/>
						<SP ID="SP_1.1.21.10" HPOS="2804" VPOS="4244" WIDTH="56"/>
						<String CONTENT="containing" ID="St_1.1.21.11" HPOS="2900" VPOS="4184" HEIGHT="168" WIDTH="800" STYLEREFS="Style_11" WC="1" CC="0000000000"/>
						<SP ID="SP_1.1.21.12" HPOS="3648" VPOS="4212" WIDTH="84"/>
						<String CONTENT="legislation" ID="St_1.1.21.13" HPOS="3768" VPOS="4184" HEIGHT="164" WIDTH="780" STYLEREFS="Style_11" WC="1" CC="00000000000"/>
						<SP ID="SP_1.1.21.14" HPOS="4500" VPOS="4212" WIDTH="88"/>
						<String CONTENT="through" ID="St_1.1.21.15" HPOS="4628" VPOS="4188" HEIGHT="160" WIDTH="600" STYLEREFS="Style_11" WC="1" CC="0000000"/>
					</TextLine>
					<TextLine ID="TL_1.1.22" HPOS="476" VPOS="4372" HEIGHT="168" WIDTH="4756">
						<String CONTENT="1926," ID="St_1.1.22.1" HPOS="476" VPOS="4388" HEIGHT="152" WIDTH="360" STYLEREFS="Style_11" WC="1" CC="00000"/>
						<SP ID="SP_1.1.22.2" HPOS="820" VPOS="4432" WIDTH="48"/>
						<String CONTENT="the" ID="St_1.1.22.3" HPOS="900" VPOS="4384" HEIGHT="120" WIDTH="228" STYLEREFS="Style_11" WC="1" CC="000"/>
						<SP ID="SP_1.1.22.4" HPOS="1092" VPOS="4400" WIDTH="72"/>
						<String CONTENT="decisions" ID="St_1.1.22.5" HPOS="1200" VPOS="4376" HEIGHT="128" WIDTH="664" STYLEREFS="Style_11" WC="1" CC="000000000"/>
						<SP ID="SP_1.1.22.6" HPOS="1832" VPOS="4400" WIDTH="68"/>
						<String CONTENT="of" ID="St_1.1.22.7" HPOS="1936" VPOS="4376" HEIGHT="128" WIDTH="152" STYLEREFS="Style_11" WC="1" CC="00"/>
						<SP ID="SP_1.1.22.8" HPOS="2052" VPOS="4376" WIDTH="68"/>
						<String CONTENT="the" ID="St_1.1.22.9" HPOS="2156" VPOS="4376" HEIGHT="128" WIDTH="228" STYLEREFS="Style_11" WC="1" CC="000"/>
						<SP ID="SP_1.1.22.10" HPOS="2348" VPOS="4400" WIDTH="76"/>
						<String CONTENT="Supreme" ID="St_1.1.22.11" HPOS="2464" VPOS="4372" HEIGHT="168" WIDTH="656" STYLEREFS="Style_11" WC="1" CC="0000000"/>
						<SP ID="SP_1.1.22.12" HPOS="3084" VPOS="4400" WIDTH="72"/>
						<String CONTENT="court" ID="St_1.1.22.13" HPOS="3192" VPOS="4388" HEIGHT="116" WIDTH="384" STYLEREFS="Style_11" WC="1" CC="00000"/>
						<SP ID="SP_1.1.22.14" HPOS="3544" VPOS="4384" WIDTH="64"/>
						<String CONTENT="of" ID="St_1.1.22.15" HPOS="3648" VPOS="4372" HEIGHT="128" WIDTH="156" STYLEREFS="Style_11" WC="1" CC="00"/>
						<SP ID="SP_1.1.22.16" HPOS="3768" VPOS="4376" WIDTH="68"/>
						<String CONTENT="the" ID="St_1.1.22.17" HPOS="3872" VPOS="4372" HEIGHT="128" WIDTH="232" STYLEREFS="Style_11" WC="1" CC="000"/>
						<SP ID="SP_1.1.22.18" HPOS="4068" VPOS="4400" WIDTH="68"/>
						<String CONTENT="United" ID="St_1.1.22.19" HPOS="4176" VPOS="4372" HEIGHT="132" WIDTH="524" STYLEREFS="Style_11" WC="1" CC="000000"/>
						<SP ID="SP_1.1.22.20" HPOS="4652" VPOS="4376" WIDTH="84"/>
						<String CONTENT="States" ID="St_1.1.22.21" HPOS="4780" VPOS="4372" HEIGHT="132" WIDTH="452" STYLEREFS="Style_11" WC="1" CC="000000"/>
					</TextLine>
					<TextLine ID="TL_1.1.23" HPOS="468" VPOS="4556" HEIGHT="172" WIDTH="4764">
						<String CONTENT="affecting" ID="St_1.1.23.1" HPOS="468" VPOS="4564" HEIGHT="164" WIDTH="648" STYLEREFS="Style_11" WC="1" CC="000000000"/>
						<SP ID="SP_1.1.23.2" HPOS="1072" VPOS="4588" WIDTH="80"/>
						<String CONTENT="taxation" ID="St_1.1.23.3" HPOS="1192" VPOS="4560" HEIGHT="128" WIDTH="624" STYLEREFS="Style_11" WC="1" CC="00000000"/>
						<SP ID="SP_1.1.23.4" HPOS="1768" VPOS="4588" WIDTH="84"/>
						<String CONTENT="by" ID="St_1.1.23.5" HPOS="1888" VPOS="4564" HEIGHT="160" WIDTH="180" STYLEREFS="Style_11" WC="1" CC="00"/>
						<SP ID="SP_1.1.23.6" HPOS="2020" VPOS="4588" WIDTH="84"/>
						<String CONTENT="the" ID="St_1.1.23.7" HPOS="2140" VPOS="4560" HEIGHT="128" WIDTH="232" STYLEREFS="Style_11" WC="1" CC="000"/>
						<SP ID="SP_1.1.23.8" HPOS="2336" VPOS="4588" WIDTH="68"/>
						<String CONTENT="states," ID="St_1.1.23.9" HPOS="2444" VPOS="4572" HEIGHT="152" WIDTH="456" STYLEREFS="Style_11" WC="1" CC="0000000"/>
						<SP ID="SP_1.1.23.10" HPOS="2884" VPOS="4616" WIDTH="52"/>
						<String CONTENT="the" ID="St_1.1.23.11" HPOS="2976" VPOS="4560" HEIGHT="128" WIDTH="228" STYLEREFS="Style_11" WC="1" CC="000"/>
						<SP ID="SP_1.1.23.12" HPOS="3168" VPOS="4588" WIDTH="76"/>
						<String CONTENT="decisions" ID="St_1.1.23.13" HPOS="3288" VPOS="4556" HEIGHT="132" WIDTH="664" STYLEREFS="Style_11" WC="1" CC="000000000"/>
						<SP ID="SP_1.1.23.14" HPOS="3920" VPOS="4584" WIDTH="68"/>
						<String CONTENT="of" ID="St_1.1.23.15" HPOS="4028" VPOS="4560" HEIGHT="124" WIDTH="152" STYLEREFS="Style_11" WC="1" CC="00"/>
						<SP ID="SP_1.1.23.16" HPOS="4144" VPOS="4564" WIDTH="72"/>
						<String CONTENT="the" ID="St_1.1.23.17" HPOS="4256" VPOS="4560" HEIGHT="128" WIDTH="228" STYLEREFS="Style_11" WC="1" CC="000"/>
						<SP ID="SP_1.1.23.18" HPOS="4448" VPOS="4584" WIDTH="76"/>
						<String CONTENT="Supreme" ID="St_1.1.23.19" HPOS="4568" VPOS="4556" HEIGHT="164" WIDTH="664" STYLEREFS="Style_11" WC="1" CC="0000000"/>
					</TextLine>
					<TextLine ID="TL_1.1.24" HPOS="468" VPOS="4744" HEIGHT="164" WIDTH="4768">
						<String CONTENT="judicial" ID="St_1.1.24.1" HPOS="468" VPOS="4752" HEIGHT="156" WIDTH="572" STYLEREFS="Style_11" WC="1" CC="00000000"/>
						<SP ID="SP_1.1.24.2" HPOS="1012" VPOS="4752" WIDTH="84"/>
						<String CONTENT="court" ID="St_1.1.24.3" HPOS="1152" VPOS="4760" HEIGHT="116" WIDTH="384" STYLEREFS="Style_11" WC="1" CC="00000"/>
						<SP ID="SP_1.1.24.4" HPOS="1504" VPOS="4756" WIDTH="84"/>
						<String CONTENT="of" ID="St_1.1.24.5" HPOS="1644" VPOS="4748" HEIGHT="128" WIDTH="152" STYLEREFS="Style_11" WC="1" CC="00"/>
						<SP ID="SP_1.1.24.6" HPOS="1760" VPOS="4752" WIDTH="88"/>
						<String CONTENT="Massachusetts" ID="St_1.1.24.7" HPOS="1904" VPOS="4748" HEIGHT="124" WIDTH="1060" STYLEREFS="Style_11" WC="1" CC="0000000000000"/>
						<SP ID="SP_1.1.24.8" HPOS="2932" VPOS="4772" WIDTH="88"/>
						<String CONTENT="affecting" ID="St_1.1.24.9" HPOS="3076" VPOS="4744" HEIGHT="164" WIDTH="652" STYLEREFS="Style_11" WC="1" CC="000000000"/>
						<SP ID="SP_1.1.24.10" HPOS="3680" VPOS="4772" WIDTH="100"/>
						<String CONTENT="taxation," ID="St_1.1.24.11" HPOS="3836" VPOS="4744" HEIGHT="160" WIDTH="668" STYLEREFS="Style_11" WC="1" CC="000000000"/>
						<SP ID="SP_1.1.24.12" HPOS="4488" VPOS="4796" WIDTH="72"/>
						<String CONTENT="and" ID="St_1.1.24.13" HPOS="4616" VPOS="4744" HEIGHT="128" WIDTH="276" STYLEREFS="Style_11" WC="1" CC="000"/>
						<SP ID="SP_1.1.24.14" HPOS="4844" VPOS="4748" WIDTH="104"/>
						<String CONTENT="the" ID="St_1.1.24.15" HPOS="5004" VPOS="4748" HEIGHT="124" WIDTH="232" STYLEREFS="Style_11" WC="1" CC="000"/>
					</TextLine>
					<TextLine ID="TL_1.1.25" HPOS="472" VPOS="4932" HEIGHT="168" WIDTH="4760">
						<String CONTENT="rulings" ID="St_1.1.25.1" HPOS="472" VPOS="4936" HEIGHT="164" WIDTH="528" STYLEREFS="Style_11" WC="1" CC="0000000"/>
						<SP ID="SP_1.1.25.2" HPOS="968" VPOS="4960" WIDTH="72"/>
						<String CONTENT="of" ID="St_1.1.25.3" HPOS="1080" VPOS="4936" HEIGHT="124" WIDTH="152" STYLEREFS="Style_11" WC="1" CC="00"/>
						<SP ID="SP_1.1.25.4" HPOS="1196" VPOS="4936" WIDTH="76"/>
						<String CONTENT="the" ID="St_1.1.25.5" HPOS="1312" VPOS="4936" HEIGHT="124" WIDTH="228" STYLEREFS="Style_11" WC="1" CC="000"/>
						<SP ID="SP_1.1.25.6" HPOS="1504" VPOS="4956" WIDTH="80"/>
						<String CONTENT="Commissioner" ID="St_1.1.25.7" HPOS="1632" VPOS="4932" HEIGHT="132" WIDTH="1048" STYLEREFS="Style_11" WC="1" CC="000000000000"/>
						<SP ID="SP_1.1.25.8" HPOS="2644" VPOS="4956" WIDTH="76"/>
						<String CONTENT="of" ID="St_1.1.25.9" HPOS="2764" VPOS="4932" HEIGHT="128" WIDTH="152" STYLEREFS="Style_11" WC="1" CC="00"/>
						<SP ID="SP_1.1.25.10" HPOS="2880" VPOS="4932" WIDTH="76"/>
						<String CONTENT="corporations" ID="St_1.1.25.11" HPOS="3000" VPOS="4932" HEIGHT="164" WIDTH="940" STYLEREFS="Style_11" WC="1" CC="000000000000"/>
						<SP ID="SP_1.1.25.12" HPOS="3904" VPOS="4956" WIDTH="76"/>
						<String CONTENT="and" ID="St_1.1.25.13" HPOS="4028" VPOS="4932" HEIGHT="124" WIDTH="268" STYLEREFS="Style_11" WC="1" CC="000"/>
						<SP ID="SP_1.1.25.14" HPOS="4248" VPOS="4932" WIDTH="88"/>
						<String CONTENT="taxation" ID="St_1.1.25.15" HPOS="4384" VPOS="4932" HEIGHT="128" WIDTH="620" STYLEREFS="Style_11" WC="1" CC="00000000"/>
						<SP ID="SP_1.1.25.16" HPOS="4956" VPOS="4952" WIDTH="88"/>
						<String CONTENT="to" ID="St_1.1.25.17" HPOS="5092" VPOS="4944" HEIGHT="116" WIDTH="140" STYLEREFS="Style_11" WC="1" CC="00"/>
					</TextLine>
					<TextLine ID="TL_1.1.26" HPOS="472" VPOS="5112" HEIGHT="176" WIDTH="4768">
						<String CONTENT="January" ID="St_1.1.26.1" HPOS="472" VPOS="5124" HEIGHT="164" WIDTH="628" STYLEREFS="Style_11" WC="1" CC="0000000"/>
						<SP ID="SP_1.1.26.2" HPOS="1052" VPOS="5144" WIDTH="100"/>
						<String CONTENT="1," ID="St_1.1.26.3" HPOS="1204" VPOS="5128" HEIGHT="156" WIDTH="116" STYLEREFS="Style_11" WC="1" CC="00"/>
						<SP ID="SP_1.1.26.4" HPOS="1304" VPOS="5172" WIDTH="72"/>
						<String CONTENT="1927." ID="St_1.1.26.5" HPOS="1428" VPOS="5124" HEIGHT="120" WIDTH="360" STYLEREFS="Style_11" WC="1" CC="00000"/>
						<SP ID="SP_1.1.26.6" HPOS="1776" VPOS="5172" WIDTH="108"/>
						<String CONTENT="Boston," ID="St_1.1.26.7" HPOS="1980" VPOS="5124" HEIGHT="156" WIDTH="560" STYLEREFS="Style_11" WC="1" CC="0000000"/>
						<SP ID="SP_1.1.26.8" HPOS="2524" VPOS="5172" WIDTH="64"/>
						<String CONTENT="Mass.," ID="St_1.1.26.9" HPOS="2640" VPOS="5120" HEIGHT="160" WIDTH="456" STYLEREFS="Style_11" WC="1" CC="000000"/>
						<SP ID="SP_1.1.26.10" HPOS="3080" VPOS="5168" WIDTH="68"/>
						<String CONTENT="The" ID="St_1.1.26.11" HPOS="3204" VPOS="5120" HEIGHT="124" WIDTH="288" STYLEREFS="Style_11" WC="0.98" CC="330"/>
						<SP ID="SP_1.1.26.12" HPOS="3456" VPOS="5144" WIDTH="88"/>
						<String CONTENT="Financial" ID="St_1.1.26.13" HPOS="3600" VPOS="5120" HEIGHT="124" WIDTH="724" STYLEREFS="Style_11" WC="0.984444444444444" CC="000000000"/>
						<SP ID="SP_1.1.26.14" HPOS="4296" VPOS="5120" WIDTH="84"/>
						<String CONTENT="publishing" ID="St_1.1.26.15" HPOS="4436" VPOS="5112" HEIGHT="172" WIDTH="804" STYLEREFS="Style_11" WC="0.987777777777778" CC="0000000000"/>
					</TextLine>
					<TextLine ID="TL_1.1.27" HPOS="472" VPOS="5304" HEIGHT="168" WIDTH="1216">
						<String CONTENT="company" ID="St_1.1.27.1" HPOS="472" VPOS="5352" HEIGHT="120" WIDTH="672" STYLEREFS="Style_11" WC="1" CC="0000000"/>
						<SP ID="SP_1.1.27.2" HPOS="1096" VPOS="5332" WIDTH="136"/>
						<String CONTENT="[&#x0368;" ID="St_1.1.27.3" HPOS="1228" VPOS="5320" HEIGHT="148" WIDTH="84" STYLEREFS="Style_11" WC="1" CC="00"/>
						<String CONTENT="1927" ID="St_1.1.27.4" HPOS="1324" VPOS="5304" HEIGHT="132" WIDTH="324" STYLEREFS="Style_11" WC="1" CC="0000"/>
						<String CONTENT="]" ID="St_1.1.27.5" HPOS="1652" VPOS="5384" HEIGHT="84" WIDTH="36" STYLEREFS="Style_11" WC="1" CC="0"/>
					</TextLine>
					<TextLine ID="TL_1.1.28" HPOS="636" VPOS="5504" HEIGHT="116" WIDTH="1744">
						<String CONTENT="1" ID="St_1.1.28.1" HPOS="636" VPOS="5508" HEIGHT="92" WIDTH="56" STYLEREFS="Style_11" WC="1" CC="0"/>
						<SP ID="SP_1.1.28.2" HPOS="664" VPOS="5504" WIDTH="64"/>
						<String CONTENT="p." ID="St_1.1.28.3" HPOS="764" VPOS="5528" HEIGHT="92" WIDTH="104" STYLEREFS="Style_11" WC="1" CC="00"/>
						<SP ID="SP_1.1.28.4" HPOS="856" VPOS="5540" WIDTH="44"/>
						<String CONTENT="l" ID="St_1.1.28.5" HPOS="936" VPOS="5504" HEIGHT="88" WIDTH="48" STYLEREFS="Style_11" WC="1" CC="0"/>
						<String CONTENT=".," ID="St_1.1.28.6" HPOS="992" VPOS="5576" HEIGHT="40" WIDTH="52" STYLEREFS="Style_11" WC="1" CC="00"/>
						<SP ID="SP_1.1.28.7" HPOS="1028" VPOS="5536" WIDTH="52"/>
						<String CONTENT="94e" ID="St_1.1.28.8" HPOS="1116" VPOS="5504" HEIGHT="96" WIDTH="200" STYLEREFS="Style_11" WC="1" CC="000"/>
						<SP ID="SP_1.1.28.9" HPOS="1284" VPOS="5512" WIDTH="64"/>
						<String CONTENT="p." ID="St_1.1.28.10" HPOS="1384" VPOS="5528" HEIGHT="88" WIDTH="104" STYLEREFS="Style_11" WC="1" CC="00"/>
						<SP ID="SP_1.1.28.11" HPOS="1476" VPOS="5540" WIDTH="80"/>
						<String CONTENT="2" ID="St_1.1.28.12" HPOS="1624" VPOS="5504" HEIGHT="96" WIDTH="64" STYLEREFS="Style_11" WC="0.973333333333333" CC="4"/>
						<String CONTENT="3&#x0368;&#x036b;" ID="St_1.1.28.13" HPOS="1696" VPOS="5504" HEIGHT="108" WIDTH="684" STYLEREFS="Style_11" WC="0.955555555555556" CC="400"/>
						<String CONTENT="." ID="St_1.1.28.14" HPOS="1880" VPOS="5580" HEIGHT="20" WIDTH="24" STYLEREFS="Style_12" WC="0.935555555555556" CC="4"/>
					</TextLine>
					<TextLine ID="TL_1.1.29" HPOS="476" VPOS="5636" HEIGHT="120" WIDTH="4560">
						<String CONTENT="&#169;" ID="St_1.1.29.1" HPOS="476" VPOS="5636" HEIGHT="116" WIDTH="120" STYLEREFS="Style_12" WC="0.555555555555556" CC="4"/>
						<SP ID="SP_1.1.29.2" HPOS="536" VPOS="5636" WIDTH="100"/>
						<String CONTENT="Jan." ID="St_1.1.29.3" HPOS="672" VPOS="5640" HEIGHT="96" WIDTH="264" STYLEREFS="Style_12" WC="0.925555555555556" CC="0000"/>
						<SP ID="SP_1.1.29.4" HPOS="920" VPOS="5688" WIDTH="48"/>
						<String CONTENT="25," ID="St_1.1.29.5" HPOS="1004" VPOS="5636" HEIGHT="120" WIDTH="164" STYLEREFS="Style_12" WC="0.955555555555556" CC="000"/>
						<SP ID="SP_1.1.29.6" HPOS="1152" VPOS="5688" WIDTH="48"/>
						<String CONTENT="1927;" ID="St_1.1.29.7" HPOS="1236" VPOS="5640" HEIGHT="108" WIDTH="340" STYLEREFS="Style_12" WC="0.972222222222222" CC="00000"/>
						<SP ID="SP_1.1.29.8" HPOS="1564" VPOS="5664" WIDTH="48"/>
						<String CONTENT="2c." ID="St_1.1.29.9" HPOS="1648" VPOS="5640" HEIGHT="96" WIDTH="164" STYLEREFS="Style_12" WC="0.977777777777778" CC="000"/>
						<SP ID="SP_1.1.29.10" HPOS="1800" VPOS="5688" WIDTH="44"/>
						<String CONTENT="and" ID="St_1.1.29.11" HPOS="1880" VPOS="5640" HEIGHT="96" WIDTH="228" STYLEREFS="Style_12" WC="0.981111111111111" CC="000"/>
						<SP ID="SP_1.1.29.12" HPOS="2072" VPOS="5652" WIDTH="68"/>
						<String CONTENT="a" ID="St_1.1.29.13" HPOS="2180" VPOS="5664" HEIGHT="68" WIDTH="60" STYLEREFS="Style_12" WC="0.965555555555556" CC="4"/>
						<String CONTENT="ff." ID="St_1.1.29.14" HPOS="2260" VPOS="5636" HEIGHT="100" WIDTH="120" STYLEREFS="Style_12" WC="0.968888888888889" CC="000"/>
						<SP ID="SP_1.1.29.15" HPOS="2368" VPOS="5692" WIDTH="48"/>
						<String CONTENT="Jan." ID="St_1.1.29.16" HPOS="2452" VPOS="5636" HEIGHT="100" WIDTH="264" STYLEREFS="Style_12" WC="0.973333333333333" CC="0000"/>
						<SP ID="SP_1.1.29.17" HPOS="2704" VPOS="5688" WIDTH="48"/>
						<String CONTENT="29;" ID="St_1.1.29.18" HPOS="2788" VPOS="5636" HEIGHT="112" WIDTH="196" STYLEREFS="Style_12" WC="0.975555555555556" CC="000"/>
						<SP ID="SP_1.1.29.19" HPOS="2968" VPOS="5660" WIDTH="56"/>
						<String CONTENT="A" ID="St_1.1.29.20" HPOS="3064" VPOS="5636" HEIGHT="96" WIDTH="96" STYLEREFS="Style_12" WC="0.977777777777778" CC="0"/>
						<SP ID="SP_1.1.29.21" HPOS="3108" VPOS="5648" WIDTH="84"/>
						<String CONTENT="963352;" ID="St_1.1.29.22" HPOS="3228" VPOS="5636" HEIGHT="116" WIDTH="480" STYLEREFS="Style_12" WC="0.962222222222222" CC="0411110"/>
						<SP ID="SP_1.1.29.23" HPOS="3692" VPOS="5660" WIDTH="52"/>
						<String CONTENT="P." ID="St_1.1.29.24" HPOS="3784" VPOS="5640" HEIGHT="96" WIDTH="128" STYLEREFS="Style_12" WC="0.964444444444444" CC="00"/>
						<SP ID="SP_1.1.29.25" HPOS="3896" VPOS="5688" WIDTH="48"/>
						<String CONTENT="Nichols," ID="St_1.1.29.26" HPOS="3984" VPOS="5636" HEIGHT="120" WIDTH="508" STYLEREFS="Style_12" WC="0.97" CC="00000000"/>
						<SP ID="SP_1.1.29.27" HPOS="4476" VPOS="5688" WIDTH="52"/>
						<String CONTENT="Boston." ID="St_1.1.29.28" HPOS="4568" VPOS="5640" HEIGHT="96" WIDTH="468" STYLEREFS="Style_12" WC="0.973333333333333" CC="0000000"/>
					</TextLine>
					<TextLine ID="TL_1.1.30" HPOS="480" VPOS="5768" HEIGHT="196" WIDTH="4548">
						<String CONTENT="Parker," ID="St_1.1.30.1" HPOS="480" VPOS="5812" HEIGHT="152" WIDTH="576" STYLEREFS="Style_12" WC="1" CC="0000000"/>
						<SP ID="SP_1.1.30.2" HPOS="1036" VPOS="5852" WIDTH="60"/>
						<String CONTENT="John" ID="St_1.1.30.3" HPOS="1132" VPOS="5808" HEIGHT="132" WIDTH="368" STYLEREFS="Style_12" WC="1" CC="0000"/>
						<SP ID="SP_1.1.30.4" HPOS="1456" VPOS="5824" WIDTH="88"/>
						<String CONTENT="Scott," ID="St_1.1.30.5" HPOS="1584" VPOS="5812" HEIGHT="148" WIDTH="440" STYLEREFS="Style_12" WC="1" CC="000000"/>
						<SP ID="SP_1.1.30.6" HPOS="2008" VPOS="5852" WIDTH="56"/>
						<String CONTENT="ed." ID="St_1.1.30.7" HPOS="2104" VPOS="5816" HEIGHT="124" WIDTH="200" STYLEREFS="Style_12" WC="1" CC="000"/>
						<SP ID="SP_1.1.30.8" HPOS="2288" VPOS="5808" WIDTH="2456"/>
						<String CONTENT="1107" ID="St_1.1.30.9" HPOS="4744" VPOS="5768" HEIGHT="104" WIDTH="284" STYLEREFS="Style_12" WC="0.762222222222222" CC="0000"/>
					</TextLine>
					<TextLine ID="TL_1.1.31" HPOS="640" VPOS="5996" HEIGHT="164" WIDTH="4600">
						<String CONTENT="The" ID="St_1.1.31.1" HPOS="640" VPOS="6000" HEIGHT="124" WIDTH="292" STYLEREFS="Style_12" WC="1" CC="000"/>
						<SP ID="SP_1.1.31.2" HPOS="896" VPOS="6020" WIDTH="84"/>
						<String CONTENT="corporation" ID="St_1.1.31.3" HPOS="1032" VPOS="5996" HEIGHT="164" WIDTH="868" STYLEREFS="Style_12" WC="1" CC="00000000000"/>
						<SP ID="SP_1.1.31.4" HPOS="1852" VPOS="6020" WIDTH="96"/>
						<String CONTENT="manual;" ID="St_1.1.31.5" HPOS="2000" VPOS="6000" HEIGHT="156" WIDTH="624" STYLEREFS="Style_12" WC="1" CC="0000000"/>
						<SP ID="SP_1.1.31.6" HPOS="2608" VPOS="6020" WIDTH="72"/>
						<String CONTENT="statutory" ID="St_1.1.31.7" HPOS="2732" VPOS="6008" HEIGHT="152" WIDTH="688" STYLEREFS="Style_12" WC="1" CC="000000000"/>
						<SP ID="SP_1.1.31.8" HPOS="3372" VPOS="6020" WIDTH="100"/>
						<String CONTENT="provisions" ID="St_1.1.31.9" HPOS="3524" VPOS="5996" HEIGHT="164" WIDTH="772" STYLEREFS="Style_12" WC="1" CC="0000000000"/>
						<SP ID="SP_1.1.31.10" HPOS="4260" VPOS="6024" WIDTH="84"/>
						<String CONTENT="relating" ID="St_1.1.31.11" HPOS="4396" VPOS="6000" HEIGHT="160" WIDTH="600" STYLEREFS="Style_12" WC="1" CC="00000000"/>
						<SP ID="SP_1.1.31.12" HPOS="4948" VPOS="6020" WIDTH="100"/>
						<String CONTENT="to" ID="St_1.1.31.13" HPOS="5100" VPOS="6012" HEIGHT="112" WIDTH="140" STYLEREFS="Style_12" WC="1" CC="00"/>
					</TextLine>
					<TextLine ID="TL_1.1.32" HPOS="480" VPOS="6180" HEIGHT="168" WIDTH="4764">
						<String CONTENT="the" ID="St_1.1.32.1" HPOS="480" VPOS="6184" HEIGHT="128" WIDTH="224" STYLEREFS="Style_12" WC="1" CC="000"/>
						<SP ID="SP_1.1.32.2" HPOS="668" VPOS="6204" WIDTH="68"/>
						<String CONTENT="organization," ID="St_1.1.32.3" HPOS="768" VPOS="6180" HEIGHT="168" WIDTH="988" STYLEREFS="Style_12" WC="1" CC="0000000000000"/>
						<SP ID="SP_1.1.32.4" HPOS="1740" VPOS="6232" WIDTH="48"/>
						<String CONTENT="regulation" ID="St_1.1.32.5" HPOS="1824" VPOS="6184" HEIGHT="164" WIDTH="772" STYLEREFS="Style_12" WC="1" CC="0000000000"/>
						<SP ID="SP_1.1.32.6" HPOS="2548" VPOS="6204" WIDTH="80"/>
						<String CONTENT="and" ID="St_1.1.32.7" HPOS="2660" VPOS="6184" HEIGHT="128" WIDTH="276" STYLEREFS="Style_12" WC="1" CC="000"/>
						<SP ID="SP_1.1.32.8" HPOS="2888" VPOS="6184" WIDTH="80"/>
						<String CONTENT="taxation" ID="St_1.1.32.9" HPOS="3000" VPOS="6184" HEIGHT="124" WIDTH="628" STYLEREFS="Style_12" WC="1" CC="00000000"/>
						<SP ID="SP_1.1.32.10" HPOS="3576" VPOS="6204" WIDTH="80"/>
						<String CONTENT="of" ID="St_1.1.32.11" HPOS="3688" VPOS="6184" HEIGHT="124" WIDTH="156" STYLEREFS="Style_12" WC="1" CC="00"/>
						<SP ID="SP_1.1.32.12" HPOS="3808" VPOS="6184" WIDTH="68"/>
						<String CONTENT="domestic" ID="St_1.1.32.13" HPOS="3912" VPOS="6180" HEIGHT="132" WIDTH="652" STYLEREFS="Style_12" WC="1" CC="00000000"/>
						<SP ID="SP_1.1.32.14" HPOS="4528" VPOS="6204" WIDTH="64"/>
						<String CONTENT="business" ID="St_1.1.32.15" HPOS="4628" VPOS="6184" HEIGHT="128" WIDTH="616" STYLEREFS="Style_12" WC="1" CC="00000000"/>
					</TextLine>
					<TextLine ID="TL_1.1.33" HPOS="476" VPOS="6368" HEIGHT="164" WIDTH="4768">
						<String CONTENT="corporations," ID="St_1.1.33.1" HPOS="476" VPOS="6368" HEIGHT="164" WIDTH="980" STYLEREFS="Style_12" WC="1" CC="0000000000000"/>
						<SP ID="SP_1.1.33.2" HPOS="1440" VPOS="6420" WIDTH="48"/>
						<String CONTENT="and" ID="St_1.1.33.3" HPOS="1524" VPOS="6372" HEIGHT="124" WIDTH="272" STYLEREFS="Style_12" WC="1" CC="000"/>
						<SP ID="SP_1.1.33.4" HPOS="1748" VPOS="6372" WIDTH="76"/>
						<String CONTENT="to" ID="St_1.1.33.5" HPOS="1860" VPOS="6384" HEIGHT="112" WIDTH="140" STYLEREFS="Style_12" WC="1" CC="00"/>
						<SP ID="SP_1.1.33.6" HPOS="1960" VPOS="6392" WIDTH="68"/>
						<String CONTENT="the" ID="St_1.1.33.7" HPOS="2064" VPOS="6372" HEIGHT="124" WIDTH="232" STYLEREFS="Style_12" WC="1" CC="000"/>
						<SP ID="SP_1.1.33.8" HPOS="2260" VPOS="6392" WIDTH="68"/>
						<String CONTENT="admission," ID="St_1.1.33.9" HPOS="2360" VPOS="6368" HEIGHT="160" WIDTH="784" STYLEREFS="Style_12" WC="1" CC="0000000000"/>
						<SP ID="SP_1.1.33.10" HPOS="3128" VPOS="6420" WIDTH="48"/>
						<String CONTENT="regulation" ID="St_1.1.33.11" HPOS="3212" VPOS="6368" HEIGHT="164" WIDTH="776" STYLEREFS="Style_12" WC="1" CC="0000000000"/>
						<SP ID="SP_1.1.33.12" HPOS="3936" VPOS="6392" WIDTH="84"/>
						<String CONTENT="and" ID="St_1.1.33.13" HPOS="4056" VPOS="6372" HEIGHT="124" WIDTH="268" STYLEREFS="Style_12" WC="1" CC="000"/>
						<SP ID="SP_1.1.33.14" HPOS="4276" VPOS="6372" WIDTH="80"/>
						<String CONTENT="taxation" ID="St_1.1.33.15" HPOS="4396" VPOS="6372" HEIGHT="124" WIDTH="620" STYLEREFS="Style_12" WC="1" CC="00000000"/>
						<SP ID="SP_1.1.33.16" HPOS="4968" VPOS="6392" WIDTH="80"/>
						<String CONTENT="of" ID="St_1.1.33.17" HPOS="5088" VPOS="6368" HEIGHT="128" WIDTH="156" STYLEREFS="Style_12" WC="1" CC="00"/>
					</TextLine>
					<TextLine ID="TL_1.1.34" HPOS="488" VPOS="6552" HEIGHT="168" WIDTH="4756">
						<String CONTENT="foreign" ID="St_1.1.34.1" HPOS="488" VPOS="6552" HEIGHT="168" WIDTH="540" STYLEREFS="Style_12" WC="1" CC="0000000"/>
						<SP ID="SP_1.1.34.2" HPOS="980" VPOS="6576" WIDTH="80"/>
						<String CONTENT="business" ID="St_1.1.34.3" HPOS="1096" VPOS="6552" HEIGHT="128" WIDTH="608" STYLEREFS="Style_12" WC="1" CC="00000000"/>
						<SP ID="SP_1.1.34.4" HPOS="1672" VPOS="6576" WIDTH="72"/>
						<String CONTENT="corporations," ID="St_1.1.34.5" HPOS="1780" VPOS="6552" HEIGHT="164" WIDTH="976" STYLEREFS="Style_12" WC="1" CC="0000000000000"/>
						<SP ID="SP_1.1.34.6" HPOS="2744" VPOS="6604" WIDTH="52"/>
						<String CONTENT="in" ID="St_1.1.34.7" HPOS="2832" VPOS="6556" HEIGHT="124" WIDTH="144" STYLEREFS="Style_12" WC="1" CC="00"/>
						<SP ID="SP_1.1.34.8" HPOS="2928" VPOS="6576" WIDTH="84"/>
						<String CONTENT="the" ID="St_1.1.34.9" HPOS="3052" VPOS="6556" HEIGHT="128" WIDTH="232" STYLEREFS="Style_12" WC="1" CC="000"/>
						<SP ID="SP_1.1.34.10" HPOS="3248" VPOS="6576" WIDTH="72"/>
						<String CONTENT="several" ID="St_1.1.34.11" HPOS="3360" VPOS="6556" HEIGHT="128" WIDTH="516" STYLEREFS="Style_12" WC="1" CC="0000000"/>
						<SP ID="SP_1.1.34.12" HPOS="3848" VPOS="6556" WIDTH="64"/>
						<String CONTENT="states," ID="St_1.1.34.13" HPOS="3952" VPOS="6564" HEIGHT="156" WIDTH="456" STYLEREFS="Style_12" WC="1" CC="0000000"/>
						<SP ID="SP_1.1.34.14" HPOS="4392" VPOS="6608" WIDTH="52"/>
						<String CONTENT="territories" ID="St_1.1.34.15" HPOS="4484" VPOS="6556" HEIGHT="128" WIDTH="760" STYLEREFS="Style_12" WC="1" CC="00000000000"/>
					</TextLine>
					<TextLine ID="TL_1.1.35" HPOS="480" VPOS="6736" HEIGHT="168" WIDTH="4764">
						<String CONTENT="and" ID="St_1.1.35.1" HPOS="480" VPOS="6740" HEIGHT="124" WIDTH="272" STYLEREFS="Style_12" WC="1" CC="000"/>
						<SP ID="SP_1.1.35.2" HPOS="704" VPOS="6736" WIDTH="84"/>
						<String CONTENT="districts" ID="St_1.1.35.3" HPOS="828" VPOS="6740" HEIGHT="124" WIDTH="604" STYLEREFS="Style_12" WC="1" CC="000000000"/>
						<SP ID="SP_1.1.35.4" HPOS="1400" VPOS="6760" WIDTH="68"/>
						<String CONTENT="of" ID="St_1.1.35.5" HPOS="1508" VPOS="6740" HEIGHT="124" WIDTH="152" STYLEREFS="Style_12" WC="1" CC="00"/>
						<SP ID="SP_1.1.35.6" HPOS="1628" VPOS="6736" WIDTH="68"/>
						<String CONTENT="the" ID="St_1.1.35.7" HPOS="1732" VPOS="6744" HEIGHT="124" WIDTH="228" STYLEREFS="Style_12" WC="1" CC="000"/>
						<SP ID="SP_1.1.35.8" HPOS="1924" VPOS="6760" WIDTH="72"/>
						<String CONTENT="United" ID="St_1.1.35.9" HPOS="2032" VPOS="6740" HEIGHT="132" WIDTH="520" STYLEREFS="Style_12" WC="1" CC="000000"/>
						<SP ID="SP_1.1.35.10" HPOS="2508" VPOS="6740" WIDTH="84"/>
						<String CONTENT="States," ID="St_1.1.35.11" HPOS="2636" VPOS="6740" HEIGHT="160" WIDTH="492" STYLEREFS="Style_12" WC="1" CC="0000000"/>
						<SP ID="SP_1.1.35.12" HPOS="3112" VPOS="6788" WIDTH="52"/>
						<String CONTENT="arranged" ID="St_1.1.35.13" HPOS="3204" VPOS="6744" HEIGHT="160" WIDTH="676" STYLEREFS="Style_12" WC="1" CC="00000000"/>
						<SP ID="SP_1.1.35.14" HPOS="3832" VPOS="6740" WIDTH="84"/>
						<String CONTENT="under" ID="St_1.1.35.15" HPOS="3960" VPOS="6744" HEIGHT="124" WIDTH="436" STYLEREFS="Style_12" WC="1" CC="00000"/>
						<SP ID="SP_1.1.35.16" HPOS="4356" VPOS="6760" WIDTH="76"/>
						<String CONTENT="a" ID="St_1.1.35.17" HPOS="4468" VPOS="6784" HEIGHT="84" WIDTH="80" STYLEREFS="Style_12" WC="1" CC="0"/>
						<SP ID="SP_1.1.35.18" HPOS="4504" VPOS="6760" WIDTH="80"/>
						<String CONTENT="uniform" ID="St_1.1.35.19" HPOS="4624" VPOS="6744" HEIGHT="124" WIDTH="620" STYLEREFS="Style_12" WC="1" CC="0000000"/>
					</TextLine>
					<TextLine ID="TL_1.1.36" HPOS="480" VPOS="6920" HEIGHT="176" WIDTH="4768">
						<String CONTENT="classification," ID="St_1.1.36.1" HPOS="480" VPOS="6924" HEIGHT="160" WIDTH="996" STYLEREFS="Style_12" WC="1" CC="000000000000000"/>
						<SP ID="SP_1.1.36.2" HPOS="1460" VPOS="6972" WIDTH="52"/>
						<String CONTENT="the" ID="St_1.1.36.3" HPOS="1548" VPOS="6924" HEIGHT="128" WIDTH="232" STYLEREFS="Style_12" WC="1" CC="000"/>
						<SP ID="SP_1.1.36.4" HPOS="1744" VPOS="6944" WIDTH="68"/>
						<String CONTENT="Uniform" ID="St_1.1.36.5" HPOS="1848" VPOS="6924" HEIGHT="132" WIDTH="656" STYLEREFS="Style_12" WC="1" CC="0000000"/>
						<SP ID="SP_1.1.36.6" HPOS="2436" VPOS="6944" WIDTH="108"/>
						<String CONTENT="stock" ID="St_1.1.36.7" HPOS="2584" VPOS="6924" HEIGHT="128" WIDTH="380" STYLEREFS="Style_12" WC="1" CC="00000"/>
						<SP ID="SP_1.1.36.8" HPOS="2916" VPOS="6920" WIDTH="84"/>
						<String CONTENT="transfer" ID="St_1.1.36.9" HPOS="3036" VPOS="6928" HEIGHT="124" WIDTH="604" STYLEREFS="Style_12" WC="1" CC="00000000"/>
						<SP ID="SP_1.1.36.10" HPOS="3604" VPOS="6944" WIDTH="76"/>
						<String CONTENT="act," ID="St_1.1.36.11" HPOS="3720" VPOS="6940" HEIGHT="152" WIDTH="256" STYLEREFS="Style_12" WC="1" CC="0000"/>
						<SP ID="SP_1.1.36.12" HPOS="3960" VPOS="6972" WIDTH="52"/>
						<String CONTENT="laws" ID="St_1.1.36.13" HPOS="4052" VPOS="6928" HEIGHT="128" WIDTH="332" STYLEREFS="Style_12" WC="1" CC="0000"/>
						<SP ID="SP_1.1.36.14" HPOS="4352" VPOS="6948" WIDTH="68"/>
						<String CONTENT="regulating" ID="St_1.1.36.15" HPOS="4460" VPOS="6928" HEIGHT="168" WIDTH="788" STYLEREFS="Style_12" WC="1" CC="0000000000"/>
					</TextLine>
					<TextLine ID="TL_1.1.37" HPOS="488" VPOS="7108" HEIGHT="168" WIDTH="4744">
						<String CONTENT="investment" ID="St_1.1.37.1" HPOS="488" VPOS="7108" HEIGHT="128" WIDTH="808" STYLEREFS="Style_12" WC="1" CC="0000000000"/>
						<SP ID="SP_1.1.37.2" HPOS="1264" VPOS="7116" WIDTH="80"/>
						<String CONTENT="companies" ID="St_1.1.37.3" HPOS="1396" VPOS="7108" HEIGHT="160" WIDTH="772" STYLEREFS="Style_12" WC="1" CC="000000000"/>
						<SP ID="SP_1.1.37.4" HPOS="2136" VPOS="7132" WIDTH="84"/>
						<String CONTENT="and" ID="St_1.1.37.5" HPOS="2272" VPOS="7112" HEIGHT="124" WIDTH="268" STYLEREFS="Style_12" WC="1" CC="000"/>
						<SP ID="SP_1.1.37.6" HPOS="2492" VPOS="7108" WIDTH="96"/>
						<String CONTENT="the" ID="St_1.1.37.7" HPOS="2640" VPOS="7112" HEIGHT="124" WIDTH="232" STYLEREFS="Style_12" WC="1" CC="000"/>
						<SP ID="SP_1.1.37.8" HPOS="2836" VPOS="7132" WIDTH="88"/>
						<String CONTENT="sale" ID="St_1.1.37.9" HPOS="2976" VPOS="7112" HEIGHT="128" WIDTH="276" STYLEREFS="Style_12" WC="1" CC="0000"/>
						<SP ID="SP_1.1.37.10" HPOS="3216" VPOS="7132" WIDTH="84"/>
						<String CONTENT="of" ID="St_1.1.37.11" HPOS="3356" VPOS="7116" HEIGHT="124" WIDTH="152" STYLEREFS="Style_12" WC="1" CC="00"/>
						<SP ID="SP_1.1.37.12" HPOS="3472" VPOS="7112" WIDTH="84"/>
						<String CONTENT="corporate" ID="St_1.1.37.13" HPOS="3608" VPOS="7124" HEIGHT="152" WIDTH="708" STYLEREFS="Style_12" WC="1" CC="000000000"/>
						<SP ID="SP_1.1.37.14" HPOS="4280" VPOS="7132" WIDTH="88"/>
						<String CONTENT="stocks" ID="St_1.1.37.15" HPOS="4420" VPOS="7112" HEIGHT="128" WIDTH="448" STYLEREFS="Style_12" WC="1" CC="000000"/>
						<SP ID="SP_1.1.37.16" HPOS="4836" VPOS="7132" WIDTH="84"/>
						<String CONTENT="and" ID="St_1.1.37.17" HPOS="4972" VPOS="7116" HEIGHT="124" WIDTH="260" STYLEREFS="Style_12" WC="1" CC="000"/>
					</TextLine>
					<TextLine ID="TL_1.1.38" HPOS="484" VPOS="7292" HEIGHT="136" WIDTH="4756">
						<String CONTENT="securities" ID="St_1.1.38.1" HPOS="484" VPOS="7292" HEIGHT="128" WIDTH="692" STYLEREFS="Style_12" WC="1" CC="0000000000"/>
						<SP ID="SP_1.1.38.2" HPOS="1144" VPOS="7320" WIDTH="64"/>
						<String CONTENT="and" ID="St_1.1.38.3" HPOS="1236" VPOS="7296" HEIGHT="124" WIDTH="268" STYLEREFS="Style_12" WC="1" CC="000"/>
						<SP ID="SP_1.1.38.4" HPOS="1460" VPOS="7296" WIDTH="76"/>
						<String CONTENT="federal" ID="St_1.1.38.5" HPOS="1568" VPOS="7292" HEIGHT="128" WIDTH="524" STYLEREFS="Style_12" WC="1" CC="0000000"/>
						<SP ID="SP_1.1.38.6" HPOS="2064" VPOS="7296" WIDTH="60"/>
						<String CONTENT="and" ID="St_1.1.38.7" HPOS="2156" VPOS="7300" HEIGHT="124" WIDTH="268" STYLEREFS="Style_12" WC="1" CC="000"/>
						<SP ID="SP_1.1.38.8" HPOS="2376" VPOS="7300" WIDTH="80"/>
						<String CONTENT="state" ID="St_1.1.38.9" HPOS="2488" VPOS="7308" HEIGHT="116" WIDTH="344" STYLEREFS="Style_12" WC="1" CC="00000"/>
						<SP ID="SP_1.1.38.10" HPOS="2800" VPOS="7320" WIDTH="64"/>
						<String CONTENT="anti-trust" ID="St_1.1.38.11" HPOS="2900" VPOS="7300" HEIGHT="124" WIDTH="712" STYLEREFS="Style_12" WC="1" CC="0000000000"/>
						<SP ID="SP_1.1.38.12" HPOS="3580" VPOS="7304" WIDTH="64"/>
						<String CONTENT="laws" ID="St_1.1.38.13" HPOS="3676" VPOS="7300" HEIGHT="124" WIDTH="332" STYLEREFS="Style_12" WC="1" CC="0000"/>
						<SP ID="SP_1.1.38.14" HPOS="3976" VPOS="7324" WIDTH="64"/>
						<String CONTENT="with" ID="St_1.1.38.15" HPOS="4068" VPOS="7300" HEIGHT="124" WIDTH="328" STYLEREFS="Style_12" WC="1" CC="0000"/>
						<SP ID="SP_1.1.38.16" HPOS="4352" VPOS="7296" WIDTH="80"/>
						<String CONTENT="forms" ID="St_1.1.38.17" HPOS="4472" VPOS="7296" HEIGHT="128" WIDTH="432" STYLEREFS="Style_12" WC="1" CC="00000"/>
						<SP ID="SP_1.1.38.18" HPOS="4872" VPOS="7320" WIDTH="60"/>
						<String CONTENT="and" ID="St_1.1.38.19" HPOS="4968" VPOS="7304" HEIGHT="124" WIDTH="272" STYLEREFS="Style_12" WC="1" CC="000"/>
					</TextLine>
					<TextLine ID="TL_1.1.39" HPOS="488" VPOS="7480" HEIGHT="168" WIDTH="4756">
						<String CONTENT="precedents," ID="St_1.1.39.1" HPOS="488" VPOS="7480" HEIGHT="160" WIDTH="824" STYLEREFS="Style_12" WC="1" CC="00000000000"/>
						<SP ID="SP_1.1.39.2" HPOS="1300" VPOS="7540" WIDTH="44"/>
						<String CONTENT="ed." ID="St_1.1.39.3" HPOS="1380" VPOS="7480" HEIGHT="124" WIDTH="200" STYLEREFS="Style_12" WC="1" CC="000"/>
						<SP ID="SP_1.1.39.4" HPOS="1568" VPOS="7532" WIDTH="48"/>
						<String CONTENT="by" ID="St_1.1.39.5" HPOS="1648" VPOS="7480" HEIGHT="164" WIDTH="184" STYLEREFS="Style_12" WC="1" CC="00"/>
						<SP ID="SP_1.1.39.6" HPOS="1788" VPOS="7504" WIDTH="76"/>
						<String CONTENT="John" ID="St_1.1.39.7" HPOS="1896" VPOS="7480" HEIGHT="132" WIDTH="372" STYLEREFS="Style_12" WC="1" CC="0000"/>
						<SP ID="SP_1.1.39.8" HPOS="2220" VPOS="7504" WIDTH="84"/>
						<String CONTENT="S." ID="St_1.1.39.9" HPOS="2344" VPOS="7480" HEIGHT="132" WIDTH="136" STYLEREFS="Style_12" WC="1" CC="00"/>
						<SP ID="SP_1.1.39.10" HPOS="2464" VPOS="7532" WIDTH="48"/>
						<String CONTENT="Parker," ID="St_1.1.39.11" HPOS="2548" VPOS="7480" HEIGHT="164" WIDTH="564" STYLEREFS="Style_12" WC="1" CC="0000000"/>
						<SP ID="SP_1.1.39.12" HPOS="3096" VPOS="7532" WIDTH="52"/>
						<String CONTENT="assisted" ID="St_1.1.39.13" HPOS="3184" VPOS="7484" HEIGHT="128" WIDTH="564" STYLEREFS="Style_12" WC="1" CC="00000000"/>
						<SP ID="SP_1.1.39.14" HPOS="3700" VPOS="7484" WIDTH="80"/>
						<String CONTENT="by" ID="St_1.1.39.15" HPOS="3820" VPOS="7484" HEIGHT="164" WIDTH="180" STYLEREFS="Style_12" WC="1" CC="00"/>
						<SP ID="SP_1.1.39.16" HPOS="3952" VPOS="7504" WIDTH="80"/>
						<String CONTENT="J." ID="St_1.1.39.17" HPOS="4064" VPOS="7484" HEIGHT="132" WIDTH="136" STYLEREFS="Style_12" WC="1" CC="00"/>
						<SP ID="SP_1.1.39.18" HPOS="4184" VPOS="7528" WIDTH="48"/>
						<String CONTENT="B." ID="St_1.1.39.19" HPOS="4272" VPOS="7488" HEIGHT="124" WIDTH="160" STYLEREFS="Style_12" WC="1" CC="00"/>
						<SP ID="SP_1.1.39.20" HPOS="4416" VPOS="7528" WIDTH="48"/>
						<String CONTENT="R." ID="St_1.1.39.21" HPOS="4504" VPOS="7488" HEIGHT="124" WIDTH="168" STYLEREFS="Style_12" WC="0.991111111111111" CC="40"/>
						<SP ID="SP_1.1.39.22" HPOS="4656" VPOS="7528" WIDTH="52"/>
						<String CONTENT="Smith," ID="St_1.1.39.23" HPOS="4748" VPOS="7484" HEIGHT="164" WIDTH="496" STYLEREFS="Style_12" WC="0.992222222222222" CC="000000"/>
					</TextLine>
					<TextLine ID="TL_1.1.40" HPOS="488" VPOS="7664" HEIGHT="136" WIDTH="4752">
						<String CONTENT="and" ID="St_1.1.40.1" HPOS="488" VPOS="7664" HEIGHT="128" WIDTH="268" STYLEREFS="Style_12" WC="1" CC="000"/>
						<SP ID="SP_1.1.40.2" HPOS="712" VPOS="7664" WIDTH="88"/>
						<String CONTENT="a" ID="St_1.1.40.3" HPOS="840" VPOS="7708" HEIGHT="80" WIDTH="76" STYLEREFS="Style_12" WC="1" CC="0"/>
						<SP ID="SP_1.1.40.4" HPOS="876" VPOS="7688" WIDTH="80"/>
						<String CONTENT="board" ID="St_1.1.40.5" HPOS="992" VPOS="7664" HEIGHT="128" WIDTH="428" STYLEREFS="Style_12" WC="1" CC="00000"/>
						<SP ID="SP_1.1.40.6" HPOS="1376" VPOS="7664" WIDTH="88"/>
						<String CONTENT="of" ID="St_1.1.40.7" HPOS="1504" VPOS="7664" HEIGHT="128" WIDTH="152" STYLEREFS="Style_12" WC="1" CC="00"/>
						<SP ID="SP_1.1.40.8" HPOS="1624" VPOS="7664" WIDTH="76"/>
						<String CONTENT="associated" ID="St_1.1.40.9" HPOS="1740" VPOS="7664" HEIGHT="128" WIDTH="744" STYLEREFS="Style_12" WC="1" CC="0000000000"/>
						<SP ID="SP_1.1.40.10" HPOS="2436" VPOS="7668" WIDTH="92"/>
						<String CONTENT="editors" ID="St_1.1.40.11" HPOS="2568" VPOS="7668" HEIGHT="124" WIDTH="504" STYLEREFS="Style_12" WC="1" CC="0000000"/>
						<SP ID="SP_1.1.40.12" HPOS="3040" VPOS="7688" WIDTH="72"/>
						<String CONTENT="in" ID="St_1.1.40.13" HPOS="3156" VPOS="7672" HEIGHT="120" WIDTH="148" STYLEREFS="Style_12" WC="1" CC="00"/>
						<SP ID="SP_1.1.40.14" HPOS="3256" VPOS="7688" WIDTH="88"/>
						<String CONTENT="the" ID="St_1.1.40.15" HPOS="3384" VPOS="7672" HEIGHT="124" WIDTH="232" STYLEREFS="Style_12" WC="1" CC="000"/>
						<SP ID="SP_1.1.40.16" HPOS="3584" VPOS="7688" WIDTH="72"/>
						<String CONTENT="several" ID="St_1.1.40.17" HPOS="3696" VPOS="7672" HEIGHT="124" WIDTH="516" STYLEREFS="Style_12" WC="1" CC="0000000"/>
						<SP ID="SP_1.1.40.18" HPOS="4188" VPOS="7668" WIDTH="68"/>
						<String CONTENT="states." ID="St_1.1.40.19" HPOS="4296" VPOS="7684" HEIGHT="116" WIDTH="452" STYLEREFS="Style_12" WC="1" CC="0000000"/>
						<SP ID="SP_1.1.40.20" HPOS="4732" VPOS="7716" WIDTH="100"/>
						<String CONTENT="28th" ID="St_1.1.40.21" HPOS="4920" VPOS="7676" HEIGHT="124" WIDTH="320" STYLEREFS="Style_12" WC="1" CC="0000"/>
					</TextLine>
					<TextLine ID="TL_1.1.41" HPOS="488" VPOS="7848" HEIGHT="172" WIDTH="4516">
						<String CONTENT="ed." ID="St_1.1.41.1" HPOS="488" VPOS="7852" HEIGHT="124" WIDTH="200" STYLEREFS="Style_12" WC="1" CC="000"/>
						<SP ID="SP_1.1.41.2" HPOS="676" VPOS="7900" WIDTH="96"/>
						<String CONTENT="New" ID="St_1.1.41.3" HPOS="852" VPOS="7852" HEIGHT="124" WIDTH="324" STYLEREFS="Style_12" WC="1" CC="000"/>
						<SP ID="SP_1.1.41.4" HPOS="1120" VPOS="7872" WIDTH="100"/>
						<String CONTENT="York," ID="St_1.1.41.5" HPOS="1260" VPOS="7852" HEIGHT="160" WIDTH="428" STYLEREFS="Style_12" WC="1" CC="00000"/>
						<SP ID="SP_1.1.41.6" HPOS="1672" VPOS="7900" WIDTH="52"/>
						<String CONTENT="United" ID="St_1.1.41.7" HPOS="1760" VPOS="7852" HEIGHT="128" WIDTH="528" STYLEREFS="Style_12" WC="1" CC="000000"/>
						<SP ID="SP_1.1.41.8" HPOS="2240" VPOS="7852" WIDTH="88"/>
						<String CONTENT="States" ID="St_1.1.41.9" HPOS="2368" VPOS="7848" HEIGHT="132" WIDTH="452" STYLEREFS="Style_12" WC="1" CC="000000"/>
						<SP ID="SP_1.1.41.10" HPOS="2788" VPOS="7876" WIDTH="68"/>
						<String CONTENT="corporation" ID="St_1.1.41.11" HPOS="2892" VPOS="7856" HEIGHT="160" WIDTH="876" STYLEREFS="Style_12" WC="1" CC="00000000000"/>
						<SP ID="SP_1.1.41.12" HPOS="3720" VPOS="7876" WIDTH="88"/>
						<String CONTENT="company," ID="St_1.1.41.13" HPOS="3848" VPOS="7900" HEIGHT="120" WIDTH="708" STYLEREFS="Style_12" WC="1" CC="00000000"/>
						<SP ID="SP_1.1.41.14" HPOS="4540" VPOS="7904" WIDTH="60"/>
						<String CONTENT="1927." ID="St_1.1.41.15" HPOS="4644" VPOS="7856" HEIGHT="132" WIDTH="360" STYLEREFS="Style_12" WC="0.986666666666667" CC="00411"/>
					</TextLine>
					<TextLine ID="TL_1.1.42" HPOS="648" VPOS="8040" HEIGHT="120" WIDTH="2012">
						<String CONTENT="xv" ID="St_1.1.42.1" HPOS="648" VPOS="8072" HEIGHT="68" WIDTH="152" STYLEREFS="Style_12" WC="1" CC="00"/>
						<SP ID="SP_1.1.42.2" HPOS="764" VPOS="8056" WIDTH="68"/>
						<String CONTENT="p.," ID="St_1.1.42.3" HPOS="864" VPOS="8072" HEIGHT="88" WIDTH="136" STYLEREFS="Style_12" WC="1" CC="000"/>
						<SP ID="SP_1.1.42.4" HPOS="988" VPOS="8076" WIDTH="44"/>
						<String CONTENT="1" ID="St_1.1.42.5" HPOS="1068" VPOS="8048" HEIGHT="92" WIDTH="56" STYLEREFS="Style_12" WC="1" CC="0"/>
						<SP ID="SP_1.1.42.6" HPOS="1096" VPOS="8044" WIDTH="60"/>
						<String CONTENT="1.," ID="St_1.1.42.7" HPOS="1192" VPOS="8044" HEIGHT="112" WIDTH="108" STYLEREFS="Style_12" WC="1" CC="000"/>
						<SP ID="SP_1.1.42.8" HPOS="1284" VPOS="8076" WIDTH="48"/>
						<String CONTENT="2386" ID="St_1.1.42.9" HPOS="1364" VPOS="8044" HEIGHT="96" WIDTH="280" STYLEREFS="Style_12" WC="1" CC="0000"/>
						<SP ID="SP_1.1.42.10" HPOS="1608" VPOS="8040" WIDTH="68"/>
						<String CONTENT="p." ID="St_1.1.42.11" HPOS="1704" VPOS="8072" HEIGHT="88" WIDTH="108" STYLEREFS="Style_12" WC="1" CC="00"/>
						<SP ID="SP_1.1.42.12" HPOS="1800" VPOS="8080" WIDTH="76"/>
						<String CONTENT="2" ID="St_1.1.42.13" HPOS="1936" VPOS="8044" HEIGHT="96" WIDTH="64" STYLEREFS="Style_12" WC="0.984444444444444" CC="3"/>
						<String CONTENT="6&#x0368;&#x036b;" ID="St_1.1.42.14" HPOS="2012" VPOS="8044" HEIGHT="108" WIDTH="648" STYLEREFS="Style_12" WC="0.973333333333333" CC="300"/>
						<String CONTENT="." ID="St_1.1.42.15" HPOS="2200" VPOS="8124" HEIGHT="20" WIDTH="16" STYLEREFS="Style_13" WC="0.961111111111111" CC="3"/>
					</TextLine>
					<TextLine ID="TL_1.1.43" HPOS="492" VPOS="8144" HEIGHT="160" WIDTH="4752">
						<String CONTENT="&#169;" ID="St_1.1.43.1" HPOS="492" VPOS="8144" HEIGHT="108" WIDTH="124" STYLEREFS="Style_13" WC="0.222222222222222" CC="7"/>
						<SP ID="SP_1.1.43.2" HPOS="616" VPOS="8144" WIDTH="72"/>
						<String CONTENT="Jan." ID="St_1.1.43.3" HPOS="684" VPOS="8180" HEIGHT="96" WIDTH="264" STYLEREFS="Style_13" WC="0.795555555555556" CC="0000"/>
						<SP ID="SP_1.1.43.4" HPOS="936" VPOS="8200" WIDTH="44"/>
						<String CONTENT="3" ID="St_1.1.43.5" HPOS="1012" VPOS="8180" HEIGHT="96" WIDTH="64" STYLEREFS="Style_13" WC="0.846666666666667" CC="0"/>
						<String CONTENT="," ID="St_1.1.43.6" HPOS="1088" VPOS="8252" HEIGHT="40" WIDTH="24" STYLEREFS="Style_13" WC="0.863333333333333" CC="0"/>
						<SP ID="SP_1.1.43.7" HPOS="1100" VPOS="8208" WIDTH="44"/>
						<String CONTENT="1927;" ID="St_1.1.43.8" HPOS="1176" VPOS="8180" HEIGHT="108" WIDTH="336" STYLEREFS="Style_13" WC="0.917777777777778" CC="00000"/>
						<SP ID="SP_1.1.43.9" HPOS="1500" VPOS="8184" WIDTH="48"/>
						<String CONTENT="2" ID="St_1.1.43.10" HPOS="1584" VPOS="8180" HEIGHT="92" WIDTH="64" STYLEREFS="Style_13" WC="0.927777777777778" CC="0"/>
						<String CONTENT="c" ID="St_1.1.43.11" HPOS="1652" VPOS="8184" HEIGHT="80" WIDTH="56" STYLEREFS="Style_13" WC="0.901111111111111" CC="5"/>
						<String CONTENT="." ID="St_1.1.43.12" HPOS="1724" VPOS="8256" HEIGHT="20" WIDTH="20" STYLEREFS="Style_13" WC="0.905555555555556" CC="0"/>
						<SP ID="SP_1.1.43.13" HPOS="1732" VPOS="8208" WIDTH="48"/>
						<String CONTENT="Jan." ID="St_1.1.43.14" HPOS="1816" VPOS="8180" HEIGHT="100" WIDTH="264" STYLEREFS="Style_13" WC="0.925555555555556" CC="0000"/>
						<SP ID="SP_1.1.43.15" HPOS="2064" VPOS="8200" WIDTH="48"/>
						<String CONTENT="6;" ID="St_1.1.43.16" HPOS="2144" VPOS="8180" HEIGHT="116" WIDTH="128" STYLEREFS="Style_13" WC="0.933333333333333" CC="00"/>
						<SP ID="SP_1.1.43.17" HPOS="2256" VPOS="8184" WIDTH="52"/>
						<String CONTENT="aff." ID="St_1.1.43.18" HPOS="2344" VPOS="8180" HEIGHT="100" WIDTH="200" STYLEREFS="Style_13" WC="0.944444444444444" CC="0000"/>
						<SP ID="SP_1.1.43.19" HPOS="2532" VPOS="8212" WIDTH="44"/>
						<String CONTENT="Jan." ID="St_1.1.43.20" HPOS="2612" VPOS="8180" HEIGHT="100" WIDTH="260" STYLEREFS="Style_13" WC="0.951111111111111" CC="0000"/>
						<SP ID="SP_1.1.43.21" HPOS="2860" VPOS="8212" WIDTH="44"/>
						<String CONTENT="22;" ID="St_1.1.43.22" HPOS="2940" VPOS="8184" HEIGHT="112" WIDTH="200" STYLEREFS="Style_13" WC="0.955555555555556" CC="000"/>
						<SP ID="SP_1.1.43.23" HPOS="3128" VPOS="8188" WIDTH="52"/>
						<String CONTENT="A" ID="St_1.1.43.24" HPOS="3216" VPOS="8184" HEIGHT="92" WIDTH="96" STYLEREFS="Style_13" WC="0.957777777777778" CC="0"/>
						<SP ID="SP_1.1.43.25" HPOS="3260" VPOS="8172" WIDTH="80"/>
						<String CONTENT="958878;" ID="St_1.1.43.26" HPOS="3376" VPOS="8184" HEIGHT="116" WIDTH="480" STYLEREFS="Style_13" WC="0.964444444444444" CC="0000000"/>
						<SP ID="SP_1.1.43.27" HPOS="3840" VPOS="8188" WIDTH="48"/>
						<String CONTENT="C" ID="St_1.1.43.28" HPOS="3928" VPOS="8188" HEIGHT="96" WIDTH="88" STYLEREFS="Style_13" WC="0.965555555555556" CC="0"/>
						<String CONTENT="o" ID="St_1.1.43.29" HPOS="4024" VPOS="8212" HEIGHT="72" WIDTH="64" STYLEREFS="Style_13" WC="0.966666666666667" CC="0"/>
						<String CONTENT="rporation" ID="St_1.1.43.30" HPOS="4100" VPOS="8188" HEIGHT="116" WIDTH="600" STYLEREFS="Style_13" WC="0.971111111111111" CC="000000000"/>
						<SP ID="SP_1.1.43.31" HPOS="4660" VPOS="8188" WIDTH="76"/>
						<String CONTENT="manual" ID="St_1.1.43.32" HPOS="4772" VPOS="8196" HEIGHT="92" WIDTH="472" STYLEREFS="Style_13" WC="0.974444444444444" CC="000000"/>
					</TextLine>
					<TextLine ID="TL_1.1.44" HPOS="648" VPOS="8316" HEIGHT="112" WIDTH="4396">
						<String CONTENT="co.," ID="St_1.1.44.1" HPOS="648" VPOS="8340" HEIGHT="88" WIDTH="200" STYLEREFS="Style_13" WC="1" CC="0000"/>
						<SP ID="SP_1.1.44.2" HPOS="836" VPOS="8348" WIDTH="52"/>
						<String CONTENT="New" ID="St_1.1.44.3" HPOS="924" VPOS="8316" HEIGHT="92" WIDTH="280" STYLEREFS="Style_13" WC="1" CC="000"/>
						<SP ID="SP_1.1.44.4" HPOS="1152" VPOS="8324" WIDTH="92"/>
						<String CONTENT="York." ID="St_1.1.44.5" HPOS="1284" VPOS="8316" HEIGHT="100" WIDTH="344" STYLEREFS="Style_13" WC="1" CC="00000"/>
						<SP ID="SP_1.1.44.6" HPOS="1616" VPOS="8320" WIDTH="3144"/>
						<String CONTENT="1108" ID="St_1.1.44.7" HPOS="4760" VPOS="8320" HEIGHT="100" WIDTH="284" STYLEREFS="Style_13" WC="0.701111111111111" CC="0000"/>
					</TextLine>
					<TextLine ID="TL_1.1.45" HPOS="492" VPOS="8468" HEIGHT="152" WIDTH="1432">
						<String CONTENT="Parsons," ID="St_1.1.45.1" HPOS="492" VPOS="8468" HEIGHT="152" WIDTH="660" STYLEREFS="Style_13" WC="1" CC="00000000"/>
						<SP ID="SP_1.1.45.2" HPOS="1132" VPOS="8516" WIDTH="52"/>
						<String CONTENT="James" ID="St_1.1.45.3" HPOS="1216" VPOS="8468" HEIGHT="132" WIDTH="488" STYLEREFS="Style_13" WC="1" CC="00000"/>
						<SP ID="SP_1.1.45.4" HPOS="1668" VPOS="8488" WIDTH="68"/>
						<String CONTENT="B." ID="St_1.1.45.5" HPOS="1764" VPOS="8472" HEIGHT="128" WIDTH="160" STYLEREFS="Style_13" WC="1" CC="00"/>
					</TextLine>
					<TextLine ID="TL_1.1.46" HPOS="668" VPOS="8652" HEIGHT="172" WIDTH="4580">
						<String CONTENT="His" ID="St_1.1.46.1" HPOS="668" VPOS="8652" HEIGHT="128" WIDTH="268" STYLEREFS="Style_13" WC="1" CC="000"/>
						<SP ID="SP_1.1.46.2" HPOS="904" VPOS="8680" WIDTH="76"/>
						<String CONTENT="deity" ID="St_1.1.46.3" HPOS="1028" VPOS="8656" HEIGHT="164" WIDTH="372" STYLEREFS="Style_13" WC="1" CC="00000"/>
						<SP ID="SP_1.1.46.4" HPOS="1352" VPOS="8680" WIDTH="92"/>
						<String CONTENT="hence" ID="St_1.1.46.5" HPOS="1492" VPOS="8660" HEIGHT="124" WIDTH="408" STYLEREFS="Style_13" WC="1" CC="00000"/>
						<SP ID="SP_1.1.46.6" HPOS="1864" VPOS="8680" WIDTH="76"/>
						<String CONTENT="His" ID="St_1.1.46.7" HPOS="1988" VPOS="8660" HEIGHT="124" WIDTH="272" STYLEREFS="Style_13" WC="1" CC="000"/>
						<SP ID="SP_1.1.46.8" HPOS="2228" VPOS="8680" WIDTH="76"/>
						<String CONTENT="day;" ID="St_1.1.46.9" HPOS="2348" VPOS="8660" HEIGHT="164" WIDTH="332" STYLEREFS="Style_13" WC="1" CC="0000"/>
						<SP ID="SP_1.1.46.10" HPOS="2664" VPOS="8680" WIDTH="64"/>
						<String CONTENT="or," ID="St_1.1.46.11" HPOS="2780" VPOS="8708" HEIGHT="112" WIDTH="192" STYLEREFS="Style_13" WC="1" CC="000"/>
						<SP ID="SP_1.1.46.12" HPOS="2956" VPOS="8708" WIDTH="64"/>
						<String CONTENT="How" ID="St_1.1.46.13" HPOS="3068" VPOS="8660" HEIGHT="128" WIDTH="356" STYLEREFS="Style_13" WC="1" CC="000"/>
						<SP ID="SP_1.1.46.14" HPOS="3360" VPOS="8680" WIDTH="108"/>
						<String CONTENT="the" ID="St_1.1.46.15" HPOS="3512" VPOS="8668" HEIGHT="124" WIDTH="228" STYLEREFS="Style_13" WC="1" CC="000"/>
						<SP ID="SP_1.1.46.16" HPOS="3704" VPOS="8680" WIDTH="80"/>
						<String CONTENT="Christian" ID="St_1.1.46.17" HPOS="3832" VPOS="8664" HEIGHT="132" WIDTH="708" STYLEREFS="Style_13" WC="1" CC="000000000"/>
						<SP ID="SP_1.1.46.18" HPOS="4492" VPOS="8684" WIDTH="96"/>
						<String CONTENT="Sabbath" ID="St_1.1.46.19" HPOS="4640" VPOS="8668" HEIGHT="128" WIDTH="608" STYLEREFS="Style_13" WC="1" CC="0000000"/>
					</TextLine>
					<TextLine ID="TL_1.1.47" HPOS="512" VPOS="8844" HEIGHT="176" WIDTH="4740">
						<String CONTENT="was" ID="St_1.1.47.1" HPOS="512" VPOS="8884" HEIGHT="84" WIDTH="268" STYLEREFS="Style_13" WC="1" CC="000"/>
						<SP ID="SP_1.1.47.2" HPOS="748" VPOS="8860" WIDTH="80"/>
						<String CONTENT="changed," ID="St_1.1.47.3" HPOS="876" VPOS="8844" HEIGHT="164" WIDTH="652" STYLEREFS="Style_13" WC="1" CC="00000000"/>
						<SP ID="SP_1.1.47.4" HPOS="1516" VPOS="8888" WIDTH="60"/>
						<String CONTENT="by" ID="St_1.1.47.5" HPOS="1624" VPOS="8844" HEIGHT="164" WIDTH="180" STYLEREFS="Style_13" WC="1" CC="00"/>
						<SP ID="SP_1.1.47.6" HPOS="1760" VPOS="8860" WIDTH="88"/>
						<String CONTENT="James" ID="St_1.1.47.7" HPOS="1896" VPOS="8844" HEIGHT="128" WIDTH="464" STYLEREFS="Style_13" WC="1" CC="00000"/>
						<SP ID="SP_1.1.47.8" HPOS="2328" VPOS="8864" WIDTH="80"/>
						<String CONTENT="B." ID="St_1.1.47.9" HPOS="2456" VPOS="8852" HEIGHT="120" WIDTH="160" STYLEREFS="Style_13" WC="1" CC="00"/>
						<SP ID="SP_1.1.47.10" HPOS="2604" VPOS="8892" WIDTH="64"/>
						<String CONTENT="Parsons," ID="St_1.1.47.11" HPOS="2720" VPOS="8848" HEIGHT="164" WIDTH="628" STYLEREFS="Style_13" WC="1" CC="00000000"/>
						<SP ID="SP_1.1.47.12" HPOS="3336" VPOS="8892" WIDTH="60"/>
						<String CONTENT="D" ID="St_1.1.47.13" HPOS="3444" VPOS="8876" HEIGHT="84" WIDTH="80" STYLEREFS="Style_13" WC="0.986666666666667" CC="4"/>
						<String CONTENT="." ID="St_1.1.47.14" HPOS="3532" VPOS="8952" HEIGHT="24" WIDTH="24" STYLEREFS="Style_13" WC="0.984444444444444" CC="1"/>
						<SP ID="SP_1.1.47.15" HPOS="3540" VPOS="8904" WIDTH="68"/>
						<String CONTENT="D" ID="St_1.1.47.16" HPOS="3664" VPOS="8876" HEIGHT="84" WIDTH="76" STYLEREFS="Style_13" WC="0.97" CC="4"/>
						<String CONTENT="." ID="St_1.1.47.17" HPOS="3748" VPOS="8952" HEIGHT="24" WIDTH="24" STYLEREFS="Style_13" WC="0.971111111111111" CC="0"/>
						<SP ID="SP_1.1.47.18" HPOS="3760" VPOS="8904" WIDTH="104"/>
						<String CONTENT="Dayton," ID="St_1.1.47.19" HPOS="3956" VPOS="8856" HEIGHT="164" WIDTH="600" STYLEREFS="Style_13" WC="0.975555555555556" CC="0000000"/>
						<SP ID="SP_1.1.47.20" HPOS="4540" VPOS="8896" WIDTH="64"/>
						<String CONTENT="O" ID="St_1.1.47.21" HPOS="4656" VPOS="8852" HEIGHT="132" WIDTH="124" STYLEREFS="Style_14" WC="0.965555555555556" CC="5"/>
						<String CONTENT=".," ID="St_1.1.47.22" HPOS="4796" VPOS="8952" HEIGHT="64" WIDTH="68" STYLEREFS="Style_14" WC="0.966666666666667" CC="00"/>
						<SP ID="SP_1.1.47.23" HPOS="4848" VPOS="8888" WIDTH="64"/>
						<String CONTENT="The" ID="St_1.1.47.24" HPOS="4960" VPOS="8856" HEIGHT="128" WIDTH="292" STYLEREFS="Style_14" WC="0.968888888888889" CC="000"/>
					</TextLine>
					<TextLine ID="TL_1.1.48" HPOS="504" VPOS="9024" HEIGHT="168" WIDTH="1628">
						<String CONTENT="Otterbein" ID="St_1.1.48.1" HPOS="504" VPOS="9024" HEIGHT="132" WIDTH="712" STYLEREFS="Style_14" WC="1" CC="000000000"/>
						<SP ID="SP_1.1.48.2" HPOS="1172" VPOS="9052" WIDTH="80"/>
						<String CONTENT="press," ID="St_1.1.48.3" HPOS="1284" VPOS="9072" HEIGHT="120" WIDTH="420" STYLEREFS="Style_14" WC="1" CC="000000"/>
						<SP ID="SP_1.1.48.4" HPOS="1688" VPOS="9080" WIDTH="52"/>
						<String CONTENT="1927." ID="St_1.1.48.5" HPOS="1776" VPOS="9028" HEIGHT="132" WIDTH="356" STYLEREFS="Style_14" WC="1" CC="00000"/>
					</TextLine>
					<TextLine ID="TL_1.1.49" HPOS="656" VPOS="9240" HEIGHT="120" WIDTH="1132">
						<String CONTENT="95" ID="St_1.1.49.1" HPOS="656" VPOS="9244" HEIGHT="96" WIDTH="132" STYLEREFS="Style_14" WC="1" CC="00"/>
						<SP ID="SP_1.1.49.2" HPOS="756" VPOS="9244" WIDTH="68"/>
						<String CONTENT="p." ID="St_1.1.49.3" HPOS="860" VPOS="9272" HEIGHT="88" WIDTH="104" STYLEREFS="Style_14" WC="1" CC="00"/>
						<SP ID="SP_1.1.49.4" HPOS="952" VPOS="9280" WIDTH="80"/>
						<String CONTENT="2" ID="St_1.1.49.5" HPOS="1100" VPOS="9244" HEIGHT="96" WIDTH="64" STYLEREFS="Style_14" WC="1" CC="0"/>
						<String CONTENT="0&#x0368;&#x036b;" ID="St_1.1.49.6" HPOS="1176" VPOS="9240" HEIGHT="108" WIDTH="612" STYLEREFS="Style_14" WC="1" CC="000"/>
						<String CONTENT="." ID="St_1.1.49.7" HPOS="1360" VPOS="9320" HEIGHT="24" WIDTH="24" STYLEREFS="Style_14" WC="0.988888888888889" CC="1"/>
					</TextLine>
					<TextLine ID="TL_1.1.50" HPOS="504" VPOS="9372" HEIGHT="132" WIDTH="4748">
						<String CONTENT="&#174;" ID="St_1.1.50.1" HPOS="504" VPOS="9384" HEIGHT="88" WIDTH="112" STYLEREFS="Style_15" WC="0.222222222222222" CC="7"/>
						<SP ID="SP_1.1.50.2" HPOS="560" VPOS="9372" WIDTH="100"/>
						<String CONTENT="Jan." ID="St_1.1.50.3" HPOS="696" VPOS="9372" HEIGHT="100" WIDTH="260" STYLEREFS="Style_15" WC="0.87" CC="0000"/>
						<SP ID="SP_1.1.50.4" HPOS="948" VPOS="9416" WIDTH="44"/>
						<String CONTENT="2" ID="St_1.1.50.5" HPOS="1024" VPOS="9372" HEIGHT="96" WIDTH="64" STYLEREFS="Style_15" WC="0.902222222222222" CC="0"/>
						<String CONTENT="6" ID="St_1.1.50.6" HPOS="1096" VPOS="9372" HEIGHT="96" WIDTH="64" STYLEREFS="Style_15" WC="0.913333333333333" CC="0"/>
						<String CONTENT="," ID="St_1.1.50.7" HPOS="1168" VPOS="9452" HEIGHT="36" WIDTH="24" STYLEREFS="Style_15" WC="0.922222222222222" CC="0"/>
						<SP ID="SP_1.1.50.8" HPOS="1176" VPOS="9416" WIDTH="48"/>
						<String CONTENT="1927;" ID="St_1.1.50.9" HPOS="1256" VPOS="9376" HEIGHT="112" WIDTH="336" STYLEREFS="Style_15" WC="0.923333333333333" CC="00000"/>
						<SP ID="SP_1.1.50.10" HPOS="1580" VPOS="9392" WIDTH="52"/>
						<String CONTENT="2c." ID="St_1.1.50.11" HPOS="1668" VPOS="9376" HEIGHT="96" WIDTH="160" STYLEREFS="Style_15" WC="0.938888888888889" CC="000"/>
						<SP ID="SP_1.1.50.12" HPOS="1816" VPOS="9420" WIDTH="44"/>
						<String CONTENT="and" ID="St_1.1.50.13" HPOS="1896" VPOS="9380" HEIGHT="92" WIDTH="224" STYLEREFS="Style_15" WC="0.948888888888889" CC="000"/>
						<SP ID="SP_1.1.50.14" HPOS="2088" VPOS="9380" WIDTH="68"/>
						<String CONTENT="a" ID="St_1.1.50.15" HPOS="2192" VPOS="9404" HEIGHT="72" WIDTH="56" STYLEREFS="Style_15" WC="0.935555555555556" CC="4"/>
						<String CONTENT="ff." ID="St_1.1.50.16" HPOS="2272" VPOS="9376" HEIGHT="100" WIDTH="120" STYLEREFS="Style_15" WC="0.942222222222222" CC="000"/>
						<SP ID="SP_1.1.50.17" HPOS="2380" VPOS="9420" WIDTH="48"/>
						<String CONTENT="Feb." ID="St_1.1.50.18" HPOS="2464" VPOS="9380" HEIGHT="100" WIDTH="264" STYLEREFS="Style_15" WC="0.95" CC="0000"/>
						<SP ID="SP_1.1.50.19" HPOS="2716" VPOS="9420" WIDTH="48"/>
						<String CONTENT="14;" ID="St_1.1.50.20" HPOS="2796" VPOS="9380" HEIGHT="112" WIDTH="200" STYLEREFS="Style_15" WC="0.955555555555556" CC="000"/>
						<SP ID="SP_1.1.50.21" HPOS="2980" VPOS="9392" WIDTH="52"/>
						<String CONTENT="A" ID="St_1.1.50.22" HPOS="3068" VPOS="9384" HEIGHT="92" WIDTH="96" STYLEREFS="Style_15" WC="0.957777777777778" CC="0"/>
						<SP ID="SP_1.1.50.23" HPOS="3116" VPOS="9384" WIDTH="84"/>
						<String CONTENT="9" ID="St_1.1.50.24" HPOS="3236" VPOS="9380" HEIGHT="92" WIDTH="60" STYLEREFS="Style_15" WC="0.948888888888889" CC="4"/>
						<String CONTENT="63576;" ID="St_1.1.50.25" HPOS="3308" VPOS="9380" HEIGHT="116" WIDTH="404" STYLEREFS="Style_15" WC="0.946666666666667" CC="400000"/>
						<SP ID="SP_1.1.50.26" HPOS="3696" VPOS="9396" WIDTH="52"/>
						<String CONTENT="J." ID="St_1.1.50.27" HPOS="3788" VPOS="9384" HEIGHT="100" WIDTH="108" STYLEREFS="Style_15" WC="0.948888888888889" CC="00"/>
						<SP ID="SP_1.1.50.28" HPOS="3884" VPOS="9420" WIDTH="48"/>
						<String CONTENT="B." ID="St_1.1.50.29" HPOS="3972" VPOS="9384" HEIGHT="96" WIDTH="124" STYLEREFS="Style_15" WC="0.952222222222222" CC="00"/>
						<SP ID="SP_1.1.50.30" HPOS="4084" VPOS="9420" WIDTH="48"/>
						<String CONTENT="Parsons," ID="St_1.1.50.31" HPOS="4172" VPOS="9384" HEIGHT="120" WIDTH="536" STYLEREFS="Style_15" WC="0.958888888888889" CC="00000000"/>
						<SP ID="SP_1.1.50.32" HPOS="4696" VPOS="9420" WIDTH="48"/>
						<String CONTENT="Indian-" ID="St_1.1.50.33" HPOS="4784" VPOS="9384" HEIGHT="96" WIDTH="468" STYLEREFS="Style_15" WC="0.963333333333333" CC="0000000"/>
					</TextLine>
					<TextLine ID="TL_1.1.51" HPOS="660" VPOS="9500" HEIGHT="132" WIDTH="4392">
						<String CONTENT="apolis." ID="St_1.1.51.1" HPOS="660" VPOS="9508" HEIGHT="116" WIDTH="404" STYLEREFS="Style_15" WC="1" CC="0000000"/>
						<SP ID="SP_1.1.51.2" HPOS="1052" VPOS="9540" WIDTH="96"/>
						<String CONTENT="(27-" ID="St_1.1.51.3" HPOS="1228" VPOS="9512" HEIGHT="112" WIDTH="260" STYLEREFS="Style_15" WC="1" CC="0000"/>
						<String CONTENT="3" ID="St_1.1.51.4" HPOS="1492" VPOS="9512" HEIGHT="96" WIDTH="68" STYLEREFS="Style_15" WC="1" CC="0"/>
						<String CONTENT="429)" ID="St_1.1.51.5" HPOS="1564" VPOS="9500" HEIGHT="132" WIDTH="264" STYLEREFS="Style_15" WC="1" CC="0000"/>
						<SP ID="SP_1.1.51.6" HPOS="1808" VPOS="9504" WIDTH="2960"/>
						<String CONTENT="1" ID="St_1.1.51.7" HPOS="4768" VPOS="9508" HEIGHT="96" WIDTH="60" STYLEREFS="Style_15" WC="0.708888888888889" CC="0"/>
						<String CONTENT="109" ID="St_1.1.51.8" HPOS="4848" VPOS="9516" HEIGHT="104" WIDTH="204" STYLEREFS="Style_15" WC="0.723333333333333" CC="000"/>
					</TextLine>
					<TextLine ID="TL_1.1.52" HPOS="2768" VPOS="9640" HEIGHT="128" WIDTH="232">
						<String CONTENT="171" ID="St_1.1.52.1" HPOS="2768" VPOS="9640" HEIGHT="128" WIDTH="232" STYLEREFS="Style_15" WC="1" CC="000"/>
					</TextLine>
				</TextBlock>
			</PrintSpace>
		</Page>
	</Layout>
</alto>
