5968 10284
688 812 792 148 Selekman,
1556 812 296 124 Ben
1920 804 524 132 Morris
2448 884 184 20 —
2640 804 780 132 Continued

860 1012 100 96 A
1076 1008 416 100 second
1608 1012 396 112 report
2116 1032 148 68 on
2376 1008 196 92 the
2692 1004 652 96 Industrial
3464 1004 524 112 disputes
4104 1004 832 120 investigation
5052 1016 188 88 act
5356 1008 116 96 of

692 1148 480 100 Canada
1252 1148 144 112 by
1476 1148 196 96 the
1752 1148 460 112 author,
2296 1140 376 96 which
2752 1140 580 96 embodies
3416 1144 280 96 data
3780 1140 124 96 of
3984 1148 192 92 the
4256 1140 424 96 earlier
4760 1148 340 96 study
5188 1144 280 100 with

692 1284 652 100 additional
1416 1280 576 100 material.
2140 1304 60 68 c
2204 1280 84 112 f.
2356 1280 660 96 Foreword.

860 1420 904 116 Bibliography:
1840 1444 104 92 p.
2012 1416 524 100 385–391.

696 1536 128 124 ©
900 1560 248 100 Oct.
1220 1560 168 112 26,
1464 1556 336 112 1927;
1876 1556 168 100 2c.
2116 1556 232 92 and
2420 1552 200 96 aff.
2692 1552 288 96 Nov.
3052 1556 128 108 4;
3264 1552 96 92 A
3440 1552 60 92 1
3508 1552 68 96 0
3584 1552 56 92 1
3648 1552 72 96 0
3724 1552 264 112 167;
4068 1552 468 96 Russell
4620 1552 292 116 Sage
4988 1552 488 96 founda-

860 1696 280 96 tion.
1312 1692 668 120 (27-24230)
4916 1684 360 104 10569

692 1916 444 152 Stein,
1212 1920 328 148 Leo,
1620 1916 320 128 1872
1944 1996 88 12 –

868 2108 292 128 The
1256 2104 504 128 A-B-C
1860 2100 152 128 of
2148 2100 668 160 æsthetics,
2908 2100 176 164 by
3176 2104 276 124 Leo
3556 2096 420 132 Stein.
4160 2100 332 124 New
4596 2100 428 164 York,
5120 2100 352 128 Boni

692 2300 108 120 &
876 2292 768 164 Liveright,
1720 2292 360 128 1927.

860 2492 64 96 6
992 2520 108 88 p.
1164 2492 44 92 l
1216 2564 56 44 .,
1336 2492 204 96 271
1612 2516 104 92 p.
1856 2488 720 112 21½ͨͫ
2180 2544 28 40 .

704 2604 120 120 ©
908 2624 312 116 Sept.
1284 2624 168 116 24,
1528 2624 336 108 1927;
1944 2620 164 100 2c.
2180 2620 248 100 Oct.
2504 2620 60 96 5
2608 2644 24 88 ;
2708 2620 200 96 aff.
2984 2616 248 100 Oct.
3308 2620 124 112 1;
3512 2620 96 92 A
3684 2620 60 92 1
3752 2616 140 100 00
3888 2620 216 96 738
4104 2616 72 96 0
4208 2644 24 88 ;
4312 2620 296 96 Boni
4684 2624 88 100 &
4848 2620 600 112 Liveright
5444 2652 32 56 ,

864 2764 220 96 inc.
1252 2756 676 120 (27-24251)
4924 2752 360 104 10570

696 2952 668 148 Stewart,
1444 2948 620 128 Thomas
2140 2948 552 148 Milton,
2780 2956 320 124 1866
3104 3024 84 12 –

872 3140 292 124 The
1244 3136 792 164 symbolism
2112 3132 152 128 of
2344 3136 228 124 the
2656 3132 336 168 gods
3072 3132 152 128 of
3300 3132 228 128 the
3608 3132 788 164 Egyptians
4472 3132 268 128 and
4820 3132 228 128 the
5128 3132 360 168 light

704 3328 324 164 they
1116 3324 444 128 throw
1652 3368 176 80 on
1920 3320 980 160 freemasonry,
2988 3320 180 164 by
3256 3320 248 124 Dr.
3604 3320 596 124 Thomas
4288 3320 508 124 Milton
4900 3316 588 136 Stewart

880 3516 80 136 …
1040 3512 620 160 London,
1740 3512 292 124 The
2120 3508 852 128 Baskerville
3060 3548 416 124 press,
3564 3504 576 164 limited,
4228 3504 360 132 1927.

876 3708 64 96 2
1008 3732 112 92 p.
1184 3708 44 96 l
1236 3780 56 44 .,
1368 3708 84 92 ii
1460 3704 40 96 i
1504 3760 72 16 –
1576 3704 40 96 i
1624 3732 80 68 x
1712 3780 20 40 ,
1804 3704 136 96 12
1948 3704 72 96 6
2080 3728 100 92 p.
2324 3704 176 96 col
2516 3780 20 24 .
2604 3704 60 96 f
2672 3704 328 112 ront.,
3072 3700 344 116 illus.,
3500 3704 172 96 col
3684 3780 24 24 .
3780 3728 76 88 p
3856 3704 44 92 l
3908 3708 292 92 ates.
4336 3700 648 116 22ͨͫ
4584 3732 32 60 .

884 3840 904 100 "References":
1852 3864 108 92 p.
2028 3840 164 96 19.

712 3964 124 120 ©
904 3984 56 88 1
964 4000 64 80 c
1044 4060 20 20 .
1128 3984 284 92 Nov.
1476 3980 168 112 14,
1708 3976 344 116 1927;
2124 3976 96 92 A
2288 3976 144 96 ad
2496 3976 212 96 int.
2776 3976 60 92 1
2848 3972 60 96 0
2912 3976 136 92 22
3056 3976 72 92 6
3164 3996 20 88 ;
3260 3976 340 116 pubd.
3680 3972 304 116 Sept.
4056 3976 60 92 2
4120 3976 64 96 3
4228 4000 24 84 ;
4328 3972 728 100 Baskerville
5128 4000 360 92 press,

864 4120 212 112 ltd.
1252 4112 672 120 (27-24604)
4908 4104 352 104 10571

700 4300 676 156 Sullivan,
1468 4300 528 152 James,
2092 4300 320 128 1873
2416 4380 88 12 –
2928 4300 204 128 ed.

872 4492 588 164 History
1544 4488 152 128 of
1776 4492 328 124 New
2188 4488 396 124 York
2660 4500 388 148 state,
3136 4492 316 120 1523
3460 4564 88 12 –
3556 4484 364 164 1927,
4000 4488 1156 124 editor-in-chief:
5240 4492 248 120 Dr.

704 4680 472 132 James
1248 4680 636 128 Sullivan
1944 4696 76 132 …
2192 4676 648 128 associate
2916 4672 576 128 editors:
3576 4672 160 128 E.
3812 4672 528 124 Melvin
4404 4672 736 160 Williams,
5216 4676 268 124 Ed-

708 4868 276 128 win
1092 4868 152 124 P.
1360 4864 640 160 Conklin,
2112 4864 660 124 Benedict
2872 4860 872 164 Fitzpatrick
3800 4872 76 136 …
4184 4864 332 124 New
4624 4856 432 164 York,
5168 4856 312 132 Chi-

708 5100 380 120 cago,
1164 5056 444 124 Lewis
1692 5052 704 124 historical
2484 5048 804 164 publishing
3372 5088 708 124 company,
4168 5048 260 128 inc.
4524 5048 452 152 [ͨ1927]

876 5252 68 96 6
1016 5280 104 68 v.
1260 5252 460 112 fronts.,
1800 5252 408 112 plates,
2288 5252 396 108 ports.,
2764 5272 356 88 maps,
3204 5248 308 112 plan,
3588 5244 520 100 facsims.
4252 5244 684 112 27½ͨͫ.

876 5392 312 96 Vols.
1256 5384 204 96 1–5
1524 5388 372 112 paged
1960 5384 852 116 continuously.

876 5528 248 96 Vol.
1200 5524 96 120 [6
1292 5520 36 88 ]
1404 5524 532 96 contains
2004 5520 800 116 biographical
2876 5516 580 100 material.

880 5660 560 100 Contains
1516 5656 908 100 "Authorities".

720 5776 120 120 ©
916 5800 284 96 Nov.
1272 5800 96 112 7,
1444 5796 336 112 1927;
1860 5796 164 96 2c.
2100 5792 284 100 each
2456 5792 288 100 Nov.
2816 5792 196 112 22;
3100 5792 196 96 aff.
3372 5792 284 96 Nov.
3732 5792 196 112 19;
4008 5792 100 92 A
4184 5788 548 116 1013197;
4816 5788 376 100 Lewis
5268 5792 224 92 his-

880 5936 420 96 torical
1372 5936 264 112 pub.
1712 5956 196 88 co.,
1988 5928 220 100 inc.
2376 5928 672 120 (27-24237)
4936 5920 360 104 10572

704 6128 576 148 Terrell,
1364 6124 560 128 Russell
2016 6120 724 128 Franklin.

884 6312 136 128 A
1124 6312 408 160 study
1640 6308 152 128 of
1896 6308 232 128 the
2236 6312 376 160 early
2720 6308 864 160 journalistic
3692 6308 628 164 writings
4424 6308 152 124 of
4684 6308 484 160 Henry
5276 6308 212 124 W.

720 6500 524 164 Grady,
1360 6500 184 160 by
1664 6500 480 124 Russel
2156 6500 44 120 l
2324 6496 676 128 Franklin
3128 6496 472 124 Terrel
3608 6496 48 120 l
3768 6516 80 136 …
4152 6492 752 160 Nashville,
5024 6496 472 156 Tenn.,

716 6688 532 164 George
1340 6684 648 164 Peabody
2076 6684 504 164 college
2672 6684 224 124 for
2984 6684 648 160 teachers,
3724 6680 360 128 1927.

884 6888 208 96 177
1180 6908 104 88 p.
1424 6880 648 108 23ͨͫ.
1872 6880 504 116 (George
2468 6880 540 116 Peabody
3096 6880 432 116 college
3624 6880 188 96 for
3908 6880 564 96 teachers.
4620 6876 876 96 Contributions

716 7028 116 88 to
908 7020 652 96 education.
1704 7044 180 72 no.
1956 7012 196 116 39)

884 7156 840 116 Bibliography
1764 7180 24 68 :
1860 7180 104 88 p.
2032 7156 240 96 177.

728 7264 120 124 ©
936 7292 288 96 Nov.
1312 7292 92 112 1,
1492 7288 340 112 1927;
1928 7292 160 96 2c.
2180 7288 284 96 Nov.
2552 7288 56 96 1
2624 7288 68 96 0
2732 7312 20 76 ;
2848 7288 196 96 aff.
3136 7288 280 96 Nov.
3512 7288 68 92 9
3616 7312 20 84 ;
3736 7288 96 92 A
3924 7284 480 96 1013023
4432 7292 32 84 ;
4572 7284 128 96 R.
4796 7284 124 100 F.
5016 7284 476 112 Terrell,

888 7424 836 116 Birmingham,
1812 7424 252 96 Ala.
2236 7424 668 116 (27-24234)
4940 7412 356 104 10573

712 7612 492 148 Terry,
1288 7604 624 132 Thomas
1988 7608 508 152 Philip,
2588 7616 324 120 1864
2916 7688 84 12 –

888 7796 548 164 Terry's
1536 7796 412 164 guide
2048 7808 140 112 to
2288 7796 608 160 Mexico;
3000 7796 236 128 the
3332 7840 292 84 new
3728 7796 656 128 standard
4492 7792 768 168 guidebook
5356 7808 140 108 to

720 7984 228 124 the
1032 7984 636 124 Mexican
1752 7984 652 160 republic,
2488 7984 336 124 with
2908 7984 632 160 chapters
3624 8028 176 80 on
3876 7984 232 124 the
4192 7980 640 164 railways
4916 7980 268 124 and
5268 7976 228 128 the

724 8212 408 80 ocean
1236 8180 452 112 routes
1792 8180 140 112 to
2032 8168 604 160 Mexico;
2752 8164 332 128 with
3192 8172 68 116 3
3368 8212 388 116 maps
3864 8168 268 124 and
4240 8168 160 124 27
4504 8168 440 160 plans,
5048 8164 180 164 by
5336 8164 152 124 T.

724 8356 480 160 Philip
1288 8360 432 156 Terry
1784 8364 76 132 …
2144 8356 320 124 Rev.
2552 8356 248 156 ed.,
2884 8352 820 128 remodelled
3792 8356 268 124 and
4144 8396 492 116 augm.,
4720 8352 332 124 with
5140 8396 352 80 some

720 8580 296 84 new
1080 8580 388 120 maps
1536 8540 268 124 and
1872 8540 436 160 plans.
2492 8540 516 124 Boston
3080 8540 272 124 and
3420 8540 336 124 New
3828 8540 432 156 York,
4324 8540 764 160 Houghton
5156 8532 332 128 Mif-

728 8728 72 124 f
748 8724 68 128 l
828 8728 140 124 in
1028 8768 736 120 company;
1860 8728 320 160 [etc.,
2244 8728 280 124 etc.]
2612 8724 356 128 1927.

896 8924 64 88 2
1056 8948 104 88 p.
1256 8924 104 112 1.,
1408 8920 356 104 [iii]
1680 8976 76 12 –
1760 8920 376 96 ccxlix
2200 8924 132 112 (i.
2436 8948 88 68 e.
2636 8920 400 116 clix),
3228 8920 216 116 [1],
3428 8920 204 96 597
3692 8920 128 116 (i.
3924 8948 88 68 e.
4120 8920 260 112 657)
4500 8948 104 88 p.
4780 8940 324 92 maps
5168 8916 324 116 (part

728 9052 340 116 fold.)
1160 9060 336 112 plans
1560 9052 328 120 (part
1956 9044 340 124 fold.)
2460 9044 584 116 16ͨͫ.

736 9176 124 124 ©
936 9192 288 100 Nov.
1296 9192 168 112 18,
1540 9192 336 112 1927;
1964 9192 160 96 2c.
2204 9196 232 92 and
2512 9196 196 92 aff.
2792 9196 280 96 Nov.
3156 9192 196 112 21;
3440 9192 96 96 A
3612 9196 56 92 1
3684 9192 68 96 0
3756 9196 128 92 13
3896 9196 60 92 1
3964 9192 196 112 87;
4248 9196 124 96 T.
4456 9196 120 92 P.
4660 9192 364 96 Terry
5020 9232 28 56 ,
5140 9184 356 120 Hing-

896 9328 304 116 ham,
1280 9328 352 100 Mass.
1800 9328 668 116 (27-24236)
4928 9316 360 104 10574

2960 9448 324 132 1576
