5968 10284
3180 9480 324 120 1364

936 800 204 124 De
1220 796 400 148 Jean,
1696 796 440 128 Louis
2204 796 380 124 Leon
2588 872 120 20 —
2784 792 772 132 Continued

1104 996 136 96 89
1308 1020 100 92 p.
1552 992 360 100 front.
1980 992 412 116 (port.)
2556 992 680 112 19½ͨͫ.

1104 1132 444 96 Poems.

944 1260 116 112 ©
1140 1264 304 116 Sept.
1512 1268 56 88 1
1580 1264 68 96 0
1656 1340 24 40 ,
1744 1268 336 104 1927;
2152 1268 160 92 2c.
2380 1268 228 92 and
2672 1260 128 104 af
2776 1260 68 96 f
2852 1344 20 16 .
2944 1264 244 96 Oct.
3256 1264 196 112 17;
3524 1264 100 92 A
3684 1260 552 112 1007718;
4312 1260 652 100 California
5032 1284 360 96 press.

1128 1404 672 116 (27-21935)
5204 1396 292 104 9103

936 1624 972 152 Dieffenbach,
1980 1624 504 132 Albert
2564 1624 632 152 Charles,
3272 1624 324 128 1876
3600 1704 76 12 –

1112 1812 704 168 Religious
1884 1812 568 168 liberty;
2528 1812 232 128 the
2828 1824 392 156 great
3288 1812 736 128 American
4088 1812 600 164 illusion,
4752 1812 184 168 by
4996 1812 496 132 Albert
5564 1812 148 132 C.

944 2000 932 128 Dieffenbach.
2028 2000 332 128 New
2424 1996 436 168 York,
2916 2000 216 128 W.
3196 2000 604 124 Morrow
3856 2004 116 120 &
4028 2040 236 120 co.,
4332 1996 360 132 1927.

1104 2196 220 100 xiii
1384 2224 140 88 p.,
1588 2200 60 92 1
1716 2200 36 92 l
1768 2272 56 40 .,
1888 2196 208 96 205
2156 2224 108 88 p.
2404 2196 748 112 19½ͨͫ.

944 2316 116 108 ©
1136 2336 244 96 Oct.
1440 2332 168 116 18,
1672 2332 336 112 1927;
2076 2332 164 100 2c.
2300 2336 232 92 and
2596 2332 128 96 af
2712 2332 52 96 f
2772 2408 24 24 .
2860 2332 244 100 Oct.
3168 2332 196 112 20;
3436 2336 100 92 A
3596 2332 552 112 1004692;
4216 2332 520 100 William
4804 2336 500 92 Morrow
5372 2332 84 96 &
5524 2360 56 68 c
5588 2360 60 68 o
5660 2404 56 44 .,

1104 2472 216 96 inc.
1492 2468 672 120 (27-22169)
5212 2464 288 104 9104

944 2660 504 156 Dixon,
1516 2660 412 156 Billy,
2004 2672 320 116 1850
2328 2740 60 16 –
2420 2672 364 120 1913.

1104 2844 320 132 Life
1504 2848 156 124 of
1732 2848 468 164 "Billy
2272 2848 508 164 Dixon,
2864 2848 816 164 plainsman,
3752 2864 380 112 scout
4208 2848 272 128 and
4560 2848 616 164 pioneer;
5260 2896 72 76 a
5408 2892 308 80 nar-

944 3036 432 128 rative
1440 3032 144 128 in
1648 3036 444 124 which
2152 3076 232 88 are
2444 3032 696 132 described
3200 3080 420 120 many
3676 3032 468 168 things
4204 3032 600 168 relating
4856 3048 140 116 to
5056 3036 228 128 the
5344 3036 368 160 early

944 3216 820 168 Southwest,
1832 3220 336 128 with
2248 3264 172 84 an
2488 3236 568 112 account
3124 3220 156 128 of
3340 3220 232 128 the
3644 3216 416 168 fights
4128 3220 600 128 between
4796 3220 576 128 Indians
5448 3224 260 124 and

944 3408 512 128 buffalo
1548 3408 564 128 hunters
2204 3420 144 116 at
2436 3404 484 132 Adobe
3004 3408 440 128 Walls
3540 3408 272 128 and
3904 3416 144 120 at
4136 3404 556 132 Buffalo
4776 3408 632 156 Wallow,
5500 3408 220 128 for

944 3596 440 124 which
1492 3592 676 164 Congress
2264 3596 404 124 voted
2768 3592 228 128 the
3092 3592 448 128 medal
3640 3592 156 128 of
3892 3592 432 128 honor
4424 3608 140 112 to
4660 3592 228 128 the
4984 3596 740 124 survivors.

944 3780 176 164 by
1236 3780 400 132 Olive
1744 3780 180 124 K.
2036 3780 504 124 Dixon.
2720 3776 328 128 Rev.
3160 3780 200 124 ed.
3540 3780 528 160 Dallas,
4176 3780 372 160 Tex.,
4652 3780 160 128 P.
4920 3780 156 124 L.
5188 3780 536 128 Turner

940 4008 676 124 company
1708 3972 168 140 [ͨ1
1876 3964 244 128 927
2204 3976 76 136 ]

1112 4192 152 72 xv
1272 4164 36 96 i
1316 4164 36 96 i
1352 4164 40 92 i
1412 4240 20 44 ,
1500 4164 204 96 251
1772 4188 104 92 p.
2008 4164 396 116 front.,
2468 4164 416 112 plates,
2948 4168 360 108 ports.
3448 4160 680 116 22½ͨͫ
3776 4236 24 24 .

1112 4300 240 96 The
1428 4296 604 100 narrative
2108 4324 240 72 was
2424 4296 516 96 dictated
3012 4296 152 112 by
3228 4296 392 96 Dixon
3688 4300 116 92 to
3876 4296 184 96 his
4132 4296 312 100 wife.
4580 4296 64 92 c
4648 4296 52 120 f
4712 4372 24 24 .
4804 4296 316 100 Pref.

952 4432 116 112 ©
1148 4436 304 112 Sept.
1520 4436 164 112 12,
1752 4432 336 112 1927;
2156 4432 164 96 2c.
2392 4432 244 96 Oct.
2700 4432 128 108 3;
2900 4428 120 96 af
3020 4428 48 96 f
3072 4504 24 24 .
3168 4428 244 100 Oct.
3476 4428 204 112 20;
3748 4432 100 92 A
3912 4428 548 116 1007838;
4536 4432 120 96 P.
4724 4432 120 100 L.
4916 4432 452 96 Turner
5436 4460 160 76 co.

1132 4568 672 120 (27-22035)
5212 4564 288 104 9105

948 4760 504 152 Dixon,
1524 4760 676 132 Franklin
2272 4764 212 128 W.

1184 4944 80 148 …
1344 4944 368 136 Over
1780 4948 228 124 the
2076 4944 572 128 Rockies
2724 4944 336 128 with
3128 4944 236 128 the
3428 4944 208 128 air
3704 4944 396 164 mail;
4176 4988 196 120 or,
4440 4948 288 128 Ted
4804 4944 384 136 Scott
5252 4948 264 132 lost
5580 4948 132 128 in

948 5136 228 128 the
1236 5136 824 160 wilderness,
2116 5136 184 164 by
2360 5132 676 128 Franklin
3100 5136 212 128 W.
3376 5132 464 128 Dixon
3904 5140 76 144 …
4124 5136 776 128 illustrated
4964 5140 176 160 by
5200 5140 524 124 Walter

952 5320 136 132 S.
1168 5320 560 164 Rogers.
1908 5320 332 128 New
2320 5316 432 164 York,
2824 5320 560 132 Grosset
3460 5324 112 120 &
3644 5320 568 164 Dunlap
4312 5320 448 160 [ͨ1927]

1112 5520 148 116 vi,
1344 5520 208 96 214
1632 5544 108 92 p.
1876 5520 364 96 front.
2380 5516 684 112 19½ͨͫ.
2900 5516 276 112 (His
3264 5516 236 100 Ted
3596 5516 320 100 Scott
4004 5520 76 92 fl
4084 5516 276 116 ying
4444 5516 480 116 stories)

952 5652 116 108 ©
1144 5656 248 100 Oct.
1452 5656 60 92 2
1524 5656 68 92 0
1596 5732 24 36 ,
1684 5652 200 96 192
1896 5660 60 88 7
1996 5680 24 88 ;
2084 5656 164 92 2c.
2312 5656 228 92 and
2608 5652 196 96 aff.
2872 5652 248 96 Oct.
3184 5652 196 116 22;
3452 5652 96 96 A
3612 5652 540 112 1004711:
4240 5656 472 96 Grosset
4780 5656 88 96 &
4936 5656 496 116 Dunlap,
5504 5660 36 92 i
5548 5684 172 72 nc.

1136 5792 668 120 (27-22152)
5212 5792 288 100 9106

948 5984 480 148 Dobie,
1504 5980 480 132 Edith.

1196 6168 76 148 …
1348 6168 292 128 The
1720 6168 620 164 political
2416 6212 452 84 career
2944 6168 156 128 of
3180 6164 608 168 Stephen
3864 6168 604 168 Mallory
4540 6168 536 164 White;
5160 6220 76 80 a
5312 6172 400 160 study

944 6352 156 128 of
1208 6368 416 152 party
1732 6352 676 128 activities
2524 6356 436 124 under
3068 6352 232 128 the
3416 6356 808 124 convention
4336 6368 544 152 system,
4988 6360 184 160 by
5284 6360 432 124 Edith

948 6540 472 128 Dobie.
1604 6536 676 136 Stanford
2368 6540 848 164 University,
3308 6540 468 164 Calif.,
3860 6540 344 128 Pub.
4296 6540 224 128 for
4600 6540 228 132 the
4916 6544 796 164 University

944 6728 180 164 by
1204 6724 672 132 Stanford
1956 6720 764 168 university
2792 6768 420 120 press,
3296 6728 360 128 1927.

1112 6928 208 96 266
1420 6952 104 92 p.
1692 6924 360 100 front.
2116 6924 412 116 (port.)
2656 6924 364 116 diagr.
3188 6924 724 112 25½ͨͫ.
3740 6924 620 116 (Stanford
4464 6924 652 120 university
5212 6928 500 116 publica-

948 7064 344 100 tions.
1476 7056 676 120 University
2264 7056 396 100 series.
2844 7056 520 116 History,
3476 7056 676 120 economics,
4264 7060 228 96 and
4604 7060 524 116 political
5236 7064 472 96 science.

948 7200 212 96 vol.
1232 7204 152 104 II
1336 7272 24 40 ,
1432 7220 184 72 no.
1688 7192 124 116 1)

1116 7328 904 116 Bibliography:
2104 7352 104 92 p.
2284 7324 204 100 255
2492 7380 72 12 –
2564 7328 240 96 260.

956 7436 116 108 ©
1148 7468 268 108 May
1476 7460 168 112 24,
1708 7460 332 96 1927;
2112 7460 164 96 2c.
2344 7460 228 96 and
2636 7456 196 100 aff.
2904 7460 268 112 May
3236 7460 192 96 31;
3504 7456 104 96 A
3668 7456 476 112 990318;
4224 7460 560 96 Stanford
4856 7460 308 96 univ.
5232 7484 356 92 press.

1140 7596 668 120 (27-22032)
5204 7592 288 108 9107

948 7792 224 120 Du
1244 7788 436 148 Cann,
1752 7788 104 128 C
2540 7784 116 132 G
3332 7784 156 128 L.

1128 7972 296 132 One
1512 7972 300 124 who
1900 7972 456 124 would
2360 8048 168 12 —
2536 8016 72 80 a
2700 7972 596 124 realistic
3380 7984 384 152 story
3852 7968 224 128 for
4168 7972 660 128 romantic
4928 7972 520 164 people,
5536 7972 172 168 by

960 8152 112 132 C
1088 8256 24 24 .
1184 8152 160 132 G.
1416 8156 160 124 L.
1640 8156 232 124 Du
1940 8148 392 132 Cann
2416 8172 88 128 …
2732 8156 620 156 London,
3416 8156 688 124 Duckwor
4116 8168 52 112 t
4172 8156 92 124 h
4352 8156 368 160 [1927
4732 8232 28 84 ]

1128 8344 208 100 320
1396 8372 104 88 p.
1640 8340 684 116 19½ͨͫ.

956 8460 120 120 ©
1148 8484 64 92 1
1196 8472 116 104 c.
1384 8480 272 112 Apr.
1728 8480 92 112 8,
1896 8484 56 88 1
1968 8480 64 88 9
2032 8480 196 108 27;
2308 8484 92 88 A
2476 8484 148 92 ad
2696 8480 204 100 int.
2976 8480 56 96 1
3044 8480 144 96 00
3188 8480 132 96 39
3344 8488 32 80 ;
3464 8508 72 88 p
3540 8508 68 68 u
3616 8476 184 104 bd.
3876 8484 264 96 Feb.
4220 8484 192 112 14;
4496 8484 116 96 C.
4692 8484 124 100 G.
4892 8488 120 96 L.
5092 8488 184 92 Du
5356 8484 344 116 Cann,

1116 8616 508 100 London.
1788 8616 672 116 (27-23000)
5204 8616 284 104 9108

952 8804 396 148 East,
1424 8808 604 128 Edward
2100 8812 628 148 Murray,
2812 8808 312 128 1878
3132 8888 84 16 –

1116 8988 520 128 Heredi
1644 9004 60 112 t
1708 9036 84 120 y
1876 8996 268 124 and
2228 8996 512 124 human
2824 9040 72 80 a
2912 8992 100 120 ff
3020 8996 312 160 airs,
3416 9000 176 160 by
3672 9000 604 124 Edward
4356 9000 192 124 M.
4636 9000 276 128 Eas
4916 9012 60 112 t
5084 8992 84 144 …
5396 9000 304 124 New

956 9172 424 172 York,
1456 9180 616 160 London,
2152 9180 148 132 C.
2388 9180 744 132 Scribner's
3212 9228 348 116 sons,
3648 9184 352 128 1927.
