5920 10300
236 996 924 152 Wentworth,
1248 996 624 128 Patricia
1876 1076 168 12 —
2052 992 772 132 Continued

404 1200 68 92 3
480 1196 136 96 20
676 1224 108 84 p.
924 1192 716 112 19½ͨͫ.

248 1356 124 128 ©
428 1376 64 92 1
496 1388 92 80 c.
652 1364 248 100 Oct.
952 1364 168 112 27,
1184 1364 336 112 1927;
1580 1364 108 104 A
1740 1364 148 92 ad
1944 1360 212 100 int.
2216 1356 404 112 10199;
2688 1356 340 116 pubd.
3092 1356 288 116 Aug.
3436 1352 200 116 30;
3708 1372 104 92 J.
3872 1356 136 96 B.
4072 1352 664 116 Lippincott
4800 1380 56 68 c
4864 1376 132 92 o.,

412 1500 848 116 Philadelphia.
1428 1496 668 120 (27-24499)
4420 1484 356 100 10194

240 1724 512 152 White,
824 1724 440 128 Ruth.

408 1916 420 124 Abdu
832 1916 48 124 l
948 1912 392 128 Baha
1404 1912 268 124 and
1736 1912 228 124 the
2028 1904 688 168 promised
2784 1948 292 124 age,
3132 1904 184 168 by
3380 1904 124 124 R
3512 1948 88 80 u
3608 1904 152 124 th
3824 1904 468 124 White
4412 1916 92 144 …
4676 1904 328 124 New

252 2096 388 128 York
704 2096 280 164 city
1060 2096 624 128 [Printed
1744 2096 188 160 by
1992 2096 136 128 J.
2200 2092 132 128 J.
2396 2088 428 132 Little
2896 2092 268 124 and
3232 2088 316 128 Ives
3612 2096 732 156 company]
4420 2088 356 124 1927.

416 2320 148 68 xv
576 2364 20 40 ,
660 2292 208 92 224
928 2316 104 88 p.
1172 2284 720 116 19½ͨͫ
1480 2324 40 56 .

248 2456 120 120 ©
444 2464 280 92 Nov.
804 2460 60 96 3
880 2536 20 36 ,
976 2460 336 108 1927;
1392 2460 164 96 2c.
1632 2460 280 92 Nov.
1992 2452 196 116 14;
2272 2452 200 100 aff.
2552 2452 280 100 Nov.
2908 2460 196 104 11;
3188 2456 96 92 A
3364 2452 544 112 1010328;
3996 2452 132 96 R.
4216 2452 416 112 White,
4716 2452 288 96 East

412 2592 708 128 Greenwich,
1196 2596 132 96 N.
1404 2596 128 96 Y.
1696 2592 676 112 (27-23781)
4448 2584 352 100 10195

240 2820 484 148 Wilde,
800 2820 480 148 Oscar,
1364 2824 320 120 1854
1688 2896 80 16 –
1780 2824 356 120 1900.

420 3004 600 164 Salome;
1092 3048 76 84 a
1220 3008 584 164 tragedy
1856 3004 148 128 in
2060 3048 244 84 one
2368 3016 252 148 act,
2676 3004 180 164 by
2920 3000 424 136 Oscar
3400 3000 524 160 Wilde;
3996 3000 776 132 inventions
4824 3000 176 168 by

248 3196 372 128 John
676 3196 540 128 Vassos.
1360 3192 332 128 New
1752 3192 432 160 York,
2244 3192 160 124 E.
2468 3192 156 124 P.
2688 3192 544 124 Dutton
3288 3192 108 116 &
3456 3232 668 120 company
4192 3188 516 152 [ͨ1927]

420 3388 60 96 6
544 3420 104 88 p.
700 3392 36 92 l
752 3424 52 64 .,
860 3380 280 108 3–57
1196 3416 136 88 p.,
1388 3388 64 96 1
1508 3388 36 96 l
1556 3464 24 20 .
1720 3388 56 96 f
1776 3372 336 128 ront.,
2176 3388 412 116 plates.
2728 3372 1136 128 27ͨͫ.

420 3556 316 96 Each
816 3556 320 116 plate
1212 3552 816 116 accompanied
2112 3552 148 116 by
2340 3552 248 96 leaf
2668 3548 288 100 with
3040 3548 692 120 descriptive
3820 3552 712 112 letterpress.

424 3688 348 100 "This
856 3688 440 100 edition
1376 3688 104 96 is
1560 3688 456 96 limited
2104 3696 120 88 to
2308 3688 40 92 f
2348 3688 32 92 i
2392 3712 136 72 ve
2612 3688 532 96 hundred
3232 3684 632 100 numbered
3952 3684 388 116 copies
4424 3684 128 96 of
4636 3680 380 100 which

256 3824 236 100 this
552 3824 108 96 is
720 3848 180 76 no.
964 3824 308 100 158."

252 3968 120 108 ©
448 4000 248 96 Oct.
764 4000 160 112 11,
996 3996 336 112 1927;
1404 3996 160 100 2c.
1640 3988 244 104 Oct.
1952 3988 68 92 8
2056 4016 20 92 ;
2152 3992 196 96 aff.
2424 3992 284 96 Nov.
2780 3992 68 96 8
2884 4016 20 72 ;
2980 3992 100 92 A
3148 3992 56 92 1
3216 3992 68 92 0
3288 3992 56 92 1
3356 3992 68 92 0
3424 3992 64 92 2
3496 3996 68 92 3
3564 3992 152 128 3;
3776 3992 124 96 E.
3980 3992 120 96 P.
4172 3992 444 92 Dutton
4692 3992 84 92 &
4848 4016 160 72 co.

388 4140 188 116 [©
660 4132 788 96 illustrations
1532 4132 228 96 and
1840 4132 832 120 decorations]
2784 4128 668 116 (27-23798)
4448 4120 360 100 10196

252 4380 964 152 Woldenberg,
1296 4384 568 128 Samuel
1944 4376 632 152 Charles,
2660 4388 312 116 1891
2976 4456 88 16 –

416 4564 292 128 The
772 4556 804 168 prevention
1644 4556 156 132 of
1868 4556 876 164 preventable
2812 4556 800 164 orthopedic
3684 4552 560 168 defects,
4316 4552 336 132 with
4724 4600 284 120 spe-

252 4748 260 128 cial
588 4744 680 132 reference
1340 4756 144 112 to
1560 4744 228 124 the
1864 4740 388 164 spine
2332 4744 272 124 and
2676 4744 232 124 the
2992 4736 316 168 feet,
3384 4744 180 160 by
3644 4736 96 136 S
3756 4840 24 28 .
3864 4736 112 136 C
3988 4840 28 28 .
4092 4740 928 168 Woldenberg

384 4932 84 144 …
636 4928 396 132 Saint
1160 4928 400 164 Paul,
1688 4928 972 164 Minneapolis,
2788 4928 444 124 Bruce
3368 4924 800 172 publishing
4304 4968 716 124 company,

260 5112 352 132 1927.

424 5308 60 96 5
544 5336 104 88 p.
680 5312 132 112 l.,
876 5308 132 96 15
1012 5364 72 12 –
1088 5308 204 96 120
1348 5336 104 88 p.
1592 5308 356 100 front.
2016 5304 412 120 (port.)
2504 5304 312 100 illus.
2956 5308 756 108 22½ͨͫ.

252 5440 120 120 ©
452 5448 240 96 Oct.
756 5448 168 112 22,
996 5444 336 112 1927;
1404 5444 164 96 2c.
1640 5444 244 96 Oct.
1956 5444 68 92 2
2028 5444 60 92 5
2132 5468 20 88 ;
2236 5472 64 68 a
2308 5444 52 92 f
2348 5444 80 96 f.
2500 5444 284 96 Nov.
2856 5448 124 92 4;
3064 5448 96 92 A
3236 5448 60 88 1
3304 5444 64 96 0
3376 5448 60 88 1
3448 5444 68 96 0
3516 5444 268 112 279;
3864 5448 376 104 Bruce
4312 5448 260 112 pub.
4648 5472 160 72 co.

444 5580 324 120 (27-2
772 5580 68 100 3
852 5580 260 116 772)
4452 5576 360 108 10197

248 5808 652 148 Wooden,
984 5804 584 132 Charles
1652 5804 520 156 Edgar,
2260 5812 320 120 1880
2584 5884 80 16 –

424 5988 312 136 Saw
808 5996 384 160 dust;
1268 6036 76 80 a
1412 5988 352 128 book
1832 5988 152 132 of
2056 6036 420 116 verse,
2548 5996 248 124 one
2868 6004 376 152 story
3320 5992 152 124 in
3540 6036 436 120 prose,
4048 5996 180 160 by
4304 5988 116 136 C
4432 6092 24 28 .
4540 5996 480 164 Edgar

252 6176 652 164 Wooden,
964 6176 244 168 jr.;
1276 6176 912 128 illustrations
2248 6176 180 168 by
2492 6180 532 124 author.
3192 6252 32 84 [
3280 6180 920 164 Hagerstown,
4260 6176 340 168 Md.,
4664 6180 352 128 Her-

252 6360 624 132 ald-mail
948 6404 420 124 press,
1496 6360 148 148 ͨ19
1652 6368 80 116 2
1740 6360 76 132 7
1800 6352 52 120 ]

420 6552 208 96 115
684 6584 108 88 p.
852 6552 184 100 inc
1040 6556 40 92 l
1096 6628 20 24 .
1176 6552 392 120 front.,
1636 6552 308 100 illus.
2084 6556 584 104 22ͨͫ.

260 6684 116 116 ©
468 6688 284 100 Nov.
840 6688 96 116 4,
1028 6688 336 116 1927;
1460 6692 160 96 2c.
1716 6696 228 88 and
2032 6716 68 68 a
2108 6692 96 92 ff
2212 6772 20 16 .
2324 6696 280 96 Nov.
2700 6696 68 92 5
2804 6720 20 84 ;
2924 6696 100 88 A
3116 6696 56 88 1
3184 6696 64 92 0
3256 6696 56 88 1
3320 6696 72 92 0
3400 6696 256 108 188;
3764 6696 116 96 C.
3976 6700 128 92 E.
4200 6696 540 100 Wooden.
4832 6696 176 116 jr.,

416 6828 804 112 Hagerstown,
1308 6828 228 112 Md.
1704 6828 668 112 (27-23739)
4456 6828 356 100 10198

252 7044 640 156 Worden,
968 7048 604 128 Edward
1652 7048 796 156 Chauncey,
2532 7056 312 124 1875
2852 7132 88 12 –

416 7228 696 136 Chemical
1168 7244 544 152 patents
1772 7236 480 160 index;
2324 7280 76 80 a
2460 7240 1100 164 comprehensive
3620 7240 272 128 and
3956 7240 588 128 detailed
4604 7240 404 128 index

248 7416 156 124 of
492 7416 236 132 the
820 7416 520 168 subject
1436 7432 500 116 matter
2032 7420 156 128 of
2284 7420 924 168 specification
3304 7428 272 124 and
3676 7428 472 124 claims
4244 7424 156 128 of
4496 7428 512 128 United

252 7600 452 132 States
792 7616 540 148 patents
1420 7608 272 124 and
1776 7620 476 148 patent
2332 7608 568 128 reissues
2980 7612 584 164 granted
3648 7612 508 164 during
4236 7612 232 128 the
4552 7616 456 124 decen-

252 7784 284 128 nial
632 7788 476 160 period
1220 7796 740 120 1915–1924
2052 7792 704 164 inclusive,
2848 7792 648 168 covering
3588 7796 232 128 the
3916 7796 432 136 entire
4444 7800 320 124 field
4860 7800 156 124 of

252 7972 648 128 chemical
1016 7972 884 168 technology;
2032 7980 836 160 comprising
2992 7980 228 124 the
3344 7980 980 132 ramifications
4444 7984 156 124 of
4712 8004 296 144 pat-

248 8152 400 132 ented
732 8156 708 164 inorganic
1524 8160 268 124 and
1876 8164 560 160 organic
2520 8164 652 124 chemical
3256 8208 672 120 processes
4012 8172 272 124 and
4368 8172 648 160 products

252 8384 148 84 as
480 8340 560 164 applied
1124 8356 140 112 to
1348 8340 600 168 biology,
2024 8344 892 168 microscopy,
2992 8348 552 168 botany,
3624 8348 896 176 mineralogy,
4604 8356 404 164 phar-

252 8568 432 124 macy,
760 8528 708 160 medicine,
1556 8528 972 168 photography
2612 8536 272 124 and
2968 8536 664 156 dyestuffs
3716 8536 144 124 in
3940 8536 332 128 both
4360 8540 228 128 the
4676 8584 332 84 war-

260 8708 264 128 like
612 8716 276 124 and
968 8708 628 164 peaceful
1680 8728 324 112 arts.
2176 8716 220 164 By
2480 8716 608 128 Edward
3184 8716 728 132 Chauncey
3992 8724 648 164 Worden,
4720 8728 284 124 first

388 8904 84 132 …
556 8944 124 76 v.
748 8912 108 112 1.
1004 8900 332 124 New
1396 8900 432 156 York,
1888 8900 448 128 Booth
2400 8904 908 164 department,
3368 8908 288 124 The
3724 8904 696 136 Chemical
4480 8916 536 164 catalog

260 9124 708 120 company,
1032 9080 308 164 inc.,
1412 9080 356 132 1927.

428 9276 200 96 904
704 9304 100 88 p.
952 9276 1024 108 25ͨͫ.

264 9372 116 108 ©
468 9412 280 96 Nov.
824 9412 100 112 2,
1000 9412 336 112 1927;
1416 9412 160 96 2c.
1656 9416 280 96 Nov.
2016 9416 128 112 4;
2232 9416 196 96 aff.
2504 9420 284 96 Nov.
2868 9420 128 112 3;
3084 9424 96 92 A
3256 9424 60 92 1
3324 9424 68 96 0
3396 9428 56 88 1
3464 9424 72 96 0
3536 9424 60 96 1
3608 9424 132 96 66
3780 9452 20 84 ;
3892 9424 584 108 Chemical
4560 9428 456 116 catalog

432 9548 56 92 c
500 9568 128 92 o.,
708 9544 220 100 inc.
1092 9548 332 112 (27-2
1424 9548 64 96 3
1496 9548 260 112 431)
4456 9556 356 108 10199

2484 9688 316 120 1519
