5920 10300
140 984 544 144 Sellers,
780 980 488 124 Edwin
1364 980 584 148 Jaquett
1956 1052 76 20 —
2148 972 768 132 Continued

304 1208 536 104 "Edition
904 1208 448 100 limited
1420 1212 116 92 to
1604 1232 212 72 one
1876 1208 528 96 hundred
2468 1200 484 120 copies."

300 1348 376 100 Allied
736 1340 580 100 families:
1392 1340 444 120 Bishop
1896 1340 232 96 and
2200 1340 540 96 Jackson.

172 1528 64 76 ©
356 1520 284 88 Mar.
724 1512 164 112 14,
976 1508 332 112 1927;
1400 1508 60 92 2
1468 1536 56 80 c
1540 1584 20 20 .
1648 1508 288 96 Mar.
2024 1504 192 112 15;
2312 1504 196 96 aff.
2600 1508 288 92 Mar.
2972 1504 196 108 29;
3264 1500 92 96 A
3440 1500 468 120 972286;
4012 1504 124 92 E.
4224 1500 104 96 J.
4424 1500 68 92 S
4504 1500 376 116 ellers,

304 1644 840 116 Philadelphia.
1308 1640 600 120 (27-7095)
4408 1632 280 100 2390

136 1936 780 152 Stackpole,
992 1932 604 132 Edward
1672 1932 528 152 James,
2284 1940 316 120 1861
2608 2012 88 12 –

312 2156 532 128 Behind
920 2156 224 124 the
1208 2196 448 84 scenes
1728 2152 336 124 with
2132 2196 76 80 a
2276 2196 800 116 newspaper
3144 2196 380 112 man;
3600 2144 324 168 fifty
3992 2192 384 120 years
4448 2148 140 124 in
4656 2148 232 124 the

148 2344 244 128 life
464 2340 152 128 of
688 2388 176 76 an
932 2340 484 160 editor,
1496 2336 176 168 by
1752 2340 160 124 E.
1992 2340 136 132 J.
2208 2336 776 164 Stackpole,
3060 2332 692 168 president
3828 2332 272 128 and
4176 2332 708 128 editor-in-

148 2528 364 128 chief
592 2524 156 128 of
828 2528 232 124 the
1148 2524 860 168 Harrisburg
2092 2524 756 164 telegraph,
2940 2520 332 128 with
3364 2532 160 116 44
3612 2520 908 128 illustrations
4616 2520 272 128 and

144 2724 156 120 20
384 2716 268 124 line
740 2712 728 164 drawings.
1648 2712 976 160 Philadelphia
2708 2716 112 120 &
2904 2712 620 160 London,
3608 2712 132 124 J.
3836 2712 160 124 B.
4080 2704 812 168 Lippincott

140 2944 704 120 company,
916 2892 360 132 1927.

308 3100 64 96 3
440 3124 100 88 p.
612 3100 44 88 l
664 3168 56 40 .,
796 3096 36 88 [
832 3092 60 96 5
900 3140 24 72 ]
932 3096 140 96 –3
1080 3096 64 92 2
1156 3088 60 100 5
1224 3168 24 40 ,
1328 3092 124 120 [1]
1536 3120 104 88 p.
1812 3096 392 112 front.,
2284 3088 36 96 i
2328 3092 84 92 ll
2420 3112 204 96 us.,
2696 3092 412 116 plates,
3176 3092 360 116 ports.
3672 3088 1212 120 22½ͨͫ.

148 3260 116 120 ©
336 3268 260 96 Feb.
656 3264 96 112 3,
816 3264 332 112 1927;
1220 3264 160 96 2c.
1448 3264 224 96 and
1732 3264 200 96 aff.
2000 3264 288 96 Mar.
2352 3260 200 112 30;
2620 3264 100 92 A
2780 3264 476 108 972311;
3328 3264 128 96 E.
3524 3264 108 96 J.
3704 3260 648 116 Stackpole,
4420 3256 472 100 Harris-

300 3400 316 116 burg,
700 3400 200 96 Pa.
1068 3396 596 120 (27-7014)
4408 3392 280 100 2391

140 3692 388 148 Stoll,
612 3692 476 124 Elmer
1172 3688 520 156 Edgar,
1784 3688 328 132 1874
2120 3768 72 16 –

308 3908 924 164 Shakespeare
1308 3908 556 164 studies,
1936 3908 704 128 historical
2724 3908 276 128 and
3072 3908 928 164 comparative
4080 3908 144 128 in
4300 3908 596 160 method,

148 4096 172 164 by
408 4096 464 124 Elmer
964 4092 476 168 Edgar
1536 4092 96 132 S
1644 4104 136 116 to
1792 4096 44 120 l
1848 4096 44 120 l
2016 4092 84 148 …
2320 4096 332 124 New
2740 4092 432 164 York,
3260 4096 292 124 The
3644 4092 564 128 Macmil
4216 4096 48 124 l
4272 4136 172 84 an
4544 4140 68 80 c
4616 4136 76 84 o
4700 4140 192 80 m-

148 4320 400 124 pany,
612 4276 356 132 1927.

308 4496 76 68 x
392 4468 32 96 i
492 4496 140 92 p.,
696 4472 60 96 1
824 4472 40 96 l
876 4544 56 36 .,
1004 4472 60 96 5
1072 4472 64 96 0
1144 4472 64 92 2
1268 4496 104 92 p.
1512 4472 760 108 22½ͨͫ
1844 4544 24 24 .

148 4628 116 116 ©
344 4648 284 92 Mar.
700 4644 164 112 29,
936 4640 332 112 1927;
1348 4640 64 92 2
1416 4656 56 76 c
1488 4720 20 16 .
1580 4644 232 92 and
1884 4640 196 100 aff.
2156 4644 292 92 Mar.
2516 4640 196 112 30;
2792 4640 96 96 A
2956 4640 416 100 972324
3400 4652 32 84 ;
3520 4640 668 100 Macmillan
4264 4672 160 68 co.

328 4780 596 112 (27-7028)
4404 4780 288 100 2392

140 5068 704 152 Sweeney,
932 5068 256 128 Ed.

300 5280 780 132 Poorhouse
1200 5280 708 168 Sweeney;
2032 5284 248 128 life
2396 5284 140 124 in
2660 5332 76 76 a
2856 5300 500 148 county
3472 5288 792 160 poorhouse,
4380 5288 168 164 by
4688 5288 204 128 Ed

144 5464 676 172 Sweeney,
888 5468 332 128 with
1288 5512 76 84 a
1440 5468 680 132 foreword
2184 5468 180 168 by
2432 5472 708 128 Theodore
3208 5472 596 164 Dreiser,
3876 5472 768 132 illustrated
4716 5476 180 164 by

140 5652 224 128 the
424 5656 532 128 author.
1132 5656 332 128 New
1536 5656 428 164 York,
2032 5656 360 128 Boni
2460 5660 112 124 &
2632 5656 768 168 Liveright,
3472 5660 364 128 1927.

300 5860 72 80 x
384 5852 36 96 i
480 5880 140 92 p.,
688 5856 60 92 1
808 5856 44 92 l
864 5928 52 40 .,
980 5852 208 100 178
1244 5880 104 88 p.
1492 5856 200 96 col.
1764 5856 392 116 front.,
2224 5856 408 116 plates.
2772 5856 1216 104 21½ͨͫ.

152 5992 112 108 ©
344 6024 284 92 Mar.
692 6020 168 112 25,
924 6020 332 112 1927;
1328 6024 64 92 2
1400 6048 60 68 c
1460 6056 20 56 .
1556 6024 224 92 and
1848 6020 196 100 aff.
2112 6024 292 96 Mar.
2468 6024 196 108 31;
2736 6024 96 92 A
2900 6024 476 112 972370;
3452 6024 296 100 Boni
3816 6028 84 96 &
3972 6024 628 120 Liveright,
4672 6032 216 100 inc.

332 6156 596 116 (27-7077)
4408 6164 284 100 2393

140 6440 840 160 Thompson,
1060 6448 436 128 Edith
1568 6452 188 124 M.

312 6664 704 128 Putnam's
1072 6664 464 164 junior
1592 6664 612 164 question
2264 6664 396 168 book,
2716 6668 924 172 entertaining
3696 6672 524 164 queries
4284 6672 224 132 for
4568 6676 328 164 boys

152 6844 264 128 and
480 6848 408 164 girls;
964 6848 336 128 with
1372 6892 76 84 a
1520 6852 376 160 prize
1960 6852 340 128 offer
2368 6852 224 128 for
2660 6868 520 116 correct
3244 6900 628 120 answers,
3940 6856 180 164 by
4196 6860 436 128 Edith
4704 6864 192 128 M.

152 7024 780 168 Thompson
1016 7036 88 132 …
1336 7036 332 128 New
1752 7036 428 164 York,
2252 7036 168 132 G.
2500 7040 160 128 P.
2736 7040 460 128 Putna
3204 7084 136 84 m
3352 7036 92 132 's
3524 7084 308 88 sons
3848 7040 168 144 [ͨ1
4100 7044 240 132 927
4340 7088 36 88 ]

316 7224 164 112 64,
552 7224 124 120 [8]
748 7252 104 88 p.
992 7224 680 108 19½ͨͫ.

320 7384 56 44 "
392 7384 72 104 S
472 7412 56 72 c
536 7412 64 72 o
612 7412 120 76 re
792 7388 412 100 card":
1268 7420 108 88 p.
1440 7392 420 120 61–[63]

312 7520 748 120 Advertising
1116 7528 500 96 matter:
1680 7512 104 132 p.
1840 7528 168 100 64.

160 7684 120 120 ©
348 7692 284 96 Mar.
696 7676 164 128 30,
928 7696 336 108 1927;
1328 7696 164 96 2c.
1560 7700 228 92 and
1852 7692 196 108 aff.
2116 7704 292 96 Mar.
2472 7704 196 108 31;
2736 7700 100 96 A
2900 7704 272 96 9723
3176 7708 64 92 3
3248 7708 128 108 8;
3448 7708 124 96 E.
3644 7708 148 96 M.
3860 7708 676 116 Thompson.
4616 7712 280 96 New

316 7824 336 100 York.
824 7828 592 116 (27-7031)
4412 7840 280 104 2394

152 8076 920 160 Timberlake,
1144 8088 528 152 Henry,
1752 8092 132 128 d.
1960 8088 360 136 1765.

308 8288 244 128 Lie
556 8332 88 84 u
652 8300 92 120 t.
852 8296 484 168 Henry
1436 8300 972 136 Timberlake's
2508 8308 692 160 Memoirs,
3308 8308 320 132 1756
3632 8392 84 12 –
3724 8312 384 160 1765;
4224 8312 332 128 with
4664 8360 160 84 an

148 8476 656 160 notation,
872 8480 928 132 introduction
1876 8488 268 128 and
2224 8488 412 128 index
2700 8492 180 164 by
2960 8488 548 132 Samuel
3584 8496 324 128 Cole
3976 8500 688 128 Williams
4764 8480 80 148 …

148 8652 612 136 Johnson
832 8660 360 172 City,
1260 8668 468 164 Tenn.,
1792 8672 288 128 The
2144 8676 688 164 Watauga
2896 8720 416 120 press,
3388 8680 356 128 1927.

312 8856 204 100 197
580 8888 108 88 p.
820 8860 360 100 front.
1244 8864 412 116 (port.)
1732 8872 288 96 fold.
2084 8896 72 88 p
2160 8872 40 92 l
2212 8944 60 40 .,
2332 8872 280 96 fold.
2684 8896 304 92 map.
3124 8860 724 108 21½ͨͫ.

320 9020 312 96 With
708 9028 808 112 reproduction
1588 9032 128 96 of
1776 9032 500 116 original
2348 9040 268 112 t.-p.,
2688 9032 508 120 London,
3264 9040 308 100 1765.

320 9152 888 124 Bibliography:
1280 9188 108 92 p.
1464 9208 28 72 [
1496 9164 204 96 177
1720 9148 96 88 ]–
1816 9168 208 96 184
2032 9244 24 24 .

172 9280 108 112 ©
356 9320 284 96 Mar.
700 9320 164 116 23,
928 9324 336 112 1927;
1328 9328 160 96 2c.
1556 9332 224 92 and
1840 9316 196 112 aff.
2104 9332 292 96 Mar.
2456 9332 200 112 28;
2724 9332 100 96 A
2884 9332 480 120 972287;
3428 9344 580 116 Watauga
4076 9368 360 96 press.

344 9448 592 124 (27-7092)
4412 9476 280 100 2395

2420 9588 244 128 367
