5984 10352
336 972 456 120 Latan
804 964 72 128 é
888 1064 32 52 ,
996 960 368 132 John
1440 960 736 152 Holladay,
2260 968 316 116 1869
2580 1036 84 16 –

584 1152 84 148 …
752 1148 132 128 A
968 1148 532 160 history
1584 1144 156 128 of
1820 1148 228 124 the
2132 1144 520 128 United
2744 1140 492 160 States,
3320 1140 184 164 by
3588 1140 376 128 John
4044 1136 712 164 Holladay
4836 1136 260 128 La-

352 1356 44 108 t
408 1340 236 124 ané
720 1344 80 136 …
1064 1336 272 124 Bos
1344 1344 60 116 t
1408 1376 212 116 on,
1700 1332 332 124 New
2116 1328 388 128 York
2600 1340 48 112 [
2640 1340 288 148 etc.]
3024 1328 432 164 Allyn
3540 1328 272 124 and
3896 1328 464 124 Bacon
4460 1332 448 152 [ͨ1926]

500 1552 76 76 x
584 1532 164 120 iii,
832 1536 232 108 662,
1144 1532 140 96 28
1364 1556 104 88 p.
1548 1528 188 100 inc
1744 1532 36 88 l
1792 1604 24 24 .
1896 1528 360 100 front.
2320 1528 412 116 (port.)
2840 1524 312 96 illus.
3300 1548 328 92 maps
3692 1524 328 116 (part
4104 1520 472 112 double)
4752 1520 720 124 19½ͨͫ.

356 1676 400 112 (Allyn
828 1672 228 92 and
1124 1664 492 100 Bacon's
1684 1664 360 96 series
2116 1664 124 96 of
2304 1664 392 96 school
2764 1656 616 116 histories)

500 1808 696 92 References
1264 1808 128 88 at
1452 1800 224 96 end
1744 1800 124 96 of
1932 1800 284 96 each
2284 1800 516 112 chapter.

340 1916 116 112 ©
536 1940 272 112 July
872 1940 164 112 29,
1104 1940 132 92 19
1244 1936 136 96 26
1416 1964 24 80 ;
1512 1940 160 92 2c.
1740 1932 264 100 Feb.
2068 1936 164 108 17,
2300 1932 336 112 1927;
2712 1932 196 96 aff.
2980 1932 268 96 Feb.
3316 1936 124 108 7;
3512 1932 96 92 A
3676 1928 480 116 967243;
4232 1932 104 96 J.
4404 1932 148 96 H.
4620 1932 380 96 Latan
5008 1924 64 96 é
5076 2004 20 40 ,

500 2076 672 96 Baltimore.
1324 2068 164 108 [©
1560 2096 252 68 new
1888 2076 460 100 matter]
2524 2068 600 116 (27-3336)
4620 2060 284 104 1094

340 2300 376 148 Law,
792 2296 752 128 Frederick
1624 2296 216 124 Ho
1852 2336 84 84 u
1944 2296 136 124 k.

516 2488 588 164 English
1172 2484 224 124 for
1460 2484 780 124 immediate
2304 2524 268 116 use,
2636 2484 340 120 with
3040 2484 324 124 drill
3432 2480 144 124 in
3644 2480 740 160 essentials,
4444 2476 180 168 by
4688 2476 412 128 Fred-

348 2716 64 84 e
428 2672 288 124 rick
800 2672 420 124 Houk
1304 2672 328 124 Law
1684 2684 84 132 …
2052 2668 328 128 New
2468 2668 428 160 York,
2988 2664 604 168 Chicago
3688 2680 332 144 [etc.]
4120 2664 148 132 C.
4364 2664 748 132 Scribner's

340 2904 304 80 sons
728 2940 28 76 [
768 2856 372 128 ͨ1927
1156 2936 28 80 ]

512 3068 236 80 xxx
764 3056 68 116 i,
908 3100 28 72 [
944 3052 60 96 1
1056 3128 24 40 ]
1144 3052 212 100 496
1424 3076 104 92 p.
1672 3056 60 92 1
1800 3052 344 116 illus.,
2224 3052 412 116 plates.
2772 3048 756 116 19ͨͫ.

516 3192 320 100 Each
916 3192 312 116 plate
1308 3192 816 112 accompanied
2204 3188 148 116 by
2428 3188 244 96 leaf
2752 3188 288 96 with
3120 3184 736 120 suggestions
3932 3188 192 96 for
4196 3188 384 116 study,
4668 3192 204 92 not
4952 3184 40 100 i
5000 3208 116 72 n-

348 3332 408 96 cluded
828 3328 124 96 in
1012 3328 456 120 paging.

344 3404 116 148 ©
540 3468 264 96 Feb.
872 3468 160 108 14,
1100 3464 332 112 1927;
1504 3464 164 96 2c.
1732 3460 268 100 Feb.
2064 3464 200 108 21;
2332 3460 128 96 af
2428 3460 72 96 f
2512 3536 16 24 .
2600 3460 264 100 Feb.
2932 3460 196 116 18;
3200 3464 96 92 A
3360 3460 480 112 963642;
3916 3460 492 96 Charles
4480 3456 632 104 Scribner's

504 3628 300 72 sons.
956 3612 44 88 [
1000 3592 120 124 ©
1204 3600 504 92 revision
1788 3600 228 92 and
2096 3596 648 96 additional
2828 3596 420 96 materi
3260 3620 64 72 a
3336 3600 72 116 l]
3580 3596 600 116 (27-3497)
4632 3592 280 100 1095

352 3824 484 156 Leigh,
908 3824 784 152 Randolph.

524 4012 664 164 Oratory;
1288 4056 72 80 a
1444 4012 732 124 handbook
2264 4008 224 128 for
2572 4012 912 160 participants
3568 4012 148 124 in
3804 4012 228 124 the
4120 4012 616 124 national
4828 4052 292 84 ora-

356 4200 484 128 torical
916 4212 560 144 contest,
1552 4196 800 164 containing
2428 4196 232 128 the
2736 4196 620 168 winning
3432 4196 608 128 orations
4120 4196 156 128 of
4356 4196 328 128 each
4756 4244 368 120 year,

356 4388 176 160 by
612 4388 744 160 Randolph
1440 4384 436 164 Leigh
1968 4396 92 136 …
2284 4384 328 124 New
2700 4384 432 160 York,
3212 4384 620 164 London,
3916 4384 164 132 G.
4164 4388 160 128 P.
4408 4388 716 128 Putnam's

352 4620 348 112 sons,
776 4572 352 132 1927.

512 4776 160 116 iii,
752 4776 204 96 150
1024 4800 104 88 p.
1272 4772 640 112 19½ͨͫ.

356 4904 120 116 ©
552 4916 264 92 Feb.
884 4912 100 112 4,
1052 4908 336 112 1927;
1460 4908 64 92 2
1528 4932 60 76 c
1600 4984 24 20 .
1696 4908 264 96 Feb.
2032 4908 128 108 3;
2236 4904 196 96 aff.
2508 4896 264 104 Feb.
2848 4904 196 112 16;
3120 4904 100 96 A
3284 4904 476 116 967259;
3844 4908 132 96 R.
4052 4904 392 120 Leigh,
4516 4908 608 120 Washing-

516 5052 44 92 t
568 5076 176 72 on.
912 5040 604 124 (27-3432)
4640 5040 284 104 1096

364 5356 28 80 [
404 5268 788 152 Lorenzini,
1272 5268 452 160 Carlo]
1820 5276 776 120 1831-1890.

520 5456 804 160 Pinocchio;
1420 5456 232 124 the
1744 5468 376 148 story
2212 5456 156 124 of
2456 5500 76 80 a
2624 5468 576 148 puppet,
3284 5452 184 168 by
3560 5452 232 136 "C.
3896 5456 632 132 Collodi"
4648 5456 480 168 (Carlo

356 5640 860 168 Lorenzini),
1280 5640 452 128 edited
1800 5644 272 124 and
2136 5640 780 128 illustrated
2976 5640 188 164 by
3224 5640 464 132 Violet
3748 5640 476 132 Moore
4288 5640 616 168 Higgins
4996 5640 76 148 …

360 5828 644 164 Chicago,
1076 5828 172 124 A.
1320 5828 716 128 Whitman
2104 5832 112 120 &
2288 5868 672 124 company
3048 5828 152 152 [ͨ
3144 5832 364 156 1926]

516 6024 204 96 255
780 6052 104 88 p.
948 6024 188 96 inc
1140 6024 40 92 l
1192 6100 20 20 .
1276 6024 204 96 col.
1548 6020 392 116 front.,
2004 6024 208 96 col.
2280 6020 308 100 illus.
2720 6024 684 108 23½ͨͫ.
3240 6024 336 112 (Just
3628 6024 324 116 right
4016 6024 356 120 book)

364 6132 116 112 ©
548 6164 284 112 Aug.
896 6160 96 116 6,
1052 6160 336 108 1926;
1456 6160 60 92 2
1524 6168 56 80 c
1596 6232 20 24 .
1680 6160 284 112 Aug.
2024 6160 64 92 3
2096 6156 68 96 0
2200 6180 28 88 ;
2292 6156 200 100 aff.
2560 6156 308 116 Sept.
2932 6160 56 92 1
3000 6160 68 92 0
3104 6184 24 84 ;
3196 6160 100 92 A
3356 6160 136 96 95
3496 6160 68 96 0
3568 6156 64 96 9
3640 6160 64 96 0
3708 6160 128 116 4;
3904 6160 412 96 Albert
4376 6160 600 100 Whitman
5048 6156 76 92 &

524 6324 160 72 co.
852 6292 672 120 (26-20362)
4648 6292 280 104 1097

360 6520 860 148 Luckenbill,
1292 6516 500 132 Daniel
1868 6516 500 132 David.

524 6704 596 128 Ancient
1180 6708 540 124 records
1784 6708 156 124 of
1996 6704 576 164 Assyria
2640 6708 272 124 and
2976 6708 816 160 Babylonia,
3856 6708 184 168 by
4104 6708 500 128 Daniel
4668 6712 468 128 David

364 6892 804 128 Luckenbill
1272 6896 76 136 …
1524 6936 124 80 v.
1708 6900 116 116 2.
1884 6888 760 132 Historical
2704 6892 544 128 records
3308 6892 156 128 of
3520 6896 576 164 Assyria
4160 6892 368 128 from
4596 6892 540 168 Sargon

364 7092 140 112 to
596 7080 228 124 the
920 7080 296 124 end.
1404 7072 644 168 Chicago,
2140 7080 276 160 Ill.,
2512 7080 288 124 The
2892 7080 816 164 University
3796 7080 156 128 of
4056 7080 604 168 Chicago
4760 7124 372 124 press

376 7268 152 156 [ͨ
476 7264 320 128 1927
808 7340 28 80 ]

524 7468 76 76 x
612 7456 116 116 ii,
824 7456 204 96 504
1116 7484 104 88 p.
1380 7456 720 108 24½ͨͫ
1708 7532 20 20 .
1900 7456 716 120 (Half-title:
2708 7456 496 100 Ancient
3300 7468 464 92 records
3868 7468 408 96 [under
4372 7464 192 100 the
4664 7472 472 108 general

364 7592 644 116 editorship
1080 7592 124 96 of
1280 7592 104 96 J.
1464 7596 144 92 H.
1684 7596 604 96 Breasted.
2432 7596 180 96 1st
2688 7592 320 116 ser.])

376 7696 116 108 ©
564 7732 260 92 Jan.
888 7728 168 112 31,
1120 7724 336 116 1927;
1524 7732 160 96 2c.
1752 7732 268 96 Feb.
2084 7732 196 108 18;
2356 7724 140 104 af
2468 7724 48 88 t
2532 7808 20 20 .
2616 7732 268 96 Feb.
2952 7732 196 112 14;
3224 7736 96 92 A
3384 7732 64 96 9
3456 7736 128 96 63
3596 7732 268 112 619;
3940 7736 676 116 University
4688 7736 124 100 of
4880 7736 256 104 Chi-

528 7888 312 88 cago,
932 7860 532 116 Chicago.
4652 7868 280 104 1098

372 8080 612 152 Luckey,
1052 8084 644 128 Leonard
1760 8084 528 132 Wilson
2360 8088 576 152 Arnold,
3012 8092 320 128 1857
3332 8168 84 16 –

540 8264 592 132 Whence
1216 8284 500 112 comest
1792 8272 412 124 thou?
2384 8276 640 128 Whither
3112 8296 376 144 goest
3568 8280 416 128 thou?
4160 8284 132 124 A
4376 8332 332 116 very
4792 8328 344 84 com-

384 8460 792 156 prehensive
1248 8460 552 128 treatise
1876 8504 168 88 on
2120 8460 596 128 creation
2796 8464 272 124 and
3140 8464 232 128 the
3448 8468 524 124 endless
4044 8472 864 164 progression
4988 8468 156 128 of

384 8648 252 124 life
736 8696 140 76 as
972 8648 116 124 is
1180 8652 504 160 clearly
1784 8696 348 116 seen,
2228 8652 604 164 through
2936 8652 508 128 science
3540 8660 268 124 and
3908 8656 628 164 religion,
4632 8660 184 160 by
4908 8660 232 128 the

384 8840 324 124 Rev.
780 8840 624 124 Leonard
1468 8840 216 124 W.
1756 8836 168 128 A.
1992 8836 552 164 Luckey
2624 8852 84 128 …
2916 8844 556 156 Boston,
3540 8844 456 164 Mass.,
4060 8844 288 128 The
4424 8844 716 132 Stratford

380 9068 712 120 company,
1164 9020 356 132 1927.

536 9240 208 96 209
812 9268 104 88 p.
1052 9240 716 108 19½ͨͫ.

388 9336 116 112 ©
580 9372 264 96 Feb.
912 9372 164 116 11,
1148 9372 332 112 1927;
1560 9372 160 96 2c.
1792 9372 264 104 Feb.
2128 9380 196 108 17;
2400 9372 124 96 af
2496 9372 72 96 f
2576 9452 20 24 .
2668 9372 268 104 Feb.
3008 9380 192 108 16;
3280 9380 92 92 A
3444 9380 64 96 9
3516 9380 60 96 6
3588 9380 336 112 7244;
4000 9384 124 96 L.
4196 9384 168 96 W.
4440 9384 128 96 A.
4640 9384 492 116 Luckey,

544 9508 280 96 New
896 9508 344 96 York.
1408 9512 600 116 (27-3427)
4656 9512 280 104 1099

2652 9640 236 124 169
