5968 10284
860 992 544 148 Porter,
1480 992 464 148 Philip
2020 984 1488 152 Kelsey—Continued

972 1188 84 132 …
1140 1176 552 132 Samuel
1796 1176 160 124 P.
2060 1176 540 160 Marley
2680 1188 84 132 …
2984 1172 316 160 [and
3408 1172 496 160 others]
4032 1172 336 124 with
4480 1216 72 84 a
4672 1172 684 128 foreword
5460 1176 180 164 by

872 1364 212 128 W.
1184 1360 172 128 A.
1456 1360 536 128 Hamor
2092 1380 84 128 …
2356 1360 268 128 and
2732 1400 172 84 an
3008 1356 936 128 introduction
4044 1356 180 164 by
4324 1356 220 132 W.
4652 1356 176 128 A.
4936 1356 444 132 Gruse
5480 1380 84 128 …

876 1556 88 108 [
924 1544 864 164 Pittsburgh,
1824 1540 400 152 ͨ1927
2236 1620 28 84 ]

1040 1740 124 96 51
1244 1764 108 92 p.
1492 1740 720 108 23½ͨͫ.
2012 1736 740 116 (University
2832 1740 124 92 of
3036 1736 724 116 Pittsburgh.
3912 1732 376 100 Radio
4368 1732 720 120 publication
5168 1764 180 72 no.
5432 1740 192 116 28)

1040 1876 716 96 "Broadcast
1812 1872 308 96 from
2176 1876 200 92 the
2436 1872 680 112 University
3176 1872 124 96 of
3356 1872 688 112 Pittsburgh
4108 1872 392 96 studio
4564 1872 120 96 of
4744 1872 472 116 KDKA,
5288 1876 132 96 W
5428 1884 212 88 est-

868 2008 560 116 inghouse
1496 2004 472 100 electric
2036 2008 88 96 &
2188 2004 960 116 manufacturing
3216 2032 592 92 company,
3888 2004 720 120 Pittsburgh,
4680 2008 960 116 Pennsylvania."

872 2116 116 112 ©
1080 2148 116 92 M
1208 2168 144 92 ay
1432 2148 56 88 1
1500 2144 64 92 0
1576 2220 20 36 ,
1680 2140 336 112 1927;
2100 2144 164 96 2c.
2348 2148 224 88 and
2660 2140 124 96 af
2768 2140 60 92 f
2836 2220 24 20 .
2940 2148 272 108 May
3288 2144 200 108 27;
3576 2148 96 88 A
3756 2140 480 116 990291;
4324 2140 676 120 University
5084 2144 128 96 of
5292 2144 348 104 Pitts-

1032 2284 400 112 burgh,
1532 2280 720 112 Pittsburgh.
2420 2276 724 116 (27-13049)-
5152 2276 288 104 4724

872 2476 616 148 Reagan,
1568 2472 512 148 Oliver,
2160 2472 200 124 ed.

1036 2660 732 128 American
1848 2660 904 124 architecture
2824 2656 156 128 of
3048 2660 236 124 the
3356 2656 712 128 twentieth
4144 2668 628 156 century;
4860 2704 76 84 a
5012 2660 404 128 series
5496 2660 152 128 of

868 2848 944 164 photographs
1908 2848 268 124 and
2272 2848 704 120 measured
3076 2844 692 164 drawings
3864 2844 156 128 of
4112 2848 608 160 modern,
4812 2848 384 160 civic,
5296 2892 344 80 com-

868 3032 552 124 mercial
1528 3032 272 124 and
1908 3032 740 124 industrial
2756 3028 748 168 buildings,
3612 3032 200 124 ed.
3928 3032 180 160 by
4224 3032 472 132 Oliver
4808 3032 560 168 Reagan
5448 3032 84 144 …

876 3232 184 148 pt.
1184 3228 112 116 2.
1500 3220 332 124 New
1956 3216 428 164 York,
2500 3216 1020 128 Architectural
3636 3216 356 128 book
4108 3216 804 168 publishing
5032 3264 236 120 co.,
5388 3220 256 128 inc.

880 3420 80 144 [ͨ
976 3416 148 112 19
1140 3412 72 116 2
1224 3404 76 128 7
1308 3484 28 80 ]

1032 3608 56 88 1
1156 3632 104 88 p.
1324 3608 36 88 l
1376 3680 52 36 .,
1500 3600 132 96 20
1692 3628 72 88 p
1772 3608 36 88 l
1824 3676 16 20 .
1988 3604 756 104 52ͨͫ.

876 3712 116 108 ©
1092 3744 268 108 May
1444 3740 164 112 28,
1696 3740 44 88 1
1768 3740 268 108 927;
2128 3740 160 96 2c.
2376 3740 304 92 June
2764 3740 56 88 1
2836 3740 60 88 5
2924 3748 32 88 ;
3056 3740 124 92 af
3164 3740 56 88 f
3228 3816 24 20 .
3340 3740 304 92 June
3732 3740 192 112 21;
4020 3740 96 92 A
4204 3740 60 92 9
4276 3736 60 96 9
4348 3736 60 96 6
4416 3740 132 96 17
4556 3736 64 96 0
4660 3764 20 88 ;
4776 3740 864 96 Architectural

1036 3876 296 96 book
1404 3876 264 112 pub.
1744 3900 200 88 co.,
2020 3872 220 100 inc.
5156 3868 284 104 4725

868 4060 580 152 Riddell,
1528 4064 708 124 Florence.

1032 4252 544 124 Kismet
1656 4252 136 124 in
1876 4252 532 164 Kenya.
2588 4252 388 164 chap.
3072 4260 192 120 16.

1056 4448 116 116 (I
1176 4460 80 76 n
1332 4440 380 100 Home
1788 4440 664 124 magazine,
2536 4440 328 124 Apr.,
2948 4440 348 120 1927)

880 4552 116 108 ©
1076 4588 60 88 1
1136 4592 108 88 c.
1320 4588 268 108 May
1664 4584 164 112 12,
1908 4584 336 112 1927;
2324 4588 96 92 A
2500 4588 144 92 ad
2720 4588 32 92 i
2768 4588 164 96 nt.
3008 4584 64 96 9
3076 4588 272 108 417;
3428 4580 344 116 pubd.
3852 4588 292 92 Mar.
4224 4584 192 112 18;
4500 4580 132 100 F.
4708 4580 496 116 Riddell,
5288 4584 352 112 High-

1036 4724 296 108 gate,
1416 4720 564 112 England.
5156 4712 284 104 4726

872 4908 524 152 Riegel,
1468 4908 576 152 Robert,
2124 4920 316 116 1890
2444 4988 72 16 –

1040 5092 112 124 E
1168 5096 44 124 l
1224 5140 376 80 emen
1608 5108 60 112 t
1672 5144 60 80 s
1820 5096 152 124 of
2056 5096 612 128 business
2756 5144 60 80 s
2824 5112 52 112 t
2888 5144 76 80 a
2972 5112 52 112 t
3036 5096 416 164 istics,
3536 5096 184 168 by
3812 5096 512 128 Robert
4408 5096 424 164 Riege
4840 5100 48 120 l
4984 5092 72 144 …
5312 5096 200 128 Re
5520 5140 84 84 v
5612 5196 28 28 .

868 5284 200 124 ed.
1248 5284 332 124 New
1664 5280 428 164 York,
2168 5284 616 160 London,
2860 5284 172 124 D.
3116 5284 704 160 Appleton
3900 5284 272 128 and
4252 5324 712 124 company,
5048 5284 356 124 1927.

1032 5504 160 68 xx
1256 5504 136 88 p.,
1464 5484 52 88 1
1592 5484 32 88 l
1644 5556 52 36 .,
1768 5480 212 96 549
2040 5508 108 88 p.
2288 5480 344 116 illus.,
2704 5508 72 88 p
2780 5484 32 88 l
2832 5556 56 36 .,
2960 5480 432 116 diagrs.
3532 5480 1216 104 21ͨͫ.

1040 5612 832 100 "References"
1944 5624 124 88 at
2136 5616 224 96 end
2428 5616 124 96 of
2620 5616 280 96 each
2972 5616 516 112 chapter.

876 5712 116 112 ©
1080 5748 300 96 June
1452 5748 96 112 3,
1624 5748 340 108 1927;
2040 5748 164 96 2c.
2280 5752 228 92 and
2584 5748 196 96 aff.
2860 5748 304 96 June
3240 5748 60 96 8
3344 5772 24 84 ;
3444 5748 96 92 A
3620 5748 416 92 990449
4060 5752 28 80 ;
4184 5748 136 96 D.
4396 5748 576 116 Appleton
5048 5748 84 96 &
5208 5772 164 72 co.

1064 5884 672 116 (27-13015)
5156 5876 288 104 4727

876 6072 328 152 Roe,
1276 6068 596 136 Charles
1936 6072 628 152 Francis,
2644 6080 776 120 1848-1922.

1040 6260 596 128 Custer's
1704 6260 268 124 last
2040 6260 428 124 battle
2540 6308 176 76 on
2780 6264 232 124 the
3084 6264 428 120 Little
3584 6264 276 160 Big
3932 6260 444 160 Horn,
4448 6260 668 124 Montana
5188 6260 452 124 Terri-

872 6456 348 152 tory,
1284 6444 360 128 June
1704 6452 204 152 25,
1972 6444 324 128 1876
2372 6444 220 168 [by
2584 6484 40 96 ]
2716 6444 568 132 Charles
3348 6444 572 128 Francis
3984 6444 280 128 Roe
4376 6444 88 144 …
4660 6444 480 124 March
5204 6444 152 124 of
5416 6448 224 120 the

872 6628 740 128 "Montana
1696 6624 624 132 column"
2404 6632 396 124 down
2876 6632 232 124 the
3192 6632 916 124 Yellowstone
4188 6632 424 124 River
4692 6628 268 128 and
5040 6632 600 160 through

876 6816 224 124 the
1196 6816 272 164 Big
1552 6816 404 124 Horn
2048 6816 472 160 region
2620 6852 40 96 [
2660 6816 180 164 by
2836 6852 40 96 ]
2988 6816 608 124 Edward
3684 6816 136 128 J.
3904 6816 936 128 McClernand
4920 6820 84 136 …
5172 6864 464 76 narra-

872 7000 340 128 tives
1272 7000 268 124 and
1604 7000 1020 128 reminiscences
2684 7000 152 124 of
2896 7004 232 124 the
3192 6996 424 136 Sioux
3676 7000 512 128 Indian
4244 7044 324 120 war,
4624 7000 780 128 illustrated
5460 7000 180 164 by

876 7188 980 160 photographs,
1920 7228 388 120 maps
2380 7184 268 128 and
2720 7184 736 128 drawings.
3644 7228 44 92 [
3688 7184 332 128 New
4092 7184 388 128 York
4540 7188 324 160 city,
4928 7188 160 124 R.
5164 7192 476 156 Bruce,

872 7384 40 52 ͨ
928 7372 356 136 1927]

1036 7568 680 112 cover-title,
1784 7568 140 96 40
1992 7592 100 92 p.
2236 7568 312 96 illus.
2612 7564 176 120 (in
2800 7572 96 92 cl
2912 7640 20 24 .
3000 7564 388 116 maps)
3548 7568 648 108 30½ͨͫ.

884 7696 112 108 ©
1084 7708 268 108 May
1424 7704 64 88 2
1496 7700 64 96 6
1572 7776 16 24 .
1664 7700 272 96 1927
1964 7720 32 80 ;
2080 7700 160 96 2c.
2316 7704 228 92 and
2620 7700 196 96 aff.
2896 7704 268 108 May
3240 7700 196 104 28;
3516 7700 100 92 A
3684 7700 480 112 990294;
4252 7700 432 96 Robert
4760 7704 404 96 Bruce.

1068 7836 664 116 (27-13029)
5128 7832 284 104 4728

876 7996 404 144 Root,
1348 7992 608 128 William
2020 7992 660 152 Thomas,
2756 8000 316 120 1882
3076 8072 84 12 –

1040 8180 136 120 A
1272 8176 408 136 series
1788 8180 148 120 of
2044 8184 396 120 seven
2548 8180 388 124 radio
3040 8180 364 124 talks
3504 8220 176 80 on
3780 8176 868 164 Psychology
4756 8176 220 128 for
5084 8188 552 152 parents

900 8360 400 168 (with
1372 8364 400 124 select
1840 8360 1036 168 bibliography)
2972 8364 180 164 by
3216 8360 624 132 William
3912 8364 156 124 T.
4136 8364 400 160 Root,
4604 8364 168 164 jr.
4892 8356 72 148 …
5172 8360 460 132 [Pitts-

872 8548 488 160 burgh,
1432 8564 64 72 ͨ
1492 8548 360 160 1927]

1040 8744 132 96 55
1232 8768 104 88 p.
1476 8744 720 108 23½ͨͫ.
1996 8740 732 116 (University
2788 8744 124 96 of
2972 8740 724 116 Pittsburgh.
3840 8744 372 96 Radio
4272 8744 716 116 publication
5048 8768 180 72 no.
5284 8744 196 112 29)

1044 8876 716 96 "Broadcast
1872 8876 304 96 from
2292 8880 196 92 the
2608 8876 676 112 University
3392 8876 124 96 of
3628 8876 680 116 Pittsburgh
4424 8876 388 96 studio
4924 8880 120 92 of
5156 8876 472 120 KDKA,

876 9012 884 112 Westinghouse
1848 9008 468 96 electric
2400 9008 88 96 &
2568 9008 956 112 manufacturing
3608 9036 592 88 company,
4288 9008 712 116 Pittsburgh,
5092 9012 452 112 Pennsy
5552 9012 36 96 l
5600 9064 32 12 -

876 9144 448 96 vania."

1044 9276 448 96 "Select
1552 9272 944 116 bibliography":
2564 9300 104 88 p.
2736 9272 164 100 55.

888 9376 116 108 ©
1092 9412 268 108 May
1436 9412 164 108 17,
1680 9408 268 96 1927
1980 9416 32 80 ;
2100 9408 160 100 2c.
2336 9408 228 96 and
2644 9408 200 96 aff.
2924 9404 268 116 May
3268 9408 196 100 27;
3548 9408 100 88 A
3728 9404 476 116 990292;
4292 9408 336 100 Univ.
4712 9408 124 96 of
4916 9404 712 116 Pittsburgh.

1068 9540 672 116 (27-13017)
5144 9536 284 104 4729

3148 9664 248 132 718
