5920 10300
2720 9644 320 128 1791

444 960 876 156 Rothschild,
1400 964 280 152 Jay
1752 960 320 152 Leo,
2164 968 408 120 1893–

604 1152 492 164 Digest
1192 1148 152 128 of
1436 1160 548 116 current
2080 1192 356 80 cases
2564 1144 972 164 (1927—series
3628 1188 216 80 no.
3952 1140 140 168 1)
4300 1144 332 124 New
4732 1144 480 164 Jersey

444 1340 236 124 bar
772 1340 532 124 review.
1484 1340 212 156 By
1788 1332 276 164 Jay
2156 1332 272 128 Leo
2524 1332 860 156 Rothschild,
3484 1328 548 132 Samuel
4128 1324 720 128 Kaufman
4940 1332 272 120 and

444 1524 608 128 Maurice
1144 1520 144 132 C.
1380 1520 776 164 Brigadier.
2348 1520 372 156 [New
2808 1512 436 164 York,
3332 1516 156 124 F.
3576 1512 652 128 Weidner
4320 1524 288 152 ptg.
4700 1520 108 120 &
4896 1512 316 164 pub.

444 1752 232 120 co.,
748 1712 300 156 inc.,
1132 1704 320 128 1927
1448 1752 40 96 ]

612 1904 140 96 52
816 1932 100 88 p.
1060 1900 1016 112 23ͨͫ.

452 2012 116 112 ©
660 2040 304 116 Sept.
1036 2040 96 112 3,
1208 2036 336 108 1927;
1620 2036 160 96 2c.
1852 2036 232 92 and
2156 2032 200 100 aff.
2436 2032 308 116 Sept.
2816 2032 128 112 9;
3024 2032 96 92 A
3196 2028 344 100 99979
3548 2032 64 92 6
3652 2056 20 88 ;
3756 2032 104 100 J.
3936 2032 124 96 L.
4140 2032 720 112 Rothschild,
4936 2036 280 92 New

612 2172 344 96 York.
4636 2160 208 100 120
4852 2160 140 100 53

452 2356 596 152 Russell,
1120 2360 364 124 Hon.
1556 2356 712 128 Bertrand
2336 2356 560 128 Arthur
2968 2352 656 152 William,
3708 2352 320 132 1872
4032 2432 84 16 –

624 2544 608 132 Selected
1336 2584 492 120 papers
1932 2540 152 128 of
2180 2540 696 128 Bertrand
2976 2540 584 160 Russell,
3660 2536 576 132 selected
4332 2544 268 120 and
4704 2536 332 128 with
5148 2584 68 80 a

452 2728 504 168 special
1064 2728 940 128 introduction
2104 2728 180 164 by
2392 2728 692 124 Bertrand
3192 2728 580 124 Russell.
3948 2724 332 128 New
4388 2724 436 160 York,
4932 2724 292 128 The

452 2916 576 128 Modern
1100 2916 528 160 library
1716 2912 444 148 [ͨ1927]

616 3144 76 68 x
700 3112 40 96 i
748 3144 72 64 x
832 3188 24 40 ,
952 3112 212 100 390
1264 3140 104 88 p.
1508 3108 648 120 17ͨͫ.
1956 3108 716 120 (Half-title:
2768 3112 244 96 The
3120 3112 480 96 Modern
3696 3108 444 116 library
4236 3108 128 100 of
4460 3108 200 96 the
4760 3108 464 100 world's

452 3252 248 96 best
772 3244 416 120 books)

624 3384 388 96 "First
1084 3380 544 100 edition."

460 3512 116 116 ©
660 3516 244 96 Oct.
976 3516 164 112 25,
1216 3516 336 108 1927;
1628 3516 164 96 2c.
1864 3516 268 96 Dec.
2208 3516 196 108 27;
2488 3544 60 64 a
2564 3512 124 96 ff.
2764 3516 268 92 Dec.
3108 3512 196 112 22;
3388 3512 92 92 A
3556 3508 548 116 1013849;
4188 3512 480 92 Modern
4744 3508 480 116 library,

620 3652 220 96 inc.
1008 3648 668 116 (27-23335)
4644 3640 360 100 12054

464 3840 288 128 The
820 3836 568 132 Science
1464 3836 152 128 of
1684 3836 500 168 living;
2272 3884 76 80 a
2416 3836 408 128 series
2892 3832 156 132 of
3112 3840 396 124 heart
3568 3848 140 116 to
3776 3836 392 128 heart
4236 3832 360 132 talks
4660 3848 144 116 to
4872 3880 352 84 mar-

624 4020 292 128 ried
1000 4028 268 120 and
1352 4024 988 164 marriageable
2420 4064 304 84 men
2800 4024 272 124 and
3152 4064 516 84 women
3748 4064 176 84 on
4000 4016 592 168 subjects
4668 4016 348 132 vital
5088 4032 144 112 to

624 4208 464 128 health
1192 4212 268 124 and
1560 4208 740 164 happiness
2400 4208 80 144 …
2648 4208 716 164 including
3460 4252 72 80 a
3628 4204 540 164 specific
4264 4208 268 124 and
4632 4248 596 120 compre-

624 4392 552 128 hensive
1248 4392 412 164 guide
1736 4388 220 128 for
2028 4404 556 152 parents
2656 4392 144 124 in
2876 4388 372 132 child
3320 4388 620 168 training
4012 4392 272 128 and
4356 4436 232 84 sex
4656 4392 576 128 instruc-

624 4592 56 116 t
688 4580 228 124 ion
996 4580 84 148 …
1304 4576 244 132 Six
1616 4576 720 128 wonderfu
2344 4580 48 120 l
2452 4576 420 128 books
2940 4576 156 128 of
3160 4576 828 164 inspiration
4056 4576 268 132 and
4388 4576 324 168 help
4776 4580 144 124 in
4988 4620 80 88 o
5072 4624 164 84 ne

624 4764 580 128 massive
1300 4808 164 80 vo
1476 4768 44 120 l
1532 4808 344 116 ume,
1968 4768 180 160 by
2236 4768 216 124 W.
2548 4764 184 124 H.
2844 4784 52 88 [
2932 4764 168 140 !]
3160 4760 764 132 McKeever
4028 4776 84 128 …
4276 4760 388 132 Prof.
4764 4768 156 120 T.
5016 4768 220 124 W.

632 4948 700 164 Shannon,
1380 4988 84 80 A
1480 5048 24 24 .
1556 4988 120 80 M
1696 5048 68 60 .,
1812 4948 332 128 Mrs.
2216 4948 492 128 Louise
2776 4948 576 128 Franeis
3424 4948 548 164 Spaller
4036 4952 272 128 and
4376 4948 336 128 Mrs.
4784 4952 452 124 Eliza-

628 5140 316 124 beth
1020 5136 680 124 Boutwell
1796 5140 72 144 …
2004 5136 332 124 with
2412 5176 80 84 a
2564 5132 500 164 special
3136 5132 476 128 article
3680 5176 172 84 on
3924 5136 416 128 social
4412 5136 588 164 hygiene
5060 5140 172 160 by

628 5324 248 124 Dr.
944 5320 564 132 Charles
1568 5324 220 124 W.
1848 5316 120 124 E
1980 5320 48 124 l
2036 5320 128 124 io
2176 5328 56 116 t
2336 5336 80 128 …
2600 5316 440 128 Marie
3048 5328 56 116 t
3112 5328 184 152 ta,
3360 5316 124 132 O
3500 5420 72 60 .,
3632 5320 340 124 Pub.
4044 5316 224 132 for
4324 5336 60 112 t
4388 5324 168 124 he
4616 5324 584 124 Parents

632 5504 984 132 international
1676 5504 480 164 league
2216 5500 184 168 by
2460 5504 232 124 the
2764 5500 136 136 S.
2968 5500 168 128 A.
3208 5504 660 124 Mullikin
3932 5548 672 124 company
4680 5504 424 148 [ͨ1927
5096 5548 36 96 ]

636 5708 276 96 1240
980 5732 104 88 p.
1160 5704 36 96 i
1208 5732 136 72 nc
1352 5708 36 88 l
1400 5780 24 24 .
1500 5704 396 112 front.,
1972 5700 88 96 il
2068 5708 116 88 lu
2196 5728 88 72 s.
2348 5700 36 116 (
2408 5700 36 96 i
2452 5728 76 68 n
2536 5700 100 96 cl
2648 5780 24 20 .
2748 5700 420 116 ports.)
3328 5700 616 116 22ͨͫ.

476 5816 116 112 ©
652 5840 292 112 Aug.
1004 5840 164 112 15,
1232 5840 340 108 1927;
1636 5836 164 100 2c.
1860 5840 268 92 Dec.
2192 5840 192 108 14;
2456 5832 196 100 aff.
2716 5836 268 92 Dec.
3048 5840 192 96 13;
3316 5836 96 92 A
3476 5832 544 116 1013615;
4100 5840 104 96 S.
4272 5840 128 100 A.
4468 5844 196 92 Mu
4676 5844 80 92 ll
4764 5840 252 96 ikin
5080 5868 124 72 co
5220 5920 20 20 .

644 5964 164 128 [©
872 6000 256 72 new
1192 5972 816 112 illustrations,
2080 5972 500 112 changes
2644 5972 124 92 in
2836 5972 628 112 title-page,
3532 5972 116 92 in
3720 5972 472 116 preface
4252 5976 88 96 &
4412 5976 876 108 introduction]

660 6108 672 120 (27-27505)
4664 6108 352 100 12055

468 6264 1016 152 Shakespeare,
1560 6264 660 128 William.

648 6444 1036 168 Shakespeare's
1772 6452 296 124 The
2152 6452 612 164 tragedie
2848 6448 156 128 of
3088 6452 384 160 King
3560 6452 388 124 Lear.
4124 6452 480 164 Newly
4696 6456 552 160 printed

480 6636 364 124 from
928 6636 228 124 the
1244 6636 300 124 first
1636 6636 336 124 folio
2064 6636 152 124 of
2312 6640 364 136 1623,
2764 6636 620 156 London,
3484 6636 356 124 1927.
4012 6636 968 128 Introduction
5068 6636 180 168 by

476 6820 524 164 Harley
1076 6820 1344 128 Granville-Barker.
2580 6820 620 160 London,
3272 6820 504 128 Ernest
3848 6828 432 156 Benn,
4352 6824 292 160 ltd.,
4720 6824 360 128 1927.

636 7016 64 96 1
764 7040 108 76 v.

484 7144 112 108 ©
676 7164 44 88 1
732 7172 108 76 c.
912 7152 308 96 June
1284 7152 164 108 11,
1520 7148 340 112 1927;
1932 7152 100 88 A
2100 7152 148 92 ad
2320 7152 208 96 int.
2600 7152 336 108 9593;
3012 7152 340 112 pubd.
3428 7152 268 112 Apr.
3768 7152 196 112 22;
4048 7152 484 100 Charles
4616 7156 632 96 Scribner's

644 7312 300 92 sons,
1024 7288 284 92 New
1380 7284 344 96 York.
1876 7272 164 132 [©
2120 7284 876 132 introduction]
4668 7284 360 104 12056

476 7440 496 148 Shute,
1052 7440 500 148 Henry
1632 7440 800 152 Augustus,
2520 7452 324 120 1856
2848 7524 84 12 –

660 7624 752 132 Chadwick
1468 7632 120 120 &
1660 7620 496 136 Shute:
2212 7632 264 160 gob
2540 7628 600 164 printers
3232 7624 312 168 (our
3604 7624 348 132 wirk
4012 7632 116 124 is
4192 7632 364 164 equil
4616 7644 144 120 to
4820 7632 412 168 none)

492 7808 180 164 by
740 7812 456 160 Judge
1264 7808 488 164 Henry
1824 7812 168 124 A.
2072 7812 468 128 Shute.
2696 7812 1020 164 Philadelphia,
3788 7816 704 128 Dorrance
4564 7816 272 132 and
4908 7860 348 88 com-

492 8036 372 120 pany
940 7988 420 164 [ͨ1927
1352 8028 44 100 ]

660 8184 208 96 234
932 8212 104 88 p.
1176 8184 1152 104 19½ͨͫ.

496 8308 116 112 ©
692 8320 248 96 Oct.
1004 8320 168 112 20,
1252 8320 332 112 1927;
1668 8320 160 96 2c.
1904 8320 268 100 Dec.
2248 8324 196 108 29;
2524 8324 196 96 aff.
2800 8324 268 96 Dec.
3144 8324 196 112 30;
3424 8324 96 96 A
3592 8324 548 116 1018015;
4224 8332 596 100 Dorrance
4892 8336 88 92 &
5056 8360 128 72 co
5196 8412 52 36 .,

660 8452 220 100 inc.
1048 8452 524 116 (28-185)
4680 8464 360 100 12057

488 8608 164 128 St
664 8608 72 124 é
744 8608 424 152 phan,
1244 8612 112 120 E
2052 8616 188 124 M.

664 8792 768 168 Colloquial
1528 8800 532 124 French
2156 8800 224 124 for
2472 8800 224 124 the
2792 8804 656 164 English;
3552 8852 76 80 a
3720 8808 664 160 practical
4472 8852 460 84 course
5028 8808 228 128 for

496 8980 628 164 learning
1188 8992 140 112 to
1400 8984 416 160 speak
1884 8984 532 128 French
2488 8988 332 124 with
2892 8988 228 128 the
3188 8988 228 128 aid
3488 8988 152 128 of
3708 8992 348 128 "His
4124 8996 612 128 master's
4800 8996 456 128 voice"

496 9208 392 120 gram
896 9208 72 84 o
980 9168 444 160 phone
1508 9172 584 160 records,
2164 9168 180 164 by
2428 9172 164 124 E.
2680 9176 188 120 M.
2964 9172 96 132 S
3068 9188 56 112 t
3132 9176 444 160 éphan
3652 9172 84 136 …
3900 9184 272 124 and
4256 9184 444 124 Danie
4708 9184 48 124 l
4836 9184 420 132 Jones

656 9356 88 132 …
832 9352 616 164 London,
1520 9356 292 124 The
1884 9356 964 164 Gramophone
2920 9400 712 124 company,
3704 9364 296 164 ltd.,
4080 9368 360 128 1927.
