5968 10284
996 868 772 152 Coleridge,
1852 864 560 132 Samuel
2492 864 516 148 Taylor
3012 940 180 16 —
3204 860 772 132 Continued

1172 1068 60 92 5
1300 1092 104 88 p.
1468 1068 32 92 l
1524 1140 52 36 .,
1644 1068 64 92 3
1712 1120 68 8 –
1788 1064 132 96 66
1984 1088 136 88 p.,
2192 1064 60 88 1
2320 1064 36 88 l
2364 1096 20 56 .
2460 1060 36 92 i
2508 1088 72 64 n
2588 1064 100 88 cl
2704 1136 20 20 .
2796 1060 392 104 front.,
3248 1056 136 96 ill
3396 1084 72 68 u
3476 1084 120 84 s.,
3668 1064 408 108 plates.
4220 1060 64 92 2
4292 1056 684 116 0½ͨͫ.

1176 1200 348 96 "This
1588 1196 436 100 edition
2088 1200 104 92 is
2252 1196 452 96 limited
2768 1200 116 92 to
2948 1196 204 92 500
3216 1192 380 112 copies
3660 1196 124 92 of
3848 1192 376 100 which
4292 1196 236 96 this
4592 1196 104 96 is
4756 1220 180 72 no.
5000 1196 236 96 36."

1008 1316 116 108 ©
1208 1336 276 116 July
1560 1336 40 92 1
1628 1336 92 112 8,
1792 1336 60 92 1
1864 1336 68 92 9
1936 1332 192 108 27;
2212 1332 156 96 2c.
2444 1336 224 92 and
2748 1332 124 96 af
2844 1332 72 92 f
2924 1408 20 20 .
3020 1332 268 104 July
3368 1332 196 96 23;
3648 1332 92 92 A
3812 1332 68 92 9
3880 1336 68 88 9
3948 1336 68 92 6
4024 1332 264 112 547;
4372 1332 400 96 Kahoe
4852 1332 84 96 &
5016 1332 432 120 Spieth.
5600 1380 24 72 [
5636 1324 116 116 ©

1000 1472 724 92 illustration
1704 1464 136 112 s]
2000 1468 240 116 (27-
2252 1468 140 92 15
2408 1468 260 100 627)
5284 1464 284 100 6068

1004 1696 532 144 Crofts,
1616 1696 688 120 Freeman
2384 1692 444 128 Wills.

1172 1884 716 160 Inspector
1960 1880 524 124 French
2560 1876 268 128 and
2896 1880 224 124 the
3200 1872 536 132 Starvel
3804 1876 616 164 tragedy.
4596 1888 196 148 [18
4864 1876 948 148 instalments]

1212 2076 200 100 (In
1488 2068 336 104 West
1828 2100 104 68 m
1952 2068 380 100 inster
2412 2068 540 120 gazette)

1016 2196 120 116 ©
1220 2212 40 92 1
1284 2224 92 84 c.
1456 2212 284 96 each
1820 2212 272 96 July
2176 2212 92 108 2,
2348 2212 272 92 1927
2664 2236 20 64 ;
2768 2212 96 88 A
2944 2212 148 92 ad
3168 2208 208 96 int.
3456 2208 68 92 9
3528 2208 204 92 674
3772 2232 20 72 ;
3876 2208 340 112 pubd.
4300 2212 272 108 May
4652 2208 92 116 6,
4828 2212 92 96 7,
5004 2212 68 88 9
5076 2260 48 12 –
5148 2204 164 116 14,
5396 2208 136 96 16
5532 2260 68 24 –
5604 2208 164 112 21,

1176 2348 408 96 23–26;
1668 2348 120 96 F.
1940 2348 92 104 W.
2116 2344 76 96 C
2208 2344 332 96 rofts.
2624 2344 92 92 G
2728 2344 448 96 rianan.
3260 2344 68 96 J
3340 2368 64 72 o
3408 2348 132 92 rd
3560 2368 48 64 a
3632 2348 188 88 nst
3832 2368 60 72 o
3904 2368 212 84 wn,
4200 2344 152 96 Co
4368 2420 16 20 .
4464 2344 492 112 Antrim,
5044 2344 420 108 Ulster,
5548 2348 228 92 Ire-

1176 2488 312 92 land.
5288 2476 284 100 6069

1012 2704 560 148 Davies,
1656 2704 84 128 J
2424 2704 708 148 Clarence,
3224 2700 324 128 1867
3548 2784 84 12 –

1188 2888 396 132 Some
1684 2896 228 124 old
2016 2892 404 128 views
2524 2888 156 132 of
2780 2892 328 124 New
3212 2888 396 128 York
3708 2888 276 164 city
4092 2888 368 124 from
4560 2888 232 124 the
4892 2888 132 132 J.
5140 2888 644 132 Clarence

1016 3076 500 128 Davies
1576 3076 748 160 collection,
2384 3076 488 128 loaned
2932 3088 136 116 to
3128 3080 232 120 the
3416 3076 340 124 Real
3816 3084 424 116 estate
4296 3072 428 128 board
4788 3072 156 128 of
5004 3072 332 128 New
5396 3072 396 128 York

1016 3264 268 124 and
1356 3308 304 76 now
1732 3260 692 128 exhibited
2492 3276 140 108 at
2704 3264 228 124 the
2996 3260 636 168 building
3704 3260 152 128 of
3924 3264 236 124 the
4224 3264 340 120 Real
4636 3272 420 116 estate
5124 3260 428 128 board
5636 3264 84 144 …

1020 3444 324 128 1927
1436 3452 84 136 …
1760 3444 376 144 [New
2200 3444 428 164 York,
2752 3444 364 164 ͨ1927]

1184 3640 64 92 2
1256 3640 64 96 3
1332 3716 20 36 ,
1476 3660 216 96 [1]
1620 3668 104 88 p.
1864 3640 1080 116 18ͨͫ.

1192 3772 800 116 "Descriptive
2056 3780 748 88 memoranda
2880 3776 120 96 of
3076 3776 196 96 the
3340 3776 380 112 prints
3792 3800 200 72 are
4056 3776 312 96 from
4440 3776 192 96 the
4708 3776 556 112 complete
5336 3780 456 108 catalog

1024 3908 124 96 of
1200 3912 196 96 the
1456 3908 436 96 Davies
1948 3908 708 100 collection."

1028 4028 120 116 ©
1216 4048 276 108 July
1552 4048 92 108 1,
1708 4044 336 112 1927;
2112 4048 160 96 2c.
2336 4048 232 92 and
2632 4044 196 100 aff.
2888 4048 280 112 July
3228 4048 196 108 23;
3496 4044 100 96 A
3656 4044 204 96 996
3868 4044 64 92 5
3936 4044 192 112 52;
4200 4048 108 96 J.
4372 4044 120 100 C.
4560 4044 464 116 Davies,
5092 4048 280 92 New
5436 4044 344 100 York.

1216 4180 668 116 (27-15690)
5300 4176 288 100 6070

1020 4404 564 148 Davies,
1660 4404 484 128 James
2216 4404 612 132 William
2904 4404 804 128 Frederick.

1196 4588 284 132 Out
1580 4588 156 128 of
1836 4596 400 124 doors
2340 4592 332 124 with
2776 4592 472 156 youth,
3348 4588 228 132 for
3676 4592 520 128 leaders
4300 4588 152 132 of
4552 4588 376 168 boys'
5036 4592 268 128 and
5416 4588 376 172 girls'

1028 4820 500 116 camps,
1596 4776 180 164 by
1848 4780 464 124 James
2380 4776 628 128 William
3080 4776 744 128 Frederick
3892 4772 508 132 Davies
4508 4788 84 144 …
4800 4772 652 168 Chicago,
5524 4772 276 168 Ill.,

1028 4964 292 124 The
1372 4960 808 164 University
2240 4960 152 124 of
2452 4960 604 168 Chicago
3120 5004 376 120 press
3572 4960 152 144 [ͨ
3668 4964 152 120 19
3828 4968 76 116 2
3912 4960 152 144 7]

1200 5152 156 112 xi,
1456 5156 200 92 172
1752 5180 96 88 p.
1992 5156 392 112 front.,
2484 5156 308 96 illus.
2936 5152 616 108 18ͨͫ.
3380 5156 716 116 (Half-title:
4192 5156 244 96 The
4540 5156 672 116 University
5316 5156 124 96 of
5540 5156 260 96 Chi-

1036 5312 276 92 cago
1392 5288 776 116 publications
2240 5288 116 96 in
2444 5288 552 116 religious
3068 5288 616 100 education
3756 5288 72 108 …
4036 5288 644 116 Principles
4756 5288 228 96 and
5068 5288 532 100 methods
5676 5288 124 100 of

1040 5420 548 116 religious
1648 5420 676 116 education)

1044 5528 116 112 ©
1232 5560 268 112 Apr.
1564 5560 164 104 29,
1792 5560 336 108 1927;
2196 5564 160 92 2c.
2424 5560 276 112 July
2764 5560 192 108 26;
3024 5560 196 100 aff.
3288 5564 276 112 July
3624 5564 200 108 25;
3892 5560 100 92 A
4056 5564 476 108 996574;
4608 5560 672 112 University
5348 5560 120 96 of
5540 5560 252 100 Chi-

1200 5704 312 104 cago,
1592 5696 532 112 Chicago.
2296 5696 668 112 (27-15778)
5288 5688 280 104 6071

1036 5912 480 152 Davis,
1588 5916 756 152 Benjamin
2420 5916 732 152 Marshall,
3236 5916 316 128 1867
3552 5996 84 16 –

1200 6104 292 124 The
1556 6104 508 124 human
2132 6104 364 160 body
2564 6104 272 124 and
2908 6104 172 128 its
3152 6148 344 116 care,
3564 6104 180 164 by
3824 6104 728 164 Benjamin
4624 6104 672 128 Marshall
5368 6100 432 128 Davis

1208 6292 84 144 …
1376 6284 644 164 Chicago,
2092 6288 332 124 New
2500 6288 428 160 York,
3004 6288 448 160 Rand,
3524 6292 628 164 McNally
4224 6296 108 120 &
4404 6332 668 120 company
5184 6284 396 152 [ͨ1927
5588 6364 32 84 ]

1208 6476 236 112 viii,
1504 6480 204 96 284
1768 6504 104 88 p.
1928 6480 36 92 i
1976 6504 136 72 nc
2120 6484 36 88 l
2168 6556 20 20 .
2248 6480 340 112 illus.,
2648 6480 400 116 forms,
3108 6480 432 116 diagrs.
3684 6480 136 96 19
3820 6480 64 104 ½
3884 6480 448 104 ͨͫ.

1212 6612 768 96 "References
2040 6612 184 96 for
2284 6616 604 96 collateral
2948 6612 616 120 reading":
3632 6640 100 92 p.
3796 6616 520 96 273–276.

1052 6716 112 108 ©
1248 6748 276 112 July
1596 6748 164 112 21,
1836 6748 332 112 1927;
2248 6748 64 96 2
2320 6772 56 72 c
2392 6828 16 20 .
2484 6756 232 88 and
2788 6748 196 100 aff.
3060 6756 276 108 July
3408 6752 200 112 25;
3692 6752 96 92 A
3856 6752 60 92 9
3924 6748 68 88 9
3996 6752 336 108 9127;
4420 6756 364 112 Rand,
4868 6752 536 112 McNally
5476 6752 88 92 &
5632 6772 160 76 co.

1240 6880 668 120 (27-15642)
5296 6880 280 104 6072

1044 7104 480 148 Davis,
1596 7104 604 152 Jerome,
2276 7116 316 120 1891
2600 7188 80 12 –
3192 7112 200 124 ed.

1216 7288 692 168 Readings
2028 7292 140 124 in
2284 7292 688 164 sociology
3084 7308 140 112 to
3340 7340 824 116 accompany
4284 7292 208 128 An
4624 7296 924 124 introduction
5660 7304 136 116 to

1048 7472 724 168 sociology,
1836 7480 444 124 edited
2344 7480 180 160 by
2580 7484 540 124 Jerome
3180 7484 428 124 Davis
3712 7480 80 136 …
3892 7484 264 120 and
4220 7484 476 160 Harry
4760 7484 468 120 Elmer
5284 7484 516 124 Barnes

1108 7672 80 128 …
1268 7660 328 124 with
1660 7664 224 124 the
1940 7664 980 128 collaboration
2976 7664 152 128 of
3184 7668 148 124 L.
3392 7668 148 120 L.
3608 7668 620 124 Bernard
4304 7672 80 128 …
4512 7664 348 132 Seba
4920 7664 672 164 Eldridge
5684 7672 80 128 …

1056 7844 468 124 Frank
1604 7844 184 128 H.
1872 7848 640 128 Hankins
2620 7848 84 132 …
2848 7852 312 156 [and
3244 7896 72 80 o
3332 7864 52 112 t
3392 7848 400 132 hers]
3924 7856 556 156 Boston,
4560 7852 328 124 New
4976 7852 388 124 York
5460 7844 172 132 [et
5624 7852 244 132 c.]

1052 8032 168 124 D.
1292 8028 148 128 C.
1500 8032 464 124 Heath
2032 8036 264 120 and
2364 8080 664 120 company
3108 8028 500 144 [ͨ1927]

1212 8224 320 116 xviii,
1600 8228 276 92 1065
1936 8252 100 88 p.
2180 8228 304 96 illus.
2552 8232 444 116 (maps)
3088 8232 424 116 diagrs.
3656 8216 648 116 23ͨͫ.
4100 8236 148 116 (L
4256 8240 232 92 ette
4496 8256 60 72 r
4564 8264 56 72 e
4632 8236 68 92 d
4760 8260 60 68 o
4832 8260 72 68 n
4968 8256 56 72 c
5032 8256 60 72 o
5104 8256 132 76 ve
5244 8256 112 72 r:
5420 8228 376 100 Social

1056 8356 556 96 relations
1680 8360 420 112 series)

1064 8452 116 108 ©
1260 8492 272 112 July
1600 8492 92 112 1,
1764 8492 336 108 1927;
2168 8496 160 96 2c.
2400 8496 272 116 July
2740 8496 196 112 22;
3016 8496 196 100 aff.
3284 8500 272 112 July
3624 8496 200 112 20;
3900 8500 96 92 A
4064 8500 132 92 99
4200 8500 68 92 9
4272 8504 268 108 104;
4620 8500 136 96 D.
4832 8500 116 100 C.
5020 8496 388 100 Heath
5480 8496 88 96 &
5636 8520 156 72 co.

1248 8620 664 116 (27-15663)
5316 8628 284 100 6073

1052 8840 560 152 Dewey,
1684 8840 416 156 John,
2192 8856 312 116 1859
2512 8928 84 16 –

1228 9028 288 124 The
1600 9028 464 156 public
2140 9036 268 120 and
2492 9036 176 124 its
2748 9036 716 160 problems,
3540 9036 184 164 by
3804 9036 372 132 John
4252 9040 540 168 Dewey.
4960 9036 328 132 New
5376 9036 420 160 York,

1056 9208 184 128 H.
1312 9208 348 128 Holt
1728 9216 264 120 and
2068 9256 664 124 company
2816 9208 416 148 [ͨ1927
3240 9300 32 80 ]

1224 9408 144 116 vi,
1440 9408 204 96 224
1716 9436 104 88 p.
1960 9408 720 108 19½ͨͫ.

3332 9552 236 116 916
