5984 10352
4960 624 208 100 182

384 1008 916 160 Oppenheim,
1372 1004 608 128 Edward
2044 1000 636 152 Phillips,
2756 1008 316 116 1866
3080 1076 84 16 –

548 1200 640 128 Madame
1296 1196 276 124 and
1680 1196 248 124 her
2036 1192 480 124 twelve
2628 1184 572 164 virgins,
3308 1184 184 160 by
3604 1176 168 132 E.
3884 1176 608 164 Phillips
4608 1172 500 168 Oppen
5120 1248 40 20 –

392 1388 396 128 heim.
968 1384 560 160 Boston,
1636 1376 468 160 Little,
2216 1376 552 156 Brown,
2880 1368 272 128 and
3264 1408 712 120 company,
4092 1364 364 128 1927.

552 1592 60 96 3
692 1616 100 88 p.
872 1588 48 88 l
928 1660 24 24 .
952 1588 28 88 ,
1056 1584 208 96 235
1336 1608 108 92 p.
1584 1580 648 120 18ͨͫ.

400 1720 120 108 ©
588 1720 264 96 Jan.
908 1720 100 112 3,
1076 1716 336 108 1927;
1480 1712 164 96 2c.
1712 1712 228 92 and
2012 1708 124 92 af
2128 1704 52 96 f
2188 1784 20 20 .
2280 1704 264 96 Jan.
2612 1704 60 92 1
2680 1704 64 92 3
2784 1728 20 84 ;
2880 1704 100 92 A
3044 1700 64 96 9
3120 1700 60 96 5
3188 1700 336 112 8712;
3604 1700 128 96 E.
3804 1700 124 92 P.
4000 1692 744 120 Oppenheim,
4820 1700 352 112 Reep-

552 1856 304 108 ham,
936 1848 528 112 Norfolk,
1548 1844 564 116 England.
2284 1836 600 116 (27–1236)
4764 1828 204 104 178

396 2080 420 144 Page,
896 2068 740 152 Gertrude,
1708 2068 132 128 d.
1916 2072 356 116 1922.

656 2268 84 136 …
824 2260 536 164 Paddy,
1452 2264 48 116 l
1508 2300 76 80 o
1672 2252 436 164 mejor
2204 2296 76 80 a
2376 2248 356 128 falta
2824 2248 164 124 de
3080 2288 188 80 un
3360 2244 420 160 chico,
3868 2244 484 124 novela
4448 2244 724 124 traducida

404 2452 216 128 del
680 2448 436 164 inglés
1172 2488 256 116 por
1484 2440 588 164 Brígida
2132 2436 160 124 de
2356 2436 628 156 Escocia;
3048 2432 608 124 cubierta
3716 2472 164 84 en
3936 2436 508 120 colores
4504 2460 60 96 e
4624 2428 544 128 ilustra-

404 2636 444 128 ciones
960 2676 160 84 en
1232 2672 424 120 negro
1764 2628 160 124 de
2040 2620 624 164 Clapera.
2868 2620 800 160 Barcelona,
3780 2616 608 164 Madrid,
4504 2612 668 136 Sociedad

396 2824 548 164 general
1008 2820 168 124 de
1236 2812 1044 168 publicaciones,
2344 2856 96 80 s.
2516 2856 112 76 a.
2712 2812 456 156 [ͨ1926]

560 3024 204 92 352
840 3044 104 92 p.
1088 3020 408 112 plates.
1636 3016 68 92 2
1712 3012 136 116 0ͨ
1900 3088 20 20 .

564 3156 152 96 At
776 3156 300 92 head
1140 3152 124 92 of
1324 3148 324 96 title:
1728 3144 616 100 Gertrudis
2408 3144 340 112 Page.

404 3268 120 116 ©
604 3292 304 92 June
980 3284 164 112 13,
1224 3280 336 112 1926;
1712 3276 144 124 1c.
1884 3280 280 112 July
2240 3276 196 112 19;
2524 3272 740 116 A—Foreign
3344 3272 64 96 3
3416 3272 60 92 1
3492 3272 200 92 550
3732 3296 24 92 ;
3848 3268 564 100 Sociedad
4492 3272 472 112 general
5044 3272 140 96 de

564 3416 888 120 publicaciones,
1528 3440 88 72 s.
1696 3440 100 68 a.
1968 3412 604 112 (27–4504)
4772 3404 208 100 179

396 3644 476 152 Paine,
940 3636 776 136 Nathaniel
1780 3640 516 144 Baker,
2376 3636 320 124 1827
2700 3716 84 12 –
2796 3644 360 116 1905.

576 3836 580 128 Pioneer
1260 3872 504 120 poems,
1864 3828 184 164 by
2152 3820 740 128 Nathaniel
2996 3820 460 128 Baker
3552 3820 504 160 Paine;
4164 3820 644 124 collected
4908 3816 272 128 and

412 4020 676 164 arranged
1160 4020 176 160 by
1408 4016 332 124 Mrs.
1816 4012 724 164 Raymond
2616 4008 476 160 Paine,
3160 4008 632 164 drawing
3860 4008 184 164 by
4112 4008 380 128 John
4560 4008 624 124 Howard

412 4208 464 128 Paine.
1080 4252 44 92 [
1116 4204 436 160 Eagle
1612 4200 496 160 Grove,
2164 4200 252 156 Ia.,
2476 4196 292 128 The
2828 4196 436 164 Eagle
3324 4192 456 132 Grove
3832 4196 400 124 times
4288 4240 420 116 press,
4804 4200 152 148 ͨ19
4968 4200 72 116 2
5052 4200 76 120 6
5140 4272 28 80 ]

588 4448 28 76 [
624 4404 204 100 174
836 4448 28 76 ]
936 4432 104 88 p.
1180 4400 184 116 pl.,
1432 4400 68 92 2
1568 4404 296 108 port.
1928 4396 180 112 (in
2116 4396 100 96 cl
2228 4468 24 24 .
2320 4388 420 116 front.)
2832 4388 464 100 facsim.
3432 4388 64 96 2
3504 4396 1008 112 3ͨͫ.

412 4528 124 120 ©
600 4544 284 92 Nov.
944 4540 96 112 4,
1104 4536 208 96 192
1320 4536 64 92 6
1424 4560 20 84 ;
1512 4536 164 92 2c.
1740 4532 268 96 Dec.
2080 4532 192 112 18;
2344 4552 64 76 a
2380 4568 32 60 t
2420 4528 124 96 ff.
2612 4532 268 92 Dec.
2948 4532 52 88 1
3024 4540 64 88 5
3120 4552 20 88 ;
3216 4528 96 92 A
3380 4528 64 92 9
3456 4524 60 96 5
3524 4524 340 116 7999;
3936 4528 112 92 M
4064 4528 260 92 able
4388 4524 392 112 Paine,
4860 4528 332 92 Gold-

568 4672 304 116 field,
940 4676 168 92 Ia.
1276 4664 600 120 (27–1391)
4780 4652 208 100 180

404 4896 472 148 Palou,
956 4892 796 128 Francisco.

572 5076 768 132 Historical
1416 5076 636 128 memoirs
2136 5072 156 132 of
2380 5076 332 128 New
2804 5072 824 160 California,
3720 5072 180 164 by
3988 5072 380 160 Fray
4460 5072 736 124 Francisco

408 5272 112 124 P
536 5268 304 148 alóu
860 5364 28 68 ,
968 5308 76 84 O
1060 5372 20 20 .
1168 5312 72 72 F
1256 5368 24 24 .
1368 5308 208 116 M.,
1660 5280 56 108 t
1720 5264 460 124 ransla
2192 5276 56 112 t
2252 5264 168 124 ed
2504 5260 292 128 into
2884 5256 596 168 English
3572 5256 368 128 from
4024 5256 232 128 the
4340 5256 856 164 manuscript

408 5456 148 124 in
628 5456 232 124 the
932 5448 612 132 archives
1628 5448 152 128 of
1860 5448 604 164 Mexico;
2552 5448 456 128 edited
3088 5444 184 168 by
3352 5444 604 124 Herbert
4036 5444 568 164 Eugene
4688 5444 504 124 Bolton

596 5640 76 144 …
748 5636 708 168 Berkeley,
1536 5632 468 164 Calif.,
2080 5632 812 164 University
2976 5628 156 132 of
3212 5628 784 132 California
4080 5672 424 120 press,
4592 5636 360 120 1926.

572 5832 68 96 4
716 5860 104 68 v.
960 5828 456 116 fronts.,
1492 5832 412 112 plates,
1984 5832 388 112 ports.,
2460 5852 328 88 maps
2852 5828 328 116 (part
3260 5824 344 116 fold.)
3700 5824 524 96 facsims.
4364 5824 612 116 22½ͨͫ.

580 5968 244 96 The
908 5964 764 116 frontispiece
1760 5964 120 96 of
1968 5964 224 100 vol.
2292 5976 20 64 1
2424 5964 100 96 is
2612 5992 68 68 a
2772 5964 588 96 facsimile
3456 5964 124 92 of
3672 5964 196 96 the
3964 5960 336 100 "title
4392 5984 292 92 page
4780 5960 124 100 of
5000 5964 200 96 the

416 6100 572 116 Figueroa
1100 6100 728 116 manuscript
1936 6100 124 96 of
2168 6096 296 100 Paló
2464 6124 76 72 u
2552 6100 84 96 's
2748 6096 564 100 Noticias.
3496 6096 528 116 Original
4140 6096 120 96 in
4380 6100 196 92 the
4692 6096 508 96 Archivo

412 6240 504 112 general,
996 6232 484 100 Mexico.
1632 6232 68 96 S
1716 6260 120 68 ec
1844 6244 64 76 c
1912 6232 188 96 ión
2180 6236 144 92 de
2396 6232 540 116 historia,
3012 6236 224 96 vol.
3412 6240 216 104 XXII
3592 6232 88 96 ."

584 6368 320 100 First
992 6368 464 116 printed
1540 6368 120 96 in
1744 6368 276 100 1857
2108 6368 124 96 in
2320 6368 196 100 the
2612 6368 480 96 "Diario
3180 6364 448 104 oficial"
3728 6368 124 100 of
3940 6368 456 96 Mexico
4484 6372 232 96 and
4804 6368 392 100 issued

420 6504 192 96 the
688 6528 320 72 same
1076 6528 284 88 year
1436 6528 132 72 as
1644 6532 104 68 v.
1824 6504 208 96 6–7
2104 6504 124 96 in
2304 6504 200 96 the
2576 6504 204 96 4th
2860 6504 364 96 series
3300 6504 124 96 of
3504 6504 196 96 the
3780 6504 852 100 "Documentos
4712 6528 288 96 para
5080 6504 120 96 la

416 6636 496 100 historia
980 6640 140 92 de
1188 6636 552 100 Mexico".
1880 6664 60 72 c
1948 6640 80 116 f.
2100 6636 500 120 Winsor,
2664 6640 344 96 Narr.
3072 6640 232 92 and
3372 6636 256 100 crit.
3700 6636 308 120 hist.,
4076 6668 104 68 v.
4248 6640 100 116 8,
4412 6636 308 120 1889,
4788 6668 108 88 p.
4964 6636 240 100 258.

588 6772 1148 116 "Sesquicentennial
1820 6772 476 116 edition,
2384 6772 1032 116 commemorating
3496 6776 200 92 the
3784 6776 340 96 150th
4220 6776 768 112 anniversary
5080 6776 124 96 of

420 6904 192 100 the
664 6904 576 116 founding
1296 6908 124 92 of
1480 6908 232 96 San
1772 6904 624 100 Francisco
2452 6908 124 96 in
2636 6908 372 100 1776."

588 7040 852 116 "Appendices:
1516 7044 976 116 correspondence
2560 7044 124 96 of
2748 7044 444 96 Father
3260 7040 284 100 Paló
3556 7072 72 72 u
3640 7044 56 40 "
3796 7044 164 116 (v.
4024 7048 100 112 4,
4196 7076 104 88 p.
4372 7048 548 112 231–381)

592 7172 644 100 "Editorial
1296 7176 400 100 notes"
1764 7184 124 92 at
1944 7180 224 96 end
2228 7180 128 96 of
2416 7180 284 96 each
2760 7180 492 96 volume.

432 7300 120 116 ©
620 7312 264 96 Dec.
952 7312 56 92 1
1028 7312 60 92 5
1096 7388 20 36 ,
1188 7312 204 96 192
1396 7312 68 96 6
1500 7340 24 88 ;
1592 7312 164 96 2c.
1828 7316 284 96 each
2180 7316 264 96 Jan.
2512 7312 164 120 10,
2748 7312 340 120 1927;
3164 7316 196 96 aff.
3436 7316 264 96 Jan.
3772 7316 60 96 5
3876 7344 20 88 ;
3972 7320 100 92 A
4136 7316 276 96 9586
4424 7320 64 92 6
4492 7320 128 112 3;
4700 7320 504 96 Herbert

588 7444 468 112 Eugene
1120 7448 452 116 Bolton,
1648 7448 600 116 Berkeley,
2320 7448 344 96 Calif.
2836 7448 600 116 (27–1136)
4792 7448 208 104 181

428 7640 572 148 Parcus,
1068 7640 324 124 Leo.

608 7820 1280 168 Schiggi-Schiggi;
1988 7828 728 128 abenteuer
2804 7828 232 128 des
3128 7828 276 128 Leo
3500 7832 520 128 Parcus
4112 7832 140 128 in
4352 7832 264 128 den
4708 7876 292 84 urw
4980 7816 48 112 ä
5096 7832 100 128 l-

436 8012 332 124 dern
864 8012 744 160 Boliviens,
1708 8056 268 84 von
2068 8012 392 128 Fritz
2564 8012 620 164 Strauss;
3284 8020 256 124 mit
3636 8024 72 120 8
3804 8016 872 164 vollbildern,
4768 8020 432 128 einem

440 8196 592 160 portrait
1148 8200 272 124 und
1548 8204 76 116 2
1740 8200 1068 124 kartenskizzen.
3016 8204 476 124 Berlin
3612 8204 280 128 und
4008 8204 616 168 Leipzig,
4744 8208 176 124 K.
5040 8204 156 132 F.

432 8384 636 160 Koehler,
1144 8392 356 116 1926.

592 8580 240 116 248,
924 8580 96 120 [1
1028 8628 28 72 ]
1144 8608 144 88 p.,
1368 8584 64 96 3
1512 8588 40 88 l
1564 8660 24 20 .
1672 8584 36 92 i
1720 8612 140 68 nc
1864 8588 36 88 l
1912 8660 24 24 .
2012 8612 368 88 maps.
2520 8588 360 96 front.
2948 8584 412 116 (port.)
3464 8592 416 112 plates.
4020 8580 648 104 22½ͨͫ.

440 8700 124 120 ©
624 8712 280 116 Apr.
968 8712 168 116 28,
1208 8712 204 96 192
1420 8716 64 92 6
1524 8744 20 84 ;
1692 8716 144 124 1c.
1852 8720 280 108 July
2200 8720 132 112 7;
2404 8720 100 88 A
2504 8772 144 12 —
2652 8720 500 112 Foreign
3216 8720 68 96 3
3296 8724 56 88 1
3364 8720 132 96 53
3504 8720 128 112 6;
3708 8720 144 96 K.
3928 8724 128 92 F.
4132 8724 544 96 Koehler.

624 8844 188 120 (27
816 8896 48 48 –
872 8844 352 120 4620)
4804 8856 204 100 182

432 9036 560 152 Patten,
1064 9040 612 152 Bradley
1740 9044 580 148 Merrill,
2400 9052 316 116 1889
2720 9124 88 16 –

608 9224 288 124 The
972 9228 884 164 embryology
1936 9228 156 128 of
2164 9232 232 124 the
2472 9232 284 164 pig,
2832 9232 180 164 by
3092 9236 604 160 Bradley
3772 9236 192 124 M.
4048 9240 508 124 Patten
4628 9228 84 144 …
4868 9236 336 124 with

440 9412 532 124 colored
1088 9408 876 168 frontispiece
2072 9420 272 120 and
2464 9420 232 120 168
2804 9420 908 128 illustrations
3824 9420 148 128 in
4080 9424 228 124 the
4408 9436 292 116 text
4836 9420 368 168 (con-

2748 9704 160 128 27
