5968 10284
800 492 208 104 721

792 860 648 148 Vincent,
1536 856 1560 152 Hugues-Continued

960 1056 68 96 2
1088 1088 100 64 v.
1320 1056 348 116 illus.,
1732 1056 372 116 plans.
2236 1056 1140 108 28½ͨͫ
2692 1056 228 92 and
2988 1056 296 92 Plan
3280 1064 60 80 c
3356 1056 204 92 hes
3628 1056 152 92 du
3844 1052 192 96 fas
4048 1080 56 68 c
4116 1128 20 24 .
4208 1064 108 80 iv
4416 1052 32 116 (
4468 1052 396 112 LXVII
4792 1056 280 116 -XC)
5224 1052 712 108 28½ͨͫ.

800 1184 120 124 ©
980 1196 100 92 N
1092 1220 64 72 o
1164 1220 96 72 v.
1308 1196 60 88 2
1384 1196 56 92 5
1456 1268 20 36 ,
1524 1196 336 108 1926;
1924 1196 40 88 1
1964 1216 116 88 c.
2132 1196 260 96 Jan.
2440 1192 164 116 12,
2652 1192 272 96 1927
2952 1220 32 80 ;
3052 1192 748 112 A-Foreign
3848 1192 64 92 3
3924 1192 336 108 2876;
4324 1192 104 92 J.
4480 1188 556 108 Gabalda.
5168 1184 204 104 721

796 1416 528 152 Walsh,
1396 1416 488 128 James
1948 1416 576 152 Joseph,
2600 1424 316 116 1865
2924 1492 84 16 –
3416 1456 428 120 comp.

968 1608 432 124 These
1516 1600 636 168 splendid
2272 1604 504 160 sisters,
2896 1648 148 80 co
3088 1616 60 108 m
3200 1600 372 164 piled
3684 1600 180 164 by
3980 1596 464 132 James
4560 1600 136 128 J.
4808 1600 268 128 Wa
5080 1600 52 124 l
5140 1600 156 128 sh
5348 1604 72 148 …

804 1792 332 128 with
1208 1792 936 124 introduction
2220 1804 84 128 …
2520 1788 332 128 New
2924 1788 432 160 York,
3428 1788 132 128 J.
3636 1788 180 124 H.
3896 1784 396 132 Sears
4364 1792 104 120 &
4536 1828 712 124 company,
5316 1788 252 124 inc.

808 1984 112 156 [ͨ
908 1976 320 128 1927
1236 2056 32 84 ]

956 2172 204 96 252
1224 2200 108 88 p.
1476 2172 1080 108 19½ͨͫ.
1980 2172 272 100 [The
2320 2168 532 120 splendid
2920 2168 360 96 books

960 2308 660 100 CONTENTS.
1628 2304 316 100 —St.
2008 2304 552 116 Bridget:
2632 2304 472 116 pioneer
3164 2300 564 96 feminine
3792 2304 592 112 educator,
4444 2304 148 112 by
4656 2304 104 92 J.
4828 2304 108 96 J.
4996 2304 588 96 Walsh.—

792 2444 164 96 St.
1024 2440 428 96 Hilda:
1524 2440 412 96 abbess
2004 2440 128 96 of
2200 2440 836 96 Streoneshalh
3128 2436 592 116 (Whitby)
3816 2440 144 112 by
4036 2440 104 96 J.
4216 2440 108 96 J.
4400 2436 764 100 Walsh.—St.
5244 2436 320 100 Scho-

788 2576 456 116 lastica,
1320 2576 228 96 and
1624 2576 212 92 her
1908 2576 760 96 Benedictine
2740 2596 332 88 nuns,
3152 2576 148 108 by
3376 2576 104 96 J.
3560 2576 108 96 J.
3748 2576 324 92 Wals
4076 2572 80 96 h
4168 2628 168 40 .-
4348 2576 68 96 S
4428 2576 84 96 t.
4588 2572 408 100 Clare:
5076 2572 488 100 founder

788 2712 124 96 of
980 2712 200 100 the
1248 2708 712 96 Franciscan
2032 2732 336 92 nuns,
2436 2708 148 116 by
2656 2708 348 96 Friar
3072 2708 504 96 Thomas
3648 2708 124 92 of
3844 2708 1076 96 Celano.-Mother
4988 2708 380 96 Marie
5440 2708 140 96 de

784 2848 40 96 l
836 2844 824 112 'Incarnation,
1728 2848 148 108 by
1940 2844 124 96 F.
2132 2844 236 92 Par
2368 2844 76 92 k
2452 2868 268 68 man
2788 2848 228 88 and
3084 2844 168 92 W.
3320 2844 1012 92 Wood.-Mother
4404 2844 416 96 Seton:
4888 2844 504 92 founder
5456 2840 124 100 of

792 2980 192 100 the
1064 2980 620 92 American
1768 2976 436 96 Sisters
2276 2980 128 92 of
2480 2976 492 116 charity,
3056 2980 148 108 by
3288 2976 120 96 C.
3496 2980 92 92 I.
3672 2976 816 96 White.-The
4572 2976 312 96 Irish
4964 2980 408 92 sisters
5456 2976 124 100 of

788 3112 464 116 charity
1340 3116 228 92 and
1660 3136 420 88 mercy,
2168 3116 148 108 by
2404 3116 108 96 J.
2600 3116 104 92 J.
2800 3108 1028 100 Walsh—Sisters
3920 3112 120 92 in
4128 3112 200 96 the
4420 3108 540 100 Crimean
5056 3136 280 92 war,
5432 3116 144 112 by

792 3248 376 100 Sister
1232 3252 340 108 Mary
1636 3248 1196 112 Aloysius.—Mother
2900 3248 476 112 Angela,
3444 3248 232 92 and
3744 3248 200 96 the
4012 3244 412 100 sisters
4492 3248 128 96 of
4692 3248 196 96 the
4952 3248 272 96 civil
5296 3272 280 92 war,

788 3384 144 116 by
1008 3384 108 96 J.
1196 3384 104 96 J.
1384 3384 840 96 Walsh.—The
2300 3408 300 68 nuns
2684 3384 124 92 of
2884 3384 200 92 the
3164 3380 416 96 battlef
3580 3384 36 92 i
3624 3384 220 108 eld,
3924 3384 148 112 by
4152 3384 132 96 A.
4368 3384 1212 116 Kennedy.—Mother

788 3516 540 104 Cabrini:
1416 3544 148 68 an
1644 3520 456 112 apostle
2172 3516 128 96 of
2372 3516 204 96 the
2648 3516 540 116 Italians,
3268 3516 148 116 by
3496 3516 104 96 J.
3680 3520 108 96 J.
3868 3516 1052 100 Walsh.—Mother
5000 3524 368 112 Mary,
5456 3516 124 104 of

792 3656 196 96 the
1084 3652 248 96 sick
1432 3680 312 88 poor,
1844 3652 148 112 by
2088 3656 124 92 T.
2320 3652 152 96 M.
2584 3648 1384 100 Schwertner.—Mother
4068 3652 592 116 Alphonsa
4768 3656 552 116 Lathrop,
5428 3660 148 108 by

784 3788 104 96 J.
972 3788 104 96 J.
1148 3788 1120 112 Walsh.-Twenty-
2276 3788 32 88 f
2312 3784 188 96 ive
2572 3808 340 88 years
2988 3808 424 92 among
3484 3788 284 92 New
3840 3784 412 96 York's
4324 3812 636 76 cancerous
5032 3816 312 88 poor,
5432 3792 148 112 by

788 3924 144 96 H.
988 3924 136 96 A.
1184 3920 376 100 Gillis.

792 4040 120 116 ©
980 4060 264 92 Jan.
1300 4056 168 116 29,
1528 4056 336 112 1927;
1932 4056 160 96 2c.
2152 4056 264 96 Feb.
2480 4056 124 100 2;
2680 4056 196 96 aff.
2940 4056 264 96 Feb.
3268 4060 124 108 1;
3456 4056 100 96 A
3616 4056 480 116 963374;
4164 4060 100 96 J.
4328 4064 148 92 H.
4544 4056 344 100 Sears
4952 4064 88 96 &
5096 4088 196 88 co.,
5352 4060 216 104 inc.

980 4192 604 120 (27–2662)
5164 4196 208 104 722

792 4384 628 152 Weigall,
1492 4384 564 128 Arthur
2120 4384 608 128 Edward
2800 4384 520 128 Pearse
3388 4384 552 152 Brome,
4020 4392 320 120 1880
4344 4464 84 16 —

948 4572 924 164 Wanderings
1964 4572 144 124 in
2196 4572 532 124 Roman
2820 4572 600 160 Britain,
3500 4572 184 164 by
3772 4572 540 128 Arthur
4396 4572 640 168 Weigall.
5212 4576 352 124 Lon-

780 4760 312 156 don,
1152 4760 156 120 T.
1372 4756 988 160 Butterworth,
2416 4756 252 128 ltd.
2744 4764 120 152 [1
2872 4760 248 120 926
3108 4808 40 88 ]

948 4952 204 96 341
1224 4976 104 88 p.
1472 4948 392 116 front.,
1936 4948 312 96 illus.
2316 4948 176 112 (in
2500 4952 104 92 cl
2616 5024 20 20 .
2708 4948 396 116 plans)
3192 4948 412 116 plates,
3680 4952 416 96 double
4168 4976 300 92 map.
4612 4952 1080 108 19ͨͫ.
5168 4952 212 116 6/-

788 5068 120 116 ©
976 5084 160 100 1c.
1196 5088 280 96 Nov.
1536 5088 96 112 1,
1696 5084 204 96 192
1912 5084 60 96 6
2012 5112 20 88 ;
2100 5088 96 92 A
2256 5088 148 92 ad
2464 5084 204 100 int.
2740 5084 204 100 889
2948 5084 64 96 0
3052 5112 20 88 ;
3144 5088 344 112 pubd.
3552 5088 240 96 Oct.
3852 5084 196 116 21;
4120 5092 604 92 Thornton
4780 5088 784 116 Buterwortb,

956 5224 208 96 ltd.
1336 5220 600 120 (27–5128)
5156 5220 208 104 723

792 5412 460 152 Wells,
1324 5412 612 156 Gabriel,
2016 5420 400 120 1862-

960 5596 288 128 Are
1344 5644 200 80 we
1648 5644 76 80 a
1828 5600 876 160 democracy?
2904 5604 216 164 By
3224 5600 564 128 Gabriel
3888 5600 304 128 Wel
4200 5600 48 124 l
4256 5648 96 80 s.
4544 5600 556 132 Garden
5204 5600 364 168 City,

788 5784 160 128 N.
1028 5784 216 164 Y.,
1308 5784 860 164 Doubleday,
2232 5788 380 164 Page
2680 5792 108 120 &
2860 5828 712 120 company,
3648 5784 356 132 1927.

944 5984 140 96 19
1148 6012 104 88 p.
1396 5984 64 96 2
1464 5984 952 108 3½ͨͫ
1728 6060 20 24 .

952 6120 388 96 "First
1408 6116 548 100 edition."

956 6256 660 96 CONTENTS.
1656 6312 144 12 -
1836 6256 1124 116 Democracy-true
3056 6256 228 92 and
3376 6252 340 100 false.
3752 6308 148 16 -
3936 6256 712 116 Democracy
4744 6260 228 92 and
5068 6252 500 120 prohibi-

784 6388 1140 120 tion.-Democracy
1996 6396 228 92 and
2300 6388 564 120 majority
2936 6392 288 100 rule.

792 6496 112 112 ©
984 6528 264 96 Jan.
1316 6528 164 108 18,
1548 6528 340 112 1927;
1960 6528 164 96 2c.
2188 6532 232 92 and
2484 6556 64 68 a
2560 6528 48 92 f
2604 6528 52 88 f
2660 6604 20 20 .
2756 6532 260 92 Jan.
3092 6524 196 116 28;
3360 6528 100 92 A
3524 6524 480 116 963316;
4080 6528 124 96 G.
4276 6528 208 96 We
4492 6532 72 84 ll
4588 6556 80 84 s,
4744 6528 276 92 New
5084 6528 348 96 York.

980 6660 596 120 (27–2336)
5156 6660 204 100 724

780 6852 636 152 Whalen,
1480 6852 616 132 William
2164 6856 616 128 Wilfrid.

964 7036 500 164 Strike,
1528 7040 180 164 by
1772 7040 344 128 Will
2180 7044 216 124 W.
2464 7040 588 128 Whalen
3128 7040 84 148 …
3432 7036 1020 168 Philadelphia,
4520 7044 704 124 Dorrance
5292 7036 272 132 and

780 7268 672 120 company
1540 7240 92 120 [ͨ
1644 7224 388 140 1927]

944 7420 208 96 265
1212 7444 108 92 p.
1460 7420 60 96 1
1528 7420 1008 108 9ͨͫ.

952 7556 476 116 Sequel:
1492 7556 248 96 The
1800 7556 220 116 girl
2076 7556 308 96 from
2452 7556 312 100 Mine
2828 7556 292 100 Run.

792 7680 112 112 ©
980 7688 264 100 Feb.
1308 7696 84 100 1,
1464 7692 336 112 1927;
1864 7696 160 96 2c.
2092 7696 264 96 Feb.
2412 7700 128 108 4;
2612 7696 200 96 aff.
2880 7700 260 92 Feb.
3200 7700 64 92 3
3284 7712 36 88 ;
3392 7700 96 88 A
3548 7696 204 96 963
3760 7696 128 92 41
3900 7696 60 96 3
4004 7720 20 88 ;
4092 7700 596 92 Dorrance
4752 7696 80 92 &
4896 7720 192 84 co.,
5152 7696 216 96 inc.

980 7828 188 112 (27
1168 7880 76 12 –
1244 7828 332 112 2652)
5152 7824 204 100 725

780 8012 568 152 Wilder,
1420 8016 564 128 Russell
2052 8020 516 152 Morse,
2652 8032 316 116 1885
2972 8100 84 16 –

952 8204 136 124 A
1164 8204 512 160 primer
1752 8204 224 124 for
2044 8208 592 128 diabetic
2708 8208 664 164 patients;
3452 8252 72 84 a
3596 8204 368 132 brief
4032 8208 520 128 outline
4620 8204 156 132 of
4844 8208 228 128 the
5140 8216 412 120 treat-

792 8400 368 116 ment
1248 8388 156 128 of
1492 8388 600 128 diabetes
2180 8392 340 128 with
2620 8396 280 124 diet
3000 8396 268 124 and
3360 8392 556 164 insulin,
4008 8392 716 164 including
4820 8388 732 132 directions

792 8576 272 128 and
1164 8576 456 128 charts
1724 8576 224 128 for
2052 8576 228 128 the
2376 8624 232 84 use
2708 8576 156 132 of
2960 8576 784 168 physicians
3848 8576 140 128 in
4096 8576 676 168 planning
4872 8576 284 128 diet
5252 8620 296 120 pre-

788 8760 772 164 scriptions,
1668 8760 176 164 by
1956 8764 484 128 Russel
2444 8768 48 120 l
2600 8768 188 124 M.
2904 8764 228 132 Wi
3144 8768 48 124 l
3200 8768 240 124 der
3512 8772 72 132 …
3884 8768 172 120 3d
4164 8764 252 160 ed.,
4516 8808 288 84 rese
4804 8776 60 112 t
4876 8864 24 24 .
5080 8760 264 128 Phi
5356 8760 48 120 l
5416 8804 132 80 a-

788 8948 556 160 delphia
1424 8948 268 128 and
1768 8948 624 164 London,
2456 8952 216 128 W.
2752 8952 156 124 B.
2996 8948 684 132 Saunders
3756 8992 712 120 company,
4548 8948 356 128 1927.

952 9144 208 96 134
1224 9168 100 92 p.
1468 9172 60 68 c
1536 9168 64 72 o
1604 9148 76 96 l.
1744 9144 396 116 front.,
2208 9144 340 112 illus.,
2616 9144 288 100 fold.
2968 9144 368 116 diagr.
3476 9144 1024 104 18ͨͫ.

792 9256 120 116 ©
980 9280 264 96 Jan.
1300 9280 168 96 31.
1528 9280 280 96 1927
1828 9284 32 80 ;
1932 9280 124 96 2c
2076 9360 16 20 .
2152 9284 228 92 and
2440 9280 172 96 aff
2620 9360 16 16 .
2704 9280 268 96 Feb.
3036 9280 60 96 3
3140 9308 24 88 ;
3228 9280 100 96 A
3384 9280 348 96 96342
3744 9280 60 96 8
3844 9304 20 92 ;
3928 9284 176 96 W.
4168 9284 128 92 B.
4368 9280 584 100 Saunders
5016 9304 56 68 c
5080 9304 60 68 o
5156 9352 20 20 .

976 9412 188 116 (27
1164 9468 76 12 –
1236 9412 336 120 2781)
5140 9408 204 104 726

3056 9552 240 116 112
