5920 10300
84 960 376 144 Otte,
608 960 152 148 Mr
760 984 56 92 s
840 1056 20 24 .
936 952 636 124 Annetta
1668 936 872 164 (Christian)
2564 1016 180 16 —
2752 932 772 132 Continued

100 1148 216 124 the
376 1188 228 80 car
656 1140 580 124 window
1296 1180 152 80 or
1508 1132 392 128 cabin
1960 1128 464 164 panels
2480 1140 144 108 to
2680 1124 228 124 the
2968 1120 612 128 children
3636 1116 344 128 back
4036 1116 428 120 home.
4612 1116 212 156 By

88 1332 600 124 Annetta
768 1324 360 128 Otte.
1304 1316 684 164 [Chicago,
2124 1308 356 164 ͨ1927]

248 1528 132 92 59
452 1556 100 84 p.
692 1524 644 108 23ͨͫ.

100 1648 116 112 ©
292 1664 68 92 J
372 1688 68 68 u
452 1664 112 108 ly
632 1656 160 112 19,
864 1656 60 92 1
932 1656 72 92 9
1004 1656 192 108 27;
1272 1656 160 96 2c.
1500 1652 152 96 Ju
1664 1652 24 88 l
1708 1676 68 88 y
1836 1648 68 92 2
1912 1644 60 92 5
2016 1672 20 88 ;
2116 1644 192 96 aff.
2380 1644 272 108 July
2724 1640 196 108 23;
3000 1640 92 92 A
3164 1636 200 96 999
3376 1648 56 88 1
3444 1636 192 112 39;
3716 1636 132 96 A.
3924 1632 300 116 Otte,
4296 1628 536 112 Chicago.

280 1792 664 124 (27-17232)
4348 1760 284 100 6620

92 2024 536 140 Porter,
708 2012 448 124 David
1232 2004 656 152 Richard,
1968 2012 320 120 1882
2288 2084 88 12 –
2788 2000 200 124 ed.

264 2200 676 164 Dynamic
1040 2196 428 160 faith;
1568 2236 488 120 papers
2160 2192 224 124 for
2472 2188 616 128 students
3184 2228 172 80 on
3460 2180 704 128 Christian
4256 2176 592 164 thought

104 2388 268 124 and
452 2380 292 164 life,
824 2380 448 128 edited
1352 2380 180 164 by
1608 2376 460 124 David
2148 2376 164 124 R.
2396 2376 488 124 Porter
2972 2384 76 144 …
3292 2368 332 128 New
3712 2364 432 160 York,
4228 2356 620 132 Associa-

108 2572 288 124 tion
456 2612 416 116 press,
940 2564 356 128 1927.

272 2764 156 112 xi,
488 2760 136 96 98
680 2788 104 88 p.
924 2760 716 108 19½ͨͫ.

112 2880 116 116 ©
316 2900 284 112 Aug.
680 2900 92 104 1,
856 2896 332 108 1927;
1276 2892 160 96 2c.
1520 2892 284 112 Aug.
1884 2892 128 108 4;
2104 2884 124 100 af
2220 2884 76 100 f.
2380 2888 284 112 Aug.
2748 2884 60 96 3
2852 2908 20 92 ;
2964 2884 92 92 A
3136 2884 412 92 996653
3588 2908 24 72 ;
3708 2880 488 96 General
4280 2876 360 96 board
4724 2880 124 92 of

268 3036 192 96 the
536 3036 124 92 Y.
736 3036 152 92 M.
964 3028 112 100 C.
1152 3028 164 116 A.,
1392 3028 280 96 New
1744 3028 344 92 York.
2256 3020 672 120 (27-17091)
4364 3012 280 96 6621

104 3256 376 148 Post,
548 3252 428 128 Louis
1044 3252 724 148 Freeland,
1848 3256 316 116 1849
2168 3328 84 12 –

276 3440 288 128 The
652 3440 360 124 basic
1108 3436 352 128 facts
1552 3436 156 124 of
1800 3432 804 160 economics;
2708 3476 76 80 a
2880 3472 1052 84 common-sense
4024 3424 516 168 primer
4640 3424 228 128 for

116 3624 688 128 advanced
868 3624 652 156 students,
1584 3624 180 160 by
1828 3620 416 124 Louis
2308 3620 156 124 F.
2532 3620 372 124 Post.
3056 3612 656 128 Author's
3780 3616 204 124 ed.
4128 3612 732 164 Washing-

116 3820 272 148 ton,
448 3812 168 120 D.
676 3808 148 128 C.
900 3804 856 164 [Columbian
1816 3804 628 164 printing
2504 3844 236 120 co.,
2796 3800 304 160 inc.]
3176 3800 360 128 1927.

284 4000 192 112 vii,
544 4000 204 96 100
804 4028 136 88 p.,
1004 4000 60 96 2
1032 3996 60 92 l
1180 4076 20 20 .
1340 4000 756 108 18½ͨͫ.

124 4104 112 108 ©
312 4140 280 112 Aug.
660 4136 96 116 3,
824 4136 268 92 1927
1136 4160 20 72 ;
1228 4136 60 92 2
1296 4140 56 80 c
1368 4212 20 16 .
1460 4136 224 92 and
1752 4132 196 100 aff.
2012 4136 180 92 Au
2200 4160 68 84 g
2284 4212 16 16 .
2368 4136 64 92 4
2460 4140 28 80 ;
2564 4132 100 96 A
2736 4132 60 88 9
2804 4128 292 112 9665
3088 4128 120 116 9;
3292 4132 84 92 L
3388 4208 16 20 .
3484 4132 116 96 F.
3680 4132 304 112 Post,
4060 4128 800 116 Washington.

308 4272 660 116 (27-17245)
4372 4260 292 100 6622

116 4460 492 152 Powel,
680 4460 624 128 Harford
1376 4460 572 152 Willing
2016 4460 424 148 Hare,
2520 4460 316 128 1887
2836 4536 88 16 –

288 4648 284 124 The
656 4652 392 164 glory
1132 4648 156 124 of
1364 4648 476 160 Peggy
1924 4648 724 160 Harrison,
2728 4644 180 164 by
2992 4640 632 128 Harford
3712 4644 504 160 Powel,
4300 4640 212 168 jr.,
4596 4640 268 128 and

128 4836 528 124 Russell
772 4832 560 132 Gordon
1448 4832 524 164 Carter,
2084 4832 772 124 illustrated
2972 4828 176 168 by
3260 4828 316 124 Ada
3692 4828 148 132 C.
3956 4828 904 132 Williamson.

124 5020 1008 160 Philadelphia,
1200 5020 288 124 The
1556 5020 380 124 Penn
2004 5016 796 164 publishing
2872 5060 704 116 company,
3656 5012 356 132 1927.

280 5216 204 96 313
552 5244 104 84 p.
796 5216 392 112 front.,
1264 5216 404 112 plates.
1812 5216 684 108 19½ͨͫ.

140 5328 112 120 ©
328 5352 276 108 July
668 5348 164 112 30,
904 5348 336 112 1927;
1316 5352 160 92 2c.
1548 5352 228 92 and
1848 5348 192 96 aff.
2116 5348 280 112 Aug.
2472 5348 192 108 11;
2744 5348 92 92 A
2904 5348 476 108 996710;
3464 5348 312 96 Penn
3848 5348 260 112 pub.
4180 5372 160 72 co.

316 5480 664 124 (27-17122)
4388 5476 284 104 6623

128 5676 608 148 Ranson,
808 5672 620 152 Stephen
1500 5672 580 152 Walter,
2156 5684 236 116 188
2404 5684 72 116 0
2480 5756 76 12 –

300 5864 284 124 The
660 5876 636 148 anatomy
1368 5860 152 124 of
1584 5864 228 124 the
1876 5900 576 88 nervous
2520 5876 540 148 system,
3132 5856 364 128 from
3564 5864 228 124 the
3860 5860 800 164 standpoint
4728 5856 152 132 of

136 6048 324 124 deve
468 6052 44 120 l
524 6060 548 148 opment
1140 6048 264 124 and
1472 6044 664 160 function,
2200 6048 176 164 by
2448 6048 600 160 Stephen
3112 6048 256 128 Wa
3380 6048 44 120 l
3436 6060 200 112 ter
3704 6048 556 124 Ranson
4328 6048 80 144 …
4548 6048 332 128 with

140 6240 244 116 284
452 6232 940 160 illustrations,
1468 6276 356 84 some
1896 6228 152 128 of
2120 6232 372 124 them
2560 6232 140 124 in
2776 6236 468 124 colors.
3404 6236 168 124 3d
3644 6236 244 156 ed.,
3964 6276 276 84 rev.
4412 6236 468 124 Phila-

140 6416 552 164 delphia
752 6420 268 124 and
1072 6420 616 160 London,
1740 6420 212 128 W.
2012 6420 156 124 B.
2240 6416 684 132 Saunders
2988 6464 704 120 company,
3760 6420 356 128 1927.

296 6616 60 92 1
432 6644 96 88 p.
572 6612 128 116 l.,
772 6616 60 96 9
836 6672 72 8 –
912 6616 200 92 425
1180 6640 104 88 p.
1424 6616 40 92 i
1472 6616 260 96 llus.
1800 6612 320 120 (part
2192 6616 268 112 col.)
2620 6612 684 108 26ͨͫ.

300 6748 892 116 Bibliography:
1268 6780 108 84 p.
1432 6748 524 100 405-412.

156 6860 116 108 ©
352 6888 272 112 July
696 6884 164 112 29,
940 6884 332 112 1927;
1348 6884 164 96 2c.
1588 6888 224 88 and
1888 6880 196 100 aff.
2160 6884 284 112 Aug.
2520 6884 64 92 6
2628 6912 20 84 ;
2732 6884 92 92 A
2904 6884 60 92 9
2972 6884 64 88 9
3044 6884 68 92 6
3116 6880 208 92 665
3356 6908 20 88 ;
3464 6888 168 96 W.
3716 6888 124 96 B.
3928 6888 588 96 Saunders
4592 6912 160 68 co.

336 7016 664 116 (27-17107)
4400 7016 288 100 6624

148 7212 416 144 Reed,
636 7212 428 124 Edith
1136 7212 184 124 M.
1392 7212 160 124 G.

312 7396 132 120 A
516 7396 720 124 children's
1304 7392 932 128 introduction
2304 7408 132 116 to
2512 7396 232 128 the
2808 7396 428 128 music
3308 7396 152 128 of
3536 7396 688 128 Gounod's
4304 7400 592 124 Funeral

160 7584 444 120 march
684 7576 148 128 of
904 7624 76 80 a
1048 7584 840 156 marionette,
1960 7584 180 160 by
2212 7584 156 120 E.
2444 7584 188 124 M.
2704 7584 164 128 G.
2944 7584 412 132 Reed,
3432 7584 492 160 played
3996 7584 180 156 by
4256 7584 640 128 Clarence

164 7764 452 124 Adler.
800 7764 640 136 [London]
1532 7768 284 124 The
1888 7768 580 124 Aeolian
2540 7812 232 116 co.,
2844 7768 244 124 ltd.
3184 7764 364 160 [1927
3548 7804 36 96 ]

172 7936 116 116 ©
372 7960 124 92 1c
508 8032 20 24 .
608 7960 280 112 July
964 7960 164 112 14,
1212 7960 336 112 1927;
1632 7960 96 92 A
1812 7964 140 92 ad
2036 7960 40 96 i
2084 7992 72 64 n
2168 7968 44 88 t
2228 8040 16 16 .
2332 7964 332 108 9749;
2752 7992 152 84 pu
2912 7968 64 88 b
2988 7968 104 96 d.
3176 7968 300 92 June
3560 7968 124 108 1;
3772 7968 104 88 A
3876 7968 232 96 eoli
4108 7996 60 64 a
4188 7992 68 68 n
4336 7992 60 72 c
4408 7992 60 68 o
4480 8044 20 20 .
4508 7992 20 60 ,
4624 7968 268 96 New

324 8096 340 92 York.
820 8120 44 92 [
888 8100 88 112 ©
1060 8096 244 100 text
1380 8096 84 96 &
1536 8096 788 96 illustrations
2404 8128 140 64 on
2616 8096 376 96 music
3064 8128 56 64 r
3132 8128 56 64 o
3196 8104 36 88 l
3244 8088 152 124 l]
4416 8096 284 104 6625

164 8276 912 156 Richardson,
1144 8284 608 128 William
1828 8288 792 152 Augustus,
2704 8296 316 120 1886
3024 8368 84 12 –
3436 8336 420 120 comp.

332 8464 568 128 Manual
968 8464 152 128 of
1184 8468 556 128 athletic
1812 8476 1008 160 requirements,
2888 8476 516 128 United
3484 8476 452 132 States
4008 8480 440 124 Naval
4524 8480 384 124 acad-

176 8692 296 120 emy
556 8692 472 120 [comp.
1104 8644 216 172 by]
1404 8652 820 128 Lieutenant
2300 8656 908 132 Commander
3276 8660 216 128 W.
3572 8660 168 124 A.
3816 8660 860 132 Richardson
4756 8660 84 128 …

180 8828 800 168 Annapolis,
1044 8836 332 160 Md.,
1444 8840 284 124 The
1792 8840 520 128 United
2384 8840 448 132 States
2892 8844 404 124 naval
3364 8844 668 152 institute,
4104 8848 360 124 1927.

348 9020 232 116 691,
652 9028 128 112 [3]
852 9052 100 88 p.
1096 9024 308 100 illus.
1544 9024 612 104 24ͨͫ.

352 9156 424 96 "Third
840 9160 536 96 edition."

188 9276 116 108 ©
392 9292 272 112 July
748 9292 164 112 21,
1000 9292 332 104 1927;
1424 9296 160 96 2c.
1668 9296 276 112 July
2028 9296 196 112 29;
2316 9300 196 96 aff.
2600 9304 276 112 July
2956 9304 196 108 27;
3248 9304 92 92 A
3428 9304 476 108 999182;
4000 9308 428 104 United
4528 9312 384 92 States

344 9448 220 72 nav
576 9448 64 84 a
648 9428 36 100 l
772 9424 572 100 institute.
1512 9428 664 120 (27-17093)
4428 9440 64 112 6
4504 9440 212 100 626

2444 9568 236 116 999
