5952 10400
5060 624 140 100 83

396 988 460 152 Prinz,
928 988 780 148 Hermann,
1792 996 316 116 1868
2112 1064 88 16 –

568 1176 504 128 Dental
1164 1172 576 128 materia
1832 1172 528 128 medica
2456 1176 260 124 and
2820 1172 968 160 therapeutics,
3880 1168 336 124 with
4312 1168 508 164 special
4912 1168 276 124 ref-

404 1408 460 84 erence
964 1376 144 112 to
1216 1364 232 124 the
1560 1360 592 124 rational
2264 1360 852 160 application
3224 1360 160 124 of
3492 1360 656 124 remedial
4260 1400 676 84 measures
5048 1368 144 116 to

400 1552 464 124 dental
944 1548 648 160 diseases;
1680 1592 76 80 a
1836 1544 652 132 textbook
2568 1544 224 128 for
2868 1544 616 128 students
3572 1544 272 128 and
3928 1544 1008 164 practitioners,
5008 1544 184 132 by

400 1736 716 128 Hermann
1216 1736 420 124 Prinz
1728 1748 80 128 …
2084 1744 76 116 6
2164 1748 60 112 t
2228 1736 92 124 h
2420 1736 248 160 ed.,
2768 1780 164 80 en
2936 1736 48 120 l
3000 1832 24 28 .
3132 1736 268 124 and
3508 1780 140 80 re
3660 1780 80 80 v
3752 1832 24 28 .
3884 1732 740 164 according
4720 1748 144 112 to
4960 1748 60 108 t
5024 1732 168 128 he

400 1924 520 132 United
1060 1920 452 136 States
1644 1920 1104 164 pharmacopeia,
2884 1920 312 128 10th
3332 1920 700 128 decennial
4172 1920 632 128 revision.
4992 1920 196 128 St.

404 2112 456 160 Louis,
932 2112 292 128 The
1292 2108 148 132 C.
1512 2112 168 128 V.
1752 2108 496 164 Mosby
2312 2152 716 120 company,
3104 2116 360 116 1926.

572 2316 204 96 632
836 2340 108 88 p.
1084 2312 312 96 illus.
1532 2312 616 108 24ͨͫ
1776 2352 40 52 .

416 2440 120 116 ©
604 2448 284 92 Nov.
952 2448 52 88 1
1020 2444 68 96 0
1096 2520 16 36 ,
1180 2444 336 112 1926;
1588 2440 156 100 2c.
1816 2448 272 88 Dec.
2152 2440 200 116 21;
2428 2440 196 96 aff.
2692 2440 172 96 No
2872 2468 72 68 v
2956 2520 16 16 .
3044 2440 56 92 1
3112 2440 64 92 2
3220 2468 20 88 ;
3312 2440 96 96 A
3476 2436 480 120 958588;
4036 2444 84 92 C
4136 2520 20 16 .
4224 2444 128 92 V.
4424 2444 404 112 Mosby
4900 2468 160 72 co.

596 2580 200 112 (27
792 2636 72 8 –
868 2576 264 116 912)
4860 2576 132 100 78

412 2804 640 148 Railway
1120 2804 640 152 training
1832 2800 716 152 institute,
2632 2804 640 164 Chicago.

660 2992 76 144 …
812 2988 740 128 Electrical
1628 2988 664 160 practice;
2376 3036 76 80 a
2536 2988 664 164 practical
3272 2988 656 128 textbook
4004 2988 232 128 for
4312 2992 232 124 the
4624 2988 348 128 instr
4976 3032 84 80 u
5072 3032 68 84 c
5152 3068 44 16 -

408 3176 292 128 tion
808 3176 156 128 of
1064 3176 576 164 railway
1752 3176 892 160 electricians,
2748 3176 364 128 their
3216 3176 584 160 helpers,
3916 3176 904 164 apprentices,
4928 3176 268 128 and

404 3364 456 128 others
932 3364 140 124 in
1144 3364 576 160 railway
1792 3364 584 160 employ,
2444 3364 680 160 prepared
3188 3364 444 124 under
3692 3364 232 124 the
3992 3364 860 160 supervision
4928 3364 272 128 and

412 3552 332 124 with
832 3552 232 128 the
1148 3548 672 164 approval
1908 3548 156 128 of
2144 3596 176 76 an
2404 3548 640 128 editorial
3136 3548 644 160 advisory
3860 3548 428 128 board
4384 3548 156 128 of
4628 3552 576 160 railway

412 3740 776 124 mechanica
1196 3740 48 124 l
1340 3780 76 84 o
1420 3736 56 124 f
1468 3736 76 128 fi
1556 3740 204 124 cia
1768 3740 48 120 l
1828 3784 60 80 s
1980 3744 76 136 …
2308 3784 120 80 v.
2524 3744 112 116 1.
2824 3732 652 168 Chicago,
3560 3740 636 164 Railway
4292 3752 56 112 t
4356 3740 556 164 raining
5000 3740 204 128 in-

412 3924 472 124 stitute
992 3928 216 136 [ͨ19
1216 3928 160 120 26
1388 4000 32 84 ]

576 4116 208 96 463
856 4144 100 88 p.
1100 4116 36 92 i
1144 4120 40 88 l
1192 4116 120 96 lu
1324 4140 120 88 s.,
1520 4116 432 112 diagrs.
2096 4116 712 108 22½ͨͫ.
2620 4116 592 112 (Railway
3284 4116 480 112 library,
3844 4120 124 96 T.
4044 4116 148 96 H.
4268 4120 500 112 Russell,
4900 4124 80 104 M.
5060 4152 76 68 A
5148 4192 60 44 .,

412 4248 972 116 editor-in-chief)

428 4376 116 112 ©
620 4384 284 96 Nov.
980 4384 168 112 15,
1224 4384 340 104 1926;
1640 4384 160 96 2c.
1876 4384 268 96 Dec.
2224 4384 196 112 11;
2500 4384 196 96 aff.
2776 4388 268 92 Dec.
3124 4384 124 112 9;
3332 4384 96 96 A
3504 4384 476 108 958590;
4076 4384 536 116 Railway
4692 4388 524 116 training

584 4516 576 96 institute.
1332 4516 196 116 (27
1528 4576 72 12 –
1604 4516 260 116 813)
4876 4520 132 104 79

424 4744 492 148 [Rand,
984 4744 664 128 Waldron
1720 4744 580 124 Holmes
2316 4824 28 80 ]
2428 4744 324 124 1876
2756 4820 80 16 –

592 4924 432 164 Spare
1088 4940 728 144 moments;
1892 4972 72 80 a
2032 4928 708 124 collection
2808 4928 152 124 of
3028 4928 540 128 articles
3628 4976 172 80 on
3872 4936 680 160 everyday
4620 4928 584 164 subjects

424 5116 244 124 wri
676 5124 120 116 tt
808 5160 160 80 en
1064 5112 228 128 for
1376 5116 228 124 the
1692 5112 132 128 A
1832 5132 56 112 t
1896 5116 228 124 lan
2132 5132 60 112 t
2200 5116 120 128 ic
2404 5160 408 116 news,
2896 5116 184 164 by
3168 5112 436 132 "Cens
3616 5160 76 84 o
3700 5116 148 128 r"
3956 5160 276 120 [pse
4240 5168 88 76 u
4340 5120 128 128 d.
4484 5196 32 84 ]
4636 5120 76 136 …
4868 5120 336 124 with

424 5348 172 80 an
688 5304 936 124 introduction
1712 5304 184 160 by
1988 5300 536 164 George
2620 5304 136 132 S.
2852 5304 392 128 Mum
3256 5304 68 124 f
3332 5304 248 128 ord
3660 5304 84 136 …
4012 5308 172 124 2d
4284 5308 268 128 and
4652 5352 160 80 en
4820 5308 48 124 l
4880 5408 24 24 .
5004 5312 200 124 ed.

416 5492 560 152 Boston,
1036 5488 460 160 Mass.,
1552 5488 1348 132 McGrath-Sherrill
2968 5536 420 116 press,
3460 5500 360 120 1926.

592 5716 108 80 x,
764 5688 140 96 27
912 5684 60 100 5
1036 5712 100 92 p.
1280 5688 652 108 21½ͨͫ.

600 5824 568 96 "Limited
1252 5824 436 96 edition
1772 5824 124 96 of
1976 5824 44 92 f
2020 5824 28 92 i
2060 5852 136 68 ve
2280 5824 532 96 hundred
2892 5824 488 116 copies."
3524 5824 284 100 This
3888 5856 284 84 copy
4260 5832 200 92 not
4540 5828 672 100 numbered.

432 5948 120 112 ©
628 5960 272 96 Dec.
976 5956 160 116 15,
1208 5956 340 116 1926;
1628 5960 164 96 2c.
1864 5960 268 96 Dec.
2204 5960 200 100 22:
2488 5960 196 96 aff.
2760 5964 264 92 Jan.
3096 5960 92 108 6,
3268 5964 340 112 1927;
3692 5964 92 92 A
3860 5964 200 92 963
4072 5960 132 96 03
4216 5964 56 92 1
4320 5992 16 72 ;
4432 5964 516 92 Atlantic
5020 5976 188 88 no-

592 6088 368 100 tional
1024 6092 312 96 bank
1400 6092 128 96 of
1592 6096 468 112 Boston,
2132 6096 476 96 Boston.
2776 6092 604 120 (27–1017)
4876 6092 136 104 80

420 6316 784 152 Raymond,
1268 6316 328 132 Mrs.
1668 6320 620 136 Frances
2372 6320 772 156 (Effinger)
3236 6328 320 120 1863
3560 6400 84 16 –

596 6500 768 132 Standards
1480 6508 144 124 in
1744 6508 832 160 elementary
2684 6508 764 128 shorthand
3552 6512 184 160 by
3848 6512 592 124 Frances
4556 6512 172 124 Ef
4708 6512 76 124 f
4772 6516 436 160 inger-

428 6692 720 160 Raymond
1272 6696 272 124 and
1664 6696 124 120 E
1796 6692 44 124 l
1856 6692 372 128 izabe
2236 6708 60 108 t
2300 6696 92 124 h
2520 6692 92 132 S
2624 6708 56 112 t
2692 6696 508 124 arbuck
3316 6696 528 128 Adams
3956 6700 84 148 …
4328 6696 336 128 New
4780 6696 436 164 York,

428 6876 608 164 Chicago
1124 6896 280 140 [etc.
1420 6960 32 76 ]
1544 6880 288 124 The
1908 6876 472 168 Gregg
2452 6884 808 160 publishing
3332 6924 676 124 company
4100 6876 420 168 [ͨ1926
4532 6964 28 80 ]

596 7072 200 116 vii,
860 7072 212 100 115
1132 7100 104 92 p.
1376 7072 648 112 19ͨͫ.

440 7200 116 116 ©
628 7212 272 96 Dec.
960 7212 168 108 28,
1192 7212 340 112 1926;
1600 7212 160 96 2c.
1832 7216 228 92 and
2124 7212 196 100 aff.
2392 7216 260 96 Jan.
2720 7216 96 112 3,
2880 7212 340 116 1927;
3296 7216 96 92 A
3460 7216 484 116 958578;
4016 7216 380 116 Gregg
4464 7220 260 112 pub.
4792 7244 164 68 co.

620 7344 608 116 (27–1030)
4880 7348 136 104 81

420 7536 412 148 Rees,
908 7536 348 128 Seth
1332 7536 420 128 Cook.

592 7720 292 132 The
940 7720 436 168 wings
1432 7720 160 128 of
1640 7724 236 128 the
1928 7724 708 164 morning;
2704 7772 76 80 a
2836 7728 472 124 record
3376 7724 156 128 of
3588 7744 452 108 recent
4096 7732 488 156 travel,
4636 7728 184 164 by
4888 7724 328 136 Seth

428 7904 152 132 C.
676 7908 124 124 R
808 7952 64 80 e
884 7952 128 84 es
1116 7924 80 128 …
1364 7912 272 124 and
1728 7912 300 124 Pau
2036 7912 48 124 l
2188 7912 132 132 S.
2416 7912 340 128 Rees
2860 7924 80 128 …
3188 7912 896 160 Greensboro,
4184 7916 164 124 N.
4456 7916 108 128 C
4580 8016 68 60 .,
4740 7916 212 128 W.
5056 7916 160 128 R.

432 8088 288 136 Cox
836 8092 404 152 [ͨ1926
1252 8172 28 84 ]

596 8292 204 96 253
868 8320 104 92 p.
1116 8288 612 108 19½ͨͫ.

448 8412 116 116 ©
644 8424 244 96 Oct.
964 8424 164 116 25,
1196 8424 344 116 1926;
1616 8428 160 96 2c.
1852 8432 228 92 and
2152 8428 196 100 aff.
2424 8432 260 92 Jan.
2756 8432 100 108 4,
2924 8432 344 112 1927;
3352 8432 92 88 A
3516 8432 480 112 957982;
4084 8436 108 96 S.
4268 8436 120 96 C.
4468 8436 328 116 Rees,
4876 8436 348 96 Pasa-

604 8556 328 116 dena,
1004 8556 344 100 Calif.
1516 8560 196 116 (27
1712 8616 72 12 –
1784 8564 264 112 985)
4884 8568 140 100 82

428 8748 760 152 Robinson,
1264 8752 576 128 Monroe
1908 8752 672 156 Douglas.

608 8928 116 144 A
820 8936 360 128 little
1252 8940 372 160 boy's
1708 8940 576 160 friends,
2356 8940 180 164 by
2612 8944 572 128 Monroe
3264 8944 620 164 Douglas
3960 8944 744 132 Robinson.
4888 8948 332 128 New

448 9120 428 160 York,
952 9120 148 128 C.
1180 9120 748 132 Scribner's
2000 9168 352 116 sons,
2432 9132 356 124 1926.

612 9328 76 80 x
752 9344 140 88 p.,
960 9320 64 92 2
1084 9324 36 88 l
1136 9392 56 40 .,
1260 9316 200 100 103
1532 9344 104 92 p.
1780 9316 680 104 19ͨͫ.

452 9436 116 112 ©
640 9452 268 96 Dec.
968 9452 164 112 10,
1196 9452 204 100 192
1408 9452 64 96 6
1516 9484 16 84 ;
1600 9456 160 92 2c.
1828 9460 268 96 Dec.
2156 9460 196 112 14;
2420 9460 200 96 aff.
2688 9460 68 92 J
2768 9484 56 68 a
2840 9484 108 68 n.
3012 9460 96 112 6,
3176 9460 336 116 1927;
3584 9464 96 92 A
3744 9464 64 96 9
3812 9460 68 92 6
3884 9464 60 96 3
3956 9464 68 96 0
4024 9464 196 116 38;
4300 9464 484 96 Charles
4864 9464 364 96 Scrib-

608 9580 300 100 ner's
976 9608 300 72 sons.
1448 9588 192 116 (27
1640 9640 72 16 –
1712 9584 268 120 977)
4888 9596 136 100 83

2764 9720 148 120 13
