5920 10300
2512 9696 308 116 1061

224 1052 548 148 Cleven,
840 1052 344 124 Nels
1248 1052 616 124 Andrew
1928 1044 572 152 Nelson,
2572 1052 200 124 ed.

384 1240 696 160 Readings
1160 1240 136 124 in
1380 1236 680 164 Hispanic
2140 1236 732 124 American
2952 1236 572 160 history,
3604 1232 184 160 by
3872 1236 164 120 N.
4124 1232 604 124 Andrew
4812 1232 164 124 N.

224 1424 328 132 Clev
564 1472 156 76 en
804 1440 84 132 …
1092 1428 560 152 Boston,
1712 1424 332 124 New
2108 1420 392 124 York
2576 1436 328 144 [etc.]
2988 1420 368 128 Ginn
3424 1420 272 124 and
3760 1464 672 116 company
4508 1440 160 132 [ͨ
4612 1428 56 112 1
4684 1424 156 116 92
4848 1420 160 152 7]

392 1668 148 76 xx
556 1728 24 36 ,
652 1652 200 96 791
928 1676 100 88 p.
1172 1652 720 108 21½ͨͫ
1484 1692 28 56 .

240 1808 112 124 ©
420 1820 280 112 Aug.
760 1816 168 112 24,
992 1816 336 112 1927;
1396 1820 64 88 2
1460 1828 52 80 c
1536 1892 20 20 .
1624 1820 228 92 and
1916 1844 64 64 a
1992 1816 92 92 ff
2092 1892 20 16 .
2176 1820 288 108 Aug.
2528 1816 196 112 27;
2796 1816 96 92 A
2956 1816 68 92 9
3024 1812 140 96 96
3168 1812 128 96 92
3308 1812 60 96 6
3412 1840 24 88 ;
3508 1816 132 96 N.
3708 1812 132 100 A.
3908 1816 136 92 N.
4116 1812 448 112 Cleven,
4632 1812 348 96 Pitts-

396 1956 400 112 burgh.
968 1952 664 116 (27-18328)
4480 1944 280 100 7046

224 2180 588 144 Conant,
888 2176 584 128 Charles
1536 2176 604 148 Arthur,
2216 2184 316 116 1861
2540 2256 84 12 –
2636 2184 356 116 1915.

384 2364 132 124 A
596 2364 528 160 history
1204 2360 152 124 of
1436 2364 560 124 modern
2076 2360 436 124 banks
2588 2356 156 128 of
2820 2360 392 160 issue,
3284 2360 184 164 by
3552 2356 564 132 Charles
4192 2356 172 128 A.
4452 2356 540 132 Conant

416 2552 76 136 …
568 2548 228 124 6th
904 2548 244 160 ed.,
1252 2548 332 124 with
1688 2560 272 112 two
2060 2592 296 80 new
2452 2548 632 160 chapters
3184 2548 656 164 bringing
3936 2548 228 124 the
4268 2544 468 128 record
4836 2544 156 124 of

232 2736 416 124 banks
724 2728 156 128 of
956 2732 352 124 issue
1388 2732 400 124 down
1868 2744 144 112 to
2096 2736 364 156 1926,
2540 2732 180 164 by
2796 2736 552 120 Marcus
3424 2732 552 124 Nadler.
4152 2732 328 124 New
4580 2728 412 152 York,

228 2920 612 160 London,
900 2920 160 128 G.
1124 2920 152 124 P.
1344 2916 704 128 Putnam's
2108 2964 348 112 sons,
2520 2920 356 128 1927.

388 3176 76 68 x
472 3148 80 96 ii
564 3148 32 92 i
616 3224 20 40 ,
712 3148 200 96 842
988 3172 100 92 p.
1232 3148 84 92 il
1320 3152 40 88 l
1372 3172 164 72 us.
1636 3148 380 116 (map)
2176 3140 684 112 22½ͨͫ.

392 3316 320 96 "List
784 3340 64 72 o
856 3316 56 92 f
980 3312 836 100 authorities":
1896 3340 100 88 p.
2072 3316 200 92 811
2276 3368 76 12 –
2356 3312 236 100 817.

264 3468 100 124 ©
432 3480 284 112 Aug.
792 3480 160 108 26,
1028 3484 52 84 1
1100 3480 64 88 9
1168 3492 64 80 2
1244 3484 56 92 7
1344 3504 20 84 ;
1440 3480 164 96 2c.
1672 3480 228 92 and
1976 3480 196 96 aff.
2244 3480 288 112 Aug.
2604 3480 60 96 3
2676 3480 68 88 0
2784 3504 16 84 ;
2880 3480 96 92 A
3052 3480 412 92 996962
3508 3504 20 88 ;
3612 3480 92 92 G
3720 3556 16 20 .
3816 3480 116 100 P.
4012 3480 532 96 Putnam'
4560 3508 52 68 s
4688 3504 304 76 sons.

420 3616 668 112 (27-18367)
4504 3612 284 104 7047

236 3840 568 148 Cooper,
872 3844 332 120 Mrs.
1288 3836 780 152 Elizabeth,
2152 3840 316 124 1877
2472 3916 72 12 –

400 4028 248 164 My
708 4028 324 160 lady
1092 4024 152 124 of
1304 4028 228 120 the
1592 4028 504 120 Indian
2160 4024 584 160 purdah,
2808 4028 180 156 by
3048 4028 720 124 Elizabeth
3840 4028 532 164 Cooper
4472 4024 84 144 …
4656 4028 336 128 with

240 4208 468 128 fifteen
768 4208 908 128 illustrations
1732 4212 140 120 in
1936 4212 584 124 duotone
2588 4208 356 128 from
3012 4212 976 160 photographs.
4172 4216 328 120 New
4568 4216 428 132 York,

240 4396 732 124 Frederick
1024 4396 168 124 A.
1264 4392 480 128 Stokes
1800 4440 708 116 company,
2576 4396 352 128 1927.

400 4624 112 96 vi
568 4648 140 88 p.,
760 4624 64 92 2
880 4624 36 92 l
932 4696 56 40 .,
1044 4624 60 92 3
1120 4676 60 12 –
1184 4620 204 96 205
1448 4648 100 88 p.
1720 4624 388 112 front.,
2176 4624 404 112 plates.
2728 4624 792 108 21ͨͫ.

260 4784 108 120 ©
428 4796 284 104 Aug.
772 4792 160 112 25,
1000 4792 196 96 192
1208 4792 60 96 7
1308 4816 24 84 ;
1396 4796 60 88 2
1456 4812 56 80 c
1536 4872 20 16 .
1616 4784 228 104 and
1908 4816 60 72 a
1980 4792 44 88 f
2016 4792 88 96 f.
2164 4792 280 108 Aug.
2508 4792 140 96 30
2684 4816 20 84 ;
2776 4796 88 88 A
2928 4792 60 88 9
2992 4792 72 92 9
3060 4800 64 92 6
3140 4792 60 92 9
3208 4796 196 108 42;
3476 4796 624 92 Frederick
4164 4796 128 96 A.
4364 4796 408 96 Stokes
4832 4820 164 76 co.

428 4928 668 116 (27-18300)
4516 4928 280 100 7048

240 5156 568 144 Cooper,
876 5152 480 124 James
1428 5152 784 148 Fenimore,
2288 5152 312 124 1789
2612 5232 84 12 –
2704 5160 360 116 1851.

404 5336 288 124 The
756 5336 264 124 last
1080 5336 160 124 of
1296 5336 228 124 the
1588 5336 780 136 Mohicans;
2436 5380 192 116 or,
2696 5340 128 120 A
2888 5340 696 124 narrative
3648 5340 156 124 of
3872 5348 360 156 1757,
4292 5340 184 168 by
4540 5344 464 128 James

244 5520 712 128 Fenimore
1024 5516 592 168 Cooper;
1692 5520 336 124 with
2100 5568 172 80 an
2340 5524 932 124 introduction
3340 5524 180 164 by
3584 5528 364 124 Fred
4016 5528 440 124 Lewis
4524 5532 480 120 Pattee

320 5712 84 132 …
572 5708 332 120 New
976 5704 428 160 York,
1472 5708 288 124 The
1824 5704 800 128 Macmillan
2696 5748 708 124 company,
3484 5712 360 128 1927.

404 5940 356 108 xxvii,
828 5940 128 88 50
968 5936 56 88 5
1092 5964 96 84 p.
1256 5936 116 92 in
1388 5936 92 92 cl
1500 6012 20 20 .
1584 5936 360 96 front.
1936 5972 32 56 ,
2044 5940 112 112 pl
2168 5940 288 92 ates.
2584 5936 784 108 18½ͨͫ.
3088 5940 300 104 (The
3448 5944 476 92 modern
3988 5944 504 96 readers'
4564 5948 416 96 series)

260 6076 116 112 ©
464 6104 284 112 Aug.
832 6104 164 108 30,
1084 6100 328 96 1927;
1508 6100 156 96 2c.
1752 6104 228 88 and
2064 6128 64 68 a
2140 6104 52 88 f
2244 6180 16 16 .
2348 6104 288 108 Aug.
2720 6104 196 96 31:
3012 6104 88 92 A
3192 6100 200 96 999
3388 6100 68 88 6
3472 6108 128 92 55
3648 6132 20 84 ;
3764 6108 672 96 Macmillan
4524 6140 164 72 co.
4836 6104 164 128 [©

416 6236 628 96 introducti
1060 6264 60 68 o
1128 6264 108 88 n,
1408 6236 324 112 (27-1
1744 6236 60 92 8
1808 6236 136 96 32
1956 6236 60 96 5
2044 6236 28 108 )
4524 6248 60 100 7
4596 6248 60 100 0
4668 6244 140 104 49

252 6464 544 148 Craine,
876 6464 432 124 Edith
1380 6464 128 124 J.

416 6648 524 160 Happy
1052 6640 320 168 days
1476 6660 228 112 out
1808 6652 368 120 West
2284 6648 224 124 for
2608 6652 740 132 Littlebits,
3452 6652 172 164 by
3732 6660 432 120 Edith
4268 6660 136 128 J.
4516 6660 492 128 Craine

256 6876 56 76 a
336 6836 188 124 nd
588 6832 564 124 Alberta
1228 6832 128 124 N
1372 6936 20 16 .
1464 6836 116 116 B
1592 6852 88 92 u
1692 6844 308 112 rton
2072 6832 80 136 …
2296 6832 592 164 pictures
2952 6836 180 164 by
3200 6836 380 128 Doro
3588 6852 56 112 t
3648 6840 188 160 hy
3900 6840 376 128 Lake
4348 6844 660 168 Gregory.

260 7016 640 164 Chicago,
968 7020 328 124 New
1372 7016 388 128 York
1776 7120 20 56 ,
1868 7020 444 132 Rand,
2384 7020 652 164 McNally
3104 7024 100 112 &
3280 7068 672 124 company
4036 7016 160 172 [ͨ
4136 7032 320 124 1927
4468 7108 28 80 ]

416 7244 200 92 129
696 7272 100 88 p.
944 7240 336 116 illus.,
1360 7244 208 100 col.
1644 7248 412 112 plates.
2200 7244 60 92 2
2272 7244 612 104 0ͨͫ
2448 7288 20 44 .

312 7412 72 112 ©
456 7412 288 112 Aug.
816 7412 160 112 25,
1052 7412 272 96 1927
1352 7428 32 88 ;
1464 7412 60 92 2
1536 7436 56 68 c
1604 7492 20 16 .
1696 7416 228 92 and
1996 7412 196 100 aff.
2264 7412 288 116 Aug.
2628 7416 192 112 29;
2904 7420 96 88 A
3072 7416 476 116 999581;
3628 7420 372 116 Rand,
4072 7424 540 116 McNally
4684 7428 92 96 &
4844 7452 164 76 co.

448 7548 664 120 (27-18318)
4528 7560 284 100 7050

260 7768 528 152 Crofts,
868 7776 684 120 Freeman
1632 7772 440 128 Wills.

424 7956 712 160 Inspector
1196 7956 528 124 French
1796 7960 264 124 and
2120 7960 232 128 the
2424 7960 320 128 Star
2756 8008 80 80 v
2848 8008 60 80 e
2920 7964 48 120 l
3028 7968 616 160 tragedy.
3836 7952 200 140 [18
4104 7964 960 136 instalments]

448 8184 196 112 (In
716 8172 840 104 Westminster
1636 8176 540 120 gazette)

320 8348 72 112 ©
464 8348 160 96 1c.
692 8348 284 100 each
1040 8348 276 116 July
1380 8352 168 108 23,
1620 8352 332 112 1927;
2028 8356 96 88 A
2196 8356 144 92 ad
2412 8356 204 96 int.
2688 8356 340 112 9793;
3100 8360 344 112 pubd.
3512 8364 276 112 May
3856 8364 164 112 27,
4092 8364 164 112 28,
4332 8364 516 100 30-June
4916 8368 96 112 4,

432 8480 300 116 6–11,
804 8488 48 88 1
868 8484 64 92 3
932 8536 76 12 –
1012 8488 56 88 1
1084 8484 60 92 6
1168 8488 32 80 ;
1280 8488 124 96 F.
1468 8480 172 104 W.
1716 8488 276 96 Crof
2004 8496 40 88 t
2056 8512 84 84 s,
2212 8488 544 116 Grianon,
2832 8492 852 116 Jordanstown,
3764 8496 188 100 Co.
4020 8500 496 112 Antrim,
4588 8504 424 112 Ulster,

432 8616 504 100 Ireland.
4536 8632 276 100 7051

276 8836 604 152 Darwin,
956 8840 584 128 Charles
1608 8848 572 148 Robert,
2264 8856 312 116 1809
2580 8928 88 12 –
2676 8860 360 116 1882.

436 9024 288 124 The
792 9024 448 164 origin
1312 9028 152 124 of
1528 9032 504 156 species
2092 9032 180 164 by
2340 9080 460 80 means
2868 9036 152 124 of
3076 9044 556 120 natural
3696 9044 700 164 selection;
4472 9092 192 116 or,
4728 9048 292 124 The

280 9212 920 152 preservation
1316 9212 156 120 of
1584 9212 572 128 favored
2276 9260 368 84 races
2760 9220 140 124 in
3016 9224 232 124 the
3364 9228 612 160 struggle
4096 9224 224 132 for
4436 9228 292 160 life,
4840 9232 180 160 by

284 9384 556 136 Charles
916 9392 608 156 Darwin,
1604 9400 328 120 with
2016 9448 168 76 an
2260 9400 928 132 introduction
3264 9404 180 168 by
3520 9412 648 124 Edmund
4252 9416 160 120 B.
4492 9416 524 124 Wilson
