5968 10284
724 852 768 156 Shepard's
1588 852 600 132 Indiana
2284 852 672 132 classified
3048 852 516 168 topical
3656 852 484 164 index;
4240 900 72 80 a
4416 852 1104 168 comprehensive

884 1040 416 128 index
1368 1052 144 116 to
1584 1040 272 128 and
1932 1040 600 168 analysis
2604 1040 156 128 of
2828 1084 408 124 every
3304 1084 296 84 case
3672 1040 564 128 decided
4300 1040 188 168 by
4552 1040 232 128 the
4864 1040 660 164 Supreme

888 1228 272 128 and
1224 1224 748 168 Appellate
2032 1236 452 120 courts
2544 1224 144 128 in
2752 1228 232 128 the
3040 1236 352 120 state
3452 1224 156 132 of
3660 1224 668 164 Indiana;
4400 1228 324 128 each
4784 1272 296 84 case
5132 1272 384 80 num-

884 1412 404 128 bered
1380 1428 140 112 to
1608 1416 664 160 complete
2352 1412 368 164 body
2800 1412 156 128 of
3036 1408 744 132 American
3856 1456 300 84 case
4236 1416 260 124 law
4584 1456 148 84 as
4816 1416 692 124 embraced

888 1600 140 128 in
1116 1600 232 128 the
1436 1596 740 132 American
2268 1600 448 164 digest
2804 1608 540 156 system.
3524 1600 160 128 2d
3788 1600 248 164 ed.,
4128 1600 360 128 1927.
4668 1600 332 128 New
5092 1600 432 164 York,

888 1788 292 128 The
1252 1784 480 128 Frank
1804 1780 636 168 Shepard
2516 1828 676 120 company
3272 1788 424 144 [ͨ1927
3692 1824 40 100 ]

884 1988 204 96 121
1092 1992 68 96 3
1236 2016 108 88 p.
1484 1988 68 96 2
1556 1984 612 108 3½ͨͫ
1808 2028 28 52 .

884 2156 312 112 Kept
1256 2180 156 88 up
1476 2160 116 92 to
1660 2152 272 96 date
1996 2152 148 116 by
2208 2152 716 96 cumulative
2988 2156 828 112 supplements.

728 2312 120 120 ©
924 2320 284 96 Nov.
1284 2320 164 116 14,
1524 2324 336 104 1927;
1944 2320 160 96 2c.
2180 2320 272 96 Dec.
2528 2316 196 112 14;
2808 2316 196 100 aff.
3084 2320 272 96 Dec.
3428 2320 196 108 13;
3708 2320 96 92 A
3880 2320 60 92 1
3948 2316 64 96 0
4024 2320 128 96 13
4164 2320 60 92 5
4236 2316 60 96 9
4308 2316 60 96 6
4408 2344 24 88 ;
4516 2320 400 96 Frank
4996 2320 524 112 Shepard

884 2480 168 76 co.
1216 2452 676 120 (27-27595)
4936 2448 360 104 11830

728 2676 776 152 Shepard's
1588 2676 600 128 Indiana
2276 2676 368 128 table
2732 2672 156 132 of
2980 2720 428 116 cases;
3504 2720 80 80 a
3672 2680 664 160 complete
4420 2672 372 132 table
4876 2672 156 132 of
5116 2716 400 124 every

888 2908 300 84 case
1280 2860 560 132 decided
1940 2860 180 168 by
2216 2864 232 128 the
2552 2860 660 164 Supreme
3304 2864 272 124 and
3672 2860 744 164 Appellate
4512 2872 452 120 courts
5056 2864 144 124 in
5296 2864 228 124 the

888 3060 352 116 state
1316 3048 156 128 of
1548 3044 668 168 Indiana;
2300 3048 324 128 each
2700 3092 300 84 case
3068 3048 744 128 numbered
3888 3060 140 116 to
4108 3044 744 168 Shepard's
4924 3048 596 128 Indiana

888 3236 672 128 classified
1628 3236 516 164 topical
2216 3236 412 124 index
2704 3236 268 124 and
3040 3236 668 160 complete
3768 3232 364 164 body
4200 3232 160 128 of
4424 3236 732 124 American
5228 3280 296 80 case

892 3428 260 124 law
1248 3468 148 84 as
1492 3420 708 128 embraced
2300 3420 144 128 in
2540 3424 232 124 the
2868 3420 736 128 American
3708 3420 448 164 digest
4252 3432 540 156 system.
4980 3428 200 120 1st
5276 3424 248 160 ed.,

896 3608 364 132 1927.
1440 3608 332 132 New
1864 3608 428 160 York,
2376 3608 296 124 The
2756 3608 476 124 Frank
3316 3604 632 164 Shepard
4032 3648 672 128 company
4796 3608 168 152 [ͨ
4892 3608 324 128 1927
5204 3632 48 96 ]

884 3812 132 96 78
1020 3812 68 96 0
1164 3840 100 88 p.
1404 3808 616 112 23½ͨͫ.

896 3976 664 116 "Compiled
1636 3972 144 120 by
1860 3976 196 96 the
2128 3972 700 120 publisher's
2900 3972 552 96 editorial
3528 3976 180 96 sta
3708 3972 100 92 ff
3824 3972 88 100 ."

892 4116 308 112 Kept
1272 4140 156 88 up
1504 4120 116 92 to
1696 4112 272 96 date
2044 4112 144 112 by
2260 4108 716 96 cumulative
3052 4108 828 116 supplements.

732 4252 112 112 ©
928 4284 284 96 Nov.
1288 4280 164 112 14,
1528 4276 276 96 1927
1848 4300 20 80 ;
1948 4276 164 96 2c.
2188 4276 268 96 Dec.
2528 4276 196 108 14;
2808 4272 128 96 af
2908 4272 72 96 f
2988 4352 20 20 .
3096 4276 260 96 Dec.
3432 4276 196 108 13;
3716 4272 96 96 A
3888 4272 548 112 1013597;
4524 4276 392 96 Frank
5000 4276 524 116 Shepard

888 4444 164 68 co.
1224 4408 672 120 (27-27596)
4940 4404 356 104 11831

732 4644 516 148 Smith,
1332 4644 532 152 Joseph
1944 4640 608 148 Russell,
2648 4640 324 128 1874
2976 4720 84 12 –

896 4832 568 124 Human
1552 4828 840 164 geography,
2476 4828 180 164 by
2736 4832 136 128 J.
2956 4828 160 124 R.
3212 4824 456 132 Smith
3760 4840 92 128 …
4084 4828 216 124 bk.
4396 4836 108 116 1.
4592 4832 576 160 Peoples
5252 4828 272 124 and

728 5020 716 124 countries.
1632 5016 648 160 Chicago,
2352 5012 1024 164 Philadelphia,
3444 5012 296 128 The
3800 5012 376 132 John
4248 5012 148 132 C.
4460 5012 640 132 Winston
5168 5060 352 80 com-

732 5248 368 120 pany
1192 5208 448 168 [ͨ1926]

892 5404 148 112 vi,
1108 5404 240 108 354,
1420 5404 136 92 15
1624 5428 104 88 p.
1872 5396 392 120 front.,
2340 5396 344 116 illus.,
2756 5424 360 88 maps,
3192 5396 432 116 diagrs.
3768 5396 648 112 25ͨͫ.

732 5564 124 112 ©
932 5572 244 96 Oct.
1248 5572 160 112 26,
1480 5572 48 92 1
1552 5568 60 92 9
1616 5572 76 92 2
1696 5572 68 92 6
1800 5592 20 84 ;
1892 5572 164 96 2c.
2124 5572 228 92 and
2420 5568 128 96 af
2520 5568 72 92 f
2600 5648 20 16 .
2692 5572 280 112 July
3036 5568 168 112 21,
3276 5564 336 112 1927;
3692 5568 92 92 A
3856 5568 60 88 9
3924 5564 64 92 9
4000 5568 60 92 6
4068 5568 268 108 497;
4416 5572 68 92 J
4496 5596 64 68 o
4564 5568 152 92 hn
4796 5568 84 88 C
4892 5644 24 20 .
4984 5564 532 100 Winston

896 5732 160 72 co.
1212 5700 156 108 [©
1456 5704 568 96 revisions
2100 5708 228 92 and
2404 5704 688 112 additions]
4944 5696 356 104 11832

728 5932 656 152 Spencer,
1464 5928 736 132 Hazelton.

900 6112 936 168 Shakespeare
1936 6112 784 168 improved;
2832 6116 232 128 the
3168 6116 816 128 restoration
4088 6112 604 132 versions
4792 6112 144 128 in
5036 6128 488 148 quarto

728 6304 272 128 and
1076 6348 176 84 on
1320 6300 232 128 the
1620 6312 424 156 stage,
2116 6300 180 168 by
2364 6300 684 128 Hazelton
3128 6300 636 164 Spencer.
3924 6300 872 168 Cambridge,
4868 6300 656 128 Harvard

728 6488 764 164 university
1564 6532 424 120 press,
2064 6484 360 128 1927.

892 6688 168 96 xii
1076 6760 20 44 ,
1172 6684 208 100 406
1452 6712 108 92 p.
1696 6684 400 116 front.,
2176 6712 72 88 p
2248 6688 36 92 l
2300 6760 56 40 .,
2432 6692 360 112 ports.
2936 6684 720 112 24½ͨͫ.

896 6820 844 120 Bibliography
1780 6844 24 72 :
1884 6844 108 92 p.
2080 6816 600 124 [383]–390.

740 6948 120 116 ©
932 6960 272 96 Dec.
1268 6956 68 96 6
1344 7032 16 36 ,
1428 6956 340 108 1927;
1840 6956 160 92 2c.
2068 6956 268 96 Dec.
2404 6952 48 96 1
2476 6952 124 112 2;
2672 6952 200 96 aff.
2944 6952 168 96 De
3120 6980 60 68 c
3192 7032 20 16 .
3280 6952 56 92 1
3348 6952 72 96 0
3452 6980 24 84 ;
3548 6952 100 96 A
3716 6952 548 104 1013663:
4340 6956 612 100 President
5020 6960 228 92 and
5316 6956 204 92 fel-

896 7096 288 92 lows
1272 7092 124 96 of
1480 7092 552 96 Harvard
2124 7092 460 112 college,
2676 7088 720 116 Cambridge,
3492 7092 352 96 Mass.
4020 7092 676 116 (27-27589)
4944 7084 356 104 11833

736 7312 484 156 Spicer
1308 7316 544 152 George
1932 7312 996 152 Washington,
3016 7312 324 128 1897
3340 7392 88 16 –

980 7504 84 144 …
1148 7504 292 124 The
1516 7500 1036 128 constitutional
2636 7512 444 116 status
3156 7500 264 124 and
3500 7516 892 148 government
4472 7500 156 128 of
4704 7500 560 160 Alaska,
5344 7504 180 168 by

744 7688 536 164 George
1372 7688 924 160 Washington
2404 7684 476 164 Spicer
2984 7696 84 136 …
3320 7688 112 120 B
3448 7688 668 132 altimore,
4212 7688 292 128 The
4596 7688 444 128 Johns
5136 7688 148 128 H
5288 7732 80 84 o
5376 7736 148 116 p-

736 7872 308 128 kins
1112 7916 416 120 press,
1600 7868 356 132 1927.

904 8072 152 112 ix,
1124 8072 192 92 121
1396 8096 104 88 p.
1632 8068 648 108 25ͨͫ.
2080 8068 424 116 (Johns
2576 8068 532 116 Hopkins
3180 8068 656 116 university
3904 8072 448 96 studies
4424 8072 116 92 in
4612 8072 600 96 historical
5292 8076 228 92 and

740 8232 64 92 p
812 8204 256 100 oliti
1076 8232 60 68 c
1140 8228 64 72 a
1220 8208 28 88 l
1324 8204 444 96 science
1844 8220 68 108 …
2104 8228 220 72 ser.
2392 8220 248 108 XLV,
2712 8228 180 76 no.
2956 8204 128 112 4)

904 8340 632 96 Published
1608 8340 252 96 also
1936 8364 128 72 as
2140 8340 364 96 thesis
2604 8340 260 116 (PH.
2936 8344 160 112 D.)
3192 8340 368 96 Johns
3640 8340 528 116 Hopkins
4252 8340 680 116 university,
5012 8340 308 96 1926.

904 8472 900 116 Bibliography:
1876 8500 108 88 p.
2052 8472 200 96 116
2256 8528 72 24 –
2332 8472 236 100 117.

744 8592 124 116 ©
948 8608 284 100 Nov.
1312 8612 92 112 8,
1484 8612 56 88 1
1556 8608 60 92 9
1624 8612 72 88 2
1692 8608 72 96 7
1800 8632 24 88 ;
1908 8612 164 96 2c.
2152 8612 280 96 Nov.
2516 8612 192 112 12;
2796 8604 200 104 aff.
3072 8612 284 96 Nov.
3440 8612 196 112 11;
3728 8612 88 92 A
3904 8612 44 92 1
3968 8612 68 96 0
4044 8612 52 92 1
4108 8608 132 100 03
4252 8612 60 92 1
4320 8612 60 96 3
4428 8636 16 80 ;
4540 8612 368 96 Johns
4988 8612 532 112 Hopkins

904 8768 360 92 press.
1432 8744 672 116 (27-27568)
4940 8736 360 104 11834

740 8964 776 148 Stacpoole,
1584 8968 504 152 Henry
2144 8972 204 124 De
2420 8968 412 128 Vere.

904 9148 696 128 Roxanne.
1780 9152 388 160 chap.
2260 9160 160 116 34
2524 9148 584 168 (contd.)
3136 9232 88 12 –
3228 9160 160 120 36
3500 9152 580 164 (contd.)
4296 9152 904 164 [Conclusion]
5396 9152 120 128 [5

744 9336 896 160 instalments]

2972 9524 324 128 1758
