5920 10300
400 928 868 152 Rosenbach,
1340 924 736 132 Abraham
2140 924 92 132 S
2976 920 416 156 Wolf,
3464 920 320 132 1876
3788 1000 88 16 –

568 1116 456 128 Books
1136 1116 268 128 and
1520 1112 624 160 bidders;
2272 1112 224 128 the
2616 1112 812 128 adventures
3544 1108 160 128 of
3824 1152 76 84 a
4012 1104 856 168 bibliophile,
4980 1112 180 164 by

404 1304 168 124 A.
652 1304 96 132 S
760 1404 28 24 .
860 1300 216 128 W.
1152 1300 832 128 Rosenbach.
2144 1296 604 128 Limited
2824 1296 200 128 ed.
3152 1320 76 128 …
3428 1300 120 124 B
3560 1340 84 84 o
3644 1308 348 152 ston,
4064 1296 168 124 Li
4248 1308 56 112 t
4308 1296 228 160 tle,
4612 1296 552 156 Brown,

400 1488 272 128 and
744 1524 712 124 company,
1532 1480 356 132 1927.

564 1684 68 96 6
724 1704 108 92 p.
932 1684 40 92 l
988 1752 52 40 .,
1152 1676 288 116 [xi]–
1428 1688 72 80 x
1508 1704 72 72 v
1588 1752 20 40 ,
1716 1680 204 96 311
2024 1704 104 92 p.
2268 1676 392 112 front.,
2768 1680 412 116 plates,
3284 1684 392 112 ports.,
3780 1676 520 100 facsims.
4364 1676 324 120 (part
4796 1676 344 112 fold.)

396 1820 536 104 24½ͨͫ.

572 1952 432 100 "Seven
1064 1952 528 96 hundred
1648 1952 228 92 and
1936 1948 660 116 eighty-five
2656 1948 384 116 copies
3096 1948 124 96 of
3280 1948 236 100 this
3568 1952 320 112 large
3952 1972 356 92 paper
4364 1944 444 104 edition
4868 1952 296 96 have

408 2088 272 96 been
744 2084 492 116 printed,
1296 2088 228 92 and
1588 2108 200 72 are
1848 2084 576 96 inscribed
2484 2084 148 112 by
2696 2088 196 96 the
2952 2088 456 96 author.
3540 2084 156 100 Of
3756 2088 192 96 the
4012 2084 528 116 twenty-f
4540 2088 36 92 i
4584 2112 132 72 ve
4780 2084 384 112 copies

404 2220 372 100 which
840 2248 196 68 are
1100 2224 196 92 not
1356 2220 192 96 for
1612 2220 248 96 sale
1920 2220 236 96 this
2220 2220 104 96 is
2384 2220 484 96 number
2928 2220 192 96 for
3184 2220 708 116 copyright."

568 2356 84 96 C
664 2368 72 80 O
736 2380 492 72 NTENTS.
1232 2412 144 12 —
1376 2356 500 116 Talking
1948 2356 124 96 of
2144 2356 188 96 old
2408 2356 388 100 books.
2800 2412 144 12 —
2944 2356 100 96 A
3116 2356 444 96 million
3644 2356 376 96 dollar
4096 2352 644 100 bookshelf.
4740 2408 144 16 —
4892 2352 264 100 Sold

404 2496 116 92 to
604 2492 200 100 Dr.
892 2492 656 100 R!—Some
1632 2492 492 112 literary
2204 2488 1200 120 forgeries.—Among
3488 2492 188 96 old
3764 2488 1400 120 manuscripts.—Ameri-

400 2652 216 72 can
732 2628 620 96 children's
1468 2628 828 108 books.—Old
2412 2628 940 112 Bibles.—Why
3472 2628 536 96 America
4124 2628 292 112 buys
4536 2624 628 116 England's

400 2764 384 96 books.
820 2820 112 16 —
936 2764 240 96 The
1244 2760 644 100 collector's
1956 2760 256 100 best
2276 2760 228 100 bet.

408 2880 116 116 ©
600 2900 280 92 Nov.
952 2900 164 112 12,
1184 2896 336 116 1927;
1592 2896 164 96 2c.
1828 2904 228 92 and
2128 2896 196 96 aff.
2392 2900 284 96 Nov.
2748 2900 56 92 1
2820 2896 64 96 8
2920 2924 24 88 ;
3020 2896 100 92 A
3188 2900 56 92 1
3256 2896 68 96 0
3328 2900 60 92 1
3396 2900 68 92 3
3468 2904 128 88 74
3608 2896 68 96 6
3712 2924 20 88 ;
3812 2896 128 100 A.
4024 2896 104 104 S.
4204 2904 172 92 W.
4452 2900 712 112 Rosenbach,

572 3032 852 116 Philadelphia.
1588 3032 668 116 (27-27464)
4588 3028 352 104 11825

400 3252 292 128 The
764 3252 820 132 Scholastic.

552 3436 280 168 Sap
844 3440 36 120 l
900 3440 340 164 ings.
1420 3440 172 124 2d
1652 3444 396 124 series
2056 3520 84 12 —
2216 3436 372 132 1927.
2772 3444 860 160 Pittsburgh,
3684 3448 280 156 Pa.,
4028 3444 752 132 Scholastic
4828 3440 320 164 pub-

404 3624 512 164 lishing
980 3668 672 124 company
1732 3704 32 80 [
1780 3624 320 128 1927
2112 3704 28 80 ]

564 3820 204 96 126
828 3848 104 88 p.
1076 3824 72 92 2
1148 3824 576 104 0ͨͫ.

408 3956 120 116 ©
596 3956 280 116 July
932 3956 168 116 25,
1160 3956 336 112 1927;
1564 3960 164 96 2c.
1788 3960 280 112 July
2128 3960 196 112 30;
2396 3956 196 100 aff.
2652 3964 280 112 July
2992 3964 196 108 28;
3260 3964 92 92 A
3416 3964 476 108 999221;
3972 3960 640 100 Scholastic
4676 3964 264 112 pub.
5004 3992 160 68 co.

4428 4092 360 124 11826

408 4168 788 152 Schreiber,
1276 4168 544 128 Albert.

572 4352 284 124 Das
932 4348 764 124 kraftwerk
1772 4352 276 120 For
2056 4364 60 108 t
2120 4396 268 76 una
2468 4392 48 76 I
2500 4388 140 116 I;
2724 4388 316 84 mon
3048 4388 76 80 o
3136 4340 496 164 graphi
3632 4368 72 96 e
3788 4340 356 128 eines
4224 4340 416 164 damp
4652 4340 64 124 f
4724 4340 248 128 kra
4988 4336 128 132 ft
5124 4420 40 12 -

412 4532 428 128 werks
916 4532 148 128 in
1144 4536 1092 160 systematischer
2316 4532 892 164 darstellung,
3292 4576 260 80 von
3632 4528 496 124 Albert
4212 4528 716 132 Schreiber
5000 4536 72 136 …

408 4720 256 124 mit
760 4728 232 116 141
1088 4720 924 168 abbildungen
2108 4724 188 124 im
2388 4736 288 112 text
2768 4720 280 124 und
3148 4716 248 128 auf
3492 4716 72 128 7
3656 4712 292 132 tafe
3952 4716 48 124 l
4008 4760 128 80 n.
4316 4712 480 128 Berlin
4880 4712 288 128 und

412 4904 612 168 Leipzig,
1072 4908 220 128 W.
1348 4912 164 124 de
1564 4904 600 168 Gruyter
2220 4916 108 116 &
2384 4952 232 116 co.,
2676 4912 360 120 1925.

572 5104 232 112 xvi,
892 5104 204 92 175
1184 5128 104 88 p.
1428 5104 312 96 illus.
1804 5104 244 112 (inc
2048 5108 40 88 l
2104 5180 20 20 .
2212 5104 324 116 map)
2640 5104 288 96 fold.
3012 5104 412 112 plates.
3564 5100 648 108 21ͨͫ.
4008 5092 460 124 (Added
4564 5104 36 88 t
4616 5120 228 88 .-p.:
4944 5096 228 100 Sie-

412 5248 112 76 m
528 5264 244 72 ens-
780 5240 72 92 h
864 5240 664 104 andbücher
1624 5240 76 104 …
1852 5264 68 72 v
1928 5316 20 20 .
2008 5244 64 92 b
2084 5244 168 112 d.)

416 5364 116 120 ©
600 5376 268 96 Dec.
928 5376 92 116 7,
1084 5376 336 108 1925;
1484 5376 60 92 1
1556 5404 88 68 c.
1708 5376 276 116 July
2044 5376 164 116 14,
2272 5376 332 108 1927;
2676 5376 96 92 A
2776 5432 140 12 —
2920 5372 496 116 Foreign
3476 5372 276 96 3558
3760 5372 60 96 3
3864 5396 20 88 ;
3956 5372 444 96 Walter
4468 5372 64 92 d
4544 5392 64 72 e
4668 5372 504 108 Gruyter

572 5508 88 96 &
720 5540 164 68 co.
1048 5508 668 120 (27-27511)
4596 5496 356 104 11827

408 5696 468 152 Sears,
964 5700 364 128 Fred
1412 5700 704 152 Coleman,
2208 5708 320 120 1866
2532 5776 72 16 –

628 5888 88 136 …
804 5880 840 132 Productive
1708 5884 872 164 orcharding,
2656 5884 560 128 modern
3292 5880 620 128 methods
3984 5880 156 128 of
4212 5876 624 168 growing
4904 5880 268 124 and

408 6064 784 168 marketing
1296 6068 284 124 frui
1592 6084 60 112 t
1660 6168 32 60 ,
1792 6072 180 164 by
2080 6072 364 128 Fred
2552 6068 112 132 C
2676 6168 24 24 .
2820 6068 400 132 Sears
3304 6064 72 148 …
3672 6068 240 124 157
4016 6064 44 128 i
4068 6068 48 124 l
4128 6064 800 128 lustrations
5028 6060 148 128 in

412 6264 128 116 te
548 6296 88 80 x
640 6264 60 116 t
808 6256 84 136 …
1100 6252 232 128 4th
1416 6252 248 164 ed.,
1752 6296 268 84 rev.
2188 6252 976 164 Philadelphia
3248 6256 108 120 &
3432 6252 620 160 London,
4132 6252 136 128 J.
4348 6252 164 124 B.
4592 6248 580 164 Lippin-

408 6448 280 112 cott
760 6480 676 120 company
1524 6440 420 156 [ͨ1927
1956 6516 28 80 ]

576 6636 64 96 6
724 6664 108 88 p.
920 6636 40 92 l
976 6708 52 40 .,
1124 6636 204 96 315
1416 6660 108 88 p.
1668 6636 208 96 col.
1968 6636 392 116 front.,
2452 6636 344 112 illus.,
2884 6636 412 112 plates.
3436 6636 724 108 21½ͨͫ.
3956 6632 816 116 (Lippincott's
4860 6632 312 96 farm

412 6768 592 108 manuals)

416 6880 120 116 ©
616 6900 244 100 Oct.
928 6900 168 116 29,
1168 6896 340 116 1927;
1580 6900 64 96 2
1648 6928 56 68 c
1720 6980 20 20 .
1812 6904 104 92 N
1924 6928 140 68 ov
2076 6984 20 16 .
2164 6904 140 96 30
2344 6928 24 88 ;
2444 6904 196 96 aff.
2716 6904 268 96 Dec.
3060 6900 44 96 1
3124 6904 128 108 2;
3332 6900 96 96 A
3500 6900 56 92 1
3568 6900 64 96 0
3640 6900 56 92 1
3708 6900 68 96 0
3780 6900 264 112 841;
4128 6900 104 96 J.
4304 6904 132 92 B.
4516 6900 88 92 L
4608 6896 36 92 i
4656 6896 272 116 ppin
4936 6928 128 68 co
5076 6904 100 92 tt

576 7064 160 68 co.
908 7036 668 116 (27-27501)
4600 7028 352 100 11828

416 7216 144 152 Sé
600 7216 340 156 vign
948 7220 72 128 é
1028 7316 36 56 ,
1120 7224 452 124 Marie
1648 7224 240 152 (de
1948 7224 628 128 Rabutin
2636 7220 680 152 Chantal)
3384 7224 676 164 marquise
4116 7224 216 148 de,
4396 7228 324 120 1626
4724 7300 84 16 –
4812 7228 364 120 1696.

580 7404 292 128 The
972 7408 468 128 letters
1540 7408 156 124 of
1792 7408 640 128 Madame
2532 7412 168 124 de
2808 7408 96 132 S
2912 7404 76 116 é
2988 7408 332 164 vign
3308 7404 76 116 é
3404 7504 32 68 ,
3536 7404 332 132 with
3976 7452 176 84 an
4248 7404 924 132 introduction

416 7588 176 164 by
648 7588 172 128 A.
888 7588 608 128 Edward
1560 7592 616 128 Newton.
2324 7592 1020 164 Philadelphia,
3404 7592 136 128 J.
3608 7596 156 124 P.
3828 7592 404 124 Horn
4296 7596 112 124 &
4468 7632 712 124 company,

420 7772 360 132 1927.

576 7976 64 92 7
720 8000 104 68 v.
968 7972 456 112 fronts.,
1504 7980 392 108 ports.,
1972 7972 288 100 fold.
2336 7976 520 112 facsims,
2932 7980 324 92 coats
3336 7972 124 100 of
3536 8000 352 76 arms.
4024 7976 684 104 24½ͨͫ.

580 8104 300 96 Title
956 8104 516 116 vignette
1572 8108 512 116 (colored
2156 8116 264 88 coat
2492 8108 124 96 of
2684 8108 376 112 arms)

580 8240 672 96 Half-title:
1340 8240 244 96 The
1664 8240 408 96 letters
2164 8240 124 96 of
2372 8244 536 92 Madame
3000 8248 136 88 de
3232 8240 520 116 Sévigné.
3908 8240 708 100 Carnavalet
4700 8240 476 108 edition,

416 8372 376 116 newly
888 8372 588 112 re-edited,
1576 8372 452 96 revised
2120 8380 232 88 and
2448 8380 620 112 corrected,
3164 8372 604 116 including
3860 8404 272 72 over
4224 8376 328 96 three
4648 8380 524 96 hundred

416 8508 408 92 letters
888 8512 200 88 not
1156 8504 660 116 previously
1884 8508 652 96 translated
2600 8508 248 96 into
2920 8508 516 116 English.

588 8640 308 92 "The
976 8640 704 96 Carnavalet
1760 8640 436 96 edition
2276 8640 128 96 of
2476 8644 240 96 The
2796 8644 412 96 letters
3280 8644 128 96 of
3484 8644 536 96 Madame
4096 8648 140 92 de
4312 8644 72 100 S
4396 8640 260 120 évig
4656 8672 72 68 n
4740 8672 60 68 é
4880 8644 100 96 is
5056 8644 116 96 in

420 8796 340 68 seven
852 8776 548 108 volumes,
1492 8776 228 92 and
1812 8772 100 96 is
2004 8772 448 100 limited
2544 8780 116 92 to
2756 8776 400 96 fifteen
3248 8776 528 96 hundred
3872 8780 224 96 and
4192 8776 268 116 fifty
4552 8780 620 96 numbered

416 8900 340 100 sets."
900 8900 284 104 This
1252 8912 176 88 set
1496 8908 208 96 not
1768 8908 664 96 numbered.

580 9036 244 96 The
900 9036 396 116 period
1372 9040 480 96 covered
1928 9040 100 96 is
2100 9024 312 112 from
2488 9040 404 96 March
2968 9040 168 112 15,
3212 9040 276 100 1647
3564 9044 116 92 to
3756 9044 276 116 May
4100 9044 168 116 23,
4348 9044 304 96 1696.
4792 9044 252 100 Vol.
5116 9044 48 96 1

416 9172 532 96 contains
1020 9172 504 96 Editor's
1596 9172 464 112 preface
2132 9176 232 92 and
2432 9172 824 116 Biographical
3320 9176 400 96 sketch
3788 9176 152 116 by
4000 9180 128 96 P.
4192 9176 136 100 A.
4396 9176 648 104 Grouvelle.

432 9292 116 116 ©
624 9304 244 96 Oct.
932 9304 168 112 25,
1168 9304 332 108 1927;
1572 9304 160 96 2c.
1804 9304 264 96 Dec.
2140 9304 192 112 19;
2404 9304 196 96 aff.
2672 9308 268 96 Dec.
3004 9308 64 92 2
3080 9304 68 96 0
3184 9332 20 84 ;
3276 9308 100 92 A
3440 9308 60 92 1
3512 9308 64 96 0
3584 9308 56 92 1
3652 9312 68 92 3
3720 9308 68 96 7
3792 9312 60 92 6
3860 9312 128 112 2;
4064 9312 72 96 J
4152 9392 16 20 .
4240 9316 120 96 P.
4432 9316 328 92 Horn
4832 9312 84 96 &
4980 9340 196 88 co.,

592 9436 220 96 inc.
976 9436 668 116 (27-27588)
4600 9440 356 104 11829

2648 9560 320 136 1757
