5920 10300
184 940 476 148 Adair,
756 936 400 132 Cecil.

348 1156 1072 128 Grandmamma
1508 1200 320 80 over
1912 1156 224 124 the
2224 1200 260 116 sea,
2568 1152 180 164 by
2836 1152 368 132 Cecil
3292 1152 448 128 Adair
3840 1168 84 136 …
4072 1156 328 124 with
4492 1204 76 76 a
4652 1160 256 120 col-

184 1344 408 128 oured
700 1340 872 164 frontispiece
1672 1344 264 120 and
2040 1340 320 124 four
2456 1340 384 124 other
2940 1340 936 128 illustrations.
4064 1344 612 156 London,
4780 1340 132 132 S.

184 1536 344 120 Paul
592 1536 108 120 &
764 1572 236 120 co.,
1064 1532 240 124 ltd.
1392 1608 32 80 [
1440 1536 316 116 1926
1768 1604 32 84 ]

332 1764 60 92 2
408 1764 60 92 5
476 1760 60 96 6
600 1784 104 92 p.
844 1784 56 68 c
912 1760 104 92 ol
1032 1832 20 24 .
1120 1760 120 88 fr
1244 1784 60 68 o
1320 1764 192 104 nt.,
1584 1784 68 88 p
1656 1760 40 88 l
1704 1764 288 88 ates.
2132 1760 56 88 1
2204 1752 612 116 9½ͨͫ.

184 1916 116 124 ©
364 1928 60 88 1
428 1936 96 88 c.
592 1928 68 92 J
672 1952 56 68 a
744 1952 108 72 n.
912 1928 164 108 11,
1144 1928 56 88 1
1212 1924 64 92 9
1280 1924 60 88 2
1352 1928 60 88 7
1456 1948 16 84 ;
1544 1924 96 92 A
1700 1948 56 68 a
1776 1924 68 92 d
1908 1924 208 92 int.
2184 1920 200 96 894
2396 1924 56 92 7
2496 1948 20 84 ;
2588 1948 72 88 p
2668 1948 68 68 u
2752 1924 140 92 bd
2908 2000 20 16 .
2992 1924 172 92 No
3172 1948 68 68 v
3256 2000 16 16 .
3340 1928 60 88 1
3412 1924 60 92 5
3484 2000 20 36 ,
3572 1920 200 96 192
3788 1928 60 88 6
3888 1948 16 88 ;
3984 1920 120 100 C.
4172 1928 92 88 A
4276 1928 140 88 da
4428 1924 104 92 ir
4528 1956 32 56 .
4632 1924 284 100 Lon-

340 2064 252 96 don.
760 2056 664 120 (27-13379)
4436 2056 284 100 4902

172 2316 576 152 Adams,
836 2316 600 124 Edward
1524 2316 100 128 C
2304 2316 108 124 L
3100 2320 316 120 1876
3420 2392 76 16 –

344 2536 692 164 Congaree
1100 2536 672 160 sketches;
1848 2576 444 84 scenes
2364 2532 364 124 from
2796 2576 416 124 negro
3284 2532 244 128 life
3600 2532 144 124 in
3812 2536 232 128 the
4108 2576 580 124 swamps
4768 2536 152 128 of

176 2724 220 124 the
488 2724 688 160 Congaree
1264 2724 268 120 and
1616 2720 332 124 tales
2032 2720 180 164 by
2296 2720 296 124 Tad
2684 2724 268 120 and
3048 2716 320 164 Scip
3452 2716 160 128 of
3684 2716 516 128 heaven
4288 2724 268 124 and
4644 2724 264 124 hell

176 2908 328 120 with
600 2908 388 124 other
1084 2904 824 164 miscellany.
2096 2904 216 164 By
2416 2904 604 124 Edward
3128 2900 148 132 C.
3380 2904 156 124 L.
3636 2904 568 160 Adams,
4304 2904 336 128 with
4748 2952 164 80 an

176 3088 920 128 introduction
1168 3088 176 164 by
1416 3088 352 128 Paul
1848 3084 480 132 Green.
2496 3084 524 168 Chapel
3096 3088 352 164 Hill,
3520 3088 284 128 The
3888 3088 804 168 University
4764 3092 156 128 of

172 3276 440 124 North
684 3272 644 128 Carolina
1396 3316 416 120 press,
1888 3268 356 132 1927.

336 3496 240 96 xvii
636 3524 136 88 p.,
836 3504 56 88 1
952 3500 36 92 l
1004 3572 52 40 .,
1116 3496 204 96 116
1380 3524 104 88 p.
1620 3496 792 108 24½ͨͫ.

344 3664 304 96 "The
744 3664 800 112 autographed
1636 3660 436 96 edition
2168 3660 120 92 of
2392 3660 232 92 this
2720 3660 292 96 book
3108 3660 100 100 is
3300 3660 448 100 limited
3852 3668 112 92 to
4064 3668 224 92 two
4388 3668 524 96 hundred

164 3796 484 116 copies."
792 3796 280 96 This
1128 3820 280 88 copy
1464 3800 200 92 not
1728 3796 620 96 numbered
2412 3820 128 72 or
2600 3796 836 112 autographed.

176 3960 120 120 ©
392 3972 268 108 May
748 3968 168 116 24,
1004 3964 336 112 1927;
1436 3964 156 104 2c.
1684 3964 308 96 June
2076 3968 56 88 1
2144 3964 64 96 0
2248 3988 24 88 ;
2368 3988 60 68 a
2460 3972 36 88 f
2476 3960 88 100 f.
2656 3964 300 96 June
3048 3964 124 112 9;
3268 3964 96 96 A
3452 3964 132 100 97
3596 3964 64 96 6
3664 3968 64 92 9
3732 3968 136 92 68
3896 3988 28 76 ;
4028 3968 672 116 University
4792 4000 60 64 o
4868 3972 48 92 f

332 4104 368 96 North
792 4100 536 96 Carolina
1420 4124 356 92 press.
1944 4096 668 120 (27-13763)
4428 4100 284 104 4903

176 4360 580 156 Adolph,
840 4360 564 128 Lucien.

428 4588 80 136 …
588 4580 204 128 De
884 4584 128 120 la
1108 4576 820 164 liquidation
2020 4576 228 124 des
2336 4572 272 128 soci
2600 4580 128 108 é
2692 4584 160 140 té
2828 4624 92 76 s.
3104 4576 440 160 Paris,
3632 4580 380 164 Payo
4024 4592 56 116 t
4092 4680 28 60 ,
4216 4580 356 128 1927.

344 4816 60 88 2
480 4840 100 88 p.
652 4816 32 88 l
708 4884 52 36 .,
840 4812 156 116 [7]
980 4864 68 8 –
1052 4808 204 96 229
1332 4832 104 88 p.
1584 4804 788 112 25ͨͫ.
2028 4804 232 116 (On
2336 4828 204 72 cov
2548 4828 128 72 er
2684 4808 36 88 :
2800 4800 516 100 Biblioth
3328 4804 56 96 è
3392 4828 216 92 que
3684 4808 460 116 techniq
4160 4832 68 72 u
4236 4808 116 116 e)

176 4952 112 108 ©
360 4984 268 112 Apr.
692 4984 164 108 21,
924 4976 332 112 1927;
1328 4980 64 88 1
1380 4972 108 100 c.
1560 4976 296 92 June
1924 4976 124 108 1;
2120 4976 96 92 A
2216 5028 144 8 —
2368 4972 492 112 Foreign
2924 4972 60 96 3
2996 4972 132 96 46
3136 4972 196 112 88;
3408 4976 404 112 Payot.

356 5116 660 116 (27-13536)
4424 5108 288 104 4904

168 5372 744 128 American
992 5372 660 124 institute
1732 5364 148 128 of
1960 5364 668 128 chemical
2708 5364 784 152 engineers.

336 5592 960 128 Transactions
1400 5608 80 128 …
1672 5632 84 76 v
1768 5688 24 20 .
1872 5596 188 148 18,
2136 5596 64 112 1
2216 5588 240 120 926
2544 5608 80 128 …
2832 5584 328 124 New
3236 5580 424 164 York,
3728 5588 340 124 Pub.
4068 5656 28 64 ,
4140 5588 176 168 by
4384 5592 228 128 the
4680 5592 228 128 In-

164 5784 468 128 stitute
708 5780 264 124 and
1060 5776 216 124 for
1352 5780 276 120 sale
1700 5776 176 160 by
1956 5776 164 120 D.
2204 5776 312 124 Van
2592 5772 692 124 Nostrand
3372 5816 708 120 company,
4156 5780 304 160 inc.,
4544 5780 360 132 1927.

328 6012 148 116 iv,
552 6008 204 96 497
828 6032 104 88 p.
1076 6004 340 112 illus.,
1500 6004 424 112 diagrs.
2068 6000 644 120 23½ͨͫ.

172 6172 124 116 ©
364 6184 268 108 May
696 6180 164 104 27,
928 6176 132 88 19
1064 6176 60 88 2
1136 6176 124 108 7;
1328 6176 160 88 2c.
1556 6176 296 88 June
1920 6172 124 104 3;
2116 6168 196 96 aff.
2380 6168 300 96 June
2744 6168 200 108 22;
3016 6168 96 92 A
3180 6168 132 92 99
3320 6168 132 92 06
3460 6172 60 88 2
3528 6168 60 96 5
3632 6192 24 88 ;
3728 6172 380 100 Amer.
4176 6176 540 100 institute
4788 6180 120 96 of

332 6312 552 96 chemical
968 6308 628 116 engineers,
1684 6308 620 108 Brooklyn.
4424 6304 280 104 4905

164 6572 748 128 American
988 6568 264 120 law
1324 6572 560 140 reports
1956 6564 820 120 annotated.

336 6792 104 128 C
460 6836 80 80 u
548 6784 648 132 mulative
1276 6784 404 124 index
1772 6812 88 128 …
2080 6828 84 76 v
2168 6784 236 120 ols.
2484 6784 160 120 46
2648 6856 84 12 –
2736 6784 156 120 48
3000 6812 88 128 …
3292 6780 744 164 Appendix
4116 6792 796 168 containing

172 6984 264 120 late
524 6972 992 168 supplemental
1604 6968 656 128 decisions
2352 6964 224 128 for
2660 6964 164 128 A.
2916 6964 152 128 L.
3164 6968 120 124 R
3300 7068 20 24 .
3416 6972 860 128 annotations
4364 6976 152 124 in
4604 7020 300 84 con-

168 7164 680 124 tinuation
940 7156 152 128 of
1184 7160 228 120 the
1508 7156 340 124 Blue
1944 7156 348 124 book
2384 7152 148 124 of
2636 7152 352 124 1927.
3172 7152 768 160 Rochester,
4040 7160 164 124 N.
4316 7164 200 156 Y.,
4620 7164 284 128 The

168 7356 632 120 Lawyers
900 7344 844 160 cooperative
1848 7336 796 168 publishing
2744 7380 728 120 company;
3584 7340 808 164 Northport,
4492 7348 152 128 L.
4752 7348 160 164 I.,

172 7540 160 120 N.
440 7540 212 152 V.,
756 7536 508 120 Edwar
1272 7528 72 124 d
1460 7528 780 156 Thompson
2344 7564 728 120 company;
3188 7520 284 132 San
3572 7528 768 164 Francisco,
4448 7532 464 168 Calif.,

172 7712 1384 164 Bancroft-Whitney
1644 7752 704 120 company,
2444 7704 352 132 1927.

324 7944 240 116 283,
640 7944 200 96 103
916 7968 100 88 p.
1160 7944 680 112 24ͨͫ.

180 8088 116 108 ©
368 8120 296 92 June
736 8116 164 108 17,
968 8112 56 88 1
1040 8108 60 88 9
1108 8108 60 92 2
1180 8108 60 92 7
1280 8132 20 84 ;
1376 8108 60 88 2
1448 8132 52 68 c
1516 8180 20 20 .
1604 8108 224 92 and
1900 8104 196 96 aff.
2168 8104 296 92 June
2532 8100 196 108 22;
2804 8100 96 92 A
2968 8100 276 92 9906
3248 8104 56 88 1
3320 8104 60 88 8
3424 8128 16 72 ;
3524 8104 84 88 L
3620 8128 56 68 a
3696 8132 368 84 wyers
4136 8136 168 68 co-
4316 8136 60 68 o
4384 8140 200 88 per
4592 8120 120 92 at
4724 8116 180 96 ive

332 8252 260 116 pub.
656 8276 56 68 c
720 8276 132 84 o.,
916 8244 500 92 Edward
1476 8240 652 108 Thompson
2192 8264 196 84 co.,
2456 8236 1156 112 Bancroft-Whitney
3676 8264 164 72 co.
4420 8244 284 104 4906

172 8504 744 128 American
1036 8492 584 132 medical
1732 8492 900 128 association.
2812 8492 568 124 Council
3496 8536 168 84 on
3780 8500 740 168 pharmacy
4640 8508 268 124 and

336 8692 760 156 chemistry.

340 8912 324 124 New
744 8908 268 124 and
1092 8896 748 132 nonofficial
1924 8896 688 128 remedies,
2700 8892 360 156 1927,
3140 8896 792 168 containing
4012 8904 896 164 descriptions

176 9096 148 128 of
396 9096 232 124 the
708 9092 532 124 atricles
1320 9084 436 124 which
1840 9080 396 128 stand
2324 9080 628 156 accepted
3028 9076 180 160 by
3288 9076 228 124 the
3600 9080 568 128 Council
4248 9132 176 80 on
4504 9088 400 164 phar-

176 9320 376 120 macy
644 9280 268 120 and
996 9268 728 160 chemistry
1812 9264 148 124 of
2048 9268 224 120 the
2360 9260 728 124 American
3176 9264 572 124 medical
3840 9272 804 128 association
4732 9320 176 80 on

2432 9536 244 136 745
