5920 10300
2356 9800 316 116 1235

156 1104 528 152 Butler,
768 1108 520 148 Joseph
1384 1108 452 124 Green
1840 1184 184 16 —
2032 1104 768 132 Continued

320 1304 204 96 470
592 1328 104 88 p.
840 1304 304 96 illus.
1212 1304 472 112 (ports.)
1848 1304 616 108 24ͨͫ.

172 1408 120 112 ©
360 1440 280 108 Aug.
708 1436 164 112 24,
940 1436 276 96 1927
1256 1464 20 72 ;
1344 1440 160 92 2c.
1584 1440 300 112 Sept.
1956 1440 120 92 2;
2156 1464 56 68 a
2228 1436 120 96 ff.
2424 1436 308 112 Sept.
2800 1436 196 112 12;
3076 1436 96 92 A
3236 1432 552 116 1007046;
3864 1436 408 92 Butler
4336 1440 192 92 art
4600 1436 324 96 insti-

328 1572 276 96 tute.
772 1572 676 112 (27-20351)
4432 1568 288 100 8217

152 1760 528 148 Colum,
748 1760 636 148 Padraic,
1460 1768 308 116 1881
1780 1840 84 12 —

320 1944 752 164 Creatures,
1200 1944 180 164 by
1508 1944 588 128 Padraic
2232 1944 544 160 Colum;
2920 1944 328 128 with
3388 1944 688 168 drawings
4204 1944 176 168 by
4516 1944 400 124 Boris

152 2128 992 168 Artzybasheff.
1328 2136 328 120 New
1744 2132 424 160 York,
2256 2132 288 128 The
2632 2132 796 124 Macmillan
3512 2172 712 120 company,
4312 2140 356 116 1927.

300 2328 68 92 4
420 2352 104 88 p.
572 2328 40 88 l
624 2400 52 36 .,
732 2328 56 96 7
792 2380 76 12 –
868 2328 164 112 56,
1096 2328 96 112 [2
1204 2376 24 68 ]
1284 2340 104 88 p.
1532 2328 304 100 illus.
1980 2328 708 104 24ͨͫ.

320 2464 216 96 "Of
604 2464 236 96 this
908 2464 432 96 edition
1408 2464 68 108 …
1616 2472 324 88 three
2008 2468 524 92 hundred
2604 2464 380 116 copies
3056 2468 296 92 have
3424 2468 280 92 been
3776 2464 496 116 printed,
4344 2464 120 96 of
4540 2464 372 96 which

144 2600 228 96 this
424 2600 100 96 is
572 2604 480 96 number
1100 2600 304 100 299."

316 2736 420 116 Signed
792 2736 148 116 by
1000 2740 424 96 author
1484 2740 224 96 and
1772 2740 692 96 illustrator.

308 2872 440 100 Poems.

160 2988 120 120 ©
360 3012 304 112 Sept.
732 3008 164 116 27,
968 3008 336 116 1927;
1376 3012 160 92 2c.
1604 3012 228 92 and
1896 3036 64 68 a
1976 3012 32 88 f
1992 3008 100 96 f.
2172 3012 304 112 Sept.
2552 3008 192 112 28;
2824 3012 92 88 A
2988 3004 544 116 1007279;
3612 3008 668 92 Macmillan
4348 3036 60 68 c
4416 3036 64 64 o
4496 3084 16 16 .

336 3140 336 116 (27-2
676 3144 64 96 0
744 3144 264 112 377)
4424 3140 132 100 82
4576 3140 52 100 1
4644 3140 60 100 8

144 3336 688 148 Comfort,
904 3336 316 128 Will
1296 3336 836 152 Levington,
2216 3336 316 124 1878
2540 3416 84 12 –

308 3520 728 160 Samadhi;
1132 3568 72 80 a
1292 3564 340 84 nove
1644 3524 40 120 l
1776 3524 176 156 by
2040 3524 280 128 Wil
2332 3524 40 120 l
2460 3524 116 124 L
2584 3568 64 80 e
2664 3568 80 76 v
2756 3520 28 124 i
2804 3540 248 148 ngt
3064 3568 72 80 o
3148 3568 84 80 n
3328 3520 108 128 C
3448 3568 72 80 o
3532 3520 428 128 mfort
4076 3524 84 148 …
4384 3528 116 120 B
4516 3540 208 108 ost
4728 3568 76 76 o
4812 3568 88 80 n

140 3712 264 124 and
492 3708 332 124 New
908 3708 424 144 York,
1412 3708 760 164 Houghton
2264 3708 244 124 Mif
2512 3708 84 124 fl
2612 3712 140 120 in
2836 3752 712 120 company,
3636 3708 356 124 1927.

300 3908 64 92 3
432 3932 104 88 p.
600 3904 40 88 l
652 3980 56 36 .,
784 3908 92 116 [3
888 3948 108 72 ]–
992 3908 64 92 3
1072 3904 132 96 10
1264 3932 104 88 p.
1512 3904 64 92 2
1580 3904 640 108 0ͨͫ.

152 4016 120 120 ©
368 4040 304 116 Sept.
748 4040 64 96 3
820 4040 96 116 0,
1000 4040 276 96 1927
1300 4048 28 80 ;
1428 4040 156 96 2c.
1672 4040 240 96 Oct.
1996 4040 64 96 3
2088 4048 32 84 ;
2216 4040 196 96 aff.
2504 4040 244 96 Oct.
2836 4040 60 92 1
2944 4064 20 72 ;
3052 4040 100 92 A
3232 4036 548 116 1007340;
3876 4040 168 92 W.
4132 4040 124 96 L.
4348 4040 76 92 C
4440 4036 464 120 omfort,

312 4172 220 96 Los
596 4172 524 116 Angeles.
1288 4172 672 116 (27-20254)
4420 4168 284 100 8219

140 4364 284 132 The
536 4364 544 128 concise
1196 4360 696 136 Standard
2004 4364 772 164 dictionary
2884 4360 152 128 of
3148 4364 228 124 the
3484 4364 588 164 English
4180 4364 716 168 language,

300 4552 648 164 designed
1012 4564 140 112 to
1216 4552 308 164 give
1588 4552 224 124 the
1884 4552 988 160 orthography,
2944 4548 1092 164 pronunciation,
4104 4552 260 124 and
4448 4592 448 88 mean-

300 4736 236 164 ing
624 4736 156 128 of
876 4736 408 128 about
1380 4744 448 152 38,000
1920 4736 440 128 words
2460 4736 272 128 and
2824 4736 560 164 phrases
3480 4736 140 124 in
3720 4736 224 128 the
4044 4736 472 164 speech
4616 4740 276 124 and

296 4924 704 124 literature
1112 4920 156 128 of
1380 4924 224 124 the
1720 4924 1320 164 English-speaking
3156 4924 612 160 peoples;
3892 4924 248 124 780
4256 4924 636 160 pictorial

296 5108 972 160 illustrations;
1396 5108 660 164 abridged
2180 5108 360 124 from
2664 5108 228 124 the
3016 5108 404 124 Funk
3536 5116 112 116 &
3764 5108 716 164 Wagnalls
4600 5148 296 92 new

300 5288 700 132 Standard
1084 5292 772 152 dictionary
1940 5292 152 128 of
2172 5292 232 128 the
2488 5292 584 168 English
3160 5292 676 168 language
3920 5292 180 164 by
4188 5296 464 128 James
4740 5292 152 132 C.

296 5480 116 120 F
424 5520 316 84 erna
752 5480 44 120 l
808 5480 88 124 d
960 5480 76 136 …
1296 5480 328 124 New
1704 5480 248 160 ed.,
2032 5476 524 128 careful
2564 5480 48 124 l
2616 5524 88 116 y
2788 5524 140 80 re
2936 5524 84 80 v
3032 5580 28 24 .
3136 5480 180 164 by
3400 5480 472 124 Frank
3948 5480 184 124 H.
4216 5480 532 132 Vizetel
4752 5480 48 124 l
4808 5528 88 120 y

448 5664 92 144 …
632 5664 328 128 New
1064 5664 388 128 York
1556 5668 268 124 and
1924 5664 620 164 London,
2648 5668 404 124 Funk
3152 5672 112 120 &
3364 5668 720 164 Wagnalls
4184 5708 712 124 company,

300 5856 352 120 1928.

296 6072 64 68 v
372 6120 20 32 ,
472 6048 32 80 [
508 6024 56 92 1
540 6068 44 80 ]
620 6120 20 28 ,
712 6048 60 92 5
784 6044 132 100 83
984 6072 104 76 p.
1220 6044 44 96 i
1268 6048 40 92 l
1316 6048 36 92 l
1364 6072 172 72 us.
1672 6052 56 92 1
1744 6020 720 124 6½ͨͫ.

284 6180 628 96 Published
988 6180 304 104 1927.

140 6288 116 112 ©
344 6316 304 112 Sept.
716 6316 164 112 24,
952 6316 336 112 1927;
1364 6320 160 96 2c.
1600 6320 224 96 and
1896 6344 60 68 a
1972 6320 120 96 ff.
2168 6320 240 96 Oct.
2484 6316 124 116 1;
2696 6320 88 92 A
2860 6316 340 100 10044
3212 6324 60 88 3
3280 6320 64 96 9
3388 6348 16 68 ;
3488 6320 336 92 Funk
3900 6320 84 96 &
4060 6324 488 108 Wagnal
4556 6324 96 92 ls
4728 6348 132 64 co
4876 6404 16 12 .

320 6452 672 112 (27-20491)
4408 6452 284 100 8220

128 6640 572 152 Cooper,
788 6640 592 152 Clayton
1472 6640 776 156 Sedgwick,
2344 6652 312 116 1869
2660 6720 84 16 –

296 6828 412 124 Latin
816 6828 632 124 America
1452 6904 124 12 —
1628 6872 304 80 men
2040 6832 268 124 and
2420 6828 640 160 markets,
3168 6828 180 164 by
3460 6828 588 168 Clayton
4172 6832 720 164 Sedgwick

136 7008 528 160 Cooper
768 7016 84 136 …
1016 7012 272 124 Bos
1296 7024 56 108 t
1360 7056 216 120 on,
1636 7012 328 128 New
2032 7012 388 128 York
2488 7056 40 92 [
2536 7028 128 112 et
2672 7060 68 80 c
2752 7016 168 136 .]
2900 7012 372 132 Ginn
3340 7016 268 124 and
3668 7056 672 124 company
4432 7016 432 136 [ͨ1927]

300 7204 56 92 1
416 7228 108 88 p.
580 7204 36 92 l
632 7276 56 40 .,
744 7228 72 68 v
816 7256 76 12 –
892 7204 124 92 ix
1024 7276 20 40 ,
1108 7204 204 96 466
1372 7228 104 92 p.
1616 7204 392 116 front.,
2068 7208 344 112 illus.,
2480 7204 280 104 fold.
2824 7236 300 88 map.
3268 7208 64 92 2
3340 7204 720 104 1½ͨͫ
3572 7200 32 88 .

296 7336 832 116 Bibliography
1168 7364 24 68 :
1264 7364 100 88 p.
1428 7336 520 104 447–453.

140 7444 116 120 ©
340 7468 308 116 Sept.
724 7472 160 112 14,
960 7468 332 116 1927;
1376 7476 160 96 2c.
1620 7476 308 112 Sept.
2000 7476 200 112 26;
2280 7476 196 96 aff.
2560 7476 304 112 Sept.
2940 7476 196 108 24;
3220 7480 96 88 A
3392 7476 544 108 1007286;
4028 7476 116 96 C.
4232 7480 104 96 S.
4420 7476 468 116 Cooper,

296 7604 404 92 Miami
780 7608 416 112 Beach,
1288 7608 84 88 F
1380 7608 40 92 l
1428 7632 100 72 a.
1696 7608 672 116 (27-20206)
4400 7608 280 100 8221

124 7760 584 152 Crabbe,
784 7764 520 124 Ernest
1368 7768 180 120 H.

292 7944 588 132 General
936 7944 604 132 business
1604 7952 656 164 training,
2320 7956 176 160 by
2568 7956 496 124 Ernest
3132 7956 176 124 H.
3380 7956 528 124 Crabbe
4012 7956 84 136 …
4196 7960 272 120 and
4532 7956 168 128 Cl
4712 8004 168 116 ay

128 8128 160 124 D.
376 8128 548 132 Slinker
1016 8140 80 128 …
1316 8132 828 164 Cincinnati,
2216 8140 120 128 O
2356 8240 64 60 .,
2500 8136 1072 136 South-western
3652 8140 800 160 publishing
4532 8188 344 76 com-

124 8356 360 124 pany
568 8320 456 156 [ͨ1927]

280 8516 204 92 314
556 8540 100 88 p.
732 8516 120 92 in
860 8516 100 96 cl
976 8592 16 20 .
1064 8516 132 96 ill
1208 8544 72 68 u
1288 8544 120 84 s.,
1484 8520 400 116 diagr.,
1956 8520 404 100 forms.
2500 8516 648 104 22½ͨͫ
2816 8516 64 104 .

136 8632 120 116 ©
336 8648 304 112 Sept.
712 8648 168 116 21,
948 8648 340 112 1927;
1356 8648 164 96 2c.
1596 8656 228 92 and
1896 8656 196 92 aff.
2176 8656 304 112 Sept.
2552 8656 196 108 27;
2832 8656 96 88 A
3000 8656 56 88 1
3068 8656 140 92 00
3212 8656 336 96 7228:
3632 8656 912 96 South-western
4624 8656 256 116 pub.

292 8804 160 72 co.
620 8780 668 116 (27-20325)
4396 8788 284 100 8222

120 8936 464 152 Cross,
656 8936 344 128 Tom
1064 8940 472 152 Peete,
1612 8948 312 120 1879
1936 9020 84 16 –
2356 8948 200 120 ed.

280 9120 464 128 Heath
840 9124 632 164 readings
1568 9128 140 124 in
1800 9128 228 128 the
2116 9128 704 128 literature
2916 9128 156 132 of
3160 9132 692 164 England,
3948 9136 568 124 selected
4612 9136 260 120 and

116 9304 448 128 edited
648 9308 176 164 by
912 9312 332 124 Tom
1340 9316 400 124 Peete
1832 9312 400 132 Cross
2344 9308 84 136 …
2564 9320 268 124 and
2920 9316 108 132 C
3040 9320 44 120 l
3096 9332 440 112 ement
3620 9320 456 160 Tyson
4168 9316 124 132 G
4300 9320 332 124 oode
4736 9312 84 136 …

128 9488 548 164 Boston,
748 9496 328 124 New
1152 9496 388 124 York
1624 9484 320 140 [etc.]
2044 9504 168 120 D.
2296 9500 148 132 C.
2520 9504 468 128 Heath
3064 9508 268 124 and
3412 9548 668 124 company
4164 9492 464 180 [ͨ1927]
