5968 10284
708 960 464 152 Rueff,
1248 960 660 156 Jacques.

992 1152 84 136 …
1160 1152 212 120 Th
1372 1152 76 116 é
1456 1148 284 128 orie
1860 1148 228 128 des
2212 1152 188 160 ph
2396 1152 76 116 é
2480 1192 320 80 nom
2808 1152 68 120 è
2880 1196 232 80 nes
3236 1192 316 84 mon
3560 1152 80 116 é
3636 1148 480 164 taires;
4244 1148 624 164 statique.
5048 1152 444 160 Paris,

708 1336 488 164 Payot,
1268 1332 360 132 1927.

872 1536 64 88 2
1032 1560 104 88 p.
1232 1536 40 88 l
1284 1608 52 36 .,
1444 1576 28 72 [
1484 1536 60 92 7
1552 1552 116 96 ]–
1660 1528 212 100 368
1960 1556 108 92 p.
2164 1528 36 96 i
2208 1560 68 64 n
2288 1532 104 92 cl
2408 1608 24 24 .
2532 1532 408 116 tables,
3040 1528 432 116 diagrs.
3612 1528 712 108 23ͨͫ.
4060 1528 580 120 (Biblioth
4648 1528 60 96 è
4712 1552 220 96 que
5036 1532 312 100 scien
5360 1532 84 100 ti
5456 1584 36 20 -

704 1668 80 92 fi
788 1692 68 92 q
868 1668 196 112 ue)

712 1820 120 116 ©
924 1840 276 108 July
1284 1836 160 112 12,
1528 1836 272 96 1927
1824 1844 32 84 ;
1956 1836 56 92 1
1996 1832 116 100 c.
2200 1836 280 112 Aug.
2572 1836 56 92 1
2636 1836 64 92 5
2740 1860 24 84 ;
2852 1836 96 92 A
2952 1888 84 12 —
3100 1836 500 112 Foreign
3680 1836 412 112 35481;
4180 1840 408 112 Payot.

900 1972 672 116 (27-23674)
4932 1968 356 104 10173

708 2216 744 152 Satterlee,
1520 2216 464 152 Leroy
2048 2220 204 124 De
2324 2220 544 124 Forest.

876 2396 136 128 A
1092 2396 540 164 catalog
1716 2396 156 128 of
1948 2396 612 128 firearms
2648 2396 224 128 for
2956 2404 232 120 the
3264 2400 680 160 collector,
4020 2396 184 168 by
4288 2396 156 132 L.
4528 2400 172 128 D.
4792 2392 708 136 Satterlee.

716 2564 588 180 Detroit,
1360 2584 384 124 Priv.
1812 2584 472 160 print.,
2352 2576 364 136 1927.

880 2776 64 96 3
1008 2804 104 92 p.
1172 2780 40 92 l
1228 2852 56 40 .,
1348 2776 208 96 242
1616 2804 104 88 p.
1788 2776 124 96 in
1920 2804 56 68 c
1980 2776 76 100 l.
2116 2776 348 116 illus.,
2532 2780 416 116 plates.
3084 2776 712 108 24ͨͫ.

884 2944 904 112 Bibliography:
1852 2968 108 92 p.
2024 2940 524 104 209–219.

712 3112 116 108 ©
912 3116 284 96 Nov.
1272 3112 168 116 10,
1516 3112 340 112 1927;
1936 3116 164 96 2c.
2176 3116 228 88 and
2488 3136 60 72 a
2560 3108 124 104 ff.
2764 3112 284 100 Nov.
3124 3112 196 112 12;
3408 3116 96 88 A
3584 3116 60 88 1
3652 3112 68 96 0
3728 3116 56 88 1
3792 3112 140 96 30
3936 3116 196 108 84;
4216 3116 124 96 L.
4420 3116 176 96 De
4672 3116 124 100 F.
4880 3116 604 112 Satterlee,

876 3248 492 100 Detroit.
1536 3248 676 116 (27-23767)
4912 3248 352 100 10174

700 3472 684 152 Seabury,
1456 3472 396 128 Ruth
1932 3472 496 128 Isabel.

880 3660 296 132 Our
1260 3660 696 164 Japanese
2036 3656 600 164 friends;
2736 3704 76 84 a
2900 3704 464 84 course
3456 3660 228 128 for
3776 3656 464 168 junior
4324 3660 332 168 boys
4748 3664 276 128 and
5112 3660 388 168 girls,

708 3848 180 164 by
952 3848 380 128 Ruth
1400 3844 456 128 Isabel
1928 3840 656 172 Seabury.
2736 3844 336 128 New
3144 3844 436 164 York,
3648 3844 840 168 Friendship
4560 3888 380 124 press
5040 3844 428 152 [ͨ1927]

876 4044 204 92 144
1144 4068 104 88 p.
1392 4044 60 92 l
1520 4040 308 96 illus.
1896 4036 484 116 (music)
2468 4036 288 104 fold.
2824 4064 76 92 p
2900 4040 40 92 l
2952 4116 24 24 .
3116 4036 712 112 19½ͨͫ.

880 4204 320 100 First
1260 4204 616 120 published
1936 4204 124 96 in
2128 4204 312 100 1923.

880 4340 492 100 "Junior
1424 4336 516 120 worship
1992 4336 536 116 services,
2588 4344 572 112 prepared
3216 4344 148 108 by
3420 4336 612 104 Elizabeth
4092 4336 568 104 Harris":
4720 4368 108 92 p.
4900 4336 596 128 [129]–140.

876 4476 904 116 Bibliography:
1848 4500 104 92 p.
2016 4476 520 96 141–144.

708 4640 112 112 ©
900 4648 276 112 July
1240 4648 164 112 27,
1472 4644 200 96 192
1684 4648 60 92 7
1788 4668 20 88 ;
1880 4648 164 92 2c.
2112 4644 224 92 and
2404 4644 200 92 aff.
2672 4644 284 92 Nov.
3024 4644 200 104 12;
3296 4644 96 92 A
3464 4644 544 112 1013055;
4084 4648 516 96 Herbert
4660 4648 124 96 L.
4852 4644 284 116 Hill,
5204 4648 284 96 New

872 4784 340 96 York.
1340 4780 144 108 [©
1604 4804 256 72 new
1932 4780 576 112 material,
2588 4780 420 96 Junior
3080 4776 516 116 worship
3668 4780 532 104 services,
4284 4784 148 112 by
4504 4780 612 100 Elizabeth
5192 4780 296 96 Har-

868 4920 196 112 ris,
1128 4916 372 96 insert
1560 4916 324 96 sheet
1948 4916 412 96 drawn
2416 4916 148 116 by
2628 4912 428 100 Maude
3116 4916 444 112 Evelyn
3624 4916 592 116 Bradley]

888 5056 676 112 (27-23782)
4928 5048 352 104 10175

696 5280 592 152 Shaver,
1360 5276 480 132 Erwin
1908 5276 160 128 L.

860 5464 136 128 A
1056 5464 532 168 project
1648 5464 832 128 curriculum
2540 5460 228 132 for
2828 5504 468 124 young
3356 5464 552 164 people;
3980 5508 76 84 a
4120 5464 556 128 method
4736 5464 412 168 guide
5216 5464 264 128 and

692 5696 464 88 source
1236 5656 328 160 plan
1644 5652 356 128 book
2080 5652 224 128 for
2380 5652 528 128 leaders
2984 5648 156 132 of
3216 5692 472 124 young
3764 5648 592 168 people's
4436 5696 516 124 groups
5032 5652 144 128 in
5256 5652 228 128 the

696 5840 552 164 church,
1300 5840 180 168 by
1540 5840 484 124 Erwin
2084 5840 152 128 L.
2308 5832 564 140 Shaver.
3056 5832 652 176 Chicago,
3768 5840 276 164 Ill.,
4104 5840 300 128 The
4456 5840 816 168 University
5332 5840 156 128 of

692 6024 608 172 Chicago
1372 6072 376 120 press
1856 6024 404 156 [ͨ1927
2248 6048 48 100 ]

860 6236 72 80 x
944 6228 148 116 vi,
1152 6224 208 100 222
1424 6252 108 92 p.
1660 6224 616 112 18ͨͫ.
2100 6224 716 120 (Half-title:
2880 6224 244 96 The
3192 6224 680 116 University
3940 6224 124 100 of
4132 6224 504 120 Chicago
4700 6224 780 120 publications

696 6368 116 92 in
900 6360 556 120 religious
1544 6360 624 100 education
2228 6364 68 108 …
2536 6360 648 120 Principles
3272 6368 232 92 and
3592 6364 532 96 methods
4216 6360 128 100 of
4432 6360 552 120 religious
5072 6368 228 96 edu
5304 6384 56 76 c
5368 6392 108 68 a-

692 6500 300 116 tion)

864 6668 708 100 "Reference
1636 6668 232 96 and
1932 6692 404 72 source
2404 6664 612 104 material"
3084 6676 128 92 at
3272 6672 224 96 end
3564 6668 128 100 of
3752 6672 304 96 most
4120 6664 128 104 of
4312 6664 192 104 the
4572 6664 580 120 chapters.

704 6836 116 108 ©
900 6840 308 112 Sept.
1268 6840 172 112 22,
1504 6840 336 108 1927;
1908 6840 164 96 2c.
2136 6840 284 96 Nov.
2488 6840 124 112 9;
2684 6836 200 104 aff.
2948 6840 280 96 Nov.
3296 6840 68 96 7
3384 6864 28 76 ;
3500 6840 92 92 A
3660 6840 60 92 1
3728 6840 72 96 0
3804 6840 60 92 1
3868 6840 72 96 0
3940 6840 60 92 2
4012 6840 64 96 5
4084 6836 124 116 6;
4288 6836 676 116 University
5028 6836 124 100 of
5220 6836 252 100 Chi-

864 7000 312 96 cago,
1260 6976 532 112 Chicago.
1960 6972 676 120 (27-23700)
4916 6968 356 104 10176

692 7192 464 156 Shaw,
1244 7200 604 124 Edward
1928 7196 660 156 Richard,
2680 7204 316 120 1855
3000 7276 64 16 –
3096 7204 360 120 1903.

860 7384 296 124 The
1224 7384 624 124 national
1920 7384 620 164 question
2616 7384 416 160 book;
3120 7428 76 80 a
3272 7428 472 116 compr
3752 7412 64 96 e
3820 7384 552 128 hensive
4452 7384 488 128 review
5020 7376 152 132 of
5240 7384 228 124 the

700 7612 616 84 common
1376 7572 272 124 and
1708 7556 336 180 high
2116 7572 456 124 school
2632 7568 556 164 studies,
3252 7568 648 164 designed
3968 7568 224 128 for
4256 7572 648 160 teachers,
4964 7568 504 164 pupils,

704 7756 264 124 and
1052 7760 392 120 home
1524 7756 456 168 study,
2064 7756 180 164 by
2328 7756 612 128 Edward
3024 7756 164 124 R.
3276 7756 200 132 Sh
3488 7796 72 84 a
3572 7800 120 80 w
3756 7772 92 132 …
4100 7756 332 128 Rev.
4520 7756 272 124 and
4876 7796 164 84 en
5044 7752 52 124 l
5108 7852 24 28 .
5220 7752 248 160 ed.,

708 7940 328 128 with
1108 7940 684 164 questions
1868 7940 268 128 and
2212 7984 588 84 answers
2872 7984 172 84 on
3108 7940 228 128 the
3404 7940 432 128 world
3904 7984 328 120 war,
4296 7940 180 164 by
4540 7940 168 128 A.
4780 7940 188 128 H.
5044 7936 420 164 Craig

836 8128 84 144 …
1004 8128 332 124 New
1396 8124 436 164 York,
1896 8124 436 128 Noble
2396 8128 272 124 and
2736 8128 436 124 Noble
3264 8128 168 144 [ͨ1
3428 8128 336 144 927]

868 8324 68 92 4
996 8348 108 88 p.
1164 8324 44 96 l
1216 8360 48 60 .,
1344 8320 204 100 528
1612 8348 108 88 p.
1864 8316 432 120 diagrs.
2432 8316 716 112 21ͨͫ.

876 8452 660 116 "Principal
1596 8460 404 92 events
2052 8452 128 100 of
2240 8456 192 96 the
2492 8480 108 68 w
2608 8452 268 100 ar":
2940 8480 104 88 p.
3104 8452 520 100 517–528.

704 8564 116 108 ©
908 8592 248 96 Oct.
1232 8592 164 108 13,
1476 8592 336 108 1927;
1896 8592 124 92 2c
2032 8664 20 24 .
2136 8588 244 100 Oct.
2452 8592 200 108 24;
2740 8616 56 68 a
2812 8588 120 100 ff.
3012 8592 100 92 N
3120 8616 68 68 o
3192 8616 104 72 v.
3372 8588 60 92 1
3444 8588 68 96 0
3548 8612 20 84 ;
3652 8592 100 92 A
3828 8592 60 92 1
3896 8588 68 96 0
3972 8592 124 92 13
4108 8588 68 96 0
4180 8592 60 92 4
4252 8588 60 96 6
4352 8616 20 84 ;
4456 8592 104 92 N
4568 8616 64 72 o
4640 8592 68 92 b
4712 8588 40 96 l
4760 8612 60 72 e
4900 8588 84 96 &
5068 8584 384 96 Noble.

884 8724 668 116 (27-23786)
4900 8716 356 104 10177

692 8944 604 152 Simons,
1372 8944 332 128 Eric
1768 8948 180 124 N.

860 9132 292 124 The
1212 9132 632 164 amazing
1912 9124 660 168 Sanders;
2640 9176 76 80 a
2780 9144 376 152 story
3216 9132 156 124 of
3432 9172 508 84 success
4008 9132 180 164 by
4252 9132 324 124 Eric
4636 9132 172 128 N.
4880 9124 572 136 Simons.

704 9316 604 160 London,
1384 9312 504 136 Chatto
1964 9316 264 128 and
2300 9316 588 132 Windus
2936 9304 504 152 [1927]

2924 9608 324 116 1516
