5920 10300
104 1404 340 148 Still,
524 1396 488 128 Alfred
1020 1468 184 20 —
1208 1388 772 132 Continued

260 1596 268 116 xvii,
580 1592 204 100 412
844 1616 100 92 p.
1084 1588 340 112 illus.,
1492 1584 428 116 diagrs.
2060 1584 352 128 23½.
2688 1572 316 120 $4.00

264 1728 612 104 Published
956 1720 620 116 originally
1660 1720 372 96 under
2116 1716 320 96 title:
2532 1712 604 100 Overhead
3220 1712 472 96 electric
3776 1736 384 88 power
4240 1708 592 100 transmis-

108 1900 52 68 s
168 1868 104 100 io
276 1896 104 68 n.
516 1892 60 72 c
580 1864 80 116 f.
724 1856 308 100 Pref.

116 2020 112 120 ©
300 2036 264 112 Apr.
636 2028 92 116 5,
800 2028 332 108 1927;
1208 2024 168 96 2c.
1444 2020 276 116 Apr.
1788 2020 124 112 9;
1996 2016 196 100 aff.
2272 2016 272 116 Apr.
2616 2016 196 112 13;
2892 2016 100 96 A
3064 2016 476 108 967794;
3628 2012 840 100 McGraw-Hill
4544 2016 212 96 boo
4760 2016 76 92 k

264 2196 192 84 co.,
536 2168 212 92 inc.
912 2156 596 120 (27-8169)
4352 2144 288 104 2873

116 2392 432 128 Three
604 2428 424 124 years,
1092 2392 148 116 19
1252 2388 76 116 2
1336 2388 76 116 4
1412 2460 88 12 –
1508 2388 148 116 19
1668 2388 76 112 2
1752 2380 116 156 7,
1928 2376 228 128 the
2216 2388 376 152 story
2652 2372 152 128 of
2864 2420 76 80 a
3000 2420 288 80 new
3348 2376 308 124 idea
3716 2372 268 128 and
4040 2372 176 128 its
4272 2416 568 84 success-

272 2572 204 132 ful
552 2568 844 168 adaptation,
1472 2564 340 128 with
1892 2608 80 84 a
2048 2560 748 168 postscript
2872 2560 184 168 by
3132 2560 188 128 H.
3400 2560 152 128 L.
3644 2556 704 132 Mencken.
4508 2560 340 128 New

272 2760 416 160 York,
736 2760 288 120 The
1076 2752 732 128 American
1864 2792 668 124 mercury,
2596 2744 356 132 1927.

268 2956 64 96 4
392 2980 100 92 p.
544 2956 40 88 l
596 3024 52 40 .,
704 2952 64 96 3
772 3004 68 12 –
844 2944 136 100 45
1036 2972 104 92 p.
1280 2944 720 120 25½ͨͨ.

276 3116 272 100 "Six
608 3112 520 96 hundred
1196 3108 380 120 copies
1644 3108 124 96 of
1832 3108 376 96 Three
2276 3132 340 88 years
2688 3108 300 96 have
3056 3108 284 96 been
3412 3108 464 116 printed
3948 3108 144 112 by
4168 3108 196 96 the
4436 3112 88 92 P
4532 3108 84 96 li
4624 3132 232 92 mp-

124 3268 184 84 ton
368 3276 316 92 press
748 3248 304 96 from
1120 3244 644 116 Poliphilus
1836 3248 268 112 type
2172 3268 144 72 on
2392 3244 156 96 Ut
2556 3268 60 68 o
2628 3240 268 116 pian
2968 3240 244 96 laid
3288 3264 356 92 paper
3716 3240 116 96 in
3912 3244 560 116 January,
4544 3244 312 116 1927,

120 3388 216 96 and
396 3388 276 92 each
736 3408 280 88 copy
1080 3380 400 116 signed
1548 3380 148 112 by
1760 3380 196 96 the
2020 3376 384 96 editor
2468 3376 232 96 and
2768 3376 600 116 publisher
3436 3376 124 96 of
3624 3376 196 96 the
3888 3376 620 96 American
4572 3400 284 72 mer-

120 3548 300 88 cury.
556 3516 276 96 This
888 3516 96 96 is
1036 3516 488 96 number
1580 3512 232 100 74."

124 3652 116 116 ©
300 3660 256 92 Jan.
612 3652 160 112 20,
836 3652 332 112 1927;
1232 3652 156 104 2c.
1460 3652 260 96 Jan.
1780 3648 200 112 26;
2048 3648 200 96 aff.
2308 3648 264 96 Jan.
2632 3644 200 116 25;
2896 3648 100 92 A
3060 3648 136 92 95
3192 3664 68 92 8
3272 3648 264 112 910;
3608 3648 612 96 American
4288 3668 560 96 mercury,

276 3792 208 96 inc.
648 3784 592 120 (27-8225)
4372 3780 284 100 2874

132 4016 408 144 West,
612 4012 340 124 Paul
1024 4008 568 152 Vining,
1676 4016 316 120 1885
1996 4088 88 12 –

376 4204 80 144 …
536 4196 724 168 Changing
1352 4196 596 164 practice
2036 4196 148 124 in
2276 4196 948 164 handwriting
3320 4196 884 160 instruction;
4312 4240 544 124 sugges-

136 4388 340 128 tions
576 4388 264 120 and
944 4384 748 124 discussion
1792 4384 412 124 based
2312 4424 372 120 upon
2788 4428 76 80 a
2964 4424 492 120 survey
3560 4380 156 128 of
3820 4396 548 148 present
4476 4432 380 116 prac-

140 4584 44 112 t
192 4572 44 124 i
244 4616 60 84 c
312 4616 128 84 es
532 4572 264 124 and
888 4568 716 164 problems,
1692 4568 180 164 by
1960 4568 352 128 Paul
2404 4572 128 128 V
2548 4672 24 24 .
2676 4572 168 120 W
2848 4612 132 84 es
2988 4580 60 116 t
3148 4584 80 136 …
3472 4572 116 124 B
3600 4568 44 128 l
3656 4568 840 168 oomington,
4588 4572 272 160 Ill.,

136 4756 464 128 Public
676 4756 448 128 school
1208 4752 800 168 publishing
2084 4796 672 120 company
2900 4760 144 144 [ͨ1
3028 4756 244 124 927
3284 4832 28 84 ]

292 4952 144 116 vi,
528 4952 204 96 142
820 4976 104 92 p.
1012 4952 116 96 in
1140 4952 100 96 cl
1252 5024 24 24 .
1364 4952 344 112 illus.,
1804 4952 408 116 tables,
2308 4952 428 116 diagrs.
2908 4952 620 112 23ͨͨ.
3392 4952 836 112 (Educational
4324 4960 536 92 research

140 5092 776 112 monographs,
976 5088 176 96 ed.
1216 5092 152 112 by
1428 5088 132 96 G.
1628 5088 148 96 M.
1848 5084 572 120 Whipple.
2556 5116 188 68 no.
2808 5084 124 116 9)

296 5224 544 100 Contains
916 5220 868 104 "References".

140 5336 116 108 ©
328 5364 280 96 Mar.
676 5364 164 112 26,
912 5360 336 112 1927;
1320 5364 164 96 2c.
1556 5360 272 112 Apr.
1896 5364 128 108 7;
2104 5360 200 96 aff.
2376 5360 276 112 Apr.
2724 5360 124 112 8;
2928 5360 100 96 A
3100 5360 476 116 972660;
3656 5364 408 96 Public
4136 5364 392 96 school
4604 5392 72 88 p
4676 5388 76 72 u
4760 5364 104 100 b.

288 5524 156 76 co.
604 5496 592 120 (27-8196)
4384 5496 284 104 2875

140 5720 488 148 White,
704 5720 524 124 Robert
1308 5724 152 120 T.

292 5904 128 128 A
480 5908 652 128 listener's
1196 5908 932 128 introduction
2192 5920 144 116 to
2404 5912 232 124 the
2696 5908 428 128 music
3196 5904 156 132 of
3416 5908 572 132 Alkan's
4060 5912 328 128 'The
4464 5912 412 124 wind'

144 6092 156 160 by
404 6092 152 124 R.
668 6096 152 124 T.
924 6096 512 160 White,
1544 6096 496 164 played
2144 6096 184 164 by
2436 6096 544 128 Harold
3096 6100 488 124 Bauer.
3804 6092 56 112 [
3840 6096 608 136 London]
4584 6096 288 132 The

156 6276 540 128 Aeolian
768 6320 232 120 co.,
1072 6280 244 128 ltd.
1412 6288 412 152 [1926]

152 6468 108 112 ©
336 6476 128 96 1c
476 6552 20 20 .
568 6476 260 96 Feb.
908 6476 56 92 1
976 6476 60 96 6
1048 6552 24 36 ,
1148 6476 336 112 1927;
1568 6476 96 96 A
1740 6484 148 92 ad
1968 6476 208 100 int.
2252 6476 336 112 9300;
2672 6480 344 112 pubd.
3096 6480 172 96 De
3272 6504 56 72 c
3344 6552 20 24 .
3444 6480 164 116 18,
3692 6480 336 112 1926;
4108 6480 168 96 Ae
4280 6480 156 96 oli
4448 6508 140 68 an
4676 6512 124 72 co
4816 6560 56 36 .,

300 6608 268 100 New
640 6612 340 96 York.
1132 6656 24 72 [
1192 6624 96 120 ©
1376 6616 252 92 text
1704 6636 60 72 o
1776 6640 72 68 n
1924 6612 372 96 music
2372 6608 328 124 roll]
4392 6612 288 100 2876

164 6828 652 156 Wilhelm,
880 6832 464 164 prince
1412 6836 156 160 of
1624 6836 616 160 Sweden,
2316 6844 320 116 1884
2640 6912 84 16 —

316 7012 892 168 Sydfranskt;
1292 7020 848 164 skildringar
2216 7020 144 124 fr
2368 7024 76 120 å
2448 7068 96 76 n
2616 7032 200 116 str
2812 7028 88 112 ö
2916 7036 140 112 vt
3068 7028 76 120 å
3152 7068 88 120 g
3320 7024 44 124 i
3440 7028 736 160 Provence,
4248 7072 172 80 av
4496 7028 384 160 prins

168 7200 420 128 Wilhe
596 7204 44 120 l
648 7248 168 80 m.
968 7212 116 120 2.
1156 7208 380 160 uppl.
1696 7204 836 164 Stockholm,
2600 7208 156 124 P.
2828 7208 172 128 A.
3072 7212 656 128 Norstedt
3792 7220 120 120 &
3988 7224 392 120 söner
4460 7224 436 152 [1926]

308 7392 196 104 298
556 7420 104 92 p.
796 7400 412 116 plates.
1344 7392 684 108 22½ͨͨ.

312 7528 232 100 "De
608 7524 332 108 flesta
1004 7560 68 72 a
1076 7560 76 72 v
1212 7528 844 124 efterföljande
2120 7536 444 96 skisser
2628 7536 212 96 och
2912 7536 616 100 tidsbilder
3596 7540 152 100 ha
3824 7544 352 96 redan
4252 7572 72 68 v
4328 7540 240 104 arit
4632 7572 216 88 syn
4856 7596 36 16 -

160 7656 212 120 liga
432 7664 40 92 i
524 7692 464 88 pressen
1044 7672 284 92 eller
1384 7672 368 96 andra
1816 7672 228 116 pub
2048 7672 40 96 l
2096 7668 40 96 i
2144 7672 76 96 k
2228 7676 128 92 at
2360 7668 36 100 i
2404 7660 640 128 oner."—p.
3104 7672 96 100 5.

316 7796 836 104 "Litteratur":
1216 7828 104 92 p.
1380 7800 240 104 297.

164 7920 108 112 ©
372 7932 240 100 Oct.
700 7936 164 116 23,
964 7936 332 116 1926;
1396 7944 160 96 1c.
1656 7940 264 100 Feb.
2016 7940 164 116 16,
2280 7936 332 100 1927:
2720 7944 744 116 A—Foreign
3560 7948 404 108 33490;
4072 7948 348 96 Aktie
4428 7948 64 92 b
4504 7948 376 116 olaget

316 8068 116 96 P.
512 8072 128 96 A.
720 8072 552 100 Norstedt
1356 8076 84 96 &
1524 8104 56 68 s
1584 8088 72 88 ö
1656 8100 240 72 ner.
2064 8076 600 116 (27-8448)
4400 8080 288 100 2877

168 8284 424 156 Winn,
672 8292 424 152 Cyril.

320 8468 124 128 A
528 8480 716 132 children's
1332 8480 928 132 introduction
2356 8500 136 112 to
2584 8484 228 128 the
2904 8488 424 128 music
3424 8488 152 128 of
3668 8488 508 132 Field's
4272 8480 616 140 'Playful

176 8660 476 160 rondo',
756 8664 176 160 by
1044 8664 148 132 C.
1296 8668 232 132 Wi
1536 8716 92 76 n
1636 8716 132 112 n,
1876 8672 500 164 played
2484 8672 180 164 by
2776 8672 508 128 Edwin
3392 8676 612 164 Hughes.
4220 8648 84 112 [
4264 8680 572 124 London
4848 8756 28 80 ]

168 8836 268 132 The
512 8840 572 132 Aeolian
1152 8896 232 116 co.,
1460 8856 240 124 ltd.
1768 8836 444 180 [1926]

180 9020 112 112 ©
368 9036 48 92 1
408 9044 108 92 c.
592 9040 264 100 Feb.
928 9044 168 116 16,
1172 9048 332 112 1927;
1584 9052 100 88 A
1760 9052 148 92 ad
1984 9052 204 96 int.
2268 9052 336 112 9288;
2692 9056 340 108 pubd.
3112 9056 268 96 Dec.
3460 9056 164 116 18,
3708 9056 336 112 1926;
4128 9056 484 96 Aeolian
4692 9068 196 104 Co.,

324 9168 264 100 New
672 9176 340 100 York.
1160 9196 160 108 [©
1412 9188 112 92 te
1528 9216 80 80 x
1616 9188 48 92 t
1748 9208 144 72 on
1980 9184 364 100 music
2432 9176 372 120 roll]
4412 9188 280 104 2878

184 9384 528 164 Wister,
784 9400 364 132 John
1228 9404 140 132 C.

332 9572 276 132 The
676 9580 300 164 iris;
1056 9632 76 80 a
1200 9588 552 128 treatise
1820 9636 172 80 on
2060 9592 236 128 the
2364 9592 572 168 history,
3008 9596 944 164 development
4028 9600 272 128 and
4376 9600 524 128 culture

184 9748 140 124 of
404 9760 216 128 the
704 9764 240 132 iris
1036 9768 220 128 for
1340 9772 232 128 the
1660 9788 612 116 amateur
2356 9780 708 164 gardener,
3148 9780 184 164 by
3424 9780 372 136 John
3892 9780 152 132 C.
4136 9784 516 132 Wister
4740 9764 80 144 …

2420 10072 244 116 439
