5920 10300
332 976 576 148 Adams,
984 972 472 128 Frank
1532 972 736 152 Durward,
2348 972 320 128 1876
2672 1052 84 12 –

492 1160 304 128 God
896 1160 272 124 and
1260 1200 712 120 company,
2064 1156 768 164 unlimited,
2928 1156 176 164 by
3200 1152 472 128 Frank
3764 1156 692 124 Durward
4552 1152 452 128 Adam
5004 1188 64 88 s

496 1356 80 128 …
656 1344 560 160 Boston,
1276 1344 456 160 Mass.,
1800 1344 288 124 The
2152 1340 580 160 Murray
2792 1384 372 116 press
3248 1408 40 68 [
3288 1352 44 52 ͨ
3344 1344 316 120 1927
3672 1416 32 80 ]

492 1544 204 96 191
744 1572 108 84 p.
1000 1536 680 112 18½ͨͫ
1308 1552 32 76 .

332 1652 120 112 ©
548 1680 268 112 May
900 1680 164 112 24,
1156 1676 332 112 1927;
1580 1676 164 96 2c.
1828 1680 268 108 May
2180 1676 200 108 27;
2472 1700 56 68 a
2552 1672 88 92 ff
2652 1752 20 20 .
2760 1676 268 112 May
3112 1676 196 108 26;
3404 1672 96 92 A
3584 1676 60 92 9
3656 1672 60 92 9
3724 1672 64 92 0
3792 1672 264 112 277;
4160 1672 120 96 F.
4372 1672 136 96 D.
4600 1672 464 116 Adams,

488 1812 492 100 Detroit.
1148 1812 668 116 (27-12596)
4584 1804 284 100 4417

324 2036 1112 128 Akademischer
1504 2076 88 84 v
1600 2036 380 124 erein
2048 2036 496 148 Hütte,
2616 2040 276 120 Ber
2900 2036 44 124 l
2952 2040 180 120 in.

488 2224 644 164 "Hütte",
1240 2224 224 128 des
1568 2224 776 164 ingenieurs
2448 2220 944 128 taschenbuch.
3584 2220 288 128 Hrs
3880 2264 124 120 g.
4116 2228 308 116 vom
4528 2220 540 128 Akade-

316 2416 596 124 mischen
1016 2412 456 124 verein
1584 2412 484 160 Hütte,
2172 2456 104 80 e.
2388 2456 120 80 v.
2616 2412 144 120 in
2872 2408 516 128 Berlin.
3620 2416 196 116 25.
3924 2404 352 128 neub
4288 2452 64 80 e
4364 2404 276 128 arb.
4752 2404 232 132 auf
4956 2404 68 128 l
5040 2512 24 24 .

388 2612 152 128 IV.
556 2600 220 124 bd.
928 2600 520 160 Berlin,
1512 2596 212 132 W.
1796 2596 428 128 Ernst
2288 2604 108 116 &
2460 2596 380 160 sohn,
2916 2596 356 128 1927.

480 2824 156 68 xx
648 2872 16 36 ,
736 2800 204 92 864
1004 2824 104 84 p.
1244 2796 340 112 illus.,
1656 2796 404 112 tables,
2132 2792 428 116 diagrs.
2696 2796 1092 108 19ͨͫ.

324 2912 120 116 ©
540 2936 292 92 Mar.
916 2936 96 108 7,
1100 2932 56 92 1
1168 2932 60 92 9
1240 2932 192 108 27;
1596 2920 144 120 1c.
1776 2932 268 112 May
2132 2928 60 96 6
2236 2956 24 84 ;
2348 2928 100 96 A
2444 2920 156 88 —
2600 2928 492 112 Foreign
3172 2928 64 96 3
3244 2928 340 112 4738;
3676 2928 904 96 Akademischer
4672 2928 392 96 verein

484 3072 396 112 Hütte,
976 3096 92 72 e.
1156 3096 136 84 v.,
1384 3064 432 96 Berlin.
4580 3060 280 100 4418

320 3292 484 148 Amar,
880 3292 432 148 Jules,
1400 3292 312 128 1879
1720 3372 84 12 –

480 3480 980 168 Organisation
1580 3492 132 112 et
1824 3480 328 164 hygi
2164 3480 64 124 è
2236 3520 168 84 ne
2516 3480 556 124 sociales
3076 3556 128 16 —
3248 3476 336 128 essai
3704 3472 1192 132 d'hominiculture
4904 3556 164 20 —

320 3712 252 116 par
636 3668 380 128 Jules
1088 3664 436 124 Amar
1632 3680 88 128 …
1924 3664 444 160 Paris,
2436 3664 548 160 Dunod,
3060 3664 360 124 1927.

476 3892 104 84 x,
648 3864 204 96 692
916 3888 104 92 p.
1152 3864 128 92 ill
1292 3888 72 68 u
1372 3888 88 68 s.
1524 3860 244 120 (inc
1772 3864 36 88 l
1824 3940 20 20 .
1912 3868 388 108 ports.,
2372 3860 488 116 diagrs.)
2944 3864 204 92 col.
3220 3884 72 92 p
3296 3868 36 88 l
3348 3940 20 20 .
3508 3860 1096 108 25ͨͫ.

508 4004 288 92 Mar.
860 4004 96 108 4,
1024 4000 332 112 1927;
1500 3996 144 112 1c.
1660 4000 268 108 May
1996 4000 60 96 6
2096 4024 20 84 ;
2192 4000 96 92 A
2292 4052 140 12 –
2436 4000 496 108 Foreign
2992 4000 68 96 3
3064 4000 132 92 43
3208 4000 60 92 6
3280 4000 124 108 7;
3476 4000 452 96 Dunod.

504 4132 664 120 (27-12884)
4576 4128 284 104 4419

332 4360 732 124 American
1140 4360 680 148 academy
1888 4360 148 124 of
2104 4364 308 120 arts
2484 4360 272 124 and
2824 4356 552 128 letters.

480 4544 908 164 Proceedings
1472 4576 140 92 at
1688 4544 232 128 the
2004 4544 1184 128 commemoration
3272 4544 156 128 of
3508 4544 224 128 the
3812 4544 376 128 three
4268 4544 784 128 hundredth

320 4732 888 160 anniversary
1280 4732 156 124 of
1504 4732 228 124 the
1804 4732 372 124 birth
2248 4728 152 128 of
2468 4732 616 160 Molière,
3156 4732 272 124 and
3500 4732 136 124 in
3716 4732 816 124 celebration
4604 4732 156 124 of
4832 4732 224 128 the

324 4964 448 116 power
840 4920 272 124 and
1180 4920 492 160 beauty
1732 4916 156 128 of
1952 4920 228 124 the
2240 4916 712 128 literature
3016 4916 156 128 of
3236 4920 520 124 France
3828 4924 264 120 and
4164 4920 172 124 its
4400 4916 656 132 influence

320 5148 356 116 upon
764 5104 300 128 that
1144 5104 152 124 of
1376 5108 228 120 the
1692 5104 1312 164 English-speaking
3088 5108 588 156 peoples,
3752 5104 184 164 by
4012 5108 228 124 the
4324 5104 728 128 American

320 5292 640 164 academy
1028 5292 156 124 of
1252 5304 280 112 arts
1604 5292 268 124 and
1944 5292 500 124 letters.
2608 5292 328 120 New
3016 5288 384 124 York
3472 5292 316 164 city,
3860 5288 728 132 American
4664 5292 388 128 acad-

312 5524 300 112 emy
672 5476 160 128 of
892 5492 280 112 arts
1240 5480 272 124 and
1572 5480 504 156 letters,
2148 5484 356 116 1926.

468 5680 60 92 3
596 5704 104 88 p.
764 5680 104 112 1.,
932 5676 64 96 3
1000 5732 72 12 –
1076 5676 204 96 184
1344 5704 140 88 p.,
1548 5676 60 92 1
1676 5680 72 92 1.
1888 5676 300 116 port.
2328 5676 752 108 17ͨͫ.
2772 5672 632 116 (Academy
3476 5672 716 120 publication
4260 5696 176 80 no.
4508 5676 196 120 38)

472 5816 308 92 Most
844 5812 124 96 of
1036 5812 196 96 the
1304 5816 608 92 addresses
1984 5836 196 72 are
2252 5808 124 96 in
2448 5808 480 100 French.

316 5940 124 120 ©
524 5952 268 96 Dec.
876 5948 160 112 31,
1120 5948 336 108 1926;
1544 5948 164 96 2c.
1792 5952 272 108 May
2152 5948 160 112 11,
2404 5948 200 92 192
2616 5948 120 104 7;
2832 5948 192 96 aff.
3116 5948 268 108 May
3472 5948 60 92 9
3576 5972 20 84 ;
3688 5948 100 92 A
3872 5948 472 112 976551;
4436 5948 616 100 American

472 6088 552 108 academy
1112 6084 120 96 of
1316 6088 252 92 arts
1652 6084 88 92 &
1824 6088 436 108 letters,
2348 6084 280 92 New
2720 6084 340 92 York.
3232 6080 668 120 (27-12405)
4568 6080 284 104 4420

308 6276 504 152 Baker,
892 6272 736 128 Elizabeth
1708 6272 912 148 Whitemore,
2700 6276 196 124 ed.

612 6464 72 144 …
756 6460 420 132 Great
1292 6460 664 164 speeches,
2068 6460 568 128 selected
2752 6460 272 124 and
3140 6456 448 128 edited
3704 6460 180 164 by
4000 6464 720 124 Elizabeth
4828 6468 212 128 W.

320 6648 448 124 Baker
868 6652 84 136 …
1180 6648 556 160 Boston,
1816 6648 332 124 New
2236 6644 388 124 York
2724 6684 40 96 [
2760 6656 240 112 etc.
2992 6644 48 112 ]
3148 6644 128 124 A
3280 6644 108 124 ll
3392 6688 184 120 yn
3660 6648 268 124 and
4016 6652 460 120 Bacon
4588 6652 168 136 [ͨ
4676 6656 232 116 192
4920 6652 72 124 7
4992 6712 40 68 ]

468 6848 244 112 xiii,
836 6848 204 92 253
1156 6868 108 92 p.
1448 6844 392 112 front.,
1960 6844 408 116 plates,
2488 6848 356 112 ports.
3036 6844 680 112 17ͨͫ.
3524 6844 632 112 (Academy
4268 6848 472 96 classics
4860 6852 184 92 for

300 6980 396 116 junior
760 6980 276 112 high
1104 6976 512 108 schools)

316 7084 120 112 ©
516 7120 288 92 Mar.
880 7116 164 108 30,
1120 7112 332 112 1927;
1536 7112 60 92 2
1608 7124 56 76 c
1676 7188 20 16 .
1776 7112 268 108 May
2116 7108 196 112 26;
2400 7108 192 96 aff.
2680 7108 120 88 M
2800 7132 144 92 ay
3020 7108 196 112 21;
3296 7108 100 92 A
3476 7108 128 96 99
3612 7108 64 96 0
3684 7112 132 92 27
3824 7108 68 96 0
3928 7136 20 88 ;
4032 7116 348 112 Allyn
4460 7116 84 96 &
4624 7120 420 96 Bacon.

488 7296 24 72 [
528 7240 120 124 ©
728 7276 252 68 new
1060 7252 428 92 matter
1692 7248 668 112 (27-12532)
4564 7248 280 100 4421

308 7444 884 144 Balderston,
1268 7440 592 124 Marion.

480 7632 368 124 Here
952 7628 112 124 is
1172 7624 692 164 England,
1968 7624 180 164 by
2252 7624 544 124 Marion
2904 7624 816 124 Balderston
3800 7644 84 136 …
4176 7632 328 124 New
4616 7632 428 160 York,

312 7816 156 124 R.
544 7816 188 120 M.
796 7812 660 124 McBride
1524 7812 108 120 &
1696 7852 708 120 company,
2480 7808 352 128 1927.

472 8008 204 96 viii
748 8040 140 84 p.,
964 8012 60 92 3
1100 8012 36 88 l
1152 8080 52 36 .,
1284 8008 132 92 15
1420 8064 68 4 –
1488 8008 204 88 241
1768 8032 108 88 p.
2016 8004 388 112 front.,
2484 8008 408 112 plates,
2968 8032 328 84 maps
3396 8004 324 116 (part
3792 8008 340 116 fold.)
4292 8008 760 108 21ͨͫ.

312 8136 120 116 ©
504 8148 272 112 May
840 8148 92 108 7,
1000 8144 336 108 1927;
1408 8144 64 88 2
1476 8164 56 76 c
1548 8216 20 20 .
1636 8144 228 92 and
1932 8140 192 96 aff.
2200 8148 268 104 May
2532 8140 196 112 27;
2800 8140 96 92 A
2964 8136 344 100 97680
3316 8144 60 92 7
3400 8160 28 80 ;
3520 8152 112 88 M
3648 8216 20 20 .
3740 8144 724 120 Balderston,
4540 8152 500 100 London.

500 8276 660 120 (27-12415)
4560 8280 284 100 4422

304 8468 676 148 Baldwin,
1060 8464 608 132 William
1752 8464 648 152 Edward,
2492 8472 404 116 1883-
3308 8468 196 124 ed.

480 8660 328 124 New
880 8652 388 128 York
1332 8652 708 124 insurance
2108 8652 304 160 law,
2484 8652 772 124 annotated.
3440 8652 316 128 1927
3824 8660 200 120 ed.
4212 8660 832 172 Containing

320 8840 184 128 all
584 8840 924 128 amendments
1584 8848 144 112 to
1804 8836 668 160 January,
2560 8840 360 152 1928,
3004 8832 332 128 with
3424 8840 860 128 annotations
4372 8844 364 128 from
4820 8852 220 128 de-

320 9028 484 124 cisions
912 9020 152 128 of
1168 9024 224 124 the
1500 9032 492 144 courts,
2096 9020 528 160 rulings
2732 9016 152 128 of
2992 9020 220 124 the
3320 9020 704 132 insurance
4144 9028 896 168 department,

320 9212 624 160 opinions
1024 9208 156 124 of
1256 9208 228 124 the
1560 9216 624 148 attorney
2260 9204 544 164 general
2884 9204 268 124 and
3228 9248 172 80 an
3476 9208 692 160 appendix
4252 9216 684 124 containin
4948 9232 88 108 g

320 9396 1008 124 miscellaneous
1420 9392 324 120 laws
1840 9388 592 160 relating
2528 9400 140 112 to
2760 9388 752 172 insurance,
3608 9392 448 128 edited
4152 9392 176 168 by
4424 9392 596 132 William

2576 9664 236 132 673
