5920 10300
476 1044 388 124 Joint
944 1036 724 128 executive
1744 1028 808 132 committee
2628 1028 152 120 of
2860 1024 240 128 the
3176 1016 788 132 vocational
4036 1016 748 124 education
4860 1052 356 88 com-

648 1224 576 128 mittees
1328 1220 156 124 of
1588 1220 252 124 the
1944 1216 320 152 pulp
2380 1212 272 128 and
2768 1248 428 116 paper
3304 1208 660 148 industry
4076 1204 148 124 of
4336 1200 244 128 the
4692 1200 520 128 United

640 1416 484 124 States
1196 1412 268 120 and
1556 1404 608 128 Canada.

644 1596 288 128 The
1000 1592 956 128 manufacture
2024 1584 152 128 of
2248 1584 332 164 pulp
2660 1584 268 124 and
3000 1624 496 120 paper;
3576 1624 76 80 a
3724 1576 644 128 textbook
4444 1572 152 128 of
4664 1572 560 128 modern

480 1788 336 156 pulp
876 1784 268 124 and
1204 1824 428 116 paper
1684 1776 304 124 mill
2044 1772 592 160 practice
2740 1820 84 136 …
2996 1812 124 80 v.
3184 1776 112 116 3.
3360 1764 784 160 Properties
4204 1760 156 124 of
4412 1760 804 160 pulpwood;

480 1964 884 168 preparation
1460 1960 156 128 of
1712 1960 384 124 wood
2216 1972 48 108 [
2252 2004 64 80 e
2324 1968 160 116 tc.
2504 2036 28 76 ]
2664 1980 80 132 …
2988 1964 76 112 2
3076 1956 84 120 d
3260 1952 204 124 ed.
3648 1952 332 124 New
4084 1944 428 164 York,
4612 1944 620 164 London,

476 2148 1024 132 McGraw-Hill
1576 2144 356 128 book
2004 2180 708 124 company,
2788 2140 304 156 inc.,
3176 2132 360 132 1927.

652 2352 152 88 Va
832 2348 312 92 rious
1220 2376 68 84 p
1296 2344 436 108 agings.
1876 2340 40 92 i
1924 2344 36 88 l
1972 2344 32 84 l
2016 2364 200 88 us.,
2300 2340 192 96 tab
2504 2340 40 88 l
2552 2360 148 88 es,
2784 2332 120 96 di
2908 2360 60 68 a
2988 2356 220 92 grs.
3352 2332 720 124 23½ͨͨ.

556 2508 72 112 ©
700 2512 116 88 M
820 2540 160 72 ar.
1060 2516 96 112 4,
1240 2516 52 88 1
1304 2512 64 92 9
1376 2512 60 92 2
1448 2512 60 92 7
1536 2520 28 76 ;
1652 2512 160 92 2c.
1896 2508 224 92 and
2204 2504 188 100 aff.
2476 2504 124 88 M
2608 2516 160 84 ar.
2848 2508 56 88 1
2920 2504 60 88 6
3024 2528 20 76 ;
3124 2500 100 96 A
3304 2500 472 108 972929;
3864 2496 324 96 Joint
4268 2492 600 100 executive
4948 2520 284 68 com-

652 2652 400 96 mittee
1112 2648 124 92 of
1296 2648 192 92 the
1552 2668 200 72 voc
1764 2644 168 96 ati
1944 2668 60 68 o
2012 2668 144 68 na
2168 2644 36 92 l
2268 2640 616 96 education
2944 2636 716 100 committees
3728 2632 120 96 of
3912 2632 192 96 the
4168 2632 276 116 pulp
4508 2632 84 92 &
4656 2652 352 92 paper
5076 2628 160 92 in-

652 2788 440 108 dustry,
1168 2784 280 96 New
1520 2784 96 88 Y
1624 2780 240 96 ork.
4752 2760 208 100 292
4976 2760 60 100 3

492 3044 412 144 Judd,
976 3048 328 120 Mrs.
1376 3036 532 124 Bertha
1988 3032 768 128 Grimmell.

660 3224 404 164 Fifty
1148 3224 492 164 golden
1720 3264 460 124 years;
2264 3220 232 124 the
2580 3216 300 128 first
2960 3212 312 128 half
3356 3228 564 148 century
4008 3208 156 132 of
4244 3208 228 128 the
4552 3204 696 136 Woman's

492 3408 728 128 American
1292 3404 556 164 Baptist
1920 3408 388 120 home
2372 3400 560 128 mission
3004 3400 544 164 society,
3624 3396 784 160 1877-1927,
4476 3392 180 168 by
4732 3392 516 128 Bertha

496 3592 720 132 Grimmell
1284 3592 420 128 Judd.
1876 3592 816 156 [Rochester,
2756 3588 164 124 N.
3000 3588 216 156 Y.,
3284 3584 292 128 The
3640 3584 232 124 Du
3940 3580 328 128 Bois
4336 3624 416 116 press,
4876 3580 364 156 ͨ1927]

664 3788 68 96 8
784 3812 104 92 p.
948 3784 40 92 l
1000 3860 52 40 .,
1112 3784 204 96 281
1380 3808 100 88 p.
1620 3784 360 96 front.
2044 3780 412 116 (port.)
2540 3784 408 112 plates.
3092 3776 792 120 19½ͨͨ.

672 3948 892 116 Bibliography:
1632 3976 100 88 p.
1792 3944 212 100 280
2008 4000 48 12 –
2072 3944 240 100 281.

512 4088 112 108 ©
700 4124 268 108 Apr.
1032 4120 100 112 4,
1204 4120 332 108 1927;
1608 4120 160 92 2c.
1840 4120 268 108 Apr.
2180 4120 128 88 6:
2384 4112 196 96 aff.
2648 4116 272 112 Apr.
2988 4112 196 108 13;
3260 4116 96 88 A
3428 4116 64 88 9
3500 4112 404 108 67772;
3984 4108 580 96 Woman's
4632 4108 616 92 American

668 4256 92 92 B
772 4280 64 68 a
852 4256 284 112 ptist
1204 4256 260 96 hom
1476 4280 60 68 e
1604 4252 476 96 mission
2152 4248 464 116 society,
2688 4252 100 88 N
2800 4276 56 68 e
2888 4276 64 64 w
3040 4252 92 88 Y
3144 4276 60 64 o
3216 4276 52 64 r
3272 4252 76 88 k
3364 4324 16 20 .
3552 4244 328 120 (27-8
3888 4248 60 92 5
3960 4244 188 112 76)
4772 4240 284 96 2924

512 4516 716 148 Kennedy,
1300 4508 356 128 Ada.

676 4700 384 124 Food
1124 4696 408 160 study
1596 4696 552 124 manual
2216 4688 228 132 for
2508 4692 468 164 junior
3040 4688 336 168 high
3448 4688 456 128 school
3972 4688 660 164 students,
4700 4688 180 164 by
4952 4688 312 128 Ada

524 4880 656 164 Kennedy
1264 4888 84 136 …
1552 4876 532 164 Peoria,
2148 4880 136 124 Il
2288 4880 48 120 l
2352 4976 68 64 .,
2484 4880 288 120 The
2836 4876 568 124 Manual
3476 4920 152 80 ar
3636 4888 56 112 t
3696 4920 60 80 s
3824 4916 376 120 press
4292 4880 232 144 [ͨ19
4532 4880 80 120 2
4616 4876 76 128 7
4680 4872 44 112 ]

684 5080 132 92 76
876 5104 100 84 p.
1120 5072 304 96 illus.
1568 5072 616 112 23ͨͨ.

524 5212 116 108 ©
700 5244 272 116 Apr.
1036 5244 160 96 12.
1260 5244 48 92 1
1328 5240 64 96 9
1400 5244 60 92 2
1476 5244 52 92 7
1572 5268 20 80 ;
1660 5244 160 92 2c.
1884 5244 272 108 Apr.
2220 5244 192 104 18;
2484 5240 192 96 aff.
2744 5240 272 112 Apr.
3084 5240 56 88 1
3156 5236 68 88 6
3256 5264 20 84 ;
3344 5240 104 92 A
3508 5240 268 96 9727
3788 5240 60 88 4
3860 5240 124 112 7;
4056 5240 92 88 A
4148 5228 36 88 .
4252 5240 592 108 Kennedy,
4916 5240 344 92 Pasa-

680 5384 324 108 dena,
1108 5376 344 96 Calif.
1620 5376 600 116 (27-8480)
4784 5372 276 96 2925

524 5636 416 144 Kent,
1016 5632 748 128 Frederick
1840 5632 628 148 Charles,
2544 5640 320 116 1866
2868 5712 76 12 –

692 5820 1028 124 Mathematical
1828 5816 740 164 principles
2672 5816 156 124 of
2928 5816 560 160 finance,
3584 5816 176 160 by
3868 5816 736 128 Frederick
4712 5816 560 132 Charles

528 6008 308 124 Ken
844 6020 56 112 t
1004 6012 80 132 …
1328 6008 172 120 2d
1604 6008 196 120 ed.
1992 6004 328 124 New
2420 6004 388 128 York
2924 6016 324 120 [etc.]
3360 6000 964 132 McGraw-Hil
4336 6008 48 120 l
4480 6004 348 128 book
4928 6048 340 84 com-

532 6236 400 120 pany,
1004 6192 300 160 inc.,
1380 6188 360 132 1927.

700 6388 244 112 xiii,
1020 6388 208 96 177
1288 6412 100 88 p.
1464 6384 184 96 inc
1652 6388 36 92 l
1704 6464 20 16 .
1796 6388 404 112 tables,
2276 6384 424 116 diagrs.
2844 6384 684 112 23½ͨͨ.
3500 6384 312 116 $2.00

708 6556 568 96 "Written
1352 6552 608 120 primarily
2040 6580 128 72 as
2252 6584 68 68 a
2400 6556 548 96 textbook
3024 6556 188 92 for
3284 6552 436 100 classes
3792 6556 120 92 in
3988 6560 196 92 the
4264 6556 812 96 mathematics
5160 6556 120 96 of

544 6696 692 92 investment
1308 6692 228 92 and
1600 6688 1184 104 insurance."—Pref.

544 6832 120 108 ©
736 6864 268 108 Apr.
1076 6864 100 100 4,
1252 6860 332 112 1927;
1664 6860 160 96 2c.
1896 6860 272 112 Apr.
2244 6856 120 100 9;
2448 6856 200 100 aff.
2720 6864 272 108 Apr.
3072 6860 56 88 1
3136 6856 64 96 3
3244 6880 16 84 ;
3344 6864 92 88 A
3516 6856 60 96 9
3584 6856 68 96 6
3656 6860 200 92 779
3864 6860 64 92 6
3972 6888 16 80 ;
4076 6860 836 96 McGraw-Hill
4988 6860 292 96 book

700 7020 192 84 co.,
968 6996 120 92 in
1084 7020 52 80 c
1160 7072 20 20 .
1352 6996 592 112 (27-8678)
4796 6992 284 100 2926

536 7252 600 152 Kinney,
1216 7252 164 128 W
2056 7252 168 128 A.

700 7440 664 124 Hawaii's
1472 7440 620 160 capacity
2200 7440 224 124 for
2528 7436 1216 164 self-government
3848 7436 188 128 all
4140 7436 248 128 but
4496 7440 784 168 destroyed;

540 7624 212 128 W.
836 7624 172 124 A.
1096 7624 592 164 Kinney,
1776 7624 528 128 author.
2480 7620 304 132 Salt
2868 7624 368 128 Lake
3328 7620 364 168 City,
3780 7624 424 164 Utah,
4288 7628 156 124 F.
4540 7628 152 124 L.
4780 7628 504 128 Jensen

556 7808 452 140 [ͨ1927]

712 8004 204 96 206
984 8032 104 88 p.
1224 8004 680 104 23½ͨͨ.

716 8172 284 92 This
1076 8172 288 92 book
1448 8168 100 96 is
1628 8196 64 68 a
1776 8168 368 96 direct
2224 8176 408 112 appeal
2724 8180 112 88 to
2920 8168 476 100 citizens
3476 8176 124 92 of
3684 8176 192 96 the
3960 8176 428 96 United
4480 8176 388 96 States
4948 8176 188 96 for
5216 8204 64 68 a

552 8308 508 96 decision
1136 8312 128 88 at
1340 8308 304 92 their
1724 8308 372 96 hands
2180 8336 64 68 o
2248 8336 76 68 n
2404 8312 196 92 the
2684 8312 444 108 protest
3208 8308 464 112 against
3756 8312 196 96 the
4036 8312 500 116 flooding
4616 8312 124 96 of
4824 8312 372 96 Hawa
5208 8312 88 96 ii

556 8444 280 92 with
900 8440 536 112 Asiatics,
1504 8444 612 108 presented
2176 8444 144 112 by
2388 8444 192 96 the
2648 8448 232 92 late
2948 8444 408 100 Prince
3424 8444 268 96 Kuh
3704 8444 36 92 i
3752 8472 96 72 o.
3988 8408 56 112 c
4044 8448 52 112 f
4104 8524 20 16 .
4192 8444 548 100 Author's
4808 8444 292 120 pref.

572 8572 112 108 ©
756 8612 260 92 Feb.
1080 8612 64 88 2
1152 8608 68 96 0
1224 8684 20 36 ,
1312 8608 200 96 192
1524 8616 56 88 7
1624 8636 20 84 ;
1712 8612 160 96 2c.
1936 8612 272 116 Apr.
2272 8612 120 92 1;
2472 8612 192 96 aff.
2732 8616 272 112 Apr.
3072 8612 192 112 11;
3332 8620 96 88 A
3496 8612 272 100 9727
3776 8616 64 92 0
3848 8620 124 108 8;
4048 8620 396 92 Frank
4508 8620 120 96 L.
4700 8620 460 96 Jensen.

752 8744 592 116 (27-8554)
4816 8752 284 100 2927

576 9076 28 80 [
620 8996 424 148 Lane,
1112 9000 456 148 Ralph
1640 9004 632 124 Norman
2344 9004 404 152 Ange
2756 9004 92 124 ll
2824 8980 56 112 ]
2980 9004 324 124 1874
3308 9084 68 12 –

732 9184 288 124 The
1084 9184 460 160 public
1608 9188 448 156 mind;
2132 9188 176 128 its
2376 9188 744 128 disorders:
3192 9188 176 128 its
3440 9196 940 156 exploitation,
4448 9196 180 160 by
4696 9196 608 124 Norman

568 9364 504 168 Angell
1160 9448 32 80 [
1204 9368 596 164 pseud.]
1884 9376 332 124 New
2296 9376 428 160 York,
2800 9376 164 124 E.
3048 9376 152 124 P.
3280 9380 532 120 Dutton
3892 9384 108 116 &
4076 9424 664 116 company
4852 9372 440 164 [ͨ1927]

2836 9660 248 128 447
