5968 10284
788 984 400 128 Ohio.
1360 984 496 128 Courts
1940 1028 68 84 o
2020 984 72 164 f
2168 984 596 164 appeals.

956 1208 588 160 Reports
1632 1200 152 128 of
1872 1248 64 80 c
1948 1248 280 80 ases
2324 1204 512 160 argued
2932 1204 268 120 and
3296 1200 160 124 de
3464 1216 60 108 t
3528 1204 604 124 ermined
4200 1208 76 136 …
4608 1208 696 160 Reported
5392 1208 180 160 by

788 1392 132 128 J.
996 1396 152 120 L.
1232 1396 208 120 W.
1524 1392 584 160 Henney
2180 1408 80 128 …
2420 1388 568 128 Clinton
3072 1388 564 160 Collins,
3708 1392 184 120 H.
3976 1392 152 120 L.
4216 1388 628 164 Connett,
4928 1392 640 128 assistant

792 1592 716 148 reporters.
1688 1624 124 80 v.
1904 1584 196 116 20.
2288 1576 528 132 Official
2900 1576 196 124 ed.
3288 1572 832 168 Cincinnati,
4200 1576 296 128 The
4580 1576 360 132 Ohio
5024 1584 260 120 law
5372 1624 196 84 re-

792 1780 464 148 porter
1336 1792 256 108 co.;
1692 1764 788 160 Cleveland,
2560 1764 296 124 The
2932 1764 648 124 Baldwin
3660 1764 264 124 law
4004 1764 804 164 publishing
4888 1812 232 112 co.,
5212 1768 352 128 1927.

956 2028 76 64 x
1040 2000 160 92 liv
1208 2072 24 40 ,
1284 1996 64 96 6
1356 1996 132 96 33
1536 2024 104 88 p.
1780 1996 140 92 22
1924 2004 40 48 c
1968 2004 60 48 m
2036 2032 24 52 .

800 2196 120 116 ©
984 2204 260 92 Jan.
1308 2200 164 112 27,
1536 2200 336 112 1927;
1936 2200 164 100 2c.
2160 2200 224 92 and
2452 2200 196 100 aff.
2708 2200 260 92 Jan.
3036 2200 60 88 2
3108 2196 60 92 9
3212 2224 16 68 :
3300 2204 96 84 A
3456 2196 344 96 95897
3812 2208 64 88 6
3896 2220 32 80 :
4000 2200 104 96 J.
4164 2200 120 96 L.
4348 2208 168 92 W.
4584 2200 484 112 Henney
5128 2200 188 96 for
5380 2200 192 96 the

960 2344 308 92 state
1328 2340 124 92 of
1512 2336 324 116 Ohio,
1900 2336 656 112 Columbus.
2624 2336 92 96 O
2732 2416 16 16 .
5168 2328 200 104 798

796 2632 516 152 Oliver,
1376 2636 740 144 Margaret
2180 2628 444 128 Scott.

972 2856 276 124 Tea
1324 2860 100 112 &
1496 2852 364 120 little
1928 2848 272 124 rice
2272 2848 428 156 cakes,
2776 2848 268 124 and
3116 2848 384 124 other
3576 2848 396 160 plays
4064 2844 252 164 [by]
4408 2848 708 160 Margaret
5192 2844 388 132 Scott

800 3036 476 132 Oliver
1376 3056 84 128 …
1684 3036 560 156 Boston,
2312 3036 164 120 R.
2552 3032 164 128 G.
2792 3036 116 120 B
2924 3032 420 164 adger
3428 3040 456 152 [ͨ1926]

956 3272 204 96 132
1232 3296 104 88 p.
1480 3264 1080 116 19½ͨͫ.

960 3468 84 96 C
1052 3488 632 76 ONTENTS.—
1772 3464 236 96 Tea
2072 3468 232 92 and
2368 3464 304 92 little
2744 3464 228 92 rice
3044 3464 380 92 cakes.
3428 3516 108 12 —
3572 3464 244 96 The
3884 3464 372 112 king's
4320 3476 244 84 son.
4568 3520 140 12 —
4712 3464 212 112 He,
4988 3492 148 68 on
5204 3468 368 96 whom

792 3632 68 72 a
928 3604 416 100 sandal
1416 3600 636 96 fell.—The
2120 3600 228 96 lost
2420 3596 892 96 child.—Hallie
3384 3596 124 96 in
3576 3596 312 112 high.
4048 3596 504 96 Shadow
4620 3600 232 92 and
4924 3600 656 100 substance.

804 3744 120 108 ©
1004 3772 268 92 Dec.
1344 3764 168 116 29,
1588 3764 336 112 1926;
2004 3768 64 88 2
2080 3792 56 68 c
2148 3840 16 20 .
2244 3764 268 96 Feb.
2592 3764 56 88 5
2652 3800 24 64 ,
2756 3764 336 112 1927;
3176 3792 60 64 a
3252 3764 120 96 ff.
3448 3764 264 96 Feb.
3788 3768 124 108 2;
4000 3768 96 88 A
4168 3764 68 96 9
4244 3764 68 92 6
4316 3764 332 112 7060;
4796 3772 88 112 M.
4972 3768 68 96 S
5060 3848 16 16 .
5156 3768 420 112 Oliver,

968 3904 500 116 Moylan,
1524 3904 204 92 Pa.
1896 3900 600 116 (27–2890)
5168 3892 208 100 799

796 4200 572 148 Olivier,
1452 4200 316 148 Eug
1780 4196 72 128 è
1860 4236 216 84 ne.

1076 4432 80 128 …
1236 4420 560 120 Manuel
1912 4420 164 120 de
2184 4416 712 124 l'amateur
3008 4412 164 124 de
3280 4412 564 124 reliures
3960 4416 508 120 armori
4476 4416 64 120 é
4552 4460 132 80 es
4804 4408 780 132 francaises.

804 4616 152 132 6ͤ
928 4616 164 116 -9
1080 4600 60 116 ͤ
1196 4608 376 124 série.
1756 4604 592 164 (Fasces,
2408 4600 464 160 Croix,
2924 4596 184 132 Sa
3116 4644 88 76 u
3216 4600 404 160 toirs)
3672 4600 648 160 planches
4372 4612 72 112 5
4456 4608 72 116 6
4540 4612 76 112 4
4620 4680 80 12 –
4708 4608 152 116 99
4872 4608 76 116 0
4960 4704 24 20 .
5152 4604 440 156 Paris,

804 4796 148 128 C.
1032 4796 460 156 Bosse,
1572 4796 356 120 1926.

968 4996 64 88 4
1084 5020 100 68 v.
1324 4996 416 112 plates.
1880 4988 136 96 28
2020 4996 108 48 cm
2128 5020 28 56 .

972 5164 152 96 At
1188 5164 300 92 head
1560 5160 120 96 of
1752 5160 324 92 title:
2156 5160 104 92 D
2272 5164 396 88 octeur
2744 5156 468 112 Eugène
3280 5156 472 108 Olivier,
3836 5156 500 112 Georges
4416 5156 512 112 Hermal,
5004 5156 584 112 capitaine

804 5304 100 92 R
916 5376 20 20 .
992 5304 136 92 de
1176 5300 412 96 Roton.

812 5448 120 120 ©
1040 5476 292 88 Mar.
1428 5468 164 112 10,
1692 5468 288 112 Aug.
2080 5464 160 112 10,
2348 5464 240 96 Oct.
2692 5464 156 96 10,
2956 5464 268 92 Dec.
3324 5464 164 108 10,
3596 5460 332 112 1926;
4032 5464 160 92 1c.
4300 5464 284 92 each
4684 5464 260 92 Feb.
5048 5464 92 100 7,
5248 5460 332 112 1927;

972 5604 744 112 A—Foreign
1768 5600 408 112 33072;
2236 5600 484 96 Charles
2776 5600 392 92 Bosse.
5180 5588 56 100 8
5252 5588 132 100 00

812 5896 632 152 Parrish,
1512 5896 484 124 Amos.

968 6112 952 164 Advertising,
1992 6112 180 164 by
2240 6108 428 128 Amos
2744 6104 616 164 Parrish,
3432 6152 124 80 A.
3636 6152 116 80 B.
3836 6108 272 124 and
4184 6108 356 124 Burt
4612 6104 752 128 MacBride
5464 6124 84 132 …

808 6304 328 124 New
1212 6300 432 160 York,
1716 6296 788 124 Alexander
2576 6296 736 124 Hamilton
3384 6292 632 128 institute
4104 6288 452 140 [ͨ1927]

972 6520 76 68 x
1056 6496 116 92 vi
1180 6492 40 96 i
1228 6568 20 40 ,
1348 6492 204 96 333
1644 6516 108 88 p.
1896 6488 340 112 illus.,
2336 6488 284 96 fold.
2720 6516 76 88 p
2800 6492 40 88 l
2852 6564 20 20 .
3012 6484 1080 116 22ͨͫ.
3468 6484 464 116 (Added
4032 6492 292 112 t.-p.:
4424 6488 480 92 Modern
5004 6492 596 92 merchan-

808 6628 448 116 dising;
1328 6652 64 68 a
1464 6624 360 96 series
1896 6624 120 96 of
2084 6628 312 92 texts
2464 6624 568 112 prepared
3108 6648 128 68 as
3308 6628 268 108 part
3644 6624 124 92 of
3836 6624 196 96 the
4108 6624 476 92 modern
4660 6624 940 116 merchandising

808 6788 404 72 course
1280 6764 228 92 and
1576 6760 440 96 service
2092 6768 68 104 …
2272 6760 664 92 Alexander
3004 6756 612 96 Hamilton
3684 6756 580 96 institute.
4416 6800 28 76 [
4452 6784 64 68 v
4532 6832 20 20 .
4620 6748 160 120 7])

984 6928 352 100 Short
1392 6928 360 96 series
1820 6924 260 96 title
2144 6952 148 68 on
2356 6928 236 112 t.-p.

824 7076 116 116 ©
1008 7100 260 92 Jan.
1324 7096 96 112 3,
1484 7096 336 108 1927;
1888 7096 156 92 2c.
2108 7096 228 92 and
2400 7096 192 92 aff.
2656 7096 264 92 Feb.
2984 7096 124 108 5;
3180 7096 96 92 A
3332 7096 480 108 967075;
3880 7100 664 92 Alexander
4608 7096 608 96 Hamilton
5272 7096 324 96 insti-

984 7240 284 88 tute.
1436 7232 188 116 (27
1624 7288 76 8 –
1704 7232 136 96 28
1836 7244 68 88 5
1912 7232 120 112 4)
5188 7228 204 100 801

816 7524 656 152 Partlow,
1552 7524 132 124 H
2364 7520 164 128 R.

980 7744 132 124 A
1168 7744 372 124 hand
1592 7740 356 128 book
2004 7784 172 84 on
2232 7740 568 124 Florida
2860 7744 328 120 land
3248 7740 436 160 titles;
3756 7784 80 80 a
3892 7736 560 132 treatise
4512 7736 220 128 for
4792 7740 308 128 title
5156 7784 444 84 exam-

816 7928 360 128 iners
1272 7928 268 124 and
1636 7924 856 128 abstracters.
2676 7924 136 124 A
2904 7924 692 128 reference
3696 7924 228 124 for
4020 7928 232 124 the
4352 7972 232 80 use
4684 7924 156 128 of
4940 7940 660 152 property

820 8156 584 112 owners;
1508 8152 172 80 an
1776 8112 824 160 elementary
2696 8124 292 112 text
3084 8108 224 124 for
3404 8112 620 124 students
4120 8108 156 128 of
4376 8112 232 124 the
4704 8116 260 120 law
5068 8108 152 132 of
5320 8116 280 124 real

824 8312 692 148 property.
1688 8296 132 124 A
1908 8292 520 164 library
2512 8288 156 132 of
2756 8296 832 164 elementary
3672 8296 748 164 principles
4512 8300 772 160 respecting
5372 8300 232 124 the

824 8480 592 128 division
1488 8480 268 124 and
1824 8480 748 124 alienation
2636 8480 152 124 of
2852 8484 400 120 lands
3320 8484 268 124 and
3660 8480 232 128 the
3960 8484 328 124 laws
4360 8484 600 164 relating
5028 8496 140 116 to
5240 8528 360 84 own-

824 8664 496 164 ership.
1500 8668 212 160 By
1796 8664 188 124 H.
2068 8664 168 124 R.
2324 8664 612 124 Partlow
3204 8680 84 128 …
3372 8664 800 164 [Charlotte,
4264 8668 168 128 N.
4536 8664 196 168 C.,
4816 8668 784 128 Washburn

824 8852 632 160 printing
1516 8888 716 120 company,
2264 8840 448 148 ͨ1926]

984 9044 68 96 3
1112 9068 104 88 p.
1284 9040 40 88 l
1332 9112 52 44 .,
1452 9040 72 96 9
1528 9096 60 12 –
1592 9040 192 92 251
1852 9064 108 92 p.
2100 9040 64 92 2
2172 9040 1440 112 3½ͨͫ.

992 9208 376 96 Ruled
1432 9208 392 96 leaves
1888 9208 820 116 interspersed.

836 9348 120 120 ©
1028 9376 260 96 Jan,
1344 9376 164 112 27,
1572 9368 52 88 1
1636 9376 268 112 927;
1972 9376 156 96 2c.
2192 9380 264 92 Feb.
2516 9376 120 92 2;
2712 9408 60 64 a
2784 9380 124 96 ff.
2976 9384 260 92 Feb.
3300 9384 120 108 1;
3496 9388 96 88 A
3648 9372 136 100 96
3788 9388 132 92 33
3932 9384 192 116 69;
4200 9388 144 92 H.
4416 9388 92 92 R
4528 9468 16 16 .
4608 9388 540 112 Partlow,
5216 9392 380 92 Inver-

1000 9536 292 88 ness,
1348 9516 248 92 Fla.
1764 9512 472 116 (27–272
2244 9512 64 96 6
2332 9512 28 116 )
5188 9520 208 100 802

3104 9652 240 116 124
