5968 10284
812 552 208 96 699

808 912 640 152 Railway
1528 912 636 152 training
2248 912 1644 128 institute—Continued

816 1100 336 124 with
1236 1100 228 128 the
1552 1100 672 164 approval
2312 1100 156 128 of
2552 1144 172 80 an
2812 1100 636 128 editorial
3540 1100 644 168 advisory
4272 1100 428 132 board
4788 1104 152 128 of
5028 1104 572 168 railway

816 1288 832 124 mechanical
1756 1284 140 128 of
1888 1288 64 120 f
1928 1284 380 128 icials
2400 1288 76 144 …
2756 1284 648 168 Chicago,
3508 1288 632 164 Railway
4248 1300 60 116 t
4312 1292 556 164 raining
4976 1292 208 124 ins
5192 1304 60 112 t
5260 1292 40 124 i
5312 1304 60 112 t
5380 1308 220 112 ute

824 1480 144 152 [ͨ
924 1480 320 120 1926
1256 1552 32 84 ]

972 1672 212 96 463
1252 1696 108 92 p.
1500 1672 344 112 illus.,
1920 1668 432 120 diagrs.
2492 1672 140 96 22
2640 1668 864 120 ½ͨͫ
2824 1744 24 24 .
3008 1668 536 120 (Science
3616 1668 128 100 of
3816 1668 556 120 railways
4448 1668 732 124 cyclopedia)

980 1804 632 100 Published
1680 1804 252 96 also
2000 1832 132 72 as
2200 1812 268 112 part
2536 1804 128 100 of
2728 1804 204 100 the
2996 1804 544 120 Railway
3604 1804 484 120 library.

816 1924 120 116 ©
1004 1944 284 96 Nov.
1340 1940 164 116 25,
1564 1940 208 96 192
1780 1944 60 92 6
1884 1968 16 88 ;
1968 1944 156 96 2c.
2188 1944 264 96 Dec.
2512 1944 192 108 17;
2772 1944 196 96 aff.
3016 1944 260 96 Jan.
3324 1944 168 112 28,
3536 1944 340 112 1927;
3940 1948 100 92 A
4096 1944 64 96 9
4168 1944 132 96 58
4308 1944 136 96 94
4452 1948 60 92 5
4552 1972 24 84 ;
4648 1948 536 112 Railway
5248 1948 352 96 train-

980 2080 200 112 ing
1224 2076 580 100 institute.
1972 2076 604 116 (27–2477)
5188 2080 216 100 699

1096 2272 80 136 …
1256 2268 872 128 Locomotive
2236 2272 664 160 practice;
3020 2316 72 80 a
3200 2272 660 160 practical
3972 2272 652 124 textbook
4732 2272 220 128 for
5060 2276 228 128 the
5392 2272 200 128 in-

820 2456 668 128 struction
1580 2456 152 128 of
1828 2456 808 128 locomotive
2740 2456 704 164 engineers
3540 2464 272 120 and
3912 2456 600 168 firemen,
4612 2464 620 156 hostlers,
5324 2464 276 124 and

820 2648 452 120 others
1372 2644 148 124 in
1624 2644 576 160 railway
2300 2644 588 160 employ,
2988 2644 740 124 interested
3824 2644 148 124 in
4068 2648 232 124 the
4396 2644 760 164 operation,
5256 2692 344 116 care,

820 2832 268 124 and
1160 2828 944 128 maintenance
2184 2828 152 128 of
2416 2828 532 164 freight
3024 2832 264 124 and
3372 2872 732 124 passenger
4184 2832 912 128 locomotives.
5276 2836 324 124 Pre-

824 3020 420 156 pared
1348 3020 440 120 under
1896 3020 228 120 the
2240 3016 856 160 supervision
3208 3020 272 120 and
3596 3016 332 124 with
4044 3020 228 124 the
4384 3016 672 164 approval
5164 3012 156 132 of
5428 3060 176 84 an

820 3204 636 124 editorial
1572 3204 644 156 advisory
2324 3204 432 124 board
2872 3200 152 124 of
3140 3200 576 168 railway
3832 3204 836 124 mechanical
4780 3204 548 128 officials
5424 3200 76 144 …

824 3388 648 164 Chicago,
1560 3388 632 160 Railway
2276 3392 620 160 training
2984 3388 624 124 institute
3716 3404 84 144 [ͨ
3812 3392 320 120 1926
4144 3468 28 80 ]

988 3584 64 92 2
1124 3612 104 68 v.
1372 3584 344 112 illus.,
1788 3584 428 112 diagrs.
2364 3584 1020 104 22½ͨͫ.
2884 3584 532 112 (Science
3492 3584 124 96 of
3692 3584 556 112 railways
4320 3612 204 88 cyc
4528 3588 108 92 lo
4648 3588 400 112 pedia)

992 3724 584 112 Prepared
1644 3720 148 116 by
1860 3720 628 96 Frederick
2556 3720 104 96 J.
2732 3716 372 100 Prior.

992 3860 632 92 Published
1704 3860 252 92 also
2036 3880 128 72 as
2244 3864 272 108 part
2596 3860 124 92 of
2804 3860 196 92 the
3080 3856 540 116 Railway
3708 3860 480 112 library.

824 3988 120 116 ©
1016 3996 280 96 Nov.
1360 3996 168 112 25,
1588 3992 340 112 1926;
1996 3996 160 96 2c.
2224 3996 288 92 each
2572 3996 268 92 Dec.
2904 3992 196 112 17;
3168 3992 260 100 affs.
3492 3996 264 96 Jan.
3816 3996 164 112 28,
4048 3996 336 108 1927;
4452 3996 100 92 A
4608 3996 448 112 958946,
5120 3996 68 96 9
5196 3996 60 96 5
5264 3996 336 112 8947;

992 4132 536 112 Railway
1576 4132 524 112 training
2152 4132 576 92 institute.
2896 4128 604 120 (27–2481)
4868 4120 248 124 700,
5200 4128 204 100 701

1072 4320 80 144 …
1232 4320 640 124 Machine
1960 4320 340 160 shop
2384 4320 664 160 practice;
3144 4364 72 80 a
3304 4320 660 160 practical
4044 4320 652 128 textbook
4784 4320 224 128 for
5084 4324 236 124 the
5404 4320 196 124 in-

824 4508 668 124 struction
1564 4504 152 128 of
1780 4552 212 80 me
2000 4552 68 80 c
2068 4504 520 164 hanics,
2648 4508 580 160 helpers,
3308 4504 276 128 and
3652 4552 528 116 appren
4188 4520 56 112 t
4252 4508 264 128 ices
4588 4504 144 128 in
4804 4512 208 124 loc
5020 4552 76 80 o
5100 4552 220 80 mo
5332 4520 60 112 t
5396 4508 44 124 i
5448 4552 88 80 v
5540 4552 64 84 e

828 4692 600 164 erecting
1512 4696 276 120 and
1872 4692 464 160 repair
2420 4696 456 156 shops,
2968 4692 972 160 roundhouses,
4032 4708 288 148 etc.,
4408 4696 676 160 prepared
5176 4696 432 124 under

828 4884 224 124 the
1160 4880 860 164 supervision
2128 4880 268 120 and
2504 4880 336 120 with
2948 4880 228 120 the
3288 4880 676 160 approval
4072 4876 156 132 of
4336 4924 176 80 an
4616 4880 640 128 editorial
5372 4880 208 128 ad-

828 5068 456 160 visory
1404 5064 432 128 board
1968 5060 152 128 of
2236 5068 580 160 railway
2936 5064 836 124 mechanical
3904 5068 136 124 of
4032 5064 64 124 f
4076 5064 256 128 icia
4340 5068 44 120 l
4396 5116 60 76 s
4556 5072 80 148 …
4960 5060 644 168 Chicago,

828 5252 628 164 Railway
1532 5252 620 164 training
2224 5248 632 128 institute
2948 5256 460 152 [ͨ1926]

992 5452 208 92 416
1284 5476 104 88 p.
1536 5448 340 112 illus.,
1960 5444 428 116 diagrs.
2532 5444 1024 108 22½ͨͫ.
3052 5444 532 116 (Science
3668 5448 124 92 of
3876 5448 556 116 railways
4516 5448 724 116 cyclopedia)

996 5580 636 100 Published
1708 5588 252 92 also
2040 5608 128 68 as
2252 5592 268 104 part
2600 5584 124 92 of
2808 5588 196 88 the
3084 5580 540 116 Railway
3708 5584 484 116 library.

832 5712 116 112 ©
1020 5724 280 92 Nov.
1356 5720 168 116 25,
1580 5720 340 112 1926;
1984 5720 160 96 2c.
2200 5724 268 92 Dec.
2524 5720 196 112 17;
2788 5744 56 68 a
2864 5720 120 96 ff.
3032 5720 256 96 Jan.
3340 5720 548 112 28,1927;
3952 5724 104 92 A
4108 5720 348 96 95894
4464 5728 68 92 8
4568 5748 20 84 ;
4660 5720 532 116 Railway
5256 5724 356 92 train-

1004 5860 196 112 ing
1248 5856 576 96 institute.
1996 5856 600 116 (27–2484)
5200 5856 208 96 702

1084 6048 80 144 …
1244 6048 776 164 Operating
2100 6048 504 156 trains;
2696 6048 228 128 the
3012 6048 952 164 organization
4048 6048 160 128 of
4280 6048 480 164 trains,
4852 6056 228 120 the
5172 6048 440 128 forces

832 6236 728 164 operating
1648 6236 416 160 them,
2156 6236 364 124 their
2616 6236 564 164 heating
3280 6236 268 124 and
3652 6232 648 168 lighting,
4404 6240 272 120 and
4772 6236 228 124 the
5092 6236 520 164 signals

836 6428 268 120 and
1188 6424 360 120 rules
1628 6424 272 120 and
1984 6420 840 164 regulations
2908 6420 764 168 governing
3744 6420 364 124 their
4192 6436 804 144 movement,
5084 6420 520 124 includ-

832 6604 244 168 ing
1144 6604 996 128 examinations
2236 6604 752 164 (questions
3072 6604 268 128 and
3412 6604 652 164 answers)
4168 6604 228 128 for
4464 6608 848 160 conductors,
5384 6648 220 84 en-

836 6796 528 160 gineers
1480 6836 40 92 [
1524 6840 64 80 e
1596 6808 60 108 t
1660 6832 144 96 c.]
1908 6800 72 132 …
2264 6792 704 160 Prepared
3072 6792 436 124 under
3608 6796 228 124 the
3940 6792 856 160 supervision
4900 6792 268 128 and
5272 6792 340 124 with

836 6980 228 124 the
1164 6984 672 156 approval
1932 6976 152 128 of
2172 7024 176 80 an
2440 6980 636 124 editorial
3172 6976 644 164 advisory
3904 6976 432 128 board
4432 6976 152 128 of
4672 6976 576 168 railway
5340 7020 264 84 me-

840 7168 556 120 chanica
1408 7168 44 120 l
1596 7164 128 124 of
1724 7164 60 124 f
1760 7164 384 124 icials
2240 7164 76 144 …
2664 7164 644 160 Chicago,
3456 7164 632 164 Railway
4228 7176 56 112 t
4288 7164 560 164 raining
4984 7164 212 124 ins
5204 7176 60 112 t
5268 7164 44 124 i
5324 7176 216 112 tut
5544 7208 64 80 e

852 7364 84 144 [°
948 7356 320 120 1926
1284 7432 24 76 ]

1004 7544 208 96 470
1284 7572 104 88 p.
1532 7544 308 96 illus.
1908 7544 328 116 (part
2308 7544 268 112 col.)
2668 7544 284 96 fold.
3024 7544 380 116 plates
3468 7540 324 120 (part
3864 7544 268 112 col.)
4228 7544 432 112 diagrs.
4804 7544 1020 108 22½ͨͫ.
5320 7540 292 116 (Sci-

840 7708 272 68 ence
1180 7684 128 96 of
1376 7680 556 116 railways
2004 7676 728 120 cyclopedia)

1012 7816 628 96 Published
1732 7820 248 92 also
2080 7840 132 72 as
2300 7820 272 112 part
2672 7816 120 96 of
2888 7816 196 96 the
3188 7816 532 112 Railway
3812 7816 452 112 library
4360 7812 368 100 under
4820 7812 324 100 title:
5248 7812 364 96 Train

840 7952 604 116 operation
1516 7952 548 116 practice.

844 8084 120 108 ©
1020 8092 284 92 Nov.
1360 8092 64 88 2
1432 8096 88 92 5.
1588 8088 272 96 1926
1888 8108 28 80 :
1984 8088 160 100 2c.
2204 8092 272 92 Dec.
2536 8092 192 108 17;
2796 8116 56 64 a
2872 8088 120 92 ff.
3040 8096 64 88 J
3120 8116 52 64 a
3196 8116 104 64 n.
3348 8088 60 92 2
3420 8088 60 92 8
3492 8160 20 32 ,
3564 8084 328 108 1927;
3964 8092 92 88 A
4116 8084 64 96 9
4188 8088 128 92 58
4328 8088 64 92 9
4396 8092 60 88 4
4468 8096 64 88 9
4572 8112 20 84 ;
4660 8088 532 108 Railway
5260 8084 352 96 train-

1008 8224 196 112 ing
1252 8224 572 100 institute.
1996 8224 600 116 (27–2480)
5204 8216 204 100 703

1080 8420 76 144 …
1232 8412 412 132 Sheet
1696 8416 416 124 metal
2168 8412 664 164 practice;
2904 8460 76 80 a
3040 8412 660 164 practical
3760 8412 644 128 textbook
4468 8412 228 128 for
4752 8412 228 128 the
5044 8412 568 128 instruc-

844 8600 292 124 tion
1212 8600 152 124 of
1440 8600 368 124 sheet
1884 8600 412 124 metal
2376 8600 636 160 workers,
3084 8600 364 124 their
3524 8600 580 160 helpers,
4184 8600 272 124 and
4536 8596 856 164 apprentices
5472 8596 144 124 in

852 8784 568 164 railway
1492 8788 584 160 employ,
2156 8784 272 128 and
2504 8784 456 128 others
3036 8784 732 128 interested
3844 8784 152 128 in
4072 8784 228 128 the
4376 8780 1008 164 manipulation
5464 8776 156 132 of

848 8972 368 124 sheet
1284 8972 456 160 metal,
1816 8976 676 156 prepared
2568 8972 432 124 under
3072 8972 228 124 the
3376 8972 860 160 supervision
4312 8972 268 124 and
4660 8968 332 124 with
5072 8968 228 128 the
5380 9008 232 124 ap-

852 9156 480 160 proval
1416 9156 156 124 of
1656 9200 176 80 an
1920 9156 636 124 editorial
2648 9156 644 160 advisory
3368 9156 432 128 board
3888 9156 152 124 of
4128 9156 572 160 railway
4780 9148 836 132 mechanical

852 9340 128 128 of
976 9340 80 128 fi
1068 9340 328 128 cials
1488 9344 76 148 …
1824 9340 652 168 Chicago,
2564 9344 632 164 Railway
3288 9356 60 112 t
3352 9344 552 164 raining
3992 9340 212 128 ins
4212 9352 60 116 t
4276 9340 44 128 i
4328 9356 60 112 t
4392 9384 88 80 u
4488 9352 60 116 t
4552 9384 68 84 e
4720 9348 460 152 [ͨ1926]

3120 9640 236 116 108
