5968 10284
988 1040 824 148 Aumonier,
1904 1040 440 152 Stacy
2344 1116 184 20 –
2540 1040 772 128 Continued

1160 1244 84 92 C
1252 1256 72 76 O
1324 1264 392 72 NTENT
1784 1252 60 80 S
1800 1316 16 20 .
1824 1296 144 12 —
1968 1240 244 92 The
2280 1236 388 120 happy
2736 1260 304 72 man.
3044 1292 144 12 —
3196 1236 504 96 Funeral
3776 1236 436 96 march.
4216 1292 88 12 —
4360 1232 984 120 Juxtapositions.
5348 1292 144 12 —
5496 1240 284 96 Bur-

988 1376 316 116 ney's
1372 1376 392 116 laugh.
1768 1428 148 16 —
1916 1372 244 96 The
2228 1372 300 116 baby
2600 1372 408 116 grand.
3012 1428 144 12 —
3160 1372 560 96 Business
3800 1372 224 96 and
4104 1376 68 92 d
4184 1372 396 96 esires.
4588 1428 140 12 —
4732 1372 244 96 The
5048 1396 356 76 room.
5408 1428 140 16 —
5552 1376 232 100 Not

992 1512 720 96 done.—The
1780 1512 188 96 old
2036 1512 272 112 lady
2380 1508 288 100 with
2740 1508 196 100 the
3004 1516 232 92 two
3308 1508 1060 100 umbrellas.—The
4432 1508 720 116 everlasting
5220 1512 296 96 club.

996 1628 120 120 ©
1196 1648 264 96 Feb.
1536 1648 164 112 14,
1776 1648 332 96 1927;
2188 1648 60 92 2
2256 1660 56 76 c
2328 1724 20 20 .
2420 1648 232 92 and
2728 1644 192 96 aff.
2996 1644 268 96 Feb.
3336 1644 200 112 25;
3612 1644 100 92 A
3780 1644 480 112 963714;
4340 1644 404 116 Henry
4816 1648 184 92 Ho
5004 1648 36 92 l
5056 1648 44 96 t
5176 1648 228 96 and
5480 1672 156 68 co.

1184 1784 596 116 (27-3811)
5292 1776 284 104 1304

1000 2008 504 152 Barry,
1584 2008 632 148 Charles,
2284 2012 468 160 pseud.

1172 2196 288 128 The
1524 2196 156 124 M
1684 2240 80 80 o
1772 2240 80 80 u
1868 2200 44 120 l
1920 2244 60 80 s
2044 2200 416 120 house
2528 2204 644 156 mystery,
3236 2192 180 160 by
3488 2192 568 128 Charles
4124 2196 456 160 Barry
4664 2208 88 144 …
4956 2192 332 128 New
5356 2192 428 164 York,

1004 2384 156 128 E.
1228 2384 152 128 P.
1448 2384 536 124 Dutton
2044 2388 112 124 &
2216 2424 676 124 company
2960 2380 468 160 [ͨ1927]

1160 2584 212 92 viii
1436 2608 136 88 p.,
1644 2584 52 88 1
1768 2584 36 88 l
1820 2656 56 40 .,
1944 2580 200 96 295
2216 2608 100 88 p.
2456 2584 1016 104 19½ͨͫ.

1004 2716 116 112 ©
1200 2720 268 96 Feb.
1540 2716 136 96 18
1676 2764 28 56 ,
1780 2716 336 112 1927;
2192 2720 164 100 2c.
2428 2720 228 92 and
2728 2740 60 72 a
2804 2712 120 100 ff.
3000 2716 268 96 Feb.
3340 2716 196 104 21;
3616 2716 100 92 A
3780 2716 420 96 963680
4224 2740 28 84 ;
4344 2716 124 96 E.
4544 2716 124 96 P.
4740 2716 452 96 Dutton
5260 2716 88 96 &
5420 2740 160 76 co.

1184 2852 600 120 (27-3942)
5300 2848 56 100 1
5372 2848 136 100 30
5520 2848 60 100 5

1000 3080 672 148 Bartlett,
1752 3076 604 128 Eleanor
2432 3076 780 128 Hamilton.

1168 3272 292 124 The
1548 3268 748 164 principles
2384 3264 152 128 of
2620 3264 740 164 chemistry
3448 3264 272 128 and
3804 3264 364 128 their
4260 3260 920 168 application;
5280 3308 76 80 a
5440 3276 348 116 text-

1000 3452 352 128 book
1420 3452 228 124 for
1708 3496 516 116 nurses,
2284 3452 184 164 by
2536 3452 596 124 Eleanor
3200 3452 428 124 Hami
3644 3452 112 124 lt
3764 3492 172 84 on
4008 3456 348 120 Bart
4364 3452 44 120 l
4420 3464 132 112 et
4560 3464 52 112 t
4728 3456 84 136 …
4916 3452 272 124 and
5260 3452 524 124 Katha-

1004 3684 64 80 r
1076 3640 44 124 i
1128 3684 168 80 ne
1360 3636 276 128 Ink
1712 3644 84 136 …
2016 3636 332 128 New
2420 3636 432 164 York,
2920 3640 292 124 The
3284 3636 564 128 Macmil
3860 3636 44 124 l
3916 3680 168 80 an
4164 3680 716 124 company,
4960 3644 148 120 19
5120 3644 80 116 2
5204 3636 116 128 7.

1168 3832 116 96 vi
1344 3860 136 88 p.,
1540 3836 64 88 2
1660 3836 36 88 l
1716 3900 56 48 .,
1828 3836 212 92 418
2096 3860 100 88 p.
2344 3832 432 116 diagrs.
2920 3832 1140 108 22½ͨͫ
3240 3876 28 52 .

1052 3960 72 112 ©
1196 3972 264 96 Feb.
1520 3972 64 88 2
1592 3972 92 96 3,
1752 3968 336 112 1927;
2152 3972 64 92 2
2216 3964 60 88 c
2296 4048 16 20 .
2380 3972 228 92 and
2672 3972 200 96 aff.
2936 3972 264 96 Feb.
3264 3972 196 112 24;
3536 3972 88 92 A
3692 3964 476 104 967361:
4244 3968 424 100 Macmi
4676 3972 36 88 l
4720 3972 200 96 lan
4984 4000 56 68 c
5048 3996 64 68 o
5128 4048 16 24 .

1196 4108 596 112 (27-3835)
5304 4104 280 100 1306

1008 4292 496 156 Berry,
1576 4296 568 128 Elwood
2212 4296 776 152 Sylvester,
3068 4300 312 124 1879
3392 4380 80 12 –

1172 4488 292 124 The
1540 4488 500 124 church
2124 4484 152 128 of
2356 4484 540 164 Christ;
2984 4532 168 80 an
3236 4484 764 164 apologetic
4080 4484 272 128 and
4432 4488 696 160 dogmatic
5200 4488 596 160 treatise,

1008 4672 180 160 by
1248 4672 160 124 E.
1476 4668 692 164 Sylvester
2228 4672 444 160 Berry
2760 4684 88 128 …
3036 4668 200 132 St.
3300 4668 460 164 Louis,
3816 4672 324 160 Mo.,
4200 4672 268 124 and
4528 4672 624 160 London,
5216 4680 160 116 B.
5440 4672 352 128 Her-

1008 4856 236 128 der
1300 4856 360 128 book
1716 4900 236 120 co.,
2020 4852 364 132 1927.

1172 5076 156 68 xv
1332 5048 120 116 ii,
1516 5048 136 96 56
1660 5052 60 92 6
1784 5080 104 88 p.
2032 5048 1076 112 19½ͨͫ
2352 5104 20 44 .

1180 5188 484 96 "Works
1720 5184 744 100 consulted":
2532 5212 104 88 p.
2696 5188 68 92 2
2764 5240 76 12 –
2844 5184 92 100 5.

1016 5296 112 108 ©
1216 5324 264 96 Feb.
1556 5324 164 96 16.
1796 5320 336 112 1927;
2208 5324 64 92 2
2268 5316 56 88 c
2352 5404 16 16 .
2452 5324 224 92 and
2752 5324 196 96 aff.
3028 5324 264 96 Feb.
3372 5324 192 116 18;
3648 5324 96 96 A
3816 5324 276 96 9672
4100 5320 68 92 9
4168 5328 120 92 4;
4380 5332 128 92 B.
4588 5332 456 96 Herder
5120 5324 296 100 book
5488 5344 64 76 c
5552 5360 64 68 o
5632 5408 20 20 .

1200 5456 600 116 (27-3828)
5304 5460 284 104 1307

1012 5648 480 152 Blake,
1572 5648 572 156 Gladys.

1188 5836 292 124 The
1548 5880 292 80 scra
1852 5852 56 112 t
1912 5836 308 128 ches
2288 5884 172 80 on
2528 5840 228 124 the
2828 5840 400 164 glass,
3296 5840 180 164 by
3548 5840 528 168 Gladys
4144 5844 436 128 Blake
4684 5856 84 136 …
4964 5844 128 128 N
5100 5888 68 84 e
5176 5888 120 80 w
5368 5844 428 164 York,

1020 6024 612 132 London,
1696 6024 172 128 D.
1948 6024 700 164 Appleton
2716 6028 268 124 and
3056 6068 712 124 company,
3844 6028 356 128 1927.

1176 6224 68 92 3
1308 6248 104 88 p.
1480 6220 40 92 l
1528 6260 24 52 .
1564 6296 20 24 ,
1656 6224 232 108 246,
1968 6224 188 116 [1]
2176 6248 100 88 p.
2412 6224 360 100 front.
2908 6224 676 104 19ͨͫ.

1016 6328 116 112 ©
1216 6360 264 96 Feb.
1548 6356 136 96 25
1684 6392 28 56 ,
1788 6360 272 92 1927
2104 6384 20 72 ;
2196 6360 64 92 2
2264 6352 56 88 c
2340 6436 20 20 .
2432 6364 228 92 and
2732 6360 196 100 aff.
3000 6356 288 100 Mar.
3364 6364 56 92 1
3452 6368 28 80 ;
3564 6364 100 92 A
3732 6360 64 96 9
3804 6364 132 92 63
3944 6364 268 108 821;
4288 6368 136 92 D.
4500 6368 572 112 Appleton
5144 6368 84 92 &
5300 6396 160 68 co.

1200 6492 604 120 (27-3941)
5308 6496 280 104 1308

1020 6684 408 148 Burt,
1500 6684 472 152 Emily
2040 6688 408 128 Rose.

1192 6868 704 168 Planning
1984 6916 340 120 your
2416 6888 452 148 party.
2948 6876 184 160 by
3220 6880 472 160 Emily
3776 6880 352 124 Rose
4216 6880 360 124 Burt
4692 6872 88 144 …
4988 6880 332 128 New
5408 6880 392 128 York

1024 7060 268 124 and
1360 7060 616 160 London,
2040 7060 556 164 Harper
2664 7068 108 120 &
2836 7060 664 164 brothers,
3572 7064 352 124 1927.

1180 7256 208 92 viii
1456 7284 136 88 p.,
1668 7260 64 92 2
1800 7260 36 88 l
1852 7332 56 36 .,
1976 7260 64 92 3
2048 7312 72 12 –
2120 7260 204 92 322
2396 7284 104 88 p.
2636 7256 1592 104 19½ͨͫ.

1020 7384 124 116 ©
1220 7388 260 100 Feb.
1552 7392 156 96 18.
1780 7392 332 112 1927;
2188 7396 156 96 2c.
2420 7396 264 96 Feb.
2752 7396 196 112 15;
3024 7396 192 100 aff.
3292 7396 264 100 Feb.
3624 7396 128 92 21
3784 7416 32 80 ;
3892 7400 96 92 A
4056 7396 480 112 963657;
4608 7400 464 116 Harper
5144 7400 84 96 &
5296 7400 296 96 bros.

1208 7528 596 120 (27-3809)
5308 7532 280 104 1309

1028 7716 512 152 Caven,
1612 7720 532 124 Robert
2212 7720 584 152 Martin,
2876 7724 316 128 1870
3200 7796 72 20 –

1192 7900 276 132 Gas
1532 7904 272 128 and
1872 7952 424 116 gases,
2360 7904 180 168 by
2608 7908 160 124 R.
2836 7908 188 124 M.
3104 7908 460 128 Caven
3644 7920 84 128 …
3944 7912 332 124 New
4352 7912 428 160 York,
4852 7912 184 124 H.
5108 7912 352 124 Holt
5528 7912 272 128 and

1020 8132 740 120 company;
1824 8092 620 160 London,
2496 8092 696 128 Williams
3248 8096 108 120 &
3416 8096 608 160 Norgate
4096 8088 168 144 [ͨ
4200 8096 320 128 1927
4528 8172 32 84 ]

1188 8280 204 96 256
1476 8308 100 88 p.
1720 8280 344 116 illus.,
2144 8284 432 112 diagrs.
2720 8276 280 108 17ͨ.
3168 8284 720 116 (Half-title:
3968 8292 368 92 Home
4420 8288 648 116 university
5152 8292 440 116 library
5680 8292 124 96 of

1024 8416 476 92 modern
1560 8412 704 120 knowledge.
2408 8444 176 72 no.
2648 8420 264 112 119)

1192 8548 836 116 Bibliography
2068 8576 24 72 :
2164 8576 100 92 p.
2332 8552 236 100 254.

1032 8644 112 112 ©
1228 8688 260 92 Feb.
1560 8688 128 92 14
1692 8716 24 52 ,
1792 8688 336 108 1927;
2196 8688 164 96 2c.
2428 8696 228 88 and
2728 8692 192 100 aff.
2992 8692 260 100 Feb.
3324 8696 196 112 23;
3592 8696 96 92 A
3760 8696 472 112 967332;
4312 8700 400 112 Henry
4784 8700 284 100 Holt
5136 8700 228 96 and
5436 8728 160 72 co.

1212 8820 600 116 (27-3841)
5288 8832 276 100 1310

1032 9004 504 156 Chute,
1612 9008 560 128 Arthur
2240 9016 448 148 Hunt,
2772 9024 316 120 1890
3096 9100 68 12 –

1204 9192 288 124 The
1572 9196 540 164 mutiny
2192 9196 156 128 of
2428 9200 228 124 the
2740 9204 512 164 Flying
3336 9204 496 168 Spray,
3912 9204 184 164 by
4176 9204 536 132 Arthur
4796 9212 404 124 Hunt
5280 9212 508 152 Chute;

1044 9376 768 132 illustrated
1888 9384 180 160 by
2136 9384 472 164 Harry
2684 9388 144 120 H
2840 9488 24 24 .
2940 9388 168 124 A.
3188 9396 504 120 Burne.
3848 9392 332 124 New
4252 9396 428 156 York,
4752 9396 132 128 J.
4960 9396 180 124 H.
5220 9396 400 132 Sears
5688 9400 108 124 &

1032 9604 708 128 company,
1808 9568 256 128 inc.
2152 9568 420 164 [ͨ1927
2580 9648 32 84 ]

3308 9768 244 120 202
