5968 10284
3240 9548 320 116 1090

952 892 848 148 Blackburn,
1872 888 684 124 Barbara.

1192 1092 84 128 …
1360 1076 288 124 The
1720 1116 468 84 season
2272 1076 392 120 made
2740 1068 228 128 for
3040 1068 268 164 joy.
3472 1064 620 160 London,
4164 1064 192 124 M.
4440 1060 172 136 Se
4616 1096 72 96 c
4692 1064 280 160 ker,
5052 1060 356 128 1927.

1116 1276 236 108 294,
1416 1276 196 116 [1]
1604 1300 104 84 p.
1848 1272 792 108 19½ͨͫ
2180 1348 20 20 .

964 1372 116 120 ©
1172 1416 60 88 1
1216 1404 116 104 c.
1416 1412 276 112 July
1780 1408 160 108 14,
2028 1408 44 92 1
2096 1408 72 88 9
2164 1408 196 108 27;
2452 1404 92 92 A
2628 1408 140 92 ad
2860 1404 28 92 i
2904 1428 76 68 n
2988 1408 44 92 t
3048 1480 20 20 .
3152 1400 336 112 9763;
3572 1400 344 112 pubd.
4020 1400 68 92 J
4096 1412 68 80 u
4168 1412 140 80 ne
4392 1396 60 92 2
4460 1400 60 88 3
4564 1420 20 84 ;
4680 1396 268 96 Dial
5036 1420 352 88 press,
5476 1396 248 108 inc.,

1124 1552 276 92 New
1476 1548 92 92 Y
1580 1576 64 68 o
1656 1548 164 92 rk.
1992 1540 400 120 (27-18
2388 1544 140 92 60
2536 1536 128 120 0)
5252 1524 288 100 7234

956 1704 904 148 Blackhurst,
1936 1700 484 128 James
2496 1696 660 128 Herbert.

1124 1888 1076 164 Investigations
2276 1884 140 124 in
2492 1884 228 124 the
2792 1880 584 168 hygiene
3452 1876 156 128 of
3676 1876 612 168 reading,
4360 1880 180 160 by
4612 1876 464 128 James
5144 1872 596 128 Herbert

968 2076 824 128 Blackhurst
1904 2080 84 136 …
2216 2072 264 124 Bal
2488 2084 60 112 t
2556 2068 460 160 imore,
3096 2068 696 128 Warwick
3876 2068 108 120 &
4068 2064 428 160 York,
4580 2064 140 124 in
4732 2104 64 84 c
4812 2160 68 64 .,
4972 2068 148 120 19
5132 2068 72 112 2
5216 2060 112 128 7.

1128 2276 128 96 63
1336 2300 104 92 p.
1516 2272 188 96 inc
1708 2276 36 92 l
1760 2348 20 20 .
1864 2272 404 96 tables.
2412 2268 684 112 23½ͨͫ.

1128 2412 96 92 A
1312 2412 348 112 study
1752 2404 124 100 of
1956 2408 204 96 312
2248 2408 716 108 elementary
3048 2404 392 96 school
3536 2404 472 92 readers
4096 2392 612 124 published
4792 2396 316 96 since
5192 2396 204 96 186
5400 2396 64 96 0
5552 2396 188 96 for

968 2548 192 96 the
1216 2568 496 92 purpose
1772 2540 124 96 of
1956 2540 776 116 determining
2792 2540 316 96 what
3168 2540 212 92 has
3436 2540 284 92 been
3780 2540 196 92 the
4036 2536 332 96 trend
4432 2536 120 96 of
4612 2532 308 100 their
4984 2536 752 112 typography.

960 2688 60 84 o
1028 2680 80 112 f.
1184 2708 100 88 p.
1356 2680 64 92 2
1428 2680 60 96 5
1504 2756 20 20 .

1132 2812 900 116 Bibliography:
2116 2836 100 88 p.
2296 2812 376 96 62–63.

1016 2944 72 112 ©
1160 2952 272 108 July
1488 2952 96 108 7,
1644 2948 40 88 1
1716 2944 64 88 9
1780 2948 192 96 27;
2040 2948 160 92 2c.
2260 2944 276 112 July
2592 2944 64 92 8
2680 2956 32 84 ;
2780 2944 196 92 aff.
3036 2944 284 108 Aug.
3380 2944 60 88 2
3452 2944 68 88 6
3556 2964 20 72 :
3644 2936 92 96 A
3792 2944 64 88 9
3864 2936 204 96 995
4084 2940 64 92 4
4148 2940 60 88 5
4252 2960 20 84 ;
4336 2936 584 100 Warwick
4976 2940 92 92 &
5120 2936 344 100 York.
5528 2936 216 100 inc.

1160 3084 328 116 (27-1
1488 3084 64 88 8
1568 3080 260 112 663)
5260 3068 280 104 7235

980 3240 480 144 [Bond,
1532 3240 352 128 Paul
1956 3236 588 152 Stanley
2560 3320 24 76 ]
2676 3236 316 124 1879
3000 3312 84 16 –
3424 3236 200 124 ed.

1140 3428 400 124 Basic
1624 3468 504 116 course,
2216 3420 700 168 infantry;
3012 3420 528 164 reprint
3624 3420 152 124 of
3860 3420 620 160 training
4560 3416 836 168 regulations
5480 3416 256 128 and

968 3612 592 164 subjects
1628 3608 368 128 from
2064 3612 164 124 R.
2308 3608 120 132 O
2444 3708 24 24 .
2544 3612 156 124 T.
2776 3608 148 124 C.
2996 3612 552 120 manual
3620 3620 132 112 to
3824 3652 392 80 cover
4284 3608 808 160 completely
5156 3604 232 128 the
5456 3604 288 128 first

968 3848 328 116 year
1372 3796 452 128 senior
1908 3796 160 124 R.
2164 3792 116 132 O
2300 3896 24 24 .
2416 3796 152 124 T.
2664 3792 148 132 C.
2900 3836 460 84 course
3464 3812 84 128 …
3780 3788 596 164 Annapo
4384 3792 32 120 l
4440 3792 156 160 is,
4680 3792 148 124 M
4840 3792 168 160 d.,
5096 3792 212 124 Na
5320 3804 56 112 t
5380 3792 316 124 iona
5708 3792 36 120 l

968 3984 508 132 service
1548 3976 808 168 publishing
2420 4024 672 116 company
3180 3980 460 160 [ͨ1927]

1136 4188 60 92 3
1272 4212 100 88 p.
1444 4180 40 88 l
1492 4260 56 28 .,
1620 4180 204 96 528
1888 4204 104 92 p.
2136 4180 344 108 illus.,
2552 4176 428 112 diagrs.
3120 4180 792 112 24ͨͫ.

1140 4320 416 96 "Sixth
1632 4312 472 108 edition,
2180 4312 256 116 Aug
2448 4324 72 80 u
2528 4336 48 72 s
2592 4316 44 92 t
2708 4308 376 100 1927."

1148 4456 240 92 "An
1468 4456 340 92 exact
1888 4448 444 116 reprint
2412 4448 124 92 of
2616 4452 196 92 the
2884 4448 752 112 government
3716 4440 568 112 Training
4368 4440 712 120 regulations
5160 4444 588 96 corrected

976 4596 112 88 to
1172 4588 460 96 include
1708 4584 504 112 changes
2296 4580 608 116 published
2984 4580 120 92 in
3188 4576 272 100 1927
3544 4580 144 112 by
3776 4580 188 92 the
4052 4584 272 88 War
4412 4576 768 116 department.
5332 4584 416 92 Where

972 4748 144 72 no
1196 4716 516 116 training
1792 4716 652 116 regulation
2524 4716 208 92 has
2808 4716 280 92 been
3168 4712 644 116 published,
3892 4716 196 92 the
4160 4712 540 96 material
4780 4712 100 96 is
4956 4736 148 72 an
5176 4720 336 88 exact
5588 4736 160 72 re-

972 4856 316 116 print
1364 4856 304 92 from
1748 4856 196 92 the
2064 4856 92 104 R.
2244 4852 88 96 O
2348 4928 20 20 .
2448 4852 128 96 T.
2656 4848 120 100 C.
2852 4848 508 112 manual,
3444 4844 316 96 basic
3836 4872 128 68 co
3988 4856 76 80 u
4060 4844 752 100 rse."—Pref.

1044 4980 72 112 ©
1188 4988 92 92 A
1292 4996 68 80 u
1372 5008 96 92 g.
1548 4988 168 108 25,
1796 4988 56 92 1
1868 4980 72 88 9
1936 4984 200 108 27;
2212 4984 156 92 2c.
2464 4976 304 120 Sept.
2852 4980 36 92 1
2936 4992 32 80 ;
3056 4980 196 100 aff.
3344 4980 304 116 Sept.
3728 4980 60 92 3
3832 5000 20 92 ;
3940 4980 92 92 A
4116 4980 64 92 9
4184 4980 64 92 9
4256 4980 64 88 9
4328 4984 260 104 724;
4680 4976 552 104 National
5312 4980 436 100 service

1148 5152 72 84 p
1220 5132 72 80 u
1308 5128 100 92 b.
1492 5148 192 88 co.,
1776 5120 216 96 inc.
2160 5116 672 116 (27-18675)
5272 5116 280 100 7236

984 5276 660 152 Buckley,
1720 5272 664 132 Frederic
2452 5272 576 148 Robert,
3112 5280 404 120 1896-

1140 5464 292 124 The
1496 5504 296 120 way
1860 5460 152 128 of
2080 5460 564 160 sinners,
2708 5460 180 164 by
2956 5460 152 124 F.
3180 5460 124 124 R
3320 5564 20 20 .
3416 5464 648 156 Buckley.
4244 5464 328 124 New
4652 5464 420 160 York,
5144 5464 616 148 London,

976 5648 284 124 The
1344 5648 276 132 Cen
1632 5660 64 112 t
1696 5696 256 116 ury
2028 5692 188 80 co.
2312 5652 248 156 [ͨ19
2568 5652 76 116 2
2656 5644 72 128 7
2740 5724 28 84 ]

1140 5844 196 112 vii,
1388 5844 208 96 385
1644 5868 100 92 p.
1888 5844 720 108 19½ͨͫ.
2516 5840 168 120 $2.
2692 5844 144 96 00

992 5948 120 120 ©
1196 5988 308 108 Sept.
1576 5984 96 112 9,
1752 5984 332 104 1927;
2164 5984 60 88 2
2232 5992 56 76 c
2296 6020 24 52 .
2396 5984 228 92 and
2704 5980 188 96 aff.
2980 5976 308 116 Sept.
3360 5984 60 88 1
3432 5980 60 92 3
3536 6004 16 84 ;
3636 5980 96 92 A
3812 5984 40 88 1
3876 5976 136 96 00
4020 5984 200 88 411
4228 5976 68 96 0
4336 6008 20 84 ;
4444 5984 120 96 F.
4640 5980 128 92 I.
4852 5980 544 112 Buckley,
5476 5976 276 108 Nor-

1152 6120 336 108 walk,
1600 6116 348 96 Conn.
2120 6116 668 116 (27-18772)
5272 6116 284 100 7237

984 6272 664 148 Buckley,
1716 6272 280 124 Leo
2060 6272 416 124 John.

1152 6456 756 168 "Antiques
2000 6460 268 124 and
2360 6456 360 128 their
2812 6460 652 164 history."
3644 6460 336 128 This
4072 6460 352 128 book
4512 6460 616 128 contains
5220 6460 536 128 articles

984 6688 176 80 on
1272 6648 572 156 French,
1968 6644 628 164 English,
2716 6648 264 120 and
3096 6640 732 128 American
3948 6644 692 128 furniture
4748 6644 756 168 beginning
5616 6660 144 112 at

992 6836 320 120 1600
1416 6832 600 160 through
2124 6840 140 112 to
2380 6836 360 152 1850,
2848 6832 280 124 also
3240 6832 540 128 articles
3892 6876 168 80 on
4176 6832 532 128 colored
4820 6832 488 164 prints,
5416 6832 340 156 iron,

984 7016 420 160 brass,
1480 7016 908 160 needlepoint,
2456 7020 660 156 samplers
3192 7020 264 124 and
3536 7016 440 128 china.
4152 7020 144 124 It
4372 7020 612 124 contains
5060 7020 696 124 chronolo-

988 7200 284 164 gies
1368 7200 152 124 of
1620 7200 736 160 furniture,
2452 7200 504 124 mirror
3052 7200 548 160 frames,
3696 7204 700 124 historical
4496 7208 436 156 plates
5032 7204 264 124 and
5400 7204 360 124 their

992 7388 500 152 values,
1588 7388 228 120 the
1912 7388 364 160 glass
2372 7388 476 124 houses
2956 7384 148 128 of
3204 7388 636 124 America
3948 7388 364 128 from
4416 7396 776 148 1609-1850,
5296 7396 280 120 also
5680 7436 76 76 a

992 7572 476 160 listing
1536 7568 152 128 of
1756 7572 400 124 flasks
2232 7576 260 120 and
2568 7572 360 124 their
2996 7576 496 120 values.
3672 7572 596 128 Written
4340 7576 268 124 and
4684 7576 820 124 distributed
5580 7576 176 160 by

992 7756 148 124 L.
1208 7760 132 124 J.
1408 7756 608 164 Buckley
2104 7756 676 164 (Buckley
2840 7756 156 124 of
3056 7756 1064 164 Binghamton).
4308 7760 976 164 Binghamton,
5348 7760 164 128 N.
5584 7760 168 128 Y.

1004 7940 416 156 [ͨ1927
1432 8020 32 80 ]

1160 8160 152 68 xv
1320 8208 20 40 ,
1420 8180 24 72 [
1456 8128 100 124 1]
1572 8208 20 40 ,
1660 8136 204 96 320
1928 8160 104 92 p.
2176 8140 132 92 72
2372 8128 128 124 (i.
2572 8140 56 84 c
2644 8216 16 16 .
2732 8140 188 112 74)
3008 8164 72 88 p
3084 8140 36 92 l
3140 8212 16 20 .
3228 8164 140 68 on
3440 8140 136 96 38
3640 8140 68 92 1.
3776 8136 172 116 (in
3952 8144 60 80 c
4024 8140 36 88 l
4060 8172 28 52 .
4164 8140 420 112 front.)
4744 8128 788 108 24½ͨͫ
5056 8124 28 88 .

1164 8268 448 96 "Books
1668 8272 740 96 consulted":
2464 8300 104 88 p.
2624 8276 156 92 ix.

1004 8360 124 120 ©
1212 8404 96 92 A
1320 8412 72 76 u
1396 8432 104 84 g.
1584 8408 160 104 30,
1836 8408 332 96 1927:
2256 8408 164 96 2c.
2512 8408 304 112 Sept.
2900 8412 152 92 2;.
3120 8408 192 100 aff.
3400 8412 284 108 Aug.
3768 8412 196 96 31:
4056 8412 92 92 A
4236 8412 476 96 996996:
4808 8412 116 96 L.
5012 8412 104 96 J.
5204 8412 540 112 Buckley.

1164 8540 816 112 Binghamton,
2064 8544 128 96 N.
2276 8544 92 92 Y
2384 8616 20 24 .
2576 8540 664 112 (27-18623)
5276 8544 276 96 7238

996 8692 488 148 Cabot,
1560 8696 504 152 Philip,
2148 8696 316 128 1872
2468 8780 84 12 –

1168 8876 708 128 Problems
1944 8880 136 124 in
2156 8880 460 160 public
2684 8888 468 160 utility
3228 8904 988 148 management,
4284 8892 180 160 by
4536 8892 476 160 Philip
5092 8888 432 132 Cabot
5636 8880 84 144 …

1004 9060 264 124 and
1344 9048 464 140 Deane
1876 9064 216 124 W.
2164 9064 504 128 Malott
2788 9064 88 132 …
3056 9068 600 168 Chicago
3728 9076 104 120 &
3904 9072 332 124 New
4312 9072 424 160 York,
4812 9072 168 124 A.
5052 9076 212 124 W.
5352 9068 404 136 Shaw

1004 9288 732 132 company;
1816 9248 612 160 London,
2500 9252 172 124 A.
2744 9252 216 128 W.
3048 9252 408 132 Shaw
3536 9256 264 128 and
3880 9256 708 168 company,
4660 9256 576 168 limited,
5320 9256 352 128 1927.
