5920 10300
444 976 736 152 Kulkarni,
1244 972 960 132 Ramkrishna
2260 968 712 148 Keshava,
3036 964 408 132 1876–
3868 1004 428 120 comp.

612 1164 416 136 Child
1096 1164 616 164 training
1780 1160 144 124 in
1996 1160 228 124 the
2292 1156 368 164 light
2720 1152 152 128 of
2944 1152 796 164 theosophy,
3812 1148 668 164 compiled
4548 1148 184 168 by
4800 1148 396 128 Prof.

448 1356 156 124 R.
688 1352 140 128 K
840 1456 24 20 .
940 1352 144 124 K
1088 1352 548 124 ulkarni
1760 1368 84 128 …
1948 1344 452 128 edited
2476 1344 176 164 by
2732 1340 384 132 Julia
3192 1340 136 124 K
3344 1440 24 24 .
3456 1336 612 132 Sommer
4168 1372 84 128 …
4480 1332 720 164 Wheaton,

452 1544 264 160 Ill.,
776 1544 288 120 The
1124 1532 992 164 Theosophical
2176 1572 372 120 press
2624 1548 160 144 [ͨ
2724 1524 404 168 1927]

612 1740 60 96 7
724 1764 104 88 p.
880 1736 36 92 l
932 1808 56 40 .,
1044 1736 64 92 2
1112 1736 64 92 0
1184 1732 68 96 5
1304 1760 108 88 p.
1548 1732 720 116 19½ͨͫ.

612 1904 560 96 Contains
1228 1892 936 120 bibliographies.

456 2048 108 112 ©
636 2072 288 112 Aug.
980 2072 164 112 29,
1208 2072 336 108 1927;
1608 2068 160 92 2c.
1836 2064 244 96 Oct.
2140 2064 124 108 6;
2332 2060 196 100 aff.
2600 2060 240 96 Oct.
2904 2064 124 108 1;
3100 2060 92 92 A
3260 2060 544 108 1004480;
3876 2056 616 96 American
4556 2052 644 116 theosophi-

616 2208 176 92 cal
868 2204 468 116 society,
1412 2200 604 116 Wheaton,
2100 2216 52 92 I
2156 2216 40 88 l
2200 2216 76 88 l.
2444 2196 604 116 (28-1270)
4624 2184 352 104 12401

452 2496 496 148 Lewis,
1024 2492 584 132 Charles
1680 2488 316 152 Lee,
2080 2492 320 124 1886
2404 2564 80 16 –

612 2684 664 124 Matthew
1388 2680 672 124 Fontaine
2164 2676 540 160 Maury,
2804 2676 232 124 the
3132 2676 784 160 pathfinder
4020 2676 156 124 of
4268 2676 228 124 the
4600 2716 332 120 seas,
5028 2676 172 160 by

456 2872 364 128 Char
828 2872 52 120 l
888 2916 128 80 es
1112 2872 264 120 Lee
1472 2864 440 128 Lewis
2020 2876 84 144 …
2344 2860 812 164 Annapolis,
3248 2864 292 124 The
3632 2860 520 132 United
4260 2860 92 132 S
4364 2876 60 112 t
4428 2908 76 80 a
4512 2876 60 112 t
4576 2908 132 80 es
4800 2904 356 84 nava
5164 2860 48 124 l

452 3060 660 156 institute,
1176 3052 356 128 1927.

616 3252 276 112 xvii,
956 3252 204 96 264
1216 3276 104 88 p.
1464 3252 408 112 plates,
1936 3252 352 108 ports.
2436 3248 644 112 24½ͨͫ
2756 3280 24 52 .

624 3420 420 96 Charts
1108 3444 144 68 on
1304 3412 864 116 lining-papers.

460 3572 120 120 ©
660 3592 264 96 Dec.
1000 3588 160 112 12,
1240 3588 332 108 1927;
1652 3588 64 88 2
1724 3600 56 76 c
1792 3664 20 16 .
1888 3588 228 88 and
2192 3580 196 100 aff.
2464 3584 268 96 Dec.
2808 3584 196 108 29;
3084 3584 100 92 A
3256 3580 548 116 1013959;
3888 3580 432 100 United
4400 3580 388 100 States
4864 3588 352 92 naval

616 3724 576 96 institute.
1360 3720 600 116 (28-1322)
4636 3712 364 100 12402

456 3976 496 152 Lewis,
1028 3976 532 124 Harold
1640 3972 752 148 MacLean,
2472 3980 316 120 1889
2796 4048 76 16 –

624 4168 704 160 Highway
1400 4164 464 156 traffic,
1944 4160 716 164 including
2736 4204 76 76 a
2892 4200 692 124 program,
3656 4160 180 164 by
3912 4160 508 128 Nelson
4496 4164 160 124 P.
4736 4160 484 164 Lewis,

472 4352 216 128 for
768 4396 76 80 a
928 4352 404 156 study
1416 4348 152 124 of
1644 4348 192 124 all
1912 4348 1140 124 communication
3136 4348 644 124 facilities
3868 4348 488 124 within
4432 4352 232 124 the
4744 4348 476 168 region

464 4540 152 124 of
708 4540 324 124 New
1128 4536 388 124 York
1612 4536 272 124 and
1972 4536 172 124 its
2236 4532 632 128 environs
2980 4544 84 136 …
3304 4532 216 164 By
3608 4532 544 128 Harold
4240 4536 196 124 M.
4528 4536 440 128 Lewis
5076 4544 84 136 …

468 4724 40 124 i
516 4772 88 80 n
684 4724 464 128 consul
1156 4736 60 108 t
1220 4724 376 120 ation
1680 4720 172 124 wi
1860 4732 60 112 t
1924 4724 88 120 h
2096 4724 500 120 Ernest
2676 4724 116 120 P
2812 4820 20 24 .
2920 4720 692 128 Goodrich
3684 4728 80 136 …
4032 4720 328 124 New
4448 4720 432 164 York,
4964 4724 248 128 Re-

464 4912 464 160 gional
1008 4912 328 160 plan
1412 4904 156 128 of
1640 4908 328 124 New
2052 4904 384 128 York
2520 4908 268 124 and
2872 4904 176 128 its
3124 4904 676 164 environs,
3884 4908 356 128 1927.

628 5108 208 96 172
920 5132 104 88 p.
1168 5104 388 112 front.,
1644 5104 340 112 illus.,
2068 5128 336 88 maps
2468 5100 116 116 (1
2672 5104 344 108 fold.)
3124 5100 428 116 diagrs.
3696 5104 196 96 281
3944 5108 104 92 m.
4212 5104 716 116 (Half-title:
5016 5108 204 92 Re-

464 5240 384 116 gional
928 5268 424 84 survey
1428 5240 124 96 of
1628 5240 280 96 New
1980 5240 316 96 York
2368 5240 236 96 and
2676 5236 156 100 its
2908 5240 576 112 environs,
3560 5240 220 96 vol.
3960 5240 204 112 III)

628 5412 104 92 A
796 5408 452 96 revised
1312 5408 440 96 edition
1816 5408 128 92 of
2004 5408 644 112 "Highway
2720 5408 368 92 traffic
3152 5404 120 92 in
3336 5408 284 92 New
3680 5408 316 96 York
4068 5412 228 92 and
4356 5408 156 96 its
4580 5408 648 116 environs",

472 5548 636 112 published,
1196 5544 304 116 1925,
1592 5568 128 68 as
1804 5544 712 112 monograph
2604 5568 180 68 no.
2872 5544 60 92 1
3020 5540 124 96 of
3228 5544 196 92 the
3508 5540 780 120 Engineering
4372 5544 360 96 series
4820 5544 124 96 of
5032 5544 192 96 the

476 5684 552 112 Regional
1088 5684 272 112 plan
1424 5680 124 92 of
1604 5680 280 92 New
1936 5680 316 92 York
2312 5684 228 88 and
2600 5676 152 96 its
2812 5676 576 96 environs.

636 5820 896 112 Bibliography:
1596 5844 100 84 p.
1752 5816 516 96 167–168.

476 5984 116 116 ©
664 5992 268 100 Dec.
996 5992 96 112 1,
1156 5988 340 108 1927;
1560 5988 164 96 2c.
1792 5988 228 92 and
2084 5984 200 96 aff.
2348 5984 268 96 Dec.
2684 5984 196 112 30;
2956 5984 96 92 A
3120 5984 548 108 1018042;
3744 5984 688 96 Committee
4496 6012 144 68 on
4712 5984 520 116 regional

636 6128 272 112 plan
980 6124 128 96 of
1176 6124 132 96 N.
1380 6124 132 92 Y.
1584 6124 84 88 &
1740 6120 156 92 its
1968 6120 572 96 environs.
2696 6108 152 108 [©
2932 6124 396 88 centre
3400 6124 248 88 text
3724 6120 496 116 brought
4296 6148 156 88 up
4524 6132 116 88 to
4716 6124 272 92 date

660 6260 596 120 (28-1274)
4652 6248 356 104 12403

476 6516 928 148 MacFadden,
1476 6516 328 124 Mrs.
1884 6512 436 128 Edith
2400 6512 772 124 Hamilton.

636 6700 288 128 The
992 6712 324 116 next
1380 6696 616 164 question
2088 6700 52 112 [
2116 6696 184 160 by
2296 6736 40 96 ]
2432 6696 428 124 Edith
2936 6696 724 124 Hamilton
3736 6696 924 128 MacFadden.
4848 6696 388 132 Cam-

476 6888 512 160 bridge,
1064 6888 456 156 Mass.,
1592 6884 292 124 The
1960 6888 488 120 author
2540 6880 672 164 [ͨͫ1927
2948 6920 44 96 ]

644 7084 200 96 282
904 7112 100 88 p.
1068 7084 120 92 in
1196 7084 100 92 cl
1308 7156 20 20 .
1388 7104 296 88 map,
1756 7080 400 100 tables.
2296 7080 616 112 24ͨͫ.

648 7252 348 92 Facts
1064 7248 688 112 concerning
1824 7252 204 92 tax
2096 7256 460 104 exempt
2628 7252 544 108 property
3244 7248 120 92 in
3436 7248 956 112 Massachusetts,
4468 7248 400 120 copied
4936 7252 304 96 from

488 7392 192 88 the
756 7384 272 96 1925
1100 7392 472 88 returns
1644 7384 336 96 made
2056 7384 144 116 by
2276 7384 196 96 the
2552 7384 296 96 local
2928 7408 580 68 assessors
3588 7384 156 92 all
3824 7408 268 72 over
4168 7388 192 92 the
4432 7392 344 104 state,
4856 7392 116 88 to
5044 7388 200 96 the

484 7520 868 96 commissioner
1412 7520 124 92 of
1596 7520 796 112 corporations
2456 7524 232 88 and
2748 7516 568 96 taxation.
3448 7544 60 68 c
3512 7520 84 112 f.
3668 7548 108 84 p.
3844 7524 132 112 [7]

488 7680 124 116 ©
676 7692 268 96 Dec.
1004 7692 96 112 2,
1172 7688 332 112 1927;
1572 7688 160 96 2c.
1796 7692 232 88 and
2088 7688 196 100 aff.
2352 7688 264 100 Dec.
2684 7688 124 112 5;
2880 7688 96 92 A
3040 7684 548 116 1010684;
3660 7692 128 92 E.
3852 7684 144 100 H.
4068 7688 776 116 MacFadden,
4920 7692 320 96 Cam-

648 7824 428 112 bridge,
1160 7848 348 100 Mass.
1680 7824 528 124 (28-917)
4660 7816 212 104 124
4876 7812 68 108 0
4956 7816 68 104 4

488 8080 484 148 Maier,
1056 8080 592 128 Gustav.

652 8264 832 164 Grundzfige
1576 8264 240 128 der
1900 8264 1132 164 elektrotechnik;
3124 8264 216 128 ein
3424 8264 648 128 lehrbuch
4156 8264 256 128 mit
4492 8264 744 168 aufgaben-

488 8452 768 160 sammlung
1328 8492 308 80 zum
1716 8452 752 160 gebrauche
2540 8452 356 124 beim
2968 8452 764 124 unterricht
3812 8500 172 76 an
4060 8452 596 128 hoheren
4732 8452 508 128 techni-

488 8636 400 128 schen
968 8636 976 124 lehranstalten
2032 8636 276 128 und
2388 8684 308 80 zum
2772 8636 1060 164 selbststudium,
3916 8684 268 84 von
4268 8640 680 164 dipl.-ing.
5032 8644 208 124 dr.

492 8824 336 160 phil.
900 8868 176 80 na
1084 8836 60 112 t
1160 8924 24 24 .
1256 8820 524 128 Gustav
1848 8824 444 124 Maier
2400 8824 88 144 …
2692 8824 204 124 Mi
2904 8836 60 112 t
3032 8828 76 116 2
3124 8828 148 120 19
3344 8824 924 168 abbildungen
4344 8828 188 124 im
4600 8840 224 112 tex
4836 8840 60 112 t
4964 8840 88 96 u
5056 8828 188 124 nd

496 9008 848 124 zahlreichen
1464 9004 1256 168 übungsaufgaben.
2896 9008 520 160 Berlin,
3520 9008 188 128 M.
3816 9012 528 164 Krayn,
4456 9016 360 120 1926.

660 9204 240 112 viii,
956 9204 200 92 271
1216 9232 104 84 p.
1464 9200 428 116 diagrs.
2032 9200 584 108 25ͨͫ.

504 9356 116 116 ©
708 9368 304 112 Sept.
1092 9368 164 112 18,
1332 9368 336 108 1926;
1756 9372 44 88 1
1812 9384 60 80 c
1892 9448 20 16 .
1996 9368 260 96 Jan.
2332 9372 92 112 7,
2508 9368 332 116 1927;
2928 9372 736 112 A—Foreign
3740 9376 408 112 33351;
4236 9372 148 100 M.
4468 9376 440 108 Krayn.

684 9500 600 116 (28-1331)
4664 9500 356 104 12405

2716 9628 320 128 1837
