5968 10284
716 812 452 128 Bront
1180 816 76 128 ë
1260 908 36 56 ,
1384 812 476 156 Emily
1936 812 360 128 Jane
2300 896 168 8 —
2476 812 776 132 Continued

896 1016 76 84 x
980 1032 268 92 xxv,
1300 1008 68 100 3
1376 1008 164 116 74,
1612 1052 24 72 [
1644 1008 60 96 2
1716 1052 28 76 ]
1812 1032 104 92 p.
2056 1004 684 112 21½ͨͫ.
2560 1052 28 76 [
2596 1008 96 96 B
2700 1032 64 72 o
2776 1032 120 72 rz
2904 1004 108 100 oi
3072 1004 564 112 classics]

908 1176 308 96 "The
1292 1176 264 96 first
1636 1172 444 100 edition
2168 1172 128 100 of
2380 1172 240 100 this
2704 1172 296 100 book
3088 1172 496 100 consists
3676 1176 124 96 of
3888 1180 232 92 two
4212 1176 584 96 thousand
4880 1176 628 104 numbered

732 1308 420 120 copies.
1292 1308 284 96 This
1640 1308 104 100 is
1804 1308 492 100 number
2356 1308 240 100 58."

904 1440 896 120 "Biographical
1860 1440 408 100 note":
2328 1468 112 92 p.
2496 1468 80 72 x
2580 1440 120 96 i–
2696 1440 172 100 xii
2880 1516 24 24 .

908 1576 892 120 "Biographical
1868 1576 384 100 notice
2320 1580 128 92 of
2512 1576 292 96 Ellis
2872 1580 236 92 and
3176 1576 372 100 Acton
3620 1576 320 96 Bell"
4016 1580 236 96 and
4328 1576 576 104 "Editor's
4976 1580 540 120 preface"

732 1712 468 116 signed:
1268 1712 428 100 Currer
1752 1716 256 96 Bell
2076 1756 28 76 [
2112 1716 364 116 pseud
2484 1788 24 24 .
2500 1716 40 88 ]

740 1876 120 120 ©
932 1884 248 100 Oct.
1244 1884 168 112 21,
1480 1884 336 112 1927;
1892 1884 164 96 2c.
2128 1884 244 96 Oct.
2436 1884 200 112 24;
2712 1880 200 100 aff.
2980 1884 284 96 Nov.
3332 1884 60 92 1
3404 1880 68 100 6
3504 1908 24 88 ;
3600 1884 104 92 A
3768 1884 60 92 1
3840 1880 72 100 0
3912 1884 52 92 1
3980 1880 68 100 0
4048 1884 272 112 382;
4392 1884 416 100 Alfred
4876 1888 132 96 A.
5076 1884 428 120 Knopf,

896 2020 220 96 inc.
1268 2048 160 108 [©
1516 2016 860 116 introduction]
2524 2016 328 120 (27-2
2856 2020 68 96 3
2936 2016 256 116 868)
4952 2016 360 104 10226

728 2248 540 152 Bugge,
1336 2244 660 128 Andreas
2068 2240 640 156 Fredrik,
2788 2252 320 120 1859
3116 2324 84 12 –

892 2432 728 132 Amerikas
1740 2476 204 84 sm
1956 2440 72 120 å
2144 2432 420 164 hjem,
2680 2436 384 124 deres
3180 2432 948 168 planlegning,
4244 2432 980 168 konstruksjon
5344 2480 176 124 og

728 2636 152 116 ut
892 2620 68 128 f
936 2620 256 132 øre
1196 2624 48 124 l
1256 2668 200 116 se;
1528 2632 320 156 nytt
1912 2620 840 164 plansystem
2828 2664 176 124 og
3076 2620 432 128 delvis
3576 2636 320 152 nytt
3964 2620 1552 168 konstruksjonssystem

732 2812 48 128 i
840 2828 208 112 tre
1112 2812 228 124 for
1396 2816 288 124 små
1744 2812 492 124 norske
2296 2808 420 164 hjem,
2776 2824 352 112 samt
3188 2812 580 124 resultat
3828 2852 172 84 av
4068 2808 476 132 forsøk
4604 2812 452 156 utført
5116 2812 52 128 i
5236 2812 280 132 for-

728 3000 820 128 søkshusene
1612 3004 256 124 ved
1940 3000 524 164 Norges
2532 2996 620 132 tekniske
3216 3000 480 152 høisko
3704 2996 52 128 l
3764 3044 64 84 e
3904 2996 780 132 1920–1927.
4860 3004 228 124 Av
5156 3000 360 128 arki-

732 3188 296 128 tekt
1100 3188 440 128 Andr.
1624 3188 488 164 Bugge
2240 3192 96 144 …
2532 3184 376 164 Oslo,
2988 3184 200 136 Gr
3188 3196 96 116 ø
3280 3188 428 124 ndahl
3788 3192 112 120 &
3976 3232 60 84 s
4044 3204 76 140 ø
4128 3228 136 120 n,
4348 3184 364 136 1927.

900 3388 208 100 108
1164 3412 108 92 p.
1416 3384 312 104 illus.
1792 3384 244 120 (inc
2040 3392 40 88 l
2092 3464 24 20 .
2176 3384 400 120 plans)
2636 3384 408 120 tables,
3108 3384 436 120 diagrs.
3680 3384 724 112 27½ͨͫ.

904 3524 1072 116 "Sammenstilling
2036 3548 148 76 av
2240 3524 544 116 samtlige
2836 3524 256 96 fors
3084 3512 84 108 ø
3168 3524 80 96 k
3304 3524 260 96 med
3624 3548 480 96 veggers
4164 3528 964 116 varmeisolering
5192 3524 68 112 …
5372 3552 148 72 av

732 3660 1108 116 laboratorieingeniø
1924 3688 60 68 r
2040 3660 268 96 Leif
2364 3660 108 100 J.
2536 3660 680 96 Hanssen":
3296 3684 108 92 p.
3464 3660 136 100 87
3600 3716 72 12 –
3676 3660 240 104 102.

748 3780 120 116 ©
944 3800 288 116 Aug.
1296 3800 100 112 4,
1468 3800 340 112 1927;
1884 3800 60 92 1
1952 3824 92 72 c.
2112 3800 292 112 Aug.
2468 3796 200 116 25;
2744 3800 748 112 A—Foreign
3560 3796 412 116 35523;
4052 3800 160 96 Gr
4156 3824 56 68 ø
4288 3800 364 92 ndahl
4720 3800 88 100 &
4880 3828 56 68 s
4948 3808 60 104 ø
5012 3828 112 72 n.

936 3932 672 124 (27-23663)
4964 3932 356 104 10227

740 4156 712 156 Carlsson,
1528 4156 680 132 Victoria.

904 4348 136 124 A
1140 4344 984 168 bibliography
2236 4344 228 128 for
2568 4344 576 168 cookery
3252 4344 984 168 investigation
4344 4344 720 168 problems,
5172 4396 344 80 com-

740 4532 144 164 pi
896 4536 48 124 l
956 4536 156 124 ed
1196 4528 184 168 by
1460 4532 260 128 Vic
1724 4540 64 116 t
1792 4532 292 128 oria
2168 4532 648 128 Carlsson
2872 4536 76 144 …
3224 4528 336 132 New
3644 4532 392 124 York
4116 4576 64 84 c
4192 4532 244 164 ity,
4512 4536 664 124 Teachers
5260 4580 148 80 co
5420 4536 48 124 l
5480 4612 40 16 -

740 4720 332 168 lege,
1148 4716 720 132 Columbia
1932 4716 808 164 university,
2812 4716 364 128 1927.

908 4924 68 92 v
988 4996 20 40 ,
1092 4920 144 100 68
1304 4944 108 92 p.
1552 4916 648 116 23ͨͫ.

756 5036 120 120 ©
948 5056 292 112 Aug.
1304 5056 96 108 1,
1468 5052 340 112 1927;
1876 5048 160 96 2c.
2116 5048 244 100 Oct.
2428 5048 196 112 22;
2704 5044 196 104 aff.
2980 5044 304 120 Sept.
3352 5044 200 116 10;
3624 5048 96 92 A
3788 5048 200 96 101
4000 5052 68 92 3
4072 5048 268 116 104;
4416 5048 572 104 Teachers
5064 5056 460 112 college,

924 5188 604 100 Columbia
1604 5188 316 96 univ.
2088 5180 672 120 (27-23815)
4944 5180 356 108 10228

744 5420 504 152 Ching,
1324 5416 532 132 James.

916 5604 704 128 Muscular
1684 5600 832 160 relaxation;
2596 5648 76 76 a
2740 5600 488 160 simple
3296 5600 924 160 explanation;
4288 5604 180 160 by
4536 5604 464 128 James
5072 5600 460 168 Ching

924 5800 80 136 …
1084 5792 624 160 London,
1788 5788 908 160 Manchester,
2780 5788 600 164 Forsyth
3464 5784 628 128 brothers
4176 5788 244 124 ltd.
4528 5784 400 164 [1927]

920 5988 64 96 2
1044 6012 108 92 p.
1212 5992 40 92 l
1268 6060 56 44 .,
1384 5984 136 96 11
1584 6008 108 92 p.
1828 5984 68 96 3
1904 5984 608 112 1ͨͫ
2092 6060 20 24 .

768 6100 116 108 ©
968 6128 60 92 1
1040 6152 88 72 c.
1220 6120 308 116 Sept.
1608 6120 168 116 23,
1860 6120 336 112 1927;
2284 6120 100 96 A
2464 6120 152 96 ad
2696 6116 36 96 i
2744 6124 164 96 nt.
2988 6116 408 116 10079;
3488 6120 340 116 pubd.
3920 6120 308 116 Sept.
4316 6120 196 116 10;
4604 6120 504 116 Forsyth
5188 6124 336 116 bros.,

928 6260 212 100 ltd.
4964 6252 356 104 10229

752 6480 668 152 Christie,
1508 6480 680 132 Octavius
2276 6476 632 152 Francis,
3000 6480 324 124 1867
3324 6556 84 16 –

924 6672 288 124 The
1304 6668 744 128 transition
2144 6664 364 128 from
2604 6664 828 164 aristocracy
3536 6672 324 120 1832
3860 6744 84 12 –
3952 6668 388 156 1867;
4444 6712 176 80 an
4720 6680 560 112 account
5376 6664 160 132 of

756 6860 236 124 the
1064 6856 560 164 passing
1696 6852 156 124 of
1920 6852 236 124 the
2224 6848 576 128 Reform
2872 6852 296 160 bill,
3240 6852 232 124 the
3548 6892 452 84 causes
4076 6852 444 124 which
4600 6852 216 124 led
4892 6896 188 120 up
5156 6868 144 112 to
5384 6852 148 160 it,

756 7048 112 120 &
948 7044 180 124 its
1212 7036 944 168 far-reaching
2236 7080 964 120 consequences
3284 7084 176 80 on
3540 7036 236 128 the
3856 7036 252 128 life
4196 7044 112 120 &
4384 7084 628 80 manners
5104 7036 156 128 of
5344 7036 184 128 all

760 7228 488 164 grades
1316 7224 156 128 of
1536 7224 544 160 society,
2148 7224 184 160 by
2400 7220 124 132 O
2540 7324 24 24 .
2636 7224 160 124 F.
2876 7220 600 132 Christie
3552 7232 72 136 …
3776 7224 332 124 with
4184 7224 908 124 illustrations
5168 7224 368 124 from

760 7412 520 128 Punch.
1456 7408 624 160 London,
2164 7404 508 164 Seeley,
2764 7404 544 136 Service
3388 7412 112 120 &
3576 7456 188 76 co.
3852 7408 576 160 limited,
4516 7408 360 128 1927.

924 7612 60 92 3
1064 7636 104 84 p.
1236 7604 48 88 l
1292 7680 56 40 .,
1420 7604 132 92 11
1556 7660 76 12 –
1632 7604 212 96 288
1912 7628 104 92 p.
2152 7604 400 112 front.,
2628 7604 412 116 plates.
3180 7604 64 96 2
3252 7600 608 116 2ͨͫ.

932 7740 904 116 Bibliography:
1908 7764 108 92 p.
2084 7736 144 96 26
2228 7736 144 112 5–
2364 7736 244 104 267.

772 7872 124 116 ©
972 7880 168 104 1c.
1212 7876 288 96 Nov.
1572 7876 164 112 10,
1816 7872 336 112 1927;
2232 7876 100 92 A
2408 7876 152 96 ad
2636 7872 36 96 i
2684 7876 164 96 nt.
2924 7872 60 96 1
2996 7872 68 96 0
3064 7872 268 112 215;
3420 7876 340 112 pubd.
3844 7872 308 116 Sept.
4232 7876 196 112 12;
4516 7876 128 96 G.
4724 7876 124 96 P.
4928 7872 600 100 Putnam's

932 8036 304 92 sons,
1308 8012 284 92 New
1664 8012 352 96 York.
2180 8008 672 120 (27-24436)
4964 8004 356 104 10230

764 8236 192 128 Co
956 8232 44 124 l
1012 8232 336 128 orad
1360 8272 80 88 o
1452 8328 28 32 .
1660 8232 108 124 L
1784 8276 316 112 aws,
2180 8244 124 116 st
2312 8276 80 84 a
2404 8244 348 116 tutes
2764 8336 28 56 ,
2872 8276 64 84 e
2948 8248 128 112 tc
3088 8336 20 20 .

932 8420 396 124 Laws
1404 8420 484 160 passed
1960 8432 140 112 at
2172 8420 232 124 the
2476 8420 316 124 26th
2868 8420 504 124 session
3444 8416 156 128 of
3672 8420 232 124 the
3976 8416 588 132 General
4640 8420 668 160 assembly
5380 8416 156 128 of

772 8604 224 128 the
1076 8612 344 120 state
1504 8600 156 128 of
1744 8600 676 132 Colorado
2504 8604 676 124 convened
3272 8616 144 112 at
3496 8604 544 124 Denver
4124 8616 144 112 at
4356 8612 156 116 12
4592 8600 504 128 o'clock
5176 8648 352 80 noon

768 8836 176 80 on
996 8788 908 160 Wednesday,
1964 8788 632 164 January
2656 8800 108 148 5,
2824 8832 124 80 A.
3008 8832 112 80 D.
3188 8784 364 140 1927,
3612 8792 268 124 and
3948 8784 756 164 adjourned
4768 8788 280 124 sine
5108 8788 216 124 die
5392 8800 144 112 at

776 8984 68 112 5
912 8972 504 124 o'clock
1480 9016 80 80 P
1572 9072 24 24 .
1680 9012 84 84 M
1800 9072 24 24 .
1904 8992 168 104 on
2140 8972 908 164 Wednesday,
3116 8972 420 160 April
3612 8976 192 156 13,
3872 9016 124 80 A.
4072 9016 80 84 D
4164 9076 20 20 .
4268 8972 360 128 1927.
4784 8972 744 124 Published

768 9156 184 164 by
1016 9152 704 164 authority
1788 9156 156 124 of
2008 9156 396 128 Chas.
2472 9160 192 120 M.
2732 9156 876 168 Armstrong,
3672 9168 676 152 secretary
4416 9156 156 124 of
4636 9168 380 116 state.
5168 9156 356 124 Den-

776 9384 272 120 ver,
1116 9340 488 128 Eames
1672 9340 664 164 brothers,
2408 9348 152 120 19
2572 9352 76 116 2
2656 9340 112 132 7.

2996 9532 328 124 1524
