5920 10300
328 1004 296 124 The
692 996 424 156 Daily
1180 1032 428 116 news,
1676 996 616 128 London.

492 1184 748 164 Warnings
1368 1176 368 132 from
1852 1176 572 168 beyond,
2548 1176 416 168 signs,
3088 1176 512 128 visions
3724 1176 272 128 and
4116 1176 988 164 premonitions

332 1388 52 112 t
392 1372 132 124 ol
536 1372 88 128 d
720 1368 180 164 by
992 1368 544 128 readers
1632 1364 156 124 of
1884 1360 228 132 the
2216 1364 352 124 "Dai
2576 1364 48 124 l
2628 1404 92 120 y
2812 1360 448 128 news"
3344 1372 80 148 …
3612 1356 456 132 edited
4164 1364 184 164 by
4448 1356 96 140 S
4560 1460 28 28 .
4680 1360 420 132 Louis

332 1552 572 136 Giraud.
1080 1548 616 164 London,
1768 1548 708 164 Fleetgate
2544 1544 916 168 publications
3548 1544 412 164 [1927]

492 1780 108 88 x,
668 1752 128 96 11
804 1804 56 16 –
880 1752 204 96 124
1156 1776 104 92 p.
1400 1748 680 112 19ͨͫ.

332 1912 120 120 ©
532 1920 160 108 1c.
768 1920 268 96 Dec.
1108 1916 168 112 30,
1348 1916 336 112 1927;
1764 1912 100 92 A
1936 1916 148 88 ad
2160 1912 208 100 int.
2444 1908 408 116 10465;
2932 1912 340 112 pubd.
3352 1912 284 100 Nov.
3712 1916 124 108 1;
3924 1912 600 116 Fleetgate
4596 1912 504 116 publica-

504 2052 336 100 tions.
1012 2048 596 120 (28-1073)
4520 2040 352 104 12028

324 2308 1296 152 Damodaragupta.

496 2496 580 124 Eastern
1160 2496 332 124 love.
1668 2536 124 84 v.
1884 2500 108 152 1,
2076 2500 116 116 2.
2280 2492 288 124 The
2652 2496 504 120 lessons
3244 2488 152 128 of
3480 2536 72 80 a
3636 2488 400 128 bawd
4128 2492 268 124 and
4480 2488 620 128 Harlot's

324 2680 668 164 breviary.
1140 2676 584 168 English
1784 2676 536 124 version
2380 2676 152 124 of
2584 2676 228 124 the
2868 2676 1116 124 Kuttanimatam
4044 2672 156 128 of
4256 2676 836 124 Damodara-

320 2880 428 148 gupta
864 2868 268 120 and
1244 2860 1192 164 Samayamatrika
2552 2860 148 128 of
2812 2856 988 132 Kshemendra.
3996 2860 620 164 London,
4724 2860 380 128 John

332 3048 584 164 Rodker,
988 3048 360 132 1927.

480 3248 64 92 2
612 3276 104 72 v.

332 3396 120 116 ©
528 3408 160 108 1c.
760 3420 268 108 May
1100 3412 96 116 5,
1268 3412 336 112 1927;
1684 3412 96 92 A
1852 3412 148 96 ad
2072 3412 204 96 int.
2352 3412 340 112 9848;
2772 3412 340 116 pubd.
3188 3412 272 116 Apr.
3532 3412 200 104 21;
3812 3412 308 96 John
4200 3412 492 96 Rodker.

4520 3544 356 104 12029

324 3708 120 124 D
452 3708 92 108 ö
540 3704 332 152 blin,
944 3704 552 152 Alfred,
1580 3704 316 128 1878
1900 3784 92 12 –

568 3900 76 132 …
720 3892 536 160 Manas,
1328 3892 532 160 epische
1936 3892 704 160 dichtung.
2808 3892 520 160 Berlin,
3408 3888 132 128 S.
3620 3892 564 124 Fischer
4272 3928 40 96 [
4324 3892 320 128 1927
4636 3928 44 96 ]

488 4088 200 96 421
748 4116 140 88 p.,
948 4088 64 96 1
1068 4088 40 96 l
1120 4164 24 20 .
1284 4084 756 128 21½ͨͫ.

496 4260 164 96 "1.
712 4256 180 96 bis
944 4256 96 96 5.
1096 4256 460 116 auflage
1612 4252 372 100 1927."

332 4400 116 112 ©
516 4432 276 112 Apr.
856 4428 164 112 28,
1088 4428 328 112 1927;
1560 4420 144 112 1c.
1720 4424 300 96 June
2084 4424 200 112 24;
2356 4420 744 116 A—Foreign
3160 4424 408 104 35112;
3652 4424 68 96 S
3740 4504 20 16 .
3828 4424 480 96 Fischer
4376 4428 400 108 verlag
4844 4452 252 88 a.-g.

512 4564 528 116 (28-215)
4516 4556 356 104 12030

328 4820 588 148 Dutton,
988 4820 156 128 E.
1212 4820 200 148 P.,
1476 4816 128 128 &
1668 4852 732 116 company.

500 5000 912 168 Seventy-five
1488 5044 460 124 years;
2032 5044 196 116 or,
2308 5000 292 128 The
2672 5000 300 168 joys
3056 5000 272 124 and
3408 5044 572 84 sorrows
4064 5000 152 128 of
4296 5000 800 168 publishing

328 5192 268 124 and
696 5192 492 160 selling
1280 5188 416 128 books
1800 5204 140 108 at
2036 5188 648 160 Duttons,
2784 5184 364 128 from
3256 5192 320 120 1852
3676 5200 144 112 to
3924 5184 388 160 1927;
4420 5188 672 164 compiled

332 5376 364 128 from
804 5420 72 80 a
992 5376 528 160 variety
1628 5372 152 124 of
1888 5372 596 164 original
2592 5412 528 84 sources
3232 5372 268 124 and
3612 5372 596 164 lavishly
4316 5372 776 128 illustrated

336 5564 324 124 with
744 5560 448 164 prints
1276 5560 268 124 and
1628 5556 824 168 engravings
2536 5556 708 164 depicting
3324 5556 228 128 the
3632 5560 536 164 growth
4256 5556 156 128 of
4492 5560 600 128 Duttons

328 5748 504 164 during
908 5744 380 128 three
1364 5756 616 152 quarters
2056 5740 156 128 of
2288 5788 76 80 a
2444 5756 568 148 century
3092 5744 268 124 and
3444 5744 620 164 showing
4148 5744 404 128 views
4632 5744 156 124 of
4868 5748 232 124 the

328 5928 1084 128 establishments
1488 5928 152 128 of
1708 5928 360 128 their
2132 5972 416 120 many
2620 5928 1120 164 correspondents
3816 5928 144 128 in
4036 5928 544 168 foreign
4660 5932 432 128 lands.

332 6116 324 124 New
736 6116 432 160 York,
1240 6116 600 124 Duttons
1932 6116 152 144 [ͨ
2028 6112 416 148 1927]

496 6312 68 92 4
632 6336 104 92 p.
804 6316 40 88 l
860 6384 56 40 .,
988 6312 64 96 3
1056 6364 56 8 –
1132 6308 204 96 120
1404 6336 104 92 p.
1584 6308 36 92 i
1628 6336 72 68 n
1704 6320 60 80 c
1772 6312 76 96 l.
1920 6308 344 116 illus.,
2340 6312 408 112 plates,
2824 6316 360 108 ports.
3320 6308 288 100 fold.
3684 6312 208 96 col.
3968 6308 360 100 front.
4472 6308 752 108 19½ͨͫ.

500 6480 272 96 "500
840 6476 380 116 copies
1292 6476 128 96 of
1496 6476 232 100 this
1800 6476 296 96 book
2168 6476 296 96 have
2540 6476 284 96 been
2896 6476 460 116 printed
3432 6476 308 96 from
3824 6484 264 108 type
4164 6504 148 72 on
4388 6480 704 116 Roxburghe

328 6636 384 92 paper,
796 6612 284 96 with
1160 6636 68 72 a
1308 6612 816 96 hand-colored
2204 6608 788 116 frontispiece,
3076 6612 124 96 of
3284 6608 376 100 which
3748 6604 204 104 150
4032 6636 200 72 are
4312 6612 780 120 individually

332 6748 572 96 inscribed
964 6748 188 96 for
1208 6748 828 116 presentation,
2104 6748 228 92 and
2396 6748 200 92 the
2656 6744 652 116 remaining
3364 6744 236 120 350,
3668 6748 624 96 numbered
4360 6752 228 92 and
4656 6748 432 116 signed,

328 6908 200 72 are
604 6880 432 100 offered
1108 6880 188 96 for
1376 6880 344 96 sale."
1864 6880 284 96 This
2224 6904 284 92 copy
2588 6880 100 96 is
2768 6888 200 88 not
3040 6880 628 96 numbered
3752 6912 132 68 or
3960 6880 436 120 signed.

500 7020 308 96 "The
888 7020 236 96 rise
1204 7016 124 96 of
1408 7020 200 96 the
1684 7020 360 92 house
2132 7016 124 96 of
2340 7020 448 96 Dutton
2884 7016 696 120 [1852–1913]
3672 7020 144 112 by
3908 7020 116 96 M
4036 7044 60 72 o
4104 7020 280 112 reby
4468 7020 616 96 Acklom":

328 7168 68 88 p
404 7232 24 24 .
492 7152 380 100 31–68.

328 7300 124 116 ©
520 7324 264 96 Dec.
852 7320 92 112 9,
1016 7320 332 112 1927;
1424 7320 156 96 2c.
1652 7324 224 92 and
1944 7320 196 100 aff.
2208 7320 268 100 Dec.
2544 7320 196 112 12;
2812 7324 100 92 A
2972 7320 548 112 1013505;
3596 7324 128 92 E.
3792 7320 124 100 P.
3984 7324 452 96 Dutton
4508 7324 84 96 &
4656 7348 164 72 co.

512 7456 456 116 (28-26)
4508 7456 352 100 12031

332 7712 580 124 Federal
992 7716 440 160 digest
1512 7716 640 160 covering
2224 7716 660 124 decisions
2964 7708 156 132 of
3192 7716 232 120 the
3500 7716 520 124 United
4108 7716 448 128 States
4632 7732 448 112 courts

488 7900 632 164 reported
1228 7900 136 124 in
1472 7900 576 124 Federal
2152 7912 656 148 reporter,
2912 7900 324 124 vols.
3356 7904 468 152 1-300;
3944 7896 656 168 Supreme
4708 7920 384 108 court

488 8096 652 152 reporter,
1256 8092 388 148 1-44;
1760 8084 524 128 United
2396 8080 452 132 States
2960 8096 572 148 reports,
3648 8080 640 168 106-265;
4408 8088 684 164 Lawyers'

492 8272 556 160 edition,
1116 8268 516 128 United
1708 8264 456 132 States
2228 8284 568 144 reports,
2864 8264 476 164 27-68;
3416 8268 552 164 Appeal
4036 8316 404 116 cases,
4508 8272 584 128 District

492 8452 152 128 of
732 8452 716 132 Columbia
1532 8464 572 148 reports,
2188 8452 560 160 49-*55;
2848 8452 528 128 Circuit
3464 8468 448 112 courts
4000 8452 156 128 of
4244 8460 564 160 appeals
4892 8504 196 80 re-

492 8656 420 144 ports,
988 8636 396 128 1-171
1480 8648 80 132 …
1760 8684 88 80 v
1860 8740 24 24 .
1956 8648 108 116 8.
2132 8636 152 128 H
2292 8636 784 128 ealth-Join
3088 8652 60 112 t
3212 8656 672 112 accounts.
4040 8640 508 128 Edited
4616 8644 180 160 by
4864 8648 228 120 the

492 8828 216 120 edi
712 8840 64 108 t
780 8824 288 124 oria
1076 8828 48 120 l
1208 8824 260 124 staf
1472 8820 52 124 f
1608 8820 152 128 of
1840 8824 232 124 the
2148 8824 732 124 American
2968 8824 384 160 diges
3352 8836 64 112 t
3496 8836 500 152 system
4012 8840 76 144 …
4408 8824 200 132 St.
4692 8828 116 124 P
4820 8824 272 168 aul,

480 9008 388 128 West
936 9008 800 164 publishing
1804 9052 232 116 co.,
2116 9008 356 128 1927.

488 9204 148 116 iv,
708 9204 268 96 8077
980 9256 60 12 –
1056 9200 272 96 9264
1404 9228 104 88 p.
1644 9200 72 96 2
1720 9200 1064 108 6ͨͫ.

332 9360 124 124 ©
524 9376 284 92 Nov.
876 9372 164 108 30,
1112 9372 340 108 1927;
1524 9372 160 92 2c.
1760 9372 168 92 De
1928 9380 60 76 c
2008 9448 20 20 .
2096 9368 196 116 16;
2372 9396 56 68 a
2444 9372 120 96 ff.
2640 9376 172 88 De
2812 9380 60 76 c
2888 9448 20 24 .
2980 9376 200 108 17;
3260 9376 96 88 A
3428 9368 544 116 1013886;
4052 9368 324 104 West
4448 9376 252 112 pub.
4784 9400 160 72 co.

4508 9500 364 104 12032

2544 9632 324 132 1787
