5920 10300
316 1100 624 148 [Beaton,
1028 1092 656 128 Kenneth
1780 1088 580 132 Carrol]
2324 1168 184 16 —
2516 1084 772 136 Continued

472 1300 64 92 3
604 1328 100 84 p.
772 1296 40 92 l
828 1368 48 44 .,
944 1292 68 100 9
1020 1296 60 92 6
1148 1320 140 88 p.,
1356 1296 60 92 1
1488 1296 40 92 l
1540 1368 20 20 .
1700 1292 360 96 front.
2128 1288 408 116 (port.)
2700 1284 676 124 24ͨͫ.

476 1432 148 96 At
688 1428 300 96 head
1052 1428 124 96 of
1244 1428 324 96 title:
1640 1424 316 96 First
2024 1448 300 88 crop.

316 1560 120 116 ©
516 1564 244 96 Oct.
828 1560 164 116 31,
1068 1560 336 112 1927;
1476 1560 164 96 2c.
1708 1560 228 92 and
2008 1556 196 96 aff.
2276 1556 284 96 Nov.
2628 1552 196 112 12;
2904 1552 100 92 A
3072 1548 412 100 101308
3488 1548 64 96 3
3596 1576 20 88 ;
3696 1552 140 96 K.
3916 1548 116 100 C.
4108 1552 476 112 Beaton,
4664 1552 396 116 Holly-

476 1700 356 112 wood,
912 1696 344 100 Calif.
1424 1688 668 124 (27-23979)
4492 1680 356 104 10318

308 1924 284 124 The
700 1924 344 124 Best
1152 1920 532 128 British
1780 1916 380 128 short
2260 1916 476 124 stories
2836 1912 152 128 of
3096 1912 360 160 1927,
3560 1912 332 124 with
4000 1956 172 80 an
4272 1912 368 128 Irish
4744 1956 308 120 sup-

480 2108 656 160 plement;
1220 2108 452 124 edited
1740 2104 180 164 by
1996 2100 604 128 Edward
2676 2100 132 128 J.
2892 2096 632 132 O'Brien.
3692 2100 332 124 New
4104 2096 432 164 York,
4612 2096 452 160 Dodd,

476 2292 404 124 Mead
952 2296 108 120 &
1128 2332 708 120 company,
1912 2284 356 132 1927.

468 2488 232 116 xvi,
760 2488 212 96 400
1036 2512 100 92 p.
1280 2484 716 112 19½ͨͫ.

316 2620 116 112 ©
504 2628 244 96 Oct.
808 2620 168 120 28,
1044 2620 332 116 1927;
1444 2620 160 104 2c.
1668 2620 280 96 Nov.
2016 2620 116 112 5;
2212 2616 196 100 aff.
2468 2620 100 92 N
2580 2644 140 68 ov
2732 2692 24 24 .
2820 2620 56 92 1
2888 2616 68 96 0
2992 2640 24 88 ;
3084 2616 100 96 A
3248 2620 60 92 1
3316 2616 72 96 0
3388 2620 60 92 1
3456 2616 204 96 303
3668 2616 124 112 8;
3868 2616 364 112 Dodd,
4304 2616 336 96 Mead
4712 2616 88 96 &
4864 2636 192 92 co.,

480 2760 36 96 i
528 2788 72 68 n
604 2784 60 72 c
676 2836 24 24 .
4504 2744 60 100 1
4576 2748 60 100 0
4652 2748 208 100 319

308 2984 632 152 Billings,
1016 2980 756 128 Frederick
1848 2976 644 148 Horatio,
2580 2988 312 116 1869
2896 3056 88 12 –

468 3172 848 156 Laboratory
1380 3164 644 128 exercises
2088 3168 140 124 in
2288 3164 968 164 bacteriology.
3432 3168 176 120 3d
3648 3164 248 160 ed.,
3936 3204 268 84 rev.
4388 3164 212 160 By
4644 3160 416 128 Fred-

308 3360 360 124 erick
756 3360 184 124 H.
1036 3356 600 164 Billings
1740 3368 80 132 …
1976 3356 272 124 and
2344 3352 288 124 Ben
2640 3348 44 168 j
2708 3352 368 124 amin
3172 3352 124 128 J.
3404 3348 164 132 Cl
3576 3392 456 84 awson
4100 3368 80 132 …
4376 3348 428 124 Noble
4904 3348 152 132 P.

312 3544 736 132 Sherwood
1128 3560 84 132 …
1452 3544 764 156 Lawrence,
2288 3540 408 160 Kan.,
2768 3540 280 124 The
3124 3536 484 128 World
3684 3580 64 80 c
3756 3580 76 80 o
3848 3636 24 24 .
3964 3536 460 156 [ͨ1927]

468 3740 236 116 176,
764 3764 32 76 [
796 3740 64 96 4
872 3784 28 72 ]
952 3764 104 92 p.
1196 3736 64 96 2
1268 3736 608 112 0ͨͫ
1452 3812 24 20 .

320 3876 112 112 ©
516 3880 304 112 Sept.
892 3876 160 116 15,
1132 3872 328 116 1927;
1536 3872 64 96 2
1604 3900 64 68 c
1680 3952 20 20 .
1768 3876 232 92 and
2072 3872 200 100 aff.
2344 3872 280 96 Nov.
2696 3872 60 92 1
2768 3872 60 92 6
2872 3896 20 88 ;
2972 3884 92 92 A
3140 3868 412 100 101040
3560 3872 60 92 6
3660 3892 24 92 ;
3764 3868 400 100 World
4236 3884 56 88 c
4300 3892 60 72 o
4376 3944 20 24 .

500 4012 668 120 (27-24000)
4500 4000 356 100 10320

308 4236 540 152 Bimba,
928 4236 724 152 Anthony.

476 4424 284 124 The
868 4420 524 168 history
1496 4420 156 124 of
1752 4420 228 128 the
2080 4420 732 124 American
2920 4416 620 164 working
3640 4420 380 156 class,
4120 4416 180 164 by
4400 4412 664 168 Anthony

320 4608 520 128 Bimba.
1016 4604 332 132 New
1428 4604 432 164 York,
1936 4600 1008 132 International
3024 4600 764 168 publishers
3880 4604 420 148 [ͨ1927
4312 4676 28 84 ]

476 4808 236 116 viii,
792 4808 64 96 9
860 4864 64 12 –
928 4804 212 100 360
1208 4832 108 88 p.
1452 4804 756 108 22½ͨͫ
1772 4840 28 56 .

320 4904 116 112 ©
524 4940 280 96 Nov.
888 4940 160 116 11,
1136 4940 336 112 1927;
1556 4940 160 96 2c.
1800 4940 280 96 Nov.
2168 4936 56 96 1
2240 4928 76 88 6
2340 4964 20 84 ;
2448 4936 200 100 aff.
2732 4936 280 100 Nov.
3100 4936 192 112 15;
3384 4936 100 92 A
3572 4936 400 96 101311
3992 4932 64 88 6
4092 4960 24 88 ;
4212 4936 396 96 Intern
4624 4960 36 64 a
4700 4932 364 96 tional

480 5076 652 112 publishers
1208 5100 192 84 co.,
1476 5072 216 96 inc.
1860 5072 324 112 (27-2
2188 5072 68 96 3
2264 5072 264 112 986)
4508 5064 352 104 10321

312 5300 468 148 Black,
864 5300 552 124 Arthur
1500 5300 856 148 Davenport,
2444 5340 144 84 co
2600 5340 132 80 m
2740 5340 128 116 p.

480 5488 440 124 Index
1012 5484 156 128 of
1256 5484 228 128 the
1580 5484 744 164 periodical
2420 5484 460 128 dental
2976 5480 712 128 literature
3780 5480 720 164 published
4604 5484 144 124 in
4840 5480 232 128 the

320 5672 580 164 English
1000 5672 676 160 language
1776 5672 708 160 including
2584 5664 752 164 sixty-four
3436 5664 912 164 publications
4448 5668 144 124 in
4700 5668 364 140 Eng-

316 5860 368 160 land,
756 5852 556 132 Canada
1384 5860 272 124 and
1720 5856 224 124 the
2016 5856 512 128 United
2604 5852 496 164 States,
3168 5852 232 128 for
3464 5852 256 128 five
3788 5900 432 116 years,
4296 5856 648 128 1891–189
4964 5864 64 112 5
5044 5956 24 20 .

316 6044 132 124 A
512 6040 664 128 classified
1240 6040 244 128 sub
1492 6040 44 164 j
1560 6056 200 108 ect
1824 6040 408 128 index
2292 6052 72 132 …
2616 6036 472 168 Comp.
3160 6044 180 160 by
3408 6040 168 124 A.
3648 6044 172 120 D.
3896 6044 432 124 Black
4380 6052 72 132 …
4712 6036 356 132 Pub-

320 6228 428 128 lished
812 6228 180 160 by
1052 6228 228 124 the
1340 6228 504 124 Dental
1908 6228 404 124 index
2376 6224 508 124 bureau
2956 6224 80 144 …
3168 6228 432 120 under
3664 6228 232 124 the
3960 6224 604 164 auspices
4628 6224 156 128 of
4844 6228 236 128 the

320 6412 724 124 American
1128 6408 804 128 association
2016 6408 152 128 of
2252 6416 408 120 denta
2672 6412 40 124 l
2800 6416 576 160 colleges
3468 6412 80 144 …
3800 6452 44 96 [
3840 6412 276 124 Buf
4108 6408 64 124 f
4180 6456 72 80 a
4264 6412 44 124 l
4320 6412 160 144 o]
4544 6420 148 116 19
4704 6420 72 116 2
4788 6412 112 128 7.

476 6608 272 112 xlvi,
824 6604 236 116 355,
1136 6604 164 116 23,
1388 6604 180 120 [1],
1632 6608 204 92 357
1840 6660 72 12 –
1912 6608 204 92 594
2192 6632 104 88 p.
2448 6612 352 112 ports.
2940 6604 760 104 26½ͨͫ.

324 6732 120 116 ©
516 6744 284 96 Nov.
868 6740 96 116 7,
1036 6740 332 112 1927;
1448 6740 160 100 2c.
1680 6744 232 92 and
1980 6740 196 100 aff.
2248 6744 284 96 Nov.
2604 6740 192 112 10;
2880 6744 100 92 A
3048 6744 52 92 1
3116 6744 68 96 0
3188 6744 128 96 13
3324 6744 132 96 05
3460 6744 128 112 1;
3672 6744 424 96 Dental
4176 6744 344 92 index
4592 6744 472 112 bureau,

484 6876 176 96 Bu
664 6876 48 96 f
716 6876 268 100 falo.
4512 6872 368 104 10322

320 7064 464 152 Black,
864 7064 608 128 William
1552 7068 680 148 Harman,
2324 7076 316 116 1868
2644 7144 84 16 –

484 7252 288 128 The
860 7252 284 124 real
1228 7252 544 164 Europe
1860 7256 484 160 pocket
2424 7256 408 164 guide
2916 7256 352 124 book
3376 7252 432 168 (from
3892 7256 476 124 official
4448 7252 596 168 sources)

348 7432 628 168 (number
1096 7444 152 116 12
1364 7436 152 128 of
1624 7440 224 124 the
1968 7440 480 160 pocket
2568 7440 472 164 guides
3152 7440 496 124 known
3768 7488 140 80 as
4028 7440 620 128 "Black's
4760 7444 308 124 blue

320 7624 560 164 books")
1000 7628 80 136 …
1264 7624 280 128 also
1644 7668 72 80 a
1816 7668 384 120 comp
2212 7624 48 124 l
2272 7636 196 116 ete
2572 7640 52 112 t
2636 7668 244 84 our
2976 7624 156 128 of
3224 7628 728 160 Palestine,
4052 7632 268 120 and
4416 7632 648 124 northern

332 7812 512 160 Egypt,
940 7812 332 124 with
1368 7816 164 120 24
1628 7812 504 124 outline
2236 7856 428 116 maps,
2760 7816 264 124 and
3128 7816 1096 160 comprehensive
4324 7812 452 168 index,
4876 7860 192 84 re-

324 7996 460 124 search
880 7996 268 124 and
1244 8000 408 160 study
1748 7996 748 128 references
2588 8012 140 108 to
2820 8000 596 124 volumes
3512 8000 268 124 and
3880 8040 412 124 pages
4384 7996 152 132 of
4632 8004 436 160 Ency-

324 8224 68 84 c
400 8180 48 124 l
456 8180 568 164 opaedia
1132 8180 840 164 britannica;
2096 8228 400 116 every
2608 8224 316 120 ques
2932 8196 60 112 t
2996 8180 228 128 ion
3340 8188 684 124 answered
4092 8184 76 144 …
4412 8200 56 112 t
4472 8188 168 124 he
4752 8188 324 156 only

328 8368 404 160 guide
828 8368 352 124 book
1272 8364 640 168 covering
2008 8368 184 124 all
2284 8368 156 124 of
2536 8372 592 160 Europe,
3224 8368 332 124 with
3660 8416 588 116 pre-war
4340 8372 272 128 and
4712 8388 356 148 post-

332 8596 280 80 war
696 8596 456 84 names
1244 8548 156 132 of
1488 8552 424 160 cities,
1992 8552 180 164 by
2264 8556 628 124 Harman
2992 8556 432 124 Black
3492 8564 80 136 …
3848 8560 328 120 New
4276 8560 388 124 York
4752 8560 324 168 city,

332 8740 336 124 Real
752 8736 352 128 book
1192 8776 732 124 company;
2020 8740 616 160 London,
2736 8736 684 164 Simpkin,
3508 8744 716 160 Marshall,
4312 8744 764 160 Hamilton,

332 8920 368 128 Kent
768 8928 108 120 &
944 8968 232 116 co.,
1244 8924 292 156 ltd.,
1612 8920 356 132 1927.

492 9120 64 92 3
624 9144 100 88 p.
784 9116 44 96 l
840 9192 52 40 .,
956 9116 364 116 lxxxi,
1388 9116 204 100 443
1656 9144 104 88 p.
1904 9120 308 100 illus.
2272 9116 448 120 (maps)
2880 9108 756 116 16½ͨͫ.

500 9252 564 100 "Fiftieth
1136 9256 616 112 thousand,
1828 9256 304 112 July,
2212 9256 376 96 1927."

340 9376 120 108 ©
560 9388 304 116 Sept.
952 9388 160 116 12,
1208 9388 328 112 1927;
1632 9392 56 92 1
1676 9396 68 88 c
1772 9464 20 20 .
1884 9388 244 100 Oct.
2216 9392 196 104 20;
2580 9384 136 124 1c.
2760 9392 240 96 Oct.
3088 9396 64 92 3
3164 9396 56 88 1
3268 9420 16 80 ;
3384 9420 56 68 a
3460 9392 116 100 ff.
3672 9396 280 100 Nov.
4048 9396 188 108 15;
4340 9400 92 88 A
4524 9392 540 116 1013128;

500 9524 168 96 W.
744 9524 140 96 H.
956 9516 392 120 Black,
1424 9524 280 96 New
1772 9524 344 96 York.
2292 9516 668 128 (27-23933)
4520 9524 356 104 10323

2552 9756 316 120 1539
