5968 10284
888 928 552 156 Pipkin,
1516 928 596 132 Charles
2176 932 640 128 Wooten.

1056 1148 292 128 The
1416 1148 304 128 idea
1784 1148 160 128 of
2004 1148 416 128 social
2488 1148 556 164 justice;
3116 1196 76 76 a
3260 1148 408 164 study
3740 1144 156 128 of
3960 1144 784 168 legislation
4812 1148 276 124 and
5156 1148 520 128 admin-

900 1336 632 128 istration
1636 1336 272 128 and
2008 1336 232 128 the
2336 1336 488 128 labour
2924 1344 768 116 movement
3788 1332 140 128 in
4032 1332 656 168 England
4788 1336 272 128 and
5160 1336 524 132 France

892 1524 596 128 between
1576 1536 60 112 1
1652 1532 76 116 9
1736 1532 160 116 00
1972 1524 272 124 and
2328 1528 364 156 1926,
2764 1524 184 164 by
3024 1520 572 132 Charles
3668 1524 220 128 W.
3968 1524 524 164 Pipkin
4572 1524 84 148 …
4812 1524 340 124 with
5232 1568 172 80 an
5480 1524 192 128 in-

892 1712 788 128 troduction
1740 1712 184 164 by
1984 1712 216 128 W.
2272 1708 164 132 G.
2512 1708 136 132 S.
2720 1708 528 128 Adams
3356 1720 84 136 …
3624 1708 332 128 New
4028 1708 436 164 York,
4524 1708 296 132 The
4880 1712 796 128 Macmillan

884 1944 716 124 company,
1680 1896 360 132 1927.

1044 2128 80 68 x
1132 2100 112 96 vi
1256 2100 32 96 i
1356 2124 140 92 p.,
1564 2100 60 92 1
1692 2100 40 92 l
1744 2172 56 40 .,
1868 2100 208 96 595
2140 2124 108 88 p.
2380 2096 752 112 22½ͨͫ.

1048 2264 908 120 Bibliography:
2044 2292 100 92 p.
2228 2264 524 100 563–581.

888 2424 124 116 ©
1076 2440 296 96 Mar.
1436 2440 92 112 1,
1596 2440 340 112 1927;
2004 2440 164 96 2c.
2232 2440 232 96 and
2528 2436 200 100 aff.
2792 2440 296 96 Mar.
3152 2440 128 112 2;
3352 2440 100 92 A
3512 2436 64 96 9
3584 2440 64 92 6
3656 2436 340 112 3849;
4072 2432 676 104 Macmillan
4816 2460 160 76 co.

1076 2576 604 120 (27-6555)
5200 2572 288 100 2277

884 2872 476 148 Polak,
1440 2868 372 128 John
1888 2872 600 148 Osborn,
2572 2864 324 132 1870
2900 2948 84 16 –

1048 3088 136 128 A
1248 3132 500 84 manua
1756 3088 48 128 l
1872 3084 156 132 of
2092 3092 892 164 gynecology,
3052 3088 184 164 by
3304 3088 380 132 John
3752 3084 544 136 Osborn
4364 3092 116 124 P
4488 3128 80 88 o
4576 3084 236 132 lak
4892 3100 88 148 …
5196 3096 76 120 3
5284 3088 88 128 d
5440 3088 244 164 ed.,

888 3276 836 168 thoroughly
1808 3320 272 84 rev.
2252 3276 820 128 Illustrated
3152 3276 340 128 with
3584 3284 232 120 145
3904 3272 832 172 engravings
4824 3276 272 128 and
5184 3284 156 120 12
5424 3276 256 128 col-

880 3464 328 128 ored
1268 3464 480 164 plates.
1892 3460 1028 164 Philadelphia,
2976 3464 276 124 Lea
3312 3468 108 120 &
3480 3460 628 168 Febiger,
4180 3460 368 128 1927.

1048 3656 160 116 xi,
1296 3660 168 100 [17
1476 3680 36 80 ]
1520 3684 56 52 –
1576 3656 216 96 402
1872 3684 104 88 p.
2124 3656 340 116 illus.,
2560 3660 228 108 XII
2808 3660 212 96 col.
3096 3660 152 112 pl.
3312 3656 180 116 (in
3500 3660 100 92 cl
3620 3732 16 24 .
3720 3660 64 92 2
3860 3660 284 96 fold.
4228 3656 464 112 charts)
4852 3656 756 112 24½ͨͫ.

888 3828 124 112 ©
1088 3836 292 88 Mar.
1440 3828 168 112 28,
1680 3828 336 112 1927;
2088 3832 64 92 2
2156 3852 56 80 c
2228 3904 20 20 .
2316 3832 232 92 and
2612 3828 204 100 aff.
2884 3840 296 92 Mar.
3248 3828 196 112 30;
3516 3828 100 96 A
3680 3828 484 112 972316;
4236 3832 236 92 Lea
4544 3828 88 96 &
4700 3828 520 116 Febiger.

1072 3964 600 120 (27-6857)
5196 3960 284 104 2278

892 4260 880 128 Publication
1848 4260 152 124 of
2068 4260 380 124 faith
2516 4260 280 128 and
2868 4260 680 156 religious
3612 4260 528 144 liberty
4204 4260 912 132 association.

1056 4480 292 128 The
1452 4480 392 128 truth
1944 4480 144 124 in
2192 4480 228 128 the
2528 4480 360 164 light
2988 4476 160 132 of
3248 4480 232 128 the
3576 4524 308 84 sure
3988 4480 380 128 word
4472 4476 156 132 of
4724 4476 700 172 prophecy
5508 4480 88 148 …

892 4668 444 128 issued
1416 4668 180 164 by
1680 4668 232 128 the
1992 4668 880 128 Publication
2956 4668 152 128 of
3196 4668 368 128 faith
3648 4668 272 128 and
4000 4664 656 164 religious
4740 4668 500 164 liberty
5324 4708 348 88 asso-

888 4856 120 128 ci
1020 4856 416 128 ation.
1632 4936 28 84 [
1672 4856 892 160 Kalamazoo,
2636 4852 468 168 Mich.,
3236 4864 240 136 ͨ192
3488 4864 72 120 6
3544 4908 48 84 ]

1056 5056 208 100 175
1332 5080 136 88 p.,
1540 5056 60 96 1
1668 5056 36 96 l
1716 5132 20 20 .
1808 5052 36 96 i
1856 5080 72 68 n
1936 5056 100 96 cl
2052 5128 24 24 .
2140 5052 392 116 front.,
2604 5056 408 112 plates,
3084 5076 300 92 map.
3528 5056 68 88 2
3600 5052 1064 112 0ͨͫ.

888 5216 124 128 ©
1076 5228 268 96 Jan.
1404 5228 96 112 8,
1560 5228 340 108 1927;
1964 5228 164 96 2c.
2192 5228 228 96 and
2480 5224 200 100 aff.
2748 5228 292 92 Mar.
3104 5228 196 108 18;
3368 5224 100 96 A
3528 5224 64 96 9
3600 5228 132 92 72
3740 5224 64 96 0
3812 5224 192 112 24;
4080 5224 736 100 Publication
4884 5228 124 96 of
5072 5228 312 92 faith
5452 5228 224 92 and

1052 5364 552 116 religious
1668 5364 424 112 liberty
2160 5384 308 76 assn.
2636 5364 604 116 (27-6827)
5192 5360 288 100 2279

884 5656 968 148 Regenhardt,
1932 5660 144 128 C.

1056 5876 152 132 C.
1296 5876 1004 168 Regenhardt's
2392 5876 400 168 gesch
2864 5880 48 108 ä
2896 5876 856 128 ftskalender
3844 5876 64 124 f
3908 5880 96 108 ü
4012 5924 68 76 r
4168 5876 264 128 den
4528 5872 900 132 weltverkehr
5516 5888 76 136 …

892 6060 356 132 1927.
1448 6072 196 120 52.
1756 6064 456 164 jahrg.
2416 6060 820 132 Berlin-Sch
3216 6072 92 108 ö
3332 6060 544 168 neberg,
3996 6060 148 132 C.
4264 6060 892 168 Regenhardt
5268 6112 116 80 a.
5504 6108 172 124 g.,

888 6244 356 136 1927.

1044 6448 204 96 975
1320 6472 100 92 p.
1560 6448 716 108 17½ͨͫ
1864 6480 32 56 .

888 6596 120 116 ©
1092 6616 264 96 Jan.
1432 6616 96 112 1,
1608 6616 52 92 1
1680 6616 60 92 9
1744 6616 200 112 27;
2032 6620 160 96 1c.
2272 6620 292 100 Mar.
2640 6624 124 92 3;
2852 6616 744 116 A—Foreign
3672 6616 412 112 33885;
4176 6616 120 100 C.
4380 6612 748 120 Regenhardt
5212 6640 252 88 a.-g.

5188 6748 292 100 2280

888 6940 1080 156 Rolt-Wheeler,
2044 6948 592 124 Francis
2716 6944 648 148 William,
3452 6944 316 128 1876
3772 7024 84 16 –

1056 7132 292 124 The
1452 7124 432 132 finder
1984 7132 152 124 of
2232 7132 284 160 fire,
2608 7132 180 164 by
2888 7132 572 128 Francis
3560 7132 1060 128 Rolt-Wheeler.
4804 7132 336 128 New
5256 7128 412 160 York,

888 7316 616 164 London,
1576 7312 168 124 D.
1828 7316 708 164 Appleton
2612 7320 272 124 and
2960 7360 712 124 company,
3756 7316 356 128 1927.

1044 7516 64 96 3
1180 7540 100 88 p.
1356 7516 36 88 l
1404 7588 52 36 .,
1528 7516 240 112 272,
1848 7516 88 112 [1
1960 7560 20 68 ]
2064 7540 96 88 p.
2304 7516 360 100 front.
2804 7516 756 108 19½ͨͫ.

888 7648 120 112 ©
1088 7684 288 96 Mar.
1440 7684 168 112 25,
1680 7684 336 108 1927;
2084 7684 164 96 2c.
2312 7688 232 92 and
2612 7712 68 68 a
2680 7672 100 108 ff
2788 7760 20 24 .
2880 7688 116 92 M
3008 7712 164 72 ar.
3236 7688 64 92 2
3308 7680 68 88 9
3416 7708 20 88 ;
3508 7684 104 96 A
3676 7688 64 92 9
3748 7688 60 92 7
3812 7688 68 92 2
3888 7688 60 88 2
3960 7684 136 96 90
4132 7708 24 88 ;
4232 7688 104 92 D
4348 7760 20 24 .
4440 7684 576 116 Appleton
5084 7684 84 96 &
5236 7708 132 72 co
5380 7756 16 24 .

1076 7816 600 120 (27-6549)
5160 7812 284 100 2281

880 8108 668 148 Sanders,
1624 8104 624 132 Thomas
2320 8112 540 152 Henry,
2944 8120 328 120 1885
3276 8192 76 12 –

1144 8300 88 136 …
1320 8292 424 128 Plant
1852 8296 276 128 and
2236 8296 344 164 shop
2692 8308 392 148 costs,
3192 8296 180 164 by
3484 8296 596 128 Thomas
4192 8300 492 160 Henry
4800 8292 596 136 Sanders
5508 8300 88 136 …

884 8476 608 172 Chicago
1564 8484 108 120 &
1748 8480 332 124 New
2156 8480 428 160 York,
2660 8480 172 128 A.
2912 8484 212 128 W.
3208 8480 408 132 Shaw
3692 8524 740 120 company;
4512 8480 616 160 London,
5200 8476 172 128 A.
5444 8480 212 132 W.

888 8664 412 132 Shaw
1376 8664 272 128 and
1724 8708 716 120 company,
2512 8664 580 164 limited,
3172 8664 360 128 1927.

1048 8860 244 116 viii,
1380 8864 208 96 130
1668 8888 108 88 p.
1860 8860 188 100 inc
2052 8864 40 88 l
2104 8936 24 24 .
2212 8860 464 116 diagrs.,
2756 8864 408 96 forms.
3304 8868 64 92 2
3448 8860 684 108 1½ͨͫ
3636 8936 20 24 .
3824 8856 300 120 (The
4216 8864 348 96 Shaw
4648 8860 332 116 plant
5064 8864 232 96 and
5372 8864 288 112 shop

884 9000 812 112 management
1764 8996 476 116 library,
2312 8996 224 100 vol.
2608 8996 228 104 III
2776 8996 36 116 )

1048 9156 844 120 Bibliography
1932 9180 24 76 :
2028 9184 108 92 p.
2204 9156 252 100 129–
2488 9156 208 100 130
2704 9232 24 28 .

896 9312 124 124 ©
1096 9324 288 96 Mar.
1460 9324 160 112 16,
1696 9324 336 112 1927;
2112 9324 160 96 2c.
2344 9324 292 96 Mar.
2708 9324 196 112 22;
2984 9324 196 96 aff.
3260 9328 288 92 Mar.
3624 9324 200 112 23;
3900 9324 96 96 A
4068 9324 64 96 9
4140 9324 404 112 72135;
4624 9324 132 100 A.
4828 9328 172 96 W.
5080 9324 340 100 Shaw
5496 9348 56 72 c
5560 9348 92 72 o.

1076 9456 600 120 (27-6883)
5172 9456 288 100 2282

3172 9592 244 116 350
