5968 10284
3272 9612 324 120 1294

1016 952 492 156 Fagin,
1576 952 592 128 Nathan
2240 948 676 156 Bryllion,
3004 960 320 116 1892
3328 1032 88 12 –

1184 1144 288 128 The
1540 1144 940 160 phenomenon
2556 1136 156 132 of
2788 1136 740 132 Sherwood
3604 1140 792 160 Anderson;
4476 1184 76 80 a
4620 1140 412 164 study
5100 1140 148 128 in
5316 1140 476 128 Amer-

1020 1332 296 124 ican
1392 1324 252 128 life
1716 1332 112 120 &
1896 1328 508 160 letters,
2468 1324 184 164 by
2724 1324 636 164 Bryllion
3432 1324 492 164 Fagin.
4112 1324 792 164 Baltimore,
4976 1324 292 128 The
5344 1328 448 128 Rossi-

1020 1520 380 156 Bryn
1488 1556 712 120 company,
2288 1512 364 128 1927.

1184 1712 152 116 xi,
1408 1708 208 96 156
1688 1736 104 88 p.
1936 1712 360 92 front.
2364 1704 412 120 (port.)
2940 1704 680 112 19½ͨͫ.

1184 1876 840 116 Bibliography
2064 1900 24 68 :
2164 1900 104 92 p.
2336 1872 204 96 153
2548 1924 72 12 –
2620 1872 240 100 156.

1020 2024 120 120 ©
1220 2044 244 100 Oct.
1532 2044 96 112 3,
1704 2044 336 100 1927;
2116 2044 160 96 2c.
2348 2044 224 92 and
2648 2040 200 100 aff.
2924 2044 244 92 Oct.
3240 2040 60 96 8
3344 2064 16 88 ;
3440 2040 96 92 A
3608 2040 548 112 1004547;
4236 2044 132 96 N.
4440 2044 96 92 B
4548 2120 24 20 .
4644 2040 404 116 Fagin,
5120 2044 680 100 Baltimore.

1204 2180 672 116 (27-21053)
5288 2176 288 100 8619

1020 2408 192 124 Fa
1224 2408 92 152 ÿ
1324 2500 32 56 ,
1428 2404 688 128 Bernard.

1188 2596 420 124 Notes
1696 2636 172 80 on
1960 2592 228 128 the
2272 2588 736 128 American
3100 2632 376 120 press
3564 2600 144 116 at
3792 2588 232 128 the
4112 2592 252 124 end
4456 2588 156 128 of
4700 2592 228 124 the
5016 2592 776 164 eighteenth

1020 2792 604 152 century,
1716 2776 180 164 by
1988 2776 624 124 Bernard
2712 2776 292 160 Faÿ
3152 2788 76 136 …
3480 2776 332 124 New
3904 2776 432 160 York,
4432 2776 292 124 The
4816 2776 284 132 Gro
5108 2780 48 120 l
5168 2776 200 128 ier
5456 2776 348 164 club,

1028 2968 356 124 1927.

1188 3156 64 100 5
1308 3188 72 88 p
1392 3240 20 16 .
1472 3152 48 88 l
1524 3236 52 36 .,
1640 3156 136 100 29
1836 3188 100 84 p.
2116 3160 64 92 2
2192 3156 60 96 5
2320 3152 40 104 (
2376 3152 32 92 i
2428 3236 16 16 .
2512 3184 52 68 e
2584 3236 16 16 .
2664 3156 64 96 2
2736 3156 64 96 6
2824 3156 36 116 )
2940 3156 284 96 fold.
3284 3156 52 96 f
3344 3156 396 100 acsim.
3880 3156 64 96 3
3956 3160 608 108 7ͨͫ.

1192 3296 312 96 "One
1576 3296 120 96 of
1768 3320 144 72 an
1984 3292 436 96 edition
2488 3296 124 92 of
2680 3296 328 92 three
3076 3292 528 92 hundred
3680 3296 84 92 &
3832 3296 708 112 twenty-five
4612 3292 412 116 copies.
5172 3296 476 96 Format
5720 3296 84 96 &

1028 3428 748 120 type-setting
1840 3432 144 112 by
2056 3428 272 96 Carl
2396 3428 648 112 Purington
3116 3428 552 96 Rollins."

1196 3568 308 92 "The
1600 3564 700 96 foundation
2396 3564 120 96 of
2616 3564 196 96 the
2896 3560 608 116 following
3596 3564 404 92 sketch
4072 3564 72 108 …
4312 3588 248 72 was
4656 3588 64 72 a
4816 3588 388 92 paper,
5312 3568 268 92 read
5684 3564 112 96 in

1024 3704 304 108 1924,
1392 3704 400 96 before
1852 3704 196 92 the
2116 3696 372 108 Socié
2452 3704 40 88 t
2504 3696 60 96 é
2620 3696 608 96 d'histoire
3288 3700 540 92 moderne
3892 3700 120 92 of
4076 3696 372 112 Paris,
4512 3700 144 112 by
4720 3704 528 92 Bernard
5308 3700 168 96 Fa
5484 3704 68 112 ÿ
5568 3700 88 100 ."
5664 3756 140 12 —

1024 3840 312 100 Pref.

1028 3948 112 108 ©
1224 3972 308 112 Sept.
1596 3972 168 112 28,
1836 3968 332 112 1927;
2240 3972 164 96 2c.
2476 3972 244 96 Oct.
2788 3972 124 108 7;
2988 3964 196 104 aff.
3252 3972 248 96 Oct.
3568 3968 68 92 5
3672 3996 20 72 ;
3768 3968 96 92 A
3928 3968 552 100 1007466:
4560 3972 232 92 Gro
4796 3972 84 88 li
4892 3996 124 72 er
5084 3972 260 96 club
5416 3972 120 96 of
5612 3972 192 96 the

1188 4108 232 116 city
1480 4108 120 96 of
1660 4108 284 92 New
2004 4108 344 96 York.
2500 4104 668 120 (27-21058)
5292 4104 288 100 8620

1024 4332 540 148 Fillion,
1644 4328 432 128 Louis
2152 4328 568 152 Claude,
2804 4336 316 120 1843
3128 4408 80 12 –

1200 4516 292 128 The
1576 4516 412 164 study
2068 4516 152 128 of
2300 4516 232 128 the
2620 4516 440 160 Bible,
3140 4516 184 164 by
3408 4512 436 132 L.-Cl.
3932 4512 520 132 Fillion
4520 4516 80 148 …
4784 4520 756 124 translated
5628 4520 176 164 by

1028 4704 376 124 John
1476 4700 148 128 C.
1696 4700 532 128 Reville
2332 4712 84 132 …
2608 4696 332 128 New
3016 4700 432 164 York,
3516 4704 156 124 P.
3744 4700 136 128 J.
3952 4700 584 164 Kenedy
4608 4708 108 120 &
4780 4744 352 120 sons,
5212 4708 356 124 1926.

1200 4892 140 96 vi.
1416 4892 204 96 310
1688 4920 104 88 p.
1936 4892 720 108 22½ͨͫ.

1028 5000 116 108 ©
1236 5032 264 96 Jan.
1572 5032 100 108 4,
1752 5028 336 112 1927;
2172 5032 164 92 2c.
2416 5028 288 112 Aug.
2784 5032 196 108 25;
3068 5024 196 104 aff.
3356 5028 304 116 Sept.
3744 5028 192 112 16;
4024 5032 92 92 A
4200 5032 476 100 999962;
4768 5032 116 96 P.
4972 5032 100 100 J.
5156 5036 480 108 Kenedy
5716 5036 88 96 &

1188 5192 300 72 sons.
1660 5164 672 120 (27-20937)
5296 5164 280 100 8621

1028 5392 560 148 Finger,
1660 5388 592 128 Charles
2316 5388 572 152 Joseph,
2968 5388 316 128 1871
3288 5468 84 12 –

1196 5580 400 120 Tales
1684 5576 428 124 worth
2212 5576 532 160 telling,
2824 5576 180 160 by
3100 5576 568 124 Charles
3756 5580 136 124 J.
3984 5576 556 164 Finger,
4628 5576 912 132 illustrations
5628 5580 168 164 by

1028 5768 288 120 Pau
1332 5768 44 120 l
1448 5764 148 124 H
1608 5804 72 80 o
1692 5808 84 76 n
1788 5804 72 80 o
1876 5764 176 120 ré.
2232 5764 332 120 New
2640 5760 428 160 York,
3140 5760 616 160 London,
3832 5764 288 124 The
4200 5760 616 168 Century
4884 5808 148 80 co
5032 5816 28 64 .
5164 5768 152 136 [ͨ
5268 5768 304 128 1927
5604 5848 20 76 ]

1196 5960 60 92 4
1324 5984 104 88 p.
1492 5960 36 92 l
1544 6036 20 20 .
1572 5988 24 60 ,
1668 5960 60 96 3
1732 6012 72 12 –
1812 5960 60 88 2
1884 5956 132 96 50
2084 5984 100 84 p.
2328 5960 208 92 col.
2604 5960 356 92 front.
2960 5988 28 56 ,
3068 5956 204 92 illu
3288 5984 120 84 s.,
3480 5960 200 88 col.
3756 5960 412 112 plates.
4312 5960 676 104 24ͨͫ.
4892 5960 312 112 $3.50

1080 6100 72 108 ©
1224 6096 244 96 Oct.
1536 6096 60 92 7
1600 6136 24 60 ,
1700 6092 140 96 19
1840 6096 60 92 2
1912 6096 56 92 7
2016 6120 20 72 ;
2104 6092 164 104 2c.
2336 6096 224 92 and
2632 6120 60 68 a
2708 6092 52 88 f
2744 6092 56 88 f
2808 6168 20 20 .
2900 6092 244 96 Oct.
3212 6092 196 100 10;
3480 6092 92 92 A
3644 6092 132 92 10
3780 6092 72 88 0
3856 6096 56 92 7
3924 6092 264 112 510;
4264 6092 236 96 Cen
4512 6100 40 88 t
4564 6120 216 88 ury
4844 6116 164 76 co.

1212 6228 672 120 (27-21055)
5296 6228 284 100 8622

1032 6476 692 128 Folk-lore
1800 6480 540 148 society
2408 6476 152 124 of
2636 6480 500 124 Texas.

1252 6668 84 128 …
1420 6660 112 120 P
1544 6700 88 80 u
1632 6660 88 120 b
1732 6660 44 120 l
1788 6660 196 120 ica
2004 6672 60 108 t
2068 6660 292 120 ions
2468 6668 84 128 …
2656 6700 220 80 no.
2948 6660 68 112 6
3032 6756 24 24 .
3252 6736 28 80 [
3296 6660 436 120 Texas
3804 6656 268 124 and
4148 6656 672 128 southwes
4828 6668 56 112 t
4892 6700 236 80 ern
5200 6660 48 124 l
5260 6700 264 116 ore,
5600 6660 196 124 ed.

1024 6844 176 164 by
1260 6844 132 124 J.
1456 6844 472 124 Frank
1984 6844 436 124 Dobie
2412 6880 44 92 ]
2652 6844 552 156 Austin,
3264 6844 368 160 Tex.,
3692 6844 292 124 The
4044 6844 440 120 Texas
4552 6844 644 128 folk-lore
5260 6844 544 164 society,

1088 7028 308 140 ͨ1927
1412 7132 24 24 .

1188 7228 208 92 259
1440 7252 104 88 p.
1692 7224 300 96 musi
2000 7252 56 68 c
2068 7300 20 24 .
2228 7228 284 96 24.

1092 7356 68 112 ©
1228 7364 304 116 Sept.
1592 7364 164 108 21,
1824 7356 348 112 1927;
2224 7364 160 96 2c.
2452 7388 148 68 an
2612 7368 68 88 d
2744 7364 196 100 aff.
3008 7364 244 100 Oct.
3316 7364 124 112 1;
3508 7364 96 92 A
3668 7364 544 112 1004424;
4284 7364 376 96 Texas
4724 7364 544 96 folk-lore
5332 7360 464 120 society.

5296 7496 284 100 8623

1028 7624 732 148 Freeman,
1828 7624 388 124 Leila
2288 7624 840 128 Crocheron.

1204 7808 276 164 Nip
1596 7808 264 128 and
1980 7808 380 128 Tuck
2464 7808 136 128 in
2716 7812 564 160 toyland
3280 7860 36 68 ,
3432 7808 180 164 by
3720 7812 380 124 Leila
4216 7808 760 128 Crocheron
5096 7812 700 148 Freeman,

1044 7996 320 124 with
1460 7996 912 124 illustrations
2464 7996 176 160 by
2732 7996 224 124 the
3044 8000 532 120 author.
3752 7996 332 124 New
4180 7996 424 160 York,
4696 8000 128 120 J.
4920 7996 184 124 H.
5204 7996 400 132 Sears
5688 8000 108 120 &

1028 8224 712 116 company,
1812 8180 248 124 inc.
2156 8188 248 152 [ͨ19
2416 8184 76 116 2
2504 8180 68 124 7
2588 8260 28 76 ]

1208 8372 204 96 160
1484 8400 104 88 p.
1660 8376 36 88 i
1708 8376 216 92 ncl.
2004 8376 304 96 illus.
2320 8452 24 20 ,
2428 8376 408 112 plates.
2980 8376 208 96 col.
3260 8372 356 100 front.
3616 8408 32 56 ,
3732 8376 208 96 col.
4020 8376 408 112 plates.
4572 8376 60 96 3
4644 8372 608 104 0ͨͫ
4832 8452 20 20 .

1108 8504 68 108 ©
1244 8508 240 100 Oct.
1556 8508 96 112 3,
1728 8508 268 96 1927
2044 8536 20 72 ;
2140 8508 64 92 2
2208 8516 60 76 c
2284 8588 20 16 .
2384 8508 240 100 Oct.
2704 8508 196 112 10;
2984 8508 192 96 aff.
3260 8508 244 100 Oct.
3584 8512 124 108 6;
3792 8512 92 92 A
3964 8512 272 92 1007
4248 8516 60 84 5
4312 8512 196 108 34;
4596 8516 100 96 J.
4780 8512 144 96 H.
5008 8508 344 96 Sears
5428 8520 88 96 &
5592 8536 128 68 co
5736 8588 20 16 .
5772 8588 20 20 ,

1196 8644 216 100 inc.
1584 8644 392 112 (27-21
1980 8636 72 88 0
2060 8644 192 116 70)
5288 8640 284 100 8624

1032 8868 660 144 Gargilis,
1768 8868 668 152 Stephen.

1208 9052 292 124 The
1600 9052 380 160 daily
2080 9048 476 168 guide;
2664 9052 408 160 being
3172 9052 224 128 the
3500 9064 484 116 nature
4092 9052 152 128 of
4344 9052 232 128 the
4684 9064 520 152 aspects
5304 9052 160 128 of
5568 9052 224 128 the

1044 9276 384 80 moon
1532 9240 268 120 and
1888 9240 228 120 the
2204 9240 720 160 planetary
3012 9240 452 156 hours,
3552 9240 180 160 by
3828 9236 136 124 S.
4060 9232 648 164 Gargilis.
4888 9240 556 156 Boston,
5540 9236 248 128 Oc-

1040 9420 280 120 cult
1384 9420 796 160 publishing
2248 9464 232 116 co.,
2552 9420 360 128 1927.
