5952 10400
4744 676 208 100 138

176 1048 564 148 Davies,
824 1044 500 128 Albert
1408 1040 372 128 Emil
1784 1116 184 24 —
1976 1036 776 132 Continued

352 1248 192 112 vii,
616 1244 208 96 200
896 1272 108 88 p.
1144 1240 432 112 diagrs.
1716 1240 652 112 21½ͨͫ.

184 1408 120 116 ©
372 1412 264 96 Jan.
692 1412 100 116 3,
856 1412 340 112 1927;
1264 1408 64 96 2
1332 1436 60 76 c
1408 1484 20 20 .
1492 1408 264 96 Jan.
1820 1408 128 112 8;
2016 1408 196 96 aff.
2284 1408 264 96 Jan.
2612 1408 200 112 10;
2884 1408 100 92 A
3044 1404 480 116 963071;
3596 1404 136 100 A.
3796 1408 172 96 W.
4048 1400 68 104 S
4124 1404 268 96 haw
4456 1428 164 72 co.

368 1548 188 112 (27
556 1600 76 12 –
632 1544 332 116 1119)
4548 1532 212 104 132

188 1804 652 164 [Dekker,
908 1804 576 124 Eduard
1556 1804 608 124 Douwes
2292 1808 320 120 1820
2616 1876 72 16 –
2712 1800 364 128 1887.

340 1992 336 128 Max
740 1988 768 160 Havelaar;
1584 2028 192 120 or,
1840 1988 296 128 The
2200 1988 420 128 coffee
2676 1988 344 124 sales
3084 1980 156 132 of
3296 1984 236 128 the
3596 1984 920 128 Netherlands
4588 1984 372 128 trad-

176 2180 248 164 ing
516 2220 716 124 company,
1328 2172 180 168 by
1612 2172 244 128 Mu
1864 2172 120 128 lt
1988 2216 76 84 a
2068 2184 64 116 t
2132 2172 200 128 uli
2452 2252 28 80 [
2492 2216 92 120 p
2592 2216 60 84 s
2660 2216 164 84 eu
2832 2172 244 156 d.]
3148 2168 312 168 (186
3468 2180 76 116 0
3560 2172 48 164 )
3728 2184 64 116 t
3796 2216 320 84 rans
4120 2172 52 124 l
4180 2216 76 80 a
4264 2184 60 116 t
4328 2172 168 128 ed
4600 2172 364 124 from

176 2364 228 132 the
484 2364 464 128 Dutch
1028 2364 184 164 by
1284 2364 212 128 W.
1592 2356 880 164 Siebenhaar,
2556 2356 332 128 with
2980 2400 180 84 an
3236 2356 944 128 introduction
4252 2356 184 168 by
4520 2356 172 128 D.
4772 2356 192 128 H.

176 2556 768 124 Lawrence.
1120 2548 336 128 New
1540 2544 392 128 York
2008 2548 112 124 &
2192 2544 624 164 London,
2892 2544 176 124 A.
3144 2544 176 124 A.
3396 2544 544 164 Knopf,
4028 2548 368 128 1927.

348 2780 76 68 x
428 2752 72 116 i,
568 2752 204 100 312
840 2780 136 88 p.,
1048 2752 60 96 1
1184 2756 72 92 1.
1396 2748 620 116 21½ͨͫ.
1916 2744 724 120 (Half-title:
2700 2744 296 100 Blue
3060 2744 280 116 jade
3404 2744 512 116 library)

188 2904 128 120 ©
376 2916 264 96 Jan.
700 2912 92 116 3,
856 2912 336 116 1927;
1260 2912 64 92 2
1328 2932 56 80 c
1400 2984 20 24 .
1488 2912 260 96 Jan.
1816 2908 196 112 10;
2084 2908 200 96 aff.
2344 2908 264 96 Jan.
2672 2908 128 112 6;
2864 2908 100 96 A
3024 2908 484 116 963058;
3580 2908 412 96 Alfred
4056 2908 132 96 A.
4252 2908 432 120 Knopf,
4748 2908 224 104 inc.

356 3108 44 76 [
408 3080 112 104 ©
592 3044 508 100 revision
1160 3048 228 92 and
1448 3040 800 120 introduction
2456 3040 600 116 (27-1232)
4556 3040 212 104 133

184 3308 468 148 Dunn,
712 3304 528 152 Joseph
1308 3304 420 124 Allan
1800 3296 980 156 Elphinstone,
2856 3296 320 132 1872
3192 3344 72 64 –

364 3492 292 132 The
744 3492 572 164 odyssey
1412 3488 156 128 of
1656 3492 420 156 Boru,
2164 3488 184 164 by
2436 3488 136 128 J.
2668 3488 432 124 Allan
3188 3488 492 164 Dunn;
3784 3488 916 132 illustrations
4792 3488 184 168 by

200 3680 504 128 Edwin
808 3680 764 160 Megargee.
1796 3676 332 128 New
2240 3672 432 164 York,
2780 3672 460 164 Dodd,
3352 3672 412 128 Mead
3872 3676 276 128 and
4252 3720 720 124 company,

208 3876 356 120 1926.

368 4092 76 72 x
452 4064 40 96 i
556 4092 136 88 p.,
760 4064 64 92 2
892 4064 108 112 1.,
1068 4060 208 96 195
1340 4088 104 88 p.
1588 4060 388 112 front.,
2044 4056 348 116 illus.,
2460 4056 412 116 plates.
3016 4060 64 92 2
3088 4056 544 120 1ͨͫ
3272 4132 24 24 .

200 4224 128 116 ©
408 4228 244 100 Oct.
728 4228 168 116 23,
976 4228 340 112 1926;
1400 4224 164 100 2c.
1648 4228 228 92 and
1952 4248 68 72 a
2028 4224 72 92 f
2048 4224 108 96 f.
2236 4224 240 96 Oct.
2560 4224 196 112 30;
2848 4224 100 92 A
3028 4224 480 112 958739;
3596 4224 104 96 J.
3784 4224 132 96 A.
4000 4228 384 112 Dunn,
4468 4224 516 120 Holmes,

356 4368 140 92 N.
564 4364 128 96 Y.
860 4360 196 116 (27
1056 4416 76 12 –
1132 4360 332 112 1385)
4572 4356 212 100 134

192 4624 596 148 Dutton,
860 4616 588 132 Charles
1508 4616 588 152 Judson,
2172 4624 320 120 1888
2496 4696 88 16 –

360 4808 524 164 Flying
996 4804 400 164 clues,
1508 4804 184 164 by
1816 4800 568 136 Charles
2504 4804 132 128 J.
2756 4804 580 124 Dutton.
3516 4804 336 128 New
3968 4804 432 160 York,
4524 4804 460 160 Dodd,

196 4996 408 128 Mead
668 4996 112 124 &
844 5036 712 120 company,
1632 4988 364 132 1927.

356 5196 68 100 3
484 5220 108 96 p.
656 5196 48 92 l
712 5268 52 44 .,
828 5196 208 96 267
1100 5220 108 92 p.
1348 5192 648 116 19½ͨͫ.

216 5348 120 112 ©
404 5356 264 100 Jan.
740 5360 92 112 8,
904 5356 340 112 1927;
1316 5352 164 96 2c.
1556 5356 228 92 and
1856 5352 200 96 aff.
2132 5352 264 96 Jan.
2464 5352 196 112 14;
2736 5352 100 96 A
2904 5352 480 116 963157;
3464 5356 376 116 Dodd,
3916 5360 344 92 Mead
4336 5360 88 96 &
4492 5384 196 88 co.,
4768 5356 220 100 inc.

392 5492 192 116 (27
584 5544 76 16 –
664 5488 328 116 1235)
4580 5488 204 104 135

208 5752 468 148 Erick,
744 5748 412 148 Fred,
1216 5748 468 164 pseud.

368 5940 468 128 James
920 5932 516 164 Crofts,
1512 5932 232 128 the
1816 5932 504 168 beauty
2392 5976 324 80 man
2792 5932 272 132 and
3140 5932 216 132 his
3436 5936 340 164 love,
3856 5936 184 168 by
4120 5940 364 124 Fred
4568 5940 424 128 Erick

512 6124 568 156 Boston,
1144 6120 292 124 The
1504 6116 904 164 Christopher
2476 6116 808 172 publishing
3344 6124 420 124 house
3836 6120 144 148 [ͨ
3940 6120 392 148 1926]

372 6316 204 100 235
632 6344 104 88 p.
880 6316 356 96 front.
1304 6308 416 120 (port.)
1880 6312 648 112 20½ͨͫ.

220 6472 124 116 ©
432 6484 268 92 Dec.
784 6484 96 112 1,
972 6476 340 116 1926;
1400 6476 68 96 2
1472 6500 56 76 c
1544 6556 20 20 .
1652 6480 272 96 Dec.
2008 6480 132 116 4;
2232 6480 200 96 aff.
2524 6484 268 92 Dec.
2884 6484 128 112 8;
3112 6484 100 92 A
3296 6484 480 116 958609;
3880 6484 764 120 Christopher
4732 6488 260 120 pub.

376 6620 388 92 house.
932 6612 200 116 (27
1124 6668 76 12 –
1204 6612 332 116 1212)
4584 6620 212 100 136

212 6880 432 144 Fenn,
712 6876 452 148 Percy
1228 6872 660 152 Thomas,
1960 6876 168 160 jr.

380 7060 292 128 The
748 7060 460 164 origin
1288 7056 156 128 of
1520 7056 236 132 the
1840 7060 384 164 right
2304 7060 160 128 of
2544 7060 500 164 fishery
3128 7060 152 128 in
3360 7064 760 128 territorial
4200 7080 532 148 waters,
4816 7072 180 164 by

208 7252 440 160 Percy
728 7244 600 128 Thomas
1412 7248 432 160 Fenn,
1928 7244 44 164 j
1992 7292 108 80 r.
2240 7256 84 136 …
2532 7244 872 168 Cambridge,
3488 7248 660 132 Harvard
4236 7252 604 132 universi
4848 7268 60 112 t
4912 7296 88 124 y

216 7476 416 124 press,
712 7440 364 120 1926.

380 7648 76 80 x
464 7636 40 96 i
512 7664 68 68 v
640 7664 144 88 p.,
848 7636 64 96 2
976 7636 40 92 l
1028 7708 56 40 .,
1144 7636 64 96 3
1216 7688 72 12 –
1284 7632 208 96 245
1560 7660 104 88 p.
1804 7632 648 112 22½ͨͫ
2128 7672 24 56 .

388 7796 576 104 "Written
1024 7824 132 68 as
1220 7824 68 68 a
1352 7796 368 96 thesis
1784 7796 128 96 in
1976 7796 436 116 partial
2476 7800 636 100 fulfilment
3176 7800 128 100 of
3368 7804 200 100 the
3632 7804 848 120 requirements
4544 7808 196 100 for
4804 7816 196 96 the

220 7940 412 112 degree
692 7936 128 96 of
872 7936 404 96 doctor
1336 7936 124 92 of
1516 7928 696 120 philosophy
2268 7932 124 96 in
2448 7936 552 96 Harvard
3064 7936 720 120 university"
3856 7940 820 120 [1924]—Pref.

388 8064 904 120 Bibliography:
1376 8088 104 96 p.
1564 8064 520 104 235–245.

232 8180 124 116 ©
436 8200 268 96 Dec.
776 8196 168 116 24,
1024 8196 340 116 1926;
1444 8196 160 96 2c.
1692 8196 260 96 Jan.
2036 8200 96 112 6,
2216 8196 336 116 1927;
2636 8200 200 100 aff.
2920 8204 264 96 Jan.
3264 8204 128 112 5;
3476 8204 100 96 A
3656 8196 480 128 963030;
4228 8212 612 100 President
4924 8216 92 100 &

384 8332 456 96 fellows
908 8332 124 92 of
1096 8332 552 92 Harvard
1720 8336 456 112 college,
2248 8332 720 116 Cambridge,
3044 8340 356 96 Mass.
3560 8340 604 120 (27–1107)
4596 8348 208 100 137

224 8556 572 148 Forbes,
872 8556 632 128 Graham
1576 8556 160 128 B.

392 8740 476 128 Frank
952 8740 420 128 Allen
1452 8756 148 116 at
1680 8748 336 124 Zero
2104 8788 464 120 camp;
2664 8792 192 116 or,
2944 8748 292 132 The
3320 8796 404 120 queer
3812 8756 228 128 old
4124 8800 324 84 man
4536 8760 156 124 of
4772 8760 236 128 the

224 8928 368 160 hills,
668 8928 180 164 by
932 8928 616 132 Graham
1628 8932 164 124 B.
1872 8932 512 128 Forbes
2492 8936 84 136 …
2804 8932 560 132 Garden
3444 8932 368 172 City,
3892 8940 172 132 N.
4148 8944 216 160 Y.,
4448 8944 564 132 Garden

232 9108 324 164 City
628 9112 804 168 publishing
1496 9160 236 116 co.,
1796 9112 304 168 inc.,
2176 9124 360 120 1926.

396 9312 60 92 1
524 9336 104 88 p.
700 9316 108 108 1.,
872 9312 212 92 216
1156 9340 100 88 p.
1400 9308 616 108 18½ͨͫ.
1916 9316 280 112 (His
2268 9316 400 96 Frank
2732 9316 344 96 Allen
3144 9320 364 96 series
3512 9376 96 12 —
3656 9320 192 116 13)

248 9448 120 116 ©
440 9472 272 100 Dec.
776 9476 96 112 7,
940 9472 336 116 1926;
1352 9476 64 92 2
1424 9480 56 80 c
1492 9556 24 16 .
1588 9480 228 92 and
1888 9476 196 100 aff.
2156 9480 264 96 Jan.
2488 9480 168 116 13,
2720 9480 344 116 1927;
3140 9484 100 96 A
3308 9484 480 120 958689;
3872 9488 468 100 Garden
4412 9496 268 112 City
4748 9496 268 112 pub.

404 9628 196 92 co.,
668 9604 224 100 inc.
1060 9608 600 120 (27–1244)
4600 9624 212 104 138

2552 9748 156 116 21
