5984 10352
296 1088 576 148 Adenis,
944 1060 112 148 É
1068 1080 580 148 douard,
1724 1076 320 128 1867
2044 1156 80 16 –

452 1260 372 124 Fran
812 1284 76 108 ç
908 1256 200 128 ois
1180 1256 192 124 les
1440 1248 720 128 bas-bleus.
2320 1248 192 124 Le
2588 1244 268 128 don
2936 1244 324 124 d'un
3336 1284 64 80 c
3428 1284 80 80 œ
3532 1284 228 116 ur;
3840 1284 476 80 roman
4396 1236 656 128 d'amour.

284 1448 440 156 Paris,
800 1444 384 128 Jules
1260 1436 804 124 Tallandier
2176 1440 88 132 [1
2284 1440 156 116 92
2452 1440 160 152 6]

452 1644 200 92 222
748 1664 100 88 p.
1008 1640 60 88 1
1080 1632 648 116 9ͨͫ
1264 1712 24 20 .
1456 1632 144 116 (O
1616 1656 76 72 n
1784 1656 200 72 cov
1996 1656 180 68 er:
2264 1628 156 96 Le
2516 1624 84 100 li
2608 1652 68 72 v
2688 1652 120 72 re
2900 1624 592 112 national;
3600 1648 460 72 romans
4160 1616 668 124 populaires
4916 1636 72 108 …

284 1836 172 72 no.
524 1808 264 112 527)

288 1940 116 116 ©
492 1944 276 116 Apr.
848 1944 92 112 8,
1024 1940 200 96 192
1236 1940 60 92 6
1336 1964 20 88 ;
1448 1940 56 92 1
1516 1964 92 72 c.
1692 1940 272 112 May
2048 1936 200 112 10;
2332 1932 744 112 A—Foreign
3156 1932 60 96 3
3228 1932 64 96 0
3300 1932 60 96 8
3368 1932 64 92 6
3440 1932 124 112 8;
3660 1932 328 92 Jules
4068 1924 712 100 Tallandier.

4640 2056 216 104 933

448 2304 376 124 Fran
808 2324 76 112 ç
908 2304 196 124 ois
1216 2304 188 124 les
1512 2300 720 128 bas-bleus.
2476 2296 188 128 Le
2776 2304 424 120 secret
3312 2292 164 128 de
3592 2288 864 164 Jacqueline;
4576 2332 476 84 roman

280 2488 656 128 d'amour.
1092 2488 444 160 Paris,
1608 2484 388 132 Jules
2068 2484 800 124 Tallandier
2956 2488 284 152 [192
3252 2484 168 152 6]

444 2688 212 92 224
748 2712 100 88 p.
1008 2684 52 92 1
1080 2684 648 108 9ͨͫ
1264 2760 24 20 .
1456 2680 36 116 (
1516 2684 176 92 On
1780 2704 272 72 cove
2056 2708 120 68 r:
2264 2680 156 96 Le
2516 2680 292 96 livre
2904 2676 588 112 national;
3600 2700 464 72 romans
4160 2672 672 116 populaires
4920 2684 72 108 …

280 2848 140 68 no
436 2900 20 20 .
528 2820 64 96 5
600 2820 192 112 28)

292 2980 116 120 ©
496 2988 276 116 Apr.
848 2988 96 116 8,
1024 2988 336 112 1926;
1448 2988 160 100 1c.
1692 2992 272 112 May
2044 2988 196 112 10;
2328 2984 744 116 A-Foreign
3144 2984 140 100 30
3292 2988 64 96 8
3360 2984 64 96 6
3432 2984 128 112 9;
3652 2984 328 96 Jules
4060 2980 712 96 Tallandier.

4644 3108 216 108 934

296 3248 844 148 Alexander,
1208 3252 612 148 Magnus
1888 3248 988 152 Washington,
2956 3256 380 116 1870-

452 3432 292 128 The
832 3424 696 176 changing
1616 3436 948 124 environment
2652 3432 156 128 of
2900 3428 736 128 American
3732 3428 640 156 industry
4464 3428 272 128 and
4828 3428 232 128 the

284 3620 652 128 National
1016 3620 736 128 industrial
1832 3620 792 128 conference
2700 3620 472 148 board,
3244 3620 180 160 by
3496 3620 596 160 Magnus
4160 3620 220 128 W.
4460 3616 592 124 Alexan-

284 3808 240 124 der
616 3812 80 136 …
936 3808 328 124 New
1344 3808 428 160 York,
1844 3808 600 124 Nationa
2452 3808 48 120 l
2576 3808 684 124 industria
3268 3804 44 124 l
3388 3804 792 128 conference
4252 3804 472 160 board,
4796 3800 136 128 in
4952 3848 68 84 c

396 3992 324 132 1927
724 4072 32 84 ]

452 4200 64 96 2
576 4228 104 88 p.
744 4200 108 112 1.,
920 4196 136 96 56
1120 4224 108 92 p.
1368 4196 432 116 diagrs.
1936 4196 68 96 2
2008 4196 1080 112 3ͨͫ.

456 4360 348 100 "This
876 4360 628 120 comprises
1576 4364 200 96 the
1852 4364 328 96 tenth
2256 4368 440 92 annual
2768 4372 396 108 report
3236 4364 128 96 of
3432 4364 200 96 the
3700 4364 592 116 president
4368 4364 124 100 of
4564 4364 196 96 the
4836 4368 220 92 Na-

292 4500 364 96 tional
744 4496 632 100 industrial
1468 4496 684 100 conference
2236 4496 392 112 board,
2720 4524 136 68 as
2944 4504 612 104 presented
3648 4508 116 88 to
3856 4504 196 92 the
4144 4504 388 92 Board
4624 4528 148 68 on
4860 4504 196 92 the

284 4632 532 100 occasion
876 4632 128 100 of
1056 4632 156 100 its
1276 4636 332 96 tenth
1668 4632 436 96 annual
2164 4632 508 108 meeting
2724 4632 120 96 in
2904 4632 280 96 New
3244 4632 312 100 York
3612 4632 240 116 city
3912 4660 144 72 on
4120 4640 276 108 May
4448 4636 160 96 20,
4676 4636 380 100 1926."

456 4772 624 96 "National
1148 4768 632 100 industrial
1852 4768 684 100 conference
2608 4772 396 104 board,
3080 4768 220 100 inc.
3372 4768 916 116 publications":
4368 4800 104 88 p.
4544 4772 384 100 34–43.

292 4920 120 116 ©
484 4940 260 96 Jan.
812 4940 164 96 21.
1044 4936 336 104 1927;
1448 4940 160 96 2c.
1676 4940 228 92 and
1968 4936 124 96 af
2084 4936 56 92 f
2148 5016 20 20 .
2236 4940 264 96 Feb.
2572 4936 56 92 5
2672 4964 24 84 ;
2768 4936 96 96 A
2928 4936 344 100 96705
3284 4936 60 96 6
3368 4948 32 84 ;
3480 4936 556 100 National
4100 4940 636 96 industrial
4804 4968 256 72 con-

452 5076 460 96 ference
996 5076 396 112 board,
1480 5084 216 92 inc.
1868 5072 600 120 (27–3059)
4640 5072 212 104 935

304 5300 436 148 Allen,
820 5304 492 148 Henry
1380 5304 752 148 Tureman,
2216 5308 408 116 1859-

452 5488 292 128 The
812 5484 448 132 Rhine
1264 5484 44 128 l
1324 5488 268 128 and
1660 5488 804 164 occupation
2552 5528 36 92 [
2588 5492 184 160 by
2764 5528 40 92 ]
2896 5492 488 144 Henry
3452 5492 156 124 T.
3680 5492 124 124 A
3816 5492 100 124 ll
3928 5540 164 76 en
4168 5492 84 144 …
4492 5492 268 128 Ind
4772 5492 36 124 i
4828 5540 224 84 an-

288 5676 480 160 apolis,
828 5676 288 128 The
1180 5672 1060 132 Bobbs-Merrill
2308 5720 668 116 company
3044 5672 160 148 [ͨ
3152 5680 356 156 1927]

452 5876 68 100 9
584 5904 104 88 p.
756 5876 44 88 l
812 5952 52 36 .,
932 5880 204 96 347
1204 5904 104 88 p.
1448 5872 392 116 front.,
1912 5880 408 112 plates,
2392 5880 392 112 ports.,
2852 5900 328 88 maps
3248 5872 320 120 (part
3636 5880 348 108 fold.)
4068 5880 428 116 diagrs.
4640 5884 792 104 22½ͨͫ
4968 5956 24 24 .

296 6016 120 108 ©
496 6048 92 88 F
596 6048 168 96 eb.
832 6040 88 96 1,
1000 6048 44 88 1
1068 6044 268 112 927;
1412 6048 64 92 2
1480 6072 60 68 c
1552 6124 20 20 .
1648 6044 264 100 Feb.
1984 6048 64 92 5
2076 6052 32 88 ;
2192 6044 120 100 af
2288 6044 72 92 f
2372 6124 20 20 .
2464 6048 264 96 Feb.
2800 6052 124 96 7:
3008 6048 96 96 A
3176 6048 208 96 967
3388 6048 64 96 0
3460 6048 132 100 97
3620 6056 32 80 ;
3736 6052 92 92 B
3844 6076 60 72 o
3912 6052 376 96 bbs-M
4296 6080 60 68 e
4364 6056 200 92 rril
4584 6060 28 88 l
4716 6076 64 56 c
4760 6084 60 64 o
4840 6136 16 20 .

480 6180 600 116 (27-3193)
4648 6188 212 104 936

296 6408 752 132 American
1128 6408 508 156 digest.

464 6592 588 132 Current
1120 6596 444 160 digest
1664 6592 796 168 (American
2536 6600 440 140 digest
3048 6600 568 160 system)
3800 6648 124 84 v.
4008 6616 104 116 1.
4276 6612 324 120 1926
4672 6612 384 124 semi-

292 6784 500 128 annual
868 6784 560 156 edition,
1504 6784 796 164 containing
2372 6788 232 124 the
2676 6784 744 128 Decennial
3500 6788 516 164 digests
4092 6792 272 128 and
4440 6792 224 132 the
4744 6796 316 168 key-

292 7016 88 80 n
384 6972 476 124 umber
936 6968 444 136 series,
1460 7012 164 80 vo
1636 6972 44 120 l
1688 7012 372 84 umes
2148 6980 160 116 1A
2388 6988 140 108 to
2612 6980 316 124 24A;
3020 7020 76 76 a
3176 6976 76 124 d
3272 6972 40 124 i
3324 6992 88 112 g
3424 7020 132 84 es
3564 6988 60 112 t
3700 7020 80 80 o
3792 6976 68 124 f
3940 6980 132 124 al
4076 6980 48 124 l
4208 7024 68 80 c
4284 7024 412 84 urren
4700 6996 60 112 t
4840 6988 220 124 de-

292 7156 488 124 cisions
844 7156 160 124 of
1064 7156 224 124 the
1364 7156 720 124 American
2152 7172 492 120 courts,
2716 7204 140 84 as
2924 7160 636 160 reported
3628 7164 144 124 in
3840 7164 232 128 the
4136 7168 660 128 National
4864 7216 196 84 re-

296 7356 464 140 porter
828 7356 492 148 system
1396 7344 268 124 and
1740 7344 224 124 the
2040 7356 344 112 state
2456 7360 576 140 reports,
3104 7348 116 120 F
3236 7340 488 136 ebruar
3728 7392 92 104 y
3900 7364 108 120 1,
4092 7360 316 120 1926
4484 7372 140 112 to
4700 7360 360 124 June

296 7532 196 128 30,
580 7532 360 128 1926,
1020 7528 852 164 cumulating
1948 7532 228 124 the
2260 7532 632 160 monthly
2972 7532 596 128 advance
3648 7536 444 128 sheets
4168 7540 160 124 of
4404 7544 232 124 the
4724 7544 336 128 Cur-

296 7724 300 116 rent
656 7712 444 164 digest
1160 7708 224 132 for
1440 7716 520 124 March.
2032 7724 364 120 1926,
2460 7732 136 112 to
2664 7720 264 124 and
2996 7720 716 164 including
3772 7724 380 160 July,
4224 7736 360 120 1926.
4736 7732 324 128 Pre-

300 7900 416 160 pared
792 7900 264 124 and
1128 7900 448 124 edited
1644 7900 184 128 by
1892 7904 228 124 the
2192 7904 628 124 editorial
2900 7904 268 128 staf
3168 7904 56 124 f
3292 7908 156 124 of
3512 7912 228 124 the
3808 7912 736 128 American
4616 7916 448 168 digest

292 8096 536 152 system.
996 8084 196 128 St.
1260 8088 396 128 Paul,
1724 8088 380 128 West
2176 8088 808 160 publishing
3048 8136 236 96 co.,
3364 8100 356 124 1926.

464 8280 36 92 i
508 8308 100 72 v.
680 8284 60 88 1
752 8280 60 96 6
816 8284 140 96 37
1020 8308 100 88 p.
1256 8276 688 108 26ͨͫ.

468 8416 888 112 Supplemented
1480 8420 148 108 by
1752 8420 524 112 monthly
2392 8420 376 96 issues
2888 8424 628 112 beginning
3628 8432 456 112 August
4200 8436 308 96 1926.
4692 8444 372 96 These

300 8552 524 112 monthly
888 8552 372 96 issues
1328 8552 532 108 together
1920 8552 284 96 with
2276 8556 196 96 the
2536 8556 772 96 semi-annual
3372 8564 236 96 will
3676 8564 140 96 be
3880 8572 536 112 replaced
4480 8576 148 112 by
4688 8604 64 68 a
4820 8604 244 88 per-

300 8692 464 92 manent
836 8692 436 88 annual
1340 8688 488 96 volume.

308 8792 120 108 ©
500 8820 280 96 Nov.
848 8820 164 96 22.
1084 8820 336 100 1926:
1488 8820 164 96 2c.
1716 8824 232 92 and
2016 8820 196 104 aff.
2284 8828 264 96 Jan.
2616 8828 92 108 6,
2780 8824 336 116 1927;
3188 8828 100 96 A
3356 8832 416 96 963175
3800 8836 24 80 ;
3912 8824 140 92 W
4060 8864 56 68 e
4124 8844 108 92 st
4300 8844 264 116 pub.
4636 8844 56 76 c
4700 8872 96 76 o.

488 8952 600 120 (27-2719)
4628 8976 216 108 937

312 9180 284 124 The
700 9180 848 128 Americana
1652 9188 568 120 annual:
2336 9228 164 84 an
2608 9232 148 76 en
2776 9232 232 80 cyc
3016 9192 132 120 lo
3160 9236 88 76 p
3260 9192 284 124 edia
3664 9192 156 128 of
3916 9216 544 112 current
4568 9224 492 124 events,

476 9376 148 116 19
636 9376 76 116 2
720 9376 80 116 4
888 9376 84 132 …
1160 9368 332 128 New
1552 9368 140 124 Y
1696 9416 76 76 o
1780 9368 204 132 rk,
2052 9368 644 164 Chicago,
2764 9376 292 124 The
3120 9376 460 160 Encyc
3588 9380 132 124 lo
3732 9428 164 112 pe
3904 9384 80 124 d
4000 9384 124 128 ia
4204 9388 856 144 Americana,

472 9560 356 120 1924.

2576 9748 240 120 145
