5968 10284
964 968 596 148 Gilford,
1632 968 544 148 Nancy.

1124 1156 132 124 A
1324 1152 664 132 listener's
2068 1152 592 164 analysis
2736 1152 152 128 of
2956 1152 232 128 the
3252 1152 432 128 music
3756 1152 156 128 of
3984 1152 700 128 Brahms's
4756 1152 756 168 Rhapsody
5588 1156 136 128 in

968 1344 112 120 E
1172 1344 280 160 flat,
1532 1344 180 164 by
1800 1344 160 124 N.
2056 1340 612 160 Gilford,
2756 1344 496 160 played
3336 1340 188 164 by
3600 1340 408 164 Myra
4096 1340 392 124 Hess.
4676 1380 44 96 [
4720 1340 576 128 London
5288 1380 40 96 ]
5444 1344 280 124 The

952 1528 584 128 Aeolian
1612 1572 236 116 co.,
1920 1528 244 124 ltd.
2264 1532 372 152 [1926
2616 1532 52 112 ]

968 1752 112 108 ©
1168 1760 108 100 1c
1308 1836 16 20 .
1408 1756 264 96 Feb.
1752 1760 56 88 1
1816 1772 64 88 6
1896 1828 20 40 ,
1996 1752 336 112 1927;
2416 1756 100 92 A
2592 1756 148 92 ad
2816 1752 32 96 i
2864 1756 160 96 nt.
3104 1752 336 112 9273;
3524 1756 340 112 pubd.
3948 1756 268 96 Dec.
4296 1756 132 96 18
4432 1800 28 52 ,
4544 1752 200 96 192
4756 1760 68 92 6
4856 1780 24 88 ;
4964 1752 492 100 Aeolian
5528 1780 192 96 co.,

1128 1896 280 92 New
1488 1896 348 92 York.
1988 1936 20 72 [
2068 1968 76 72 ©
2240 1896 248 92 text
2572 1916 144 68 on
2800 1888 368 96 music
3252 1888 332 120 roll]
5248 1888 284 104 2372

964 2188 424 148 Gray,
1456 2188 332 124 Mrs.
1860 2184 460 128 Maria
2392 2184 524 128 Sabina
3000 2184 892 152 (Bogardus)
3988 2184 324 128 1857
4308 2260 68 16 –
4408 2192 360 120 1914.

1128 2372 132 128 A
1336 2372 924 168 genealogical
2344 2372 532 164 history
2960 2368 156 132 of
3192 2372 224 124 the
3500 2384 680 116 ancestors
4264 2372 268 124 and
4616 2372 884 128 descendants
5580 2376 148 128 of

960 2560 588 132 General
1672 2560 516 124 Robert
2312 2560 768 160 Bogardus,
3208 2560 672 160 arranged
4012 2560 268 124 and
4412 2560 676 160 compiled
5212 2560 176 164 by
5516 2564 204 128 his

960 2748 1628 164 great-granddaughter,
2672 2748 456 124 Maria
3216 2744 512 132 Sabina
3836 2744 860 168 (Bogardus)
4804 2744 412 168 Gray.
5404 2752 320 124 Bos-

960 2952 280 144 ton,
1312 2936 456 160 Mass.,
1840 2936 576 124 Printed
2492 2932 224 124 for
2788 2932 536 164 private
3396 2932 804 124 circulation
4276 2936 360 160 only,
4720 2932 360 132 1927.

1128 3132 120 96 iv
1304 3160 136 88 p.,
1508 3136 64 92 4
1636 3140 36 88 l
1692 3204 52 44 .,
1812 3132 236 112 281,
2128 3132 88 116 [1
2220 3152 28 80 ]
2324 3156 104 88 p.
2604 3128 392 120 front.,
3060 3156 72 92 p
3136 3132 40 92 l
3188 3132 284 112 ates,
3536 3132 392 112 ports.,
3996 3128 124 96 fa
4132 3152 60 72 c
4200 3128 312 100 sims.
4656 3132 752 108 24½ͨͫ
4984 3204 24 24 .

1136 3304 352 96 "Line
1564 3304 124 96 of
1764 3300 620 116 eligibility
2464 3300 192 96 for
2732 3300 776 116 membership
3588 3300 120 96 in
3788 3300 196 96 the
4068 3300 456 116 Society
4604 3300 124 96 of
4804 3304 272 116 May
5084 3304 72 92 fl
5168 3328 312 76 ower
5552 3308 176 96 de-

968 3444 620 96 scendants
1696 3440 128 96 of
1932 3440 380 96 Maria
2432 3436 428 100 Sabina
2996 3436 732 116 (Bogardus)
3864 3436 384 116 Gray"
4360 3444 228 92 and
4704 3440 308 100 "The
5128 3444 596 112 Bogardus

964 3580 364 100 line":
1408 3576 96 120 [5
1516 3624 24 72 ]
1608 3604 104 92 p.
1780 3576 512 96 inserted
2352 3576 520 96 between
2932 3600 100 88 p.
3096 3572 208 100 226
3364 3576 232 96 and
3664 3572 272 124 [227]

1136 3716 272 100 "150
1476 3716 380 116 copies
1920 3712 464 116 printed
2452 3712 124 96 in
2636 3712 196 96 the
2900 3716 132 96 U.
3108 3716 108 96 S.
3276 3708 204 104 A."

1128 3860 424 92 Edited
1624 3856 144 112 by
1840 3852 320 96 Alice
2240 3852 312 112 Gray
2624 3848 544 116 Lovejoy.

968 4000 120 108 ©
1172 4032 288 92 Mar.
1536 4032 160 108 11,
1776 4024 332 104 1927;
2192 4024 160 96 2c.
2432 4024 228 92 and
2736 4020 192 96 aff.
3012 4020 292 96 Mar.
3376 4020 196 112 28;
3660 4020 96 92 A
3832 4020 480 112 972241;
4396 4020 316 108 Alice
4796 4024 312 116 Gray
5188 4028 528 116 Lovejoy.

1128 4164 800 112 Swampscott,
2008 4164 352 88 Mass.
2532 4152 600 120 (27-7005)
5248 4160 284 104 2373

960 4464 452 144 Grew,
1492 4456 612 152 Sydney.

1128 4648 132 124 A
1348 4644 664 128 listener's
2104 4640 932 128 introduction
3128 4652 140 112 to
3364 4640 232 124 the
3684 4640 424 124 music
4200 4636 156 128 of
4452 4644 1272 132 Beethoven-Seiss:

960 4832 444 128 Third
1500 4832 600 128 German
2200 4828 460 148 dance,
2756 4828 184 160 by
3044 4824 132 132 S.
3284 4824 444 160 Grew,
3832 4828 492 160 played
4424 4828 184 164 by
4700 4828 372 132 John
5176 4832 544 128 Powell.

972 5024 660 156 [London]
1716 5012 292 128 The
2076 5012 576 128 Aeolian
2732 5060 236 116 co.,
3036 5012 248 128 ltd.
3372 5016 400 132 [1926]

968 5232 120 116 ©
1172 5252 52 92 1
1216 5244 112 104 c.
1416 5248 260 96 Feb.
1752 5248 168 112 16,
1996 5244 336 112 1927;
2416 5248 92 88 A
2588 5248 152 88 ad
2816 5240 208 100 int.
3100 5240 272 96 9274
3404 5256 32 80 ;
3524 5244 340 112 pubd.
3952 5244 264 96 Dec.
4300 5244 132 96 18
4440 5320 24 24 ,
4540 5248 336 104 1926;
4964 5248 484 96 Aeolian
5528 5276 180 68 co.,

1124 5384 280 96 New
1472 5384 344 92 York.
1972 5368 164 148 [©
2208 5384 244 92 text
2524 5404 140 72 on
2732 5380 368 92 music
3164 5380 336 116 roll]
5224 5380 284 100 2374

968 5648 292 120 Har
1272 5648 56 120 t
1344 5684 132 112 y,
1556 5648 236 120 Sir
1864 5640 772 128 Hamilton.

1128 5832 132 120 A
1340 5828 608 164 running
2028 5840 924 148 commentary
3036 5872 172 80 on
3296 5828 228 124 the
3604 5828 428 124 music
4116 5828 152 124 of
4356 5828 292 128 first
4732 5844 760 116 movement
5580 5828 144 128 of

968 6012 772 136 Schubert's
1824 6012 820 132 Unfinished
2728 6016 808 160 symphony,
3620 6016 172 164 by
3880 6012 228 132 Sir
4192 6016 180 124 H.
4464 6016 500 164 Harty,
5056 6020 664 160 arranged

960 6204 268 128 and
1336 6204 492 160 played
1936 6204 180 164 by
2212 6200 492 124 Albert
2812 6200 616 128 Stoessel.
3636 6200 688 160 [London]
4416 6204 288 120 The
4808 6204 584 128 Aeolian
5496 6248 228 112 co.,

960 6384 240 132 ltd.
1296 6392 404 132 [1926]

968 6584 116 112 ©
1168 6620 56 88 1
1212 6608 112 104 c.
1404 6616 268 96 Feb.
1748 6616 164 104 16,
1992 6616 200 92 192
2204 6616 60 96 7
2308 6640 16 84 ;
2408 6616 100 92 A
2584 6616 144 92 ad
2808 6616 116 92 in
2936 6616 48 92 t
2996 6692 16 20 .
3096 6616 60 92 9
3164 6612 268 112 299;
3516 6616 340 112 pubd.
3940 6616 268 96 Dec.
4288 6616 164 112 18,
4536 6616 336 108 1926;
4960 6616 484 96 Aeolian
5524 6644 188 88 co.,

1124 6756 280 92 New
1472 6752 344 96 York.
1972 6796 20 72 [
2024 6768 108 108 ©
2212 6756 244 88 text
2528 6776 144 68 on
2744 6748 368 100 music
3180 6752 316 116 roll]
5240 6752 280 100 2375

964 7012 648 144 Hatfield,
1696 7012 496 152 Henry
2276 7012 444 144 Rand,
2812 7020 316 116 1866
3136 7088 84 16 –

1116 7196 912 164 Accounting,
2128 7192 176 128 its
2408 7192 740 164 principles
3260 7196 268 128 and
3632 7200 716 160 problems,
4452 7200 180 164 by
4732 7200 484 164 Henry
5324 7200 384 128 Rand

952 7380 468 128 Hatfie
1428 7384 40 120 l
1484 7384 88 124 d
1652 7388 84 136 …
1988 7376 328 132 New
2416 7376 420 164 York,
2916 7380 116 124 L
3040 7424 76 80 o
3120 7384 412 156 ndon,
3612 7380 172 124 D.
3872 7380 328 164 App
4212 7384 40 120 l
4268 7396 304 112 eton
4660 7384 268 128 and
5012 7428 700 124 company,

960 7568 356 132 1927.

1120 7768 196 96 xvi
1328 7768 80 96 ii
1476 7792 136 88 p.,
1680 7768 56 88 1
1804 7768 36 88 l
1860 7840 52 36 .,
1976 7760 204 96 548
2240 7788 104 92 p.
2408 7760 36 96 i
2456 7788 72 68 n
2536 7764 96 92 cl
2652 7840 20 20 .
2732 7760 404 100 forms.
3276 7760 684 116 21ͨͫ.

1128 7916 1052 128 "Bibliographical
2248 7924 336 100 note"
2648 7932 124 92 at
2836 7928 220 92 end
3120 7924 124 96 of
3308 7952 312 72 some
3684 7924 128 100 of
3868 7928 192 96 the
4128 7928 572 120 chapters.

968 8076 120 112 ©
1164 8088 124 92 M
1288 8120 60 72 a
1364 8120 56 64 r
1432 8172 20 20 .
1516 8096 164 108 25,
1752 8092 272 96 1927
2044 8096 40 84 ;
2156 8096 160 92 2c.
2384 8096 228 88 and
2684 8092 192 96 aff.
2948 8088 124 88 M
3072 8116 168 72 ar.
3304 8092 196 108 29;
3576 8092 96 92 A
3740 8092 476 104 972295;
4296 8096 132 96 D.
4496 8100 568 112 Appleton
5136 8104 88 96 &
5288 8104 56 80 c
5352 8128 64 68 o
5432 8184 16 16 .

1148 8232 596 104 (27-7080)
5228 8232 288 104 2376

956 8488 576 144 Jonson,
1612 8484 156 128 G.
1852 8488 144 124 C.
2072 8484 604 128 Ashton.

1128 8672 128 124 A
1324 8672 660 124 listener's
2056 8672 928 124 introduction
3052 8688 136 108 to
3260 8676 228 120 the
3556 8676 424 120 music
4048 8672 156 124 of
4276 8676 652 164 Chopin's
5000 8676 708 128 Polonaise

968 8860 136 120 in
1204 8856 132 124 A
1440 8860 276 132 flat,
1816 8860 180 164 by
2100 8856 160 132 G.
2368 8856 148 128 C.
2624 8860 168 124 A.
2896 8864 568 132 Jonson,
3568 8860 496 160 played
4168 8864 180 160 by
4452 8864 392 124 Josef
4952 8864 748 124 Hofmann.

976 9044 656 156 [London]
1716 9044 288 124 The
2076 9044 576 124 Aeolian
2724 9088 232 100 co.,
3032 9048 240 120 ltd.
3364 9080 44 92 [
3416 9052 148 116 19
3572 9044 160 124 26
3720 9032 52 112 ]

968 9248 124 116 ©
1180 9256 44 88 1
1224 9256 104 108 c.
1408 9268 264 96 Feb.
1752 9272 160 96 16.
1996 9272 332 100 1927;
2416 9276 96 88 A
2584 9272 144 92 ad
2808 9272 204 100 int.
3092 9276 276 96 9277
3408 9300 20 72 ;
3516 9276 340 112 pubd.
3936 9276 168 96 De
4116 9300 56 72 c
4180 9352 20 20 .
4284 9276 160 100 18.
4528 9276 336 112 1926;
4948 9276 160 96 Ae
5120 9300 60 72 o
5188 9276 248 96 lian
5512 9296 124 76 co
5648 9352 16 20 .
5676 9348 20 24 ,

1124 9408 280 96 New
1480 9408 340 116 York.
1976 9456 20 68 [
2036 9412 104 116 ©
2224 9412 248 92 text
2548 9432 144 72 on
2768 9408 372 96 music
3216 9408 328 120 roll]
5224 9408 288 100 2377

3236 9640 240 120 364
