5968 10284
716 920 716 152 Tillenius,
1524 924 476 128 Josias
2000 996 84 24 —
2188 920 772 132 Continued

892 1124 664 100 CONTENTS.
1596 1172 136 16 —
1776 1124 240 96 Der
2092 1148 72 72 v
2168 1116 72 100 ö
2244 1120 444 100 lkische
2768 1120 528 116 gedanke
3380 1124 232 96 und
3700 1124 204 96 der
3984 1116 508 120 pfarrer.
4528 1176 132 16 —
4708 1120 220 100 Die
5012 1120 508 104 ostische

724 1260 304 96 seele
1144 1260 236 96 und
1500 1256 188 100 die
1804 1256 432 100 kirche.
2240 1312 144 12 —
2392 1256 544 100 Christus
3056 1260 72 84 u
3140 1260 144 88 nd
3408 1256 188 96 die
3708 1256 616 100 nordische
4444 1260 336 96 seele.
4784 1308 92 16 —
4928 1256 588 100 Deutsche

720 1392 524 96 volkheit
1312 1400 76 84 u
1396 1396 152 92 nd
1620 1392 864 116 pfarrerstand.

728 1496 116 112 ©
924 1528 284 96 Nov.
1280 1528 164 112 24,
1516 1528 60 92 1
1588 1524 60 96 9
1652 1524 68 96 2
1728 1524 64 96 6
1832 1548 20 88 ;
1936 1528 156 92 1c.
2172 1524 260 96 Feb.
2504 1524 160 96 28,
2748 1524 336 108 1927;
3164 1524 96 92 A
3264 1576 144 12 —
3412 1524 500 112 Foreign
3984 1524 272 96 3472
4260 1524 76 96 0
4372 1548 20 88 ;
4476 1528 104 96 J.
4660 1528 120 96 F.
4856 1524 660 100 Lehmanns

888 1664 432 112 verlag.
1488 1656 676 120 (27-25934)
4936 1656 352 100 11735

724 1872 528 148 Tuttle,
1332 1872 536 132 Arnold
1948 1872 628 156 Dwight,
2660 1880 320 124 1881
2984 1956 76 16 –

892 2052 788 128 Handbook
1760 2052 228 128 for
2064 2056 236 124 the
2372 2052 576 128 medical
3032 2052 508 128 soldier
3612 2052 160 128 of
3844 2052 228 128 the
4152 2056 556 160 regular
4780 2100 432 120 army,
5288 2100 232 80 na-

728 2240 428 128 tional
1260 2240 488 164 guard,
1852 2240 740 164 organized
2700 2284 632 120 reserves,
3440 2240 272 128 and
3820 2236 576 132 enlisted
4500 2284 524 84 reserve
5128 2284 392 124 corps

724 2424 160 128 of
956 2428 228 124 the
1256 2468 392 120 army
1720 2424 156 128 of
1948 2428 228 124 the
2248 2424 524 136 United
2852 2424 456 132 States
3384 2428 272 124 and
3732 2428 456 124 others
4264 2424 732 132 interested
5072 2428 144 124 in
5288 2472 232 84 na-

724 2612 436 128 tional
1240 2608 1216 168 medico-military
2540 2612 1024 164 preparedness,
3644 2612 184 164 by
3904 2608 544 132 Arnold
4528 2612 580 168 Dwight
5188 2620 332 124 Tut-

724 2804 112 124 tl
848 2848 64 80 e
1024 2804 88 144 …
1320 2800 760 164 Approved
2164 2800 180 160 by
2428 2812 56 112 t
2492 2800 164 124 he
2740 2840 580 124 surgeon
3404 2840 500 124 genera
3912 2804 40 120 l
4036 2796 160 128 of
4272 2800 232 124 the
4584 2844 428 124 army.
5192 2804 332 128 New

732 2988 428 164 York,
1236 2988 216 128 W.
1524 2984 448 132 Wood
2052 2984 268 124 and
2400 3024 712 124 company,
3192 2984 360 128 1927.

896 3188 240 112 xxi,
1204 3188 200 96 691
1480 3212 104 88 p.
1720 3188 396 108 front.,
2184 3180 344 116 illus.,
2596 3188 208 92 col.
2876 3212 72 88 p
2956 3188 40 88 l
3008 3256 52 40 .,
3132 3180 432 116 diagrs.
3704 3180 64 96 2
3776 3180 648 116 0ͨͫ.

892 3320 284 100 This
1272 3320 616 100 handbook
1984 3320 544 96 succeeds
2632 3312 488 104 Smart's
3216 3316 656 100 Handbook
3964 3316 192 100 for
4252 3320 196 96 the
4544 3320 512 116 hospital
5152 3348 364 92 corps,

732 3456 608 120 published
1436 3452 308 116 1889,
1840 3456 228 92 and
2168 3448 508 100 Mason's
2776 3452 652 96 Handbook
3516 3452 192 96 for
3800 3452 196 96 the
4092 3452 540 116 sanitary
4724 3460 428 112 troops,
5252 3448 272 128 pub-

728 3592 372 100 lished
1172 3588 308 100 1906.
1624 3588 64 92 o
1692 3588 84 116 f.
1848 3588 316 96 Pref.

732 3696 116 112 ©
928 3720 100 100 D
1036 3752 160 72 ec.
1256 3728 168 108 16,
1492 3728 60 88 1
1564 3724 68 92 9
1632 3716 196 116 27;
1904 3724 160 96 2c.
2136 3720 268 96 Dec.
2472 3720 56 92 1
2540 3716 64 96 9
2648 3744 20 84 ;
2744 3716 200 100 aff.
3012 3720 172 92 De
3184 3724 60 84 c
3264 3792 20 24 .
3352 3720 136 92 17
3512 3724 28 88 ;
3628 3720 92 92 A
3788 3720 552 108 1013669;
4432 3724 496 92 William
5008 3728 132 96 W
5152 3728 212 96 ood
5436 3728 88 96 &

892 3892 164 68 co.
1224 3860 672 116 (27-27498)
4936 3852 60 100 1
5020 3852 280 108 1736

728 4056 168 124 U.
972 4052 136 128 S.
1288 4052 200 124 La
1496 4096 116 80 w
1624 4096 100 112 s,
1800 4060 612 144 statutes,
2488 4060 236 116 etc.

900 4236 516 132 United
1492 4236 452 132 States
2008 4232 372 132 Code
2444 4236 780 124 annotated.
3408 4236 288 124 The
3760 4228 368 132 Code
4184 4232 156 128 of
4396 4236 228 124 the
4688 4240 328 124 laws
5076 4236 156 128 of
5288 4240 228 124 the

736 4428 512 128 United
1344 4424 448 128 States
1876 4424 144 124 in
2104 4420 372 128 force
2560 4420 744 128 December
3384 4428 116 132 7,
3588 4428 364 152 1925,
4040 4464 140 84 as
4268 4428 556 120 enacted
4908 4420 180 168 by
5180 4424 344 128 Con-

728 4656 416 120 gress,
1220 4612 364 124 June
1656 4616 156 116 28
1892 4608 268 124 and
2240 4608 704 160 approved
3020 4608 364 124 June
3468 4612 200 124 30,
3756 4612 360 120 1926.
4284 4608 792 128 Annotated
5164 4608 364 128 from

740 4840 72 84 a
824 4796 100 124 ll
992 4808 60 116 t
1056 4796 164 124 he
1288 4840 360 80 cases
1716 4792 796 164 construing
2584 4792 372 124 these
3020 4792 364 124 laws.
3568 4792 704 160 Prepared
4344 4792 180 168 by
4584 4792 232 128 the
4888 4796 212 124 edi
5112 4808 56 112 t
5176 4796 292 128 oria
5476 4796 44 124 l

740 4984 388 124 staffs
1232 4980 152 128 of
1488 4984 604 120 Edward
2200 4980 788 160 Thompson
3092 5020 676 120 company
3868 4980 272 124 and
4240 4984 388 124 West
4728 4980 272 164 pub
5012 4984 44 120 l
5068 4984 460 164 ishing

732 5208 708 124 company.
1620 5168 364 124 Title
2076 5176 72 112 2
2164 5176 108 112 8.
2368 5164 556 128 Judicia
2936 5168 44 120 l
3072 5168 328 120 code
3488 5168 268 120 and
3852 5164 732 168 judiciary,
4680 5172 152 136 §§
4852 5176 64 112 1
5008 5180 60 116 t
5072 5212 80 84 o
5244 5176 164 116 24
5412 5176 76 116 0
5504 5272 20 24 .

740 5356 196 132 St.
1020 5356 400 140 Paul,
1496 5356 484 136 Minn.,
2056 5352 384 128 West
2516 5348 808 164 publishing
3404 5396 736 120 company;
4228 5352 816 168 Northport,
5128 5356 148 124 L.
5360 5356 68 120 I
5436 5408 80 108 .,

732 5540 164 124 N.
968 5544 212 156 Y.,
1248 5540 600 124 Edward
1924 5540 792 160 Thompson
2784 5580 712 120 company,
3572 5536 352 128 1927.

888 5740 68 92 3
1024 5764 100 68 v.
1268 5736 716 108 24½ͨͫ.

740 5868 112 112 ©
960 5876 280 96 Nov.
1336 5872 96 104 1,
1528 5872 164 108 12,
1792 5868 164 108 16,
2052 5868 332 112 1927;
2488 5872 160 92 2c.
2748 5868 284 96 each
3124 5868 268 96 Dec.
3488 5868 196 112 16;
3788 5888 60 84 a
3864 5868 180 96 ffs.
4148 5872 264 100 Dec.
4512 5872 196 108 17;
4808 5876 96 88 A
5000 5876 60 88 1
5068 5876 72 88 0
5144 5876 372 108 13702,

900 6008 520 112 1013704,
1492 6008 552 112 1013706;
2124 6008 320 96 West
2516 6008 260 112 pub.
2848 6032 160 72 co.
3084 6008 84 96 &
3244 6008 508 92 Edward
3824 6008 656 112 Thompson
4552 6032 164 72 co.

728 6200 700 144 Webster,
1500 6200 456 144 Noah,
2040 6200 776 124 1758-1843.
4500 6140 800 100 11737-11739

1172 6384 116 124 P
1296 6428 76 80 o
1384 6384 408 160 pular
1888 6384 628 124 Webster
2624 6380 816 164 dictionary,
3552 6380 1344 168 self-pronouncing;
5016 6428 172 80 an
5292 6432 224 80 au-

740 6568 804 128 thoritative
1648 6568 776 164 dictionary
2524 6612 240 80 con
2780 6580 56 112 t
2844 6568 480 164 aining
3424 6568 228 128 the
3752 6580 348 116 most
4200 6572 772 160 up-to-date
5076 6576 448 124 words

740 6804 300 76 now
1128 6756 140 124 in
1360 6800 612 80 common
2064 6800 228 80 use
2384 6756 264 124 and
2748 6768 792 148 acceptance
3632 6756 480 124 drawn
4204 6756 368 124 from
4660 6756 228 124 the
4984 6756 544 128 various

740 6956 380 148 great
1252 6940 664 128 divisions
2044 6940 152 124 of
2320 6940 508 124 human
2948 6936 400 124 know
3360 6936 44 120 l
3420 6940 340 164 edge
3868 6948 92 136 …
4216 6940 332 128 New
4676 6940 428 160 York,
5232 6948 288 120 The

740 7128 484 128 World
1308 7128 700 164 syndicate
2088 7168 712 120 company,
2880 7128 1000 160 incorporated,
3964 7128 356 144 1927.

900 7328 56 92 1
1032 7352 100 84 p.
1200 7324 108 112 l.,
1376 7324 208 96 380
1656 7348 96 88 p.
1900 7324 680 108 14½ͨͫ.

948 7460 280 112 July
1308 7456 168 112 25,
1552 7456 340 108 1927;
1980 7456 64 92 2
2052 7484 60 68 c
2120 7532 20 24 .
2224 7460 228 92 and
2536 7456 196 96 aff.
2816 7456 288 112 Aug.
3188 7456 60 92 1
3292 7480 20 76 ;
3404 7456 96 96 A
3584 7456 64 96 9
3656 7456 132 92 99
3792 7460 64 92 2
3868 7456 128 96 15
4040 7484 20 76 ;
4152 7460 140 92 W
4300 7484 60 68 o
4380 7460 172 92 rld
4636 7484 56 68 s
4700 7456 276 116 yndi
4984 7488 56 64 c
5048 7464 192 92 ate
5324 7464 196 108 co.,

900 7592 220 100 inc.
1288 7588 672 120 (27-16355)
4940 7588 284 104 1174
5236 7592 60 96 0

744 7776 804 156 Woodring,
1632 7776 468 128 Maxie
2180 7780 444 148 Nave,
2716 7788 320 120 1888
3040 7860 80 16 –

912 7964 700 132 Enriched
1684 7968 644 168 teaching
2408 7964 152 132 of
2644 7972 588 164 English
3320 7972 144 124 in
3552 7972 224 124 the
3860 7968 336 164 high
4284 7972 520 156 school;
4900 8020 76 76 a
5060 8012 464 88 source

748 8152 344 128 book
1180 8152 228 128 for
1492 8156 600 124 teachers
2180 8152 156 128 of
2424 8156 636 164 English,
3144 8156 456 124 school
3684 8156 736 132 librarians
4512 8156 264 124 and
4864 8156 656 128 directors

744 8336 152 124 of
972 8340 1208 128 extra-curricular
2256 8336 720 160 activities,
3056 8340 480 164 listing
3612 8340 488 160 chiefly
4184 8340 292 128 free
4552 8344 268 124 and
4900 8344 260 124 low
5240 8356 284 112 cost

752 8520 820 132 illustrative
1708 8528 268 124 and
2112 8528 1124 160 supplementary
3364 8528 736 160 materials,
4228 8528 184 164 by
4544 8528 460 128 Maxie
5140 8532 384 124 Nave

748 8712 756 164 Woodring
1584 8720 84 136 …
1800 8712 268 128 and
2140 8712 456 128 Rache
2604 8712 44 124 l
2720 8712 596 128 Theresa
3388 8712 544 128 Benson
4008 8728 84 136 …
4340 8712 332 128 New
4744 8712 392 128 York
5200 8756 68 84 c
5276 8712 44 128 i
5328 8724 60 116 t
5392 8756 128 124 y,

748 8896 660 128 Teachers
1488 8900 548 160 college,
2116 8892 720 132 Columbia
2912 8896 804 164 university,
3808 8900 356 124 1927.

912 9088 192 116 vii,
1164 9088 204 96 104
1424 9120 104 88 p.
1668 9088 64 96 2
1740 9088 648 108 3ͨͫ.

916 9228 540 96 Includes
1508 9224 352 100 blank
1920 9252 352 88 pages
2320 9228 192 96 for
2572 9228 400 96 "other
3024 9228 580 100 sources".

752 9328 120 112 ©
952 9364 284 116 Aug.
1308 9364 92 108 1,
1476 9364 336 96 1927:
1888 9364 160 96 2c.
2120 9364 160 96 Oc
2288 9372 76 88 t.
2432 9364 200 108 22;
2708 9364 200 96 aff.
2984 9368 304 112 Sept.
3360 9368 200 108 10;
3636 9368 92 92 A
3796 9364 548 116 1013105;
4416 9368 576 100 Teachers
5060 9372 456 112 college,

916 9496 596 96 Columbia
1608 9500 312 96 univ.
2088 9500 676 116 (27-24698)
4972 9496 348 104 11741

2980 9624 328 132 1744
