5968 10284
3152 9480 320 116 1140

912 840 460 128 North
1456 840 600 128 Dakota.
2244 844 440 156 Supre
2684 868 136 92 m
2840 884 64 80 e
2984 852 416 112 court.

1076 1028 588 160 Reports
1768 1024 152 124 of
2020 1072 60 76 c
2092 1072 284 80 ases
2488 1032 84 136 …
2736 1024 480 124 March
3324 1028 200 156 30,
3632 1032 148 116 19
3792 1032 160 116 26
4052 1036 136 112 to
4296 1028 624 164 January
5020 1040 204 148 24,
5332 1040 148 112 19
5492 1040 76 116 2
5576 1028 104 132 7.

936 1212 308 148 (130
1312 1212 428 160 cases)
1924 1212 160 124 E.
2164 1212 132 124 J.
2372 1212 556 160 Taylor,
3000 1220 652 152 reporter.
3812 1260 120 76 v.
4020 1220 188 116 54.
4372 1212 780 164 Rochester,
5228 1220 164 124 N.
5480 1220 208 140 Y.,

908 1404 288 120 The
1284 1400 644 160 Lawyers
2020 1396 920 164 co-operative
3032 1392 804 168 publishing
3924 1440 712 124 company,
4740 1396 356 132 1927.

1068 1624 72 68 x
1152 1596 40 96 i
1200 1624 72 68 x
1284 1672 20 36 ,
1376 1596 140 96 98
1520 1596 60 96 5
1652 1608 68 88 p
1736 1672 20 20 .
1896 1596 720 108 23½ͨͫ.

912 1748 120 116 ©
1120 1768 288 112 Aug.
1488 1768 64 88 2
1560 1764 64 96 0
1636 1840 20 36 ,
1736 1764 56 92 1
1804 1764 72 88 9
1876 1768 200 108 27;
2156 1768 72 88 2
2228 1776 56 80 c
2300 1840 20 20 .
2404 1764 96 92 A
2512 1792 72 68 u
2592 1788 100 88 g.
2768 1764 68 88 2
2844 1768 60 88 3
2948 1788 20 84 ;
3056 1760 196 100 aff.
3344 1764 68 96 S
3428 1788 56 72 e
3492 1768 124 108 pt
3632 1840 16 20 .
3732 1768 124 108 2;
3948 1764 96 92 A
4128 1764 60 96 9
4196 1764 408 112 99728;
4700 1764 68 100 S
4784 1768 240 96 tate
5108 1796 64 68 o
5180 1768 52 96 f
5312 1772 240 96 Nor
5564 1776 40 88 t
5612 1768 68 96 h

1076 1900 500 96 Dakota.
5200 1900 288 104 7570

908 2124 724 152 Oliphant,
1704 2128 524 120 Ernest
2296 2124 496 152 Henry
2868 2124 464 148 Clark,
3412 2132 320 120 1862
3736 2204 88 12 –

1076 2312 292 128 The
1444 2316 396 160 plays
1916 2312 156 128 of
2144 2316 768 124 Beaumont
2988 2312 272 128 and
3344 2312 700 164 Fletcher;
4132 2360 176 80 an
4388 2328 588 152 attempt
5048 2332 140 112 to
5268 2312 412 136 deter-

912 2500 360 128 mine
1388 2504 360 124 their
1872 2500 740 160 respective
2732 2500 460 124 shares
3316 2504 272 120 and
3704 2500 232 128 the
4052 2504 464 128 shares
4636 2504 156 128 of
4908 2504 496 164 others,
5524 2508 156 164 by

908 2692 156 124 E.
1144 2692 180 124 H.
1408 2684 152 132 C.
1640 2684 716 164 Oliphant.
2540 2688 332 128 New
2948 2688 536 160 Haven,
3560 2692 348 124 Yale
3984 2688 760 164 university
4820 2736 440 116 press;
5344 2696 336 128 Lon-

904 2876 316 160 don,
1300 2876 180 124 H.
1564 2872 640 164 Milford,
2284 2872 552 132 Oxford
2920 2876 764 164 university
3768 2920 416 116 press,
4264 2880 360 124 1927.

1072 3096 152 72 xv
1284 3096 132 92 p.,
1480 3076 60 92 1
1596 3076 36 88 l
1644 3144 52 40 .,
1760 3072 204 96 553
2020 3096 104 92 p.
2244 3072 392 116 front.,
2704 3072 404 116 plates,
3172 3076 328 112 port.,
3560 3072 520 96 facsims.
4204 3076 276 96 23.

1080 3236 304 104 "The
1456 3248 468 112 present
1988 3248 456 92 volume
2512 3244 100 92 is
2684 3248 196 88 the
2952 3240 316 100 sixth
3336 3244 324 96 work
3728 3244 608 116 published
4408 3248 144 112 by
4624 3248 192 96 the
4892 3248 284 96 Yale
5248 3248 408 96 univer
5660 3300 20 20 .

908 3380 232 116 sity
1208 3408 328 92 press
1608 3408 144 68 on
1824 3384 196 92 the
2096 3380 392 100 Oliver
2560 3380 96 96 B
2668 3408 60 68 a
2744 3384 124 108 ty
2944 3380 812 112 Cunningham
3828 3380 604 100 memorial
4508 3380 716 120 publication
5292 3384 392 104 fund."

1080 3516 700 96 "Published
1864 3520 364 92 under
2312 3520 200 92 the
2592 3516 532 116 auspices
3204 3516 124 96 of
3408 3520 196 92 the
3692 3516 764 96 Elizabethan
4540 3520 260 96 club
4880 3516 124 100 of
5084 3524 284 96 Yale
5456 3548 156 72 un
5616 3524 36 92 i
5644 3540 40 52 -

908 3656 536 116 versity."

1076 3792 284 96 "Bib
1368 3796 32 88 l
1416 3788 672 116 iographica
2100 3796 32 88 l
2188 3788 404 100 note":
2672 3816 104 88 p.
2844 3808 36 68 [
2872 3788 36 92 i
2912 3816 76 64 x
3004 3820 32 72 ]
3052 3844 56 12 –
3108 3816 80 64 x
3200 3864 16 24 .

916 3940 116 112 ©
1112 3964 308 116 Sept.
1488 3964 96 112 9,
1652 3968 56 88 1
1720 3964 64 92 9
1792 3964 196 92 27:
2064 3964 160 96 2c.
2300 3960 308 112 Sept.
2680 3964 192 108 12;
2948 3988 60 68 a
3024 3960 44 88 f
3064 3960 52 88 f
3128 4036 16 20 .
3224 3960 304 112 Sept.
3600 3960 192 112 10;
3868 3960 100 92 A
4036 3960 476 112 999835;
4592 3960 284 96 Yale
4948 3960 308 100 univ.
5328 3988 352 92 press.

1100 4096 668 120 (27-18921)
5200 4092 284 104 7571

908 4328 472 148 Owen,
1456 4324 468 128 Ethel.

1080 4512 348 132 Coat
1504 4516 340 120 tales
1932 4512 364 124 from
2372 4512 232 124 the
2688 4504 552 168 pockets
3320 4508 156 128 of
3556 4512 228 124 the
3860 4512 532 160 Happy
4472 4512 468 160 Giant,
5024 4516 180 160 by
5288 4516 392 124 Ethel

916 4704 268 124 and
1240 4696 472 128 Frank
1764 4696 464 128 Owen.
2412 4696 328 124 New
2800 4696 428 160 York,
3284 4696 836 160 Cincinnati,
4172 4696 292 128 The
4512 4696 748 168 Abingdon
5316 4744 364 120 press

912 4888 416 160 [ͨ1927
1344 4964 28 84 ]

1076 5084 204 96 106
1336 5112 104 88 p.
1500 5084 120 92 in
1628 5084 100 96 cl
1744 5160 20 20 .
1824 5084 204 96 col.
2088 5084 388 108 front.,
2544 5084 340 108 illus.,
2948 5084 204 92 col.
3216 5084 408 112 plates.
3772 5080 60 96 2
3840 5084 576 108 3½ͨͫ
4088 5124 24 48 .

912 5236 120 116 ©
1104 5260 284 108 Aug.
1452 5252 168 116 25,
1688 5252 336 96 1927;
2096 5252 64 92 2
2168 5264 56 76 c
2236 5328 20 20 .
2324 5252 232 92 and
2624 5248 196 100 aff.
2896 5248 304 116 Sept.
3272 5248 192 108 10;
3544 5248 96 92 A
3708 5252 48 88 1
3776 5248 136 96 00
3912 5252 68 92 4
3988 5248 60 96 0
4052 5248 200 112 73;
4336 5252 124 96 E.
4536 5248 380 116 Owen,
4988 5252 280 92 New
5336 5248 344 100 York.

1100 5392 668 116 (27-18927)
5200 5384 288 100 7572

908 5616 680 152 Packard,
1668 5616 724 124 Laurence
2468 5612 760 124 Bradford.

1184 5808 76 136 …
1336 5804 292 124 The
1732 5796 856 132 commercial
2696 5796 808 160 revolution,
3624 5804 316 120 1400
3944 5876 88 12 –
4044 5796 384 164 1776;
4544 5796 980 132 mercantilism
5604 5836 68 60 —

912 5988 1188 132 Colbert—Adam
2220 5984 500 160 Smith,
2836 5984 180 164 by
3132 5984 692 124 Laurence
3940 5984 716 128 Bradford
4772 5980 632 132 Packard
5488 5996 84 144 …

912 6180 328 124 New
1312 6176 432 160 York,
1812 6176 180 124 H.
2068 6172 352 124 Holt
2488 6172 268 124 and
2828 6212 672 120 company
3584 6176 244 148 [ͨ19
3840 6176 76 120 2
3924 6168 116 144 7]

1072 6372 196 116 vii,
1344 6372 204 96 105
1620 6396 100 88 p.
1868 6372 60 88 1
1936 6372 612 108 9ͨͫ
2124 6444 20 24 .
2312 6368 296 112 (The
2688 6364 636 96 Berkshire
3400 6368 444 92 studies
3924 6368 120 92 in
4124 6368 620 112 European
4816 6360 512 120 history)

912 6480 120 112 ©
1112 6508 304 116 Sept.
1488 6508 96 112 2,
1660 6508 44 88 1
1728 6508 264 108 927;
2068 6504 160 100 2c.
2304 6504 224 96 and
2608 6504 192 96 aff.
2884 6504 304 112 Sept.
3264 6504 120 108 9;
3464 6504 100 88 A
3632 6504 64 92 9
3700 6504 380 96 99782;
4192 6504 404 112 Henry
4668 6504 292 96 Holt
5024 6504 88 96 &
5180 6528 128 72 co
5324 6576 20 20 .

1100 6640 668 120 (27-19037)
5188 6636 216 104 757
5412 6636 68 100 3

908 6868 620 152 Ranlett,
1604 6864 436 128 Louis
2104 6864 436 128 Felix.

1080 7056 364 124 Let's
1528 7056 240 160 go!
1952 7052 288 124 The
2320 7060 380 156 story
2784 7048 156 128 of
3016 7048 168 128 A.
3284 7048 132 132 S.
3504 7092 216 84 no.
3812 7052 620 160 2448602,
4516 7052 184 160 by
4784 7048 420 128 Louis
5288 7048 392 128 Felix

920 7240 304 124 Ran
1232 7240 48 124 l
1288 7252 196 112 ett
1588 7240 84 144 …
1920 7236 520 124 Boston
2540 7236 272 124 and
2916 7236 332 124 New
3348 7236 432 160 York,
3876 7232 768 168 Houghton
4744 7232 336 128 Miff
5024 7232 56 128 l
5092 7232 144 128 in
5332 7276 148 84 co
5492 7276 132 84 m
5632 7308 44 20 -

916 7468 408 120 pany,
1392 7420 364 132 1927.

1084 7616 64 96 2
1204 7640 104 92 p.
1364 7616 40 88 l
1416 7688 52 44 .,
1536 7612 144 104 [vi
1688 7612 40 96 i
1736 7648 32 68 ]
1772 7640 148 68 –x
1932 7612 84 96 ii
2068 7636 136 88 p.,
2264 7612 56 92 1
2380 7616 108 108 1.,
2552 7608 200 100 291
2812 7636 100 88 p.
3056 7608 388 116 front.,
3512 7616 412 108 plates.
4068 7612 788 112 22ͨͫ.

1088 7752 332 112 Maps
1480 7772 148 72 on
1688 7744 872 116 lining-papers.

916 7860 116 108 ©
1124 7888 304 112 Sept.
1504 7884 96 112 9,
1680 7880 336 112 1927;
2100 7880 64 92 2
2172 7892 56 80 c
2240 7960 20 16 .
2344 7884 228 92 and
2648 7880 200 96 aff.
2936 7880 304 112 Sept.
3324 7880 192 108 12;
3608 7880 92 92 A
3780 7880 476 112 999820;
4344 7880 120 96 L.
4552 7880 120 100 F.
4756 7880 512 112 Ranlett,
5352 7876 312 96 Fair-

1072 8020 408 112 haven,
1560 8024 348 92 Mass.
2080 8012 672 116 (27-18980)
5192 8012 280 100 7574

908 8244 920 144 Richardson,
1900 8244 376 120 Leon
2348 8244 412 144 Burr,
2844 8236 312 128 1878
3164 8316 84 12 –

1076 8428 584 128 General
1744 8428 496 124 chemis
2248 8436 60 116 t
2316 8472 200 96 ry,
2596 8428 184 160 by
2856 8424 368 128 Leon
3316 8424 108 116 B
3448 8528 20 24 .
3560 8424 856 128 Richardson
4492 8448 80 132 …
4828 8424 328 128 New
5248 8416 424 164 York,

912 8616 176 124 H.
1160 8616 344 120 Holt
1576 8616 264 120 and
1912 8652 668 120 company
2668 8604 448 140 [ͨ1927]

1068 8808 240 116 viii,
1384 8808 204 96 812
1660 8832 104 92 p.
1908 8808 340 112 illus.,
2324 8808 432 116 diagrs.
2896 8804 684 112 22½ͨͫ.

1068 8948 416 92 Tables
1568 8972 140 68 on
1792 8940 868 116 lining-papers.

1080 9076 720 116 "Readings"
1868 9084 120 88 at
2056 9080 216 92 end
2340 9076 124 96 of
2524 9076 284 96 each
2872 9076 480 116 chapter
3416 9076 404 112 except
3888 9072 192 100 the
4148 9072 288 100 first.

916 9180 120 112 ©
1116 9212 304 112 Sept.
1492 9212 92 112 9,
1660 9216 44 88 1
1728 9212 68 88 9
1792 9216 200 108 27;
2064 9216 164 96 2c.
2300 9216 224 88 and
2600 9208 192 104 aff.
2876 9212 304 112 Sept.
3256 9216 188 104 14;
3528 9208 84 96 A
3692 9204 340 96 99989
4036 9208 72 92 9
4144 9236 24 84 ;
4244 9212 400 112 Henry
4716 9208 220 96 Hol
4960 9216 40 88 t
5068 9212 84 96 &
5224 9212 64 80 C
5288 9232 96 76 o.

1100 9344 260 116 (27-
1368 9348 204 92 190
1576 9348 68 88 6
1644 9348 124 112 7)
5180 9340 56 100 7
5252 9340 56 96 5
5328 9340 56 100 7
5396 9336 56 100 5
