5968 10284
876 944 640 148 Borsodi,
1588 944 508 152 Ralph.

1044 1128 292 132 The
1432 1128 896 132 distribution
2420 1172 320 120 age;
2844 1172 76 80 a
3012 1128 420 160 study
3524 1124 160 128 of
3776 1128 232 124 the
4104 1164 644 124 economy
4848 1124 160 128 of
5096 1124 568 128 modern

876 1312 936 164 distribution,
1912 1312 188 168 by
2192 1312 468 164 Ralph
2764 1312 588 128 Borsodi
3476 1316 84 148 …
3720 1308 336 128 with
4164 1356 176 80 an
4444 1308 940 128 introduction
5480 1308 188 168 by

876 1500 192 128 Le
1076 1544 124 84 w
1288 1500 432 128 Hahn
1796 1508 84 132 …
2164 1500 332 124 New
2596 1496 436 164 York,
3128 1496 628 164 London,
3852 1500 172 124 D.
4128 1496 712 164 Appleton
4940 1496 272 128 and
5316 1540 152 84 co
5472 1540 140 84 m
5620 1572 44 20 -

876 1728 416 124 pany,
1360 1684 368 132 1927.

1044 1908 152 68 xv
1208 1956 20 40 ,
1292 1880 204 100 321
1560 1908 104 88 p.
1808 1876 316 104 illus.
2184 1880 452 116 (maps)
2720 1876 436 120 diagrs.
3296 1876 760 112 21ͨͫ
3552 1956 24 24 .

888 2044 120 116 ©
1080 2052 264 96 Feb.
1408 2052 96 112 7,
1568 2048 340 116 1927;
1972 2052 68 92 2
2036 2044 56 112 c
2116 2128 20 20 .
2200 2052 268 96 Feb.
2532 2052 200 112 15;
2800 2076 60 72 a
2876 2048 48 96 f
2908 2048 64 96 f
2980 2128 16 20 .
3060 2048 272 100 Feb.
3396 2052 196 112 17;
3660 2052 100 92 A
3824 2048 476 116 967236;
4372 2052 140 96 D.
4576 2052 424 112 Applet
5008 2072 60 76 o
5076 2076 76 68 n
5216 2052 88 96 &
5368 2072 128 76 co
5508 2128 24 20 .

1068 2184 604 116 (27-3456)
5176 2180 288 104 1150

960 2412 84 144 …
1128 2412 904 152 Callaghan's
2108 2416 376 124 Iowa
2564 2416 484 160 digest,
3128 2416 824 160 embodying
4032 2416 184 124 all
4296 2416 632 160 reported
5012 2412 664 128 decisions

1052 2600 156 128 of
1320 2600 232 128 the
1668 2596 664 168 Supreme
2444 2612 392 116 court
2948 2600 156 128 of
3216 2600 380 128 Iowa
3716 2600 368 128 from
4200 2600 276 128 and
4592 2600 720 164 including
5432 2604 240 124 196

1052 2788 1036 128 Northwestern
2172 2800 620 152 reporter
2872 2792 608 164 through
3568 2796 244 116 210
3896 2788 1040 128 Northwestern
5020 2800 656 152 reporter,

1056 3016 352 124 page
1468 2984 204 152 48,
1740 3020 428 116 comp.
2236 2976 180 164 by
2480 2976 236 124 the
2776 2972 816 168 publishers'
3656 2976 640 128 editorial
4368 2972 356 132 staff.
4880 3020 124 80 v.
5076 2980 112 124 8.
5276 2968 144 164 [S
5428 3016 244 120 up-

1052 3164 604 160 plement
1876 3160 652 164 Chicago,
2608 3160 772 168 Callaghan
3456 3164 276 124 and
3812 3204 712 120 company,
4608 3156 364 132 1927.

1052 3360 64 92 2
1184 3384 104 92 p.
1356 3364 40 92 1
1408 3432 56 44 .,
1536 3360 64 96 5
1608 3360 132 92 52
1808 3384 104 92 p.
2052 3360 648 104 26ͨͫ
2284 3396 36 52 .

896 3500 116 108 ©
1096 3528 268 96 Feb.
1440 3528 164 116 17,
1680 3524 340 120 1927;
2096 3528 164 100 2c.
2336 3532 228 92 and
2640 3528 200 100 aff.
2920 3528 268 100 Feb.
3260 3528 204 116 21;
3544 3532 100 92 A
3716 3528 480 116 963686;
4284 3528 84 100 C
4380 3528 556 116 allaghan
5008 3528 88 96 &
5172 3552 164 72 co.

5172 3656 284 104 1151

896 3788 576 152 Cather,
1540 3792 328 124 Mrs.
1952 3792 792 124 Katherine
2816 3792 600 152 Dunlap.

1056 3972 292 132 The
1464 3976 412 128 castle
1996 3976 160 128 of
2264 3976 236 128 the
2612 3976 504 164 Hawk,
3228 3976 184 168 by
3524 3976 772 128 Katherine
4408 3976 568 164 Dunlap
5096 3976 580 160 Cather;

892 4164 776 128 illustrated
1780 4164 188 164 by
2072 4164 360 128 Paul
2540 4164 768 128 Ashbrook.
3492 4164 332 132 New
3940 4164 392 128 York
4440 4168 112 124 &
4660 4164 624 160 London,
5392 4164 292 124 The

896 4348 612 168 Century
1576 4392 192 88 co.
1852 4368 84 144 [ͨ
1948 4352 324 128 1927
2284 4428 28 88 ]

1064 4552 192 116 vii,
1336 4552 208 96 228
1624 4580 104 88 p.
1872 4552 392 116 front.,
2348 4552 412 116 plates.
2904 4548 720 112 19½ͨͫ.
3536 4548 308 120 $1.75

900 4712 120 108 ©
1088 4720 264 100 Feb.
1416 4720 168 112 18,
1644 4720 336 112 1927;
2048 4720 160 96 2c.
2268 4720 232 96 and
2564 4744 60 72 a
2632 4724 128 92 ff.
2824 4716 268 100 Feb.
3152 4720 204 112 21;
3420 4720 100 96 A
3580 4716 348 100 96367
3936 4720 60 96 5
4036 4744 24 88 ;
4132 4720 516 112 Century
4708 4744 168 72 co.

1088 4852 600 120 (27-3516)
5172 4848 284 104 1152

908 5080 692 156 Chesney,
1680 5080 364 128 Alan
2120 5084 540 148 Mason,
2744 5084 316 124 1888
3068 5160 84 16 –

1152 5268 84 144 …
1320 5268 772 164 Immunity
2184 5268 148 128 in
2428 5264 632 172 syphilis,
3152 5268 184 164 by
3428 5264 372 132 Alan
3900 5268 188 128 M.
4192 5268 620 164 Chesney
4892 5268 84 144 …
5248 5264 436 132 Balti-

900 5496 412 120 more,
1396 5456 296 124 The
1772 5456 696 128 Williams
2556 5464 112 120 &
2752 5456 600 132 Wilkins
3436 5500 716 120 company,
4248 5456 360 128 1927.

1068 5652 124 96 ix
1200 5728 24 40 ,
1312 5652 136 100 85
1536 5684 108 88 p.
1784 5652 720 108 23½ͨͫ.
2308 5652 632 116 (Medicine
3024 5656 812 116 monographs,
3924 5656 220 96 vol.
4368 5652 216 120 XII)

1068 5828 844 112 Bibliography
1952 5852 24 76 :
2044 5852 100 88 p.
2216 5824 132 100 81
2352 5880 76 12 –
2428 5828 168 96 85.

908 5972 120 112 ©
1100 5996 268 100 Feb.
1428 5996 168 112 10,
1660 5996 336 112 1927;
2064 5996 160 100 2c.
2288 6000 236 96 and
2584 6024 68 68 a
2652 5996 96 92 ff
2764 6072 16 24 .
2848 5996 268 100 Feb.
3180 5996 196 112 15;
3444 5996 100 96 A
3600 5996 140 96 96
3744 5996 60 100 3
3816 5996 132 100 57
3956 5996 64 96 9
4060 6024 20 84 ;
4152 5996 584 100 Williams
4800 6000 88 96 &
4956 5996 500 100 Wilkins
5524 6024 160 72 co.

1096 6132 600 116 (27-3459)
5204 6128 284 104 1153

912 6356 596 152 Cornell,
1604 6368 108 112 W
1752 6360 40 120 i
1800 6360 92 120 ll
1904 6360 284 124 iam
2252 6360 528 128 Bouck.

1072 6544 1084 128 Fundamentals
2216 6544 164 128 of
2432 6544 612 132 business
3108 6544 952 168 organization
4124 6544 272 128 and
4456 6556 996 156 management,
5512 6544 184 164 by

908 6732 224 132 Wi
1144 6732 104 124 ll
1256 6732 272 124 iam
1604 6732 160 124 B.
1848 6728 112 136 C
1968 6772 324 84 orne
2300 6732 104 124 ll
2516 6744 80 136 …
2708 6732 276 128 and
3056 6732 380 132 John
3504 6732 188 128 H.
3768 6732 876 128 MacDonald
4716 6744 80 136 …
4952 6732 744 128 Frederick

908 6916 172 132 G.
1184 6916 568 132 Nichols
1844 6928 76 136 …
2120 6916 552 168 general
2780 6916 480 132 editor.
3452 6916 336 132 New
3892 6916 432 164 York,
4436 6916 792 132 Cincinnati
5348 6964 40 92 [
5392 6964 68 84 e
5464 6932 60 116 t
5528 6964 104 84 c.
5620 6928 52 108 ]

908 7104 740 128 American
1708 7104 356 128 book
2124 7144 676 124 company
2876 7104 628 160 [ͨ1
3052 7112 72 116 9
3132 7104 164 132 27
3308 7180 28 84 ]

1080 7304 196 116 vii,
1340 7304 208 100 472
1612 7332 104 88 p.
1780 7304 124 96 in
1908 7304 100 96 cl
2024 7376 20 24 .
2112 7300 344 116 illus.,
2524 7300 460 120 diagrs.,
3044 7300 408 100 forms.
3596 7304 60 96 1
3668 7300 576 112 9ͨͫ
3852 7380 16 20 .

1088 7468 832 100 "References"
1988 7476 128 92 at
2176 7472 224 96 end
2464 7468 124 100 of
2652 7468 284 100 each
2996 7468 520 120 chapter.

924 7612 116 108 ©
1124 7636 264 96 Feb.
1460 7632 164 116 10,
1700 7636 340 112 1927;
2116 7636 160 96 2c.
2352 7636 224 96 and
2656 7632 196 100 aff.
2932 7636 268 100 Feb.
3272 7636 196 112 17;
3544 7636 100 96 A
3712 7636 132 96 96
3852 7636 208 96 727
4060 7636 64 96 5
4164 7660 24 88 ;
4268 7636 624 100 American
4960 7640 292 96 book
5324 7664 164 72 co.

1108 7772 600 116 (27-3524)
5204 7768 288 104 1154

928 7992 468 156 Craig,
1464 7992 300 128 Asa
1828 7996 728 148 Hollister,
2632 7996 412 128 1847-

1100 8180 368 128 Both
1540 8180 352 128 sides
1968 8180 156 128 of
2196 8192 160 112 30
2428 8180 460 164 public
2960 8184 688 160 questions
3728 8184 808 164 completely
4608 8184 576 128 debated
5288 8184 408 164 (Pros

932 8368 264 124 and
1280 8364 376 168 cons)
1768 8364 336 128 with
2180 8364 576 168 by-laws
2840 8372 268 124 and
3192 8368 1084 164 parliamentary
4348 8372 332 124 laws
4764 8372 224 124 for
5064 8372 632 124 conduct-

936 8552 240 168 ing
1260 8552 652 168 debating
1992 8556 608 124 societies
2688 8556 268 124 and
3044 8600 72 80 a
3200 8556 232 128 list
3516 8552 156 128 of
3756 8556 808 164 interesting
4644 8556 436 164 topics
5168 8556 224 128 for
5476 8560 220 124 de-

936 8740 168 124 ba
1112 8752 60 112 t
1176 8784 176 116 es,
1416 8736 184 164 by
1660 8736 288 128 Asa
2008 8736 184 128 H.
2264 8736 428 168 Craig
2768 8744 84 136 …
2984 8744 268 124 and
3324 8740 392 128 Alice
3784 8736 108 132 C
3904 8744 304 160 raig
4276 8744 708 160 Edgerton
5064 8744 84 136 …
5368 8744 332 124 New

932 8924 432 160 York,
1432 8924 440 124 Noble
1944 8924 268 128 and
2276 8924 440 128 Noble
2796 8924 120 108 [ͨ
2896 8924 352 128 1926]

1100 9144 108 88 x,
1272 9116 200 100 563
1532 9144 104 88 p.
1780 9116 720 112 21ͨͫ.

1104 9252 628 96 Published
1796 9252 120 96 in
1976 9252 276 100 1897
2308 9256 368 92 under
2740 9252 320 100 title:
3124 9256 288 96 Pros
3472 9256 224 96 and
3760 9280 308 72 cons.

936 9356 120 112 ©
1132 9388 284 116 Aug.
1488 9388 96 112 6,
1656 9388 336 112 1926;
2064 9388 164 100 2c.
2296 9388 228 96 and
2592 9412 64 76 a
2672 9388 116 100 ff.
2864 9388 264 104 Feb.
3200 9388 164 116 19,
3436 9396 56 88 1
3504 9392 64 96 9
3572 9396 200 112 27;
3844 9396 100 92 A
4008 9392 276 100 9672
4292 9396 64 96 9
4360 9396 128 112 5;
4564 9396 360 100 Noble
4996 9400 228 96 and
5296 9396 396 100 Noble.

1120 9520 600 124 (27-3490)
5212 9528 280 100 1155

3208 9648 240 136 178
