5968 10284
3296 9720 320 120 1380

1056 988 720 156 Fyleman,
1852 992 408 148 Rose,
2344 984 320 132 1877
2668 1064 84 16 –

1224 1180 288 128 The
1584 1176 384 164 Katy
2040 1176 448 124 Kruse
2564 1172 384 168 dolly
3012 1172 396 160 book,
3484 1172 340 128 with
3900 1176 780 160 letterpress
4752 1172 180 164 by
5004 1176 348 124 Rose
5432 1172 388 164 Fyle-

1060 1408 348 84 man.
1576 1364 336 128 New
1992 1360 428 164 York,
2500 1360 532 164 George
3108 1360 188 128 H.
3380 1360 472 128 Doran
3936 1404 672 120 company
4700 1356 452 156 [ͨ1927]

1212 1564 140 96 32
1428 1588 108 92 p.
1676 1560 304 96 illus.
2124 1560 720 112 22½ͨͫ
2444 1596 32 56 .

1228 1732 692 96 Illustrated
1992 1732 232 112 t.-p.
2300 1728 228 96 and
2600 1728 872 116 lining-papers.

1064 1880 120 108 ©
1256 1904 304 112 Sept.
1624 1900 164 116 16,
1848 1900 336 108 1927;
2252 1900 156 96 2c.
2476 1900 244 96 Oct.
2780 1900 196 112 21;
3044 1896 196 100 aff.
3312 1900 308 116 Sept.
3676 1896 200 112 21;
3940 1896 104 96 A
4100 1896 412 100 100473
4524 1896 60 96 6
4628 1924 24 88 ;
4720 1896 436 120 George
5224 1900 144 96 H.
5432 1900 396 92 Doran

1224 2068 164 72 co.
1552 2040 672 116 (27-22201)
5320 2032 284 100 9219

1192 2304 636 152 Gogarten,
1908 2296 776 152 Friedrich,
2776 2296 320 132 1887
3096 2376 88 16 –

1320 2492 80 144 …
1480 2488 252 124 Ich
1820 2488 492 164 glaube
2400 2528 172 84 an
2656 2484 260 128 den
3008 2480 844 168 dreieinigen
3940 2480 408 168 Gott;
4440 2484 292 128 eine
4816 2488 1016 164 untersuchung

1080 2680 316 140 über
1508 2676 588 164 glauben
2208 2672 280 128 und
2596 2672 800 164 geschichte.
3600 2680 112 120 1.
3816 2668 208 132 bis
4132 2680 116 120 3.
4356 2672 616 128 tausend.
5164 2676 392 160 Jena,
5668 2680 156 124 E.

1064 2864 840 156 Diederichs,
1988 2864 360 124 1926.

1224 3060 64 96 4
1356 3084 100 92 p.
1520 3064 44 92 l
1572 3136 52 40 .,
1684 3060 240 116 212,
2000 3056 92 120 [3
2096 3084 28 80 ]
2200 3084 100 92 p.
2444 3056 1212 116 22ͨͫ.

1064 3204 124 112 ©
1256 3236 284 92 Nov.
1604 3228 164 116 14,
1836 3228 204 96 192
2048 3228 64 96 6
2152 3252 20 80 ;
2244 3228 60 92 1
2292 3224 112 100 c.
2476 3228 272 112 May
2812 3224 96 116 6,
2976 3224 336 112 1927;
3384 3224 100 96 A
3488 3280 84 12 —
3636 3224 492 116 Foreign
4196 3224 64 96 3
4268 3224 336 112 4781;
4688 3224 392 120 Eugen
5152 3228 536 96 Diederic
5696 3236 72 88 h
5780 3260 52 64 s

1224 3372 432 108 verlag.
1824 3364 672 116 (27-22177)
5324 3364 284 100 9220

1064 3596 496 148 Grant,
1640 3592 496 124 Elliott
2204 3588 784 128 Mansfield.

1232 3780 532 124 French
1848 3792 484 148 poetry
2408 3776 272 128 and
2760 3776 564 128 modern
3404 3776 676 164 industry,
4168 3784 324 120 1830
4492 3856 88 12 –
4588 3776 360 164 1870,
5032 3824 76 80 a
5192 3780 408 164 study
5684 3780 148 124 of

1064 3968 220 128 the
1384 3976 728 116 treatment
2212 3960 156 128 of
2464 3960 632 168 industry
3200 3964 264 124 and
3568 3960 832 128 mechanical
4500 3964 452 164 power
5056 3964 144 128 in
5300 3964 520 128 French

1068 4168 484 148 poetry
1632 4152 508 160 during
2212 4152 228 124 the
2520 4148 452 164 reigns
3044 4144 156 132 of
3272 4144 1136 168 Louis-Philippe
4492 4152 268 124 and
4840 4148 700 164 Napoleon
5720 4160 216 148 III,

1064 4340 176 164 by
1324 4336 504 128 Elliott
1908 4336 728 128 Mansfield
2724 4332 448 132 Grant
3284 4340 84 148 …
3596 4332 868 168 Cambridge,
4552 4336 652 128 Harvard
5296 4336 532 128 univer-

1060 4528 268 164 sity
1404 4568 416 124 press,
1896 4524 360 128 1927.

1228 4720 236 116 viii,
1528 4720 208 96 218
1796 4744 104 92 p.
2028 4720 616 108 24ͨͫ
2288 4796 20 20 .
2464 4716 716 116 (Half-title:
3240 4716 552 100 Harvard
3860 4720 448 96 studies
4372 4720 120 96 in
4560 4716 580 100 Romance
5204 4720 628 116 languages

1108 4884 72 84 …
1324 4856 224 104 vol.
1612 4856 176 116 VI)

1228 5024 900 116 Bibliography:
2204 5048 104 92 p.
2380 5020 520 100 205–212.

1068 5188 124 120 ©
1272 5200 304 112 Sept.
1648 5200 164 112 15,
1884 5196 336 112 1927;
2296 5196 164 96 2c.
2540 5196 308 112 Sept.
2920 5192 192 112 19;
3192 5192 200 96 aff.
3468 5192 308 116 Sept.
3844 5200 64 88 2
3916 5204 68 88 3
4024 5220 20 88 ;
4124 5196 100 92 A
4296 5192 540 116 1007130;
4924 5200 612 96 President
5604 5200 224 92 and

1228 5336 456 96 fellows
1744 5336 128 96 of
1932 5336 548 92 Harvard
2544 5336 456 108 college,
3072 5328 716 120 Cambridge,
3860 5336 352 96 Mass.
4368 5332 668 120 (27-22321)
5324 5332 284 100 9221

1068 5560 524 148 Graux,
1668 5560 568 148 Lucien,
2324 5556 312 128 1878
2644 5636 84 12 –

1332 5764 80 128 …
1492 5748 188 128 Le
1780 5748 600 128 Docteur
2488 5744 660 164 illuminé,
3252 5788 512 84 roman.
3956 5744 448 164 Paris,
4504 5748 176 128 A.
4784 5748 556 164 Fayard
5444 5760 136 116 et
5684 5764 252 128 cͥͤ

1116 5936 420 160 [ͨ1927]

1224 6136 64 92 2
1356 6156 100 92 p.
1524 6128 44 88 l
1576 6204 56 40 .,
1696 6128 240 116 419,
2012 6128 92 120 [1
2120 6176 24 72 ]
2216 6152 108 92 p.
2464 6128 680 112 19ͨͫ
2712 6164 24 56 .

1228 6300 152 96 At
1444 6300 296 96 head
1812 6296 124 100 of
2008 6296 320 100 title:
2404 6300 144 108 Dͬ
2620 6296 916 100 Lucien-Graux.

1076 6460 116 112 ©
1272 6468 264 96 Feb.
1608 6460 92 120 1,
1776 6468 336 108 1927;
2192 6484 152 88 1c.
2420 6468 112 92 M
2540 6492 168 72 ar.
2780 6468 196 108 28;
3052 6464 744 116 A—Foreign
3864 6468 412 112 33753;
4352 6468 124 100 L.
4552 6468 432 116 Graux,
5060 6468 372 100 Paris.

1256 6604 668 120 (27-22209)
5320 6600 288 100 9222

1064 6832 752 144 Hartman,
1892 6828 464 152 Leroy
2428 6828 324 124 Leo.

1236 7020 288 124 The
1612 7032 204 108 tee
1824 7032 60 108 t
1888 7016 88 124 h
2064 7016 268 124 and
2428 7016 228 124 the
2744 7056 312 84 mou
3068 7028 56 112 t
3128 7012 132 160 h,
3348 7012 180 164 by
3612 7016 444 164 Leroy
4140 7016 156 124 L.
4384 7016 696 128 Hartman
5156 7024 84 136 …
5500 7020 320 124 New

1076 7204 424 156 York,
1580 7200 616 156 London,
2280 7200 168 124 D.
2540 7200 704 160 Appleton
3324 7200 272 124 and
3680 7240 712 124 company,
4480 7200 352 128 1927.

1236 7396 64 96 5
1368 7424 108 88 p.
1548 7400 40 92 l
1600 7432 52 76 .,
1728 7396 64 96 3
1808 7448 60 12 –
1872 7396 132 96 93
2080 7420 100 88 p.
2328 7392 752 112 19½ͨͫ.
2840 7396 36 108 (
2900 7396 112 88 H
3024 7392 532 116 alf-title:
3632 7396 568 112 Appleton
4280 7396 488 112 popular
4844 7396 400 96 health
5324 7396 412 112 series)

1076 7536 124 112 ©
1260 7568 240 96 Oct.
1560 7568 168 108 21,
1792 7564 332 112 1927;
2188 7564 164 96 2c.
2416 7568 224 92 and
2704 7564 196 96 aff.
2964 7564 240 96 Oct.
3268 7564 200 112 25;
3532 7564 96 92 A
3692 7564 544 112 1004778;
4308 7564 136 100 D.
4504 7564 576 116 Appleton
5140 7564 84 100 &
5288 7592 160 72 co.

1256 7700 668 120 (27-22454)
5320 7696 284 104 9223

1072 7924 612 148 Holmes,
1756 7924 616 124 Thomas
2444 7924 524 148 James,
3052 7920 320 128 1874
3368 8000 96 20 –

1236 8116 292 120 The
1632 8108 548 128 Mather
2284 8112 44 120 l
2340 8108 340 128 itera
2696 8120 52 112 t
2760 8152 272 116 ure,
3132 8108 176 164 by
3416 8108 592 128 Thomas
4108 8112 140 124 J.
4356 8108 228 128 Ho
4592 8108 44 128 l
4648 8156 272 84 mes
5028 8120 84 132 …
5360 8108 112 132 C
5480 8112 44 120 l
5536 8156 152 76 ev
5700 8152 60 80 e
5776 8184 32 16 -

1080 8296 360 152 land,
1516 8292 380 128 Priv.
1980 8292 416 164 print.
2484 8292 224 128 for
2784 8296 216 128 W.
3080 8292 160 132 G.
3320 8292 592 164 Mather,
3996 8292 360 128 1927.

1236 8492 196 112 vii,
1496 8488 132 100 64
1692 8516 132 88 p.,
1892 8488 60 96 1
2016 8496 40 88 l
2068 8564 20 24 .
2232 8484 752 116 19½ͨͫ.

1244 8652 536 100 "Edition
1864 8652 124 96 of
2064 8652 208 96 250
2348 8652 416 116 copies.
2908 8652 508 96 Number
3500 8652 640 96 exhibition
4224 8652 388 116 copy."

1244 8792 304 92 "The
1612 8788 604 112 following
2284 8812 360 88 paper
2708 8812 240 68 was
3020 8788 276 96 read
3368 8784 396 100 before
3836 8788 192 96 the
4096 8788 552 96 Rowfant
4716 8792 292 108 club,
5080 8784 120 96 in
5268 8784 536 96 Rowfant

1080 8920 236 96 ball
1420 8948 140 68 on
1668 8920 644 96 November
2416 8924 164 96 14.
2684 8916 304 116 1925,
3092 8944 132 72 as
3324 8948 148 68 an
3580 8920 784 96 introduction
4476 8928 112 88 to
4692 8948 148 68 an
4948 8920 632 96 exhibition
5688 8916 120 96 of

1080 9060 348 96 books
1440 9156 4 12 .
1508 9056 496 96 selected
2088 9056 304 92 from
2480 9056 192 92 the
2760 9052 740 96 Matheriana
3588 9052 116 96 in
3792 9056 192 92 the
4068 9052 444 116 library
4596 9052 124 100 of
4800 9052 508 100 William
5404 9052 396 100 Gwinn

1080 9184 812 120 Mather."—p.
1964 9216 104 72 v.

1076 9336 120 112 ©
1308 9356 304 116 Sept.
1712 9356 160 116 15,
1976 9356 332 120 1927;
2412 9356 160 96 2c.
2672 9360 224 88 and
3000 9352 196 100 aff.
3300 9356 240 96 Oct.
3644 9348 192 104 10:
3940 9356 96 92 A
4140 9356 40 92 1
4204 9348 356 100 00459
4560 9356 60 88 5
4660 9384 20 72 :
4792 9352 508 100 William
5404 9348 400 100 Gwinn

1236 9492 492 112 Mather,
1812 9492 652 96 Cleveland.
2632 9488 668 116 (27-22419)
5312 9480 280 104 9224
