<?xml version="1.0"?>
<alto xmlns="http://www.loc.gov/standards/alto/ns-v2#" xmlns:xlink="http://www.w3.org/1999/xlink" xmlns:xsi="http://www.w3.org/2001/XMLSchema-instance" xsi:schemaLocation="http://www.loc.gov/standards/alto/ns-v2# http://www.loc.gov/standards/alto/alto-v2.0.xsd">
	<Description>
		<MeasurementUnit>inch1200</MeasurementUnit>
		<sourceImageInformation>
			<fileIdentifier>catalogofcopyrig241libr_001-1920_Page_0047.jpgf</fileIdentifier>
		</sourceImageInformation>
		<OCRProcessing ID="OCR1">
			<ocrProcessingStep>
				<processingDateTime>2018-03-12T10:44:32</processingDateTime>
				<processingAgency>Data Conversion Laboratory</processingAgency>
				<processingSoftware>
					<softwareCreator>Prime</softwareCreator>
					<softwareName>Prime OCR</softwareName>
					<softwareVersion>4.40</softwareVersion>
				</processingSoftware>
			</ocrProcessingStep>
			<postProcessingStep>
				<processingDateTime>2018-03-21T10:33:29</processingDateTime>
				<processingAgency>Data Conversion Laboratory</processingAgency>
				<processingStepDescription>PRO -&gt; ALTO</processingStepDescription>
				<processingSoftware>
					<softwareCreator>Data Conversion Laboratory</softwareCreator>
					<softwareName>pro2alto.2018.02.27</softwareName>
					<softwareVersion>2.0</softwareVersion>
				</processingSoftware>
			</postProcessingStep>
		</OCRProcessing>
	</Description>
<Styles>
		<TextStyle ID="Style_1" FONTSIZE="8" FONTTYPE="serif" FONTWIDTH="fixed" FONTSTYLE="bold underline"/>
		<TextStyle ID="Style_2" FONTSIZE="10" FONTTYPE="serif" FONTWIDTH="proportional" FONTSTYLE="bold"/>
		<TextStyle ID="Style_3" FONTSIZE="10" FONTTYPE="serif" FONTWIDTH="proportional"/>
		<TextStyle ID="Style_4" FONTSIZE="8" FONTTYPE="serif" FONTWIDTH="proportional"/>
		<TextStyle ID="Style_5" FONTSIZE="7" FONTTYPE="serif" FONTWIDTH="proportional"/>
		<TextStyle ID="Style_6" FONTSIZE="8" FONTTYPE="serif" FONTWIDTH="proportional" FONTSTYLE="subscript"/>
		<TextStyle ID="Style_7" FONTSIZE="9" FONTTYPE="serif" FONTWIDTH="proportional"/>
		<TextStyle ID="Style_8" FONTSIZE="11" FONTTYPE="serif" FONTWIDTH="proportional"/>
		<TextStyle ID="Style_9" FONTSIZE="8" FONTTYPE="serif" FONTWIDTH="fixed" FONTSTYLE="bold"/>
		<TextStyle ID="Style_10" FONTSIZE="10" FONTTYPE="serif" FONTWIDTH="proportional" FONTSTYLE="italics"/>
		<TextStyle ID="Style_11" FONTSIZE="8" FONTTYPE="serif" FONTWIDTH="proportional" FONTSTYLE="bold"/>
		<TextStyle ID="Style_12" FONTSIZE="6" FONTTYPE="serif" FONTWIDTH="proportional" FONTSTYLE="bold"/>
		<TextStyle ID="Style_13" FONTSIZE="7" FONTTYPE="serif" FONTWIDTH="proportional" FONTSTYLE="bold"/>
		<TextStyle ID="Style_14" FONTSIZE="9" FONTTYPE="serif" FONTWIDTH="proportional" FONTSTYLE="bold"/>
		<TextStyle ID="Style_15" FONTSIZE="9" FONTTYPE="serif" FONTWIDTH="proportional" FONTSTYLE="italics"/>
	</Styles>
	<Layout>
		<Page ID="Page_1" PHYSICAL_IMG_NR="1" HEIGHT="10352" WIDTH="5984">
			<PrintSpace ID="PS_1" HPOS="0" VPOS="0" HEIGHT="10352" WIDTH="5984">
				<TextBlock ID="TB_1.1" HPOS="4820" VPOS="448" WIDTH="492" HEIGHT="292">
					<TextLine ID="TL_1.1.1" HPOS="4964" VPOS="580" HEIGHT="100" WIDTH="216">
						<String CONTENT="312" ID="St_1.1.1.1" HPOS="4964" VPOS="580" HEIGHT="100" WIDTH="216" STYLEREFS="Style_1" WC="1" CC="000"/>
					</TextLine>
				</TextBlock>
				<TextBlock ID="TB_1.2" HPOS="288" VPOS="840" WIDTH="5240" HEIGHT="9104">
					<TextLine ID="TL_1.2.1" HPOS="408" VPOS="944" HEIGHT="156" WIDTH="3116">
						<String CONTENT="Thomazi," ID="St_1.2.1.1" HPOS="408" VPOS="952" HEIGHT="148" WIDTH="712" STYLEREFS="Style_2" WC="1" CC="00000000"/>
						<SP ID="SP_1.2.1.2" HPOS="1100" VPOS="1000" WIDTH="56"/>
						<String CONTENT="Auguste" ID="St_1.2.1.3" HPOS="1196" VPOS="952" HEIGHT="148" WIDTH="660" STYLEREFS="Style_3" WC="1" CC="0000000"/>
						<SP ID="SP_1.2.1.4" HPOS="1816" VPOS="972" WIDTH="76"/>
						<String CONTENT="Antoine" ID="St_1.2.1.5" HPOS="1932" VPOS="944" HEIGHT="128" WIDTH="620" STYLEREFS="Style_3" WC="1" CC="0000000"/>
						<String CONTENT="&#151;" ID="St_1.2.1.6" HPOS="2560" VPOS="1020" HEIGHT="20" WIDTH="180" STYLEREFS="Style_4" WC="1" CC="0"/>
						<String CONTENT="Continued" ID="St_1.2.1.7" HPOS="2748" VPOS="944" HEIGHT="128" WIDTH="776" STYLEREFS="Style_4" WC="1" CC="000000000"/>
					</TextLine>
					<TextLine ID="TL_1.2.2" HPOS="572" VPOS="1128" HEIGHT="136" WIDTH="4616">
						<String CONTENT="3" ID="St_1.2.2.1" HPOS="572" VPOS="1152" HEIGHT="96" WIDTH="64" STYLEREFS="Style_4" WC="1" CC="0"/>
						<SP ID="SP_1.2.2.2" HPOS="600" VPOS="1148" WIDTH="88"/>
						<String CONTENT="p." ID="St_1.2.2.3" HPOS="744" VPOS="1176" HEIGHT="88" WIDTH="108" STYLEREFS="Style_4" WC="1" CC="00"/>
						<SP ID="SP_1.2.2.4" HPOS="836" VPOS="1184" WIDTH="64"/>
						<String CONTENT="l" ID="St_1.2.2.5" HPOS="956" VPOS="1152" HEIGHT="92" WIDTH="40" STYLEREFS="Style_4" WC="1" CC="0"/>
						<String CONTENT=".," ID="St_1.2.2.6" HPOS="1008" VPOS="1224" HEIGHT="36" WIDTH="56" STYLEREFS="Style_4" WC="1" CC="00"/>
						<SP ID="SP_1.2.2.7" HPOS="1048" VPOS="1184" WIDTH="68"/>
						<String CONTENT="[" ID="St_1.2.2.8" HPOS="1176" VPOS="1196" HEIGHT="68" WIDTH="24" STYLEREFS="Style_4" WC="1" CC="0"/>
						<String CONTENT="9" ID="St_1.2.2.9" HPOS="1208" VPOS="1144" HEIGHT="100" WIDTH="68" STYLEREFS="Style_5" WC="0.988888888888889" CC="1"/>
						<String CONTENT="]&#150;" ID="St_1.2.2.10" HPOS="1284" VPOS="1192" HEIGHT="68" WIDTH="108" STYLEREFS="Style_5" WC="0.991111111111111" CC="00"/>
						<String CONTENT="256" ID="St_1.2.2.11" HPOS="1392" VPOS="1140" HEIGHT="100" WIDTH="204" STYLEREFS="Style_5" WC="0.992222222222222" CC="000"/>
						<SP ID="SP_1.2.2.12" HPOS="1560" VPOS="1144" WIDTH="88"/>
						<String CONTENT="p." ID="St_1.2.2.13" HPOS="1704" VPOS="1172" HEIGHT="88" WIDTH="100" STYLEREFS="Style_5" WC="0.993333333333333" CC="00"/>
						<SP ID="SP_1.2.2.14" HPOS="1792" VPOS="1184" WIDTH="96"/>
						<String CONTENT="illus." ID="St_1.2.2.15" HPOS="1980" VPOS="1140" HEIGHT="96" WIDTH="312" STYLEREFS="Style_5" WC="0.995555555555556" CC="000000"/>
						<SP ID="SP_1.2.2.16" HPOS="2276" VPOS="1184" WIDTH="44"/>
						<String CONTENT="(maps)" ID="St_1.2.2.17" HPOS="2360" VPOS="1136" HEIGHT="120" WIDTH="444" STYLEREFS="Style_5" WC="0.995555555555556" CC="000000"/>
						<SP ID="SP_1.2.2.18" HPOS="2780" VPOS="1140" WIDTH="216"/>
						<String CONTENT="2" ID="St_1.2.2.19" HPOS="3000" VPOS="1136" HEIGHT="92" WIDTH="68" STYLEREFS="Style_5" WC="0.984444444444444" CC="0"/>
						<String CONTENT="3&#x0368;&#x036b;" ID="St_1.2.2.20" HPOS="3072" VPOS="1140" HEIGHT="120" WIDTH="608" STYLEREFS="Style_6" WC="0.985555555555556" CC="000"/>
						<String CONTENT="." ID="St_1.2.2.21" HPOS="3260" VPOS="1212" HEIGHT="20" WIDTH="20" STYLEREFS="Style_6" WC="0.985555555555556" CC="0"/>
						<SP ID="SP_1.2.2.22" HPOS="3264" VPOS="1180" WIDTH="112"/>
						<String CONTENT="(Collection" ID="St_1.2.2.23" HPOS="3484" VPOS="1132" HEIGHT="116" WIDTH="696" STYLEREFS="Style_6" WC="0.988888888888889" CC="00000000000"/>
						<SP ID="SP_1.2.2.24" HPOS="4136" VPOS="1152" WIDTH="96"/>
						<String CONTENT="de" ID="St_1.2.2.25" HPOS="4292" VPOS="1136" HEIGHT="96" WIDTH="136" STYLEREFS="Style_6" WC="0.988888888888889" CC="00"/>
						<SP ID="SP_1.2.2.26" HPOS="4392" VPOS="1152" WIDTH="88"/>
						<String CONTENT="m" ID="St_1.2.2.27" HPOS="4544" VPOS="1160" HEIGHT="64" WIDTH="108" STYLEREFS="Style_6" WC="0.99" CC="0"/>
						<String CONTENT="&#233;" ID="St_1.2.2.28" HPOS="4664" VPOS="1128" HEIGHT="100" WIDTH="60" STYLEREFS="Style_6" WC="0.99" CC="0"/>
						<String CONTENT="moires," ID="St_1.2.2.29" HPOS="4732" VPOS="1128" HEIGHT="120" WIDTH="456" STYLEREFS="Style_6" WC="0.991111111111111" CC="0000000"/>
					</TextLine>
					<TextLine ID="TL_1.2.3" HPOS="412" VPOS="1268" HEIGHT="124" WIDTH="4492">
						<String CONTENT="&#233;t" ID="St_1.2.3.1" HPOS="412" VPOS="1284" HEIGHT="96" WIDTH="112" STYLEREFS="Style_6" WC="0.944444444444444" CC="01"/>
						<String CONTENT="u" ID="St_1.2.3.2" HPOS="532" VPOS="1312" HEIGHT="68" WIDTH="72" STYLEREFS="Style_6" WC="0.851111111111111" CC="3"/>
						<String CONTENT="des" ID="St_1.2.3.3" HPOS="612" VPOS="1288" HEIGHT="92" WIDTH="204" STYLEREFS="Style_6" WC="0.925555555555556" CC="000"/>
						<SP ID="SP_1.2.3.4" HPOS="784" VPOS="1292" WIDTH="60"/>
						<String CONTENT="et" ID="St_1.2.3.5" HPOS="880" VPOS="1288" HEIGHT="88" WIDTH="116" STYLEREFS="Style_6" WC="0.95" CC="00"/>
						<SP ID="SP_1.2.3.6" HPOS="968" VPOS="1284" WIDTH="60"/>
						<String CONTENT="documents" ID="St_1.2.3.7" HPOS="1064" VPOS="1284" HEIGHT="92" WIDTH="668" STYLEREFS="Style_6" WC="0.975555555555556" CC="000000000"/>
						<SP ID="SP_1.2.3.8" HPOS="1700" VPOS="1292" WIDTH="64"/>
						<String CONTENT="pour" ID="St_1.2.3.9" HPOS="1804" VPOS="1304" HEIGHT="88" WIDTH="292" STYLEREFS="Style_6" WC="0.981111111111111" CC="0000"/>
						<SP ID="SP_1.2.3.10" HPOS="2064" VPOS="1292" WIDTH="64"/>
						<String CONTENT="servir" ID="St_1.2.3.11" HPOS="2164" VPOS="1272" HEIGHT="100" WIDTH="372" STYLEREFS="Style_6" WC="0.985555555555556" CC="000000"/>
						<SP ID="SP_1.2.3.12" HPOS="2504" VPOS="1292" WIDTH="60"/>
						<String CONTENT="&#224;" ID="St_1.2.3.13" HPOS="2604" VPOS="1276" HEIGHT="92" WIDTH="64" STYLEREFS="Style_6" WC="0.985555555555556" CC="0"/>
						<SP ID="SP_1.2.3.14" HPOS="2632" VPOS="1276" WIDTH="72"/>
						<String CONTENT="l&apos;histoire" ID="St_1.2.3.15" HPOS="2740" VPOS="1268" HEIGHT="124" WIDTH="572" STYLEREFS="Style_6" WC="0.986666666666667" CC="0000000000"/>
						<SP ID="SP_1.2.3.16" HPOS="3276" VPOS="1288" WIDTH="68"/>
						<String CONTENT="de" ID="St_1.2.3.17" HPOS="3384" VPOS="1272" HEIGHT="92" WIDTH="136" STYLEREFS="Style_6" WC="0.987777777777778" CC="00"/>
						<SP ID="SP_1.2.3.18" HPOS="3484" VPOS="1288" WIDTH="64"/>
						<String CONTENT="la" ID="St_1.2.3.19" HPOS="3588" VPOS="1272" HEIGHT="92" WIDTH="120" STYLEREFS="Style_6" WC="0.988888888888889" CC="00"/>
						<SP ID="SP_1.2.3.20" HPOS="3668" VPOS="1284" WIDTH="72"/>
						<String CONTENT="guerre" ID="St_1.2.3.21" HPOS="3780" VPOS="1292" HEIGHT="88" WIDTH="408" STYLEREFS="Style_6" WC="0.99" CC="000000"/>
						<SP ID="SP_1.2.3.22" HPOS="4156" VPOS="1284" WIDTH="64"/>
						<String CONTENT="mondiale)" ID="St_1.2.3.23" HPOS="4260" VPOS="1268" HEIGHT="112" WIDTH="644" STYLEREFS="Style_6" WC="0.991111111111111" CC="000000000"/>
					</TextLine>
					<TextLine ID="TL_1.2.4" HPOS="572" VPOS="1408" HEIGHT="104" WIDTH="1932">
						<String CONTENT="At" ID="St_1.2.4.1" HPOS="572" VPOS="1420" HEIGHT="92" WIDTH="156" STYLEREFS="Style_6" WC="1" CC="00"/>
						<SP ID="SP_1.2.4.2" HPOS="700" VPOS="1416" WIDTH="56"/>
						<String CONTENT="head" ID="St_1.2.4.3" HPOS="788" VPOS="1416" HEIGHT="96" WIDTH="300" STYLEREFS="Style_6" WC="1" CC="0000"/>
						<SP ID="SP_1.2.4.4" HPOS="1048" VPOS="1412" WIDTH="68"/>
						<String CONTENT="of" ID="St_1.2.4.5" HPOS="1148" VPOS="1416" HEIGHT="96" WIDTH="124" STYLEREFS="Style_6" WC="1" CC="00"/>
						<SP ID="SP_1.2.4.6" HPOS="1240" VPOS="1412" WIDTH="56"/>
						<String CONTENT="title:" ID="St_1.2.4.7" HPOS="1328" VPOS="1412" HEIGHT="96" WIDTH="328" STYLEREFS="Style_6" WC="1" CC="000000"/>
						<SP ID="SP_1.2.4.8" HPOS="1640" VPOS="1424" WIDTH="44"/>
						<String CONTENT="A." ID="St_1.2.4.9" HPOS="1720" VPOS="1412" HEIGHT="96" WIDTH="132" STYLEREFS="Style_6" WC="1" CC="00"/>
						<SP ID="SP_1.2.4.10" HPOS="1836" VPOS="1448" WIDTH="44"/>
						<String CONTENT="Thomazi." ID="St_1.2.4.11" HPOS="1912" VPOS="1408" HEIGHT="100" WIDTH="592" STYLEREFS="Style_6" WC="1" CC="00000000"/>
					</TextLine>
					<TextLine ID="TL_1.2.5" HPOS="580" VPOS="1540" HEIGHT="124" WIDTH="2132">
						<String CONTENT="&quot;Premier" ID="St_1.2.5.1" HPOS="580" VPOS="1548" HEIGHT="96" WIDTH="584" STYLEREFS="Style_6" WC="1" CC="00000000"/>
						<SP ID="SP_1.2.5.2" HPOS="1136" VPOS="1560" WIDTH="56"/>
						<String CONTENT="tirage" ID="St_1.2.5.3" HPOS="1228" VPOS="1548" HEIGHT="116" WIDTH="372" STYLEREFS="Style_6" WC="1" CC="000000"/>
						<SP ID="SP_1.2.5.4" HPOS="1564" VPOS="1556" WIDTH="64"/>
						<String CONTENT="novembre" ID="St_1.2.5.5" HPOS="1660" VPOS="1544" HEIGHT="96" WIDTH="616" STYLEREFS="Style_6" WC="1" CC="00000000"/>
						<SP ID="SP_1.2.5.6" HPOS="2240" VPOS="1556" WIDTH="64"/>
						<String CONTENT="1926.&quot;" ID="St_1.2.5.7" HPOS="2336" VPOS="1540" HEIGHT="100" WIDTH="376" STYLEREFS="Style_6" WC="1" CC="000000"/>
					</TextLine>
					<TextLine ID="TL_1.2.6" HPOS="580" VPOS="1668" HEIGHT="120" WIDTH="3436">
						<String CONTENT="&quot;Liste" ID="St_1.2.6.1" HPOS="580" VPOS="1684" HEIGHT="96" WIDTH="388" STYLEREFS="Style_6" WC="1" CC="000000"/>
						<SP ID="SP_1.2.6.2" HPOS="932" VPOS="1692" WIDTH="60"/>
						<String CONTENT="des" ID="St_1.2.6.3" HPOS="1020" VPOS="1688" HEIGHT="88" WIDTH="196" STYLEREFS="Style_6" WC="1" CC="000"/>
						<SP ID="SP_1.2.6.4" HPOS="1188" VPOS="1692" WIDTH="56"/>
						<String CONTENT="documents" ID="St_1.2.6.5" HPOS="1276" VPOS="1684" HEIGHT="92" WIDTH="672" STYLEREFS="Style_6" WC="1" CC="000000000"/>
						<SP ID="SP_1.2.6.6" HPOS="1912" VPOS="1688" WIDTH="56"/>
						<String CONTENT="et" ID="St_1.2.6.7" HPOS="2000" VPOS="1684" HEIGHT="88" WIDTH="116" STYLEREFS="Style_6" WC="1" CC="00"/>
						<SP ID="SP_1.2.6.8" HPOS="2088" VPOS="1680" WIDTH="56"/>
						<String CONTENT="ouvrages" ID="St_1.2.6.9" HPOS="2176" VPOS="1700" HEIGHT="88" WIDTH="568" STYLEREFS="Style_6" WC="1" CC="00000000"/>
						<SP ID="SP_1.2.6.10" HPOS="2712" VPOS="1688" WIDTH="56"/>
						<String CONTENT="consult&#233;s&quot;:" ID="St_1.2.6.11" HPOS="2800" VPOS="1668" HEIGHT="100" WIDTH="720" STYLEREFS="Style_6" WC="0.994444444444444" CC="00000000110"/>
						<SP ID="SP_1.2.6.12" HPOS="3500" VPOS="1684" WIDTH="48"/>
						<String CONTENT="p." ID="St_1.2.6.13" HPOS="3584" VPOS="1696" HEIGHT="88" WIDTH="104" STYLEREFS="Style_6" WC="0.994444444444444" CC="00"/>
						<SP ID="SP_1.2.6.14" HPOS="3672" VPOS="1712" WIDTH="44"/>
						<String CONTENT="[244]" ID="St_1.2.6.15" HPOS="3756" VPOS="1668" HEIGHT="120" WIDTH="260" STYLEREFS="Style_6" WC="0.986666666666667" CC="00004"/>
					</TextLine>
					<TextLine ID="TL_1.2.7" HPOS="416" VPOS="1784" HEIGHT="144" WIDTH="4572">
						<String CONTENT="&#169;" ID="St_1.2.7.1" HPOS="416" VPOS="1784" HEIGHT="112" WIDTH="116" STYLEREFS="Style_6" WC="0.222222222222222" CC="7"/>
						<SP ID="SP_1.2.7.2" HPOS="472" VPOS="1796" WIDTH="100"/>
						<String CONTENT="Nov." ID="St_1.2.7.3" HPOS="612" VPOS="1820" HEIGHT="92" WIDTH="284" STYLEREFS="Style_6" WC="0.795555555555556" CC="0000"/>
						<SP ID="SP_1.2.7.4" HPOS="880" VPOS="1848" WIDTH="44"/>
						<String CONTENT="26," ID="St_1.2.7.5" HPOS="960" VPOS="1816" HEIGHT="112" WIDTH="168" STYLEREFS="Style_6" WC="0.877777777777778" CC="000"/>
						<SP ID="SP_1.2.7.6" HPOS="1116" VPOS="1848" WIDTH="44"/>
						<String CONTENT="1926;" ID="St_1.2.7.7" HPOS="1200" VPOS="1812" HEIGHT="116" WIDTH="340" STYLEREFS="Style_6" WC="0.916666666666667" CC="00001"/>
						<SP ID="SP_1.2.7.8" HPOS="1524" VPOS="1824" WIDTH="52"/>
						<String CONTENT="1c." ID="St_1.2.7.9" HPOS="1620" VPOS="1812" HEIGHT="96" WIDTH="160" STYLEREFS="Style_6" WC="0.927777777777778" CC="000"/>
						<SP ID="SP_1.2.7.10" HPOS="1764" VPOS="1848" WIDTH="48"/>
						<String CONTENT="Jan." ID="St_1.2.7.11" HPOS="1852" VPOS="1812" HEIGHT="96" WIDTH="264" STYLEREFS="Style_6" WC="0.942222222222222" CC="0000"/>
						<SP ID="SP_1.2.7.12" HPOS="2100" VPOS="1848" WIDTH="48"/>
						<String CONTENT="12," ID="St_1.2.7.13" HPOS="2188" VPOS="1812" HEIGHT="108" WIDTH="164" STYLEREFS="Style_6" WC="0.95" CC="000"/>
						<SP ID="SP_1.2.7.14" HPOS="2336" VPOS="1844" WIDTH="52"/>
						<String CONTENT="1927;" ID="St_1.2.7.15" HPOS="2428" VPOS="1808" HEIGHT="108" WIDTH="340" STYLEREFS="Style_6" WC="0.957777777777778" CC="00000"/>
						<SP ID="SP_1.2.7.16" HPOS="2752" VPOS="1820" WIDTH="52"/>
						<String CONTENT="A&#151;Foreign" ID="St_1.2.7.17" HPOS="2844" VPOS="1804" HEIGHT="112" WIDTH="744" STYLEREFS="Style_6" WC="0.967777777777778" CC="000000000"/>
						<SP ID="SP_1.2.7.18" HPOS="3548" VPOS="1820" WIDTH="72"/>
						<String CONTENT="32870;" ID="St_1.2.7.19" HPOS="3660" VPOS="1800" HEIGHT="116" WIDTH="412" STYLEREFS="Style_6" WC="0.972222222222222" CC="000000"/>
						<SP ID="SP_1.2.7.20" HPOS="4056" VPOS="1820" WIDTH="56"/>
						<String CONTENT="Payot." ID="St_1.2.7.21" HPOS="4156" VPOS="1808" HEIGHT="108" WIDTH="408" STYLEREFS="Style_6" WC="0.974444444444444" CC="000000"/>
						<SP ID="SP_1.2.7.22" HPOS="4548" VPOS="1812" WIDTH="224"/>
						<String CONTENT="307" ID="St_1.2.7.23" HPOS="4776" VPOS="1796" HEIGHT="100" WIDTH="212" STYLEREFS="Style_6" WC="0.97" CC="000"/>
					</TextLine>
					<TextLine ID="TL_1.2.8" HPOS="404" VPOS="2000" HEIGHT="160" WIDTH="3164">
						<String CONTENT="Thompson," ID="St_1.2.8.1" HPOS="404" VPOS="2008" HEIGHT="152" WIDTH="848" STYLEREFS="Style_6" WC="1" CC="000000000"/>
						<SP ID="SP_1.2.8.2" HPOS="1228" VPOS="2056" WIDTH="56"/>
						<String CONTENT="Seymour" ID="St_1.2.8.3" HPOS="1324" VPOS="2004" HEIGHT="148" WIDTH="688" STYLEREFS="Style_6" WC="1" CC="0000000"/>
						<SP ID="SP_1.2.8.4" HPOS="1972" VPOS="2024" WIDTH="68"/>
						<String CONTENT="Dwight," ID="St_1.2.8.5" HPOS="2080" VPOS="2000" HEIGHT="152" WIDTH="628" STYLEREFS="Style_6" WC="1" CC="0000000"/>
						<SP ID="SP_1.2.8.6" HPOS="2684" VPOS="2052" WIDTH="60"/>
						<String CONTENT="1842" ID="St_1.2.8.7" HPOS="2788" VPOS="2004" HEIGHT="120" WIDTH="320" STYLEREFS="Style_6" WC="1" CC="0000"/>
						<String CONTENT="&#150;" ID="St_1.2.8.8" HPOS="3112" VPOS="2076" HEIGHT="12" WIDTH="88" STYLEREFS="Style_6" WC="1" CC="0"/>
						<String CONTENT="1904." ID="St_1.2.8.9" HPOS="3208" VPOS="2000" HEIGHT="120" WIDTH="360" STYLEREFS="Style_6" WC="1" CC="00000"/>
					</TextLine>
					<TextLine ID="TL_1.2.9" HPOS="584" VPOS="2176" HEIGHT="168" WIDTH="4604">
						<String CONTENT="Commentaries" ID="St_1.2.9.1" HPOS="584" VPOS="2188" HEIGHT="132" WIDTH="1072" STYLEREFS="Style_7" WC="1" CC="000000000000"/>
						<SP ID="SP_1.2.9.2" HPOS="1620" VPOS="2216" WIDTH="76"/>
						<String CONTENT="on" ID="St_1.2.9.3" HPOS="1740" VPOS="2232" HEIGHT="80" WIDTH="176" STYLEREFS="Style_7" WC="1" CC="00"/>
						<SP ID="SP_1.2.9.4" HPOS="1864" VPOS="2212" WIDTH="92"/>
						<String CONTENT="the" ID="St_1.2.9.5" HPOS="2004" VPOS="2188" HEIGHT="124" WIDTH="232" STYLEREFS="Style_7" WC="1" CC="000"/>
						<SP ID="SP_1.2.9.6" HPOS="2196" VPOS="2216" WIDTH="76"/>
						<String CONTENT="law" ID="St_1.2.9.7" HPOS="2316" VPOS="2188" HEIGHT="120" WIDTH="272" STYLEREFS="Style_7" WC="1" CC="000"/>
						<SP ID="SP_1.2.9.8" HPOS="2520" VPOS="2212" WIDTH="108"/>
						<String CONTENT="of" ID="St_1.2.9.9" HPOS="2672" VPOS="2184" HEIGHT="124" WIDTH="152" STYLEREFS="Style_7" WC="1" CC="00"/>
						<SP ID="SP_1.2.9.10" HPOS="2788" VPOS="2192" WIDTH="76"/>
						<String CONTENT="corporations," ID="St_1.2.9.11" HPOS="2912" VPOS="2180" HEIGHT="164" WIDTH="984" STYLEREFS="Style_7" WC="1" CC="0000000000000"/>
						<SP ID="SP_1.2.9.12" HPOS="3876" VPOS="2240" WIDTH="60"/>
						<String CONTENT="by" ID="St_1.2.9.13" HPOS="3984" VPOS="2180" HEIGHT="160" WIDTH="184" STYLEREFS="Style_7" WC="1" CC="00"/>
						<SP ID="SP_1.2.9.14" HPOS="4116" VPOS="2212" WIDTH="96"/>
						<String CONTENT="Seymour" ID="St_1.2.9.15" HPOS="4264" VPOS="2176" HEIGHT="164" WIDTH="668" STYLEREFS="Style_7" WC="1" CC="0000000"/>
						<SP ID="SP_1.2.9.16" HPOS="4892" VPOS="2212" WIDTH="76"/>
						<String CONTENT="D." ID="St_1.2.9.17" HPOS="5016" VPOS="2180" HEIGHT="124" WIDTH="172" STYLEREFS="Style_7" WC="0.995555555555556" CC="11"/>
					</TextLine>
					<TextLine ID="TL_1.2.10" HPOS="408" VPOS="2360" HEIGHT="176" WIDTH="4788">
						<String CONTENT="Thompson" ID="St_1.2.10.1" HPOS="408" VPOS="2380" HEIGHT="156" WIDTH="792" STYLEREFS="Style_7" WC="1" CC="00000000"/>
						<SP ID="SP_1.2.10.2" HPOS="1148" VPOS="2396" WIDTH="80"/>
						<String CONTENT="and" ID="St_1.2.10.3" HPOS="1260" VPOS="2376" HEIGHT="124" WIDTH="268" STYLEREFS="Style_7" WC="1" CC="000"/>
						<SP ID="SP_1.2.10.4" HPOS="1480" VPOS="2376" WIDTH="76"/>
						<String CONTENT="Joseph" ID="St_1.2.10.5" HPOS="1584" VPOS="2376" HEIGHT="160" WIDTH="520" STYLEREFS="Style_7" WC="1" CC="000000"/>
						<SP ID="SP_1.2.10.6" HPOS="2052" VPOS="2376" WIDTH="80"/>
						<String CONTENT="W" ID="St_1.2.10.7" HPOS="2160" VPOS="2372" HEIGHT="128" WIDTH="184" STYLEREFS="Style_7" WC="0.977777777777778" CC="4"/>
						<String CONTENT="." ID="St_1.2.10.8" HPOS="2352" VPOS="2472" HEIGHT="24" WIDTH="28" STYLEREFS="Style_7" WC="0.978888888888889" CC="0"/>
						<SP ID="SP_1.2.10.9" HPOS="2360" VPOS="2424" WIDTH="48"/>
						<String CONTENT="Thompson." ID="St_1.2.10.10" HPOS="2444" VPOS="2372" HEIGHT="160" WIDTH="832" STYLEREFS="Style_7" WC="0.985555555555556" CC="000000000"/>
						<SP ID="SP_1.2.10.11" HPOS="3260" VPOS="2420" WIDTH="88"/>
						<String CONTENT="3d" ID="St_1.2.10.12" HPOS="3424" VPOS="2368" HEIGHT="128" WIDTH="176" STYLEREFS="Style_7" WC="0.986666666666667" CC="00"/>
						<SP ID="SP_1.2.10.13" HPOS="3548" VPOS="2372" WIDTH="80"/>
						<String CONTENT="ed.," ID="St_1.2.10.14" HPOS="3660" VPOS="2368" HEIGHT="156" WIDTH="244" STYLEREFS="Style_7" WC="0.988888888888889" CC="0000"/>
						<SP ID="SP_1.2.10.15" HPOS="3888" VPOS="2420" WIDTH="44"/>
						<String CONTENT="in" ID="St_1.2.10.16" HPOS="3964" VPOS="2364" HEIGHT="124" WIDTH="148" STYLEREFS="Style_7" WC="0.988888888888889" CC="00"/>
						<SP ID="SP_1.2.10.17" HPOS="4060" VPOS="2396" WIDTH="76"/>
						<String CONTENT="which" ID="St_1.2.10.18" HPOS="4168" VPOS="2364" HEIGHT="124" WIDTH="448" STYLEREFS="Style_7" WC="0.99" CC="00000"/>
						<SP ID="SP_1.2.10.19" HPOS="4560" VPOS="2372" WIDTH="80"/>
						<String CONTENT="former" ID="St_1.2.10.20" HPOS="4680" VPOS="2360" HEIGHT="128" WIDTH="516" STYLEREFS="Style_7" WC="0.991111111111111" CC="000000"/>
					</TextLine>
					<TextLine ID="TL_1.2.11" HPOS="412" VPOS="2552" HEIGHT="168" WIDTH="4784">
						<String CONTENT="editions" ID="St_1.2.11.1" HPOS="412" VPOS="2560" HEIGHT="128" WIDTH="584" STYLEREFS="Style_7" WC="1" CC="00000000"/>
						<SP ID="SP_1.2.11.2" HPOS="960" VPOS="2584" WIDTH="76"/>
						<String CONTENT="are" ID="St_1.2.11.3" HPOS="1080" VPOS="2604" HEIGHT="84" WIDTH="228" STYLEREFS="Style_7" WC="1" CC="000"/>
						<SP ID="SP_1.2.11.4" HPOS="1268" VPOS="2584" WIDTH="76"/>
						<String CONTENT="completely" ID="St_1.2.11.5" HPOS="1388" VPOS="2560" HEIGHT="160" WIDTH="812" STYLEREFS="Style_7" WC="1" CC="0000000000"/>
						<SP ID="SP_1.2.11.6" HPOS="2148" VPOS="2584" WIDTH="92"/>
						<String CONTENT="revised," ID="St_1.2.11.7" HPOS="2284" VPOS="2556" HEIGHT="160" WIDTH="568" STYLEREFS="Style_7" WC="1" CC="00000000"/>
						<SP ID="SP_1.2.11.8" HPOS="2836" VPOS="2612" WIDTH="56"/>
						<String CONTENT="brought" ID="St_1.2.11.9" HPOS="2936" VPOS="2556" HEIGHT="160" WIDTH="600" STYLEREFS="Style_7" WC="1" CC="0000000"/>
						<SP ID="SP_1.2.11.10" HPOS="3504" VPOS="2568" WIDTH="72"/>
						<String CONTENT="down" ID="St_1.2.11.11" HPOS="3628" VPOS="2556" HEIGHT="124" WIDTH="396" STYLEREFS="Style_7" WC="1" CC="0000"/>
						<SP ID="SP_1.2.11.12" HPOS="3972" VPOS="2580" WIDTH="88"/>
						<String CONTENT="to" ID="St_1.2.11.13" HPOS="4104" VPOS="2564" HEIGHT="112" WIDTH="140" STYLEREFS="Style_7" WC="1" CC="00"/>
						<SP ID="SP_1.2.11.14" HPOS="4200" VPOS="2580" WIDTH="80"/>
						<String CONTENT="the" ID="St_1.2.11.15" HPOS="4328" VPOS="2552" HEIGHT="124" WIDTH="236" STYLEREFS="Style_7" WC="1" CC="000"/>
						<SP ID="SP_1.2.11.16" HPOS="4524" VPOS="2580" WIDTH="76"/>
						<String CONTENT="present" ID="St_1.2.11.17" HPOS="4652" VPOS="2564" HEIGHT="148" WIDTH="544" STYLEREFS="Style_7" WC="1" CC="0000000"/>
					</TextLine>
					<TextLine ID="TL_1.2.12" HPOS="412" VPOS="2736" HEIGHT="168" WIDTH="4784">
						<String CONTENT="time," ID="St_1.2.12.1" HPOS="412" VPOS="2748" HEIGHT="156" WIDTH="368" STYLEREFS="Style_7" WC="1" CC="00000"/>
						<SP ID="SP_1.2.12.2" HPOS="760" VPOS="2800" WIDTH="60"/>
						<String CONTENT="and" ID="St_1.2.12.3" HPOS="864" VPOS="2748" HEIGHT="120" WIDTH="268" STYLEREFS="Style_7" WC="1" CC="000"/>
						<SP ID="SP_1.2.12.4" HPOS="1084" VPOS="2752" WIDTH="88"/>
						<String CONTENT="adapted" ID="St_1.2.12.5" HPOS="1216" VPOS="2748" HEIGHT="156" WIDTH="600" STYLEREFS="Style_7" WC="1" CC="0000000"/>
						<SP ID="SP_1.2.12.6" HPOS="1768" VPOS="2752" WIDTH="84"/>
						<String CONTENT="to" ID="St_1.2.12.7" HPOS="1892" VPOS="2760" HEIGHT="108" WIDTH="140" STYLEREFS="Style_7" WC="1" CC="00"/>
						<SP ID="SP_1.2.12.8" HPOS="1988" VPOS="2772" WIDTH="84"/>
						<String CONTENT="all" ID="St_1.2.12.9" HPOS="2120" VPOS="2744" HEIGHT="124" WIDTH="192" STYLEREFS="Style_7" WC="1" CC="000"/>
						<SP ID="SP_1.2.12.10" HPOS="2284" VPOS="2748" WIDTH="64"/>
						<String CONTENT="the" ID="St_1.2.12.11" HPOS="2392" VPOS="2740" HEIGHT="128" WIDTH="232" STYLEREFS="Style_7" WC="1" CC="000"/>
						<SP ID="SP_1.2.12.12" HPOS="2584" VPOS="2768" WIDTH="76"/>
						<String CONTENT="newer" ID="St_1.2.12.13" HPOS="2700" VPOS="2784" HEIGHT="84" WIDTH="452" STYLEREFS="Style_7" WC="1" CC="00000"/>
						<SP ID="SP_1.2.12.14" HPOS="3112" VPOS="2772" WIDTH="76"/>
						<String CONTENT="phases" ID="St_1.2.12.15" HPOS="3236" VPOS="2740" HEIGHT="164" WIDTH="484" STYLEREFS="Style_7" WC="1" CC="000000"/>
						<SP ID="SP_1.2.12.16" HPOS="3684" VPOS="2768" WIDTH="76"/>
						<String CONTENT="of" ID="St_1.2.12.17" HPOS="3808" VPOS="2736" HEIGHT="128" WIDTH="156" STYLEREFS="Style_7" WC="1" CC="00"/>
						<SP ID="SP_1.2.12.18" HPOS="3924" VPOS="2744" WIDTH="76"/>
						<String CONTENT="the" ID="St_1.2.12.19" HPOS="4044" VPOS="2736" HEIGHT="128" WIDTH="232" STYLEREFS="Style_7" WC="1" CC="000"/>
						<SP ID="SP_1.2.12.20" HPOS="4236" VPOS="2768" WIDTH="76"/>
						<String CONTENT="subject," ID="St_1.2.12.21" HPOS="4360" VPOS="2736" HEIGHT="160" WIDTH="568" STYLEREFS="Style_7" WC="1" CC="00000000"/>
						<SP ID="SP_1.2.12.22" HPOS="4908" VPOS="2796" WIDTH="56"/>
						<String CONTENT="by" ID="St_1.2.12.23" HPOS="5012" VPOS="2736" HEIGHT="160" WIDTH="184" STYLEREFS="Style_7" WC="1" CC="00"/>
					</TextLine>
					<TextLine ID="TL_1.2.13" HPOS="408" VPOS="2920" HEIGHT="168" WIDTH="4788">
						<String CONTENT="Edward" ID="St_1.2.13.1" HPOS="408" VPOS="2932" HEIGHT="128" WIDTH="608" STYLEREFS="Style_7" WC="1" CC="000000"/>
						<SP ID="SP_1.2.13.2" HPOS="968" VPOS="2932" WIDTH="84"/>
						<String CONTENT="F." ID="St_1.2.13.3" HPOS="1096" VPOS="2932" HEIGHT="120" WIDTH="156" STYLEREFS="Style_7" WC="1" CC="00"/>
						<SP ID="SP_1.2.13.4" HPOS="1236" VPOS="2980" WIDTH="48"/>
						<String CONTENT="White" ID="St_1.2.13.5" HPOS="1324" VPOS="2928" HEIGHT="132" WIDTH="476" STYLEREFS="Style_7" WC="1" CC="00000"/>
						<SP ID="SP_1.2.13.6" HPOS="1760" VPOS="2956" WIDTH="80"/>
						<String CONTENT="&#133;" ID="St_1.2.13.7" HPOS="1900" VPOS="2940" HEIGHT="132" WIDTH="84" STYLEREFS="Style_7" WC="1" CC="0"/>
						<SP ID="SP_1.2.13.8" HPOS="2004" VPOS="3016" WIDTH="100"/>
						<String CONTENT="v." ID="St_1.2.13.9" HPOS="2192" VPOS="2976" HEIGHT="76" WIDTH="120" STYLEREFS="Style_7" WC="1" CC="00"/>
						<SP ID="SP_1.2.13.10" HPOS="2296" VPOS="2980" WIDTH="56"/>
						<String CONTENT="1." ID="St_1.2.13.11" HPOS="2400" VPOS="2932" HEIGHT="120" WIDTH="112" STYLEREFS="Style_7" WC="1" CC="00"/>
						<SP ID="SP_1.2.13.12" HPOS="2496" VPOS="2980" WIDTH="96"/>
						<String CONTENT="Indianapolis," ID="St_1.2.13.13" HPOS="2676" VPOS="2924" HEIGHT="164" WIDTH="1008" STYLEREFS="Style_7" WC="1" CC="0000000000000"/>
						<SP ID="SP_1.2.13.14" HPOS="3664" VPOS="2980" WIDTH="52"/>
						<String CONTENT="The" ID="St_1.2.13.15" HPOS="3756" VPOS="2928" HEIGHT="120" WIDTH="292" STYLEREFS="Style_7" WC="1" CC="000"/>
						<SP ID="SP_1.2.13.16" HPOS="4008" VPOS="2952" WIDTH="76"/>
						<String CONTENT="Bobbs-Merrill" ID="St_1.2.13.17" HPOS="4128" VPOS="2920" HEIGHT="128" WIDTH="1068" STYLEREFS="Style_7" WC="1" CC="0000000000000"/>
					</TextLine>
					<TextLine ID="TL_1.2.14" HPOS="408" VPOS="3112" HEIGHT="168" WIDTH="1204">
						<String CONTENT="company" ID="St_1.2.14.1" HPOS="408" VPOS="3156" HEIGHT="124" WIDTH="672" STYLEREFS="Style_7" WC="1" CC="0000000"/>
						<SP ID="SP_1.2.14.2" HPOS="1032" VPOS="3140" WIDTH="128"/>
						<String CONTENT="[&#x0368;1927" ID="St_1.2.14.3" HPOS="1152" VPOS="3112" HEIGHT="160" WIDTH="420" STYLEREFS="Style_7" WC="0.944444444444444" CC="700000"/>
						<String CONTENT="]" ID="St_1.2.14.4" HPOS="1584" VPOS="3192" HEIGHT="80" WIDTH="28" STYLEREFS="Style_8" WC="0.888888888888889" CC="8"/>
					</TextLine>
					<TextLine ID="TL_1.2.15" HPOS="572" VPOS="3304" HEIGHT="116" WIDTH="1568">
						<String CONTENT="xxv," ID="St_1.2.15.1" HPOS="572" VPOS="3332" HEIGHT="88" WIDTH="268" STYLEREFS="Style_8" WC="1" CC="0000"/>
						<SP ID="SP_1.2.15.2" HPOS="828" VPOS="3332" WIDTH="48"/>
						<String CONTENT="1004" ID="St_1.2.15.3" HPOS="912" VPOS="3304" HEIGHT="100" WIDTH="276" STYLEREFS="Style_8" WC="1" CC="0000"/>
						<SP ID="SP_1.2.15.4" HPOS="1152" VPOS="3304" WIDTH="68"/>
						<String CONTENT="p." ID="St_1.2.15.5" HPOS="1248" VPOS="3332" HEIGHT="88" WIDTH="104" STYLEREFS="Style_8" WC="1" CC="00"/>
						<SP ID="SP_1.2.15.6" HPOS="1340" VPOS="3340" WIDTH="80"/>
						<String CONTENT="26&#x0368;&#x036b;." ID="St_1.2.15.7" HPOS="1492" VPOS="3304" HEIGHT="108" WIDTH="648" STYLEREFS="Style_8" WC="0.944444444444444" CC="33003"/>
					</TextLine>
					<TextLine ID="TL_1.2.16" HPOS="416" VPOS="3416" HEIGHT="140" WIDTH="4376">
						<String CONTENT="&#169;" ID="St_1.2.16.1" HPOS="416" VPOS="3416" HEIGHT="108" WIDTH="116" STYLEREFS="Style_8" WC="0.222222222222222" CC="7"/>
						<SP ID="SP_1.2.16.2" HPOS="476" VPOS="3424" WIDTH="96"/>
						<String CONTENT="Jan." ID="St_1.2.16.3" HPOS="612" VPOS="3444" HEIGHT="92" WIDTH="264" STYLEREFS="Style_8" WC="0.795555555555556" CC="0000"/>
						<SP ID="SP_1.2.16.4" HPOS="864" VPOS="3476" WIDTH="44"/>
						<String CONTENT="6," ID="St_1.2.16.5" HPOS="944" VPOS="3440" HEIGHT="116" WIDTH="96" STYLEREFS="Style_8" WC="0.863333333333333" CC="00"/>
						<SP ID="SP_1.2.16.6" HPOS="1028" VPOS="3476" WIDTH="44"/>
						<String CONTENT="1927;" ID="St_1.2.16.7" HPOS="1112" VPOS="3440" HEIGHT="116" WIDTH="336" STYLEREFS="Style_8" WC="0.917777777777778" CC="00000"/>
						<SP ID="SP_1.2.16.8" HPOS="1436" VPOS="3452" WIDTH="48"/>
						<String CONTENT="2c." ID="St_1.2.16.9" HPOS="1524" VPOS="3440" HEIGHT="96" WIDTH="160" STYLEREFS="Style_8" WC="0.935555555555556" CC="000"/>
						<SP ID="SP_1.2.16.10" HPOS="1672" VPOS="3476" WIDTH="48"/>
						<String CONTENT="and" ID="St_1.2.16.11" HPOS="1756" VPOS="3444" HEIGHT="92" WIDTH="232" STYLEREFS="Style_8" WC="0.946666666666667" CC="000"/>
						<SP ID="SP_1.2.16.12" HPOS="1948" VPOS="3440" WIDTH="72"/>
						<String CONTENT="aff." ID="St_1.2.16.13" HPOS="2056" VPOS="3440" HEIGHT="96" WIDTH="196" STYLEREFS="Style_8" WC="0.955555555555556" CC="0000"/>
						<SP ID="SP_1.2.16.14" HPOS="2240" VPOS="3476" WIDTH="48"/>
						<String CONTENT="Jan." ID="St_1.2.16.15" HPOS="2328" VPOS="3440" HEIGHT="96" WIDTH="264" STYLEREFS="Style_8" WC="0.962222222222222" CC="0000"/>
						<SP ID="SP_1.2.16.16" HPOS="2580" VPOS="3476" WIDTH="48"/>
						<String CONTENT="17;" ID="St_1.2.16.17" HPOS="2664" VPOS="3440" HEIGHT="116" WIDTH="196" STYLEREFS="Style_8" WC="0.966666666666667" CC="000"/>
						<SP ID="SP_1.2.16.18" HPOS="2848" VPOS="3448" WIDTH="52"/>
						<String CONTENT="A" ID="St_1.2.16.19" HPOS="2940" VPOS="3440" HEIGHT="92" WIDTH="100" STYLEREFS="Style_8" WC="0.967777777777778" CC="0"/>
						<SP ID="SP_1.2.16.20" HPOS="2988" VPOS="3440" WIDTH="84"/>
						<String CONTENT="958759;" ID="St_1.2.16.21" HPOS="3108" VPOS="3436" HEIGHT="116" WIDTH="484" STYLEREFS="Style_8" WC="0.973333333333333" CC="0000000"/>
						<SP ID="SP_1.2.16.22" HPOS="3576" VPOS="3452" WIDTH="52"/>
						<String CONTENT="Bobbs-Merrill" ID="St_1.2.16.23" HPOS="3672" VPOS="3436" HEIGHT="96" WIDTH="884" STYLEREFS="Style_8" WC="0.978888888888889" CC="0000000000000"/>
						<SP ID="SP_1.2.16.24" HPOS="4536" VPOS="3440" WIDTH="56"/>
						<String CONTENT="co." ID="St_1.2.16.25" HPOS="4628" VPOS="3460" HEIGHT="72" WIDTH="164" STYLEREFS="Style_8" WC="0.97" CC="411"/>
					</TextLine>
					<TextLine ID="TL_1.2.17" HPOS="600" VPOS="3568" HEIGHT="124" WIDTH="4396">
						<String CONTENT="(27-1570)" ID="St_1.2.17.1" HPOS="600" VPOS="3572" HEIGHT="120" WIDTH="604" STYLEREFS="Style_9" WC="1" CC="000000000"/>
						<SP ID="SP_1.2.17.2" HPOS="1184" VPOS="3568" WIDTH="3600"/>
						<String CONTENT="308" ID="St_1.2.17.3" HPOS="4784" VPOS="3568" HEIGHT="100" WIDTH="212" STYLEREFS="Style_9" WC="0.653333333333333" CC="000"/>
					</TextLine>
					<TextLine ID="TL_1.2.18" HPOS="416" VPOS="3768" HEIGHT="164" WIDTH="1736">
						<String CONTENT="U." ID="St_1.2.18.1" HPOS="416" VPOS="3772" HEIGHT="124" WIDTH="168" STYLEREFS="Style_9" WC="1" CC="00"/>
						<SP ID="SP_1.2.18.2" HPOS="564" VPOS="3820" WIDTH="64"/>
						<String CONTENT="S." ID="St_1.2.18.3" HPOS="672" VPOS="3768" HEIGHT="128" WIDTH="136" STYLEREFS="Style_10" WC="1" CC="00"/>
						<SP ID="SP_1.2.18.4" HPOS="788" VPOS="3820" WIDTH="108"/>
						<String CONTENT="Supreme" ID="St_1.2.18.5" HPOS="988" VPOS="3772" HEIGHT="160" WIDTH="660" STYLEREFS="Style_10" WC="1" CC="0000000"/>
						<SP ID="SP_1.2.18.6" HPOS="1616" VPOS="3796" WIDTH="76"/>
						<String CONTENT="court." ID="St_1.2.18.7" HPOS="1740" VPOS="3784" HEIGHT="108" WIDTH="412" STYLEREFS="Style_10" WC="1" CC="000000"/>
					</TextLine>
					<TextLine ID="TL_1.2.19" HPOS="580" VPOS="3944" HEIGHT="176" WIDTH="4616">
						<String CONTENT="Cases" ID="St_1.2.19.1" HPOS="580" VPOS="3952" HEIGHT="132" WIDTH="404" STYLEREFS="Style_10" WC="1" CC="00000"/>
						<SP ID="SP_1.2.19.2" HPOS="948" VPOS="3984" WIDTH="72"/>
						<String CONTENT="adjudged" ID="St_1.2.19.3" HPOS="1060" VPOS="3952" HEIGHT="168" WIDTH="700" STYLEREFS="Style_10" WC="1" CC="00000000"/>
						<SP ID="SP_1.2.19.4" HPOS="1712" VPOS="3960" WIDTH="84"/>
						<String CONTENT="in" ID="St_1.2.19.5" HPOS="1836" VPOS="3952" HEIGHT="124" WIDTH="148" STYLEREFS="Style_10" WC="1" CC="00"/>
						<SP ID="SP_1.2.19.6" HPOS="1932" VPOS="3984" WIDTH="84"/>
						<String CONTENT="the" ID="St_1.2.19.7" HPOS="2052" VPOS="3956" HEIGHT="124" WIDTH="232" STYLEREFS="Style_10" WC="1" CC="000"/>
						<SP ID="SP_1.2.19.8" HPOS="2248" VPOS="3984" WIDTH="72"/>
						<String CONTENT="Supreme" ID="St_1.2.19.9" HPOS="2360" VPOS="3952" HEIGHT="164" WIDTH="660" STYLEREFS="Style_10" WC="1" CC="0000000"/>
						<SP ID="SP_1.2.19.10" HPOS="2984" VPOS="3980" WIDTH="76"/>
						<String CONTENT="court" ID="St_1.2.19.11" HPOS="3104" VPOS="3964" HEIGHT="112" WIDTH="384" STYLEREFS="Style_10" WC="1" CC="00000"/>
						<SP ID="SP_1.2.19.12" HPOS="3456" VPOS="3964" WIDTH="68"/>
						<String CONTENT="of" ID="St_1.2.19.13" HPOS="3564" VPOS="3948" HEIGHT="128" WIDTH="152" STYLEREFS="Style_10" WC="1" CC="00"/>
						<SP ID="SP_1.2.19.14" HPOS="3680" VPOS="3956" WIDTH="68"/>
						<String CONTENT="the" ID="St_1.2.19.15" HPOS="3788" VPOS="3952" HEIGHT="124" WIDTH="228" STYLEREFS="Style_10" WC="1" CC="000"/>
						<SP ID="SP_1.2.19.16" HPOS="3976" VPOS="3980" WIDTH="76"/>
						<String CONTENT="United" ID="St_1.2.19.17" HPOS="4092" VPOS="3948" HEIGHT="128" WIDTH="524" STYLEREFS="Style_10" WC="1" CC="000000"/>
						<SP ID="SP_1.2.19.18" HPOS="4568" VPOS="3960" WIDTH="88"/>
						<String CONTENT="States." ID="St_1.2.19.19" HPOS="4708" VPOS="3944" HEIGHT="132" WIDTH="488" STYLEREFS="Style_10" WC="1" CC="0000000"/>
					</TextLine>
					<TextLine ID="TL_1.2.20" HPOS="412" VPOS="4132" HEIGHT="168" WIDTH="4792">
						<String CONTENT="Official" ID="St_1.2.20.1" HPOS="412" VPOS="4136" HEIGHT="132" WIDTH="528" STYLEREFS="Style_10" WC="1" CC="00000000"/>
						<SP ID="SP_1.2.20.2" HPOS="912" VPOS="4144" WIDTH="64"/>
						<String CONTENT="edition" ID="St_1.2.20.3" HPOS="1016" VPOS="4136" HEIGHT="128" WIDTH="520" STYLEREFS="Style_10" WC="1" CC="0000000"/>
						<SP ID="SP_1.2.20.4" HPOS="1488" VPOS="4168" WIDTH="84"/>
						<String CONTENT="reprint." ID="St_1.2.20.5" HPOS="1612" VPOS="4136" HEIGHT="164" WIDTH="576" STYLEREFS="Style_10" WC="1" CC="00000000"/>
						<SP ID="SP_1.2.20.6" HPOS="2172" VPOS="4196" WIDTH="96"/>
						<String CONTENT="Containing" ID="St_1.2.20.7" HPOS="2352" VPOS="4132" HEIGHT="168" WIDTH="848" STYLEREFS="Style_10" WC="1" CC="0000000000"/>
						<SP ID="SP_1.2.20.8" HPOS="3148" VPOS="4164" WIDTH="84"/>
						<String CONTENT="briefs" ID="St_1.2.20.9" HPOS="3272" VPOS="4136" HEIGHT="128" WIDTH="436" STYLEREFS="Style_10" WC="1" CC="000000"/>
						<SP ID="SP_1.2.20.10" HPOS="3672" VPOS="4168" WIDTH="76"/>
						<String CONTENT="of" ID="St_1.2.20.11" HPOS="3792" VPOS="4132" HEIGHT="128" WIDTH="152" STYLEREFS="Style_10" WC="1" CC="00"/>
						<SP ID="SP_1.2.20.12" HPOS="3908" VPOS="4140" WIDTH="72"/>
						<String CONTENT="counsel" ID="St_1.2.20.13" HPOS="4024" VPOS="4136" HEIGHT="124" WIDTH="544" STYLEREFS="Style_10" WC="1" CC="0000000"/>
						<SP ID="SP_1.2.20.14" HPOS="4536" VPOS="4144" WIDTH="84"/>
						<String CONTENT="(points" ID="St_1.2.20.15" HPOS="4676" VPOS="4132" HEIGHT="168" WIDTH="528" STYLEREFS="Style_10" WC="1" CC="0000000"/>
					</TextLine>
					<TextLine ID="TL_1.2.21" HPOS="412" VPOS="4316" HEIGHT="168" WIDTH="4792">
						<String CONTENT="and" ID="St_1.2.21.1" HPOS="412" VPOS="4324" HEIGHT="124" WIDTH="268" STYLEREFS="Style_10" WC="1" CC="000"/>
						<SP ID="SP_1.2.21.2" HPOS="636" VPOS="4328" WIDTH="84"/>
						<String CONTENT="authorities)," ID="St_1.2.21.3" HPOS="760" VPOS="4320" HEIGHT="164" WIDTH="944" STYLEREFS="Style_10" WC="1" CC="0000000000000"/>
						<SP ID="SP_1.2.21.4" HPOS="1688" VPOS="4376" WIDTH="52"/>
						<String CONTENT="statements" ID="St_1.2.21.5" HPOS="1780" VPOS="4336" HEIGHT="112" WIDTH="792" STYLEREFS="Style_10" WC="1" CC="0000000000"/>
						<SP ID="SP_1.2.21.6" HPOS="2540" VPOS="4348" WIDTH="68"/>
						<String CONTENT="of" ID="St_1.2.21.7" HPOS="2648" VPOS="4316" HEIGHT="132" WIDTH="156" STYLEREFS="Style_10" WC="1" CC="00"/>
						<SP ID="SP_1.2.21.8" HPOS="2768" VPOS="4324" WIDTH="72"/>
						<String CONTENT="cases," ID="St_1.2.21.9" HPOS="2880" VPOS="4364" HEIGHT="120" WIDTH="404" STYLEREFS="Style_10" WC="1" CC="000000"/>
						<SP ID="SP_1.2.21.10" HPOS="3268" VPOS="4376" WIDTH="52"/>
						<String CONTENT="and" ID="St_1.2.21.11" HPOS="3364" VPOS="4320" HEIGHT="128" WIDTH="272" STYLEREFS="Style_10" WC="1" CC="000"/>
						<SP ID="SP_1.2.21.12" HPOS="3588" VPOS="4324" WIDTH="88"/>
						<String CONTENT="syllabi" ID="St_1.2.21.13" HPOS="3720" VPOS="4320" HEIGHT="128" WIDTH="496" STYLEREFS="Style_10" WC="1" CC="0000000"/>
						<SP ID="SP_1.2.21.14" HPOS="4188" VPOS="4324" WIDTH="68"/>
						<String CONTENT="of" ID="St_1.2.21.15" HPOS="4296" VPOS="4316" HEIGHT="128" WIDTH="152" STYLEREFS="Style_10" WC="1" CC="00"/>
						<SP ID="SP_1.2.21.16" HPOS="4412" VPOS="4324" WIDTH="72"/>
						<String CONTENT="the" ID="St_1.2.21.17" HPOS="4524" VPOS="4320" HEIGHT="124" WIDTH="232" STYLEREFS="Style_10" WC="1" CC="000"/>
						<SP ID="SP_1.2.21.18" HPOS="4716" VPOS="4348" WIDTH="80"/>
						<String CONTENT="cases" ID="St_1.2.21.19" HPOS="4840" VPOS="4364" HEIGHT="84" WIDTH="364" STYLEREFS="Style_10" WC="1" CC="00000"/>
					</TextLine>
					<TextLine ID="TL_1.2.22" HPOS="408" VPOS="4504" HEIGHT="164" WIDTH="4796">
						<String CONTENT="by" ID="St_1.2.22.1" HPOS="408" VPOS="4508" HEIGHT="160" WIDTH="180" STYLEREFS="Style_10" WC="1" CC="00"/>
						<SP ID="SP_1.2.22.2" HPOS="540" VPOS="4532" WIDTH="88"/>
						<String CONTENT="the" ID="St_1.2.22.3" HPOS="668" VPOS="4508" HEIGHT="124" WIDTH="232" STYLEREFS="Style_10" WC="1" CC="000"/>
						<SP ID="SP_1.2.22.4" HPOS="860" VPOS="4532" WIDTH="76"/>
						<String CONTENT="official" ID="St_1.2.22.5" HPOS="972" VPOS="4504" HEIGHT="128" WIDTH="480" STYLEREFS="Style_10" WC="1" CC="00000000"/>
						<SP ID="SP_1.2.22.6" HPOS="1420" VPOS="4508" WIDTH="68"/>
						<String CONTENT="reporter." ID="St_1.2.22.7" HPOS="1528" VPOS="4520" HEIGHT="148" WIDTH="652" STYLEREFS="Style_10" WC="1" CC="000000000"/>
						<SP ID="SP_1.2.22.8" HPOS="2164" VPOS="4560" WIDTH="96"/>
						<String CONTENT="Volumes" ID="St_1.2.22.9" HPOS="2348" VPOS="4508" HEIGHT="128" WIDTH="652" STYLEREFS="Style_10" WC="1" CC="0000000"/>
						<SP ID="SP_1.2.22.10" HPOS="2964" VPOS="4532" WIDTH="76"/>
						<String CONTENT="1" ID="St_1.2.22.11" HPOS="3084" VPOS="4516" HEIGHT="116" WIDTH="68" STYLEREFS="Style_10" WC="1" CC="0"/>
						<SP ID="SP_1.2.22.12" HPOS="3112" VPOS="4512" WIDTH="80"/>
						<String CONTENT="to" ID="St_1.2.22.13" HPOS="3236" VPOS="4520" HEIGHT="112" WIDTH="140" STYLEREFS="Style_10" WC="1" CC="00"/>
						<SP ID="SP_1.2.22.14" HPOS="3336" VPOS="4532" WIDTH="84"/>
						<String CONTENT="14" ID="St_1.2.22.15" HPOS="3472" VPOS="4512" HEIGHT="120" WIDTH="156" STYLEREFS="Style_10" WC="1" CC="00"/>
						<SP ID="SP_1.2.22.16" HPOS="3584" VPOS="4512" WIDTH="92"/>
						<String CONTENT="(inclusive)" ID="St_1.2.22.17" HPOS="3732" VPOS="4504" HEIGHT="164" WIDTH="792" STYLEREFS="Style_10" WC="1" CC="00000000000"/>
						<SP ID="SP_1.2.22.18" HPOS="4496" VPOS="4508" WIDTH="288"/>
						<String CONTENT="Dallas" ID="St_1.2.22.19" HPOS="4716" VPOS="4508" HEIGHT="124" WIDTH="488" STYLEREFS="Style_10" WC="0.977777777777778" CC="000000"/>
					</TextLine>
					<TextLine ID="TL_1.2.23" HPOS="416" VPOS="4688" HEIGHT="172" WIDTH="4788">
						<String CONTENT="1&#150;4," ID="St_1.2.23.1" HPOS="416" VPOS="4700" HEIGHT="148" WIDTH="280" STYLEREFS="Style_10" WC="1" CC="0000"/>
						<SP ID="SP_1.2.23.2" HPOS="680" VPOS="4744" WIDTH="68"/>
						<String CONTENT="Cranch" ID="St_1.2.23.3" HPOS="804" VPOS="4688" HEIGHT="132" WIDTH="540" STYLEREFS="Style_10" WC="1" CC="000000"/>
						<SP ID="SP_1.2.23.4" HPOS="1292" VPOS="4696" WIDTH="104"/>
						<String CONTENT="1&#150;9," ID="St_1.2.23.5" HPOS="1452" VPOS="4700" HEIGHT="148" WIDTH="280" STYLEREFS="Style_10" WC="1" CC="0000"/>
						<SP ID="SP_1.2.23.6" HPOS="1716" VPOS="4744" WIDTH="64"/>
						<String CONTENT="Wheaton" ID="St_1.2.23.7" HPOS="1832" VPOS="4692" HEIGHT="128" WIDTH="684" STYLEREFS="Style_10" WC="1" CC="0000000"/>
						<SP ID="SP_1.2.23.8" HPOS="2464" VPOS="4716" WIDTH="100"/>
						<String CONTENT="1." ID="St_1.2.23.9" HPOS="2616" VPOS="4700" HEIGHT="116" WIDTH="108" STYLEREFS="Style_10" WC="1" CC="00"/>
						<SP ID="SP_1.2.23.10" HPOS="2708" VPOS="4744" WIDTH="108"/>
						<String CONTENT="Photographically" ID="St_1.2.23.11" HPOS="2916" VPOS="4688" HEIGHT="172" WIDTH="1336" STYLEREFS="Style_10" WC="1" CC="0000000000000000"/>
						<SP ID="SP_1.2.23.12" HPOS="4200" VPOS="4716" WIDTH="100"/>
						<String CONTENT="reproduced" ID="St_1.2.23.13" HPOS="4356" VPOS="4692" HEIGHT="160" WIDTH="848" STYLEREFS="Style_10" WC="1" CC="0000000000"/>
					</TextLine>
					<TextLine ID="TL_1.2.24" HPOS="416" VPOS="4872" HEIGHT="168" WIDTH="4788">
						<String CONTENT="from" ID="St_1.2.24.1" HPOS="416" VPOS="4872" HEIGHT="128" WIDTH="364" STYLEREFS="Style_10" WC="1" CC="0000"/>
						<SP ID="SP_1.2.24.2" HPOS="708" VPOS="4900" WIDTH="112"/>
						<String CONTENT="the" ID="St_1.2.24.3" HPOS="868" VPOS="4876" HEIGHT="124" WIDTH="232" STYLEREFS="Style_10" WC="1" CC="000"/>
						<SP ID="SP_1.2.24.4" HPOS="1064" VPOS="4900" WIDTH="76"/>
						<String CONTENT="Official" ID="St_1.2.24.5" HPOS="1180" VPOS="4872" HEIGHT="132" WIDTH="536" STYLEREFS="Style_10" WC="1" CC="00000000"/>
						<SP ID="SP_1.2.24.6" HPOS="1684" VPOS="4876" WIDTH="72"/>
						<String CONTENT="edition" ID="St_1.2.24.7" HPOS="1800" VPOS="4876" HEIGHT="124" WIDTH="520" STYLEREFS="Style_10" WC="1" CC="0000000"/>
						<SP ID="SP_1.2.24.8" HPOS="2268" VPOS="4900" WIDTH="92"/>
						<String CONTENT="with" ID="St_1.2.24.9" HPOS="2408" VPOS="4876" HEIGHT="124" WIDTH="336" STYLEREFS="Style_10" WC="1" CC="0000"/>
						<SP ID="SP_1.2.24.10" HPOS="2692" VPOS="4880" WIDTH="92"/>
						<String CONTENT="the" ID="St_1.2.24.11" HPOS="2832" VPOS="4876" HEIGHT="128" WIDTH="232" STYLEREFS="Style_10" WC="1" CC="000"/>
						<SP ID="SP_1.2.24.12" HPOS="3028" VPOS="4900" WIDTH="80"/>
						<String CONTENT="official" ID="St_1.2.24.13" HPOS="3156" VPOS="4872" HEIGHT="128" WIDTH="480" STYLEREFS="Style_10" WC="1" CC="00000000"/>
						<SP ID="SP_1.2.24.14" HPOS="3604" VPOS="4880" WIDTH="72"/>
						<String CONTENT="pagination" ID="St_1.2.24.15" HPOS="3724" VPOS="4872" HEIGHT="168" WIDTH="820" STYLEREFS="Style_10" WC="1" CC="0000000000"/>
						<SP ID="SP_1.2.24.16" HPOS="4492" VPOS="4900" WIDTH="96"/>
						<String CONTENT="of" ID="St_1.2.24.17" HPOS="4636" VPOS="4872" HEIGHT="128" WIDTH="152" STYLEREFS="Style_10" WC="1" CC="00"/>
						<SP ID="SP_1.2.24.18" HPOS="4752" VPOS="4876" WIDTH="76"/>
						<String CONTENT="each" ID="St_1.2.24.19" HPOS="4876" VPOS="4880" HEIGHT="124" WIDTH="328" STYLEREFS="Style_10" WC="1" CC="0000"/>
					</TextLine>
					<TextLine ID="TL_1.2.25" HPOS="416" VPOS="5060" HEIGHT="164" WIDTH="4784">
						<String CONTENT="volume" ID="St_1.2.25.1" HPOS="416" VPOS="5060" HEIGHT="124" WIDTH="532" STYLEREFS="Style_10" WC="1" CC="000000"/>
						<SP ID="SP_1.2.25.2" HPOS="912" VPOS="5080" WIDTH="84"/>
						<String CONTENT="under" ID="St_1.2.25.3" HPOS="1044" VPOS="5064" HEIGHT="120" WIDTH="432" STYLEREFS="Style_10" WC="1" CC="00000"/>
						<SP ID="SP_1.2.25.4" HPOS="1440" VPOS="5084" WIDTH="84"/>
						<String CONTENT="the" ID="St_1.2.25.5" HPOS="1572" VPOS="5060" HEIGHT="124" WIDTH="232" STYLEREFS="Style_10" WC="1" CC="000"/>
						<SP ID="SP_1.2.25.6" HPOS="1768" VPOS="5080" WIDTH="84"/>
						<String CONTENT="editorial" ID="St_1.2.25.7" HPOS="1904" VPOS="5060" HEIGHT="124" WIDTH="644" STYLEREFS="Style_10" WC="1" CC="000000000"/>
						<SP ID="SP_1.2.25.8" HPOS="2516" VPOS="5060" WIDTH="76"/>
						<String CONTENT="supervision" ID="St_1.2.25.9" HPOS="2644" VPOS="5060" HEIGHT="164" WIDTH="864" STYLEREFS="Style_10" WC="1" CC="00000000000"/>
						<SP ID="SP_1.2.25.10" HPOS="3456" VPOS="5084" WIDTH="96"/>
						<String CONTENT="of" ID="St_1.2.25.11" HPOS="3604" VPOS="5060" HEIGHT="128" WIDTH="156" STYLEREFS="Style_10" WC="1" CC="00"/>
						<SP ID="SP_1.2.25.12" HPOS="3720" VPOS="5060" WIDTH="84"/>
						<String CONTENT="William" ID="St_1.2.25.13" HPOS="3856" VPOS="5060" HEIGHT="128" WIDTH="628" STYLEREFS="Style_10" WC="1" CC="0000000"/>
						<SP ID="SP_1.2.25.14" HPOS="4412" VPOS="5084" WIDTH="124"/>
						<String CONTENT="Edward" ID="St_1.2.25.15" HPOS="4592" VPOS="5064" HEIGHT="128" WIDTH="608" STYLEREFS="Style_10" WC="1" CC="000000"/>
					</TextLine>
					<TextLine ID="TL_1.2.26" HPOS="416" VPOS="5240" HEIGHT="168" WIDTH="4788">
						<String CONTENT="Baldwin" ID="St_1.2.26.1" HPOS="416" VPOS="5244" HEIGHT="124" WIDTH="640" STYLEREFS="Style_10" WC="1" CC="0000000"/>
						<SP ID="SP_1.2.26.2" HPOS="1008" VPOS="5268" WIDTH="100"/>
						<String CONTENT="&#133;" ID="St_1.2.26.3" HPOS="1136" VPOS="5244" HEIGHT="144" WIDTH="84" STYLEREFS="Style_10" WC="1" CC="0"/>
						<SP ID="SP_1.2.26.4" HPOS="1284" VPOS="5328" WIDTH="112"/>
						<String CONTENT="Cleveland," ID="St_1.2.26.5" HPOS="1500" VPOS="5240" HEIGHT="168" WIDTH="784" STYLEREFS="Style_10" WC="1" CC="0000000000"/>
						<SP ID="SP_1.2.26.6" HPOS="2268" VPOS="5296" WIDTH="64"/>
						<String CONTENT="New" ID="St_1.2.26.7" HPOS="2384" VPOS="5244" HEIGHT="128" WIDTH="332" STYLEREFS="Style_10" WC="1" CC="000"/>
						<SP ID="SP_1.2.26.8" HPOS="2652" VPOS="5268" WIDTH="112"/>
						<String CONTENT="York," ID="St_1.2.26.9" HPOS="2820" VPOS="5244" HEIGHT="164" WIDTH="432" STYLEREFS="Style_10" WC="1" CC="00000"/>
						<SP ID="SP_1.2.26.10" HPOS="3232" VPOS="5296" WIDTH="64"/>
						<String CONTENT="The" ID="St_1.2.26.11" HPOS="3348" VPOS="5248" HEIGHT="124" WIDTH="292" STYLEREFS="Style_10" WC="1" CC="000"/>
						<SP ID="SP_1.2.26.12" HPOS="3604" VPOS="5268" WIDTH="84"/>
						<String CONTENT="Baldwin" ID="St_1.2.26.13" HPOS="3740" VPOS="5244" HEIGHT="128" WIDTH="648" STYLEREFS="Style_10" WC="1" CC="0000000"/>
						<SP ID="SP_1.2.26.14" HPOS="4336" VPOS="5268" WIDTH="100"/>
						<String CONTENT="law" ID="St_1.2.26.15" HPOS="4488" VPOS="5248" HEIGHT="124" WIDTH="264" STYLEREFS="Style_10" WC="1" CC="000"/>
						<SP ID="SP_1.2.26.16" HPOS="4684" VPOS="5268" WIDTH="116"/>
						<String CONTENT="book" ID="St_1.2.26.17" HPOS="4852" VPOS="5248" HEIGHT="124" WIDTH="352" STYLEREFS="Style_10" WC="1" CC="0000"/>
					</TextLine>
					<TextLine ID="TL_1.2.27" HPOS="408" VPOS="5432" HEIGHT="160" WIDTH="1144">
						<String CONTENT="company," ID="St_1.2.27.1" HPOS="408" VPOS="5468" HEIGHT="124" WIDTH="712" STYLEREFS="Style_10" WC="1" CC="00000000"/>
						<SP ID="SP_1.2.27.2" HPOS="1104" VPOS="5480" WIDTH="48"/>
						<String CONTENT="1926." ID="St_1.2.27.3" HPOS="1192" VPOS="5432" HEIGHT="120" WIDTH="360" STYLEREFS="Style_10" WC="1" CC="00000"/>
					</TextLine>
					<TextLine ID="TL_1.2.28" HPOS="580" VPOS="5616" HEIGHT="108" WIDTH="1496">
						<String CONTENT="14" ID="St_1.2.28.1" HPOS="580" VPOS="5624" HEIGHT="92" WIDTH="136" STYLEREFS="Style_10" WC="1" CC="00"/>
						<SP ID="SP_1.2.28.2" HPOS="680" VPOS="5616" WIDTH="60"/>
						<String CONTENT="v." ID="St_1.2.28.3" HPOS="768" VPOS="5648" HEIGHT="72" WIDTH="104" STYLEREFS="Style_10" WC="1" CC="00"/>
						<SP ID="SP_1.2.28.4" HPOS="860" VPOS="5652" WIDTH="44"/>
						<String CONTENT="in" ID="St_1.2.28.5" HPOS="932" VPOS="5620" HEIGHT="96" WIDTH="124" STYLEREFS="Style_10" WC="1" CC="00"/>
						<SP ID="SP_1.2.28.6" HPOS="1016" VPOS="5628" WIDTH="72"/>
						<String CONTENT="1." ID="St_1.2.28.7" HPOS="1116" VPOS="5624" HEIGHT="96" WIDTH="96" STYLEREFS="Style_10" WC="1" CC="00"/>
						<SP ID="SP_1.2.28.8" HPOS="1196" VPOS="5652" WIDTH="84"/>
						<String CONTENT="26&#189;&#x0368;&#x036b;." ID="St_1.2.28.9" HPOS="1352" VPOS="5620" HEIGHT="104" WIDTH="724" STYLEREFS="Style_10" WC="0.974444444444444" CC="000004"/>
					</TextLine>
					<TextLine ID="TL_1.2.29" HPOS="424" VPOS="5732" HEIGHT="148" WIDTH="4776">
						<String CONTENT="&#169;" ID="St_1.2.29.1" HPOS="424" VPOS="5732" HEIGHT="116" WIDTH="120" STYLEREFS="Style_10" WC="0.555555555555556" CC="4"/>
						<SP ID="SP_1.2.29.2" HPOS="484" VPOS="5732" WIDTH="96"/>
						<String CONTENT="Jan." ID="St_1.2.29.3" HPOS="616" VPOS="5756" HEIGHT="92" WIDTH="264" STYLEREFS="Style_10" WC="0.925555555555556" CC="0000"/>
						<SP ID="SP_1.2.29.4" HPOS="864" VPOS="5788" WIDTH="48"/>
						<String CONTENT="11," ID="St_1.2.29.5" HPOS="948" VPOS="5756" HEIGHT="116" WIDTH="168" STYLEREFS="Style_10" WC="0.955555555555556" CC="000"/>
						<SP ID="SP_1.2.29.6" HPOS="1100" VPOS="5784" WIDTH="44"/>
						<String CONTENT="1927;" ID="St_1.2.29.7" HPOS="1180" VPOS="5756" HEIGHT="116" WIDTH="340" STYLEREFS="Style_10" WC="0.972222222222222" CC="00000"/>
						<SP ID="SP_1.2.29.8" HPOS="1508" VPOS="5764" WIDTH="48"/>
						<String CONTENT="2c." ID="St_1.2.29.9" HPOS="1596" VPOS="5756" HEIGHT="96" WIDTH="160" STYLEREFS="Style_11" WC="0.977777777777778" CC="000"/>
						<SP ID="SP_1.2.29.10" HPOS="1744" VPOS="5788" WIDTH="44"/>
						<String CONTENT="and" ID="St_1.2.29.11" HPOS="1828" VPOS="5760" HEIGHT="92" WIDTH="224" STYLEREFS="Style_11" WC="0.981111111111111" CC="000"/>
						<SP ID="SP_1.2.29.12" HPOS="2012" VPOS="5752" WIDTH="72"/>
						<String CONTENT="aff." ID="St_1.2.29.13" HPOS="2124" VPOS="5756" HEIGHT="100" WIDTH="200" STYLEREFS="Style_11" WC="0.984444444444444" CC="0000"/>
						<SP ID="SP_1.2.29.14" HPOS="2308" VPOS="5788" WIDTH="48"/>
						<String CONTENT="Jan." ID="St_1.2.29.15" HPOS="2392" VPOS="5760" HEIGHT="96" WIDTH="264" STYLEREFS="Style_11" WC="0.986666666666667" CC="0000"/>
						<SP ID="SP_1.2.29.16" HPOS="2640" VPOS="5788" WIDTH="44"/>
						<String CONTENT="13;" ID="St_1.2.29.17" HPOS="2724" VPOS="5760" HEIGHT="112" WIDTH="200" STYLEREFS="Style_11" WC="0.987777777777778" CC="000"/>
						<SP ID="SP_1.2.29.18" HPOS="2908" VPOS="5764" WIDTH="48"/>
						<String CONTENT="A" ID="St_1.2.29.19" HPOS="2996" VPOS="5756" HEIGHT="92" WIDTH="100" STYLEREFS="Style_11" WC="0.988888888888889" CC="0"/>
						<SP ID="SP_1.2.29.20" HPOS="3040" VPOS="5752" WIDTH="84"/>
						<String CONTENT="958715;" ID="St_1.2.29.21" HPOS="3164" VPOS="5756" HEIGHT="116" WIDTH="480" STYLEREFS="Style_11" WC="0.99" CC="0000000"/>
						<SP ID="SP_1.2.29.22" HPOS="3628" VPOS="5764" WIDTH="52"/>
						<String CONTENT="Baldwin" ID="St_1.2.29.23" HPOS="3724" VPOS="5760" HEIGHT="96" WIDTH="544" STYLEREFS="Style_11" WC="0.991111111111111" CC="0000000"/>
						<SP ID="SP_1.2.29.24" HPOS="4224" VPOS="5764" WIDTH="76"/>
						<String CONTENT="law" ID="St_1.2.29.25" HPOS="4336" VPOS="5760" HEIGHT="96" WIDTH="232" STYLEREFS="Style_11" WC="0.992222222222222" CC="000"/>
						<SP ID="SP_1.2.29.26" HPOS="4512" VPOS="5768" WIDTH="84"/>
						<String CONTENT="book" ID="St_1.2.29.27" HPOS="4636" VPOS="5764" HEIGHT="92" WIDTH="296" STYLEREFS="Style_11" WC="0.992222222222222" CC="0000"/>
						<SP ID="SP_1.2.29.28" HPOS="4888" VPOS="5756" WIDTH="72"/>
						<String CONTENT="co.," ID="St_1.2.29.29" HPOS="5000" VPOS="5788" HEIGHT="92" WIDTH="200" STYLEREFS="Style_11" WC="0.993333333333333" CC="0000"/>
					</TextLine>
					<TextLine ID="TL_1.2.30" HPOS="576" VPOS="5880" HEIGHT="112" WIDTH="4420">
						<String CONTENT="inc." ID="St_1.2.30.1" HPOS="576" VPOS="5884" HEIGHT="104" WIDTH="224" STYLEREFS="Style_11" WC="0.888888888888889" CC="4000"/>
						<SP ID="SP_1.2.30.2" HPOS="784" VPOS="5880" WIDTH="4000"/>
						<String CONTENT="309" ID="St_1.2.30.3" HPOS="4784" VPOS="5892" HEIGHT="100" WIDTH="212" STYLEREFS="Style_11" WC="0.607777777777778" CC="000"/>
					</TextLine>
					<TextLine ID="TL_1.2.31" HPOS="416" VPOS="6076" HEIGHT="156" WIDTH="2344">
						<String CONTENT="Verrill," ID="St_1.2.31.1" HPOS="416" VPOS="6076" HEIGHT="152" WIDTH="552" STYLEREFS="Style_11" WC="1" CC="00000000"/>
						<SP ID="SP_1.2.31.2" HPOS="948" VPOS="6128" WIDTH="56"/>
						<String CONTENT="Alpheus" ID="St_1.2.31.3" HPOS="1044" VPOS="6076" HEIGHT="152" WIDTH="640" STYLEREFS="Style_11" WC="0.972222222222222" CC="0400000"/>
						<SP ID="SP_1.2.31.4" HPOS="1644" VPOS="6104" WIDTH="76"/>
						<String CONTENT="Hyatt," ID="St_1.2.31.5" HPOS="1756" VPOS="6084" HEIGHT="148" WIDTH="508" STYLEREFS="Style_11" WC="0.98" CC="000000"/>
						<SP ID="SP_1.2.31.6" HPOS="2244" VPOS="6132" WIDTH="60"/>
						<String CONTENT="1871" ID="St_1.2.31.7" HPOS="2348" VPOS="6084" HEIGHT="124" WIDTH="320" STYLEREFS="Style_11" WC="0.983333333333333" CC="0000"/>
						<String CONTENT="&#150;" ID="St_1.2.31.8" HPOS="2672" VPOS="6160" HEIGHT="12" WIDTH="88" STYLEREFS="Style_11" WC="0.984444444444444" CC="0"/>
					</TextLine>
					<TextLine ID="TL_1.2.32" HPOS="584" VPOS="6264" HEIGHT="168" WIDTH="4616">
						<String CONTENT="The" ID="St_1.2.32.1" HPOS="584" VPOS="6268" HEIGHT="124" WIDTH="292" STYLEREFS="Style_11" WC="1" CC="000"/>
						<SP ID="SP_1.2.32.2" HPOS="840" VPOS="6292" WIDTH="72"/>
						<String CONTENT="home" ID="St_1.2.32.3" HPOS="948" VPOS="6268" HEIGHT="124" WIDTH="396" STYLEREFS="Style_11" WC="1" CC="0000"/>
						<SP ID="SP_1.2.32.4" HPOS="1308" VPOS="6292" WIDTH="72"/>
						<String CONTENT="radio" ID="St_1.2.32.5" HPOS="1420" VPOS="6264" HEIGHT="128" WIDTH="392" STYLEREFS="Style_11" WC="1" CC="00000"/>
						<SP ID="SP_1.2.32.6" HPOS="1772" VPOS="6288" WIDTH="76"/>
						<String CONTENT="up" ID="St_1.2.32.7" HPOS="1884" VPOS="6312" HEIGHT="116" WIDTH="188" STYLEREFS="Style_11" WC="1" CC="00"/>
						<SP ID="SP_1.2.32.8" HPOS="2024" VPOS="6292" WIDTH="84"/>
						<String CONTENT="to" ID="St_1.2.32.9" HPOS="2148" VPOS="6280" HEIGHT="112" WIDTH="140" STYLEREFS="Style_11" WC="1" CC="00"/>
						<SP ID="SP_1.2.32.10" HPOS="2244" VPOS="6288" WIDTH="80"/>
						<String CONTENT="date," ID="St_1.2.32.11" HPOS="2368" VPOS="6268" HEIGHT="160" WIDTH="356" STYLEREFS="Style_11" WC="1" CC="00000"/>
						<SP ID="SP_1.2.32.12" HPOS="2704" VPOS="6316" WIDTH="56"/>
						<String CONTENT="how" ID="St_1.2.32.13" HPOS="2804" VPOS="6268" HEIGHT="120" WIDTH="304" STYLEREFS="Style_11" WC="1" CC="000"/>
						<SP ID="SP_1.2.32.14" HPOS="3044" VPOS="6292" WIDTH="100"/>
						<String CONTENT="to" ID="St_1.2.32.15" HPOS="3188" VPOS="6280" HEIGHT="112" WIDTH="144" STYLEREFS="Style_11" WC="1" CC="00"/>
						<SP ID="SP_1.2.32.16" HPOS="3288" VPOS="6292" WIDTH="76"/>
						<String CONTENT="make" ID="St_1.2.32.17" HPOS="3404" VPOS="6268" HEIGHT="128" WIDTH="396" STYLEREFS="Style_11" WC="1" CC="0000"/>
						<SP ID="SP_1.2.32.18" HPOS="3760" VPOS="6292" WIDTH="76"/>
						<String CONTENT="and" ID="St_1.2.32.19" HPOS="3880" VPOS="6268" HEIGHT="128" WIDTH="272" STYLEREFS="Style_11" WC="1" CC="000"/>
						<SP ID="SP_1.2.32.20" HPOS="4104" VPOS="6268" WIDTH="84"/>
						<String CONTENT="use" ID="St_1.2.32.21" HPOS="4232" VPOS="6316" HEIGHT="80" WIDTH="232" STYLEREFS="Style_11" WC="1" CC="000"/>
						<SP ID="SP_1.2.32.22" HPOS="4428" VPOS="6292" WIDTH="72"/>
						<String CONTENT="it," ID="St_1.2.32.23" HPOS="4540" VPOS="6272" HEIGHT="160" WIDTH="156" STYLEREFS="Style_11" WC="1" CC="000"/>
						<SP ID="SP_1.2.32.24" HPOS="4676" VPOS="6320" WIDTH="56"/>
						<String CONTENT="by" ID="St_1.2.32.25" HPOS="4776" VPOS="6272" HEIGHT="156" WIDTH="176" STYLEREFS="Style_11" WC="1" CC="00"/>
						<SP ID="SP_1.2.32.26" HPOS="4900" VPOS="6296" WIDTH="84"/>
						<String CONTENT="A." ID="St_1.2.32.27" HPOS="5028" VPOS="6276" HEIGHT="124" WIDTH="172" STYLEREFS="Style_11" WC="1" CC="00"/>
					</TextLine>
					<TextLine ID="TL_1.2.33" HPOS="416" VPOS="6448" HEIGHT="172" WIDTH="4788">
						<String CONTENT="Hyatt" ID="St_1.2.33.1" HPOS="416" VPOS="6448" HEIGHT="168" WIDTH="456" STYLEREFS="Style_11" WC="1" CC="00000"/>
						<SP ID="SP_1.2.33.2" HPOS="840" VPOS="6460" WIDTH="80"/>
						<String CONTENT="Verrill" ID="St_1.2.33.3" HPOS="968" VPOS="6448" HEIGHT="132" WIDTH="524" STYLEREFS="Style_11" WC="1" CC="0000000"/>
						<SP ID="SP_1.2.33.4" HPOS="1460" VPOS="6452" WIDTH="80"/>
						<String CONTENT="and" ID="St_1.2.33.5" HPOS="1596" VPOS="6452" HEIGHT="128" WIDTH="268" STYLEREFS="Style_11" WC="1" CC="000"/>
						<SP ID="SP_1.2.33.6" HPOS="1816" VPOS="6452" WIDTH="100"/>
						<String CONTENT="E." ID="St_1.2.33.7" HPOS="1972" VPOS="6452" HEIGHT="124" WIDTH="160" STYLEREFS="Style_11" WC="1" CC="00"/>
						<SP ID="SP_1.2.33.8" HPOS="2116" VPOS="6504" WIDTH="68"/>
						<String CONTENT="E." ID="St_1.2.33.9" HPOS="2240" VPOS="6452" HEIGHT="124" WIDTH="164" STYLEREFS="Style_11" WC="0.98" CC="40"/>
						<SP ID="SP_1.2.33.10" HPOS="2388" VPOS="6504" WIDTH="68"/>
						<String CONTENT="Verrill." ID="St_1.2.33.11" HPOS="2512" VPOS="6448" HEIGHT="132" WIDTH="556" STYLEREFS="Style_11" WC="0.985555555555556" CC="00000000"/>
						<SP ID="SP_1.2.33.12" HPOS="3052" VPOS="6504" WIDTH="112"/>
						<String CONTENT="New" ID="St_1.2.33.13" HPOS="3264" VPOS="6452" HEIGHT="128" WIDTH="332" STYLEREFS="Style_11" WC="0.986666666666667" CC="000"/>
						<SP ID="SP_1.2.33.14" HPOS="3532" VPOS="6476" WIDTH="116"/>
						<String CONTENT="York" ID="St_1.2.33.15" HPOS="3708" VPOS="6456" HEIGHT="124" WIDTH="396" STYLEREFS="Style_11" WC="0.988888888888889" CC="0000"/>
						<SP ID="SP_1.2.33.16" HPOS="4052" VPOS="6456" WIDTH="100"/>
						<String CONTENT="and" ID="St_1.2.33.17" HPOS="4208" VPOS="6456" HEIGHT="128" WIDTH="272" STYLEREFS="Style_11" WC="0.99" CC="000"/>
						<SP ID="SP_1.2.33.18" HPOS="4428" VPOS="6456" WIDTH="100"/>
						<String CONTENT="London," ID="St_1.2.33.19" HPOS="4584" VPOS="6460" HEIGHT="160" WIDTH="620" STYLEREFS="Style_11" WC="0.991111111111111" CC="0000000"/>
					</TextLine>
					<TextLine ID="TL_1.2.34" HPOS="416" VPOS="6636" HEIGHT="160" WIDTH="1860">
						<String CONTENT="Harper" ID="St_1.2.34.1" HPOS="416" VPOS="6636" HEIGHT="160" WIDTH="556" STYLEREFS="Style_11" WC="1" CC="000000"/>
						<SP ID="SP_1.2.34.2" HPOS="936" VPOS="6660" WIDTH="60"/>
						<String CONTENT="&amp;" ID="St_1.2.34.3" HPOS="1024" VPOS="6640" HEIGHT="120" WIDTH="108" STYLEREFS="Style_11" WC="1" CC="0"/>
						<SP ID="SP_1.2.34.4" HPOS="1076" VPOS="6640" WIDTH="84"/>
						<String CONTENT="brothers," ID="St_1.2.34.5" HPOS="1188" VPOS="6636" HEIGHT="160" WIDTH="664" STYLEREFS="Style_11" WC="1" CC="000000000"/>
						<SP ID="SP_1.2.34.6" HPOS="1832" VPOS="6688" WIDTH="48"/>
						<String CONTENT="1927." ID="St_1.2.34.7" HPOS="1916" VPOS="6636" HEIGHT="128" WIDTH="360" STYLEREFS="Style_11" WC="0.981111111111111" CC="00031"/>
					</TextLine>
					<TextLine ID="TL_1.2.35" HPOS="584" VPOS="6828" HEIGHT="120" WIDTH="1996">
						<String CONTENT="x" ID="St_1.2.35.1" HPOS="584" VPOS="6852" HEIGHT="72" WIDTH="72" STYLEREFS="Style_11" WC="1" CC="0"/>
						<SP ID="SP_1.2.35.2" HPOS="616" VPOS="6840" WIDTH="68"/>
						<String CONTENT="p.," ID="St_1.2.35.3" HPOS="716" VPOS="6852" HEIGHT="88" WIDTH="136" STYLEREFS="Style_11" WC="1" CC="000"/>
						<SP ID="SP_1.2.35.4" HPOS="840" VPOS="6864" WIDTH="40"/>
						<String CONTENT="1" ID="St_1.2.35.5" HPOS="920" VPOS="6828" HEIGHT="96" WIDTH="60" STYLEREFS="Style_11" WC="1" CC="0"/>
						<SP ID="SP_1.2.35.6" HPOS="948" VPOS="6828" WIDTH="60"/>
						<String CONTENT="l" ID="St_1.2.35.7" HPOS="1036" VPOS="6832" HEIGHT="92" WIDTH="40" STYLEREFS="Style_11" WC="1" CC="0"/>
						<String CONTENT=".," ID="St_1.2.35.8" HPOS="1088" VPOS="6904" HEIGHT="36" WIDTH="52" STYLEREFS="Style_11" WC="1" CC="00"/>
						<SP ID="SP_1.2.35.9" HPOS="1124" VPOS="6864" WIDTH="48"/>
						<String CONTENT="146" ID="St_1.2.35.10" HPOS="1212" VPOS="6832" HEIGHT="92" WIDTH="204" STYLEREFS="Style_11" WC="1" CC="000"/>
						<SP ID="SP_1.2.35.11" HPOS="1380" VPOS="6828" WIDTH="64"/>
						<String CONTENT="p." ID="St_1.2.35.12" HPOS="1476" VPOS="6856" HEIGHT="88" WIDTH="104" STYLEREFS="Style_11" WC="0.974444444444444" CC="04"/>
						<SP ID="SP_1.2.35.13" HPOS="1568" VPOS="6864" WIDTH="84"/>
						<String CONTENT="diagrs." ID="St_1.2.35.14" HPOS="1728" VPOS="6832" HEIGHT="116" WIDTH="428" STYLEREFS="Style_11" WC="0.982222222222222" CC="0000000"/>
						<SP ID="SP_1.2.35.15" HPOS="2144" VPOS="6868" WIDTH="80"/>
						<String CONTENT="17" ID="St_1.2.35.16" HPOS="2300" VPOS="6832" HEIGHT="96" WIDTH="132" STYLEREFS="Style_11" WC="0.953333333333333" CC="44"/>
						<String CONTENT="c" ID="St_1.2.35.17" HPOS="2440" VPOS="6840" HEIGHT="48" WIDTH="36" STYLEREFS="Style_12" WC="0.925555555555556" CC="8"/>
						<String CONTENT="." ID="St_1.2.35.18" HPOS="2556" VPOS="6904" HEIGHT="24" WIDTH="24" STYLEREFS="Style_13" WC="0.913333333333333" CC="4"/>
					</TextLine>
					<TextLine ID="TL_1.2.36" HPOS="428" VPOS="6944" HEIGHT="140" WIDTH="4516">
						<String CONTENT="&#169;" ID="St_1.2.36.1" HPOS="428" VPOS="6944" HEIGHT="120" WIDTH="120" STYLEREFS="Style_13" WC="0.555555555555556" CC="4"/>
						<SP ID="SP_1.2.36.2" HPOS="488" VPOS="6944" WIDTH="92"/>
						<String CONTENT="Jan." ID="St_1.2.36.3" HPOS="612" VPOS="6964" HEIGHT="96" WIDTH="264" STYLEREFS="Style_13" WC="0.925555555555556" CC="0000"/>
						<SP ID="SP_1.2.36.4" HPOS="864" VPOS="7000" WIDTH="40"/>
						<String CONTENT="14," ID="St_1.2.36.5" HPOS="936" VPOS="6964" HEIGHT="112" WIDTH="164" STYLEREFS="Style_13" WC="0.955555555555556" CC="000"/>
						<SP ID="SP_1.2.36.6" HPOS="1084" VPOS="7000" WIDTH="44"/>
						<String CONTENT="1927;" ID="St_1.2.36.7" HPOS="1164" VPOS="6960" HEIGHT="116" WIDTH="340" STYLEREFS="Style_13" WC="0.972222222222222" CC="00000"/>
						<SP ID="SP_1.2.36.8" HPOS="1492" VPOS="6976" WIDTH="44"/>
						<String CONTENT="2c." ID="St_1.2.36.9" HPOS="1572" VPOS="6964" HEIGHT="96" WIDTH="164" STYLEREFS="Style_13" WC="0.977777777777778" CC="000"/>
						<SP ID="SP_1.2.36.10" HPOS="1724" VPOS="7004" WIDTH="40"/>
						<String CONTENT="Jan." ID="St_1.2.36.11" HPOS="1800" VPOS="6964" HEIGHT="100" WIDTH="268" STYLEREFS="Style_13" WC="0.982222222222222" CC="0000"/>
						<SP ID="SP_1.2.36.12" HPOS="2052" VPOS="7004" WIDTH="44"/>
						<String CONTENT="12;" ID="St_1.2.36.13" HPOS="2128" VPOS="6968" HEIGHT="112" WIDTH="196" STYLEREFS="Style_13" WC="0.984444444444444" CC="000"/>
						<SP ID="SP_1.2.36.14" HPOS="2308" VPOS="6976" WIDTH="48"/>
						<String CONTENT="aff." ID="St_1.2.36.15" HPOS="2392" VPOS="6964" HEIGHT="100" WIDTH="200" STYLEREFS="Style_13" WC="0.986666666666667" CC="0000"/>
						<SP ID="SP_1.2.36.16" HPOS="2576" VPOS="7004" WIDTH="44"/>
						<String CONTENT="Jan." ID="St_1.2.36.17" HPOS="2656" VPOS="6968" HEIGHT="96" WIDTH="264" STYLEREFS="Style_13" WC="0.987777777777778" CC="0000"/>
						<SP ID="SP_1.2.36.18" HPOS="2904" VPOS="7004" WIDTH="44"/>
						<String CONTENT="17;" ID="St_1.2.36.19" HPOS="2988" VPOS="6968" HEIGHT="116" WIDTH="196" STYLEREFS="Style_13" WC="0.988888888888889" CC="000"/>
						<SP ID="SP_1.2.36.20" HPOS="3168" VPOS="6980" WIDTH="44"/>
						<String CONTENT="A" ID="St_1.2.36.21" HPOS="3252" VPOS="6972" HEIGHT="88" WIDTH="100" STYLEREFS="Style_13" WC="0.99" CC="0"/>
						<SP ID="SP_1.2.36.22" HPOS="3296" VPOS="6968" WIDTH="84"/>
						<String CONTENT="963185;" ID="St_1.2.36.23" HPOS="3412" VPOS="6968" HEIGHT="116" WIDTH="480" STYLEREFS="Style_13" WC="0.991111111111111" CC="0000000"/>
						<SP ID="SP_1.2.36.24" HPOS="3880" VPOS="6980" WIDTH="48"/>
						<String CONTENT="Harper" ID="St_1.2.36.25" HPOS="3968" VPOS="6972" HEIGHT="112" WIDTH="468" STYLEREFS="Style_13" WC="0.992222222222222" CC="000000"/>
						<SP ID="SP_1.2.36.26" HPOS="4400" VPOS="6980" WIDTH="64"/>
						<String CONTENT="&amp;" ID="St_1.2.36.27" HPOS="4496" VPOS="6972" HEIGHT="96" WIDTH="88" STYLEREFS="Style_13" WC="0.992222222222222" CC="0"/>
						<SP ID="SP_1.2.36.28" HPOS="4532" VPOS="6968" WIDTH="80"/>
						<String CONTENT="bros." ID="St_1.2.36.29" HPOS="4648" VPOS="6976" HEIGHT="96" WIDTH="296" STYLEREFS="Style_13" WC="0.993333333333333" CC="00000"/>
					</TextLine>
					<TextLine ID="TL_1.2.37" HPOS="608" VPOS="7088" HEIGHT="120" WIDTH="4396">
						<String CONTENT="(27-1564)" ID="St_1.2.37.1" HPOS="608" VPOS="7096" HEIGHT="112" WIDTH="604" STYLEREFS="Style_13" WC="1" CC="000000000"/>
						<SP ID="SP_1.2.37.2" HPOS="1192" VPOS="7088" WIDTH="3596"/>
						<String CONTENT="310" ID="St_1.2.37.3" HPOS="4788" VPOS="7104" HEIGHT="104" WIDTH="216" STYLEREFS="Style_13" WC="0.653333333333333" CC="000"/>
					</TextLine>
					<TextLine ID="TL_1.2.38" HPOS="420" VPOS="7284" HEIGHT="164" WIDTH="2312">
						<String CONTENT="Virginia." ID="St_1.2.38.1" HPOS="420" VPOS="7284" HEIGHT="152" WIDTH="692" STYLEREFS="Style_14" WC="1" CC="000000000"/>
						<SP ID="SP_1.2.38.2" HPOS="1092" VPOS="7332" WIDTH="108"/>
						<String CONTENT="La" ID="St_1.2.38.3" HPOS="1288" VPOS="7288" HEIGHT="124" WIDTH="204" STYLEREFS="Style_15" WC="1" CC="00"/>
						<String CONTENT="w" ID="St_1.2.38.4" HPOS="1500" VPOS="7332" HEIGHT="80" WIDTH="116" STYLEREFS="Style_15" WC="1" CC="0"/>
						<String CONTENT="s," ID="St_1.2.38.5" HPOS="1628" VPOS="7332" HEIGHT="112" WIDTH="100" STYLEREFS="Style_15" WC="1" CC="00"/>
						<SP ID="SP_1.2.38.6" HPOS="1708" VPOS="7332" WIDTH="52"/>
						<String CONTENT="statutes," ID="St_1.2.38.7" HPOS="1800" VPOS="7304" HEIGHT="144" WIDTH="616" STYLEREFS="Style_15" WC="1" CC="000000000"/>
						<SP ID="SP_1.2.38.8" HPOS="2400" VPOS="7340" WIDTH="52"/>
						<String CONTENT="etc." ID="St_1.2.38.9" HPOS="2492" VPOS="7308" HEIGHT="108" WIDTH="240" STYLEREFS="Style_15" WC="1" CC="0000"/>
					</TextLine>
					<TextLine ID="TL_1.2.39" HPOS="588" VPOS="7464" HEIGHT="184" WIDTH="4616">
						<String CONTENT="The" ID="St_1.2.39.1" HPOS="588" VPOS="7472" HEIGHT="124" WIDTH="292" STYLEREFS="Style_15" WC="1" CC="000"/>
						<SP ID="SP_1.2.39.2" HPOS="840" VPOS="7488" WIDTH="80"/>
						<String CONTENT="Code" ID="St_1.2.39.3" HPOS="968" VPOS="7468" HEIGHT="132" WIDTH="368" STYLEREFS="Style_15" WC="1" CC="0000"/>
						<SP ID="SP_1.2.39.4" HPOS="1300" VPOS="7488" WIDTH="76"/>
						<String CONTENT="of" ID="St_1.2.39.5" HPOS="1424" VPOS="7468" HEIGHT="132" WIDTH="152" STYLEREFS="Style_15" WC="1" CC="00"/>
						<SP ID="SP_1.2.39.6" HPOS="1540" VPOS="7464" WIDTH="76"/>
						<String CONTENT="Virginia" ID="St_1.2.39.7" HPOS="1660" VPOS="7472" HEIGHT="164" WIDTH="652" STYLEREFS="Style_15" WC="1" CC="00000000"/>
						<SP ID="SP_1.2.39.8" HPOS="2268" VPOS="7488" WIDTH="100"/>
						<String CONTENT="(pleading" ID="St_1.2.39.9" HPOS="2428" VPOS="7472" HEIGHT="168" WIDTH="724" STYLEREFS="Style_15" WC="1" CC="000000000"/>
						<SP ID="SP_1.2.39.10" HPOS="3100" VPOS="7488" WIDTH="92"/>
						<String CONTENT="and" ID="St_1.2.39.11" HPOS="3240" VPOS="7480" HEIGHT="124" WIDTH="268" STYLEREFS="Style_15" WC="1" CC="000"/>
						<SP ID="SP_1.2.39.12" HPOS="3460" VPOS="7468" WIDTH="92"/>
						<String CONTENT="practice)" ID="St_1.2.39.13" HPOS="3604" VPOS="7480" HEIGHT="164" WIDTH="660" STYLEREFS="Style_15" WC="1" CC="000000000"/>
						<SP ID="SP_1.2.39.14" HPOS="4236" VPOS="7468" WIDTH="88"/>
						<String CONTENT="an" ID="St_1.2.39.15" HPOS="4388" VPOS="7528" HEIGHT="76" WIDTH="176" STYLEREFS="Style_15" WC="1" CC="00"/>
						<SP ID="SP_1.2.39.16" HPOS="4512" VPOS="7492" WIDTH="92"/>
						<String CONTENT="abridg-" ID="St_1.2.39.17" HPOS="4656" VPOS="7484" HEIGHT="164" WIDTH="548" STYLEREFS="Style_15" WC="1" CC="0000000"/>
					</TextLine>
					<TextLine ID="TL_1.2.40" HPOS="420" VPOS="7648" HEIGHT="184" WIDTH="4784">
						<String CONTENT="ment" ID="St_1.2.40.1" HPOS="420" VPOS="7664" HEIGHT="116" WIDTH="372" STYLEREFS="Style_15" WC="1" CC="0000"/>
						<SP ID="SP_1.2.40.2" HPOS="760" VPOS="7656" WIDTH="60"/>
						<String CONTENT="of" ID="St_1.2.40.3" HPOS="852" VPOS="7652" HEIGHT="128" WIDTH="156" STYLEREFS="Style_15" WC="1" CC="00"/>
						<SP ID="SP_1.2.40.4" HPOS="972" VPOS="7648" WIDTH="64"/>
						<String CONTENT="the" ID="St_1.2.40.5" HPOS="1064" VPOS="7660" HEIGHT="120" WIDTH="232" STYLEREFS="Style_15" WC="1" CC="000"/>
						<SP ID="SP_1.2.40.6" HPOS="1256" VPOS="7672" WIDTH="68"/>
						<String CONTENT="Virginia" ID="St_1.2.40.7" HPOS="1360" VPOS="7656" HEIGHT="164" WIDTH="648" STYLEREFS="Style_15" WC="1" CC="00000000"/>
						<SP ID="SP_1.2.40.8" HPOS="1968" VPOS="7676" WIDTH="76"/>
						<String CONTENT="Code" ID="St_1.2.40.9" HPOS="2084" VPOS="7660" HEIGHT="128" WIDTH="368" STYLEREFS="Style_15" WC="1" CC="0000"/>
						<SP ID="SP_1.2.40.10" HPOS="2412" VPOS="7676" WIDTH="68"/>
						<String CONTENT="of" ID="St_1.2.40.11" HPOS="2516" VPOS="7660" HEIGHT="124" WIDTH="156" STYLEREFS="Style_15" WC="1" CC="00"/>
						<SP ID="SP_1.2.40.12" HPOS="2636" VPOS="7652" WIDTH="68"/>
						<String CONTENT="1924" ID="St_1.2.40.13" HPOS="2740" VPOS="7668" HEIGHT="116" WIDTH="328" STYLEREFS="Style_15" WC="1" CC="0000"/>
						<SP ID="SP_1.2.40.14" HPOS="3024" VPOS="7656" WIDTH="72"/>
						<String CONTENT="for" ID="St_1.2.40.15" HPOS="3128" VPOS="7660" HEIGHT="128" WIDTH="224" STYLEREFS="Style_15" WC="1" CC="000"/>
						<SP ID="SP_1.2.40.16" HPOS="3312" VPOS="7680" WIDTH="72"/>
						<String CONTENT="the" ID="St_1.2.40.17" HPOS="3420" VPOS="7664" HEIGHT="128" WIDTH="232" STYLEREFS="Style_15" WC="1" CC="000"/>
						<SP ID="SP_1.2.40.18" HPOS="3612" VPOS="7680" WIDTH="68"/>
						<String CONTENT="student" ID="St_1.2.40.19" HPOS="3716" VPOS="7668" HEIGHT="124" WIDTH="552" STYLEREFS="Style_15" WC="1" CC="0000000"/>
						<SP ID="SP_1.2.40.20" HPOS="4236" VPOS="7668" WIDTH="64"/>
						<String CONTENT="of" ID="St_1.2.40.21" HPOS="4336" VPOS="7668" HEIGHT="128" WIDTH="156" STYLEREFS="Style_15" WC="1" CC="00"/>
						<SP ID="SP_1.2.40.22" HPOS="4452" VPOS="7660" WIDTH="68"/>
						<String CONTENT="Virginia" ID="St_1.2.40.23" HPOS="4556" VPOS="7668" HEIGHT="164" WIDTH="648" STYLEREFS="Style_15" WC="1" CC="00000000"/>
					</TextLine>
					<TextLine ID="TL_1.2.41" HPOS="420" VPOS="7836" HEIGHT="176" WIDTH="4780">
						<String CONTENT="pleading" ID="St_1.2.41.1" HPOS="420" VPOS="7836" HEIGHT="164" WIDTH="656" STYLEREFS="Style_15" WC="1" CC="00000000"/>
						<SP ID="SP_1.2.41.2" HPOS="1024" VPOS="7856" WIDTH="84"/>
						<String CONTENT="and" ID="St_1.2.41.3" HPOS="1144" VPOS="7844" HEIGHT="120" WIDTH="276" STYLEREFS="Style_15" WC="1" CC="000"/>
						<SP ID="SP_1.2.41.4" HPOS="1372" VPOS="7836" WIDTH="80"/>
						<String CONTENT="practice." ID="St_1.2.41.5" HPOS="1488" VPOS="7844" HEIGHT="156" WIDTH="636" STYLEREFS="Style_15" WC="1" CC="000000000"/>
						<SP ID="SP_1.2.41.6" HPOS="2108" VPOS="7888" WIDTH="96"/>
						<String CONTENT="Charlottesville," ID="St_1.2.41.7" HPOS="2288" VPOS="7840" HEIGHT="168" WIDTH="1156" STYLEREFS="Style_15" WC="1" CC="0000000000000000"/>
						<SP ID="SP_1.2.41.8" HPOS="3424" VPOS="7892" WIDTH="52"/>
						<String CONTENT="Va.," ID="St_1.2.41.9" HPOS="3516" VPOS="7852" HEIGHT="160" WIDTH="300" STYLEREFS="Style_15" WC="1" CC="0000"/>
						<SP ID="SP_1.2.41.10" HPOS="3800" VPOS="7892" WIDTH="56"/>
						<String CONTENT="The" ID="St_1.2.41.11" HPOS="3900" VPOS="7852" HEIGHT="124" WIDTH="292" STYLEREFS="Style_15" WC="1" CC="000"/>
						<SP ID="SP_1.2.41.12" HPOS="4152" VPOS="7864" WIDTH="72"/>
						<String CONTENT="Michie" ID="St_1.2.41.13" HPOS="4268" VPOS="7852" HEIGHT="128" WIDTH="508" STYLEREFS="Style_15" WC="1" CC="000000"/>
						<SP ID="SP_1.2.41.14" HPOS="4736" VPOS="7868" WIDTH="76"/>
						<String CONTENT="com-" ID="St_1.2.41.15" HPOS="4856" VPOS="7900" HEIGHT="84" WIDTH="344" STYLEREFS="Style_15" WC="1" CC="0000"/>
					</TextLine>
					<TextLine ID="TL_1.2.42" HPOS="424" VPOS="8020" HEIGHT="168" WIDTH="836">
						<String CONTENT="pany," ID="St_1.2.42.1" HPOS="424" VPOS="8060" HEIGHT="128" WIDTH="408" STYLEREFS="Style_15" WC="1" CC="00000"/>
						<SP ID="SP_1.2.42.2" HPOS="812" VPOS="8072" WIDTH="52"/>
						<String CONTENT="1927." ID="St_1.2.42.3" HPOS="904" VPOS="8020" HEIGHT="132" WIDTH="356" STYLEREFS="Style_15" WC="1" CC="00000"/>
					</TextLine>
					<TextLine ID="TL_1.2.43" HPOS="588" VPOS="8208" HEIGHT="124" WIDTH="2136">
						<String CONTENT="1" ID="St_1.2.43.1" HPOS="588" VPOS="8212" HEIGHT="96" WIDTH="60" STYLEREFS="Style_15" WC="1" CC="0"/>
						<SP ID="SP_1.2.43.2" HPOS="612" VPOS="8208" WIDTH="64"/>
						<String CONTENT="p." ID="St_1.2.43.3" HPOS="708" VPOS="8240" HEIGHT="88" WIDTH="104" STYLEREFS="Style_15" WC="1" CC="00"/>
						<SP ID="SP_1.2.43.4" HPOS="796" VPOS="8244" WIDTH="44"/>
						<String CONTENT="l" ID="St_1.2.43.5" HPOS="872" VPOS="8216" HEIGHT="92" WIDTH="40" STYLEREFS="Style_15" WC="1" CC="0"/>
						<String CONTENT=".," ID="St_1.2.43.6" HPOS="924" VPOS="8288" HEIGHT="40" WIDTH="52" STYLEREFS="Style_15" WC="1" CC="00"/>
						<SP ID="SP_1.2.43.7" HPOS="964" VPOS="8244" WIDTH="40"/>
						<String CONTENT="p." ID="St_1.2.43.8" HPOS="1032" VPOS="8240" HEIGHT="92" WIDTH="104" STYLEREFS="Style_15" WC="1" CC="00"/>
						<SP ID="SP_1.2.43.9" HPOS="1124" VPOS="8248" WIDTH="40"/>
						<String CONTENT="1505" ID="St_1.2.43.10" HPOS="1200" VPOS="8216" HEIGHT="96" WIDTH="280" STYLEREFS="Style_15" WC="1" CC="0000"/>
						<String CONTENT="&#150;" ID="St_1.2.43.11" HPOS="1480" VPOS="8272" HEIGHT="12" WIDTH="72" STYLEREFS="Style_15" WC="1" CC="0"/>
						<String CONTENT="1824." ID="St_1.2.43.12" HPOS="1552" VPOS="8220" HEIGHT="100" WIDTH="308" STYLEREFS="Style_15" WC="1" CC="00000"/>
						<SP ID="SP_1.2.43.13" HPOS="1844" VPOS="8248" WIDTH="84"/>
						<String CONTENT="26&#189;&#x0368;&#x036b;." ID="St_1.2.43.14" HPOS="2004" VPOS="8216" HEIGHT="104" WIDTH="720" STYLEREFS="Style_15" WC="0.984444444444444" CC="000004"/>
					</TextLine>
					<TextLine ID="TL_1.2.44" HPOS="432" VPOS="8332" HEIGHT="148" WIDTH="3992">
						<String CONTENT="&#169;" ID="St_1.2.44.1" HPOS="432" VPOS="8332" HEIGHT="116" WIDTH="120" STYLEREFS="Style_15" WC="0.555555555555556" CC="4"/>
						<SP ID="SP_1.2.44.2" HPOS="492" VPOS="8332" WIDTH="96"/>
						<String CONTENT="Jan." ID="St_1.2.44.3" HPOS="624" VPOS="8348" HEIGHT="96" WIDTH="264" STYLEREFS="Style_15" WC="0.925555555555556" CC="0000"/>
						<SP ID="SP_1.2.44.4" HPOS="872" VPOS="8388" WIDTH="44"/>
						<String CONTENT="1," ID="St_1.2.44.5" HPOS="948" VPOS="8348" HEIGHT="112" WIDTH="92" STYLEREFS="Style_15" WC="0.95" CC="00"/>
						<SP ID="SP_1.2.44.6" HPOS="1024" VPOS="8388" WIDTH="44"/>
						<String CONTENT="1927;" ID="St_1.2.44.7" HPOS="1104" VPOS="8348" HEIGHT="116" WIDTH="340" STYLEREFS="Style_15" WC="0.97" CC="00000"/>
						<SP ID="SP_1.2.44.8" HPOS="1428" VPOS="8368" WIDTH="48"/>
						<String CONTENT="2c." ID="St_1.2.44.9" HPOS="1512" VPOS="8352" HEIGHT="96" WIDTH="160" STYLEREFS="Style_15" WC="0.975555555555556" CC="000"/>
						<SP ID="SP_1.2.44.10" HPOS="1656" VPOS="8392" WIDTH="44"/>
						<String CONTENT="Jan." ID="St_1.2.44.11" HPOS="1736" VPOS="8356" HEIGHT="96" WIDTH="264" STYLEREFS="Style_15" WC="0.981111111111111" CC="0000"/>
						<SP ID="SP_1.2.44.12" HPOS="1984" VPOS="8396" WIDTH="44"/>
						<String CONTENT="7;" ID="St_1.2.44.13" HPOS="2064" VPOS="8360" HEIGHT="112" WIDTH="128" STYLEREFS="Style_15" WC="0.983333333333333" CC="00"/>
						<SP ID="SP_1.2.44.14" HPOS="2176" VPOS="8368" WIDTH="44"/>
						<String CONTENT="aff." ID="St_1.2.44.15" HPOS="2260" VPOS="8356" HEIGHT="100" WIDTH="204" STYLEREFS="Style_15" WC="0.985555555555556" CC="0000"/>
						<SP ID="SP_1.2.44.16" HPOS="2448" VPOS="8392" WIDTH="44"/>
						<String CONTENT="Jan." ID="St_1.2.44.17" HPOS="2528" VPOS="8360" HEIGHT="96" WIDTH="264" STYLEREFS="Style_15" WC="0.987777777777778" CC="0000"/>
						<SP ID="SP_1.2.44.18" HPOS="2776" VPOS="8396" WIDTH="44"/>
						<String CONTENT="6;" ID="St_1.2.44.19" HPOS="2856" VPOS="8360" HEIGHT="112" WIDTH="128" STYLEREFS="Style_15" WC="0.988888888888889" CC="00"/>
						<SP ID="SP_1.2.44.20" HPOS="2968" VPOS="8368" WIDTH="48"/>
						<String CONTENT="A" ID="St_1.2.44.21" HPOS="3052" VPOS="8360" HEIGHT="96" WIDTH="100" STYLEREFS="Style_15" WC="0.988888888888889" CC="0"/>
						<SP ID="SP_1.2.44.22" HPOS="3096" VPOS="8356" WIDTH="84"/>
						<String CONTENT="963048;" ID="St_1.2.44.23" HPOS="3212" VPOS="8360" HEIGHT="120" WIDTH="480" STYLEREFS="Style_15" WC="0.991111111111111" CC="0000000"/>
						<SP ID="SP_1.2.44.24" HPOS="3676" VPOS="8372" WIDTH="52"/>
						<String CONTENT="Michie" ID="St_1.2.44.25" HPOS="3772" VPOS="8368" HEIGHT="92" WIDTH="420" STYLEREFS="Style_15" WC="0.991111111111111" CC="000000"/>
						<SP ID="SP_1.2.44.26" HPOS="4156" VPOS="8376" WIDTH="68"/>
						<String CONTENT="co." ID="St_1.2.44.27" HPOS="4264" VPOS="8396" HEIGHT="72" WIDTH="160" STYLEREFS="Style_15" WC="0.981111111111111" CC="411"/>
					</TextLine>
					<TextLine ID="TL_1.2.45" HPOS="612" VPOS="8480" HEIGHT="120" WIDTH="4388">
						<String CONTENT="(27-1569)" ID="St_1.2.45.1" HPOS="612" VPOS="8480" HEIGHT="112" WIDTH="604" STYLEREFS="Style_15" WC="1" CC="000000000"/>
						<SP ID="SP_1.2.45.2" HPOS="1196" VPOS="8496" WIDTH="3592"/>
						<String CONTENT="311" ID="St_1.2.45.3" HPOS="4788" VPOS="8496" HEIGHT="104" WIDTH="212" STYLEREFS="Style_15" WC="0.653333333333333" CC="000"/>
					</TextLine>
					<TextLine ID="TL_1.2.46" HPOS="432" VPOS="8636" HEIGHT="156" WIDTH="1796">
						<String CONTENT="Warren," ID="St_1.2.46.1" HPOS="432" VPOS="8636" HEIGHT="148" WIDTH="624" STYLEREFS="Style_15" WC="1" CC="0000000"/>
						<SP ID="SP_1.2.46.2" HPOS="1040" VPOS="8684" WIDTH="52"/>
						<String CONTENT="Shields," ID="St_1.2.46.3" HPOS="1132" VPOS="8640" HEIGHT="152" WIDTH="604" STYLEREFS="Style_15" WC="1" CC="00000000"/>
						<SP ID="SP_1.2.46.4" HPOS="1712" VPOS="8688" WIDTH="60"/>
						<String CONTENT="1898" ID="St_1.2.46.5" HPOS="1816" VPOS="8652" HEIGHT="120" WIDTH="316" STYLEREFS="Style_15" WC="1" CC="0000"/>
						<String CONTENT="&#150;" ID="St_1.2.46.6" HPOS="2140" VPOS="8724" HEIGHT="12" WIDTH="88" STYLEREFS="Style_15" WC="1" CC="0"/>
					</TextLine>
					<TextLine ID="TL_1.2.47" HPOS="600" VPOS="8820" HEIGHT="184" WIDTH="4484">
						<String CONTENT="Medical" ID="St_1.2.47.1" HPOS="600" VPOS="8820" HEIGHT="128" WIDTH="592" STYLEREFS="Style_15" WC="1" CC="0000000"/>
						<SP ID="SP_1.2.47.2" HPOS="1164" VPOS="8824" WIDTH="80"/>
						<String CONTENT="science" ID="St_1.2.47.3" HPOS="1300" VPOS="8828" HEIGHT="124" WIDTH="512" STYLEREFS="Style_15" WC="1" CC="0000000"/>
						<SP ID="SP_1.2.47.4" HPOS="1772" VPOS="8848" WIDTH="88"/>
						<String CONTENT="for" ID="St_1.2.47.5" HPOS="1916" VPOS="8828" HEIGHT="128" WIDTH="224" STYLEREFS="Style_15" WC="1" CC="000"/>
						<SP ID="SP_1.2.47.6" HPOS="2100" VPOS="8848" WIDTH="88"/>
						<String CONTENT="everyday" ID="St_1.2.47.7" HPOS="2244" VPOS="8840" HEIGHT="156" WIDTH="680" STYLEREFS="Style_15" WC="1" CC="00000000"/>
						<SP ID="SP_1.2.47.8" HPOS="2876" VPOS="8848" WIDTH="100"/>
						<String CONTENT="use," ID="St_1.2.47.9" HPOS="3032" VPOS="8880" HEIGHT="120" WIDTH="268" STYLEREFS="Style_15" WC="1" CC="0000"/>
						<SP ID="SP_1.2.47.10" HPOS="3280" VPOS="8880" WIDTH="68"/>
						<String CONTENT="by" ID="St_1.2.47.11" HPOS="3400" VPOS="8840" HEIGHT="164" WIDTH="180" STYLEREFS="Style_15" WC="1" CC="00"/>
						<SP ID="SP_1.2.47.12" HPOS="3532" VPOS="8852" WIDTH="100"/>
						<String CONTENT="Shields" ID="St_1.2.47.13" HPOS="3696" VPOS="8840" HEIGHT="132" WIDTH="544" STYLEREFS="Style_15" WC="1" CC="0000000"/>
						<SP ID="SP_1.2.47.14" HPOS="4204" VPOS="8856" WIDTH="88"/>
						<String CONTENT="Warren" ID="St_1.2.47.15" HPOS="4352" VPOS="8848" HEIGHT="128" WIDTH="584" STYLEREFS="Style_15" WC="1" CC="000000"/>
						<SP ID="SP_1.2.47.16" HPOS="4844" VPOS="8892" WIDTH="92"/>
						<String CONTENT="&#133;" ID="St_1.2.47.17" HPOS="5004" VPOS="8832" HEIGHT="144" WIDTH="80" STYLEREFS="Style_15" WC="0.993333333333333" CC="0"/>
					</TextLine>
					<TextLine ID="TL_1.2.48" HPOS="432" VPOS="9008" HEIGHT="184" WIDTH="3936">
						<String CONTENT="Philadelphia" ID="St_1.2.48.1" HPOS="432" VPOS="9008" HEIGHT="160" WIDTH="976" STYLEREFS="Style_15" WC="1" CC="000000000000"/>
						<SP ID="SP_1.2.48.2" HPOS="1364" VPOS="9032" WIDTH="80"/>
						<String CONTENT="and" ID="St_1.2.48.3" HPOS="1488" VPOS="9016" HEIGHT="124" WIDTH="272" STYLEREFS="Style_15" WC="1" CC="000"/>
						<SP ID="SP_1.2.48.4" HPOS="1712" VPOS="9008" WIDTH="84"/>
						<String CONTENT="New" ID="St_1.2.48.5" HPOS="1840" VPOS="9020" HEIGHT="120" WIDTH="328" STYLEREFS="Style_15" WC="1" CC="000"/>
						<SP ID="SP_1.2.48.6" HPOS="2108" VPOS="9032" WIDTH="100"/>
						<String CONTENT="York," ID="St_1.2.48.7" HPOS="2252" VPOS="9020" HEIGHT="160" WIDTH="432" STYLEREFS="Style_15" WC="1" CC="00000"/>
						<SP ID="SP_1.2.48.8" HPOS="2664" VPOS="9060" WIDTH="52"/>
						<String CONTENT="Lea" ID="St_1.2.48.9" HPOS="2756" VPOS="9024" HEIGHT="124" WIDTH="276" STYLEREFS="Style_15" WC="1" CC="000"/>
						<SP ID="SP_1.2.48.10" HPOS="2984" VPOS="9036" WIDTH="84"/>
						<String CONTENT="&amp;" ID="St_1.2.48.11" HPOS="3108" VPOS="9032" HEIGHT="116" WIDTH="112" STYLEREFS="Style_15" WC="1" CC="0"/>
						<SP ID="SP_1.2.48.12" HPOS="3160" VPOS="9016" WIDTH="96"/>
						<String CONTENT="Febiger," ID="St_1.2.48.13" HPOS="3300" VPOS="9028" HEIGHT="164" WIDTH="624" STYLEREFS="Style_15" WC="1" CC="00000000"/>
						<SP ID="SP_1.2.48.14" HPOS="3908" VPOS="9064" WIDTH="56"/>
						<String CONTENT="1927." ID="St_1.2.48.15" HPOS="4012" VPOS="9032" HEIGHT="124" WIDTH="356" STYLEREFS="Style_15" WC="1" CC="00000"/>
					</TextLine>
					<TextLine ID="TL_1.2.49" HPOS="600" VPOS="9200" HEIGHT="124" WIDTH="2784">
						<String CONTENT="ix," ID="St_1.2.49.1" HPOS="600" VPOS="9200" HEIGHT="112" WIDTH="152" STYLEREFS="Style_15" WC="0.851111111111111" CC="130"/>
						<SP ID="SP_1.2.49.2" HPOS="736" VPOS="9232" WIDTH="60"/>
						<String CONTENT="[1" ID="St_1.2.49.3" HPOS="848" VPOS="9204" HEIGHT="116" WIDTH="92" STYLEREFS="Style_15" WC="0.925555555555556" CC="00"/>
						<String CONTENT="7" ID="St_1.2.49.4" HPOS="952" VPOS="9204" HEIGHT="96" WIDTH="64" STYLEREFS="Style_15" WC="0.935555555555556" CC="0"/>
						<String CONTENT="]&#150;" ID="St_1.2.49.5" HPOS="1024" VPOS="9220" HEIGHT="80" WIDTH="108" STYLEREFS="Style_15" WC="0.901111111111111" CC="40"/>
						<String CONTENT="178" ID="St_1.2.49.6" HPOS="1132" VPOS="9208" HEIGHT="92" WIDTH="204" STYLEREFS="Style_15" WC="0.925555555555556" CC="000"/>
						<SP ID="SP_1.2.49.7" HPOS="1300" VPOS="9200" WIDTH="68"/>
						<String CONTENT="p." ID="St_1.2.49.8" HPOS="1408" VPOS="9232" HEIGHT="88" WIDTH="108" STYLEREFS="Style_15" WC="0.94" CC="00"/>
						<SP ID="SP_1.2.49.9" HPOS="1500" VPOS="9236" WIDTH="84"/>
						<String CONTENT="diagr." ID="St_1.2.49.10" HPOS="1660" VPOS="9208" HEIGHT="116" WIDTH="368" STYLEREFS="Style_15" WC="0.958888888888889" CC="000000"/>
						<SP ID="SP_1.2.49.11" HPOS="2012" VPOS="9240" WIDTH="80"/>
						<String CONTENT="20&#189;&#x0368;&#x036b;." ID="St_1.2.49.12" HPOS="2168" VPOS="9204" HEIGHT="104" WIDTH="1216" STYLEREFS="Style_15" WC="0.968888888888889" CC="000000"/>
					</TextLine>
					<TextLine ID="TL_1.2.50" HPOS="436" VPOS="9308" HEIGHT="168" WIDTH="4372">
						<String CONTENT="&#169;" ID="St_1.2.50.1" HPOS="436" VPOS="9308" HEIGHT="120" WIDTH="120" STYLEREFS="Style_15" WC="0.555555555555556" CC="4"/>
						<SP ID="SP_1.2.50.2" HPOS="496" VPOS="9308" WIDTH="96"/>
						<String CONTENT="Jan." ID="St_1.2.50.3" HPOS="632" VPOS="9336" HEIGHT="96" WIDTH="264" STYLEREFS="Style_15" WC="0.925555555555556" CC="0000"/>
						<SP ID="SP_1.2.50.4" HPOS="880" VPOS="9356" WIDTH="44"/>
						<String CONTENT="3," ID="St_1.2.50.5" HPOS="960" VPOS="9340" HEIGHT="112" WIDTH="92" STYLEREFS="Style_15" WC="0.95" CC="00"/>
						<SP ID="SP_1.2.50.6" HPOS="1036" VPOS="9368" WIDTH="48"/>
						<String CONTENT="1927;" ID="St_1.2.50.7" HPOS="1124" VPOS="9340" HEIGHT="116" WIDTH="336" STYLEREFS="Style_15" WC="0.97" CC="00000"/>
						<SP ID="SP_1.2.50.8" HPOS="1444" VPOS="9348" WIDTH="52"/>
						<String CONTENT="2" ID="St_1.2.50.9" HPOS="1536" VPOS="9344" HEIGHT="88" WIDTH="64" STYLEREFS="Style_15" WC="0.973333333333333" CC="0"/>
						<String CONTENT="c" ID="St_1.2.50.10" HPOS="1608" VPOS="9372" HEIGHT="68" WIDTH="60" STYLEREFS="Style_15" WC="0.974444444444444" CC="0"/>
						<String CONTENT="." ID="St_1.2.50.11" HPOS="1680" VPOS="9420" HEIGHT="20" WIDTH="16" STYLEREFS="Style_15" WC="0.975555555555556" CC="0"/>
						<SP ID="SP_1.2.50.12" HPOS="1684" VPOS="9372" WIDTH="44"/>
						<String CONTENT="Jan." ID="St_1.2.50.13" HPOS="1768" VPOS="9348" HEIGHT="92" WIDTH="264" STYLEREFS="Style_15" WC="0.981111111111111" CC="0000"/>
						<SP ID="SP_1.2.50.14" HPOS="2016" VPOS="9372" WIDTH="44"/>
						<String CONTENT="6;" ID="St_1.2.50.15" HPOS="2100" VPOS="9348" HEIGHT="112" WIDTH="124" STYLEREFS="Style_15" WC="0.983333333333333" CC="00"/>
						<SP ID="SP_1.2.50.16" HPOS="2208" VPOS="9348" WIDTH="52"/>
						<String CONTENT="a" ID="St_1.2.50.17" HPOS="2300" VPOS="9372" HEIGHT="68" WIDTH="60" STYLEREFS="Style_15" WC="0.968888888888889" CC="4"/>
						<String CONTENT="ff" ID="St_1.2.50.18" HPOS="2376" VPOS="9344" HEIGHT="96" WIDTH="92" STYLEREFS="Style_15" WC="0.971111111111111" CC="00"/>
						<String CONTENT="." ID="St_1.2.50.19" HPOS="2476" VPOS="9424" HEIGHT="20" WIDTH="24" STYLEREFS="Style_15" WC="0.972222222222222" CC="0"/>
						<SP ID="SP_1.2.50.20" HPOS="2480" VPOS="9372" WIDTH="52"/>
						<String CONTENT="Jan." ID="St_1.2.50.21" HPOS="2572" VPOS="9352" HEIGHT="92" WIDTH="260" STYLEREFS="Style_15" WC="0.975555555555556" CC="0000"/>
						<SP ID="SP_1.2.50.22" HPOS="2816" VPOS="9376" WIDTH="48"/>
						<String CONTENT="8;" ID="St_1.2.50.23" HPOS="2904" VPOS="9352" HEIGHT="112" WIDTH="124" STYLEREFS="Style_15" WC="0.977777777777778" CC="00"/>
						<SP ID="SP_1.2.50.24" HPOS="3012" VPOS="9352" WIDTH="48"/>
						<String CONTENT="A" ID="St_1.2.50.25" HPOS="3104" VPOS="9356" HEIGHT="88" WIDTH="100" STYLEREFS="Style_15" WC="0.977777777777778" CC="0"/>
						<SP ID="SP_1.2.50.26" HPOS="3148" VPOS="9340" WIDTH="84"/>
						<String CONTENT="958639;" ID="St_1.2.50.27" HPOS="3272" VPOS="9356" HEIGHT="112" WIDTH="476" STYLEREFS="Style_15" WC="0.982222222222222" CC="0000000"/>
						<SP ID="SP_1.2.50.28" HPOS="3732" VPOS="9352" WIDTH="52"/>
						<String CONTENT="Le" ID="St_1.2.50.29" HPOS="3828" VPOS="9360" HEIGHT="92" WIDTH="152" STYLEREFS="Style_15" WC="0.982222222222222" CC="00"/>
						<String CONTENT="a" ID="St_1.2.50.30" HPOS="3992" VPOS="9384" HEIGHT="68" WIDTH="64" STYLEREFS="Style_15" WC="0.983333333333333" CC="0"/>
						<SP ID="SP_1.2.50.31" HPOS="4020" VPOS="9352" WIDTH="72"/>
						<String CONTENT="&amp;" ID="St_1.2.50.32" HPOS="4132" VPOS="9360" HEIGHT="96" WIDTH="88" STYLEREFS="Style_15" WC="0.983333333333333" CC="0"/>
						<SP ID="SP_1.2.50.33" HPOS="4168" VPOS="9340" WIDTH="80"/>
						<String CONTENT="Fe" ID="St_1.2.50.34" HPOS="4288" VPOS="9364" HEIGHT="92" WIDTH="160" STYLEREFS="Style_15" WC="0.984444444444444" CC="00"/>
						<String CONTENT="b" ID="St_1.2.50.35" HPOS="4456" VPOS="9368" HEIGHT="88" WIDTH="64" STYLEREFS="Style_15" WC="0.984444444444444" CC="0"/>
						<String CONTENT="iger." ID="St_1.2.50.36" HPOS="4528" VPOS="9360" HEIGHT="116" WIDTH="280" STYLEREFS="Style_15" WC="0.985555555555556" CC="00000"/>
					</TextLine>
					<TextLine ID="TL_1.2.51" HPOS="620" VPOS="9460" HEIGHT="136" WIDTH="4384">
						<String CONTENT="(27-1541)" ID="St_1.2.51.1" HPOS="620" VPOS="9468" HEIGHT="120" WIDTH="596" STYLEREFS="Style_15" WC="1" CC="000000000"/>
						<SP ID="SP_1.2.51.2" HPOS="1196" VPOS="9460" WIDTH="3596"/>
						<String CONTENT="312" ID="St_1.2.51.3" HPOS="4792" VPOS="9492" HEIGHT="104" WIDTH="212" STYLEREFS="Style_15" WC="0.654444444444445" CC="000"/>
					</TextLine>
					<TextLine ID="TL_1.2.52" HPOS="2744" VPOS="9608" HEIGHT="128" WIDTH="160">
						<String CONTENT="47" ID="St_1.2.52.1" HPOS="2744" VPOS="9608" HEIGHT="128" WIDTH="160" STYLEREFS="Style_15" WC="0.888888888888889" CC="11"/>
					</TextLine>
				</TextBlock>
			</PrintSpace>
		</Page>
	</Layout>
</alto>
