5968 10284
844 824 784 156 Raymond,
1712 824 488 152 Irving
2284 824 904 128 Woodworth
3196 896 184 24 —
3392 824 772 128 Continued

1024 1028 64 88 1
1096 1024 136 100 70
1308 1052 72 88 p
1380 1060 24 56 .
1564 1028 64 88 2
1636 1020 544 108 3ͨͫ
1824 1100 20 20 .
2016 1024 32 112 (
2068 1028 184 88 Ha
2272 1028 32 88 l
2316 1024 92 112 f-
2416 1024 92 92 ti
2512 1024 36 88 t
2560 1024 40 88 l
2620 1052 56 64 e
2684 1036 40 76 :
2824 1020 72 96 S
2908 1028 124 88 tu
3044 1028 68 88 d
3128 1020 164 96 ies
3380 1020 120 96 in
3588 1020 484 116 history,
4164 1052 272 68 econ
4452 1052 64 68 o
4524 1024 152 92 mi
4688 1048 116 72 cs
4816 1104 20 32 ,
4928 1036 68 76 a
5004 1036 72 76 n
5092 1028 64 92 d
5248 1028 228 116 pub
5480 1032 36 88 l
5524 1028 108 96 ic

852 1164 32 92 l
896 1188 212 84 aw,
1212 1164 168 92 ed.
1480 1160 144 112 by
1728 1160 192 96 the
2024 1160 492 112 Faculty
2620 1160 120 96 of
2840 1160 520 112 political
3464 1160 444 96 science
4012 1160 120 96 of
4240 1160 596 96 Columbia
4948 1160 680 116 university,

848 1324 68 64 n
928 1324 64 68 o
1004 1376 16 20 .
1092 1296 264 116 286)

1016 1432 632 96 Published
1716 1432 248 92 also
2032 1456 128 68 as
2228 1428 364 96 thesis
2688 1428 116 116 (P
2816 1452 92 72 H
2924 1508 20 16 .
3012 1432 156 112 D.)
3260 1428 604 96 Columbia
3936 1428 684 116 university,
4688 1428 308 100 1927.

1016 1564 900 116 Bibliography:
2004 1596 104 84 p.
2192 1568 60 92 1
2264 1564 68 96 5
2336 1564 132 96 6–
2472 1568 56 88 1
2548 1564 164 100 64.

860 1672 116 108 ©
1052 1704 272 112 Apr.
1396 1704 164 112 21,
1636 1704 336 108 1927;
2044 1704 160 92 2c.
2280 1704 224 92 and
2580 1712 52 76 a
2656 1700 124 100 ff.
2852 1704 300 96 June
3224 1704 196 108 23;
3500 1700 96 92 A
3668 1700 132 92 99
3804 1696 72 88 0
3880 1696 264 108 643;
4228 1692 84 96 I.
4392 1696 172 104 W.
4640 1704 640 112 Raymond,
5356 1700 280 100 New

1016 1840 348 96 York.
1532 1836 676 116 (27-15284)
5148 1832 284 100 5869

852 1996 452 152 Ryan,
1372 1996 476 124 Heber
1916 1996 504 124 Hinds.

1016 2180 548 164 Ability
1628 2180 700 164 grouping
2392 2180 144 120 in
2604 2180 232 124 the
2900 2180 464 164 junior
3428 2176 340 168 high
3840 2180 500 164 school,
4404 2180 180 164 by
4652 2180 460 124 Heber
5176 2180 464 128 Hinds

852 2368 400 160 Ryan
1324 2372 80 136 …
1588 2368 268 124 and
1948 2368 708 160 Philipine
2752 2360 404 132 Crece
3168 2368 100 120 li
3276 2408 156 84 us
3532 2372 80 136 …
3764 2368 332 124 with
4184 2408 172 84 an
4444 2368 140 124 in
4596 2380 60 112 t
4660 2368 720 124 roduction
5460 2368 180 164 by

852 2552 464 132 James
1404 2552 192 128 M.
1688 2552 440 128 Glass.
2304 2552 336 128 New
2732 2552 432 160 York,
3252 2552 744 160 Harcourt,
4092 2556 432 124 Brace
4616 2556 268 124 and
4972 2596 668 124 company

864 2780 160 132 [ͨ
960 2744 324 128 1927
1296 2820 28 80 ]

1016 2940 252 116 xiii,
1344 2940 204 96 223
1624 2968 104 88 p.
1872 2936 392 112 front.,
2344 2936 432 116 diagrs.
2920 2936 716 108 19½ͨͫ
3248 3012 24 24 .

1020 3072 904 116 Bibliography:
2004 3096 104 92 p.
2180 3072 204 96 203
2392 3128 72 8 –
2464 3072 240 96 218.

892 3240 16 80 ©
1060 3212 296 92 June
1428 3208 164 112 28,
1660 3204 340 112 1927;
2076 3208 156 92 2c.
2304 3208 228 92 and
2604 3204 200 96 aff.
2876 3204 276 116 July
3224 3204 124 112 8;
3420 3204 104 92 A
3588 3204 480 116 990842;
4144 3204 628 120 Harcourt,
4844 3212 372 92 Brace
5288 3208 88 96 &
5440 3232 128 76 co
5580 3284 56 40 .,

1024 3344 220 96 inc.
1412 3340 672 120 (27-15220)
5156 3340 284 100 5870

860 3500 1188 148 Sainte-Aulaire,
2112 3500 432 124 Louis
2620 3500 376 128 Clair
3060 3500 168 124 de
3292 3500 720 148 Beaupoil,
4084 3516 424 108 comte
4576 3500 212 152 de,
4860 3504 316 128 1778
5188 3584 84 12 –
5280 3512 356 120 1854.

1092 3688 84 148 …
1260 3688 740 132 Souvenirs
2100 3688 644 164 (Vienne,
2816 3692 324 120 1832
3144 3768 84 12 –
3240 3684 384 164 1841)
3724 3684 388 164 publi
4108 3692 76 120 é
4200 3732 56 80 s
4332 3732 252 120 par
4656 3692 516 124 Marcel
5244 3692 268 124 Thi
5464 3700 124 108 é
5604 3768 36 16 -

856 3876 364 124 baut.
1400 3872 448 164 Paris,
1924 3868 200 132 Ca
2132 3876 44 120 l
2184 3872 600 124 mann-L
2772 3876 184 120 év
2960 3920 84 116 y
3156 3876 404 140 [ͨ1926
3540 3928 52 84 ]

1028 4072 64 92 2
1156 4096 104 88 p.
1324 4068 44 88 l
1380 4144 52 36 .,
1496 4096 160 68 xx
1664 4068 40 92 i
1708 4096 76 68 x
1800 4140 16 40 ,
1888 4068 208 96 360
2160 4092 104 88 p.
2408 4068 712 108 23ͨͫ.

1028 4204 156 96 At
1236 4204 300 96 head
1596 4204 124 96 of
1776 4200 324 100 title:
2168 4200 400 100 Comte
2632 4204 136 92 de
2836 4200 968 96 Sainte-Aulaire.

1028 4340 244 92 The
1372 4336 404 96 Comte
1868 4340 136 92 de
2112 4336 932 96 Sainte-Aulaire
3148 4360 244 72 was
3492 4336 456 96 French
4048 4336 760 96 ambassador
4912 4340 120 92 to
5132 4336 516 112 Austria,

864 4476 660 96 1832–1841.

872 4580 116 108 ©
1060 4612 264 92 Feb.
1388 4612 96 108 2,
1552 4608 336 104 1927;
1952 4600 164 104 1c.
2184 4608 268 96 Feb.
2516 4608 196 104 12;
2784 4600 748 116 A—Foreign
3596 4608 280 96 3414
3880 4604 60 96 6
3972 4616 32 80 ;
4084 4608 156 96 Ca
4252 4604 40 88 l
4296 4608 748 116 mann-Lévy.

1056 4744 668 116 (27-15270)
5140 4736 280 104 5871

864 4900 724 148 Schuyler,
1660 4900 780 144 Hamilton,
2520 4908 320 116 1862
2864 4976 68 16 –

1036 5088 128 124 A
1244 5088 536 164 history
1864 5084 156 128 of
2108 5084 200 132 St.
2392 5084 704 128 Michael's
3188 5084 552 160 church,
3824 5084 676 128 Trenton:
4588 5088 144 124 in
4816 5084 232 128 the
5132 5088 520 124 diocese

868 5272 152 128 of
1100 5276 328 128 New
1508 5276 524 164 Jersey,
2116 5272 364 124 from
2560 5272 176 128 its
2824 5272 828 124 foundation
3732 5272 144 124 in
3956 5276 232 120 the
4264 5312 324 124 year
4668 5272 152 128 of
4904 5272 296 132 Our
5280 5272 368 128 Lord

880 5464 316 124 1703
1264 5476 140 112 to
1476 5468 364 152 1926,
1908 5460 180 164 by
2156 5460 732 124 Hamilton
2968 5456 700 168 Schuyler,
3740 5460 292 124 told
4108 5456 368 128 from
4544 5460 228 128 the
4844 5460 584 128 minutes
5500 5456 152 132 of

872 5652 228 120 the
1160 5660 460 148 vestry
1684 5648 272 124 and
2020 5648 388 124 other
2472 5644 596 164 original
3132 5688 576 116 sources,
3772 5648 624 160 together
4460 5648 336 124 with
4860 5648 788 160 biographi-

872 5836 208 124 cal
1184 5832 608 128 sketches
1900 5832 152 128 of
2152 5832 604 164 bishops,
2860 5844 548 148 rectors,
3512 5832 272 128 and
3884 5876 316 84 men
4296 5832 780 164 prominent
5180 5832 144 128 in
5424 5832 228 128 the

884 6036 448 152 vestry
1428 6020 268 124 and
1792 6020 228 124 the
2120 6020 512 160 parish.
2812 6016 340 128 Also
3244 6020 1060 160 transcriptions
4400 6020 368 124 from
4856 6020 228 128 the
5180 6020 472 164 parish

876 6212 568 160 register
1516 6204 156 128 of
1740 6204 708 164 baptisms,
2524 6204 748 164 marriages
3356 6204 268 128 and
3696 6204 584 164 burials;
4372 6204 364 128 from
4808 6208 228 124 the
5112 6208 540 128 earliest

876 6396 492 124 entries
1432 6396 396 124 down
1888 6404 144 112 to
2100 6400 356 116 1855.
2640 6392 416 160 Fully
3116 6392 820 124 illustrated.
4112 6392 852 128 Authorized
5036 6392 220 128 for
5316 6392 332 164 pub-

872 6580 560 128 lication
1504 6580 180 164 by
1756 6580 228 124 the
2060 6588 492 152 vestry.
2740 6576 776 160 Princeton,
3588 6576 744 128 Princeton
4400 6580 764 164 university
5236 6624 416 120 press,

884 6772 352 120 1926.

1040 6968 64 92 4
1184 6988 104 92 p.
1372 6964 36 96 l
1424 7036 56 40 .,
1560 6960 160 100 vii
1728 7016 72 12 –
1800 6988 160 68 xx
1968 6960 40 96 i
2016 6960 84 96 ii
2112 7036 24 40 ,
2212 6960 212 96 459
2504 6984 104 92 p.
2756 6960 396 112 front.,
3240 6960 344 112 illus.,
3668 6964 412 112 plates,
4164 6964 396 116 ports.,
4648 6984 328 96 maps
5084 6964 116 116 (1
5284 6960 344 112 fold.)

876 7100 452 100 facsim.
1468 7096 580 116 24ͨͫ
1728 7172 24 24 .

1048 7236 348 92 "This
1468 7232 444 96 edition
1980 7228 104 100 is
2152 7228 456 100 limited
2684 7236 116 92 to
2872 7228 220 100 five
3164 7232 532 96 hundred
3768 7232 384 116 copies
4228 7232 124 96 of
4424 7228 380 100 which
4880 7232 240 96 this
5192 7256 284 92 copy
5552 7232 100 96 is

876 7396 176 72 no.
1116 7364 308 104 392."

1044 7504 900 112 Bibliography:
2024 7528 104 88 p.
2196 7500 524 100 445–450.

888 7616 120 108 ©
1080 7640 240 96 Oct.
1384 7640 168 112 27,
1616 7636 336 96 1926;
2020 7640 160 96 2c.
2252 7640 224 92 and
2544 7636 196 100 aff.
2808 7640 276 108 July
3148 7636 92 100 9.
3312 7636 332 112 1927;
3720 7640 96 92 A
3880 7636 476 112 996348;
4432 7640 144 96 H.
4652 7636 588 116 Schuyler,
5308 7640 344 92 Tren-

1052 7780 228 104 ton,
1360 7776 136 92 N.
1580 7772 104 96 J.
1852 7772 672 112 (27-15037)
5168 7772 284 96 5872

880 7896 500 148 Scovil,
1456 7896 736 124 Elisabeth
2260 7896 764 148 Robinson,
3104 7904 316 116 1849
3424 7976 88 12 –

1052 8084 272 148 Joy
1416 8084 144 120 in
1644 8128 572 104 sorrow;
2320 8128 76 76 a
2480 8080 356 124 book
2924 8080 152 124 of
3164 8080 632 160 comfort,
3880 8080 180 164 by
4156 8080 708 128 Elisabeth
4956 8084 692 124 Robinson

892 8264 492 132 Scovil.
1564 8264 1020 164 Philadelphia,
2660 8268 180 120 H.
2924 8264 628 128 Altemus
3624 8312 672 116 company
4384 8268 416 148 [ͨ1927
4796 8304 40 96 ]

1048 8464 136 96 64
1248 8492 104 88 p.
1492 8460 1080 112 16ͨͫ.

896 8576 120 116 ©
1100 8600 272 112 July
1452 8600 96 112 9,
1628 8596 336 112 1927;
2052 8600 160 96 2c.
2296 8600 228 92 and
2604 8596 200 100 aff.
2888 8600 272 112 July
3248 8600 192 96 11;
3528 8600 96 92 A
3708 8596 476 100 990917;
4276 8600 512 96 Howard
4876 8600 92 92 E
4972 8628 24 56 .
5088 8600 556 112 Altemus,

1056 8732 848 112 Philadelphia.
2072 8732 324 112 (27-1
2400 8728 72 88 5
2464 8732 144 96 03
2616 8728 68 88 8
2712 8732 32 112 )
5168 8728 284 104 5873

884 8856 376 124 Souli
1268 8860 76 120 é
1344 8952 48 40 ,
1476 8856 588 132 Charles
2140 8856 664 148 Georges,
2896 8856 316 128 1878
3220 8936 80 12 –

1104 9044 92 136 …
1288 9036 184 132 Ce
1528 9040 232 164 qui
1824 9088 164 80 ne
2052 9040 532 128 s'avoue
2644 9084 288 120 pas,
2992 9088 132 76 m
3132 9044 68 124 ê
3212 9084 204 84 me
3480 9040 72 112 à
3628 9040 656 164 Shangha
4292 9048 52 116 ï
4356 9140 28 56 ,
4452 9044 320 124 ville
4840 9044 160 124 de
5068 9040 588 168 plaisirs,

900 9268 504 80 roman.
1584 9224 448 160 Paris,
2108 9228 160 124 E.
2344 9228 168 120 Fl
2528 9228 748 124 ammarion
3372 9304 32 80 [
3420 9236 152 116 19
3584 9236 72 116 2
3668 9228 76 128 7
3756 9304 28 84 ]

3168 9488 240 116 886
