5968 10284
3024 9612 320 116 1688

768 956 816 132 Successful
1672 960 340 160 shop
2104 972 1020 152 management;
3224 956 492 128 review
3804 956 156 128 of
4044 960 228 124 the
4356 972 356 116 most
4796 956 760 168 important

936 1160 640 120 elements
1672 1152 144 128 in
1908 1152 228 128 the
2224 1168 956 152 management
3272 1152 152 128 of
3520 1200 76 80 a
3688 1152 624 128 machine
4404 1156 340 160 shop
4840 1200 156 80 or
5084 1200 468 84 manu-

936 1336 708 168 facturing
1752 1336 436 164 plant,
2296 1340 716 164 including
3116 1336 536 168 specific
3756 1340 368 164 data,
4224 1340 664 160 methods,
4988 1384 224 120 sys
5216 1352 40 116 t
5284 1384 268 88 ems

936 1528 272 128 and
1284 1524 748 164 principles
2104 1524 444 128 which
2628 1572 224 76 are
2932 1524 632 128 essential
3636 1536 140 116 to
3852 1524 128 128 ef
3972 1524 72 124 fi
4060 1568 64 84 c
4132 1524 36 124 i
4188 1536 228 120 ent
4492 1528 268 124 and
4836 1524 720 164 profitable

936 1708 756 168 operation,
1788 1708 180 168 by
2064 1720 516 136 twenty
2684 1708 884 164 experienced
3668 1712 340 160 shop
4108 1756 756 120 managers.
5052 1720 200 120 1st
5356 1716 196 124 ed.

1084 1904 84 136 …
1252 1900 332 128 New
1660 1896 428 160 York,
2164 1896 292 132 The
2528 1896 772 128 Industrial
3368 1940 444 120 press;
3888 1896 624 160 London,
4580 1896 288 128 The
4936 1900 616 128 Machin-

936 2128 236 120 ery
1244 2080 808 168 publishing
2116 2128 240 112 co.,
2420 2080 248 128 ltd.
2804 2084 160 148 [ͨ1
2936 2080 284 160 927]

932 2284 56 96 1
1068 2308 72 88 p
1148 2360 24 20 .
1240 2284 40 92 l
1288 2356 56 32 .,
1416 2288 64 92 2
1488 2284 68 96 0
1560 2284 64 96 4
1692 2308 76 88 p
1776 2356 24 24 .
1944 2280 788 112 19½ͨͫ.

780 2408 124 120 ©
972 2420 272 92 Dec.
1304 2412 92 116 5,
1464 2416 340 112 1927;
1872 2412 160 100 2c.
2100 2416 268 96 Dec.
2436 2416 128 112 7;
2636 2408 200 104 aff.
2896 2412 268 96 Dec.
3236 2408 124 116 6;
3432 2408 100 96 A
3596 2408 548 116 1013457;
4224 2412 652 96 Industrial
4940 2440 364 88 press.

964 2548 676 120 (27-25021)
5000 2548 360 100 11353

760 2744 508 128 Texas.
1444 2744 440 160 Laws,
1960 2756 616 148 statutes,
2656 2756 236 116 etc.

940 2928 668 132 Vernon's
1696 2928 828 128 cumulative
2608 2932 700 160 quarterly
3396 2936 508 120 statute
3988 2924 504 132 service
4584 2924 228 128 for
4900 2924 664 132 Vernon's

776 3116 740 124 annotated
1604 3116 572 124 Revised
2276 3116 324 124 civil
2684 3116 252 124 and
3044 3112 632 128 criminal
3764 3128 572 112 statutes
4424 3112 152 128 of
4660 3116 232 124 the
4976 3128 348 112 state
5416 3116 152 124 of

776 3300 440 128 Texas
1328 3312 84 128 …
1532 3312 144 116 to
1764 3300 588 128 October
2440 3308 108 152 1,
2636 3308 60 116 1
2720 3308 68 116 9
2800 3296 196 132 27.
3168 3300 548 128 Kansas
3804 3296 108 132 C
3924 3296 32 128 i
3976 3312 192 152 ty,
4252 3300 156 120 M
4416 3344 76 80 o
4504 3400 72 60 .,
4660 3300 548 128 Vernon
5304 3304 260 124 law

776 3488 348 124 book
1188 3528 712 120 company,
1968 3480 360 132 1927.

944 3680 148 112 iv,
1156 3680 140 96 48
1356 3708 100 88 p.
1600 3680 724 104 25½ͨͫ.

784 3812 116 108 ©
980 3812 244 100 Oct.
1288 3812 164 116 10,
1516 3812 344 116 1927;
1924 3816 164 96 2c.
2152 3816 280 96 Nov.
2500 3816 200 112 22;
2776 3812 196 100 aff.
3036 3816 284 96 Nov.
3384 3816 68 88 2
3452 3816 64 96 3
3560 3844 24 84 ;
3656 3816 96 92 A
3820 3816 56 92 1
3888 3816 68 96 0
3960 3816 276 96 1324
4240 3812 68 100 9
4348 3840 20 88 ;
4448 3816 456 96 Vernon
4976 3824 228 88 law
5272 3816 296 96 book

944 3972 132 72 co
1088 4024 24 20 .
5012 3948 132 100 11
5156 3948 68 100 3
5232 3948 140 100 54

776 4140 168 132 U.
1016 4140 136 132 S.
1332 4144 444 160 Laws,
1840 4156 620 144 statutes,
2532 4156 236 112 etc.

1036 4332 80 136 …
1196 4328 520 128 United
1812 4324 452 136 States
2356 4324 372 132 Code
2820 4332 780 124 annotated.
3784 4328 364 128 Title
4240 4336 200 120 29.
4532 4324 492 132 Labor.
5204 4332 368 124 Title

776 4520 196 116 30.
1068 4516 600 124 Mineral
1784 4516 396 124 lands
2304 4516 268 124 and
2692 4516 572 164 mining.
3452 4512 872 132 Cumulative
4452 4516 508 124 annual
5084 4512 484 168 pocket

780 4708 356 148 part,
1220 4696 356 128 1927.
1748 4696 248 160 [St.
2072 4704 400 140 Paul,
2540 4704 384 124 West
2996 4700 808 164 publishing
3876 4720 740 144 company]
4676 4700 416 144 ͨ1927.

948 4892 132 96 14
1152 4916 104 92 p.
1396 4888 720 108 24½ͨͫ
1728 4972 20 16 .

948 5028 284 96 This
1284 5032 600 112 pamphlet
1936 5028 100 100 is
2096 5032 116 92 to
2264 5032 140 92 be
2456 5032 336 96 fitted
2848 5028 244 100 into
3152 5032 196 96 the
3412 5032 412 112 pocket
3880 5036 128 92 at
4068 5032 196 92 the
4320 5032 292 92 back
4672 5028 124 96 of
4856 5028 196 96 the
5116 5032 452 96 volume

780 5164 124 92 of
960 5164 196 96 the
1212 5168 180 92 set
1444 5168 120 92 to
1620 5164 384 96 which
2064 5164 96 96 it
2216 5164 504 116 belongs.

788 5276 120 120 ©
996 5296 304 116 Sept.
1376 5300 168 108 22,
1612 5296 344 112 1927;
2032 5300 164 96 2c.
2272 5300 280 96 Nov.
2628 5300 196 112 22;
2908 5296 196 100 aff.
3184 5300 284 96 Nov.
3548 5300 196 112 23;
3828 5300 96 92 A
4000 5300 56 92 1
4068 5300 124 96 01
4208 5296 136 100 32
4348 5300 140 96 30
4524 5324 24 88 ;
4632 5300 320 96 West
5028 5300 260 112 pub.
5368 5324 200 88 co.,

956 5432 164 96 St.
1184 5432 328 112 Paul,
1572 5436 228 92 and
1864 5436 504 92 Edward
2432 5436 660 112 Thompson
3152 5456 196 92 co.,
3412 5432 680 116 Northport,
4156 5432 120 100 L.
4340 5444 128 104 I.,
4536 5432 136 100 N.
4732 5444 92 88 Y
4840 5512 20 20 .
5012 5428 356 104 11355

780 5588 308 128 Van
1172 5588 468 156 Slyke,
1724 5592 528 128 Lucius
2324 5588 628 152 Lincoln,
3044 5600 316 120 1859
3368 5672 84 12 –

1008 5792 80 136 …
1168 5784 568 164 Cheese;
1804 5832 80 80 a
1944 5788 560 128 treatise
2560 5832 172 84 on
2796 5792 228 124 the
3084 5788 964 128 manufacture
4108 5784 156 132 of
4324 5784 736 128 American
5128 5780 420 136 Ched-

776 5976 256 124 dar
1112 5976 456 124 cheese
1656 5976 268 124 and
2016 6020 360 80 some
2460 5976 392 128 other
2932 5972 1456 132 varieties-intended
4480 6020 140 80 as
4708 6020 64 80 a
4864 5972 700 128 text-book

780 6156 228 128 for
1100 6160 228 128 the
1416 6204 232 84 use
1740 6156 156 128 of
1980 6160 404 160 dairy
2472 6164 608 124 teachers
3172 6164 268 124 and
3532 6160 620 128 students
4244 6160 144 124 in
4476 6164 728 124 classroom
5296 6160 256 124 and

784 6344 1648 164 workroom-prepared'
2512 6348 280 124 also
2904 6392 144 80 as
3152 6392 76 80 a
3336 6344 732 128 handbook
4172 6348 272 124 and
4556 6344 376 128 work
5036 6344 156 124 of
5288 6344 272 128 ref-

776 6576 464 84 erence
1332 6528 228 128 for
1640 6532 232 128 the
1960 6528 380 168 daily
2428 6576 232 84 use
2748 6528 160 128 of
2992 6532 660 160 practical
3740 6528 1056 132 cheese-makers
4880 6528 144 128 in
5116 6532 448 128 cheese

784 6716 540 164 factory
1424 6716 820 164 operations.
2428 6720 220 160 By
2740 6712 504 132 Lucius
3336 6716 156 124 L.
3588 6716 316 128 Van
4008 6712 148 136 Sl
4164 6716 256 164 yke
4516 6720 80 136 …
4772 6716 264 128 Wa
5044 6716 44 124 l
5096 6728 208 116 ter
5396 6720 128 124 V
5540 6816 24 24 .

780 6904 396 128 Price
1296 6908 92 144 …
1560 6904 336 128 New
1972 6904 432 160 York,
2480 6900 120 136 O
2612 6948 420 120 range
3104 6904 388 128 Judd
3572 6900 272 168 pub
3856 6904 44 124 l
3912 6900 468 172 ishing
4448 6944 712 124 company.
5236 6904 140 128 in
5388 6948 64 80 c
5468 6948 92 116 .;

780 7092 616 156 London,
1464 7088 176 124 K.
1708 7084 404 164 Paul,
2176 7084 580 148 Trench,
2824 7084 628 128 Trubner
3516 7092 108 120 &
3692 7128 236 120 co.,
3992 7088 292 160 ltd.,
4360 7092 360 124 1927.

944 7312 72 72 v
1020 7288 44 96 i
1068 7288 84 92 ii
1164 7360 24 40 ,
1264 7288 204 96 364
1540 7312 108 88 p.
1788 7284 348 112 illus.,
2212 7284 432 116 diagrs.
2780 7288 72 92 2
2852 7288 540 108 3½ͨͫ
3096 7284 28 88 .

952 7420 308 96 "The
1336 7444 460 72 success
1804 7444 64 72 o
1876 7444 60 68 r
2012 7420 124 96 of
2216 7420 276 96 'The
2568 7420 444 96 science
3096 7420 228 96 and
3408 7444 208 88 pra
3628 7444 56 72 c
3692 7420 224 96 tice
3992 7444 64 72 o
4064 7420 52 96 f
4192 7444 56 72 c
4256 7420 788 96 heese-makin
5048 7448 68 88 g
5128 7420 20 36 '
5252 7420 228 116 (Va
5492 7448 64 68 n

788 7556 348 116 Slyke
1212 7556 228 96 and
1516 7552 596 116 Publow),
2188 7552 612 116 published
2876 7556 120 92 in
3072 7556 60 92 1
3136 7548 140 100 90
3284 7552 64 96 9
3428 7548 72 120 …
3696 7552 648 100 Rewritten
4420 7556 116 92 in
4620 7580 60 72 o
4696 7556 264 96 rder
5036 7560 116 92 to
5236 7556 328 116 bring

784 7688 196 96 the
1048 7688 456 116 subject
1572 7692 432 92 matter
2072 7712 152 92 up
2296 7692 112 92 to
2484 7684 376 100 date."
2864 7744 144 12 —
3008 7684 316 100 Pref.

964 7820 308 96 "The
1336 7828 40 88 l
1384 7820 576 96 iterature
2024 7844 64 72 o
2092 7820 56 96 f
2212 7816 1060 108 cheese-making":
3348 7844 104 88 p.
3524 7816 64 96 3
3596 7820 136 92 30
3732 7876 72 8 –
3804 7820 64 92 3
3876 7820 168 96 44.

800 7948 124 112 ©
1000 7956 284 96 Nov.
1356 7956 96 116 8,
1528 7952 336 116 1927;
1944 7956 168 96 2c.
2180 7956 272 96 Dec.
2532 7952 64 96 6
2636 7980 24 88 ;
2744 7952 200 96 aff.
3020 7956 268 92 Dec.
3364 7952 64 96 3
3472 7976 20 88 ;
3576 7952 100 92 A
3752 7952 136 92 10
3892 7952 200 96 134
4104 7956 60 92 6
4172 7952 68 96 0
4276 7980 24 88 ;
4384 7952 456 116 Orange
4920 7956 308 92 Judd
5312 7980 152 88 pu
5476 7956 64 92 b
5552 8032 24 20 .

956 8116 60 68 c
1024 8112 64 72 o
1100 8160 52 40 .,
1228 8088 216 96 inc.
1616 8084 672 120 (27-25006)
5016 8084 356 104 11356

784 8244 648 152 Wallace,
1512 8244 528 152 Edgar.

960 8432 288 124 The
1320 8428 528 128 double.
2028 8432 388 160 chap.
2504 8436 152 116 16
2756 8424 580 168 (contd.)
3368 8508 88 12 –
3456 8436 200 116 20.
3852 8508 24 80 [
3896 8436 68 116 5
4040 8428 856 128 instalments

972 8628 36 108 (
1028 8620 68 92 I
1100 8652 72 68 n
1240 8616 484 104 London
1792 8616 352 128 Daily
2216 8616 384 120 news)

804 8748 124 108 ©
1000 8760 120 96 1c
1140 8832 20 20 .
1228 8760 284 92 each
1584 8760 280 92 Nov.
1936 8760 96 108 1,
2104 8756 340 116 1927;
2516 8760 96 92 A
2688 8760 144 96 ad
2900 8756 40 96 i
2948 8760 164 96 nt.
3184 8756 348 96 10248
3556 8776 32 80 ;
3672 8760 340 112 pubd.
4092 8760 308 112 Sept.
4460 8764 80 112 5
4540 8816 68 8 –
4616 8756 124 112 9;
4820 8760 128 96 E.
5024 8760 544 112 Wallace,

968 8892 504 96 London.
5016 8888 356 104 11357

1268 9016 472 160 —chap.
1804 9020 160 120 20
2052 9012 584 168 (contd.)
2660 9096 92 12 –
2752 9020 200 120 22.
3144 9024 116 148 [3
3332 9012 956 140 instalments]

976 9208 32 112 (
1044 9212 48 92 I
1104 9236 72 64 n
1244 9200 480 104 London
1792 9196 352 128 Daily
2212 9204 388 120 news)

804 9304 120 112 ©
1056 9328 144 120 1c.
1208 9340 280 96 each
1548 9340 280 96 Nov.
1892 9340 92 116 8,
2044 9336 340 120 1927;
2452 9344 88 92 A
2608 9348 140 88 ad
2812 9340 116 96 in
2944 9348 44 88 t
3000 9420 20 16 .
3084 9340 408 116 10348;
3560 9372 72 88 p
3640 9372 68 64 u
3720 9348 180 92 bd.
3976 9336 308 124 Sept.
4348 9340 164 116 10,
4576 9348 40 84 1
4644 9348 96 108 2,
4804 9344 56 92 1
4872 9344 128 112 3;
5076 9344 124 92 E.
5268 9344 300 92 Wal-

968 9472 280 116 lace,
1324 9472 504 96 London.
5012 9472 360 104 11358
