5920 10300
304 1036 88 128 S
404 1076 76 84 o
492 1076 84 84 u
584 1032 96 124 li
696 1032 68 124 é
772 1128 36 52 ,
884 1028 584 132 Charles
1544 1024 612 148 Georges
2164 1096 180 20 —
2356 1016 768 132 Continued

480 1228 200 96 248
728 1252 140 88 p.,
920 1224 56 96 1
1028 1232 36 88 l
1080 1300 20 20 .
1244 1224 756 108 18½ͨͫ.

484 1396 152 92 At
688 1396 300 92 head
1044 1392 124 96 of
1224 1392 324 96 title:
1632 1388 436 116 George
2132 1384 384 100 Soulié
2572 1388 136 92 de
2772 1388 496 92 Morant.

332 1556 108 124 ©
512 1568 268 108 May
844 1568 160 104 12,
1076 1560 336 108 1927;
1484 1556 160 100 1c.
1708 1560 272 108 May
2044 1560 196 108 21;
2320 1548 740 116 A—Foreign
3124 1552 208 96 345
3336 1560 64 84 8
3408 1552 120 92 3;
3612 1552 420 100 Ernest
4104 1544 820 100 Flammarion.

504 1696 664 120 (27-15376)
4576 1680 280 100 5874

308 1952 448 132 South
832 1956 568 120 eastern
1472 1952 688 148 reporter.

484 2144 844 156 Temporary
1392 2136 432 132 South
1888 2148 524 112 eastern
2476 2136 444 160 digest
2980 2132 156 124 of
3196 2144 596 116 volumes
3844 2136 228 116 126
4120 2144 136 108 to
4308 2136 276 132 135,
4632 2128 432 128 South

320 2340 520 112 eastern
900 2336 648 148 reporter.
1696 2324 216 160 By
1972 2320 228 124 the
2256 2320 636 124 editorial
2952 2316 320 124 staff
3332 2316 152 124 of
3540 2316 228 124 the
3832 2316 732 124 American
4624 2316 440 124 digest

320 2556 216 120 sys
544 2524 60 112 t
612 2556 196 80 em
836 2524 80 132 …
1192 2508 196 132 St.
1460 2508 292 124 Pau
1764 2508 88 124 l.
1916 2504 176 116 W
2100 2548 68 84 e
2164 2520 136 112 st
2360 2500 800 168 publishing
3232 2544 704 120 company,
4012 2496 356 132 1927.

484 2708 164 112 iii,
720 2704 60 96 5
784 2708 68 92 5
856 2708 60 92 3
984 2732 68 88 p
1064 2784 20 20 .
1216 2704 648 120 24½ͨͫ.

332 2868 124 116 ©
520 2884 116 88 M
640 2900 144 88 ay
844 2876 160 112 11,
1064 2872 340 112 1927;
1464 2872 60 96 2
1536 2892 56 80 c
1604 2952 24 16 .
1684 2872 228 96 and
1972 2872 196 96 aff.
2232 2872 276 112 July
2564 2872 44 92 1
2636 2872 60 92 1
2736 2892 24 72 ;
2828 2872 96 92 A
2980 2868 476 112 990909;
3524 2872 324 92 West
3904 2868 260 112 pub.
4228 2896 128 68 co
4368 2944 20 24 .
4584 2864 280 100 5875

324 3124 544 140 Stuart,
944 3124 472 152 Hugh,
1500 3128 324 120 1884
1824 3200 84 16 –

500 3312 288 124 The
872 3308 620 164 training
1572 3304 156 128 of
1804 3312 568 120 modern
2460 3304 544 164 foreign
3096 3308 672 160 language
3852 3308 604 124 teachers
4552 3304 224 128 for
4856 3308 228 124 the

336 3496 740 164 secondary
1168 3496 520 128 schools
1784 3496 144 124 in
2028 3492 224 128 the
2344 3496 516 128 United
2964 3492 488 156 States,
3548 3496 176 160 by
3816 3496 432 160 Hugh
4356 3492 484 132 Stuart
4944 3500 80 144 …

340 3684 328 128 New
732 3680 388 128 York
1184 3680 320 164 city,
1568 3680 660 128 Teachers
2292 3680 544 160 college,
2908 3680 716 128 Columbia
3688 3680 800 160 university,
4564 3688 356 120 1927.

504 3892 104 100 x,
680 3880 200 96 111
948 3904 104 88 p.
1120 3880 36 92 i
1164 3908 72 64 n
1248 3880 96 96 cl
1364 3956 16 20 .
1452 3880 404 96 tables.
1984 3880 684 104 23½ͨͫ.
2496 3876 632 112 (Teachers
3196 3880 460 112 college,
3732 3876 600 100 Columbia
4404 3876 680 116 university.

340 4016 876 100 Contributions
1276 4020 116 92 to
1452 4012 644 116 education,
2160 4040 180 72 no.
2396 4012 264 116 256)

508 4184 624 96 Published
1188 4184 248 96 also
1492 4208 128 72 as
1676 4180 364 100 thesis
2108 4180 120 116 (P
2248 4208 68 68 H
2344 4256 20 20 .
2420 4184 156 112 D.)
2644 4180 600 100 Columbia
3304 4180 680 116 university,
4044 4180 304 100 1927.

348 4344 120 124 ©
544 4360 264 108 May
880 4356 92 108 2,
1048 4352 332 108 1927;
1456 4356 160 92 2c.
1692 4352 300 96 June
2060 4352 196 108 18;
2336 4352 196 96 aff.
2604 4352 304 96 June
2980 4352 192 108 15;
3252 4348 100 96 A
3428 4360 64 88 9
3492 4348 404 112 96140;
3976 4352 576 92 Teachers
4624 4352 284 92 colle
4920 4376 56 80 g
4992 4376 84 76 e.

504 4492 596 96 Columbia
1176 4488 308 100 univ.
1652 4488 468 124 (27-152
2120 4524 64 88 4
2200 4484 116 116 3)
4600 4484 208 96 587
4816 4516 64 92 6

336 4712 656 144 Thomas,
1064 4708 688 124 Harrison
1832 4708 416 148 Cook,
2324 4716 316 116 1888
2644 4788 80 12 –

556 4892 84 148 …
724 4900 292 124 The
1076 4892 892 132 foundations
2024 4892 152 128 of
2228 4896 560 124 modern
2852 4892 876 136 civilization,
3792 4892 180 152 by
4032 4896 180 124 H.
4284 4892 148 132 C.
4500 4892 592 128 Thomas

344 5084 268 124 and
692 5080 212 128 W.
988 5084 168 124 A.
1240 5084 552 120 Hamm.
1972 5080 328 124 New
2384 5080 428 160 York,
2892 5080 756 164 Vanguard
3732 5124 376 116 press
4220 5084 316 140 [ͨ192
4552 5080 168 144 7]

516 5304 100 84 v,
676 5276 204 96 257
940 5300 100 88 p.
1184 5276 132 96 18
1328 5272 608 108 ½ͨͫ
1508 5348 24 24 .
1696 5276 296 112 (The
2052 5272 100 96 A
2208 5276 92 88 B
2368 5272 80 100 C
2512 5272 124 96 of
2692 5272 480 112 history,
3236 5276 220 96 vol.
3508 5268 112 116 I)

364 5432 116 112 ©
556 5444 296 92 June
924 5444 164 108 20,
1168 5444 332 100 1927;
1580 5444 160 96 2c.
1816 5444 276 108 July
2168 5444 128 108 1;
2372 5440 196 100 aff.
2648 5444 296 92 June
3020 5444 196 108 30;
3296 5444 100 88 A
3476 5444 468 108 990756;
4032 5444 624 112 Vanguard
4736 5468 356 88 press,

512 5576 120 96 in
632 5620 60 80 c
708 5652 24 24 .
896 5576 668 116 (27-15272)
4612 5576 280 100 5877

360 5800 432 148 Vaile,
860 5800 536 124 Roland
1464 5800 140 128 S.

528 5984 788 124 Economics
1424 5984 156 128 of
1684 5984 412 124 adver
2108 5996 56 112 t
2172 5984 400 164 ising,
2680 5984 176 164 by
2964 5984 548 124 Roland
3624 5984 132 128 S.
3872 5988 128 124 V
4008 6032 76 76 a
4096 5984 44 124 i
4144 5984 124 128 le
4372 5988 84 136 …
4772 5988 328 124 New

368 6168 412 164 York,
840 6172 284 124 The
1176 6168 540 128 Ronald
1776 6212 372 120 press
2212 6212 668 120 company
2964 6168 400 148 [ͨ1927
3344 6196 52 88 ]

524 6360 148 116 xi,
744 6364 200 96 183
1016 6388 104 88 p.
1264 6360 340 116 illus.,
1680 6360 424 116 diagrs.
2248 6364 616 104 22ͨͫ.

372 6496 116 108 ©
564 6532 300 92 June
932 6528 164 112 29,
1172 6528 336 112 1927;
1584 6532 160 96 2c.
1820 6532 228 92 and
2120 6528 196 96 aff.
2392 6532 276 112 July
2744 6536 56 88 1
2844 6556 24 72 ;
2948 6532 96 92 A
3120 6524 476 112 996307;
3672 6536 456 92 Ronald
4204 6560 324 88 press
4604 6560 160 68 co.

552 6664 668 116 (27-15277)
4624 6664 280 104 5878

360 6888 632 148 Warren,
1072 6888 624 148 Charles,
1780 6896 316 116 1868
2100 6968 84 12 –

528 7072 292 128 The
892 7084 820 152 trumpeters
1792 7072 152 128 of
2016 7072 232 128 the
2328 7072 972 164 Constitution,
3380 7072 180 168 by
3644 7072 564 132 Charles
4288 7080 572 124 Warren
4932 7072 76 144 …

368 7260 224 124 the
652 7256 368 128 sixth
1080 7260 504 124 lecture
1644 7304 168 80 on
1872 7260 224 124 the
2164 7256 472 128 Cutler
2700 7260 820 124 foundation
3584 7260 156 124 of
3800 7260 232 128 the
4084 7260 808 144 University
4964 7264 152 128 of

372 7440 768 160 Rochester,
1212 7440 684 124 delivered
1960 7440 420 164 April
2448 7452 116 148 8,
2636 7444 356 128 1927.
3184 7444 816 164 [Rochester,
4128 7444 316 144 ͨ1927
4444 7480 40 96 ]

540 7632 132 96 85
732 7656 72 88 p
816 7708 20 20 .
976 7632 648 108 19ͨͫ.
1404 7632 276 116 [The
1748 7632 84 96 C
1840 7636 132 92 ut
1976 7636 36 92 l
2024 7660 124 68 er
2204 7636 36 92 l
2252 7640 420 108 ecture,
2736 7632 276 100 1927
3020 7680 28 72 ]

384 7772 116 108 ©
572 7800 300 96 June
940 7796 160 116 18,
1172 7800 336 108 1927;
1580 7804 160 92 2c.
1804 7804 228 96 and
2100 7800 196 96 aff.
2368 7804 272 112 July
2712 7804 192 108 18;
2976 7804 100 92 A
3140 7788 144 124 99
3284 7804 332 112 9045;
3696 7804 668 120 University
4436 7812 124 96 of
4628 7812 488 96 Roches-

544 7940 204 112 ter,
828 7932 660 108 Rochester,
1564 7936 132 96 N.
1776 7944 124 92 Y.
2068 7936 664 116 (27-15289)
4632 7944 280 100 5879

384 8152 688 152 Watkins,
1144 8156 456 152 Ralph
1672 8156 528 148 James,
2284 8164 316 120 1896
2604 8240 84 12 –

552 8336 360 132 Ohio
980 8340 912 160 employment
1948 8344 548 156 studies,
2556 8348 180 160 by
2800 8344 460 160 Ralph
3320 8348 132 128 J.
3516 8348 176 128 W
3704 8348 484 128 atkins.
4344 8352 776 140 Columbus,

392 8524 116 128 O
528 8624 68 56 .,
708 8528 544 120 Bureau
1364 8524 152 124 of
1616 8524 604 128 business
2332 8532 656 152 research,
3100 8528 544 168 College
3752 8532 152 128 of
4012 8584 728 84 commerce
4848 8540 268 128 and

384 8708 1140 160 administration,
1604 8708 356 128 Ohio
2028 8760 56 76 s
2104 8724 44 112 t
2164 8728 208 108 ate
2444 8716 756 160 university
3284 8712 412 144 [ͨ1927
3688 8728 48 88 ]

548 8904 196 116 vii,
804 8908 128 92 65
984 8932 104 88 p.
1140 8908 36 88 i
1188 8932 76 64 n
1268 8908 100 92 cl
1380 8980 24 24 .
1460 8908 400 112 tables,
1920 8908 424 112 diagrs.
2460 8912 688 104 25½ͨͫ.
2956 8912 232 116 (On
3240 8940 384 72 cover:
3692 8964 20 68 [
3724 8916 292 100 Ohio
4072 8924 304 92 state
4436 8916 712 120 university]

384 9040 464 92 Bureau
920 9040 120 96 of
1108 9040 528 96 business
1704 9044 536 92 research
2312 9044 800 116 monographs.
3256 9076 180 68 no.
3500 9052 124 108 7)

556 9200 360 96 "Ohio
988 9208 308 88 state
1372 9204 644 112 university
2092 9232 52 68 s
2156 9200 44 84 t
2212 9208 428 96 udies."

404 9356 116 108 ©
600 9368 268 112 May
932 9368 168 108 31,
1172 9368 268 108 1927
1472 9384 32 80 ;
1580 9372 160 92 2c.
1812 9372 224 100 and
2108 9368 192 100 aff.
2376 9372 300 96 June
2744 9376 124 108 4;
2948 9376 100 92 A
3116 9376 472 112 996438;
3672 9380 288 100 Ohio
4032 9412 52 72 s
4096 9392 244 104 tate
4416 9388 308 96 univ.

584 9500 664 116 (27-27227)
4640 9520 280 100 5880

2660 9628 240 128 887
