5968 10284
1072 904 356 124 Barr
1444 900 72 128 è
1524 940 112 108 s,
1716 900 624 128 Maurice
2344 976 184 20 —
2540 896 772 132 Continued

1032 1104 104 108 I.
1200 1104 160 92 La
1424 1104 456 92 famille
1936 1104 152 92 du
2152 1100 884 96 Gallo-Romain
3100 1096 528 96 Baccius.
3788 1104 152 108 II.
3924 1096 156 96 Le
4140 1100 304 92 deux
4504 1100 264 92 cent
4828 1096 756 116 vingt-cinqui
5592 1100 60 96 è
5656 1128 160 72 me

1064 1236 808 96 anniversaire
1940 1240 148 92 du
2164 1236 528 96 Lorrain.

1076 1368 36 108 ©
1272 1372 280 96 Nov.
1624 1368 168 112 20,
1860 1368 336 112 1926;
2276 1372 44 88 1
2328 1364 108 100 c.
2512 1368 264 96 Feb.
2848 1368 96 112 7,
3012 1368 340 108 1927;
3428 1364 100 92 A
3532 1420 140 8 —
3680 1364 496 116 Foreign
4248 1368 60 92 3
4316 1364 136 92 30
4456 1364 64 92 9
4528 1368 60 92 5
4632 1392 20 84 ;
4736 1364 576 100 Librairie
5384 1364 312 100 Plon.

1260 1504 600 116 (27-7995)
5356 1500 280 100 2686

1068 1732 704 148 Barrows,
1852 1728 540 128 Harlan
2476 1728 128 124 H
3296 1724 324 128 1877
3620 1804 88 16 –

1248 1916 904 164 Geography:
2252 1916 560 160 Europe
2908 1916 268 124 and
3276 1912 384 160 Asia,
3752 1912 176 164 by
4024 1912 548 128 Harlan
4668 1912 184 128 H.
4952 1916 636 128 Barrows
5696 1928 84 136 …

1088 2104 428 124 Edith
1624 2104 208 124 Pu
1848 2116 52 112 t
1908 2148 316 80 nam
2332 2100 528 128 Parker
2960 2108 84 136 …
3236 2104 268 120 and
3608 2100 708 164 Margaret
4424 2104 468 124 Terrel
4904 2104 44 120 l
5060 2100 520 128 Parker
5684 2108 84 136 …

1084 2288 324 128 New
1484 2284 428 168 York,
1984 2288 592 128 Newark
2656 2300 320 128 [etc.]
3068 2284 492 164 Silver,
3624 2284 592 128 Burdett
4288 2288 272 124 and
4628 2332 672 120 company
5376 2288 492 148 [ͨ1927]

1236 2488 196 116 vii,
1512 2480 164 108 [1].
1752 2488 208 96 280
2028 2512 96 88 p.
2264 2488 308 96 illus.
2640 2488 176 116 (in
2824 2512 60 72 c
2888 2488 72 96 l.
3032 2488 384 112 maps)
3580 2488 620 108 26ͨͫ.

1244 2624 452 96 "Books
1764 2624 620 116 suggested
2448 2624 188 92 for
2704 2624 332 92 extra
3108 2620 616 112 reading":
3800 2648 100 88 p.
3964 2620 236 100 275.

1272 2760 272 112 Apr.
1612 2764 164 108 12,
1840 2756 336 112 1927;
2244 2760 160 92 2c.
2468 2756 236 96 and
2764 2756 196 96 aff.
3024 2756 272 116 Apr.
3364 2756 196 108 13;
3632 2756 96 92 A
3792 2752 476 116 967775;
4348 2756 404 116 Silver,
4824 2756 500 96 Burdett
5392 2760 220 92 and
5676 2784 144 76 co.

1268 2892 600 120 (27-8129)
5364 2888 280 104 2687

1088 3120 492 148 Baum,
1648 3116 588 156 Dwight
2300 3116 528 132 James.

1256 3308 288 124 The
1632 3304 380 124 work
2100 3304 152 128 of
2336 3308 576 160 Dwight
3000 3308 464 124 James
3552 3308 488 156 Baum,
4128 3300 696 164 architect,
4912 3304 332 128 with
5336 3348 72 84 a
5500 3304 324 132 fore-

1096 3496 368 124 word
1524 3496 176 160 by
1768 3496 568 160 Harvey
2396 3492 228 128 Wi
2636 3492 44 124 l
2692 3536 160 120 ey
2920 3488 496 132 Corbet
3428 3504 52 112 t
3588 3492 80 148 …
3764 3496 108 116 &
3940 3536 168 80 an
4176 3488 928 132 introduction
5176 3492 264 128 and
5504 3536 320 84 com-

1088 3692 624 152 mentary
1788 3692 284 112 text
2140 3680 180 160 by
2384 3680 616 124 Matlack
3072 3680 432 124 Price.
3684 3680 332 124 New
4092 3680 388 124 York
4552 3680 316 164 city,
4936 3676 216 128 W.
5228 3680 604 128 Helburn

1092 3868 296 160 inc.,
1456 3864 360 128 1927.

1260 4064 132 96 10
1448 4068 36 88 l
1500 4136 56 44 .,
1620 4060 200 100 191
1880 4092 72 88 p
1956 4064 40 92 l
2008 4140 20 20 .
2088 4088 148 68 on
2296 4060 132 96 98
2488 4064 36 92 l
2540 4136 24 20 .
2704 4060 364 96 front.
3204 4060 796 108 41½ͨͫ.

1256 4200 244 96 The
1564 4200 856 112 "commentary
2480 4192 320 100 text"
2864 4192 100 100 is
3028 4224 144 64 on
3236 4220 152 68 an
3452 4196 792 96 unnumbered
4308 4192 244 100 leaf
4612 4192 620 120 preceding
5288 4200 280 92 each
5628 4208 212 88 sec-

1096 4332 276 100 tion.
1516 4332 244 96 The
1820 4336 112 92 te
1940 4344 76 76 x
2028 4336 44 92 t
2128 4332 192 96 for
2380 4332 308 96 "The
2752 4332 488 112 English
3300 4328 336 116 type"
3700 4328 100 100 is
3860 4356 148 68 on
4068 4356 336 72 verso
4468 4328 124 96 of
4656 4332 316 112 plate
5036 4328 236 100 100.

1096 4436 120 112 ©
1288 4476 292 92 Mar.
1648 4460 156 104 19.
1880 4468 332 112 1927;
2284 4472 160 92 2c.
2516 4468 228 96 and
2812 4468 196 96 aff.
3076 4472 292 92 Mar.
3432 4472 64 88 2
3508 4468 64 92 6
3612 4492 20 88 ;
3704 4468 100 92 A
3868 4468 64 92 9
3940 4468 200 96 722
4152 4468 64 96 0
4224 4468 124 112 2;
4424 4468 516 96 William
5008 4468 112 96 H
5128 4468 432 96 elburn.
5636 4468 196 96 inc.

1280 4604 596 120 (27-7912)
5376 4600 276 100 2688

1088 4792 384 152 Beal,
1548 4792 420 128 Alvin
2048 4796 500 148 Casey,
2628 4792 320 128 1872
2952 4872 80 16 –

1260 4984 292 124 The
1624 4980 684 164 gladiolus
2384 4980 272 124 and
2732 4976 180 132 its
2988 4980 592 160 culture;
3660 4976 304 128 how
4036 4988 140 116 to
4260 4988 800 156 propagate,
5136 5024 372 120 grow
5588 4976 248 128 and

1100 5168 496 128 handle
1660 5164 564 168 gladioli
2300 5164 648 128 outdoors
3016 5164 268 124 and
3348 5164 444 124 under
3852 5164 408 164 glass,
4324 5164 176 168 by
4572 5164 424 124 Alvin
5072 5164 152 132 C.
5300 5168 112 120 B
5428 5164 200 128 eal
5744 5164 84 148 …

1100 5352 328 128 New
1528 5348 432 164 York,
2056 5348 556 164 Orange
2716 5348 372 132 Judd
3200 5348 804 168 publishing
4104 5392 264 120 co.;
4472 5348 620 164 London,
5192 5348 180 132 K.
5468 5348 376 164 Paul,

1100 5540 532 124 French
1704 5536 236 160 [!]
1980 5528 620 132 Trubner
2656 5540 112 120 &
2824 5576 232 120 co.,
3116 5532 292 164 ltd.,
3476 5532 360 128 1927.

1268 5732 200 92 124
1564 5756 104 88 p.
1808 5728 396 112 front.,
2304 5724 348 120 illus.,
2748 5732 408 112 plates.
3300 5732 56 88 1
3372 5728 576 108 9ͨͫ
3560 5804 16 24 .
3748 5724 36 120 (
3804 5732 92 92 L
3904 5756 56 72 e
3976 5736 164 92 tte
4148 5760 60 68 r
4212 5756 60 72 e
4284 5712 68 116 d
4452 5756 148 72 on
4696 5756 60 72 c
4760 5756 140 72 ov
4912 5756 176 72 er:
5184 5732 348 96 Farm
5632 5728 208 96 and

1100 5868 428 112 garden
1600 5864 508 112 library)

1104 5980 120 120 ©
1288 6008 292 88 Mar.
1644 6000 128 92 14
1780 6036 20 56 ,
1864 6000 336 108 1927;
2264 6004 160 92 2c.
2480 6000 272 112 Apr.
2812 6000 124 108 9;
3000 5996 200 96 aff.
3260 5996 268 120 Apr.
3592 6000 124 108 8;
3784 6000 96 92 A
3940 6000 476 112 972694;
4484 6000 456 116 Orange
5000 6000 312 96 Judd
5376 6000 252 116 pub.
5688 6024 144 72 co.

1288 6132 600 120 (27-8025)
5380 6132 272 100 2689

1100 6328 632 152 Belcher,
1808 6324 544 156 George
2428 6324 752 132 Frederick
3252 6324 600 152 Arthur,
3936 6324 312 132 1875
4256 6404 88 16 –

1272 6524 216 160 By
1564 6516 536 164 George
2180 6520 200 120 Be
2384 6516 44 120 l
2440 6516 352 124 cher.
2972 6512 616 160 London,
3664 6512 172 128 A.
3916 6512 532 148 Rivers,
4524 6516 244 124 ltd.
4868 6556 40 96 [
4916 6516 356 124 1926]

1272 6716 64 92 4
1416 6744 96 88 p.
1584 6716 36 92 l
1636 6784 56 44 .,
1764 6712 108 96 9–
1908 6716 60 92 8
1976 6712 64 96 0
2116 6736 100 92 p.
2288 6708 128 100 of
2484 6708 316 100 illus.
2936 6708 136 100 32
3108 6736 80 72 ×
3228 6708 792 112 25½ͨͫ.

1276 6848 524 100 Portrait
1864 6848 124 96 of
2052 6844 356 100 artist
2472 6844 548 100 mounted
3088 6872 148 72 on
3304 6848 240 112 t.-p.

1272 6984 660 116 Drawings.

1112 7096 124 108 ©
1320 7116 160 108 1c.
1564 7128 264 92 Jan.
1912 7124 168 108 29,
2168 7120 128 96 19
2304 7124 136 92 27
2480 7144 20 84 ;
2596 7120 96 92 A
2772 7120 152 96 ad
3004 7116 40 96 i
3048 7156 72 64 n
3140 7124 72 92 t.
3300 7120 60 96 9
3372 7120 64 92 0
3440 7120 196 108 37;
3732 7120 336 116 pubd.
4156 7120 172 96 De
4336 7144 56 72 c
4404 7196 20 20 .
4512 7124 96 112 3,
4696 7120 336 116 1926;
5124 7124 128 96 G.
5344 7120 488 108 Belcher,

1272 7264 508 96 London.
1948 7256 596 116 (27-7678)
5384 7252 272 100 2690

1104 7456 416 148 Berg,
1604 7448 652 128 Edward.

1284 7636 756 128 Essentials
2156 7628 156 132 of
2428 7632 1112 160 metalworking;
3672 7680 72 76 a
3864 7632 640 128 textbook
4624 7632 224 128 for
4960 7636 520 124 schools
5592 7624 248 132 and

1116 7828 448 156 shops,
1636 7820 180 164 by
1896 7820 216 128 Ed
2128 7864 112 76 w
2256 7820 244 128 ard
2584 7824 368 160 Berg
3032 7820 268 124 and
3384 7816 464 128 Bristo
3852 7820 52 120 l
3988 7820 156 124 E.
4228 7820 172 128 W
4408 7820 240 164 ing
4716 7824 76 148 …
4960 7820 156 128 ill
5128 7820 712 128 ustrations

1116 8012 180 160 by
1392 8012 300 160 Ray
1788 8008 136 128 J.
2020 8004 624 128 Matasek
2720 8012 84 144 …
3080 8004 532 160 Peoria,
3704 8008 272 156 Ill.,
4072 8008 288 124 The
4452 8008 572 124 Manual
5116 8020 284 112 arts
5492 8040 348 128 press

1140 8188 404 144 [ͨ1927
1552 8268 32 84 ]

1280 8388 208 96 159
1540 8412 108 92 p.
1788 8384 312 96 illus.
2236 8384 68 92 2
2308 8384 612 112 0½ͨͫ
2568 8460 20 20 .

1124 8516 116 116 ©
1316 8524 268 112 Apr.
1648 8524 96 112 6,
1812 8520 332 108 1927;
2212 8524 160 92 2c.
2440 8520 268 116 Apr.
2780 8524 128 88 12
2940 8540 28 80 ;
3044 8520 196 96 aff.
3308 8520 272 116 Apr.
3648 8520 124 112 9;
3848 8520 92 92 A
4008 8520 344 96 96774
4360 8520 60 92 5
4464 8544 20 72 ;
4564 8524 124 92 E.
4760 8524 300 112 Berg
5128 8524 228 92 and
5428 8512 408 100 Bristol

1284 8664 120 92 E.
1492 8656 368 112 Wing,
1952 8656 724 96 Milwaukee.
2844 8656 600 116 (27-8171)
5384 8648 268 100 2691

1116 8844 780 152 Bernhard,
1980 8844 500 152 Oskar,
2568 8852 308 120 1861
2888 8924 84 16 –

1420 9028 72 144 …
1564 9028 868 128 Griechische
2552 9032 272 124 und
2948 9076 64 80 r
3012 9020 88 108 ö
3104 9028 500 128 mische
3720 9076 132 80 m
3864 9020 52 108 ü
3956 9032 616 124 nzbilder
4692 9032 140 124 in
4948 9032 388 128 ihren
5444 9024 396 132 bezie-

1124 9216 544 160 hungen
1732 9256 240 80 zur
2032 9216 768 160 geschichte
2860 9216 236 124 der
3164 9216 624 124 medizin.
3944 9212 488 128 Zürich
4520 9228 320 116 [etc.]
4928 9216 116 132 O
5060 9260 140 80 re
5204 9216 104 124 ll
5372 9216 108 124 F
5496 9216 208 120 üss
5712 9204 80 124 li
5816 9300 24 64 ,

1124 9404 356 120 1926.

3392 9596 244 116 410
