5920 10300
236 992 628 152 Conklin,
948 992 492 128 Edwin
1524 996 492 148 Grant,
2104 1000 312 120 1863
2428 1068 68 16 –

396 1176 136 128 A
616 1180 620 164 synopsis
1320 1176 156 128 of
1556 1180 232 124 the
1872 1180 548 164 general
2500 1176 908 164 morphology
3492 1172 152 132 of
3728 1172 620 164 animals,
4432 1172 180 168 by
4696 1172 276 128 Ed-

240 1368 268 124 win
580 1364 380 132 Gran
968 1380 56 108 t
1100 1364 592 132 Conklin
1748 1376 72 136 …
2080 1364 776 160 Princeton,
2928 1364 732 124 Princeton
3732 1360 760 164 university
4564 1404 412 120 press,

240 1556 352 124 1927.

396 1748 208 96 viii
660 1772 136 92 p.,
856 1748 60 92 1
984 1748 108 112 1.,
1152 1740 136 104 85
1336 1772 104 88 p.
1584 1744 340 116 illus.,
1984 1744 284 100 fold.
2328 1748 236 96 tab.
2700 1744 576 112 22ͨͫ.

404 1912 164 96 "A
648 1908 308 100 brief
1040 1908 532 116 synopsis
1656 1908 124 96 of
1864 1908 260 100 that
2208 1916 272 108 part
2560 1908 124 96 of
2772 1908 196 100 the
3056 1932 404 76 course
3540 1904 124 100 in
3752 1908 472 116 general
4312 1904 456 120 biology
4856 1904 124 100 in

236 2048 612 96 Princeton
928 2040 644 116 university
1656 2040 376 100 which
2116 2048 328 92 deals
2520 2040 288 104 with
2888 2044 200 100 the
3160 2044 468 116 general
3708 2040 748 116 morphology
4536 2040 124 100 of
4740 2040 240 96 ani-

228 2176 424 100 mals."
628 2232 148 12 —
780 2180 440 100 Introd.

232 2324 124 108 ©
432 2352 268 96 Feb.
776 2348 164 112 16,
1016 2348 336 112 1927;
1432 2344 64 92 2
1508 2372 52 68 c
1572 2424 20 16 .
1672 2348 232 92 and
1980 2344 196 96 aff.
2256 2348 272 112 May
2604 2348 196 112 16;
2888 2344 100 96 A
3064 2344 132 96 99
3204 2344 136 96 00
3348 2344 192 112 79;
3624 2344 624 96 Princeton
4324 2340 648 116 university

388 2508 356 88 press.
912 2484 668 112 (27-11412)
4468 2472 284 104 4183

228 2704 548 156 Cooley,
852 2704 492 128 Edwin
1424 2708 120 120 J.

396 2892 748 124 Probation
1216 2892 272 124 and
1556 2892 960 160 delinquency;
2596 2892 228 124 the
2896 2892 412 164 study
3380 2892 272 128 and
3716 2900 736 116 treatment
4520 2884 156 132 of
4744 2892 228 124 the

236 3076 768 128 individual
1112 3076 820 164 delinquent,
2036 3076 180 164 by
2320 3076 496 128 Edwin
2920 3076 132 132 J.
3160 3076 508 168 Cooley
3752 3088 88 148 …
4112 3076 332 128 New
4544 3076 432 164 York,

232 3264 624 132 Catholic
928 3264 632 128 charities
1632 3260 156 128 of
1852 3264 228 124 the
2152 3264 848 124 archdiocese
3072 3264 152 124 of
3292 3264 332 128 New
3696 3264 388 124 York
4164 3264 424 160 [ͨ1927
4592 3340 36 84 ]

384 3484 156 76 xv
548 3532 20 44 ,
624 3460 204 96 544
876 3484 104 92 p.
1124 3460 364 116 diagr.
1628 3460 680 108 22½ͨͫ.

392 3628 304 96 "The
776 3632 628 92 standards
1480 3632 228 92 and
1788 3628 804 116 methodology
2676 3628 124 96 of
2876 3628 616 116 probation
3568 3628 504 120 practice
4156 3628 596 120 employed
4832 3628 144 112 by

228 3764 188 96 the
492 3764 528 100 Catholic
1096 3764 556 96 charities
1724 3764 612 116 probation
2412 3764 440 96 bureau
2928 3768 224 92 and
3228 3792 312 68 some
3620 3764 124 96 of
3816 3772 196 92 the
4092 3768 428 92 results
4596 3764 380 96 which

224 3904 288 96 have
580 3904 284 96 been
932 3904 528 96 attained
1532 3900 420 116 during
2020 3904 756 112 twenty-four
2844 3900 496 100 months'
3412 3900 680 116 experience
4156 3904 120 96 in
4348 3904 196 96 the
4616 3904 360 96 Court

220 4040 124 96 of
388 4040 468 116 general
908 4036 604 100 sessions."
1520 4096 144 12 —
1664 4036 312 100 Pref.

388 4176 900 116 Bibliography:
1364 4200 108 92 p.
1516 4176 204 100 447
1724 4228 68 16 –
1796 4176 240 100 467.

316 4344 36 112 ©
432 4348 292 96 Mar.
796 4348 96 112 5,
968 4344 340 112 1927;
1388 4348 160 96 2c.
1628 4348 232 92 and
1936 4344 192 96 aff.
2212 4348 272 108 May
2564 4344 124 112 3;
2772 4344 100 92 A
2948 4344 132 96 99
3088 4344 64 96 0
3164 4344 260 112 138;
3512 4348 128 96 E.
3720 4344 108 100 J.
3912 4344 448 116 Cooley,
4444 4340 528 104 Catholic

384 4484 556 96 charities
1004 4480 120 96 of
1188 4480 192 104 the
1444 4480 736 96 archdiocese
2244 4480 124 96 of
2428 4480 284 96 New
2776 4480 344 116 York,
3184 4480 280 96 New
3528 4480 348 96 York.

408 4616 668 120 (27-11494)
4484 4612 288 100 4184

224 4844 640 148 Cresson,
944 4840 404 128 Andr
1324 4848 80 116 é
1440 4940 32 52 ,
1560 4848 316 116 1869
1880 4920 80 12 –

468 5032 84 136 …
636 5028 256 128 Les
988 5040 632 112 courants
1716 5028 160 124 de
1972 5024 128 124 la
2196 5072 324 116 pens
2520 5024 76 116 é
2608 5072 64 80 e
2768 5024 1044 164 philosophique
3904 5024 320 128 fran
4236 5072 64 108 ç
4312 5024 312 164 aise,
4716 5072 252 120 par

220 5216 468 124 André
764 5212 576 132 Cresson
1408 5224 80 132 …
1740 5212 440 160 Paris,
2252 5208 168 128 A.
2500 5208 444 164 Colin,
3024 5212 356 128 1927.

388 5408 64 96 2
556 5436 104 72 v.
836 5408 688 108 17½ͨͫ.
1384 5408 692 112 (Collection
2184 5408 516 96 Armand
2816 5408 156 96 Co
2980 5408 40 92 l
3028 5408 120 96 in
3284 5404 520 116 (Section
3920 5408 136 96 de
4172 5408 784 120 philosophie)

224 5572 72 68 n
308 5548 48 52 °
412 5548 60 92 8
484 5544 60 96 5
552 5600 68 12 –
628 5592 28 72 [
664 5544 132 96 86
800 5564 40 80 ]
864 5544 32 112 )

396 5708 376 100 Series
832 5708 480 96 number
1364 5708 124 96 of
1540 5732 104 72 v.
1696 5708 64 92 2
1816 5708 104 96 is
1972 5708 696 112 incorrectly
2724 5704 336 116 given
3120 5732 148 72 on
3320 5708 84 96 t.
3452 5732 108 88 p.
3616 5728 132 76 as
3800 5704 172 100 85.

392 5840 936 120 "Bibliographic
1388 5840 752 96 sommaire":
2204 5864 104 76 v.
2368 5840 100 112 2,
2528 5864 104 92 p.
2700 5884 28 76 [
2736 5840 452 116 209]–21
3196 5836 68 100 0
3272 5916 24 20 .

228 6004 120 112 ©
432 6012 260 96 Jan.
768 6012 168 116 20,
1016 6012 340 108 1927;
1440 6008 124 100 1c
1580 6084 24 24 .
1684 6012 288 96 Mar.
2052 6008 200 112 28;
2336 6008 740 112 A—Foreign
3156 6008 408 112 33761;
3656 6012 192 92 Ma
3860 6036 72 68 x
4012 6012 400 96 Lecler
4420 6036 52 72 c
4560 6008 88 100 &
4728 6008 236 120 cie.,

392 6148 368 100 Paris.
928 6144 668 120 (27-12521)
4484 6140 280 104 4185

220 6372 588 148 Deaver,
880 6372 372 124 John
1320 6368 432 148 Blair,
1836 6376 308 116 1855
2164 6408 72 64 –

388 6560 416 164 Surgi
812 6604 68 80 c
888 6560 128 124 al
1112 6564 636 152 anatomy
1840 6552 152 128 of
2080 6556 228 124 the
2396 6556 512 120 human
2992 6552 364 160 body
3432 6572 84 132 …
3780 6556 172 124 2d
4048 6556 200 128 ed.
4392 6572 84 132 …
4600 6556 364 128 thor-

216 6792 76 80 o
300 6748 428 160 ughly
812 6784 136 84 re
964 6788 80 76 v
1056 6844 24 20 .
1168 6740 268 124 and
1520 6740 824 164 rearranged
2424 6760 84 128 …
2756 6784 84 80 v
2848 6840 28 24 .
2964 6744 112 120 3.
3164 6736 332 128 Join
3500 6748 60 116 t
3564 6784 60 80 s
3708 6736 152 128 of
3940 6740 232 128 the
4252 6740 48 124 l
4308 6784 356 80 ower
4748 6788 216 80 ex-

216 6928 700 156 tremities,
1020 6928 408 156 chest,
1532 6924 532 160 thorax,
2172 6924 700 160 abdomen,
2984 6924 476 160 pelvis,
3564 6924 736 160 perineum.
4496 6928 468 124 Phila-

216 7116 596 160 delphia,
880 7116 156 120 P.
1108 7108 832 128 Blakiston's
2004 7156 244 80 son
2316 7116 108 120 &
2492 7152 184 84 co.
2772 7116 152 140 [ͨ
2860 7108 324 128 1927
3168 7116 48 108 ]

376 7336 108 92 x,
556 7312 204 96 763
832 7336 100 88 p.
1012 7308 116 92 in
1136 7332 56 72 c
1200 7312 72 92 l.
1344 7308 404 112 plates.
1892 7308 680 108 28ͨͫ.

224 7448 124 112 ©
408 7480 116 92 M
536 7504 144 88 ay
736 7480 168 108 26,
964 7476 332 112 1927;
1360 7476 164 96 2c.
1584 7480 228 96 and
1872 7476 192 96 aff.
2128 7476 268 112 May
2456 7476 196 108 27;
2720 7476 100 92 A
2880 7472 268 96 9768
3152 7472 68 96 3
3228 7476 124 108 6;
3424 7476 120 96 P.
3608 7476 712 96 Blakiston's
4384 7500 208 72 son
4648 7476 88 100 &
4800 7504 56 68 c
4864 7500 64 72 o
4940 7552 20 24 .

4480 7608 288 100 4186

216 7736 700 148 Delmont,
996 7732 564 152 Joseph,
1652 7736 312 124 1873
1972 7812 84 16 –

384 7924 264 128 Die
748 7920 372 128 stadt
1216 7932 400 112 unter
1716 7920 304 124 dem
2116 7960 476 120 meere,
2700 7960 480 84 roman
3280 7960 268 84 von
3648 7920 516 164 Joseph
4272 7924 684 124 Delmont.

216 8116 116 116 2.
396 8104 308 128 aufl.
880 8100 612 164 Leipzig,
1556 8104 156 124 F.
1772 8104 220 128 W.
2056 8100 604 132 Grunow
2740 8108 412 136 [ͨ1925
3144 8108 44 108 ]

384 8292 68 92 4
452 8292 64 92 3
520 8292 68 92 1
668 8304 100 88 p.
912 8296 56 92 1
980 8292 1020 116 9ͨͫ.

224 8404 124 108 ©
408 8436 280 92 Nov.
744 8432 168 108 24,
972 8428 200 96 192
1184 8428 60 96 5
1288 8452 20 88 ;
1372 8492 160 32 1c.
1596 8428 264 100 Feb.
1916 8432 100 112 2,
2076 8428 200 96 192
2288 8432 60 92 6
2392 8456 20 84 ;
2476 8428 744 116 A—Foreign
3276 8428 68 96 3
3352 8432 132 92 44
3488 8428 64 96 1
3560 8432 124 112 7;
3756 8432 184 96 Fr.
4008 8432 232 96 Wil
4248 8496 68 28 h
4332 8512 20 16 .
4420 8432 536 104 Grunow.

408 8564 664 120 (27-12111)
4472 8560 288 108 4187

220 8788 648 144 Dickens,
944 8784 624 152 Charles,
1644 8792 316 120 1812
1964 8868 68 12 –
2060 8788 356 128 1870.

396 8972 596 164 Captain
1064 8972 752 128 Boldheart
1896 8976 264 124 and
2236 8976 388 124 other
2688 8972 476 132 stories
3236 8972 144 124 in
3460 8972 128 128 A
3660 8976 564 164 holiday
4288 9020 668 120 romance,

224 9156 180 160 by
520 9152 560 132 Charles
1192 9156 660 164 Dickens;
1968 9160 440 160 newly
2516 9160 776 124 illustrated
3400 9160 176 160 by
3688 9164 624 124 Beatrice
4420 9164 528 124 Pearse.

228 9340 328 128 New
632 9340 428 160 York,
1136 9340 292 128 The
1500 9340 800 128 Macmillan
2368 9384 708 120 company,
3160 9340 352 132 1927.

2484 9624 240 128 637
