5920 10300
252 992 408 148 Joffe,
732 992 400 124 Isaac
1200 984 1632 128 Lieboeth—Continued

260 1180 268 128 and
616 1176 360 128 their
1064 1176 664 128 solutions
1816 1176 220 164 by,
2132 1172 644 168 through,
2872 1168 224 128 for
3196 1168 272 128 and
3564 1164 468 132 before
4128 1164 228 128 the
4452 1168 548 160 mental,

260 1364 584 124 rational
932 1360 264 128 and
1284 1356 624 168 mystical
2004 1356 476 128 vision.
2652 1356 332 128 New
3080 1352 424 160 York,
3596 1352 120 124 I.
3804 1352 160 124 L.
4056 1348 136 132 J.
4288 1352 268 124 and
4652 1392 344 84 com-

260 1592 360 120 pany
700 1548 460 156 [ͨ1926]

428 1740 56 96 1
540 1764 108 92 p.
700 1740 44 92 l
756 1812 52 40 .,
868 1736 112 96 vi
1036 1760 136 92 p.,
1236 1740 56 92 1
1356 1736 36 96 l
1412 1808 48 40 .,
1524 1736 204 96 160
1792 1760 132 92 p.,
1988 1736 56 96 1
2108 1736 36 96 l
2164 1812 16 20 .
2324 1736 756 112 17ͨͫ.

260 1908 116 112 ©
452 1912 272 112 Apr.
792 1908 160 112 20,
1024 1912 40 88 1
1092 1908 60 92 9
1160 1908 196 108 27;
1428 1908 64 92 2
1500 1932 56 68 0
1568 1984 20 20 .
1660 1904 268 116 Apr.
2000 1908 196 108 28;
2272 1904 128 96 af
2396 1904 44 92 f
2448 1984 20 16 .
2552 1908 256 108 May
2880 1904 64 92 3
2988 1928 16 88 ;
3084 1904 96 92 A
3248 1904 196 104 976
3460 1896 128 100 59
3596 1900 64 92 0
3700 1928 20 84 ;
3804 1916 80 92 I.
3964 1896 336 120 Joffe,
4376 1896 620 116 Brooklyn.

444 2044 664 120 (27-11305)
4516 2028 280 104 4220

248 2264 676 152 Johnson,
996 2264 528 124 Robert
1596 2260 920 152 Underwood,
2596 2268 404 120 1853-

424 2448 1220 136 Commemorative
1744 2448 576 124 tributes
2424 2460 140 112 to
2676 2444 456 164 Cable,
3232 2448 180 164 by
3512 2444 512 128 Robert
4128 2440 868 132 Underwood

252 2636 684 160 Johnson;
1048 2628 636 172 Sargent,
1776 2632 180 164 by
2060 2632 496 128 Edwin
2660 2632 692 128 Howland
3464 2628 812 160 Blashfield;
4388 2628 612 160 Pennell,

256 2820 168 168 by
492 2820 376 132 John
936 2816 564 132 Charles
1568 2820 308 124 Van
1944 2812 464 168 Dyke;
2480 2816 672 164 prepared
3224 2812 228 132 for
3516 2812 224 132 the
3808 2812 732 128 American
4612 2816 384 128 acad-

252 3048 296 120 emy
612 3004 156 128 of
828 3012 280 116 arts
1172 3004 264 124 and
1508 3004 504 156 letters,
2084 3004 356 120 1926.
2608 3000 372 128 [New
3052 3000 428 160 York]
3560 2996 728 132 American
4360 3000 640 164 academy

248 3188 156 124 of
464 3204 280 112 arts
808 3188 268 128 and
1140 3192 504 156 letters,
1716 3184 356 128 1927.

412 3380 64 96 2
548 3408 104 88 p.
720 3380 44 92 l
772 3456 56 40 .,
904 3380 60 96 6
968 3384 68 88 4
1104 3404 100 92 p.
1352 3384 352 108 ports.
1848 3380 756 108 17ͨͫ
2104 3452 24 24 .
2288 3376 640 120 (Academy
3000 3376 716 120 publication
3788 3404 184 76 no.
4048 3376 192 120 57)

256 3544 120 112 ©
444 3556 272 108 Apr.
776 3552 64 88 2
844 3560 60 88 3
924 3624 16 36 ,
1012 3552 332 108 1927;
1416 3552 156 92 2c.
1660 3560 108 88 M
1768 3576 60 68 a
1848 3576 64 88 y
1980 3552 196 108 11;
2248 3548 192 104 aff.
2516 3552 268 112 May
2848 3552 124 108 9;
3048 3552 96 92 A
3212 3552 132 92 97
3356 3556 64 92 0
3424 3548 260 112 552;
3764 3548 612 100 American
4444 3548 552 116 academy

416 3688 120 96 of
616 3692 248 92 arts
944 3688 228 92 and
1256 3688 440 92 letters.
1872 3684 184 116 (27
2060 3740 72 8 –
2140 3684 400 116 11321)
4492 3680 280 104 4221

252 3908 484 148 Jouve,
804 3908 476 128 Pierre
1348 3908 396 144 Jean,
1824 3908 316 128 1887
2144 3988 68 16 –

480 4104 80 132 …
640 4096 192 128 Le
896 4096 484 124 monde
1456 4096 80 124 d
1548 4096 76 116 é
1624 4108 308 112 sert.
2092 4092 440 164 Paris,
2604 4096 656 124 Nouvelle
3336 4136 400 92 revue
3812 4096 316 128 fran
4140 4136 68 116 ç
4216 4096 276 128 aise
4576 4096 444 160 [1927]

420 4288 60 96 5
544 4316 104 88 p.
704 4292 36 92 l
760 4364 56 40 .,
876 4288 412 100 13-259
1348 4316 136 88 p.,
1548 4288 64 96 2
1672 4288 36 96 l
1728 4364 16 20 .
1888 4288 756 108 19ͨͫ.

256 4456 120 112 ©
464 4460 264 96 Feb.
808 4460 96 112 4,
996 4460 324 108 1927;
1416 4460 48 92 1
1468 4480 104 88 c.
1664 4460 184 96 Ma
1864 4484 84 72 r.
2036 4460 196 108 28;
2324 4456 740 124 A—Foreign
3148 4460 404 108 33773;
3648 4456 572 100 Librairie
4312 4456 680 120 Gallimard,

416 4592 368 100 Paris.
956 4592 664 116 (27-12073)
4512 4592 288 100 4222

256 4820 444 148 Kelly,
772 4816 372 132 John
1220 4820 680 124 Bernard.

416 5008 288 124 The
772 5000 280 136 Son
1120 5004 156 128 of
1340 5048 356 120 man,
1764 5008 268 124 and
2100 5008 384 124 other
2556 5048 456 120 poems
3084 5008 264 124 and
3424 5048 488 124 essays,
3972 5008 180 164 by
4220 5008 372 132 John
4668 5012 324 124 Ber-

248 5192 340 124 nard
700 5192 208 124 Ke
916 5192 96 124 ll
1024 5236 88 120 y
1176 5192 76 144 …
1488 5192 328 124 with
1932 5236 172 80 an
2216 5192 924 124 introduction
3248 5192 180 164 by
3536 5192 224 128 Me
3768 5192 44 124 l
3828 5192 316 132 ville
4260 5192 156 128 E.
4536 5192 96 132 S
4644 5204 52 116 t
4704 5236 288 88 one.

252 5376 328 128 New
652 5376 424 164 York,
1144 5372 528 172 George
1740 5376 184 128 H.
1996 5376 472 128 Doran
2540 5420 664 124 company
3292 5376 420 164 [ͨ1927
3720 5456 32 84 ]

416 5600 64 72 v
488 5572 88 96 ii
584 5572 32 96 i
688 5600 136 88 p.,
892 5572 56 96 1
1024 5572 40 92 l
1076 5648 48 36 .,
1200 5576 408 92 11-125
1680 5600 96 88 p.
1924 5576 356 96 front.
2348 5572 408 120 (port.)
2916 5576 760 108 21½ͨͫ.

256 5708 120 108 ©
456 5744 268 108 May
804 5744 160 108 12,
1056 5744 320 108 1927;
1452 5744 164 96 2c.
1692 5744 220 96 and
1996 5744 196 96 aff.
2264 5748 268 108 May
2612 5744 188 108 19;
2928 5728 44 88 A
3060 5736 472 120 976628;
3620 5744 436 112 George
4136 5736 144 104 H.
4360 5744 100 92 D
4472 5768 284 72 oran
4896 5732 152 120 co.

436 5876 188 116 (27
628 5928 16 12 -
704 5880 108 92 11
864 5880 36 88 4
912 5880 188 112 31)
4508 5876 288 100 4223

252 6100 712 152 Kennedy,
1052 6104 600 124 William
1744 6104 488 148 Henry
2312 6100 572 152 Joseph.

416 6284 764 132 Old-world
1292 6284 888 132 foundations
2280 6288 152 128 of
2532 6288 228 128 the
2864 6288 508 128 United
3488 6288 516 160 States;
4116 6336 76 80 a
4292 6292 700 128 text-book

256 6468 216 128 for
552 6468 620 132 Catholic
1256 6472 692 160 parochial
2028 6476 564 160 schools,
2664 6472 180 164 by
2916 6468 616 132 William
3608 6476 184 124 H.
3876 6476 132 124 J.
4088 6476 668 164 Kennedy
4836 6472 84 144 …

248 6656 264 124 and
652 6652 92 132 S
760 6656 32 124 i
808 6704 60 80 s
880 6672 124 108 te
1020 6704 64 76 r
1204 6652 404 168 Mary
1732 6656 248 124 Jos
1992 6700 56 80 e
2072 6656 172 160 ph
2332 6656 84 144 …
2712 6656 324 124 New
3176 6652 420 164 York,
3728 6660 780 128 Cincinnati
4652 6696 36 96 [
4692 6676 128 112 et
4828 6708 64 80 c
4908 6768 24 20 .
4916 6652 52 108 ]

260 6844 100 120 B
380 6840 536 164 enziger
980 6840 656 160 brothers,
1716 6840 356 124 1927.

412 7040 32 92 i
456 7048 108 104 x,
652 7040 232 112 352,
976 7040 132 96 50
1196 7068 100 88 p.
1440 7044 204 92 col.
1732 7036 388 116 front.,
2208 7036 336 116 illus.,
2632 7036 204 96 col.
2928 7068 68 84 p
3000 7040 28 92 l
3052 7112 56 40 .,
3196 7064 356 88 maps.
3692 7036 684 104 19½ͨͫ.

416 7204 528 96 Lettered
1040 7232 60 68 o
1112 7232 68 64 n
1264 7228 400 72 cover:
1752 7204 608 96 Teacher's
2448 7208 468 88 manual
3004 7204 472 96 edition.

416 7336 672 100 "Teacher's
1156 7336 540 96 manual"
1788 7336 188 116 (50
2040 7364 100 88 p.
2212 7344 124 88 at
2400 7336 276 112 end)
2764 7336 212 96 has
3040 7336 428 116 special
3540 7344 228 112 t.-p.

416 7476 868 112 "Alphabetical
1368 7472 200 96 list
1652 7468 116 96 of
1852 7472 588 92 reference
2524 7468 672 116 readings":
3284 7500 96 84 p.
3472 7476 92 112 [4
3576 7472 60 100 6
3648 7476 268 112 ]–50,
4000 7480 120 92 at
4200 7480 256 96 end.

256 7596 124 116 ©
452 7608 268 112 Apr.
792 7608 164 108 29,
1036 7608 332 104 1927;
1444 7604 160 100 2c.
1684 7608 268 108 May
2028 7608 124 108 5;
2232 7604 128 96 af
2352 7604 48 92 f
2392 7648 28 56 ,
2508 7608 268 112 May
2856 7604 188 108 18;
3124 7604 88 92 A
3292 7604 476 116 990140;
3856 7608 552 120 Benziger
4484 7612 300 100 bros.

440 7740 380 116 (27-11
844 7744 60 92 6
912 7744 128 92 97
1072 7764 28 92 )
4504 7744 284 100 4224

256 7964 532 144 Kerlor,
864 7964 448 128 Willie
1388 7964 508 128 Wendt
1980 7964 204 144 de,
2272 7944 308 144 1883
2592 8044 80 12 –

416 8152 288 124 The
772 8160 492 116 secrets
1332 8144 156 128 of
1556 8192 340 120 your
1968 8148 500 160 hands;
2556 8192 192 116 or,
2824 8144 748 168 Palmistry
3648 8152 764 164 explained,
4488 8156 176 168 by
4740 8164 248 124 Dr.

260 8336 204 128 W.
552 8336 216 128 W.
856 8336 204 124 De
1152 8332 564 156 Kerlor;
1816 8376 72 80 a
1980 8332 652 128 scientific
2724 8332 880 160 explanation
3692 8336 156 128 of
3936 8336 1056 176 "kirography",

252 8560 148 84 or
500 8516 224 128 the
832 8512 568 168 reading
1496 8512 156 128 of
1748 8516 736 156 character,
2592 8516 460 128 health
3160 8516 272 128 and
3532 8532 980 152 temperament
4624 8528 356 128 from

252 8700 228 128 the
532 8700 436 124 hands
1080 8700 84 148 …
1332 8696 804 132 Illustrated
2200 8696 332 128 with
2600 8744 312 80 over
2976 8704 244 124 200
3276 8700 368 132 hand
3708 8708 268 128 and
4044 8708 432 168 finger
4540 8712 448 164 prints

256 8884 400 124 taken
736 8884 180 160 by
996 8884 224 120 the
1304 8884 532 136 author,
1912 8884 272 124 and
2264 8924 720 84 numerous
3072 8928 252 120 exp
3336 8888 40 120 l
3392 8924 76 84 a
3476 8932 84 80 n
3568 8884 396 172 atory
4048 8896 692 164 diagrams
4848 8892 84 136 …

260 9064 320 124 New
664 9064 424 160 York,
1168 9064 164 124 N.
1416 9068 212 156 Y.,
1708 9068 288 124 The
2072 9064 1044 168 Experimenter
3196 9068 792 172 publishing
4068 9120 192 84 co.
4348 9068 416 172 [ͨ1927
4764 9108 36 96 ]

416 9260 132 96 96
616 9284 100 88 p.
868 9256 32 96 i
916 9260 28 92 l
956 9260 36 92 l
1004 9284 132 72 us
1152 9332 20 20 .
1308 9260 64 92 3
1384 9260 468 108 0ͨͫ
1568 9336 20 20 .

260 9384 120 112 ©
456 9396 268 112 Apr.
796 9396 92 100 4,
964 9396 40 88 1
1028 9392 64 88 9
1100 9392 192 104 27;
1372 9396 160 92 2c.
1608 9396 268 112 Apr.
1948 9400 124 108 7;
2152 9392 196 100 aff.
2424 9396 272 116 Apr.
2772 9400 192 108 13;
3048 9400 92 88 A
3212 9400 332 96 96781
3560 9400 64 96 6
3660 9424 24 92 ;
3768 9404 880 116 Experimenter
4724 9412 256 112 pub.

420 9556 160 68 co.
744 9524 228 120 (27-
1016 9528 120 92 11
1148 9520 64 92 6
1220 9528 188 108 92)
4496 9540 284 96 4225

2516 9660 236 120 643
