5968 10284
912 1032 432 152 Buck,
1428 1032 608 128 Howard
2116 1028 620 152 Swazey.

1092 1220 376 128 Smol
1480 1220 44 124 l
1536 1232 192 112 ett
1796 1264 140 80 as
2004 1260 252 120 poe
2264 1228 56 112 t
2332 1312 28 68 ,
2428 1220 176 160 by
2668 1212 620 128 Howard
3360 1212 564 164 Swazey
3992 1212 388 128 Buck
4456 1232 84 144 …
4756 1212 332 128 New
5152 1216 540 160 Haven,

932 1404 340 128 Yale
1364 1404 764 160 university
2224 1444 444 120 press;
2764 1400 624 160 London,
3480 1400 184 124 H.
3764 1396 204 128 Mi
3980 1396 124 128 lf
4108 1396 296 164 ord,
4504 1396 552 132 Oxford
5152 1396 532 132 univer-

920 1588 272 168 sity
1256 1636 416 116 press,
1740 1584 360 132 1927.

1088 1780 232 116 xiv,
1384 1780 68 96 9
1456 1784 60 92 3
1584 1808 100 88 p.
1828 1780 724 108 21½ͨͫ
2156 1820 20 52 .

1092 1920 312 96 "The
1460 1924 468 108 present
1992 1916 456 92 volume
2512 1916 100 96 is
2672 1916 200 92 the
2932 1912 340 96 ninth
3336 1912 324 96 work
3724 1912 612 116 published
4408 1912 144 116 by
4620 1912 196 96 the
4888 1916 284 92 Yale
5248 1912 444 100 univer-

920 2052 232 112 sity
1224 2076 328 92 press
1628 2080 144 68 on
1848 2056 196 92 the
2116 2052 400 112 Henry
2596 2052 484 96 Weldon
3156 2052 448 92 Barnes
3684 2048 600 96 memorial
4368 2044 716 120 publication
5160 2048 396 100 fund."

932 2188 112 108 ©
1124 2188 304 96 June
1492 2188 96 112 3,
1660 2188 332 108 1927;
2076 2188 60 88 2
2144 2212 56 76 c
2216 2264 20 20 .
2308 2188 304 92 June
2684 2188 56 96 7
2784 2212 20 84 ;
2884 2212 56 68 a
2960 2184 120 100 ff.
3156 2188 300 92 June
3528 2196 64 92 6
3632 2212 16 84 ;
3728 2188 100 88 A
3900 2184 60 92 9
3968 2184 64 92 9
4040 2184 60 92 0
4108 2184 132 92 44
4252 2184 60 92 5
4356 2208 20 88 ;
4456 2188 288 92 Yale
4816 2184 312 100 univ.
5200 2212 356 88 press.

1112 2324 668 116 (27-13036)
5204 2316 288 100 4698

928 2516 668 152 Building
1716 2516 980 124 international
2816 2516 692 164 goodwill,
3628 2512 176 164 by
3924 2512 544 128 various
4592 2516 564 128 writers.
5360 2512 328 132 New

1092 2704 428 156 York,
1596 2704 292 124 The
1956 2696 800 128 Macmillan
2828 2744 712 120 company,
3616 2704 356 124 1927.

1084 2904 60 92 3
1220 2928 100 88 p.
1388 2900 40 88 l
1440 2976 52 36 .,
1564 2900 120 92 ix
1688 2924 152 68 –x
1848 2900 148 112 vi,
2060 2900 204 92 242
2336 2924 104 88 p.
2584 2900 792 108 19½ͨͫ
2912 2976 24 20 .

1088 3036 284 96 This
1460 3036 324 112 book,
1876 3032 384 96 which
2344 3032 100 96 is
2532 3032 632 96 submitted
3256 3032 148 112 by
3488 3036 196 92 the
3776 3032 464 96 "World
4332 3032 500 96 alliance
4912 3032 192 96 for
5188 3032 504 100 interna-

924 3168 360 96 tional
1360 3168 668 116 friendship
2100 3168 504 116 through
2672 3168 200 92 the
2944 3164 664 116 churches",
3684 3168 104 92 is
3856 3192 68 68 a
4000 3168 448 96 serious
4520 3168 348 96 effort
4940 3176 116 88 to
5132 3168 564 96 assemble

924 3304 244 96 into
1252 3332 216 68 one
1548 3304 456 96 volume
2088 3328 68 68 a
2244 3304 384 108 résum
2640 3300 56 96 é
2784 3300 124 96 of
2992 3304 196 92 the
3272 3300 476 96 various
3836 3300 788 100 constructive
4704 3304 528 92 methods
5316 3300 380 100 which

924 3464 204 72 are
1208 3440 340 112 being
1628 3440 500 112 brought
2208 3436 524 96 forward
2816 3436 124 92 in
3020 3440 196 92 the
3300 3436 496 96 interest
3880 3432 124 100 of
4084 3436 596 96 universal
4764 3464 368 88 peace.
5284 3436 148 116 cf.
5516 3440 184 92 An

920 3572 792 116 explanation.

936 3704 112 108 ©
1120 3712 112 88 M
1244 3732 148 88 ay
1448 3708 164 108 31,
1680 3708 324 104 1927;
2080 3704 64 92 2
2144 3728 56 76 c
2224 3780 16 20 .
2304 3704 228 96 and
2596 3700 196 100 aff.
2856 3704 300 96 June
3220 3704 56 88 1
3324 3728 20 84 ;
3416 3704 96 92 A
3576 3724 40 88 9
3628 3712 64 88 9
3716 3700 64 96 0
3784 3704 132 96 34
3924 3704 64 96 0
4032 3728 16 88 ;
4128 3704 672 96 Macmillan
4864 3732 160 72 co.

1124 3844 668 116 (27-13014)
5216 3836 284 104 4699

932 4032 836 148 Burnshaw,
1852 4028 628 152 Stanley.

1100 4224 484 124 Poems
1700 4260 40 96 [
1744 4216 260 168 by]
2088 4216 568 168 Stanley
2756 4220 808 124 Burnshaw.
3768 4260 48 96 [
3808 4216 824 168 Pittsburgh
4616 4260 48 96 ]
4784 4216 400 132 Folio
5288 4264 412 120 press,

936 4404 360 132 1927.

1100 4648 32 72 [
1136 4608 204 120 13]
1384 4632 100 88 p.
1632 4608 1092 120 24½ͨͫ.

1096 4740 412 112 "Sixty
1572 4740 384 112 copies
2024 4736 120 96 of
2212 4736 240 96 this
2516 4740 456 92 volume
3036 4736 296 96 have
3396 4736 284 96 been
3748 4736 608 116 published
4424 4736 192 96 for
4684 4736 808 100 subscribers."

936 4852 124 120 ©
1128 4880 268 108 May
1456 4876 92 108 1,
1612 4876 336 92 1927;
2016 4876 156 92 2c.
2236 4872 228 96 and
2528 4872 196 100 aff.
2788 4876 300 88 June
3144 4872 64 96 3
3252 4900 20 84 ;
3336 4872 104 92 A
3500 4872 344 96 99036
3852 4876 124 108 4;
4056 4876 104 96 S.
4224 4872 692 116 Burnshaw,
4984 4876 708 112 Pittsburgh.

1124 5012 668 112 (27-12927)
5216 5008 288 100 4700

936 5204 576 144 Carson,
1584 5204 332 128 Mrs.
1984 5200 472 128 Laura
2544 5200 692 156 (Hardin)
3332 5212 316 116 1858
3652 5280 84 16 –

1096 5388 580 124 Pioneer
1740 5388 436 160 trails,
2236 5388 396 128 trials
2700 5392 268 120 and
3032 5388 756 160 triumphs;
3856 5392 632 160 personal
4548 5388 632 128 memoirs
5240 5388 152 128 of
5452 5388 256 128 life

932 5576 268 124 and
1292 5572 376 128 work
1756 5616 140 84 as
1988 5616 76 80 a
2156 5572 552 164 pioneer
2792 5572 820 164 missionary
3700 5616 496 120 among
4284 5576 232 124 the
4604 5572 360 132 Chin
5044 5576 420 124 tribes
5552 5576 152 124 of

932 5760 560 160 Burma,
1552 5756 180 168 by
1788 5756 456 128 Laura
2308 5756 552 128 Hardin
2924 5756 556 132 Carson.
3624 5760 336 124 New
4020 5760 388 124 York
4464 5760 316 164 city,
4844 5760 344 128 Pub.
5240 5760 184 164 by
5476 5764 232 124 the

936 5948 556 160 Baptist
1584 5944 424 124 board
2116 5940 148 128 of
2368 5944 760 156 education,
3224 5944 908 160 Department
4228 5944 156 128 of
4480 5948 816 164 missionary
5392 5948 308 124 edu-

932 6132 452 128 cation
1480 6128 224 128 for
1800 6132 132 128 J.
2028 6132 184 124 H.
2308 6128 700 160 Merriam,
3104 6132 752 156 Pasadena,
3952 6128 420 132 Calif.
4480 6140 448 136 [ͨ1927]

1100 6332 160 92 xii
1328 6360 140 84 p.,
1532 6332 60 96 3
1660 6332 32 92 l
1716 6404 48 36 .,
1828 6328 208 96 255
2100 6356 104 88 p.
2344 6328 392 108 front.,
2804 6332 408 108 plates,
3284 6332 356 108 ports.
3784 6328 788 108 19½ͨͫ.

944 6444 120 112 ©
1148 6468 112 88 M
1272 6488 144 88 ay
1488 6464 168 112 24,
1732 6460 336 112 1927;
2144 6460 164 96 2c.
2388 6464 224 92 and
2692 6484 56 72 a
2764 6456 124 100 ff.
2968 6460 300 96 June
3340 6464 128 104 7;
3548 6460 100 92 A
3720 6460 60 88 9
3796 6464 56 92 7
3864 6460 60 92 6
3928 6460 256 96 924;
4284 6464 104 96 J.
4468 6468 144 96 H.
4688 6460 124 88 M
4816 6464 460 100 erriam.
5360 6468 348 96 Pasa-

1112 6604 328 92 dena.
1620 6596 548 112 (27-1302
2168 6596 60 92 3
2260 6600 32 112 )
5220 6600 284 100 4701

940 6788 716 128 Colorado.
1836 6788 112 112 S
1944 6792 88 120 u
2044 6800 456 148 preme
2576 6832 144 80 co
2736 6812 84 92 u
2832 6832 64 76 r
2904 6804 52 108 t
2972 6888 16 24 .

1112 6976 404 128 Cases
1596 6980 508 160 argued
2188 6976 268 124 and
2540 6976 836 128 determined
3440 6988 76 144 …
3692 6988 416 116 terms
4188 6976 156 128 of
4428 6976 832 168 September,
5348 6988 148 120 19
5504 6988 160 116 26
5680 7084 28 60 ,

944 7164 268 124 and
1272 7164 664 152 January,
2004 7160 352 128 1927.
2504 7164 576 124 Newton
3144 7160 148 128 C.
3360 7164 200 124 Ga
3580 7212 64 72 r
3648 7164 180 124 bu
3840 7176 52 112 t
3900 7176 96 144 t,
4052 7180 652 148 reporter.
4856 7212 120 80 v.
5044 7176 188 116 80.
5392 7168 312 132 Chi-

940 7392 368 120 cago,
1396 7348 764 160 Callaghan
2240 7352 108 120 &
2428 7388 232 120 co.,
2748 7344 356 128 1927.

1104 7576 72 64 x
1188 7568 68 68 v
1268 7620 16 40 ,
1360 7544 60 96 6
1432 7544 64 96 0
1504 7544 60 96 6
1640 7568 104 92 p.
1884 7544 64 92 2
1956 7544 648 108 3ͨͫ.

948 7660 120 120 ©
1160 7684 300 92 June
1540 7684 168 112 21,
1792 7680 336 112 1927;
2212 7680 164 96 2c.
2460 7680 228 92 and
2772 7676 196 100 aff.
3056 7680 300 96 June
3440 7684 192 96 24;
3728 7684 96 88 A
3904 7684 480 112 990653;
4480 7684 328 96 State
4892 7684 124 96 of
5100 7684 596 116 Colorado,

1112 7820 488 92 Denver.
5192 7816 292 100 4702

944 7972 680 148 Dietrich,
1700 7972 540 124 Albert.

1112 8160 260 124 Die
1436 8160 1044 164 erkrankungen
2548 8160 240 128 der
2848 8156 828 144 brustdrüse.
3752 8208 260 80 von
4080 8160 168 128 A.
4320 8164 620 128 Dietrich
5008 8168 280 124 und
5356 8168 352 124 Paul

944 8344 1048 164 Frangenheim.
2164 8340 744 168 Stuttgart,
2988 8348 792 124 Ferdinand
3864 8344 392 128 Enke
4352 8348 396 124 [1926]

1104 8544 60 92 1
1236 8568 100 68 v.

948 8664 124 116 ©
1148 8676 300 92 June
1516 8676 160 104 30,
1756 8676 44 92 1
1828 8676 60 88 9
1896 8676 60 92 2
1968 8680 64 88 6
2068 8700 20 84 ;
2168 8680 48 88 1
2240 8704 56 68 c
2308 8752 20 20 .
2396 8676 284 96 Nov.
2756 8676 60 96 8
2860 8700 20 92 ;
2960 8676 740 112 A—Foreign
3776 8680 60 92 3
3844 8680 336 112 2648;
4264 8680 664 96 Ferdinand
5008 8684 348 96 Enke,
5432 8688 268 108 pub-

1112 8808 392 96 lisher.
5216 8812 284 100 4703

948 8964 916 148 Fitzpatrick,
1944 8964 604 132 Edward
2620 8968 792 152 Augustus,
3500 8976 324 120 1884
3828 9048 76 16 –

1120 9136 288 136 The
1464 9152 848 164 scholarship
2368 9152 152 128 of
2576 9148 604 132 teachers
3240 9156 140 124 in
3440 9160 740 160 secondary
4240 9160 564 156 schools,
4856 9160 180 164 by
5096 9160 600 128 Edward

956 9332 160 124 A.
1240 9328 864 168 Fitzpatrick
2212 9340 264 124 and
2592 9340 624 124 Percival
3332 9340 212 128 W.
3656 9340 584 128 Hutson.
4440 9344 328 124 New
4880 9340 424 164 York,
5412 9348 288 120 The

948 9520 152 128 M
1108 9564 148 88 ac
1268 9516 476 132 millan
1820 9564 704 104 company,
2608 9524 352 128 1927.

3220 9708 248 132 714
