5952 10400
2768 9748 72 112 3

436 1060 508 152 Boone,
1060 1056 588 132 Camilla
1752 1056 664 128 Herbert.

612 1252 576 124 Dreams
1288 1248 268 124 and
1664 1244 648 164 realities,
2404 1244 184 164 by
2696 1240 584 132 Camilla
3384 1240 604 132 Herbert
4088 1244 504 120 Boone.
4772 1236 440 128 Balti-

444 1480 408 116 more,
920 1436 292 128 The
1276 1436 652 156 Norman,
2000 1432 828 160 Remington
2908 1472 232 116 co.,
3220 1432 360 120 1926.

620 1628 60 100 5
752 1660 104 88 p.
920 1632 40 92 l
976 1708 52 40 .,
1104 1632 128 96 13
1240 1684 72 12 –
1316 1628 132 96 62
1516 1656 108 88 p.
1772 1628 832 112 18½ͨͫ.

620 1772 440 96 Poems.

440 1900 120 108 ©
632 1908 272 92 Dec.
964 1904 64 96 9
1032 1948 20 56 ,
1124 1904 336 112 1926;
1532 1904 164 92 2c.
1760 1904 268 92 Dec.
2092 1900 200 112 31;
2368 1896 128 96 af
2488 1896 48 96 f
2548 1976 16 16 .
2636 1896 268 96 Jan.
2968 1896 96 112 3,
3136 1892 340 116 1927;
3544 1896 100 92 A
3712 1892 484 112 958569;
4268 1892 548 112 Norman,
4888 1896 328 92 Rem-

596 2036 404 116 ington
1076 2064 164 72 co.
1408 2032 532 116 (27–654)
4880 2020 140 104 14

436 2208 404 128 Brief
916 2212 876 164 biographies
1792 2264 36 68 ,
1912 2208 536 156 Maine;
2532 2252 76 76 a
2680 2204 960 164 biographical
3716 2204 776 160 dictionary
4564 2196 156 132 of
4800 2196 412 132 who's

600 2400 300 124 who
1004 2400 144 124 in
1256 2396 504 160 Maine,
1868 2396 264 124 vol.
2244 2436 92 116 I,
2452 2392 612 160 1926/27.
3260 2388 736 160 Lewiston,
4100 2388 320 160 Me.,
4524 2388 692 128 Lewiston

596 2584 44 164 j
656 2584 488 128 ournal
1208 2628 672 120 company
1960 2660 28 80 [
2008 2584 148 120 19
2168 2584 76 116 2
2256 2584 72 120 6
2328 2624 40 100 ]

592 2776 72 96 4
716 2804 104 88 p.
876 2780 40 92 l
932 2852 52 40 .,
1052 2776 188 120 [5]
1192 2832 72 12 –
1268 2776 204 96 284
1528 2800 108 88 p.
1780 2772 676 112 20ͨͫ
2036 2852 24 20 .

436 2912 408 96 Editor
884 2936 24 68 :
968 2936 108 72 v.
1132 2912 96 112 1,
1284 2912 124 96 T.
1472 2912 132 92 R.
1664 2908 648 116 Hodgkins.

604 3044 564 96 "Revised
1240 3044 228 92 and
1536 3040 568 96 re-issued
2168 3036 744 116 biennially."

436 3160 120 108 ©
644 3184 268 92 Dec.
988 3180 172 112 27,
1240 3176 340 96 1926:
1668 3176 164 96 2c.
1920 3176 224 96 and
2228 3176 200 96 aff.
2512 3180 268 92 Dec.
2868 3172 196 112 29;
3156 3176 100 92 A
3340 3172 76 96 9
3412 3172 60 84 5
3484 3172 336 112 7913;
3908 3172 176 92 Th
4092 3196 128 68 eo
4232 3172 208 92 dor
4448 3196 60 68 e
4596 3172 240 92 Roo
4852 3200 48 60 s
4912 3176 304 92 evelt

592 3312 644 116 Hodgkins,
1312 3308 764 116 Farmington
2144 3308 356 100 Falls.
2580 3312 220 92 Me.
2968 3304 532 116 (27–888)
4876 3304 132 96 15

428 3504 636 148 Browne,
1148 3500 548 156 George
1764 3500 536 148 Waldo,
2388 3508 312 116 1851
2708 3580 88 12 –

664 3692 84 144 …
832 3692 292 124 The
1208 3688 876 128 Franconian
2172 3696 632 156 gateway
2888 3688 272 124 and
3248 3684 476 164 region
3812 3680 156 132 of
4052 3684 336 128 Lost
4476 3680 472 160 River,
5032 3680 168 168 by

424 3872 160 136 G.
680 3876 504 132 Waldo
1276 3876 588 124 Browne
1964 3888 84 136 …
2216 3872 780 124 illustrated
3092 3872 184 164 by
3376 3872 128 128 J.
3600 3872 592 124 Warren
4288 3864 552 168 Thyng,
4940 3868 272 128 and

416 4064 500 124 others.
1108 4060 912 160 Manchester,
2132 4060 168 124 N.
2420 4060 236 160 H.,
2776 4056 704 132 Standard
3596 4056 356 124 book
4072 4096 716 120 company,
4912 4052 300 164 inc.,

424 4252 360 120 1926.

592 4436 208 96 155
868 4464 104 88 p.
1044 4436 124 96 in
1172 4440 104 96 cl
1288 4516 20 20 .
1376 4436 392 116 front.,
1844 4440 308 96 illus.
2304 4436 792 108 21½ͨͫ.
2828 4436 480 116 (Rivers
3380 4436 128 96 of
3584 4436 280 96 New
3940 4432 536 116 England
4556 4432 424 112 series)

436 4556 124 116 ©
620 4568 248 104 Oct.
928 4576 160 112 16,
1148 4572 208 100 192
1364 4576 60 92 6
1468 4600 20 88 ;
1556 4576 160 96 2c.
1776 4576 264 96 Jan.
2104 4576 96 112 3,
2260 4576 44 88 1
2332 4576 132 88 92
2472 4572 124 92 7:
2672 4572 120 96 af
2772 4572 68 92 f
2848 4648 24 24 .
2932 4576 268 92 Dec.
3260 4576 60 92 3
3332 4568 64 100 0
3404 4648 20 40 ,
3496 4576 52 88 1
3564 4568 212 96 926
3812 4596 20 88 ;
3904 4572 96 92 A
4064 4568 136 96 95
4208 4568 140 96 79
4348 4572 196 112 63;
4620 4568 592 100 Standard

592 4708 292 96 book
964 4732 196 88 co.,
1244 4708 220 96 inc.
1636 4708 188 112 (27
1824 4760 76 12 –
1904 4708 260 112 886)
4872 4700 136 104 16

416 4896 428 148 Bunt,
916 4896 528 128 James.

584 5080 516 128 Rabbit
1184 5084 652 156 diseases;
1932 5128 436 116 cause,
2460 5084 848 160 prevention,
3392 5096 740 112 treatment
4220 5080 272 128 and
4584 5124 352 116 cure,
5024 5076 180 168 by

412 5268 464 128 James
984 5272 316 124 Bun
1304 5280 60 116 t
1472 5276 84 136 …
1792 5268 544 128 Kansas
2448 5268 160 132 Ci
2620 5280 60 116 t
2680 5316 132 120 y,
2912 5268 324 160 Mo.,
3332 5268 292 128 The
3728 5268 120 132 O
3864 5312 80 80 u
3964 5268 144 128 td
4120 5312 240 80 oor
4456 5312 164 84 en
4628 5280 56 112 t
4692 5268 512 164 erprise

416 5456 808 164 publishing
1288 5456 700 164 company,
2084 5464 356 116 1926.

580 5652 136 100 22
788 5680 104 92 p.
1036 5656 308 96 illus.
1488 5656 648 108 19ͨͫ.

428 5776 132 116 ©
636 5792 272 92 Dec.
992 5788 164 116 23,
1244 5788 340 108 1926;
1676 5788 164 96 2c.
1928 5788 228 96 and
2244 5788 120 96 af
2360 5788 56 92 f
2420 5864 24 20 .
2532 5788 272 96 Dec.
2888 5784 200 116 31;
3184 5784 100 96 A
3368 5788 64 96 9
3444 5788 60 92 5
3512 5784 336 112 7926;
3952 5788 516 92 Outdoor
4556 5784 652 120 enterprise

584 5924 264 112 pub.
924 5948 164 72 co.
1256 5920 600 120 (27–1104)
4868 5916 140 100 17

420 6076 564 128 Bureau
1060 6076 148 128 of
1280 6076 464 152 public
1816 6076 744 152 personnel
2628 6076 1212 124 administration.

584 6264 708 164 Proposed
1376 6260 960 132 classification
2424 6264 268 124 and
2780 6260 1020 164 compensation
3884 6260 396 168 plans
4368 6260 228 132 for
4676 6264 528 164 library

428 6452 728 160 positions;
1244 6464 468 148 report
1796 6448 156 128 of
2028 6452 232 124 the
2340 6452 552 124 Bureau
2972 6448 156 124 of
3204 6448 460 164 public
3748 6452 720 160 personnel
4552 6452 648 124 adminis-

424 6636 516 128 tration
1020 6648 140 116 to
1244 6636 228 128 the
1564 6632 808 132 Committee
2452 6680 172 80 on
2708 6636 228 124 the
3020 6632 956 132 classification
4060 6632 156 128 of
4292 6636 528 164 library
4900 6680 300 120 per-

424 6824 468 124 sonnel
1012 6820 156 128 of
1280 6824 236 124 the
1628 6820 740 128 American
2488 6824 532 160 library
3136 6820 852 128 association.
4236 6824 964 168 Washington,

424 7008 168 124 D.
680 7008 200 160 C.,
956 7012 548 120 Bureau
1588 7004 152 128 of
1820 7008 464 160 public
2364 7008 716 160 personnel
3172 7008 1160 160 administration,
4420 7008 356 132 1927.

572 7204 212 100 208
848 7232 104 92 p.
1084 7204 788 112 23½ͨͫ.

584 7340 432 100 "Third
1104 7344 232 92 and
1420 7340 276 96 final
1784 7340 500 116 report."
2288 7396 144 12 —
2432 7340 404 100 Letter
2920 7336 124 100 of
3132 7336 764 120 transmittal,
3988 7336 472 120 signed:
4556 7344 308 96 Fred
4948 7344 252 96 Tel-

408 7480 304 108 ford,
788 7476 540 100 director.

424 7600 124 116 ©
620 7612 264 96 Jan.
956 7612 164 112 20,
1192 7608 340 116 1927;
1612 7612 156 96 2c.
1840 7612 228 96 and
2144 7608 120 96 af
2244 7608 68 92 f
2320 7684 24 24 .
2416 7612 264 96 Jan.
2752 7608 200 116 27;
3028 7608 100 92 A
3196 7608 140 96 95
3336 7608 340 116 8912;
3760 7612 472 92 Bureau
4304 7612 124 96 of
4500 7612 388 112 public
4956 7636 244 92 per-

580 7748 400 92 sonnel
1056 7744 988 96 administration.
2216 7744 192 112 (27
2408 7800 72 8 –
2488 7744 400 112 26097)
4864 7744 136 100 18

412 7904 672 152 Burgess,
1156 7904 352 124 Ellis
1580 7904 588 144 Beaver,
2252 7912 316 116 1869
2572 7984 88 12 –

580 8088 720 128 Memorial
1376 8088 540 164 history
2000 8084 152 132 of
2228 8088 236 124 the
2540 8088 824 164 Pittsburgh
3448 8088 432 164 synod
3964 8088 156 128 of
4196 8092 236 124 the
4516 8092 676 164 Evangel-

412 8276 260 124 ical
812 8276 708 124 Lutheran
1664 8276 548 160 church,
2360 8272 1372 164 1748—1845—1924,
3868 8276 628 164 together
4632 8276 340 124 with
5116 8324 76 80 a

416 8460 464 124 sketch
932 8456 156 128 of
1144 8460 316 124 each
1520 8456 152 128 of
1724 8460 232 124 the
2016 8460 244 128 317
2316 8460 1044 160 congregations
3424 8460 436 124 found
3920 8460 148 124 in
4120 8460 232 128 the
4408 8460 784 172 fellowship

416 8644 156 128 of
644 8648 228 124 the
944 8648 436 152 synod
1452 8644 144 128 in
1672 8648 228 124 the
1976 8692 328 116 year
2372 8644 160 128 of
2600 8644 228 128 the
2900 8692 572 116 merger,
3544 8644 184 164 by
3800 8644 356 128 Ellis
4236 8652 528 124 Beaver
4840 8652 352 124 Bur-

412 8876 292 120 gess
824 8836 88 144 …
1180 8828 824 160 Greenville,
2120 8836 288 156 Pa.,
2524 8832 752 124 Published
3396 8832 224 124 for
3728 8836 232 124 the
4080 8828 476 172 Synod
4664 8836 188 164 by
4964 8840 228 124 the

408 9024 524 120 Beaver
1004 9016 632 164 printing
1712 9060 716 120 company,
2508 9024 356 116 1925.

584 9216 204 96 814
864 9244 104 88 p.
1108 9212 312 96 illus.
1484 9212 36 116 (
1544 9212 36 96 i
1588 9240 144 68 nc
1732 9216 40 92 l
1788 9292 20 16 .
1888 9220 396 108 ports.,
2364 9212 580 108 facsims.)
3104 9212 584 112 24ͨͫ.

424 9340 120 116 ©
620 9352 276 112 Apr.
976 9344 160 116 15,
1220 9348 336 100 1926:
1644 9348 64 92 2
1712 9368 60 76 c
1784 9424 24 20 .
1884 9352 268 92 Dec.
2236 9352 60 92 3
2304 9344 68 96 0
2408 9376 24 84 ;
2524 9344 196 100 aff.
2804 9348 264 92 Jan.
3156 9344 88 116 5,
3328 9344 340 116 1927;
3752 9352 104 88 A
3932 9348 204 96 963
4148 9348 132 96 00
4288 9352 128 112 3;
4508 9352 608 112 Pittsburg
5116 9356 80 92 h

580 9484 364 112 synod
1028 9484 120 92 of
1224 9484 196 96 the
1496 9480 748 116 Evangelical
2320 9480 604 92 Lutheran
3004 9484 464 100 church,
3556 9480 528 116 Crafton,
4168 9480 200 96 Pa.

604 9616 192 112 (27
796 9668 76 12 –
872 9612 336 116 1019)
4856 9616 132 96 19
