5968 10284
932 820 504 148 Chase,
1512 816 576 152 Joseph.

1100 1008 576 164 Jimmy,
1744 1004 380 128 John
2200 1004 268 124 and
2552 1004 544 156 Junior,
3172 1004 388 120 home
3644 996 452 164 again,
4172 1000 176 164 by
4428 1000 520 160 Joseph
5032 996 436 132 Chase
5584 1012 92 144 …

944 1192 768 128 illustrated
1792 1192 180 164 by
2048 1188 620 132 William
2752 1188 524 156 Bailey.
3444 1184 1024 160 Philadelphia,
4540 1184 288 124 The
4908 1188 388 120 Penn
5372 1184 324 164 pub-

932 1380 520 160 lishing
1516 1416 712 120 company,
2304 1372 356 128 1927.

1104 1576 68 92 2
1240 1600 100 92 p.
1412 1572 40 96 l
1468 1648 52 40 .,
1596 1576 64 92 7
1660 1624 76 12 –
1736 1572 208 92 215
2020 1596 104 88 p.
2264 1568 360 96 front.
2768 1564 716 116 19½ͨͫ.

940 1736 120 116 ©
1128 1744 276 108 July
1464 1740 96 112 1,
1624 1740 336 112 1927;
2024 1740 64 88 2
2096 1764 88 76 c.
2248 1740 228 92 and
2540 1736 168 92 aff
2716 1812 20 16 .
2800 1736 276 112 July
3140 1732 128 116 9;
3336 1736 96 92 A
3492 1732 136 96 99
3636 1732 68 96 0
3708 1732 264 112 877;
4044 1736 236 92 Pen
4288 1760 68 68 n
4428 1760 72 88 p
4504 1732 180 96 ub.
4748 1756 124 72 co
4888 1808 24 24 .

1124 1872 668 120 (27-14804)
5224 1860 280 104 5511

936 2132 504 152 Chase,
1512 2132 812 152 Josephine.

1112 2320 328 128 New
1520 2320 392 124 York
1988 2332 140 112 at
2192 2320 524 156 school;
2800 2364 72 80 a
2952 2316 836 164 description
3860 2312 152 132 of
4080 2316 228 124 the
4384 2312 672 132 activities
5132 2320 264 120 and
5476 2316 232 128 ad-

944 2504 928 128 ministration
1940 2504 156 128 of
2156 2504 228 128 the
2452 2504 464 164 public
2980 2504 520 128 schools
3564 2500 156 128 of
3784 2504 224 124 the
4076 2504 276 164 city
4424 2500 152 128 of
4644 2504 328 124 New
5044 2504 432 160 York,
5532 2504 180 164 by

944 2692 744 164 Josephine
1748 2692 436 128 Chase
2284 2700 80 144 …
2456 2692 140 124 in
2648 2688 984 128 collaboration
3688 2688 332 124 with
4076 2688 228 124 the
4356 2688 452 128 school
4868 2688 840 128 authorities.

960 2880 372 156 [New
1420 2876 428 160 York]
1952 2876 488 128 Public
2524 2872 720 132 education
3328 2876 812 128 association
4228 2872 156 128 of
4468 2876 232 124 the
4776 2876 276 160 city
5144 2872 152 128 of
5384 2876 324 124 New

948 3064 432 160 York,
1464 3060 360 132 1927.

1120 3260 200 112 xii,
1396 3260 204 96 268
1680 3284 100 92 p.
1924 3260 720 108 23½ͨͫ.

948 3400 116 108 ©
1136 3432 300 92 June
1496 3432 64 92 2
1572 3432 60 92 5
1632 3464 24 52 ,
1728 3432 52 88 1
1800 3432 60 92 9
1864 3432 200 108 27;
2132 3428 164 96 2c.
2356 3428 228 96 and
2648 3428 200 96 aff.
2912 3428 304 96 June
3276 3428 60 92 2
3348 3428 72 92 9
3452 3452 20 84 ;
3544 3428 100 92 A
3708 3428 68 88 9
3776 3428 136 92 90
3920 3424 264 112 841;
4256 3424 404 100 Public
4724 3424 616 104 education
5408 3452 128 72 as
5548 3452 52 72 s
5612 3452 100 72 n.

1112 3568 120 92 of
1308 3564 196 96 the
1584 3564 232 116 city
1900 3564 124 96 of
2100 3564 280 96 New
2464 3564 344 96 York.
2976 3564 668 116 (27-14788)
5228 3552 288 104 5512

944 3824 440 148 Crew,
1456 3824 536 152 Henry,
2072 3832 312 116 1859
2392 3900 88 16 –

1116 4012 536 132 Genera
1660 4012 44 120 l
1804 4012 400 164 physi
2216 4056 60 76 c
2272 4056 120 116 s,
2476 4012 180 164 by
2748 4012 488 164 Henry
3332 4008 392 132 Crew
3768 4028 80 136 …
4152 4016 76 116 4
4236 4020 60 112 t
4300 4008 88 124 h
4480 4012 200 124 ed.
4860 4012 328 120 New
5288 4012 128 120 Y
5428 4052 76 80 o
5516 4008 200 160 rk,

948 4200 292 124 The
1308 4200 804 120 Macmillan
2184 4240 716 120 company,
2972 4192 360 132 1927.

1116 4392 116 96 xi
1248 4468 24 36 ,
1356 4396 200 96 674
1644 4420 72 88 p
1728 4468 16 20 .
1892 4392 32 92 i
1936 4396 84 92 ll
2032 4420 68 68 u
2112 4416 120 88 s.,
2320 4392 432 112 diagrs.
2896 4392 684 108 22½ͨͫ.

1124 4560 832 96 "References"
2028 4568 124 88 at
2216 4564 220 92 end
2504 4564 120 92 of
2692 4568 296 88 most
3056 4564 120 92 of
3248 4564 192 92 the
3504 4564 576 108 chapters.

952 4720 116 112 ©
1144 4732 152 92 Ju
1304 4732 36 88 l
1348 4756 68 88 y
1480 4732 60 92 5
1552 4804 20 40 ,
1644 4732 332 108 1927;
2044 4732 64 92 2
2116 4760 56 68 c
2188 4808 20 20 .
2272 4732 228 92 and
2564 4756 60 68 a
2644 4728 120 100 ff.
2828 4732 276 112 July
3168 4732 64 92 6
3272 4756 24 84 ;
3368 4732 96 88 A
3528 4728 132 96 99
3668 4728 72 96 0
3744 4732 264 108 818;
4080 4724 588 100 Macmilla
4684 4756 68 64 n
4820 4756 128 68 co
4960 4808 20 20 .

1136 4864 668 120 (27-14642)
5232 4856 288 104 5513

948 5124 628 144 Cundall,
1652 5124 520 148 Frank,
2248 5132 316 116 1858
2576 5204 72 16 –

1116 5312 284 128 The
1524 5308 520 128 Darien
2168 5356 84 80 v
2256 5324 516 148 enture,
2888 5308 180 168 by
3188 5308 480 128 Frank
3788 5308 108 132 C
3904 5312 368 128 unda
4284 5312 96 120 ll
4516 5324 88 136 …
4836 5308 332 128 New
5304 5308 416 164 York,

948 5500 576 124 Printed
1592 5500 180 156 by
1840 5496 400 124 order
2304 5496 156 124 of
2524 5496 224 124 the
2820 5512 612 140 trustees,
3504 5504 360 116 1926.

1112 5696 112 96 ix
1244 5772 16 36 ,
1344 5696 200 96 155
1620 5720 104 88 p.
1864 5696 360 96 front.
2296 5692 412 116 (port.)
2800 5696 412 112 plates,
3292 5696 284 92 fold.
3656 5720 292 88 map,
4032 5700 304 108 plan,
4412 5700 260 92 coat
4748 5696 124 96 of
4948 5720 348 72 arms.
5440 5696 496 108 17ͨͫ.

968 5828 720 120 (Half-title:
1776 5828 568 116 Hispanic
2440 5832 328 92 notes
2868 5828 88 96 &
3048 5832 836 108 monographs;
3984 5856 432 84 essays,
4512 5828 484 112 studies,
5088 5832 228 92 and
5416 5828 304 96 brief

948 5964 736 116 biographies
1804 5964 388 96 issued
2320 5964 144 112 by
2588 5964 196 96 the
2908 5960 568 116 Hispanic
3596 5964 440 116 society
4156 5960 124 100 of
4396 5960 568 100 America.
5116 6012 24 68 [
5152 5964 220 96 His
5380 5988 72 88 p
5460 5964 260 96 anic

944 6100 616 96 American
1632 6096 460 116 series])

1116 6264 792 116 Frontispiece
1972 6264 820 116 accompanied
2856 6264 144 112 by
3068 6264 364 116 guard
3500 6264 324 96 sheet
3892 6264 288 96 with
4244 6264 696 116 descriptive
5000 6268 716 116 letterpress.

1116 6396 900 116 Bibliography:
2096 6424 104 88 p.
2276 6396 524 100 138–141.

960 6556 120 124 ©
1152 6564 264 96 Feb.
1488 6564 164 112 19,
1728 6556 336 120 1927;
2136 6564 160 96 2c.
2372 6564 300 96 June
2740 6564 144 96 30
2916 6588 24 84 ;
3016 6560 200 100 aff.
3288 6564 300 96 June
3660 6564 196 112 29;
3936 6564 96 96 A
4104 6560 476 120 990739;
4660 6564 564 120 Hispanic
5300 6592 224 76 soc.
5600 6568 120 96 of

1116 6700 568 112 America,
1752 6700 280 96 New
2100 6700 344 92 York.
2612 6696 668 120 (27-14767)
5212 6700 288 96 5514

956 6952 528 152 Curtis,
1552 6960 296 124 Mrs
1864 7060 24 20 .
1960 6956 392 128 Alice
2456 6956 668 152 (Turner)

1128 7144 128 128 A
1328 7144 44 124 l
1384 7144 44 124 i
1440 7156 120 116 tt
1564 7144 120 128 le
1764 7144 368 124 maid
2216 7140 152 128 of
2444 7144 128 128 V
2584 7152 568 152 ermont,
3224 7144 180 160 by
3480 7144 384 128 Alice
3944 7148 536 124 Turner
4560 7144 108 132 C
4680 7188 72 84 u
4772 7148 248 128 rtis
5116 7148 76 144 …
5336 7148 372 124 illus-

964 7332 444 124 trated
1468 7328 180 164 by
1712 7324 432 132 Grace
2204 7328 692 128 Norcross.
3044 7328 1000 164 Philadelphia,
4124 7328 284 128 The
4472 7336 380 120 Penn
4920 7332 796 164 publishing

960 7556 712 120 company,
1744 7508 356 132 1927.

1128 7708 204 96 224
1404 7736 100 88 p.
1648 7708 392 108 front.,
2116 7708 408 112 plates.
2668 7708 52 92 1
2736 7708 612 108 9½ͨͫ
2992 7780 24 24 .

1004 7888 72 108 ©
1148 7880 276 108 July
1488 7880 88 108 1,
1644 7876 332 112 1927;
2044 7876 156 96 2c.
2264 7880 228 92 and
2552 7876 200 96 aff.
2816 7876 276 116 July
3152 7876 124 112 9;
3344 7880 100 92 A
3504 7880 476 112 990876;
4052 7884 316 92 Penn
4428 7884 268 112 pub.
4756 7912 60 68 c
4824 7908 60 72 o
4900 7960 16 24 .

1144 8012 668 116 (27-14801)
5232 8012 284 104 5515

960 8268 520 152 Darby,
1560 8268 312 128 Ada
1948 8268 496 128 Claire.

1124 8448 728 132 Pinafores
1924 8456 268 124 and
2268 8456 884 160 pantalettes;
3232 8500 196 116 or,
3500 8456 288 128 The
3856 8456 240 172 big
4164 8460 388 128 brick
4624 8460 456 164 house,
5148 8460 176 168 by
5404 8460 308 132 Ada

960 8636 456 128 Claire
1492 8636 552 160 Darby;
2128 8640 760 128 illustrated
2988 8640 180 164 by
3252 8640 416 128 Billie
3756 8640 756 168 Chapman.
4688 8648 556 160 Boston,
5324 8652 152 120 L.
5564 8648 148 132 C.

956 8820 372 164 Page
1392 8824 108 116 &
1560 8864 664 120 company
2344 8820 292 144 [ͨ192
2644 8820 76 128 7
2732 8904 32 80 ]

1128 9012 60 92 5
1256 9036 100 88 p.
1416 9004 44 88 l
1468 9084 56 40 .,
1588 9008 204 100 270
1848 9036 108 88 p.
2092 9012 392 112 front.,
2552 9016 408 116 plates.
3096 9016 68 96 2
3168 9012 576 104 0ͨͫ
3356 9092 24 20 .

968 9140 108 108 ©
1164 9180 64 88 J
1244 9204 64 64 u
1324 9204 136 64 ne
1528 9180 60 88 2
1592 9172 64 88 5
1672 9252 20 36 ,
1768 9180 36 88 1
1836 9172 68 88 9
1904 9180 196 108 27;
2176 9160 160 120 2c.
2408 9184 268 92 July
2756 9184 56 92 1
2844 9184 28 80 ;
2960 9212 52 72 a
3032 9184 120 96 ff.
3228 9184 300 100 June
3612 9192 128 92 30
3776 9212 16 84 ;
3872 9192 100 88 A
4040 9192 208 96 990
4252 9192 128 96 74
4396 9196 44 88 1
4492 9216 20 88 ;
4596 9196 120 92 L.
4792 9192 116 100 C.
4984 9196 304 112 Page
5360 9196 80 92 &
5516 9216 124 76 co
5660 9268 48 36 .,

1124 9308 220 100 inc.
1508 9312 668 120 (27-14604)
5236 9324 280 100 5516

3232 9456 244 116 834
