5968 10284
2956 9656 328 136 1772

668 960 352 152 Dell,
1100 960 424 128 Ethel
1600 964 384 152 May.

848 1148 292 128 The
1200 1152 420 124 house
1680 1148 156 124 of
1896 1148 788 164 happiness,
2752 1152 272 128 and
3088 1152 388 128 other
3540 1152 520 160 stories,
4120 1152 188 164 by
4372 1152 412 128 Ethel
4844 1152 192 128 M.
5104 1152 360 128 Dell.

680 1332 328 132 New
1080 1332 432 164 York,
1580 1336 624 160 London,
2272 1332 168 132 G.
2512 1336 156 128 P.
2744 1336 712 128 Putnam's
3524 1380 352 120 sons,
3948 1336 360 132 1927.

848 1528 168 120 iii,
1088 1528 212 104 349
1372 1556 108 92 p.
1620 1528 60 96 1
1692 1524 648 120 9½ͨͫ.

856 1672 792 108 CONTENTS.—
1736 1672 92 92 T
1836 1672 144 92 he
2100 1672 360 96 house
2584 1668 124 100 of
2824 1668 664 120 happiness.
3488 1728 148 12 —
3636 1672 244 96 The
3996 1676 292 112 good
4408 1680 312 92 turn.
4720 1728 144 12 —
4864 1672 244 100 The
5224 1680 244 92 real

672 1808 780 116 thing.—Full
1528 1832 572 76 measure.

680 1940 120 120 ©
896 1944 276 120 Apr.
1264 1944 92 116 8,
1452 1944 336 112 1927;
1884 1944 164 100 2c.
2140 1948 232 92 and
2464 1944 200 100 aff.
2752 1948 276 116 Apr.
3120 1948 124 108 9;
3340 1948 100 92 A
3528 1948 484 112 972628;
4112 1948 344 96 Ethel
4552 1948 336 116 Mary
4988 1948 480 116 Savage,

852 2080 588 116 Ewhurst,
1528 2080 464 116 Surrey,
2076 2084 572 112 England.
2812 2080 604 120 (27-7509)
4892 2076 356 104 11927

676 2308 792 148 Demerest,
1544 2304 320 128 Ada
1936 2308 412 128 Rose.

852 2492 504 132 Junior
1420 2504 736 156 pageants;
2228 2504 668 156 pageants
2960 2492 268 132 and
3300 2492 676 132 dramatic
4044 2504 716 156 programs
4828 2492 648 168 designed

688 2680 728 164 especially
1492 2676 228 128 for
1792 2680 468 164 junior
2336 2720 560 128 groups,
2964 2680 180 168 by
3220 2680 316 128 Ada
3616 2680 356 132 Rose
4044 2684 704 124 Demerest
4852 2684 80 144 …
5156 2680 320 132 Cin-

688 2864 564 164 cinnati,
1344 2864 120 132 O
1480 2968 76 60 .,
1644 2868 292 124 The
2028 2864 704 132 Standard
2824 2868 808 164 publishing
3720 2912 676 120 company
4500 2864 152 148 [ͨ
4600 2876 316 120 1927
4896 2920 56 84 ]

848 3060 136 100 93
1060 3084 104 92 p.
1308 3056 312 104 illus.
1756 3060 72 96 2
1832 3060 648 108 3½ͨͫ
2092 3140 24 20 .

852 3196 568 100 Contains
1484 3196 404 100 music.

688 3320 124 120 ©
884 3336 272 100 Dec.
1220 3336 96 116 1,
1384 3336 344 116 1927;
1796 3336 164 100 2c.
2032 3336 268 100 Dec.
2368 3336 128 112 9;
2572 3336 120 96 af
2672 3336 68 92 f
2748 3416 20 16 .
2840 3336 268 100 Dec.
3180 3336 128 112 8;
3380 3336 96 96 A
3548 3336 548 116 1010821;
4180 3336 588 100 Standard
4840 3336 264 116 pub.
5176 3368 164 68 co.

876 3472 460 120 (28-30)
4900 3468 356 104 11928

684 3664 652 152 Dunnell,
1404 3664 416 128 Mark
1892 3664 704 152 Boothby.

856 3852 780 124 Minnesota
1716 3848 512 168 digest;
2320 3900 76 76 a
2476 3852 448 164 digest
3000 3848 156 128 of
3228 3852 228 124 the
3536 3848 664 132 decisions
4280 3848 156 132 of
4512 3856 232 124 the
4820 3852 664 164 Supreme

692 4052 384 112 court
1148 4036 156 128 of
1364 4040 232 124 the
1668 4048 348 120 state
2088 4036 152 128 of
2304 4036 824 164 Minnesota,
3196 4036 184 168 by
3444 4036 416 128 Mark
3924 4044 164 120 B.
4160 4036 648 132 Dunnell.
4988 4044 216 124 2d.
5276 4044 204 124 ed.

688 4268 124 80 v.
896 4232 108 116 3.
1188 4220 816 164 Owatonna,
2076 4224 484 160 Minn.,
2632 4224 780 128 Minnesota
3488 4228 264 124 law
3820 4224 360 128 book
4248 4268 232 116 co.,
4560 4224 364 132 1927.

856 4424 60 92 1
984 4452 104 88 p.
1148 4424 44 92 l
1208 4500 52 36 .,
1324 4420 276 96 1090
1660 4448 108 92 p.
1912 4420 680 108 26ͨͫ.

700 4536 120 112 ©
904 4560 284 96 Nov.
1268 4560 96 112 9,
1448 4560 340 108 1927;
1876 4560 160 96 2c.
2120 4560 272 96 Dec.
2468 4560 200 108 16;
2756 4560 200 96 aff.
3036 4560 272 96 Dec.
3392 4560 196 108 17;
3680 4560 88 92 A
3852 4560 552 112 1013882;
4492 4560 152 100 M.
4728 4560 128 100 B.
4944 4564 540 112 Dunnell,

864 4692 684 116 Owatonna,
1624 4692 368 100 Minn.
4904 4692 360 100 11929

696 4884 540 152 Elliott,
1316 4884 440 152 Ruth,
1840 4892 320 120 1888
2164 4964 76 16 –

864 5072 296 128 The
1244 5072 940 164 organization
2276 5068 160 132 of
2524 5072 916 164 professional
3524 5072 620 168 training
4228 5072 144 128 in
4460 5072 620 168 physical
5168 5076 312 128 edu-

700 5304 68 84 c
776 5308 72 80 a
860 5272 60 116 t
924 5260 228 124 ion
1260 5260 144 124 in
1500 5272 352 116 state
1948 5260 912 160 universities,
2956 5260 184 156 by
3232 5260 384 124 Ruth
3720 5260 504 128 Elliott
4312 5264 72 144 …
4660 5264 336 124 New
5100 5260 392 132 York

696 5492 68 80 c
772 5444 248 168 ity,
1092 5448 672 128 Teachers
1840 5452 548 160 college,
2472 5444 720 132 Columbia
3268 5444 812 168 university,
4156 5448 364 128 1927.

872 5640 244 116 viii,
1212 5644 132 96 67
1432 5672 108 88 p.
1636 5644 36 92 i
1680 5672 72 64 n
1760 5648 100 92 cl
1880 5724 16 16 .
1992 5648 404 112 tables,
2496 5644 432 116 diagrs.
3072 5644 680 108 23½ͨͫ
3388 5684 28 48 .
3588 5640 640 116 (Teachers
4324 5648 456 112 college,
4884 5644 592 100 Columbia

708 5780 684 112 university.
1540 5780 880 100 Contributions
2480 5788 116 92 to
2660 5780 652 112 education,
3372 5808 184 72 no.
3612 5780 264 116 268)

876 5916 628 96 Published
1584 5920 252 92 also
1912 5944 128 68 as
2116 5916 368 100 thesis
2588 5916 124 116 (P
2720 5940 92 72 H
2828 5996 24 20 .
2924 5916 160 116 D.)
3188 5916 600 100 Columbia
3876 5916 684 116 university,
4640 5920 56 92 1
4708 5916 136 96 92
4852 5920 60 76 7
4920 5976 20 12 .

872 6056 904 112 Bibliography:
1840 6080 104 88 p.
2004 6056 380 96 65–67.

708 6172 124 116 ©
912 6192 248 100 Oct.
1232 6192 164 116 11,
1468 6192 344 112 1927;
1884 6192 72 92 2
1956 6200 60 80 c
2028 6268 24 20 .
2116 6192 272 96 Dec.
2460 6192 200 112 19;
2740 6188 196 100 aff.
3008 6192 288 96 Nov.
3368 6192 128 108 5;
3576 6192 96 92 A
3744 6188 544 100 1013715;
4380 6192 572 96 Teachers
5032 6192 460 112 college,

876 6324 600 100 Columbia
1548 6328 312 100 univ.
2032 6324 460 120 (28-19)
4916 6320 356 104 11930

712 6520 524 152 Evans,
1308 6516 392 132 Alice
1764 6520 460 152 Mary.

876 6708 324 124 And
1304 6708 240 124 did
1648 6748 264 120 you
2016 6708 556 124 wonder
2672 6708 268 124 and
3044 6708 388 124 other
3528 6748 420 84 verse.
4128 6704 332 128 New
4560 6708 544 156 Haven,
5200 6704 292 124 The

704 6892 508 164 Tuttle,
1280 6892 808 128 Morehouse
2152 6900 108 120 &
2332 6896 508 160 Taylor
2912 6936 712 120 company,
3696 6888 364 132 1927.

872 7092 60 96 1
992 7116 108 76 v.

716 7208 120 116 ©
904 7224 284 116 Aug.
1248 7224 64 92 2
1320 7224 72 96 0
1396 7300 20 40 ,
1480 7224 336 112 1927;
1884 7224 164 100 2c.
2108 7228 288 108 Aug.
2456 7224 68 92 2
2524 7224 64 96 3
2632 7252 20 84 ;
2720 7224 200 100 af.
2984 7228 288 108 Aug.
3332 7224 72 92 2
3404 7224 64 92 5
3512 7248 20 88 ;
3604 7224 96 92 A
3764 7224 480 112 999558;
4312 7224 132 96 A.
4512 7224 152 100 M.
4728 7224 424 108 Evans,
5216 7224 288 92 New

884 7360 448 100 Haven.
4916 7348 356 108 11931

708 7552 292 124 The
1084 7552 588 124 Federal
1756 7564 652 152 reporter.
2600 7552 512 128 Second
3204 7552 440 124 series.
3832 7544 408 132 Cases
4320 7552 512 160 argued
4916 7552 272 124 and
5272 7548 220 128 de-

884 7736 660 128 termined
1620 7736 144 128 in
1824 7740 232 124 the
2116 7732 532 136 Circuit
2708 7748 452 116 courts
3224 7736 152 124 of
3440 7736 556 164 appeals
4064 7736 272 124 and
4396 7736 592 128 District
5044 7748 456 112 courts

888 7920 156 124 of
1096 7924 228 124 the
1380 7924 524 124 United
1972 7920 448 132 States
2484 7924 268 124 and
2808 7924 228 124 the
3096 7920 432 128 Court
3588 7920 152 128 of
3804 7924 556 160 appeals
4420 7916 156 132 of
4624 7924 232 124 the
4908 7916 592 128 District

888 8104 152 124 of
1188 8104 760 160 Columbia,
2048 8108 336 124 with
2524 8104 892 164 key-number
3560 8108 908 124 annotations.
4648 8148 124 80 v.
4876 8112 164 116 20
5168 8100 304 168 (2d)

888 8288 832 164 September,
1816 8292 360 128 1927.
2360 8292 200 132 St.
2648 8292 396 160 Paul,
3128 8292 384 128 West
3596 8292 800 164 publishing
4480 8332 232 116 co.,
4804 8288 360 132 1927.

880 8484 328 116 xxiii,
1292 8488 276 96 1078
1644 8516 104 84 p.
1836 8488 36 92 i
1876 8516 144 68 nc
2024 8492 40 88 l
2064 8524 28 56 .
2176 8488 360 96 front.
2604 8484 380 120 (map)
3152 8488 1080 108 26ͨͫ.

728 8636 112 108 ©
924 8624 280 96 Nov.
1276 8624 164 108 12,
1512 8620 340 112 1927;
1924 8624 164 96 2c.
2164 8624 268 100 Dec.
2500 8624 200 112 16;
2780 8648 56 72 a
2852 8624 52 92 f
2904 8624 76 100 f.
3052 8624 272 100 Dec.
3392 8624 200 112 17;
3672 8624 96 92 A
3840 8624 56 92 1
3908 8624 64 92 0
3980 8624 412 108 13884;
4468 8628 324 104 West
4864 8624 264 112 pub.
5204 8648 164 72 co.

4924 8720 380 128 11932

728 8808 608 152 Fleuret,
1416 8812 696 152 Fernand,
2200 8820 232 120 188
2448 8812 80 116 4
2524 8844 76 68 –

1004 9004 84 132 …
1172 8996 800 128 Falourdin.
2192 9000 380 124 Avec
2684 9044 180 80 un
2996 9000 588 160 portrait
3708 8996 164 128 de
3984 8996 584 124 l'auteur
4688 9040 252 116 par
5056 8996 384 128 Raou
5452 8996 36 124 l

728 9180 436 164 Dufy,
1260 9228 340 112 grav
1572 9172 88 112 é
1768 9200 232 112 sur
2092 9184 292 128 bois
2484 9232 252 116 par
2832 9184 164 132 G.
3092 9184 568 128 Aubert.
3840 9184 444 164 Paris,
4380 9180 108 128 É
4500 9180 512 132 ditions
5104 9184 168 128 de
5360 9180 140 132 la

732 9364 656 132 Nouvelle
1444 9412 404 84 revue
1916 9368 720 164 frangaise,
2704 9372 356 128 1927.
