5920 10300
200 1060 908 152 Fitzpatrick,
1192 1056 596 124 Edward
1876 1056 748 148 Augustus
2624 1128 184 20 —
2812 1052 768 128 Continued

364 1260 64 92 2
488 1280 68 72 v
560 1292 24 56 .
652 1256 120 92 in
836 1256 96 96 1.
1076 1252 424 112 diagrs.
1640 1248 720 116 19½ͨͫ.

372 1392 304 92 "The
760 1388 216 96 Sac
980 1388 76 88 h
1064 1412 56 68 s
1196 1384 312 116 prize
1588 1408 336 88 essay
2008 1384 120 92 of
2204 1380 336 96 1926"
2628 1388 228 88 and
2940 1380 244 96 "An
3260 1404 336 84 essay
3680 1376 432 96 offered
4196 1376 120 92 in
4396 1376 532 112 competi-

204 1524 240 96 tion
504 1520 192 96 for
760 1524 192 92 the
1024 1520 388 96 Julius
1484 1524 224 92 and
1776 1520 308 96 Rosa
2168 1520 356 96 Sachs
2592 1516 312 116 prize
2972 1512 408 116 1926";
3452 1512 280 96 each
3804 1536 336 88 essay
4212 1512 212 92 has
4500 1508 424 116 special

200 1664 232 108 t.-p.
496 1656 228 96 and
784 1656 532 112 separate
1380 1648 708 116 pagination.

200 1760 120 112 ©
388 1796 268 88 May
712 1792 164 112 31,
940 1788 332 108 1927;
1336 1788 160 96 2c.
1560 1788 228 92 and
1848 1788 196 92 aff.
2104 1788 304 92 June
2468 1788 124 108 1;
2660 1784 100 96 A
2820 1784 476 112 990332;
3364 1780 668 100 Macmillan
4092 1804 164 76 co.

384 1924 664 116 (27-12950)
4444 1908 288 100 4704

204 2152 592 144 Frenay,
876 2144 548 152 Adolph
1500 2144 684 124 Dominic.

372 2332 288 124 The
712 2328 508 128 suicide
1272 2328 604 160 problem
1940 2328 140 124 in
2140 2328 228 124 the
2420 2328 508 128 United
2996 2328 444 128 States
3512 2324 220 164 [by
3724 2364 40 96 ]
3840 2320 560 164 Adolph
4460 2320 464 128 Domi-

200 2520 140 120 ni
352 2560 64 80 c
480 2520 540 156 Frenay
1092 2528 80 128 …
1420 2516 556 156 Boston,
2048 2512 120 124 R
2184 2616 20 20 .
2280 2512 124 128 G
2420 2612 20 24 .
2516 2516 112 120 B
2648 2512 416 164 adger
3152 2540 48 88 [
3200 2540 68 88 ͨ
3244 2512 352 136 1927]

360 2712 136 92 20
500 2712 64 92 0
628 2736 104 88 p.
872 2716 44 88 t
928 2712 316 92 ables
1308 2704 116 116 (1
1492 2708 52 92 f
1552 2712 104 88 ol
1668 2704 164 116 d.)
1992 2708 64 92 2
2064 2704 612 112 0½ͨͫ
2320 2784 24 20 .

364 2844 892 112 Bibliography:
1328 2868 100 88 p.
1488 2840 204 96 173
1696 2896 72 12 –
1768 2840 240 100 180.

204 2952 120 108 ©
396 2984 268 108 May
724 2980 96 108 6,
888 2976 332 112 1927;
1292 2980 160 92 2c.
1516 2976 300 96 June
1884 2976 124 112 1;
2080 3000 52 68 a
2156 2976 120 96 ff.
2348 2980 268 108 May
2684 2976 192 112 27;
2952 2976 96 92 A
3112 2976 472 112 990325;
3664 2972 512 100 Richard
4244 2972 128 100 G.
4440 2968 488 116 Badger.

384 3112 664 120 (27-12963)
4448 3100 280 104 4705

204 3340 456 144 Frost,
728 3340 736 144 Harwood,
1544 3336 312 124 1872
1864 3412 80 12 –

360 3520 744 128 Evolution
1164 3520 152 128 of
1372 3524 228 124 the
1664 3520 508 156 dollar;
2244 3564 76 80 a
2380 3520 364 124 brief
2800 3520 512 124 outline
3372 3520 152 124 of
3580 3520 228 124 the
3872 3520 452 160 origin
4384 3516 268 128 and
4712 3516 216 124 de-

200 3708 764 160 velopment
1072 3704 148 124 of
1320 3748 484 116 money
1908 3704 264 124 and
2276 3716 708 148 monetary
3088 3704 764 160 standards,
3952 3704 180 164 by
4232 3700 696 128 Harwood

200 3892 400 124 Frost
708 3896 84 132 …
1008 3888 644 164 Chicago,
1720 3884 272 164 Ill.,
2064 3888 284 124 The
2420 3892 528 156 author,
3024 3892 356 124 1927.

356 4088 132 96 64
556 4112 104 92 p.
800 4088 308 96 illus.
1252 4084 644 112 19½ͨͫ
1568 4124 24 56 .

204 4192 120 112 ©
400 4220 124 88 M
524 4244 164 72 ar.
756 4224 164 108 11,
988 4220 336 108 1927;
1392 4220 164 96 2c.
1628 4220 288 96 Mar.
1988 4216 192 112 15;
2256 4216 196 96 aff.
2528 4220 288 92 Mar.
2888 4216 196 112 14;
3160 4216 96 92 A
3328 4216 472 112 963980;
3876 4216 144 100 H.
4096 4216 372 100 Frost.

388 4356 664 116 (27-13016)
4448 4344 284 104 4706

208 4576 444 148 Fruit,
732 4576 364 128 John
1168 4572 556 156 Phelps,
1812 4584 308 116 1855
2128 4652 76 12 –

372 4764 904 128 Correlatives
1376 4760 156 128 of
1620 4760 592 164 thought
2324 4760 248 164 [by]
2692 4760 372 128 John
3164 4760 504 160 Phelps
3768 4760 404 132 Fruit
4292 4768 88 144 …
4604 4768 112 120 B
4728 4808 80 84 o
4812 4808 116 84 s-

204 4964 276 144 ton,
548 4952 160 120 R.
784 4948 160 132 G.
1028 4952 544 160 Badger
1664 4952 48 108 [
1684 4956 76 128 ͨ
1756 4940 352 132 1927]

368 5144 204 100 197
628 5168 104 88 p.
876 5144 1092 108 21ͨͫ.

208 5244 116 112 ©
388 5280 272 112 Apr.
716 5280 164 112 28,
940 5280 204 92 192
1148 5272 64 92 7
1232 5284 40 80 ;
1340 5280 160 96 2c.
1564 5280 296 92 June
1924 5280 124 108 1;
2116 5276 196 96 aff.
2380 5276 268 112 May
2708 5276 196 108 27;
2972 5276 100 92 A
3132 5276 468 112 990324;
3672 5276 508 96 Richard
4248 5280 128 96 G.
4444 5280 488 112 Badger.

392 5412 660 120 (27-13095)
4448 5408 284 104 4707

204 5636 788 148 Gaebelein,
1060 5636 388 124 Arno
1524 5636 680 148 Clemens,
2284 5644 308 116 1861
2600 5712 88 12 –

372 5824 288 124 The
744 5820 464 132 Christ
1292 5868 192 80 we
1560 5824 468 148 know;
2112 5820 872 128 meditations
3064 5864 172 80 on
3312 5824 228 120 the
3620 5864 488 120 person
4192 5828 264 120 and
4540 5828 392 160 glory

204 6008 156 124 of
448 6052 248 80 our
772 6008 372 124 Lord
1232 6008 396 128 Jesus
1720 6004 508 160 Christ,
2308 6008 180 160 by
2576 6008 384 124 Arno
3052 6004 616 128 Clemens
3756 6004 772 164 Gaebelein,
4612 6056 76 76 D
4704 6108 20 24 .
4816 6056 112 80 D.

212 6196 288 124 The
580 6192 292 128 best
960 6236 516 84 answer
1560 6204 140 112 to
1788 6192 228 124 the
2100 6192 348 124 book
2540 6192 284 124 The
2908 6236 312 76 man
3304 6192 544 164 nobody
3928 6192 504 128 knows.
4612 6192 316 132 Chi-

204 6424 372 116 cago,
640 6380 288 124 The
996 6372 392 132 Bible
1456 6380 620 124 institute
2144 6380 776 160 colportage
2992 6376 348 124 ass'n
3428 6376 444 132 [1927]

368 6572 200 96 126
632 6600 104 88 p.
876 6572 720 104 19ͨͫ.

216 6676 116 108 ©
404 6712 268 108 May
736 6708 164 112 18,
972 6708 332 108 1927;
1376 6708 160 96 2c.
1604 6708 296 96 June
1968 6708 124 108 3;
2168 6708 128 92 af
2288 6708 48 88 f
2336 6740 24 52 .
2436 6708 296 92 June
2800 6708 128 108 4;
3004 6704 92 92 A
3168 6704 468 96 990397;
3716 6708 328 100 Bible
4116 6708 536 100 institute
4720 6712 216 92 col-

368 6848 472 108 portage
932 6868 300 68 assn.
1328 6840 120 96 of
1536 6840 532 116 Chicago.
2236 6840 664 116 (27-12956)
4448 6836 284 104 4708

208 7032 696 144 Gammill,
984 7032 552 124 Noreen
1616 7028 496 128 Ellers.

376 7216 1048 132 Characteristic
1524 7216 860 160 monologues
2484 7216 268 120 and
2856 7212 696 164 readings;
3668 7216 776 128 distinctive
4540 7224 388 124 selec-

212 7404 352 124 tions
636 7404 228 120 for
928 7444 460 120 young
1460 7404 476 156 people
2012 7404 268 120 and
2352 7396 612 128 children
3052 7400 216 152 [by
3268 7440 36 96 ]
3400 7400 528 124 Noreen
4008 7404 444 124 Ellers
4528 7404 120 132 G
4664 7404 268 124 ain-

212 7588 328 124 mill.
720 7588 536 124 Kansas
1348 7584 360 156 City,
1804 7584 132 124 K
1948 7628 68 80 a
2032 7628 172 116 n.,
2296 7584 160 124 R.
2556 7584 692 124 Youmans
3340 7584 268 124 and
3696 7624 664 128 company
4460 7592 248 136 [ͨ19
4716 7596 80 120 2
4800 7584 152 144 7]

372 7780 68 96 6
504 7808 100 88 p.
672 7776 36 92 l
724 7852 52 40 .,
844 7780 60 96 3
912 7836 68 8 –
984 7780 204 96 147
1252 7804 104 88 p.
1496 7776 60 96 1
1564 7772 684 116 8½ͨͫ
1816 7852 24 24 .

212 7892 120 116 ©
408 7920 268 108 May
752 7920 160 108 14,
988 7916 332 108 1927;
1400 7916 160 92 2c.
1632 7916 228 92 and
1932 7912 196 96 aff.
2200 7916 300 92 June
2576 7912 124 108 6;
2776 7912 96 92 A
2952 7912 412 92 976934
3388 7916 32 84 ;
3508 7912 600 112 Raymond
4180 7916 620 100 Youmans.

404 8052 660 116 (27-13097)
4452 8044 284 104 4709

212 8236 544 148 Goebel,
832 8232 464 128 Julius
1368 8232 628 152 Ludwig,
2080 8240 312 120 1892
2396 8312 84 12 –

372 8424 288 120 The
724 8420 608 160 struggle
1408 8416 224 128 for
1696 8420 228 124 the
1996 8416 684 124 Falkland
2748 8416 584 160 Islands,
3404 8464 76 76 a
3548 8420 404 160 study
4024 8420 144 124 in
4236 8424 352 160 legal
4664 8424 268 124 and

208 8604 796 160 diplomatic
1064 8600 568 164 history,
1688 8600 180 164 by
1924 8600 460 128 Julius
2444 8600 540 156 Goebel,
3048 8600 164 156 jr.
3348 8608 80 136 …
3608 8600 328 128 New
3992 8604 532 160 Haven,
4592 8608 340 124 Yale

208 8788 752 160 university
1100 8828 432 120 press;
1676 8784 612 160 London,
2420 8784 180 124 H.
2736 8780 632 164 Milford,
3504 8784 544 132 Oxford
4180 8788 752 168 university

212 9016 404 116 press,
700 8972 360 128 1927.

372 9168 240 112 xiii,
684 9172 204 92 482
956 9196 104 84 p.
1196 9164 388 112 front.,
1660 9168 400 112 plates,
2140 9168 384 108 ports.,
2592 9188 324 88 maps
2980 9160 36 116 (
3036 9160 60 96 1
3172 9160 340 116 fold.)
3668 9164 684 108 24½ͨͫ.

372 9300 980 112 Bibliographical
1428 9296 660 100 foot-notes.

224 9412 120 112 ©
416 9436 176 92 Ma
612 9460 72 88 y
744 9436 132 92 27
876 9464 36 56 ,
980 9432 328 108 1927;
1380 9428 164 96 2c.
1612 9428 296 92 June
1972 9428 124 112 4;
2176 9428 196 96 aff.
2440 9428 300 96 June
2804 9428 128 96 2:
3004 9428 96 92 A
3164 9428 472 96 990381:
3716 9436 280 88 Yale
4068 9432 304 100 univ.
4444 9456 356 92 press.

404 9564 660 116 (27-13030)
4448 9560 284 104 4710

2468 9684 244 132 715
