<?xml version="1.0"?>
<alto xmlns="http://www.loc.gov/standards/alto/ns-v2#" xmlns:xlink="http://www.w3.org/1999/xlink" xmlns:xsi="http://www.w3.org/2001/XMLSchema-instance" xsi:schemaLocation="http://www.loc.gov/standards/alto/ns-v2# http://www.loc.gov/standards/alto/alto-v2.0.xsd">
	<Description>
		<MeasurementUnit>inch1200</MeasurementUnit>
		<sourceImageInformation>
			<fileIdentifier>catalogofcopyrig241libr_001-1920_Page_0044.jpgf</fileIdentifier>
		</sourceImageInformation>
		<OCRProcessing ID="OCR1">
			<ocrProcessingStep>
				<processingDateTime>2018-03-12T10:25:28</processingDateTime>
				<processingAgency>Data Conversion Laboratory</processingAgency>
				<processingSoftware>
					<softwareCreator>Prime</softwareCreator>
					<softwareName>Prime OCR</softwareName>
					<softwareVersion>4.40</softwareVersion>
				</processingSoftware>
			</ocrProcessingStep>
			<postProcessingStep>
				<processingDateTime>2018-03-21T10:34:55</processingDateTime>
				<processingAgency>Data Conversion Laboratory</processingAgency>
				<processingStepDescription>PRO -&gt; ALTO</processingStepDescription>
				<processingSoftware>
					<softwareCreator>Data Conversion Laboratory</softwareCreator>
					<softwareName>pro2alto.2018.02.27</softwareName>
					<softwareVersion>2.0</softwareVersion>
				</processingSoftware>
			</postProcessingStep>
		</OCRProcessing>
	</Description>
<Styles>
		<TextStyle ID="Style_1" FONTSIZE="8" FONTTYPE="serif" FONTWIDTH="proportional" FONTSTYLE="bold"/>
		<TextStyle ID="Style_2" FONTSIZE="10" FONTTYPE="serif" FONTWIDTH="proportional" FONTSTYLE="bold"/>
		<TextStyle ID="Style_3" FONTSIZE="10" FONTTYPE="serif" FONTWIDTH="proportional"/>
		<TextStyle ID="Style_4" FONTSIZE="8" FONTTYPE="serif" FONTWIDTH="proportional"/>
		<TextStyle ID="Style_5" FONTSIZE="10" FONTTYPE="sans-serif" FONTWIDTH="proportional"/>
		<TextStyle ID="Style_6" FONTSIZE="9" FONTTYPE="serif" FONTWIDTH="proportional"/>
		<TextStyle ID="Style_7" FONTSIZE="7" FONTTYPE="serif" FONTWIDTH="proportional" FONTSTYLE="bold"/>
		<TextStyle ID="Style_8" FONTSIZE="8" FONTTYPE="serif" FONTWIDTH="proportional" FONTSTYLE="bold italics"/>
		<TextStyle ID="Style_9" FONTSIZE="9" FONTTYPE="serif" FONTWIDTH="proportional" FONTSTYLE="bold italics"/>
		<TextStyle ID="Style_10" FONTSIZE="10" FONTTYPE="serif" FONTWIDTH="fixed" FONTSTYLE="italics"/>
		<TextStyle ID="Style_11" FONTSIZE="7" FONTTYPE="serif" FONTWIDTH="proportional"/>
		<TextStyle ID="Style_12" FONTSIZE="7" FONTTYPE="serif" FONTWIDTH="fixed"/>
		<TextStyle ID="Style_13" FONTSIZE="8" FONTTYPE="serif" FONTWIDTH="fixed"/>
		<TextStyle ID="Style_14" FONTSIZE="8" FONTTYPE="serif" FONTWIDTH="fixed" FONTSTYLE="bold"/>
		<TextStyle ID="Style_15" FONTSIZE="10" FONTTYPE="serif" FONTWIDTH="proportional" FONTSTYLE="bold italics"/>
		<TextStyle ID="Style_16" FONTSIZE="9" FONTTYPE="sans-serif" FONTWIDTH="proportional"/>
	</Styles>
	<Layout>
		<Page ID="Page_1" PHYSICAL_IMG_NR="1" HEIGHT="10284" WIDTH="5968">
			<PrintSpace ID="PS_1" HPOS="0" VPOS="0" HEIGHT="10284" WIDTH="5968">
				<TextBlock ID="TB_1.1" HPOS="824" VPOS="520" WIDTH="464" HEIGHT="220">
					<TextLine ID="TL_1.1.1" HPOS="908" VPOS="612" HEIGHT="96" WIDTH="208">
						<String CONTENT="287" ID="St_1.1.1.1" HPOS="908" VPOS="612" HEIGHT="96" WIDTH="208" STYLEREFS="Style_1" WC="1" CC="000"/>
					</TextLine>
				</TextBlock>
				<TextBlock ID="TB_1.2" HPOS="824" VPOS="884" WIDTH="5096" HEIGHT="8956">
					<TextLine ID="TL_1.2.1" HPOS="912" VPOS="948" HEIGHT="164" WIDTH="2292">
						<String CONTENT="Parsons," ID="St_1.2.1.1" HPOS="912" VPOS="972" HEIGHT="140" WIDTH="664" STYLEREFS="Style_2" WC="1" CC="00000000"/>
						<SP ID="SP_1.2.1.2" HPOS="1556" VPOS="1008" WIDTH="64"/>
						<String CONTENT="Samuel" ID="St_1.2.1.3" HPOS="1668" VPOS="956" HEIGHT="136" WIDTH="568" STYLEREFS="Style_3" WC="1" CC="000000"/>
						<String CONTENT="&#151;" ID="St_1.2.1.4" HPOS="2236" VPOS="1032" HEIGHT="20" WIDTH="184" STYLEREFS="Style_3" WC="1" CC="0"/>
						<String CONTENT="Continued" ID="St_1.2.1.5" HPOS="2428" VPOS="948" HEIGHT="136" WIDTH="776" STYLEREFS="Style_3" WC="1" CC="000000000"/>
					</TextLine>
					<TextLine ID="TL_1.2.2" HPOS="1088" VPOS="1144" HEIGHT="136" WIDTH="2488">
						<String CONTENT="xlix," ID="St_1.2.2.1" HPOS="1088" VPOS="1164" HEIGHT="116" WIDTH="280" STYLEREFS="Style_4" WC="1" CC="00000"/>
						<SP ID="SP_1.2.2.2" HPOS="1356" VPOS="1200" WIDTH="44"/>
						<String CONTENT="150" ID="St_1.2.2.3" HPOS="1436" VPOS="1164" HEIGHT="92" WIDTH="208" STYLEREFS="Style_4" WC="1" CC="000"/>
						<SP ID="SP_1.2.2.4" HPOS="1608" VPOS="1160" WIDTH="68"/>
						<String CONTENT="p." ID="St_1.2.2.5" HPOS="1708" VPOS="1188" HEIGHT="88" WIDTH="104" STYLEREFS="Style_4" WC="0.962222222222222" CC="40"/>
						<SP ID="SP_1.2.2.6" HPOS="1800" VPOS="1196" WIDTH="76"/>
						<String CONTENT="front.," ID="St_1.2.2.7" HPOS="1940" VPOS="1160" HEIGHT="108" WIDTH="396" STYLEREFS="Style_4" WC="0.977777777777778" CC="0000000"/>
						<SP ID="SP_1.2.2.8" HPOS="2324" VPOS="1196" WIDTH="44"/>
						<String CONTENT="p" ID="St_1.2.2.9" HPOS="2404" VPOS="1180" HEIGHT="88" WIDTH="72" STYLEREFS="Style_4" WC="0.978888888888889" CC="0"/>
						<String CONTENT="l" ID="St_1.2.2.10" HPOS="2480" VPOS="1156" HEIGHT="92" WIDTH="36" STYLEREFS="Style_4" WC="0.961111111111111" CC="4"/>
						<String CONTENT=".," ID="St_1.2.2.11" HPOS="2532" VPOS="1224" HEIGHT="44" WIDTH="52" STYLEREFS="Style_4" WC="0.964444444444444" CC="00"/>
						<SP ID="SP_1.2.2.12" HPOS="2572" VPOS="1192" WIDTH="44"/>
						<String CONTENT="ports." ID="St_1.2.2.13" HPOS="2652" VPOS="1156" HEIGHT="112" WIDTH="360" STYLEREFS="Style_4" WC="0.972222222222222" CC="000000"/>
						<SP ID="SP_1.2.2.14" HPOS="2996" VPOS="1188" WIDTH="80"/>
						<String CONTENT="19&#189;&#x0368;&#x036b;." ID="St_1.2.2.15" HPOS="3144" VPOS="1144" HEIGHT="128" WIDTH="432" STYLEREFS="Style_4" WC="0.962222222222222" CC="000005"/>
					</TextLine>
					<TextLine ID="TL_1.2.3" HPOS="928" VPOS="1268" HEIGHT="140" WIDTH="4512">
						<String CONTENT="&#169;" ID="St_1.2.3.1" HPOS="928" VPOS="1276" HEIGHT="108" WIDTH="124" STYLEREFS="Style_4" WC="0.222222222222222" CC="7"/>
						<SP ID="SP_1.2.3.2" HPOS="988" VPOS="1284" WIDTH="100"/>
						<String CONTENT="Jan." ID="St_1.2.3.3" HPOS="1124" VPOS="1304" HEIGHT="92" WIDTH="260" STYLEREFS="Style_4" WC="0.795555555555556" CC="0000"/>
						<SP ID="SP_1.2.3.4" HPOS="1372" VPOS="1336" WIDTH="44"/>
						<String CONTENT="7," ID="St_1.2.3.5" HPOS="1448" VPOS="1300" HEIGHT="108" WIDTH="96" STYLEREFS="Style_4" WC="0.863333333333333" CC="00"/>
						<SP ID="SP_1.2.3.6" HPOS="1532" VPOS="1332" WIDTH="44"/>
						<String CONTENT="1927;" ID="St_1.2.3.7" HPOS="1612" VPOS="1296" HEIGHT="108" WIDTH="336" STYLEREFS="Style_4" WC="0.911111111111111" CC="00010"/>
						<SP ID="SP_1.2.3.8" HPOS="1936" VPOS="1304" WIDTH="48"/>
						<String CONTENT="2c." ID="St_1.2.3.9" HPOS="2024" VPOS="1292" HEIGHT="92" WIDTH="160" STYLEREFS="Style_4" WC="0.928888888888889" CC="000"/>
						<SP ID="SP_1.2.3.10" HPOS="2172" VPOS="1328" WIDTH="48"/>
						<String CONTENT="and" ID="St_1.2.3.11" HPOS="2256" VPOS="1292" HEIGHT="92" WIDTH="228" STYLEREFS="Style_4" WC="0.941111111111111" CC="000"/>
						<SP ID="SP_1.2.3.12" HPOS="2448" VPOS="1292" WIDTH="68"/>
						<String CONTENT="aff." ID="St_1.2.3.13" HPOS="2552" VPOS="1284" HEIGHT="96" WIDTH="196" STYLEREFS="Style_4" WC="0.952222222222222" CC="0000"/>
						<SP ID="SP_1.2.3.14" HPOS="2736" VPOS="1324" WIDTH="44"/>
						<String CONTENT="Jan." ID="St_1.2.3.15" HPOS="2816" VPOS="1284" HEIGHT="96" WIDTH="264" STYLEREFS="Style_4" WC="0.958888888888889" CC="0000"/>
						<SP ID="SP_1.2.3.16" HPOS="3068" VPOS="1320" WIDTH="44"/>
						<String CONTENT="8;" ID="St_1.2.3.17" HPOS="3148" VPOS="1280" HEIGHT="112" WIDTH="124" STYLEREFS="Style_4" WC="0.962222222222222" CC="00"/>
						<SP ID="SP_1.2.3.18" HPOS="3260" VPOS="1296" WIDTH="52"/>
						<String CONTENT="A" ID="St_1.2.3.19" HPOS="3348" VPOS="1280" HEIGHT="88" WIDTH="100" STYLEREFS="Style_4" WC="0.964444444444444" CC="0"/>
						<SP ID="SP_1.2.3.20" HPOS="3396" VPOS="1284" WIDTH="84"/>
						<String CONTENT="958644;" ID="St_1.2.3.21" HPOS="3512" VPOS="1272" HEIGHT="112" WIDTH="484" STYLEREFS="Style_4" WC="0.97" CC="0000000"/>
						<SP ID="SP_1.2.3.22" HPOS="3980" VPOS="1292" WIDTH="52"/>
						<String CONTENT="G" ID="St_1.2.3.23" HPOS="4072" VPOS="1272" HEIGHT="96" WIDTH="92" STYLEREFS="Style_4" WC="0.962222222222222" CC="4"/>
						<String CONTENT="." ID="St_1.2.3.24" HPOS="4180" VPOS="1348" HEIGHT="20" WIDTH="20" STYLEREFS="Style_4" WC="0.963333333333333" CC="0"/>
						<SP ID="SP_1.2.3.25" HPOS="4188" VPOS="1316" WIDTH="48"/>
						<String CONTENT="P." ID="St_1.2.3.26" HPOS="4272" VPOS="1276" HEIGHT="92" WIDTH="124" STYLEREFS="Style_4" WC="0.965555555555556" CC="00"/>
						<SP ID="SP_1.2.3.27" HPOS="4380" VPOS="1316" WIDTH="48"/>
						<String CONTENT="Putnam&apos;s" ID="St_1.2.3.28" HPOS="4464" VPOS="1268" HEIGHT="100" WIDTH="600" STYLEREFS="Style_4" WC="0.97" CC="00000000"/>
						<SP ID="SP_1.2.3.29" HPOS="5036" VPOS="1288" WIDTH="64"/>
						<String CONTENT="sons." ID="St_1.2.3.30" HPOS="5140" VPOS="1296" HEIGHT="72" WIDTH="300" STYLEREFS="Style_4" WC="0.973333333333333" CC="00000"/>
					</TextLine>
					<TextLine ID="TL_1.2.4" HPOS="1112" VPOS="1400" HEIGHT="148" WIDTH="4396">
						<String CONTENT="(27" ID="St_1.2.4.1" HPOS="1112" VPOS="1432" HEIGHT="116" WIDTH="188" STYLEREFS="Style_4" WC="1" CC="000"/>
						<String CONTENT="&#150;" ID="St_1.2.4.2" HPOS="1300" VPOS="1488" HEIGHT="12" WIDTH="76" STYLEREFS="Style_4" WC="1" CC="0"/>
						<String CONTENT="1766)" ID="St_1.2.4.3" HPOS="1380" VPOS="1424" HEIGHT="116" WIDTH="332" STYLEREFS="Style_4" WC="1" CC="00000"/>
						<SP ID="SP_1.2.4.4" HPOS="1696" VPOS="1424" WIDTH="3592"/>
						<String CONTENT="287" ID="St_1.2.4.5" HPOS="5288" VPOS="1400" HEIGHT="104" WIDTH="220" STYLEREFS="Style_4" WC="0.651111111111111" CC="000"/>
					</TextLine>
					<TextLine ID="TL_1.2.5" HPOS="920" VPOS="1644" HEIGHT="156" WIDTH="2660">
						<String CONTENT="Pechstein," ID="St_1.2.5.1" HPOS="920" VPOS="1656" HEIGHT="144" WIDTH="796" STYLEREFS="Style_4" WC="1" CC="0000000000"/>
						<SP ID="SP_1.2.5.2" HPOS="1696" VPOS="1704" WIDTH="56"/>
						<String CONTENT="Louis" ID="St_1.2.5.3" HPOS="1792" VPOS="1648" HEIGHT="128" WIDTH="432" STYLEREFS="Style_4" WC="1" CC="00000"/>
						<SP ID="SP_1.2.5.4" HPOS="2184" VPOS="1672" WIDTH="76"/>
						<String CONTENT="Augustus," ID="St_1.2.5.5" HPOS="2296" VPOS="1644" HEIGHT="148" WIDTH="796" STYLEREFS="Style_4" WC="1" CC="000000000"/>
						<SP ID="SP_1.2.5.6" HPOS="3072" VPOS="1696" WIDTH="64"/>
						<String CONTENT="1888" ID="St_1.2.5.7" HPOS="3180" VPOS="1644" HEIGHT="116" WIDTH="320" STYLEREFS="Style_5" WC="1" CC="0000"/>
						<String CONTENT="&#150;" ID="St_1.2.5.8" HPOS="3504" VPOS="1712" HEIGHT="16" WIDTH="76" STYLEREFS="Style_5" WC="1" CC="0"/>
					</TextLine>
					<TextLine ID="TL_1.2.6" HPOS="1092" VPOS="1812" HEIGHT="196" WIDTH="4616">
						<String CONTENT="Psychology" ID="St_1.2.6.1" HPOS="1092" VPOS="1840" HEIGHT="168" WIDTH="868" STYLEREFS="Style_5" WC="1" CC="0000000000"/>
						<SP ID="SP_1.2.6.2" HPOS="1912" VPOS="1864" WIDTH="104"/>
						<String CONTENT="of" ID="St_1.2.6.3" HPOS="2068" VPOS="1832" HEIGHT="128" WIDTH="156" STYLEREFS="Style_5" WC="1" CC="00"/>
						<SP ID="SP_1.2.6.4" HPOS="2188" VPOS="1836" WIDTH="88"/>
						<String CONTENT="the" ID="St_1.2.6.5" HPOS="2328" VPOS="1828" HEIGHT="132" WIDTH="232" STYLEREFS="Style_5" WC="1" CC="000"/>
						<SP ID="SP_1.2.6.6" HPOS="2524" VPOS="1860" WIDTH="88"/>
						<String CONTENT="kindergarten-primary" ID="St_1.2.6.7" HPOS="2664" VPOS="1816" HEIGHT="168" WIDTH="1680" STYLEREFS="Style_5" WC="1" CC="00000000000000000000"/>
						<SP ID="SP_1.2.6.8" HPOS="4296" VPOS="1844" WIDTH="104"/>
						<String CONTENT="child," ID="St_1.2.6.9" HPOS="4452" VPOS="1812" HEIGHT="168" WIDTH="416" STYLEREFS="Style_5" WC="1" CC="000000"/>
						<SP ID="SP_1.2.6.10" HPOS="4852" VPOS="1876" WIDTH="72"/>
						<String CONTENT="by" ID="St_1.2.6.11" HPOS="4980" VPOS="1812" HEIGHT="168" WIDTH="180" STYLEREFS="Style_5" WC="1" CC="00"/>
						<SP ID="SP_1.2.6.12" HPOS="5112" VPOS="1848" WIDTH="100"/>
						<String CONTENT="L." ID="St_1.2.6.13" HPOS="5268" VPOS="1816" HEIGHT="120" WIDTH="156" STYLEREFS="Style_5" WC="1" CC="00"/>
						<SP ID="SP_1.2.6.14" HPOS="5408" VPOS="1876" WIDTH="72"/>
						<String CONTENT="A." ID="St_1.2.6.15" HPOS="5536" VPOS="1812" HEIGHT="128" WIDTH="172" STYLEREFS="Style_5" WC="1" CC="00"/>
					</TextLine>
					<TextLine ID="TL_1.2.7" HPOS="928" VPOS="1996" HEIGHT="184" WIDTH="4768">
						<String CONTENT="Pechstein" ID="St_1.2.7.1" HPOS="928" VPOS="2028" HEIGHT="132" WIDTH="720" STYLEREFS="Style_6" WC="1" CC="000000000"/>
						<SP ID="SP_1.2.7.2" HPOS="1600" VPOS="2048" WIDTH="84"/>
						<String CONTENT="&#133;" ID="St_1.2.7.3" HPOS="1716" VPOS="2052" HEIGHT="128" WIDTH="80" STYLEREFS="Style_6" WC="1" CC="0"/>
						<SP ID="SP_1.2.7.4" HPOS="1840" VPOS="2108" WIDTH="52"/>
						<String CONTENT="and" ID="St_1.2.7.5" HPOS="1928" VPOS="2020" HEIGHT="128" WIDTH="272" STYLEREFS="Style_6" WC="1" CC="000"/>
						<SP ID="SP_1.2.7.6" HPOS="2156" VPOS="2024" WIDTH="72"/>
						<String CONTENT="Frances" ID="St_1.2.7.7" HPOS="2256" VPOS="2020" HEIGHT="120" WIDTH="596" STYLEREFS="Style_6" WC="1" CC="0000000"/>
						<SP ID="SP_1.2.7.8" HPOS="2820" VPOS="2040" WIDTH="64"/>
						<String CONTENT="Jenkins" ID="St_1.2.7.9" HPOS="2916" VPOS="2004" HEIGHT="136" WIDTH="584" STYLEREFS="Style_6" WC="1" CC="0000000"/>
						<SP ID="SP_1.2.7.10" HPOS="3468" VPOS="2036" WIDTH="68"/>
						<String CONTENT="&#133;" ID="St_1.2.7.11" HPOS="3600" VPOS="2048" HEIGHT="128" WIDTH="80" STYLEREFS="Style_6" WC="1" CC="0"/>
						<SP ID="SP_1.2.7.12" HPOS="3692" VPOS="2100" WIDTH="96"/>
						<String CONTENT="Boston," ID="St_1.2.7.13" HPOS="3868" VPOS="2004" HEIGHT="160" WIDTH="568" STYLEREFS="Style_6" WC="1" CC="0000000"/>
						<SP ID="SP_1.2.7.14" HPOS="4420" VPOS="2060" WIDTH="48"/>
						<String CONTENT="New" ID="St_1.2.7.15" HPOS="4500" VPOS="2000" HEIGHT="128" WIDTH="332" STYLEREFS="Style_6" WC="1" CC="000"/>
						<SP ID="SP_1.2.7.16" HPOS="4768" VPOS="2032" WIDTH="96"/>
						<String CONTENT="York" ID="St_1.2.7.17" HPOS="4900" VPOS="1996" HEIGHT="128" WIDTH="396" STYLEREFS="Style_6" WC="1" CC="0000"/>
						<SP ID="SP_1.2.7.18" HPOS="5244" VPOS="2008" WIDTH="88"/>
						<String CONTENT="[etc.]" ID="St_1.2.7.19" HPOS="5368" VPOS="2012" HEIGHT="124" WIDTH="328" STYLEREFS="Style_6" WC="0.983333333333333" CC="400004"/>
					</TextLine>
					<TextLine ID="TL_1.2.8" HPOS="932" VPOS="2188" HEIGHT="192" WIDTH="2568">
						<String CONTENT="Houghton" ID="St_1.2.8.1" HPOS="932" VPOS="2212" HEIGHT="168" WIDTH="764" STYLEREFS="Style_6" WC="1" CC="00000000"/>
						<SP ID="SP_1.2.8.2" HPOS="1644" VPOS="2232" WIDTH="76"/>
						<String CONTENT="Mifflin" ID="St_1.2.8.3" HPOS="1748" VPOS="2204" HEIGHT="160" WIDTH="492" STYLEREFS="Style_6" WC="0.936666666666667" CC="0315000"/>
						<SP ID="SP_1.2.8.4" HPOS="2192" VPOS="2228" WIDTH="76"/>
						<String CONTENT="company" ID="St_1.2.8.5" HPOS="2296" VPOS="2240" HEIGHT="120" WIDTH="672" STYLEREFS="Style_6" WC="0.957777777777778" CC="0000000"/>
						<SP ID="SP_1.2.8.6" HPOS="2920" VPOS="2224" WIDTH="84"/>
						<String CONTENT="[&#x0368;1927]" ID="St_1.2.8.7" HPOS="3044" VPOS="2188" HEIGHT="172" WIDTH="456" STYLEREFS="Style_6" WC="0.916666666666667" CC="7000008"/>
					</TextLine>
					<TextLine ID="TL_1.2.9" HPOS="1096" VPOS="2380" HEIGHT="140" WIDTH="4620">
						<String CONTENT="xv" ID="St_1.2.9.1" HPOS="1096" VPOS="2432" HEIGHT="72" WIDTH="156" STYLEREFS="Style_6" WC="1" CC="00"/>
						<SP ID="SP_1.2.9.2" HPOS="1216" VPOS="2412" WIDTH="84"/>
						<String CONTENT="p.," ID="St_1.2.9.3" HPOS="1352" VPOS="2432" HEIGHT="88" WIDTH="136" STYLEREFS="Style_6" WC="1" CC="000"/>
						<SP ID="SP_1.2.9.4" HPOS="1476" VPOS="2436" WIDTH="68"/>
						<String CONTENT="2" ID="St_1.2.9.5" HPOS="1600" VPOS="2404" HEIGHT="88" WIDTH="64" STYLEREFS="Style_6" WC="1" CC="0"/>
						<SP ID="SP_1.2.9.6" HPOS="1628" VPOS="2396" WIDTH="88"/>
						<String CONTENT="l" ID="St_1.2.9.7" HPOS="1768" VPOS="2404" HEIGHT="92" WIDTH="40" STYLEREFS="Style_6" WC="1" CC="0"/>
						<String CONTENT=".," ID="St_1.2.9.8" HPOS="1824" VPOS="2476" HEIGHT="36" WIDTH="52" STYLEREFS="Style_6" WC="1" CC="00"/>
						<SP ID="SP_1.2.9.9" HPOS="1864" VPOS="2432" WIDTH="68"/>
						<String CONTENT="[3]" ID="St_1.2.9.10" HPOS="1992" VPOS="2400" HEIGHT="116" WIDTH="148" STYLEREFS="Style_6" WC="0.972222222222222" CC="004"/>
						<String CONTENT="&#150;" ID="St_1.2.9.11" HPOS="2136" VPOS="2452" HEIGHT="12" WIDTH="72" STYLEREFS="Style_6" WC="0.973333333333333" CC="0"/>
						<String CONTENT="281" ID="St_1.2.9.12" HPOS="2208" VPOS="2396" HEIGHT="96" WIDTH="200" STYLEREFS="Style_6" WC="0.977777777777778" CC="000"/>
						<SP ID="SP_1.2.9.13" HPOS="2376" VPOS="2392" WIDTH="88"/>
						<String CONTENT="p." ID="St_1.2.9.14" HPOS="2524" VPOS="2420" HEIGHT="88" WIDTH="100" STYLEREFS="Style_6" WC="0.98" CC="00"/>
						<SP ID="SP_1.2.9.15" HPOS="2616" VPOS="2428" WIDTH="80"/>
						<String CONTENT="diagrs." ID="St_1.2.9.16" HPOS="2772" VPOS="2392" HEIGHT="112" WIDTH="428" STYLEREFS="Style_6" WC="0.985555555555556" CC="0000000"/>
						<SP ID="SP_1.2.9.17" HPOS="3184" VPOS="2424" WIDTH="84"/>
						<String CONTENT="19&#189;&#x0368;&#x036b;." ID="St_1.2.9.18" HPOS="3344" VPOS="2384" HEIGHT="128" WIDTH="720" STYLEREFS="Style_7" WC="0.987777777777778" CC="000000"/>
						<SP ID="SP_1.2.9.19" HPOS="3680" VPOS="2440" WIDTH="96"/>
						<String CONTENT="(H" ID="St_1.2.9.20" HPOS="3864" VPOS="2384" HEIGHT="116" WIDTH="176" STYLEREFS="Style_8" WC="0.977777777777778" CC="04"/>
						<String CONTENT="al" ID="St_1.2.9.21" HPOS="4048" VPOS="2388" HEIGHT="92" WIDTH="112" STYLEREFS="Style_9" WC="0.973333333333333" CC="11"/>
						<String CONTENT="f-" ID="St_1.2.9.22" HPOS="4168" VPOS="2384" HEIGHT="116" WIDTH="92" STYLEREFS="Style_9" WC="0.964444444444444" CC="40"/>
						<String CONTENT="t" ID="St_1.2.9.23" HPOS="4276" VPOS="2388" HEIGHT="92" WIDTH="36" STYLEREFS="Style_9" WC="0.965555555555556" CC="0"/>
						<String CONTENT="i" ID="St_1.2.9.24" HPOS="4324" VPOS="2384" HEIGHT="92" WIDTH="44" STYLEREFS="Style_9" WC="0.966666666666667" CC="0"/>
						<String CONTENT="tl" ID="St_1.2.9.25" HPOS="4376" VPOS="2384" HEIGHT="96" WIDTH="88" STYLEREFS="Style_9" WC="0.967777777777778" CC="00"/>
						<String CONTENT="e:" ID="St_1.2.9.26" HPOS="4476" VPOS="2408" HEIGHT="72" WIDTH="112" STYLEREFS="Style_9" WC="0.968888888888889" CC="00"/>
						<SP ID="SP_1.2.9.27" HPOS="4564" VPOS="2388" WIDTH="76"/>
						<String CONTENT="Riverside" ID="St_1.2.9.28" HPOS="4696" VPOS="2380" HEIGHT="96" WIDTH="616" STYLEREFS="Style_9" WC="0.974444444444444" CC="000000000"/>
						<SP ID="SP_1.2.9.29" HPOS="5280" VPOS="2392" WIDTH="88"/>
						<String CONTENT="te" ID="St_1.2.9.30" HPOS="5428" VPOS="2388" HEIGHT="88" WIDTH="108" STYLEREFS="Style_9" WC="0.975555555555556" CC="00"/>
						<String CONTENT="x" ID="St_1.2.9.31" HPOS="5540" VPOS="2408" HEIGHT="68" WIDTH="80" STYLEREFS="Style_9" WC="0.975555555555556" CC="0"/>
						<String CONTENT="t-" ID="St_1.2.9.32" HPOS="5628" VPOS="2384" HEIGHT="96" WIDTH="88" STYLEREFS="Style_9" WC="0.976666666666667" CC="00"/>
					</TextLine>
					<TextLine ID="TL_1.2.10" HPOS="932" VPOS="2520" HEIGHT="124" WIDTH="2816">
						<String CONTENT="books" ID="St_1.2.10.1" HPOS="932" VPOS="2544" HEIGHT="100" WIDTH="356" STYLEREFS="Style_9" WC="1" CC="00000"/>
						<SP ID="SP_1.2.10.2" HPOS="1260" VPOS="2548" WIDTH="56"/>
						<String CONTENT="in" ID="St_1.2.10.3" HPOS="1344" VPOS="2540" HEIGHT="92" WIDTH="120" STYLEREFS="Style_9" WC="1" CC="00"/>
						<SP ID="SP_1.2.10.4" HPOS="1424" VPOS="2548" WIDTH="68"/>
						<String CONTENT="education," ID="St_1.2.10.5" HPOS="1516" VPOS="2532" HEIGHT="112" WIDTH="652" STYLEREFS="Style_9" WC="1" CC="0000000000"/>
						<SP ID="SP_1.2.10.6" HPOS="2156" VPOS="2568" WIDTH="44"/>
						<String CONTENT="ed." ID="St_1.2.10.7" HPOS="2236" VPOS="2528" HEIGHT="96" WIDTH="172" STYLEREFS="Style_9" WC="1" CC="000"/>
						<SP ID="SP_1.2.10.8" HPOS="2396" VPOS="2568" WIDTH="40"/>
						<String CONTENT="by" ID="St_1.2.10.9" HPOS="2464" VPOS="2528" HEIGHT="112" WIDTH="144" STYLEREFS="Style_9" WC="1" CC="00"/>
						<SP ID="SP_1.2.10.10" HPOS="2572" VPOS="2540" WIDTH="68"/>
						<String CONTENT="E." ID="St_1.2.10.11" HPOS="2668" VPOS="2528" HEIGHT="96" WIDTH="128" STYLEREFS="Style_9" WC="0.984444444444444" CC="40"/>
						<SP ID="SP_1.2.10.12" HPOS="2784" VPOS="2564" WIDTH="44"/>
						<String CONTENT="P." ID="St_1.2.10.13" HPOS="2860" VPOS="2524" HEIGHT="96" WIDTH="124" STYLEREFS="Style_9" WC="0.985555555555556" CC="00"/>
						<SP ID="SP_1.2.10.14" HPOS="2972" VPOS="2564" WIDTH="44"/>
						<String CONTENT="Cubberley)" ID="St_1.2.10.15" HPOS="3048" VPOS="2520" HEIGHT="112" WIDTH="700" STYLEREFS="Style_9" WC="0.988888888888889" CC="0000000000"/>
					</TextLine>
					<TextLine ID="TL_1.2.11" HPOS="1104" VPOS="2656" HEIGHT="116" WIDTH="2720">
						<String CONTENT="&quot;Selected" ID="St_1.2.11.1" HPOS="1104" VPOS="2672" HEIGHT="100" WIDTH="592" STYLEREFS="Style_9" WC="1" CC="000000000"/>
						<SP ID="SP_1.2.11.2" HPOS="1660" VPOS="2672" WIDTH="68"/>
						<String CONTENT="references&quot;" ID="St_1.2.11.3" HPOS="1756" VPOS="2660" HEIGHT="104" WIDTH="724" STYLEREFS="Style_9" WC="1" CC="00000000000"/>
						<SP ID="SP_1.2.11.4" HPOS="2448" VPOS="2664" WIDTH="64"/>
						<String CONTENT="at" ID="St_1.2.11.5" HPOS="2540" VPOS="2672" HEIGHT="84" WIDTH="128" STYLEREFS="Style_9" WC="1" CC="00"/>
						<SP ID="SP_1.2.11.6" HPOS="2644" VPOS="2668" WIDTH="52"/>
						<String CONTENT="end" ID="St_1.2.11.7" HPOS="2724" VPOS="2660" HEIGHT="92" WIDTH="224" STYLEREFS="Style_9" WC="1" CC="000"/>
						<SP ID="SP_1.2.11.8" HPOS="2908" VPOS="2664" WIDTH="64"/>
						<String CONTENT="of" ID="St_1.2.11.9" HPOS="3000" VPOS="2656" HEIGHT="96" WIDTH="128" STYLEREFS="Style_9" WC="1" CC="00"/>
						<SP ID="SP_1.2.11.10" HPOS="3096" VPOS="2660" WIDTH="56"/>
						<String CONTENT="each" ID="St_1.2.11.11" HPOS="3176" VPOS="2656" HEIGHT="96" WIDTH="288" STYLEREFS="Style_9" WC="1" CC="0000"/>
						<SP ID="SP_1.2.11.12" HPOS="3424" VPOS="2660" WIDTH="68"/>
						<String CONTENT="part." ID="St_1.2.11.13" HPOS="3520" VPOS="2656" HEIGHT="112" WIDTH="304" STYLEREFS="Style_9" WC="1" CC="00000"/>
					</TextLine>
					<TextLine ID="TL_1.2.12" HPOS="944" VPOS="2784" HEIGHT="136" WIDTH="4780">
						<String CONTENT="&#169;" ID="St_1.2.12.1" HPOS="944" VPOS="2800" HEIGHT="116" WIDTH="124" STYLEREFS="Style_9" WC="0.555555555555556" CC="4"/>
						<SP ID="SP_1.2.12.2" HPOS="1004" VPOS="2800" WIDTH="108"/>
						<String CONTENT="Jan." ID="St_1.2.12.3" HPOS="1152" VPOS="2812" HEIGHT="96" WIDTH="260" STYLEREFS="Style_9" WC="0.925555555555556" CC="0000"/>
						<SP ID="SP_1.2.12.4" HPOS="1400" VPOS="2852" WIDTH="52"/>
						<String CONTENT="11," ID="St_1.2.12.5" HPOS="1492" VPOS="2804" HEIGHT="116" WIDTH="168" STYLEREFS="Style_9" WC="0.955555555555556" CC="000"/>
						<SP ID="SP_1.2.12.6" HPOS="1648" VPOS="2848" WIDTH="56"/>
						<String CONTENT="1927;" ID="St_1.2.12.7" HPOS="1740" VPOS="2800" HEIGHT="112" WIDTH="336" STYLEREFS="Style_9" WC="0.972222222222222" CC="00000"/>
						<SP ID="SP_1.2.12.8" HPOS="2064" VPOS="2820" WIDTH="52"/>
						<String CONTENT="2" ID="St_1.2.12.9" HPOS="2156" VPOS="2800" HEIGHT="92" WIDTH="68" STYLEREFS="Style_9" WC="0.974444444444444" CC="0"/>
						<String CONTENT="c" ID="St_1.2.12.10" HPOS="2232" VPOS="2820" HEIGHT="80" WIDTH="56" STYLEREFS="Style_9" WC="0.946666666666667" CC="5"/>
						<String CONTENT="." ID="St_1.2.12.11" HPOS="2300" VPOS="2876" HEIGHT="20" WIDTH="24" STYLEREFS="Style_9" WC="0.95" CC="0"/>
						<SP ID="SP_1.2.12.12" HPOS="2312" VPOS="2844" WIDTH="52"/>
						<String CONTENT="and" ID="St_1.2.12.13" HPOS="2400" VPOS="2800" HEIGHT="88" WIDTH="232" STYLEREFS="Style_9" WC="0.957777777777778" CC="000"/>
						<SP ID="SP_1.2.12.14" HPOS="2592" VPOS="2808" WIDTH="76"/>
						<String CONTENT="aff." ID="St_1.2.12.15" HPOS="2708" VPOS="2792" HEIGHT="96" WIDTH="200" STYLEREFS="Style_9" WC="0.964444444444444" CC="0000"/>
						<SP ID="SP_1.2.12.16" HPOS="2896" VPOS="2844" WIDTH="56"/>
						<String CONTENT="Jan." ID="St_1.2.12.17" HPOS="2992" VPOS="2792" HEIGHT="96" WIDTH="264" STYLEREFS="Style_9" WC="0.97" CC="0000"/>
						<SP ID="SP_1.2.12.18" HPOS="3244" VPOS="2840" WIDTH="52"/>
						<String CONTENT="14;" ID="St_1.2.12.19" HPOS="3336" VPOS="2792" HEIGHT="112" WIDTH="196" STYLEREFS="Style_9" WC="0.973333333333333" CC="000"/>
						<SP ID="SP_1.2.12.20" HPOS="3520" VPOS="2812" WIDTH="56"/>
						<String CONTENT="A" ID="St_1.2.12.21" HPOS="3620" VPOS="2792" HEIGHT="92" WIDTH="96" STYLEREFS="Style_9" WC="0.974444444444444" CC="0"/>
						<SP ID="SP_1.2.12.22" HPOS="3668" VPOS="2800" WIDTH="88"/>
						<String CONTENT="958732;" ID="St_1.2.12.23" HPOS="3796" VPOS="2788" HEIGHT="112" WIDTH="480" STYLEREFS="Style_9" WC="0.978888888888889" CC="0000000"/>
						<SP ID="SP_1.2.12.24" HPOS="4260" VPOS="2812" WIDTH="60"/>
						<String CONTENT="L." ID="St_1.2.12.25" HPOS="4368" VPOS="2788" HEIGHT="96" WIDTH="124" STYLEREFS="Style_9" WC="0.98" CC="00"/>
						<SP ID="SP_1.2.12.26" HPOS="4480" VPOS="2836" WIDTH="56"/>
						<String CONTENT="A." ID="St_1.2.12.27" HPOS="4576" VPOS="2788" HEIGHT="96" WIDTH="128" STYLEREFS="Style_9" WC="0.981111111111111" CC="00"/>
						<SP ID="SP_1.2.12.28" HPOS="4692" VPOS="2836" WIDTH="56"/>
						<String CONTENT="Pechstein" ID="St_1.2.12.29" HPOS="4792" VPOS="2784" HEIGHT="100" WIDTH="616" STYLEREFS="Style_9" WC="0.976666666666667" CC="000040000"/>
						<SP ID="SP_1.2.12.30" HPOS="5368" VPOS="2808" WIDTH="84"/>
						<String CONTENT="and" ID="St_1.2.12.31" HPOS="5492" VPOS="2792" HEIGHT="92" WIDTH="232" STYLEREFS="Style_9" WC="0.977777777777778" CC="000"/>
					</TextLine>
					<TextLine ID="TL_1.2.13" HPOS="1100" VPOS="2916" HEIGHT="132" WIDTH="4420">
						<String CONTENT="F" ID="St_1.2.13.1" HPOS="1100" VPOS="2956" HEIGHT="92" WIDTH="92" STYLEREFS="Style_9" WC="0.555555555555556" CC="4"/>
						<String CONTENT="rances" ID="St_1.2.13.2" HPOS="1208" VPOS="2964" HEIGHT="72" WIDTH="404" STYLEREFS="Style_9" WC="0.935555555555556" CC="000000"/>
						<SP ID="SP_1.2.13.3" HPOS="1584" VPOS="2964" WIDTH="68"/>
						<String CONTENT="Jenkins," ID="St_1.2.13.4" HPOS="1692" VPOS="2936" HEIGHT="112" WIDTH="520" STYLEREFS="Style_9" WC="0.972222222222222" CC="00000000"/>
						<SP ID="SP_1.2.13.5" HPOS="2200" VPOS="2984" WIDTH="56"/>
						<String CONTENT="Cincinnati." ID="St_1.2.13.6" HPOS="2304" VPOS="2928" HEIGHT="100" WIDTH="696" STYLEREFS="Style_9" WC="0.983333333333333" CC="00000000000"/>
						<SP ID="SP_1.2.13.7" HPOS="2988" VPOS="2980" WIDTH="96"/>
						<String CONTENT="(27" ID="St_1.2.13.8" HPOS="3172" VPOS="2924" HEIGHT="116" WIDTH="188" STYLEREFS="Style_9" WC="0.985555555555556" CC="000"/>
						<String CONTENT="&#150;" ID="St_1.2.13.9" HPOS="3364" VPOS="2980" HEIGHT="8" WIDTH="76" STYLEREFS="Style_9" WC="0.985555555555556" CC="0"/>
						<String CONTENT="1444)" ID="St_1.2.13.10" HPOS="3440" VPOS="2924" HEIGHT="112" WIDTH="332" STYLEREFS="Style_9" WC="0.987777777777778" CC="00000"/>
						<SP ID="SP_1.2.13.11" HPOS="3752" VPOS="2940" WIDTH="1556"/>
						<String CONTENT="288" ID="St_1.2.13.12" HPOS="5308" VPOS="2916" HEIGHT="104" WIDTH="212" STYLEREFS="Style_9" WC="0.853333333333333" CC="000"/>
					</TextLine>
					<TextLine ID="TL_1.2.14" HPOS="944" VPOS="3156" HEIGHT="164" WIDTH="2092">
						<String CONTENT="Perris," ID="St_1.2.14.1" HPOS="944" VPOS="3168" HEIGHT="152" WIDTH="520" STYLEREFS="Style_9" WC="1" CC="0000000"/>
						<SP ID="SP_1.2.14.2" HPOS="1448" VPOS="3216" WIDTH="56"/>
						<String CONTENT="Silas" ID="St_1.2.14.3" HPOS="1544" VPOS="3164" HEIGHT="132" WIDTH="364" STYLEREFS="Style_9" WC="1" CC="00000"/>
						<SP ID="SP_1.2.14.4" HPOS="1872" VPOS="3184" WIDTH="72"/>
						<String CONTENT="Albert," ID="St_1.2.14.5" HPOS="1984" VPOS="3156" HEIGHT="148" WIDTH="548" STYLEREFS="Style_9" WC="1" CC="0000000"/>
						<SP ID="SP_1.2.14.6" HPOS="2512" VPOS="3208" WIDTH="60"/>
						<String CONTENT="comp." ID="St_1.2.14.7" HPOS="2612" VPOS="3196" HEIGHT="120" WIDTH="424" STYLEREFS="Style_10" WC="0.974444444444444" CC="00411"/>
					</TextLine>
					<TextLine ID="TL_1.2.15" HPOS="1104" VPOS="3332" HEIGHT="180" WIDTH="4624">
						<String CONTENT="The" ID="St_1.2.15.1" HPOS="1104" VPOS="3356" HEIGHT="128" WIDTH="292" STYLEREFS="Style_10" WC="1" CC="000"/>
						<SP ID="SP_1.2.15.2" HPOS="1360" VPOS="3380" WIDTH="96"/>
						<String CONTENT="triplex" ID="St_1.2.15.3" HPOS="1512" VPOS="3344" HEIGHT="168" WIDTH="516" STYLEREFS="Style_10" WC="1" CC="0000000"/>
						<SP ID="SP_1.2.15.4" HPOS="1980" VPOS="3372" WIDTH="104"/>
						<String CONTENT="telegraphic" ID="St_1.2.15.5" HPOS="2140" VPOS="3340" HEIGHT="168" WIDTH="848" STYLEREFS="Style_10" WC="1" CC="00000000000"/>
						<SP ID="SP_1.2.15.6" HPOS="2956" VPOS="3368" WIDTH="92"/>
						<String CONTENT="code" ID="St_1.2.15.7" HPOS="3108" VPOS="3340" HEIGHT="124" WIDTH="328" STYLEREFS="Style_10" WC="1" CC="0000"/>
						<SP ID="SP_1.2.15.8" HPOS="3400" VPOS="3368" WIDTH="104"/>
						<String CONTENT="&#133;" ID="St_1.2.15.9" HPOS="3512" VPOS="3368" HEIGHT="132" WIDTH="72" STYLEREFS="Style_10" WC="1" CC="0"/>
						<SP ID="SP_1.2.15.10" HPOS="3692" VPOS="3428" WIDTH="104"/>
						<String CONTENT="Brusse" ID="St_1.2.15.11" HPOS="3896" VPOS="3336" HEIGHT="128" WIDTH="508" STYLEREFS="Style_10" WC="1" CC="000000"/>
						<String CONTENT="l" ID="St_1.2.15.12" HPOS="4408" VPOS="3336" HEIGHT="124" WIDTH="48" STYLEREFS="Style_10" WC="1" CC="0"/>
						<String CONTENT="s," ID="St_1.2.15.13" HPOS="4464" VPOS="3380" HEIGHT="116" WIDTH="100" STYLEREFS="Style_10" WC="1" CC="00"/>
						<SP ID="SP_1.2.15.14" HPOS="4548" VPOS="3388" WIDTH="80"/>
						<String CONTENT="S" ID="St_1.2.15.15" HPOS="4696" VPOS="3332" HEIGHT="136" WIDTH="96" STYLEREFS="Style_10" WC="1" CC="0"/>
						<String CONTENT="." ID="St_1.2.15.16" HPOS="4808" VPOS="3436" HEIGHT="24" WIDTH="24" STYLEREFS="Style_10" WC="1" CC="0"/>
						<SP ID="SP_1.2.15.17" HPOS="4816" VPOS="3392" WIDTH="80"/>
						<String CONTENT="A." ID="St_1.2.15.18" HPOS="4960" VPOS="3332" HEIGHT="128" WIDTH="172" STYLEREFS="Style_10" WC="1" CC="00"/>
						<SP ID="SP_1.2.15.19" HPOS="5116" VPOS="3388" WIDTH="80"/>
						<String CONTENT="Perris" ID="St_1.2.15.20" HPOS="5260" VPOS="3332" HEIGHT="132" WIDTH="468" STYLEREFS="Style_10" WC="1" CC="000000"/>
					</TextLine>
					<TextLine ID="TL_1.2.16" HPOS="948" VPOS="3544" HEIGHT="140" WIDTH="460">
						<String CONTENT="[1926]" ID="St_1.2.16.1" HPOS="948" VPOS="3544" HEIGHT="140" WIDTH="460" STYLEREFS="Style_10" WC="0.87" CC="700000"/>
					</TextLine>
					<TextLine ID="TL_1.2.17" HPOS="1120" VPOS="3728" HEIGHT="124" WIDTH="1380">
						<String CONTENT="[" ID="St_1.2.17.1" HPOS="1120" VPOS="3780" HEIGHT="72" WIDTH="24" STYLEREFS="Style_10" WC="0.666666666666667" CC="3"/>
						<String CONTENT="4]" ID="St_1.2.17.2" HPOS="1152" VPOS="3740" HEIGHT="112" WIDTH="96" STYLEREFS="Style_11" WC="0.555555555555556" CC="18"/>
						<SP ID="SP_1.2.17.3" HPOS="1232" VPOS="3768" WIDTH="48"/>
						<String CONTENT="p.," ID="St_1.2.17.4" HPOS="1312" VPOS="3760" HEIGHT="88" WIDTH="140" STYLEREFS="Style_11" WC="0.808888888888889" CC="000"/>
						<SP ID="SP_1.2.17.5" HPOS="1440" VPOS="3764" WIDTH="40"/>
						<String CONTENT="2" ID="St_1.2.17.6" HPOS="1512" VPOS="3732" HEIGHT="92" WIDTH="68" STYLEREFS="Style_11" WC="0.851111111111111" CC="0"/>
						<SP ID="SP_1.2.17.7" HPOS="1544" VPOS="3728" WIDTH="64"/>
						<String CONTENT="l" ID="St_1.2.17.8" HPOS="1636" VPOS="3732" HEIGHT="92" WIDTH="36" STYLEREFS="Style_11" WC="0.877777777777778" CC="0"/>
						<String CONTENT="." ID="St_1.2.17.9" HPOS="1692" VPOS="3804" HEIGHT="24" WIDTH="16" STYLEREFS="Style_11" WC="0.888888888888889" CC="0"/>
						<SP ID="SP_1.2.17.10" HPOS="1700" VPOS="3764" WIDTH="80"/>
						<String CONTENT="32&#x0368;&#x036b;" ID="St_1.2.17.11" HPOS="1852" VPOS="3728" HEIGHT="112" WIDTH="648" STYLEREFS="Style_12" WC="0.921111111111111" CC="0000"/>
						<String CONTENT="." ID="St_1.2.17.12" HPOS="2088" VPOS="3760" HEIGHT="56" WIDTH="40" STYLEREFS="Style_13" WC="0.906666666666667" CC="3"/>
					</TextLine>
					<TextLine ID="TL_1.2.18" HPOS="956" VPOS="3848" HEIGHT="128" WIDTH="4572">
						<String CONTENT="&#169;" ID="St_1.2.18.1" HPOS="956" VPOS="3856" HEIGHT="120" WIDTH="124" STYLEREFS="Style_13" WC="0.666666666666667" CC="3"/>
						<SP ID="SP_1.2.18.2" HPOS="1016" VPOS="3856" WIDTH="96"/>
						<String CONTENT="1" ID="St_1.2.18.3" HPOS="1140" VPOS="3872" HEIGHT="88" WIDTH="56" STYLEREFS="Style_13" WC="0.851111111111111" CC="0"/>
						<String CONTENT="c." ID="St_1.2.18.4" HPOS="1192" VPOS="3876" HEIGHT="88" WIDTH="108" STYLEREFS="Style_13" WC="0.755555555555556" CC="70"/>
						<SP ID="SP_1.2.18.5" HPOS="1288" VPOS="3908" WIDTH="44"/>
						<String CONTENT="Dec." ID="St_1.2.18.6" HPOS="1360" VPOS="3868" HEIGHT="92" WIDTH="268" STYLEREFS="Style_13" WC="0.877777777777778" CC="0000"/>
						<SP ID="SP_1.2.18.7" HPOS="1616" VPOS="3908" WIDTH="40"/>
						<String CONTENT="29," ID="St_1.2.18.8" HPOS="1684" VPOS="3860" HEIGHT="116" WIDTH="168" STYLEREFS="Style_13" WC="0.912222222222222" CC="000"/>
						<SP ID="SP_1.2.18.9" HPOS="1840" VPOS="3904" WIDTH="44"/>
						<String CONTENT="1926;" ID="St_1.2.18.10" HPOS="1912" VPOS="3860" HEIGHT="112" WIDTH="340" STYLEREFS="Style_13" WC="0.916666666666667" CC="00000"/>
						<SP ID="SP_1.2.18.11" HPOS="2240" VPOS="3876" WIDTH="44"/>
						<String CONTENT="A" ID="St_1.2.18.12" HPOS="2320" VPOS="3860" HEIGHT="88" WIDTH="100" STYLEREFS="Style_13" WC="0.923333333333333" CC="0"/>
						<SP ID="SP_1.2.18.13" HPOS="2368" VPOS="3864" WIDTH="80"/>
						<String CONTENT="ad" ID="St_1.2.18.14" HPOS="2480" VPOS="3860" HEIGHT="88" WIDTH="140" STYLEREFS="Style_13" WC="0.928888888888889" CC="01"/>
						<SP ID="SP_1.2.18.15" HPOS="2588" VPOS="3864" WIDTH="64"/>
						<String CONTENT="int." ID="St_1.2.18.16" HPOS="2684" VPOS="3852" HEIGHT="96" WIDTH="212" STYLEREFS="Style_13" WC="0.914444444444444" CC="3300"/>
						<SP ID="SP_1.2.18.17" HPOS="2884" VPOS="3876" WIDTH="44"/>
						<String CONTENT="8918;" ID="St_1.2.18.18" HPOS="2960" VPOS="3848" HEIGHT="116" WIDTH="336" STYLEREFS="Style_13" WC="0.928888888888889" CC="00000"/>
						<SP ID="SP_1.2.18.19" HPOS="3284" VPOS="3872" WIDTH="44"/>
						<String CONTENT="pub" ID="St_1.2.18.20" HPOS="3360" VPOS="3848" HEIGHT="116" WIDTH="232" STYLEREFS="Style_13" WC="0.918888888888889" CC="033"/>
						<String CONTENT="d" ID="St_1.2.18.21" HPOS="3604" VPOS="3852" HEIGHT="88" WIDTH="64" STYLEREFS="Style_13" WC="0.912222222222222" CC="3"/>
						<String CONTENT="." ID="St_1.2.18.22" HPOS="3688" VPOS="3924" HEIGHT="20" WIDTH="20" STYLEREFS="Style_13" WC="0.914444444444444" CC="0"/>
						<SP ID="SP_1.2.18.23" HPOS="3696" VPOS="3896" WIDTH="44"/>
						<String CONTENT="Dec." ID="St_1.2.18.24" HPOS="3776" VPOS="3852" HEIGHT="92" WIDTH="268" STYLEREFS="Style_13" WC="0.923333333333333" CC="0000"/>
						<SP ID="SP_1.2.18.25" HPOS="4032" VPOS="3896" WIDTH="40"/>
						<String CONTENT="2;" ID="St_1.2.18.26" HPOS="4108" VPOS="3848" HEIGHT="112" WIDTH="128" STYLEREFS="Style_13" WC="0.926666666666667" CC="01"/>
						<SP ID="SP_1.2.18.27" HPOS="4224" VPOS="3872" WIDTH="52"/>
						<String CONTENT="S" ID="St_1.2.18.28" HPOS="4316" VPOS="3848" HEIGHT="96" WIDTH="68" STYLEREFS="Style_13" WC="0.917777777777778" CC="4"/>
						<String CONTENT="." ID="St_1.2.18.29" HPOS="4404" VPOS="3924" HEIGHT="16" WIDTH="20" STYLEREFS="Style_13" WC="0.92" CC="0"/>
						<SP ID="SP_1.2.18.30" HPOS="4412" VPOS="3896" WIDTH="44"/>
						<String CONTENT="A." ID="St_1.2.18.31" HPOS="4484" VPOS="3848" HEIGHT="92" WIDTH="136" STYLEREFS="Style_13" WC="0.924444444444444" CC="00"/>
						<SP ID="SP_1.2.18.32" HPOS="4608" VPOS="3892" WIDTH="44"/>
						<String CONTENT="Perris." ID="St_1.2.18.33" HPOS="4688" VPOS="3848" HEIGHT="96" WIDTH="428" STYLEREFS="Style_13" WC="0.926666666666667" CC="4000000"/>
						<SP ID="SP_1.2.18.34" HPOS="5100" VPOS="3884" WIDTH="208"/>
						<String CONTENT="289" ID="St_1.2.18.35" HPOS="5316" VPOS="3848" HEIGHT="100" WIDTH="212" STYLEREFS="Style_13" WC="0.925555555555556" CC="000"/>
					</TextLine>
					<TextLine ID="TL_1.2.19" HPOS="944" VPOS="4072" HEIGHT="168" WIDTH="2452">
						<String CONTENT="Phillips," ID="St_1.2.19.1" HPOS="944" VPOS="4092" HEIGHT="148" WIDTH="632" STYLEREFS="Style_13" WC="1" CC="000000000"/>
						<SP ID="SP_1.2.19.2" HPOS="1560" VPOS="4136" WIDTH="52"/>
						<String CONTENT="Mary" ID="St_1.2.19.3" HPOS="1648" VPOS="4088" HEIGHT="148" WIDTH="416" STYLEREFS="Style_13" WC="1" CC="0000"/>
						<SP ID="SP_1.2.19.4" HPOS="2016" VPOS="4104" WIDTH="80"/>
						<String CONTENT="Elizabeth," ID="St_1.2.19.5" HPOS="2128" VPOS="4072" HEIGHT="152" WIDTH="784" STYLEREFS="Style_13" WC="1" CC="0000000000"/>
						<SP ID="SP_1.2.19.6" HPOS="2892" VPOS="4124" WIDTH="60"/>
						<String CONTENT="1857" ID="St_1.2.19.7" HPOS="2992" VPOS="4072" HEIGHT="128" WIDTH="320" STYLEREFS="Style_13" WC="1" CC="0000"/>
						<String CONTENT="&#150;" ID="St_1.2.19.8" HPOS="3312" VPOS="4152" HEIGHT="12" WIDTH="84" STYLEREFS="Style_13" WC="1" CC="0"/>
					</TextLine>
					<TextLine ID="TL_1.2.20" HPOS="1124" VPOS="4260" HEIGHT="180" WIDTH="4604">
						<String CONTENT="Edgar" ID="St_1.2.20.1" HPOS="1124" VPOS="4280" HEIGHT="160" WIDTH="476" STYLEREFS="Style_13" WC="1" CC="00000"/>
						<SP ID="SP_1.2.20.2" HPOS="1564" VPOS="4300" WIDTH="72"/>
						<String CONTENT="Allan" ID="St_1.2.20.3" HPOS="1676" VPOS="4272" HEIGHT="124" WIDTH="428" STYLEREFS="Style_13" WC="1" CC="00000"/>
						<SP ID="SP_1.2.20.4" HPOS="2056" VPOS="4292" WIDTH="84"/>
						<String CONTENT="Poe," ID="St_1.2.20.5" HPOS="2176" VPOS="4272" HEIGHT="156" WIDTH="320" STYLEREFS="Style_13" WC="1" CC="0000"/>
						<SP ID="SP_1.2.20.6" HPOS="2476" VPOS="4320" WIDTH="56"/>
						<String CONTENT="the" ID="St_1.2.20.7" HPOS="2572" VPOS="4264" HEIGHT="124" WIDTH="228" STYLEREFS="Style_13" WC="1" CC="000"/>
						<SP ID="SP_1.2.20.8" HPOS="2764" VPOS="4292" WIDTH="72"/>
						<String CONTENT="man," ID="St_1.2.20.9" HPOS="2876" VPOS="4304" HEIGHT="116" WIDTH="360" STYLEREFS="Style_13" WC="1" CC="0000"/>
						<SP ID="SP_1.2.20.10" HPOS="3220" VPOS="4316" WIDTH="52"/>
						<String CONTENT="by" ID="St_1.2.20.11" HPOS="3312" VPOS="4260" HEIGHT="164" WIDTH="184" STYLEREFS="Style_13" WC="1" CC="00"/>
						<SP ID="SP_1.2.20.12" HPOS="3448" VPOS="4288" WIDTH="84"/>
						<String CONTENT="Mary" ID="St_1.2.20.13" HPOS="3572" VPOS="4260" HEIGHT="160" WIDTH="412" STYLEREFS="Style_13" WC="1" CC="0000"/>
						<SP ID="SP_1.2.20.14" HPOS="3936" VPOS="4284" WIDTH="88"/>
						<String CONTENT="E." ID="St_1.2.20.15" HPOS="4068" VPOS="4260" HEIGHT="124" WIDTH="156" STYLEREFS="Style_13" WC="1" CC="00"/>
						<SP ID="SP_1.2.20.16" HPOS="4208" VPOS="4312" WIDTH="56"/>
						<String CONTENT="Phillips" ID="St_1.2.20.17" HPOS="4308" VPOS="4260" HEIGHT="164" WIDTH="608" STYLEREFS="Style_13" WC="1" CC="00000000"/>
						<SP ID="SP_1.2.20.18" HPOS="4884" VPOS="4284" WIDTH="76"/>
						<String CONTENT="&#133;" ID="St_1.2.20.19" HPOS="5024" VPOS="4276" HEIGHT="144" WIDTH="84" STYLEREFS="Style_13" WC="1" CC="0"/>
						<SP ID="SP_1.2.20.20" HPOS="5124" VPOS="4344" WIDTH="60"/>
						<String CONTENT="with" ID="St_1.2.20.21" HPOS="5236" VPOS="4260" HEIGHT="124" WIDTH="340" STYLEREFS="Style_13" WC="1" CC="0000"/>
						<SP ID="SP_1.2.20.22" HPOS="5524" VPOS="4260" WIDTH="88"/>
						<String CONTENT="a" ID="St_1.2.20.23" HPOS="5652" VPOS="4308" HEIGHT="76" WIDTH="76" STYLEREFS="Style_13" WC="1" CC="0"/>
					</TextLine>
					<TextLine ID="TL_1.2.21" HPOS="960" VPOS="4444" HEIGHT="176" WIDTH="4772">
						<String CONTENT="foreword" ID="St_1.2.21.1" HPOS="960" VPOS="4464" HEIGHT="128" WIDTH="680" STYLEREFS="Style_13" WC="1" CC="00000000"/>
						<SP ID="SP_1.2.21.2" HPOS="1592" VPOS="4464" WIDTH="104"/>
						<String CONTENT="by" ID="St_1.2.21.3" HPOS="1756" VPOS="4456" HEIGHT="164" WIDTH="180" STYLEREFS="Style_13" WC="1" CC="00"/>
						<SP ID="SP_1.2.21.4" HPOS="1888" VPOS="4480" WIDTH="108"/>
						<String CONTENT="James" ID="St_1.2.21.5" HPOS="2056" VPOS="4456" HEIGHT="128" WIDTH="464" STYLEREFS="Style_13" WC="1" CC="00000"/>
						<SP ID="SP_1.2.21.6" HPOS="2488" VPOS="4480" WIDTH="88"/>
						<String CONTENT="H." ID="St_1.2.21.7" HPOS="2636" VPOS="4452" HEIGHT="124" WIDTH="188" STYLEREFS="Style_13" WC="1" CC="00"/>
						<SP ID="SP_1.2.21.8" HPOS="2808" VPOS="4504" WIDTH="76"/>
						<String CONTENT="Whitty" ID="St_1.2.21.9" HPOS="2944" VPOS="4448" HEIGHT="164" WIDTH="552" STYLEREFS="Style_13" WC="1" CC="000000"/>
						<SP ID="SP_1.2.21.10" HPOS="3448" VPOS="4472" WIDTH="112"/>
						<String CONTENT="&#133;" ID="St_1.2.21.11" HPOS="3576" VPOS="4464" HEIGHT="148" WIDTH="84" STYLEREFS="Style_13" WC="1" CC="0"/>
						<SP ID="SP_1.2.21.12" HPOS="3748" VPOS="4532" WIDTH="120"/>
						<String CONTENT="Chicago," ID="St_1.2.21.13" HPOS="3984" VPOS="4444" HEIGHT="168" WIDTH="648" STYLEREFS="Style_13" WC="1" CC="00000000"/>
						<SP ID="SP_1.2.21.14" HPOS="4616" VPOS="4500" WIDTH="72"/>
						<String CONTENT="Philadelphia" ID="St_1.2.21.15" HPOS="4748" VPOS="4444" HEIGHT="164" WIDTH="984" STYLEREFS="Style_13" WC="1" CC="000000000000"/>
					</TextLine>
					<TextLine ID="TL_1.2.22" HPOS="968" VPOS="4636" HEIGHT="176" WIDTH="2788">
						<String CONTENT="[etc.]" ID="St_1.2.22.1" HPOS="968" VPOS="4664" HEIGHT="148" WIDTH="328" STYLEREFS="Style_13" WC="0.87" CC="700000"/>
						<SP ID="SP_1.2.22.2" HPOS="1280" VPOS="4688" WIDTH="52"/>
						<String CONTENT="The" ID="St_1.2.22.3" HPOS="1372" VPOS="4648" HEIGHT="124" WIDTH="296" STYLEREFS="Style_13" WC="0.922222222222222" CC="000"/>
						<SP ID="SP_1.2.22.4" HPOS="1632" VPOS="4672" WIDTH="68"/>
						<String CONTENT="John" ID="St_1.2.22.5" HPOS="1728" VPOS="4644" HEIGHT="128" WIDTH="376" STYLEREFS="Style_13" WC="0.947777777777778" CC="0000"/>
						<SP ID="SP_1.2.22.6" HPOS="2056" VPOS="4668" WIDTH="80"/>
						<String CONTENT="C." ID="St_1.2.22.7" HPOS="2168" VPOS="4636" HEIGHT="132" WIDTH="152" STYLEREFS="Style_13" WC="0.956666666666667" CC="00"/>
						<SP ID="SP_1.2.22.8" HPOS="2304" VPOS="4692" WIDTH="48"/>
						<String CONTENT="Winston" ID="St_1.2.22.9" HPOS="2384" VPOS="4636" HEIGHT="132" WIDTH="644" STYLEREFS="Style_13" WC="0.97" CC="0000000"/>
						<SP ID="SP_1.2.22.10" HPOS="2980" VPOS="4664" WIDTH="80"/>
						<String CONTENT="co.," ID="St_1.2.22.11" HPOS="3092" VPOS="4676" HEIGHT="120" WIDTH="232" STYLEREFS="Style_13" WC="0.974444444444444" CC="0000"/>
						<SP ID="SP_1.2.22.12" HPOS="3312" VPOS="4688" WIDTH="52"/>
						<String CONTENT="1926." ID="St_1.2.22.13" HPOS="3400" VPOS="4640" HEIGHT="116" WIDTH="356" STYLEREFS="Style_13" WC="0.978888888888889" CC="00000"/>
					</TextLine>
					<TextLine ID="TL_1.2.23" HPOS="1124" VPOS="4828" HEIGHT="124" WIDTH="3964">
						<String CONTENT="2" ID="St_1.2.23.1" HPOS="1124" VPOS="4852" HEIGHT="92" WIDTH="64" STYLEREFS="Style_13" WC="1" CC="0"/>
						<SP ID="SP_1.2.23.2" HPOS="1156" VPOS="4844" WIDTH="68"/>
						<String CONTENT="v." ID="St_1.2.23.3" HPOS="1260" VPOS="4876" HEIGHT="68" WIDTH="100" STYLEREFS="Style_13" WC="1" CC="00"/>
						<SP ID="SP_1.2.23.4" HPOS="1352" VPOS="4880" WIDTH="80"/>
						<String CONTENT="fronts.," ID="St_1.2.23.5" HPOS="1504" VPOS="4844" HEIGHT="108" WIDTH="456" STYLEREFS="Style_13" WC="1" CC="00000000"/>
						<SP ID="SP_1.2.23.6" HPOS="1948" VPOS="4876" WIDTH="48"/>
						<String CONTENT="illus." ID="St_1.2.23.7" HPOS="2032" VPOS="4840" HEIGHT="96" WIDTH="312" STYLEREFS="Style_13" WC="1" CC="000000"/>
						<SP ID="SP_1.2.23.8" HPOS="2332" VPOS="4872" WIDTH="64"/>
						<String CONTENT="(inc" ID="St_1.2.23.9" HPOS="2448" VPOS="4836" HEIGHT="116" WIDTH="240" STYLEREFS="Style_13" WC="0.968888888888889" CC="0331"/>
						<String CONTENT="l" ID="St_1.2.23.10" HPOS="2696" VPOS="4836" HEIGHT="92" WIDTH="36" STYLEREFS="Style_13" WC="0.956666666666667" CC="3"/>
						<String CONTENT="." ID="St_1.2.23.11" HPOS="2748" VPOS="4912" HEIGHT="20" WIDTH="20" STYLEREFS="Style_13" WC="0.957777777777778" CC="0"/>
						<SP ID="SP_1.2.23.12" HPOS="2756" VPOS="4872" WIDTH="48"/>
						<String CONTENT="ports.," ID="St_1.2.23.13" HPOS="2840" VPOS="4840" HEIGHT="108" WIDTH="396" STYLEREFS="Style_13" WC="0.967777777777778" CC="0000000"/>
						<SP ID="SP_1.2.23.14" HPOS="3224" VPOS="4868" WIDTH="52"/>
						<String CONTENT="plans," ID="St_1.2.23.15" HPOS="3312" VPOS="4832" HEIGHT="116" WIDTH="368" STYLEREFS="Style_13" WC="0.973333333333333" CC="000000"/>
						<SP ID="SP_1.2.23.16" HPOS="3668" VPOS="4868" WIDTH="56"/>
						<String CONTENT="facsims.)" ID="St_1.2.23.17" HPOS="3764" VPOS="4828" HEIGHT="112" WIDTH="580" STYLEREFS="Style_13" WC="0.977777777777778" CC="000000000"/>
						<SP ID="SP_1.2.23.18" HPOS="4324" VPOS="4828" WIDTH="100"/>
						<String CONTENT="22&#x0368;&#x036b;." ID="St_1.2.23.19" HPOS="4504" VPOS="4832" HEIGHT="120" WIDTH="584" STYLEREFS="Style_13" WC="0.972222222222222" CC="00004"/>
					</TextLine>
					<TextLine ID="TL_1.2.24" HPOS="1128" VPOS="4976" HEIGHT="124" WIDTH="1312">
						<String CONTENT="Paged" ID="St_1.2.24.1" HPOS="1128" VPOS="4988" HEIGHT="112" WIDTH="388" STYLEREFS="Style_13" WC="1" CC="00000"/>
						<SP ID="SP_1.2.24.2" HPOS="1476" VPOS="4980" WIDTH="76"/>
						<String CONTENT="continuously." ID="St_1.2.24.3" HPOS="1588" VPOS="4976" HEIGHT="116" WIDTH="852" STYLEREFS="Style_13" WC="1" CC="0000000000000"/>
					</TextLine>
					<TextLine ID="TL_1.2.25" HPOS="1128" VPOS="5116" HEIGHT="112" WIDTH="1508">
						<String CONTENT="Plans" ID="St_1.2.25.1" HPOS="1128" VPOS="5128" HEIGHT="88" WIDTH="356" STYLEREFS="Style_13" WC="1" CC="00000"/>
						<SP ID="SP_1.2.25.2" HPOS="1456" VPOS="5128" WIDTH="60"/>
						<String CONTENT="on" ID="St_1.2.25.3" HPOS="1552" VPOS="5144" HEIGHT="72" WIDTH="144" STYLEREFS="Style_13" WC="1" CC="00"/>
						<SP ID="SP_1.2.25.4" HPOS="1656" VPOS="5128" WIDTH="72"/>
						<String CONTENT="lining-papers." ID="St_1.2.25.5" HPOS="1764" VPOS="5116" HEIGHT="112" WIDTH="872" STYLEREFS="Style_13" WC="1" CC="00000000000000"/>
					</TextLine>
					<TextLine ID="TL_1.2.26" HPOS="968" VPOS="5236" HEIGHT="136" WIDTH="4776">
						<String CONTENT="&#169;" ID="St_1.2.26.1" HPOS="968" VPOS="5236" HEIGHT="116" WIDTH="120" STYLEREFS="Style_13" WC="0.555555555555556" CC="4"/>
						<SP ID="SP_1.2.26.2" HPOS="1028" VPOS="5236" WIDTH="96"/>
						<String CONTENT="Nov." ID="St_1.2.26.3" HPOS="1160" VPOS="5260" HEIGHT="96" WIDTH="280" STYLEREFS="Style_13" WC="0.925555555555556" CC="0000"/>
						<SP ID="SP_1.2.26.4" HPOS="1428" VPOS="5288" WIDTH="44"/>
						<String CONTENT="18," ID="St_1.2.26.5" HPOS="1500" VPOS="5252" HEIGHT="120" WIDTH="168" STYLEREFS="Style_13" WC="0.955555555555556" CC="000"/>
						<SP ID="SP_1.2.26.6" HPOS="1652" VPOS="5284" WIDTH="48"/>
						<String CONTENT="1926;" ID="St_1.2.26.7" HPOS="1728" VPOS="5252" HEIGHT="112" WIDTH="340" STYLEREFS="Style_13" WC="0.972222222222222" CC="00000"/>
						<SP ID="SP_1.2.26.8" HPOS="2056" VPOS="5260" WIDTH="44"/>
						<String CONTENT="2c." ID="St_1.2.26.9" HPOS="2136" VPOS="5248" HEIGHT="96" WIDTH="160" STYLEREFS="Style_13" WC="0.977777777777778" CC="000"/>
						<SP ID="SP_1.2.26.10" HPOS="2284" VPOS="5284" WIDTH="44"/>
						<String CONTENT="each" ID="St_1.2.26.11" HPOS="2356" VPOS="5248" HEIGHT="96" WIDTH="288" STYLEREFS="Style_13" WC="0.982222222222222" CC="0000"/>
						<SP ID="SP_1.2.26.12" HPOS="2604" VPOS="5244" WIDTH="72"/>
						<String CONTENT="Jan." ID="St_1.2.26.13" HPOS="2704" VPOS="5248" HEIGHT="96" WIDTH="264" STYLEREFS="Style_13" WC="0.984444444444444" CC="0000"/>
						<SP ID="SP_1.2.26.14" HPOS="2956" VPOS="5280" WIDTH="40"/>
						<String CONTENT="19," ID="St_1.2.26.15" HPOS="3032" VPOS="5244" HEIGHT="112" WIDTH="164" STYLEREFS="Style_13" WC="0.986666666666667" CC="000"/>
						<SP ID="SP_1.2.26.16" HPOS="3184" VPOS="5280" WIDTH="44"/>
						<String CONTENT="1927;" ID="St_1.2.26.17" HPOS="3260" VPOS="5240" HEIGHT="116" WIDTH="340" STYLEREFS="Style_13" WC="0.988888888888889" CC="00000"/>
						<SP ID="SP_1.2.26.18" HPOS="3584" VPOS="5252" WIDTH="48"/>
						<String CONTENT="aff." ID="St_1.2.26.19" HPOS="3668" VPOS="5240" HEIGHT="96" WIDTH="200" STYLEREFS="Style_13" WC="0.99" CC="0000"/>
						<SP ID="SP_1.2.26.20" HPOS="3856" VPOS="5276" WIDTH="44"/>
						<String CONTENT="Jan." ID="St_1.2.26.21" HPOS="3932" VPOS="5244" HEIGHT="92" WIDTH="268" STYLEREFS="Style_13" WC="0.991111111111111" CC="0000"/>
						<SP ID="SP_1.2.26.22" HPOS="4188" VPOS="5276" WIDTH="40"/>
						<String CONTENT="17;" ID="St_1.2.26.23" HPOS="4264" VPOS="5244" HEIGHT="112" WIDTH="196" STYLEREFS="Style_13" WC="0.991111111111111" CC="000"/>
						<SP ID="SP_1.2.26.24" HPOS="4448" VPOS="5252" WIDTH="48"/>
						<String CONTENT="A" ID="St_1.2.26.25" HPOS="4532" VPOS="5244" HEIGHT="92" WIDTH="100" STYLEREFS="Style_13" WC="0.991111111111111" CC="0"/>
						<SP ID="SP_1.2.26.26" HPOS="4580" VPOS="5240" WIDTH="84"/>
						<String CONTENT="963240;" ID="St_1.2.26.27" HPOS="4692" VPOS="5240" HEIGHT="116" WIDTH="480" STYLEREFS="Style_13" WC="0.992222222222222" CC="0000000"/>
						<SP ID="SP_1.2.26.28" HPOS="5156" VPOS="5248" WIDTH="52"/>
						<String CONTENT="John" ID="St_1.2.26.29" HPOS="5248" VPOS="5244" HEIGHT="96" WIDTH="304" STYLEREFS="Style_13" WC="0.993333333333333" CC="0000"/>
						<SP ID="SP_1.2.26.30" HPOS="5512" VPOS="5252" WIDTH="72"/>
						<String CONTENT="C." ID="St_1.2.26.31" HPOS="5624" VPOS="5244" HEIGHT="100" WIDTH="120" STYLEREFS="Style_13" WC="0.993333333333333" CC="00"/>
					</TextLine>
					<TextLine ID="TL_1.2.27" HPOS="1128" VPOS="5372" HEIGHT="128" WIDTH="4416">
						<String CONTENT="Winston" ID="St_1.2.27.1" HPOS="1128" VPOS="5392" HEIGHT="96" WIDTH="540" STYLEREFS="Style_13" WC="1" CC="0000000"/>
						<SP ID="SP_1.2.27.2" HPOS="1628" VPOS="5396" WIDTH="72"/>
						<String CONTENT="co." ID="St_1.2.27.3" HPOS="1732" VPOS="5412" HEIGHT="68" WIDTH="164" STYLEREFS="Style_13" WC="0.958888888888889" CC="400"/>
						<SP ID="SP_1.2.27.4" HPOS="1884" VPOS="5420" WIDTH="96"/>
						<String CONTENT="(27" ID="St_1.2.27.5" HPOS="2064" VPOS="5384" HEIGHT="116" WIDTH="192" STYLEREFS="Style_14" WC="0.97" CC="000"/>
						<String CONTENT="&#150;" ID="St_1.2.27.6" HPOS="2256" VPOS="5440" HEIGHT="8" WIDTH="76" STYLEREFS="Style_14" WC="0.972222222222222" CC="0"/>
						<String CONTENT="1486)" ID="St_1.2.27.7" HPOS="2332" VPOS="5380" HEIGHT="112" WIDTH="332" STYLEREFS="Style_14" WC="0.977777777777778" CC="00000"/>
						<SP ID="SP_1.2.27.8" HPOS="2648" VPOS="5376" WIDTH="2680"/>
						<String CONTENT="290" ID="St_1.2.27.9" HPOS="5328" VPOS="5372" HEIGHT="104" WIDTH="216" STYLEREFS="Style_14" WC="0.73" CC="000"/>
					</TextLine>
					<TextLine ID="TL_1.2.28" HPOS="964" VPOS="5572" HEIGHT="156" WIDTH="2268">
						<String CONTENT="Pitman," ID="St_1.2.28.1" HPOS="964" VPOS="5584" HEIGHT="144" WIDTH="612" STYLEREFS="Style_14" WC="1" CC="0000000"/>
						<SP ID="SP_1.2.28.2" HPOS="1556" VPOS="5624" WIDTH="52"/>
						<String CONTENT="Sir" ID="St_1.2.28.3" HPOS="1636" VPOS="5580" HEIGHT="124" WIDTH="244" STYLEREFS="Style_15" WC="1" CC="000"/>
						<SP ID="SP_1.2.28.4" HPOS="1840" VPOS="5604" WIDTH="68"/>
						<String CONTENT="Isaac," ID="St_1.2.28.5" HPOS="1936" VPOS="5576" HEIGHT="148" WIDTH="444" STYLEREFS="Style_15" WC="1" CC="000000"/>
						<SP ID="SP_1.2.28.6" HPOS="2360" VPOS="5620" WIDTH="56"/>
						<String CONTENT="1813&#150;1897." ID="St_1.2.28.7" HPOS="2456" VPOS="5572" HEIGHT="156" WIDTH="776" STYLEREFS="Style_15" WC="1" CC="0000000000"/>
					</TextLine>
					<TextLine ID="TL_1.2.29" HPOS="1136" VPOS="5748" HEIGHT="144" WIDTH="4600">
						<String CONTENT="Isaac" ID="St_1.2.29.1" HPOS="1136" VPOS="5772" HEIGHT="120" WIDTH="388" STYLEREFS="Style_15" WC="1" CC="00000"/>
						<SP ID="SP_1.2.29.2" HPOS="1492" VPOS="5784" WIDTH="68"/>
						<String CONTENT="Pitman" ID="St_1.2.29.3" HPOS="1596" VPOS="5764" HEIGHT="124" WIDTH="560" STYLEREFS="Style_15" WC="1" CC="000000"/>
						<SP ID="SP_1.2.29.4" HPOS="2112" VPOS="5776" WIDTH="84"/>
						<String CONTENT="shorthand." ID="St_1.2.29.5" HPOS="2236" VPOS="5756" HEIGHT="128" WIDTH="796" STYLEREFS="Style_15" WC="1" CC="0000000000"/>
						<SP ID="SP_1.2.29.6" HPOS="3016" VPOS="5804" WIDTH="96"/>
						<String CONTENT="New" ID="St_1.2.29.7" HPOS="3192" VPOS="5756" HEIGHT="124" WIDTH="332" STYLEREFS="Style_15" WC="1" CC="000"/>
						<SP ID="SP_1.2.29.8" HPOS="3460" VPOS="5772" WIDTH="100"/>
						<String CONTENT="era" ID="St_1.2.29.9" HPOS="3600" VPOS="5796" HEIGHT="84" WIDTH="228" STYLEREFS="Style_15" WC="1" CC="000"/>
						<SP ID="SP_1.2.29.10" HPOS="3784" VPOS="5772" WIDTH="76"/>
						<String CONTENT="ed." ID="St_1.2.29.11" HPOS="3900" VPOS="5756" HEIGHT="124" WIDTH="200" STYLEREFS="Style_15" WC="1" CC="000"/>
						<SP ID="SP_1.2.29.12" HPOS="4084" VPOS="5800" WIDTH="56"/>
						<String CONTENT="Commercial" ID="St_1.2.29.13" HPOS="4264" VPOS="5756" HEIGHT="128" WIDTH="900" STYLEREFS="Style_15" WC="1" CC="0000000000"/>
						<SP ID="SP_1.2.29.14" HPOS="5136" VPOS="5748" WIDTH="64"/>
						<String CONTENT="course." ID="St_1.2.29.15" HPOS="5240" VPOS="5796" HEIGHT="84" WIDTH="496" STYLEREFS="Style_15" WC="1" CC="0000000"/>
					</TextLine>
					<TextLine ID="TL_1.2.30" HPOS="972" VPOS="5936" HEIGHT="164" WIDTH="2992">
						<String CONTENT="New" ID="St_1.2.30.1" HPOS="972" VPOS="5956" HEIGHT="124" WIDTH="324" STYLEREFS="Style_15" WC="1" CC="000"/>
						<SP ID="SP_1.2.30.2" HPOS="1236" VPOS="5976" WIDTH="92"/>
						<String CONTENT="York" ID="St_1.2.30.3" HPOS="1364" VPOS="5948" HEIGHT="128" WIDTH="392" STYLEREFS="Style_15" WC="1" CC="0000"/>
						<SP ID="SP_1.2.30.4" HPOS="1708" VPOS="5948" WIDTH="80"/>
						<String CONTENT="[etc.]" ID="St_1.2.30.5" HPOS="1832" VPOS="5948" HEIGHT="124" WIDTH="316" STYLEREFS="Style_15" WC="1" CC="000000"/>
						<SP ID="SP_1.2.30.6" HPOS="2136" VPOS="5984" WIDTH="56"/>
						<String CONTENT="I." ID="St_1.2.30.7" HPOS="2228" VPOS="5948" HEIGHT="120" WIDTH="116" STYLEREFS="Style_15" WC="1" CC="00"/>
						<SP ID="SP_1.2.30.8" HPOS="2328" VPOS="5996" WIDTH="48"/>
						<String CONTENT="Pitman" ID="St_1.2.30.9" HPOS="2408" VPOS="5944" HEIGHT="124" WIDTH="560" STYLEREFS="Style_15" WC="1" CC="000000"/>
						<SP ID="SP_1.2.30.10" HPOS="2920" VPOS="5964" WIDTH="76"/>
						<String CONTENT="&amp;" ID="St_1.2.30.11" HPOS="3024" VPOS="5948" HEIGHT="120" WIDTH="108" STYLEREFS="Style_15" WC="1" CC="0"/>
						<SP ID="SP_1.2.30.12" HPOS="3076" VPOS="5944" WIDTH="88"/>
						<String CONTENT="sons," ID="St_1.2.30.13" HPOS="3192" VPOS="5984" HEIGHT="116" WIDTH="348" STYLEREFS="Style_15" WC="1" CC="00000"/>
						<SP ID="SP_1.2.30.14" HPOS="3524" VPOS="5992" WIDTH="52"/>
						<String CONTENT="1927." ID="St_1.2.30.15" HPOS="3612" VPOS="5936" HEIGHT="132" WIDTH="352" STYLEREFS="Style_15" WC="1" CC="00000"/>
					</TextLine>
					<TextLine ID="TL_1.2.31" HPOS="1140" VPOS="6144" HEIGHT="120" WIDTH="1896">
						<String CONTENT="x" ID="St_1.2.31.1" HPOS="1140" VPOS="6180" HEIGHT="68" WIDTH="76" STYLEREFS="Style_15" WC="1" CC="0"/>
						<String CONTENT="v" ID="St_1.2.31.2" HPOS="1224" VPOS="6176" HEIGHT="68" WIDTH="68" STYLEREFS="Style_15" WC="1" CC="0"/>
						<String CONTENT="," ID="St_1.2.31.3" HPOS="1300" VPOS="6228" HEIGHT="36" WIDTH="20" STYLEREFS="Style_15" WC="1" CC="0"/>
						<SP ID="SP_1.2.31.4" HPOS="1312" VPOS="6184" WIDTH="40"/>
						<String CONTENT="239" ID="St_1.2.31.5" HPOS="1384" VPOS="6148" HEIGHT="96" WIDTH="208" STYLEREFS="Style_15" WC="1" CC="000"/>
						<SP ID="SP_1.2.31.6" HPOS="1560" VPOS="6144" WIDTH="64"/>
						<String CONTENT="p." ID="St_1.2.31.7" HPOS="1652" VPOS="6176" HEIGHT="84" WIDTH="104" STYLEREFS="Style_15" WC="1" CC="00"/>
						<SP ID="SP_1.2.31.8" HPOS="1744" VPOS="6180" WIDTH="76"/>
						<String CONTENT="18&#189;&#x0368;&#x036b;." ID="St_1.2.31.9" HPOS="1884" VPOS="6144" HEIGHT="116" WIDTH="1152" STYLEREFS="Style_15" WC="0.946666666666667" CC="440000"/>
					</TextLine>
					<TextLine ID="TL_1.2.32" HPOS="980" VPOS="6264" HEIGHT="132" WIDTH="4636">
						<String CONTENT="&#169;" ID="St_1.2.32.1" HPOS="980" VPOS="6264" HEIGHT="116" WIDTH="120" STYLEREFS="Style_15" WC="0.555555555555556" CC="4"/>
						<SP ID="SP_1.2.32.2" HPOS="1040" VPOS="6264" WIDTH="96"/>
						<String CONTENT="Jan." ID="St_1.2.32.3" HPOS="1172" VPOS="6284" HEIGHT="96" WIDTH="264" STYLEREFS="Style_15" WC="0.925555555555556" CC="0000"/>
						<SP ID="SP_1.2.32.4" HPOS="1424" VPOS="6316" WIDTH="44"/>
						<String CONTENT="14," ID="St_1.2.32.5" HPOS="1496" VPOS="6284" HEIGHT="112" WIDTH="164" STYLEREFS="Style_15" WC="0.955555555555556" CC="000"/>
						<SP ID="SP_1.2.32.6" HPOS="1652" VPOS="6312" WIDTH="40"/>
						<String CONTENT="1927;" ID="St_1.2.32.7" HPOS="1720" VPOS="6276" HEIGHT="116" WIDTH="340" STYLEREFS="Style_15" WC="0.972222222222222" CC="00000"/>
						<SP ID="SP_1.2.32.8" HPOS="2048" VPOS="6288" WIDTH="44"/>
						<String CONTENT="2c." ID="St_1.2.32.9" HPOS="2128" VPOS="6276" HEIGHT="96" WIDTH="160" STYLEREFS="Style_15" WC="0.977777777777778" CC="000"/>
						<SP ID="SP_1.2.32.10" HPOS="2272" VPOS="6312" WIDTH="48"/>
						<String CONTENT="an" ID="St_1.2.32.11" HPOS="2356" VPOS="6300" HEIGHT="72" WIDTH="148" STYLEREFS="Style_15" WC="0.98" CC="00"/>
						<String CONTENT="d" ID="St_1.2.32.12" HPOS="2516" VPOS="6276" HEIGHT="92" WIDTH="68" STYLEREFS="Style_15" WC="0.962222222222222" CC="4"/>
						<SP ID="SP_1.2.32.13" HPOS="2548" VPOS="6272" WIDTH="64"/>
						<String CONTENT="aff." ID="St_1.2.32.14" HPOS="2648" VPOS="6272" HEIGHT="96" WIDTH="196" STYLEREFS="Style_15" WC="0.968888888888889" CC="0000"/>
						<SP ID="SP_1.2.32.15" HPOS="2832" VPOS="6308" WIDTH="40"/>
						<String CONTENT="Jan." ID="St_1.2.32.16" HPOS="2908" VPOS="6272" HEIGHT="96" WIDTH="264" STYLEREFS="Style_15" WC="0.973333333333333" CC="0000"/>
						<SP ID="SP_1.2.32.17" HPOS="3160" VPOS="6308" WIDTH="44"/>
						<String CONTENT="17;" ID="St_1.2.32.18" HPOS="3236" VPOS="6276" HEIGHT="108" WIDTH="200" STYLEREFS="Style_15" WC="0.975555555555556" CC="000"/>
						<SP ID="SP_1.2.32.19" HPOS="3420" VPOS="6280" WIDTH="48"/>
						<String CONTENT="A" ID="St_1.2.32.20" HPOS="3504" VPOS="6272" HEIGHT="92" WIDTH="96" STYLEREFS="Style_15" WC="0.977777777777778" CC="0"/>
						<SP ID="SP_1.2.32.21" HPOS="3548" VPOS="6268" WIDTH="80"/>
						<String CONTENT="963200;" ID="St_1.2.32.22" HPOS="3664" VPOS="6268" HEIGHT="116" WIDTH="480" STYLEREFS="Style_15" WC="0.981111111111111" CC="0000000"/>
						<SP ID="SP_1.2.32.23" HPOS="4128" VPOS="6280" WIDTH="52"/>
						<String CONTENT="Isaac" ID="St_1.2.32.24" HPOS="4220" VPOS="6272" HEIGHT="96" WIDTH="340" STYLEREFS="Style_15" WC="0.983333333333333" CC="00000"/>
						<SP ID="SP_1.2.32.25" HPOS="4524" VPOS="6280" WIDTH="68"/>
						<String CONTENT="Pitman" ID="St_1.2.32.26" HPOS="4628" VPOS="6272" HEIGHT="96" WIDTH="468" STYLEREFS="Style_15" WC="0.984444444444444" CC="000000"/>
						<SP ID="SP_1.2.32.27" HPOS="5056" VPOS="6280" WIDTH="72"/>
						<String CONTENT="&amp;" ID="St_1.2.32.28" HPOS="5164" VPOS="6272" HEIGHT="96" WIDTH="88" STYLEREFS="Style_15" WC="0.985555555555556" CC="0"/>
						<SP ID="SP_1.2.32.29" HPOS="5204" VPOS="6264" WIDTH="76"/>
						<String CONTENT="sons." ID="St_1.2.32.30" HPOS="5316" VPOS="6296" HEIGHT="76" WIDTH="300" STYLEREFS="Style_15" WC="0.986666666666667" CC="00000"/>
					</TextLine>
					<TextLine ID="TL_1.2.33" HPOS="1164" VPOS="6404" HEIGHT="128" WIDTH="4384">
						<String CONTENT="(27&#150;1646)" ID="St_1.2.33.1" HPOS="1164" VPOS="6416" HEIGHT="116" WIDTH="600" STYLEREFS="Style_15" WC="1" CC="000000000"/>
						<SP ID="SP_1.2.33.2" HPOS="1748" VPOS="6408" WIDTH="3588"/>
						<String CONTENT="291" ID="St_1.2.33.3" HPOS="5336" VPOS="6404" HEIGHT="100" WIDTH="212" STYLEREFS="Style_15" WC="0.651111111111111" CC="000"/>
					</TextLine>
					<TextLine ID="TL_1.2.34" HPOS="968" VPOS="6596" HEIGHT="160" WIDTH="1392">
						<String CONTENT="Place," ID="St_1.2.34.1" HPOS="968" VPOS="6612" HEIGHT="144" WIDTH="452" STYLEREFS="Style_15" WC="1" CC="000000"/>
						<SP ID="SP_1.2.34.2" HPOS="1400" VPOS="6652" WIDTH="60"/>
						<String CONTENT="Richard" ID="St_1.2.34.3" HPOS="1500" VPOS="6600" HEIGHT="132" WIDTH="620" STYLEREFS="Style_15" WC="1" CC="0000000"/>
						<SP ID="SP_1.2.34.4" HPOS="2076" VPOS="6600" WIDTH="88"/>
						<String CONTENT="L." ID="St_1.2.34.5" HPOS="2204" VPOS="6596" HEIGHT="128" WIDTH="156" STYLEREFS="Style_15" WC="1" CC="00"/>
					</TextLine>
					<TextLine ID="TL_1.2.35" HPOS="1320" VPOS="6776" HEIGHT="176" WIDTH="4436">
						<String CONTENT="&#133;" ID="St_1.2.35.1" HPOS="1320" VPOS="6792" HEIGHT="144" WIDTH="76" STYLEREFS="Style_15" WC="1" CC="0"/>
						<SP ID="SP_1.2.35.2" HPOS="1396" VPOS="6792" WIDTH="76"/>
						<String CONTENT="Selling" ID="St_1.2.35.3" HPOS="1500" VPOS="6788" HEIGHT="164" WIDTH="432" STYLEREFS="Style_15" WC="1" CC="0000000"/>
						<SP ID="SP_1.2.35.4" HPOS="1884" VPOS="6808" WIDTH="88"/>
						<String CONTENT="the" ID="St_1.2.35.5" HPOS="2008" VPOS="6784" HEIGHT="128" WIDTH="232" STYLEREFS="Style_15" WC="1" CC="000"/>
						<SP ID="SP_1.2.35.6" HPOS="2208" VPOS="6804" WIDTH="76"/>
						<String CONTENT="salary" ID="St_1.2.35.7" HPOS="2324" VPOS="6784" HEIGHT="164" WIDTH="464" STYLEREFS="Style_15" WC="1" CC="000000"/>
						<SP ID="SP_1.2.35.8" HPOS="2736" VPOS="6804" WIDTH="88"/>
						<String CONTENT="insurance" ID="St_1.2.35.9" HPOS="2864" VPOS="6784" HEIGHT="128" WIDTH="716" STYLEREFS="Style_15" WC="1" CC="000000000"/>
						<SP ID="SP_1.2.35.10" HPOS="3548" VPOS="6800" WIDTH="76"/>
						<String CONTENT="plan," ID="St_1.2.35.11" HPOS="3672" VPOS="6784" HEIGHT="160" WIDTH="372" STYLEREFS="Style_15" WC="1" CC="00000"/>
						<SP ID="SP_1.2.35.12" HPOS="4028" VPOS="6828" WIDTH="60"/>
						<String CONTENT="by" ID="St_1.2.35.13" HPOS="4128" VPOS="6780" HEIGHT="168" WIDTH="184" STYLEREFS="Style_15" WC="1" CC="00"/>
						<SP ID="SP_1.2.35.14" HPOS="4264" VPOS="6800" WIDTH="92"/>
						<String CONTENT="Richard" ID="St_1.2.35.15" HPOS="4396" VPOS="6780" HEIGHT="132" WIDTH="616" STYLEREFS="Style_15" WC="1" CC="0000000"/>
						<SP ID="SP_1.2.35.16" HPOS="4964" VPOS="6776" WIDTH="92"/>
						<String CONTENT="L." ID="St_1.2.35.17" HPOS="5096" VPOS="6784" HEIGHT="124" WIDTH="156" STYLEREFS="Style_15" WC="1" CC="00"/>
						<SP ID="SP_1.2.35.18" HPOS="5236" VPOS="6828" WIDTH="60"/>
						<String CONTENT="Place" ID="St_1.2.35.19" HPOS="5344" VPOS="6784" HEIGHT="124" WIDTH="412" STYLEREFS="Style_15" WC="1" CC="00000"/>
					</TextLine>
					<TextLine ID="TL_1.2.36" HPOS="1104" VPOS="6964" HEIGHT="168" WIDTH="2888">
						<String CONTENT="&#133;" ID="St_1.2.36.1" HPOS="1164" VPOS="6992" HEIGHT="128" WIDTH="76" STYLEREFS="Style_15" WC="1" CC="0"/>
						<SP ID="SP_1.2.36.2" HPOS="1104" VPOS="7084" WIDTH="24"/>
						<String CONTENT="New" ID="St_1.2.36.3" HPOS="1316" VPOS="6976" HEIGHT="128" WIDTH="332" STYLEREFS="Style_15" WC="0.933333333333333" CC="000"/>
						<SP ID="SP_1.2.36.4" HPOS="1584" VPOS="6996" WIDTH="96"/>
						<String CONTENT="York," ID="St_1.2.36.5" HPOS="1708" VPOS="6972" HEIGHT="160" WIDTH="428" STYLEREFS="Style_15" WC="0.968888888888889" CC="00000"/>
						<SP ID="SP_1.2.36.6" HPOS="2120" VPOS="7020" WIDTH="44"/>
						<String CONTENT="F." ID="St_1.2.36.7" HPOS="2200" VPOS="6972" HEIGHT="124" WIDTH="156" STYLEREFS="Style_15" WC="0.975555555555556" CC="00"/>
						<SP ID="SP_1.2.36.8" HPOS="2340" VPOS="7020" WIDTH="48"/>
						<String CONTENT="S." ID="St_1.2.36.9" HPOS="2420" VPOS="6964" HEIGHT="132" WIDTH="140" STYLEREFS="Style_15" WC="0.98" CC="00"/>
						<SP ID="SP_1.2.36.10" HPOS="2544" VPOS="7016" WIDTH="44"/>
						<String CONTENT="Crofts" ID="St_1.2.36.11" HPOS="2624" VPOS="6964" HEIGHT="132" WIDTH="476" STYLEREFS="Style_15" WC="0.985555555555556" CC="000000"/>
						<SP ID="SP_1.2.36.12" HPOS="3068" VPOS="6988" WIDTH="60"/>
						<String CONTENT="&amp;" ID="St_1.2.36.13" HPOS="3156" VPOS="6972" HEIGHT="120" WIDTH="112" STYLEREFS="Style_15" WC="0.986666666666667" CC="0"/>
						<SP ID="SP_1.2.36.14" HPOS="3208" VPOS="6968" WIDTH="88"/>
						<String CONTENT="co.," ID="St_1.2.36.15" HPOS="3328" VPOS="7008" HEIGHT="120" WIDTH="236" STYLEREFS="Style_15" WC="0.988888888888889" CC="0000"/>
						<SP ID="SP_1.2.36.16" HPOS="3548" VPOS="7016" WIDTH="48"/>
						<String CONTENT="1927." ID="St_1.2.36.17" HPOS="3632" VPOS="6964" HEIGHT="132" WIDTH="360" STYLEREFS="Style_15" WC="0.99" CC="00000"/>
					</TextLine>
					<TextLine ID="TL_1.2.37" HPOS="1152" VPOS="7156" HEIGHT="128" WIDTH="4040">
						<String CONTENT="182" ID="St_1.2.37.1" HPOS="1152" VPOS="7168" HEIGHT="96" WIDTH="204" STYLEREFS="Style_15" WC="1" CC="000"/>
						<SP ID="SP_1.2.37.2" HPOS="1320" VPOS="7160" WIDTH="72"/>
						<String CONTENT="p." ID="St_1.2.37.3" HPOS="1428" VPOS="7192" HEIGHT="92" WIDTH="108" STYLEREFS="Style_15" WC="1" CC="00"/>
						<SP ID="SP_1.2.37.4" HPOS="1520" VPOS="7196" WIDTH="84"/>
						<String CONTENT="19&#189;&#x0368;&#x036b;." ID="St_1.2.37.5" HPOS="1676" VPOS="7164" HEIGHT="112" WIDTH="684" STYLEREFS="Style_15" WC="1" CC="000000"/>
						<SP ID="SP_1.2.37.6" HPOS="2012" VPOS="7196" WIDTH="96"/>
						<String CONTENT="(The" ID="St_1.2.37.7" HPOS="2188" VPOS="7164" HEIGHT="112" WIDTH="304" STYLEREFS="Style_15" WC="1" CC="0000"/>
						<SP ID="SP_1.2.37.8" HPOS="2460" VPOS="7168" WIDTH="68"/>
						<String CONTENT="international" ID="St_1.2.37.9" HPOS="2564" VPOS="7160" HEIGHT="96" WIDTH="844" STYLEREFS="Style_15" WC="1" CC="0000000000000"/>
						<SP ID="SP_1.2.37.10" HPOS="3388" VPOS="7156" WIDTH="60"/>
						<String CONTENT="life" ID="St_1.2.37.11" HPOS="3484" VPOS="7156" HEIGHT="100" WIDTH="212" STYLEREFS="Style_15" WC="1" CC="0000"/>
						<SP ID="SP_1.2.37.12" HPOS="3660" VPOS="7168" WIDTH="72"/>
						<String CONTENT="underwriters" ID="St_1.2.37.13" HPOS="3776" VPOS="7160" HEIGHT="100" WIDTH="836" STYLEREFS="Style_15" WC="1" CC="000000000000"/>
						<SP ID="SP_1.2.37.14" HPOS="4580" VPOS="7164" WIDTH="68"/>
						<String CONTENT="library)" ID="St_1.2.37.15" HPOS="4688" VPOS="7164" HEIGHT="112" WIDTH="504" STYLEREFS="Style_15" WC="1" CC="00000000"/>
					</TextLine>
					<TextLine ID="TL_1.2.38" HPOS="1160" VPOS="7284" HEIGHT="132" WIDTH="4596">
						<String CONTENT="&quot;Approved" ID="St_1.2.38.1" HPOS="1160" VPOS="7300" HEIGHT="116" WIDTH="672" STYLEREFS="Style_15" WC="1" CC="000000000"/>
						<SP ID="SP_1.2.38.2" HPOS="1796" VPOS="7292" WIDTH="76"/>
						<String CONTENT="by" ID="St_1.2.38.3" HPOS="1912" VPOS="7300" HEIGHT="108" WIDTH="144" STYLEREFS="Style_15" WC="1" CC="00"/>
						<SP ID="SP_1.2.38.4" HPOS="2016" VPOS="7304" WIDTH="80"/>
						<String CONTENT="National" ID="St_1.2.38.5" HPOS="2136" VPOS="7296" HEIGHT="92" WIDTH="548" STYLEREFS="Style_15" WC="1" CC="00000000"/>
						<SP ID="SP_1.2.38.6" HPOS="2664" VPOS="7288" WIDTH="60"/>
						<String CONTENT="association" ID="St_1.2.38.7" HPOS="2768" VPOS="7292" HEIGHT="96" WIDTH="712" STYLEREFS="Style_15" WC="1" CC="00000000000"/>
						<SP ID="SP_1.2.38.8" HPOS="3440" VPOS="7300" WIDTH="80"/>
						<String CONTENT="of" ID="St_1.2.38.9" HPOS="3556" VPOS="7292" HEIGHT="96" WIDTH="124" STYLEREFS="Style_15" WC="1" CC="00"/>
						<SP ID="SP_1.2.38.10" HPOS="3648" VPOS="7284" WIDTH="68"/>
						<String CONTENT="life" ID="St_1.2.38.11" HPOS="3756" VPOS="7292" HEIGHT="96" WIDTH="216" STYLEREFS="Style_15" WC="1" CC="0000"/>
						<SP ID="SP_1.2.38.12" HPOS="3940" VPOS="7300" WIDTH="76"/>
						<String CONTENT="underwriters," ID="St_1.2.38.13" HPOS="4056" VPOS="7292" HEIGHT="120" WIDTH="868" STYLEREFS="Style_15" WC="1" CC="0000000000000"/>
						<SP ID="SP_1.2.38.14" HPOS="4912" VPOS="7324" WIDTH="52"/>
						<String CONTENT="Life" ID="St_1.2.38.15" HPOS="5008" VPOS="7296" HEIGHT="96" WIDTH="264" STYLEREFS="Style_15" WC="1" CC="0000"/>
						<SP ID="SP_1.2.38.16" HPOS="5240" VPOS="7300" WIDTH="72"/>
						<String CONTENT="under-" ID="St_1.2.38.17" HPOS="5352" VPOS="7300" HEIGHT="96" WIDTH="404" STYLEREFS="Style_15" WC="1" CC="000000"/>
					</TextLine>
					<TextLine ID="TL_1.2.39" HPOS="992" VPOS="7424" HEIGHT="108" WIDTH="2048">
						<String CONTENT="writers" ID="St_1.2.39.1" HPOS="992" VPOS="7436" HEIGHT="96" WIDTH="456" STYLEREFS="Style_15" WC="1" CC="0000000"/>
						<SP ID="SP_1.2.39.2" HPOS="1420" VPOS="7440" WIDTH="60"/>
						<String CONTENT="association" ID="St_1.2.39.3" HPOS="1512" VPOS="7428" HEIGHT="100" WIDTH="704" STYLEREFS="Style_15" WC="1" CC="00000000000"/>
						<SP ID="SP_1.2.39.4" HPOS="2176" VPOS="7436" WIDTH="72"/>
						<String CONTENT="of" ID="St_1.2.39.5" HPOS="2276" VPOS="7428" HEIGHT="96" WIDTH="124" STYLEREFS="Style_15" WC="1" CC="00"/>
						<SP ID="SP_1.2.39.6" HPOS="2372" VPOS="7424" WIDTH="60"/>
						<String CONTENT="Canada.&quot;" ID="St_1.2.39.7" HPOS="2464" VPOS="7424" HEIGHT="100" WIDTH="576" STYLEREFS="Style_15" WC="1" CC="00000000"/>
					</TextLine>
					<TextLine ID="TL_1.2.40" HPOS="996" VPOS="7560" HEIGHT="124" WIDTH="4628">
						<String CONTENT="&#169;" ID="St_1.2.40.1" HPOS="996" VPOS="7560" HEIGHT="116" WIDTH="124" STYLEREFS="Style_15" WC="0.555555555555556" CC="4"/>
						<SP ID="SP_1.2.40.2" HPOS="1056" VPOS="7560" WIDTH="100"/>
						<String CONTENT="Jan." ID="St_1.2.40.3" HPOS="1188" VPOS="7572" HEIGHT="92" WIDTH="264" STYLEREFS="Style_15" WC="0.925555555555556" CC="0000"/>
						<SP ID="SP_1.2.40.4" HPOS="1440" VPOS="7608" WIDTH="40"/>
						<String CONTENT="3," ID="St_1.2.40.5" HPOS="1512" VPOS="7568" HEIGHT="112" WIDTH="96" STYLEREFS="Style_15" WC="0.95" CC="00"/>
						<SP ID="SP_1.2.40.6" HPOS="1596" VPOS="7608" WIDTH="48"/>
						<String CONTENT="1927;" ID="St_1.2.40.7" HPOS="1680" VPOS="7564" HEIGHT="112" WIDTH="336" STYLEREFS="Style_15" WC="0.97" CC="00000"/>
						<SP ID="SP_1.2.40.8" HPOS="2004" VPOS="7584" WIDTH="48"/>
						<String CONTENT="2c." ID="St_1.2.40.9" HPOS="2088" VPOS="7564" HEIGHT="96" WIDTH="160" STYLEREFS="Style_15" WC="0.975555555555556" CC="000"/>
						<SP ID="SP_1.2.40.10" HPOS="2236" VPOS="7608" WIDTH="48"/>
						<String CONTENT="and" ID="St_1.2.40.11" HPOS="2320" VPOS="7564" HEIGHT="92" WIDTH="228" STYLEREFS="Style_15" WC="0.98" CC="000"/>
						<SP ID="SP_1.2.40.12" HPOS="2508" VPOS="7568" WIDTH="68"/>
						<String CONTENT="aff." ID="St_1.2.40.13" HPOS="2612" VPOS="7564" HEIGHT="96" WIDTH="200" STYLEREFS="Style_15" WC="0.983333333333333" CC="0000"/>
						<SP ID="SP_1.2.40.14" HPOS="2796" VPOS="7604" WIDTH="44"/>
						<String CONTENT="Jan." ID="St_1.2.40.15" HPOS="2876" VPOS="7564" HEIGHT="96" WIDTH="264" STYLEREFS="Style_15" WC="0.985555555555556" CC="0000"/>
						<SP ID="SP_1.2.40.16" HPOS="3128" VPOS="7604" WIDTH="48"/>
						<String CONTENT="7;" ID="St_1.2.40.17" HPOS="3212" VPOS="7564" HEIGHT="112" WIDTH="124" STYLEREFS="Style_15" WC="0.986666666666667" CC="00"/>
						<SP ID="SP_1.2.40.18" HPOS="3320" VPOS="7580" WIDTH="48"/>
						<String CONTENT="A" ID="St_1.2.40.19" HPOS="3408" VPOS="7564" HEIGHT="88" WIDTH="96" STYLEREFS="Style_15" WC="0.987777777777778" CC="0"/>
						<SP ID="SP_1.2.40.20" HPOS="3452" VPOS="7568" WIDTH="84"/>
						<String CONTENT="963050;" ID="St_1.2.40.21" HPOS="3572" VPOS="7560" HEIGHT="116" WIDTH="480" STYLEREFS="Style_15" WC="0.99" CC="0000000"/>
						<SP ID="SP_1.2.40.22" HPOS="4040" VPOS="7576" WIDTH="52"/>
						<String CONTENT="F." ID="St_1.2.40.23" HPOS="4132" VPOS="7564" HEIGHT="96" WIDTH="124" STYLEREFS="Style_15" WC="0.99" CC="00"/>
						<SP ID="SP_1.2.40.24" HPOS="4240" VPOS="7604" WIDTH="52"/>
						<String CONTENT="S." ID="St_1.2.40.25" HPOS="4336" VPOS="7564" HEIGHT="96" WIDTH="104" STYLEREFS="Style_15" WC="0.991111111111111" CC="00"/>
						<SP ID="SP_1.2.40.26" HPOS="4424" VPOS="7604" WIDTH="48"/>
						<String CONTENT="Crofts" ID="St_1.2.40.27" HPOS="4512" VPOS="7564" HEIGHT="96" WIDTH="396" STYLEREFS="Style_15" WC="0.992222222222222" CC="000000"/>
						<SP ID="SP_1.2.40.28" HPOS="4876" VPOS="7576" WIDTH="64"/>
						<String CONTENT="&amp;" ID="St_1.2.40.29" HPOS="4980" VPOS="7568" HEIGHT="96" WIDTH="88" STYLEREFS="Style_15" WC="0.992222222222222" CC="0"/>
						<SP ID="SP_1.2.40.30" HPOS="5020" VPOS="7564" WIDTH="80"/>
						<String CONTENT="co.," ID="St_1.2.40.31" HPOS="5140" VPOS="7592" HEIGHT="92" WIDTH="192" STYLEREFS="Style_15" WC="0.992222222222222" CC="0000"/>
						<SP ID="SP_1.2.40.32" HPOS="5320" VPOS="7600" WIDTH="44"/>
						<String CONTENT="inc." ID="St_1.2.40.33" HPOS="5404" VPOS="7564" HEIGHT="104" WIDTH="220" STYLEREFS="Style_15" WC="0.993333333333333" CC="0000"/>
					</TextLine>
					<TextLine ID="TL_1.2.41" HPOS="1180" VPOS="7696" HEIGHT="128" WIDTH="4380">
						<String CONTENT="(27&#150;1453)" ID="St_1.2.41.1" HPOS="1180" VPOS="7700" HEIGHT="120" WIDTH="596" STYLEREFS="Style_15" WC="1" CC="000000000"/>
						<SP ID="SP_1.2.41.2" HPOS="1756" VPOS="7720" WIDTH="3588"/>
						<String CONTENT="292" ID="St_1.2.41.3" HPOS="5344" VPOS="7696" HEIGHT="104" WIDTH="216" STYLEREFS="Style_15" WC="0.651111111111111" CC="000"/>
					</TextLine>
					<TextLine ID="TL_1.2.42" HPOS="984" VPOS="7884" HEIGHT="152" WIDTH="1312">
						<String CONTENT="Prashker," ID="St_1.2.42.1" HPOS="984" VPOS="7888" HEIGHT="148" WIDTH="760" STYLEREFS="Style_15" WC="1" CC="000000000"/>
						<SP ID="SP_1.2.42.2" HPOS="1724" VPOS="7940" WIDTH="60"/>
						<String CONTENT="Louis." ID="St_1.2.42.3" HPOS="1824" VPOS="7884" HEIGHT="128" WIDTH="472" STYLEREFS="Style_15" WC="1" CC="000000"/>
					</TextLine>
					<TextLine ID="TL_1.2.43" HPOS="1164" VPOS="8068" HEIGHT="168" WIDTH="4604">
						<String CONTENT="Outlines" ID="St_1.2.43.1" HPOS="1164" VPOS="8072" HEIGHT="132" WIDTH="632" STYLEREFS="Style_15" WC="1" CC="00000000"/>
						<SP ID="SP_1.2.43.2" HPOS="1764" VPOS="8096" WIDTH="88"/>
						<String CONTENT="of" ID="St_1.2.43.3" HPOS="1904" VPOS="8068" HEIGHT="128" WIDTH="156" STYLEREFS="Style_15" WC="1" CC="00"/>
						<SP ID="SP_1.2.43.4" HPOS="2024" VPOS="8072" WIDTH="88"/>
						<String CONTENT="the" ID="St_1.2.43.5" HPOS="2164" VPOS="8072" HEIGHT="120" WIDTH="232" STYLEREFS="Style_15" WC="1" CC="000"/>
						<SP ID="SP_1.2.43.6" HPOS="2360" VPOS="8092" WIDTH="92"/>
						<String CONTENT="law" ID="St_1.2.43.7" HPOS="2504" VPOS="8072" HEIGHT="120" WIDTH="264" STYLEREFS="Style_15" WC="1" CC="000"/>
						<SP ID="SP_1.2.43.8" HPOS="2708" VPOS="8092" WIDTH="116"/>
						<String CONTENT="of" ID="St_1.2.43.9" HPOS="2880" VPOS="8068" HEIGHT="124" WIDTH="156" STYLEREFS="Style_15" WC="1" CC="00"/>
						<SP ID="SP_1.2.43.10" HPOS="3000" VPOS="8068" WIDTH="88"/>
						<String CONTENT="municipal" ID="St_1.2.43.11" HPOS="3140" VPOS="8068" HEIGHT="164" WIDTH="752" STYLEREFS="Style_15" WC="1" CC="000000000"/>
						<SP ID="SP_1.2.43.12" HPOS="3868" VPOS="8068" WIDTH="84"/>
						<String CONTENT="corporations;" ID="St_1.2.43.13" HPOS="4012" VPOS="8072" HEIGHT="160" WIDTH="1008" STYLEREFS="Style_15" WC="1" CC="0000000000000"/>
						<SP ID="SP_1.2.43.14" HPOS="5004" VPOS="8092" WIDTH="76"/>
						<String CONTENT="together" ID="St_1.2.43.15" HPOS="5140" VPOS="8072" HEIGHT="164" WIDTH="628" STYLEREFS="Style_15" WC="1" CC="00000000"/>
					</TextLine>
					<TextLine ID="TL_1.2.44" HPOS="1000" VPOS="8252" HEIGHT="168" WIDTH="4768">
						<String CONTENT="with" ID="St_1.2.44.1" HPOS="1000" VPOS="8260" HEIGHT="124" WIDTH="332" STYLEREFS="Style_15" WC="1" CC="0000"/>
						<SP ID="SP_1.2.44.2" HPOS="1284" VPOS="8256" WIDTH="84"/>
						<String CONTENT="appendices" ID="St_1.2.44.3" HPOS="1404" VPOS="8252" HEIGHT="168" WIDTH="816" STYLEREFS="Style_15" WC="1" CC="0000000000"/>
						<SP ID="SP_1.2.44.4" HPOS="2188" VPOS="8276" WIDTH="68"/>
						<String CONTENT="containing" ID="St_1.2.44.5" HPOS="2296" VPOS="8252" HEIGHT="164" WIDTH="796" STYLEREFS="Style_15" WC="1" CC="0000000000"/>
						<SP ID="SP_1.2.44.6" HPOS="3044" VPOS="8272" WIDTH="80"/>
						<String CONTENT="excerpts" ID="St_1.2.44.7" HPOS="3160" VPOS="8264" HEIGHT="152" WIDTH="616" STYLEREFS="Style_15" WC="1" CC="00000000"/>
						<SP ID="SP_1.2.44.8" HPOS="3740" VPOS="8272" WIDTH="72"/>
						<String CONTENT="from" ID="St_1.2.44.9" HPOS="3852" VPOS="8252" HEIGHT="128" WIDTH="368" STYLEREFS="Style_15" WC="1" CC="0000"/>
						<SP ID="SP_1.2.44.10" HPOS="4148" VPOS="8272" WIDTH="104"/>
						<String CONTENT="the" ID="St_1.2.44.11" HPOS="4288" VPOS="8256" HEIGHT="128" WIDTH="232" STYLEREFS="Style_15" WC="1" CC="000"/>
						<SP ID="SP_1.2.44.12" HPOS="4484" VPOS="8272" WIDTH="76"/>
						<String CONTENT="Constitution" ID="St_1.2.44.13" HPOS="4600" VPOS="8256" HEIGHT="128" WIDTH="940" STYLEREFS="Style_15" WC="1" CC="000000000000"/>
						<SP ID="SP_1.2.44.14" HPOS="5492" VPOS="8268" WIDTH="80"/>
						<String CONTENT="of" ID="St_1.2.44.15" HPOS="5612" VPOS="8256" HEIGHT="128" WIDTH="156" STYLEREFS="Style_15" WC="1" CC="00"/>
					</TextLine>
					<TextLine ID="TL_1.2.45" HPOS="996" VPOS="8432" HEIGHT="168" WIDTH="4772">
						<String CONTENT="the" ID="St_1.2.45.1" HPOS="996" VPOS="8444" HEIGHT="124" WIDTH="232" STYLEREFS="Style_15" WC="1" CC="000"/>
						<SP ID="SP_1.2.45.2" HPOS="1192" VPOS="8464" WIDTH="68"/>
						<String CONTENT="United" ID="St_1.2.45.3" HPOS="1296" VPOS="8440" HEIGHT="132" WIDTH="516" STYLEREFS="Style_15" WC="1" CC="000000"/>
						<SP ID="SP_1.2.45.4" HPOS="1768" VPOS="8436" WIDTH="88"/>
						<String CONTENT="States," ID="St_1.2.45.5" HPOS="1896" VPOS="8432" HEIGHT="164" WIDTH="488" STYLEREFS="Style_15" WC="1" CC="0000000"/>
						<SP ID="SP_1.2.45.6" HPOS="2368" VPOS="8484" WIDTH="52"/>
						<String CONTENT="the" ID="St_1.2.45.7" HPOS="2456" VPOS="8436" HEIGHT="124" WIDTH="228" STYLEREFS="Style_15" WC="1" CC="000"/>
						<SP ID="SP_1.2.45.8" HPOS="2648" VPOS="8456" WIDTH="76"/>
						<String CONTENT="constitution" ID="St_1.2.45.9" HPOS="2764" VPOS="8436" HEIGHT="128" WIDTH="892" STYLEREFS="Style_15" WC="1" CC="000000000000"/>
						<SP ID="SP_1.2.45.10" HPOS="3608" VPOS="8456" WIDTH="84"/>
						<String CONTENT="of" ID="St_1.2.45.11" HPOS="3732" VPOS="8436" HEIGHT="128" WIDTH="156" STYLEREFS="Style_15" WC="1" CC="00"/>
						<SP ID="SP_1.2.45.12" HPOS="3852" VPOS="8432" WIDTH="68"/>
						<String CONTENT="the" ID="St_1.2.45.13" HPOS="3956" VPOS="8444" HEIGHT="124" WIDTH="232" STYLEREFS="Style_15" WC="1" CC="000"/>
						<SP ID="SP_1.2.45.14" HPOS="4152" VPOS="8456" WIDTH="72"/>
						<String CONTENT="state" ID="St_1.2.45.15" HPOS="4264" VPOS="8456" HEIGHT="112" WIDTH="348" STYLEREFS="Style_15" WC="1" CC="00000"/>
						<SP ID="SP_1.2.45.16" HPOS="4576" VPOS="8456" WIDTH="72"/>
						<String CONTENT="of" ID="St_1.2.45.17" HPOS="4692" VPOS="8440" HEIGHT="128" WIDTH="152" STYLEREFS="Style_15" WC="1" CC="00"/>
						<SP ID="SP_1.2.45.18" HPOS="4808" VPOS="8432" WIDTH="72"/>
						<String CONTENT="New" ID="St_1.2.45.19" HPOS="4920" VPOS="8444" HEIGHT="124" WIDTH="332" STYLEREFS="Style_15" WC="1" CC="000"/>
						<SP ID="SP_1.2.45.20" HPOS="5188" VPOS="8452" WIDTH="104"/>
						<String CONTENT="York," ID="St_1.2.45.21" HPOS="5336" VPOS="8440" HEIGHT="160" WIDTH="432" STYLEREFS="Style_15" WC="1" CC="00000"/>
					</TextLine>
					<TextLine ID="TL_1.2.46" HPOS="1000" VPOS="8620" HEIGHT="172" WIDTH="4764">
						<String CONTENT="the" ID="St_1.2.46.1" HPOS="1000" VPOS="8628" HEIGHT="124" WIDTH="232" STYLEREFS="Style_15" WC="1" CC="000"/>
						<SP ID="SP_1.2.46.2" HPOS="1196" VPOS="8648" WIDTH="76"/>
						<String CONTENT="City" ID="St_1.2.46.3" HPOS="1308" VPOS="8620" HEIGHT="164" WIDTH="328" STYLEREFS="Style_15" WC="1" CC="0000"/>
						<SP ID="SP_1.2.46.4" HPOS="1588" VPOS="8640" WIDTH="84"/>
						<String CONTENT="home" ID="St_1.2.46.5" HPOS="1708" VPOS="8624" HEIGHT="120" WIDTH="392" STYLEREFS="Style_15" WC="1" CC="0000"/>
						<SP ID="SP_1.2.46.6" HPOS="2064" VPOS="8640" WIDTH="76"/>
						<String CONTENT="rule" ID="St_1.2.46.7" HPOS="2180" VPOS="8624" HEIGHT="120" WIDTH="292" STYLEREFS="Style_15" WC="1" CC="0000"/>
						<SP ID="SP_1.2.46.8" HPOS="2436" VPOS="8640" WIDTH="76"/>
						<String CONTENT="law" ID="St_1.2.46.9" HPOS="2552" VPOS="8624" HEIGHT="120" WIDTH="260" STYLEREFS="Style_15" WC="1" CC="000"/>
						<SP ID="SP_1.2.46.10" HPOS="2748" VPOS="8640" WIDTH="112"/>
						<String CONTENT="&#133;" ID="St_1.2.46.11" HPOS="2844" VPOS="8628" HEIGHT="144" WIDTH="76" STYLEREFS="Style_15" WC="1" CC="0"/>
						<SP ID="SP_1.2.46.12" HPOS="3028" VPOS="8704" WIDTH="56"/>
						<String CONTENT="the" ID="St_1.2.46.13" HPOS="3132" VPOS="8624" HEIGHT="124" WIDTH="228" STYLEREFS="Style_15" WC="1" CC="000"/>
						<SP ID="SP_1.2.46.14" HPOS="3324" VPOS="8640" WIDTH="76"/>
						<String CONTENT="General" ID="St_1.2.46.15" HPOS="3448" VPOS="8624" HEIGHT="128" WIDTH="588" STYLEREFS="Style_15" WC="1" CC="0000000"/>
						<SP ID="SP_1.2.46.16" HPOS="4008" VPOS="8620" WIDTH="68"/>
						<String CONTENT="city" ID="St_1.2.46.17" HPOS="4116" VPOS="8628" HEIGHT="164" WIDTH="280" STYLEREFS="Style_15" WC="1" CC="0000"/>
						<SP ID="SP_1.2.46.18" HPOS="4352" VPOS="8640" WIDTH="84"/>
						<String CONTENT="law," ID="St_1.2.46.19" HPOS="4476" VPOS="8628" HEIGHT="164" WIDTH="304" STYLEREFS="Style_15" WC="1" CC="0000"/>
						<SP ID="SP_1.2.46.20" HPOS="4764" VPOS="8668" WIDTH="56"/>
						<String CONTENT="the" ID="St_1.2.46.21" HPOS="4864" VPOS="8628" HEIGHT="124" WIDTH="228" STYLEREFS="Style_15" WC="1" CC="000"/>
						<SP ID="SP_1.2.46.22" HPOS="5056" VPOS="8640" WIDTH="76"/>
						<String CONTENT="General" ID="St_1.2.46.23" HPOS="5180" VPOS="8624" HEIGHT="132" WIDTH="584" STYLEREFS="Style_15" WC="1" CC="0000000"/>
					</TextLine>
					<TextLine ID="TL_1.2.47" HPOS="1004" VPOS="8800" HEIGHT="176" WIDTH="4764">
						<String CONTENT="municipal" ID="St_1.2.47.1" HPOS="1004" VPOS="8804" HEIGHT="160" WIDTH="748" STYLEREFS="Style_15" WC="1" CC="000000000"/>
						<SP ID="SP_1.2.47.2" HPOS="1724" VPOS="8804" WIDTH="60"/>
						<String CONTENT="law" ID="St_1.2.47.3" HPOS="1820" VPOS="8808" HEIGHT="120" WIDTH="260" STYLEREFS="Style_15" WC="1" CC="000"/>
						<SP ID="SP_1.2.47.4" HPOS="2016" VPOS="8820" WIDTH="100"/>
						<String CONTENT="and" ID="St_1.2.47.5" HPOS="2160" VPOS="8804" HEIGHT="124" WIDTH="268" STYLEREFS="Style_15" WC="1" CC="000"/>
						<SP ID="SP_1.2.47.6" HPOS="2384" VPOS="8800" WIDTH="76"/>
						<String CONTENT="the" ID="St_1.2.47.7" HPOS="2500" VPOS="8804" HEIGHT="124" WIDTH="228" STYLEREFS="Style_15" WC="1" CC="000"/>
						<SP ID="SP_1.2.47.8" HPOS="2692" VPOS="8824" WIDTH="72"/>
						<String CONTENT="Greater" ID="St_1.2.47.9" HPOS="2804" VPOS="8804" HEIGHT="128" WIDTH="572" STYLEREFS="Style_15" WC="1" CC="0000000"/>
						<SP ID="SP_1.2.47.10" HPOS="3340" VPOS="8824" WIDTH="72"/>
						<String CONTENT="New" ID="St_1.2.47.11" HPOS="3452" VPOS="8808" HEIGHT="128" WIDTH="328" STYLEREFS="Style_15" WC="1" CC="000"/>
						<SP ID="SP_1.2.47.12" HPOS="3716" VPOS="8820" WIDTH="100"/>
						<String CONTENT="York" ID="St_1.2.47.13" HPOS="3856" VPOS="8812" HEIGHT="124" WIDTH="392" STYLEREFS="Style_15" WC="1" CC="0000"/>
						<SP ID="SP_1.2.47.14" HPOS="4196" VPOS="8800" WIDTH="84"/>
						<String CONTENT="charter." ID="St_1.2.47.15" HPOS="4320" VPOS="8816" HEIGHT="124" WIDTH="576" STYLEREFS="Style_15" WC="1" CC="00000000"/>
						<SP ID="SP_1.2.47.16" HPOS="4876" VPOS="8848" WIDTH="100"/>
						<String CONTENT="By" ID="St_1.2.47.17" HPOS="5060" VPOS="8816" HEIGHT="160" WIDTH="216" STYLEREFS="Style_15" WC="1" CC="00"/>
						<SP ID="SP_1.2.47.18" HPOS="5228" VPOS="8820" WIDTH="84"/>
						<String CONTENT="Louis" ID="St_1.2.47.19" HPOS="5352" VPOS="8812" HEIGHT="124" WIDTH="416" STYLEREFS="Style_15" WC="1" CC="00000"/>
					</TextLine>
					<TextLine ID="TL_1.2.48" HPOS="1004" VPOS="8988" HEIGHT="164" WIDTH="2772">
						<String CONTENT="Prashker" ID="St_1.2.48.1" HPOS="1004" VPOS="8988" HEIGHT="128" WIDTH="688" STYLEREFS="Style_15" WC="1" CC="00000000"/>
						<SP ID="SP_1.2.48.2" HPOS="1656" VPOS="9008" WIDTH="72"/>
						<String CONTENT="&#133;" ID="St_1.2.48.3" HPOS="1792" VPOS="9004" HEIGHT="128" WIDTH="84" STYLEREFS="Style_15" WC="1" CC="0"/>
						<SP ID="SP_1.2.48.4" HPOS="1880" VPOS="9068" WIDTH="108"/>
						<String CONTENT="Brooklyn," ID="St_1.2.48.5" HPOS="2088" VPOS="8988" HEIGHT="160" WIDTH="748" STYLEREFS="Style_15" WC="1" CC="000000000"/>
						<SP ID="SP_1.2.48.6" HPOS="2816" VPOS="9032" WIDTH="48"/>
						<String CONTENT="N." ID="St_1.2.48.7" HPOS="2896" VPOS="8988" HEIGHT="124" WIDTH="164" STYLEREFS="Style_15" WC="1" CC="00"/>
						<SP ID="SP_1.2.48.8" HPOS="3044" VPOS="9032" WIDTH="52"/>
						<String CONTENT="Y.," ID="St_1.2.48.9" HPOS="3132" VPOS="8988" HEIGHT="164" WIDTH="216" STYLEREFS="Style_15" WC="1" CC="000"/>
						<SP ID="SP_1.2.48.10" HPOS="3332" VPOS="9032" WIDTH="52"/>
						<String CONTENT="1927." ID="St_1.2.48.11" HPOS="3420" VPOS="8992" HEIGHT="128" WIDTH="356" STYLEREFS="Style_15" WC="1" CC="00000"/>
					</TextLine>
					<TextLine ID="TL_1.2.49" HPOS="1172" VPOS="9172" HEIGHT="120" WIDTH="1736">
						<String CONTENT="2" ID="St_1.2.49.1" HPOS="1172" VPOS="9180" HEIGHT="96" WIDTH="64" STYLEREFS="Style_15" WC="1" CC="0"/>
						<SP ID="SP_1.2.49.2" HPOS="1204" VPOS="9172" WIDTH="64"/>
						<String CONTENT="p." ID="St_1.2.49.3" HPOS="1296" VPOS="9204" HEIGHT="88" WIDTH="100" STYLEREFS="Style_15" WC="1" CC="00"/>
						<SP ID="SP_1.2.49.4" HPOS="1384" VPOS="9212" WIDTH="44"/>
						<String CONTENT="1.," ID="St_1.2.49.5" HPOS="1460" VPOS="9172" HEIGHT="120" WIDTH="100" STYLEREFS="Style_15" WC="0.944444444444444" CC="400"/>
						<SP ID="SP_1.2.49.6" HPOS="1548" VPOS="9208" WIDTH="44"/>
						<String CONTENT="v," ID="St_1.2.49.7" HPOS="1624" VPOS="9184" HEIGHT="104" WIDTH="100" STYLEREFS="Style_15" WC="0.918888888888889" CC="40"/>
						<SP ID="SP_1.2.49.8" HPOS="1712" VPOS="9208" WIDTH="44"/>
						<String CONTENT="112" ID="St_1.2.49.9" HPOS="1788" VPOS="9180" HEIGHT="92" WIDTH="204" STYLEREFS="Style_15" WC="0.94" CC="000"/>
						<SP ID="SP_1.2.49.10" HPOS="1956" VPOS="9172" WIDTH="64"/>
						<String CONTENT="p." ID="St_1.2.49.11" HPOS="2044" VPOS="9204" HEIGHT="88" WIDTH="108" STYLEREFS="Style_15" WC="0.95" CC="00"/>
						<SP ID="SP_1.2.49.12" HPOS="2140" VPOS="9208" WIDTH="80"/>
						<String CONTENT="23&#x0368;&#x036b;." ID="St_1.2.49.13" HPOS="2292" VPOS="9180" HEIGHT="108" WIDTH="616" STYLEREFS="Style_15" WC="0.957777777777778" CC="00001"/>
					</TextLine>
					<TextLine ID="TL_1.2.50" HPOS="1016" VPOS="9292" HEIGHT="144" WIDTH="4756">
						<String CONTENT="&#169;" ID="St_1.2.50.1" HPOS="1016" VPOS="9292" HEIGHT="116" WIDTH="120" STYLEREFS="Style_15" WC="0.555555555555556" CC="4"/>
						<SP ID="SP_1.2.50.2" HPOS="1076" VPOS="9292" WIDTH="96"/>
						<String CONTENT="Jan." ID="St_1.2.50.3" HPOS="1208" VPOS="9316" HEIGHT="92" WIDTH="264" STYLEREFS="Style_15" WC="0.925555555555556" CC="0000"/>
						<SP ID="SP_1.2.50.4" HPOS="1460" VPOS="9344" WIDTH="44"/>
						<String CONTENT="8," ID="St_1.2.50.5" HPOS="1536" VPOS="9312" HEIGHT="112" WIDTH="96" STYLEREFS="Style_15" WC="0.901111111111111" CC="40"/>
						<SP ID="SP_1.2.50.6" HPOS="1620" VPOS="9344" WIDTH="44"/>
						<String CONTENT="1927;" ID="St_1.2.50.7" HPOS="1692" VPOS="9312" HEIGHT="116" WIDTH="336" STYLEREFS="Style_15" WC="0.94" CC="00000"/>
						<SP ID="SP_1.2.50.8" HPOS="2016" VPOS="9320" WIDTH="48"/>
						<String CONTENT="2c." ID="St_1.2.50.9" HPOS="2100" VPOS="9312" HEIGHT="96" WIDTH="160" STYLEREFS="Style_15" WC="0.952222222222222" CC="000"/>
						<SP ID="SP_1.2.50.10" HPOS="2248" VPOS="9344" WIDTH="44"/>
						<String CONTENT="and" ID="St_1.2.50.11" HPOS="2324" VPOS="9316" HEIGHT="92" WIDTH="228" STYLEREFS="Style_15" WC="0.961111111111111" CC="000"/>
						<SP ID="SP_1.2.50.12" HPOS="2516" VPOS="9304" WIDTH="68"/>
						<String CONTENT="aff." ID="St_1.2.50.13" HPOS="2620" VPOS="9316" HEIGHT="96" WIDTH="196" STYLEREFS="Style_15" WC="0.967777777777778" CC="0000"/>
						<SP ID="SP_1.2.50.14" HPOS="2804" VPOS="9344" WIDTH="44"/>
						<String CONTENT="Jan." ID="St_1.2.50.15" HPOS="2884" VPOS="9316" HEIGHT="96" WIDTH="264" STYLEREFS="Style_15" WC="0.972222222222222" CC="0000"/>
						<SP ID="SP_1.2.50.16" HPOS="3136" VPOS="9344" WIDTH="40"/>
						<String CONTENT="14;" ID="St_1.2.50.17" HPOS="3212" VPOS="9320" HEIGHT="112" WIDTH="196" STYLEREFS="Style_15" WC="0.975555555555556" CC="000"/>
						<SP ID="SP_1.2.50.18" HPOS="3396" VPOS="9316" WIDTH="48"/>
						<String CONTENT="A" ID="St_1.2.50.19" HPOS="3480" VPOS="9320" HEIGHT="92" WIDTH="96" STYLEREFS="Style_15" WC="0.976666666666667" CC="0"/>
						<SP ID="SP_1.2.50.20" HPOS="3524" VPOS="9304" WIDTH="84"/>
						<String CONTENT="958743;" ID="St_1.2.50.21" HPOS="3640" VPOS="9316" HEIGHT="120" WIDTH="480" STYLEREFS="Style_15" WC="0.98" CC="0000000"/>
						<SP ID="SP_1.2.50.22" HPOS="4104" VPOS="9320" WIDTH="52"/>
						<String CONTENT="L." ID="St_1.2.50.23" HPOS="4192" VPOS="9324" HEIGHT="96" WIDTH="128" STYLEREFS="Style_15" WC="0.982222222222222" CC="00"/>
						<SP ID="SP_1.2.50.24" HPOS="4308" VPOS="9344" WIDTH="44"/>
						<String CONTENT="Prashker," ID="St_1.2.50.25" HPOS="4388" VPOS="9324" HEIGHT="112" WIDTH="620" STYLEREFS="Style_15" WC="0.984444444444444" CC="000000000"/>
						<SP ID="SP_1.2.50.26" HPOS="4992" VPOS="9344" WIDTH="52"/>
						<String CONTENT="New" ID="St_1.2.50.27" HPOS="5080" VPOS="9328" HEIGHT="96" WIDTH="280" STYLEREFS="Style_15" WC="0.985555555555556" CC="000"/>
						<SP ID="SP_1.2.50.28" HPOS="5304" VPOS="9320" WIDTH="88"/>
						<String CONTENT="York." ID="St_1.2.50.29" HPOS="5424" VPOS="9324" HEIGHT="100" WIDTH="348" STYLEREFS="Style_15" WC="0.986666666666667" CC="00000"/>
					</TextLine>
					<TextLine ID="TL_1.2.51" HPOS="1196" VPOS="9436" HEIGHT="124" WIDTH="4372">
						<String CONTENT="(27&#150;1572)" ID="St_1.2.51.1" HPOS="1196" VPOS="9444" HEIGHT="116" WIDTH="600" STYLEREFS="Style_15" WC="1" CC="000000000"/>
						<SP ID="SP_1.2.51.2" HPOS="1780" VPOS="9436" WIDTH="3576"/>
						<String CONTENT="293" ID="St_1.2.51.3" HPOS="5356" VPOS="9456" HEIGHT="100" WIDTH="212" STYLEREFS="Style_15" WC="0.651111111111111" CC="000"/>
					</TextLine>
					<TextLine ID="TL_1.2.52" HPOS="3316" VPOS="9584" HEIGHT="116" WIDTH="164">
						<String CONTENT="44" ID="St_1.2.52.1" HPOS="3316" VPOS="9584" HEIGHT="116" WIDTH="164" STYLEREFS="Style_16" WC="0.888888888888889" CC="11"/>
					</TextLine>
				</TextBlock>
			</PrintSpace>
		</Page>
	</Layout>
</alto>
