<?xml version="1.0"?>
<alto xmlns="http://www.loc.gov/standards/alto/ns-v2#" xmlns:xlink="http://www.w3.org/1999/xlink" xmlns:xsi="http://www.w3.org/2001/XMLSchema-instance" xsi:schemaLocation="http://www.loc.gov/standards/alto/ns-v2# http://www.loc.gov/standards/alto/alto-v2.0.xsd">
	<Description>
		<MeasurementUnit>inch1200</MeasurementUnit>
		<sourceImageInformation>
			<fileIdentifier>catalogofcopyrig241libr_001-1920_Page_0753.jpgf</fileIdentifier>
		</sourceImageInformation>
		<OCRProcessing ID="OCR1">
			<ocrProcessingStep>
				<processingDateTime>2018-03-15T12:55:08</processingDateTime>
				<processingAgency>Data Conversion Laboratory</processingAgency>
				<processingSoftware>
					<softwareCreator>Prime</softwareCreator>
					<softwareName>Prime OCR</softwareName>
					<softwareVersion>4.40</softwareVersion>
				</processingSoftware>
			</ocrProcessingStep>
			<postProcessingStep>
				<processingDateTime>2018-03-21T10:30:33</processingDateTime>
				<processingAgency>Data Conversion Laboratory</processingAgency>
				<processingStepDescription>PRO -&gt; ALTO</processingStepDescription>
				<processingSoftware>
					<softwareCreator>Data Conversion Laboratory</softwareCreator>
					<softwareName>pro2alto.2018.02.27</softwareName>
					<softwareVersion>2.0</softwareVersion>
				</processingSoftware>
			</postProcessingStep>
		</OCRProcessing>
	</Description>
<Styles>
		<TextStyle ID="Style_1" FONTSIZE="10" FONTTYPE="serif" FONTWIDTH="proportional" FONTSTYLE="bold"/>
		<TextStyle ID="Style_2" FONTSIZE="8" FONTTYPE="serif" FONTWIDTH="proportional" FONTSTYLE="bold"/>
		<TextStyle ID="Style_3" FONTSIZE="9" FONTTYPE="serif" FONTWIDTH="proportional" FONTSTYLE="bold"/>
		<TextStyle ID="Style_4" FONTSIZE="8" FONTTYPE="sans-serif" FONTWIDTH="proportional" FONTSTYLE="bold"/>
		<TextStyle ID="Style_5" FONTSIZE="8" FONTTYPE="serif" FONTWIDTH="proportional" FONTSTYLE="bold italics"/>
		<TextStyle ID="Style_6" FONTSIZE="8" FONTTYPE="serif" FONTWIDTH="proportional"/>
		<TextStyle ID="Style_7" FONTSIZE="9" FONTTYPE="serif" FONTWIDTH="proportional" FONTSTYLE="bold italics"/>
		<TextStyle ID="Style_8" FONTSIZE="9" FONTTYPE="serif" FONTWIDTH="proportional"/>
		<TextStyle ID="Style_9" FONTSIZE="7" FONTTYPE="serif" FONTWIDTH="proportional" FONTSTYLE="bold"/>
		<TextStyle ID="Style_10" FONTSIZE="10" FONTTYPE="serif" FONTWIDTH="proportional"/>
		<TextStyle ID="Style_11" FONTSIZE="10" FONTTYPE="serif" FONTWIDTH="proportional" FONTSTYLE="bold italics"/>
	</Styles>
	<Layout>
		<Page ID="Page_1" PHYSICAL_IMG_NR="1" HEIGHT="10300" WIDTH="5920">
			<PrintSpace ID="PS_1" HPOS="0" VPOS="0" HEIGHT="10300" WIDTH="5920">
				<TextBlock ID="TB_1.1" HPOS="0" VPOS="908" WIDTH="5200" HEIGHT="8700">
					<TextLine ID="TL_1.1.1" HPOS="140" VPOS="1020" HEIGHT="156" WIDTH="3060">
						<String CONTENT="Stewart," ID="St_1.1.1.1" HPOS="140" VPOS="1036" HEIGHT="140" WIDTH="656" STYLEREFS="Style_1" WC="1" CC="00000000"/>
						<SP ID="SP_1.1.1.2" HPOS="776" VPOS="1084" WIDTH="56"/>
						<String CONTENT="Rolland" ID="St_1.1.1.3" HPOS="868" VPOS="1028" HEIGHT="128" WIDTH="584" STYLEREFS="Style_1" WC="1" CC="0000000"/>
						<SP ID="SP_1.1.1.4" HPOS="1408" VPOS="1036" WIDTH="80"/>
						<String CONTENT="Maclaren" ID="St_1.1.1.5" HPOS="1532" VPOS="1028" HEIGHT="124" WIDTH="704" STYLEREFS="Style_1" WC="1" CC="00000000"/>
						<String CONTENT="&#151;" ID="St_1.1.1.6" HPOS="2244" VPOS="1100" HEIGHT="20" WIDTH="180" STYLEREFS="Style_2" WC="1" CC="0"/>
						<String CONTENT="Continued" ID="St_1.1.1.7" HPOS="2436" VPOS="1020" HEIGHT="132" WIDTH="764" STYLEREFS="Style_2" WC="1" CC="000000000"/>
					</TextLine>
					<TextLine ID="TL_1.1.2" HPOS="316" VPOS="1212" HEIGHT="132" WIDTH="4576">
						<String CONTENT="vii," ID="St_1.1.2.1" HPOS="316" VPOS="1228" HEIGHT="116" WIDTH="192" STYLEREFS="Style_2" WC="1" CC="0000"/>
						<SP ID="SP_1.1.2.2" HPOS="496" VPOS="1264" WIDTH="48"/>
						<String CONTENT="377" ID="St_1.1.2.3" HPOS="584" VPOS="1232" HEIGHT="96" WIDTH="208" STYLEREFS="Style_2" WC="1" CC="000"/>
						<SP ID="SP_1.1.2.4" HPOS="756" VPOS="1228" WIDTH="68"/>
						<String CONTENT="p." ID="St_1.1.2.5" HPOS="860" VPOS="1256" HEIGHT="88" WIDTH="100" STYLEREFS="Style_2" WC="1" CC="00"/>
						<SP ID="SP_1.1.2.6" HPOS="944" VPOS="1264" WIDTH="52"/>
						<String CONTENT="in" ID="St_1.1.2.7" HPOS="1036" VPOS="1224" HEIGHT="96" WIDTH="120" STYLEREFS="Style_2" WC="0.975555555555556" CC="03"/>
						<String CONTENT="c" ID="St_1.1.2.8" HPOS="1164" VPOS="1252" HEIGHT="68" WIDTH="56" STYLEREFS="Style_3" WC="0.947777777777778" CC="4"/>
						<String CONTENT="l." ID="St_1.1.2.9" HPOS="1228" VPOS="1228" HEIGHT="96" WIDTH="72" STYLEREFS="Style_3" WC="0.953333333333333" CC="00"/>
						<SP ID="SP_1.1.2.10" HPOS="1284" VPOS="1264" WIDTH="44"/>
						<String CONTENT="ill" ID="St_1.1.2.11" HPOS="1368" VPOS="1224" HEIGHT="96" WIDTH="128" STYLEREFS="Style_3" WC="0.925555555555556" CC="133"/>
						<String CONTENT="us." ID="St_1.1.2.12" HPOS="1512" VPOS="1248" HEIGHT="72" WIDTH="164" STYLEREFS="Style_3" WC="0.921111111111111" CC="300"/>
						<SP ID="SP_1.1.2.13" HPOS="1660" VPOS="1264" WIDTH="48"/>
						<String CONTENT="(map)" ID="St_1.1.2.14" HPOS="1744" VPOS="1224" HEIGHT="112" WIDTH="384" STYLEREFS="Style_3" WC="0.936666666666667" CC="00000"/>
						<SP ID="SP_1.1.2.15" HPOS="2108" VPOS="1224" WIDTH="64"/>
						<String CONTENT="tables," ID="St_1.1.2.16" HPOS="2220" VPOS="1224" HEIGHT="108" WIDTH="404" STYLEREFS="Style_3" WC="0.95" CC="0000000"/>
						<SP ID="SP_1.1.2.17" HPOS="2608" VPOS="1260" WIDTH="48"/>
						<String CONTENT="forms," ID="St_1.1.2.18" HPOS="2696" VPOS="1220" HEIGHT="112" WIDTH="400" STYLEREFS="Style_3" WC="0.957777777777778" CC="000000"/>
						<SP ID="SP_1.1.2.19" HPOS="3080" VPOS="1260" WIDTH="48"/>
						<String CONTENT="diagrs." ID="St_1.1.2.20" HPOS="3172" VPOS="1216" HEIGHT="116" WIDTH="424" STYLEREFS="Style_3" WC="0.963333333333333" CC="0000000"/>
						<SP ID="SP_1.1.2.21" HPOS="3580" VPOS="1260" WIDTH="80"/>
						<String CONTENT="21&#x0368;&#x036b;." ID="St_1.1.2.22" HPOS="3736" VPOS="1212" HEIGHT="120" WIDTH="652" STYLEREFS="Style_4" WC="0.967777777777778" CC="00000"/>
						<SP ID="SP_1.1.2.23" HPOS="3996" VPOS="1256" WIDTH="92"/>
						<String CONTENT="(Half-title:" ID="St_1.1.2.24" HPOS="4176" VPOS="1212" HEIGHT="116" WIDTH="716" STYLEREFS="Style_5" WC="0.973333333333333" CC="000000000000"/>
					</TextLine>
					<TextLine ID="TL_1.1.3" HPOS="160" VPOS="1344" HEIGHT="128" WIDTH="4600">
						<String CONTENT="Books" ID="St_1.1.3.1" HPOS="160" VPOS="1368" HEIGHT="96" WIDTH="372" STYLEREFS="Style_5" WC="1" CC="00000"/>
						<SP ID="SP_1.1.3.2" HPOS="504" VPOS="1376" WIDTH="56"/>
						<String CONTENT="on" ID="St_1.1.3.3" HPOS="596" VPOS="1392" HEIGHT="68" WIDTH="144" STYLEREFS="Style_5" WC="1" CC="00"/>
						<SP ID="SP_1.1.3.4" HPOS="700" VPOS="1376" WIDTH="68"/>
						<String CONTENT="education," ID="St_1.1.3.5" HPOS="800" VPOS="1360" HEIGHT="112" WIDTH="648" STYLEREFS="Style_5" WC="1" CC="0000000000"/>
						<SP ID="SP_1.1.3.6" HPOS="1432" VPOS="1400" WIDTH="44"/>
						<String CONTENT="ed." ID="St_1.1.3.7" HPOS="1512" VPOS="1364" HEIGHT="92" WIDTH="172" STYLEREFS="Style_5" WC="1" CC="000"/>
						<SP ID="SP_1.1.3.8" HPOS="1672" VPOS="1400" WIDTH="44"/>
						<String CONTENT="by" ID="St_1.1.3.9" HPOS="1752" VPOS="1356" HEIGHT="116" WIDTH="144" STYLEREFS="Style_5" WC="1" CC="00"/>
						<SP ID="SP_1.1.3.10" HPOS="1856" VPOS="1372" WIDTH="68"/>
						<String CONTENT="A." ID="St_1.1.3.11" HPOS="1960" VPOS="1364" HEIGHT="92" WIDTH="132" STYLEREFS="Style_5" WC="1" CC="00"/>
						<SP ID="SP_1.1.3.12" HPOS="2076" VPOS="1400" WIDTH="44"/>
						<String CONTENT="K." ID="St_1.1.3.13" HPOS="2156" VPOS="1356" HEIGHT="100" WIDTH="140" STYLEREFS="Style_5" WC="1" CC="00"/>
						<SP ID="SP_1.1.3.14" HPOS="2280" VPOS="1400" WIDTH="44"/>
						<String CONTENT="Getman" ID="St_1.1.3.15" HPOS="2360" VPOS="1356" HEIGHT="96" WIDTH="488" STYLEREFS="Style_5" WC="1" CC="000000"/>
						<SP ID="SP_1.1.3.16" HPOS="2808" VPOS="1372" WIDTH="72"/>
						<String CONTENT="&#133;" ID="St_1.1.3.17" HPOS="2920" VPOS="1368" HEIGHT="104" WIDTH="72" STYLEREFS="Style_5" WC="1" CC="0"/>
						<SP ID="SP_1.1.3.18" HPOS="3016" VPOS="1416" WIDTH="44"/>
						<String CONTENT="and" ID="St_1.1.3.19" HPOS="3100" VPOS="1356" HEIGHT="92" WIDTH="228" STYLEREFS="Style_5" WC="1" CC="000"/>
						<SP ID="SP_1.1.3.20" HPOS="3288" VPOS="1360" WIDTH="68"/>
						<String CONTENT="C." ID="St_1.1.3.21" HPOS="3392" VPOS="1352" HEIGHT="100" WIDTH="120" STYLEREFS="Style_5" WC="1" CC="00"/>
						<SP ID="SP_1.1.3.22" HPOS="3496" VPOS="1396" WIDTH="44"/>
						<String CONTENT="E." ID="St_1.1.3.23" HPOS="3576" VPOS="1352" HEIGHT="96" WIDTH="128" STYLEREFS="Style_5" WC="0.991111111111111" CC="40"/>
						<SP ID="SP_1.1.3.24" HPOS="3688" VPOS="1396" WIDTH="44"/>
						<String CONTENT="Ladd)" ID="St_1.1.3.25" HPOS="3768" VPOS="1348" HEIGHT="112" WIDTH="384" STYLEREFS="Style_5" WC="0.991111111111111" CC="00000"/>
						<SP ID="SP_1.1.3.26" HPOS="4132" VPOS="1356" WIDTH="216"/>
						<String CONTENT="$3.00" ID="St_1.1.3.27" HPOS="4448" VPOS="1344" HEIGHT="116" WIDTH="312" STYLEREFS="Style_5" WC="0.985555555555556" CC="00000"/>
					</TextLine>
					<TextLine ID="TL_1.1.4" HPOS="320" VPOS="1524" HEIGHT="120" WIDTH="2440">
						<String CONTENT="Bibliography" ID="St_1.1.4.1" HPOS="320" VPOS="1532" HEIGHT="112" WIDTH="828" STYLEREFS="Style_5" WC="1" CC="000000000000"/>
						<SP ID="SP_1.1.4.2" HPOS="1108" VPOS="1544" WIDTH="72"/>
						<String CONTENT="at" ID="St_1.1.4.3" HPOS="1216" VPOS="1532" HEIGHT="96" WIDTH="128" STYLEREFS="Style_5" WC="1" CC="00"/>
						<SP ID="SP_1.1.4.4" HPOS="1316" VPOS="1532" WIDTH="56"/>
						<String CONTENT="end" ID="St_1.1.4.5" HPOS="1408" VPOS="1532" HEIGHT="88" WIDTH="220" STYLEREFS="Style_5" WC="1" CC="000"/>
						<SP ID="SP_1.1.4.6" HPOS="1588" VPOS="1532" WIDTH="72"/>
						<String CONTENT="of" ID="St_1.1.4.7" HPOS="1700" VPOS="1524" HEIGHT="96" WIDTH="124" STYLEREFS="Style_5" WC="1" CC="00"/>
						<SP ID="SP_1.1.4.8" HPOS="1792" VPOS="1528" WIDTH="64"/>
						<String CONTENT="each" ID="St_1.1.4.9" HPOS="1896" VPOS="1524" HEIGHT="96" WIDTH="280" STYLEREFS="Style_5" WC="1" CC="0000"/>
						<SP ID="SP_1.1.4.10" HPOS="2136" VPOS="1528" WIDTH="72"/>
						<String CONTENT="chapter." ID="St_1.1.4.11" HPOS="2248" VPOS="1524" HEIGHT="112" WIDTH="512" STYLEREFS="Style_5" WC="1" CC="00000000"/>
					</TextLine>
					<TextLine ID="TL_1.1.5" HPOS="156" VPOS="1688" HEIGHT="128" WIDTH="4728">
						<String CONTENT="&#169;" ID="St_1.1.5.1" HPOS="156" VPOS="1692" HEIGHT="124" WIDTH="120" STYLEREFS="Style_5" WC="1" CC="0"/>
						<SP ID="SP_1.1.5.2" HPOS="272" VPOS="1700" WIDTH="72"/>
						<String CONTENT="May" ID="St_1.1.5.3" HPOS="348" VPOS="1704" HEIGHT="108" WIDTH="264" STYLEREFS="Style_6" WC="0.911111111111111" CC="000"/>
						<SP ID="SP_1.1.5.4" HPOS="576" VPOS="1724" WIDTH="64"/>
						<String CONTENT="18." ID="St_1.1.5.5" HPOS="676" VPOS="1700" HEIGHT="96" WIDTH="164" STYLEREFS="Style_6" WC="0.95" CC="000"/>
						<SP ID="SP_1.1.5.6" HPOS="824" VPOS="1748" WIDTH="48"/>
						<String CONTENT="1927;" ID="St_1.1.5.7" HPOS="908" VPOS="1696" HEIGHT="112" WIDTH="332" STYLEREFS="Style_6" WC="0.97" CC="00000"/>
						<SP ID="SP_1.1.5.8" HPOS="1228" VPOS="1724" WIDTH="44"/>
						<String CONTENT="2c." ID="St_1.1.5.9" HPOS="1308" VPOS="1700" HEIGHT="92" WIDTH="164" STYLEREFS="Style_6" WC="0.975555555555556" CC="000"/>
						<SP ID="SP_1.1.5.10" HPOS="1456" VPOS="1748" WIDTH="44"/>
						<String CONTENT="and" ID="St_1.1.5.11" HPOS="1536" VPOS="1696" HEIGHT="92" WIDTH="228" STYLEREFS="Style_6" WC="0.98" CC="000"/>
						<SP ID="SP_1.1.5.12" HPOS="1728" VPOS="1708" WIDTH="68"/>
						<String CONTENT="a" ID="St_1.1.5.13" HPOS="1832" VPOS="1716" HEIGHT="72" WIDTH="56" STYLEREFS="Style_7" WC="0.982222222222222" CC="0"/>
						<String CONTENT="ff." ID="St_1.1.5.14" HPOS="1908" VPOS="1692" HEIGHT="96" WIDTH="120" STYLEREFS="Style_7" WC="0.967777777777778" CC="040"/>
						<SP ID="SP_1.1.5.15" HPOS="2012" VPOS="1740" WIDTH="44"/>
						<String CONTENT="M" ID="St_1.1.5.16" HPOS="2096" VPOS="1696" HEIGHT="88" WIDTH="112" STYLEREFS="Style_7" WC="0.97" CC="0"/>
						<String CONTENT="a" ID="St_1.1.5.17" HPOS="2220" VPOS="1716" HEIGHT="68" WIDTH="56" STYLEREFS="Style_7" WC="0.971111111111111" CC="0"/>
						<String CONTENT="y" ID="St_1.1.5.18" HPOS="2296" VPOS="1716" HEIGHT="88" WIDTH="72" STYLEREFS="Style_7" WC="0.972222222222222" CC="0"/>
						<SP ID="SP_1.1.5.19" HPOS="2324" VPOS="1720" WIDTH="72"/>
						<String CONTENT="2" ID="St_1.1.5.20" HPOS="2428" VPOS="1692" HEIGHT="92" WIDTH="64" STYLEREFS="Style_7" WC="0.973333333333333" CC="0"/>
						<String CONTENT="5" ID="St_1.1.5.21" HPOS="2504" VPOS="1708" HEIGHT="88" WIDTH="64" STYLEREFS="Style_7" WC="0.957777777777778" CC="5"/>
						<String CONTENT=";" ID="St_1.1.5.22" HPOS="2604" VPOS="1716" HEIGHT="84" WIDTH="20" STYLEREFS="Style_7" WC="0.958888888888889" CC="0"/>
						<SP ID="SP_1.1.5.23" HPOS="2608" VPOS="1720" WIDTH="48"/>
						<String CONTENT="A" ID="St_1.1.5.24" HPOS="2696" VPOS="1692" HEIGHT="92" WIDTH="96" STYLEREFS="Style_7" WC="0.961111111111111" CC="0"/>
						<SP ID="SP_1.1.5.25" HPOS="2740" VPOS="1708" WIDTH="80"/>
						<String CONTENT="990249:" ID="St_1.1.5.26" HPOS="2860" VPOS="1688" HEIGHT="96" WIDTH="476" STYLEREFS="Style_7" WC="0.967777777777778" CC="0000000"/>
						<SP ID="SP_1.1.5.27" HPOS="3320" VPOS="1720" WIDTH="52"/>
						<String CONTENT="R." ID="St_1.1.5.28" HPOS="3416" VPOS="1692" HEIGHT="92" WIDTH="128" STYLEREFS="Style_7" WC="0.97" CC="00"/>
						<SP ID="SP_1.1.5.29" HPOS="3528" VPOS="1744" WIDTH="48"/>
						<String CONTENT="M" ID="St_1.1.5.30" HPOS="3620" VPOS="1708" HEIGHT="88" WIDTH="108" STYLEREFS="Style_7" WC="0.96" CC="5"/>
						<String CONTENT="." ID="St_1.1.5.31" HPOS="3748" VPOS="1764" HEIGHT="20" WIDTH="16" STYLEREFS="Style_7" WC="0.961111111111111" CC="0"/>
						<SP ID="SP_1.1.5.32" HPOS="3752" VPOS="1744" WIDTH="48"/>
						<String CONTENT="Stewart," ID="St_1.1.5.33" HPOS="3844" VPOS="1688" HEIGHT="108" WIDTH="528" STYLEREFS="Style_7" WC="0.966666666666667" CC="00000000"/>
						<SP ID="SP_1.1.5.34" HPOS="4360" VPOS="1744" WIDTH="52"/>
						<String CONTENT="Ithaca." ID="St_1.1.5.35" HPOS="4456" VPOS="1688" HEIGHT="112" WIDTH="428" STYLEREFS="Style_7" WC="0.954444444444444" CC="0000334"/>
					</TextLine>
					<TextLine ID="TL_1.1.6" HPOS="312" VPOS="1816" HEIGHT="148" WIDTH="4380">
						<String CONTENT="N." ID="St_1.1.6.1" HPOS="312" VPOS="1836" HEIGHT="96" WIDTH="132" STYLEREFS="Style_7" WC="1" CC="00"/>
						<SP ID="SP_1.1.6.2" HPOS="428" VPOS="1908" WIDTH="44"/>
						<String CONTENT="Y" ID="St_1.1.6.3" HPOS="508" VPOS="1836" HEIGHT="92" WIDTH="92" STYLEREFS="Style_7" WC="0.916666666666667" CC="3"/>
						<String CONTENT=".," ID="St_1.1.6.4" HPOS="616" VPOS="1908" HEIGHT="28" WIDTH="48" STYLEREFS="Style_7" WC="0.87" CC="13"/>
						<SP ID="SP_1.1.6.5" HPOS="652" VPOS="1904" WIDTH="44"/>
						<String CONTENT="and" ID="St_1.1.6.6" HPOS="732" VPOS="1836" HEIGHT="92" WIDTH="224" STYLEREFS="Style_7" WC="0.922222222222222" CC="000"/>
						<SP ID="SP_1.1.6.7" HPOS="920" VPOS="1868" WIDTH="64"/>
						<String CONTENT="Arthur" ID="St_1.1.6.8" HPOS="1016" VPOS="1832" HEIGHT="96" WIDTH="444" STYLEREFS="Style_7" WC="0.953333333333333" CC="000000"/>
						<SP ID="SP_1.1.6.9" HPOS="1428" VPOS="1880" WIDTH="60"/>
						<String CONTENT="Kendall" ID="St_1.1.6.10" HPOS="1520" VPOS="1832" HEIGHT="92" WIDTH="500" STYLEREFS="Style_7" WC="0.951111111111111" CC="0040000"/>
						<SP ID="SP_1.1.6.11" HPOS="1996" VPOS="1868" WIDTH="56"/>
						<String CONTENT="Getman," ID="St_1.1.6.12" HPOS="2088" VPOS="1828" HEIGHT="128" WIDTH="524" STYLEREFS="Style_7" WC="0.922222222222222" CC="3140004"/>
						<SP ID="SP_1.1.6.13" HPOS="2596" VPOS="1900" WIDTH="44"/>
						<String CONTENT="Albany." ID="St_1.1.6.14" HPOS="2676" VPOS="1824" HEIGHT="140" WIDTH="484" STYLEREFS="Style_7" WC="0.926666666666667" CC="0000040"/>
						<SP ID="SP_1.1.6.15" HPOS="3148" VPOS="1900" WIDTH="92"/>
						<String CONTENT="(27-13513)" ID="St_1.1.6.16" HPOS="3332" VPOS="1820" HEIGHT="116" WIDTH="664" STYLEREFS="Style_7" WC="0.942222222222222" CC="0000000000"/>
						<SP ID="SP_1.1.6.17" HPOS="3976" VPOS="1840" WIDTH="436"/>
						<String CONTENT="4998" ID="St_1.1.6.18" HPOS="4412" VPOS="1816" HEIGHT="100" WIDTH="280" STYLEREFS="Style_7" WC="0.933333333333333" CC="0000"/>
					</TextLine>
					<TextLine ID="TL_1.1.7" HPOS="148" VPOS="2052" HEIGHT="148" WIDTH="2212">
						<String CONTENT="Tabb," ID="St_1.1.7.1" HPOS="148" VPOS="2052" HEIGHT="144" WIDTH="424" STYLEREFS="Style_7" WC="1" CC="00000"/>
						<SP ID="SP_1.1.7.2" HPOS="552" VPOS="2108" WIDTH="52"/>
						<String CONTENT="Jennie" ID="St_1.1.7.3" HPOS="644" VPOS="2052" HEIGHT="128" WIDTH="492" STYLEREFS="Style_7" WC="1" CC="000000"/>
						<SP ID="SP_1.1.7.4" HPOS="1100" VPOS="2080" WIDTH="68"/>
						<String CONTENT="Masters," ID="St_1.1.7.5" HPOS="1208" VPOS="2052" HEIGHT="148" WIDTH="668" STYLEREFS="Style_7" WC="1" CC="00000000"/>
						<SP ID="SP_1.1.7.6" HPOS="1852" VPOS="2104" WIDTH="60"/>
						<String CONTENT="1873" ID="St_1.1.7.7" HPOS="1956" VPOS="2052" HEIGHT="128" WIDTH="308" STYLEREFS="Style_7" WC="1" CC="0000"/>
						<String CONTENT="&#150;" ID="St_1.1.7.8" HPOS="2276" VPOS="2128" HEIGHT="16" WIDTH="84" STYLEREFS="Style_7" WC="1" CC="0"/>
					</TextLine>
					<TextLine ID="TL_1.1.8" HPOS="320" VPOS="2228" HEIGHT="176" WIDTH="4572">
						<String CONTENT="For" ID="St_1.1.8.1" HPOS="320" VPOS="2244" HEIGHT="124" WIDTH="280" STYLEREFS="Style_7" WC="1" CC="000"/>
						<SP ID="SP_1.1.8.2" HPOS="560" VPOS="2268" WIDTH="68"/>
						<String CONTENT="you," ID="St_1.1.8.3" HPOS="660" VPOS="2284" HEIGHT="120" WIDTH="308" STYLEREFS="Style_7" WC="1" CC="0000"/>
						<SP ID="SP_1.1.8.4" HPOS="948" VPOS="2292" WIDTH="48"/>
						<String CONTENT="by" ID="St_1.1.8.5" HPOS="1032" VPOS="2240" HEIGHT="160" WIDTH="176" STYLEREFS="Style_7" WC="1" CC="00"/>
						<SP ID="SP_1.1.8.6" HPOS="1160" VPOS="2264" WIDTH="80"/>
						<String CONTENT="Jennie" ID="St_1.1.8.7" HPOS="1276" VPOS="2236" HEIGHT="132" WIDTH="492" STYLEREFS="Style_8" WC="1" CC="000000"/>
						<SP ID="SP_1.1.8.8" HPOS="1728" VPOS="2264" WIDTH="68"/>
						<String CONTENT="M." ID="St_1.1.8.9" HPOS="1828" VPOS="2240" HEIGHT="124" WIDTH="188" STYLEREFS="Style_8" WC="0.973333333333333" CC="50"/>
						<SP ID="SP_1.1.8.10" HPOS="2000" VPOS="2292" WIDTH="52"/>
						<String CONTENT="Tabb." ID="St_1.1.8.11" HPOS="2092" VPOS="2236" HEIGHT="124" WIDTH="420" STYLEREFS="Style_8" WC="0.978888888888889" CC="00000"/>
						<SP ID="SP_1.1.8.12" HPOS="2496" VPOS="2288" WIDTH="92"/>
						<String CONTENT="Boston," ID="St_1.1.8.13" HPOS="2672" VPOS="2236" HEIGHT="156" WIDTH="560" STYLEREFS="Style_8" WC="0.983333333333333" CC="0000000"/>
						<SP ID="SP_1.1.8.14" HPOS="3208" VPOS="2292" WIDTH="52"/>
						<String CONTENT="Mass.," ID="St_1.1.8.15" HPOS="3300" VPOS="2232" HEIGHT="160" WIDTH="452" STYLEREFS="Style_8" WC="0.986666666666667" CC="000000"/>
						<SP ID="SP_1.1.8.16" HPOS="3732" VPOS="2292" WIDTH="52"/>
						<String CONTENT="The" ID="St_1.1.8.17" HPOS="3824" VPOS="2232" HEIGHT="124" WIDTH="284" STYLEREFS="Style_8" WC="0.987777777777778" CC="000"/>
						<SP ID="SP_1.1.8.18" HPOS="4072" VPOS="2260" WIDTH="72"/>
						<String CONTENT="Stratford" ID="St_1.1.8.19" HPOS="4184" VPOS="2228" HEIGHT="132" WIDTH="708" STYLEREFS="Style_8" WC="0.99" CC="000000000"/>
					</TextLine>
					<TextLine ID="TL_1.1.9" HPOS="152" VPOS="2428" HEIGHT="164" WIDTH="1136">
						<String CONTENT="company," ID="St_1.1.9.1" HPOS="152" VPOS="2472" HEIGHT="120" WIDTH="704" STYLEREFS="Style_8" WC="1" CC="00000000"/>
						<SP ID="SP_1.1.9.2" HPOS="836" VPOS="2476" WIDTH="56"/>
						<String CONTENT="1927." ID="St_1.1.9.3" HPOS="932" VPOS="2428" HEIGHT="128" WIDTH="356" STYLEREFS="Style_8" WC="1" CC="00000"/>
					</TextLine>
					<TextLine ID="TL_1.1.10" HPOS="312" VPOS="2652" HEIGHT="120" WIDTH="1600">
						<String CONTENT="7" ID="St_1.1.10.1" HPOS="312" VPOS="2664" HEIGHT="92" WIDTH="60" STYLEREFS="Style_8" WC="1" CC="0"/>
						<SP ID="SP_1.1.10.2" HPOS="336" VPOS="2664" WIDTH="68"/>
						<String CONTENT="p." ID="St_1.1.10.3" HPOS="440" VPOS="2688" HEIGHT="84" WIDTH="100" STYLEREFS="Style_8" WC="1" CC="00"/>
						<SP ID="SP_1.1.10.4" HPOS="528" VPOS="2700" WIDTH="44"/>
						<String CONTENT="1.," ID="St_1.1.10.5" HPOS="612" VPOS="2660" HEIGHT="108" WIDTH="108" STYLEREFS="Style_8" WC="1" CC="000"/>
						<SP ID="SP_1.1.10.6" HPOS="708" VPOS="2696" WIDTH="44"/>
						<String CONTENT="54" ID="St_1.1.10.7" HPOS="788" VPOS="2656" HEIGHT="96" WIDTH="128" STYLEREFS="Style_8" WC="1" CC="00"/>
						<SP ID="SP_1.1.10.8" HPOS="880" VPOS="2660" WIDTH="68"/>
						<String CONTENT="p." ID="St_1.1.10.9" HPOS="984" VPOS="2680" HEIGHT="92" WIDTH="104" STYLEREFS="Style_8" WC="1" CC="00"/>
						<SP ID="SP_1.1.10.10" HPOS="1072" VPOS="2664" WIDTH="156"/>
						<String CONTENT="19&#x0368;&#x036b;." ID="St_1.1.10.11" HPOS="1232" VPOS="2652" HEIGHT="116" WIDTH="680" STYLEREFS="Style_8" WC="0.925555555555556" CC="33004"/>
					</TextLine>
					<TextLine ID="TL_1.1.11" HPOS="320" VPOS="2828" HEIGHT="92" WIDTH="436">
						<String CONTENT="Poems." ID="St_1.1.11.1" HPOS="320" VPOS="2828" HEIGHT="92" WIDTH="436" STYLEREFS="Style_8" WC="0.888888888888889" CC="000411"/>
					</TextLine>
					<TextLine ID="TL_1.1.12" HPOS="212" VPOS="2980" HEIGHT="124" WIDTH="4692">
						<String CONTENT="&#169;" ID="St_1.1.12.1" HPOS="212" VPOS="2992" HEIGHT="112" WIDTH="72" STYLEREFS="Style_8" WC="1" CC="0"/>
						<SP ID="SP_1.1.12.2" HPOS="292" VPOS="2992" WIDTH="76"/>
						<String CONTENT="June" ID="St_1.1.12.3" HPOS="356" VPOS="2992" HEIGHT="96" WIDTH="300" STYLEREFS="Style_8" WC="0.851111111111111" CC="0000"/>
						<SP ID="SP_1.1.12.4" HPOS="624" VPOS="3012" WIDTH="64"/>
						<String CONTENT="10," ID="St_1.1.12.5" HPOS="724" VPOS="2988" HEIGHT="112" WIDTH="168" STYLEREFS="Style_8" WC="0.911111111111111" CC="000"/>
						<SP ID="SP_1.1.12.6" HPOS="876" VPOS="3036" WIDTH="48"/>
						<String CONTENT="1" ID="St_1.1.12.7" HPOS="964" VPOS="2992" HEIGHT="92" WIDTH="56" STYLEREFS="Style_8" WC="0.925555555555556" CC="0"/>
						<String CONTENT="9" ID="St_1.1.12.8" HPOS="1036" VPOS="2992" HEIGHT="92" WIDTH="60" STYLEREFS="Style_8" WC="0.931111111111111" CC="0"/>
						<String CONTENT="27;" ID="St_1.1.12.9" HPOS="1100" VPOS="2992" HEIGHT="108" WIDTH="196" STYLEREFS="Style_8" WC="0.944444444444444" CC="000"/>
						<SP ID="SP_1.1.12.10" HPOS="1280" VPOS="3012" WIDTH="52"/>
						<String CONTENT="2c." ID="St_1.1.12.11" HPOS="1376" VPOS="2992" HEIGHT="92" WIDTH="160" STYLEREFS="Style_8" WC="0.955555555555556" CC="000"/>
						<SP ID="SP_1.1.12.12" HPOS="1520" VPOS="3036" WIDTH="52"/>
						<String CONTENT="and" ID="St_1.1.12.13" HPOS="1612" VPOS="2992" HEIGHT="92" WIDTH="228" STYLEREFS="Style_8" WC="0.962222222222222" CC="000"/>
						<SP ID="SP_1.1.12.14" HPOS="1800" VPOS="3000" WIDTH="72"/>
						<String CONTENT="aff." ID="St_1.1.12.15" HPOS="1912" VPOS="2988" HEIGHT="96" WIDTH="196" STYLEREFS="Style_8" WC="0.968888888888889" CC="0000"/>
						<SP ID="SP_1.1.12.16" HPOS="2092" VPOS="3036" WIDTH="52"/>
						<String CONTENT="June" ID="St_1.1.12.17" HPOS="2188" VPOS="2988" HEIGHT="96" WIDTH="296" STYLEREFS="Style_8" WC="0.973333333333333" CC="0000"/>
						<SP ID="SP_1.1.12.18" HPOS="2452" VPOS="3012" WIDTH="68"/>
						<String CONTENT="14;" ID="St_1.1.12.19" HPOS="2560" VPOS="2988" HEIGHT="108" WIDTH="196" STYLEREFS="Style_8" WC="0.975555555555556" CC="000"/>
						<SP ID="SP_1.1.12.20" HPOS="2740" VPOS="3012" WIDTH="52"/>
						<String CONTENT="A" ID="St_1.1.12.21" HPOS="2836" VPOS="2984" HEIGHT="96" WIDTH="96" STYLEREFS="Style_8" WC="0.977777777777778" CC="0"/>
						<SP ID="SP_1.1.12.22" HPOS="2880" VPOS="2996" WIDTH="84"/>
						<String CONTENT="99" ID="St_1.1.12.23" HPOS="3004" VPOS="2988" HEIGHT="92" WIDTH="132" STYLEREFS="Style_8" WC="0.978888888888889" CC="00"/>
						<String CONTENT="05" ID="St_1.1.12.24" HPOS="3144" VPOS="2984" HEIGHT="96" WIDTH="132" STYLEREFS="Style_8" WC="0.98" CC="00"/>
						<String CONTENT="32;" ID="St_1.1.12.25" HPOS="3284" VPOS="2988" HEIGHT="108" WIDTH="200" STYLEREFS="Style_8" WC="0.981111111111111" CC="000"/>
						<SP ID="SP_1.1.12.26" HPOS="3468" VPOS="3008" WIDTH="56"/>
						<String CONTENT="Stratford" ID="St_1.1.12.27" HPOS="3572" VPOS="2980" HEIGHT="100" WIDTH="592" STYLEREFS="Style_8" WC="0.984444444444444" CC="000000000"/>
						<SP ID="SP_1.1.12.28" HPOS="4124" VPOS="3000" WIDTH="76"/>
						<String CONTENT="co.," ID="St_1.1.12.29" HPOS="4240" VPOS="3012" HEIGHT="76" WIDTH="188" STYLEREFS="Style_8" WC="0.985555555555556" CC="0000"/>
						<SP ID="SP_1.1.12.30" HPOS="4420" VPOS="3036" WIDTH="52"/>
						<String CONTENT="pubrs." ID="St_1.1.12.31" HPOS="4516" VPOS="2984" HEIGHT="116" WIDTH="388" STYLEREFS="Style_8" WC="0.963333333333333" CC="314411"/>
					</TextLine>
					<TextLine ID="TL_1.1.13" HPOS="344" VPOS="3148" HEIGHT="108" WIDTH="4360">
						<String CONTENT="(27-1" ID="St_1.1.13.1" HPOS="344" VPOS="3192" HEIGHT="52" WIDTH="320" STYLEREFS="Style_9" WC="1" CC="00000"/>
						<String CONTENT="3" ID="St_1.1.13.2" HPOS="676" VPOS="3192" HEIGHT="28" WIDTH="60" STYLEREFS="Style_9" WC="1" CC="0"/>
						<String CONTENT="7" ID="St_1.1.13.3" HPOS="752" VPOS="3192" HEIGHT="28" WIDTH="60" STYLEREFS="Style_9" WC="1" CC="0"/>
						<String CONTENT="7" ID="St_1.1.13.4" HPOS="820" VPOS="3192" HEIGHT="28" WIDTH="60" STYLEREFS="Style_9" WC="1" CC="0"/>
						<String CONTENT="3)" ID="St_1.1.13.5" HPOS="888" VPOS="3192" HEIGHT="44" WIDTH="116" STYLEREFS="Style_9" WC="1" CC="00"/>
						<SP ID="SP_1.1.13.6" HPOS="984" VPOS="3148" WIDTH="3440"/>
						<String CONTENT="49" ID="St_1.1.13.7" HPOS="4424" VPOS="3192" HEIGHT="24" WIDTH="132" STYLEREFS="Style_9" WC="0.657777777777778" CC="00"/>
						<String CONTENT="9" ID="St_1.1.13.8" HPOS="4572" VPOS="3192" HEIGHT="24" WIDTH="56" STYLEREFS="Style_9" WC="0.664444444444444" CC="0"/>
						<String CONTENT="9" ID="St_1.1.13.9" HPOS="4644" VPOS="3192" HEIGHT="24" WIDTH="60" STYLEREFS="Style_9" WC="0.67" CC="0"/>
					</TextLine>
					<TextLine ID="TL_1.1.14" HPOS="160" VPOS="3348" HEIGHT="156" WIDTH="2032">
						<String CONTENT="Taylor," ID="St_1.1.14.1" HPOS="160" VPOS="3348" HEIGHT="152" WIDTH="548" STYLEREFS="Style_9" WC="1" CC="0000000"/>
						<SP ID="SP_1.1.14.2" HPOS="688" VPOS="3396" WIDTH="52"/>
						<String CONTENT="Hugh" ID="St_1.1.14.3" HPOS="776" VPOS="3348" HEIGHT="156" WIDTH="428" STYLEREFS="Style_9" WC="1" CC="0000"/>
						<SP ID="SP_1.1.14.4" HPOS="1152" VPOS="3348" WIDTH="88"/>
						<String CONTENT="Stott," ID="St_1.1.14.5" HPOS="1280" VPOS="3348" HEIGHT="148" WIDTH="428" STYLEREFS="Style_9" WC="1" CC="000000"/>
						<SP ID="SP_1.1.14.6" HPOS="1688" VPOS="3396" WIDTH="56"/>
						<String CONTENT="1890" ID="St_1.1.14.7" HPOS="1788" VPOS="3356" HEIGHT="116" WIDTH="316" STYLEREFS="Style_10" WC="1" CC="0000"/>
						<String CONTENT="&#150;" ID="St_1.1.14.8" HPOS="2108" VPOS="3424" HEIGHT="16" WIDTH="84" STYLEREFS="Style_10" WC="1" CC="0"/>
					</TextLine>
					<TextLine ID="TL_1.1.15" HPOS="328" VPOS="3528" HEIGHT="172" WIDTH="4568">
						<String CONTENT="Elementary" ID="St_1.1.15.1" HPOS="328" VPOS="3540" HEIGHT="160" WIDTH="876" STYLEREFS="Style_10" WC="1" CC="0000000000"/>
						<SP ID="SP_1.1.15.2" HPOS="1156" VPOS="3560" WIDTH="80"/>
						<String CONTENT="physical" ID="St_1.1.15.3" HPOS="1276" VPOS="3532" HEIGHT="164" WIDTH="620" STYLEREFS="Style_10" WC="1" CC="00000000"/>
						<SP ID="SP_1.1.15.4" HPOS="1864" VPOS="3540" WIDTH="64"/>
						<String CONTENT="chemistry," ID="St_1.1.15.5" HPOS="1968" VPOS="3532" HEIGHT="164" WIDTH="776" STYLEREFS="Style_10" WC="1" CC="0000000000"/>
						<SP ID="SP_1.1.15.6" HPOS="2724" VPOS="3584" WIDTH="48"/>
						<String CONTENT="adapted" ID="St_1.1.15.7" HPOS="2812" VPOS="3532" HEIGHT="160" WIDTH="592" STYLEREFS="Style_10" WC="1" CC="0000000"/>
						<SP ID="SP_1.1.15.8" HPOS="3356" VPOS="3536" WIDTH="84"/>
						<String CONTENT="from" ID="St_1.1.15.9" HPOS="3484" VPOS="3532" HEIGHT="124" WIDTH="360" STYLEREFS="Style_10" WC="1" CC="0000"/>
						<SP ID="SP_1.1.15.10" HPOS="3772" VPOS="3560" WIDTH="104"/>
						<String CONTENT="A" ID="St_1.1.15.11" HPOS="3916" VPOS="3532" HEIGHT="124" WIDTH="132" STYLEREFS="Style_10" WC="1" CC="0"/>
						<SP ID="SP_1.1.15.12" HPOS="3976" VPOS="3536" WIDTH="100"/>
						<String CONTENT="treatise" ID="St_1.1.15.13" HPOS="4116" VPOS="3528" HEIGHT="128" WIDTH="548" STYLEREFS="Style_10" WC="1" CC="00000000"/>
						<SP ID="SP_1.1.15.14" HPOS="4624" VPOS="3556" WIDTH="68"/>
						<String CONTENT="on" ID="St_1.1.15.15" HPOS="4732" VPOS="3576" HEIGHT="80" WIDTH="164" STYLEREFS="Style_10" WC="1" CC="00"/>
					</TextLine>
					<TextLine ID="TL_1.1.16" HPOS="176" VPOS="3716" HEIGHT="172" WIDTH="4716">
						<String CONTENT="physical" ID="St_1.1.16.1" HPOS="176" VPOS="3724" HEIGHT="164" WIDTH="604" STYLEREFS="Style_10" WC="1" CC="00000000"/>
						<SP ID="SP_1.1.16.2" HPOS="752" VPOS="3728" WIDTH="56"/>
						<String CONTENT="chemistry," ID="St_1.1.16.3" HPOS="844" VPOS="3724" HEIGHT="160" WIDTH="768" STYLEREFS="Style_10" WC="1" CC="0000000000"/>
						<SP ID="SP_1.1.16.4" HPOS="1592" VPOS="3776" WIDTH="48"/>
						<String CONTENT="by" ID="St_1.1.16.5" HPOS="1672" VPOS="3720" HEIGHT="164" WIDTH="176" STYLEREFS="Style_10" WC="1" CC="00"/>
						<SP ID="SP_1.1.16.6" HPOS="1800" VPOS="3748" WIDTH="76"/>
						<String CONTENT="Hugh" ID="St_1.1.16.7" HPOS="1908" VPOS="3720" HEIGHT="164" WIDTH="428" STYLEREFS="Style_10" WC="1" CC="0000"/>
						<SP ID="SP_1.1.16.8" HPOS="2288" VPOS="3724" WIDTH="80"/>
						<String CONTENT="S." ID="St_1.1.16.9" HPOS="2408" VPOS="3716" HEIGHT="132" WIDTH="136" STYLEREFS="Style_10" WC="1" CC="00"/>
						<SP ID="SP_1.1.16.10" HPOS="2524" VPOS="3776" WIDTH="48"/>
						<String CONTENT="Taylor" ID="St_1.1.16.11" HPOS="2604" VPOS="3720" HEIGHT="160" WIDTH="516" STYLEREFS="Style_10" WC="1" CC="000000"/>
						<SP ID="SP_1.1.16.12" HPOS="3080" VPOS="3748" WIDTH="68"/>
						<String CONTENT="&#133;" ID="St_1.1.16.13" HPOS="3220" VPOS="3728" HEIGHT="136" WIDTH="84" STYLEREFS="Style_10" WC="1" CC="0"/>
						<SP ID="SP_1.1.16.14" HPOS="3304" VPOS="3808" WIDTH="92"/>
						<String CONTENT="New" ID="St_1.1.16.15" HPOS="3476" VPOS="3716" HEIGHT="128" WIDTH="328" STYLEREFS="Style_10" WC="1" CC="000"/>
						<SP ID="SP_1.1.16.16" HPOS="3740" VPOS="3744" WIDTH="92"/>
						<String CONTENT="York," ID="St_1.1.16.17" HPOS="3872" VPOS="3716" HEIGHT="160" WIDTH="428" STYLEREFS="Style_10" WC="1" CC="00000"/>
						<SP ID="SP_1.1.16.18" HPOS="4276" VPOS="3772" WIDTH="48"/>
						<String CONTENT="D." ID="St_1.1.16.19" HPOS="4360" VPOS="3716" HEIGHT="124" WIDTH="168" STYLEREFS="Style_10" WC="1" CC="00"/>
						<SP ID="SP_1.1.16.20" HPOS="4512" VPOS="3772" WIDTH="48"/>
						<String CONTENT="Van" ID="St_1.1.16.21" HPOS="4600" VPOS="3716" HEIGHT="124" WIDTH="292" STYLEREFS="Style_10" WC="1" CC="000"/>
					</TextLine>
					<TextLine ID="TL_1.1.17" HPOS="164" VPOS="3904" HEIGHT="168" WIDTH="2256">
						<String CONTENT="Nostrand" ID="St_1.1.17.1" HPOS="164" VPOS="3908" HEIGHT="128" WIDTH="684" STYLEREFS="Style_10" WC="1" CC="00000000"/>
						<SP ID="SP_1.1.17.2" HPOS="804" VPOS="3912" WIDTH="76"/>
						<String CONTENT="company," ID="St_1.1.17.3" HPOS="916" VPOS="3952" HEIGHT="120" WIDTH="708" STYLEREFS="Style_10" WC="1" CC="00000000"/>
						<SP ID="SP_1.1.17.4" HPOS="1608" VPOS="3960" WIDTH="48"/>
						<String CONTENT="inc.," ID="St_1.1.17.5" HPOS="1688" VPOS="3908" HEIGHT="156" WIDTH="304" STYLEREFS="Style_10" WC="1" CC="00000"/>
						<SP ID="SP_1.1.17.6" HPOS="1972" VPOS="3960" WIDTH="52"/>
						<String CONTENT="1927." ID="St_1.1.17.7" HPOS="2060" VPOS="3904" HEIGHT="128" WIDTH="360" STYLEREFS="Style_10" WC="1" CC="00000"/>
					</TextLine>
					<TextLine ID="TL_1.1.18" HPOS="332" VPOS="4128" HEIGHT="124" WIDTH="2948">
						<String CONTENT="i" ID="St_1.1.18.1" HPOS="332" VPOS="4136" HEIGHT="96" WIDTH="36" STYLEREFS="Style_10" WC="1" CC="0"/>
						<String CONTENT="x" ID="St_1.1.18.2" HPOS="380" VPOS="4164" HEIGHT="68" WIDTH="72" STYLEREFS="Style_10" WC="1" CC="0"/>
						<String CONTENT="," ID="St_1.1.18.3" HPOS="464" VPOS="4208" HEIGHT="40" WIDTH="24" STYLEREFS="Style_10" WC="1" CC="0"/>
						<SP ID="SP_1.1.18.4" HPOS="472" VPOS="4168" WIDTH="44"/>
						<String CONTENT="531" ID="St_1.1.18.5" HPOS="552" VPOS="4132" HEIGHT="100" WIDTH="200" STYLEREFS="Style_10" WC="1" CC="000"/>
						<SP ID="SP_1.1.18.6" HPOS="720" VPOS="4132" WIDTH="60"/>
						<String CONTENT="p." ID="St_1.1.18.7" HPOS="816" VPOS="4160" HEIGHT="84" WIDTH="100" STYLEREFS="Style_10" WC="1" CC="00"/>
						<SP ID="SP_1.1.18.8" HPOS="904" VPOS="4168" WIDTH="76"/>
						<String CONTENT="illus.," ID="St_1.1.18.9" HPOS="1048" VPOS="4132" HEIGHT="116" WIDTH="340" STYLEREFS="Style_10" WC="0.974444444444444" CC="0004000"/>
						<SP ID="SP_1.1.18.10" HPOS="1372" VPOS="4168" WIDTH="48"/>
						<String CONTENT="II" ID="St_1.1.18.11" HPOS="1452" VPOS="4140" HEIGHT="104" WIDTH="160" STYLEREFS="Style_10" WC="0.977777777777778" CC="00"/>
						<SP ID="SP_1.1.18.12" HPOS="1496" VPOS="4152" WIDTH="84"/>
						<String CONTENT="pl.," ID="St_1.1.18.13" HPOS="1608" VPOS="4136" HEIGHT="116" WIDTH="180" STYLEREFS="Style_10" WC="0.944444444444444" CC="1700"/>
						<SP ID="SP_1.1.18.14" HPOS="1776" VPOS="4168" WIDTH="44"/>
						<String CONTENT="diagrs." ID="St_1.1.18.15" HPOS="1852" VPOS="4132" HEIGHT="116" WIDTH="432" STYLEREFS="Style_10" WC="0.956666666666667" CC="0000000"/>
						<SP ID="SP_1.1.18.16" HPOS="2268" VPOS="4168" WIDTH="80"/>
						<String CONTENT="22&#x0368;&#x036b;." ID="St_1.1.18.17" HPOS="2412" VPOS="4132" HEIGHT="112" WIDTH="792" STYLEREFS="Style_10" WC="0.963333333333333" CC="00000"/>
						<SP ID="SP_1.1.18.18" HPOS="2680" VPOS="4140" WIDTH="220"/>
						<String CONTENT="$3.75" ID="St_1.1.18.19" HPOS="2968" VPOS="4128" HEIGHT="120" WIDTH="312" STYLEREFS="Style_10" WC="0.958888888888889" CC="00000"/>
					</TextLine>
					<TextLine ID="TL_1.1.19" HPOS="168" VPOS="4300" HEIGHT="116" WIDTH="4740">
						<String CONTENT="&#169;" ID="St_1.1.19.1" HPOS="168" VPOS="4300" HEIGHT="112" WIDTH="116" STYLEREFS="Style_10" WC="0.222222222222222" CC="7"/>
						<SP ID="SP_1.1.19.2" HPOS="284" VPOS="4300" WIDTH="80"/>
						<String CONTENT="May" ID="St_1.1.19.3" HPOS="368" VPOS="4308" HEIGHT="108" WIDTH="264" STYLEREFS="Style_10" WC="0.755555555555556" CC="000"/>
						<SP ID="SP_1.1.19.4" HPOS="596" VPOS="4328" WIDTH="68"/>
						<String CONTENT="23," ID="St_1.1.19.5" HPOS="696" VPOS="4304" HEIGHT="112" WIDTH="164" STYLEREFS="Style_10" WC="0.863333333333333" CC="000"/>
						<SP ID="SP_1.1.19.6" HPOS="848" VPOS="4352" WIDTH="48"/>
						<String CONTENT="192" ID="St_1.1.19.7" HPOS="932" VPOS="4304" HEIGHT="92" WIDTH="200" STYLEREFS="Style_10" WC="0.905555555555556" CC="000"/>
						<String CONTENT="7" ID="St_1.1.19.8" HPOS="1144" VPOS="4308" HEIGHT="92" WIDTH="60" STYLEREFS="Style_10" WC="0.912222222222222" CC="0"/>
						<String CONTENT=";" ID="St_1.1.19.9" HPOS="1244" VPOS="4328" HEIGHT="80" WIDTH="24" STYLEREFS="Style_10" WC="0.917777777777778" CC="0"/>
						<SP ID="SP_1.1.19.10" HPOS="1256" VPOS="4324" WIDTH="48"/>
						<String CONTENT="2c." ID="St_1.1.19.11" HPOS="1340" VPOS="4304" HEIGHT="96" WIDTH="160" STYLEREFS="Style_10" WC="0.935555555555556" CC="000"/>
						<SP ID="SP_1.1.19.12" HPOS="1488" VPOS="4352" WIDTH="48"/>
						<String CONTENT="June" ID="St_1.1.19.13" HPOS="1576" VPOS="4304" HEIGHT="92" WIDTH="300" STYLEREFS="Style_10" WC="0.93" CC="0004"/>
						<SP ID="SP_1.1.19.14" HPOS="1844" VPOS="4324" WIDTH="64"/>
						<String CONTENT="3;" ID="St_1.1.19.15" HPOS="1944" VPOS="4304" HEIGHT="108" WIDTH="128" STYLEREFS="Style_10" WC="0.937777777777778" CC="00"/>
						<SP ID="SP_1.1.19.16" HPOS="2056" VPOS="4324" WIDTH="52"/>
						<String CONTENT="aff." ID="St_1.1.19.17" HPOS="2148" VPOS="4312" HEIGHT="92" WIDTH="196" STYLEREFS="Style_10" WC="0.926666666666667" CC="0330"/>
						<SP ID="SP_1.1.19.18" HPOS="2328" VPOS="4348" WIDTH="48"/>
						<String CONTENT="June" ID="St_1.1.19.19" HPOS="2416" VPOS="4304" HEIGHT="92" WIDTH="300" STYLEREFS="Style_10" WC="0.936666666666667" CC="0000"/>
						<SP ID="SP_1.1.19.20" HPOS="2684" VPOS="4324" WIDTH="64"/>
						<String CONTENT="1" ID="St_1.1.19.21" HPOS="2788" VPOS="4304" HEIGHT="92" WIDTH="56" STYLEREFS="Style_10" WC="0.94" CC="0"/>
						<String CONTENT="6" ID="St_1.1.19.22" HPOS="2860" VPOS="4300" HEIGHT="96" WIDTH="60" STYLEREFS="Style_10" WC="0.941111111111111" CC="0"/>
						<String CONTENT=";" ID="St_1.1.19.23" HPOS="2960" VPOS="4328" HEIGHT="84" WIDTH="20" STYLEREFS="Style_10" WC="0.942222222222222" CC="0"/>
						<SP ID="SP_1.1.19.24" HPOS="2968" VPOS="4324" WIDTH="52"/>
						<String CONTENT="A" ID="St_1.1.19.25" HPOS="3064" VPOS="4304" HEIGHT="92" WIDTH="96" STYLEREFS="Style_10" WC="0.945555555555556" CC="0"/>
						<SP ID="SP_1.1.19.26" HPOS="3108" VPOS="4312" WIDTH="84"/>
						<String CONTENT="9960" ID="St_1.1.19.27" HPOS="3232" VPOS="4300" HEIGHT="104" WIDTH="272" STYLEREFS="Style_10" WC="0.938888888888889" CC="0041"/>
						<String CONTENT="3" ID="St_1.1.19.28" HPOS="3512" VPOS="4304" HEIGHT="92" WIDTH="60" STYLEREFS="Style_10" WC="0.937777777777778" CC="1"/>
						<String CONTENT="8" ID="St_1.1.19.29" HPOS="3584" VPOS="4324" HEIGHT="68" WIDTH="60" STYLEREFS="Style_10" WC="0.928888888888889" CC="5"/>
						<String CONTENT=";" ID="St_1.1.19.30" HPOS="3684" VPOS="4324" HEIGHT="88" WIDTH="24" STYLEREFS="Style_10" WC="0.93" CC="0"/>
						<SP ID="SP_1.1.19.31" HPOS="3692" VPOS="4324" WIDTH="52"/>
						<String CONTENT="D." ID="St_1.1.19.32" HPOS="3788" VPOS="4304" HEIGHT="92" WIDTH="132" STYLEREFS="Style_10" WC="0.933333333333333" CC="00"/>
						<SP ID="SP_1.1.19.33" HPOS="3908" VPOS="4348" WIDTH="48"/>
						<String CONTENT="Van" ID="St_1.1.19.34" HPOS="4000" VPOS="4304" HEIGHT="92" WIDTH="248" STYLEREFS="Style_10" WC="0.937777777777778" CC="000"/>
						<SP ID="SP_1.1.19.35" HPOS="4208" VPOS="4324" WIDTH="76"/>
						<String CONTENT="Nostrand" ID="St_1.1.19.36" HPOS="4324" VPOS="4300" HEIGHT="96" WIDTH="584" STYLEREFS="Style_10" WC="0.946666666666667" CC="00000000"/>
					</TextLine>
					<TextLine ID="TL_1.1.20" HPOS="324" VPOS="4432" HEIGHT="140" WIDTH="4364">
						<String CONTENT="co.," ID="St_1.1.20.1" HPOS="324" VPOS="4468" HEIGHT="84" WIDTH="192" STYLEREFS="Style_10" WC="1" CC="0000"/>
						<SP ID="SP_1.1.20.2" HPOS="504" VPOS="4508" WIDTH="52"/>
						<String CONTENT="in" ID="St_1.1.20.3" HPOS="596" VPOS="4440" HEIGHT="92" WIDTH="120" STYLEREFS="Style_10" WC="0.904444444444445" CC="11"/>
						<String CONTENT="c" ID="St_1.1.20.4" HPOS="716" VPOS="4484" HEIGHT="76" WIDTH="60" STYLEREFS="Style_10" WC="0.846666666666667" CC="5"/>
						<String CONTENT="." ID="St_1.1.20.5" HPOS="792" VPOS="4516" HEIGHT="20" WIDTH="20" STYLEREFS="Style_10" WC="0.863333333333333" CC="0"/>
						<SP ID="SP_1.1.20.6" HPOS="800" VPOS="4508" WIDTH="92"/>
						<String CONTENT="(27-13804)" ID="St_1.1.20.7" HPOS="980" VPOS="4436" HEIGHT="120" WIDTH="664" STYLEREFS="Style_10" WC="0.938888888888889" CC="0000000000"/>
						<SP ID="SP_1.1.20.8" HPOS="1628" VPOS="4460" WIDTH="2776"/>
						<String CONTENT="5000" ID="St_1.1.20.9" HPOS="4404" VPOS="4432" HEIGHT="100" WIDTH="284" STYLEREFS="Style_10" WC="0.725555555555556" CC="0000"/>
					</TextLine>
					<TextLine ID="TL_1.1.21" HPOS="164" VPOS="4660" HEIGHT="160" WIDTH="2112">
						<String CONTENT="Texas." ID="St_1.1.21.1" HPOS="164" VPOS="4660" HEIGHT="124" WIDTH="496" STYLEREFS="Style_10" WC="1" CC="000000"/>
						<SP ID="SP_1.1.21.2" HPOS="640" VPOS="4708" WIDTH="108"/>
						<String CONTENT="Laws," ID="St_1.1.21.3" HPOS="836" VPOS="4660" HEIGHT="160" WIDTH="436" STYLEREFS="Style_11" WC="1" CC="00000"/>
						<SP ID="SP_1.1.21.4" HPOS="1252" VPOS="4712" WIDTH="56"/>
						<String CONTENT="statutes," ID="St_1.1.21.5" HPOS="1352" VPOS="4676" HEIGHT="144" WIDTH="608" STYLEREFS="Style_11" WC="1" CC="000000000"/>
						<SP ID="SP_1.1.21.6" HPOS="1944" VPOS="4712" WIDTH="56"/>
						<String CONTENT="etc." ID="St_1.1.21.7" HPOS="2040" VPOS="4676" HEIGHT="112" WIDTH="236" STYLEREFS="Style_11" WC="1" CC="0000"/>
					</TextLine>
					<TextLine ID="TL_1.1.22" HPOS="328" VPOS="4840" HEIGHT="132" WIDTH="4588">
						<String CONTENT="Vernon&apos;s" ID="St_1.1.22.1" HPOS="328" VPOS="4844" HEIGHT="128" WIDTH="660" STYLEREFS="Style_11" WC="1" CC="00000000"/>
						<SP ID="SP_1.1.22.2" HPOS="956" VPOS="4872" WIDTH="84"/>
						<String CONTENT="annotated" ID="St_1.1.22.3" HPOS="1096" VPOS="4848" HEIGHT="124" WIDTH="732" STYLEREFS="Style_11" WC="1" CC="000000000"/>
						<SP ID="SP_1.1.22.4" HPOS="1784" VPOS="4848" WIDTH="96"/>
						<String CONTENT="Revised" ID="St_1.1.22.5" HPOS="1936" VPOS="4844" HEIGHT="128" WIDTH="580" STYLEREFS="Style_11" WC="1" CC="0000000"/>
						<SP ID="SP_1.1.22.6" HPOS="2472" VPOS="4848" WIDTH="96"/>
						<String CONTENT="civil" ID="St_1.1.22.7" HPOS="2624" VPOS="4844" HEIGHT="128" WIDTH="324" STYLEREFS="Style_11" WC="1" CC="00000"/>
						<SP ID="SP_1.1.22.8" HPOS="2920" VPOS="4848" WIDTH="76"/>
						<String CONTENT="statutes" ID="St_1.1.22.9" HPOS="3048" VPOS="4856" HEIGHT="116" WIDTH="568" STYLEREFS="Style_11" WC="1" CC="00000000"/>
						<SP ID="SP_1.1.22.10" HPOS="3584" VPOS="4872" WIDTH="84"/>
						<String CONTENT="of" ID="St_1.1.22.11" HPOS="3724" VPOS="4844" HEIGHT="124" WIDTH="152" STYLEREFS="Style_11" WC="1" CC="00"/>
						<SP ID="SP_1.1.22.12" HPOS="3840" VPOS="4848" WIDTH="88"/>
						<String CONTENT="the" ID="St_1.1.22.13" HPOS="3980" VPOS="4844" HEIGHT="128" WIDTH="228" STYLEREFS="Style_11" WC="1" CC="000"/>
						<SP ID="SP_1.1.22.14" HPOS="4172" VPOS="4868" WIDTH="84"/>
						<String CONTENT="state" ID="St_1.1.22.15" HPOS="4312" VPOS="4856" HEIGHT="116" WIDTH="344" STYLEREFS="Style_11" WC="1" CC="00000"/>
						<SP ID="SP_1.1.22.16" HPOS="4620" VPOS="4868" WIDTH="88"/>
						<String CONTENT="of" ID="St_1.1.22.17" HPOS="4764" VPOS="4840" HEIGHT="124" WIDTH="152" STYLEREFS="Style_11" WC="1" CC="00"/>
					</TextLine>
					<TextLine ID="TL_1.1.23" HPOS="164" VPOS="5028" HEIGHT="164" WIDTH="4740">
						<String CONTENT="Texas," ID="St_1.1.23.1" HPOS="164" VPOS="5032" HEIGHT="156" WIDTH="476" STYLEREFS="Style_11" WC="1" CC="000000"/>
						<SP ID="SP_1.1.23.2" HPOS="624" VPOS="5080" WIDTH="60"/>
						<String CONTENT="revision" ID="St_1.1.23.3" HPOS="732" VPOS="5032" HEIGHT="124" WIDTH="584" STYLEREFS="Style_11" WC="1" CC="00000000"/>
						<SP ID="SP_1.1.23.4" HPOS="1268" VPOS="5056" WIDTH="92"/>
						<String CONTENT="of" ID="St_1.1.23.5" HPOS="1408" VPOS="5032" HEIGHT="124" WIDTH="152" STYLEREFS="Style_11" WC="1" CC="00"/>
						<SP ID="SP_1.1.23.6" HPOS="1524" VPOS="5032" WIDTH="80"/>
						<String CONTENT="1925," ID="St_1.1.23.7" HPOS="1656" VPOS="5036" HEIGHT="152" WIDTH="360" STYLEREFS="Style_11" WC="1" CC="00000"/>
						<SP ID="SP_1.1.23.8" HPOS="2000" VPOS="5084" WIDTH="56"/>
						<String CONTENT="including" ID="St_1.1.23.9" HPOS="2104" VPOS="5032" HEIGHT="160" WIDTH="712" STYLEREFS="Style_11" WC="1" CC="000000000"/>
						<SP ID="SP_1.1.23.10" HPOS="2768" VPOS="5052" WIDTH="88"/>
						<String CONTENT="all" ID="St_1.1.23.11" HPOS="2904" VPOS="5032" HEIGHT="124" WIDTH="184" STYLEREFS="Style_11" WC="1" CC="000"/>
						<SP ID="SP_1.1.23.12" HPOS="3064" VPOS="5032" WIDTH="68"/>
						<String CONTENT="laws" ID="St_1.1.23.13" HPOS="3180" VPOS="5032" HEIGHT="124" WIDTH="328" STYLEREFS="Style_11" WC="1" CC="0000"/>
						<SP ID="SP_1.1.23.14" HPOS="3476" VPOS="5056" WIDTH="72"/>
						<String CONTENT="of" ID="St_1.1.23.15" HPOS="3596" VPOS="5028" HEIGHT="128" WIDTH="148" STYLEREFS="Style_11" WC="1" CC="00"/>
						<SP ID="SP_1.1.23.16" HPOS="3712" VPOS="5032" WIDTH="76"/>
						<String CONTENT="general" ID="St_1.1.23.17" HPOS="3836" VPOS="5032" HEIGHT="160" WIDTH="548" STYLEREFS="Style_11" WC="1" CC="0000000"/>
						<SP ID="SP_1.1.23.18" HPOS="4356" VPOS="5032" WIDTH="68"/>
						<String CONTENT="appli-" ID="St_1.1.23.19" HPOS="4472" VPOS="5028" HEIGHT="160" WIDTH="432" STYLEREFS="Style_11" WC="1" CC="000000"/>
					</TextLine>
					<TextLine ID="TL_1.1.24" HPOS="164" VPOS="5212" HEIGHT="164" WIDTH="4744">
						<String CONTENT="cation" ID="St_1.1.24.1" HPOS="164" VPOS="5216" HEIGHT="124" WIDTH="448" STYLEREFS="Style_11" WC="1" CC="000000"/>
						<SP ID="SP_1.1.24.2" HPOS="564" VPOS="5240" WIDTH="92"/>
						<String CONTENT="passed" ID="St_1.1.24.3" HPOS="700" VPOS="5216" HEIGHT="160" WIDTH="480" STYLEREFS="Style_11" WC="1" CC="000000"/>
						<SP ID="SP_1.1.24.4" HPOS="1136" VPOS="5216" WIDTH="84"/>
						<String CONTENT="by" ID="St_1.1.24.5" HPOS="1268" VPOS="5216" HEIGHT="160" WIDTH="176" STYLEREFS="Style_11" WC="1" CC="00"/>
						<SP ID="SP_1.1.24.6" HPOS="1396" VPOS="5236" WIDTH="88"/>
						<String CONTENT="the" ID="St_1.1.24.7" HPOS="1532" VPOS="5216" HEIGHT="124" WIDTH="224" STYLEREFS="Style_11" WC="1" CC="000"/>
						<SP ID="SP_1.1.24.8" HPOS="1720" VPOS="5240" WIDTH="76"/>
						<String CONTENT="regular" ID="St_1.1.24.9" HPOS="1844" VPOS="5216" HEIGHT="160" WIDTH="548" STYLEREFS="Style_11" WC="1" CC="0000000"/>
						<SP ID="SP_1.1.24.10" HPOS="2352" VPOS="5240" WIDTH="76"/>
						<String CONTENT="session" ID="St_1.1.24.11" HPOS="2472" VPOS="5216" HEIGHT="124" WIDTH="504" STYLEREFS="Style_11" WC="1" CC="0000000"/>
						<SP ID="SP_1.1.24.12" HPOS="2928" VPOS="5240" WIDTH="88"/>
						<String CONTENT="of" ID="St_1.1.24.13" HPOS="3064" VPOS="5212" HEIGHT="128" WIDTH="152" STYLEREFS="Style_11" WC="1" CC="00"/>
						<SP ID="SP_1.1.24.14" HPOS="3184" VPOS="5216" WIDTH="72"/>
						<String CONTENT="the" ID="St_1.1.24.15" HPOS="3300" VPOS="5216" HEIGHT="124" WIDTH="228" STYLEREFS="Style_11" WC="1" CC="000"/>
						<SP ID="SP_1.1.24.16" HPOS="3492" VPOS="5240" WIDTH="80"/>
						<String CONTENT="39th" ID="St_1.1.24.17" HPOS="3620" VPOS="5216" HEIGHT="124" WIDTH="312" STYLEREFS="Style_11" WC="1" CC="0000"/>
						<SP ID="SP_1.1.24.18" HPOS="3884" VPOS="5216" WIDTH="88"/>
						<String CONTENT="Legislature." ID="St_1.1.24.19" HPOS="4024" VPOS="5212" HEIGHT="164" WIDTH="884" STYLEREFS="Style_11" WC="0.992222222222222" CC="000000000004"/>
					</TextLine>
					<TextLine ID="TL_1.1.25" HPOS="168" VPOS="5396" HEIGHT="132" WIDTH="4748">
						<String CONTENT="with" ID="St_1.1.25.1" HPOS="168" VPOS="5400" HEIGHT="124" WIDTH="324" STYLEREFS="Style_11" WC="1" CC="0000"/>
						<SP ID="SP_1.1.25.2" HPOS="448" VPOS="5396" WIDTH="84"/>
						<String CONTENT="historical" ID="St_1.1.25.3" HPOS="580" VPOS="5400" HEIGHT="128" WIDTH="708" STYLEREFS="Style_11" WC="1" CC="0000000000"/>
						<SP ID="SP_1.1.25.4" HPOS="1260" VPOS="5396" WIDTH="68"/>
						<String CONTENT="notes" ID="St_1.1.25.5" HPOS="1368" VPOS="5412" HEIGHT="116" WIDTH="376" STYLEREFS="Style_11" WC="1" CC="00000"/>
						<SP ID="SP_1.1.25.6" HPOS="1712" VPOS="5420" WIDTH="72"/>
						<String CONTENT="and" ID="St_1.1.25.7" HPOS="1832" VPOS="5400" HEIGHT="128" WIDTH="264" STYLEREFS="Style_11" WC="1" CC="000"/>
						<SP ID="SP_1.1.25.8" HPOS="2052" VPOS="5396" WIDTH="84"/>
						<String CONTENT="notes" ID="St_1.1.25.9" HPOS="2176" VPOS="5412" HEIGHT="116" WIDTH="380" STYLEREFS="Style_11" WC="1" CC="00000"/>
						<SP ID="SP_1.1.25.10" HPOS="2524" VPOS="5420" WIDTH="72"/>
						<String CONTENT="of" ID="St_1.1.25.11" HPOS="2640" VPOS="5400" HEIGHT="128" WIDTH="156" STYLEREFS="Style_11" WC="1" CC="00"/>
						<SP ID="SP_1.1.25.12" HPOS="2760" VPOS="5396" WIDTH="76"/>
						<String CONTENT="decisions." ID="St_1.1.25.13" HPOS="2880" VPOS="5400" HEIGHT="128" WIDTH="696" STYLEREFS="Style_11" WC="1" CC="0000000000"/>
						<SP ID="SP_1.1.25.14" HPOS="3560" VPOS="5444" WIDTH="100"/>
						<String CONTENT="Constitution" ID="St_1.1.25.15" HPOS="3752" VPOS="5396" HEIGHT="132" WIDTH="924" STYLEREFS="Style_11" WC="1" CC="000000000000"/>
						<SP ID="SP_1.1.25.16" HPOS="4632" VPOS="5416" WIDTH="84"/>
						<String CONTENT="of" ID="St_1.1.25.17" HPOS="4764" VPOS="5396" HEIGHT="124" WIDTH="152" STYLEREFS="Style_11" WC="1" CC="00"/>
					</TextLine>
					<TextLine ID="TL_1.1.26" HPOS="164" VPOS="5584" HEIGHT="164" WIDTH="4744">
						<String CONTENT="state" ID="St_1.1.26.1" HPOS="164" VPOS="5600" HEIGHT="108" WIDTH="340" STYLEREFS="Style_11" WC="1" CC="00000"/>
						<SP ID="SP_1.1.26.2" HPOS="468" VPOS="5608" WIDTH="100"/>
						<String CONTENT="of" ID="St_1.1.26.3" HPOS="636" VPOS="5584" HEIGHT="124" WIDTH="148" STYLEREFS="Style_11" WC="1" CC="00"/>
						<SP ID="SP_1.1.26.4" HPOS="752" VPOS="5584" WIDTH="96"/>
						<String CONTENT="Texas" ID="St_1.1.26.5" HPOS="916" VPOS="5588" HEIGHT="124" WIDTH="436" STYLEREFS="Style_11" WC="1" CC="00000"/>
						<SP ID="SP_1.1.26.6" HPOS="1320" VPOS="5612" WIDTH="88"/>
						<String CONTENT="(annotated)" ID="St_1.1.26.7" HPOS="1464" VPOS="5584" HEIGHT="164" WIDTH="872" STYLEREFS="Style_11" WC="1" CC="00000000000"/>
						<SP ID="SP_1.1.26.8" HPOS="2312" VPOS="5584" WIDTH="104"/>
						<String CONTENT="&#133;" ID="St_1.1.26.9" HPOS="2460" VPOS="5596" HEIGHT="128" WIDTH="84" STYLEREFS="Style_11" WC="1" CC="0"/>
						<SP ID="SP_1.1.26.10" HPOS="2620" VPOS="5596" WIDTH="376"/>
						<String CONTENT="Annotations" ID="St_1.1.26.11" HPOS="2868" VPOS="5588" HEIGHT="124" WIDTH="924" STYLEREFS="Style_11" WC="0.95" CC="00000000000"/>
						<SP ID="SP_1.1.26.12" HPOS="3756" VPOS="5612" WIDTH="104"/>
						<String CONTENT="&#133;" ID="St_1.1.26.13" HPOS="3900" VPOS="5596" HEIGHT="128" WIDTH="84" STYLEREFS="Style_11" WC="0.952222222222222" CC="0"/>
						<SP ID="SP_1.1.26.14" HPOS="4052" VPOS="5668" WIDTH="88"/>
						<String CONTENT="are" ID="St_1.1.26.15" HPOS="4216" VPOS="5628" HEIGHT="84" WIDTH="224" STYLEREFS="Style_11" WC="0.955555555555556" CC="000"/>
						<SP ID="SP_1.1.26.16" HPOS="4400" VPOS="5608" WIDTH="100"/>
						<String CONTENT="c" ID="St_1.1.26.17" HPOS="4568" VPOS="5628" HEIGHT="84" WIDTH="64" STYLEREFS="Style_11" WC="0.957777777777778" CC="0"/>
						<String CONTENT="o" ID="St_1.1.26.18" HPOS="4644" VPOS="5628" HEIGHT="80" WIDTH="72" STYLEREFS="Style_11" WC="0.957777777777778" CC="0"/>
						<String CONTENT="m-" ID="St_1.1.26.19" HPOS="4728" VPOS="5632" HEIGHT="76" WIDTH="180" STYLEREFS="Style_11" WC="0.96" CC="00"/>
					</TextLine>
					<TextLine ID="TL_1.1.27" HPOS="172" VPOS="5768" HEIGHT="164" WIDTH="4736">
						<String CONTENT="plete" ID="St_1.1.27.1" HPOS="172" VPOS="5772" HEIGHT="160" WIDTH="352" STYLEREFS="Style_11" WC="1" CC="00000"/>
						<SP ID="SP_1.1.27.2" HPOS="488" VPOS="5792" WIDTH="92"/>
						<String CONTENT="to" ID="St_1.1.27.3" HPOS="640" VPOS="5784" HEIGHT="108" WIDTH="140" STYLEREFS="Style_11" WC="1" CC="00"/>
						<SP ID="SP_1.1.27.4" HPOS="740" VPOS="5792" WIDTH="96"/>
						<String CONTENT="January" ID="St_1.1.27.5" HPOS="900" VPOS="5772" HEIGHT="160" WIDTH="624" STYLEREFS="Style_11" WC="1" CC="0000000"/>
						<SP ID="SP_1.1.27.6" HPOS="1476" VPOS="5792" WIDTH="108"/>
						<String CONTENT="1," ID="St_1.1.27.7" HPOS="1648" VPOS="5780" HEIGHT="148" WIDTH="108" STYLEREFS="Style_11" WC="1" CC="00"/>
						<SP ID="SP_1.1.27.8" HPOS="1740" VPOS="5820" WIDTH="80"/>
						<String CONTENT="1927," ID="St_1.1.27.9" HPOS="1884" VPOS="5772" HEIGHT="156" WIDTH="356" STYLEREFS="Style_11" WC="1" CC="00000"/>
						<SP ID="SP_1.1.27.10" HPOS="2220" VPOS="5820" WIDTH="76"/>
						<String CONTENT="and" ID="St_1.1.27.11" HPOS="2360" VPOS="5772" HEIGHT="124" WIDTH="264" STYLEREFS="Style_11" WC="1" CC="000"/>
						<SP ID="SP_1.1.27.12" HPOS="2580" VPOS="5772" WIDTH="104"/>
						<String CONTENT="include" ID="St_1.1.27.13" HPOS="2748" VPOS="5772" HEIGHT="124" WIDTH="536" STYLEREFS="Style_11" WC="1" CC="0000000"/>
						<SP ID="SP_1.1.27.14" HPOS="3248" VPOS="5792" WIDTH="92"/>
						<String CONTENT="volumes" ID="St_1.1.27.15" HPOS="3404" VPOS="5772" HEIGHT="124" WIDTH="596" STYLEREFS="Style_11" WC="1" CC="0000000"/>
						<SP ID="SP_1.1.27.16" HPOS="3968" VPOS="5796" WIDTH="88"/>
						<String CONTENT="287" ID="St_1.1.27.17" HPOS="4120" VPOS="5772" HEIGHT="124" WIDTH="240" STYLEREFS="Style_11" WC="1" CC="000"/>
						<SP ID="SP_1.1.27.18" HPOS="4320" VPOS="5772" WIDTH="100"/>
						<String CONTENT="South" ID="St_1.1.27.19" HPOS="4484" VPOS="5768" HEIGHT="132" WIDTH="424" STYLEREFS="Style_11" WC="1" CC="00000"/>
					</TextLine>
					<TextLine ID="TL_1.1.28" HPOS="172" VPOS="5956" HEIGHT="164" WIDTH="4748">
						<String CONTENT="western" ID="St_1.1.28.1" HPOS="172" VPOS="5972" HEIGHT="108" WIDTH="560" STYLEREFS="Style_11" WC="1" CC="0000000"/>
						<SP ID="SP_1.1.28.2" HPOS="684" VPOS="5980" WIDTH="96"/>
						<String CONTENT="reporter;" ID="St_1.1.28.3" HPOS="832" VPOS="5972" HEIGHT="144" WIDTH="676" STYLEREFS="Style_11" WC="1" CC="000000000"/>
						<SP ID="SP_1.1.28.4" HPOS="1488" VPOS="5980" WIDTH="72"/>
						<String CONTENT="15" ID="St_1.1.28.5" HPOS="1616" VPOS="5964" HEIGHT="116" WIDTH="152" STYLEREFS="Style_11" WC="1" CC="00"/>
						<SP ID="SP_1.1.28.6" HPOS="1728" VPOS="5960" WIDTH="84"/>
						<String CONTENT="Federal" ID="St_1.1.28.7" HPOS="1864" VPOS="5956" HEIGHT="124" WIDTH="580" STYLEREFS="Style_11" WC="1" CC="0000000"/>
						<SP ID="SP_1.1.28.8" HPOS="2416" VPOS="5960" WIDTH="72"/>
						<String CONTENT="reporter" ID="St_1.1.28.9" HPOS="2540" VPOS="5972" HEIGHT="144" WIDTH="612" STYLEREFS="Style_11" WC="1" CC="00000000"/>
						<SP ID="SP_1.1.28.10" HPOS="3116" VPOS="5980" WIDTH="92"/>
						<String CONTENT="(second" ID="St_1.1.28.11" HPOS="3272" VPOS="5956" HEIGHT="164" WIDTH="544" STYLEREFS="Style_11" WC="1" CC="0000000"/>
						<SP ID="SP_1.1.28.12" HPOS="3768" VPOS="5960" WIDTH="92"/>
						<String CONTENT="series)" ID="St_1.1.28.13" HPOS="3912" VPOS="5960" HEIGHT="136" WIDTH="472" STYLEREFS="Style_11" WC="1" CC="0000000"/>
						<SP ID="SP_1.1.28.14" HPOS="4356" VPOS="5960" WIDTH="88"/>
						<String CONTENT="pages" ID="St_1.1.28.15" HPOS="4508" VPOS="6000" HEIGHT="120" WIDTH="412" STYLEREFS="Style_11" WC="1" CC="00000"/>
					</TextLine>
					<TextLine ID="TL_1.1.29" HPOS="180" VPOS="6140" HEIGHT="168" WIDTH="4744">
						<String CONTENT="1" ID="St_1.1.29.1" HPOS="180" VPOS="6152" HEIGHT="112" WIDTH="60" STYLEREFS="Style_11" WC="1" CC="0"/>
						<SP ID="SP_1.1.29.2" HPOS="208" VPOS="6148" WIDTH="72"/>
						<String CONTENT="to" ID="St_1.1.29.3" HPOS="320" VPOS="6156" HEIGHT="108" WIDTH="136" STYLEREFS="Style_11" WC="1" CC="00"/>
						<SP ID="SP_1.1.29.4" HPOS="416" VPOS="6164" WIDTH="84"/>
						<String CONTENT="608;" ID="St_1.1.29.5" HPOS="540" VPOS="6148" HEIGHT="152" WIDTH="300" STYLEREFS="Style_11" WC="1" CC="0000"/>
						<SP ID="SP_1.1.29.6" HPOS="824" VPOS="6164" WIDTH="56"/>
						<String CONTENT="47" ID="St_1.1.29.7" HPOS="928" VPOS="6140" HEIGHT="128" WIDTH="156" STYLEREFS="Style_11" WC="1" CC="00"/>
						<SP ID="SP_1.1.29.8" HPOS="1044" VPOS="6140" WIDTH="80"/>
						<String CONTENT="Supreme" ID="St_1.1.29.9" HPOS="1168" VPOS="6140" HEIGHT="160" WIDTH="656" STYLEREFS="Style_11" WC="1" CC="0000000"/>
						<SP ID="SP_1.1.29.10" HPOS="1784" VPOS="6164" WIDTH="72"/>
						<String CONTENT="court" ID="St_1.1.29.11" HPOS="1896" VPOS="6152" HEIGHT="116" WIDTH="384" STYLEREFS="Style_11" WC="1" CC="00000"/>
						<SP ID="SP_1.1.29.12" HPOS="2248" VPOS="6148" WIDTH="68"/>
						<String CONTENT="reporter," ID="St_1.1.29.13" HPOS="2356" VPOS="6156" HEIGHT="148" WIDTH="652" STYLEREFS="Style_11" WC="1" CC="000000000"/>
						<SP ID="SP_1.1.29.14" HPOS="2988" VPOS="6192" WIDTH="56"/>
						<String CONTENT="pages" ID="St_1.1.29.15" HPOS="3084" VPOS="6188" HEIGHT="120" WIDTH="412" STYLEREFS="Style_11" WC="1" CC="00000"/>
						<SP ID="SP_1.1.29.16" HPOS="3464" VPOS="6168" WIDTH="68"/>
						<String CONTENT="1" ID="St_1.1.29.17" HPOS="3576" VPOS="6152" HEIGHT="112" WIDTH="60" STYLEREFS="Style_11" WC="1" CC="0"/>
						<SP ID="SP_1.1.29.18" HPOS="3600" VPOS="6148" WIDTH="76"/>
						<String CONTENT="to" ID="St_1.1.29.19" HPOS="3720" VPOS="6156" HEIGHT="112" WIDTH="140" STYLEREFS="Style_11" WC="1" CC="00"/>
						<SP ID="SP_1.1.29.20" HPOS="3820" VPOS="6164" WIDTH="76"/>
						<String CONTENT="217." ID="St_1.1.29.21" HPOS="3940" VPOS="6144" HEIGHT="128" WIDTH="276" STYLEREFS="Style_11" WC="1" CC="0000"/>
						<SP ID="SP_1.1.29.22" HPOS="4204" VPOS="6192" WIDTH="92"/>
						<String CONTENT="Kansas" ID="St_1.1.29.23" HPOS="4384" VPOS="6144" HEIGHT="128" WIDTH="540" STYLEREFS="Style_11" WC="1" CC="000000"/>
					</TextLine>
					<TextLine ID="TL_1.1.30" HPOS="172" VPOS="6324" HEIGHT="168" WIDTH="3324">
						<String CONTENT="City," ID="St_1.1.30.1" HPOS="172" VPOS="6324" HEIGHT="168" WIDTH="364" STYLEREFS="Style_11" WC="1" CC="00000"/>
						<SP ID="SP_1.1.30.2" HPOS="520" VPOS="6380" WIDTH="48"/>
						<String CONTENT="Mo.," ID="St_1.1.30.3" HPOS="604" VPOS="6324" HEIGHT="160" WIDTH="320" STYLEREFS="Style_11" WC="1" CC="0000"/>
						<SP ID="SP_1.1.30.4" HPOS="904" VPOS="6380" WIDTH="52"/>
						<String CONTENT="Vernon" ID="St_1.1.30.5" HPOS="988" VPOS="6328" HEIGHT="124" WIDTH="552" STYLEREFS="Style_11" WC="1" CC="000000"/>
						<SP ID="SP_1.1.30.6" HPOS="1492" VPOS="6352" WIDTH="80"/>
						<String CONTENT="law" ID="St_1.1.30.7" HPOS="1608" VPOS="6324" HEIGHT="128" WIDTH="264" STYLEREFS="Style_11" WC="1" CC="000"/>
						<SP ID="SP_1.1.30.8" HPOS="1808" VPOS="6352" WIDTH="92"/>
						<String CONTENT="book" ID="St_1.1.30.9" HPOS="1936" VPOS="6324" HEIGHT="128" WIDTH="352" STYLEREFS="Style_11" WC="0.982222222222222" CC="4000"/>
						<SP ID="SP_1.1.30.10" HPOS="2236" VPOS="6328" WIDTH="80"/>
						<String CONTENT="company," ID="St_1.1.30.11" HPOS="2356" VPOS="6368" HEIGHT="124" WIDTH="708" STYLEREFS="Style_11" WC="0.986666666666667" CC="00000000"/>
						<SP ID="SP_1.1.30.12" HPOS="3048" VPOS="6380" WIDTH="52"/>
						<String CONTENT="1927." ID="St_1.1.30.13" HPOS="3140" VPOS="6332" HEIGHT="124" WIDTH="356" STYLEREFS="Style_11" WC="0.988888888888889" CC="00000"/>
					</TextLine>
					<TextLine ID="TL_1.1.31" HPOS="336" VPOS="6520" HEIGHT="112" WIDTH="1168">
						<String CONTENT="2" ID="St_1.1.31.1" HPOS="336" VPOS="6524" HEIGHT="96" WIDTH="64" STYLEREFS="Style_11" WC="1" CC="0"/>
						<SP ID="SP_1.1.31.2" HPOS="364" VPOS="6520" WIDTH="68"/>
						<String CONTENT="v." ID="St_1.1.31.3" HPOS="468" VPOS="6552" HEIGHT="72" WIDTH="104" STYLEREFS="Style_11" WC="1" CC="00"/>
						<SP ID="SP_1.1.31.4" HPOS="560" VPOS="6560" WIDTH="80"/>
						<String CONTENT="26&#x0368;&#x036b;." ID="St_1.1.31.5" HPOS="708" VPOS="6524" HEIGHT="108" WIDTH="796" STYLEREFS="Style_11" WC="0.988888888888889" CC="00001"/>
					</TextLine>
					<TextLine ID="TL_1.1.32" HPOS="340" VPOS="6652" HEIGHT="120" WIDTH="1300">
						<String CONTENT="Paged" ID="St_1.1.32.1" HPOS="340" VPOS="6660" HEIGHT="112" WIDTH="384" STYLEREFS="Style_11" WC="1" CC="00000"/>
						<SP ID="SP_1.1.32.2" HPOS="684" VPOS="6652" WIDTH="72"/>
						<String CONTENT="continuously." ID="St_1.1.32.3" HPOS="796" VPOS="6656" HEIGHT="116" WIDTH="844" STYLEREFS="Style_11" WC="1" CC="0000000000000"/>
					</TextLine>
					<TextLine ID="TL_1.1.33" HPOS="348" VPOS="6788" HEIGHT="120" WIDTH="4568">
						<String CONTENT="&quot;The" ID="St_1.1.33.1" HPOS="348" VPOS="6796" HEIGHT="92" WIDTH="304" STYLEREFS="Style_11" WC="1" CC="0000"/>
						<SP ID="SP_1.1.33.2" HPOS="620" VPOS="6800" WIDTH="64"/>
						<String CONTENT="editorial" ID="St_1.1.33.3" HPOS="724" VPOS="6792" HEIGHT="96" WIDTH="548" STYLEREFS="Style_11" WC="1" CC="000000000"/>
						<SP ID="SP_1.1.33.4" HPOS="1248" VPOS="6788" WIDTH="60"/>
						<String CONTENT="work" ID="St_1.1.33.5" HPOS="1348" VPOS="6792" HEIGHT="96" WIDTH="320" STYLEREFS="Style_11" WC="1" CC="0000"/>
						<SP ID="SP_1.1.33.6" HPOS="1628" VPOS="6788" WIDTH="76"/>
						<String CONTENT="has" ID="St_1.1.33.7" HPOS="1744" VPOS="6792" HEIGHT="96" WIDTH="216" STYLEREFS="Style_11" WC="1" CC="000"/>
						<SP ID="SP_1.1.33.8" HPOS="1928" VPOS="6800" WIDTH="68"/>
						<String CONTENT="been" ID="St_1.1.33.9" HPOS="2040" VPOS="6792" HEIGHT="96" WIDTH="280" STYLEREFS="Style_11" WC="1" CC="0000"/>
						<SP ID="SP_1.1.33.10" HPOS="2280" VPOS="6804" WIDTH="76"/>
						<String CONTENT="done" ID="St_1.1.33.11" HPOS="2396" VPOS="6792" HEIGHT="96" WIDTH="292" STYLEREFS="Style_11" WC="1" CC="0000"/>
						<SP ID="SP_1.1.33.12" HPOS="2652" VPOS="6804" WIDTH="72"/>
						<String CONTENT="by" ID="St_1.1.33.13" HPOS="2768" VPOS="6792" HEIGHT="116" WIDTH="148" STYLEREFS="Style_11" WC="1" CC="00"/>
						<SP ID="SP_1.1.33.14" HPOS="2876" VPOS="6804" WIDTH="76"/>
						<String CONTENT="Messrs." ID="St_1.1.33.15" HPOS="2992" VPOS="6796" HEIGHT="96" WIDTH="468" STYLEREFS="Style_11" WC="1" CC="0000000"/>
						<SP ID="SP_1.1.33.16" HPOS="3448" VPOS="6828" WIDTH="52"/>
						<String CONTENT="John" ID="St_1.1.33.17" HPOS="3540" VPOS="6796" HEIGHT="96" WIDTH="308" STYLEREFS="Style_11" WC="1" CC="0000"/>
						<SP ID="SP_1.1.33.18" HPOS="3808" VPOS="6804" WIDTH="80"/>
						<String CONTENT="S." ID="St_1.1.33.19" HPOS="3936" VPOS="6796" HEIGHT="100" WIDTH="104" STYLEREFS="Style_11" WC="1" CC="00"/>
						<SP ID="SP_1.1.33.20" HPOS="4024" VPOS="6832" WIDTH="56"/>
						<String CONTENT="O&apos;Brien" ID="St_1.1.33.21" HPOS="4128" VPOS="6796" HEIGHT="100" WIDTH="484" STYLEREFS="Style_11" WC="0.992222222222222" CC="0400000"/>
						<SP ID="SP_1.1.33.22" HPOS="4568" VPOS="6804" WIDTH="80"/>
						<String CONTENT="and" ID="St_1.1.33.23" HPOS="4692" VPOS="6804" HEIGHT="92" WIDTH="224" STYLEREFS="Style_11" WC="0.992222222222222" CC="000"/>
					</TextLine>
					<TextLine ID="TL_1.1.34" HPOS="184" VPOS="6924" HEIGHT="124" WIDTH="4736">
						<String CONTENT="Walter" ID="St_1.1.34.1" HPOS="184" VPOS="6928" HEIGHT="96" WIDTH="440" STYLEREFS="Style_11" WC="1" CC="000000"/>
						<SP ID="SP_1.1.34.2" HPOS="592" VPOS="6936" WIDTH="72"/>
						<String CONTENT="H." ID="St_1.1.34.3" HPOS="708" VPOS="6928" HEIGHT="96" WIDTH="144" STYLEREFS="Style_11" WC="1" CC="00"/>
						<SP ID="SP_1.1.34.4" HPOS="836" VPOS="6964" WIDTH="56"/>
						<String CONTENT="Vinson," ID="St_1.1.34.5" HPOS="940" VPOS="6928" HEIGHT="112" WIDTH="472" STYLEREFS="Style_11" WC="1" CC="0000000"/>
						<SP ID="SP_1.1.34.6" HPOS="1396" VPOS="6960" WIDTH="56"/>
						<String CONTENT="of" ID="St_1.1.34.7" HPOS="1496" VPOS="6928" HEIGHT="96" WIDTH="124" STYLEREFS="Style_11" WC="1" CC="00"/>
						<SP ID="SP_1.1.34.8" HPOS="1588" VPOS="6924" WIDTH="72"/>
						<String CONTENT="the" ID="St_1.1.34.9" HPOS="1704" VPOS="6928" HEIGHT="96" WIDTH="196" STYLEREFS="Style_11" WC="1" CC="000"/>
						<SP ID="SP_1.1.34.10" HPOS="1864" VPOS="6936" WIDTH="76"/>
						<String CONTENT="editorial" ID="St_1.1.34.11" HPOS="1984" VPOS="6924" HEIGHT="100" WIDTH="544" STYLEREFS="Style_11" WC="1" CC="000000000"/>
						<SP ID="SP_1.1.34.12" HPOS="2504" VPOS="6924" WIDTH="64"/>
						<String CONTENT="staff" ID="St_1.1.34.13" HPOS="2616" VPOS="6924" HEIGHT="100" WIDTH="280" STYLEREFS="Style_11" WC="0.983333333333333" CC="00033"/>
						<SP ID="SP_1.1.34.14" HPOS="2848" VPOS="6924" WIDTH="92"/>
						<String CONTENT="of" ID="St_1.1.34.15" HPOS="2984" VPOS="6928" HEIGHT="96" WIDTH="124" STYLEREFS="Style_11" WC="0.984444444444444" CC="00"/>
						<SP ID="SP_1.1.34.16" HPOS="3076" VPOS="6924" WIDTH="72"/>
						<String CONTENT="the" ID="St_1.1.34.17" HPOS="3196" VPOS="6932" HEIGHT="92" WIDTH="192" STYLEREFS="Style_11" WC="0.985555555555556" CC="000"/>
						<SP ID="SP_1.1.34.18" HPOS="3356" VPOS="6940" WIDTH="72"/>
						<String CONTENT="West" ID="St_1.1.34.19" HPOS="3472" VPOS="6928" HEIGHT="100" WIDTH="324" STYLEREFS="Style_11" WC="0.977777777777778" CC="4000"/>
						<SP ID="SP_1.1.34.20" HPOS="3768" VPOS="6932" WIDTH="68"/>
						<String CONTENT="publishing" ID="St_1.1.34.21" HPOS="3884" VPOS="6932" HEIGHT="116" WIDTH="668" STYLEREFS="Style_11" WC="0.982222222222222" CC="0000000000"/>
						<SP ID="SP_1.1.34.22" HPOS="4512" VPOS="6944" WIDTH="76"/>
						<String CONTENT="com-" ID="St_1.1.34.23" HPOS="4632" VPOS="6960" HEIGHT="72" WIDTH="288" STYLEREFS="Style_11" WC="0.974444444444444" CC="0041"/>
					</TextLine>
					<TextLine ID="TL_1.1.35" HPOS="180" VPOS="7060" HEIGHT="116" WIDTH="864">
						<String CONTENT="pany.&quot;" ID="St_1.1.35.1" HPOS="180" VPOS="7060" HEIGHT="116" WIDTH="400" STYLEREFS="Style_11" WC="0.962222222222222" CC="110000"/>
						<String CONTENT="&#151;" ID="St_1.1.35.2" HPOS="588" VPOS="7116" HEIGHT="16" WIDTH="100" STYLEREFS="Style_11" WC="0.967777777777778" CC="0"/>
						<String CONTENT="Pref." ID="St_1.1.35.3" HPOS="736" VPOS="7060" HEIGHT="100" WIDTH="308" STYLEREFS="Style_11" WC="0.981111111111111" CC="00000"/>
					</TextLine>
					<TextLine ID="TL_1.1.36" HPOS="184" VPOS="7208" HEIGHT="136" WIDTH="4736">
						<String CONTENT="pt." ID="St_1.1.36.1" HPOS="184" VPOS="7236" HEIGHT="108" WIDTH="156" STYLEREFS="Style_11" WC="1" CC="000"/>
						<SP ID="SP_1.1.36.2" HPOS="328" VPOS="7264" WIDTH="40"/>
						<String CONTENT="1," ID="St_1.1.36.3" HPOS="404" VPOS="7228" HEIGHT="112" WIDTH="92" STYLEREFS="Style_11" WC="1" CC="00"/>
						<SP ID="SP_1.1.36.4" HPOS="484" VPOS="7260" WIDTH="44"/>
						<String CONTENT="&#169;" ID="St_1.1.36.5" HPOS="564" VPOS="7208" HEIGHT="116" WIDTH="116" STYLEREFS="Style_11" WC="0.944444444444444" CC="4"/>
						<SP ID="SP_1.1.36.6" HPOS="620" VPOS="7208" WIDTH="92"/>
						<String CONTENT="Apr." ID="St_1.1.36.7" HPOS="748" VPOS="7228" HEIGHT="112" WIDTH="268" STYLEREFS="Style_11" WC="0.965555555555556" CC="0000"/>
						<SP ID="SP_1.1.36.8" HPOS="1004" VPOS="7264" WIDTH="44"/>
						<String CONTENT="9," ID="St_1.1.36.9" HPOS="1084" VPOS="7224" HEIGHT="112" WIDTH="92" STYLEREFS="Style_11" WC="0.936666666666667" CC="05"/>
						<SP ID="SP_1.1.36.10" HPOS="1160" VPOS="7260" WIDTH="48"/>
						<String CONTENT="1927;" ID="St_1.1.36.11" HPOS="1244" VPOS="7224" HEIGHT="112" WIDTH="332" STYLEREFS="Style_11" WC="0.954444444444444" CC="00000"/>
						<SP ID="SP_1.1.36.12" HPOS="1564" VPOS="7236" WIDTH="44"/>
						<String CONTENT="pt." ID="St_1.1.36.13" HPOS="1644" VPOS="7232" HEIGHT="108" WIDTH="160" STYLEREFS="Style_11" WC="0.961111111111111" CC="000"/>
						<SP ID="SP_1.1.36.14" HPOS="1788" VPOS="7260" WIDTH="44"/>
						<String CONTENT="2," ID="St_1.1.36.15" HPOS="1864" VPOS="7228" HEIGHT="112" WIDTH="96" STYLEREFS="Style_11" WC="0.964444444444444" CC="00"/>
						<SP ID="SP_1.1.36.16" HPOS="1944" VPOS="7260" WIDTH="48"/>
						<String CONTENT="&#169;" ID="St_1.1.36.17" HPOS="2032" VPOS="7208" HEIGHT="116" WIDTH="120" STYLEREFS="Style_11" WC="0.953333333333333" CC="4"/>
						<SP ID="SP_1.1.36.18" HPOS="2092" VPOS="7208" WIDTH="96"/>
						<String CONTENT="Apr." ID="St_1.1.36.19" HPOS="2224" VPOS="7228" HEIGHT="116" WIDTH="272" STYLEREFS="Style_11" WC="0.958888888888889" CC="0000"/>
						<SP ID="SP_1.1.36.20" HPOS="2480" VPOS="7260" WIDTH="44"/>
						<String CONTENT="11;" ID="St_1.1.36.21" HPOS="2560" VPOS="7228" HEIGHT="108" WIDTH="196" STYLEREFS="Style_11" WC="0.963333333333333" CC="000"/>
						<SP ID="SP_1.1.36.22" HPOS="2744" VPOS="7236" WIDTH="44"/>
						<String CONTENT="2c." ID="St_1.1.36.23" HPOS="2824" VPOS="7228" HEIGHT="96" WIDTH="160" STYLEREFS="Style_11" WC="0.966666666666667" CC="000"/>
						<SP ID="SP_1.1.36.24" HPOS="2972" VPOS="7264" WIDTH="44"/>
						<String CONTENT="each" ID="St_1.1.36.25" HPOS="3052" VPOS="7228" HEIGHT="96" WIDTH="280" STYLEREFS="Style_11" WC="0.97" CC="0000"/>
						<SP ID="SP_1.1.36.26" HPOS="3292" VPOS="7224" WIDTH="68"/>
						<String CONTENT="June" ID="St_1.1.36.27" HPOS="3400" VPOS="7232" HEIGHT="92" WIDTH="300" STYLEREFS="Style_11" WC="0.972222222222222" CC="0000"/>
						<SP ID="SP_1.1.36.28" HPOS="3668" VPOS="7240" WIDTH="60"/>
						<String CONTENT="1" ID="St_1.1.36.29" HPOS="3768" VPOS="7236" HEIGHT="88" WIDTH="56" STYLEREFS="Style_11" WC="0.973333333333333" CC="0"/>
						<String CONTENT="6" ID="St_1.1.36.30" HPOS="3836" VPOS="7236" HEIGHT="92" WIDTH="64" STYLEREFS="Style_11" WC="0.974444444444444" CC="0"/>
						<String CONTENT=";" ID="St_1.1.36.31" HPOS="3940" VPOS="7260" HEIGHT="84" WIDTH="20" STYLEREFS="Style_11" WC="0.974444444444444" CC="0"/>
						<SP ID="SP_1.1.36.32" HPOS="3944" VPOS="7240" WIDTH="48"/>
						<String CONTENT="a" ID="St_1.1.36.33" HPOS="4032" VPOS="7240" HEIGHT="80" WIDTH="60" STYLEREFS="Style_11" WC="0.967777777777778" CC="4"/>
						<String CONTENT="ffs." ID="St_1.1.36.34" HPOS="4100" VPOS="7228" HEIGHT="104" WIDTH="188" STYLEREFS="Style_11" WC="0.96" CC="3300"/>
						<SP ID="SP_1.1.36.35" HPOS="4272" VPOS="7268" WIDTH="48"/>
						<String CONTENT="June" ID="St_1.1.36.36" HPOS="4360" VPOS="7240" HEIGHT="92" WIDTH="300" STYLEREFS="Style_11" WC="0.962222222222222" CC="0000"/>
						<SP ID="SP_1.1.36.37" HPOS="4628" VPOS="7240" WIDTH="64"/>
						<String CONTENT="15:" ID="St_1.1.36.38" HPOS="4728" VPOS="7236" HEIGHT="100" WIDTH="192" STYLEREFS="Style_11" WC="0.961111111111111" CC="011"/>
					</TextLine>
					<TextLine ID="TL_1.1.37" HPOS="348" VPOS="7360" HEIGHT="124" WIDTH="4356">
						<String CONTENT="A" ID="St_1.1.37.1" HPOS="348" VPOS="7360" HEIGHT="96" WIDTH="96" STYLEREFS="Style_11" WC="1" CC="0"/>
						<SP ID="SP_1.1.37.2" HPOS="392" VPOS="7372" WIDTH="80"/>
						<String CONTENT="996031," ID="St_1.1.37.3" HPOS="504" VPOS="7360" HEIGHT="116" WIDTH="444" STYLEREFS="Style_11" WC="1" CC="0000000"/>
						<SP ID="SP_1.1.37.4" HPOS="936" VPOS="7412" WIDTH="40"/>
						<String CONTENT="996032;" ID="St_1.1.37.5" HPOS="1012" VPOS="7360" HEIGHT="112" WIDTH="476" STYLEREFS="Style_11" WC="1" CC="0000000"/>
						<SP ID="SP_1.1.37.6" HPOS="1472" VPOS="7384" WIDTH="48"/>
						<String CONTENT="Vernon" ID="St_1.1.37.7" HPOS="1560" VPOS="7360" HEIGHT="96" WIDTH="456" STYLEREFS="Style_11" WC="1" CC="000000"/>
						<SP ID="SP_1.1.37.8" HPOS="1976" VPOS="7388" WIDTH="68"/>
						<String CONTENT="law" ID="St_1.1.37.9" HPOS="2080" VPOS="7364" HEIGHT="92" WIDTH="228" STYLEREFS="Style_11" WC="1" CC="000"/>
						<SP ID="SP_1.1.37.10" HPOS="2252" VPOS="7388" WIDTH="84"/>
						<String CONTENT="book" ID="St_1.1.37.11" HPOS="2368" VPOS="7360" HEIGHT="96" WIDTH="292" STYLEREFS="Style_11" WC="1" CC="0000"/>
						<SP ID="SP_1.1.37.12" HPOS="2616" VPOS="7372" WIDTH="72"/>
						<String CONTENT="co." ID="St_1.1.37.13" HPOS="2724" VPOS="7388" HEIGHT="72" WIDTH="160" STYLEREFS="Style_11" WC="1" CC="000"/>
						<SP ID="SP_1.1.37.14" HPOS="2872" VPOS="7412" WIDTH="92"/>
						<String CONTENT="(27-13739)" ID="St_1.1.37.15" HPOS="3052" VPOS="7364" HEIGHT="112" WIDTH="668" STYLEREFS="Style_11" WC="1" CC="0000000000"/>
						<SP ID="SP_1.1.37.16" HPOS="3700" VPOS="7360" WIDTH="220"/>
						<String CONTENT="5001," ID="St_1.1.37.17" HPOS="4032" VPOS="7364" HEIGHT="120" WIDTH="320" STYLEREFS="Style_11" WC="0.991111111111111" CC="00000"/>
						<SP ID="SP_1.1.37.18" HPOS="4332" VPOS="7416" WIDTH="52"/>
						<String CONTENT="5002" ID="St_1.1.37.19" HPOS="4424" VPOS="7368" HEIGHT="100" WIDTH="280" STYLEREFS="Style_11" WC="0.992222222222222" CC="0000"/>
					</TextLine>
					<TextLine ID="TL_1.1.38" HPOS="180" VPOS="7580" HEIGHT="156" WIDTH="2304">
						<String CONTENT="Thompson," ID="St_1.1.38.1" HPOS="180" VPOS="7580" HEIGHT="152" WIDTH="840" STYLEREFS="Style_11" WC="1" CC="000000000"/>
						<SP ID="SP_1.1.38.2" HPOS="1000" VPOS="7628" WIDTH="56"/>
						<String CONTENT="Seymour" ID="St_1.1.38.3" HPOS="1100" VPOS="7584" HEIGHT="148" WIDTH="688" STYLEREFS="Style_11" WC="1" CC="0000000"/>
						<SP ID="SP_1.1.38.4" HPOS="1748" VPOS="7600" WIDTH="76"/>
						<String CONTENT="Dwight." ID="St_1.1.38.5" HPOS="1864" VPOS="7584" HEIGHT="152" WIDTH="620" STYLEREFS="Style_11" WC="1" CC="0000000"/>
					</TextLine>
					<TextLine ID="TL_1.1.39" HPOS="360" VPOS="7764" HEIGHT="180" WIDTH="4568">
						<String CONTENT="Commentaries" ID="St_1.1.39.1" HPOS="360" VPOS="7764" HEIGHT="132" WIDTH="1056" STYLEREFS="Style_11" WC="1" CC="000000000000"/>
						<SP ID="SP_1.1.39.2" HPOS="1384" VPOS="7792" WIDTH="64"/>
						<String CONTENT="on" ID="St_1.1.39.3" HPOS="1488" VPOS="7812" HEIGHT="84" WIDTH="168" STYLEREFS="Style_11" WC="1" CC="00"/>
						<SP ID="SP_1.1.39.4" HPOS="1612" VPOS="7792" WIDTH="76"/>
						<String CONTENT="the" ID="St_1.1.39.5" HPOS="1728" VPOS="7768" HEIGHT="128" WIDTH="228" STYLEREFS="Style_11" WC="1" CC="000"/>
						<SP ID="SP_1.1.39.6" HPOS="1920" VPOS="7792" WIDTH="68"/>
						<String CONTENT="law" ID="St_1.1.39.7" HPOS="2028" VPOS="7772" HEIGHT="124" WIDTH="256" STYLEREFS="Style_11" WC="1" CC="000"/>
						<SP ID="SP_1.1.39.8" HPOS="2224" VPOS="7792" WIDTH="92"/>
						<String CONTENT="of" ID="St_1.1.39.9" HPOS="2356" VPOS="7768" HEIGHT="128" WIDTH="152" STYLEREFS="Style_11" WC="1" CC="00"/>
						<SP ID="SP_1.1.39.10" HPOS="2472" VPOS="7768" WIDTH="68"/>
						<String CONTENT="corporations," ID="St_1.1.39.11" HPOS="2580" VPOS="7772" HEIGHT="160" WIDTH="972" STYLEREFS="Style_11" WC="1" CC="0000000000000"/>
						<SP ID="SP_1.1.39.12" HPOS="3536" VPOS="7824" WIDTH="48"/>
						<String CONTENT="by" ID="St_1.1.39.13" HPOS="3624" VPOS="7776" HEIGHT="160" WIDTH="176" STYLEREFS="Style_11" WC="1" CC="00"/>
						<SP ID="SP_1.1.39.14" HPOS="3752" VPOS="7796" WIDTH="88"/>
						<String CONTENT="S." ID="St_1.1.39.15" HPOS="3884" VPOS="7776" HEIGHT="132" WIDTH="128" STYLEREFS="Style_11" WC="1" CC="00"/>
						<SP ID="SP_1.1.39.16" HPOS="3996" VPOS="7824" WIDTH="52"/>
						<String CONTENT="D." ID="St_1.1.39.17" HPOS="4092" VPOS="7780" HEIGHT="124" WIDTH="168" STYLEREFS="Style_11" WC="1" CC="00"/>
						<SP ID="SP_1.1.39.18" HPOS="4244" VPOS="7824" WIDTH="52"/>
						<String CONTENT="Thomp-" ID="St_1.1.39.19" HPOS="4336" VPOS="7780" HEIGHT="164" WIDTH="592" STYLEREFS="Style_11" WC="1" CC="000000"/>
					</TextLine>
					<TextLine ID="TL_1.1.40" HPOS="188" VPOS="7952" HEIGHT="172" WIDTH="4744">
						<String CONTENT="son" ID="St_1.1.40.1" HPOS="188" VPOS="7996" HEIGHT="84" WIDTH="240" STYLEREFS="Style_11" WC="1" CC="000"/>
						<SP ID="SP_1.1.40.2" HPOS="380" VPOS="7976" WIDTH="76"/>
						<String CONTENT="and" ID="St_1.1.40.3" HPOS="488" VPOS="7956" HEIGHT="124" WIDTH="260" STYLEREFS="Style_11" WC="1" CC="000"/>
						<SP ID="SP_1.1.40.4" HPOS="700" VPOS="7956" WIDTH="76"/>
						<String CONTENT="Joseph" ID="St_1.1.40.5" HPOS="808" VPOS="7952" HEIGHT="164" WIDTH="512" STYLEREFS="Style_11" WC="1" CC="000000"/>
						<SP ID="SP_1.1.40.6" HPOS="1272" VPOS="7956" WIDTH="76"/>
						<String CONTENT="W." ID="St_1.1.40.7" HPOS="1376" VPOS="7956" HEIGHT="124" WIDTH="212" STYLEREFS="Style_11" WC="0.966666666666667" CC="50"/>
						<SP ID="SP_1.1.40.8" HPOS="1572" VPOS="8004" WIDTH="44"/>
						<String CONTENT="Thompson." ID="St_1.1.40.9" HPOS="1652" VPOS="7956" HEIGHT="160" WIDTH="820" STYLEREFS="Style_11" WC="0.978888888888889" CC="000000000"/>
						<SP ID="SP_1.1.40.10" HPOS="2456" VPOS="8004" WIDTH="84"/>
						<String CONTENT="3d" ID="St_1.1.40.11" HPOS="2620" VPOS="7960" HEIGHT="124" WIDTH="168" STYLEREFS="Style_11" WC="0.981111111111111" CC="00"/>
						<SP ID="SP_1.1.40.12" HPOS="2740" VPOS="7956" WIDTH="76"/>
						<String CONTENT="ed.&#133;" ID="St_1.1.40.13" HPOS="2852" VPOS="7960" HEIGHT="144" WIDTH="240" STYLEREFS="Style_11" WC="0.967777777777778" CC="4100"/>
						<SP ID="SP_1.1.40.14" HPOS="3240" VPOS="8008" WIDTH="44"/>
						<String CONTENT="by" ID="St_1.1.40.15" HPOS="3316" VPOS="7960" HEIGHT="164" WIDTH="180" STYLEREFS="Style_11" WC="0.97" CC="00"/>
						<SP ID="SP_1.1.40.16" HPOS="3448" VPOS="7980" WIDTH="76"/>
						<String CONTENT="Edward" ID="St_1.1.40.17" HPOS="3556" VPOS="7964" HEIGHT="128" WIDTH="600" STYLEREFS="Style_11" WC="0.974444444444444" CC="000000"/>
						<SP ID="SP_1.1.40.18" HPOS="4108" VPOS="7960" WIDTH="76"/>
						<String CONTENT="F." ID="St_1.1.40.19" HPOS="4220" VPOS="7968" HEIGHT="120" WIDTH="156" STYLEREFS="Style_11" WC="0.976666666666667" CC="00"/>
						<SP ID="SP_1.1.40.20" HPOS="4356" VPOS="8012" WIDTH="40"/>
						<String CONTENT="White," ID="St_1.1.40.21" HPOS="4428" VPOS="7960" HEIGHT="156" WIDTH="504" STYLEREFS="Style_11" WC="0.968888888888889" CC="000005"/>
					</TextLine>
					<TextLine ID="TL_1.1.41" HPOS="196" VPOS="8136" HEIGHT="164" WIDTH="4732">
						<String CONTENT="assisted" ID="St_1.1.41.1" HPOS="196" VPOS="8136" HEIGHT="128" WIDTH="560" STYLEREFS="Style_11" WC="1" CC="00000000"/>
						<SP ID="SP_1.1.41.2" HPOS="708" VPOS="8136" WIDTH="84"/>
						<String CONTENT="by" ID="St_1.1.41.3" HPOS="832" VPOS="8140" HEIGHT="156" WIDTH="176" STYLEREFS="Style_11" WC="1" CC="00"/>
						<SP ID="SP_1.1.41.4" HPOS="964" VPOS="8156" WIDTH="80"/>
						<String CONTENT="the" ID="St_1.1.41.5" HPOS="1084" VPOS="8140" HEIGHT="124" WIDTH="220" STYLEREFS="Style_11" WC="1" CC="000"/>
						<SP ID="SP_1.1.41.6" HPOS="1268" VPOS="8156" WIDTH="72"/>
						<String CONTENT="publishers&apos;" ID="St_1.1.41.7" HPOS="1384" VPOS="8140" HEIGHT="160" WIDTH="808" STYLEREFS="Style_11" WC="1" CC="00000000000"/>
						<SP ID="SP_1.1.41.8" HPOS="2172" VPOS="8136" WIDTH="56"/>
						<String CONTENT="edit" ID="St_1.1.41.9" HPOS="2268" VPOS="8140" HEIGHT="124" WIDTH="280" STYLEREFS="Style_11" WC="1" CC="0000"/>
						<String CONTENT="o" ID="St_1.1.41.10" HPOS="2548" VPOS="8188" HEIGHT="80" WIDTH="80" STYLEREFS="Style_11" WC="1" CC="0"/>
						<String CONTENT="rial" ID="St_1.1.41.11" HPOS="2644" VPOS="8144" HEIGHT="124" WIDTH="256" STYLEREFS="Style_11" WC="1" CC="0000"/>
						<SP ID="SP_1.1.41.12" HPOS="2872" VPOS="8140" WIDTH="64"/>
						<String CONTENT="s" ID="St_1.1.41.13" HPOS="2976" VPOS="8192" HEIGHT="80" WIDTH="56" STYLEREFS="Style_11" WC="1" CC="0"/>
						<String CONTENT="t" ID="St_1.1.41.14" HPOS="3044" VPOS="8156" HEIGHT="112" WIDTH="48" STYLEREFS="Style_11" WC="1" CC="0"/>
						<String CONTENT="af" ID="St_1.1.41.15" HPOS="3108" VPOS="8144" HEIGHT="124" WIDTH="132" STYLEREFS="Style_11" WC="1" CC="00"/>
						<String CONTENT="f" ID="St_1.1.41.16" HPOS="3244" VPOS="8144" HEIGHT="124" WIDTH="52" STYLEREFS="Style_11" WC="1" CC="0"/>
						<SP ID="SP_1.1.41.17" HPOS="3268" VPOS="8140" WIDTH="72"/>
						<String CONTENT="&#133;" ID="St_1.1.41.18" HPOS="3388" VPOS="8144" HEIGHT="136" WIDTH="72" STYLEREFS="Style_11" WC="1" CC="0"/>
						<SP ID="SP_1.1.41.19" HPOS="3504" VPOS="8224" WIDTH="100"/>
						<String CONTENT="V." ID="St_1.1.41.20" HPOS="3704" VPOS="8164" HEIGHT="108" WIDTH="112" STYLEREFS="Style_11" WC="0.987777777777778" CC="41"/>
						<SP ID="SP_1.1.41.21" HPOS="3800" VPOS="8204" WIDTH="56"/>
						<String CONTENT="6" ID="St_1.1.41.22" HPOS="3900" VPOS="8144" HEIGHT="116" WIDTH="68" STYLEREFS="Style_11" WC="0.977777777777778" CC="4"/>
						<String CONTENT="," ID="St_1.1.41.23" HPOS="3988" VPOS="8248" HEIGHT="32" WIDTH="24" STYLEREFS="Style_11" WC="0.977777777777778" CC="0"/>
						<SP ID="SP_1.1.41.24" HPOS="3992" VPOS="8192" WIDTH="56"/>
						<String CONTENT="7." ID="St_1.1.41.25" HPOS="4092" VPOS="8152" HEIGHT="124" WIDTH="112" STYLEREFS="Style_11" WC="0.978888888888889" CC="00"/>
						<SP ID="SP_1.1.41.26" HPOS="4188" VPOS="8192" WIDTH="96"/>
						<String CONTENT="Indian-" ID="St_1.1.41.27" HPOS="4372" VPOS="8152" HEIGHT="124" WIDTH="556" STYLEREFS="Style_11" WC="0.981111111111111" CC="0000000"/>
					</TextLine>
					<TextLine ID="TL_1.1.42" HPOS="192" VPOS="8320" HEIGHT="172" WIDTH="3260">
						<String CONTENT="apolis," ID="St_1.1.42.1" HPOS="192" VPOS="8320" HEIGHT="164" WIDTH="472" STYLEREFS="Style_11" WC="0.935555555555556" CC="0000004"/>
						<SP ID="SP_1.1.42.2" HPOS="652" VPOS="8368" WIDTH="52"/>
						<String CONTENT="The" ID="St_1.1.42.3" HPOS="740" VPOS="8324" HEIGHT="124" WIDTH="288" STYLEREFS="Style_11" WC="0.958888888888889" CC="000"/>
						<SP ID="SP_1.1.42.4" HPOS="992" VPOS="8344" WIDTH="76"/>
						<String CONTENT="Bobbs-Merrill" ID="St_1.1.42.5" HPOS="1108" VPOS="8320" HEIGHT="132" WIDTH="1048" STYLEREFS="Style_11" WC="0.96" CC="0000005000000"/>
						<SP ID="SP_1.1.42.6" HPOS="2132" VPOS="8324" WIDTH="64"/>
						<String CONTENT="company" ID="St_1.1.42.7" HPOS="2236" VPOS="8368" HEIGHT="124" WIDTH="668" STYLEREFS="Style_11" WC="0.968888888888889" CC="0000000"/>
						<SP ID="SP_1.1.42.8" HPOS="2852" VPOS="8344" WIDTH="96"/>
						<String CONTENT="[&#x0368;" ID="St_1.1.42.9" HPOS="2996" VPOS="8344" HEIGHT="144" WIDTH="84" STYLEREFS="Style_11" WC="0.972222222222222" CC="00"/>
						<String CONTENT="1927" ID="St_1.1.42.10" HPOS="3096" VPOS="8332" HEIGHT="128" WIDTH="316" STYLEREFS="Style_11" WC="0.974444444444444" CC="0000"/>
						<String CONTENT="]" ID="St_1.1.42.11" HPOS="3424" VPOS="8412" HEIGHT="80" WIDTH="28" STYLEREFS="Style_11" WC="0.975555555555556" CC="0"/>
					</TextLine>
					<TextLine ID="TL_1.1.43" HPOS="356" VPOS="8516" HEIGHT="108" WIDTH="1448">
						<String CONTENT="2" ID="St_1.1.43.1" HPOS="356" VPOS="8520" HEIGHT="92" WIDTH="64" STYLEREFS="Style_11" WC="1" CC="0"/>
						<SP ID="SP_1.1.43.2" HPOS="384" VPOS="8516" WIDTH="64"/>
						<String CONTENT="v." ID="St_1.1.43.3" HPOS="480" VPOS="8544" HEIGHT="68" WIDTH="100" STYLEREFS="Style_11" WC="1" CC="00"/>
						<SP ID="SP_1.1.43.4" HPOS="568" VPOS="8552" WIDTH="80"/>
						<String CONTENT="2" ID="St_1.1.43.5" HPOS="716" VPOS="8520" HEIGHT="92" WIDTH="60" STYLEREFS="Style_11" WC="0.925555555555556" CC="4"/>
						<String CONTENT="6&#x0368;&#x036b;." ID="St_1.1.43.6" HPOS="784" VPOS="8516" HEIGHT="108" WIDTH="1020" STYLEREFS="Style_11" WC="0.911111111111111" CC="4000"/>
					</TextLine>
					<TextLine ID="TL_1.1.44" HPOS="200" VPOS="8632" HEIGHT="136" WIDTH="4728">
						<String CONTENT="v." ID="St_1.1.44.1" HPOS="200" VPOS="8676" HEIGHT="72" WIDTH="96" STYLEREFS="Style_11" WC="1" CC="00"/>
						<SP ID="SP_1.1.44.2" HPOS="284" VPOS="8684" WIDTH="40"/>
						<String CONTENT="6," ID="St_1.1.44.3" HPOS="360" VPOS="8652" HEIGHT="112" WIDTH="92" STYLEREFS="Style_11" WC="1" CC="00"/>
						<SP ID="SP_1.1.44.4" HPOS="440" VPOS="8684" WIDTH="44"/>
						<String CONTENT="&#169;" ID="St_1.1.44.5" HPOS="524" VPOS="8632" HEIGHT="116" WIDTH="120" STYLEREFS="Style_11" WC="0.935555555555556" CC="4"/>
						<SP ID="SP_1.1.44.6" HPOS="580" VPOS="8632" WIDTH="100"/>
						<String CONTENT="May" ID="St_1.1.44.7" HPOS="716" VPOS="8656" HEIGHT="108" WIDTH="268" STYLEREFS="Style_11" WC="0.958888888888889" CC="000"/>
						<SP ID="SP_1.1.44.8" HPOS="944" VPOS="8660" WIDTH="68"/>
						<String CONTENT="27." ID="St_1.1.44.9" HPOS="1044" VPOS="8656" HEIGHT="96" WIDTH="164" STYLEREFS="Style_11" WC="0.97" CC="000"/>
						<SP ID="SP_1.1.44.10" HPOS="1196" VPOS="8684" WIDTH="44"/>
						<String CONTENT="1927" ID="St_1.1.44.11" HPOS="1276" VPOS="8656" HEIGHT="96" WIDTH="268" STYLEREFS="Style_11" WC="0.955555555555556" CC="0000"/>
						<String CONTENT=";" ID="St_1.1.44.12" HPOS="1572" VPOS="8660" HEIGHT="80" WIDTH="32" STYLEREFS="Style_11" WC="0.956666666666667" CC="0"/>
						<SP ID="SP_1.1.44.13" HPOS="1596" VPOS="8660" WIDTH="44"/>
						<String CONTENT="v." ID="St_1.1.44.14" HPOS="1676" VPOS="8684" HEIGHT="68" WIDTH="100" STYLEREFS="Style_11" WC="0.962222222222222" CC="00"/>
						<SP ID="SP_1.1.44.15" HPOS="1764" VPOS="8688" WIDTH="44"/>
						<String CONTENT="7," ID="St_1.1.44.16" HPOS="1844" VPOS="8660" HEIGHT="108" WIDTH="92" STYLEREFS="Style_11" WC="0.966666666666667" CC="00"/>
						<SP ID="SP_1.1.44.17" HPOS="1920" VPOS="8688" WIDTH="48"/>
						<String CONTENT="&#169;" ID="St_1.1.44.18" HPOS="2008" VPOS="8632" HEIGHT="120" WIDTH="120" STYLEREFS="Style_11" WC="0.953333333333333" CC="4"/>
						<SP ID="SP_1.1.44.19" HPOS="2064" VPOS="8632" WIDTH="96"/>
						<String CONTENT="June" ID="St_1.1.44.20" HPOS="2200" VPOS="8660" HEIGHT="96" WIDTH="304" STYLEREFS="Style_11" WC="0.96" CC="0000"/>
						<SP ID="SP_1.1.44.21" HPOS="2468" VPOS="8664" WIDTH="64"/>
						<String CONTENT="17;" ID="St_1.1.44.22" HPOS="2564" VPOS="8664" HEIGHT="104" WIDTH="196" STYLEREFS="Style_11" WC="0.964444444444444" CC="000"/>
						<SP ID="SP_1.1.44.23" HPOS="2744" VPOS="8664" WIDTH="44"/>
						<String CONTENT="2c." ID="St_1.1.44.24" HPOS="2828" VPOS="8660" HEIGHT="96" WIDTH="160" STYLEREFS="Style_11" WC="0.967777777777778" CC="000"/>
						<SP ID="SP_1.1.44.25" HPOS="2972" VPOS="8692" WIDTH="44"/>
						<String CONTENT="each" ID="St_1.1.44.26" HPOS="3052" VPOS="8664" HEIGHT="92" WIDTH="280" STYLEREFS="Style_11" WC="0.971111111111111" CC="0000"/>
						<SP ID="SP_1.1.44.27" HPOS="3292" VPOS="8652" WIDTH="72"/>
						<String CONTENT="June" ID="St_1.1.44.28" HPOS="3404" VPOS="8668" HEIGHT="92" WIDTH="296" STYLEREFS="Style_11" WC="0.965555555555556" CC="0040"/>
						<SP ID="SP_1.1.44.29" HPOS="3664" VPOS="8668" WIDTH="64"/>
						<String CONTENT="27" ID="St_1.1.44.30" HPOS="3768" VPOS="8668" HEIGHT="96" WIDTH="132" STYLEREFS="Style_11" WC="0.966666666666667" CC="00"/>
						<String CONTENT=";" ID="St_1.1.44.31" HPOS="3924" VPOS="8668" HEIGHT="80" WIDTH="32" STYLEREFS="Style_11" WC="0.967777777777778" CC="0"/>
						<SP ID="SP_1.1.44.32" HPOS="3944" VPOS="8668" WIDTH="52"/>
						<String CONTENT="offs." ID="St_1.1.44.33" HPOS="4040" VPOS="8656" HEIGHT="108" WIDTH="252" STYLEREFS="Style_11" WC="0.945555555555556" CC="73300"/>
						<SP ID="SP_1.1.44.34" HPOS="4280" VPOS="8692" WIDTH="44"/>
						<String CONTENT="Jun" ID="St_1.1.44.35" HPOS="4364" VPOS="8668" HEIGHT="96" WIDTH="228" STYLEREFS="Style_11" WC="0.948888888888889" CC="000"/>
						<String CONTENT="e" ID="St_1.1.44.36" HPOS="4596" VPOS="8672" HEIGHT="76" WIDTH="60" STYLEREFS="Style_11" WC="0.941111111111111" CC="5"/>
						<SP ID="SP_1.1.44.37" HPOS="4632" VPOS="8672" WIDTH="60"/>
						<String CONTENT="2" ID="St_1.1.44.38" HPOS="4732" VPOS="8672" HEIGHT="92" WIDTH="64" STYLEREFS="Style_11" WC="0.943333333333333" CC="0"/>
						<String CONTENT="5" ID="St_1.1.44.39" HPOS="4804" VPOS="8672" HEIGHT="92" WIDTH="60" STYLEREFS="Style_11" WC="0.944444444444444" CC="0"/>
						<String CONTENT=":" ID="St_1.1.44.40" HPOS="4908" VPOS="8696" HEIGHT="72" WIDTH="20" STYLEREFS="Style_11" WC="0.944444444444444" CC="0"/>
					</TextLine>
					<TextLine ID="TL_1.1.45" HPOS="360" VPOS="8780" HEIGHT="132" WIDTH="4352">
						<String CONTENT="A" ID="St_1.1.45.1" HPOS="360" VPOS="8788" HEIGHT="92" WIDTH="96" STYLEREFS="Style_11" WC="1" CC="0"/>
						<SP ID="SP_1.1.45.2" HPOS="404" VPOS="8780" WIDTH="80"/>
						<String CONTENT="990674," ID="St_1.1.45.3" HPOS="516" VPOS="8788" HEIGHT="112" WIDTH="440" STYLEREFS="Style_11" WC="1" CC="0000000"/>
						<SP ID="SP_1.1.45.4" HPOS="944" VPOS="8820" WIDTH="40"/>
						<String CONTENT="990675;" ID="St_1.1.45.5" HPOS="1016" VPOS="8788" HEIGHT="96" WIDTH="464" STYLEREFS="Style_11" WC="0.98" CC="0000003"/>
						<SP ID="SP_1.1.45.6" HPOS="1476" VPOS="8796" WIDTH="44"/>
						<String CONTENT="Bobbs-Merrill" ID="St_1.1.45.7" HPOS="1556" VPOS="8792" HEIGHT="96" WIDTH="876" STYLEREFS="Style_11" WC="0.971111111111111" CC="4000000000000"/>
						<SP ID="SP_1.1.45.8" HPOS="2408" VPOS="8784" WIDTH="52"/>
						<String CONTENT="co." ID="St_1.1.45.9" HPOS="2492" VPOS="8820" HEIGHT="72" WIDTH="160" STYLEREFS="Style_11" WC="0.974444444444444" CC="000"/>
						<SP ID="SP_1.1.45.10" HPOS="2636" VPOS="8780" WIDTH="1408"/>
						<String CONTENT="5003," ID="St_1.1.45.11" HPOS="4044" VPOS="8800" HEIGHT="112" WIDTH="316" STYLEREFS="Style_11" WC="0.875555555555556" CC="00000"/>
						<SP ID="SP_1.1.45.12" HPOS="4344" VPOS="8824" WIDTH="48"/>
						<String CONTENT="5004" ID="St_1.1.45.13" HPOS="4432" VPOS="8800" HEIGHT="100" WIDTH="280" STYLEREFS="Style_11" WC="0.886666666666667" CC="0000"/>
					</TextLine>
					<TextLine ID="TL_1.1.46" HPOS="196" VPOS="9000" HEIGHT="164" WIDTH="2420">
						<String CONTENT="Thurston," ID="St_1.1.46.1" HPOS="196" VPOS="9000" HEIGHT="156" WIDTH="760" STYLEREFS="Style_11" WC="1" CC="000000000"/>
						<SP ID="SP_1.1.46.2" HPOS="936" VPOS="9052" WIDTH="56"/>
						<String CONTENT="Mabel" ID="St_1.1.46.3" HPOS="1028" VPOS="9008" HEIGHT="128" WIDTH="460" STYLEREFS="Style_11" WC="1" CC="00000"/>
						<SP ID="SP_1.1.46.4" HPOS="1464" VPOS="9004" WIDTH="56"/>
						<String CONTENT="Nelson," ID="St_1.1.46.5" HPOS="1560" VPOS="9008" HEIGHT="156" WIDTH="568" STYLEREFS="Style_11" WC="1" CC="0000000"/>
						<SP ID="SP_1.1.46.6" HPOS="2108" VPOS="9052" WIDTH="60"/>
						<String CONTENT="1869" ID="St_1.1.46.7" HPOS="2212" VPOS="9024" HEIGHT="116" WIDTH="316" STYLEREFS="Style_11" WC="1" CC="0000"/>
						<String CONTENT="&#150;" ID="St_1.1.46.8" HPOS="2532" VPOS="9092" HEIGHT="16" WIDTH="84" STYLEREFS="Style_11" WC="1" CC="0"/>
					</TextLine>
					<TextLine ID="TL_1.1.47" HPOS="364" VPOS="9188" HEIGHT="176" WIDTH="4568">
						<String CONTENT="The" ID="St_1.1.47.1" HPOS="364" VPOS="9188" HEIGHT="128" WIDTH="288" STYLEREFS="Style_11" WC="1" CC="000"/>
						<SP ID="SP_1.1.47.2" HPOS="612" VPOS="9208" WIDTH="80"/>
						<String CONTENT="adventure" ID="St_1.1.47.3" HPOS="736" VPOS="9192" HEIGHT="128" WIDTH="740" STYLEREFS="Style_11" WC="1" CC="000000000"/>
						<SP ID="SP_1.1.47.4" HPOS="1440" VPOS="9212" WIDTH="76"/>
						<String CONTENT="of" ID="St_1.1.47.5" HPOS="1560" VPOS="9196" HEIGHT="124" WIDTH="156" STYLEREFS="Style_11" WC="1" CC="00"/>
						<SP ID="SP_1.1.47.6" HPOS="1680" VPOS="9188" WIDTH="76"/>
						<String CONTENT="prayer," ID="St_1.1.47.7" HPOS="1800" VPOS="9244" HEIGHT="116" WIDTH="540" STYLEREFS="Style_11" WC="1" CC="0000000"/>
						<SP ID="SP_1.1.47.8" HPOS="2320" VPOS="9240" WIDTH="56"/>
						<String CONTENT="by" ID="St_1.1.47.9" HPOS="2420" VPOS="9200" HEIGHT="164" WIDTH="180" STYLEREFS="Style_11" WC="1" CC="00"/>
						<SP ID="SP_1.1.47.10" HPOS="2548" VPOS="9212" WIDTH="92"/>
						<String CONTENT="Mabe" ID="St_1.1.47.11" HPOS="2684" VPOS="9204" HEIGHT="124" WIDTH="404" STYLEREFS="Style_11" WC="1" CC="0000"/>
						<String CONTENT="l" ID="St_1.1.47.12" HPOS="3096" VPOS="9204" HEIGHT="124" WIDTH="48" STYLEREFS="Style_11" WC="1" CC="0"/>
						<SP ID="SP_1.1.47.13" HPOS="3116" VPOS="9192" WIDTH="68"/>
						<String CONTENT="N." ID="St_1.1.47.14" HPOS="3232" VPOS="9204" HEIGHT="128" WIDTH="168" STYLEREFS="Style_11" WC="1" CC="00"/>
						<SP ID="SP_1.1.47.15" HPOS="3380" VPOS="9244" WIDTH="60"/>
						<String CONTENT="Thurs" ID="St_1.1.47.16" HPOS="3488" VPOS="9208" HEIGHT="128" WIDTH="452" STYLEREFS="Style_11" WC="1" CC="00000"/>
						<String CONTENT="t" ID="St_1.1.47.17" HPOS="3948" VPOS="9220" HEIGHT="116" WIDTH="56" STYLEREFS="Style_11" WC="1" CC="0"/>
						<String CONTENT="on" ID="St_1.1.47.18" HPOS="4012" VPOS="9256" HEIGHT="80" WIDTH="168" STYLEREFS="Style_11" WC="1" CC="00"/>
						<SP ID="SP_1.1.47.19" HPOS="4132" VPOS="9220" WIDTH="100"/>
						<String CONTENT="&#133;" ID="St_1.1.47.20" HPOS="4268" VPOS="9200" HEIGHT="136" WIDTH="88" STYLEREFS="Style_11" WC="1" CC="0"/>
						<SP ID="SP_1.1.47.21" HPOS="4404" VPOS="9280" WIDTH="108"/>
						<String CONTENT="New" ID="St_1.1.47.22" HPOS="4612" VPOS="9212" HEIGHT="124" WIDTH="320" STYLEREFS="Style_11" WC="1" CC="000"/>
					</TextLine>
					<TextLine ID="TL_1.1.48" HPOS="204" VPOS="9368" HEIGHT="192" WIDTH="4212">
						<String CONTENT="York," ID="St_1.1.48.1" HPOS="204" VPOS="9368" HEIGHT="168" WIDTH="420" STYLEREFS="Style_11" WC="1" CC="00000"/>
						<SP ID="SP_1.1.48.2" HPOS="608" VPOS="9420" WIDTH="44"/>
						<String CONTENT="Chicago" ID="St_1.1.48.3" HPOS="684" VPOS="9372" HEIGHT="168" WIDTH="596" STYLEREFS="Style_11" WC="1" CC="0000000"/>
						<SP ID="SP_1.1.48.4" HPOS="1240" VPOS="9392" WIDTH="76"/>
						<String CONTENT="[etc.]" ID="St_1.1.48.5" HPOS="1356" VPOS="9392" HEIGHT="148" WIDTH="328" STYLEREFS="Style_11" WC="0.977777777777778" CC="400000"/>
						<SP ID="SP_1.1.48.6" HPOS="1664" VPOS="9412" WIDTH="56"/>
						<String CONTENT="Fleming" ID="St_1.1.48.7" HPOS="1760" VPOS="9380" HEIGHT="168" WIDTH="632" STYLEREFS="Style_11" WC="0.983333333333333" CC="0000000"/>
						<SP ID="SP_1.1.48.8" HPOS="2340" VPOS="9396" WIDTH="76"/>
						<String CONTENT="H." ID="St_1.1.48.9" HPOS="2448" VPOS="9384" HEIGHT="128" WIDTH="180" STYLEREFS="Style_11" WC="0.985555555555556" CC="00"/>
						<SP ID="SP_1.1.48.10" HPOS="2612" VPOS="9428" WIDTH="44"/>
						<String CONTENT="Revell" ID="St_1.1.48.11" HPOS="2696" VPOS="9388" HEIGHT="128" WIDTH="468" STYLEREFS="Style_11" WC="0.987777777777778" CC="000000"/>
						<SP ID="SP_1.1.48.12" HPOS="3136" VPOS="9376" WIDTH="56"/>
						<String CONTENT="company" ID="St_1.1.48.13" HPOS="3224" VPOS="9432" HEIGHT="128" WIDTH="668" STYLEREFS="Style_11" WC="0.99" CC="0000000"/>
						<SP ID="SP_1.1.48.14" HPOS="3844" VPOS="9400" WIDTH="84"/>
						<String CONTENT="[&#x0368;19" ID="St_1.1.48.15" HPOS="3972" VPOS="9368" HEIGHT="156" WIDTH="244" STYLEREFS="Style_11" WC="0.973333333333333" CC="8000"/>
						<String CONTENT="2" ID="St_1.1.48.16" HPOS="4228" VPOS="9400" HEIGHT="120" WIDTH="76" STYLEREFS="Style_11" WC="0.973333333333333" CC="0"/>
						<String CONTENT="7]" ID="St_1.1.48.17" HPOS="4308" VPOS="9396" HEIGHT="128" WIDTH="108" STYLEREFS="Style_11" WC="0.974444444444444" CC="00"/>
					</TextLine>
				</TextBlock>
				<TextBlock ID="TB_1.2" HPOS="2372" VPOS="9640" WIDTH="676" HEIGHT="380">
					<TextLine ID="TL_1.2.1" HPOS="2460" VPOS="9668" HEIGHT="136" WIDTH="248">
						<String CONTENT="759" ID="St_1.2.1.1" HPOS="2460" VPOS="9668" HEIGHT="136" WIDTH="248" STYLEREFS="Style_11" WC="0.777777777777778" CC="411"/>
					</TextLine>
				</TextBlock>
			</PrintSpace>
		</Page>
	</Layout>
</alto>
