5968 10284
668 1008 688 128 Montana
1356 1088 172 12 —
1536 1004 776 132 Continued

844 1232 272 88 xxx,
1188 1200 204 100 725
1456 1232 104 88 p.
1704 1200 720 108 22½ͨͫ.

684 1368 124 116 ©
884 1376 288 92 Nov.
1240 1372 164 116 23,
1476 1372 340 116 1927;
1892 1372 164 96 2c.
2128 1372 272 100 Dec.
2472 1372 64 92 6
2576 1396 20 92 ;
2676 1372 124 96 af
2776 1372 68 92 f
2856 1448 20 20 .
2948 1376 272 96 Dec.
3296 1372 60 92 5
3396 1396 24 92 ;
3500 1372 96 92 A
3668 1372 60 92 1
3740 1372 64 96 0
3812 1372 56 92 1
3880 1372 68 92 0
3952 1372 264 116 712;
4300 1372 1168 116 Bancroft-Whitney

844 1532 168 76 co.
4912 1500 356 108 11245

672 1732 1000 156 Morgenthau,
1752 1728 508 132 David.

848 1920 560 132 Genesis
1504 1920 272 124 and
1864 1920 580 160 science;
2544 1920 180 160 by
2820 1916 968 164 re-arranging
3884 1916 228 128 the
4212 1956 640 124 sequence
4952 1916 152 128 of
5196 1928 268 116 two

680 2104 592 124 Biblical
1344 2148 640 120 passages
2056 2104 144 124 in
2272 2104 820 124 accordance
3168 2104 336 124 with
3576 2104 236 124 the
3888 2100 800 128 Massoretic
4760 2112 332 152 text,
5172 2104 112 124 it
5360 2104 112 124 is

672 2288 512 164 clearly
1252 2304 200 112 set
1520 2288 388 128 forth
1972 2292 312 124 that
2352 2288 564 132 Genesis
2984 2288 112 128 is
3164 2304 280 148 not,
3516 2288 272 128 and
3860 2332 248 84 can
4176 2300 244 116 not
4492 2288 164 128 be
4720 2288 148 128 in
4940 2300 524 116 contra-

676 2476 520 124 diction
1276 2472 336 128 with
1692 2476 548 160 science,
2320 2520 144 80 as
2548 2476 332 124 both
2964 2520 224 80 are
3272 2472 844 128 emanations
4204 2472 368 128 from
4652 2476 228 124 the
4960 2472 508 128 Divine

680 2660 484 164 Spirit.
1320 2660 684 164 Judaism,
2076 2660 172 124 its
2324 2672 348 152 past,
2740 2660 176 128 its
2988 2672 612 152 present;
3684 2656 964 168 Christianity,
4724 2660 176 128 its
4972 2660 496 164 origin,

684 2848 168 124 its
964 2848 956 160 development
2028 2888 224 80 are
2368 2844 600 128 likewise
3084 2844 612 128 outlined
3824 2848 140 124 in
4080 2844 276 128 this
4476 2848 572 124 volume.
5256 2848 212 164 By

688 3032 440 124 David
1212 3032 580 160 Morgen
1800 3044 60 108 t
1864 3032 272 124 hau
2220 3044 84 128 …
2448 3072 224 84 rev
2692 3032 32 120 i
2744 3032 220 124 sed
3052 3032 184 160 by
3312 3032 332 124 Rev.
3728 3032 188 124 Pr
3928 3024 152 128 of
4092 3136 24 20 .
4196 3032 164 124 R.
4448 3024 112 136 C
4572 3132 24 24 .
4680 3032 200 124 Pa
4888 3032 48 124 l
4948 3072 284 84 mer
5332 3044 84 128 …

668 3216 652 160 Toronto,
1392 3212 112 132 G
1528 3212 424 128 enesis
2020 3216 268 124 and
2356 3216 508 124 science
2948 3216 460 160 ['1927]

832 3408 208 96 303
1104 3436 104 88 p.
1348 3408 312 96 illus.
1800 3408 724 108 21ͨͫ
2064 3488 20 16 .

840 3580 140 92 In
1052 3576 60 96 3
1184 3584 392 108 parts;
1656 3576 160 116 pt.
1888 3576 96 116 2,
2068 3572 676 100 "Judaism"
2824 3576 232 96 and
3128 3580 156 112 pt.
3360 3576 96 116 3,
3544 3576 308 96 "The
3928 3576 376 116 origin
4380 3572 124 100 of
4584 3576 884 120 Christianity",

672 3716 296 88 have
1028 3708 432 120 special
1528 3708 696 120 title-pages.

840 3844 804 100 "Authorities
1708 3840 744 100 consulted":
2520 3868 104 92 p.
2692 3848 244 92 303.

680 3992 120 120 ©
884 4008 160 100 1c.
1124 4012 248 96 Oct.
1444 4012 172 120 28,
1696 4008 340 116 1927;
2124 4008 100 96 A
2300 4012 152 92 ad
2528 4012 212 96 int.
2820 4012 60 92 1
2888 4008 68 96 0
2960 4008 268 116 291;
3320 4012 344 116 pubd.
3756 4012 304 116 Sept.
4144 4012 200 116 21;
4432 4012 140 96 D.
4656 4016 116 92 M
4784 4040 60 68 o
4856 4020 336 108 rgent
5196 4020 76 88 h
5284 4040 64 68 a
5360 4040 72 68 u
5440 4084 24 44 ,

840 4148 540 112 Toronto,
1468 4144 520 116 Ontario,
2076 4144 512 96 Canada.
2756 4144 680 120 (27-25928)
4908 4144 360 104 11246

664 4368 904 156 Mosellanus,
1644 4372 568 152 Petrus,
2292 4368 404 128 1493?
2708 4452 88 12 –
2804 4380 364 120 1524.

828 4556 912 128 Renaissance
1812 4560 556 124 student
2440 4556 300 164 life,
2812 4560 232 124 the
3116 4556 844 168 Paedologia
4032 4560 160 124 of
4260 4560 500 128 Petrus
4828 4560 628 128 Mosella-

660 4784 296 120 nus,
1036 4744 760 124 translated
1884 4740 368 128 from
2332 4740 228 128 the
2640 4740 420 128 Latin
3136 4744 184 160 by
3396 4740 520 132 Robert
3996 4744 576 128 Francis
4660 4740 564 176 Seybolt
5324 4740 80 148 …

672 4972 48 96 [
720 4928 612 164 Urbana,
1420 4928 228 128 Ill.
1664 5008 32 84 ]
1800 4924 812 168 University
2700 4924 156 128 of
2944 4924 544 132 Illinois
3580 4972 420 120 press,
4092 4932 364 128 1927.

824 5156 76 68 x
908 5128 40 96 i
956 5156 76 72 x
1100 5156 140 92 p.,
1308 5132 64 92 3
1440 5132 40 92 l
1492 5200 56 40 .,
1624 5128 208 96 100
1892 5156 108 88 p.
2144 5128 716 108 19½ͨͫ.

828 5296 908 116 Bibliography:
1812 5320 108 88 p.
1992 5296 136 96 87
2128 5348 76 12 –
2204 5292 172 100 94.

676 5436 120 120 ©
872 5464 284 92 Nov.
1220 5460 92 112 8,
1384 5456 340 116 1927;
1796 5456 164 104 2c.
2032 5460 224 92 and
2328 5456 200 100 aff.
2596 5464 284 92 Nov.
2956 5456 192 116 11;
3224 5456 100 96 A
3392 5456 552 116 1013070;
4024 5456 676 120 University
4776 5488 64 72 o
4844 5460 56 96 f
4972 5464 492 96 Illinois.

860 5592 676 116 (27-23978)
4904 5592 356 104 11247

660 5820 676 132 National
1408 5820 672 124 institute
2152 5816 152 128 of
2380 5816 428 128 social
2880 5816 668 128 sciences.

932 6012 80 136 …
1092 6008 588 128 Journal
1780 6004 152 128 of
2028 6008 232 120 the
2356 6000 660 132 National
3120 6000 632 132 institute
3848 6000 156 128 of
4100 6008 416 124 social
4620 6008 572 128 sciences
5296 6012 80 136 …

668 6220 120 100 v.
896 6200 196 156 12,
1188 6192 764 124 November
2056 6200 108 148 1,
2272 6188 348 128 1927.
2820 6188 404 128 Wide
3324 6188 664 128 influence
4088 6188 156 128 of
4344 6188 464 168 public
4908 6192 548 128 service.

668 6384 560 156 Boston,
1292 6380 152 120 F.
1516 6380 212 124 W.
1804 6376 484 120 Faxon
2352 6416 672 124 company
3112 6372 452 140 [ͨ1927]

828 6572 68 92 4
960 6600 104 88 p.
1132 6572 40 92 l
1184 6644 56 40 .,
1304 6568 200 100 193
1576 6596 104 88 p.
1824 6568 308 96 illus.
2276 6564 64 96 2
2348 6568 648 108 3½ͨͫ.

676 6704 116 108 ©
880 6736 272 96 Dec.
1232 6736 92 116 5,
1404 6736 340 112 1927;
1828 6732 164 100 2c.
2076 6736 268 92 Dec.
2424 6736 128 108 7;
2640 6732 200 96 aff.
2924 6736 100 92 D
3032 6744 104 84 ec
3172 6808 16 20 .
3276 6724 60 88 6
3380 6760 24 88 ;
3488 6736 100 92 A
3668 6732 548 120 1013478;
4308 6736 316 96 Natl.
4708 6736 544 96 institute
5332 6736 132 96 of

832 6896 224 72 soc.
1120 6868 540 116 sciences,
1720 6872 284 92 New
2064 6868 340 96 York.
4900 6864 356 108 11248

664 7096 708 152 Neuberg,
1452 7096 628 124 Maurice
2156 7092 128 128 J.

832 7280 440 168 Right
1372 7280 488 164 living,
1960 7276 408 128 series
2552 7284 144 152 II;
2768 7324 76 80 a
2948 7276 760 128 discussion
3812 7320 464 88 course
4388 7280 232 128 for
4720 7280 348 168 girls
5180 7284 272 124 and

664 7468 372 160 boys,
1100 7460 644 128 teacher's
1812 7464 600 160 manual,
2476 7464 184 160 by
2728 7460 612 128 Maurice
3412 7464 128 128 J.
3620 7460 676 168 Neuberg.
4460 7460 648 168 Chicago,
5180 7464 272 164 Ill.,

660 7652 292 128 The
1016 7648 808 164 University
1880 7648 156 124 of
2092 7644 608 164 Chicago
2756 7688 376 120 press
3208 7652 120 108 [ͨ
3308 7648 360 128 1927]

836 7844 192 112 vii,
1140 7840 204 96 120
1452 7868 100 88 p.
1696 7840 372 112 diagr.
2212 7836 720 120 19½ͨͫ.
2728 7836 180 120 (H
2908 7844 116 92 al
3032 7844 92 116 f-
3136 7844 96 92 ti
3240 7844 36 92 t
3288 7844 108 96 le
3412 7868 40 72 :
3556 7840 244 96 The
3916 7840 680 116 University
4708 7864 64 76 o
4780 7840 52 96 f
4948 7840 504 120 Chicago

664 7976 780 116 publications
1512 7976 124 92 in
1704 7972 548 120 religious
2324 7976 624 96 education
3008 7968 68 120 …
3288 7972 84 100 C
3384 8000 60 72 o
3452 7972 508 100 nstructi
3968 8000 72 72 v
4044 8000 64 72 e
4180 7976 272 96 stud
4460 7976 40 96 i
4504 7976 188 116 es)

832 8144 564 96 Contains
1456 8140 944 116 bibliographies.

672 8272 116 108 ©
868 8304 68 100 S
948 8312 228 108 ept.
1236 8304 160 116 12,
1468 8304 336 116 1927;
1872 8304 64 92 2
1948 8328 56 72 c
2016 8384 24 20 .
2100 8308 100 92 N
2208 8328 64 72 o
2280 8332 104 68 v.
2452 8304 64 96 9
2552 8332 24 88 ;
2648 8328 56 72 a
2724 8304 124 96 ff.
2912 8308 104 92 N
3020 8328 144 72 ov
3176 8380 20 20 .
3260 8308 128 112 7;
3456 8304 104 92 A
3624 8304 60 92 1
3692 8304 64 96 0
3764 8304 60 92 1
3836 8304 64 96 0
3904 8304 136 96 26
4048 8304 64 96 0
4152 8332 24 88 ;
4252 8304 676 116 University
5000 8332 64 68 o
5068 8304 60 96 f
5192 8304 84 100 C
5284 8304 168 96 hi-

828 8464 308 92 cago,
1224 8436 536 120 Chicago.
1928 8436 676 120 (27-24903)
4888 8436 360 104 11249

652 8668 352 124 New
1072 8664 548 152 Jersey.
1796 8664 444 164 Laws,
2308 8676 616 152 statutes,
3000 8676 240 116 etc.

828 8852 288 124 The
1184 8852 328 124 New
1576 8852 484 164 Jersey
2120 8864 684 148 statutory
2872 8848 820 128 cumulative
3764 8848 452 160 index,
4292 8852 320 120 1925
4680 8860 136 116 to
4896 8844 320 132 1927
5300 8852 80 144 …

668 9032 624 164 Newark,
1356 9036 164 124 N.
1584 9036 180 156 J.,
1832 9028 448 168 Soney
2340 9036 112 120 &
2520 9028 356 168 Sage
2936 9072 192 84 co.
3204 9048 84 120 [ͨ
3300 9028 364 132 1927]

828 9224 128 100 91
1032 9252 104 88 p.
1276 9224 684 112 24ͨͫ.

676 9360 116 112 ©
860 9396 104 88 N
972 9416 140 72 ov
1124 9468 20 20 .
1208 9388 164 116 21,
1440 9388 336 116 1927;
1848 9388 64 92 2
1916 9400 60 76 c
1988 9464 20 24 .
2080 9392 224 92 and
2372 9388 116 96 af
2492 9388 48 92 f
2548 9468 20 16 .
2636 9392 104 92 N
2744 9416 60 68 o
2816 9416 100 72 v.
2984 9388 196 116 23;
3252 9388 100 92 A
3416 9388 60 92 1
3488 9388 64 96 0
3560 9388 408 116 13294;
4048 9388 68 96 S
4132 9416 60 68 o
4200 9400 76 76 n
4280 9400 140 104 ey
4488 9388 88 96 &
4648 9388 68 96 S
4732 9412 208 92 age
5008 9412 124 72 co
5148 9464 20 20 .

4884 9516 360 104 11250

2884 9644 328 136 1674
