5984 10352
148 1148 460 144 Dunn,
692 1136 536 128 Fannie
1300 1132 532 152 Wyche
1836 1208 184 20 —
2024 1128 776 132 Continued

304 1340 148 116 vi,
524 1340 204 96 173
800 1364 108 88 p.
1040 1332 680 120 23½ͨͫ.

308 1476 436 116 Report
812 1472 124 96 of
1004 1472 196 96 the
1272 1488 536 96 progress
1876 1464 124 96 of
2064 1488 152 72 an
2284 1460 844 120 experimental
3196 1460 324 96 rural
3592 1456 392 100 school
4056 1452 640 100 conducted
4764 1452 144 116 by

140 1612 576 96 Teachers
804 1604 460 112 college,
1348 1596 604 104 Columbia
2036 1592 652 120 university
2772 1600 128 92 at
2980 1592 464 120 Quaker
3532 1592 408 112 Grove,
4028 1592 140 96 N.
4248 1592 104 96 J.

148 1720 120 108 ©
344 1740 264 96 Jan.
676 1740 168 112 31,
916 1736 336 112 1927;
1324 1736 164 96 2c.
1560 1732 268 96 Feb.
1900 1732 196 112 10;
2176 1728 200 100 aff.
2452 1728 264 100 Feb.
2792 1728 196 112 12;
3068 1728 100 96 A
3236 1728 480 116 967186;
3796 1724 580 100 Teachers
4444 1724 464 112 college,

308 1872 604 104 Columbia
996 1868 308 100 univ.
1476 1864 596 120 (27-3476)
4424 1856 288 100 1067

156 2100 384 148 Ellis,
608 2092 608 136 William
1284 2092 660 148 Thomas,
2016 2088 316 128 1873
2340 2168 88 16 –

328 2284 392 128 Bible
804 2280 396 124 lands
1280 2280 524 160 to-day,
1880 2276 180 164 by
2140 2276 628 128 William
2852 2280 156 120 T.
3100 2272 392 132 Ellis.
3664 2272 336 132 New
4084 2272 392 128 York
4572 2288 68 108 [
4616 2284 244 116 etc.
4872 2348 32 84 ]

160 2472 168 124 D.
396 2468 712 164 Appleton
1176 2464 272 128 and
1524 2508 712 120 company,
2312 2460 360 132 1927.

316 2668 200 96 xiv
576 2696 140 88 p.,
780 2668 60 92 1
904 2668 40 92 l
956 2736 56 40 .,
1072 2664 240 112 459,
1384 2664 136 116 [1]
1588 2688 108 88 p.
1824 2660 392 116 front.,
2284 2664 412 112 plates.
2824 2660 760 116 21½ͨͫ.

320 2808 332 112 Maps
724 2828 148 68 on
940 2800 872 116 lining-papers.

160 2936 120 112 ©
364 2940 264 96 Feb.
704 2940 160 112 11,
944 2932 332 116 1927;
1356 2932 164 104 2c.
1596 2932 228 96 and
1900 2928 196 104 aff.
2168 2932 272 96 Feb.
2516 2936 196 112 16;
2792 2932 100 96 A
2964 2928 480 120 967235;
3532 2932 132 96 D.
3744 2928 572 120 Appleton
4396 2932 84 96 &
4552 2956 168 72 co.

340 3072 600 120 (27-3382)
4436 3060 288 104 1068

168 3260 724 152 Emerson,
968 3260 456 152 Ralph
1500 3256 532 152 Waldo,
2112 3264 316 120 1803
2436 3336 88 12 –
2532 3264 360 120 1882.

404 3452 84 136 …
572 3448 504 156 Essays
1152 3448 272 124 and
1504 3488 500 120 poems,
2084 3444 456 128 edited
2608 3444 184 164 by
2868 3444 304 128 Eva
3244 3444 488 128 March
3804 3448 628 160 Tappan.
4596 3448 116 120 B
4724 3484 80 84 o
4808 3488 112 80 s-

168 3656 276 144 ton,
500 3640 332 124 New
896 3636 392 128 York
1356 3716 32 80 [
1396 3644 284 120 etc.]
1764 3636 428 160 Allyn
2252 3632 276 128 and
2588 3636 464 124 Bacon
3128 3640 152 160 [ͨ
3228 3644 60 116 1
3304 3644 72 116 9
3384 3640 76 120 2
3472 3640 72 120 6
3548 3676 32 100 ]

316 3860 120 96 xi
512 3884 136 92 p.,
724 3856 60 96 1
856 3860 40 92 l
908 3928 56 44 .,
1040 3856 200 96 161
1320 3880 104 92 p.
1564 3852 364 100 front.
1988 3848 416 120 (port.)
2564 3848 756 120 17½ͨͫ.
3080 3848 304 120 (The
3460 3852 556 116 academy
4092 3848 536 120 classics)

316 4012 152 96 At
536 4008 300 96 head
900 4008 128 96 of
1100 4004 324 96 title:
1504 4004 132 100 R.
1708 4004 172 100 W.
1952 4004 604 96 Emerson.

172 4116 120 112 ©
380 4144 268 96 Dec.
724 4140 168 112 28,
976 4136 336 116 1926;
1396 4136 164 100 2c.
1644 4140 268 92 Feb.
1992 4136 164 116 17,
2240 4132 340 120 1927;
2668 4136 200 100 aff.
2952 4136 272 96 Feb.
3304 4136 128 116 7;
3516 4136 100 96 A
3696 4136 484 116 967241;
4264 4136 348 116 Allyn
4696 4136 228 100 and

164 4280 420 96 Bacon.
732 4320 28 76 [
776 4256 124 120 ©
964 4276 792 96 introduction
1820 4276 228 96 and
2112 4276 332 96 notes
2652 4268 400 120 (27-34
3056 4268 64 100 3
3132 4272 120 116 1)
4420 4268 284 104 1069

172 4468 616 148 Eugene,
876 4468 628 124 Brother.

340 4652 132 124 A
560 4652 352 124 book
1004 4652 152 124 of
1248 4652 580 160 religion
1928 4648 224 128 for
2252 4644 628 132 Catholic
2976 4652 828 164 elementary
3892 4652 596 160 schools;
4588 4692 348 84 com-

184 4836 644 164 pendium
888 4836 156 128 of
1104 4836 396 128 Bible
1560 4836 272 128 and
1888 4836 508 128 church
2456 4836 576 164 history,
3092 4832 176 168 by
3332 4836 328 128 Rev.
3724 4836 592 128 Brother
4384 4840 556 164 Eugene

268 5036 80 128 …
428 5024 684 124 foreword
1192 5020 180 168 by
1456 5024 380 160 Very
1916 5020 328 128 Rev.
2332 5024 428 160 Msgr.
2848 5020 516 164 Joseph
3452 5024 168 128 V.
3716 5020 140 136 S.
3940 5024 756 168 McClancy
4768 5036 80 128 …

184 5216 324 124 New
580 5208 436 164 York,
1076 5208 216 132 W.
1360 5208 188 128 H.
1624 5204 544 136 Sadlier
2248 5204 416 164 [ͨ1927
2656 5256 44 92 ]

336 5408 216 100 xiii
616 5436 136 92 p.,
816 5412 60 92 1
940 5412 108 112 1.,
1112 5408 236 116 303,
1356 5412 68 108 [
1424 5412 92 116 1
1528 5452 24 76 ]
1624 5432 104 92 p.
1856 5408 44 96 i
1904 5412 36 88 l
1948 5408 40 96 l
1996 5432 172 72 us.
2232 5404 244 120 (inc
2480 5408 40 96 l
2532 5480 24 24 .
2616 5408 392 116 maps)
3156 5404 756 116 20ͨͫ.

344 5540 292 100 "For
704 5548 944 112 supplementary
1716 5540 488 120 reading
2264 5544 232 96 and
2560 5540 732 100 reference":
3360 5568 112 92 p.
3532 5540 204 100 303
3748 5620 24 24 .

380 5684 264 96 Feb.
716 5684 96 112 8,
880 5680 336 112 1927;
1292 5680 160 100 2c.
1524 5684 232 92 and
1824 5676 200 100 aff.
2096 5680 268 100 Feb.
2432 5676 196 116 10;
2708 5680 100 92 A
2872 5676 484 116 963507;
3432 5680 520 100 William
4024 5684 148 96 H.
4252 5680 492 100 Sadlier.

364 5816 600 116 (27-3335)
4460 5812 284 104 1070

188 6004 344 152 Gay,
600 6004 108 124 P
1388 6004 176 128 H.

344 6192 536 124 French
968 6192 824 160 elementary
1876 6192 592 128 schools:
2552 6192 480 124 official
3112 6232 528 88 courses
3724 6192 156 124 of
3960 6196 452 164 study,
4496 6192 452 132 edited

184 6376 172 168 by
432 6376 416 128 P.-H.
924 6372 308 168 Gay
1308 6372 268 132 and
1660 6372 120 136 O
1796 6480 24 20 .
1900 6376 784 160 Mortreux;
2760 6376 756 128 translated
3592 6376 336 128 with
4008 6424 172 80 an
4256 6380 692 128 introduc-

188 6576 52 116 t
244 6564 232 124 ion
564 6560 188 164 by
844 6564 116 124 I.
1060 6560 156 128 L.
1316 6560 496 128 Kande
1816 6560 52 128 l
1968 6576 76 136 …
2296 6564 332 124 New
2732 6556 392 132 York
3216 6604 72 84 c
3292 6560 248 168 ity,
3636 6564 668 128 Teachers
4408 6568 548 164 college,

192 6744 712 136 Columbia
972 6744 808 168 university,
1848 6752 360 124 1926.

352 6948 240 116 viii,
664 6948 208 96 270
940 6972 104 92 p.
1184 6944 684 112 23½ͨͫ
1512 7020 24 24 .
1700 6940 720 120 (Half-title:
2492 6940 468 104 Studies
3024 6944 128 96 of
3216 6948 196 96 the
3484 6948 864 96 International
4412 6948 544 104 institute

188 7084 128 96 of
368 7084 576 96 Teachers
1008 7080 460 112 college,
1532 7080 604 96 Columbia
2200 7080 680 112 university,
2948 7104 180 72 no.
3180 7080 128 112 3)

360 7220 308 92 "The
732 7212 804 116 organization
1600 7212 124 96 of
1792 7212 448 96 French
2300 7208 756 100 education":
3120 7240 108 88 p.
3300 7260 24 72 [
3336 7208 348 108 1]–27.

360 7348 900 100 "References":
1332 7376 104 92 p.
1496 7348 176 100 27.

200 7456 120 108 ©
408 7484 264 96 Feb.
756 7484 96 116 1,
932 7484 340 108 1927;
1356 7480 164 96 2c.
1604 7480 264 96 Jan.
1948 7480 128 112 3;
2168 7476 196 100 aff.
2448 7480 264 96 Feb.
2796 7480 200 112 11;
3084 7480 100 96 A
3264 7480 476 120 967165;
3832 7484 580 100 Teachers
4492 7492 464 116 college,

360 7620 596 100 Columbia
1044 7616 308 96 univ.
1520 7616 600 116 (27-3475)
4472 7616 284 108 1071

208 7808 632 148 Graeme,
912 7808 500 128 Bruce.

376 7996 288 124 The
744 7992 328 124 trail
1152 7988 156 132 of
1384 7992 228 128 the
1692 7992 468 128 White
2236 7988 544 168 knight,
2864 7992 176 164 by
3124 7996 440 124 Bruce
3648 7992 580 136 Graeme
4336 7992 88 148 …
4632 8000 332 128 New

216 8180 420 160 York,
704 8176 528 168 George
1296 8176 184 124 H.
1544 8180 476 124 Doran
2084 8216 668 124 company
2828 8252 32 84 [
2868 8176 420 160 ͨ1927]

368 8376 208 96 320
644 8404 104 88 p.
884 8376 720 108 19ͨͫ.

212 8484 116 120 ©
404 8508 264 96 Feb.
732 8508 164 116 18,
968 8504 332 116 1927;
1368 8508 164 96 2c.
1596 8508 232 96 and
1892 8500 200 108 aff.
2160 8508 268 96 Feb.
2492 8508 196 112 19;
2760 8504 100 96 A
2924 8508 476 116 963632;
3480 8508 436 120 George
3984 8516 148 100 H.
4196 8516 404 100 Doran
4668 8544 164 76 co.

392 8640 596 120 (27-3372)
4480 8648 288 108 1072

220 8828 848 156 Granberry,
1156 8832 540 128 Edwin.

388 9012 284 128 The
744 9020 532 124 ancient
1344 9020 572 160 hunger,
1976 9020 180 164 by
2224 9020 500 124 Edwin
2796 9016 828 172 Granberry.
3780 9024 328 128 New
4184 9024 432 164 York,
4684 9032 288 124 The

220 9200 716 168 Macaulay
1016 9248 668 120 company
1792 9200 444 144 [ͨ1927]

376 9396 204 96 251
648 9428 108 88 p.
888 9396 720 120 19½ͨͫ
1216 9472 24 28 .

228 9508 120 116 ©
420 9532 260 100 Jan.
748 9536 168 112 25,
984 9532 340 112 1927;
1396 9536 164 96 2c.
1632 9536 268 96 Feb.
1964 9540 132 108 1;
2172 9536 200 96 aff.
2444 9536 264 96 Feb.
2784 9536 192 112 16;
3056 9536 100 96 A
3224 9540 476 112 967233;
3784 9544 616 116 Macaulay
4472 9568 164 76 co.

404 9668 596 116 (27-3357)
4484 9672 292 104 1073

2488 9804 236 120 165
