5920 10300
524 1116 1012 152 Shakespeare,
1616 1112 656 148 William,
2356 1120 320 116 1564
2676 1188 88 12 –
2772 1116 360 120 1616.

784 1316 84 132 …
952 1296 1032 164 Shakespeare's
2076 1296 556 164 comedy
2724 1296 156 124 of
2968 1296 132 124 A
3184 1288 1448 164 midsummer-night's
4732 1292 528 136 dream;

536 1488 488 132 edited,
1112 1488 332 120 with
1536 1532 172 76 an
1792 1484 932 124 introduction
2812 1484 260 124 and
3164 1496 420 140 notes,
3672 1476 176 164 by
3936 1480 148 124 M
4096 1476 348 124 ilton
4528 1476 188 124 M.
4820 1476 444 128 Smith

708 1680 80 136 …
868 1676 328 120 New
1284 1668 428 132 York,
1804 1668 644 164 Chicago,
2532 1664 564 132 Charles
3172 1668 160 120 E.
3416 1664 536 128 Merrill
4040 1708 664 116 company
4800 1664 420 156 [ͨ1927
5224 1740 32 80 ]

700 1868 204 100 165
980 1896 108 88 p.
1224 1868 360 96 front.
1652 1864 408 112 (port.)
2156 1864 340 112 illus.,
2580 1868 408 112 plates.
3132 1864 612 112 17ͨͫ.
3576 1860 604 116 (Merrill's
4256 1856 484 120 English
4820 1864 112 92 te
4940 1884 68 72 x
5020 1856 168 112 ts)

708 2036 892 112 Bibliography:
1672 2060 104 88 p.
1844 2028 520 104 163–165.

544 2200 112 112 ©
724 2208 272 112 Apr.
1060 2204 160 112 15,
1288 2200 332 112 1927;
1684 2200 168 96 2c.
1912 2200 272 116 Apr.
2248 2200 196 108 23;
2516 2200 196 96 aff.
2772 2200 276 112 Apr.
3112 2200 60 92 2
3184 2200 60 92 6
3284 2224 20 80 ;
3376 2200 96 92 A
3536 2200 132 92 97
3676 2200 132 92 62
3816 2200 64 92 4
3884 2200 128 108 4;
4088 2196 480 100 Charles
4632 2200 128 96 E.
4828 2196 444 96 Merrill

700 2368 156 68 co.
1012 2340 152 104 [©
1244 2340 500 112 preface,
1816 2332 820 116 introduction,
2708 2344 356 104 notes,
3136 2332 628 116 questions,
3836 2332 344 116 study
4252 2328 256 100 aids

724 2476 596 116 (27-9606)
4796 2464 284 100 3506

536 2764 752 152 Siegfried,
1372 2764 400 124 Andr
1780 2764 68 124 é
1864 2860 32 52 ,
1980 2768 312 124 1875
2300 2844 84 12 –

716 2952 628 124 America
1440 2996 432 80 comes
1964 2948 152 128 of
2204 2992 288 120 age,
2584 2996 80 80 a
2756 2952 528 124 French
3384 2952 592 160 analysis
4068 2952 180 160 by
4336 2948 396 124 Andr
4708 2952 92 112 é
4904 2948 376 164 Sieg-

556 3136 428 152 fried;
1084 3136 756 128 translated
1936 3136 364 128 from
2392 3136 232 128 the
2716 3136 528 124 French
3344 3136 180 164 by
3612 3136 184 120 H.
3892 3136 180 124 H.
4168 3136 752 164 Hemming
5016 3136 264 128 and

548 3328 412 120 Doris
1040 3324 788 160 Hemming.
1996 3324 336 124 New
2420 3320 424 160 York,
2928 3324 740 156 Harcourt,
3756 3324 428 124 Brace
4268 3324 268 124 and
4624 3364 668 124 company

572 3508 444 160 [ͨ1927]

708 3736 108 80 x,
884 3704 204 96 358
1160 3736 104 84 p.
1400 3704 308 96 illus.
1776 3700 440 120 (maps)
2312 3700 364 120 diagr.
2820 3700 716 112 22½ͨͫ.

748 3876 268 112 Apr.
1084 3876 60 92 7
1156 3948 20 36 ,
1244 3872 204 92 192
1460 3876 56 88 7
1560 3896 20 84 ;
1652 3872 156 96 2c.
1880 3872 272 116 Apr.
2220 3876 56 88 1
2288 3872 64 96 3
2396 3896 16 84 ;
2488 3872 196 96 aff.
2756 3872 268 116 Apr.
3092 3872 56 92 1
3164 3872 124 112 2;
3364 3872 96 96 A
3524 3872 64 96 9
3596 3872 276 96 6776
3876 3872 124 112 3;
4080 3876 616 112 Harcourt,
4772 3880 368 92 Brace
5208 3876 84 92 &

716 4036 196 84 co.,
1000 4008 220 100 inc.
1392 4008 596 112 (27-9637)
4812 4004 280 104 3507

552 4300 508 144 Smith,
1140 4300 552 124 Darrell
1772 4300 696 124 Hevenor.

800 4492 84 136 …
968 4488 288 124 The
1336 4484 612 124 Panama
2032 4528 328 84 cana
2372 4484 48 124 l
2432 4512 48 108 ;
2576 4484 172 128 its
2832 4484 572 164 history,
3488 4484 668 128 activities
4240 4488 268 128 and
4596 4488 700 164 organiza-

560 4672 332 156 tion,
960 4672 180 160 by
1216 4672 552 124 Darrell
1844 4672 640 124 Hevenor
2564 4668 492 132 Smith.
3220 4672 792 160 Baltimore,
4084 4672 336 160 Md.,
4496 4676 292 128 The
4860 4676 440 128 Johns

556 4856 640 164 Hopkins
1276 4900 416 120 press,
1780 4856 356 128 1927.

728 5052 276 112 xvii,
1080 5052 208 96 413
1356 5080 108 88 p.
1540 5052 184 96 inc
1732 5056 36 88 l
1784 5128 20 20 .
1888 5056 408 92 tables.
2432 5056 684 104 22½ͨͫ.
2952 5052 616 116 (Institute
3640 5056 196 92 for
3908 5064 744 104 government
4740 5060 568 96 research.

576 5184 460 96 Service
1096 5184 776 116 monographs
1932 5184 124 96 of
2124 5188 192 92 the
2388 5184 424 100 United
2884 5184 388 100 States
3340 5192 780 108 government,
4188 5216 176 72 no.
4432 5192 196 108 44)

736 5348 896 116 Bibliography:
1692 5376 108 88 p.
1852 5348 524 100 375–394.

764 5520 272 116 Apr.
1100 5520 164 112 25,
1336 5520 272 96 1927
1632 5540 32 80 ;
1740 5520 160 96 2c.
1972 5520 268 112 Apr.
2308 5520 64 92 2
2380 5520 60 92 5
2480 5544 24 84 ;
2580 5516 196 100 aff.
2844 5520 268 112 Apr.
3180 5520 64 92 2
3256 5520 60 92 7
3356 5544 24 84 ;
3452 5524 96 88 A
3620 5520 60 96 9
3688 5524 56 92 7
3756 5520 200 96 292
3968 5520 60 96 5
4068 5548 24 84 ;
4172 5528 556 96 Institute
4796 5528 188 92 for
5052 5552 256 88 gov-

732 5664 520 88 ernment
1336 5656 572 112 research,
1996 5652 800 116 Washington.
2964 5652 592 116 (27-9765)
4828 5660 280 100 3508

668 5960 80 128 …
828 5948 284 124 The
1204 5948 448 124 South
1748 5952 608 120 western
2452 5960 648 148 reporter.
3280 5996 120 76 v.
3492 5952 276 120 288.
3948 5952 824 128 Permanent
4860 5960 200 120 ed.
5200 5964 80 128 …

740 6132 328 128 with
1132 6132 888 164 key-number
2084 6132 904 128 annotations.
3140 6132 628 164 January
3836 6136 788 164 5–January
4688 6144 196 156 26,
4960 6140 352 128 1927.

744 6316 188 132 St.
1016 6320 392 156 Paul,
1472 6320 380 124 West
1924 6316 800 164 publishing
2788 6360 236 120 co.,
3096 6316 356 128 1927.

736 6516 328 112 xxiii,
1136 6512 276 100 1200
1476 6540 108 88 p.
1720 6512 684 108 26ͨͫ.

584 6652 116 112 ©
768 6684 116 92 M
896 6708 164 72 ar.
1120 6684 164 112 17,
1348 6680 336 112 1927;
1744 6680 68 92 2
1824 6708 52 68 c
1888 6756 24 24 .
1972 6684 228 96 and
2264 6708 64 68 a
2332 6676 92 92 ff
2436 6760 24 20 .
2520 6684 276 112 May
2852 6684 64 88 1
2928 6684 60 92 6
3028 6704 20 88 ;
3112 6684 104 88 A
3272 6680 64 96 9
3344 6680 204 96 900
3552 6684 200 108 42;
3816 6680 140 92 W
3964 6692 176 88 est
4204 6684 256 116 pub.
4528 6712 128 72 co
4668 6764 20 20 .
4832 6688 132 96 35
4980 6688 60 96 0
5056 6688 56 100 9

580 6940 492 152 Stang,
1144 6940 604 128 William
1824 6940 532 152 Henry,
2436 6948 312 116 1851
2756 7020 84 12 –

748 7128 584 160 History
1400 7128 268 124 and
1732 7128 752 164 genealogy
2548 7124 152 128 of
2768 7128 228 124 the
3072 7124 488 164 family
3632 7124 156 128 of
3852 7132 400 124 Peter
4320 7132 668 164 Leipham
5060 7144 264 120 and

584 7312 212 128 his
872 7308 324 132 wife
1276 7312 728 128 Catherine
2080 7316 520 160 Berger
2672 7312 152 128 of
2900 7312 532 128 Russell
3504 7312 348 160 Hill,
3928 7320 552 156 Penn'a,
4556 7324 268 120 and
4896 7320 128 116 V
5036 7368 288 80 aca-

584 7500 296 124 tion
976 7496 1052 160 reminiscences,
2132 7500 668 160 compiled
2904 7500 180 160 by
3188 7500 324 124 Rev.
3612 7500 624 124 William
4340 7504 180 124 H.
4632 7504 436 164 Stang
5136 7508 76 136 …

604 7684 1100 160 [Wilkes-Barre,
1776 7684 284 160 Pa.,
2136 7684 572 128 Printed
2784 7684 180 164 by
3028 7680 228 128 the
3328 7684 156 124 E.
3564 7688 160 120 B.
3800 7688 480 164 Yordy
4352 7732 232 116 co.,
4716 7696 352 156 19271

756 7908 108 84 x,
928 7880 132 96 65
1112 7908 104 84 p.
1356 7884 408 108 plates,
1824 7888 388 108 ports.,
2268 7884 284 96 fold.
2612 7908 296 88 map.
3052 7880 680 108 23½ͨͫ
3364 7896 28 72 .

600 8012 116 108 ©
792 8048 272 116 Apr.
1132 8048 164 112 14,
1368 8052 56 88 1
1436 8048 60 92 9
1504 8052 64 88 2
1580 8052 60 88 7
1680 8076 20 72 ;
1776 8052 160 92 2c.
2008 8052 228 92 and
2308 8048 196 96 aff.
2572 8052 272 112 Apr.
2916 8048 196 108 23;
3188 8048 96 92 A
3356 8048 60 92 9
3428 8052 404 108 76232;
3908 8044 172 104 W.
4152 8056 144 96 H.
4376 8052 388 116 Stang,
4848 8056 480 104 Shaver-

760 8188 328 92 town.
1184 8184 200 96 Pa.
1548 8180 596 116 (27-9636)
4848 8188 276 100 3510

592 8436 672 148 Sullivan,
1352 8436 516 128 Frank.

772 8624 288 124 The
1148 8624 808 124 adventures
2048 8624 152 124 of
2288 8672 172 76 an
2552 8624 324 160 Oaf,
2964 8624 180 164 by
3224 8624 384 128 Herb
3696 8628 436 160 Roth;
4224 8644 292 112 text
4592 8632 184 164 by
4864 8632 468 128 Frank

600 8808 664 128 Sullivan.
1444 8808 328 124 New
1868 8812 428 156 York,
2380 8808 1024 164 Macy-Masius,
3500 8812 352 124 1927.

772 9004 204 92 136
1032 9028 104 88 p.
1276 9004 308 96 illus.
1728 9004 616 104 25ͨͫ.

772 9164 640 116 Title-page
1472 9172 228 88 and
1756 9172 372 92 added
2188 9172 232 112 t.-p.
2476 9168 700 96 illustrated.

780 9300 684 96 Illustrated
1524 9300 868 116 lining-papers.

612 9432 116 112 ©
824 9468 272 108 Apr.
1184 9468 160 100 15.
1436 9468 268 92 1927
1744 9492 24 72 ;
1860 9472 160 92 2c.
2112 9472 224 92 and
2424 9468 196 96 aff.
2708 9472 268 112 Apr.
3064 9468 132 92 21
3240 9492 20 68 ;
3356 9468 96 92 A
3540 9468 472 112 972838;
4112 9464 120 92 M
4240 9500 60 72 a
4312 9500 56 72 c
4376 9504 112 92 y-
4496 9468 124 92 M
4624 9476 352 100 asius.
5064 9480 268 112 pub-

772 9600 456 104 lishers.
1392 9600 596 120 (27-9755)
4860 9608 276 104 3511

2880 9732 236 124 535
