<?xml version="1.0"?>
<alto xmlns="http://www.loc.gov/standards/alto/ns-v2#" xmlns:xlink="http://www.w3.org/1999/xlink" xmlns:xsi="http://www.w3.org/2001/XMLSchema-instance" xsi:schemaLocation="http://www.loc.gov/standards/alto/ns-v2# http://www.loc.gov/standards/alto/alto-v2.0.xsd">
	<Description>
		<MeasurementUnit>inch1200</MeasurementUnit>
		<sourceImageInformation>
			<fileIdentifier>catalogofcopyrig241libr_001-1920_Page_1252.jpgf</fileIdentifier>
		</sourceImageInformation>
		<OCRProcessing ID="OCR1">
			<ocrProcessingStep>
				<processingDateTime>2018-03-17T16:49:44</processingDateTime>
				<processingAgency>Data Conversion Laboratory</processingAgency>
				<processingSoftware>
					<softwareCreator>Prime</softwareCreator>
					<softwareName>Prime OCR</softwareName>
					<softwareVersion>4.40</softwareVersion>
				</processingSoftware>
			</ocrProcessingStep>
			<postProcessingStep>
				<processingDateTime>2018-03-21T10:28:17</processingDateTime>
				<processingAgency>Data Conversion Laboratory</processingAgency>
				<processingStepDescription>PRO -&gt; ALTO</processingStepDescription>
				<processingSoftware>
					<softwareCreator>Data Conversion Laboratory</softwareCreator>
					<softwareName>pro2alto.2018.02.27</softwareName>
					<softwareVersion>2.0</softwareVersion>
				</processingSoftware>
			</postProcessingStep>
		</OCRProcessing>
	</Description>
<Styles>
		<TextStyle ID="Style_1" FONTSIZE="10" FONTTYPE="serif" FONTWIDTH="proportional"/>
		<TextStyle ID="Style_2" FONTSIZE="11" FONTTYPE="serif" FONTWIDTH="proportional"/>
		<TextStyle ID="Style_3" FONTSIZE="9" FONTTYPE="serif" FONTWIDTH="proportional" FONTSTYLE="bold"/>
		<TextStyle ID="Style_4" FONTSIZE="9" FONTTYPE="serif" FONTWIDTH="proportional"/>
		<TextStyle ID="Style_5" FONTSIZE="8" FONTTYPE="serif" FONTWIDTH="proportional"/>
		<TextStyle ID="Style_6" FONTSIZE="7" FONTTYPE="serif" FONTWIDTH="proportional" FONTSTYLE="bold italics"/>
		<TextStyle ID="Style_7" FONTSIZE="8" FONTTYPE="serif" FONTWIDTH="proportional" FONTSTYLE="bold italics"/>
		<TextStyle ID="Style_8" FONTSIZE="9" FONTTYPE="serif" FONTWIDTH="proportional" FONTSTYLE="bold italics"/>
		<TextStyle ID="Style_9" FONTSIZE="10" FONTTYPE="serif" FONTWIDTH="proportional" FONTSTYLE="bold"/>
		<TextStyle ID="Style_10" FONTSIZE="11" FONTTYPE="serif" FONTWIDTH="proportional" FONTSTYLE="italics"/>
		<TextStyle ID="Style_11" FONTSIZE="9" FONTTYPE="serif" FONTWIDTH="proportional" FONTSTYLE="italics"/>
		<TextStyle ID="Style_12" FONTSIZE="7" FONTTYPE="serif" FONTWIDTH="proportional"/>
		<TextStyle ID="Style_13" FONTSIZE="8" FONTTYPE="serif" FONTWIDTH="fixed"/>
		<TextStyle ID="Style_14" FONTSIZE="12" FONTTYPE="serif" FONTWIDTH="proportional"/>
		<TextStyle ID="Style_15" FONTSIZE="7" FONTTYPE="serif" FONTWIDTH="proportional" FONTSTYLE="subscript"/>
		<TextStyle ID="Style_16" FONTSIZE="8" FONTTYPE="serif" FONTWIDTH="proportional" FONTSTYLE="bold"/>
		<TextStyle ID="Style_17" FONTSIZE="8" FONTTYPE="serif" FONTWIDTH="proportional" FONTSTYLE="italics"/>
		<TextStyle ID="Style_18" FONTSIZE="10" FONTTYPE="serif" FONTWIDTH="fixed"/>
		<TextStyle ID="Style_19" FONTSIZE="7" FONTTYPE="serif" FONTWIDTH="proportional" FONTSTYLE="bold"/>
		<TextStyle ID="Style_20" FONTSIZE="7" FONTTYPE="sans-serif" FONTWIDTH="proportional" FONTSTYLE="bold"/>
		<TextStyle ID="Style_21" FONTSIZE="11" FONTTYPE="serif" FONTWIDTH="proportional" FONTSTYLE="bold"/>
		<TextStyle ID="Style_22" FONTSIZE="9" FONTTYPE="serif" FONTWIDTH="proportional" FONTSTYLE="bold superscript"/>
	</Styles>
	<Layout>
		<Page ID="Page_1" PHYSICAL_IMG_NR="1" HEIGHT="10284" WIDTH="5968">
			<PrintSpace ID="PS_1" HPOS="0" VPOS="0" HEIGHT="10284" WIDTH="5968">
				<TextBlock ID="TB_1.1" HPOS="3064" VPOS="9540" WIDTH="748" HEIGHT="352">
					<TextLine ID="TL_1.1.1" HPOS="3204" VPOS="9552" HEIGHT="120" WIDTH="320">
						<String CONTENT="12" ID="St_1.1.1.1" HPOS="3204" VPOS="9552" HEIGHT="120" WIDTH="152" STYLEREFS="Style_1" WC="0.777777777777778" CC="13"/>
						<String CONTENT="5" ID="St_1.1.1.2" HPOS="3372" VPOS="9560" HEIGHT="108" WIDTH="64" STYLEREFS="Style_2" WC="0.814444444444444" CC="1"/>
						<String CONTENT="8" ID="St_1.1.1.3" HPOS="3452" VPOS="9556" HEIGHT="112" WIDTH="72" STYLEREFS="Style_2" WC="0.777777777777778" CC="3"/>
					</TextLine>
				</TextBlock>
				<TextBlock ID="TB_1.2" HPOS="632" VPOS="808" WIDTH="5192" HEIGHT="8656">
					<TextLine ID="TL_1.2.1" HPOS="932" VPOS="888" HEIGHT="156" WIDTH="2592">
						<String CONTENT="Morgan," ID="St_1.2.1.1" HPOS="932" VPOS="896" HEIGHT="148" WIDTH="632" STYLEREFS="Style_3" WC="1" CC="0000000"/>
						<SP ID="SP_1.2.1.2" HPOS="1544" VPOS="944" WIDTH="60"/>
						<String CONTENT="Beatrice" ID="St_1.2.1.3" HPOS="1656" VPOS="888" HEIGHT="132" WIDTH="652" STYLEREFS="Style_3" WC="1" CC="00000000"/>
						<SP ID="SP_1.2.1.4" HPOS="2268" VPOS="916" WIDTH="80"/>
						<String CONTENT="P." ID="St_1.2.1.5" HPOS="2396" VPOS="896" HEIGHT="124" WIDTH="152" STYLEREFS="Style_4" WC="1" CC="00"/>
						<String CONTENT="&#151;" ID="St_1.2.1.6" HPOS="2556" VPOS="968" HEIGHT="20" WIDTH="184" STYLEREFS="Style_5" WC="1" CC="0"/>
						<String CONTENT="Continued" ID="St_1.2.1.7" HPOS="2752" VPOS="892" HEIGHT="128" WIDTH="772" STYLEREFS="Style_5" WC="1" CC="000000000"/>
					</TextLine>
					<TextLine ID="TL_1.2.2" HPOS="1092" VPOS="1072" HEIGHT="116" WIDTH="4316">
						<String CONTENT="39" ID="St_1.2.2.1" HPOS="1092" VPOS="1076" HEIGHT="96" WIDTH="140" STYLEREFS="Style_5" WC="1" CC="00"/>
						<SP ID="SP_1.2.2.2" HPOS="1192" VPOS="1072" WIDTH="80"/>
						<String CONTENT="p." ID="St_1.2.2.3" HPOS="1316" VPOS="1100" HEIGHT="88" WIDTH="104" STYLEREFS="Style_5" WC="1" CC="00"/>
						<SP ID="SP_1.2.2.4" HPOS="1404" VPOS="1108" WIDTH="84"/>
						<String CONTENT="19&#189;&#x0368;&#x036b;." ID="St_1.2.2.5" HPOS="1564" VPOS="1072" HEIGHT="112" WIDTH="716" STYLEREFS="Style_5" WC="1" CC="000000"/>
						<SP ID="SP_1.2.2.6" HPOS="1900" VPOS="1108" WIDTH="96"/>
						<String CONTENT="(" ID="St_1.2.2.7" HPOS="2080" VPOS="1072" HEIGHT="116" WIDTH="36" STYLEREFS="Style_6" WC="1" CC="0"/>
						<String CONTENT="Hal" ID="St_1.2.2.8" HPOS="2136" VPOS="1076" HEIGHT="88" WIDTH="236" STYLEREFS="Style_7" WC="1" CC="000"/>
						<String CONTENT="f-" ID="St_1.2.2.9" HPOS="2384" VPOS="1076" HEIGHT="112" WIDTH="92" STYLEREFS="Style_7" WC="1" CC="00"/>
						<String CONTENT="ti" ID="St_1.2.2.10" HPOS="2488" VPOS="1076" HEIGHT="88" WIDTH="88" STYLEREFS="Style_7" WC="1" CC="00"/>
						<String CONTENT="t" ID="St_1.2.2.11" HPOS="2584" VPOS="1080" HEIGHT="84" WIDTH="40" STYLEREFS="Style_8" WC="0.974444444444444" CC="5"/>
						<String CONTENT="l" ID="St_1.2.2.12" HPOS="2644" VPOS="1076" HEIGHT="88" WIDTH="32" STYLEREFS="Style_8" WC="0.975555555555556" CC="0"/>
						<String CONTENT="e:" ID="St_1.2.2.13" HPOS="2688" VPOS="1100" HEIGHT="72" WIDTH="112" STYLEREFS="Style_8" WC="0.977777777777778" CC="00"/>
						<SP ID="SP_1.2.2.14" HPOS="2776" VPOS="1092" WIDTH="64"/>
						<String CONTENT="Contemporary" ID="St_1.2.2.15" HPOS="2884" VPOS="1072" HEIGHT="116" WIDTH="912" STYLEREFS="Style_8" WC="0.984444444444444" CC="000000000000"/>
						<SP ID="SP_1.2.2.16" HPOS="3756" VPOS="1088" WIDTH="80"/>
						<String CONTENT="poets" ID="St_1.2.2.17" HPOS="3880" VPOS="1080" HEIGHT="108" WIDTH="328" STYLEREFS="Style_8" WC="0.986666666666667" CC="00000"/>
						<SP ID="SP_1.2.2.18" HPOS="4176" VPOS="1088" WIDTH="72"/>
						<String CONTENT="of" ID="St_1.2.2.19" HPOS="4296" VPOS="1076" HEIGHT="96" WIDTH="120" STYLEREFS="Style_8" WC="0.987777777777778" CC="00"/>
						<SP ID="SP_1.2.2.20" HPOS="4388" VPOS="1076" WIDTH="68"/>
						<String CONTENT="Dorrance," ID="St_1.2.2.21" HPOS="4504" VPOS="1076" HEIGHT="112" WIDTH="628" STYLEREFS="Style_8" WC="0.99" CC="000000000"/>
						<SP ID="SP_1.2.2.22" HPOS="5112" VPOS="1112" WIDTH="56"/>
						<String CONTENT="6" ID="St_1.2.2.23" HPOS="5212" VPOS="1076" HEIGHT="88" WIDTH="68" STYLEREFS="Style_8" WC="0.99" CC="0"/>
						<String CONTENT="1)" ID="St_1.2.2.24" HPOS="5288" VPOS="1076" HEIGHT="112" WIDTH="120" STYLEREFS="Style_8" WC="0.986666666666667" CC="11"/>
					</TextLine>
					<TextLine ID="TL_1.2.3" HPOS="1096" VPOS="1212" HEIGHT="96" WIDTH="440">
						<String CONTENT="Poems." ID="St_1.2.3.1" HPOS="1096" VPOS="1212" HEIGHT="96" WIDTH="440" STYLEREFS="Style_8" WC="1" CC="000000"/>
					</TextLine>
					<TextLine ID="TL_1.2.4" HPOS="932" VPOS="1328" HEIGHT="128" WIDTH="4772">
						<String CONTENT="&#169;" ID="St_1.2.4.1" HPOS="932" VPOS="1328" HEIGHT="112" WIDTH="116" STYLEREFS="Style_8" WC="0.222222222222222" CC="7"/>
						<SP ID="SP_1.2.4.2" HPOS="988" VPOS="1332" WIDTH="100"/>
						<String CONTENT="Sept." ID="St_1.2.4.3" HPOS="1128" VPOS="1344" HEIGHT="112" WIDTH="312" STYLEREFS="Style_8" WC="0.824444444444444" CC="00000"/>
						<SP ID="SP_1.2.4.4" HPOS="1424" VPOS="1384" WIDTH="44"/>
						<String CONTENT="1," ID="St_1.2.4.5" HPOS="1504" VPOS="1344" HEIGHT="112" WIDTH="96" STYLEREFS="Style_8" WC="0.877777777777778" CC="00"/>
						<SP ID="SP_1.2.4.6" HPOS="1584" VPOS="1384" WIDTH="48"/>
						<String CONTENT="1927;" ID="St_1.2.4.7" HPOS="1672" VPOS="1344" HEIGHT="112" WIDTH="332" STYLEREFS="Style_8" WC="0.923333333333333" CC="00000"/>
						<SP ID="SP_1.2.4.8" HPOS="1988" VPOS="1360" WIDTH="48"/>
						<String CONTENT="2c." ID="St_1.2.4.9" HPOS="2080" VPOS="1344" HEIGHT="100" WIDTH="160" STYLEREFS="Style_8" WC="0.938888888888889" CC="000"/>
						<SP ID="SP_1.2.4.10" HPOS="2224" VPOS="1384" WIDTH="52"/>
						<String CONTENT="Sept." ID="St_1.2.4.11" HPOS="2320" VPOS="1344" HEIGHT="112" WIDTH="304" STYLEREFS="Style_8" WC="0.952222222222222" CC="00000"/>
						<SP ID="SP_1.2.4.12" HPOS="2612" VPOS="1384" WIDTH="44"/>
						<String CONTENT="30;" ID="St_1.2.4.13" HPOS="2692" VPOS="1344" HEIGHT="108" WIDTH="196" STYLEREFS="Style_8" WC="0.958888888888889" CC="000"/>
						<SP ID="SP_1.2.4.14" HPOS="2872" VPOS="1360" WIDTH="52"/>
						<String CONTENT="aff." ID="St_1.2.4.15" HPOS="2968" VPOS="1344" HEIGHT="100" WIDTH="196" STYLEREFS="Style_8" WC="0.964444444444444" CC="0000"/>
						<SP ID="SP_1.2.4.16" HPOS="3148" VPOS="1388" WIDTH="52"/>
						<String CONTENT="Sept." ID="St_1.2.4.17" HPOS="3240" VPOS="1344" HEIGHT="112" WIDTH="308" STYLEREFS="Style_8" WC="0.97" CC="00000"/>
						<SP ID="SP_1.2.4.18" HPOS="3532" VPOS="1384" WIDTH="48"/>
						<String CONTENT="28;" ID="St_1.2.4.19" HPOS="3620" VPOS="1344" HEIGHT="112" WIDTH="196" STYLEREFS="Style_8" WC="0.962222222222222" CC="040"/>
						<SP ID="SP_1.2.4.20" HPOS="3800" VPOS="1360" WIDTH="52"/>
						<String CONTENT="A" ID="St_1.2.4.21" HPOS="3892" VPOS="1348" HEIGHT="92" WIDTH="96" STYLEREFS="Style_8" WC="0.964444444444444" CC="0"/>
						<SP ID="SP_1.2.4.22" HPOS="3932" VPOS="1348" WIDTH="88"/>
						<String CONTENT="1004442;" ID="St_1.2.4.23" HPOS="4060" VPOS="1344" HEIGHT="112" WIDTH="548" STYLEREFS="Style_8" WC="0.97" CC="00000000"/>
						<SP ID="SP_1.2.4.24" HPOS="4592" VPOS="1360" WIDTH="52"/>
						<String CONTENT="Dorrance" ID="St_1.2.4.25" HPOS="4688" VPOS="1348" HEIGHT="92" WIDTH="592" STYLEREFS="Style_8" WC="0.973333333333333" CC="00000000"/>
						<SP ID="SP_1.2.4.26" HPOS="5244" VPOS="1364" WIDTH="68"/>
						<String CONTENT="&amp;" ID="St_1.2.4.27" HPOS="5356" VPOS="1344" HEIGHT="96" WIDTH="80" STYLEREFS="Style_8" WC="0.974444444444444" CC="0"/>
						<SP ID="SP_1.2.4.28" HPOS="5388" VPOS="1348" WIDTH="80"/>
						<String CONTENT="co" ID="St_1.2.4.29" HPOS="5508" VPOS="1372" HEIGHT="68" WIDTH="128" STYLEREFS="Style_8" WC="0.967777777777778" CC="50"/>
						<String CONTENT=".," ID="St_1.2.4.30" HPOS="5652" VPOS="1420" HEIGHT="36" WIDTH="52" STYLEREFS="Style_8" WC="0.968888888888889" CC="00"/>
					</TextLine>
					<TextLine ID="TL_1.2.5" HPOS="1092" VPOS="1476" HEIGHT="120" WIDTH="4392">
						<String CONTENT="inc." ID="St_1.2.5.1" HPOS="1092" VPOS="1480" HEIGHT="96" WIDTH="216" STYLEREFS="Style_8" WC="1" CC="0000"/>
						<SP ID="SP_1.2.5.2" HPOS="1292" VPOS="1528" WIDTH="96"/>
						<String CONTENT="(27-20469)" ID="St_1.2.5.3" HPOS="1480" VPOS="1480" HEIGHT="116" WIDTH="668" STYLEREFS="Style_8" WC="1" CC="0000000000"/>
						<SP ID="SP_1.2.5.4" HPOS="2128" VPOS="1484" WIDTH="3072"/>
						<String CONTENT="8378" ID="St_1.2.5.5" HPOS="5200" VPOS="1476" HEIGHT="100" WIDTH="284" STYLEREFS="Style_8" WC="0.703333333333333" CC="0000"/>
					</TextLine>
					<TextLine ID="TL_1.2.6" HPOS="932" VPOS="1708" HEIGHT="152" WIDTH="2376">
						<String CONTENT="Morgan," ID="St_1.2.6.1" HPOS="932" VPOS="1712" HEIGHT="148" WIDTH="640" STYLEREFS="Style_9" WC="1" CC="0000000"/>
						<SP ID="SP_1.2.6.2" HPOS="1548" VPOS="1760" WIDTH="56"/>
						<String CONTENT="M" ID="St_1.2.6.3" HPOS="1640" VPOS="1712" HEIGHT="124" WIDTH="160" STYLEREFS="Style_10" WC="0.962222222222222" CC="3"/>
						<String CONTENT="rs." ID="St_1.2.6.4" HPOS="1800" VPOS="1756" HEIGHT="80" WIDTH="168" STYLEREFS="Style_11" WC="0.897777777777778" CC="134"/>
						<SP ID="SP_1.2.6.5" HPOS="1956" VPOS="1768" WIDTH="48"/>
						<String CONTENT="Lucy" ID="St_1.2.6.6" HPOS="2044" VPOS="1708" HEIGHT="152" WIDTH="392" STYLEREFS="Style_11" WC="0.927777777777778" CC="0000"/>
						<SP ID="SP_1.2.6.7" HPOS="2384" VPOS="1732" WIDTH="92"/>
						<String CONTENT="(Griscom)" ID="St_1.2.6.8" HPOS="2520" VPOS="1708" HEIGHT="152" WIDTH="788" STYLEREFS="Style_11" WC="0.954444444444444" CC="000000000"/>
					</TextLine>
					<TextLine ID="TL_1.2.7" HPOS="1100" VPOS="1896" HEIGHT="168" WIDTH="4612">
						<String CONTENT="Finding" ID="St_1.2.7.1" HPOS="1100" VPOS="1896" HEIGHT="164" WIDTH="620" STYLEREFS="Style_11" WC="1" CC="0000000"/>
						<SP ID="SP_1.2.7.2" HPOS="1672" VPOS="1920" WIDTH="96"/>
						<String CONTENT="his" ID="St_1.2.7.3" HPOS="1824" VPOS="1896" HEIGHT="124" WIDTH="216" STYLEREFS="Style_11" WC="1" CC="000"/>
						<SP ID="SP_1.2.7.4" HPOS="2004" VPOS="1920" WIDTH="88"/>
						<String CONTENT="world" ID="St_1.2.7.5" HPOS="2152" VPOS="1896" HEIGHT="124" WIDTH="432" STYLEREFS="Style_11" WC="1" CC="00000"/>
						<String CONTENT=";" ID="St_1.2.7.6" HPOS="2588" VPOS="1900" HEIGHT="112" WIDTH="48" STYLEREFS="Style_11" WC="1" CC="0"/>
						<SP ID="SP_1.2.7.7" HPOS="2632" VPOS="1920" WIDTH="72"/>
						<String CONTENT="the" ID="St_1.2.7.8" HPOS="2768" VPOS="1896" HEIGHT="124" WIDTH="228" STYLEREFS="Style_11" WC="1" CC="000"/>
						<SP ID="SP_1.2.7.9" HPOS="2956" VPOS="1916" WIDTH="92"/>
						<String CONTENT="story" ID="St_1.2.7.10" HPOS="3108" VPOS="1908" HEIGHT="148" WIDTH="372" STYLEREFS="Style_11" WC="1" CC="00000"/>
						<SP ID="SP_1.2.7.11" HPOS="3432" VPOS="1920" WIDTH="100"/>
						<String CONTENT="of" ID="St_1.2.7.12" HPOS="3596" VPOS="1896" HEIGHT="124" WIDTH="152" STYLEREFS="Style_11" WC="1" CC="00"/>
						<SP ID="SP_1.2.7.13" HPOS="3708" VPOS="1900" WIDTH="92"/>
						<String CONTENT="Arthur" ID="St_1.2.7.14" HPOS="3860" VPOS="1896" HEIGHT="124" WIDTH="536" STYLEREFS="Style_11" WC="1" CC="000000"/>
						<SP ID="SP_1.2.7.15" HPOS="4360" VPOS="1924" WIDTH="88"/>
						<String CONTENT="E." ID="St_1.2.7.16" HPOS="4512" VPOS="1900" HEIGHT="124" WIDTH="160" STYLEREFS="Style_11" WC="1" CC="00"/>
						<SP ID="SP_1.2.7.17" HPOS="4656" VPOS="1952" WIDTH="68"/>
						<String CONTENT="Morgan," ID="St_1.2.7.18" HPOS="4784" VPOS="1900" HEIGHT="164" WIDTH="636" STYLEREFS="Style_11" WC="1" CC="0000000"/>
						<SP ID="SP_1.2.7.19" HPOS="5396" VPOS="1948" WIDTH="76"/>
						<String CONTENT="by" ID="St_1.2.7.20" HPOS="5532" VPOS="1896" HEIGHT="164" WIDTH="180" STYLEREFS="Style_11" WC="1" CC="00"/>
					</TextLine>
					<TextLine ID="TL_1.2.8" HPOS="936" VPOS="2080" HEIGHT="164" WIDTH="4776">
						<String CONTENT="Lucy" ID="St_1.2.8.1" HPOS="936" VPOS="2088" HEIGHT="140" WIDTH="372" STYLEREFS="Style_11" WC="1" CC="0000"/>
						<SP ID="SP_1.2.8.2" HPOS="1260" VPOS="2104" WIDTH="80"/>
						<String CONTENT="Griscom" ID="St_1.2.8.3" HPOS="1368" VPOS="2080" HEIGHT="132" WIDTH="624" STYLEREFS="Style_11" WC="0.962222222222222" CC="4000000"/>
						<SP ID="SP_1.2.8.4" HPOS="1924" VPOS="2104" WIDTH="100"/>
						<String CONTENT="Morgan." ID="St_1.2.8.5" HPOS="2056" VPOS="2080" HEIGHT="160" WIDTH="628" STYLEREFS="Style_11" WC="0.977777777777778" CC="0000000"/>
						<SP ID="SP_1.2.8.6" HPOS="2668" VPOS="2132" WIDTH="108"/>
						<String CONTENT="Yellow" ID="St_1.2.8.7" HPOS="2872" VPOS="2080" HEIGHT="124" WIDTH="528" STYLEREFS="Style_11" WC="0.983333333333333" CC="000000"/>
						<SP ID="SP_1.2.8.8" HPOS="3340" VPOS="2108" WIDTH="92"/>
						<String CONTENT="Springs" ID="St_1.2.8.9" HPOS="3468" VPOS="2080" HEIGHT="164" WIDTH="588" STYLEREFS="Style_11" WC="0.986666666666667" CC="0000000"/>
						<SP ID="SP_1.2.8.10" HPOS="4024" VPOS="2108" WIDTH="68"/>
						<String CONTENT="[" ID="St_1.2.8.11" HPOS="4132" VPOS="2124" HEIGHT="92" WIDTH="44" STYLEREFS="Style_11" WC="0.975555555555556" CC="4"/>
						<String CONTENT="O." ID="St_1.2.8.12" HPOS="4176" VPOS="2080" HEIGHT="132" WIDTH="160" STYLEREFS="Style_11" WC="0.973333333333333" CC="01"/>
						<String CONTENT="]" ID="St_1.2.8.13" HPOS="4336" VPOS="2124" HEIGHT="92" WIDTH="44" STYLEREFS="Style_11" WC="0.961111111111111" CC="5"/>
						<SP ID="SP_1.2.8.14" HPOS="4364" VPOS="2124" WIDTH="56"/>
						<String CONTENT="Kahoe" ID="St_1.2.8.15" HPOS="4464" VPOS="2080" HEIGHT="128" WIDTH="480" STYLEREFS="Style_11" WC="0.965555555555556" CC="00000"/>
						<SP ID="SP_1.2.8.16" HPOS="4908" VPOS="2108" WIDTH="64"/>
						<String CONTENT="&amp;" ID="St_1.2.8.17" HPOS="5008" VPOS="2088" HEIGHT="116" WIDTH="108" STYLEREFS="Style_11" WC="0.966666666666667" CC="0"/>
						<SP ID="SP_1.2.8.18" HPOS="5056" VPOS="2088" WIDTH="92"/>
						<String CONTENT="Spieth," ID="St_1.2.8.19" HPOS="5184" VPOS="2080" HEIGHT="164" WIDTH="528" STYLEREFS="Style_11" WC="0.972222222222222" CC="0000000"/>
					</TextLine>
					<TextLine ID="TL_1.2.9" HPOS="944" VPOS="2272" HEIGHT="124" WIDTH="352">
						<String CONTENT="1927." ID="St_1.2.9.1" HPOS="944" VPOS="2272" HEIGHT="124" WIDTH="352" STYLEREFS="Style_11" WC="1" CC="00000"/>
					</TextLine>
					<TextLine ID="TL_1.2.10" HPOS="1092" VPOS="2460" HEIGHT="120" WIDTH="1720">
						<String CONTENT="4" ID="St_1.2.10.1" HPOS="1092" VPOS="2468" HEIGHT="92" WIDTH="72" STYLEREFS="Style_11" WC="1" CC="0"/>
						<SP ID="SP_1.2.10.2" HPOS="1128" VPOS="2464" WIDTH="72"/>
						<String CONTENT="p." ID="St_1.2.10.3" HPOS="1236" VPOS="2492" HEIGHT="88" WIDTH="100" STYLEREFS="Style_11" WC="1" CC="00"/>
						<SP ID="SP_1.2.10.4" HPOS="1324" VPOS="2500" WIDTH="52"/>
						<String CONTENT="l" ID="St_1.2.10.5" HPOS="1416" VPOS="2468" HEIGHT="92" WIDTH="36" STYLEREFS="Style_11" WC="1" CC="0"/>
						<String CONTENT=".," ID="St_1.2.10.6" HPOS="1468" VPOS="2536" HEIGHT="40" WIDTH="56" STYLEREFS="Style_11" WC="1" CC="00"/>
						<SP ID="SP_1.2.10.7" HPOS="1508" VPOS="2500" WIDTH="56"/>
						<String CONTENT="108" ID="St_1.2.10.8" HPOS="1608" VPOS="2464" HEIGHT="96" WIDTH="204" STYLEREFS="Style_11" WC="1" CC="000"/>
						<SP ID="SP_1.2.10.9" HPOS="1776" VPOS="2460" WIDTH="72"/>
						<String CONTENT="p." ID="St_1.2.10.10" HPOS="1888" VPOS="2488" HEIGHT="88" WIDTH="104" STYLEREFS="Style_11" WC="1" CC="00"/>
						<SP ID="SP_1.2.10.11" HPOS="1976" VPOS="2504" WIDTH="88"/>
						<String CONTENT="24&#x0368;&#x036b;." ID="St_1.2.10.12" HPOS="2136" VPOS="2464" HEIGHT="108" WIDTH="676" STYLEREFS="Style_12" WC="0.977777777777778" CC="00004"/>
					</TextLine>
					<TextLine ID="TL_1.2.11" HPOS="936" VPOS="2584" HEIGHT="132" WIDTH="4452">
						<String CONTENT="&#169;" ID="St_1.2.11.1" HPOS="936" VPOS="2584" HEIGHT="120" WIDTH="124" STYLEREFS="Style_12" WC="0.555555555555556" CC="4"/>
						<SP ID="SP_1.2.11.2" HPOS="996" VPOS="2584" WIDTH="104"/>
						<String CONTENT="Sept." ID="St_1.2.11.3" HPOS="1136" VPOS="2600" HEIGHT="116" WIDTH="308" STYLEREFS="Style_12" WC="0.935555555555556" CC="00000"/>
						<SP ID="SP_1.2.11.4" HPOS="1432" VPOS="2640" WIDTH="44"/>
						<String CONTENT="6," ID="St_1.2.11.5" HPOS="1512" VPOS="2600" HEIGHT="116" WIDTH="88" STYLEREFS="Style_12" WC="0.955555555555556" CC="00"/>
						<SP ID="SP_1.2.11.6" HPOS="1588" VPOS="2640" WIDTH="48"/>
						<String CONTENT="1927;" ID="St_1.2.11.7" HPOS="1672" VPOS="2600" HEIGHT="112" WIDTH="336" STYLEREFS="Style_12" WC="0.944444444444444" CC="00004"/>
						<SP ID="SP_1.2.11.8" HPOS="1996" VPOS="2612" WIDTH="44"/>
						<String CONTENT="2c." ID="St_1.2.11.9" HPOS="2080" VPOS="2600" HEIGHT="96" WIDTH="160" STYLEREFS="Style_12" WC="0.922222222222222" CC="140"/>
						<SP ID="SP_1.2.11.10" HPOS="2228" VPOS="2640" WIDTH="44"/>
						<String CONTENT="and" ID="St_1.2.11.11" HPOS="2312" VPOS="2600" HEIGHT="96" WIDTH="228" STYLEREFS="Style_12" WC="0.934444444444444" CC="000"/>
						<SP ID="SP_1.2.11.12" HPOS="2504" VPOS="2600" WIDTH="72"/>
						<String CONTENT="aff." ID="St_1.2.11.13" HPOS="2612" VPOS="2600" HEIGHT="96" WIDTH="192" STYLEREFS="Style_12" WC="0.926666666666667" CC="0050"/>
						<SP ID="SP_1.2.11.14" HPOS="2792" VPOS="2640" WIDTH="52"/>
						<String CONTENT="Sept." ID="St_1.2.11.15" HPOS="2884" VPOS="2600" HEIGHT="116" WIDTH="304" STYLEREFS="Style_12" WC="0.938888888888889" CC="00000"/>
						<SP ID="SP_1.2.11.16" HPOS="3176" VPOS="2640" WIDTH="44"/>
						<String CONTENT="30;" ID="St_1.2.11.17" HPOS="3256" VPOS="2600" HEIGHT="108" WIDTH="196" STYLEREFS="Style_12" WC="0.945555555555556" CC="000"/>
						<SP ID="SP_1.2.11.18" HPOS="3440" VPOS="2612" WIDTH="48"/>
						<String CONTENT="A" ID="St_1.2.11.19" HPOS="3528" VPOS="2600" HEIGHT="92" WIDTH="96" STYLEREFS="Style_12" WC="0.947777777777778" CC="0"/>
						<SP ID="SP_1.2.11.20" HPOS="3572" VPOS="2600" WIDTH="84"/>
						<String CONTENT="1007327;" ID="St_1.2.11.21" HPOS="3696" VPOS="2600" HEIGHT="112" WIDTH="544" STYLEREFS="Style_12" WC="0.957777777777778" CC="00000000"/>
						<SP ID="SP_1.2.11.22" HPOS="4228" VPOS="2612" WIDTH="52"/>
						<String CONTENT="Kahoe" ID="St_1.2.11.23" HPOS="4320" VPOS="2600" HEIGHT="96" WIDTH="404" STYLEREFS="Style_12" WC="0.962222222222222" CC="00000"/>
						<SP ID="SP_1.2.11.24" HPOS="4692" VPOS="2612" WIDTH="64"/>
						<String CONTENT="&amp;" ID="St_1.2.11.25" HPOS="4796" VPOS="2600" HEIGHT="96" WIDTH="84" STYLEREFS="Style_12" WC="0.963333333333333" CC="0"/>
						<SP ID="SP_1.2.11.26" HPOS="4832" VPOS="2600" WIDTH="80"/>
						<String CONTENT="Spieth." ID="St_1.2.11.27" HPOS="4952" VPOS="2600" HEIGHT="116" WIDTH="436" STYLEREFS="Style_12" WC="0.967777777777778" CC="0000000"/>
					</TextLine>
					<TextLine ID="TL_1.2.12" HPOS="1120" VPOS="2732" HEIGHT="120" WIDTH="4368">
						<String CONTENT="(27-20593)" ID="St_1.2.12.1" HPOS="1120" VPOS="2736" HEIGHT="116" WIDTH="672" STYLEREFS="Style_13" WC="1" CC="0000000000"/>
						<SP ID="SP_1.2.12.2" HPOS="1772" VPOS="2732" WIDTH="3432"/>
						<String CONTENT="8379" ID="St_1.2.12.3" HPOS="5204" VPOS="2732" HEIGHT="100" WIDTH="284" STYLEREFS="Style_13" WC="0.666666666666667" CC="0000"/>
					</TextLine>
					<TextLine ID="TL_1.2.13" HPOS="936" VPOS="2960" HEIGHT="156" WIDTH="4096">
						<String CONTENT="National" ID="St_1.2.13.1" HPOS="936" VPOS="2964" HEIGHT="128" WIDTH="668" STYLEREFS="Style_13" WC="1" CC="00000000"/>
						<SP ID="SP_1.2.13.2" HPOS="1580" VPOS="2964" WIDTH="60"/>
						<String CONTENT="committee" ID="St_1.2.13.3" HPOS="1680" VPOS="2964" HEIGHT="128" WIDTH="808" STYLEREFS="Style_13" WC="1" CC="000000000"/>
						<SP ID="SP_1.2.13.4" HPOS="2452" VPOS="2984" WIDTH="72"/>
						<String CONTENT="on" ID="St_1.2.13.5" HPOS="2560" VPOS="3004" HEIGHT="84" WIDTH="172" STYLEREFS="Style_13" WC="1" CC="00"/>
						<SP ID="SP_1.2.13.6" HPOS="2684" VPOS="2984" WIDTH="80"/>
						<String CONTENT="mathematical" ID="St_1.2.13.7" HPOS="2804" VPOS="2960" HEIGHT="128" WIDTH="1072" STYLEREFS="Style_13" WC="1" CC="000000000000"/>
						<SP ID="SP_1.2.13.8" HPOS="3852" VPOS="2964" WIDTH="56"/>
						<String CONTENT="requirements." ID="St_1.2.13.9" HPOS="3948" VPOS="2964" HEIGHT="152" WIDTH="1084" STYLEREFS="Style_13" WC="1" CC="0000000000000"/>
					</TextLine>
					<TextLine ID="TL_1.2.14" HPOS="1100" VPOS="3152" HEIGHT="164" WIDTH="4620">
						<String CONTENT="The" ID="St_1.2.14.1" HPOS="1100" VPOS="3156" HEIGHT="120" WIDTH="292" STYLEREFS="Style_13" WC="0.851111111111111" CC="400"/>
						<SP ID="SP_1.2.14.2" HPOS="1356" VPOS="3176" WIDTH="76"/>
						<String CONTENT="reorganization" ID="St_1.2.14.3" HPOS="1476" VPOS="3152" HEIGHT="164" WIDTH="1100" STYLEREFS="Style_13" WC="0.974444444444444" CC="00000000000000"/>
						<SP ID="SP_1.2.14.4" HPOS="2528" VPOS="3172" WIDTH="88"/>
						<String CONTENT="of" ID="St_1.2.14.5" HPOS="2668" VPOS="3152" HEIGHT="124" WIDTH="148" STYLEREFS="Style_13" WC="0.977777777777778" CC="00"/>
						<SP ID="SP_1.2.14.6" HPOS="2780" VPOS="3152" WIDTH="76"/>
						<String CONTENT="mathematics" ID="St_1.2.14.7" HPOS="2900" VPOS="3152" HEIGHT="124" WIDTH="948" STYLEREFS="Style_13" WC="0.985555555555556" CC="00000000000"/>
						<SP ID="SP_1.2.14.8" HPOS="3816" VPOS="3176" WIDTH="72"/>
						<String CONTENT="in" ID="St_1.2.14.9" HPOS="3936" VPOS="3152" HEIGHT="124" WIDTH="144" STYLEREFS="Style_13" WC="0.986666666666667" CC="00"/>
						<SP ID="SP_1.2.14.10" HPOS="4028" VPOS="3176" WIDTH="92"/>
						<String CONTENT="secondary" ID="St_1.2.14.11" HPOS="4168" VPOS="3152" HEIGHT="160" WIDTH="744" STYLEREFS="Style_13" WC="0.99" CC="000000000"/>
						<SP ID="SP_1.2.14.12" HPOS="4864" VPOS="3176" WIDTH="92"/>
						<String CONTENT="education" ID="St_1.2.14.13" HPOS="5004" VPOS="3152" HEIGHT="124" WIDTH="716" STYLEREFS="Style_13" WC="0.991111111111111" CC="000000000"/>
					</TextLine>
					<TextLine ID="TL_1.2.15" HPOS="960" VPOS="3336" HEIGHT="168" WIDTH="4760">
						<String CONTENT="(part" ID="St_1.2.15.1" HPOS="960" VPOS="3344" HEIGHT="160" WIDTH="384" STYLEREFS="Style_13" WC="1" CC="00000"/>
						<SP ID="SP_1.2.15.2" HPOS="1312" VPOS="3348" WIDTH="68"/>
						<String CONTENT="I" ID="St_1.2.15.3" HPOS="1416" VPOS="3380" HEIGHT="80" WIDTH="48" STYLEREFS="Style_13" WC="1" CC="0"/>
						<String CONTENT=")" ID="St_1.2.15.4" HPOS="1488" VPOS="3340" HEIGHT="160" WIDTH="40" STYLEREFS="Style_13" WC="1" CC="0"/>
						<SP ID="SP_1.2.15.5" HPOS="1504" VPOS="3360" WIDTH="76"/>
						<String CONTENT="a" ID="St_1.2.15.6" HPOS="1632" VPOS="3384" HEIGHT="80" WIDTH="76" STYLEREFS="Style_13" WC="1" CC="0"/>
						<SP ID="SP_1.2.15.7" HPOS="1664" VPOS="3364" WIDTH="84"/>
						<String CONTENT="report" ID="St_1.2.15.8" HPOS="1788" VPOS="3352" HEIGHT="148" WIDTH="460" STYLEREFS="Style_13" WC="1" CC="000000"/>
						<SP ID="SP_1.2.15.9" HPOS="2216" VPOS="3348" WIDTH="64"/>
						<String CONTENT="by" ID="St_1.2.15.10" HPOS="2320" VPOS="3340" HEIGHT="160" WIDTH="180" STYLEREFS="Style_13" WC="1" CC="00"/>
						<SP ID="SP_1.2.15.11" HPOS="2452" VPOS="3364" WIDTH="80"/>
						<String CONTENT="the" ID="St_1.2.15.12" HPOS="2572" VPOS="3340" HEIGHT="124" WIDTH="232" STYLEREFS="Style_13" WC="1" CC="000"/>
						<SP ID="SP_1.2.15.13" HPOS="2768" VPOS="3364" WIDTH="72"/>
						<String CONTENT="National" ID="St_1.2.15.14" HPOS="2880" VPOS="3336" HEIGHT="128" WIDTH="652" STYLEREFS="Style_13" WC="1" CC="00000000"/>
						<SP ID="SP_1.2.15.15" HPOS="3504" VPOS="3344" WIDTH="64"/>
						<String CONTENT="committee" ID="St_1.2.15.16" HPOS="3612" VPOS="3336" HEIGHT="128" WIDTH="764" STYLEREFS="Style_13" WC="1" CC="000000000"/>
						<SP ID="SP_1.2.15.17" HPOS="4336" VPOS="3364" WIDTH="72"/>
						<String CONTENT="on" ID="St_1.2.15.18" HPOS="4452" VPOS="3380" HEIGHT="84" WIDTH="172" STYLEREFS="Style_13" WC="1" CC="00"/>
						<SP ID="SP_1.2.15.19" HPOS="4576" VPOS="3364" WIDTH="84"/>
						<String CONTENT="mathematical" ID="St_1.2.15.20" HPOS="4700" VPOS="3336" HEIGHT="128" WIDTH="1020" STYLEREFS="Style_13" WC="1" CC="000000000000"/>
					</TextLine>
					<TextLine ID="TL_1.2.16" HPOS="936" VPOS="3524" HEIGHT="168" WIDTH="4780">
						<String CONTENT="requirements" ID="St_1.2.16.1" HPOS="936" VPOS="3528" HEIGHT="164" WIDTH="972" STYLEREFS="Style_13" WC="1" CC="000000000000"/>
						<SP ID="SP_1.2.16.2" HPOS="1876" VPOS="3552" WIDTH="68"/>
						<String CONTENT="under" ID="St_1.2.16.3" HPOS="1984" VPOS="3528" HEIGHT="120" WIDTH="432" STYLEREFS="Style_13" WC="1" CC="00000"/>
						<SP ID="SP_1.2.16.4" HPOS="2380" VPOS="3552" WIDTH="72"/>
						<String CONTENT="the" ID="St_1.2.16.5" HPOS="2492" VPOS="3528" HEIGHT="120" WIDTH="228" STYLEREFS="Style_13" WC="1" CC="000"/>
						<SP ID="SP_1.2.16.6" HPOS="2684" VPOS="3552" WIDTH="76"/>
						<String CONTENT="auspices" ID="St_1.2.16.7" HPOS="2804" VPOS="3524" HEIGHT="164" WIDTH="608" STYLEREFS="Style_13" WC="1" CC="00000000"/>
						<SP ID="SP_1.2.16.8" HPOS="3380" VPOS="3552" WIDTH="68"/>
						<String CONTENT="of" ID="St_1.2.16.9" HPOS="3492" VPOS="3524" HEIGHT="124" WIDTH="152" STYLEREFS="Style_13" WC="1" CC="00"/>
						<SP ID="SP_1.2.16.10" HPOS="3608" VPOS="3528" WIDTH="72"/>
						<String CONTENT="the" ID="St_1.2.16.11" HPOS="3724" VPOS="3528" HEIGHT="124" WIDTH="228" STYLEREFS="Style_13" WC="1" CC="000"/>
						<SP ID="SP_1.2.16.12" HPOS="3916" VPOS="3552" WIDTH="72"/>
						<String CONTENT="Mathematical" ID="St_1.2.16.13" HPOS="4032" VPOS="3524" HEIGHT="128" WIDTH="1040" STYLEREFS="Style_13" WC="1" CC="000000000000"/>
						<SP ID="SP_1.2.16.14" HPOS="5040" VPOS="3532" WIDTH="68"/>
						<String CONTENT="associa-" ID="St_1.2.16.15" HPOS="5152" VPOS="3524" HEIGHT="128" WIDTH="564" STYLEREFS="Style_13" WC="1" CC="00000000"/>
					</TextLine>
					<TextLine ID="TL_1.2.17" HPOS="936" VPOS="3712" HEIGHT="164" WIDTH="4780">
						<String CONTENT="tion" ID="St_1.2.17.1" HPOS="936" VPOS="3716" HEIGHT="124" WIDTH="288" STYLEREFS="Style_13" WC="1" CC="0000"/>
						<SP ID="SP_1.2.17.2" HPOS="1176" VPOS="3744" WIDTH="104"/>
						<String CONTENT="of" ID="St_1.2.17.3" HPOS="1336" VPOS="3712" HEIGHT="128" WIDTH="152" STYLEREFS="Style_13" WC="1" CC="00"/>
						<SP ID="SP_1.2.17.4" HPOS="1452" VPOS="3716" WIDTH="88"/>
						<String CONTENT="America," ID="St_1.2.17.5" HPOS="1596" VPOS="3712" HEIGHT="156" WIDTH="680" STYLEREFS="Style_13" WC="0.972222222222222" CC="00000004"/>
						<SP ID="SP_1.2.17.6" HPOS="2256" VPOS="3768" WIDTH="76"/>
						<String CONTENT="inc." ID="St_1.2.17.7" HPOS="2392" VPOS="3716" HEIGHT="120" WIDTH="252" STYLEREFS="Style_13" WC="0.956666666666667" CC="0040"/>
						<SP ID="SP_1.2.17.8" HPOS="2628" VPOS="3768" WIDTH="124"/>
						<String CONTENT="Boston," ID="St_1.2.17.9" HPOS="2860" VPOS="3716" HEIGHT="140" WIDTH="560" STYLEREFS="Style_13" WC="0.953333333333333" CC="0000004"/>
						<SP ID="SP_1.2.17.10" HPOS="3400" VPOS="3768" WIDTH="76"/>
						<String CONTENT="New" ID="St_1.2.17.11" HPOS="3532" VPOS="3716" HEIGHT="120" WIDTH="328" STYLEREFS="Style_13" WC="0.958888888888889" CC="000"/>
						<SP ID="SP_1.2.17.12" HPOS="3800" VPOS="3740" WIDTH="120"/>
						<String CONTENT="York" ID="St_1.2.17.13" HPOS="3984" VPOS="3716" HEIGHT="124" WIDTH="388" STYLEREFS="Style_13" WC="0.964444444444444" CC="0000"/>
						<SP ID="SP_1.2.17.14" HPOS="4324" VPOS="3720" WIDTH="108"/>
						<String CONTENT="[" ID="St_1.2.17.15" HPOS="4504" VPOS="3792" HEIGHT="80" WIDTH="24" STYLEREFS="Style_13" WC="0.944444444444444" CC="8"/>
						<String CONTENT="etc]." ID="St_1.2.17.16" HPOS="4544" VPOS="3724" HEIGHT="132" WIDTH="304" STYLEREFS="Style_13" WC="0.95" CC="00000"/>
						<SP ID="SP_1.2.17.17" HPOS="4808" VPOS="3756" WIDTH="80"/>
						<String CONTENT="Houghton" ID="St_1.2.17.18" HPOS="4956" VPOS="3716" HEIGHT="160" WIDTH="760" STYLEREFS="Style_13" WC="0.957777777777778" CC="00000000"/>
					</TextLine>
					<TextLine ID="TL_1.2.18" HPOS="932" VPOS="3900" HEIGHT="160" WIDTH="1784">
						<String CONTENT="Mi" ID="St_1.2.18.1" HPOS="932" VPOS="3904" HEIGHT="120" WIDTH="200" STYLEREFS="Style_13" WC="0.777777777777778" CC="13"/>
						<String CONTENT="f" ID="St_1.2.18.2" HPOS="1144" VPOS="3904" HEIGHT="120" WIDTH="56" STYLEREFS="Style_14" WC="0.814444444444444" CC="1"/>
						<String CONTENT="f" ID="St_1.2.18.3" HPOS="1204" VPOS="3904" HEIGHT="116" WIDTH="68" STYLEREFS="Style_14" WC="0.75" CC="4"/>
						<String CONTENT="l" ID="St_1.2.18.4" HPOS="1204" VPOS="3904" HEIGHT="120" WIDTH="64" STYLEREFS="Style_14" WC="0.688888888888889" CC="5"/>
						<String CONTENT="in" ID="St_1.2.18.5" HPOS="1276" VPOS="3904" HEIGHT="120" WIDTH="140" STYLEREFS="Style_14" WC="0.777777777777778" CC="00"/>
						<SP ID="SP_1.2.18.6" HPOS="1372" VPOS="3928" WIDTH="80"/>
						<String CONTENT="company" ID="St_1.2.18.7" HPOS="1492" VPOS="3944" HEIGHT="116" WIDTH="676" STYLEREFS="Style_14" WC="0.895555555555556" CC="0000000"/>
						<SP ID="SP_1.2.18.8" HPOS="2120" VPOS="3924" WIDTH="140"/>
						<String CONTENT="[&#x0368;19" ID="St_1.2.18.9" HPOS="2296" VPOS="3900" HEIGHT="136" WIDTH="208" STYLEREFS="Style_14" WC="0.922222222222222" CC="0000"/>
						<String CONTENT="2" ID="St_1.2.18.10" HPOS="2516" VPOS="3908" HEIGHT="116" WIDTH="72" STYLEREFS="Style_14" WC="0.925555555555556" CC="0"/>
						<String CONTENT="7]" ID="St_1.2.18.11" HPOS="2600" VPOS="3900" HEIGHT="156" WIDTH="116" STYLEREFS="Style_14" WC="0.932222222222222" CC="00"/>
					</TextLine>
					<TextLine ID="TL_1.2.19" HPOS="1100" VPOS="4092" HEIGHT="124" WIDTH="4620">
						<String CONTENT="x," ID="St_1.2.19.1" HPOS="1100" VPOS="4128" HEIGHT="88" WIDTH="108" STYLEREFS="Style_14" WC="1" CC="00"/>
						<SP ID="SP_1.2.19.2" HPOS="1196" VPOS="4136" WIDTH="44"/>
						<String CONTENT="[" ID="St_1.2.19.3" HPOS="1276" VPOS="4148" HEIGHT="68" WIDTH="20" STYLEREFS="Style_14" WC="0.916666666666667" CC="3"/>
						<String CONTENT="1]" ID="St_1.2.19.4" HPOS="1308" VPOS="4104" HEIGHT="112" WIDTH="96" STYLEREFS="Style_14" WC="0.758888888888889" CC="37"/>
						<SP ID="SP_1.2.19.5" HPOS="1388" VPOS="4120" WIDTH="44"/>
						<String CONTENT="p.," ID="St_1.2.19.6" HPOS="1468" VPOS="4128" HEIGHT="88" WIDTH="140" STYLEREFS="Style_14" WC="0.855555555555556" CC="000"/>
						<SP ID="SP_1.2.19.7" HPOS="1596" VPOS="4136" WIDTH="40"/>
						<String CONTENT="1" ID="St_1.2.19.8" HPOS="1668" VPOS="4104" HEIGHT="88" WIDTH="56" STYLEREFS="Style_14" WC="0.878888888888889" CC="0"/>
						<SP ID="SP_1.2.19.9" HPOS="1692" VPOS="4100" WIDTH="60"/>
						<String CONTENT="l" ID="St_1.2.19.10" HPOS="1784" VPOS="4100" HEIGHT="92" WIDTH="36" STYLEREFS="Style_14" WC="0.896666666666667" CC="0"/>
						<String CONTENT=".," ID="St_1.2.19.11" HPOS="1836" VPOS="4176" HEIGHT="36" WIDTH="52" STYLEREFS="Style_14" WC="0.908888888888889" CC="00"/>
						<SP ID="SP_1.2.19.12" HPOS="1876" VPOS="4136" WIDTH="40"/>
						<String CONTENT="180," ID="St_1.2.19.13" HPOS="1952" VPOS="4096" HEIGHT="116" WIDTH="236" STYLEREFS="Style_14" WC="0.931111111111111" CC="0000"/>
						<SP ID="SP_1.2.19.14" HPOS="2172" VPOS="4136" WIDTH="44"/>
						<String CONTENT="[1]" ID="St_1.2.19.15" HPOS="2256" VPOS="4092" HEIGHT="108" WIDTH="120" STYLEREFS="Style_14" WC="0.888888888888889" CC="318"/>
						<SP ID="SP_1.2.19.16" HPOS="2368" VPOS="4120" WIDTH="48"/>
						<String CONTENT="p." ID="St_1.2.19.17" HPOS="2452" VPOS="4128" HEIGHT="84" WIDTH="104" STYLEREFS="Style_14" WC="0.9" CC="00"/>
						<SP ID="SP_1.2.19.18" HPOS="2540" VPOS="4136" WIDTH="76"/>
						<String CONTENT="di" ID="St_1.2.19.19" HPOS="2684" VPOS="4096" HEIGHT="96" WIDTH="116" STYLEREFS="Style_14" WC="0.91" CC="00"/>
						<String CONTENT="a" ID="St_1.2.19.20" HPOS="2812" VPOS="4120" HEIGHT="72" WIDTH="52" STYLEREFS="Style_14" WC="0.895555555555556" CC="5"/>
						<String CONTENT="grs." ID="St_1.2.19.21" HPOS="2888" VPOS="4120" HEIGHT="92" WIDTH="224" STYLEREFS="Style_14" WC="0.906666666666667" CC="0000"/>
						<SP ID="SP_1.2.19.22" HPOS="3096" VPOS="4136" WIDTH="76"/>
						<String CONTENT="1" ID="St_1.2.19.23" HPOS="3240" VPOS="4100" HEIGHT="92" WIDTH="56" STYLEREFS="Style_15" WC="0.912222222222222" CC="0"/>
						<String CONTENT="8&#x0368;&#x036b;" ID="St_1.2.19.24" HPOS="3312" VPOS="4096" HEIGHT="112" WIDTH="608" STYLEREFS="Style_15" WC="0.904444444444445" CC="500"/>
						<String CONTENT="." ID="St_1.2.19.25" HPOS="3500" VPOS="4176" HEIGHT="16" WIDTH="16" STYLEREFS="Style_15" WC="0.898888888888889" CC="3"/>
						<SP ID="SP_1.2.19.26" HPOS="3504" VPOS="4140" WIDTH="88"/>
						<String CONTENT="(Riverside" ID="St_1.2.19.27" HPOS="3672" VPOS="4100" HEIGHT="116" WIDTH="664" STYLEREFS="Style_15" WC="0.92" CC="0000000000"/>
						<SP ID="SP_1.2.19.28" HPOS="4300" VPOS="4112" WIDTH="64"/>
						<String CONTENT="mathematical" ID="St_1.2.19.29" HPOS="4400" VPOS="4100" HEIGHT="100" WIDTH="876" STYLEREFS="Style_15" WC="0.935555555555556" CC="000000000000"/>
						<SP ID="SP_1.2.19.30" HPOS="5252" VPOS="4100" WIDTH="52"/>
						<String CONTENT="mono-" ID="St_1.2.19.31" HPOS="5340" VPOS="4128" HEIGHT="72" WIDTH="380" STYLEREFS="Style_15" WC="0.941111111111111" CC="00000"/>
					</TextLine>
					<TextLine ID="TL_1.2.20" HPOS="932" VPOS="4236" HEIGHT="116" WIDTH="1828">
						<String CONTENT="graphs," ID="St_1.2.20.1" HPOS="932" VPOS="4240" HEIGHT="112" WIDTH="460" STYLEREFS="Style_15" WC="1" CC="0000000"/>
						<SP ID="SP_1.2.20.2" HPOS="1380" VPOS="4272" WIDTH="40"/>
						<String CONTENT="ed." ID="St_1.2.20.3" HPOS="1456" VPOS="4240" HEIGHT="96" WIDTH="172" STYLEREFS="Style_15" WC="1" CC="000"/>
						<SP ID="SP_1.2.20.4" HPOS="1616" VPOS="4272" WIDTH="40"/>
						<String CONTENT="by" ID="St_1.2.20.5" HPOS="1692" VPOS="4240" HEIGHT="108" WIDTH="144" STYLEREFS="Style_15" WC="1" CC="00"/>
						<SP ID="SP_1.2.20.6" HPOS="1800" VPOS="4248" WIDTH="64"/>
						<String CONTENT="J." ID="St_1.2.20.7" HPOS="1896" VPOS="4240" HEIGHT="92" WIDTH="108" STYLEREFS="Style_15" WC="1" CC="00"/>
						<SP ID="SP_1.2.20.8" HPOS="1988" VPOS="4272" WIDTH="44"/>
						<String CONTENT="W." ID="St_1.2.20.9" HPOS="2064" VPOS="4240" HEIGHT="96" WIDTH="168" STYLEREFS="Style_15" WC="1" CC="00"/>
						<SP ID="SP_1.2.20.10" HPOS="2220" VPOS="4272" WIDTH="40"/>
						<String CONTENT="Young)" ID="St_1.2.20.11" HPOS="2296" VPOS="4236" HEIGHT="116" WIDTH="464" STYLEREFS="Style_15" WC="1" CC="000000"/>
					</TextLine>
					<TextLine ID="TL_1.2.21" HPOS="1096" VPOS="4372" HEIGHT="120" WIDTH="4628">
						<String CONTENT="This" ID="St_1.2.21.1" HPOS="1096" VPOS="4376" HEIGHT="92" WIDTH="284" STYLEREFS="Style_15" WC="1" CC="0000"/>
						<SP ID="SP_1.2.21.2" HPOS="1348" VPOS="4384" WIDTH="60"/>
						<String CONTENT="report" ID="St_1.2.21.3" HPOS="1440" VPOS="4384" HEIGHT="104" WIDTH="388" STYLEREFS="Style_15" WC="1" CC="000000"/>
						<SP ID="SP_1.2.21.4" HPOS="1800" VPOS="4376" WIDTH="52"/>
						<String CONTENT="was" ID="St_1.2.21.5" HPOS="1884" VPOS="4396" HEIGHT="72" WIDTH="240" STYLEREFS="Style_15" WC="1" CC="000"/>
						<SP ID="SP_1.2.21.6" HPOS="2096" VPOS="4384" WIDTH="56"/>
						<String CONTENT="published" ID="St_1.2.21.7" HPOS="2180" VPOS="4372" HEIGHT="116" WIDTH="608" STYLEREFS="Style_15" WC="1" CC="000000000"/>
						<SP ID="SP_1.2.21.8" HPOS="2748" VPOS="4372" WIDTH="68"/>
						<String CONTENT="as" ID="St_1.2.21.9" HPOS="2848" VPOS="4396" HEIGHT="72" WIDTH="124" STYLEREFS="Style_15" WC="1" CC="00"/>
						<SP ID="SP_1.2.21.10" HPOS="2944" VPOS="4380" WIDTH="56"/>
						<String CONTENT="a" ID="St_1.2.21.11" HPOS="3032" VPOS="4400" HEIGHT="68" WIDTH="60" STYLEREFS="Style_15" WC="1" CC="0"/>
						<SP ID="SP_1.2.21.12" HPOS="3056" VPOS="4384" WIDTH="64"/>
						<String CONTENT="volume" ID="St_1.2.21.13" HPOS="3156" VPOS="4372" HEIGHT="96" WIDTH="452" STYLEREFS="Style_15" WC="1" CC="000000"/>
						<SP ID="SP_1.2.21.14" HPOS="3576" VPOS="4380" WIDTH="60"/>
						<String CONTENT="of" ID="St_1.2.21.15" HPOS="3668" VPOS="4380" HEIGHT="92" WIDTH="120" STYLEREFS="Style_15" WC="1" CC="00"/>
						<SP ID="SP_1.2.21.16" HPOS="3760" VPOS="4372" WIDTH="52"/>
						<String CONTENT="over" ID="St_1.2.21.17" HPOS="3844" VPOS="4400" HEIGHT="72" WIDTH="268" STYLEREFS="Style_15" WC="1" CC="0000"/>
						<SP ID="SP_1.2.21.18" HPOS="4080" VPOS="4384" WIDTH="60"/>
						<String CONTENT="600" ID="St_1.2.21.19" HPOS="4168" VPOS="4376" HEIGHT="96" WIDTH="212" STYLEREFS="Style_15" WC="1" CC="000"/>
						<SP ID="SP_1.2.21.20" HPOS="4336" VPOS="4372" WIDTH="64"/>
						<String CONTENT="pages" ID="St_1.2.21.21" HPOS="4428" VPOS="4396" HEIGHT="96" WIDTH="348" STYLEREFS="Style_15" WC="1" CC="00000"/>
						<SP ID="SP_1.2.21.22" HPOS="4744" VPOS="4384" WIDTH="56"/>
						<String CONTENT="in" ID="St_1.2.21.23" HPOS="4832" VPOS="4376" HEIGHT="92" WIDTH="116" STYLEREFS="Style_15" WC="1" CC="00"/>
						<SP ID="SP_1.2.21.24" HPOS="4904" VPOS="4384" WIDTH="68"/>
						<String CONTENT="1923." ID="St_1.2.21.25" HPOS="5008" VPOS="4372" HEIGHT="100" WIDTH="308" STYLEREFS="Style_15" WC="1" CC="00000"/>
						<SP ID="SP_1.2.21.26" HPOS="5300" VPOS="4412" WIDTH="72"/>
						<String CONTENT="Part" ID="St_1.2.21.27" HPOS="5440" VPOS="4380" HEIGHT="96" WIDTH="284" STYLEREFS="Style_15" WC="1" CC="0000"/>
					</TextLine>
					<TextLine ID="TL_1.2.22" HPOS="936" VPOS="4508" HEIGHT="120" WIDTH="4784">
						<String CONTENT="I" ID="St_1.2.22.1" HPOS="936" VPOS="4536" HEIGHT="68" WIDTH="44" STYLEREFS="Style_15" WC="1" CC="0"/>
						<SP ID="SP_1.2.22.2" HPOS="956" VPOS="4520" WIDTH="48"/>
						<String CONTENT="is" ID="St_1.2.22.3" HPOS="1032" VPOS="4512" HEIGHT="96" WIDTH="100" STYLEREFS="Style_15" WC="1" CC="00"/>
						<SP ID="SP_1.2.22.4" HPOS="1104" VPOS="4520" WIDTH="56"/>
						<String CONTENT="here" ID="St_1.2.22.5" HPOS="1188" VPOS="4516" HEIGHT="92" WIDTH="268" STYLEREFS="Style_15" WC="1" CC="0000"/>
						<SP ID="SP_1.2.22.6" HPOS="1424" VPOS="4520" WIDTH="60"/>
						<String CONTENT="reprinted" ID="St_1.2.22.7" HPOS="1516" VPOS="4512" HEIGHT="112" WIDTH="592" STYLEREFS="Style_15" WC="1" CC="000000000"/>
						<SP ID="SP_1.2.22.8" HPOS="2068" VPOS="4508" WIDTH="64"/>
						<String CONTENT="verbatim" ID="St_1.2.22.9" HPOS="2164" VPOS="4508" HEIGHT="96" WIDTH="576" STYLEREFS="Style_15" WC="0.98" CC="00000500"/>
						<SP ID="SP_1.2.22.10" HPOS="2680" VPOS="4520" WIDTH="84"/>
						<String CONTENT="and" ID="St_1.2.22.11" HPOS="2792" VPOS="4516" HEIGHT="92" WIDTH="228" STYLEREFS="Style_15" WC="0.982222222222222" CC="000"/>
						<SP ID="SP_1.2.22.12" HPOS="2980" VPOS="4508" WIDTH="68"/>
						<String CONTENT="an" ID="St_1.2.22.13" HPOS="3080" VPOS="4536" HEIGHT="72" WIDTH="148" STYLEREFS="Style_15" WC="0.983333333333333" CC="00"/>
						<SP ID="SP_1.2.22.14" HPOS="3184" VPOS="4520" WIDTH="68"/>
						<String CONTENT="appendix," ID="St_1.2.22.15" HPOS="3284" VPOS="4512" HEIGHT="112" WIDTH="616" STYLEREFS="Style_15" WC="0.986666666666667" CC="000000000"/>
						<SP ID="SP_1.2.22.16" HPOS="3884" VPOS="4548" WIDTH="44"/>
						<String CONTENT="consisting" ID="St_1.2.22.17" HPOS="3964" VPOS="4512" HEIGHT="116" WIDTH="636" STYLEREFS="Style_16" WC="0.99" CC="0000000000"/>
						<SP ID="SP_1.2.22.18" HPOS="4564" VPOS="4524" WIDTH="64"/>
						<String CONTENT="of" ID="St_1.2.22.19" HPOS="4660" VPOS="4516" HEIGHT="96" WIDTH="120" STYLEREFS="Style_16" WC="0.99" CC="00"/>
						<SP ID="SP_1.2.22.20" HPOS="4748" VPOS="4512" WIDTH="56"/>
						<String CONTENT="extracts" ID="St_1.2.22.21" HPOS="4836" VPOS="4520" HEIGHT="88" WIDTH="520" STYLEREFS="Style_16" WC="0.991111111111111" CC="00000000"/>
						<SP ID="SP_1.2.22.22" HPOS="5324" VPOS="4524" WIDTH="56"/>
						<String CONTENT="from" ID="St_1.2.22.23" HPOS="5412" VPOS="4516" HEIGHT="96" WIDTH="308" STYLEREFS="Style_16" WC="0.992222222222222" CC="0000"/>
					</TextLine>
					<TextLine ID="TL_1.2.23" HPOS="932" VPOS="4648" HEIGHT="124" WIDTH="4788">
						<String CONTENT="part" ID="St_1.2.23.1" HPOS="932" VPOS="4656" HEIGHT="108" WIDTH="268" STYLEREFS="Style_16" WC="1" CC="0000"/>
						<SP ID="SP_1.2.23.2" HPOS="1176" VPOS="4660" WIDTH="52"/>
						<String CONTENT="II" ID="St_1.2.23.3" HPOS="1296" VPOS="4664" HEIGHT="108" WIDTH="136" STYLEREFS="Style_16" WC="1" CC="00"/>
						<SP ID="SP_1.2.23.4" HPOS="1300" VPOS="4676" WIDTH="76"/>
						<String CONTENT="and" ID="St_1.2.23.5" HPOS="1408" VPOS="4652" HEIGHT="92" WIDTH="224" STYLEREFS="Style_16" WC="1" CC="000"/>
						<SP ID="SP_1.2.23.6" HPOS="1596" VPOS="4660" WIDTH="64"/>
						<String CONTENT="brief" ID="St_1.2.23.7" HPOS="1696" VPOS="4648" HEIGHT="96" WIDTH="304" STYLEREFS="Style_16" WC="1" CC="00000"/>
						<SP ID="SP_1.2.23.8" HPOS="1968" VPOS="4660" WIDTH="56"/>
						<String CONTENT="statements" ID="St_1.2.23.9" HPOS="2056" VPOS="4656" HEIGHT="88" WIDTH="696" STYLEREFS="Style_16" WC="1" CC="0000000000"/>
						<SP ID="SP_1.2.23.10" HPOS="2720" VPOS="4672" WIDTH="48"/>
						<String CONTENT="prepared" ID="St_1.2.23.11" HPOS="2792" VPOS="4648" HEIGHT="112" WIDTH="568" STYLEREFS="Style_16" WC="1" CC="00000000"/>
						<SP ID="SP_1.2.23.12" HPOS="3316" VPOS="4660" WIDTH="72"/>
						<String CONTENT="especially" ID="St_1.2.23.13" HPOS="3420" VPOS="4648" HEIGHT="116" WIDTH="624" STYLEREFS="Style_16" WC="1" CC="0000000000"/>
						<SP ID="SP_1.2.23.14" HPOS="4004" VPOS="4672" WIDTH="56"/>
						<String CONTENT="for" ID="St_1.2.23.15" HPOS="4080" VPOS="4652" HEIGHT="92" WIDTH="196" STYLEREFS="Style_16" WC="1" CC="000"/>
						<SP ID="SP_1.2.23.16" HPOS="4240" VPOS="4672" WIDTH="60"/>
						<String CONTENT="this" ID="St_1.2.23.17" HPOS="4332" VPOS="4648" HEIGHT="96" WIDTH="244" STYLEREFS="Style_16" WC="1" CC="0000"/>
						<SP ID="SP_1.2.23.18" HPOS="4544" VPOS="4672" WIDTH="56"/>
						<String CONTENT="edition," ID="St_1.2.23.19" HPOS="4632" VPOS="4648" HEIGHT="112" WIDTH="468" STYLEREFS="Style_16" WC="1" CC="00000000"/>
						<SP ID="SP_1.2.23.20" HPOS="5088" VPOS="4700" WIDTH="32"/>
						<String CONTENT="is" ID="St_1.2.23.21" HPOS="5144" VPOS="4652" HEIGHT="92" WIDTH="104" STYLEREFS="Style_16" WC="1" CC="00"/>
						<SP ID="SP_1.2.23.22" HPOS="5212" VPOS="4672" WIDTH="64"/>
						<String CONTENT="added." ID="St_1.2.23.23" HPOS="5308" VPOS="4652" HEIGHT="96" WIDTH="412" STYLEREFS="Style_16" WC="1" CC="000000"/>
					</TextLine>
					<TextLine ID="TL_1.2.24" HPOS="932" VPOS="4784" HEIGHT="116" WIDTH="1208">
						<String CONTENT="c" ID="St_1.2.24.1" HPOS="932" VPOS="4812" HEIGHT="64" WIDTH="60" STYLEREFS="Style_17" WC="0.222222222222222" CC="7"/>
						<String CONTENT="f" ID="St_1.2.24.2" HPOS="1000" VPOS="4788" HEIGHT="112" WIDTH="44" STYLEREFS="Style_17" WC="0.611111111111111" CC="0"/>
						<String CONTENT="." ID="St_1.2.24.3" HPOS="1056" VPOS="4864" HEIGHT="16" WIDTH="20" STYLEREFS="Style_17" WC="0.74" CC="0"/>
						<SP ID="SP_1.2.24.4" HPOS="1060" VPOS="4816" WIDTH="56"/>
						<String CONTENT="Editor&apos;s" ID="St_1.2.24.5" HPOS="1160" VPOS="4784" HEIGHT="96" WIDTH="508" STYLEREFS="Style_17" WC="0.934444444444444" CC="00000000"/>
						<SP ID="SP_1.2.24.6" HPOS="1636" VPOS="4796" WIDTH="56"/>
						<String CONTENT="introd." ID="St_1.2.24.7" HPOS="1720" VPOS="4784" HEIGHT="100" WIDTH="420" STYLEREFS="Style_17" WC="0.961111111111111" CC="0000000"/>
					</TextLine>
					<TextLine ID="TL_1.2.25" HPOS="944" VPOS="4900" HEIGHT="136" WIDTH="4776">
						<String CONTENT="&#169;" ID="St_1.2.25.1" HPOS="944" VPOS="4900" HEIGHT="120" WIDTH="120" STYLEREFS="Style_17" WC="0.555555555555556" CC="4"/>
						<SP ID="SP_1.2.25.2" HPOS="1000" VPOS="4900" WIDTH="100"/>
						<String CONTENT="Aug." ID="St_1.2.25.3" HPOS="1136" VPOS="4924" HEIGHT="112" WIDTH="284" STYLEREFS="Style_17" WC="0.925555555555556" CC="0000"/>
						<SP ID="SP_1.2.25.4" HPOS="1408" VPOS="4956" WIDTH="40"/>
						<String CONTENT="31," ID="St_1.2.25.5" HPOS="1480" VPOS="4924" HEIGHT="96" WIDTH="168" STYLEREFS="Style_17" WC="0.955555555555556" CC="000"/>
						<SP ID="SP_1.2.25.6" HPOS="1636" VPOS="4956" WIDTH="44"/>
						<String CONTENT="1927;" ID="St_1.2.25.7" HPOS="1716" VPOS="4920" HEIGHT="96" WIDTH="328" STYLEREFS="Style_17" WC="0.972222222222222" CC="00000"/>
						<SP ID="SP_1.2.25.8" HPOS="2036" VPOS="4932" WIDTH="44"/>
						<String CONTENT="2c." ID="St_1.2.25.9" HPOS="2120" VPOS="4924" HEIGHT="96" WIDTH="164" STYLEREFS="Style_17" WC="0.977777777777778" CC="000"/>
						<SP ID="SP_1.2.25.10" HPOS="2268" VPOS="4956" WIDTH="48"/>
						<String CONTENT="Sept." ID="St_1.2.25.11" HPOS="2356" VPOS="4924" HEIGHT="112" WIDTH="304" STYLEREFS="Style_17" WC="0.982222222222222" CC="00000"/>
						<SP ID="SP_1.2.25.12" HPOS="2648" VPOS="4956" WIDTH="40"/>
						<String CONTENT="3" ID="St_1.2.25.13" HPOS="2724" VPOS="4924" HEIGHT="92" WIDTH="64" STYLEREFS="Style_17" WC="0.983333333333333" CC="0"/>
						<String CONTENT=";" ID="St_1.2.25.14" HPOS="2808" VPOS="4932" HEIGHT="80" WIDTH="40" STYLEREFS="Style_17" WC="0.984444444444444" CC="0"/>
						<SP ID="SP_1.2.25.15" HPOS="2840" VPOS="4932" WIDTH="44"/>
						<String CONTENT="aff." ID="St_1.2.25.16" HPOS="2924" VPOS="4924" HEIGHT="96" WIDTH="196" STYLEREFS="Style_17" WC="0.973333333333333" CC="0040"/>
						<SP ID="SP_1.2.25.17" HPOS="3108" VPOS="4956" WIDTH="44"/>
						<String CONTENT="Sept." ID="St_1.2.25.18" HPOS="3192" VPOS="4924" HEIGHT="112" WIDTH="308" STYLEREFS="Style_17" WC="0.977777777777778" CC="00000"/>
						<SP ID="SP_1.2.25.19" HPOS="3484" VPOS="4956" WIDTH="44"/>
						<String CONTENT="27" ID="St_1.2.25.20" HPOS="3564" VPOS="4924" HEIGHT="96" WIDTH="132" STYLEREFS="Style_17" WC="0.978888888888889" CC="00"/>
						<String CONTENT=";" ID="St_1.2.25.21" HPOS="3712" VPOS="4932" HEIGHT="80" WIDTH="44" STYLEREFS="Style_17" WC="0.978888888888889" CC="0"/>
						<SP ID="SP_1.2.25.22" HPOS="3744" VPOS="4932" WIDTH="52"/>
						<String CONTENT="A" ID="St_1.2.25.23" HPOS="3836" VPOS="4928" HEIGHT="88" WIDTH="92" STYLEREFS="Style_17" WC="0.98" CC="0"/>
						<SP ID="SP_1.2.25.24" HPOS="3876" VPOS="4920" WIDTH="84"/>
						<String CONTENT="1004403;" ID="St_1.2.25.25" HPOS="3996" VPOS="4924" HEIGHT="112" WIDTH="548" STYLEREFS="Style_17" WC="0.983333333333333" CC="00000000"/>
						<SP ID="SP_1.2.25.26" HPOS="4528" VPOS="4932" WIDTH="52"/>
						<String CONTENT="Houghton" ID="St_1.2.25.27" HPOS="4620" VPOS="4924" HEIGHT="112" WIDTH="632" STYLEREFS="Style_17" WC="0.985555555555556" CC="00000000"/>
						<SP ID="SP_1.2.25.28" HPOS="5208" VPOS="4932" WIDTH="72"/>
						<String CONTENT="Miffl" ID="St_1.2.25.29" HPOS="5316" VPOS="4920" HEIGHT="96" WIDTH="276" STYLEREFS="Style_18" WC="0.96" CC="44144"/>
						<String CONTENT="in" ID="St_1.2.25.30" HPOS="5600" VPOS="4924" HEIGHT="96" WIDTH="120" STYLEREFS="Style_18" WC="0.957777777777778" CC="11"/>
					</TextLine>
					<TextLine ID="TL_1.2.26" HPOS="1104" VPOS="5048" HEIGHT="124" WIDTH="4392">
						<String CONTENT="co." ID="St_1.2.26.1" HPOS="1104" VPOS="5084" HEIGHT="72" WIDTH="156" STYLEREFS="Style_18" WC="1" CC="000"/>
						<SP ID="SP_1.2.26.2" HPOS="1248" VPOS="5092" WIDTH="88"/>
						<String CONTENT="[&#169;" ID="St_1.2.26.3" HPOS="1416" VPOS="5048" HEIGHT="108" WIDTH="160" STYLEREFS="Style_18" WC="0.888888888888889" CC="33"/>
						<SP ID="SP_1.2.26.4" HPOS="1516" VPOS="5048" WIDTH="92"/>
						<String CONTENT="new" ID="St_1.2.26.5" HPOS="1636" VPOS="5084" HEIGHT="68" WIDTH="252" STYLEREFS="Style_18" WC="0.933333333333333" CC="000"/>
						<SP ID="SP_1.2.26.6" HPOS="1832" VPOS="5068" WIDTH="76"/>
						<String CONTENT="ma" ID="St_1.2.26.7" HPOS="1936" VPOS="5084" HEIGHT="68" WIDTH="188" STYLEREFS="Style_18" WC="0.947777777777778" CC="00"/>
						<String CONTENT="t" ID="St_1.2.26.8" HPOS="2136" VPOS="5068" HEIGHT="88" WIDTH="44" STYLEREFS="Style_18" WC="0.952222222222222" CC="0"/>
						<String CONTENT="ter]" ID="St_1.2.26.9" HPOS="2188" VPOS="5056" HEIGHT="112" WIDTH="268" STYLEREFS="Style_18" WC="0.962222222222222" CC="0000"/>
						<SP ID="SP_1.2.26.10" HPOS="2380" VPOS="5076" WIDTH="104"/>
						<String CONTENT="(27-20451)" ID="St_1.2.26.11" HPOS="2576" VPOS="5060" HEIGHT="112" WIDTH="668" STYLEREFS="Style_18" WC="0.976666666666667" CC="0000000000"/>
						<SP ID="SP_1.2.26.12" HPOS="3224" VPOS="5056" WIDTH="1988"/>
						<String CONTENT="8380" ID="St_1.2.26.13" HPOS="5212" VPOS="5056" HEIGHT="100" WIDTH="284" STYLEREFS="Style_18" WC="0.795555555555556" CC="0000"/>
					</TextLine>
					<TextLine ID="TL_1.2.27" HPOS="940" VPOS="5284" HEIGHT="132" WIDTH="2964">
						<String CONTENT="National" ID="St_1.2.27.1" HPOS="940" VPOS="5284" HEIGHT="124" WIDTH="672" STYLEREFS="Style_18" WC="1" CC="00000000"/>
						<SP ID="SP_1.2.27.2" HPOS="1588" VPOS="5288" WIDTH="56"/>
						<String CONTENT="industrial" ID="St_1.2.27.3" HPOS="1684" VPOS="5284" HEIGHT="128" WIDTH="760" STYLEREFS="Style_18" WC="1" CC="0000000000"/>
						<SP ID="SP_1.2.27.4" HPOS="2416" VPOS="5288" WIDTH="60"/>
						<String CONTENT="conference" ID="St_1.2.27.5" HPOS="2520" VPOS="5284" HEIGHT="132" WIDTH="828" STYLEREFS="Style_18" WC="1" CC="0000000000"/>
						<SP ID="SP_1.2.27.6" HPOS="3308" VPOS="5308" WIDTH="76"/>
						<String CONTENT="board." ID="St_1.2.27.7" HPOS="3428" VPOS="5284" HEIGHT="132" WIDTH="476" STYLEREFS="Style_18" WC="1" CC="000000"/>
					</TextLine>
					<TextLine ID="TL_1.2.28" HPOS="1112" VPOS="5468" HEIGHT="168" WIDTH="4596">
						<String CONTENT="Night" ID="St_1.2.28.1" HPOS="1112" VPOS="5468" HEIGHT="168" WIDTH="440" STYLEREFS="Style_18" WC="1" CC="00000"/>
						<SP ID="SP_1.2.28.2" HPOS="1520" VPOS="5484" WIDTH="80"/>
						<String CONTENT="work" ID="St_1.2.28.3" HPOS="1652" VPOS="5472" HEIGHT="120" WIDTH="376" STYLEREFS="Style_18" WC="1" CC="0000"/>
						<SP ID="SP_1.2.28.4" HPOS="1976" VPOS="5476" WIDTH="96"/>
						<String CONTENT="in" ID="St_1.2.28.5" HPOS="2124" VPOS="5472" HEIGHT="124" WIDTH="136" STYLEREFS="Style_18" WC="1" CC="00"/>
						<SP ID="SP_1.2.28.6" HPOS="2212" VPOS="5496" WIDTH="96"/>
						<String CONTENT="industry." ID="St_1.2.28.7" HPOS="2360" VPOS="5472" HEIGHT="156" WIDTH="676" STYLEREFS="Style_18" WC="1" CC="000000000"/>
						<SP ID="SP_1.2.28.8" HPOS="3020" VPOS="5524" WIDTH="128"/>
						<String CONTENT="New" ID="St_1.2.28.9" HPOS="3264" VPOS="5476" HEIGHT="120" WIDTH="332" STYLEREFS="Style_18" WC="1" CC="000"/>
						<SP ID="SP_1.2.28.10" HPOS="3528" VPOS="5496" WIDTH="116"/>
						<String CONTENT="York," ID="St_1.2.28.11" HPOS="3700" VPOS="5468" HEIGHT="148" WIDTH="428" STYLEREFS="Style_18" WC="1" CC="00000"/>
						<SP ID="SP_1.2.28.12" HPOS="4112" VPOS="5524" WIDTH="60"/>
						<String CONTENT="National" ID="St_1.2.28.13" HPOS="4228" VPOS="5476" HEIGHT="124" WIDTH="652" STYLEREFS="Style_18" WC="1" CC="00000000"/>
						<SP ID="SP_1.2.28.14" HPOS="4852" VPOS="5476" WIDTH="76"/>
						<String CONTENT="industrial" ID="St_1.2.28.15" HPOS="4984" VPOS="5472" HEIGHT="128" WIDTH="724" STYLEREFS="Style_18" WC="1" CC="0000000000"/>
					</TextLine>
					<TextLine ID="TL_1.2.29" HPOS="944" VPOS="5652" HEIGHT="160" WIDTH="2148">
						<String CONTENT="conference" ID="St_1.2.29.1" HPOS="944" VPOS="5652" HEIGHT="128" WIDTH="792" STYLEREFS="Style_18" WC="1" CC="0000000000"/>
						<SP ID="SP_1.2.29.2" HPOS="1700" VPOS="5680" WIDTH="68"/>
						<String CONTENT="board," ID="St_1.2.29.3" HPOS="1804" VPOS="5656" HEIGHT="156" WIDTH="472" STYLEREFS="Style_18" WC="1" CC="000000"/>
						<SP ID="SP_1.2.29.4" HPOS="2256" VPOS="5708" WIDTH="52"/>
						<String CONTENT="inc.," ID="St_1.2.29.5" HPOS="2348" VPOS="5660" HEIGHT="152" WIDTH="304" STYLEREFS="Style_18" WC="1" CC="00000"/>
						<SP ID="SP_1.2.29.6" HPOS="2632" VPOS="5708" WIDTH="56"/>
						<String CONTENT="1927." ID="St_1.2.29.7" HPOS="2736" VPOS="5660" HEIGHT="124" WIDTH="356" STYLEREFS="Style_18" WC="1" CC="00000"/>
					</TextLine>
					<TextLine ID="TL_1.2.30" HPOS="1112" VPOS="5852" HEIGHT="116" WIDTH="2104">
						<String CONTENT="ix," ID="St_1.2.30.1" HPOS="1112" VPOS="5852" HEIGHT="112" WIDTH="152" STYLEREFS="Style_18" WC="1" CC="000"/>
						<SP ID="SP_1.2.30.2" HPOS="1248" VPOS="5892" WIDTH="48"/>
						<String CONTENT="45" ID="St_1.2.30.3" HPOS="1332" VPOS="5852" HEIGHT="96" WIDTH="136" STYLEREFS="Style_18" WC="1" CC="00"/>
						<SP ID="SP_1.2.30.4" HPOS="1432" VPOS="5852" WIDTH="68"/>
						<String CONTENT="p." ID="St_1.2.30.5" HPOS="1540" VPOS="5880" HEIGHT="88" WIDTH="104" STYLEREFS="Style_18" WC="1" CC="00"/>
						<SP ID="SP_1.2.30.6" HPOS="1628" VPOS="5892" WIDTH="48"/>
						<String CONTENT="i" ID="St_1.2.30.7" HPOS="1716" VPOS="5852" HEIGHT="92" WIDTH="36" STYLEREFS="Style_18" WC="0.968888888888889" CC="3"/>
						<String CONTENT="n" ID="St_1.2.30.8" HPOS="1764" VPOS="5880" HEIGHT="68" WIDTH="72" STYLEREFS="Style_18" WC="0.944444444444444" CC="3"/>
						<String CONTENT="cl" ID="St_1.2.30.9" HPOS="1844" VPOS="5856" HEIGHT="92" WIDTH="100" STYLEREFS="Style_18" WC="0.92" CC="13"/>
						<String CONTENT="." ID="St_1.2.30.10" HPOS="1960" VPOS="5928" HEIGHT="24" WIDTH="20" STYLEREFS="Style_18" WC="0.925555555555556" CC="0"/>
						<SP ID="SP_1.2.30.11" HPOS="1964" VPOS="5892" WIDTH="48"/>
						<String CONTENT="tables." ID="St_1.2.30.12" HPOS="2052" VPOS="5852" HEIGHT="100" WIDTH="408" STYLEREFS="Style_18" WC="0.951111111111111" CC="0000000"/>
						<SP ID="SP_1.2.30.13" HPOS="2444" VPOS="5892" WIDTH="80"/>
						<String CONTENT="2" ID="St_1.2.30.14" HPOS="2600" VPOS="5856" HEIGHT="92" WIDTH="68" STYLEREFS="Style_18" WC="0.937777777777778" CC="4"/>
						<String CONTENT="3&#x0368;&#x036b;" ID="St_1.2.30.15" HPOS="2672" VPOS="5852" HEIGHT="108" WIDTH="544" STYLEREFS="Style_18" WC="0.927777777777778" CC="400"/>
						<String CONTENT="." ID="St_1.2.30.16" HPOS="2860" VPOS="5928" HEIGHT="20" WIDTH="24" STYLEREFS="Style_18" WC="0.915555555555556" CC="4"/>
					</TextLine>
					<TextLine ID="TL_1.2.31" HPOS="948" VPOS="5964" HEIGHT="140" WIDTH="4772">
						<String CONTENT="&#169;" ID="St_1.2.31.1" HPOS="948" VPOS="5964" HEIGHT="108" WIDTH="112" STYLEREFS="Style_18" WC="0.222222222222222" CC="7"/>
						<SP ID="SP_1.2.31.2" HPOS="1004" VPOS="5968" WIDTH="104"/>
						<String CONTENT="Sept." ID="St_1.2.31.3" HPOS="1156" VPOS="5988" HEIGHT="116" WIDTH="304" STYLEREFS="Style_18" WC="0.824444444444444" CC="00000"/>
						<SP ID="SP_1.2.31.4" HPOS="1444" VPOS="6028" WIDTH="48"/>
						<String CONTENT="12," ID="St_1.2.31.5" HPOS="1532" VPOS="5988" HEIGHT="116" WIDTH="164" STYLEREFS="Style_18" WC="0.888888888888889" CC="000"/>
						<SP ID="SP_1.2.31.6" HPOS="1684" VPOS="6028" WIDTH="44"/>
						<String CONTENT="1927;" ID="St_1.2.31.7" HPOS="1768" VPOS="5988" HEIGHT="112" WIDTH="336" STYLEREFS="Style_18" WC="0.927777777777778" CC="00000"/>
						<SP ID="SP_1.2.31.8" HPOS="2088" VPOS="6000" WIDTH="52"/>
						<String CONTENT="2c." ID="St_1.2.31.9" HPOS="2180" VPOS="5988" HEIGHT="96" WIDTH="164" STYLEREFS="Style_18" WC="0.941111111111111" CC="000"/>
						<SP ID="SP_1.2.31.10" HPOS="2328" VPOS="6028" WIDTH="48"/>
						<String CONTENT="and" ID="St_1.2.31.11" HPOS="2420" VPOS="5992" HEIGHT="92" WIDTH="224" STYLEREFS="Style_18" WC="0.951111111111111" CC="000"/>
						<SP ID="SP_1.2.31.12" HPOS="2604" VPOS="5988" WIDTH="76"/>
						<String CONTENT="af" ID="St_1.2.31.13" HPOS="2720" VPOS="5988" HEIGHT="96" WIDTH="128" STYLEREFS="Style_18" WC="0.955555555555556" CC="00"/>
						<String CONTENT="f" ID="St_1.2.31.14" HPOS="2828" VPOS="5988" HEIGHT="92" WIDTH="60" STYLEREFS="Style_18" WC="0.942222222222222" CC="4"/>
						<String CONTENT="." ID="St_1.2.31.15" HPOS="2896" VPOS="6068" HEIGHT="20" WIDTH="20" STYLEREFS="Style_18" WC="0.944444444444444" CC="0"/>
						<SP ID="SP_1.2.31.16" HPOS="2900" VPOS="6028" WIDTH="52"/>
						<String CONTENT="Sept." ID="St_1.2.31.17" HPOS="3000" VPOS="5988" HEIGHT="116" WIDTH="308" STYLEREFS="Style_18" WC="0.953333333333333" CC="00000"/>
						<SP ID="SP_1.2.31.18" HPOS="3292" VPOS="6028" WIDTH="48"/>
						<String CONTENT="2" ID="St_1.2.31.19" HPOS="3380" VPOS="5992" HEIGHT="92" WIDTH="60" STYLEREFS="Style_18" WC="0.955555555555556" CC="0"/>
						<String CONTENT="6" ID="St_1.2.31.20" HPOS="3452" VPOS="5988" HEIGHT="96" WIDTH="60" STYLEREFS="Style_18" WC="0.945555555555556" CC="4"/>
						<String CONTENT=";" ID="St_1.2.31.21" HPOS="3552" VPOS="6016" HEIGHT="84" WIDTH="24" STYLEREFS="Style_18" WC="0.946666666666667" CC="0"/>
						<SP ID="SP_1.2.31.22" HPOS="3560" VPOS="6000" WIDTH="56"/>
						<String CONTENT="A" ID="St_1.2.31.23" HPOS="3660" VPOS="5992" HEIGHT="92" WIDTH="96" STYLEREFS="Style_18" WC="0.948888888888889" CC="0"/>
						<SP ID="SP_1.2.31.24" HPOS="3700" VPOS="5988" WIDTH="88"/>
						<String CONTENT="1004381;" ID="St_1.2.31.25" HPOS="3828" VPOS="5988" HEIGHT="116" WIDTH="548" STYLEREFS="Style_18" WC="0.957777777777778" CC="00000000"/>
						<SP ID="SP_1.2.31.26" HPOS="4360" VPOS="6000" WIDTH="52"/>
						<String CONTENT="National" ID="St_1.2.31.27" HPOS="4464" VPOS="5988" HEIGHT="96" WIDTH="548" STYLEREFS="Style_18" WC="0.964444444444444" CC="00000000"/>
						<SP ID="SP_1.2.31.28" HPOS="4988" VPOS="5992" WIDTH="60"/>
						<String CONTENT="industri" ID="St_1.2.31.29" HPOS="5092" VPOS="5988" HEIGHT="96" WIDTH="508" STYLEREFS="Style_18" WC="0.968888888888889" CC="00000000"/>
						<String CONTENT="a" ID="St_1.2.31.30" HPOS="5608" VPOS="6020" HEIGHT="64" WIDTH="64" STYLEREFS="Style_18" WC="0.964444444444444" CC="3"/>
						<String CONTENT="l" ID="St_1.2.31.31" HPOS="5680" VPOS="5992" HEIGHT="92" WIDTH="40" STYLEREFS="Style_18" WC="0.96" CC="3"/>
					</TextLine>
					<TextLine ID="TL_1.2.32" HPOS="1112" VPOS="6120" HEIGHT="120" WIDTH="4380">
						<String CONTENT="conference" ID="St_1.2.32.1" HPOS="1112" VPOS="6128" HEIGHT="92" WIDTH="676" STYLEREFS="Style_18" WC="1" CC="0000000000"/>
						<SP ID="SP_1.2.32.2" HPOS="1752" VPOS="6136" WIDTH="68"/>
						<String CONTENT="board," ID="St_1.2.32.3" HPOS="1860" VPOS="6128" HEIGHT="108" WIDTH="392" STYLEREFS="Style_18" WC="1" CC="000000"/>
						<SP ID="SP_1.2.32.4" HPOS="2236" VPOS="6160" WIDTH="48"/>
						<String CONTENT="inc.," ID="St_1.2.32.5" HPOS="2324" VPOS="6128" HEIGHT="96" WIDTH="248" STYLEREFS="Style_18" WC="0.994444444444444" CC="00010"/>
						<SP ID="SP_1.2.32.6" HPOS="2564" VPOS="6160" WIDTH="48"/>
						<String CONTENT="New" ID="St_1.2.32.7" HPOS="2656" VPOS="6128" HEIGHT="96" WIDTH="276" STYLEREFS="Style_18" WC="0.995555555555556" CC="000"/>
						<SP ID="SP_1.2.32.8" HPOS="2876" VPOS="6136" WIDTH="92"/>
						<String CONTENT="York." ID="St_1.2.32.9" HPOS="3008" VPOS="6128" HEIGHT="96" WIDTH="340" STYLEREFS="Style_18" WC="0.995555555555556" CC="00000"/>
						<SP ID="SP_1.2.32.10" HPOS="3336" VPOS="6160" WIDTH="92"/>
						<String CONTENT="(27-20579)" ID="St_1.2.32.11" HPOS="3516" VPOS="6128" HEIGHT="112" WIDTH="672" STYLEREFS="Style_18" WC="0.996666666666667" CC="0000000000"/>
						<SP ID="SP_1.2.32.12" HPOS="4168" VPOS="6120" WIDTH="1044"/>
						<String CONTENT="8381" ID="St_1.2.32.13" HPOS="5212" VPOS="6120" HEIGHT="104" WIDTH="280" STYLEREFS="Style_18" WC="0.916666666666667" CC="0000"/>
					</TextLine>
					<TextLine ID="TL_1.2.33" HPOS="948" VPOS="6348" HEIGHT="148" WIDTH="2236">
						<String CONTENT="Nesmith," ID="St_1.2.33.1" HPOS="948" VPOS="6348" HEIGHT="148" WIDTH="708" STYLEREFS="Style_18" WC="1" CC="00000000"/>
						<SP ID="SP_1.2.33.2" HPOS="1636" VPOS="6392" WIDTH="56"/>
						<String CONTENT="Mary" ID="St_1.2.33.3" HPOS="1732" VPOS="6348" HEIGHT="148" WIDTH="416" STYLEREFS="Style_18" WC="1" CC="0000"/>
						<SP ID="SP_1.2.33.4" HPOS="2100" VPOS="6364" WIDTH="84"/>
						<String CONTENT="Ethel," ID="St_1.2.33.5" HPOS="2224" VPOS="6348" HEIGHT="148" WIDTH="460" STYLEREFS="Style_18" WC="1" CC="000000"/>
						<SP ID="SP_1.2.33.6" HPOS="2664" VPOS="6392" WIDTH="64"/>
						<String CONTENT="1883" ID="St_1.2.33.7" HPOS="2776" VPOS="6360" HEIGHT="112" WIDTH="316" STYLEREFS="Style_18" WC="1" CC="0000"/>
						<String CONTENT="&#150;" ID="St_1.2.33.8" HPOS="3100" VPOS="6428" HEIGHT="12" WIDTH="84" STYLEREFS="Style_18" WC="1" CC="0"/>
					</TextLine>
					<TextLine ID="TL_1.2.34" HPOS="1116" VPOS="6532" HEIGHT="164" WIDTH="4604">
						<String CONTENT="An" ID="St_1.2.34.1" HPOS="1116" VPOS="6532" HEIGHT="128" WIDTH="224" STYLEREFS="Style_18" WC="1" CC="00"/>
						<SP ID="SP_1.2.34.2" HPOS="1292" VPOS="6556" WIDTH="100"/>
						<String CONTENT="objective" ID="St_1.2.34.3" HPOS="1448" VPOS="6532" HEIGHT="164" WIDTH="668" STYLEREFS="Style_18" WC="1" CC="000000000"/>
						<SP ID="SP_1.2.34.4" HPOS="2080" VPOS="6556" WIDTH="88"/>
						<String CONTENT="determination" ID="St_1.2.34.5" HPOS="2224" VPOS="6532" HEIGHT="128" WIDTH="1052" STYLEREFS="Style_18" WC="1" CC="0000000000000"/>
						<SP ID="SP_1.2.34.6" HPOS="3232" VPOS="6556" WIDTH="96"/>
						<String CONTENT="of" ID="St_1.2.34.7" HPOS="3384" VPOS="6536" HEIGHT="124" WIDTH="152" STYLEREFS="Style_18" WC="1" CC="00"/>
						<SP ID="SP_1.2.34.8" HPOS="3504" VPOS="6532" WIDTH="84"/>
						<String CONTENT="stories" ID="St_1.2.34.9" HPOS="3644" VPOS="6532" HEIGHT="132" WIDTH="476" STYLEREFS="Style_18" WC="1" CC="0000000"/>
						<SP ID="SP_1.2.34.10" HPOS="4084" VPOS="6556" WIDTH="88"/>
						<String CONTENT="and" ID="St_1.2.34.11" HPOS="4228" VPOS="6540" HEIGHT="120" WIDTH="268" STYLEREFS="Style_18" WC="1" CC="000"/>
						<SP ID="SP_1.2.34.12" HPOS="4448" VPOS="6536" WIDTH="104"/>
						<String CONTENT="poems" ID="St_1.2.34.13" HPOS="4608" VPOS="6580" HEIGHT="116" WIDTH="456" STYLEREFS="Style_18" WC="1" CC="00000"/>
						<SP ID="SP_1.2.34.14" HPOS="5032" VPOS="6560" WIDTH="84"/>
						<String CONTENT="for" ID="St_1.2.34.15" HPOS="5172" VPOS="6536" HEIGHT="124" WIDTH="224" STYLEREFS="Style_18" WC="1" CC="000"/>
						<SP ID="SP_1.2.34.16" HPOS="5360" VPOS="6556" WIDTH="80"/>
						<String CONTENT="the" ID="St_1.2.34.17" HPOS="5492" VPOS="6540" HEIGHT="124" WIDTH="228" STYLEREFS="Style_18" WC="1" CC="000"/>
					</TextLine>
					<TextLine ID="TL_1.2.35" HPOS="956" VPOS="6720" HEIGHT="168" WIDTH="4764">
						<String CONTENT="primary" ID="St_1.2.35.1" HPOS="956" VPOS="6720" HEIGHT="160" WIDTH="612" STYLEREFS="Style_18" WC="1" CC="0000000"/>
						<SP ID="SP_1.2.35.2" HPOS="1520" VPOS="6744" WIDTH="84"/>
						<String CONTENT="grades," ID="St_1.2.35.3" HPOS="1644" VPOS="6720" HEIGHT="160" WIDTH="532" STYLEREFS="Style_18" WC="1" CC="0000000"/>
						<SP ID="SP_1.2.35.4" HPOS="2160" VPOS="6772" WIDTH="48"/>
						<String CONTENT="by" ID="St_1.2.35.5" HPOS="2244" VPOS="6720" HEIGHT="164" WIDTH="180" STYLEREFS="Style_18" WC="1" CC="00"/>
						<SP ID="SP_1.2.35.6" HPOS="2376" VPOS="6744" WIDTH="84"/>
						<String CONTENT="Mar" ID="St_1.2.35.7" HPOS="2500" VPOS="6720" HEIGHT="124" WIDTH="316" STYLEREFS="Style_18" WC="1" CC="000"/>
						<String CONTENT="y" ID="St_1.2.35.8" HPOS="2816" VPOS="6744" HEIGHT="112" WIDTH="88" STYLEREFS="Style_18" WC="0.98" CC="4"/>
						<SP ID="SP_1.2.35.9" HPOS="2864" VPOS="6744" WIDTH="84"/>
						<String CONTENT="E" ID="St_1.2.35.10" HPOS="2988" VPOS="6724" HEIGHT="120" WIDTH="120" STYLEREFS="Style_18" WC="0.982222222222222" CC="0"/>
						<String CONTENT="t" ID="St_1.2.35.11" HPOS="3120" VPOS="6736" HEIGHT="108" WIDTH="56" STYLEREFS="Style_18" WC="0.982222222222222" CC="0"/>
						<String CONTENT="he" ID="St_1.2.35.12" HPOS="3180" VPOS="6720" HEIGHT="124" WIDTH="168" STYLEREFS="Style_18" WC="0.983333333333333" CC="00"/>
						<String CONTENT="l" ID="St_1.2.35.13" HPOS="3356" VPOS="6724" HEIGHT="120" WIDTH="44" STYLEREFS="Style_18" WC="0.984444444444444" CC="0"/>
						<SP ID="SP_1.2.35.14" HPOS="3376" VPOS="6724" WIDTH="64"/>
						<String CONTENT="Nesmith" ID="St_1.2.35.15" HPOS="3484" VPOS="6724" HEIGHT="128" WIDTH="620" STYLEREFS="Style_18" WC="0.987777777777778" CC="0000000"/>
						<SP ID="SP_1.2.35.16" HPOS="4056" VPOS="6724" WIDTH="96"/>
						<String CONTENT="&#133;" ID="St_1.2.35.17" HPOS="4168" VPOS="6728" HEIGHT="144" WIDTH="76" STYLEREFS="Style_18" WC="0.987777777777778" CC="0"/>
						<SP ID="SP_1.2.35.18" HPOS="4316" VPOS="6808" WIDTH="108"/>
						<String CONTENT="New" ID="St_1.2.35.19" HPOS="4524" VPOS="6724" HEIGHT="124" WIDTH="332" STYLEREFS="Style_18" WC="0.988888888888889" CC="000"/>
						<SP ID="SP_1.2.35.20" HPOS="4792" VPOS="6748" WIDTH="100"/>
						<String CONTENT="York" ID="St_1.2.35.21" HPOS="4936" VPOS="6720" HEIGHT="128" WIDTH="388" STYLEREFS="Style_18" WC="0.99" CC="0000"/>
						<SP ID="SP_1.2.35.22" HPOS="5276" VPOS="6724" WIDTH="84"/>
						<String CONTENT="ci" ID="St_1.2.35.23" HPOS="5404" VPOS="6724" HEIGHT="124" WIDTH="116" STYLEREFS="Style_18" WC="0.991111111111111" CC="00"/>
						<String CONTENT="t" ID="St_1.2.35.24" HPOS="5532" VPOS="6736" HEIGHT="112" WIDTH="56" STYLEREFS="Style_18" WC="0.991111111111111" CC="0"/>
						<String CONTENT="y," ID="St_1.2.35.25" HPOS="5592" VPOS="6768" HEIGHT="120" WIDTH="128" STYLEREFS="Style_18" WC="0.991111111111111" CC="00"/>
					</TextLine>
					<TextLine ID="TL_1.2.36" HPOS="948" VPOS="6904" HEIGHT="164" WIDTH="3444">
						<String CONTENT="Teachers" ID="St_1.2.36.1" HPOS="948" VPOS="6904" HEIGHT="128" WIDTH="668" STYLEREFS="Style_18" WC="1" CC="00000000"/>
						<SP ID="SP_1.2.36.2" HPOS="1584" VPOS="6928" WIDTH="72"/>
						<String CONTENT="college," ID="St_1.2.36.3" HPOS="1704" VPOS="6904" HEIGHT="164" WIDTH="544" STYLEREFS="Style_18" WC="1" CC="00000000"/>
						<SP ID="SP_1.2.36.4" HPOS="2232" VPOS="6956" WIDTH="56"/>
						<String CONTENT="Columbia" ID="St_1.2.36.5" HPOS="2336" VPOS="6904" HEIGHT="128" WIDTH="720" STYLEREFS="Style_18" WC="1" CC="00000000"/>
						<SP ID="SP_1.2.36.6" HPOS="3016" VPOS="6928" WIDTH="80"/>
						<String CONTENT="university," ID="St_1.2.36.7" HPOS="3140" VPOS="6904" HEIGHT="164" WIDTH="804" STYLEREFS="Style_18" WC="1" CC="00000000000"/>
						<SP ID="SP_1.2.36.8" HPOS="3924" VPOS="6960" WIDTH="60"/>
						<String CONTENT="1927." ID="St_1.2.36.9" HPOS="4032" VPOS="6908" HEIGHT="128" WIDTH="360" STYLEREFS="Style_18" WC="1" CC="00000"/>
					</TextLine>
					<TextLine ID="TL_1.2.37" HPOS="1116" VPOS="7096" HEIGHT="120" WIDTH="4596">
						<String CONTENT="4" ID="St_1.2.37.1" HPOS="1116" VPOS="7104" HEIGHT="92" WIDTH="68" STYLEREFS="Style_18" WC="1" CC="0"/>
						<SP ID="SP_1.2.37.2" HPOS="1148" VPOS="7104" WIDTH="76"/>
						<String CONTENT="p." ID="St_1.2.37.3" HPOS="1272" VPOS="7128" HEIGHT="88" WIDTH="100" STYLEREFS="Style_18" WC="1" CC="00"/>
						<SP ID="SP_1.2.37.4" HPOS="1360" VPOS="7136" WIDTH="56"/>
						<String CONTENT="l" ID="St_1.2.37.5" HPOS="1460" VPOS="7100" HEIGHT="88" WIDTH="44" STYLEREFS="Style_18" WC="1" CC="0"/>
						<String CONTENT=".," ID="St_1.2.37.6" HPOS="1512" VPOS="7176" HEIGHT="36" WIDTH="52" STYLEREFS="Style_18" WC="1" CC="00"/>
						<SP ID="SP_1.2.37.7" HPOS="1552" VPOS="7136" WIDTH="56"/>
						<String CONTENT="85" ID="St_1.2.37.8" HPOS="1660" VPOS="7100" HEIGHT="100" WIDTH="132" STYLEREFS="Style_18" WC="1" CC="00"/>
						<SP ID="SP_1.2.37.9" HPOS="1756" VPOS="7096" WIDTH="76"/>
						<String CONTENT="p." ID="St_1.2.37.10" HPOS="1880" VPOS="7128" HEIGHT="88" WIDTH="100" STYLEREFS="Style_18" WC="0.967777777777778" CC="04"/>
						<SP ID="SP_1.2.37.11" HPOS="1972" VPOS="7136" WIDTH="56"/>
						<String CONTENT="inc" ID="St_1.2.37.12" HPOS="2076" VPOS="7100" HEIGHT="96" WIDTH="184" STYLEREFS="Style_18" WC="0.906666666666667" CC="334"/>
						<String CONTENT="l" ID="St_1.2.37.13" HPOS="2264" VPOS="7104" HEIGHT="92" WIDTH="36" STYLEREFS="Style_18" WC="0.894444444444444" CC="3"/>
						<String CONTENT="." ID="St_1.2.37.14" HPOS="2316" VPOS="7180" HEIGHT="20" WIDTH="20" STYLEREFS="Style_18" WC="0.9" CC="0"/>
						<SP ID="SP_1.2.37.15" HPOS="2324" VPOS="7144" WIDTH="56"/>
						<String CONTENT="tables." ID="St_1.2.37.16" HPOS="2428" VPOS="7104" HEIGHT="96" WIDTH="408" STYLEREFS="Style_18" WC="0.912222222222222" CC="0400000"/>
						<SP ID="SP_1.2.37.17" HPOS="2820" VPOS="7136" WIDTH="84"/>
						<String CONTENT="23&#189;&#x0368;&#x036b;." ID="St_1.2.37.18" HPOS="2980" VPOS="7104" HEIGHT="104" WIDTH="680" STYLEREFS="Style_18" WC="0.93" CC="000000"/>
						<SP ID="SP_1.2.37.19" HPOS="3316" VPOS="7144" WIDTH="92"/>
						<String CONTENT="(Teachers" ID="St_1.2.37.20" HPOS="3496" VPOS="7104" HEIGHT="112" WIDTH="636" STYLEREFS="Style_18" WC="0.945555555555556" CC="000000000"/>
						<SP ID="SP_1.2.37.21" HPOS="4100" VPOS="7112" WIDTH="72"/>
						<String CONTENT="college," ID="St_1.2.37.22" HPOS="4220" VPOS="7104" HEIGHT="112" WIDTH="460" STYLEREFS="Style_18" WC="0.954444444444444" CC="00000000"/>
						<SP ID="SP_1.2.37.23" HPOS="4664" VPOS="7140" WIDTH="60"/>
						<String CONTENT="Columbia" ID="St_1.2.37.24" HPOS="4772" VPOS="7104" HEIGHT="96" WIDTH="600" STYLEREFS="Style_18" WC="0.961111111111111" CC="00000000"/>
						<SP ID="SP_1.2.37.25" HPOS="5332" VPOS="7116" WIDTH="88"/>
						<String CONTENT="u" ID="St_1.2.37.26" HPOS="5476" VPOS="7132" HEIGHT="68" WIDTH="64" STYLEREFS="Style_18" WC="0.96" CC="1"/>
						<String CONTENT="n" ID="St_1.2.37.27" HPOS="5540" VPOS="7116" HEIGHT="76" WIDTH="64" STYLEREFS="Style_18" WC="0.955555555555556" CC="3"/>
						<String CONTENT="i" ID="St_1.2.37.28" HPOS="5612" VPOS="7100" HEIGHT="92" WIDTH="44" STYLEREFS="Style_18" WC="0.951111111111111" CC="3"/>
						<String CONTENT="-" ID="St_1.2.37.29" HPOS="5676" VPOS="7156" HEIGHT="12" WIDTH="36" STYLEREFS="Style_18" WC="0.95" CC="1"/>
					</TextLine>
					<TextLine ID="TL_1.2.38" HPOS="956" VPOS="7236" HEIGHT="112" WIDTH="2980">
						<String CONTENT="versity." ID="St_1.2.38.1" HPOS="956" VPOS="7236" HEIGHT="112" WIDTH="464" STYLEREFS="Style_18" WC="1" CC="00000000"/>
						<SP ID="SP_1.2.38.2" HPOS="1408" VPOS="7268" WIDTH="88"/>
						<String CONTENT="Contributions" ID="St_1.2.38.3" HPOS="1572" VPOS="7236" HEIGHT="96" WIDTH="876" STYLEREFS="Style_18" WC="1" CC="0000000000000"/>
						<SP ID="SP_1.2.38.4" HPOS="2416" VPOS="7244" WIDTH="64"/>
						<String CONTENT="to" ID="St_1.2.38.5" HPOS="2520" VPOS="7244" HEIGHT="88" WIDTH="112" STYLEREFS="Style_19" WC="1" CC="00"/>
						<SP ID="SP_1.2.38.6" HPOS="2596" VPOS="7244" WIDTH="68"/>
						<String CONTENT="education," ID="St_1.2.38.7" HPOS="2704" VPOS="7236" HEIGHT="112" WIDTH="648" STYLEREFS="Style_19" WC="1" CC="0000000000"/>
						<SP ID="SP_1.2.38.8" HPOS="3340" VPOS="7268" WIDTH="44"/>
						<String CONTENT="no." ID="St_1.2.38.9" HPOS="3424" VPOS="7264" HEIGHT="68" WIDTH="180" STYLEREFS="Style_19" WC="1" CC="000"/>
						<SP ID="SP_1.2.38.10" HPOS="3588" VPOS="7268" WIDTH="48"/>
						<String CONTENT="255)" ID="St_1.2.38.11" HPOS="3672" VPOS="7236" HEIGHT="112" WIDTH="264" STYLEREFS="Style_19" WC="1" CC="0000"/>
					</TextLine>
					<TextLine ID="TL_1.2.39" HPOS="1120" VPOS="7364" HEIGHT="120" WIDTH="4060">
						<String CONTENT="Published" ID="St_1.2.39.1" HPOS="1120" VPOS="7372" HEIGHT="96" WIDTH="628" STYLEREFS="Style_19" WC="1" CC="000000000"/>
						<SP ID="SP_1.2.39.2" HPOS="1708" VPOS="7364" WIDTH="80"/>
						<String CONTENT="also" ID="St_1.2.39.3" HPOS="1832" VPOS="7372" HEIGHT="96" WIDTH="244" STYLEREFS="Style_19" WC="1" CC="0000"/>
						<SP ID="SP_1.2.39.4" HPOS="2044" VPOS="7376" WIDTH="72"/>
						<String CONTENT="as" ID="St_1.2.39.5" HPOS="2156" VPOS="7396" HEIGHT="72" WIDTH="132" STYLEREFS="Style_19" WC="1" CC="00"/>
						<SP ID="SP_1.2.39.6" HPOS="2256" VPOS="7376" WIDTH="68"/>
						<String CONTENT="thesis" ID="St_1.2.39.7" HPOS="2364" VPOS="7372" HEIGHT="96" WIDTH="368" STYLEREFS="Style_19" WC="1" CC="000000"/>
						<SP ID="SP_1.2.39.8" HPOS="2700" VPOS="7376" WIDTH="80"/>
						<String CONTENT="(" ID="St_1.2.39.9" HPOS="2832" VPOS="7372" HEIGHT="108" WIDTH="32" STYLEREFS="Style_20" WC="1" CC="0"/>
						<String CONTENT="PH" ID="St_1.2.39.10" HPOS="2888" VPOS="7396" HEIGHT="68" WIDTH="168" STYLEREFS="Style_20" WC="0.975555555555556" CC="33"/>
						<String CONTENT="." ID="St_1.2.39.11" HPOS="3072" VPOS="7448" HEIGHT="20" WIDTH="16" STYLEREFS="Style_20" WC="0.972222222222222" CC="1"/>
						<SP ID="SP_1.2.39.12" HPOS="3076" VPOS="7416" WIDTH="52"/>
						<String CONTENT="D.)" ID="St_1.2.39.13" HPOS="3168" VPOS="7372" HEIGHT="108" WIDTH="156" STYLEREFS="Style_20" WC="0.958888888888889" CC="400"/>
						<SP ID="SP_1.2.39.14" HPOS="3304" VPOS="7364" WIDTH="72"/>
						<String CONTENT="Columbia" ID="St_1.2.39.15" HPOS="3432" VPOS="7372" HEIGHT="96" WIDTH="600" STYLEREFS="Style_20" WC="0.956666666666667" CC="04000000"/>
						<SP ID="SP_1.2.39.16" HPOS="3996" VPOS="7380" WIDTH="76"/>
						<String CONTENT="university." ID="St_1.2.39.17" HPOS="4116" VPOS="7372" HEIGHT="112" WIDTH="680" STYLEREFS="Style_20" WC="0.945555555555556" CC="00041140000"/>
						<SP ID="SP_1.2.39.18" HPOS="4780" VPOS="7404" WIDTH="52"/>
						<String CONTENT="1927." ID="St_1.2.39.19" HPOS="4876" VPOS="7372" HEIGHT="100" WIDTH="304" STYLEREFS="Style_20" WC="0.951111111111111" CC="00000"/>
					</TextLine>
					<TextLine ID="TL_1.2.40" HPOS="956" VPOS="7476" HEIGHT="144" WIDTH="4760">
						<String CONTENT="&#169;" ID="St_1.2.40.1" HPOS="956" VPOS="7476" HEIGHT="108" WIDTH="116" STYLEREFS="Style_20" WC="0.222222222222222" CC="7"/>
						<SP ID="SP_1.2.40.2" HPOS="1012" VPOS="7484" WIDTH="100"/>
						<String CONTENT="Aug." ID="St_1.2.40.3" HPOS="1148" VPOS="7508" HEIGHT="108" WIDTH="280" STYLEREFS="Style_20" WC="0.795555555555556" CC="0000"/>
						<SP ID="SP_1.2.40.4" HPOS="1412" VPOS="7540" WIDTH="44"/>
						<String CONTENT="1," ID="St_1.2.40.5" HPOS="1492" VPOS="7508" HEIGHT="108" WIDTH="92" STYLEREFS="Style_20" WC="0.863333333333333" CC="00"/>
						<SP ID="SP_1.2.40.6" HPOS="1568" VPOS="7536" WIDTH="48"/>
						<String CONTENT="1927;" ID="St_1.2.40.7" HPOS="1652" VPOS="7508" HEIGHT="96" WIDTH="336" STYLEREFS="Style_20" WC="0.917777777777778" CC="00000"/>
						<SP ID="SP_1.2.40.8" HPOS="1976" VPOS="7512" WIDTH="44"/>
						<String CONTENT="2c." ID="St_1.2.40.9" HPOS="2056" VPOS="7508" HEIGHT="96" WIDTH="160" STYLEREFS="Style_20" WC="0.935555555555556" CC="000"/>
						<SP ID="SP_1.2.40.10" HPOS="2204" VPOS="7540" WIDTH="44"/>
						<String CONTENT="Sept." ID="St_1.2.40.11" HPOS="2288" VPOS="7508" HEIGHT="112" WIDTH="308" STYLEREFS="Style_20" WC="0.951111111111111" CC="00000"/>
						<SP ID="SP_1.2.40.12" HPOS="2584" VPOS="7540" WIDTH="40"/>
						<String CONTENT="12;" ID="St_1.2.40.13" HPOS="2660" VPOS="7508" HEIGHT="96" WIDTH="196" STYLEREFS="Style_20" WC="0.957777777777778" CC="000"/>
						<SP ID="SP_1.2.40.14" HPOS="2844" VPOS="7516" WIDTH="44"/>
						<String CONTENT="aff." ID="St_1.2.40.15" HPOS="2928" VPOS="7508" HEIGHT="96" WIDTH="192" STYLEREFS="Style_20" WC="0.95" CC="0040"/>
						<SP ID="SP_1.2.40.16" HPOS="3112" VPOS="7540" WIDTH="48"/>
						<String CONTENT="Sept." ID="St_1.2.40.17" HPOS="3200" VPOS="7508" HEIGHT="112" WIDTH="304" STYLEREFS="Style_20" WC="0.957777777777778" CC="00000"/>
						<SP ID="SP_1.2.40.18" HPOS="3488" VPOS="7544" WIDTH="48"/>
						<String CONTENT="10:" ID="St_1.2.40.19" HPOS="3572" VPOS="7504" HEIGHT="100" WIDTH="192" STYLEREFS="Style_20" WC="0.961111111111111" CC="000"/>
						<SP ID="SP_1.2.40.20" HPOS="3748" VPOS="7516" WIDTH="52"/>
						<String CONTENT="A" ID="St_1.2.40.21" HPOS="3840" VPOS="7508" HEIGHT="92" WIDTH="92" STYLEREFS="Style_20" WC="0.963333333333333" CC="0"/>
						<SP ID="SP_1.2.40.22" HPOS="3880" VPOS="7504" WIDTH="80"/>
						<String CONTENT="1007202:" ID="St_1.2.40.23" HPOS="4000" VPOS="7508" HEIGHT="96" WIDTH="548" STYLEREFS="Style_20" WC="0.968888888888889" CC="00000000"/>
						<SP ID="SP_1.2.40.24" HPOS="4532" VPOS="7516" WIDTH="48"/>
						<String CONTENT="Teachers" ID="St_1.2.40.25" HPOS="4620" VPOS="7508" HEIGHT="92" WIDTH="576" STYLEREFS="Style_20" WC="0.963333333333333" CC="00330000"/>
						<SP ID="SP_1.2.40.26" HPOS="5164" VPOS="7516" WIDTH="60"/>
						<String CONTENT="c" ID="St_1.2.40.27" HPOS="5260" VPOS="7516" HEIGHT="76" WIDTH="60" STYLEREFS="Style_20" WC="0.955555555555556" CC="5"/>
						<String CONTENT="ollege," ID="St_1.2.40.28" HPOS="5324" VPOS="7508" HEIGHT="112" WIDTH="392" STYLEREFS="Style_20" WC="0.96" CC="0000000"/>
					</TextLine>
					<TextLine ID="TL_1.2.41" HPOS="1116" VPOS="7636" HEIGHT="124" WIDTH="4384">
						<String CONTENT="Columbia" ID="St_1.2.41.1" HPOS="1116" VPOS="7644" HEIGHT="92" WIDTH="600" STYLEREFS="Style_20" WC="1" CC="00000000"/>
						<SP ID="SP_1.2.41.2" HPOS="1680" VPOS="7652" WIDTH="64"/>
						<String CONTENT="univ." ID="St_1.2.41.3" HPOS="1776" VPOS="7640" HEIGHT="96" WIDTH="304" STYLEREFS="Style_20" WC="1" CC="00000"/>
						<SP ID="SP_1.2.41.4" HPOS="2068" VPOS="7676" WIDTH="96"/>
						<String CONTENT="(27-205" ID="St_1.2.41.5" HPOS="2252" VPOS="7644" HEIGHT="116" WIDTH="472" STYLEREFS="Style_20" WC="1" CC="0000000"/>
						<String CONTENT="0" ID="St_1.2.41.6" HPOS="2724" VPOS="7636" HEIGHT="92" WIDTH="64" STYLEREFS="Style_20" WC="0.975555555555556" CC="5"/>
						<String CONTENT="5)" ID="St_1.2.41.7" HPOS="2804" VPOS="7644" HEIGHT="96" WIDTH="120" STYLEREFS="Style_20" WC="0.977777777777778" CC="00"/>
						<SP ID="SP_1.2.41.8" HPOS="2904" VPOS="7636" WIDTH="2312"/>
						<String CONTENT="8382" ID="St_1.2.41.9" HPOS="5216" VPOS="7636" HEIGHT="104" WIDTH="284" STYLEREFS="Style_20" WC="0.767777777777778" CC="0000"/>
					</TextLine>
					<TextLine ID="TL_1.2.42" HPOS="956" VPOS="7864" HEIGHT="148" WIDTH="1628">
						<String CONTENT="Noyes," ID="St_1.2.42.1" HPOS="956" VPOS="7868" HEIGHT="144" WIDTH="516" STYLEREFS="Style_20" WC="1" CC="000000"/>
						<SP ID="SP_1.2.42.2" HPOS="1452" VPOS="7912" WIDTH="56"/>
						<String CONTENT="Alfred," ID="St_1.2.42.3" HPOS="1548" VPOS="7864" HEIGHT="148" WIDTH="548" STYLEREFS="Style_20" WC="1" CC="0000000"/>
						<SP ID="SP_1.2.42.4" HPOS="2076" VPOS="7916" WIDTH="60"/>
						<String CONTENT="1880" ID="St_1.2.42.5" HPOS="2176" VPOS="7876" HEIGHT="116" WIDTH="320" STYLEREFS="Style_20" WC="1" CC="0000"/>
						<String CONTENT="&#150;" ID="St_1.2.42.6" HPOS="2500" VPOS="7948" HEIGHT="12" WIDTH="84" STYLEREFS="Style_20" WC="1" CC="0"/>
					</TextLine>
					<TextLine ID="TL_1.2.43" HPOS="1124" VPOS="8052" HEIGHT="168" WIDTH="4584">
						<String CONTENT="D" ID="St_1.2.43.1" HPOS="1124" VPOS="8056" HEIGHT="120" WIDTH="128" STYLEREFS="Style_20" WC="1" CC="0"/>
						<String CONTENT="ick" ID="St_1.2.43.2" HPOS="1268" VPOS="8052" HEIGHT="124" WIDTH="212" STYLEREFS="Style_20" WC="1" CC="000"/>
						<SP ID="SP_1.2.43.3" HPOS="1432" VPOS="8052" WIDTH="104"/>
						<String CONTENT="Turpin&apos;s" ID="St_1.2.43.4" HPOS="1596" VPOS="8052" HEIGHT="148" WIDTH="648" STYLEREFS="Style_20" WC="1" CC="00000000"/>
						<SP ID="SP_1.2.43.5" HPOS="2208" VPOS="8076" WIDTH="92"/>
						<String CONTENT="ride," ID="St_1.2.43.6" HPOS="2360" VPOS="8056" HEIGHT="124" WIDTH="332" STYLEREFS="Style_20" WC="0.975555555555556" CC="00004"/>
						<SP ID="SP_1.2.43.7" HPOS="2676" VPOS="8104" WIDTH="76"/>
						<String CONTENT="and" ID="St_1.2.43.8" HPOS="2812" VPOS="8056" HEIGHT="124" WIDTH="264" STYLEREFS="Style_20" WC="0.98" CC="000"/>
						<SP ID="SP_1.2.43.9" HPOS="3032" VPOS="8056" WIDTH="104"/>
						<String CONTENT="other" ID="St_1.2.43.10" HPOS="3204" VPOS="8056" HEIGHT="120" WIDTH="384" STYLEREFS="Style_20" WC="0.984444444444444" CC="00000"/>
						<SP ID="SP_1.2.43.11" HPOS="3552" VPOS="8080" WIDTH="92"/>
						<String CONTENT="poems," ID="St_1.2.43.12" HPOS="3700" VPOS="8096" HEIGHT="120" WIDTH="500" STYLEREFS="Style_20" WC="0.986666666666667" CC="000000"/>
						<SP ID="SP_1.2.43.13" HPOS="4216" VPOS="8104" WIDTH="56"/>
						<String CONTENT="by" ID="St_1.2.43.14" HPOS="4312" VPOS="8056" HEIGHT="156" WIDTH="180" STYLEREFS="Style_20" WC="0.987777777777778" CC="00"/>
						<SP ID="SP_1.2.43.15" HPOS="4444" VPOS="8076" WIDTH="108"/>
						<String CONTENT="Alfred" ID="St_1.2.43.16" HPOS="4620" VPOS="8052" HEIGHT="128" WIDTH="488" STYLEREFS="Style_20" WC="0.99" CC="000000"/>
						<SP ID="SP_1.2.43.17" HPOS="5060" VPOS="8056" WIDTH="104"/>
						<String CONTENT="Noyes." ID="St_1.2.43.18" HPOS="5232" VPOS="8056" HEIGHT="164" WIDTH="476" STYLEREFS="Style_20" WC="0.991111111111111" CC="000000"/>
					</TextLine>
					<TextLine ID="TL_1.2.44" HPOS="960" VPOS="8236" HEIGHT="164" WIDTH="3636">
						<String CONTENT="New" ID="St_1.2.44.1" HPOS="960" VPOS="8240" HEIGHT="120" WIDTH="324" STYLEREFS="Style_20" WC="1" CC="000"/>
						<SP ID="SP_1.2.44.2" HPOS="1224" VPOS="8264" WIDTH="92"/>
						<String CONTENT="York," ID="St_1.2.44.3" HPOS="1356" VPOS="8240" HEIGHT="136" WIDTH="424" STYLEREFS="Style_20" WC="1" CC="00000"/>
						<SP ID="SP_1.2.44.4" HPOS="1764" VPOS="8288" WIDTH="52"/>
						<String CONTENT="Frederick" ID="St_1.2.44.5" HPOS="1856" VPOS="8236" HEIGHT="124" WIDTH="740" STYLEREFS="Style_20" WC="1" CC="000000000"/>
						<SP ID="SP_1.2.44.6" HPOS="2548" VPOS="8236" WIDTH="84"/>
						<String CONTENT="A." ID="St_1.2.44.7" HPOS="2672" VPOS="8240" HEIGHT="120" WIDTH="156" STYLEREFS="Style_20" WC="1" CC="00"/>
						<SP ID="SP_1.2.44.8" HPOS="2812" VPOS="8288" WIDTH="56"/>
						<String CONTENT="Stokes" ID="St_1.2.44.9" HPOS="2912" VPOS="8236" HEIGHT="128" WIDTH="480" STYLEREFS="Style_20" WC="1" CC="000000"/>
						<SP ID="SP_1.2.44.10" HPOS="3356" VPOS="8264" WIDTH="64"/>
						<String CONTENT="company," ID="St_1.2.44.11" HPOS="3456" VPOS="8280" HEIGHT="120" WIDTH="712" STYLEREFS="Style_20" WC="1" CC="00000000"/>
						<SP ID="SP_1.2.44.12" HPOS="4148" VPOS="8288" WIDTH="52"/>
						<String CONTENT="1927." ID="St_1.2.44.13" HPOS="4240" VPOS="8240" HEIGHT="124" WIDTH="356" STYLEREFS="Style_20" WC="1" CC="00000"/>
					</TextLine>
					<TextLine ID="TL_1.2.45" HPOS="1128" VPOS="8428" HEIGHT="116" WIDTH="1468">
						<String CONTENT="vi" ID="St_1.2.45.1" HPOS="1128" VPOS="8432" HEIGHT="92" WIDTH="112" STYLEREFS="Style_20" WC="0.888888888888889" CC="11"/>
						<String CONTENT="ii" ID="St_1.2.45.2" HPOS="1240" VPOS="8428" HEIGHT="88" WIDTH="80" STYLEREFS="Style_20" WC="0.722222222222222" CC="44"/>
						<String CONTENT="." ID="St_1.2.45.3" HPOS="1344" VPOS="8508" HEIGHT="24" WIDTH="16" STYLEREFS="Style_20" WC="0.777777777777778" CC="0"/>
						<SP ID="SP_1.2.45.4" HPOS="1348" VPOS="8464" WIDTH="44"/>
						<String CONTENT="142" ID="St_1.2.45.5" HPOS="1432" VPOS="8432" HEIGHT="92" WIDTH="208" STYLEREFS="Style_20" WC="0.875555555555556" CC="000"/>
						<SP ID="SP_1.2.45.6" HPOS="1600" VPOS="8428" WIDTH="72"/>
						<String CONTENT="p." ID="St_1.2.45.7" HPOS="1708" VPOS="8460" HEIGHT="84" WIDTH="100" STYLEREFS="Style_20" WC="0.906666666666667" CC="00"/>
						<SP ID="SP_1.2.45.8" HPOS="1796" VPOS="8464" WIDTH="84"/>
						<String CONTENT="19&#189;&#x0368;&#x036b;." ID="St_1.2.45.9" HPOS="1956" VPOS="8432" HEIGHT="104" WIDTH="640" STYLEREFS="Style_20" WC="0.917777777777778" CC="000004"/>
					</TextLine>
					<TextLine ID="TL_1.2.46" HPOS="960" VPOS="8532" HEIGHT="144" WIDTH="4756">
						<String CONTENT="&#169;" ID="St_1.2.46.1" HPOS="960" VPOS="8532" HEIGHT="108" WIDTH="120" STYLEREFS="Style_20" WC="0.222222222222222" CC="7"/>
						<SP ID="SP_1.2.46.2" HPOS="1020" VPOS="8544" WIDTH="96"/>
						<String CONTENT="Sept." ID="St_1.2.46.3" HPOS="1152" VPOS="8568" HEIGHT="108" WIDTH="304" STYLEREFS="Style_20" WC="0.824444444444444" CC="00000"/>
						<SP ID="SP_1.2.46.4" HPOS="1444" VPOS="8600" WIDTH="40"/>
						<String CONTENT="29." ID="St_1.2.46.5" HPOS="1516" VPOS="8568" HEIGHT="96" WIDTH="164" STYLEREFS="Style_20" WC="0.888888888888889" CC="000"/>
						<SP ID="SP_1.2.46.6" HPOS="1668" VPOS="8600" WIDTH="40"/>
						<String CONTENT="1927;" ID="St_1.2.46.7" HPOS="1744" VPOS="8568" HEIGHT="96" WIDTH="336" STYLEREFS="Style_20" WC="0.927777777777778" CC="00000"/>
						<SP ID="SP_1.2.46.8" HPOS="2064" VPOS="8576" WIDTH="44"/>
						<String CONTENT="2c." ID="St_1.2.46.9" HPOS="2148" VPOS="8568" HEIGHT="96" WIDTH="160" STYLEREFS="Style_20" WC="0.941111111111111" CC="000"/>
						<SP ID="SP_1.2.46.10" HPOS="2296" VPOS="8600" WIDTH="40"/>
						<String CONTENT="and" ID="St_1.2.46.11" HPOS="2372" VPOS="8568" HEIGHT="92" WIDTH="224" STYLEREFS="Style_20" WC="0.951111111111111" CC="000"/>
						<SP ID="SP_1.2.46.12" HPOS="2560" VPOS="8560" WIDTH="64"/>
						<String CONTENT="a" ID="St_1.2.46.13" HPOS="2660" VPOS="8576" HEIGHT="76" WIDTH="56" STYLEREFS="Style_20" WC="0.933333333333333" CC="5"/>
						<String CONTENT="ff." ID="St_1.2.46.14" HPOS="2740" VPOS="8568" HEIGHT="96" WIDTH="112" STYLEREFS="Style_20" WC="0.94" CC="000"/>
						<SP ID="SP_1.2.46.15" HPOS="2840" VPOS="8600" WIDTH="44"/>
						<String CONTENT="Oct." ID="St_1.2.46.16" HPOS="2924" VPOS="8568" HEIGHT="96" WIDTH="240" STYLEREFS="Style_20" WC="0.948888888888889" CC="0000"/>
						<SP ID="SP_1.2.46.17" HPOS="3148" VPOS="8600" WIDTH="44"/>
						<String CONTENT="1;" ID="St_1.2.46.18" HPOS="3228" VPOS="8568" HEIGHT="96" WIDTH="124" STYLEREFS="Style_20" WC="0.952222222222222" CC="00"/>
						<SP ID="SP_1.2.46.19" HPOS="3336" VPOS="8572" WIDTH="48"/>
						<String CONTENT="A" ID="St_1.2.46.20" HPOS="3420" VPOS="8568" HEIGHT="92" WIDTH="96" STYLEREFS="Style_20" WC="0.955555555555556" CC="0"/>
						<SP ID="SP_1.2.46.21" HPOS="3460" VPOS="8560" WIDTH="84"/>
						<String CONTENT="1004436:" ID="St_1.2.46.22" HPOS="3580" VPOS="8568" HEIGHT="96" WIDTH="544" STYLEREFS="Style_20" WC="0.963333333333333" CC="00000000"/>
						<SP ID="SP_1.2.46.23" HPOS="4108" VPOS="8572" WIDTH="52"/>
						<String CONTENT="Frederick" ID="St_1.2.46.24" HPOS="4200" VPOS="8568" HEIGHT="92" WIDTH="620" STYLEREFS="Style_20" WC="0.968888888888889" CC="000000000"/>
						<SP ID="SP_1.2.46.25" HPOS="4776" VPOS="8560" WIDTH="72"/>
						<String CONTENT="A." ID="St_1.2.46.26" HPOS="4880" VPOS="8568" HEIGHT="96" WIDTH="132" STYLEREFS="Style_20" WC="0.971111111111111" CC="00"/>
						<SP ID="SP_1.2.46.27" HPOS="5000" VPOS="8600" WIDTH="44"/>
						<String CONTENT="Stokes" ID="St_1.2.46.28" HPOS="5084" VPOS="8568" HEIGHT="96" WIDTH="408" STYLEREFS="Style_20" WC="0.973333333333333" CC="000000"/>
						<SP ID="SP_1.2.46.29" HPOS="5460" VPOS="8572" WIDTH="60"/>
						<String CONTENT="co." ID="St_1.2.46.30" HPOS="5556" VPOS="8588" HEIGHT="76" WIDTH="160" STYLEREFS="Style_20" WC="0.975555555555556" CC="000"/>
					</TextLine>
					<TextLine ID="TL_1.2.47" HPOS="1148" VPOS="8696" HEIGHT="120" WIDTH="4352">
						<String CONTENT="(27-20477)" ID="St_1.2.47.1" HPOS="1148" VPOS="8700" HEIGHT="116" WIDTH="668" STYLEREFS="Style_20" WC="1" CC="0000000000"/>
						<SP ID="SP_1.2.47.2" HPOS="1796" VPOS="8696" WIDTH="3416"/>
						<String CONTENT="8383" ID="St_1.2.47.3" HPOS="5212" VPOS="8696" HEIGHT="100" WIDTH="288" STYLEREFS="Style_20" WC="0.666666666666667" CC="0000"/>
					</TextLine>
					<TextLine ID="TL_1.2.48" HPOS="956" VPOS="8892" HEIGHT="144" WIDTH="1276">
						<String CONTENT="Pattee," ID="St_1.2.48.1" HPOS="956" VPOS="8892" HEIGHT="144" WIDTH="544" STYLEREFS="Style_20" WC="1" CC="0000000"/>
						<SP ID="SP_1.2.48.2" HPOS="1484" VPOS="8940" WIDTH="48"/>
						<String CONTENT="Richard." ID="St_1.2.48.3" HPOS="1572" VPOS="8896" HEIGHT="124" WIDTH="660" STYLEREFS="Style_20" WC="1" CC="00000000"/>
					</TextLine>
					<TextLine ID="TL_1.2.49" HPOS="1136" VPOS="9076" HEIGHT="168" WIDTH="4584">
						<String CONTENT="My" ID="St_1.2.49.1" HPOS="1136" VPOS="9076" HEIGHT="160" WIDTH="244" STYLEREFS="Style_20" WC="0.777777777777778" CC="13"/>
						<SP ID="SP_1.2.49.2" HPOS="1332" VPOS="9096" WIDTH="100"/>
						<String CONTENT="personal" ID="St_1.2.49.3" HPOS="1488" VPOS="9080" HEIGHT="160" WIDTH="624" STYLEREFS="Style_20" WC="0.958888888888889" CC="00000000"/>
						<SP ID="SP_1.2.49.4" HPOS="2088" VPOS="9076" WIDTH="80"/>
						<String CONTENT="word," ID="St_1.2.49.5" HPOS="2232" VPOS="9084" HEIGHT="152" WIDTH="416" STYLEREFS="Style_20" WC="0.973333333333333" CC="00000"/>
						<SP ID="SP_1.2.49.6" HPOS="2632" VPOS="9124" WIDTH="68"/>
						<String CONTENT="by" ID="St_1.2.49.7" HPOS="2756" VPOS="9080" HEIGHT="164" WIDTH="180" STYLEREFS="Style_20" WC="0.977777777777778" CC="00"/>
						<SP ID="SP_1.2.49.8" HPOS="2888" VPOS="9096" WIDTH="100"/>
						<String CONTENT="Richard" ID="St_1.2.49.9" HPOS="3044" VPOS="9080" HEIGHT="124" WIDTH="604" STYLEREFS="Style_20" WC="0.983333333333333" CC="0000000"/>
						<SP ID="SP_1.2.49.10" HPOS="3600" VPOS="9076" WIDTH="104"/>
						<String CONTENT="Pattee." ID="St_1.2.49.11" HPOS="3768" VPOS="9084" HEIGHT="120" WIDTH="512" STYLEREFS="Style_20" WC="0.986666666666667" CC="0000000"/>
						<SP ID="SP_1.2.49.12" HPOS="4264" VPOS="9128" WIDTH="60"/>
						<String CONTENT="Baltimore," ID="St_1.2.49.13" HPOS="4484" VPOS="9080" HEIGHT="160" WIDTH="792" STYLEREFS="Style_20" WC="0.99" CC="0000000000"/>
						<SP ID="SP_1.2.49.14" HPOS="5256" VPOS="9124" WIDTH="72"/>
						<String CONTENT="M" ID="St_1.2.49.15" HPOS="5392" VPOS="9080" HEIGHT="124" WIDTH="152" STYLEREFS="Style_20" WC="0.99" CC="0"/>
						<String CONTENT="d.," ID="St_1.2.49.16" HPOS="5548" VPOS="9080" HEIGHT="156" WIDTH="172" STYLEREFS="Style_20" WC="0.991111111111111" CC="000"/>
					</TextLine>
					<TextLine ID="TL_1.2.50" HPOS="968" VPOS="9260" HEIGHT="164" WIDTH="2476">
						<String CONTENT="The" ID="St_1.2.50.1" HPOS="968" VPOS="9264" HEIGHT="120" WIDTH="288" STYLEREFS="Style_20" WC="1" CC="000"/>
						<SP ID="SP_1.2.50.2" HPOS="1220" VPOS="9280" WIDTH="64"/>
						<String CONTENT="Lord" ID="St_1.2.50.3" HPOS="1316" VPOS="9264" HEIGHT="120" WIDTH="364" STYLEREFS="Style_20" WC="1" CC="0000"/>
						<SP ID="SP_1.2.50.4" HPOS="1636" VPOS="9260" WIDTH="80"/>
						<String CONTENT="Ba" ID="St_1.2.50.5" HPOS="1756" VPOS="9264" HEIGHT="120" WIDTH="196" STYLEREFS="Style_20" WC="1" CC="00"/>
						<String CONTENT="l" ID="St_1.2.50.6" HPOS="1968" VPOS="9264" HEIGHT="120" WIDTH="40" STYLEREFS="Style_20" WC="1" CC="0"/>
						<String CONTENT="timore" ID="St_1.2.50.7" HPOS="2028" VPOS="9264" HEIGHT="124" WIDTH="480" STYLEREFS="Style_20" WC="1" CC="000000"/>
						<SP ID="SP_1.2.50.8" HPOS="2472" VPOS="9280" WIDTH="64"/>
						<String CONTENT="press" ID="St_1.2.50.9" HPOS="2572" VPOS="9304" HEIGHT="120" WIDTH="376" STYLEREFS="Style_20" WC="1" CC="00000"/>
						<SP ID="SP_1.2.50.10" HPOS="2912" VPOS="9284" WIDTH="72"/>
						<String CONTENT="[&#x0368;1" ID="St_1.2.50.11" HPOS="3052" VPOS="9264" HEIGHT="136" WIDTH="152" STYLEREFS="Style_21" WC="0.98" CC="005"/>
						<String CONTENT="92" ID="St_1.2.50.12" HPOS="3204" VPOS="9268" HEIGHT="120" WIDTH="156" STYLEREFS="Style_22" WC="0.973333333333333" CC="11"/>
						<String CONTENT="7" ID="St_1.2.50.13" HPOS="3368" VPOS="9264" HEIGHT="124" WIDTH="76" STYLEREFS="Style_22" WC="0.956666666666667" CC="5"/>
						<String CONTENT="]" ID="St_1.2.50.14" HPOS="3368" VPOS="9292" HEIGHT="80" WIDTH="68" STYLEREFS="Style_22" WC="0.957777777777778" CC="0"/>
					</TextLine>
				</TextBlock>
			</PrintSpace>
		</Page>
	</Layout>
</alto>
