6052 10268
132 1124 536 144 Perrin,
740 1124 480 144 Harry
1292 1120 452 124 Crane
1748 1192 184 20 —
1944 1116 764 128 Continued

140 1316 116 116 ©
344 1332 156 96 1c.
588 1324 296 92 June
964 1320 92 112 8,
1136 1316 336 108 1927;
1560 1316 96 92 A
1740 1316 144 92 ad
1968 1312 208 100 int.
2260 1312 64 96 9
2332 1312 128 96 55
2472 1316 120 108 7;
2684 1312 336 112 pubd.
3108 1312 272 112 Apr.
3460 1312 60 88 1
3532 1304 64 96 0
3636 1332 20 88 ;
3744 1304 484 96 Aeolian
4312 1328 196 88 co.,
4596 1304 276 112 New

300 1460 340 92 York.
796 1484 156 116 [©
1040 1456 252 92 text
1376 1452 224 92 and
1684 1448 784 96 illustrations
2552 1472 144 72 on
2780 1444 368 96 music
3228 1444 200 128 roll
3408 1524 64 80 ]
4392 1436 284 100 4350

132 1680 484 148 Quick,
700 1676 688 152 Dorothy.

300 1864 652 160 Threads,
1024 1864 180 164 by
1276 1860 636 164 Dorothy
1988 1856 480 152 Quick.
2628 1856 328 128 New
3036 1852 428 164 York,
3536 1852 188 128 H.
3804 1852 464 164 Vinal,
4352 1852 360 128 1927.

300 2092 132 96 72
504 2116 108 88 p.
748 2084 612 116 19½ͨͫ.

300 2260 444 92 Poems.

140 2396 120 108 ©
336 2428 264 92 Feb.
672 2428 96 108 2,
840 2424 332 112 1927;
1252 2424 64 92 2
1324 2432 56 76 c
1392 2500 20 20 .
1488 2424 268 112 May
1828 2420 196 112 19;
2100 2444 68 72 a
2176 2416 52 96 f
2220 2416 80 100 f.
2372 2420 268 116 Apr.
2716 2420 124 112 1;
2920 2420 96 92 A
3088 2420 64 92 9
3160 2420 64 96 7
3232 2420 60 92 6
3304 2420 60 92 7
3368 2420 132 92 43
3544 2440 24 88 ;
3648 2416 448 96 Harold
4168 2416 376 96 Vinal.

324 2556 664 120 (27-12095)
4400 2548 284 100 4351

140 2780 728 152 Rockwell,
952 2780 748 124 Frederick
1776 2780 412 148 Frye,
2272 2784 320 120 1884
2592 2856 88 12 —

312 2968 288 124 The
680 2968 352 124 book
1112 2964 152 128 of
1344 2964 460 160 bulbs;
1900 3012 72 80 a
2060 2964 408 164 guide
2552 2976 144 116 to
2780 2964 228 128 the
3092 2964 672 160 selection,
3852 2964 680 164 planting,
4616 2960 268 132 and

140 3156 824 160 cultivating
1044 3152 152 124 of
1272 3152 396 124 bulbs
1752 3148 224 128 for
2056 3152 520 160 spring,
2660 3156 624 156 summer,
3376 3152 264 124 and
3724 3160 568 116 autumn
4376 3148 508 128 flower-

148 3340 236 164 ing
384 3420 172 12 —
560 3340 268 124 and
904 3352 140 112 to
1128 3340 876 160 winter-long
2076 3336 500 164 beauty
2652 3336 364 124 from
3096 3336 392 128 bulbs
3560 3336 596 156 indoors,
4228 3336 184 164 by
4488 3336 152 128 F.
4728 3336 156 128 F.

144 3528 636 124 Rockwel
788 3528 32 120 l
956 3528 84 144 …
1164 3524 44 124 i
1216 3528 44 120 l
1276 3524 660 124 lustrated
2028 3524 332 124 with
2448 3524 944 160 photographs
3468 3524 180 164 by
3728 3524 228 124 the
4044 3524 492 124 author
4620 3524 272 124 and

148 3712 176 164 by
420 3708 164 128 A.
680 3716 152 120 T.
928 3716 204 120 De
1224 3712 200 124 La
1512 3712 384 124 Mare
1988 3756 732 116 company;
2828 3712 268 124 and
3188 3708 336 128 with
3612 3708 696 164 drawings
4392 3708 184 168 by
4660 3708 232 128 the

148 3900 492 124 author
760 3900 268 124 and
1152 3896 124 132 G
1288 3944 392 116 eorge
1804 3896 280 124 Hol
2096 3896 44 124 l
2152 3896 352 124 rock.
2688 3896 328 124 New
3140 3896 428 164 York,
3684 3900 288 120 The
4092 3896 800 124 Macmillan

144 4128 708 120 company,
932 4080 356 132 1927.

320 4340 148 68 xv
480 4316 36 88 i
524 4312 40 92 i
628 4340 140 88 p.,
840 4312 60 92 1
968 4316 36 88 l
1020 4388 56 36 .,
1144 4308 208 100 264
1412 4340 108 88 p.
1656 4308 392 116 front.,
2120 4308 340 116 illus.,
2532 4312 412 112 plates.
3084 4312 756 108 19½ͨͫ
3412 4384 24 24 .

152 4460 120 120 ©
344 4484 272 108 May
680 4484 160 108 17,
908 4480 332 112 1927;
1308 4480 164 96 2c.
1536 4480 272 112 May
1872 4476 196 116 18;
2144 4476 196 100 aff.
2408 4484 272 108 May
2744 4480 196 112 19;
3012 4480 96 92 A
3176 4476 472 116 976650;
3728 4476 668 100 Macmillan
4468 4500 160 80 co.

336 4616 664 116 (27-11805)
4412 4608 284 104 4352

148 4840 400 148 Ross,
628 4840 432 128 Jacob
1136 4840 148 128 M
1960 4844 196 124 ed.

312 5028 132 120 A
376 5024 456 144 adventures
1264 5028 144 124 in
1464 5028 748 160 literature,
2284 5028 452 128 edited
2796 5028 180 164 by
3040 5024 432 132 Jacob
3536 5028 188 128 M.
3796 5028 344 128 Ross
4240 5024 80 144 …
4520 5028 384 128 Book
5024 5052 52 112 /

152 5216 76 124 7
240 5312 24 24 .
440 5212 328 128 New
856 5212 432 160 York,
1376 5208 644 172 Chicago,
2108 5216 740 160 Harcourt,
2940 5216 428 124 Brace
3460 5220 108 120 &
3656 5256 668 120 company
4432 5296 28 80 [
4472 5228 44 52 ͨ
4528 5212 320 128 1927
4844 5284 40 68 ]

312 5444 412 112 xxxiii,
792 5444 200 96 555
1060 5468 104 88 p.
1300 5444 304 96 illus.
1740 5444 720 108 20½ͨͫ.

324 5608 336 112 Maps
724 5632 144 68 on
932 5604 868 120 lining-papers.

160 5752 120 116 ©
348 5776 272 112 Apr.
680 5772 168 116 20,
916 5780 336 108 1927;
1320 5780 160 96 2c.
1548 5780 228 92 and
1840 5780 200 96 aff.
2100 5780 272 112 Apr.
2436 5780 200 112 27;
2704 5780 100 92 A
2868 5780 348 96 97676
3220 5780 60 96 5
3320 5804 24 88 ;
3424 5780 620 112 Harcourt,
4116 5784 364 96 Brace
4552 5780 88 96 &
4708 5804 192 92 co.,

324 5912 212 96 inc.
708 5912 664 120 (27-12061)
4420 5912 288 100 4353

160 6132 708 152 Rowland,
944 6132 488 156 Helen,
1516 6140 404 124 1876-

332 6320 336 128 This
764 6320 592 128 married
1460 6320 292 164 life,
1856 6324 180 164 by
2132 6324 448 128 Helen
2684 6324 708 164 Rowland,
3496 6328 340 124 with
3936 6328 692 164 drawings
4728 6328 176 164 by

164 6504 540 128 Harold
808 6504 812 168 Speakman.
1808 6512 332 124 New
2240 6512 432 160 York,
2764 6512 484 164 Dodge
3348 6512 800 168 publishing
4240 6560 668 120 company

136 6700 80 132 [
216 6708 44 48 ͨ
272 6692 320 132 1927
600 6772 32 80 ]

320 6924 208 96 252
592 6948 104 92 p.
768 6924 36 92 i
816 6952 72 64 n
892 6928 96 92 cl
1004 7004 20 16 .
1088 6924 396 116 front.,
1552 6928 128 92 ill
1692 6956 68 64 u
1772 6956 88 68 s.
2004 6932 404 112 plates.
2552 6928 684 104 19½ͨͫ.

176 7080 36 88 ©
368 7092 272 112 May
704 7092 164 108 16,
940 7092 336 108 1927;
1352 7092 64 92 2
1420 7100 56 76 c
1492 7172 20 16 .
1584 7096 228 92 and
1884 7092 192 100 aff.
2152 7100 272 108 May
2492 7096 196 112 18;
2764 7096 96 92 A
2928 7096 132 96 99
3068 7096 64 92 0
3140 7100 56 88 1
3208 7096 136 96 90
3380 7124 20 84 ;
3484 7100 392 112 Dodge
3948 7100 260 112 pub.
4284 7124 160 76 co.

356 7224 660 116 (27-11935)
4424 7232 288 100 4354

168 7448 516 152 Ryner,
756 7452 500 152 Jayme
1332 7452 440 152 Hans,
1852 7464 316 120 1861
2168 7536 88 16 –

332 7636 288 124 The
708 7636 712 164 ingenious
1500 7640 632 164 hidalgo:
2216 7644 528 160 Miguel
2832 7644 736 132 Cervantes
3652 7640 492 176 <L'ing
4136 7640 76 116 é
4220 7652 408 124 nieux
4712 7652 204 124 hi-

168 7820 476 164 dalgo:
720 7820 524 164 Miguel
1328 7820 668 132 Cervantè
2004 7824 140 136 s>
2216 7828 184 164 by
2464 7828 328 128 Han
2868 7828 500 164 Ryner,
3440 7836 756 124 translated
4268 7836 180 164 by
4524 7836 132 128 J.
4732 7836 184 124 H.

172 8004 468 128 Lewis.
824 8004 324 128 New
1236 8004 428 164 York,
1748 8008 736 164 Harcourt,
2572 8016 432 124 Brace
3084 8020 108 120 &
3272 8056 668 124 company
4036 8020 448 156 [ͨ1927]

336 8232 60 96 5
456 8260 104 88 p.
624 8240 104 104 1.,
792 8236 64 92 3
860 8288 72 12 –
928 8236 140 92 24
1076 8236 60 92 3
1196 8260 108 88 p.
1444 8236 392 116 front.,
1904 8240 408 112 plates,
2380 8244 352 112 ports.
2872 8236 1216 104 21ͨͫ.

184 8388 120 116 ©
368 8400 272 112 Apr.
700 8400 68 92 2
780 8400 40 92 1
852 8472 16 40 ,
936 8400 336 112 1927;
1340 8400 164 100 2c.
1572 8404 224 92 and
1864 8404 192 96 aff.
2120 8404 272 116 Apr.
2456 8408 196 108 27;
2724 8404 96 96 A
2888 8404 344 96 97288
3236 8412 128 108 3;
3440 8412 616 108 Harcourt,
4128 8420 368 92 Brace
4568 8420 88 92 &
4720 8400 288 120 co.,

340 8532 212 96 inc.
724 8532 668 120 (27-11834)
4432 8548 280 104 4355

176 8752 524 152 Slaten,
776 8756 556 128 Arthur
1404 8760 804 152 Wakefield,
2296 8772 404 120 1880-

344 8940 500 132 Words
912 8940 156 128 of
1136 8940 796 168 aspiration,
1996 8944 184 168 by
2244 8948 536 128 Arthur
2848 8952 488 128 Wakef
3324 8952 56 124 i
3388 9000 64 80 e
3460 8956 48 124 l
3516 8956 84 128 d
3680 8952 96 136 S
3784 8956 48 128 l
3840 8972 308 116 aten
4220 8948 80 148 …
4552 8964 368 160 [New

188 9120 388 128 York
564 9164 44 96 ]
688 9124 376 128 Priv.
1128 9124 416 164 print.
1620 9132 56 108 [
1664 9124 176 168 by
1896 9128 216 132 W.
2176 9132 160 124 E.
2404 9128 572 168 Rudge]
3016 9136 356 128 1927.

356 9312 60 96 5
424 9312 60 96 5
492 9388 24 44 ,
588 9360 28 76 [
620 9316 100 120 1]
788 9344 104 88 p.
1032 9312 756 124 22½ͨͫ
1356 9388 32 32 .

196 9464 120 112 ©
400 9484 268 108 Apr.
752 9484 164 112 17,
1000 9484 276 96 1927
1296 9496 32 80 ;
1424 9484 64 92 2
1492 9500 56 76 c
1564 9564 20 20 .
1668 9492 228 96 and
1984 9488 192 100 aff.
2264 9492 272 112 May
2616 9492 200 112 19;
2904 9496 96 96 A
3080 9496 340 104 97674
3428 9500 68 92 0
3532 9528 20 84 ;
3644 9504 128 100 A.
3860 9496 168 108 W.
4124 9508 428 116 Slaten,
4640 9512 280 92 New

352 9616 344 104 York.
864 9620 660 116 (27-12094)
4440 9640 284 104 4356

2456 9760 232 120 663
