5968 10284
768 868 472 148 Owen,
1312 860 372 132 John
1692 944 168 12 —
1868 860 776 132 Continued

936 1064 840 112 Bibliography
1816 1088 20 68 :
1908 1088 100 72 v.
2072 1060 96 112 2,
2236 1088 104 88 p.
2404 1060 204 96 327
2612 1112 68 12 –
2684 1056 240 96 333.

776 1176 120 108 ©
972 1196 172 96 No
1156 1224 68 68 v
1236 1276 20 20 .
1324 1196 56 92 1
1396 1268 24 44 ,
1492 1196 336 108 1927;
1900 1196 68 88 2
1976 1220 56 68 c
2044 1272 20 20 .
2136 1216 200 72 eac
2344 1192 72 92 h
2488 1192 228 92 and
2788 1216 60 68 a
2864 1192 36 88 f
2896 1188 92 104 f.
3060 1192 96 92 N
3168 1216 140 68 ov
3320 1268 20 20 .
3412 1188 196 112 12;
3688 1188 100 92 A
3856 1188 140 96 10
3996 1188 56 92 1
4064 1188 140 96 30
4208 1188 196 112 79;
4484 1188 516 96 William
5076 1188 132 100 R.
5288 1188 152 100 Co
5452 1212 60 72 e
5520 1264 20 44 ,

936 1336 280 92 New
1288 1332 348 96 York.
1804 1328 672 116 (27-23804)
4984 1320 356 104 10287

772 1480 296 152 Pag
1080 1480 72 128 é
1160 1580 32 52 ,
1268 1480 492 128 Victor
1828 1476 648 148 Wilfred,
2560 1484 312 116 1885
2884 1552 84 20 –

940 1660 580 128 Modern
1636 1652 652 164 aircraft;
2404 1656 372 124 basic
2888 1652 788 164 principles,
3788 1652 752 164 operation,
4664 1648 888 168 application,

776 1840 964 164 construction,
1824 1840 500 164 repair,
2404 1840 1008 164 maintenance;
3504 1884 76 80 a
3668 1840 700 164 complete,
4456 1840 660 164 practical
5200 1852 348 116 trea-

780 2032 248 128 tise
1092 2028 696 164 outlining
1860 2028 504 164 clearly
2432 2028 228 124 the
2732 2024 640 128 elements
3444 2024 156 128 of
3676 2020 924 132 aeronautical
4672 2020 884 172 engineering

776 2216 336 128 with
1176 2212 508 168 special
1752 2208 688 132 reference
2504 2228 144 108 to
2708 2208 744 168 simplified
3520 2208 956 164 explanations
4548 2204 156 132 of
4768 2212 232 128 the
5068 2208 484 172 theory

772 2400 156 128 of
1020 2400 444 164 flight,
1568 2396 1028 168 aerodynamics
2696 2396 272 128 and
3068 2396 372 128 basic
3540 2396 748 164 principles
4392 2392 832 172 underlying
5320 2396 232 132 the

776 2584 452 132 action
1300 2584 156 128 of
1520 2584 620 128 balloons
2216 2584 272 128 and
2560 2584 692 164 airplanes
3332 2576 156 132 of
3560 2580 192 128 all
3824 2596 432 152 types.
4416 2580 144 128 A
4624 2576 360 132 book
5056 2580 228 132 for
5364 2584 188 128 all

776 2772 616 128 students
1472 2768 160 128 of
1712 2764 588 132 aircraft
2400 2776 80 144 …
2712 2768 212 164 By
3012 2768 236 124 Ma
3260 2764 44 168 j
3320 2812 160 84 or
3556 2764 488 136 Victor
4120 2768 224 132 W.
4428 2768 300 168 Pag
4716 2772 84 120 é
4876 2776 80 144 …
5216 2768 332 132 New

780 2956 428 160 York,
1276 2956 292 124 The
1632 2956 616 124 Norman
2312 2956 220 128 W.
2596 2956 544 160 Henley
3212 2952 804 168 publishing
4080 2996 716 124 company,
4872 2956 364 128 1927.

948 3176 72 68 x
1028 3148 112 100 vi
1152 3224 24 36 ,
1236 3148 208 100 855
1496 3176 104 88 p.
1664 3144 268 100 incl.
1988 3144 356 100 front.
2412 3144 416 116 (port.)
2904 3144 344 116 illus.,
3312 3144 432 116 diagrs.
3884 3148 720 104 24½ͨͫ
4208 3180 24 56 .

832 3284 72 112 ©
976 3288 104 100 N
1088 3312 64 72 o
1164 3312 100 72 v.
1344 3288 96 112 5,
1532 3284 328 112 1927;
1944 3284 164 96 2c.
2188 3284 228 96 and
2500 3284 200 100 aff.
2780 3284 284 96 Nov.
3144 3284 196 108 11;
3428 3284 96 92 A
3608 3280 544 116 1010315;
4240 3284 516 96 Norman
4844 3284 168 100 W.
5096 3288 444 116 Henley

936 3424 260 112 pub.
1268 3444 128 72 co
1412 3496 20 20 .
1608 3416 672 120 (27-23765)
4980 3416 352 104 10288

760 3548 356 124 Pata
1128 3548 88 124 ñ
1228 3548 300 152 jali.

932 3736 300 124 The
1308 3732 368 168 light
1760 3732 156 128 of
2004 3732 224 128 the
2320 3732 336 160 soul,
2744 3732 176 128 its
3008 3732 512 128 science
3612 3732 268 128 and
3976 3728 456 164 effect;
4536 3776 72 84 a
4704 3732 840 164 paraphrase

764 3924 156 124 of
1008 3924 228 124 the
1336 3920 396 164 Yoga
1828 3928 448 120 sutras
2368 3916 156 128 of
2616 3916 712 164 Patanjali
3424 3916 340 128 with
3856 3928 928 156 commentary
4880 3916 176 168 by
5152 3920 392 128 Alice

764 4108 168 128 A.
1008 4108 492 164 Bailey
1576 4112 84 144 …
1912 4116 204 120 1st
2180 4104 208 132 ed.
2564 4108 332 128 New
2976 4104 432 164 York,
3476 4100 404 132 Lucis
3960 4104 804 168 publishing
4832 4148 668 128 company
5504 4156 36 92 ,

772 4296 356 132 1927.

924 4492 280 116 xvii,
1272 4488 216 100 428
1548 4516 108 92 p.
1792 4488 716 116 19½ͨͫ.

928 4624 836 120 Bibliography
1804 4648 32 76 :
1908 4652 108 92 p.
2088 4624 280 104 xvii.

776 4736 120 108 ©
968 4768 280 96 Nov.
1312 4768 96 112 1,
1476 4764 340 112 1927;
1884 4764 164 100 2c.
2116 4768 228 92 and
2412 4792 64 68 a
2488 4760 124 104 ff.
2680 4764 280 100 Nov.
3024 4764 132 112 4;
3228 4764 104 92 A
3396 4768 60 88 1
3464 4760 72 96 0
3540 4764 56 92 1
3608 4760 72 100 0
3680 4764 56 92 1
3748 4764 132 96 65
3924 4788 20 88 ;
4020 4764 324 104 Alice
4412 4764 128 100 A.
4612 4764 444 116 Bailey,
5132 4764 408 120 Ridge-

932 4904 268 92 field
1276 4904 344 108 Park,
1696 4904 136 92 N.
1912 4900 104 96 J.
2188 4900 672 112 (27-23703)
4980 4896 352 104 10289

764 5024 436 156 Platt,
1268 5024 888 128 Rutherford
2224 5024 532 152 Hayes,
2828 5032 324 120 1894
3156 5100 84 16 –
3752 5024 204 128 ed.

932 5212 292 132 The
1324 5212 356 128 book
1784 5212 156 124 of
2040 5208 1076 168 opportunities;
3228 5212 372 124 what
3708 5216 324 120 3000
4132 5212 736 128 American
4976 5260 560 120 occupa-

764 5400 360 128 tions
1208 5404 344 124 have
1636 5416 144 112 to
1864 5396 380 168 offer,
2332 5400 456 128 edited
2876 5400 180 160 by
3140 5396 860 128 Rutherford
4092 5396 184 128 H.
4368 5404 428 160 Platt,
4884 5400 212 168 jr.,
5188 5444 348 84 asso-

764 5588 344 128 ciate
1176 5588 444 128 editor
1684 5588 600 124 Rebecca
2352 5588 156 124 T.
2584 5588 740 160 Farnham,
3396 5584 912 128 illustrations
4384 5588 176 164 by
4628 5588 168 124 A.
4868 5588 176 128 A.
5112 5592 424 128 Wall-

764 5820 376 120 gren,
1248 5772 452 168 jacket
1808 5772 652 168 designed
2564 5772 180 164 by
2856 5772 396 164 Tony
3364 5768 396 172 Sarg.
3936 5772 332 128 New
4384 5776 424 164 York,
4920 5776 620 164 London,

764 5964 164 132 G.
1004 5968 156 124 P.
1236 5960 708 132 Putnam's
2016 6000 352 124 sons,
2444 5960 356 128 1927.

932 6164 60 96 3
1068 6188 108 92 p.
1248 6164 36 92 l
1296 6232 56 44 .,
1428 6160 132 92 iii
1564 6212 56 16 –
1636 6160 156 116 xi,
1868 6160 208 100 477
2156 6184 100 92 p.
2432 6156 396 116 front.,
2908 6160 412 116 plates.
3460 6156 752 116 19½ͨͫ.
4084 6156 312 120 $3.00

932 6296 560 100 Contains
1564 6292 940 116 bibliographies.

772 6420 124 116 ©
968 6432 244 100 Oct.
1276 6436 92 112 7,
1436 6432 340 112 1927;
1840 6432 164 96 2c.
2076 6432 244 96 Oct.
2384 6432 124 112 8;
2584 6428 196 100 aff.
2844 6432 284 96 Nov.
3196 6432 56 96 5
3296 6456 24 88 ;
3392 6428 96 96 A
3552 6432 56 92 1
3620 6428 140 100 00
3760 6432 340 112 4976;
4176 6432 132 100 R.
4372 6432 144 96 H.
4588 6432 352 120 Platt,
5004 6432 184 116 jr.,
5252 6436 280 96 New

932 6568 348 96 York.
1444 6564 672 120 (27-23841)
4976 6564 356 100 10290

760 6692 444 152 Price,
1276 6688 436 156 Hugh
1776 6688 500 152 Bruce,
2348 6688 200 132 ed.

932 6880 288 128 The
1308 6876 780 168 marketing
2176 6876 152 128 of
2420 6876 368 124 farm
2876 6880 716 156 products;
3688 6876 512 128 studies
4284 6880 144 120 in
4516 6880 224 128 the
4828 6880 700 164 organiza-

764 7068 296 124 tion
1120 7064 152 128 of
1332 7068 228 124 the
1620 7068 340 124 twin
2024 7064 380 128 cities
2468 7064 568 160 market,
3104 7064 456 124 edited
3620 7064 180 164 by
3864 7064 184 124 H.
4124 7068 440 124 Bruce
4632 7068 436 160 Price,
5268 7068 152 144 PH.
5416 7096 72 88 D
5504 7168 24 24 .

764 7252 964 164 Minneapolis,
1800 7252 292 124 The
2164 7252 808 160 University
3044 7248 156 128 of
3268 7248 776 128 Minnesota
4116 7292 376 120 press
4604 7252 432 160 [ͨ1927]

928 7448 200 116 xii,
1208 7448 208 96 435
1492 7472 104 92 p.
1740 7472 360 92 maps,
2184 7444 428 120 diagrs.
2756 7448 648 108 21ͨͫ.

936 7588 312 96 "The
1336 7584 448 100 studies
1868 7584 296 96 have
2248 7584 288 96 been
2616 7584 564 116 prepared
3272 7584 144 112 by
3504 7584 200 96 the
3788 7584 456 112 faculty
4332 7588 228 92 and
4644 7588 572 112 graduate
5300 7592 228 92 stu-

764 7724 340 92 dents
1196 7720 116 96 in
1408 7720 768 112 agricultural
2272 7716 640 100 economics
3012 7764 28 72 [
3048 7716 228 100 Uni
3284 7744 68 72 v
3360 7716 232 100 ersi
3604 7724 44 92 t
3656 7744 72 88 y
3820 7720 120 96 of
4036 7716 452 100 Minnes
4500 7744 60 72 o
4572 7720 188 108 ta]
4744 7720 56 40 "
4808 7720 456 100 —Pref.

936 7856 768 96 "References
1776 7856 196 96 for
2044 7852 552 116 reading"
2676 7856 128 96 at
2876 7856 220 96 end
3176 7852 124 100 of
3376 7856 284 96 each
3740 7856 516 112 chapter.

772 7964 120 108 ©
964 7996 280 108 July
1308 7996 96 112 1,
1464 7992 336 112 1927;
1868 7992 164 96 2c.
2100 7992 244 96 Oct.
2408 7984 192 100 17;
2676 7988 200 100 aff.
2944 7992 244 96 Oct.
3256 7992 56 92 1
3324 7988 60 96 5
3428 8016 24 88 ;
3524 7992 96 92 A
3688 7996 52 88 1
3756 7988 72 96 0
3832 7992 48 92 1
3896 7992 68 92 0
3964 7992 64 92 2
4036 7992 60 92 9
4104 7996 64 92 7
4196 8000 32 80 ;
4312 7992 672 116 University
5052 7996 124 88 of
5248 7992 280 92 Min-

932 8136 76 76 n
1016 8132 320 88 esota
1408 8148 360 92 press.
1936 8128 672 112 (27-23839)
4952 8124 348 100 10291

764 8252 748 124 Rosebank
1584 8252 244 124 fur
1900 8252 508 144 farms,
2484 8248 256 128 ltd.

936 8436 632 128 Detailed
1656 8436 328 164 plan
2068 8436 156 128 of
2304 8436 708 164 operation
3100 8436 268 124 and
3456 8436 880 156 explanation
4428 8436 152 120 of
4660 8448 604 116 contract
5348 8432 176 164 by

776 8616 224 128 the
1092 8620 720 124 Rosebank
1912 8616 232 128 fur
2248 8620 472 160 farms,
2816 8620 576 160 limited,
3492 8664 172 80 on
3764 8620 912 160 co-operative
4776 8620 412 124 silver
5284 8616 240 128 fox

780 8804 644 164 farming.
1648 8800 116 128 C
1764 8804 1004 160 harlottetown,
2904 8800 496 128 Prince
3528 8804 608 124 Edward
4272 8808 516 156 Island,
4924 8804 600 156 Canada,

776 8988 712 124 Rosebank
1564 8984 232 124 fur
1876 8988 472 160 farms,
2420 8988 536 124 limited
3044 8984 408 136 [1927]

932 9180 168 116 19,
1176 9228 20 68 [
1212 9180 92 120 1
1280 9224 24 76 ]
1376 9204 104 88 p.
1632 9180 208 96 illu
1852 9204 88 72 s.
2076 9180 64 96 3
2148 9180 608 120 1ͨͫ
2336 9256 20 24 .

776 9284 124 112 ©
964 9316 56 92 1
1020 9324 104 88 c.
1192 9312 244 100 Oct.
1496 9316 92 112 7,
1656 9312 336 116 1927;
2064 9316 96 100 A
2224 9316 144 100 ad
2432 9316 212 100 int.
2708 9316 56 96 1
2776 9316 72 96 0
2848 9316 132 92 12
2988 9316 68 96 0
3092 9340 24 88 ;
3184 9316 340 116 pubd.
3596 9316 308 120 Sept.
3972 9316 124 116 1;
4168 9316 100 96 R
4280 9316 504 104 osebank
4848 9316 200 96 fur
5116 9312 400 112 farms,

932 9448 40 100 l
984 9452 156 100 td.
4968 9448 52 96 1
5036 9444 60 108 0
5112 9444 64 100 2
5184 9444 136 112 92

2992 9584 328 128 1534
