5984 10352
4956 640 208 100 261

404 1012 1080 156 Hollingworth,
1552 1012 484 148 Harry
2100 1008 388 148 Levi,
2564 1012 236 120 188
2808 1016 76 112 0
2888 1084 84 12 –

564 1200 528 132 Mental
1160 1196 540 168 growth
1768 1196 272 124 and
2108 1192 588 160 decline;
2776 1236 76 80 a
2920 1232 492 120 survey
3480 1184 156 132 of
3700 1184 1096 168 developmental
4868 1228 304 124 psy-

404 1392 616 160 chology,
1104 1388 180 160 by
1364 1384 188 124 H.
1640 1384 156 124 L.
1880 1376 1044 168 Hollingworth
3000 1404 84 132 …
3348 1376 332 124 New
3772 1372 432 164 York,
4292 1372 624 164 London,
5000 1376 172 120 D.

400 1572 704 164 Appleton
1164 1568 272 128 and
1500 1608 712 120 company,
2276 1560 364 132 1927.

564 1792 76 68 x
648 1764 40 96 i
692 1764 40 96 i
788 1788 136 92 p.,
984 1764 60 96 1
1104 1764 40 92 l
1156 1836 52 44 .,
1268 1764 64 96 3
1344 1760 136 96 96
1532 1784 108 92 p.
1776 1760 344 112 illus.,
2184 1756 432 116 diagrs.
2756 1760 684 116 21ͨͫ.

568 1928 996 116 Bibliographical
1628 1924 668 96 foot-notes.

408 2076 128 120 ©
600 2100 264 96 Jan.
920 2100 168 112 12,
1148 2096 340 112 1927;
1548 2096 168 92 2c.
1776 2096 228 92 and
2068 2092 200 96 aff.
2332 2092 264 96 Jan.
2660 2092 196 112 14;
2924 2092 100 92 A
3084 2088 140 96 96
3224 2092 60 92 3
3296 2092 268 112 127;
3636 2092 136 96 D.
3832 2088 576 120 Appleton
4476 2088 88 96 &
4620 2116 164 72 co.

592 2232 192 116 (27
784 2284 76 12 –
864 2228 328 116 1506)
4772 2220 208 100 256

408 2460 612 148 Hopper,
1088 2460 204 120 De
1360 2452 420 152 Wolf,
1852 2460 320 116 1858
2176 2528 84 16 –

588 2640 368 132 Once
1048 2688 72 76 a
1212 2640 472 160 clown,
1780 2640 508 160 always
2384 2680 72 80 a
2552 2636 500 128 clown:
3144 2632 1020 132 reminiscences
4252 2632 160 128 of
4496 2636 208 124 De
4788 2628 396 136 Wolf

416 2832 620 160 Hopper,
1124 2828 548 124 written
1760 2824 144 124 in
1988 2820 988 132 collaboration
3060 2820 336 128 with
3480 2820 544 168 Wesley
4100 2820 584 132 Winans
4780 2816 404 136 Stout

580 3028 84 132 …
748 3016 556 156 Boston,
1368 3012 468 160 Little,
1900 3012 552 160 Brown,
2516 3012 272 124 and
2856 3052 708 120 company,
3636 3004 360 132 1927.

572 3244 76 72 x
660 3292 20 40 ,
740 3216 208 96 238
1004 3244 108 88 p.
1248 3216 396 112 front.,
1708 3212 412 116 plates,
2180 3216 364 108 ports.
2680 3208 648 120 21½ͨͫ.

416 3368 120 116 ©
628 3380 268 96 Jan.
972 3380 100 112 3,
1152 3376 336 112 1927;
1572 3372 168 100 2c.
1816 3376 232 92 and
2132 3396 68 68 a
2208 3368 52 96 f
2248 3368 84 100 f.
2416 3372 268 96 Jan.
2768 3368 196 116 11;
3048 3368 104 96 A
3232 3368 480 116 963219;
3804 3376 172 88 De
4060 3372 172 96 W.
4316 3372 508 116 Hopper,
4908 3372 284 100 New

572 3512 348 96 York.
1084 3508 192 120 (27
1276 3564 76 12 –
1356 3504 332 116 1696)
4772 3500 216 108 257

408 3736 628 152 Hornby,
1116 3736 504 124 Lester
1704 3728 584 156 George,
2384 3736 320 120 1882
2708 3808 84 12 –

576 3920 544 128 Balkan
1196 3920 672 156 sketches;
1960 3960 176 80 an
2216 3916 512 124 artist's
2808 3912 872 168 wanderings
3760 3916 144 124 in
3988 3916 228 128 the
4292 3912 664 168 kingdom
5036 3916 160 124 of

416 4112 224 128 the
748 4108 444 160 Serbs,
1300 4108 180 160 by
1588 4104 472 124 Lester
2168 4100 168 132 G.
2448 4100 632 164 Hornby,
3188 4100 340 128 with
3640 4100 916 128 illustrations
4664 4100 184 164 by
4960 4100 236 128 the

408 4296 536 128 author.
1100 4292 560 156 Boston,
1724 4288 468 160 Little,
2264 4288 552 160 Brown,
2888 4288 272 124 and
3228 4328 716 124 company,
4024 4292 360 120 1926.

580 4484 64 100 5
708 4516 108 88 p.
884 4488 40 92 l
936 4560 56 40 .,
1064 4484 164 96 vii
1228 4540 76 8 –
1304 4492 148 88 xv
1468 4556 20 40 ,
1564 4484 240 112 222,
1888 4528 28 72 [
1924 4480 60 92 1
1992 4528 28 68 ]
2096 4508 108 88 p.
2276 4480 120 96 in
2404 4508 60 68 c
2468 4484 68 88 l.
2612 4480 40 92 i
2660 4484 88 88 ll
2756 4504 204 92 us.,
3036 4484 420 112 plates.
3592 4480 396 116 front.,
4072 4480 204 96 col.
4352 4484 420 112 plates.
4908 4484 684 112 26ͨͫ.

588 4652 336 96 "Two
1008 4652 532 96 hundred
1628 4652 232 92 and
1940 4648 588 112 sixty-five
2616 4644 384 120 copies
3084 4648 128 96 of
3300 4648 236 100 this
3628 4648 432 116 special
4148 4648 444 100 edition
4652 4652 68 108 …
4896 4652 300 96 have

416 4792 280 92 been
780 4784 468 120 printed
1336 4788 232 92 and
1660 4812 204 68 are
1948 4784 584 96 inscribed
2616 4784 152 112 by
2856 4784 200 96 the
3144 4784 532 96 author."
3824 4784 284 96 This
4200 4808 288 92 copy
4580 4792 204 92 not
4872 4812 324 68 num-

412 4924 380 96 bered.

584 5060 336 112 Maps
980 5084 144 68 on
1188 5052 872 120 lining-papers.

420 5216 128 116 ©
632 5228 268 96 Dec.
976 5228 168 112 14,
1224 5224 340 112 1926;
1644 5228 168 92 2c.
1892 5224 228 96 and
2200 5220 200 100 aff.
2484 5224 264 96 Jan.
2824 5228 168 112 14,
3080 5220 340 120 1927;
3508 5228 100 88 A
3684 5224 140 100 96
3828 5228 64 96 3
3900 5228 268 112 158;
4260 5224 392 116 Little,
4736 5228 460 116 Brown,

584 5360 232 96 and
876 5384 168 72 co.
1208 5360 604 112 (27-1364)
4784 5356 212 104 258

416 5588 604 148 Horner,
1096 5580 588 136 Charles
1752 5584 632 152 Francis,
2456 5580 320 128 1878
2780 5660 88 16 –

596 5776 288 124 The
992 5768 256 128 life
1356 5768 152 128 of
1612 5772 464 128 James
2180 5772 648 160 Redpath
2936 5772 272 124 and
3316 5772 228 124 the
3652 5772 952 164 development
4704 5772 156 124 of
4964 5776 232 124 the

428 5960 564 124 modern
1064 5956 48 124 l
1120 6000 88 120 y
1212 6000 68 84 c
1288 6004 68 80 e
1360 6000 84 80 u
1456 6000 176 116 m,
1708 5956 184 164 by
1972 5952 568 132 Charles
2612 5956 116 124 F
2748 6056 24 24 .
2852 5956 552 128 Horner
3504 5980 84 128 …
3804 5960 332 124 New
4220 5956 428 164 York,
4724 5960 172 128 N.
4976 5960 140 128 Y
5124 6056 72 68 .,

428 6144 624 160 Newark,
1116 6144 164 124 N.
1344 6144 176 160 J.,
1588 6144 424 124 Barse
2076 6148 112 120 &
2244 6144 648 160 Hopkins
2968 6148 152 144 [ͨ
3068 6148 320 120 1926
3400 6220 32 80 ]

596 6344 64 96 6
720 6368 108 92 p.
892 6344 104 112 1.,
1056 6336 240 120 301,
1364 6384 28 76 [
1396 6340 92 100 1]
1564 6364 108 92 p.
1808 6336 56 96 f
1872 6364 56 68 r
1936 6364 64 72 o
2004 6348 200 108 nt.,
2264 6340 412 116 plates,
2748 6344 360 112 ports.
3248 6336 680 116 20½ͨͫ.

428 6484 124 120 ©
620 6508 268 96 Dec.
944 6504 172 116 20,
1176 6504 340 116 1926;
1584 6508 64 92 2
1652 6512 56 76 c
1728 6580 16 20 .
1808 6508 228 92 and
2100 6504 200 96 aff.
2368 6504 264 100 Jan.
2692 6504 164 116 19,
2924 6504 340 116 1927;
3332 6504 100 96 A
3492 6504 136 96 96
3636 6508 64 96 3
3704 6508 272 116 214;
4044 6508 372 96 Barse
4480 6508 88 96 &
4636 6504 564 120 Hopkins.

612 6640 600 116 (27–1674)
4788 6640 212 104 259

432 6872 56 124 I
500 6868 524 128 ndiana
1104 6868 376 124 three
1552 6864 144 124 in
1776 6912 248 76 one
2096 6864 544 160 service,
2720 6908 76 80 a
2876 6864 536 124 cumula
3420 6876 60 112 t
3488 6864 212 128 ive
3776 6864 508 128 service
4360 6868 444 128 which
4884 6912 312 120 sup-

588 7060 664 160 plements
1316 7056 236 124 the
1616 7052 556 168 digests,
2236 7064 572 116 statutes
2880 7048 272 128 and
3216 7064 384 116 notes
3664 7064 140 116 to
3872 7052 596 128 Indiana
4540 7052 664 128 decisions

740 7236 80 148 …
900 7240 700 160 Prepared
1656 7240 184 160 by
1904 7240 228 124 the
2196 7236 812 164 publishers'
3076 7232 644 132 editorial
3780 7232 264 132 staf
4044 7232 56 120 f
4116 7336 28 28 .
4304 7240 324 124 1926
4700 7240 504 124 annual

588 7424 576 128 volume.
1320 7420 1000 164 Indianapolis,
2384 7424 296 124 The
2752 7420 1068 128 Bobbs-Merrill
3892 7460 672 128 company
4660 7416 440 152 [ͨ1926]

592 7620 60 92 1
716 7640 104 92 p.
880 7620 40 92 l
932 7688 56 44 .,
1052 7616 200 96 557
1312 7640 108 92 p.
1556 7612 68 96 2
1632 7612 608 112 6ͨͫ
1816 7692 24 24 .

436 7744 124 116 ©
628 7756 272 96 Dec.
968 7748 168 120 30,
1204 7748 340 116 1926;
1616 7748 164 96 2c.
1852 7748 268 96 Jan.
2188 7748 92 116 8,
2352 7748 340 116 1927;
2772 7748 196 96 aff.
3044 7748 260 96 Jan.
3380 7748 128 116 6;
3588 7748 100 96 A
3756 7748 68 96 9
3832 7744 60 100 5
3900 7748 340 116 8699;
4324 7748 884 100 Bobbs-Merrill

596 7908 168 76 co.
4792 7880 216 104 260

432 8104 528 152 Jacobi,
1040 8104 728 128 Friedrich
1840 8104 724 152 Heinrich,
2640 8104 320 124 1743
2964 8184 88 12 –
3060 8112 360 116 1819.

608 8296 264 120 Die
960 8288 676 128 schriften
1724 8292 724 124 Friedrich
2536 8292 676 124 Heinrich
3304 8292 596 128 Jacobi's
3992 8296 144 124 in
4228 8296 612 124 auswahl
4928 8296 280 124 und

444 8480 252 124 mit
804 8480 364 124 einer
1276 8480 756 160 einleitung
2140 8480 368 160 hrsg.
2624 8520 264 80 von
3000 8480 272 124 Leo
3384 8480 708 124 Matthias.
4316 8480 516 160 Berlin,
4948 8480 264 128 Die

452 8664 752 152 Schmiede,
1284 8668 360 124 1926.

612 8864 236 112 227,
908 8904 24 76 [
944 8864 60 88 1
1016 8904 24 72 ]
1096 8888 104 88 p.
1340 8860 360 96 front.
1768 8860 412 116 (port.)
2340 8860 136 96 19
2560 8864 76 104 ×
2668 8864 676 104 11ͨͫ

620 9000 288 96 "Die
980 8996 572 96 schriften
1632 8996 604 96 Friedrich
2320 8996 560 96 Heinrich
2964 8996 468 96 Jacobis
3512 9000 184 92 die
3772 9000 56 92 f
3828 8992 84 88 U
3920 9024 52 64 r
4060 8988 312 104 diese
4448 9000 508 108 ausgabe
5036 9000 176 92 be-

448 9140 332 92 nutzt
828 9132 544 96 wurden"
1416 9160 28 68 :
1516 9160 108 88 p.
1672 9132 240 96 223.

620 9268 1076 116 "Bibliographie":
1768 9296 108 88 p.
1924 9272 240 96 227.

452 9376 124 108 ©
648 9404 296 116 Aug.
1012 9404 168 112 13,
1256 9404 204 96 192
1468 9404 64 92 6
1572 9432 24 84 ;
1676 9408 164 92 1c.
1912 9404 268 96 Dec.
2256 9404 128 112 3;
2464 9400 100 92 A
2564 9456 112 12 —
2712 9400 500 116 Foreign
3280 9404 64 96 3
3356 9400 128 100 28
3492 9400 64 96 3
3564 9400 128 112 8;
3776 9404 428 112 Verlag
4276 9400 220 96 Die
4580 9396 636 104 Schmiede.

636 9540 192 116 (27
824 9592 56 12 –
884 9536 352 116 4414)
4804 9528 208 104 261

2756 9672 156 116 39
