5984 10352
4944 696 212 100 572

400 1068 412 144 Hart,
896 1056 528 156 Joseph
1500 1056 684 128 Kinmont
2188 1132 184 20 —
2384 1056 772 128 Continued

568 1260 564 96 "General
1200 1252 944 120 bibliography":
2216 1280 108 92 p.
2388 1256 208 96 337
2596 1308 72 12 –
2668 1252 268 116 338;
3016 1248 728 120 "Readings"
3816 1256 128 96 at
4000 1256 224 100 end
4292 1252 128 100 of
4484 1252 288 104 each
4836 1256 344 120 chap-

404 1408 172 88 ter
636 1396 408 116 except
1104 1392 204 100 the
1360 1392 276 100 last.

404 1512 120 108 ©
592 1532 260 96 Jan.
912 1532 168 108 21,
1136 1528 340 112 1927;
1536 1528 160 92 2c.
1756 1532 228 88 and
2044 1552 56 68 a
2112 1528 40 88 f
2152 1524 88 96 f.
2300 1528 264 92 Jan.
2624 1524 196 116 26;
2884 1524 100 92 A
3040 1524 68 96 9
3116 1524 132 92 58
3252 1524 136 96 89
3396 1528 68 92 6
3496 1548 24 88 ;
3588 1528 504 92 Thomas
4152 1532 88 88 Y
4260 1604 20 16 .
4344 1524 332 96 Crow
4688 1528 148 92 ell
4896 1552 160 68 co.

596 1664 596 120 (27-2465)
4764 1660 212 100 567

400 1896 656 144 Hawkes,
1132 1892 712 144 Clarence,
1928 1896 320 116 1869
2252 1968 80 12 –

576 2080 672 152 Redcoat;
1352 2076 232 124 the
1680 2072 664 164 phantom
2444 2068 68 128 f
2516 2116 212 116 ox,
2824 2072 184 160 by
3104 2068 648 132 Clarence
3844 2072 600 128 Hawkes
4552 2080 84 136 …
4800 2076 100 120 il
4908 2076 48 120 l
4964 2116 208 84 us-

408 2264 448 124 trated
916 2264 184 160 by
1164 2256 568 132 Charles
1788 2260 828 164 Livingston
2680 2260 364 120 Bull.
3200 2256 892 168 Springfield,
4148 2256 456 164 Mass.,
4668 2260 500 128 Milton

408 2448 600 164 Bradley
1072 2488 672 120 company
1832 2440 444 164 [ͨ1927]

564 2648 68 100 8
688 2672 104 88 p.
856 2648 40 88 l
904 2720 52 40 .,
1020 2644 208 96 238
1288 2668 104 92 p.
1524 2640 388 116 front.,
1976 2644 416 116 plates.
2524 2640 616 120 19ͨͫ.

408 2776 124 112 ©
596 2784 264 92 Jan.
920 2780 160 112 27,
1152 2776 200 96 192
1360 2784 60 88 7
1464 2804 20 88 ;
1548 2776 160 104 2c.
1772 2780 260 92 Jan.
2096 2776 196 112 31;
2360 2800 56 72 a
2436 2776 120 96 ff.
2620 2776 268 96 Feb.
2948 2776 124 116 3;
3136 2776 100 96 A
3296 2776 476 116 963415;
3844 2776 420 96 Milton
4328 2784 512 108 Bradley
4896 2804 164 72 co.

596 2916 596 120 (27-2588)
4768 2912 60 100 5
4844 2912 132 96 68

404 3144 456 148 Heim,
936 3144 364 124 Fred
1364 3144 128 124 J.

572 3328 968 164 Digest-index
1608 3324 152 128 of
1828 3328 364 124 Ohio
2256 3328 708 160 decisions,
3024 3328 180 160 by
3272 3328 364 124 Fred
3696 3328 136 128 J.
3900 3328 420 124 Heim
4336 3328 76 144 …
4616 3328 568 124 assisted

408 3516 176 164 by
664 3512 472 128 Frank
1212 3512 112 128 I.
1404 3512 512 164 Hogan
2000 3532 88 128 …
2236 3512 268 124 and
2584 3508 484 132 Justus
3144 3512 184 124 H.
3408 3512 540 128 Jordan
4032 3540 88 128 …
4348 3512 836 164 Cincinnati,

404 3704 288 120 The
756 3700 364 132 Ohio
1184 3700 496 160 Valley
1740 3700 260 124 law
2064 3696 356 128 book
2480 3740 184 84 co.
2764 3700 404 144 [ͨ1927
3180 3776 32 84 ]

560 3928 272 88 xxx,
904 3900 308 112 3365,
1284 3896 168 116 27,
1536 3896 96 100 [8
1632 3916 28 80 ]
1740 3920 100 92 p.
1984 3896 720 108 26½ͨͫ.

568 4036 376 96 Ruled
1008 4060 352 88 pages
1428 4032 192 96 for
1692 4028 892 100 "Memoranda"
2684 4032 120 116 (8
2872 4036 128 96 at
3068 4028 284 120 end)

568 4172 384 96 Based
1016 4196 148 68 on
1224 4172 108 92 J.
1460 4168 88 108 M.
1612 4168 500 96 Welch's
2176 4168 280 96 New
2524 4168 296 96 Ohio
2884 4168 812 116 index-digest.
3840 4168 64 88 o
3904 4168 84 120 f.
4056 4168 316 100 Pref.

572 4304 480 116 "Digest
1120 4304 128 96 of
1312 4308 164 92 all
1548 4304 196 96 the
1820 4304 536 116 reported
2428 4328 328 72 cases
2824 4304 124 96 in
3016 4304 200 96 the
3288 4304 424 100 Courts
3784 4304 128 100 of
3984 4312 404 92 record
4460 4308 128 100 of
4664 4304 292 104 Ohio
5028 4336 156 92 up

408 4448 108 92 to
584 4444 336 112 June,
988 4440 372 96 1926."
1368 4496 144 12 —
1516 4436 312 104 Pref.

412 4568 124 112 ©
600 4580 260 92 Jan.
920 4580 96 112 3,
1084 4576 336 112 1927;
1484 4576 64 92 2
1552 4596 56 76 c
1624 4652 20 20 .
1708 4580 228 92 and
2000 4576 192 96 aff.
2260 4580 260 92 Jan.
2584 4576 196 112 29;
2848 4580 100 88 A
3004 4576 68 96 9
3076 4576 132 96 58
3216 4576 264 112 974;
3556 4580 296 96 Ohio
3912 4580 412 112 Valley
4384 4584 228 92 law
4668 4584 296 92 book
5020 4604 160 76 co.

596 4712 600 116 (27-2323)
4772 4712 208 100 569

404 4940 992 148 Hesselgrave,
1464 4936 396 128 Ruth
1928 4936 648 128 Avaline.

572 5128 400 164 Lady
1052 5128 472 124 Miller
1596 5128 272 124 and
1948 5128 232 124 the
2260 5128 848 124 Batheaston
3188 5124 572 168 literary
3840 5124 444 164 circle,
4372 5128 548 128 written
5008 5132 176 164 by

412 5316 376 124 Ruth
912 5312 592 124 Avaline
1636 5316 948 164 Hesselgrave.
2804 5312 336 128 New
3268 5316 540 160 Haven,
3936 5312 356 132 Yale
4424 5312 760 168 university

412 5544 440 116 press;
932 5500 620 160 London,
1628 5496 184 128 H.
1892 5496 640 164 Milford,
2608 5496 552 132 Oxford
3236 5496 764 168 university
4080 5544 420 120 press,
4580 5500 360 128 1927.

576 5696 200 116 xii,
852 5696 136 96 93
1060 5720 104 88 p.
1300 5696 396 112 front.,
1764 5692 520 100 facsims.
2428 5692 684 112 19½ͨͫ.

584 5832 168 96 "A
816 5828 964 116 bibliographical
1852 5828 400 100 note":
2324 5856 108 88 p.
2508 5872 28 76 [
2540 5828 424 120 87]–88.

416 5944 120 108 ©
620 5968 264 96 Jan.
960 5968 164 112 21,
1212 5968 332 96 1927;
1632 5968 160 96 2c.
1884 5968 260 96 Jan.
2224 5968 132 96 28
2396 5992 20 88 ;
2508 5968 196 96 aff.
2792 5968 68 96 J
2868 5992 60 72 a
2948 5992 108 72 n.
3136 5968 200 112 24;
3420 5968 100 92 A
3600 5964 480 116 963327;
4168 5972 280 92 Yale
4540 5968 648 116 university

576 6128 360 92 press.
1104 6104 600 116 (27-2361)
4772 6100 208 100 570

412 6296 656 152 Heverly,
1144 6300 636 124 Clement
1860 6292 848 132 Ferdinand.

576 6484 588 164 History
1232 6480 272 132 and
1576 6484 800 164 geography
2448 6480 156 128 of
2672 6480 712 128 Bradford
3472 6480 588 168 County,
4124 6484 1064 164 Pennsylvania,

420 6676 804 156 1615–1924;
1332 6668 648 164 designed
2092 6664 224 128 for
2416 6668 232 124 the
2748 6668 468 160 public
3308 6668 524 128 schools
3936 6672 268 124 and
4304 6672 548 124 general
4956 6712 236 84 use

416 6856 176 164 by
704 6856 160 132 Cl
876 6868 440 116 ement
1428 6856 156 124 F.
1696 6856 460 124 Hever
2164 6856 48 120 l
2216 6900 92 116 y
2392 6864 88 136 …
2768 6852 784 160 [Towanda,
3652 6856 292 156 Pa.]
4068 6856 288 124 The
4472 6856 380 124 Brad
4860 6852 72 124 f
4936 6856 248 128 ord

420 7044 540 160 County
1036 7040 708 128 historical
1816 7040 508 164 society
2436 7040 436 156 [ͨ1926]

572 7268 76 68 x
660 7240 68 112 i,
792 7240 204 96 594
1064 7264 100 88 p.
1296 7240 392 108 front.,
1760 7232 308 100 illus.
2132 7232 176 120 (in
2320 7240 100 92 cl
2432 7312 24 20 .
2520 7240 396 108 ports.,
2984 7232 388 116 maps)
3524 7240 64 88 2
3600 7232 648 116 0½ͨͫ.

420 7368 120 112 ©
624 7380 260 92 Jan.
956 7376 164 108 24,
1196 7372 332 112 1927;
1608 7372 64 92 2
1680 7396 52 76 c
1752 7448 16 20 .
1848 7376 224 92 and
2152 7372 196 96 aff.
2424 7372 264 96 Jan.
2756 7368 196 112 29;
3036 7372 100 92 A
3208 7368 132 96 95
3352 7380 68 92 8
3420 7368 64 96 9
3492 7372 60 92 8
3560 7372 128 112 1;
3772 7372 592 96 Bradford
4440 7372 456 112 County
4964 7376 224 96 his-

584 7508 416 100 torical
1056 7508 464 116 society.
1688 7508 600 116 (27-2431)
4780 7504 200 100 571

416 7700 584 152 Holden,
1076 7700 608 128 Edward
1756 7696 780 152 Singleton,
2620 7704 320 116 1846
2944 7776 88 16 –
3040 7704 356 116 1914.

584 7888 292 124 The
1004 7888 640 156 sciences;
1788 7932 72 80 a
1996 7884 576 164 reading
2692 7880 356 128 book
3184 7880 224 128 for
3540 7888 684 160 children;
4372 7900 824 152 astronomy,

424 8072 584 164 physics,
1092 8072 360 160 heat,
1536 8068 404 168 light,
2028 8072 476 160 sound,
2592 8072 792 164 electricity,
3472 8072 856 164 magnetism,
4420 8072 776 168 chemistry,

424 8260 1080 164 physiography,
1576 8260 968 160 meteorology,
2620 8256 184 164 by
2884 8256 608 128 Edward
3580 8252 140 136 S.
3804 8260 592 124 Holden.
4576 8260 332 128 Rev.
4992 8264 204 124 ed.

428 8448 556 156 Boston,
1044 8444 336 128 New
1452 8444 388 124 York
1920 8456 332 148 [etc.]
2336 8440 376 132 Ginn
2780 8444 272 124 and
3120 8484 672 124 company
3884 8444 448 160 [ͨ1927]

576 8672 112 84 x,
752 8644 208 92 224
1020 8668 104 92 p.
1260 8640 340 116 illus.,
1672 8640 432 116 diagrs.
2236 8636 648 116 19ͨͫ.

428 8752 124 108 ©
616 8780 260 96 Jan.
936 8776 360 116 3,192
1308 8780 56 88 7
1408 8804 20 84 ;
1492 8768 160 104 2C.
1720 8780 224 88 and
2008 8776 192 96 aff.
2272 8780 264 88 Jan.
2592 8776 136 92 29
2752 8788 28 76 ;
2856 8776 96 92 A
3012 8772 68 96 9
3084 8776 272 92 6700
3364 8776 124 112 8;
3564 8776 300 96 Ginn
3928 8780 228 92 and
4220 8804 156 68 co.

616 8916 600 116 (27-2460)
4780 8908 212 100 572

420 9108 548 148 Horler,
1044 9104 616 152 Sydney,
1744 9112 320 116 1888
2068 9184 84 16 –

596 9296 292 124 The
984 9296 172 124 ho
1164 9336 88 80 u
1264 9336 132 84 se
1504 9288 156 128 of
1756 9304 532 148 secrets,
2384 9288 184 164 by
2676 9288 552 168 Sydney
3324 9288 232 128 Ho
3568 9336 68 80 r
3640 9292 48 120 l
3696 9336 144 80 er
3940 9304 84 144 …
4316 9288 336 128 New
4760 9288 432 164 York,

432 9480 528 164 George
1028 9480 180 120 H.
1284 9480 476 120 Doran
1824 9520 672 120 company
2584 9472 496 152 [ͨ1927]

2740 9756 160 132 87
