5968 10284
804 1056 596 144 Deaver,
1480 1052 540 152 George
2104 1052 160 124 G.
2268 1128 184 20 —
2464 1048 772 128 Continued

984 1252 664 96 "Endorsed
1760 1252 148 112 by
2016 1248 680 100 Committee
2812 1272 144 72 on
3064 1244 524 116 physical
3700 1244 860 100 examinations
4672 1248 224 96 and
5008 1252 580 112 approved

812 1388 192 96 for
1088 1384 720 120 publication
1900 1388 144 112 by
2136 1388 196 92 the
2424 1384 544 116 Physical
3068 1384 616 96 education
3780 1384 656 96 committee
4536 1384 124 96 of
4748 1384 196 96 the
5040 1384 548 100 National

808 1528 452 96 council
1320 1528 132 96 Y.
1512 1528 152 96 M.
1728 1524 124 100 C.
1908 1520 204 100 A."

816 1672 112 112 ©
1020 1696 272 116 Apr.
1368 1696 96 112 2,
1548 1696 336 112 1927;
1964 1696 164 96 2c.
2204 1692 280 116 Apr.
2564 1692 128 112 9;
2776 1692 200 96 aff.
3056 1692 268 112 Apr.
3408 1692 200 108 11;
3696 1692 96 96 A
3872 1692 476 112 972681;
4444 1692 496 96 General
5024 1692 360 96 board
5468 1696 124 96 of

980 1836 124 96 Y.
1200 1836 116 92 M
1332 1912 16 20 .
1444 1832 116 100 C.
1656 1832 260 112 A.'s,
2008 1832 280 92 New
2380 1828 348 100 York.
2896 1828 672 120 (27-11792)
5108 1824 284 100 4319

816 2056 756 148 Fairchild,
1660 2056 360 128 Fred
2104 2056 588 152 Rogers,
2792 2056 404 124 1877-
3616 2100 428 120 comp.

996 2240 684 164 Opinions
1776 2288 172 80 on
2048 2240 680 128 economic
2824 2240 748 164 problems;
3680 2284 76 84 a
3844 2240 356 128 book
4296 2240 156 128 of
4544 2240 572 128 selected
5216 2240 376 128 read-

824 2432 348 164 ings,
1224 2432 184 164 by
1464 2432 112 124 F
1592 2432 236 124 red
1888 2432 528 164 Rogers
2476 2428 712 128 Fairchild
3268 2432 84 144 …
3472 2432 272 120 and
3804 2428 464 164 Ralph
4332 2428 704 128 Theodore
5100 2428 492 164 Comp-

828 2632 52 112 t
888 2664 176 80 on
1124 2624 76 136 …
1500 2620 580 124 Printed
2180 2616 224 128 for
2492 2620 232 124 the
2816 2660 232 84 use
3144 2616 152 128 of
3392 2616 620 128 students
4104 2616 148 124 in
4348 2616 136 128 Y
4492 2620 208 124 ale
4792 2612 800 168 university.

824 2804 324 132 New
1220 2804 536 164 Haven,
1832 2804 476 164 Conn.,
2384 2800 360 132 1927.

980 3036 240 116 viii,
1288 3036 212 96 416
1564 3060 104 92 p.
1816 3036 364 116 diagr.
2324 3036 756 108 20½ͨͫ.

984 3204 152 100 CO
1152 3224 388 72 NTENT
1596 3212 60 80 S
1624 3276 20 20 .
1648 3204 1332 96 —Waste.—Problems
3072 3204 120 96 of
3280 3204 420 96 distrib
3712 3228 68 72 u
3800 3204 668 108 tion.—The
4552 3204 512 116 problem
5152 3204 124 96 of
5364 3228 236 72 eco-

816 3364 64 68 n
896 3372 60 60 o
972 3340 152 92 mi
1132 3368 56 64 c
1280 3340 1236 96 control.—Coal.—In
2608 3340 344 92 favor
3044 3340 124 96 of
3256 3340 648 112 protection
3920 3416 16 16 .
4020 3340 316 116 —Cap
4344 3340 24 92 i
4400 3340 420 96 talism.

828 3488 116 120 ©
1028 3512 272 108 May
1372 3508 164 112 14,
1616 3508 340 112 1927;
2032 3504 164 100 2c.
2276 3508 272 112 May
2620 3508 200 112 23;
2904 3504 200 100 aff.
3180 3508 272 112 May
3528 3508 200 112 21;
3808 3508 96 92 A
3984 3504 476 116 976708;
4548 3508 88 92 F
4648 3584 24 24 .
4752 3512 136 96 R.
4968 3504 632 120 Fairchild,

988 3644 860 112 Whitneyville,
1932 3620 244 124 Con
2176 3668 108 72 n.
2452 3640 668 120 (27-11942)
5116 3636 288 104 4320

828 3868 708 156 Forester,
1612 3868 104 132 C
2400 3868 140 132 S.

992 4056 368 128 Love
1444 4056 244 128 lies
1776 4056 760 168 dreaming,
2620 4056 188 168 by
2892 4052 148 132 C.
3140 4052 136 136 S.
3368 4056 676 128 Forester.
4216 4056 1008 164 Indianapolis,
5316 4056 288 128 The

832 4240 1060 132 Bobbs-Merrill
1960 4284 672 124 company
2716 4240 144 148 [ͨ
2812 4240 388 148 1927]

992 4472 64 96 3
1116 4500 104 88 p.
1276 4464 48 88 l
1328 4544 56 40 .,
1440 4468 132 96 11
1576 4524 72 12 –
1652 4468 64 96 3
1724 4468 68 96 0
1792 4468 100 116 4,
1960 4516 24 72 [
1996 4468 60 96 1
2064 4512 28 76 ]
2156 4496 108 88 p.
2408 4468 720 112 19½ͨͫ.

828 4624 120 116 ©
1028 4644 292 92 Mar.
1388 4640 164 112 16,
1624 4640 336 112 1927;
2040 4640 160 96 2c.
2272 4640 232 92 and
2576 4636 196 100 aff.
2848 4644 292 92 Mar.
3212 4640 196 112 21;
3488 4640 100 92 A
3656 4640 476 112 972060;
4212 4640 884 96 Bobbs-Merrill
5172 4668 56 68 c
5236 4668 60 64 o
5316 4720 20 16 .

1016 4772 668 120 (27-11961)
5120 4772 284 100 4321

832 5000 572 152 Gibson,
1480 5004 544 128 Walter
2092 5000 164 128 B.

992 5188 292 124 The
1356 5188 508 128 science
1944 5188 156 124 of
2168 5192 960 164 numerology;
3212 5188 372 124 what
3656 5188 640 128 numbers
4364 5236 396 76 mean
4832 5204 140 112 to
5048 5232 308 120 you,
5428 5192 176 164 by

828 5372 524 132 Walter
1416 5380 160 120 B.
1648 5372 560 132 Gibson.
2384 5372 336 128 New
2784 5372 428 164 York,
3276 5372 168 132 G.
3516 5372 472 168 Scully
4048 5380 108 120 &
4220 5416 672 124 company
4964 5380 488 144 [ͨ1927]

992 5636 108 84 x,
1172 5608 200 92 186
1440 5636 104 88 p.
1612 5592 188 108 inc
1804 5612 36 88 l
1860 5684 16 20 .
1948 5604 388 116 front.,
2404 5604 344 116 illus.,
2820 5604 368 116 diagr.
3332 5604 720 108 19½ͨͫ
3660 5684 20 20 .

836 5740 116 112 ©
1028 5780 272 108 May
1360 5772 168 116 20,
1596 5772 336 112 1927;
2000 5772 164 96 2c.
2228 5776 228 92 and
2524 5772 200 96 aff.
2792 5772 268 112 May
3128 5772 196 108 23;
3396 5768 100 96 A
3560 5772 480 116 976751;
4120 5772 440 116 George
4632 5772 320 116 Sully
5024 5772 88 96 &
5180 5800 160 68 co.

1020 5912 672 116 (27-11825)
5120 5904 292 104 4322

836 6136 536 148 Griffin,
1452 6136 468 152 Roger
2004 6132 516 152 Castle,
2604 6136 200 128 ed.

1000 6324 728 128 Technical
1816 6324 624 128 methods
2524 6320 156 128 of
2764 6324 644 164 analysis,
3496 6368 148 80 as
3728 6324 716 164 employed
4532 6324 148 124 in
4764 6324 232 128 the
5084 6320 520 132 labora-

836 6512 408 128 tories
1328 6508 152 128 of
1560 6508 544 128 Arthur
2188 6512 172 124 D.
2448 6508 472 164 Little,
3000 6512 308 160 inc.,
3396 6504 868 172 Cambridge,
4348 6508 460 168 Mass.,
4888 6508 460 132 edited
5432 6504 184 172 by

832 6696 456 168 Roger
1384 6696 460 132 Castle
1944 6696 484 132 Griffin
2484 6700 76 144 …
2864 6696 176 128 2d
3136 6696 200 128 ed.
3524 6696 340 128 New
3960 6696 392 128 York
4456 6700 52 108 [
4504 6712 128 112 et
4640 6740 68 88 c
4720 6700 144 144 .]
4900 6696 708 136 McGraw-

832 6884 308 128 Hill
1212 6884 352 128 book
1636 6928 712 120 company,
2424 6884 304 160 inc.,
2812 6880 356 132 1927.

1000 7116 280 112 xvii,
1380 7116 204 96 936
1684 7140 104 88 p.
1888 7112 40 92 i
1936 7112 140 100 nc
2080 7116 36 88 l
2132 7188 20 24 .
2256 7112 344 116 illus.,
2704 7116 408 112 tables,
3216 7108 436 120 diagrs.
3816 7116 652 108 21ͨͫ.
4264 7112 40 116 (
4320 7116 240 96 Hal
4568 7116 92 112 f-
4672 7116 88 96 ti
4772 7120 44 88 t
4828 7116 100 96 le
4948 7140 36 72 :
5084 7116 528 96 Interna-

836 7252 364 96 tional
1280 7248 556 100 chemical
1908 7248 392 116 series,
2380 7252 148 96 H.
2604 7252 124 96 P.
2800 7248 424 100 Talbot
3312 7248 68 112 …
3496 7248 660 116 consulting
4232 7240 436 120 editor)
4964 7240 312 120 $7.50

1004 7416 904 116 Bibliography:
1984 7444 100 88 p.
2156 7416 524 100 887–895.

1040 7588 272 112 May
1380 7588 160 112 17,
1612 7588 336 108 1927;
2016 7588 164 96 2c.
2248 7592 228 92 and
2548 7588 196 96 aff.
2812 7592 276 108 May
3152 7588 196 112 21;
3424 7588 100 92 A
3584 7588 480 112 976702;
4140 7584 840 100 McGraw-Hill
5048 7588 300 96 book
5416 7612 56 72 c
5480 7612 60 68 o
5556 7660 52 40 .,

1004 7724 220 96 inc.
1392 7724 188 116 (27
1660 7720 400 116 11735)
5124 7716 288 100 4323

840 7944 676 148 Haskins,
1600 7944 588 128 Charles
2264 7948 572 148 Homer,
2924 7948 316 124 1870
3248 8024 84 16 –

1016 8128 292 128 The
1388 8132 848 124 renaissance
2316 8132 152 124 of
2552 8132 224 128 the
2860 8132 548 124 twelfth
3492 8144 604 156 century,
4176 8132 180 164 by
4444 8132 568 128 Charles
5092 8132 520 124 Homer

848 8316 144 124 H
1004 8360 72 80 a
1088 8316 368 128 skins
1564 8320 84 136 …
1876 8316 868 168 Cambridge,
2828 8320 652 124 Harvard
3568 8320 764 164 university
4412 8364 416 116 press,
4920 8324 148 120 19
5080 8324 76 116 2
5168 8316 108 128 7.

1004 8540 76 68 x
1148 8540 132 88 p.,
1348 8516 64 92 2
1480 8516 36 88 l
1532 8588 52 36 .,
1660 8560 24 72 [
1696 8516 180 116 3]–
1880 8516 56 92 4
1948 8516 60 96 3
2020 8520 60 92 7
2144 8540 104 88 p.
2392 8516 720 104 22ͨͫ.

1012 8648 268 96 "We
1348 8652 300 92 shall
1720 8648 444 96 confine
2236 8652 588 92 ourselves
2896 8652 112 92 to
3080 8652 196 92 the
3344 8648 348 96 Latin
3756 8648 248 96 side
4072 8648 124 100 of
4264 8648 236 100 this
4568 8648 768 116 renaissance,
5412 8652 192 96 the

840 8780 444 96 revival
1364 8780 124 96 of
1560 8784 540 112 learning
2164 8784 120 92 in
2368 8788 196 92 the
2640 8784 548 96 broadest
3264 8788 676 92 sense—the
4020 8784 348 96 Latin
4444 8784 472 100 classics
4996 8788 228 92 and
5304 8784 308 96 their

840 8912 600 116 influence,
1536 8916 192 96 the
1820 8940 252 72 new
2156 8916 892 116 jurisprudence
3136 8924 232 88 and
3456 8924 192 92 the
3740 8948 312 68 more
4144 8916 400 100 varied
4628 8920 976 116 historiography,

848 9052 192 92 the
1116 9076 248 68 new
1440 9052 672 112 knowledge
2184 9052 124 96 of
2380 9052 192 96 the
2648 9052 436 96 Greeks
3156 9052 228 96 and
3460 9052 372 96 Arabs
3904 9056 228 92 and
4208 9052 152 96 its
4432 9052 400 96 effects
4904 9080 304 88 upon
5280 9060 332 92 west-

844 9208 204 68 ern
1116 9184 444 96 science
1628 9184 224 96 and
1924 9184 1232 116 philosophy."—Pref.

1016 9316 1056 116 "Bibliographical
2164 9316 336 96 note"
2592 9324 124 92 at
2804 9320 216 92 end
3116 9320 124 96 of
3328 9324 280 88 each
3700 9324 512 112 chapter.

860 9448 116 108 ©
1068 9484 268 108 May
1424 9484 84 88 5,
1600 9484 336 104 1927;
2028 9484 60 92 2
2100 9512 56 68 c
2168 9560 20 20 .
2276 9488 272 108 May
2632 9484 196 112 14;
2924 9480 196 104 aff.
3204 9488 272 112 May
3564 9484 192 116 16;
3852 9488 96 92 A
4036 9484 476 120 990092;
4608 9492 116 100 C.
4816 9492 140 96 H.
5052 9484 548 120 Haskins,

1020 9616 716 120 Cambridge,
1828 9624 352 96 Mass.
2348 9620 668 116 (27-11934)
5124 9616 284 104 4324

3128 9756 232 128 658
