5920 10352
256 1056 752 156 Hagboldt,
1076 1056 468 124 Peter.

420 1244 132 124 A
664 1244 560 124 modern
1340 1236 596 132 German
2048 1280 736 120 grammar,
2896 1236 716 128 minimum
3728 1232 696 128 essentials
4536 1232 468 128 induc-

260 1432 424 160 tively
772 1424 708 168 presented
1572 1424 180 160 by
1840 1424 404 124 Peter
2332 1424 416 164 Hagb
2756 1464 80 84 o
2840 1428 212 120 ldt
3152 1440 80 136 …
3388 1424 156 124 F.
3636 1420 216 128 W.
3940 1416 324 132 Kau
4276 1416 64 128 f
4344 1460 412 84 mann
4824 1436 80 136 …

256 1616 644 164 Chicago,
976 1616 268 156 Ill.,
1320 1608 292 128 The
1684 1608 808 164 University
2568 1608 152 128 of
2800 1604 604 168 Chicago
3476 1652 376 120 press
3940 1604 412 164 [1927]

416 1812 232 116 xiv,
720 1812 204 92 192
996 1836 104 88 p.
1240 1808 612 112 21ͨͫ.
1680 1804 716 116 (Half-title:
2468 1808 244 92 The
2788 1804 672 116 University
3540 1804 128 96 of
3740 1800 500 116 Chicago
4316 1800 400 116 junior
4788 1800 216 96 col-

248 1952 244 112 lege
556 1940 420 116 series)

252 2076 120 116 ©
440 2080 264 96 Jan.
768 2080 164 104 18,
1000 2076 336 112 1927;
1400 2076 164 96 2c.
1628 2076 268 96 Feb.
1960 2076 196 112 18;
2228 2076 196 96 aff.
2492 2076 268 96 Feb.
2824 2076 200 112 14;
3096 2076 96 92 A
3252 2072 480 112 963622;
3804 2068 676 120 University
4548 2068 124 100 of
4740 2068 260 100 Chi-

408 2244 312 88 cago,
776 2212 536 120 Chicago.
1476 2208 600 120 (27-4085)
4496 2200 276 104 1411

256 2368 548 152 Harris,
876 2368 632 128 Norman
1584 2364 624 152 Dwight,
2288 2364 320 132 1870
2612 2444 76 16 –

508 2556 76 144 …
660 2556 548 160 Europe
1288 2556 268 120 and
1628 2548 540 164 Africa,
2240 2548 412 168 being
2724 2596 76 84 a
2876 2552 524 124 revised
3484 2548 516 128 edition
4072 2548 156 128 of
4300 2548 704 128 Interven-

260 2740 288 128 tion
640 2744 268 124 and
1000 2736 904 128 colonization
1996 2736 144 124 in
2236 2736 536 164 Africa,
2864 2736 180 168 by
3136 2736 612 128 Norman
3840 2736 576 168 Dwight
4504 2736 504 128 Harris

396 2932 80 144 …
556 2932 560 152 Boston,
1176 2924 332 124 New
1568 2920 388 128 York
2032 2932 48 108 [
2068 2964 68 84 e
2140 2936 60 112 t
2204 2968 104 80 c.
2308 2964 44 96 ]
2424 2924 764 164 Houghton
3244 2920 340 128 Miff
3500 2920 84 128 l
3588 2924 144 124 in
3792 2964 672 124 company
4580 2932 144 144 [ͨ1
4712 2928 156 120 92
4876 2920 84 140 7]

408 3124 324 116 xviii,
800 3124 204 96 479
1072 3148 104 92 p.
1308 3120 392 116 front.,
1772 3140 332 96 maps
2164 3116 120 120 (1
2356 3120 468 112 double)
2984 3120 652 112 21ͨͫ.

412 3260 152 96 At
628 3260 300 96 head
992 3256 120 96 of
1176 3256 324 96 title:
1572 3252 864 100 International
2496 3252 496 116 politics,
3060 3280 104 76 v.
3232 3256 100 96 1.

412 3392 896 116 Bibliography:
1388 3416 104 92 p.
1572 3436 28 72 [
1608 3392 64 92 4
1676 3388 64 96 3
1752 3388 416 120 1]–446.

248 3500 128 108 ©
436 3532 264 96 Feb.
756 3532 168 112 25,
984 3524 336 112 1927;
1384 3524 164 100 2c.
1612 3528 288 96 Mar.
1960 3524 128 116 1;
2152 3524 200 96 aff.
2412 3524 268 100 Feb.
2736 3524 196 116 28;
3004 3524 100 96 A
3156 3524 480 116 967414;
3704 3524 136 100 N.
3900 3524 140 100 D.
4100 3524 464 116 Harris,
4628 3528 372 96 Evan-

408 3672 292 108 ston,
776 3668 180 92 Ill.
1108 3708 24 72 [
1172 3644 100 120 ©
1352 3660 600 116 rewriting
2020 3668 232 96 and
2324 3684 252 76 new
2648 3664 464 120 matter]
3284 3660 396 116 (27-41
3692 3664 64 96 6
3760 3660 124 116 1)
4516 3652 292 108 1412

256 3824 948 152 Highbarger,
1276 3820 524 124 Ernest
1872 3816 500 128 Leslie.

476 4012 80 136 …
636 4012 292 124 The
988 4008 532 128 history
1588 4008 268 124 and
1924 4004 268 128 civi
2200 4008 48 120 l
2260 4004 508 128 ization
2836 4004 152 128 of
3056 4048 172 84 an
3240 4048 68 84 c
3312 4004 220 128 ien
3536 4016 60 116 t
3660 4004 572 168 Megara
4312 4012 80 136 …
4616 4048 88 124 p
4712 4016 60 120 t
4784 4108 24 24 .
4884 4012 116 120 1.

248 4200 212 160 By
568 4196 160 124 E.
840 4196 152 120 L.
1100 4192 892 164 Highbarger
2108 4196 92 144 …
2496 4192 800 160 Baltimore,
3404 4192 292 124 The
3808 4188 444 136 Johns
4356 4184 648 172 Hopkins

244 4424 416 120 press,
736 4376 360 132 1927.

404 4604 184 88 xv,
700 4572 208 96 220
1012 4600 108 92 p.
1292 4572 408 116 plates,
1812 4596 304 92 map.
2292 4572 1080 112 24½ͨͫ.
2808 4572 300 116 (The
3220 4572 372 100 Johns
3704 4572 532 116 Hopkins
4352 4572 648 120 university

240 4712 448 96 studies
756 4712 120 92 in
940 4712 724 112 archaelogy,
1732 4736 180 68 no.
1980 4704 124 120 2)

416 4844 664 100 Half-title:
1168 4844 964 96 Semicentennial
2204 4840 780 116 publications
3052 4844 124 96 of
3248 4844 192 100 the
3512 4844 368 96 Johns
3952 4844 532 120 Hopkins
4556 4844 452 100 univer-

244 4984 232 116 sity
540 4988 68 104 …
744 4984 200 92 187
956 4980 64 96 6
1024 5036 56 12 –
1096 4980 304 96 1926.

420 5120 376 96 "Most
856 5116 124 96 of
1040 5116 200 100 the
1304 5116 540 112 chapters
1912 5112 120 104 of
2100 5116 196 92 the
2360 5120 468 112 present
2892 5116 348 112 study
3308 5140 304 76 were
3676 5112 624 120 originally
4368 5112 436 104 offered
4872 5144 136 72 as

248 5252 432 120 partial
764 5252 632 96 fulfilment
1480 5252 124 96 of
1688 5252 196 96 the
1972 5248 840 116 requirements
2900 5252 192 96 for
3172 5248 196 100 the
3456 5252 596 100 doctorate
4140 5252 120 96 in
4348 5252 196 96 the
4632 5252 372 100 Johns

248 5388 532 116 Hopkins
856 5384 752 116 university."
1616 5444 112 12 —
1760 5384 312 100 Pref.
2156 5396 116 88 to
2356 5392 160 112 pt.
2596 5404 40 72 I
2652 5460 20 24 .

420 5524 448 96 "Select
928 5520 944 116 bibliography":
1944 5524 156 112 pt.
2172 5544 40 68 I
2224 5596 24 40 ,
2312 5548 108 88 p.
2484 5520 524 96 217–220.

252 5652 124 108 ©
440 5660 264 96 Feb.
768 5656 164 116 10,
992 5656 336 116 1927;
1392 5660 164 96 2c.
1620 5660 232 92 and
1912 5652 196 104 aff.
2176 5660 264 96 Feb.
2504 5660 196 112 18;
2764 5656 104 96 A
2928 5652 476 116 963591;
3476 5660 372 96 Johns
3904 5656 540 116 Hopkins
4504 5680 356 96 press.

432 5792 596 120 (27-4162)
4496 5792 136 100 14
4644 5792 140 100 13

252 5948 556 152 Hinkle,
872 5948 616 128 Thomas
1560 5948 464 152 Clark,
2100 5948 316 128 1876
2420 6028 88 12 –

424 6136 588 160 Tawny;
1084 6180 76 80 a
1224 6136 272 164 dog
1560 6136 152 128 of
1776 6136 232 128 the
2068 6136 228 128 old
2360 6136 416 160 West,
2836 6136 184 164 by
3088 6136 592 128 Thomas
3748 6132 148 132 C.
3964 6136 556 128 Hinkle.
4676 6136 328 128 New

260 6324 424 160 York,
744 6320 212 132 W.
1028 6324 600 124 Morrow
1700 6324 108 124 &
1872 6364 712 120 company,
2660 6316 360 132 1927.

412 6520 64 96 5
540 6544 100 92 p.
700 6524 40 88 l
756 6592 56 40 .,
876 6520 204 96 238
1144 6544 104 92 p.
1376 6516 1080 112 19½ͨͫ.

256 6652 120 108 ©
444 6656 264 96 Feb.
768 6652 164 116 25,
1000 6652 336 116 1927;
1400 6652 68 96 2
1476 6680 60 68 c
1544 6732 24 20 .
1628 6656 232 92 and
1924 6680 68 68 a
2000 6652 92 96 ff
2100 6732 20 20 .
2188 6652 268 100 Feb.
2516 6652 196 116 28;
2784 6652 96 96 A
2944 6648 480 120 967377;
3496 6656 136 96 W
3640 6652 40 96 i
3688 6652 36 96 l
3732 6652 280 96 liam
4080 6660 500 92 Morrow
4644 6656 92 100 &
4796 6684 60 72 c
4860 6680 64 68 o
4940 6732 52 40 .,

408 6792 216 96 inc.
792 6792 188 112 (27
980 6844 44 12 -
1044 6788 348 120 4090)
4512 6784 284 104 1414

268 6944 256 128 [Ho
532 6948 40 120 l
580 6952 184 144 st,
832 6944 720 128 Bernhart
1620 6944 480 148 Paul]
2100 6952 196 120 ed.

424 7132 1004 124 International
1536 7128 688 128 reference
2324 7128 444 160 work;
2880 7172 76 80 a
3060 7128 524 164 library
3684 7128 156 128 of
3932 7132 576 164 history,
4604 7176 396 124 geog-

260 7320 480 160 raphy,
828 7316 816 164 biography,
1732 7316 596 164 biology,
2424 7316 748 156 literature,
3264 7316 780 160 economics,
4140 7316 452 164 civics,
4680 7328 324 152 arts,

252 7504 612 160 sciences,
964 7504 848 156 discoveries,
1916 7500 968 164 explorations,
2980 7496 812 164 inventions,
3888 7544 776 120 commerce,
4760 7516 240 116 etc.

344 7688 80 144 …
504 7692 672 160 prepared
1264 7688 180 164 by
1532 7732 76 80 a
1692 7684 324 128 staff
2100 7684 152 128 of
2336 7684 556 164 leading
2976 7688 708 124 educators
3768 7684 156 128 of
4008 7688 228 128 the
4320 7688 432 128 world
4824 7688 80 144 …

260 7872 640 164 Chicago,
976 7876 464 124 Boone
1532 7888 324 120 [etc.]
1948 7872 292 124 The
2312 7868 420 128 Holst
2804 7868 800 168 publishing
3680 7916 708 120 company,
4472 7868 360 132 1927.

416 8072 136 96 10
600 8096 104 72 v.
824 8072 212 96 col.
1084 8068 360 96 front.
1508 8072 160 116 (v.
1724 8072 124 116 8)
1924 8068 340 112 illus.,
2324 8072 376 112 plates
2764 8068 324 112 (part
3144 8068 268 116 col.)
3488 8072 392 112 ports.,
3940 8092 328 92 maps
4332 8072 112 116 (1
4508 8068 472 100 double)

248 8208 1080 104 25½ͨͫ.

416 8344 96 92 V
516 8344 112 92 ol
636 8368 88 68 s.
788 8340 60 92 1
852 8396 72 8 –
928 8344 96 112 8,
1088 8336 68 96 9
1160 8392 68 12 –
1228 8340 60 92 1
1296 8336 68 96 0
1424 8344 368 112 paged
1860 8336 472 96 continu
2344 8360 64 72 o
2412 8340 296 108 usly.

416 8472 792 116 Frontispiece
1280 8476 232 92 and
1592 8500 212 68 one
1876 8476 316 112 plate
2268 8468 900 116 superimposed.

420 8612 304 96 Vols.
796 8608 68 96 9
868 8664 72 8 –
940 8608 136 96 10
1144 8608 296 96 have
1520 8604 320 100 title:
1924 8604 580 100 Practical
2584 8604 332 96 home
2992 8604 228 96 and
3304 8604 384 96 school
3768 8604 560 96 methods.

420 8744 172 96 On
676 8768 336 72 verso
1100 8744 124 96 of
1308 8752 236 104 t.-p.
1632 8744 128 96 of
1840 8768 104 72 v.
2032 8744 268 96 1–8:
2400 8740 408 96 Editor
2896 8736 120 96 in
3100 8736 348 120 chief,
3536 8740 592 96 Bernhart
4216 8740 124 100 P.
4432 8736 348 104 Holst
4876 8748 72 104 …

252 8912 68 60 a
328 8876 496 100 ssociate
892 8876 472 120 editors,
1440 8876 420 100 Daniel
1932 8880 172 96 W.
2180 8876 684 96 Morehouse
2948 8876 72 108 …
3144 8876 96 92 R
3248 8900 72 72 u
3336 8872 100 96 ri
3440 8900 60 72 c
3572 8876 172 96 Ne
3748 8900 68 72 v
3824 8876 104 96 el
4004 8876 104 96 R
4116 8900 60 72 o
4188 8876 212 96 ark
4468 8876 72 108 …
4676 8880 324 96 Bert-

260 9036 240 72 ram
568 9016 124 96 P.
764 9016 380 92 Holst.

416 9148 272 96 Also
764 9148 392 96 issued
1232 9152 372 92 under
1676 9148 384 96 titles:
2144 9148 244 96 The
2464 9140 564 100 teachers'
3112 9144 228 96 and
3424 9140 412 120 pupils'
3912 9168 64 72 c
3980 9144 692 116 yclopædia;
4760 9144 244 100 The

252 9304 252 76 new
564 9284 608 96 Teachers'
1244 9284 228 96 and
1544 9284 416 112 pupils'
2032 9276 776 120 cyclopaedia.

256 9404 124 108 ©
444 9416 268 100 Feb.
772 9420 96 112 7,
932 9416 336 112 1927;
1332 9420 68 92 2
1404 9432 60 80 c
1476 9496 24 20 .
1564 9420 284 96 each
1912 9420 264 96 Feb.
2240 9416 196 112 10;
2508 9412 200 100 aff.
2772 9412 268 100 Feb.
3108 9412 196 112 19;
3376 9412 96 96 A
3536 9412 472 116 963655;
4084 9416 348 96 Holst
4496 9412 264 120 pub.
4824 9440 164 76 co.

432 9560 156 128 [©
660 9552 504 96 revision
1236 9556 228 92 and
1536 9576 256 72 new
1860 9552 648 136 material]
2608 9548 600 120 (27-3756)
4508 9544 280 104 1415

2516 9748 248 120 219
