5968 10284
604 1008 172 128 U.
852 1008 132 128 S.
1164 1008 444 160 Laws,
1676 1016 616 152 statutes,
2360 1020 240 112 etc.

892 1200 80 136 …
1052 1192 520 132 United
1696 1188 452 136 States
2276 1188 368 132 Code
2768 1196 776 124 annotated.
3756 1196 364 124 Title
4240 1200 200 120 20.
4572 1196 812 124 Education.

604 1380 368 124 Title
1028 1388 200 116 21.
1296 1380 384 124 Food
1744 1380 272 124 and
2076 1380 460 160 drugs.
2688 1372 872 132 Cumulative
3624 1392 788 148 temporary
4480 1376 488 164 pocket
5028 1396 364 148 part,

600 1564 376 168 May,
1080 1564 324 132 1927
1500 1568 88 144 …
1856 1560 200 136 St.
2164 1564 400 164 Paul,
2660 1564 488 152 Minn.,
3248 1564 384 132 West
3736 1564 808 168 publishing
4644 1608 736 124 company;

604 1752 816 164 Northport,
1492 1752 152 124 L.
1724 1756 164 156 I.,
1960 1748 164 128 N.
2212 1752 216 160 Y.,
2504 1748 612 128 Edward
3192 1752 792 160 Thompson
4060 1792 712 124 company,
4856 1748 360 132 1927.

764 1948 72 96 9
896 1976 104 88 p.
1140 1948 720 108 24½ͨͫ.

776 2116 288 96 This
1128 2116 596 116 pamphlet
1792 2116 104 96 is
1964 2116 44 92 f
2008 2116 288 96 itted
2368 2116 248 96 into
2692 2116 196 100 the
2956 2116 412 112 pocket
3440 2120 124 92 at
3636 2116 196 96 the
3900 2116 300 96 back
4268 2116 128 100 of
4464 2116 196 100 the
4732 2116 456 100 volume
5260 2116 128 100 of

600 2252 192 96 the
860 2260 172 88 set
1100 2256 116 92 to
1280 2248 384 100 which
1724 2248 104 100 it
1884 2252 504 116 belongs.

612 2416 116 120 ©
804 2424 288 112 Aug.
1160 2424 60 92 2
1228 2420 60 96 5
1300 2496 24 40 ,
1392 2420 340 116 1927;
1804 2420 164 96 2c.
2032 2420 284 96 Nov.
2384 2424 60 92 2
2448 2420 68 92 1
2560 2444 20 88 ;
2656 2420 200 96 aff.
2924 2420 284 96 Nov.
3276 2420 72 108 2
3348 2420 60 96 3
3452 2444 20 88 ;
3548 2420 100 92 A
3716 2420 60 92 1
3788 2416 68 100 0
3856 2420 60 92 1
3924 2420 64 96 3
3996 2420 72 92 2
4072 2420 56 96 5
4140 2420 124 116 3;
4336 2420 324 96 West
4732 2424 252 112 pub.
5064 2448 160 76 co.
5300 2424 84 96 &

776 2556 508 100 Edward
1356 2556 660 116 Thompson
2088 2584 164 72 co.
4800 2552 360 104 10890

600 2816 456 152 Ware,
1148 2816 592 132 Charles
1824 2812 796 132 Crossfield.

776 3004 448 124 North
1308 3000 652 132 Carolina
2044 3000 684 164 Disciples
2808 2996 160 132 of
3044 2996 540 164 Christ;
3680 3044 76 84 a
3836 3000 532 164 history
4452 3000 156 128 of
4684 3000 364 128 their
5128 3004 264 124 rise

608 3188 272 124 and
940 3228 680 124 progress,
1684 3188 276 124 and
2024 3180 156 132 of
2240 3184 364 128 their
2672 3184 928 128 contribution
3668 3200 144 112 to
3880 3184 360 128 their
4308 3188 556 164 general
4928 3188 456 128 broth-

604 3372 556 164 erhood,
1212 3372 184 168 by
1460 3368 568 132 Charles
2100 3368 728 132 Crossfield
2888 3372 456 128 Ware.
3504 3368 200 132 St.
3768 3368 464 164 Louis,
4292 3372 324 164 Mo.,
4684 3368 696 136 Christian

604 3560 428 124 board
1092 3552 160 132 of
1308 3552 900 168 publication,
2280 3552 364 132 1927.

768 3752 208 96 372
1040 3776 100 92 p.
1284 3752 396 112 front.,
1744 3752 412 116 plates,
2224 3756 396 112 ports.,
2680 3748 520 100 facsims.
3340 3752 652 108 23½ͨͫ
3672 3828 24 24 .

772 3916 904 120 Bibliography:
1744 3944 108 88 p.
1916 3916 308 100 9–11.

608 4084 120 120 ©
816 4092 308 112 Sept.
1196 4092 168 112 23,
1440 4092 136 92 19
1576 4092 68 92 2
1648 4092 132 108 7;
1860 4092 164 96 2c.
2100 4096 228 92 and
2408 4084 200 104 aff.
2684 4088 284 100 Nov.
3044 4092 60 88 2
3108 4092 68 92 3
3220 4116 24 84 ;
3328 4088 100 92 A
3500 4092 60 88 1
3572 4084 72 100 0
3644 4088 56 92 1
3712 4084 136 104 05
3848 4092 200 108 41;
4140 4084 596 104 Christian
4816 4092 360 96 board
5260 4092 124 96 of

764 4224 752 120 publication.
1684 4224 676 120 (27-24458)
4824 4220 356 104 10891

600 4488 728 148 Williams,
1412 4488 452 124 Bruce
1956 4484 728 152 Stockton,
2776 4492 316 120 1891
3096 4564 84 12 –

876 4672 512 152 ….State
1456 4672 596 168 security
2124 4672 272 128 and
2468 4672 232 128 the
2768 4672 544 164 League
3384 4668 164 128 of
3608 4672 592 160 nations,
4272 4672 172 168 by
4528 4676 440 128 Bruce
5040 4672 340 132 Wil-

600 4864 44 124 l
652 4864 344 124 iams
1104 4864 84 144 …
1384 4860 268 124 Bal
1660 4868 56 120 t
1724 4860 468 160 imore,
2264 4856 292 128 The
2632 4856 440 132 Johns
3148 4856 652 168 Hopkins
3876 4900 420 124 press,
4380 4856 356 132 1927.

760 5060 64 96 2
888 5084 108 92 p.
1056 5060 44 92 l
1112 5132 56 40 .,
1236 5056 132 96 iii
1372 5108 72 12 –
1444 5084 108 88 x,
1620 5056 208 96 346
1892 5084 104 88 p.
2140 5056 720 112 19½ͨͫ.
2652 5052 304 120 (The
3016 5052 408 100 Albert
3500 5056 348 96 Shaw
3912 5060 504 92 lectures
4488 5080 144 72 on
4704 5056 676 116 diplomatic

596 5196 480 112 history,
1144 5192 336 116 1927)

604 5356 120 116 ©
800 5368 288 96 Nov.
1152 5364 168 116 21,
1392 5360 340 112 1927;
1816 5364 156 96 2c.
2048 5360 288 100 Nov.
2404 5360 200 116 25;
2684 5360 200 100 aff.
2956 5360 284 96 Nov.
3316 5360 200 116 29;
3596 5360 100 96 A
3768 5364 56 92 1
3836 5360 68 96 0
3908 5360 56 96 1
3976 5360 132 96 05
4120 5360 60 96 9
4184 5364 64 92 3
4296 5388 20 88 ;
4400 5364 368 96 Johns
4844 5364 532 116 Hopkins

764 5524 360 92 press.
1292 5500 676 116 (27-24584)
4820 5492 356 104 10892

596 5756 452 152 Wind,
1140 5756 640 132 Gerhard
1868 5756 504 148 Lewis,
2468 5760 320 120 1896
2792 5832 88 16 –

768 5944 292 128 The
1148 5940 396 168 pride
1632 5936 160 136 of
1880 5940 840 168 Graystone;
2824 5984 76 84 a
2988 5984 348 84 nove
3340 5940 52 124 l
3404 6044 28 60 ,
3524 5940 180 168 by
3796 5940 132 132 G
3936 6044 28 24 .
4056 5940 156 128 L.
4304 5940 428 132 Wind
4820 5944 88 144 …
5180 5940 196 136 St.

600 6128 456 160 Louis,
1112 6128 324 156 Mo.,
1496 6124 768 128 Concordia
2328 6124 808 164 publishing
3192 6124 460 164 house,
3716 6124 360 132 1927.

764 6320 68 100 3
888 6348 104 88 p.
1052 6324 40 92 l
1104 6396 56 40 .,
1224 6320 204 100 373
1488 6348 104 88 p.
1732 6320 364 96 front.
2236 6320 64 92 1
2308 6320 648 112 9ͨͫ
2496 6396 24 24 .

600 6480 124 116 ©
792 6488 288 96 Nov.
1144 6484 164 116 30,
1380 6484 336 116 1927;
1792 6488 160 92 2c.
2020 6488 228 92 and
2316 6484 196 104 aff,
2584 6484 272 96 Dec.
2924 6484 68 96 5
3024 6512 24 84 ;
3120 6484 100 92 A
3284 6484 60 92 1
3356 6480 68 100 0
3428 6484 56 96 1
3492 6484 68 96 3
3560 6484 140 96 41
3708 6484 60 96 5
3812 6512 24 88 ;
3912 6484 128 104 G.
4108 6488 124 96 L.
4300 6484 380 120 Wind,
4756 6488 164 100 St.
4988 6484 384 104 Louis.

792 6620 676 120 (27-24575)
4816 6616 356 108 10893

592 6844 656 152 Wismar,
1332 6840 560 156 Adolph
1972 6844 472 152 Louis,
2532 6852 320 120 1884
2852 6924 88 12 –

832 7028 80 148 …
992 7032 136 124 A
1188 7032 412 160 study
1668 7032 144 124 in
1876 7032 680 124 tolerance
2624 7072 144 84 as
2840 7028 692 164 practiced
3604 7028 180 164 by
3852 7028 896 132 Muhammad
4820 7032 272 132 and
5168 7032 212 128 his

600 7216 780 128 immediate
1488 7256 784 120 successors,
2380 7212 180 168 by
2672 7216 236 124 Ad
2912 7256 76 84 o
2996 7212 248 164 lph
3356 7216 160 124 L.
3624 7216 648 160 Wismar,
4372 7252 200 80 PH
4588 7316 28 24 .
4728 7252 80 80 D
4820 7316 24 24 .
5048 7216 332 132 New

608 7396 428 164 York,
1092 7396 724 132 Columbia
1872 7396 764 168 university
2704 7440 416 120 press,
3188 7400 356 128 1927.

768 7592 232 116 xvi,
1088 7592 56 96 1
1156 7592 64 96 0
1232 7592 60 96 8
1372 7616 104 92 p.
1620 7588 720 112 23ͨͫ
1884 7664 20 24 .
2068 7588 944 116 (Contributions
3104 7596 116 92 to
3308 7592 500 96 oriental
3900 7592 448 116 history
4440 7592 228 96 and
4756 7592 620 120 philology,

608 7752 132 68 vo
744 7728 40 92 l
800 7804 20 20 .
1060 7724 272 116 XIII)

768 7888 632 96 Published
1488 7892 244 92 also
1816 7912 132 72 as
2040 7888 364 96 thesis
2512 7888 36 116 (
2564 7916 68 68 P
2644 7916 88 68 H
2748 7964 20 24 .
2860 7888 156 116 D.)
3128 7888 600 100 Columbia
3816 7888 684 120 university,
4588 7888 304 100 1927.

768 8024 992 116 Bibliographical
1820 8024 668 96 foot-notes.

604 8180 120 116 ©
812 8192 244 96 Oct.
1136 8192 164 112 25,
1380 8192 340 108 1927;
1804 8188 60 92 2
1876 8216 56 72 c
1948 8264 20 24 .
2052 8192 244 96 Oct.
2372 8188 200 112 28;
2660 8188 196 100 aff.
2944 8188 244 100 Oct.
3268 8192 68 92 2
3340 8196 68 92 6
3444 8216 20 88 ;
3552 8192 96 92 A
3728 8188 548 116 1010011;
4368 8192 604 96 Columbia
5056 8192 312 100 univ.

764 8352 360 88 press.
1288 8324 672 116 (27-24455)
4812 8324 356 100 10894

596 8552 292 124 The
968 8548 628 124 workers
1676 8548 316 124 look
2068 8564 140 112 at
2288 8552 228 120 the
2596 8560 388 116 stars.
3164 8548 704 160 Vineyard
3960 8548 472 164 Shore,
4512 8556 356 120 1927.

768 8744 64 96 3
840 8744 64 92 2
972 8768 104 88 p.
1216 8744 68 92 2
1292 8744 648 108 1ͨͫ
1476 8816 24 24 .

776 8912 308 96 "The
1140 8908 604 116 following
1800 8936 416 88 poems,
2280 8912 552 96 collected
2888 8912 192 96 for
3136 8912 196 96 the
3388 8912 260 96 first
3708 8912 276 96 time
4044 8912 120 92 in
4224 8912 232 96 this
4516 8912 312 96 little
4880 8916 488 108 volume,

612 9068 296 72 were
980 9036 472 100 written
1524 9040 124 96 in
1728 9048 196 92 the
1996 9048 316 108 Bryn
2392 9048 372 92 Mawr
2836 9068 508 72 summer
3412 9048 392 96 school
3876 9044 196 100 for
4144 9064 440 76 women
4660 9048 516 92 workers
5248 9040 120 96 in

604 9172 1456 116 industry."—Foreword.

604 9336 120 116 ©
788 9344 288 116 Aug.
1136 9344 164 112 16,
1360 9344 336 112 1927;
1756 9348 164 96 2C.
1980 9348 228 92 and
2272 9340 192 104 aff.
2524 9344 288 116 Aug.
2872 9344 196 112 19;
3132 9348 100 92 A
3292 9348 56 88 1
3360 9344 204 100 004
3572 9348 64 96 4
3644 9348 132 96 44
3816 9368 24 92 ;
3908 9344 356 100 Hilda
4332 9348 164 100 W.
4572 9340 404 116 Smith,
5044 9344 316 112 Bryn

768 9480 400 116 Mawr,
1256 9480 196 100 Pa.
1620 9476 668 120 (27-24517)
4808 9472 348 104 10895

2828 9608 312 128 1624
