5968 10284
668 1040 688 168 [Prenter,
1436 1040 584 128 Neilson
2092 1040 712 164 Hancock]
2896 1040 320 132 1878
3220 1120 88 16 –

836 1228 576 160 Behold,
1472 1272 76 80 a
1612 1268 600 84 woman:
2280 1272 76 80 a
2416 1224 444 168 novel,
2912 1232 180 160 by
3156 1224 312 132 Neil
3536 1224 772 168 Littlejohn
4384 1272 132 120 [p
4524 1276 60 80 s
4596 1232 340 160 eud.]
5096 1232 356 124 Lon-

664 1412 316 160 don,
1044 1408 728 164 Chapman
1832 1412 272 128 and
2168 1412 388 164 Hall,
2616 1412 232 164 ld.,
2916 1408 360 132 1927.

828 1608 68 92 4
960 1632 104 88 p.
1124 1608 40 92 l
1176 1680 56 40 .,
1292 1608 64 96 3
1360 1660 72 12 –
1436 1608 208 96 248
1704 1632 104 88 p.
1952 1604 752 108 19½ͨͫ.

672 1768 124 116 ©
876 1772 60 92 1
920 1792 120 88 c.
1112 1772 284 96 Nov.
1468 1772 68 96 3
1548 1848 20 36 ,
1644 1768 340 116 1927;
2072 1776 100 88 A
2248 1776 144 92 ad
2472 1772 212 100 int.
2764 1776 56 88 1
2832 1772 64 92 0
2904 1772 268 116 187;
3260 1776 340 112 pubd.
3684 1772 312 116 Sept.
4080 1776 64 96 6
4180 1800 28 88 ;
4292 1776 556 96 Hancock
4932 1776 520 120 Prenter,

828 1908 512 96 London.
1504 1908 540 112 (28-186)
4900 1908 352 104 11258

656 2128 800 152 Proudhon,
1532 2128 488 132 Pierre
2100 2132 572 152 Joseph,
2764 2140 316 120 1809
3084 2212 88 12 –
3180 2140 360 120 1865.

828 2316 864 128 Proudhon's
1764 2312 632 136 Solution
2464 2312 156 136 of
2680 2320 232 124 the
2976 2320 412 124 social
3456 2320 616 160 problem
4152 2360 40 96 [
4188 2320 184 164 by
4368 2360 40 96 ]
4492 2324 156 124 P.
4716 2320 132 132 J.
4916 2324 280 124 Pro
5204 2368 88 76 u
5300 2320 144 128 d-

660 2504 332 160 hon;
1124 2504 716 164 including
1956 2516 928 152 commentary
3004 2508 268 124 and
3396 2504 772 164 exposition
4276 2508 188 164 by
4588 2504 568 132 Charles
5272 2508 172 124 A.

660 2692 400 124 Dana
1160 2692 268 124 and
1524 2688 628 132 William
2248 2696 160 120 B.
2508 2688 564 164 Greene,
3168 2692 500 160 edited,
3760 2692 336 128 with
4192 2692 980 164 introduction,
5264 2696 180 164 by

660 2880 480 164 Henry
1224 2876 508 132 Cohen.
1912 2876 332 128 New
2324 2876 432 164 York,
2836 2880 764 164 Vanguard
3680 2924 376 120 press
4144 2876 368 164 [1927
4524 2960 32 84 ]

820 3076 232 116 xvi,
1120 3076 212 96 225
1396 3100 108 92 p.
1648 3072 756 108 18½ͨͫ.

820 3248 248 100 The
1148 3244 476 96 articles
1708 3248 140 112 by
1936 3244 340 96 Dana
2360 3252 232 92 and
2684 3244 440 100 Greene
3212 3268 304 76 were
3596 3244 52 92 f
3640 3244 216 100 irst
3940 3244 612 116 published
4648 3244 116 96 in
4852 3248 580 112 pamphlet

656 3384 300 92 form
1024 3380 120 96 in
1208 3380 276 96 1896
1548 3384 232 92 and
1844 3380 284 96 1850
2188 3380 800 116 respectively.

820 3516 1324 100 CONTENTS.—Editor's
2220 3516 508 116 preface.
2728 3572 144 12 —
2876 3516 632 96 Proudhon
3584 3520 228 92 and
3888 3516 188 96 his
4152 3516 308 96 bank
4536 3516 128 100 of
4736 3516 200 96 the
5008 3520 436 112 people,

656 3656 144 112 by
868 3652 120 100 C.
1052 3656 136 96 A.
1256 3656 372 96 Dana.
1632 3708 148 12 —
1780 3652 248 96 The
2092 3652 512 100 solution
2672 3648 124 104 of
2864 3656 192 96 the
3128 3652 360 100 social
3560 3656 512 112 problem
4168 3652 360 116 (from
4604 3652 192 100 the
4872 3652 380 100 works
5324 3652 120 96 of

656 3792 120 96 P.
844 3788 108 100 J.
1016 3788 1356 116 Proudhon).—Mutual
2440 3788 544 116 banking,
3056 3792 148 112 by
3272 3792 176 96 W.
3516 3792 136 96 B.
3724 3788 476 100 Greene.

664 3896 116 108 ©
872 3924 244 96 Oct.
1192 3928 44 88 1
1260 3928 96 108 7,
1436 3924 340 112 1927;
1860 3924 64 92 2
1928 3932 60 80 c
2004 4000 20 24 .
2104 3924 244 96 Oct.
2428 3924 60 92 2
2500 3924 64 96 0
2604 3952 20 84 ;
2708 3924 200 96 aff.
2984 3924 288 96 Nov.
3352 3924 124 112 8;
3560 3924 100 92 A
3736 3928 56 92 1
3808 3924 68 96 0
3880 3928 56 88 1
3948 3924 64 96 0
4020 3924 268 112 215;
4380 3924 632 112 Vanguard
5092 3944 360 96 press,

820 4056 120 96 in
936 4064 64 76 c
1020 4136 20 20 .
1192 4044 156 88 [©
1420 4060 468 116 preface
1952 4060 228 92 and
2248 4060 188 92 edi
2448 4064 40 88 t
2500 4056 172 100 ori
2684 4060 112 92 al
2860 4060 332 92 notes
3404 4056 676 120 (27-24920)
4888 4052 360 104 11259

648 4292 624 148 Reagan,
1344 4284 524 152 Oliver,
1936 4288 200 128 ed.

820 4476 740 124 American
1664 4472 908 124 architecture
2676 4464 156 132 of
2936 4472 232 124 the
3272 4468 716 128 twentieth
4096 4480 640 156 century;
4852 4516 76 80 a
5040 4468 408 132 series

652 4656 152 128 of
864 4660 952 160 photographs
1876 4660 272 120 and
2208 4656 712 124 measured
2988 4656 700 164 drawings
3752 4656 156 124 of
3968 4656 612 160 modern,
4644 4656 384 160 civic,
5096 4700 348 84 com-

648 4844 556 124 mercial
1284 4844 268 128 and
1636 4840 736 128 industrial
2448 4840 752 168 buildings,
3284 4840 452 124 edited
3816 4840 184 168 by
4084 4836 476 136 Oliver
4640 4840 568 168 Reagan
5272 4840 80 148 …

652 5072 120 84 v.
852 5040 108 148 1,
1032 5040 192 152 pt.
1300 5036 112 116 3.
1568 5028 332 124 New
1976 5024 432 164 York,
2476 5024 1024 128 Architectural
3572 5024 356 128 book
4000 5024 804 168 publishing
4876 5068 236 120 co.,
5184 5028 260 128 inc.

684 5212 396 144 [ͨ1927
1092 5292 32 80 ]

812 5408 68 92 2
944 5432 100 92 p.
1100 5408 40 92 l
1160 5480 52 40 .,
1272 5408 144 96 20
1464 5408 388 96 numb.
1908 5432 72 92 p
1984 5408 40 92 l
2040 5480 20 24 .
2204 5404 752 108 52ͨͫ
2464 5480 20 24 .

656 5520 120 116 ©
840 5544 284 96 Nov.
1184 5540 164 116 19,
1408 5540 344 112 1927;
1812 5540 160 96 2c.
2032 5544 228 92 and
2324 5540 200 100 aff.
2588 5544 272 92 Dec.
2924 5536 124 116 5;
3112 5540 100 92 A
3272 5540 556 112 1013449;
3892 5540 868 96 Architectural
4820 5540 296 96 book
5176 5544 264 112 pub.

816 5700 200 92 co.,
1096 5676 220 96 inc.
4880 5672 360 104 11260

640 5900 708 148 Remizov,
1436 5896 596 156 Aleksi͡
1920 5900 88 124 e
2016 5900 52 124 ĭ
2148 5892 496 132 Mikha
2616 5896 68 124 ĭ
2672 5896 536 152 lovich,
3300 5896 324 132 1877
3624 5976 88 16 –

812 6088 292 128 The
1176 6084 328 128 fifth
1584 6084 772 164 pestilence,
2432 6084 628 168 together
3132 6084 336 128 with
3552 6084 300 128 The
3924 6084 540 164 history
4536 6084 160 128 of
4768 6084 228 128 the
5072 6080 368 132 tink-

644 6276 300 160 ling
1008 6276 536 160 cymbal
1620 6272 272 124 and
1964 6272 684 164 sounding
2720 6272 424 160 brass,
3216 6272 356 124 Ivan
3656 6268 1056 164 Semyonovitch
4796 6268 636 136 Stratila-

648 6480 272 144 tov,
1000 6460 180 164 by
1260 6460 484 124 Alexei
1832 6456 692 128 Remizov.
2696 6456 820 124 Translated
3608 6456 368 128 from
4056 6456 240 128 the
4372 6456 640 160 Russian,
5096 6452 336 128 with

644 6688 76 84 a
792 6644 600 164 preface,
1460 6644 180 164 by
1712 6640 340 128 Alec
2124 6648 548 120 Brown.
2836 6640 620 164 London,
3528 6640 628 132 Wishart
4232 6640 276 128 and
4584 6684 236 120 co.,
4904 6640 364 132 1927.

804 6868 236 68 xxv
1104 6868 140 88 p.,
1304 6840 76 96 2
1436 6840 40 92 l
1488 6912 56 40 .,
1608 6840 64 96 3
1676 6892 76 12 –
1748 6836 240 116 235,
2064 6836 96 120 [1
2164 6828 28 88 ]
2264 6864 108 92 p.
2512 6836 756 112 19½ͨͫ.

656 6964 120 120 ©
856 6980 56 88 1
900 6992 120 88 c.
1092 6976 288 96 Nov.
1456 6972 168 116 30,
1704 6972 340 112 1927;
2128 6976 100 92 A
2300 6976 144 92 ad
2528 6972 212 96 int.
2820 6972 408 112 10278;
3312 6972 348 112 pubd.
3744 6972 252 100 Oct.
4072 6972 128 112 6;
4288 6972 276 96 Alec
4644 6972 460 112 Brown,
5184 6972 256 92 Bel-

812 7108 320 116 grad,
1204 7108 324 112 Yugo
1612 7104 320 100 Slavi
1936 7140 60 80 a
2024 7188 20 16 .
2212 7104 672 120 (27-28084)
4876 7100 360 104 11261

636 7332 756 152 Reynolds,
1472 7336 500 124 Bruce.

804 7520 404 128 Paris
1272 7520 172 124 wi
1456 7532 56 112 t
1516 7520 92 124 h
1672 7520 228 124 the
1964 7520 44 120 l
2020 7520 140 124 id
2224 7516 456 160 lifted,
2740 7520 180 164 by
2984 7520 444 120 Bruce
3492 7520 700 160 Reynolds
4284 7520 76 144 …
4592 7520 132 124 A
4784 7560 296 80 new
5144 7528 284 112 sort

640 7704 152 128 of
848 7752 72 80 a
980 7704 520 128 "travel
1552 7704 672 128 cocktail"
2276 7704 300 124 that
2632 7700 448 132 works
3136 7700 280 132 fast
3472 7708 272 120 and
3796 7700 380 128 kicks
4232 7704 392 160 hard,
4684 7704 268 124 and
5008 7744 420 120 opens

648 7892 228 128 the
928 7904 380 152 gates
1360 7904 140 112 to
1560 7936 76 80 a
1692 7888 616 128 "million
2360 7888 600 128 dollars"
3016 7892 440 120 worth
3516 7888 156 124 of
3728 7888 728 124 frolic—in
4508 7884 472 164 Paris;
5040 7892 380 120 illus-

640 8080 592 124 trations
1304 8076 184 164 by
1572 8076 184 124 H.
1848 8080 156 120 P.
2104 8072 352 132 Stoll
2552 8076 272 124 and
2912 8072 184 128 H.
3188 8076 160 124 E.
3436 8072 684 128 Kuhlhof.
4304 8072 336 128 New
4732 8072 432 160 York,
5252 8068 168 132 G.

640 8256 396 168 Sully
1108 8264 112 120 &
1288 8304 672 120 company
2052 8256 460 164 [ͨ1927]

808 8460 68 92 4
936 8484 104 88 p.
1096 8460 40 92 l
1148 8528 52 40 .,
1268 8456 200 96 281
1536 8480 104 88 p.
1780 8456 392 112 front.,
2236 8456 312 96 illus.
2688 8456 64 96 2
2760 8456 684 108 0ͨͫ
2944 8532 24 20 .

652 8584 116 108 ©
840 8592 272 96 Dec.
1172 8592 100 108 2,
1336 8592 44 88 1
1404 8588 268 116 927;
1748 8592 64 92 2
1816 8608 56 80 c
1888 8664 20 24 .
1972 8592 228 96 and
2272 8588 196 100 aff.
2536 8592 104 92 D
2648 8616 60 68 e
2716 8616 88 72 c.
2872 8588 64 96 5
2976 8616 20 84 ;
3072 8588 92 96 A
3236 8592 48 88 1
3300 8588 68 92 0
3372 8592 44 88 1
3440 8588 64 96 3
3512 8588 64 92 4
3588 8588 36 92 1
3656 8588 124 112 6;
3864 8588 436 112 George
4380 8588 324 112 Sully
4772 8588 92 96 &
4924 8612 164 72 co.

832 8720 676 116 (27-24643)
4864 8716 360 104 11262

644 8944 680 152 Rummel,
1408 8948 476 124 Erich.

800 9136 268 124 Die
1196 9132 1384 164 asynchronmotoren
2716 9156 84 92 u
2812 9136 184 124 nd
3124 9132 296 124 ihre
3544 9132 912 160 berechnung,
4588 9172 260 80 von
4984 9124 424 128 Erich

644 9320 120 124 R
768 9364 88 80 u
864 9364 352 80 mme
1224 9320 44 124 l
1384 9320 80 144 …
1704 9320 268 124 Mit
2076 9328 156 116 39
2336 9320 1224 160 textabbildungen
3664 9336 88 96 u
3756 9320 192 124 nd
4044 9324 76 116 2
4224 9328 60 112 t
4292 9360 76 80 a
4380 9312 68 124 f
4452 9356 64 80 e
4524 9316 48 120 l
4580 9328 128 108 n.
4888 9312 520 156 Berlin,

636 9504 136 124 J.
836 9504 712 160 Springer,
1608 9508 360 120 1926.

2864 9688 328 128 1676
