5968 10284
836 912 864 156 Mississippi
1708 992 180 16 —
1900 912 792 132 Continued

840 1108 740 124 annotated
1684 1104 184 164 by
1968 1104 628 128 William
2704 1100 928 164 Hemingway
3708 1120 84 136 …
4084 1144 128 80 v.
4328 1104 104 120 1.
4632 1100 1000 168 Indianapolis,

832 1296 292 124 The
1220 1292 1064 128 Bobbs-Merrill
2380 1332 672 120 company
3164 1284 408 164 [1927]

1004 1492 204 116 lix,
1276 1488 276 100 1892
1616 1516 104 92 p.
1856 1488 1092 108 26ͨͫ.

1020 1660 552 116 "Subject
1648 1656 432 100 heads"
2164 1680 148 76 on
2380 1656 876 116 lining-papers.

848 1804 116 112 ©
1052 1836 272 108 May
1396 1832 96 112 4,
1572 1828 336 116 1927;
1988 1832 164 92 2c.
2232 1828 272 116 May
2580 1828 196 112 14;
2860 1852 56 68 a
2932 1824 52 96 f
2976 1824 80 100 f.
3136 1828 272 112 May
3480 1824 200 112 21;
3764 1824 100 96 A
3936 1824 64 96 9
4008 1824 64 96 9
4080 1824 60 96 0
4148 1828 64 92 2
4220 1824 64 96 0
4296 1828 120 116 5;
4504 1828 884 96 Bobbs-Merrill
5468 1852 160 76 co.

1032 1968 672 116 (27-11514)
5144 1960 284 104 4255

836 2192 772 152 Montross,
1688 2188 456 156 Lynn.

1016 2380 292 128 The
1384 2380 300 128 talk
1760 2380 156 124 of
1988 2380 232 124 the
2300 2392 412 148 town,
2792 2380 184 160 by
3048 2380 408 160 Lynn
3540 2376 700 128 Montross
4324 2380 272 124 and
4680 2380 328 124 Lois
5092 2380 548 168 Seyster

848 2568 728 128 Montross.
1756 2568 336 124 New
2176 2568 388 124 York
2644 2568 272 124 and
2996 2568 624 160 London,
3704 2568 556 160 Harper
4336 2572 112 120 &
4524 2568 664 164 brothers,
5276 2568 364 128 1927.

1012 2768 64 96 5
1124 2792 104 92 p.
1280 2768 104 116 1.,
1432 2768 212 96 296
1692 2792 108 92 p.
1940 2768 1152 108 19½ͨͫ.

852 2936 120 116 ©
1048 2944 272 112 May
1384 2940 172 116 20,
1624 2940 336 108 1927;
2040 2944 64 88 2
2108 2960 56 80 c
2180 3012 20 24 .
2272 2940 276 112 May
2616 2936 196 112 11;
2888 2936 196 96 aff.
3160 2940 272 108 May
3500 2936 200 112 23;
3776 2936 96 92 A
3940 2936 480 112 976736;
4500 2936 472 112 Harper
5040 2936 88 96 &
5196 2936 304 100 bros.

1036 3068 672 124 (27-11717)
5144 3068 292 100 4256

844 3304 640 148 Mooney,
1560 3300 460 156 Ralph
2100 3300 160 128 E.

1016 3488 464 128 David
1596 3492 464 160 Rudd,
2168 3492 184 164 by
2464 3488 468 164 Ralph
3044 3488 160 124 E.
3324 3488 628 164 Mooney.
4156 3488 336 124 New
4608 3488 432 160 York,
5148 3488 488 168 Henry

844 3676 260 128 Wa
1116 3692 56 112 t
1180 3720 388 84 erson
1648 3720 676 120 company
2416 3676 160 148 [ͨ
2512 3672 396 152 1927]

1008 3876 72 92 4
1136 3900 108 88 p.
1300 3876 36 92 l
1352 3948 56 40 .,
1464 3872 208 100 272
1728 3900 104 88 p.
1972 3872 756 112 19½ͨͫ.

852 3988 120 120 ©
1052 4012 272 112 May
1396 4008 164 116 10,
1632 4008 340 112 1927;
2048 4012 164 92 2c.
2288 4012 276 112 May
2632 4008 196 112 18;
2912 4008 196 100 aff.
3180 4012 276 108 May
3528 4008 200 112 17;
3804 4008 100 96 A
3976 4008 132 96 99
4116 4008 64 96 0
4188 4008 268 112 182;
4536 4008 404 116 Henry
5016 4012 620 96 Waterson

1012 4172 128 72 co
1156 4224 20 20 .
1344 4144 672 120 (27-11619)
5152 4140 288 104 4257

848 4372 628 152 Morden,
1548 4372 484 152 Harry
2100 4372 532 128 Justin.

1016 4560 356 164 Play
1428 4572 60 112 t
1492 4560 168 128 he
1728 4560 412 164 piano
2204 4560 184 160 by
2452 4604 264 84 ear.
2872 4560 288 124 The
3224 4560 584 124 Morden
3868 4560 556 124 method
4504 4564 84 136 …
4808 4560 396 124 Book
5268 4568 120 152 2,
5468 4612 36 84 [
5512 4564 68 120 3
5600 4640 28 80 ]

988 4756 84 136 …
1156 4744 620 164 London,
1848 4748 292 124 The
2204 4744 580 132 Morden
2852 4748 460 128 school
3376 4744 160 128 of
3596 4748 472 160 music,
4140 4748 244 124 ltd.
4476 4744 368 160 [1927

1008 4948 64 92 2
1136 4972 104 72 v.
1376 4944 432 116 diagrs.
1944 4944 720 108 21½ͨͫ.

1016 5072 1112 108 CONTENTS.—book
2192 5076 96 100 2.
2352 5084 488 92 Lessons
2908 5084 60 92 3
3028 5084 232 92 and
3316 5072 548 108 4.—book
3928 5080 100 100 3.
4092 5084 496 96 Lessons
4652 5080 60 96 5
4772 5084 232 92 and
5068 5084 96 96 6.
5296 5080 292 96 Fina
5600 5084 40 92 l

852 5224 56 88 b
920 5220 252 96 ook.

856 5348 120 116 ©
1052 5356 60 92 1
1096 5372 116 88 c.
1292 5356 284 96 each
1648 5356 276 112 Apr.
2004 5356 92 112 8,
2176 5356 336 112 1927;
2596 5356 100 96 A
2768 5360 148 92 ad
2992 5356 208 96 int.
3280 5356 308 116 9456,
3668 5356 132 96 94
3812 5356 60 96 5
3880 5356 128 112 7;
4092 5356 340 112 pubd.
4512 5356 272 112 Apr.
4864 5356 196 112 12;
5152 5356 480 96 Morden

1012 5492 396 96 school
1468 5492 124 96 of
1656 5492 396 112 music,
2116 5492 212 108 ltd.
4748 5488 332 116 4258,
5124 5484 288 104 4259

852 5720 640 148 Morgan,
1564 5716 376 128 John
2020 5716 328 148 Hill,
2432 5720 412 124 1870-

1020 5904 332 128 Two
1468 5908 380 160 early
1968 5904 668 164 portraits
2756 5904 156 128 of
3032 5904 536 168 George
3680 5904 968 168 Washington,
4772 5904 572 164 painted
5456 5904 184 168 by

852 6084 568 136 Charles
1500 6092 292 128 Wil
1800 6092 48 120 l
1856 6136 240 80 son
2180 6092 456 160 Peale,
2720 6092 180 168 by
2984 6092 376 132 John
3440 6092 316 124 Hill
3840 6096 596 164 Morgan
4504 6104 80 148 …
4856 6092 252 124 Pri
5116 6116 88 100 n
5212 6136 140 84 ce
5360 6108 56 112 t
5424 6140 216 116 on,

852 6276 164 128 N.
1080 6276 132 128 J.
1292 6276 784 136 [Princeton
2136 6276 768 164 university
2968 6284 468 156 press]
3468 6276 364 128 1927.

1016 6468 64 96 3
1140 6496 104 88 p.
1300 6472 44 92 l
1356 6544 52 40 .,
1468 6468 140 96 29
1664 6496 100 88 p.
1908 6472 64 92 2
2036 6476 296 112 port.
2476 6472 64 92 2
2548 6472 684 104 3½ͨͫ
2804 6548 24 20 .

860 6596 116 120 ©
1064 6604 264 96 Feb.
1408 6604 164 116 18,
1648 6604 340 116 1927;
2072 6608 164 100 2c.
2312 6616 232 92 and
2624 6636 64 68 a
2700 6608 52 92 f
2740 6604 84 104 f.
2904 6612 272 112 May
3252 6612 200 112 16;
3532 6612 100 88 A
3712 6608 132 96 99
3852 6608 132 96 00
3996 6612 60 96 8
4064 6608 64 96 0
4168 6636 20 88 ;
4276 6608 624 100 Princeton
4984 6604 652 120 university

1016 6768 360 88 press,
1460 6744 656 112 Princeton,
2192 6744 136 100 N.
2408 6748 108 96 J.
2684 6740 672 124 (27-11680)
5152 6744 288 100 4260

856 6968 520 148 Myers,
1452 6964 280 156 Jay
1800 6968 608 148 Arthur,
2488 6976 320 120 1888
2812 7048 84 16 –

1028 7156 292 128 The
1432 7156 536 128 normal
2080 7156 372 128 chest
2556 7156 160 128 of
2816 7156 232 128 the
3164 7160 388 124 adult
3668 7164 272 124 and
4056 7164 228 120 the
4404 7164 412 156 child,
4928 7164 720 160 including

860 7340 560 164 applied
1484 7356 684 152 anatomy,
2236 7344 564 164 applied
2872 7344 864 164 physiology,
3800 7388 400 124 x-ray
4268 7348 272 124 and
4608 7348 624 164 physical
5300 7348 340 124 find-

860 7528 348 164 ings,
1280 7528 180 164 by
1528 7532 132 128 J.
1732 7532 176 128 A.
1984 7532 464 160 Myers
2548 7536 80 136 …
2752 7532 144 128 in
2968 7532 984 128 collaboration
4024 7536 340 124 with
4444 7532 132 132 S.
4656 7536 416 124 Marx
5132 7532 508 164 White,

860 7716 160 124 R.
1100 7716 160 128 E.
1340 7712 92 136 S
1444 7764 68 80 c
1524 7760 540 84 ammon
2132 7724 80 132 …
2372 7760 44 92 [
2420 7720 268 124 and
2760 7720 496 160 others]
3348 7720 332 124 with
3756 7768 172 76 an
4000 7720 144 124 in
4152 7736 60 112 t
4216 7724 424 124 roduc
4644 7736 60 112 t
4708 7720 228 124 ion
5008 7724 176 160 by
5256 7724 120 120 E
5384 7724 48 120 l
5440 7724 200 124 ias

864 7904 152 128 P.
1112 7904 388 164 Lyon
1576 7904 84 144 …
1972 7904 804 168 Baltimore,
2872 7908 288 124 The
3248 7908 692 128 Williams
4036 7912 108 124 &
4236 7908 600 128 Wilkins
4928 7952 712 120 company,

864 8092 360 128 1927.

1024 8296 188 104 xv,
1284 8288 208 96 419
1560 8312 104 92 p.
1812 8288 340 112 illus.,
2228 8288 428 120 diagrs.
2800 8292 720 104 23½ͨͫ.

1036 8424 836 96 "References"
1932 8432 124 88 at
2112 8428 220 92 end
2388 8428 124 92 of
2564 8432 308 92 most
2932 8428 124 96 of
3116 8428 196 96 the
3372 8428 576 116 chapters.

868 8540 120 116 ©
1064 8564 272 112 May
1396 8564 100 112 2,
1560 8560 336 112 1927;
1968 8564 164 96 2c.
2200 8564 232 96 and
2500 8564 196 96 aff.
2768 8568 268 108 May
3104 8564 196 112 21;
3376 8564 100 92 A
3536 8564 136 96 99
3680 8564 60 96 0
3752 8564 128 96 21
3888 8564 68 96 0
3992 8592 20 84 ;
4092 8564 580 96 Williams
4744 8564 88 96 &
4900 8560 496 100 Wilkins
5468 8588 164 72 co.

1052 8696 668 120 (27-11793)
5148 8692 284 100 4261

864 8916 532 152 Nason,
1468 8916 644 132 Leonard
2192 8924 176 124 H.

1040 9104 436 124 Three
1552 9104 48 124 l
1612 9104 236 164 igh
1860 9116 60 116 t
1924 9152 60 80 s
2064 9104 364 128 from
2504 9152 72 80 a
2652 9108 496 160 match,
3224 9108 180 164 by
3476 9108 628 124 Leonard
4176 9108 188 132 H.
4440 9108 284 128 Nas
4732 9148 76 88 o
4816 9148 88 96 n
4976 9104 80 136 …
5300 9104 332 136 New

888 9288 412 160 York,
1368 9288 532 168 George
1964 9292 180 128 H.
2216 9292 468 140 Doran
2756 9336 672 124 company
3504 9308 84 120 [ͨ
3600 9292 396 156 1927]

1032 9484 208 108 308
1284 9508 104 108 p.
1532 9480 720 128 19½ͨͫ.

3152 9624 236 128 648
