5984 10352
4812 644 204 100 698

260 1032 612 132 Pardillo
944 1068 92 116 y
1108 1028 608 152 Vaquer,
1800 1020 792 128 Francisco.

432 1224 780 128 Elementos
1300 1216 168 124 de
1548 1208 760 164 mineralog
2320 1212 44 120 í
2376 1256 76 76 a
2536 1252 84 120 y
2708 1208 480 160 geolog
3200 1208 44 120 í
3260 1248 72 80 a
3424 1200 760 164 adaptados
4276 1204 132 124 al
4496 1244 136 80 m
4632 1212 76 120 é
4708 1200 324 124 todo

268 1412 220 124 del
568 1404 628 168 profesor
1272 1400 248 124 Dr.
1612 1400 332 128 Otto
2036 1392 592 132 Schmeil
2716 1436 256 120 por
3056 1392 120 124 el
3260 1392 244 124 Dr.
3592 1388 732 124 Francisco
4404 1384 632 128 Pardillo

444 1612 80 128 …
604 1592 792 156 Barcelona,
1468 1584 164 132 G.
1716 1584 332 164 Gili,
2128 1584 360 124 1926.

440 1792 64 96 2
576 1820 104 88 p.
752 1792 112 112 1.,
936 1788 208 96 162
1212 1812 108 88 p.
1492 1784 36 92 i
1540 1788 144 116 ll
1632 1808 204 88 us.,
1960 1796 144 108 II
2076 1780 208 96 col.
2360 1804 76 88 p
2436 1780 40 88 l
2488 1852 24 24 .
2588 1800 60 72 o
2652 1800 80 72 n
2804 1776 60 92 1
2936 1780 72 92 1.
3152 1772 1076 128 23ͨͫ.

272 1944 124 120 ©
464 1964 240 92 Oct.
768 1964 96 104 1,
924 1956 200 96 192
1132 1956 64 92 6
1224 1972 28 76 :
1320 1956 128 88 1c
1464 2028 16 20 .
1540 1952 104 92 N
1652 1980 140 64 ov
1804 2028 20 16 .
1888 1952 64 88 2
1960 1948 60 96 9
2060 1972 24 88 ;
2152 1952 96 88 A
2248 2004 148 8 —
2396 1948 164 92 Fo
2572 1944 320 112 reign
2952 1944 64 88 3
3024 1944 276 92 2312
3328 1964 28 80 ;
3432 1944 520 96 Gustavo
4020 1944 88 92 G
4120 1944 36 88 i
4164 1944 36 88 l
4204 1948 36 88 i
4264 2016 16 24 .

460 2096 188 116 (27
648 2148 76 12 –
728 2092 328 112 5467)
4636 2068 208 104 692

272 2320 564 148 Patton,
908 2316 368 128 John
1356 2308 980 152 Woodbridge,
2420 2316 316 116 1843
2744 2384 88 12 –
2844 2308 356 124 1921.

432 2504 624 128 Practice
1148 2500 144 124 in
1380 2500 232 124 the
1716 2492 496 132 Courts
2304 2488 152 132 of
2548 2536 616 80 common
3260 2492 376 160 pleas
3736 2484 156 132 of
3984 2484 1064 168 Pennsylvania,

280 2692 164 164 by
516 2688 372 132 John
1064 2708 104 132 W.
1240 2688 268 120 Pat
1512 2696 60 112 t
1576 2724 176 84 on
1824 2680 268 124 and
2164 2676 488 164 Henry
2720 2680 164 120 B.
2956 2676 516 124 Patton
3536 2704 80 132 …
3860 2676 176 124 2d
4112 2676 248 160 ed.,
4432 2716 140 84 re
4580 2716 84 84 v
4676 2772 28 28 .
4780 2676 268 124 and

272 2920 160 80 en
440 2876 48 124 l
500 2972 72 64 .,
640 2872 184 164 by
892 2868 516 132 Robert
1476 2868 156 124 L.
1704 2868 508 160 Myers,
2284 2860 168 164 jr.
2532 2860 272 128 and
2876 2860 368 128 Fred
3324 2856 136 136 S.
3536 2860 416 128 Reese
4048 2880 80 132 …
4352 2856 696 132 Philadel-

272 3060 372 160 phia,
704 3056 532 164 George
1292 3052 152 124 T.
1508 3048 372 128 Bisel
1940 3088 712 124 company,
2724 3048 360 128 1927.

432 3276 100 88 L,
596 3248 204 96 749
860 3276 104 88 p.
1104 3244 64 96 2
1176 3248 1360 120 3½ͨͫ.

284 3392 124 116 ©
468 3416 264 96 Jan.
792 3416 164 108 24,
1020 3412 276 96 1927
1324 3428 28 80 ;
1428 3412 160 96 2c.
1652 3416 228 92 and
1944 3412 196 96 aff.
2204 3412 264 96 Feb.
2536 3412 124 112 2;
2732 3412 100 92 A
2892 3412 140 96 96
3032 3412 204 96 339
3244 3412 64 96 0
3348 3436 24 88 ;
3444 3412 440 112 George
3940 3412 128 96 T.
4136 3412 320 96 Bisel
4520 3436 156 72 co.

468 3552 600 116 (27–2621)
4648 3544 204 96 693

280 3776 524 152 Pound,
884 3776 368 128 Ezra
1320 3772 604 152 Loomis,
2012 3776 312 120 1885
2332 3852 84 12 –

452 3964 516 124 Person
980 4004 44 84 æ
1096 4060 28 64 ,
1240 3964 232 124 the
1588 3960 640 124 collected
2352 4004 464 116 poems
2936 3956 148 128 of
3204 3960 360 124 Ezra
3684 3960 540 160 Pound,
4340 3956 720 168 including

288 4148 676 168 Ripostes,
1020 4148 544 160 Lustra,
1624 4148 632 164 Homage
2312 4160 140 108 to
2520 4144 492 132 Sextus
3068 4144 852 164 Propertius,
3976 4148 184 120 H.
4228 4144 132 132 S.
4424 4144 632 128 Mauber-

284 4340 252 160 ley.
692 4336 332 124 New
1096 4336 432 160 York,
1600 4336 352 124 Boni
2028 4340 104 116 &
2200 4332 768 164 Liveright,
3044 4336 356 124 1926.

456 4536 64 92 8
576 4560 108 88 p.
740 4536 108 108 1.,
912 4532 68 96 3
984 4584 72 12 –
1052 4532 208 96 231
1320 4556 104 88 p.
1564 4532 396 112 front.,
2032 4532 412 112 plates.
2584 4524 1080 116 23ͨͫ.

296 4696 120 116 ©
484 4704 268 92 Dec.
824 4700 168 112 22,
1064 4700 132 96 19
1204 4700 132 92 26
1380 4724 20 88 ;
1476 4700 156 96 2c.
1708 4700 260 96 Jan.
2048 4708 60 92 8
2116 4776 20 20 ,
2212 4700 132 92 19
2352 4704 132 92 27
2524 4724 24 88 ;
2624 4724 60 68 a
2700 4700 124 96 ff.
2892 4704 272 92 Dec.
3236 4700 164 112 29,
3480 4700 200 96 192
3688 4700 64 92 6
3792 4724 24 88 ;
3892 4704 96 88 A
4056 4700 64 96 9
4124 4700 64 92 6
4196 4700 340 112 3232;
4612 4700 292 92 Boni
4980 4704 80 92 &

456 4836 628 116 Liveright,
1140 4836 216 96 inc.
1528 4836 596 116 (27–1691)
4656 4832 204 96 694

284 5064 636 152 Railway
996 5060 636 156 training
1700 5060 716 148 institute,
2500 5060 640 164 Chicago.

536 5252 76 144 …
688 5252 260 124 Air
1020 5252 420 124 brake
1516 5252 660 160 practice;
2264 5292 76 80 a
2420 5248 660 164 practical
3156 5248 652 128 textbook
3880 5244 228 132 for
4180 5248 232 128 the
4484 5252 576 124 instruc-

296 5440 288 124 tion
684 5436 152 128 of
936 5436 208 124 air
1240 5436 420 124 brake
1764 5480 348 116 men,
2212 5436 580 164 helpers,
2892 5436 268 124 and
3276 5436 860 164 apprentices
4240 5436 144 124 in
4484 5436 580 164 railway

296 5628 580 156 employ,
1000 5624 268 124 and
1392 5624 456 124 others
1968 5624 728 124 interested
2824 5624 148 120 in
3088 5620 232 128 the
3440 5620 756 164 operation,
4324 5664 344 120 care,
4792 5620 272 128 and

292 5812 940 120 maintenance
1312 5808 156 124 of
1556 5808 208 124 air
1844 5808 420 124 brake
2344 5808 824 160 equipment,
3256 5812 676 156 prepared
4020 5812 432 120 under
4540 5808 232 124 the
4852 5852 212 84 su-

296 5992 692 164 pervision
1104 5996 268 124 and
1500 5992 336 128 with
1948 5992 232 128 the
2300 5992 672 164 approval
3088 5992 152 128 of
3364 6036 176 80 an
3660 5992 640 128 editorial
4420 5992 644 164 advisory

296 6180 420 128 board
824 6180 156 124 of
1076 6180 572 160 railway
1752 6180 836 124 mechanical
2688 6180 552 124 officials
3348 6180 84 144 …
3692 6176 648 168 Chicago,
4440 6180 632 164 Railway

300 6368 612 164 training
988 6364 628 128 institute
1700 6368 144 144 [ͨ
1796 6372 320 120 1926
2128 6444 28 80 ]

464 6564 68 96 2
612 6592 104 68 v.
856 6564 344 112 illus.,
1284 6564 432 112 diagrs.
1852 6560 1024 112 22½ͨͫ.
2372 6556 532 116 (Science
2996 6560 124 96 of
3200 6560 556 116 railways
3844 6560 724 116 cyclopedia)

472 6732 628 96 Published
1180 6732 248 92 also
1508 6756 132 68 as
1720 6732 268 112 part
2064 6728 128 96 of
2276 6732 196 92 the
2552 6728 536 116 Railway
3172 6728 480 116 library.

320 6888 108 124 ©
492 6900 100 92 N
600 6924 64 68 o
672 6928 100 68 v.
828 6900 68 92 2
904 6896 64 100 5
976 6972 20 40 ,
1056 6900 204 96 192
1276 6892 68 88 6
1372 6924 24 88 ;
1460 6900 64 88 2
1532 6924 56 68 c
1600 6976 20 20 .
1684 6900 284 92 each
2032 6900 268 96 Dec.
2364 6892 68 88 1
2436 6892 68 92 7
2524 6904 28 84 ;
2628 6900 120 92 af
2744 6900 48 88 f
2800 6924 84 72 s.
2952 6900 68 92 J
3032 6924 52 68 a
3104 6928 112 68 n.
3280 6904 64 84 2
3348 6892 60 88 8
3424 6976 20 20 ,
3512 6900 272 96 1927
3828 6928 24 84 ;
3936 6904 76 88 A
4072 6900 64 96 9
4144 6900 204 96 589
4352 6900 68 92 4
4424 6900 72 96 0
4500 6976 20 32 ,
4592 6900 64 96 9
4664 6888 268 108 5894
4944 6904 124 108 1;

468 7036 536 112 Railway
1068 7036 516 112 training
1640 7036 576 96 institute.
2372 7036 188 112 (27
2564 7088 72 12 –
2640 7036 132 92 24
2764 7044 80 88 8
2856 7036 116 108 5)
4336 7032 244 116 695,
4664 7032 208 100 696

564 7260 76 144 …
716 7256 272 132 Car
1064 7260 336 160 shop
1488 7256 656 164 practice;
2244 7304 76 80 a
2400 7256 660 164 practical
3140 7260 652 124 textbook
3880 7256 224 128 for
4180 7260 232 124 the
4496 7260 572 128 instruc-

312 7444 288 128 tion
704 7444 156 124 of
964 7444 804 160 mechanics,
1872 7444 580 160 helpers,
2564 7444 272 124 and
2948 7444 856 160 apprentices
3912 7444 144 124 in
4160 7444 580 164 railway
4844 7492 228 76 car

308 7636 976 160 departments,
1392 7628 712 168 including
2204 7672 228 84 car
2536 7628 636 164 building
3284 7632 268 124 and
3660 7628 460 164 repair
4220 7632 456 164 shops,
4784 7644 292 148 etc.,

316 7820 664 160 prepared
1064 7820 436 120 under
1572 7816 232 124 the
1888 7816 860 160 supervision
2832 7816 264 124 and
3180 7816 336 124 with
3600 7816 232 124 the
3912 7816 668 160 approval
4660 7816 160 124 of
4896 7864 180 76 an

316 8004 632 124 editorial
1064 8000 640 132 advisory
1812 8000 428 128 board
2356 7996 152 128 of
2624 8000 572 128 railway
3308 8000 836 128 mechanical
4264 8000 544 128 officials
4900 8000 76 148 …

316 8188 640 164 Chicago,
1044 8188 632 160 Railway
1756 8184 620 164 training
2456 8184 628 128 institute
3184 8188 416 156 [ͨ1926
3612 8264 28 80 ]

480 8384 68 92 2
616 8412 100 68 v.
856 8384 344 112 illus.,
1280 8380 428 116 diagrs.
1852 8380 1024 108 22½ͨͫ.
2372 8380 528 116 (Science
2972 8380 124 96 of
3168 8380 556 116 railways
3796 8380 724 116 cyclopedia)

488 8520 624 96 Published
1192 8520 248 92 also
1524 8544 128 68 as
1732 8524 264 104 part
2080 8516 120 96 of
2284 8520 200 92 the
2564 8516 540 112 Railway
3184 8516 476 116 library.

324 8676 120 116 ©
508 8688 284 96 Nov.
852 8684 164 116 25,
1080 8684 328 108 1926;
1480 8688 68 92 2
1552 8704 56 76 c
1624 8764 20 16 .
1712 8688 280 92 each
2048 8688 268 92 Dec.
2380 8688 192 100 17;
2640 8684 260 96 affs.
2968 8688 260 92 Jan.
3292 8688 164 108 28,
3520 8688 60 92 1
3592 8688 68 92 9
3660 8688 64 92 2
3736 8692 68 92 7
3824 8704 28 84 ;
3928 8688 100 92 A
4088 8688 444 96 958943.
4600 8688 132 96 95
4740 8688 64 96 8
4812 8688 264 112 944;

488 8820 532 116 Railway
1072 8820 520 116 training
1636 8820 576 96 institute.
2384 8820 600 116 (27–2482)
4336 8820 244 116 697,
4664 8820 204 96 698

576 9048 76 144 …
728 9048 732 128 Electrical
1540 9092 328 120 prac
1872 9060 60 116 t
1936 9048 264 160 ice;
2284 9096 76 80 a
2440 9092 328 120 prac
2776 9060 60 116 t
2840 9048 264 128 ical
3176 9060 60 116 t
3240 9096 160 80 ex
3408 9060 60 116 t
3472 9048 356 128 book
3904 9048 224 128 for
4204 9052 232 124 the
4512 9048 212 128 ins
4732 9060 60 116 t
4796 9092 160 84 ru
4948 9064 140 96 c-

328 9232 292 124 tion
720 9232 156 128 of
980 9236 576 164 railway
1660 9236 888 160 electricians,
2648 9236 360 124 their
3116 9236 580 160 helpers,
3808 9236 900 160 apprentices,
4820 9236 268 124 and

328 9420 452 128 others
848 9420 144 128 in
1060 9420 576 164 railway
1700 9420 584 164 employ,
2348 9424 676 160 prepared
3092 9424 432 124 under
3588 9420 236 128 the
3892 9420 856 164 supervision
4820 9420 268 128 and

2600 9704 232 128 107
