5952 10400
460 1056 564 144 Gielow,
1108 1044 756 136 Frederick
1944 1044 80 128 J
2760 1044 172 164 jr.

616 1240 616 160 Popular
1308 1236 520 128 outline
1904 1228 156 132 of
2132 1232 512 128 church
2716 1228 580 168 history,
3368 1228 184 168 by
3632 1228 744 128 Frederick
4456 1228 136 132 J.
4676 1228 572 164 Gielow,

448 1428 216 164 jr.,
752 1468 116 84 B.
956 1468 116 84 D.
1248 1420 840 160 Cincinnati,
2180 1420 120 132 O
2320 1520 72 60 .,
2480 1420 292 124 The
2868 1412 704 136 Standard
3668 1412 808 168 publishing
4568 1460 676 124 company

460 1652 136 132 [ͨ
560 1616 324 120 1926
892 1684 28 88 ]

620 1804 212 96 197
884 1828 108 88 p.
1144 1804 132 92 19
1344 1796 612 120 ½ͨͫ
1460 1836 28 56 .

464 1932 120 108 ©
664 1940 272 96 Dec.
1000 1932 168 120 25,
1240 1936 336 116 1926;
1652 1936 164 96 2c.
1884 1936 236 92 and
2188 1932 204 100 aff.
2464 1936 268 92 Dec.
2804 1932 200 116 31;
3080 1932 104 92 A
3248 1932 480 116 958597;
3812 1932 592 100 Standard
4476 1932 260 116 pub.
4808 1956 168 72 co.

644 2072 196 112 (27
844 2124 72 12 –
916 2072 264 112 882)
4900 2064 144 104 38

460 2260 624 152 Gissing,
1168 2264 540 148 George
1784 2256 584 152 Robert,
2452 2256 324 128 1857
2776 2336 88 12 –
2872 2264 364 120 1903.

616 2448 336 128 New
1008 2444 388 136 Grub
1456 2456 456 152 street,
1968 2444 184 168 by
2216 2440 532 168 George
2812 2440 640 168 Gissing;
3516 2440 944 132 introduction
4520 2444 184 136 by
4768 2448 480 164 Harry

448 2632 604 128 Hansen.
1200 2632 332 128 New
1592 2628 436 168 York,
2084 2632 292 128 The
2436 2632 584 128 Modern
3080 2628 536 168 library
3692 2632 428 148 [1926]

624 2836 72 80 x
708 2824 40 96 i
752 2852 72 72 v
832 2900 24 44 ,
956 2824 204 96 552
1256 2852 108 92 p.
1512 2824 616 108 17ͨͫ.
1968 2824 724 120 (Half-title:
2788 2824 240 96 The
3128 2824 484 96 Modern
3708 2824 448 116 library
4256 2824 128 96 of
4480 2828 200 96 the
4784 2824 464 100 world's

452 2964 252 92 best
760 2960 68 96 b
836 2984 136 72 oo
980 2960 196 112 ks)

464 3080 124 116 ©
652 3100 268 96 Dec.
972 3092 164 120 15,
1196 3096 336 112 1926;
1588 3096 160 96 2c.
1804 3100 272 92 Dec.
2128 3096 196 116 22;
2392 3092 196 100 aff.
2648 3096 264 96 Jan.
2972 3092 92 120 5,
3124 3096 340 116 1927;
3524 3092 104 96 A
3680 3092 484 120 958611;
4228 3096 484 100 Modern
4768 3092 484 124 library,

624 3232 220 96 inc.
1012 3232 536 112 (27–877)
4908 3228 144 104 39

464 3420 804 152 Gompertz,
1364 3420 540 128 Martin
2000 3420 440 128 Louis
2528 3420 416 152 Alan,
3052 3428 320 120 1886
3376 3500 84 16 –

616 3612 292 128 The
1016 3612 380 128 voice
1504 3608 160 128 of
1764 3608 612 164 Dashin;
2492 3652 80 84 a
2680 3652 628 84 romance
3424 3608 156 128 of
3688 3608 336 132 wild
4132 3612 832 164 mountains,
5072 3612 180 168 by

448 3792 776 168 "Ganpat",
1288 3792 196 128 M.
1552 3792 160 128 L.
1784 3792 176 128 A.
2032 3792 792 168 Gompertz.
2976 3792 332 132 New
3388 3792 436 168 York,
3896 3792 540 172 George
4508 3796 188 128 H.
4772 3800 484 124 Doran

448 4020 672 124 company
1224 3976 440 164 [ͨ1927]

624 4172 212 100 viii
892 4200 144 88 p.,
1100 4176 60 96 1
1220 4180 44 92 l
1276 4248 52 40 .,
1388 4176 136 92 11
1528 4228 72 12 –
1600 4176 208 96 314
1876 4204 100 88 p.
2128 4176 752 108 19½ͨͫ
2448 4216 28 52 .

468 4276 116 112 ©
664 4308 264 100 Jan.
992 4308 96 116 6,
1156 4308 340 116 1927;
1564 4312 164 96 2c.
1796 4312 232 96 and
2096 4312 128 96 af
2212 4312 84 96 f.
2368 4312 264 96 Jan.
2704 4312 124 112 7;
2900 4312 104 96 A
3064 4312 480 116 963043;
3620 4312 444 116 George
4132 4316 148 100 H.
4352 4316 400 96 Doran
4820 4344 164 72 co.

652 4440 192 116 (27
848 4496 68 12 –
920 4440 264 116 816)
4908 4448 144 104 40

460 4636 592 148 Gruber,
1124 4636 336 124 Max
1528 4676 316 108 von,
1928 4644 316 120 1853
2248 4716 84 16 –

620 4824 644 164 Hygiene
1336 4820 160 128 of
1564 4868 276 116 sex,
1912 4820 184 168 by
2164 4820 244 132 Ma
2416 4868 88 84 x
2576 4868 84 84 v
2668 4868 176 84 on
2924 4824 540 132 Gruber
3560 4824 84 148 …
3772 4828 804 128 authorized
4656 4828 596 164 English

460 5008 860 128 translation.
1500 5008 812 164 Baltimore,
2380 5008 696 136 Williams
3148 5016 112 124 &
3324 5012 608 132 Wilkins
4000 5056 720 124 company,
4804 5020 360 124 1926.

620 5224 80 80 x
708 5208 116 116 ii,
904 5208 208 104 174
1184 5236 108 92 p.
1436 5212 612 104 19ͨͫ.

632 5348 348 96 "New
1052 5348 476 112 edition,
1604 5348 456 96 revised
2140 5348 228 96 and
2444 5348 588 112 enlarged,
3112 5344 664 112 December,
3852 5348 380 96 1926."

472 5456 120 120 ©
656 5484 272 92 Dec.
980 5480 168 112 27,
1204 5476 340 116 1926;
1604 5476 160 96 2c.
1820 5480 232 92 and
2108 5476 200 100 aff.
2368 5480 264 92 Jan.
2692 5476 96 116 3,
2852 5476 336 116 1927;
3256 5480 96 92 A
3412 5476 484 120 957939;
3964 5480 580 100 Williams
4604 5484 88 96 &
4756 5484 504 96 Wilkins

628 5640 164 72 co.
960 5612 192 116 (27
1152 5668 76 12 –
1228 5612 336 116 1110)
4912 5616 140 100 41

456 5804 696 152 Gunther,
1220 5804 420 128 John.

628 5992 288 128 The
1000 5992 240 128 red
1324 5992 660 164 pavilion,
2064 5992 180 164 by
2324 5992 376 128 John
2788 5992 672 132 Gunther.
3636 5992 332 128 New
4060 5996 392 124 York
4540 5996 268 128 and
4896 5996 352 128 Lon-

460 6180 316 160 don,
848 6176 564 168 Harper
1480 6180 112 124 &
1664 6176 672 164 brothers,
2416 6184 360 120 1926.

624 6380 68 96 2
700 6380 60 96 6
768 6380 64 96 9
908 6412 104 88 p.
1152 6380 752 120 19½ͨͫ
1480 6456 28 24 .

472 6452 120 116 ©
664 6480 268 128 Dec.
996 6508 172 116 10,
1228 6512 340 112 1926;
1636 6512 164 96 2c.
1868 6512 268 96 Dec.
2204 6512 200 112 11;
2476 6508 196 100 aff.
2748 6512 268 96 Dec.
3080 6512 44 88 1
3156 6464 64 92 3
3256 6536 24 88 ;
3348 6508 100 92 A
3512 6508 276 100 9586
3796 6512 64 92 6
3868 6512 124 112 7;
4068 6512 104 96 J.
4244 6512 560 120 Gunther,
4880 6516 376 100 Paris.

656 6648 192 116 (27
848 6700 80 16 –
928 6644 336 120 1100)
4912 6648 144 96 42

460 6836 796 152 Heilmann,
1332 6836 692 148 Gerhard,
2104 6844 316 116 1859
2432 6912 84 16 –

632 7024 296 128 The
992 7024 460 164 origin
1520 7020 156 128 of
1740 7020 428 160 birds,
2236 7020 180 164 by
2492 7020 632 132 Gerhard
3200 7020 796 164 Heilmann,
4064 7024 340 128 with
4472 7036 272 116 two
4816 7024 440 164 plates

476 7216 132 120 in
708 7212 464 124 colour
1264 7212 268 124 and
1628 7252 252 84 one
1972 7212 628 120 hundred
2696 7212 272 120 and
3068 7204 384 168 forty
3548 7212 952 160 photographs
4592 7212 272 128 and
4964 7228 292 116 text

472 7396 496 164 figures
1052 7396 368 124 from
1500 7396 700 160 drawings
2272 7396 184 160 by
2536 7396 232 124 the
2844 7396 532 124 author.
3544 7396 332 128 New
3960 7396 432 164 York,
4472 7396 176 128 D.
4732 7400 516 164 Apple-

464 7600 236 112 ton
764 7584 268 124 and
1096 7624 720 124 company,
1880 7576 360 132 1927.

640 7784 120 96 vi
824 7808 140 92 p.,
1036 7784 60 92 1
1168 7784 40 92 l
1220 7856 52 40 .,
1352 7780 236 112 209,
1680 7772 32 88 [
1712 7776 52 88 1
1772 7828 32 68 ]
1880 7808 104 88 p.
2128 7784 208 92 col.
2404 7780 396 112 front.,
2872 7780 340 112 illus.,
3296 7780 380 116 plates
3736 7780 120 112 (1
3936 7780 272 112 col.)
4368 7780 616 112 24ͨͫ.

644 7916 876 100 "Literature":
1592 7924 128 88 at
1780 7920 224 92 end
2068 7916 124 96 of
2252 7916 292 96 each
2608 7924 304 108 part.

648 8060 160 96 CO
816 8060 604 108 NTENTS.—
1532 8056 332 96 Some
1964 8056 348 92 fossil
2408 8052 1204 116 birds.—Embryonic
3716 8060 396 108 stages
4212 8056 124 96 of
4436 8056 480 116 reptiles
5020 8056 232 100 and

484 8192 840 100 birds.—Some
1412 8188 708 100 anatomical
2208 8192 232 96 and
2524 8188 616 116 biological
3228 8192 712 96 data.—The
4028 8188 600 120 proavian.

480 8316 124 120 ©
668 8328 264 96 Jan.
992 8328 92 116 7,
1148 8328 340 116 1927;
1552 8324 160 100 2c.
1772 8328 232 92 and
2064 8324 200 100 aff.
2332 8328 264 96 Jan.
2656 8324 196 112 11;
2924 8324 104 96 A
3088 8324 480 116 958657;
3636 8328 140 92 D.
3844 8324 572 120 Appleton
4480 8324 88 100 &
4628 8352 168 72 co.

668 8460 600 116 (27–1127)
4916 8456 144 104 43

476 8652 644 148 Herrick,
1204 8652 592 128 Charles
1860 8652 588 148 Judson,
2536 8656 316 120 1868
2856 8728 88 12 –

644 8840 672 124 Fatalism
1416 8884 152 80 or
1672 8836 684 164 freedom;
2468 8880 76 84 a
2644 8836 760 128 biologist's
3508 8880 560 120 answer,
4172 8836 184 164 by
4460 8832 152 136 C.
4724 8836 540 128 Judson

476 9020 640 128 Herrick
1180 9072 36 68 …
1440 9024 332 124 New
1840 9024 432 160 York,
2332 9024 216 124 W.
2608 9024 220 124 W.
2896 9024 536 124 Norton
3496 9028 108 120 &
3664 9064 68 84 c
3740 9064 644 120 ompany,
4444 9020 40 124 i
4496 9060 92 84 n
4596 9060 68 84 c
4676 9120 28 24 .
4784 9024 464 152 [ͨ1926]

644 9204 116 108 vi
824 9244 132 88 p.,
1024 9216 60 92 1
1144 9220 40 88 l
1200 9292 52 40 .,
1316 9216 68 96 9
1388 9272 68 8 –
1460 9212 132 100 96
1660 9244 100 88 p.
1904 9212 616 112 17ͨͫ.
2336 9212 272 120 [The
2676 9240 256 68 new
2996 9212 444 96 science
3512 9212 392 116 series,
3972 9212 176 96 ed.
4212 9212 152 116 by
4424 9208 88 100 C
4528 9288 20 20 .
4612 9200 108 100 K
4736 9288 20 20 .
4828 9208 436 120 Ogden.

476 9352 224 96 vol.
792 9372 204 84 III
860 9376 48 68 ]

488 9460 124 108 ©
680 9484 248 100 Oct.
992 9484 168 112 15,
1228 9484 336 112 1926;
1640 9484 164 96 2c.
1872 9484 232 96 and
2168 9480 200 100 aff.
2440 9484 264 96 Jan.
2772 9480 164 116 25,
3016 9480 336 116 1927;
3432 9484 100 88 A
3600 9476 484 120 958879;
4164 9484 172 96 W.
4408 9484 172 96 W.
4652 9480 452 96 Norton
5172 9476 92 104 &

644 9644 132 72 co
788 9692 56 40 .,
920 9616 216 100 inc.
1304 9616 676 116 (27–26027)
4916 9608 148 100 44

2836 9740 76 128 7

5116 676 132 100 44
