5920 10300
396 888 712 148 Academy
1172 884 152 124 of
1392 884 612 152 political
2072 884 588 148 science,
2724 884 328 124 New
3132 884 420 124 York.

684 1072 72 144 …
828 1068 828 168 Stabilizing
1752 1068 672 156 business;
2540 1112 72 80 a
2720 1068 404 128 series
3224 1068 152 128 of
3484 1068 692 128 addresses
4280 1068 264 124 and
4652 1112 492 116 papers

400 1256 704 164 presented
1164 1268 140 112 at
1356 1256 224 124 the
1636 1256 900 124 semi-annual
2588 1256 596 160 meeting
3236 1252 152 128 of
3440 1256 228 124 the
3724 1252 704 164 Academy
4480 1252 148 128 of
4680 1252 460 164 politi-

400 1448 204 120 cal
676 1444 508 124 science
1268 1440 136 124 in
1484 1440 228 128 the
1788 1440 280 128 city
2148 1436 152 128 of
2380 1440 328 124 New
2788 1440 424 160 York,
3292 1440 412 164 April
3792 1448 112 148 8,
3992 1436 364 164 1927,
4432 1440 452 124 edited
4964 1436 180 168 by

396 1628 520 124 Parker
976 1628 592 124 Thomas
1628 1628 452 124 Moon.
2272 1628 376 156 [New
2708 1624 428 160 York]
3208 1628 288 124 The
3552 1624 700 164 Academy
4312 1620 156 132 of
4528 1620 608 168 political

388 1812 544 160 science,
1020 1812 708 128 Columbia
1812 1808 796 164 university,
2696 1812 356 128 1927.

560 2012 152 112 xi,
804 2012 196 92 152
1092 2036 104 88 p.
1344 2008 428 116 diagrs.
1924 2004 648 116 22ͨͫ.
2384 2008 228 116 (Its
2708 2004 764 116 Proceedings
3560 2020 72 104 …
3772 2004 220 104 vol.
4192 2020 216 104 XII,
4380 2028 76 72 n
4468 2028 56 72 o
4540 2084 20 16 .
4644 2008 96 104 3,
4836 2004 308 116 July,

392 2144 328 112 1927)

560 2312 552 100 CONTENT
1124 2336 52 68 S
1196 2388 16 16 .
1320 2364 44 12 —
1368 2308 544 100 Preface:
2028 2312 464 92 Annual
2600 2308 504 116 meeting
3236 2308 904 120 (forty-seventh
4252 2308 336 116 year)
4720 2308 124 96 of
4956 2304 192 100 the

396 2448 576 112 Academy
1036 2448 124 96 of
1220 2448 524 112 political
1808 2444 476 116 science,
2348 2444 280 96 New
2696 2444 316 100 York
3072 2444 268 116 city,
3408 2444 324 116 April
3804 2444 96 116 8,
3972 2440 304 104 1927.
4280 2496 144 16 —
4428 2440 724 120 Purchasing

396 2608 384 92 power
864 2588 224 92 and
1176 2584 528 96 business
1792 2580 1056 116 stability.—Some
2932 2580 836 100 international
3864 2588 452 108 aspects
4408 2580 124 96 of
4616 2580 536 96 business

396 2716 1484 116 stability.—Government
1984 2716 820 116 expenditures
2904 2720 224 92 and
3228 2716 532 100 business
3860 2716 564 112 stability.
4428 2772 144 12 —
4572 2716 240 100 The
4912 2716 240 96 fed-

392 2856 244 92 eral
708 2880 452 72 reserve
1228 2860 436 108 system
1732 2856 228 96 and
2028 2852 532 100 business
2628 2852 568 116 stability.

404 3012 92 120 ©
596 3024 304 92 June
964 3020 168 116 29,
1204 3020 208 96 192
1416 3024 60 92 7
1516 3048 20 84 ;
1616 3024 160 96 2c.
1848 3024 232 92 and
2156 3020 196 100 aff.
2424 3024 268 100 Dec.
2772 3024 60 92 5
2872 3048 24 84 ;
2976 3024 100 88 A
3148 3024 56 88 1
3220 3020 200 96 013
3428 3024 64 88 4
3496 3024 64 92 3
3572 3024 124 108 7;
3776 3024 580 108 Academy
4436 3020 120 96 of
4632 3016 520 120 political

556 3156 480 96 science.
1200 3156 672 116 (27-26962)
4576 3152 352 100 10629

392 3376 580 152 Adams,
1048 3376 488 132 James
1604 3380 672 152 Truslow,
2360 3384 320 124 1878
2684 3460 80 16 –

640 3568 80 136 …
800 3568 788 124 Provincial
1660 3568 544 160 society,
2288 3576 320 116 1690
2612 3648 84 12 –
2704 3568 360 156 1763,
3144 3568 180 160 by
3392 3568 464 128 James
3928 3568 624 124 Truslow
4632 3568 520 128 Adams

480 3760 84 132 …
732 3752 332 124 New
1160 3752 428 156 York,
1684 3752 288 128 The
2068 3752 800 128 Macmillan
2968 3796 704 124 company,
3772 3752 360 128 1927.

568 3944 248 96 xvii
888 3968 136 92 p.,
1100 3944 56 96 1
1232 3948 36 92 l
1288 4020 52 40 .,
1412 3944 208 96 374
1692 3972 100 92 p.
1936 3948 392 112 front.,
2404 3948 408 116 plates,
2892 3956 388 108 ports.,
3360 3948 456 100 facsim.
3956 3948 720 104 22½ͨͫ.
4472 3948 156 116 (A
4712 3948 448 116 history

408 4080 120 96 of
588 4076 616 100 American
1264 4080 244 116 life,
1572 4084 220 96 vol.
1964 4080 192 112 III)

576 4212 548 100 "Critical
1192 4240 336 88 essay
1584 4244 144 68 on
1788 4212 840 100 authorities":
2692 4240 104 88 p.
2852 4216 344 96 324–3
3208 4216 60 96 5
3280 4216 96 100 6.

456 4356 72 112 ©
600 4348 248 96 Nov
860 4428 20 16 .
952 4352 132 92 22
1084 4396 28 60 ,
1188 4348 204 96 192
1404 4352 60 92 7
1504 4376 20 84 ;
1604 4352 64 92 2
1676 4376 56 68 c
1744 4428 20 20 .
1836 4352 232 92 and
2140 4376 60 68 a
2216 4352 36 92 f
2252 4352 56 92 f
2316 4432 20 16 .
2408 4352 284 96 Nov.
2768 4352 64 92 2
2832 4352 64 96 3
2928 4372 32 80 ;
3048 4352 96 92 A
3212 4352 60 92 1
3284 4348 68 96 0
3356 4352 56 92 1
3424 4352 68 96 0
3496 4352 264 112 531;
3848 4356 116 92 M
3972 4352 344 96 acmil
4320 4352 40 92 l
4368 4380 148 68 an
4592 4384 52 64 c
4656 4384 60 64 o
4732 4432 20 20 .

588 4484 668 116 (27-24316)
4600 4484 356 104 10630

404 4708 500 148 Allain,
988 4708 568 152 Marcel,
1644 4716 316 120 1885
1968 4792 80 12 –

640 4896 84 144 …
808 4896 288 128 The
1176 4940 576 120 revenge
1828 4896 152 124 of
2056 4900 356 120 Fant
2416 4900 80 116 ô
2512 4940 328 116 mas,
2920 4896 184 128 by
3176 4900 460 124 Marce
3648 4904 44 120 l
3768 4900 548 132 Allain:
4400 4908 752 124 translated

404 5080 172 168 by
648 5080 504 128 Alfred
1232 5084 540 124 Allison
1864 5096 132 144 [!]
2188 5084 1020 160 Philadelphia,
3280 5088 288 156 Pa.,
3644 5084 460 128 David
4180 5092 552 160 McKay
4812 5136 348 80 com-

408 5312 364 116 pany
856 5276 168 152 [ͨ
952 5268 324 124 1927
1284 5348 28 80 ]

564 5468 68 88 2
696 5492 100 88 p.
856 5468 36 92 l
912 5540 52 40 .,
1036 5468 60 92 7
1096 5520 72 12 –
1172 5464 204 100 319
1436 5492 100 88 p.
1684 5460 716 108 19½ͨͫ.
2200 5468 356 108 (Fant
2568 5468 60 96 ô
2640 5492 252 72 mas
2956 5468 568 96 detective
3588 5472 460 108 novels)

408 5580 120 120 ©
604 5604 104 92 N
720 5628 56 68 o
788 5628 100 68 v.
960 5604 92 112 7,
1132 5604 200 92 192
1348 5604 56 92 7
1444 5628 24 88 ;
1544 5604 64 92 2
1616 5632 56 68 c
1684 5676 24 24 .
1784 5604 232 96 and
2092 5604 168 96 aff
2268 5684 20 20 .
2364 5604 284 100 Nov.
2724 5604 60 96 2
2796 5604 64 96 6
2896 5628 20 88 ;
3000 5604 96 92 A
3172 5604 60 92 1
3244 5600 68 96 0
3316 5604 56 92 1
3384 5604 200 96 055
3596 5608 124 112 7;
3804 5608 176 92 Da
3992 5636 68 68 v
4068 5608 120 96 id
4268 5612 180 96 Mc
4460 5604 104 88 K
4576 5636 60 72 a
4640 5616 72 88 y
4796 5640 124 68 co
4940 5692 16 20 .

592 5736 668 116 (27-24346)
4604 5744 352 100 10631

408 5960 752 132 American
1244 5960 508 156 digest.

568 6152 1304 160 Descriptive-word
1944 6152 408 124 index
2420 6152 268 124 and
2760 6152 360 124 table
3188 6148 152 128 of
3408 6196 360 80 cases
3836 6152 636 164 affirmed,
4544 6168 620 120 reversed

404 6380 152 80 or
652 6332 684 164 modified,
1436 6336 640 164 covering
2176 6332 584 132 Current
2868 6336 444 164 digest
3440 6336 796 164 (American
4340 6344 448 164 digest
4888 6396 276 116 sys-

408 6520 336 164 tem)
920 6564 120 80 v.
1120 6532 108 148 1,
1304 6528 320 116 1926
1696 6524 496 120 annual
2268 6520 556 144 edition,
2896 6564 120 80 v.
3088 6528 120 136 2,
3284 6528 316 120 1927
3672 6528 904 124 semi-annual
4644 6536 524 124 edition

584 6716 80 132 …
744 6704 196 128 St.
1016 6708 392 156 Paul,
1476 6704 380 128 West
1932 6704 800 164 publishing
2796 6748 236 120 co.,
3108 6708 356 124 1927.

576 6904 64 92 2
648 6900 132 96 05
852 6908 100 88 p.
1092 6900 68 92 2
1164 6896 648 112 5½ͨͫ
1424 6976 20 20 .

420 7024 116 116 ©
624 7036 64 96 S
704 7044 224 108 ept.
1004 7036 164 112 13,
1248 7032 336 112 1927;
1660 7036 64 92 2
1736 7060 56 68 c
1804 7116 20 16 .
1900 7036 104 92 N
2016 7064 56 68 o
2084 7060 100 72 v.
2260 7036 196 112 22;
2540 7060 64 72 a
2616 7036 32 92 f
2656 7040 44 92 f
2716 7112 20 20 .
2812 7036 284 96 Nov.
3172 7036 196 112 23;
3452 7040 100 92 A
3632 7036 196 96 101
3836 7044 64 92 3
3908 7044 64 88 2
3980 7044 64 92 5
4048 7048 60 88 1
4152 7072 20 84 ;
4260 7048 140 88 W
4408 7056 172 88 est
4660 7076 152 88 pu
4820 7052 64 92 b
4900 7128 20 20 .
5000 7076 128 72 co
5144 7132 20 20 .

4604 7180 360 104 10632

412 7292 860 152 Anthologia
1344 7332 552 112 graeca.
2072 7296 780 124 Selections.
3032 7296 624 160 English.

584 7476 500 132 Others
1228 7480 392 124 abide
1780 7520 40 96 [
1816 7480 180 160 by
1992 7524 36 92 ]
2196 7480 688 124 Humbert
3028 7480 500 128 Wolfe.
3708 7488 616 164 London,
4468 7496 156 124 E.
4776 7500 388 124 Benn

416 7668 568 156 limited,
1064 7668 352 124 1927.

584 7860 236 116 118,
896 7852 124 108 [1]
1100 7888 104 88 p.
1348 7860 612 108 22ͨͫ.

580 7992 436 100 "These
1084 7996 764 96 translations
1912 8020 196 68 are
2176 7996 120 92 in
2360 7996 196 92 the
2624 7996 332 92 order
3024 7996 124 96 of
3208 7996 196 96 the
3472 8000 296 96 Loeb
3840 8004 436 100 edition
4344 8012 124 92 of
4536 8016 192 92 the
4800 8016 372 96 Greek

412 8128 624 116 anthology
1132 8128 1224 120 (Heinemann)."—N
2364 8156 56 68 o
2432 8132 148 92 te.

420 8256 124 116 ©
612 8280 44 88 1
656 8280 112 88 c.
840 8264 284 96 Nov.
1188 8264 164 112 12,
1424 8264 332 104 1927;
1832 8264 100 92 A
2000 8264 148 96 ad
2216 8264 204 96 int.
2492 8264 60 92 1
2564 8264 64 96 0
2636 8264 260 108 227;
2976 8288 72 92 p
3056 8288 68 72 u
3136 8264 180 100 bd.
3392 8268 304 116 Sept.
3768 8272 196 112 16;
4044 8276 440 116 George
4556 8284 144 96 H.
4772 8284 400 96 Doran

580 8428 188 80 co.,
848 8400 280 92 New
1196 8396 344 96 York.
1708 8396 672 116 (27-24815)
4608 8416 356 100 10633

420 8620 1152 148 Ashton-Wolfe,
1648 8620 176 124 H.

588 8804 404 132 Cases
1072 8804 364 128 from
1508 8848 232 120 my
1812 8804 860 128 crime-book.
2836 8852 212 80 no.
3132 8816 112 116 6.
3324 8812 372 124 Herr
3776 8816 860 140 Grünenthal
4716 8828 156 128 of
4944 8828 228 132 the

420 8992 860 124 Reichsbank
1344 8992 272 124 and
1680 8988 216 124 his
1960 8988 440 164 tragic
2468 8992 336 120 love.

604 9188 200 116 (In
880 9176 440 108 Strand
1392 9172 656 124 magazine,
2132 9176 360 124 Sept,
2576 9176 340 120 1927)

428 9316 120 116 ©
624 9336 40 88 1
680 9344 100 76 c.
856 9320 244 96 Oct.
1172 9320 168 112 21,
1412 9316 336 112 1927;
1824 9316 96 96 A
1996 9320 148 92 ad
2216 9320 120 92 in
2348 9324 44 88 t
2404 9392 20 20 .
2496 9320 60 92 1
2568 9320 68 92 0
2640 9316 264 112 123;
2984 9320 340 116 pubd.
3400 9328 284 112 Aug.
3760 9328 196 112 26;
4044 9332 472 120 Christy
4588 9344 88 92 &
4748 9344 388 96 Moore
5148 9424 24 16 ,

580 9460 244 112 ltd.,
892 9460 504 92 London.
4620 9472 356 112 10634

2640 9588 320 120 1585
