5920 10300
448 1112 904 152 Hugenberg,
1428 1104 492 128 Alfred
1932 1180 184 20 —
2124 1100 768 132 Continued

608 1312 64 96 5
736 1336 104 88 p.
904 1312 36 92 l
956 1384 52 40 .,
1076 1308 64 96 3
1148 1308 160 108 11,
1388 1308 128 100 [1]
1592 1332 100 88 p.
1828 1304 756 116 23½ͨͫ.

616 1448 156 92 "E
784 1444 36 96 i
828 1472 140 68 ne
1024 1440 656 112 sammlung
1732 1464 264 68 vers
2000 1460 56 72 c
2060 1436 552 96 hiedener
2664 1428 1036 116 aufzeichnungen,
3756 1428 376 96 briefe
4188 1428 232 96 und
4480 1452 152 68 au
4636 1420 56 96 f
4700 1452 52 68 s
4760 1424 64 96 ä
4836 1428 180 92 tze
5108 1440 76 108 …

452 1608 252 72 zum
760 1580 204 96 teil
1016 1576 352 100 schon
1420 1572 412 116 früher
1888 1600 152 68 an
2092 1572 896 96 verschiedenen
3044 1568 416 96 stellen
3520 1592 68 68 v
3596 1580 220 88 erö
3800 1560 88 96 ff
3892 1556 1312 104 entlicht."—Vorwort.

456 1712 116 116 ©
656 1720 260 92 Jan.
988 1716 164 112 12,
1228 1712 336 112 1927;
1644 1724 160 92 1c.
1880 1712 292 96 Mar.
2248 1712 196 108 18;
2528 1704 740 116 A—Foreign
3340 1704 64 92 3
3412 1700 340 112 4068;
3828 1704 460 108 August
4364 1700 432 112 Scherl,
4876 1724 100 88 g.
5056 1728 140 80 m.

616 1856 104 96 b.
796 1856 108 92 h.
1072 1844 664 120 (27-11065)
4724 1828 280 100 3927

464 2072 928 148 Hutchinson,
1472 2064 596 128 Horatio
2140 2064 604 148 Gordon,
2824 2072 320 116 1859
3144 2144 84 12 –

628 2260 292 124 The
980 2256 544 160 foreign
1584 2264 676 148 secretary
2324 2248 300 128 who
2688 2248 704 160 vanished,
3452 2244 176 168 by
3696 2244 540 124 Horace
4300 2244 164 128 G.
4528 2244 680 124 Hutchin-

468 2488 268 80 son.
920 2440 612 156 London,
1596 2436 876 128 Hutchinson
2540 2440 108 120 &
2712 2476 232 120 co.,
3012 2432 244 128 ltd.
3344 2428 408 164 [1927]

628 2640 212 96 284
904 2664 104 88 p.
1148 2636 684 112 19½ͨͫ.

468 2748 116 112 ©
668 2772 44 88 1
712 2772 108 100 c.
900 2776 272 112 Apr.
1244 2772 160 112 30,
1480 2772 336 108 1927;
1896 2768 100 92 A
2072 2772 144 88 ad
2292 2764 212 100 int.
2580 2764 60 96 9
2648 2764 136 96 36
2788 2768 124 108 4;
3000 2764 340 116 pubd.
3420 2768 292 92 Mar.
3788 2764 128 112 4;
4000 2764 144 96 H.
4228 2760 128 100 G.
4436 2756 772 116 Hutchinson,

632 2912 504 92 London.
1304 2904 668 120 (27-10957)
4732 2892 280 100 3928

460 3136 712 144 Jameson,
1252 3132 516 148 Storm,
1852 3124 324 128 1897
2176 3204 84 16 –

636 3324 288 124 The
1024 3324 448 156 lovely
1572 3316 356 164 ship,
2028 3316 180 164 by
2312 3312 464 132 Storm
2880 3312 684 128 Jameson.
3792 3312 336 128 New
4236 3308 428 164 York,
4768 3312 172 124 A.
5044 3308 176 128 A.

464 3508 540 160 Knopf,
1084 3504 356 132 1927.

636 3704 60 92 5
764 3728 100 88 p.
932 3704 36 92 l
980 3776 56 36 .,
1104 3700 64 96 3
1172 3756 68 8 –
1244 3700 208 96 328
1512 3724 108 88 p.
1752 3700 756 108 19½ͨͫ.

476 3812 112 108 ©
660 3840 272 112 May
992 3836 92 116 6,
1148 3836 336 108 1927;
1548 3836 156 92 2c.
1772 3836 272 108 May
2104 3832 124 112 9;
2300 3832 192 96 aff.
2560 3832 268 112 May
2892 3832 124 108 7;
3084 3828 100 96 A
3244 3832 132 92 97
3384 3828 68 92 6
3452 3828 268 112 498;
3796 3828 380 96 Storm
4244 3828 548 92 Jameson
4852 3824 372 116 Chap-

636 4000 296 84 man,
1024 3972 500 92 London.
1696 3968 664 116 (27-10460)
4740 3956 64 100 3
4816 3956 208 104 929

476 4196 540 148 Jillson,
1088 4192 576 132 Willard
1740 4196 508 144 Rouse,
2324 4196 316 120 1890
2648 4268 84 16 –

648 4384 328 124 New
1048 4380 184 124 oil
1304 4376 380 164 pools
1752 4376 152 128 of
1976 4372 800 168 Kentucky;
2856 4420 176 84 an
3100 4372 580 128 indexed
3756 4372 704 128 collection
4532 4372 156 132 of
4756 4376 480 124 twelve

480 4576 620 152 separate
1176 4604 492 120 papers
1740 4604 176 84 on
1984 4560 184 128 oil
2248 4560 268 128 and
2596 4604 284 120 gas,
2952 4556 844 168 Kentucky's
3868 4560 580 124 mineral
4520 4604 724 116 resources,

488 4792 628 120 progress
1204 4744 152 132 of
1436 4744 912 168 topographic
2428 4744 672 168 mapping
3188 4744 268 128 and
3544 4744 792 164 Geological
4424 4788 492 124 survey
5008 4748 228 124 ad-

488 4932 928 128 ministration
1488 4932 144 124 in
1716 4936 320 120 1922
2116 4936 268 120 and
2468 4936 356 120 1923.
2992 4932 216 124 By
3288 4928 600 132 Willard
3968 4928 448 128 Rouse
4496 4928 508 132 Jillson
5068 4932 76 148 …

492 5116 772 128 illustrated
1368 5116 328 124 with
1808 5120 236 120 103
2152 5116 984 164 photographs,
3236 5156 388 120 maps
3736 5116 268 124 and
4112 5112 732 168 diagrams.
5048 5128 200 116 1st

488 5304 248 156 ed.,
836 5304 360 156 1,500
1288 5296 484 164 copies.
1944 5292 812 168 Frankfort,
2844 5300 316 164 Ky.,
3252 5300 292 124 The
3632 5300 732 164 Kentucky
4460 5296 788 172 Geological

488 5528 536 120 survey,
1100 5488 360 120 1926.

664 5676 208 96 viii
956 5704 136 88 p.,
1172 5680 60 92 1
1320 5676 36 92 l
1368 5748 52 40 .,
1508 5676 64 92 3
1580 5672 132 100 94
1792 5700 104 92 p.
1980 5676 116 92 in
2104 5680 100 92 cl
2220 5752 20 20 .
2324 5676 392 116 front.,
2796 5676 84 96 il
2892 5676 36 92 l
2940 5700 204 92 us.,
3228 5676 404 116 tables,
3720 5676 428 116 diagrs.
4288 5700 332 92 maps
4684 5676 116 120 (1
4884 5676 348 120 fold.)

496 5812 680 104 23½ͨͫ.
996 5808 684 120 [Kentucky.
1820 5808 652 116 Geological
2548 5832 456 92 survey.
3144 5832 220 76 ser.
3436 5808 92 116 6,
3604 5808 536 120 Geologic
4216 5816 476 112 reports,
4776 5840 96 72 v.
4948 5812 164 120 12]

664 5944 832 116 Bibliography
1560 5948 120 92 at
1740 5944 216 92 end
2020 5944 120 96 of
2196 5948 300 92 most
2556 5940 128 100 of
2740 5948 192 92 the
2992 5968 456 92 papers.

500 6072 120 120 ©
712 6084 292 92 Mar.
1096 6084 88 108 4,
1276 6080 336 108 1927;
1708 6080 156 96 2c.
1956 6080 272 112 May
2312 6080 196 112 25;
2604 6080 196 96 aff.
2892 6080 268 112 Apr.
3248 6080 196 112 11;
3540 6080 100 92 A
3724 6080 476 112 976792;
4296 6084 172 96 W.
4560 6084 132 96 R.
4784 6084 72 96 J
4860 6084 380 116 illson,

660 6216 672 112 Frankfort,
1412 6216 220 112 Ky.
1800 6216 664 116 (27-27148)
4768 6212 284 100 3930

492 6440 580 148 Jordan,
1156 6436 524 156 Elijah.

676 6624 484 124 Forms
1272 6624 152 124 of
1532 6624 1052 168 individuality;
2708 6672 176 76 an
2996 6624 548 168 inquiry
3656 6628 288 124 into
4060 6628 228 128 the
4396 6632 608 164 grounds
5112 6628 152 128 of

512 6808 392 128 order
1012 6808 144 128 in
1264 6808 512 128 human
1884 6816 684 156 relations,
2676 6816 180 156 by
2972 6816 160 120 E.
3248 6816 532 124 Jordan
3860 6828 84 132 …
4264 6816 1004 160 Indianapolis,

516 6996 144 132 C.
748 7000 212 128 W.
1040 6996 360 124 Laut
1484 6996 264 128 and
1832 7040 708 124 company,
2620 7000 360 128 1927.

676 7192 120 96 ix
808 7264 20 44 ,
876 7192 208 96 469
1132 7216 108 92 p.
1376 7188 720 108 23½ͨͫ.

680 7328 896 116 Bibliography:
1656 7356 100 88 p.
1804 7332 520 100 467–469.

520 7436 112 108 ©
700 7468 276 112 Apr.
1032 7468 168 108 30,
1264 7464 332 112 1927;
1664 7468 160 96 2c.
1888 7472 228 92 and
2180 7496 56 68 a
2252 7468 124 96 ff.
2436 7472 276 112 May
2772 7472 128 108 4;
2972 7468 96 92 A
3132 7468 476 108 976404;
3680 7472 128 92 E.
3876 7472 476 104 Jordan,
4420 7468 832 116 Indianapolis.

700 7600 668 116 (27-10945)
4780 7600 280 104 3931

512 7824 472 148 Josey,
1072 7824 580 128 Charles
1728 7828 592 152 Conant,
2404 7836 316 120 1893
2724 7908 84 12 –

688 8008 292 124 The
1084 8008 832 168 psychology
2020 8016 156 124 of
2276 8016 628 160 religion,
3004 8016 180 160 by
3288 8012 564 128 Charles
3960 8016 544 128 Conant
4600 8020 412 156 Josey
5096 8008 84 144 …

528 8196 328 124 New
932 8192 428 164 York,
1436 8196 288 128 The
1796 8200 804 124 Macmillan
2668 8244 708 120 company,
3460 8204 356 128 1927.

692 8416 76 68 x
780 8392 36 88 i
868 8416 136 88 p.,
1064 8392 60 88 1
1184 8392 36 88 l
1232 8464 56 40 .,
1340 8392 60 92 3
1412 8392 60 92 6
1476 8392 68 92 2
1604 8416 100 88 p.
1848 8392 752 104 19½ͨͫ
2152 8404 36 64 .

700 8524 764 96 "References
1512 8528 188 92 for
1752 8528 464 96 further
2272 8532 544 116 reading"
2868 8540 124 88 at
3048 8536 220 92 end
3320 8532 124 96 of
3496 8540 296 92 most
3852 8536 124 96 of
4032 8536 192 96 the
4276 8536 572 112 chapters.

532 8652 120 116 ©
720 8664 272 112 May
1052 8660 164 116 10,
1284 8660 332 116 1927;
1684 8668 156 96 2c.
1908 8672 228 92 and
2200 8668 196 96 aff.
2460 8672 272 108 May
2796 8672 196 108 11;
3064 8672 96 92 A
3224 8668 204 96 976
3436 8668 60 96 5
3500 8672 200 108 43;
3776 8668 668 96 Macmillan
4508 8696 56 68 c
4576 8696 56 68 o
4652 8744 16 24 .

720 8796 664 116 (27-10944)
4788 8800 288 100 3932

532 9016 440 148 Kane,
1056 9016 664 152 Aloysius
1792 9024 504 152 Philip,
2380 9036 316 116 1906
2704 9108 84 8 –
3196 9028 196 124 ed.

708 9204 288 124 The
1084 9200 896 168 Georgetown
2068 9212 784 164 anthology,
2936 9256 144 84 as
3160 9216 668 160 compiled
3916 9220 264 120 and
4268 9212 448 128 edited
4796 9212 180 160 by
5056 9212 224 124 Al.

540 9388 476 160 Philip
1096 9388 392 128 Kane
1556 9396 268 124 and
1896 9396 460 128 James
2432 9396 132 128 S.
2640 9392 444 164 Ruby,
3152 9400 44 160 j
3220 9440 64 80 r
3296 9500 24 20 .
3500 9400 1016 160 Philadelphia,
4592 9400 692 124 Dorrance

548 9612 76 68 a
628 9564 168 128 nd
888 9616 660 120 company
1652 9576 228 132 [ͨ19
1892 9584 76 116 2
1972 9576 76 128 7
2060 9656 32 80 ]

2812 9776 236 116 599
