<?xml version="1.0"?>
<alto xmlns="http://www.loc.gov/standards/alto/ns-v2#" xmlns:xlink="http://www.w3.org/1999/xlink" xmlns:xsi="http://www.w3.org/2001/XMLSchema-instance" xsi:schemaLocation="http://www.loc.gov/standards/alto/ns-v2# http://www.loc.gov/standards/alto/alto-v2.0.xsd">
	<Description>
		<MeasurementUnit>inch1200</MeasurementUnit>
		<sourceImageInformation>
			<fileIdentifier>catalogofcopyrig241libr_001-1920_Page_0011.jpgf</fileIdentifier>
		</sourceImageInformation>
		<OCRProcessing ID="OCR1">
			<ocrProcessingStep>
				<processingDateTime>2018-03-10T14:11:22</processingDateTime>
				<processingAgency>Data Conversion Laboratory</processingAgency>
				<processingSoftware>
					<softwareCreator>Prime</softwareCreator>
					<softwareName>Prime OCR</softwareName>
					<softwareVersion>4.40</softwareVersion>
				</processingSoftware>
			</ocrProcessingStep>
			<postProcessingStep>
				<processingDateTime>2018-03-21T10:22:56</processingDateTime>
				<processingAgency>Data Conversion Laboratory</processingAgency>
				<processingStepDescription>PRO -&gt; ALTO</processingStepDescription>
				<processingSoftware>
					<softwareCreator>Data Conversion Laboratory</softwareCreator>
					<softwareName>pro2alto.2018.02.27</softwareName>
					<softwareVersion>2.0</softwareVersion>
				</processingSoftware>
			</postProcessingStep>
		</OCRProcessing>
	</Description>
<Styles>
		<TextStyle ID="Style_1" FONTSIZE="8" FONTTYPE="serif" FONTWIDTH="proportional" FONTSTYLE="bold"/>
		<TextStyle ID="Style_2" FONTSIZE="10" FONTTYPE="serif" FONTWIDTH="proportional"/>
		<TextStyle ID="Style_3" FONTSIZE="10" FONTTYPE="serif" FONTWIDTH="proportional" FONTSTYLE="italics"/>
		<TextStyle ID="Style_4" FONTSIZE="10" FONTTYPE="serif" FONTWIDTH="proportional" FONTSTYLE="bold"/>
		<TextStyle ID="Style_5" FONTSIZE="10" FONTTYPE="serif" FONTWIDTH="proportional" FONTSTYLE="bold italics"/>
		<TextStyle ID="Style_6" FONTSIZE="9" FONTTYPE="serif" FONTWIDTH="proportional"/>
		<TextStyle ID="Style_7" FONTSIZE="7" FONTTYPE="serif" FONTWIDTH="proportional" FONTSTYLE="bold"/>
		<TextStyle ID="Style_8" FONTSIZE="8" FONTTYPE="serif" FONTWIDTH="proportional"/>
		<TextStyle ID="Style_9" FONTSIZE="9" FONTTYPE="serif" FONTWIDTH="proportional" FONTSTYLE="bold"/>
		<TextStyle ID="Style_10" FONTSIZE="7" FONTTYPE="serif" FONTWIDTH="proportional"/>
		<TextStyle ID="Style_11" FONTSIZE="12" FONTTYPE="serif" FONTWIDTH="proportional" FONTSTYLE="bold"/>
		<TextStyle ID="Style_12" FONTSIZE="11" FONTTYPE="serif" FONTWIDTH="proportional"/>
		<TextStyle ID="Style_13" FONTSIZE="8" FONTTYPE="serif" FONTWIDTH="proportional" FONTSTYLE="bold italics"/>
	</Styles>
	<Layout>
		<Page ID="Page_1" PHYSICAL_IMG_NR="1" HEIGHT="10400" WIDTH="5952">
			<PrintSpace ID="PS_1" HPOS="0" VPOS="0" HEIGHT="10400" WIDTH="5952">
				<TextBlock ID="TB_1.1" HPOS="5008" VPOS="548" WIDTH="332" HEIGHT="264">
					<TextLine ID="TL_1.1.1" HPOS="5120" VPOS="680" HEIGHT="100" WIDTH="132">
						<String CONTENT="69" ID="St_1.1.1.1" HPOS="5120" VPOS="680" HEIGHT="100" WIDTH="132" STYLEREFS="Style_1" WC="0.888888888888889" CC="11"/>
					</TextLine>
				</TextBlock>
				<TextBlock ID="TB_1.2" HPOS="376" VPOS="956" WIDTH="5108" HEIGHT="8972">
					<TextLine ID="TL_1.2.1" HPOS="460" VPOS="1044" HEIGHT="160" WIDTH="3184">
						<String CONTENT="Miller," ID="St_1.2.1.1" HPOS="460" VPOS="1060" HEIGHT="144" WIDTH="496" STYLEREFS="Style_2" WC="1" CC="0000000"/>
						<SP ID="SP_1.2.1.2" HPOS="936" VPOS="1112" WIDTH="52"/>
						<String CONTENT="Mrs." ID="St_1.2.1.3" HPOS="1020" VPOS="1056" HEIGHT="124" WIDTH="328" STYLEREFS="Style_3" WC="1" CC="0000"/>
						<SP ID="SP_1.2.1.4" HPOS="1332" VPOS="1112" WIDTH="48"/>
						<String CONTENT="Olive" ID="St_1.2.1.5" HPOS="1420" VPOS="1048" HEIGHT="132" WIDTH="396" STYLEREFS="Style_4" WC="1" CC="00000"/>
						<SP ID="SP_1.2.1.6" HPOS="1776" VPOS="1080" WIDTH="72"/>
						<String CONTENT="Kennon" ID="St_1.2.1.7" HPOS="1880" VPOS="1048" HEIGHT="128" WIDTH="596" STYLEREFS="Style_4" WC="1" CC="000000"/>
						<SP ID="SP_1.2.1.8" HPOS="2424" VPOS="1080" WIDTH="92"/>
						<String CONTENT="(Beaupr" ID="St_1.2.1.9" HPOS="2564" VPOS="1044" HEIGHT="156" WIDTH="636" STYLEREFS="Style_4" WC="1" CC="0000000"/>
						<String CONTENT="&#233;" ID="St_1.2.1.10" HPOS="3212" VPOS="1044" HEIGHT="124" WIDTH="72" STYLEREFS="Style_4" WC="1" CC="0"/>
						<String CONTENT=")" ID="St_1.2.1.11" HPOS="3304" VPOS="1044" HEIGHT="152" WIDTH="52" STYLEREFS="Style_4" WC="1" CC="0"/>
						<SP ID="SP_1.2.1.12" HPOS="3328" VPOS="1056" WIDTH="68"/>
						<String CONTENT="ed." ID="St_1.2.1.13" HPOS="3440" VPOS="1044" HEIGHT="124" WIDTH="204" STYLEREFS="Style_5" WC="1" CC="000"/>
					</TextLine>
					<TextLine ID="TL_1.2.2" HPOS="628" VPOS="1224" HEIGHT="168" WIDTH="4620">
						<String CONTENT="Tales" ID="St_1.2.2.1" HPOS="628" VPOS="1244" HEIGHT="124" WIDTH="396" STYLEREFS="Style_5" WC="1" CC="00000"/>
						<SP ID="SP_1.2.2.2" HPOS="992" VPOS="1268" WIDTH="88"/>
						<String CONTENT="told" ID="St_1.2.2.3" HPOS="1136" VPOS="1240" HEIGHT="124" WIDTH="292" STYLEREFS="Style_5" WC="1" CC="0000"/>
						<SP ID="SP_1.2.2.4" HPOS="1380" VPOS="1244" WIDTH="104"/>
						<String CONTENT="in" ID="St_1.2.2.5" HPOS="1540" VPOS="1236" HEIGHT="124" WIDTH="148" STYLEREFS="Style_5" WC="1" CC="00"/>
						<SP ID="SP_1.2.2.6" HPOS="1636" VPOS="1264" WIDTH="104"/>
						<String CONTENT="Holland;" ID="St_1.2.2.7" HPOS="1796" VPOS="1236" HEIGHT="156" WIDTH="692" STYLEREFS="Style_5" WC="1" CC="00000000"/>
						<SP ID="SP_1.2.2.8" HPOS="2472" VPOS="1264" WIDTH="72"/>
						<String CONTENT="edited" ID="St_1.2.2.9" HPOS="2608" VPOS="1228" HEIGHT="128" WIDTH="456" STYLEREFS="Style_5" WC="1" CC="000000"/>
						<SP ID="SP_1.2.2.10" HPOS="3016" VPOS="1240" WIDTH="100"/>
						<String CONTENT="by" ID="St_1.2.2.11" HPOS="3172" VPOS="1228" HEIGHT="164" WIDTH="184" STYLEREFS="Style_5" WC="1" CC="00"/>
						<SP ID="SP_1.2.2.12" HPOS="3308" VPOS="1260" WIDTH="104"/>
						<String CONTENT="Olive" ID="St_1.2.2.13" HPOS="3476" VPOS="1224" HEIGHT="136" WIDTH="400" STYLEREFS="Style_5" WC="1" CC="00000"/>
						<SP ID="SP_1.2.2.14" HPOS="3840" VPOS="1260" WIDTH="92"/>
						<String CONTENT="Beaupr&#233;" ID="St_1.2.2.15" HPOS="3992" VPOS="1228" HEIGHT="160" WIDTH="632" STYLEREFS="Style_5" WC="1" CC="0000000"/>
						<SP ID="SP_1.2.2.16" HPOS="4584" VPOS="1240" WIDTH="92"/>
						<String CONTENT="Miller," ID="St_1.2.2.17" HPOS="4736" VPOS="1224" HEIGHT="164" WIDTH="512" STYLEREFS="Style_5" WC="1" CC="0000000"/>
					</TextLine>
					<TextLine ID="TL_1.2.3" HPOS="460" VPOS="1412" HEIGHT="176" WIDTH="4788">
						<String CONTENT="illustrated" ID="St_1.2.3.1" HPOS="460" VPOS="1424" HEIGHT="128" WIDTH="780" STYLEREFS="Style_6" WC="1" CC="00000000000"/>
						<SP ID="SP_1.2.3.2" HPOS="1192" VPOS="1428" WIDTH="80"/>
						<String CONTENT="by" ID="St_1.2.3.3" HPOS="1304" VPOS="1420" HEIGHT="168" WIDTH="180" STYLEREFS="Style_6" WC="1" CC="00"/>
						<SP ID="SP_1.2.3.4" HPOS="1436" VPOS="1452" WIDTH="80"/>
						<String CONTENT="Maud" ID="St_1.2.3.5" HPOS="1552" VPOS="1420" HEIGHT="124" WIDTH="428" STYLEREFS="Style_6" WC="1" CC="0000"/>
						<SP ID="SP_1.2.3.6" HPOS="1932" VPOS="1428" WIDTH="80"/>
						<String CONTENT="&amp;" ID="St_1.2.3.7" HPOS="2048" VPOS="1424" HEIGHT="120" WIDTH="120" STYLEREFS="Style_6" WC="1" CC="0"/>
						<SP ID="SP_1.2.3.8" HPOS="2104" VPOS="1428" WIDTH="96"/>
						<String CONTENT="Miska" ID="St_1.2.3.9" HPOS="2240" VPOS="1412" HEIGHT="132" WIDTH="456" STYLEREFS="Style_6" WC="1" CC="00000"/>
						<SP ID="SP_1.2.3.10" HPOS="2656" VPOS="1448" WIDTH="72"/>
						<String CONTENT="Petersham." ID="St_1.2.3.11" HPOS="2768" VPOS="1412" HEIGHT="128" WIDTH="844" STYLEREFS="Style_6" WC="1" CC="0000000000"/>
						<SP ID="SP_1.2.3.12" HPOS="3592" VPOS="1476" WIDTH="100"/>
						<String CONTENT="Chicago," ID="St_1.2.3.13" HPOS="3772" VPOS="1412" HEIGHT="168" WIDTH="652" STYLEREFS="Style_6" WC="1" CC="00000000"/>
						<SP ID="SP_1.2.3.14" HPOS="4404" VPOS="1472" WIDTH="52"/>
						<String CONTENT="The" ID="St_1.2.3.15" HPOS="4496" VPOS="1412" HEIGHT="128" WIDTH="296" STYLEREFS="Style_6" WC="1" CC="000"/>
						<SP ID="SP_1.2.3.16" HPOS="4752" VPOS="1444" WIDTH="72"/>
						<String CONTENT="Book" ID="St_1.2.3.17" HPOS="4864" VPOS="1412" HEIGHT="128" WIDTH="384" STYLEREFS="Style_6" WC="1" CC="0000"/>
					</TextLine>
					<TextLine ID="TL_1.2.4" HPOS="460" VPOS="1604" HEIGHT="152" WIDTH="1900">
						<String CONTENT="house" ID="St_1.2.4.1" HPOS="460" VPOS="1612" HEIGHT="124" WIDTH="412" STYLEREFS="Style_6" WC="1" CC="00000"/>
						<SP ID="SP_1.2.4.2" HPOS="836" VPOS="1636" WIDTH="68"/>
						<String CONTENT="for" ID="St_1.2.4.3" HPOS="932" VPOS="1608" HEIGHT="124" WIDTH="224" STYLEREFS="Style_6" WC="1" CC="000"/>
						<SP ID="SP_1.2.4.4" HPOS="1116" VPOS="1636" WIDTH="64"/>
						<String CONTENT="children" ID="St_1.2.4.5" HPOS="1208" VPOS="1604" HEIGHT="128" WIDTH="624" STYLEREFS="Style_6" WC="1" CC="00000000"/>
						<SP ID="SP_1.2.4.6" HPOS="1784" VPOS="1632" WIDTH="80"/>
						<String CONTENT="[&#x0368;1926]" ID="St_1.2.4.7" HPOS="1904" VPOS="1608" HEIGHT="148" WIDTH="456" STYLEREFS="Style_6" WC="0.94" CC="7000007"/>
					</TextLine>
					<TextLine ID="TL_1.2.5" HPOS="624" VPOS="1796" HEIGHT="124" WIDTH="3252">
						<String CONTENT="190," ID="St_1.2.5.1" HPOS="624" VPOS="1800" HEIGHT="116" WIDTH="236" STYLEREFS="Style_6" WC="1" CC="0000"/>
						<SP ID="SP_1.2.5.2" HPOS="848" VPOS="1836" WIDTH="44"/>
						<String CONTENT="[2]" ID="St_1.2.5.3" HPOS="932" VPOS="1796" HEIGHT="124" WIDTH="124" STYLEREFS="Style_6" WC="0.902222222222222" CC="007"/>
						<SP ID="SP_1.2.5.4" HPOS="1044" VPOS="1824" WIDTH="52"/>
						<String CONTENT="p." ID="St_1.2.5.5" HPOS="1132" VPOS="1828" HEIGHT="88" WIDTH="104" STYLEREFS="Style_6" WC="0.928888888888889" CC="00"/>
						<SP ID="SP_1.2.5.6" HPOS="1220" VPOS="1836" WIDTH="84"/>
						<String CONTENT="illus." ID="St_1.2.5.7" HPOS="1376" VPOS="1800" HEIGHT="96" WIDTH="312" STYLEREFS="Style_6" WC="0.956666666666667" CC="000000"/>
						<SP ID="SP_1.2.5.8" HPOS="1672" VPOS="1836" WIDTH="48"/>
						<String CONTENT="(part" ID="St_1.2.5.9" HPOS="1756" VPOS="1796" HEIGHT="116" WIDTH="328" STYLEREFS="Style_6" WC="0.966666666666667" CC="00000"/>
						<SP ID="SP_1.2.5.10" HPOS="2056" VPOS="1804" WIDTH="52"/>
						<String CONTENT="col.," ID="St_1.2.5.11" HPOS="2140" VPOS="1800" HEIGHT="108" WIDTH="240" STYLEREFS="Style_6" WC="0.973333333333333" CC="00000"/>
						<SP ID="SP_1.2.5.12" HPOS="2368" VPOS="1836" WIDTH="40"/>
						<String CONTENT="inc" ID="St_1.2.5.13" HPOS="2444" VPOS="1796" HEIGHT="96" WIDTH="188" STYLEREFS="Style_6" WC="0.95" CC="341"/>
						<String CONTENT="l" ID="St_1.2.5.14" HPOS="2636" VPOS="1796" HEIGHT="96" WIDTH="40" STYLEREFS="Style_6" WC="0.942222222222222" CC="3"/>
						<String CONTENT="." ID="St_1.2.5.15" HPOS="2688" VPOS="1872" HEIGHT="20" WIDTH="20" STYLEREFS="Style_6" WC="0.944444444444444" CC="0"/>
						<SP ID="SP_1.2.5.16" HPOS="2692" VPOS="1836" WIDTH="44"/>
						<String CONTENT="map)" ID="St_1.2.5.17" HPOS="2768" VPOS="1796" HEIGHT="112" WIDTH="332" STYLEREFS="Style_6" WC="0.951111111111111" CC="0000"/>
						<SP ID="SP_1.2.5.18" HPOS="3076" VPOS="1796" WIDTH="100"/>
						<String CONTENT="28&#x0368;&#x036b;." ID="St_1.2.5.19" HPOS="3260" VPOS="1796" HEIGHT="112" WIDTH="616" STYLEREFS="Style_7" WC="0.954444444444444" CC="00001"/>
					</TextLine>
					<TextLine ID="TL_1.2.6" HPOS="632" VPOS="1928" HEIGHT="120" WIDTH="2856">
						<String CONTENT="Illustrated" ID="St_1.2.6.1" HPOS="632" VPOS="1936" HEIGHT="96" WIDTH="688" STYLEREFS="Style_7" WC="1" CC="00000000000"/>
						<SP ID="SP_1.2.6.2" HPOS="1284" VPOS="1932" WIDTH="68"/>
						<String CONTENT="t.-p." ID="St_1.2.6.3" HPOS="1388" VPOS="1944" HEIGHT="104" WIDTH="236" STYLEREFS="Style_8" WC="1" CC="00000"/>
						<SP ID="SP_1.2.6.4" HPOS="1612" VPOS="1972" WIDTH="44"/>
						<String CONTENT="and" ID="St_1.2.6.5" HPOS="1696" VPOS="1936" HEIGHT="92" WIDTH="228" STYLEREFS="Style_8" WC="1" CC="000"/>
						<SP ID="SP_1.2.6.6" HPOS="1884" VPOS="1932" WIDTH="68"/>
						<String CONTENT="lining-papers" ID="St_1.2.6.7" HPOS="1988" VPOS="1932" HEIGHT="116" WIDTH="836" STYLEREFS="Style_8" WC="1" CC="0000000000000"/>
						<SP ID="SP_1.2.6.8" HPOS="2792" VPOS="1944" WIDTH="64"/>
						<String CONTENT="in" ID="St_1.2.6.9" HPOS="2896" VPOS="1928" HEIGHT="96" WIDTH="120" STYLEREFS="Style_8" WC="1" CC="00"/>
						<SP ID="SP_1.2.6.10" HPOS="2976" VPOS="1944" WIDTH="68"/>
						<String CONTENT="colors." ID="St_1.2.6.11" HPOS="3080" VPOS="1932" HEIGHT="92" WIDTH="408" STYLEREFS="Style_8" WC="1" CC="0000000"/>
					</TextLine>
					<TextLine ID="TL_1.2.7" HPOS="536" VPOS="2060" HEIGHT="124" WIDTH="4720">
						<String CONTENT="&#169;" ID="St_1.2.7.1" HPOS="536" VPOS="2068" HEIGHT="108" WIDTH="72" STYLEREFS="Style_8" WC="1" CC="0"/>
						<SP ID="SP_1.2.7.2" HPOS="576" VPOS="2068" WIDTH="60"/>
						<String CONTENT="Dec." ID="St_1.2.7.3" HPOS="680" VPOS="2072" HEIGHT="96" WIDTH="264" STYLEREFS="Style_8" WC="1" CC="0000"/>
						<SP ID="SP_1.2.7.4" HPOS="932" VPOS="2104" WIDTH="52"/>
						<String CONTENT="15," ID="St_1.2.7.5" HPOS="1024" VPOS="2072" HEIGHT="112" WIDTH="160" STYLEREFS="Style_8" WC="1" CC="000"/>
						<SP ID="SP_1.2.7.6" HPOS="1172" VPOS="2104" WIDTH="52"/>
						<String CONTENT="1926;" ID="St_1.2.7.7" HPOS="1268" VPOS="2068" HEIGHT="112" WIDTH="336" STYLEREFS="Style_8" WC="1" CC="00000"/>
						<SP ID="SP_1.2.7.8" HPOS="1592" VPOS="2080" WIDTH="52"/>
						<String CONTENT="2c." ID="St_1.2.7.9" HPOS="1688" VPOS="2072" HEIGHT="92" WIDTH="164" STYLEREFS="Style_8" WC="1" CC="000"/>
						<SP ID="SP_1.2.7.10" HPOS="1836" VPOS="2104" WIDTH="52"/>
						<String CONTENT="Dec." ID="St_1.2.7.11" HPOS="1928" VPOS="2072" HEIGHT="88" WIDTH="268" STYLEREFS="Style_8" WC="1" CC="0000"/>
						<SP ID="SP_1.2.7.12" HPOS="2184" VPOS="2104" WIDTH="52"/>
						<String CONTENT="17;" ID="St_1.2.7.13" HPOS="2284" VPOS="2072" HEIGHT="108" WIDTH="192" STYLEREFS="Style_8" WC="1" CC="000"/>
						<SP ID="SP_1.2.7.14" HPOS="2460" VPOS="2080" WIDTH="56"/>
						<String CONTENT="aff." ID="St_1.2.7.15" HPOS="2560" VPOS="2064" HEIGHT="96" WIDTH="196" STYLEREFS="Style_8" WC="0.98" CC="0330"/>
						<SP ID="SP_1.2.7.16" HPOS="2744" VPOS="2104" WIDTH="52"/>
						<String CONTENT="Dec." ID="St_1.2.7.17" HPOS="2840" VPOS="2068" HEIGHT="92" WIDTH="268" STYLEREFS="Style_8" WC="0.982222222222222" CC="0000"/>
						<SP ID="SP_1.2.7.18" HPOS="3092" VPOS="2104" WIDTH="52"/>
						<String CONTENT="16:" ID="St_1.2.7.19" HPOS="3188" VPOS="2064" HEIGHT="96" WIDTH="200" STYLEREFS="Style_8" WC="0.973333333333333" CC="040"/>
						<SP ID="SP_1.2.7.20" HPOS="3372" VPOS="2080" WIDTH="52"/>
						<String CONTENT="A" ID="St_1.2.7.21" HPOS="3468" VPOS="2068" HEIGHT="88" WIDTH="104" STYLEREFS="Style_8" WC="0.974444444444444" CC="0"/>
						<SP ID="SP_1.2.7.22" HPOS="3516" VPOS="2064" WIDTH="88"/>
						<String CONTENT="9" ID="St_1.2.7.23" HPOS="3644" VPOS="2064" HEIGHT="96" WIDTH="68" STYLEREFS="Style_8" WC="0.975555555555556" CC="0"/>
						<String CONTENT="5" ID="St_1.2.7.24" HPOS="3716" VPOS="2064" HEIGHT="88" WIDTH="64" STYLEREFS="Style_8" WC="0.964444444444444" CC="5"/>
						<String CONTENT="8" ID="St_1.2.7.25" HPOS="3784" VPOS="2060" HEIGHT="88" WIDTH="80" STYLEREFS="Style_8" WC="0.965555555555556" CC="0"/>
						<String CONTENT="672:" ID="St_1.2.7.26" HPOS="3864" VPOS="2060" HEIGHT="100" WIDTH="264" STYLEREFS="Style_8" WC="0.944444444444444" CC="8111"/>
						<SP ID="SP_1.2.7.27" HPOS="4112" VPOS="2076" WIDTH="60"/>
						<String CONTENT="Rook" ID="St_1.2.7.28" HPOS="4220" VPOS="2060" HEIGHT="100" WIDTH="320" STYLEREFS="Style_8" WC="0.928888888888889" CC="7111"/>
						<SP ID="SP_1.2.7.29" HPOS="4500" VPOS="2064" WIDTH="80"/>
						<String CONTENT="hou" ID="St_1.2.7.30" HPOS="4624" VPOS="2068" HEIGHT="92" WIDTH="228" STYLEREFS="Style_8" WC="0.918888888888889" CC="313"/>
						<String CONTENT="s" ID="St_1.2.7.31" HPOS="4864" VPOS="2092" HEIGHT="68" WIDTH="48" STYLEREFS="Style_8" WC="0.917777777777778" CC="1"/>
						<String CONTENT="e" ID="St_1.2.7.32" HPOS="4924" VPOS="2096" HEIGHT="64" WIDTH="60" STYLEREFS="Style_8" WC="0.92" CC="0"/>
						<SP ID="SP_1.2.7.33" HPOS="4948" VPOS="2076" WIDTH="72"/>
						<String CONTENT="for" ID="St_1.2.7.34" HPOS="5060" VPOS="2064" HEIGHT="96" WIDTH="196" STYLEREFS="Style_8" WC="0.917777777777778" CC="111"/>
					</TextLine>
					<TextLine ID="TL_1.2.8" HPOS="628" VPOS="2196" HEIGHT="120" WIDTH="4428">
						<String CONTENT="children." ID="St_1.2.8.1" HPOS="628" VPOS="2204" HEIGHT="96" WIDTH="560" STYLEREFS="Style_8" WC="1" CC="000000000"/>
						<SP ID="SP_1.2.8.2" HPOS="1176" VPOS="2236" WIDTH="96"/>
						<String CONTENT="(27&#150;1150)" ID="St_1.2.8.3" HPOS="1360" VPOS="2200" HEIGHT="116" WIDTH="600" STYLEREFS="Style_8" WC="1" CC="000000000"/>
						<SP ID="SP_1.2.8.4" HPOS="1940" VPOS="2200" WIDTH="2976"/>
						<String CONTENT="64" ID="St_1.2.8.5" HPOS="4916" VPOS="2196" HEIGHT="100" WIDTH="140" STYLEREFS="Style_8" WC="0.721111111111111" CC="00"/>
					</TextLine>
					<TextLine ID="TL_1.2.9" HPOS="464" VPOS="2400" HEIGHT="144" WIDTH="1296">
						<String CONTENT="Morris," ID="St_1.2.9.1" HPOS="464" VPOS="2400" HEIGHT="144" WIDTH="560" STYLEREFS="Style_8" WC="1" CC="0000000"/>
						<SP ID="SP_1.2.9.2" HPOS="1004" VPOS="2448" WIDTH="60"/>
						<String CONTENT="Frances." ID="St_1.2.9.3" HPOS="1104" VPOS="2400" HEIGHT="120" WIDTH="656" STYLEREFS="Style_9" WC="1" CC="00000000"/>
					</TextLine>
					<TextLine ID="TL_1.2.10" HPOS="628" VPOS="2580" HEIGHT="168" WIDTH="4624">
						<String CONTENT="Antique" ID="St_1.2.10.1" HPOS="628" VPOS="2584" HEIGHT="164" WIDTH="612" STYLEREFS="Style_9" WC="1" CC="0000000"/>
						<SP ID="SP_1.2.10.2" HPOS="1204" VPOS="2608" WIDTH="76"/>
						<String CONTENT="laces" ID="St_1.2.10.3" HPOS="1324" VPOS="2584" HEIGHT="120" WIDTH="348" STYLEREFS="Style_9" WC="1" CC="00000"/>
						<SP ID="SP_1.2.10.4" HPOS="1640" VPOS="2608" WIDTH="76"/>
						<String CONTENT="of" ID="St_1.2.10.5" HPOS="1764" VPOS="2580" HEIGHT="124" WIDTH="152" STYLEREFS="Style_9" WC="1" CC="00"/>
						<SP ID="SP_1.2.10.6" HPOS="1880" VPOS="2584" WIDTH="76"/>
						<String CONTENT="the" ID="St_1.2.10.7" HPOS="1996" VPOS="2580" HEIGHT="124" WIDTH="228" STYLEREFS="Style_9" WC="1" CC="000"/>
						<SP ID="SP_1.2.10.8" HPOS="2192" VPOS="2604" WIDTH="72"/>
						<String CONTENT="American" ID="St_1.2.10.9" HPOS="2312" VPOS="2580" HEIGHT="124" WIDTH="736" STYLEREFS="Style_9" WC="1" CC="00000000"/>
						<SP ID="SP_1.2.10.10" HPOS="3000" VPOS="2604" WIDTH="92"/>
						<String CONTENT="collectors;" ID="St_1.2.10.11" HPOS="3140" VPOS="2580" HEIGHT="160" WIDTH="772" STYLEREFS="Style_9" WC="1" CC="00000000000"/>
						<SP ID="SP_1.2.10.12" HPOS="3892" VPOS="2608" WIDTH="64"/>
						<String CONTENT="text" ID="St_1.2.10.13" HPOS="4008" VPOS="2596" HEIGHT="108" WIDTH="292" STYLEREFS="Style_9" WC="0.99" CC="0040"/>
						<SP ID="SP_1.2.10.14" HPOS="4268" VPOS="2596" WIDTH="72"/>
						<String CONTENT="by" ID="St_1.2.10.15" HPOS="4388" VPOS="2584" HEIGHT="160" WIDTH="184" STYLEREFS="Style_9" WC="0.99" CC="00"/>
						<SP ID="SP_1.2.10.16" HPOS="4520" VPOS="2604" WIDTH="92"/>
						<String CONTENT="Frances" ID="St_1.2.10.17" HPOS="4660" VPOS="2584" HEIGHT="124" WIDTH="592" STYLEREFS="Style_9" WC="0.991111111111111" CC="0000000"/>
					</TextLine>
					<TextLine ID="TL_1.2.11" HPOS="464" VPOS="2764" HEIGHT="164" WIDTH="4796">
						<String CONTENT="Morris" ID="St_1.2.11.1" HPOS="464" VPOS="2772" HEIGHT="120" WIDTH="508" STYLEREFS="Style_9" WC="1" CC="000000"/>
						<SP ID="SP_1.2.11.2" HPOS="940" VPOS="2788" WIDTH="72"/>
						<String CONTENT="and" ID="St_1.2.11.3" HPOS="1056" VPOS="2768" HEIGHT="120" WIDTH="272" STYLEREFS="Style_9" WC="1" CC="000"/>
						<SP ID="SP_1.2.11.4" HPOS="1280" VPOS="2768" WIDTH="88"/>
						<String CONTENT="Marian" ID="St_1.2.11.5" HPOS="1408" VPOS="2768" HEIGHT="120" WIDTH="552" STYLEREFS="Style_9" WC="1" CC="000000"/>
						<SP ID="SP_1.2.11.6" HPOS="1912" VPOS="2788" WIDTH="88"/>
						<String CONTENT="Hague." ID="St_1.2.11.7" HPOS="2048" VPOS="2764" HEIGHT="164" WIDTH="540" STYLEREFS="Style_9" WC="1" CC="000000"/>
						<SP ID="SP_1.2.11.8" HPOS="2572" VPOS="2816" WIDTH="100"/>
						<String CONTENT="pt." ID="St_1.2.11.9" HPOS="2760" VPOS="2776" HEIGHT="148" WIDTH="196" STYLEREFS="Style_9" WC="1" CC="000"/>
						<SP ID="SP_1.2.11.10" HPOS="2940" VPOS="2816" WIDTH="60"/>
						<String CONTENT="5." ID="St_1.2.11.11" HPOS="3048" VPOS="2776" HEIGHT="112" WIDTH="108" STYLEREFS="Style_9" WC="1" CC="00"/>
						<SP ID="SP_1.2.11.12" HPOS="3140" VPOS="2816" WIDTH="100"/>
						<String CONTENT="New" ID="St_1.2.11.13" HPOS="3332" VPOS="2764" HEIGHT="124" WIDTH="336" STYLEREFS="Style_9" WC="1" CC="000"/>
						<SP ID="SP_1.2.11.14" HPOS="3604" VPOS="2788" WIDTH="108"/>
						<String CONTENT="York," ID="St_1.2.11.15" HPOS="3760" VPOS="2764" HEIGHT="160" WIDTH="432" STYLEREFS="Style_9" WC="1" CC="00000"/>
						<SP ID="SP_1.2.11.16" HPOS="4172" VPOS="2816" WIDTH="60"/>
						<String CONTENT="Pub." ID="St_1.2.11.17" HPOS="4276" VPOS="2768" HEIGHT="120" WIDTH="348" STYLEREFS="Style_9" WC="1" CC="0000"/>
						<SP ID="SP_1.2.11.18" HPOS="4608" VPOS="2816" WIDTH="60"/>
						<String CONTENT="for" ID="St_1.2.11.19" HPOS="4716" VPOS="2764" HEIGHT="124" WIDTH="224" STYLEREFS="Style_9" WC="1" CC="000"/>
						<SP ID="SP_1.2.11.20" HPOS="4904" VPOS="2788" WIDTH="76"/>
						<String CONTENT="the" ID="St_1.2.11.21" HPOS="5024" VPOS="2772" HEIGHT="120" WIDTH="236" STYLEREFS="Style_9" WC="1" CC="000"/>
					</TextLine>
					<TextLine ID="TL_1.2.12" HPOS="464" VPOS="2948" HEIGHT="164" WIDTH="4304">
						<String CONTENT="Needle" ID="St_1.2.12.1" HPOS="464" VPOS="2952" HEIGHT="128" WIDTH="508" STYLEREFS="Style_9" WC="1" CC="000000"/>
						<SP ID="SP_1.2.12.2" HPOS="936" VPOS="2976" WIDTH="68"/>
						<String CONTENT="and" ID="St_1.2.12.3" HPOS="1040" VPOS="2952" HEIGHT="124" WIDTH="272" STYLEREFS="Style_9" WC="1" CC="000"/>
						<SP ID="SP_1.2.12.4" HPOS="1264" VPOS="2956" WIDTH="76"/>
						<String CONTENT="bobbin" ID="St_1.2.12.5" HPOS="1376" VPOS="2948" HEIGHT="128" WIDTH="508" STYLEREFS="Style_9" WC="1" CC="000000"/>
						<SP ID="SP_1.2.12.6" HPOS="1836" VPOS="2976" WIDTH="84"/>
						<String CONTENT="club" ID="St_1.2.12.7" HPOS="1956" VPOS="2952" HEIGHT="124" WIDTH="308" STYLEREFS="Style_9" WC="1" CC="0000"/>
						<SP ID="SP_1.2.12.8" HPOS="2216" VPOS="2956" WIDTH="80"/>
						<String CONTENT="by" ID="St_1.2.12.9" HPOS="2332" VPOS="2952" HEIGHT="160" WIDTH="180" STYLEREFS="Style_9" WC="1" CC="00"/>
						<SP ID="SP_1.2.12.10" HPOS="2464" VPOS="2976" WIDTH="80"/>
						<String CONTENT="William" ID="St_1.2.12.11" HPOS="2580" VPOS="2948" HEIGHT="128" WIDTH="624" STYLEREFS="Style_9" WC="1" CC="0000000"/>
						<SP ID="SP_1.2.12.12" HPOS="3132" VPOS="2976" WIDTH="100"/>
						<String CONTENT="Helburn," ID="St_1.2.12.13" HPOS="3272" VPOS="2948" HEIGHT="164" WIDTH="680" STYLEREFS="Style_9" WC="1" CC="00000000"/>
						<SP ID="SP_1.2.12.14" HPOS="3936" VPOS="3004" WIDTH="48"/>
						<String CONTENT="inc.," ID="St_1.2.12.15" HPOS="4024" VPOS="2948" HEIGHT="164" WIDTH="304" STYLEREFS="Style_9" WC="1" CC="00000"/>
						<SP ID="SP_1.2.12.16" HPOS="4308" VPOS="3004" WIDTH="56"/>
						<String CONTENT="1926." ID="St_1.2.12.17" HPOS="4408" VPOS="2956" HEIGHT="120" WIDTH="360" STYLEREFS="Style_9" WC="1" CC="00000"/>
					</TextLine>
					<TextLine ID="TL_1.2.13" HPOS="636" VPOS="3140" HEIGHT="120" WIDTH="3140">
						<String CONTENT="viii," ID="St_1.2.13.1" HPOS="636" VPOS="3144" HEIGHT="116" WIDTH="236" STYLEREFS="Style_9" WC="1" CC="00000"/>
						<SP ID="SP_1.2.13.2" HPOS="860" VPOS="3180" WIDTH="44"/>
						<String CONTENT="143," ID="St_1.2.13.3" HPOS="940" VPOS="3144" HEIGHT="112" WIDTH="240" STYLEREFS="Style_9" WC="1" CC="0000"/>
						<SP ID="SP_1.2.13.4" HPOS="1164" VPOS="3180" WIDTH="52"/>
						<String CONTENT="[" ID="St_1.2.13.5" HPOS="1256" VPOS="3148" HEIGHT="80" WIDTH="32" STYLEREFS="Style_10" WC="0.934444444444444" CC="7"/>
						<String CONTENT="1" ID="St_1.2.13.6" HPOS="1288" VPOS="3148" HEIGHT="84" WIDTH="52" STYLEREFS="Style_10" WC="0.905555555555556" CC="4"/>
						<String CONTENT="]" ID="St_1.2.13.7" HPOS="1352" VPOS="3188" HEIGHT="68" WIDTH="24" STYLEREFS="Style_10" WC="0.912222222222222" CC="0"/>
						<SP ID="SP_1.2.13.8" HPOS="1360" VPOS="3168" WIDTH="48"/>
						<String CONTENT="p." ID="St_1.2.13.9" HPOS="1448" VPOS="3168" HEIGHT="88" WIDTH="104" STYLEREFS="Style_10" WC="0.927777777777778" CC="00"/>
						<SP ID="SP_1.2.13.10" HPOS="1540" VPOS="3180" WIDTH="80"/>
						<String CONTENT="front.," ID="St_1.2.13.11" HPOS="1692" VPOS="3140" HEIGHT="116" WIDTH="392" STYLEREFS="Style_10" WC="0.951111111111111" CC="0000000"/>
						<SP ID="SP_1.2.13.12" HPOS="2072" VPOS="3180" WIDTH="44"/>
						<String CONTENT="plates," ID="St_1.2.13.13" HPOS="2152" VPOS="3144" HEIGHT="112" WIDTH="412" STYLEREFS="Style_10" WC="0.962222222222222" CC="0000000"/>
						<SP ID="SP_1.2.13.14" HPOS="2548" VPOS="3176" WIDTH="44"/>
						<String CONTENT="ports." ID="St_1.2.13.15" HPOS="2624" VPOS="3148" HEIGHT="108" WIDTH="360" STYLEREFS="Style_10" WC="0.968888888888889" CC="000000"/>
						<SP ID="SP_1.2.13.16" HPOS="2972" VPOS="3180" WIDTH="80"/>
						<String CONTENT="36&#x0368;&#x036b;." ID="St_1.2.13.17" HPOS="3124" VPOS="3140" HEIGHT="108" WIDTH="652" STYLEREFS="Style_10" WC="0.97" CC="00001"/>
					</TextLine>
					<TextLine ID="TL_1.2.14" HPOS="476" VPOS="3252" HEIGHT="144" WIDTH="4788">
						<String CONTENT="&#169;" ID="St_1.2.14.1" HPOS="476" VPOS="3252" HEIGHT="112" WIDTH="112" STYLEREFS="Style_10" WC="0.222222222222222" CC="7"/>
						<SP ID="SP_1.2.14.2" HPOS="532" VPOS="3260" WIDTH="104"/>
						<String CONTENT="Dec." ID="St_1.2.14.3" HPOS="684" VPOS="3280" HEIGHT="92" WIDTH="268" STYLEREFS="Style_10" WC="0.87" CC="0000"/>
						<SP ID="SP_1.2.14.4" HPOS="936" VPOS="3316" WIDTH="52"/>
						<String CONTENT="23," ID="St_1.2.14.5" HPOS="1024" VPOS="3280" HEIGHT="112" WIDTH="168" STYLEREFS="Style_10" WC="0.922222222222222" CC="000"/>
						<SP ID="SP_1.2.14.6" HPOS="1176" VPOS="3312" WIDTH="52"/>
						<String CONTENT="1926;" ID="St_1.2.14.7" HPOS="1272" VPOS="3280" HEIGHT="108" WIDTH="340" STYLEREFS="Style_10" WC="0.951111111111111" CC="00000"/>
						<SP ID="SP_1.2.14.8" HPOS="1596" VPOS="3288" WIDTH="56"/>
						<String CONTENT="2" ID="St_1.2.14.9" HPOS="1696" VPOS="3276" HEIGHT="92" WIDTH="60" STYLEREFS="Style_10" WC="0.956666666666667" CC="0"/>
						<String CONTENT="c" ID="St_1.2.14.10" HPOS="1764" VPOS="3288" HEIGHT="76" WIDTH="52" STYLEREFS="Style_10" WC="0.928888888888889" CC="5"/>
						<String CONTENT="." ID="St_1.2.14.11" HPOS="1836" VPOS="3352" HEIGHT="20" WIDTH="20" STYLEREFS="Style_10" WC="0.933333333333333" CC="0"/>
						<SP ID="SP_1.2.14.12" HPOS="1844" VPOS="3312" WIDTH="52"/>
						<String CONTENT="and" ID="St_1.2.14.13" HPOS="1936" VPOS="3276" HEIGHT="92" WIDTH="232" STYLEREFS="Style_10" WC="0.944444444444444" CC="000"/>
						<SP ID="SP_1.2.14.14" HPOS="2128" VPOS="3276" WIDTH="80"/>
						<String CONTENT="aff." ID="St_1.2.14.15" HPOS="2248" VPOS="3276" HEIGHT="96" WIDTH="196" STYLEREFS="Style_10" WC="0.953333333333333" CC="0000"/>
						<SP ID="SP_1.2.14.16" HPOS="2432" VPOS="3312" WIDTH="52"/>
						<String CONTENT="Jan." ID="St_1.2.14.17" HPOS="2528" VPOS="3276" HEIGHT="96" WIDTH="264" STYLEREFS="Style_10" WC="0.96" CC="0000"/>
						<SP ID="SP_1.2.14.18" HPOS="2780" VPOS="3312" WIDTH="48"/>
						<String CONTENT="3," ID="St_1.2.14.19" HPOS="2872" VPOS="3280" HEIGHT="112" WIDTH="96" STYLEREFS="Style_10" WC="0.963333333333333" CC="00"/>
						<SP ID="SP_1.2.14.20" HPOS="2952" VPOS="3312" WIDTH="56"/>
						<String CONTENT="1927;" ID="St_1.2.14.21" HPOS="3052" VPOS="3276" HEIGHT="116" WIDTH="336" STYLEREFS="Style_10" WC="0.968888888888889" CC="00000"/>
						<SP ID="SP_1.2.14.22" HPOS="3372" VPOS="3288" WIDTH="56"/>
						<String CONTENT="A" ID="St_1.2.14.23" HPOS="3476" VPOS="3280" HEIGHT="88" WIDTH="100" STYLEREFS="Style_10" WC="0.97" CC="0"/>
						<SP ID="SP_1.2.14.24" HPOS="3520" VPOS="3276" WIDTH="92"/>
						<String CONTENT="958603;" ID="St_1.2.14.25" HPOS="3652" VPOS="3276" HEIGHT="116" WIDTH="480" STYLEREFS="Style_10" WC="0.974444444444444" CC="0000000"/>
						<SP ID="SP_1.2.14.26" HPOS="4116" VPOS="3292" WIDTH="60"/>
						<String CONTENT="F." ID="St_1.2.14.27" HPOS="4228" VPOS="3280" HEIGHT="92" WIDTH="120" STYLEREFS="Style_10" WC="0.975555555555556" CC="00"/>
						<SP ID="SP_1.2.14.28" HPOS="4332" VPOS="3316" WIDTH="56"/>
						<String CONTENT="Morris," ID="St_1.2.14.29" HPOS="4436" VPOS="3280" HEIGHT="116" WIDTH="464" STYLEREFS="Style_10" WC="0.978888888888889" CC="0000000"/>
						<SP ID="SP_1.2.14.30" HPOS="4884" VPOS="3312" WIDTH="52"/>
						<String CONTENT="New" ID="St_1.2.14.31" HPOS="4980" VPOS="3284" HEIGHT="96" WIDTH="284" STYLEREFS="Style_10" WC="0.98" CC="000"/>
					</TextLine>
					<TextLine ID="TL_1.2.15" HPOS="640" VPOS="3412" HEIGHT="100" WIDTH="4416">
						<String CONTENT="York." ID="St_1.2.15.1" HPOS="640" VPOS="3412" HEIGHT="96" WIDTH="344" STYLEREFS="Style_10" WC="1" CC="00000"/>
						<SP ID="SP_1.2.15.2" HPOS="968" VPOS="3412" WIDTH="3956"/>
						<String CONTENT="65" ID="St_1.2.15.3" HPOS="4924" VPOS="3412" HEIGHT="100" WIDTH="132" STYLEREFS="Style_10" WC="0.615555555555556" CC="00"/>
					</TextLine>
					<TextLine ID="TL_1.2.16" HPOS="464" VPOS="3600" HEIGHT="152" WIDTH="2288">
						<String CONTENT="Mu" ID="St_1.2.16.1" HPOS="464" VPOS="3608" HEIGHT="120" WIDTH="240" STYLEREFS="Style_10" WC="0.888888888888889" CC="11"/>
						<String CONTENT="l" ID="St_1.2.16.2" HPOS="712" VPOS="3600" HEIGHT="124" WIDTH="44" STYLEREFS="Style_11" WC="0.777777777777778" CC="4"/>
						<String CONTENT="hall," ID="St_1.2.16.3" HPOS="764" VPOS="3600" HEIGHT="152" WIDTH="328" STYLEREFS="Style_11" WC="0.916666666666667" CC="00000"/>
						<SP ID="SP_1.2.16.4" HPOS="1072" VPOS="3652" WIDTH="52"/>
						<String CONTENT="Sara" ID="St_1.2.16.5" HPOS="1160" VPOS="3600" HEIGHT="132" WIDTH="356" STYLEREFS="Style_11" WC="0.947777777777778" CC="0000"/>
						<SP ID="SP_1.2.16.6" HPOS="1472" VPOS="3624" WIDTH="80"/>
						<String CONTENT="Graham," ID="St_1.2.16.7" HPOS="1592" VPOS="3600" HEIGHT="152" WIDTH="672" STYLEREFS="Style_11" WC="0.967777777777778" CC="0000000"/>
						<SP ID="SP_1.2.16.8" HPOS="2240" VPOS="3648" WIDTH="60"/>
						<String CONTENT="1873" ID="St_1.2.16.9" HPOS="2340" VPOS="3608" HEIGHT="120" WIDTH="316" STYLEREFS="Style_11" WC="0.973333333333333" CC="0000"/>
						<String CONTENT="&#150;" ID="St_1.2.16.10" HPOS="2664" VPOS="3680" HEIGHT="16" WIDTH="88" STYLEREFS="Style_11" WC="0.974444444444444" CC="0"/>
					</TextLine>
					<TextLine ID="TL_1.2.17" HPOS="644" VPOS="3788" HEIGHT="164" WIDTH="4532">
						<String CONTENT="Opium," ID="St_1.2.17.1" HPOS="644" VPOS="3788" HEIGHT="164" WIDTH="560" STYLEREFS="Style_11" WC="1" CC="000000"/>
						<SP ID="SP_1.2.17.2" HPOS="1188" VPOS="3840" WIDTH="72"/>
						<String CONTENT="the" ID="St_1.2.17.3" HPOS="1324" VPOS="3792" HEIGHT="124" WIDTH="228" STYLEREFS="Style_11" WC="1" CC="000"/>
						<SP ID="SP_1.2.17.4" HPOS="1516" VPOS="3816" WIDTH="96"/>
						<String CONTENT="demon" ID="St_1.2.17.5" HPOS="1676" VPOS="3792" HEIGHT="120" WIDTH="488" STYLEREFS="Style_11" WC="1" CC="00000"/>
						<SP ID="SP_1.2.17.6" HPOS="2112" VPOS="3812" WIDTH="112"/>
						<String CONTENT="flower," ID="St_1.2.17.7" HPOS="2292" VPOS="3788" HEIGHT="160" WIDTH="500" STYLEREFS="Style_11" WC="1" CC="0000000"/>
						<SP ID="SP_1.2.17.8" HPOS="2772" VPOS="3840" WIDTH="76"/>
						<String CONTENT="by" ID="St_1.2.17.9" HPOS="2912" VPOS="3788" HEIGHT="164" WIDTH="180" STYLEREFS="Style_11" WC="1" CC="00"/>
						<SP ID="SP_1.2.17.10" HPOS="3044" VPOS="3812" WIDTH="104"/>
						<String CONTENT="Sara" ID="St_1.2.17.11" HPOS="3212" VPOS="3788" HEIGHT="128" WIDTH="344" STYLEREFS="Style_11" WC="1" CC="0000"/>
						<SP ID="SP_1.2.17.12" HPOS="3516" VPOS="3816" WIDTH="104"/>
						<String CONTENT="Graham-Mu" ID="St_1.2.17.13" HPOS="3688" VPOS="3788" HEIGHT="132" WIDTH="932" STYLEREFS="Style_11" WC="1" CC="000000000"/>
						<String CONTENT="l" ID="St_1.2.17.14" HPOS="4628" VPOS="3792" HEIGHT="124" WIDTH="44" STYLEREFS="Style_12" WC="0.988888888888889" CC="4"/>
						<String CONTENT="hall" ID="St_1.2.17.15" HPOS="4680" VPOS="3792" HEIGHT="124" WIDTH="292" STYLEREFS="Style_12" WC="0.99" CC="0000"/>
						<SP ID="SP_1.2.17.16" HPOS="4924" VPOS="3792" WIDTH="48"/>
						<String CONTENT="&#133;" ID="St_1.2.17.17" HPOS="5092" VPOS="3800" HEIGHT="136" WIDTH="84" STYLEREFS="Style_12" WC="0.981111111111111" CC="0"/>
					</TextLine>
					<TextLine ID="TL_1.2.18" HPOS="472" VPOS="3972" HEIGHT="172" WIDTH="4780">
						<String CONTENT="New" ID="St_1.2.18.1" HPOS="472" VPOS="3976" HEIGHT="128" WIDTH="336" STYLEREFS="Style_12" WC="1" CC="000"/>
						<SP ID="SP_1.2.18.2" HPOS="744" VPOS="4000" WIDTH="116"/>
						<String CONTENT="York," ID="St_1.2.18.3" HPOS="916" VPOS="3976" HEIGHT="160" WIDTH="432" STYLEREFS="Style_12" WC="0.95" CC="00004"/>
						<SP ID="SP_1.2.18.4" HPOS="1328" VPOS="4028" WIDTH="64"/>
						<String CONTENT="Montrose" ID="St_1.2.18.5" HPOS="1440" VPOS="3976" HEIGHT="124" WIDTH="704" STYLEREFS="Style_12" WC="0.974444444444444" CC="00000000"/>
						<SP ID="SP_1.2.18.6" HPOS="2108" VPOS="4000" WIDTH="88"/>
						<String CONTENT="publishing" ID="St_1.2.18.7" HPOS="2252" VPOS="3972" HEIGHT="168" WIDTH="800" STYLEREFS="Style_12" WC="0.984444444444444" CC="0000000000"/>
						<SP ID="SP_1.2.18.8" HPOS="3000" VPOS="4000" WIDTH="96"/>
						<String CONTENT="co.," ID="St_1.2.18.9" HPOS="3148" VPOS="4020" HEIGHT="116" WIDTH="236" STYLEREFS="Style_12" WC="0.986666666666667" CC="0000"/>
						<SP ID="SP_1.2.18.10" HPOS="3364" VPOS="4028" WIDTH="68"/>
						<String CONTENT="distributed" ID="St_1.2.18.11" HPOS="3484" VPOS="3976" HEIGHT="128" WIDTH="828" STYLEREFS="Style_12" WC="0.99" CC="00000000000"/>
						<SP ID="SP_1.2.18.12" HPOS="4264" VPOS="3980" WIDTH="96"/>
						<String CONTENT="by" ID="St_1.2.18.13" HPOS="4412" VPOS="3976" HEIGHT="168" WIDTH="188" STYLEREFS="Style_12" WC="0.99" CC="00"/>
						<SP ID="SP_1.2.18.14" HPOS="4548" VPOS="4000" WIDTH="96"/>
						<String CONTENT="the" ID="St_1.2.18.15" HPOS="4692" VPOS="3980" HEIGHT="128" WIDTH="232" STYLEREFS="Style_12" WC="0.991111111111111" CC="000"/>
						<SP ID="SP_1.2.18.16" HPOS="4884" VPOS="4000" WIDTH="84"/>
						<String CONTENT="In-" ID="St_1.2.18.17" HPOS="5020" VPOS="3976" HEIGHT="128" WIDTH="232" STYLEREFS="Style_12" WC="0.991111111111111" CC="000"/>
					</TextLine>
					<TextLine ID="TL_1.2.19" HPOS="472" VPOS="4164" HEIGHT="164" WIDTH="1760">
						<String CONTENT="spiration" ID="St_1.2.19.1" HPOS="472" VPOS="4164" HEIGHT="164" WIDTH="676" STYLEREFS="Style_12" WC="1" CC="000000000"/>
						<SP ID="SP_1.2.19.2" HPOS="1100" VPOS="4188" WIDTH="88"/>
						<String CONTENT="library," ID="St_1.2.19.3" HPOS="1228" VPOS="4164" HEIGHT="160" WIDTH="568" STYLEREFS="Style_12" WC="1" CC="00000000"/>
						<SP ID="SP_1.2.19.4" HPOS="1780" VPOS="4216" WIDTH="56"/>
						<String CONTENT="1926." ID="St_1.2.19.5" HPOS="1876" VPOS="4168" HEIGHT="120" WIDTH="356" STYLEREFS="Style_12" WC="1" CC="00000"/>
					</TextLine>
					<TextLine ID="TL_1.2.20" HPOS="644" VPOS="4356" HEIGHT="120" WIDTH="1612">
						<String CONTENT="x" ID="St_1.2.20.1" HPOS="644" VPOS="4368" HEIGHT="80" WIDTH="76" STYLEREFS="Style_12" WC="0.444444444444444" CC="5"/>
						<String CONTENT="vi," ID="St_1.2.20.2" HPOS="728" VPOS="4360" HEIGHT="116" WIDTH="148" STYLEREFS="Style_12" WC="0.861111111111111" CC="000"/>
						<SP ID="SP_1.2.20.3" HPOS="864" VPOS="4392" WIDTH="44"/>
						<String CONTENT="310" ID="St_1.2.20.4" HPOS="944" VPOS="4360" HEIGHT="96" WIDTH="212" STYLEREFS="Style_12" WC="0.93" CC="000"/>
						<SP ID="SP_1.2.20.5" HPOS="1120" VPOS="4356" WIDTH="68"/>
						<String CONTENT="p." ID="St_1.2.20.6" HPOS="1220" VPOS="4384" HEIGHT="92" WIDTH="108" STYLEREFS="Style_12" WC="0.948888888888889" CC="00"/>
						<SP ID="SP_1.2.20.7" HPOS="1312" VPOS="4392" WIDTH="84"/>
						<String CONTENT="19&#x00bd;&#x0368;&#x036b;." ID="St_1.2.20.8" HPOS="1464" VPOS="4356" HEIGHT="112" WIDTH="792" STYLEREFS="Style_12" WC="0.962222222222222" CC="000001"/>
					</TextLine>
					<TextLine ID="TL_1.2.21" HPOS="652" VPOS="4492" HEIGHT="104" WIDTH="1120">
						<String CONTENT="&quot;Second" ID="St_1.2.21.1" HPOS="652" VPOS="4496" HEIGHT="100" WIDTH="512" STYLEREFS="Style_12" WC="1" CC="0000000"/>
						<SP ID="SP_1.2.21.2" HPOS="1128" VPOS="4500" WIDTH="68"/>
						<String CONTENT="edition.&quot;" ID="St_1.2.21.3" HPOS="1228" VPOS="4492" HEIGHT="100" WIDTH="544" STYLEREFS="Style_12" WC="1" CC="000000000"/>
					</TextLine>
					<TextLine ID="TL_1.2.22" HPOS="656" VPOS="4628" HEIGHT="120" WIDTH="4608">
						<String CONTENT="Summarized" ID="St_1.2.22.1" HPOS="656" VPOS="4632" HEIGHT="100" WIDTH="796" STYLEREFS="Style_12" WC="1" CC="0000000000"/>
						<SP ID="SP_1.2.22.2" HPOS="1412" VPOS="4632" WIDTH="76"/>
						<String CONTENT="conclusions" ID="St_1.2.22.3" HPOS="1532" VPOS="4628" HEIGHT="100" WIDTH="728" STYLEREFS="Style_12" WC="1" CC="00000000000"/>
						<SP ID="SP_1.2.22.4" HPOS="2232" VPOS="4648" WIDTH="72"/>
						<String CONTENT="as" ID="St_1.2.22.5" HPOS="2344" VPOS="4656" HEIGHT="72" WIDTH="132" STYLEREFS="Style_12" WC="1" CC="00"/>
						<SP ID="SP_1.2.22.6" HPOS="2444" VPOS="4648" WIDTH="68"/>
						<String CONTENT="a" ID="St_1.2.22.7" HPOS="2552" VPOS="4656" HEIGHT="72" WIDTH="72" STYLEREFS="Style_12" WC="1" CC="0"/>
						<SP ID="SP_1.2.22.8" HPOS="2584" VPOS="4644" WIDTH="80"/>
						<String CONTENT="result" ID="St_1.2.22.9" HPOS="2704" VPOS="4632" HEIGHT="96" WIDTH="372" STYLEREFS="Style_12" WC="1" CC="000000"/>
						<SP ID="SP_1.2.22.10" HPOS="3048" VPOS="4636" WIDTH="64"/>
						<String CONTENT="of" ID="St_1.2.22.11" HPOS="3156" VPOS="4628" HEIGHT="100" WIDTH="124" STYLEREFS="Style_12" WC="1" CC="00"/>
						<SP ID="SP_1.2.22.12" HPOS="3248" VPOS="4632" WIDTH="72"/>
						<String CONTENT="official" ID="St_1.2.22.13" HPOS="3364" VPOS="4628" HEIGHT="104" WIDTH="412" STYLEREFS="Style_12" WC="1" CC="00000000"/>
						<SP ID="SP_1.2.22.14" HPOS="3752" VPOS="4636" WIDTH="64"/>
						<String CONTENT="relations" ID="St_1.2.22.15" HPOS="3860" VPOS="4628" HEIGHT="104" WIDTH="564" STYLEREFS="Style_12" WC="1" CC="000000000"/>
						<SP ID="SP_1.2.22.16" HPOS="4396" VPOS="4648" WIDTH="68"/>
						<String CONTENT="with" ID="St_1.2.22.17" HPOS="4504" VPOS="4632" HEIGHT="100" WIDTH="288" STYLEREFS="Style_12" WC="1" CC="0000"/>
						<SP ID="SP_1.2.22.18" HPOS="4748" VPOS="4632" WIDTH="84"/>
						<String CONTENT="38,000" ID="St_1.2.22.19" HPOS="4876" VPOS="4632" HEIGHT="116" WIDTH="388" STYLEREFS="Style_12" WC="1" CC="000000"/>
					</TextLine>
					<TextLine ID="TL_1.2.23" HPOS="484" VPOS="4764" HEIGHT="124" WIDTH="4776">
						<String CONTENT="addicts," ID="St_1.2.23.1" HPOS="484" VPOS="4768" HEIGHT="116" WIDTH="484" STYLEREFS="Style_12" WC="1" CC="00000000"/>
						<SP ID="SP_1.2.23.2" HPOS="956" VPOS="4804" WIDTH="56"/>
						<String CONTENT="while" ID="St_1.2.23.3" HPOS="1060" VPOS="4768" HEIGHT="96" WIDTH="348" STYLEREFS="Style_12" WC="1" CC="00000"/>
						<SP ID="SP_1.2.23.4" HPOS="1376" VPOS="4780" WIDTH="72"/>
						<String CONTENT="first" ID="St_1.2.23.5" HPOS="1496" VPOS="4768" HEIGHT="96" WIDTH="256" STYLEREFS="Style_12" WC="1" CC="00000"/>
						<SP ID="SP_1.2.23.6" HPOS="1724" VPOS="4768" WIDTH="68"/>
						<String CONTENT="deputy" ID="St_1.2.23.7" HPOS="1836" VPOS="4768" HEIGHT="116" WIDTH="436" STYLEREFS="Style_12" WC="1" CC="000000"/>
						<SP ID="SP_1.2.23.8" HPOS="2232" VPOS="4776" WIDTH="80"/>
						<String CONTENT="commissioner" ID="St_1.2.23.9" HPOS="2356" VPOS="4764" HEIGHT="100" WIDTH="876" STYLEREFS="Style_12" WC="1" CC="000000000000"/>
						<SP ID="SP_1.2.23.10" HPOS="3196" VPOS="4780" WIDTH="76"/>
						<String CONTENT="of" ID="St_1.2.23.11" HPOS="3320" VPOS="4768" HEIGHT="96" WIDTH="128" STYLEREFS="Style_12" WC="1" CC="00"/>
						<SP ID="SP_1.2.23.12" HPOS="3416" VPOS="4764" WIDTH="72"/>
						<String CONTENT="narcotic" ID="St_1.2.23.13" HPOS="3532" VPOS="4768" HEIGHT="100" WIDTH="528" STYLEREFS="Style_12" WC="1" CC="00000000"/>
						<SP ID="SP_1.2.23.14" HPOS="4028" VPOS="4780" WIDTH="72"/>
						<String CONTENT="drug" ID="St_1.2.23.15" HPOS="4148" VPOS="4772" HEIGHT="116" WIDTH="296" STYLEREFS="Style_12" WC="1" CC="0000"/>
						<SP ID="SP_1.2.23.16" HPOS="4408" VPOS="4776" WIDTH="76"/>
						<String CONTENT="control" ID="St_1.2.23.17" HPOS="4532" VPOS="4772" HEIGHT="96" WIDTH="452" STYLEREFS="Style_12" WC="1" CC="0000000"/>
						<SP ID="SP_1.2.23.18" HPOS="4956" VPOS="4764" WIDTH="68"/>
						<String CONTENT="for" ID="St_1.2.23.19" HPOS="5068" VPOS="4768" HEIGHT="96" WIDTH="192" STYLEREFS="Style_12" WC="1" CC="000"/>
					</TextLine>
					<TextLine ID="TL_1.2.24" HPOS="480" VPOS="4900" HEIGHT="124" WIDTH="4784">
						<String CONTENT="New" ID="St_1.2.24.1" HPOS="480" VPOS="4908" HEIGHT="96" WIDTH="284" STYLEREFS="Style_12" WC="1" CC="000"/>
						<SP ID="SP_1.2.24.2" HPOS="708" VPOS="4916" WIDTH="100"/>
						<String CONTENT="York" ID="St_1.2.24.3" HPOS="856" VPOS="4904" HEIGHT="96" WIDTH="316" STYLEREFS="Style_12" WC="1" CC="0000"/>
						<SP ID="SP_1.2.24.4" HPOS="1132" VPOS="4900" WIDTH="88"/>
						<String CONTENT="state," ID="St_1.2.24.5" HPOS="1272" VPOS="4912" HEIGHT="104" WIDTH="344" STYLEREFS="Style_12" WC="1" CC="000000"/>
						<SP ID="SP_1.2.24.6" HPOS="1600" VPOS="4940" WIDTH="64"/>
						<String CONTENT="from" ID="St_1.2.24.7" HPOS="1716" VPOS="4904" HEIGHT="96" WIDTH="312" STYLEREFS="Style_12" WC="1" CC="0000"/>
						<SP ID="SP_1.2.24.8" HPOS="1968" VPOS="4912" WIDTH="104"/>
						<String CONTENT="1919" ID="St_1.2.24.9" HPOS="2124" VPOS="4904" HEIGHT="96" WIDTH="280" STYLEREFS="Style_12" WC="1" CC="0000"/>
						<SP ID="SP_1.2.24.10" HPOS="2368" VPOS="4900" WIDTH="84"/>
						<String CONTENT="to" ID="St_1.2.24.11" HPOS="2500" VPOS="4912" HEIGHT="88" WIDTH="120" STYLEREFS="Style_12" WC="1" CC="00"/>
						<SP ID="SP_1.2.24.12" HPOS="2584" VPOS="4912" WIDTH="84"/>
						<String CONTENT="1921," ID="St_1.2.24.13" HPOS="2716" VPOS="4904" HEIGHT="112" WIDTH="304" STYLEREFS="Style_12" WC="1" CC="00000"/>
						<SP ID="SP_1.2.24.14" HPOS="3004" VPOS="4940" WIDTH="68"/>
						<String CONTENT="with" ID="St_1.2.24.15" HPOS="3128" VPOS="4904" HEIGHT="96" WIDTH="288" STYLEREFS="Style_12" WC="1" CC="0000"/>
						<SP ID="SP_1.2.24.16" HPOS="3372" VPOS="4900" WIDTH="92"/>
						<String CONTENT="assigned" ID="St_1.2.24.17" HPOS="3520" VPOS="4904" HEIGHT="116" WIDTH="544" STYLEREFS="Style_12" WC="1" CC="00000000"/>
						<SP ID="SP_1.2.24.18" HPOS="4024" VPOS="4904" WIDTH="84"/>
						<String CONTENT="district," ID="St_1.2.24.19" HPOS="4160" VPOS="4904" HEIGHT="120" WIDTH="504" STYLEREFS="Style_12" WC="1" CC="000000000"/>
						<SP ID="SP_1.2.24.20" HPOS="4648" VPOS="4940" WIDTH="64"/>
						<String CONTENT="Greater" ID="St_1.2.24.21" HPOS="4768" VPOS="4908" HEIGHT="96" WIDTH="496" STYLEREFS="Style_12" WC="1" CC="0000000"/>
					</TextLine>
					<TextLine ID="TL_1.2.25" HPOS="480" VPOS="5036" HEIGHT="120" WIDTH="2772">
						<String CONTENT="New" ID="St_1.2.25.1" HPOS="480" VPOS="5044" HEIGHT="96" WIDTH="280" STYLEREFS="Style_12" WC="1" CC="000"/>
						<SP ID="SP_1.2.25.2" HPOS="704" VPOS="5052" WIDTH="88"/>
						<String CONTENT="York" ID="St_1.2.25.3" HPOS="828" VPOS="5044" HEIGHT="96" WIDTH="316" STYLEREFS="Style_12" WC="1" CC="0000"/>
						<SP ID="SP_1.2.25.4" HPOS="1100" VPOS="5036" WIDTH="72"/>
						<String CONTENT="and" ID="St_1.2.25.5" HPOS="1208" VPOS="5040" HEIGHT="96" WIDTH="232" STYLEREFS="Style_12" WC="1" CC="000"/>
						<SP ID="SP_1.2.25.6" HPOS="1400" VPOS="5036" WIDTH="72"/>
						<String CONTENT="near-by" ID="St_1.2.25.7" HPOS="1504" VPOS="5040" HEIGHT="116" WIDTH="480" STYLEREFS="Style_12" WC="1" CC="0000000"/>
						<SP ID="SP_1.2.25.8" HPOS="1944" VPOS="5048" WIDTH="72"/>
						<String CONTENT="counties." ID="St_1.2.25.9" HPOS="2052" VPOS="5040" HEIGHT="96" WIDTH="560" STYLEREFS="Style_12" WC="0.988888888888889" CC="000000003"/>
						<SP ID="SP_1.2.25.10" HPOS="2596" VPOS="5072" WIDTH="84"/>
						<String CONTENT="c" ID="St_1.2.25.11" HPOS="2756" VPOS="5064" HEIGHT="72" WIDTH="60" STYLEREFS="Style_12" WC="0.975555555555556" CC="3"/>
						<String CONTENT="f." ID="St_1.2.25.12" HPOS="2824" VPOS="5040" HEIGHT="116" WIDTH="84" STYLEREFS="Style_13" WC="0.976666666666667" CC="00"/>
						<SP ID="SP_1.2.25.13" HPOS="2892" VPOS="5072" WIDTH="48"/>
						<String CONTENT="p." ID="St_1.2.25.14" HPOS="2972" VPOS="5064" HEIGHT="92" WIDTH="108" STYLEREFS="Style_13" WC="0.978888888888889" CC="00"/>
						<SP ID="SP_1.2.25.15" HPOS="3064" VPOS="5072" WIDTH="48"/>
						<String CONTENT="4." ID="St_1.2.25.16" HPOS="3148" VPOS="5044" HEIGHT="96" WIDTH="104" STYLEREFS="Style_13" WC="0.98" CC="00"/>
					</TextLine>
					<TextLine ID="TL_1.2.26" HPOS="652" VPOS="5172" HEIGHT="120" WIDTH="4612">
						<String CONTENT="&quot;For" ID="St_1.2.26.1" HPOS="652" VPOS="5180" HEIGHT="96" WIDTH="300" STYLEREFS="Style_13" WC="1" CC="0000"/>
						<SP ID="SP_1.2.26.2" HPOS="920" VPOS="5192" WIDTH="68"/>
						<String CONTENT="the" ID="St_1.2.26.3" HPOS="1024" VPOS="5180" HEIGHT="96" WIDTH="196" STYLEREFS="Style_13" WC="1" CC="000"/>
						<SP ID="SP_1.2.26.4" HPOS="1188" VPOS="5192" WIDTH="64"/>
						<String CONTENT="work" ID="St_1.2.26.5" HPOS="1292" VPOS="5180" HEIGHT="96" WIDTH="324" STYLEREFS="Style_13" WC="1" CC="0000"/>
						<SP ID="SP_1.2.26.6" HPOS="1576" VPOS="5176" WIDTH="76"/>
						<String CONTENT="described" ID="St_1.2.26.7" HPOS="1692" VPOS="5176" HEIGHT="100" WIDTH="600" STYLEREFS="Style_13" WC="1" CC="000000000"/>
						<SP ID="SP_1.2.26.8" HPOS="2256" VPOS="5176" WIDTH="72"/>
						<String CONTENT="in" ID="St_1.2.26.9" HPOS="2368" VPOS="5176" HEIGHT="96" WIDTH="124" STYLEREFS="Style_13" WC="1" CC="00"/>
						<SP ID="SP_1.2.26.10" HPOS="2452" VPOS="5188" WIDTH="76"/>
						<String CONTENT="this" ID="St_1.2.26.11" HPOS="2568" VPOS="5176" HEIGHT="100" WIDTH="236" STYLEREFS="Style_13" WC="1" CC="0000"/>
						<SP ID="SP_1.2.26.12" HPOS="2776" VPOS="5188" WIDTH="68"/>
						<String CONTENT="book" ID="St_1.2.26.13" HPOS="2884" VPOS="5180" HEIGHT="96" WIDTH="292" STYLEREFS="Style_13" WC="1" CC="0000"/>
						<SP ID="SP_1.2.26.14" HPOS="3132" VPOS="5176" WIDTH="84"/>
						<String CONTENT="its" ID="St_1.2.26.15" HPOS="3260" VPOS="5176" HEIGHT="100" WIDTH="156" STYLEREFS="Style_13" WC="1" CC="000"/>
						<SP ID="SP_1.2.26.16" HPOS="3384" VPOS="5188" WIDTH="68"/>
						<String CONTENT="author" ID="St_1.2.26.17" HPOS="3496" VPOS="5176" HEIGHT="100" WIDTH="428" STYLEREFS="Style_13" WC="1" CC="000000"/>
						<SP ID="SP_1.2.26.18" HPOS="3892" VPOS="5188" WIDTH="68"/>
						<String CONTENT="was" ID="St_1.2.26.19" HPOS="3996" VPOS="5200" HEIGHT="76" WIDTH="244" STYLEREFS="Style_13" WC="1" CC="000"/>
						<SP ID="SP_1.2.26.20" HPOS="4212" VPOS="5188" WIDTH="68"/>
						<String CONTENT="given" ID="St_1.2.26.21" HPOS="4320" VPOS="5176" HEIGHT="116" WIDTH="340" STYLEREFS="Style_13" WC="1" CC="00000"/>
						<SP ID="SP_1.2.26.22" HPOS="4620" VPOS="5188" WIDTH="76"/>
						<String CONTENT="the" ID="St_1.2.26.23" HPOS="4736" VPOS="5180" HEIGHT="96" WIDTH="200" STYLEREFS="Style_13" WC="1" CC="000"/>
						<SP ID="SP_1.2.26.24" HPOS="4900" VPOS="5188" WIDTH="76"/>
						<String CONTENT="Pic-" ID="St_1.2.26.25" HPOS="5020" VPOS="5172" HEIGHT="104" WIDTH="244" STYLEREFS="Style_13" WC="1" CC="0000"/>
					</TextLine>
					<TextLine ID="TL_1.2.27" HPOS="484" VPOS="5308" HEIGHT="124" WIDTH="4776">
						<String CONTENT="torial" ID="St_1.2.27.1" HPOS="484" VPOS="5316" HEIGHT="96" WIDTH="348" STYLEREFS="Style_13" WC="1" CC="000000"/>
						<SP ID="SP_1.2.27.2" HPOS="808" VPOS="5316" WIDTH="72"/>
						<String CONTENT="review&apos;s" ID="St_1.2.27.3" HPOS="928" VPOS="5312" HEIGHT="100" WIDTH="520" STYLEREFS="Style_13" WC="1" CC="00000000"/>
						<SP ID="SP_1.2.27.4" HPOS="1424" VPOS="5328" WIDTH="72"/>
						<String CONTENT="annual" ID="St_1.2.27.5" HPOS="1544" VPOS="5316" HEIGHT="92" WIDTH="436" STYLEREFS="Style_13" WC="1" CC="000000"/>
						<SP ID="SP_1.2.27.6" HPOS="1956" VPOS="5316" WIDTH="68"/>
						<String CONTENT="$5,000" ID="St_1.2.27.7" HPOS="2072" VPOS="5312" HEIGHT="120" WIDTH="392" STYLEREFS="Style_13" WC="1" CC="000000"/>
						<SP ID="SP_1.2.27.8" HPOS="2428" VPOS="5312" WIDTH="80"/>
						<String CONTENT="achievement" ID="St_1.2.27.9" HPOS="2556" VPOS="5312" HEIGHT="100" WIDTH="800" STYLEREFS="Style_13" WC="1" CC="00000000000"/>
						<SP ID="SP_1.2.27.10" HPOS="3328" VPOS="5316" WIDTH="72"/>
						<String CONTENT="award.&quot;&#151;Foreword," ID="St_1.2.27.11" HPOS="3448" VPOS="5312" HEIGHT="120" WIDTH="1320" STYLEREFS="Style_13" WC="1" CC="00000000000000000"/>
						<SP ID="SP_1.2.27.12" HPOS="4752" VPOS="5352" WIDTH="60"/>
						<String CONTENT="p." ID="St_1.2.27.13" HPOS="4864" VPOS="5340" HEIGHT="92" WIDTH="108" STYLEREFS="Style_13" WC="1" CC="00"/>
						<SP ID="SP_1.2.27.14" HPOS="4956" VPOS="5352" WIDTH="56"/>
						<String CONTENT="vii." ID="St_1.2.27.15" HPOS="5060" VPOS="5308" HEIGHT="100" WIDTH="200" STYLEREFS="Style_13" WC="1" CC="0000"/>
					</TextLine>
					<TextLine ID="TL_1.2.28" HPOS="488" VPOS="5440" HEIGHT="124" WIDTH="4784">
						<String CONTENT="&#169;" ID="St_1.2.28.1" HPOS="488" VPOS="5444" HEIGHT="108" WIDTH="112" STYLEREFS="Style_13" WC="0.222222222222222" CC="7"/>
						<SP ID="SP_1.2.28.2" HPOS="540" VPOS="5440" WIDTH="96"/>
						<String CONTENT="De" ID="St_1.2.28.3" HPOS="668" VPOS="5456" HEIGHT="88" WIDTH="176" STYLEREFS="Style_13" WC="0.694444444444444" CC="00"/>
						<String CONTENT="c" ID="St_1.2.28.4" HPOS="848" VPOS="5476" HEIGHT="72" WIDTH="56" STYLEREFS="Style_13" WC="0.755555555555556" CC="0"/>
						<String CONTENT="." ID="St_1.2.28.5" HPOS="916" VPOS="5524" HEIGHT="24" WIDTH="24" STYLEREFS="Style_13" WC="0.795555555555556" CC="0"/>
						<SP ID="SP_1.2.28.6" HPOS="924" VPOS="5496" WIDTH="48"/>
						<String CONTENT="7," ID="St_1.2.28.7" HPOS="1004" VPOS="5452" HEIGHT="112" WIDTH="92" STYLEREFS="Style_13" WC="0.863333333333333" CC="00"/>
						<SP ID="SP_1.2.28.8" HPOS="1084" VPOS="5496" WIDTH="44"/>
						<String CONTENT="1926;" ID="St_1.2.28.9" HPOS="1164" VPOS="5448" HEIGHT="112" WIDTH="336" STYLEREFS="Style_13" WC="0.917777777777778" CC="00000"/>
						<SP ID="SP_1.2.28.10" HPOS="1488" VPOS="5468" WIDTH="44"/>
						<String CONTENT="2" ID="St_1.2.28.11" HPOS="1568" VPOS="5448" HEIGHT="96" WIDTH="64" STYLEREFS="Style_13" WC="0.927777777777778" CC="0"/>
						<String CONTENT="c" ID="St_1.2.28.12" HPOS="1640" VPOS="5472" HEIGHT="72" WIDTH="60" STYLEREFS="Style_13" WC="0.931111111111111" CC="0"/>
						<String CONTENT="." ID="St_1.2.28.13" HPOS="1712" VPOS="5524" HEIGHT="24" WIDTH="20" STYLEREFS="Style_13" WC="0.935555555555556" CC="0"/>
						<SP ID="SP_1.2.28.14" HPOS="1720" VPOS="5492" WIDTH="44"/>
						<String CONTENT="De" ID="St_1.2.28.15" HPOS="1800" VPOS="5452" HEIGHT="92" WIDTH="172" STYLEREFS="Style_13" WC="0.944444444444444" CC="00"/>
						<String CONTENT="c" ID="St_1.2.28.16" HPOS="1976" VPOS="5476" HEIGHT="68" WIDTH="56" STYLEREFS="Style_13" WC="0.946666666666667" CC="0"/>
						<String CONTENT="." ID="St_1.2.28.17" HPOS="2048" VPOS="5524" HEIGHT="20" WIDTH="20" STYLEREFS="Style_13" WC="0.948888888888889" CC="0"/>
						<SP ID="SP_1.2.28.18" HPOS="2056" VPOS="5492" WIDTH="44"/>
						<String CONTENT="10;" ID="St_1.2.28.19" HPOS="2132" VPOS="5448" HEIGHT="108" WIDTH="196" STYLEREFS="Style_13" WC="0.944444444444444" CC="003"/>
						<SP ID="SP_1.2.28.20" HPOS="2316" VPOS="5468" WIDTH="48"/>
						<String CONTENT="a" ID="St_1.2.28.21" HPOS="2404" VPOS="5472" HEIGHT="72" WIDTH="56" STYLEREFS="Style_13" WC="0.933333333333333" CC="3"/>
						<String CONTENT="ff" ID="St_1.2.28.22" HPOS="2472" VPOS="5448" HEIGHT="96" WIDTH="96" STYLEREFS="Style_13" WC="0.923333333333333" CC="40"/>
						<String CONTENT="." ID="St_1.2.28.23" HPOS="2576" VPOS="5524" HEIGHT="20" WIDTH="20" STYLEREFS="Style_13" WC="0.925555555555556" CC="0"/>
						<SP ID="SP_1.2.28.24" HPOS="2584" VPOS="5492" WIDTH="48"/>
						<String CONTENT="Dec." ID="St_1.2.28.25" HPOS="2668" VPOS="5452" HEIGHT="92" WIDTH="268" STYLEREFS="Style_13" WC="0.935555555555556" CC="0000"/>
						<SP ID="SP_1.2.28.26" HPOS="2924" VPOS="5492" WIDTH="44"/>
						<String CONTENT="22;" ID="St_1.2.28.27" HPOS="3004" VPOS="5448" HEIGHT="112" WIDTH="200" STYLEREFS="Style_13" WC="0.941111111111111" CC="000"/>
						<SP ID="SP_1.2.28.28" HPOS="3188" VPOS="5468" WIDTH="48"/>
						<String CONTENT="A" ID="St_1.2.28.29" HPOS="3276" VPOS="5448" HEIGHT="92" WIDTH="96" STYLEREFS="Style_13" WC="0.944444444444444" CC="0"/>
						<SP ID="SP_1.2.28.30" HPOS="3320" VPOS="5456" WIDTH="80"/>
						<String CONTENT="957953;" ID="St_1.2.28.31" HPOS="3436" VPOS="5448" HEIGHT="112" WIDTH="480" STYLEREFS="Style_13" WC="0.952222222222222" CC="0000000"/>
						<SP ID="SP_1.2.28.32" HPOS="3900" VPOS="5468" WIDTH="56"/>
						<String CONTENT="S" ID="St_1.2.28.33" HPOS="4004" VPOS="5448" HEIGHT="96" WIDTH="68" STYLEREFS="Style_13" WC="0.945555555555556" CC="4"/>
						<String CONTENT="." ID="St_1.2.28.34" HPOS="4088" VPOS="5524" HEIGHT="20" WIDTH="20" STYLEREFS="Style_13" WC="0.946666666666667" CC="0"/>
						<SP ID="SP_1.2.28.35" HPOS="4096" VPOS="5492" WIDTH="48"/>
						<String CONTENT="G." ID="St_1.2.28.36" HPOS="4180" VPOS="5448" HEIGHT="96" WIDTH="128" STYLEREFS="Style_13" WC="0.95" CC="00"/>
						<SP ID="SP_1.2.28.37" HPOS="4292" VPOS="5492" WIDTH="48"/>
						<String CONTENT="Mu" ID="St_1.2.28.38" HPOS="4380" VPOS="5452" HEIGHT="92" WIDTH="196" STYLEREFS="Style_13" WC="0.952222222222222" CC="00"/>
						<String CONTENT="l" ID="St_1.2.28.39" HPOS="4588" VPOS="5448" HEIGHT="92" WIDTH="40" STYLEREFS="Style_13" WC="0.944444444444444" CC="5"/>
						<String CONTENT="hall," ID="St_1.2.28.40" HPOS="4636" VPOS="5452" HEIGHT="108" WIDTH="276" STYLEREFS="Style_13" WC="0.941111111111111" CC="40000"/>
						<SP ID="SP_1.2.28.41" HPOS="4896" VPOS="5492" WIDTH="48"/>
						<String CONTENT="New" ID="St_1.2.28.42" HPOS="4984" VPOS="5448" HEIGHT="96" WIDTH="288" STYLEREFS="Style_13" WC="0.944444444444444" CC="000"/>
					</TextLine>
					<TextLine ID="TL_1.2.29" HPOS="644" VPOS="5580" HEIGHT="120" WIDTH="4424">
						<String CONTENT="York." ID="St_1.2.29.1" HPOS="644" VPOS="5584" HEIGHT="96" WIDTH="348" STYLEREFS="Style_13" WC="1" CC="00000"/>
						<SP ID="SP_1.2.29.2" HPOS="980" VPOS="5636" WIDTH="92"/>
						<String CONTENT="(27&#150;936)" ID="St_1.2.29.3" HPOS="1160" VPOS="5584" HEIGHT="116" WIDTH="536" STYLEREFS="Style_13" WC="1" CC="00000000"/>
						<SP ID="SP_1.2.29.4" HPOS="1676" VPOS="5588" WIDTH="3260"/>
						<String CONTENT="66" ID="St_1.2.29.5" HPOS="4936" VPOS="5580" HEIGHT="100" WIDTH="132" STYLEREFS="Style_13" WC="0.683333333333333" CC="00"/>
					</TextLine>
					<TextLine ID="TL_1.2.30" HPOS="472" VPOS="5740" HEIGHT="152" WIDTH="1556">
						<String CONTENT="Munsell," ID="St_1.2.30.1" HPOS="472" VPOS="5740" HEIGHT="152" WIDTH="648" STYLEREFS="Style_13" WC="1" CC="00000000"/>
						<SP ID="SP_1.2.30.2" HPOS="1100" VPOS="5788" WIDTH="56"/>
						<String CONTENT="Jesse" ID="St_1.2.30.3" HPOS="1192" VPOS="5740" HEIGHT="128" WIDTH="400" STYLEREFS="Style_13" WC="1" CC="00000"/>
						<SP ID="SP_1.2.30.4" HPOS="1552" VPOS="5760" WIDTH="80"/>
						<String CONTENT="Guy." ID="St_1.2.30.5" HPOS="1672" VPOS="5740" HEIGHT="152" WIDTH="356" STYLEREFS="Style_13" WC="1" CC="0000"/>
					</TextLine>
					<TextLine ID="TL_1.2.31" HPOS="644" VPOS="5924" HEIGHT="164" WIDTH="4628">
						<String CONTENT="Natural" ID="St_1.2.31.1" HPOS="644" VPOS="5928" HEIGHT="128" WIDTH="592" STYLEREFS="Style_13" WC="1" CC="0000000"/>
						<SP ID="SP_1.2.31.2" HPOS="1208" VPOS="5932" WIDTH="72"/>
						<String CONTENT="laws" ID="St_1.2.31.3" HPOS="1328" VPOS="5928" HEIGHT="124" WIDTH="332" STYLEREFS="Style_13" WC="1" CC="0000"/>
						<SP ID="SP_1.2.31.4" HPOS="1628" VPOS="5956" WIDTH="80"/>
						<String CONTENT="of" ID="St_1.2.31.5" HPOS="1756" VPOS="5928" HEIGHT="124" WIDTH="156" STYLEREFS="Style_13" WC="1" CC="00"/>
						<SP ID="SP_1.2.31.6" HPOS="1876" VPOS="5932" WIDTH="84"/>
						<String CONTENT="life," ID="St_1.2.31.7" HPOS="2012" VPOS="5924" HEIGHT="164" WIDTH="292" STYLEREFS="Style_13" WC="1" CC="00000"/>
						<SP ID="SP_1.2.31.8" HPOS="2288" VPOS="5980" WIDTH="64"/>
						<String CONTENT="by" ID="St_1.2.31.9" HPOS="2404" VPOS="5928" HEIGHT="160" WIDTH="180" STYLEREFS="Style_13" WC="1" CC="00"/>
						<SP ID="SP_1.2.31.10" HPOS="2536" VPOS="5952" WIDTH="96"/>
						<String CONTENT="J." ID="St_1.2.31.11" HPOS="2684" VPOS="5928" HEIGHT="128" WIDTH="132" STYLEREFS="Style_13" WC="1" CC="00"/>
						<SP ID="SP_1.2.31.12" HPOS="2800" VPOS="5980" WIDTH="68"/>
						<String CONTENT="Guy" ID="St_1.2.31.13" HPOS="2924" VPOS="5924" HEIGHT="164" WIDTH="316" STYLEREFS="Style_13" WC="1" CC="000"/>
						<SP ID="SP_1.2.31.14" HPOS="3192" VPOS="5952" WIDTH="96"/>
						<String CONTENT="Munsell." ID="St_1.2.31.15" HPOS="3340" VPOS="5928" HEIGHT="124" WIDTH="636" STYLEREFS="Style_13" WC="1" CC="00000000"/>
						<SP ID="SP_1.2.31.16" HPOS="3960" VPOS="5980" WIDTH="108"/>
						<String CONTENT="Lincoln," ID="St_1.2.31.17" HPOS="4160" VPOS="5928" HEIGHT="152" WIDTH="624" STYLEREFS="Style_13" WC="1" CC="00000000"/>
						<SP ID="SP_1.2.31.18" HPOS="4768" VPOS="5980" WIDTH="68"/>
						<String CONTENT="Neb.," ID="St_1.2.31.19" HPOS="4888" VPOS="5928" HEIGHT="132" WIDTH="384" STYLEREFS="Style_13" WC="0.991111111111111" CC="00004"/>
					</TextLine>
					<TextLine ID="TL_1.2.32" HPOS="476" VPOS="6112" HEIGHT="164" WIDTH="2928">
						<String CONTENT="Munsell&apos;s" ID="St_1.2.32.1" HPOS="476" VPOS="6112" HEIGHT="128" WIDTH="704" STYLEREFS="Style_13" WC="1" CC="000000000"/>
						<SP ID="SP_1.2.32.2" HPOS="1148" VPOS="6136" WIDTH="56"/>
						<String CONTENT="college" ID="St_1.2.32.3" HPOS="1232" VPOS="6112" HEIGHT="164" WIDTH="512" STYLEREFS="Style_13" WC="1" CC="0000000"/>
						<SP ID="SP_1.2.32.4" HPOS="1708" VPOS="6136" WIDTH="60"/>
						<String CONTENT="of" ID="St_1.2.32.5" HPOS="1796" VPOS="6112" HEIGHT="124" WIDTH="156" STYLEREFS="Style_13" WC="1" CC="00"/>
						<SP ID="SP_1.2.32.6" HPOS="1916" VPOS="6112" WIDTH="64"/>
						<String CONTENT="natural" ID="St_1.2.32.7" HPOS="2008" VPOS="6112" HEIGHT="124" WIDTH="556" STYLEREFS="Style_13" WC="1" CC="0000000"/>
						<SP ID="SP_1.2.32.8" HPOS="2536" VPOS="6112" WIDTH="56"/>
						<String CONTENT="law" ID="St_1.2.32.9" HPOS="2620" VPOS="6112" HEIGHT="124" WIDTH="264" STYLEREFS="Style_13" WC="1" CC="000"/>
						<SP ID="SP_1.2.32.10" HPOS="2820" VPOS="6132" WIDTH="100"/>
						<String CONTENT="[&#x0368;1926]" ID="St_1.2.32.11" HPOS="2960" VPOS="6112" HEIGHT="144" WIDTH="444" STYLEREFS="Style_13" WC="0.98" CC="0000007"/>
					</TextLine>
					<TextLine ID="TL_1.2.33" HPOS="648" VPOS="6300" HEIGHT="124" WIDTH="1412">
						<String CONTENT="126" ID="St_1.2.33.1" HPOS="648" VPOS="6304" HEIGHT="96" WIDTH="200" STYLEREFS="Style_13" WC="1" CC="000"/>
						<SP ID="SP_1.2.33.2" HPOS="816" VPOS="6300" WIDTH="60"/>
						<String CONTENT="p.," ID="St_1.2.33.3" HPOS="904" VPOS="6332" HEIGHT="92" WIDTH="140" STYLEREFS="Style_13" WC="0.935555555555556" CC="004"/>
						<SP ID="SP_1.2.33.4" HPOS="1032" VPOS="6340" WIDTH="44"/>
						<String CONTENT="1" ID="St_1.2.33.5" HPOS="1108" VPOS="6308" HEIGHT="92" WIDTH="60" STYLEREFS="Style_13" WC="0.95" CC="0"/>
						<SP ID="SP_1.2.33.6" HPOS="1136" VPOS="6304" WIDTH="60"/>
						<String CONTENT="1." ID="St_1.2.33.7" HPOS="1228" VPOS="6308" HEIGHT="92" WIDTH="72" STYLEREFS="Style_13" WC="0.962222222222222" CC="00"/>
						<SP ID="SP_1.2.33.8" HPOS="1284" VPOS="6340" WIDTH="84"/>
						<String CONTENT="17&#x00bd;&#x0368;&#x036b;." ID="St_1.2.33.9" HPOS="1444" VPOS="6308" HEIGHT="104" WIDTH="616" STYLEREFS="Style_13" WC="0.97" CC="000001"/>
					</TextLine>
					<TextLine ID="TL_1.2.34" HPOS="492" VPOS="6432" HEIGHT="128" WIDTH="4776">
						<String CONTENT="&#169;" ID="St_1.2.34.1" HPOS="492" VPOS="6436" HEIGHT="108" WIDTH="120" STYLEREFS="Style_13" WC="0.222222222222222" CC="7"/>
						<SP ID="SP_1.2.34.2" HPOS="548" VPOS="6432" WIDTH="96"/>
						<String CONTENT="Dec." ID="St_1.2.34.3" HPOS="680" VPOS="6444" HEIGHT="92" WIDTH="272" STYLEREFS="Style_13" WC="0.795555555555556" CC="0000"/>
						<SP ID="SP_1.2.34.4" HPOS="940" VPOS="6484" WIDTH="44"/>
						<String CONTENT="24," ID="St_1.2.34.5" HPOS="1012" VPOS="6440" HEIGHT="112" WIDTH="168" STYLEREFS="Style_13" WC="0.877777777777778" CC="000"/>
						<SP ID="SP_1.2.34.6" HPOS="1168" VPOS="6484" WIDTH="44"/>
						<String CONTENT="1926;" ID="St_1.2.34.7" HPOS="1244" VPOS="6440" HEIGHT="112" WIDTH="336" STYLEREFS="Style_13" WC="0.895555555555556" CC="00000"/>
						<SP ID="SP_1.2.34.8" HPOS="1568" VPOS="6460" WIDTH="52"/>
						<String CONTENT="2c." ID="St_1.2.34.9" HPOS="1656" VPOS="6440" HEIGHT="96" WIDTH="160" STYLEREFS="Style_13" WC="0.916666666666667" CC="000"/>
						<SP ID="SP_1.2.34.10" HPOS="1804" VPOS="6484" WIDTH="44"/>
						<String CONTENT="and" ID="St_1.2.34.11" HPOS="1884" VPOS="6440" HEIGHT="96" WIDTH="228" STYLEREFS="Style_13" WC="0.93" CC="000"/>
						<SP ID="SP_1.2.34.12" HPOS="2076" VPOS="6448" WIDTH="68"/>
						<String CONTENT="a" ID="St_1.2.34.13" HPOS="2180" VPOS="6464" HEIGHT="72" WIDTH="60" STYLEREFS="Style_13" WC="0.922222222222222" CC="3"/>
						<String CONTENT="f" ID="St_1.2.34.14" HPOS="2256" VPOS="6440" HEIGHT="92" WIDTH="40" STYLEREFS="Style_13" WC="0.921111111111111" CC="1"/>
						<String CONTENT="f." ID="St_1.2.34.15" HPOS="2276" VPOS="6448" HEIGHT="88" WIDTH="104" STYLEREFS="Style_13" WC="0.911111111111111" CC="40"/>
						<SP ID="SP_1.2.34.16" HPOS="2364" VPOS="6484" WIDTH="48"/>
						<String CONTENT="Dec." ID="St_1.2.34.17" HPOS="2444" VPOS="6444" HEIGHT="92" WIDTH="272" STYLEREFS="Style_13" WC="0.924444444444444" CC="0000"/>
						<SP ID="SP_1.2.34.18" HPOS="2700" VPOS="6484" WIDTH="44"/>
						<String CONTENT="31;" ID="St_1.2.34.19" HPOS="2776" VPOS="6440" HEIGHT="112" WIDTH="204" STYLEREFS="Style_13" WC="0.932222222222222" CC="000"/>
						<SP ID="SP_1.2.34.20" HPOS="2964" VPOS="6460" WIDTH="52"/>
						<String CONTENT="A" ID="St_1.2.34.21" HPOS="3052" VPOS="6444" HEIGHT="92" WIDTH="100" STYLEREFS="Style_13" WC="0.935555555555556" CC="0"/>
						<SP ID="SP_1.2.34.22" HPOS="3096" VPOS="6448" WIDTH="84"/>
						<String CONTENT="957979:" ID="St_1.2.34.23" HPOS="3212" VPOS="6440" HEIGHT="100" WIDTH="476" STYLEREFS="Style_13" WC="0.936666666666667" CC="0000004"/>
						<SP ID="SP_1.2.34.24" HPOS="3680" VPOS="6460" WIDTH="52"/>
						<String CONTENT="J." ID="St_1.2.34.25" HPOS="3772" VPOS="6444" HEIGHT="96" WIDTH="64" STYLEREFS="Style_13" WC="0.923333333333333" CC="34"/>
						<SP ID="SP_1.2.34.26" HPOS="3860" VPOS="6484" WIDTH="48"/>
						<String CONTENT="G" ID="St_1.2.34.27" HPOS="3948" VPOS="6444" HEIGHT="92" WIDTH="80" STYLEREFS="Style_13" WC="0.908888888888889" CC="7"/>
						<String CONTENT="." ID="St_1.2.34.28" HPOS="4052" VPOS="6520" HEIGHT="20" WIDTH="20" STYLEREFS="Style_13" WC="0.908888888888889" CC="1"/>
						<SP ID="SP_1.2.34.29" HPOS="4060" VPOS="6488" WIDTH="48"/>
						<String CONTENT="Mun" ID="St_1.2.34.30" HPOS="4148" VPOS="6452" HEIGHT="88" WIDTH="276" STYLEREFS="Style_13" WC="0.894444444444444" CC="415"/>
						<String CONTENT="sel" ID="St_1.2.34.31" HPOS="4436" VPOS="6448" HEIGHT="88" WIDTH="164" STYLEREFS="Style_13" WC="0.898888888888889" CC="000"/>
						<String CONTENT="l" ID="St_1.2.34.32" HPOS="4612" VPOS="6448" HEIGHT="88" WIDTH="28" STYLEREFS="Style_13" WC="0.892222222222222" CC="5"/>
						<String CONTENT="," ID="St_1.2.34.33" HPOS="4660" VPOS="6516" HEIGHT="40" WIDTH="24" STYLEREFS="Style_13" WC="0.893333333333333" CC="0"/>
						<SP ID="SP_1.2.34.34" HPOS="4668" VPOS="6484" WIDTH="52"/>
						<String CONTENT="Lincoln," ID="St_1.2.34.35" HPOS="4756" VPOS="6440" HEIGHT="120" WIDTH="512" STYLEREFS="Style_13" WC="0.906666666666667" CC="00000000"/>
					</TextLine>
					<TextLine ID="TL_1.2.35" HPOS="644" VPOS="6572" HEIGHT="116" WIDTH="4424">
						<String CONTENT="Neb." ID="St_1.2.35.1" HPOS="644" VPOS="6576" HEIGHT="96" WIDTH="276" STYLEREFS="Style_13" WC="1" CC="0000"/>
						<SP ID="SP_1.2.35.2" HPOS="908" VPOS="6624" WIDTH="96"/>
						<String CONTENT="(27&#150;1145)" ID="St_1.2.35.3" HPOS="1088" VPOS="6572" HEIGHT="116" WIDTH="604" STYLEREFS="Style_13" WC="1" CC="000000000"/>
						<SP ID="SP_1.2.35.4" HPOS="1672" VPOS="6576" WIDTH="3260"/>
						<String CONTENT="67" ID="St_1.2.35.5" HPOS="4932" VPOS="6572" HEIGHT="100" WIDTH="136" STYLEREFS="Style_13" WC="0.683333333333333" CC="00"/>
					</TextLine>
					<TextLine ID="TL_1.2.36" HPOS="476" VPOS="6732" HEIGHT="152" WIDTH="1576">
						<String CONTENT="Murray," ID="St_1.2.36.1" HPOS="476" VPOS="6732" HEIGHT="152" WIDTH="636" STYLEREFS="Style_13" WC="1" CC="0000000"/>
						<SP ID="SP_1.2.36.2" HPOS="1092" VPOS="6776" WIDTH="64"/>
						<String CONTENT="Grace" ID="St_1.2.36.3" HPOS="1204" VPOS="6732" HEIGHT="128" WIDTH="444" STYLEREFS="Style_13" WC="1" CC="00000"/>
						<SP ID="SP_1.2.36.4" HPOS="1608" VPOS="6748" WIDTH="80"/>
						<String CONTENT="Mel." ID="St_1.2.36.5" HPOS="1732" VPOS="6732" HEIGHT="128" WIDTH="320" STYLEREFS="Style_13" WC="1" CC="0000"/>
					</TextLine>
					<TextLine ID="TL_1.2.37" HPOS="652" VPOS="6916" HEIGHT="172" WIDTH="4612">
						<String CONTENT="A" ID="St_1.2.37.1" HPOS="652" VPOS="6924" HEIGHT="124" WIDTH="132" STYLEREFS="Style_13" WC="1" CC="0"/>
						<SP ID="SP_1.2.37.2" HPOS="716" VPOS="6920" WIDTH="164"/>
						<String CONTENT="cache" ID="St_1.2.37.3" HPOS="892" VPOS="6924" HEIGHT="124" WIDTH="400" STYLEREFS="Style_13" WC="0.944444444444444" CC="00000"/>
						<SP ID="SP_1.2.37.4" HPOS="1260" VPOS="6948" WIDTH="88"/>
						<String CONTENT="of" ID="St_1.2.37.5" HPOS="1400" VPOS="6916" HEIGHT="128" WIDTH="156" STYLEREFS="Style_13" WC="0.958888888888889" CC="00"/>
						<SP ID="SP_1.2.37.6" HPOS="1524" VPOS="6920" WIDTH="88"/>
						<String CONTENT="pearls," ID="St_1.2.37.7" HPOS="1664" VPOS="6920" HEIGHT="160" WIDTH="496" STYLEREFS="Style_13" WC="0.975555555555556" CC="0000000"/>
						<SP ID="SP_1.2.37.8" HPOS="2144" VPOS="6972" WIDTH="68"/>
						<String CONTENT="by" ID="St_1.2.37.9" HPOS="2268" VPOS="6920" HEIGHT="128" WIDTH="184" STYLEREFS="Style_13" WC="0.978888888888889" CC="00"/>
						<SP ID="SP_1.2.37.10" HPOS="2404" VPOS="6944" WIDTH="104"/>
						<String CONTENT="Grace" ID="St_1.2.37.11" HPOS="2564" VPOS="6920" HEIGHT="128" WIDTH="436" STYLEREFS="Style_13" WC="0.983333333333333" CC="00000"/>
						<SP ID="SP_1.2.37.12" HPOS="2964" VPOS="6944" WIDTH="88"/>
						<String CONTENT="Me" ID="St_1.2.37.13" HPOS="3104" VPOS="6924" HEIGHT="120" WIDTH="228" STYLEREFS="Style_13" WC="0.971111111111111" CC="40"/>
						<String CONTENT="l" ID="St_1.2.37.14" HPOS="3340" VPOS="6924" HEIGHT="120" WIDTH="48" STYLEREFS="Style_13" WC="0.972222222222222" CC="0"/>
						<SP ID="SP_1.2.37.15" HPOS="3360" VPOS="6924" WIDTH="84"/>
						<String CONTENT="Murray." ID="St_1.2.37.16" HPOS="3500" VPOS="6920" HEIGHT="168" WIDTH="612" STYLEREFS="Style_13" WC="0.977777777777778" CC="0000000"/>
						<SP ID="SP_1.2.37.17" HPOS="4100" VPOS="6972" WIDTH="56"/>
						<String CONTENT="Boston," ID="St_1.2.37.18" HPOS="4304" VPOS="6928" HEIGHT="156" WIDTH="564" STYLEREFS="Style_13" WC="0.981111111111111" CC="0000000"/>
						<SP ID="SP_1.2.37.19" HPOS="4852" VPOS="6976" WIDTH="68"/>
						<String CONTENT="The" ID="St_1.2.37.20" HPOS="4972" VPOS="6924" HEIGHT="128" WIDTH="292" STYLEREFS="Style_13" WC="0.982222222222222" CC="000"/>
					</TextLine>
					<TextLine ID="TL_1.2.38" HPOS="488" VPOS="7104" HEIGHT="168" WIDTH="2816">
						<String CONTENT="Christopher" ID="St_1.2.38.1" HPOS="488" VPOS="7104" HEIGHT="168" WIDTH="908" STYLEREFS="Style_13" WC="1" CC="00000000000"/>
						<SP ID="SP_1.2.38.2" HPOS="1360" VPOS="7136" WIDTH="72"/>
						<String CONTENT="publishing" ID="St_1.2.38.3" HPOS="1468" VPOS="7108" HEIGHT="164" WIDTH="804" STYLEREFS="Style_13" WC="1" CC="0000000000"/>
						<SP ID="SP_1.2.38.4" HPOS="2224" VPOS="7132" WIDTH="84"/>
						<String CONTENT="house" ID="St_1.2.38.5" HPOS="2348" VPOS="7108" HEIGHT="124" WIDTH="412" STYLEREFS="Style_13" WC="1" CC="00000"/>
						<SP ID="SP_1.2.38.6" HPOS="2724" VPOS="7132" WIDTH="76"/>
						<String CONTENT="[&#x0368;1926]" ID="St_1.2.38.7" HPOS="2848" VPOS="7104" HEIGHT="152" WIDTH="456" STYLEREFS="Style_13" WC="0.956666666666667" CC="7000007"/>
					</TextLine>
					<TextLine ID="TL_1.2.39" HPOS="664" VPOS="7300" HEIGHT="120" WIDTH="2228">
						<String CONTENT="39" ID="St_1.2.39.1" HPOS="664" VPOS="7304" HEIGHT="96" WIDTH="136" STYLEREFS="Style_13" WC="1" CC="00"/>
						<SP ID="SP_1.2.39.2" HPOS="764" VPOS="7304" WIDTH="72"/>
						<String CONTENT="p." ID="St_1.2.39.3" HPOS="876" VPOS="7332" HEIGHT="88" WIDTH="104" STYLEREFS="Style_13" WC="1" CC="00"/>
						<SP ID="SP_1.2.39.4" HPOS="968" VPOS="7344" WIDTH="88"/>
						<String CONTENT="front." ID="St_1.2.39.5" HPOS="1132" VPOS="7304" HEIGHT="96" WIDTH="356" STYLEREFS="Style_13" WC="1" CC="000000"/>
						<SP ID="SP_1.2.39.6" HPOS="1476" VPOS="7344" WIDTH="44"/>
						<String CONTENT="(port.)" ID="St_1.2.39.7" HPOS="1556" VPOS="7300" HEIGHT="116" WIDTH="416" STYLEREFS="Style_13" WC="1" CC="0000000"/>
						<SP ID="SP_1.2.39.8" HPOS="1952" VPOS="7304" WIDTH="104"/>
						<String CONTENT="20&#x00bd;&#x0368;&#x036b;." ID="St_1.2.39.9" HPOS="2140" VPOS="7300" HEIGHT="112" WIDTH="752" STYLEREFS="Style_13" WC="0.978888888888889" CC="000005"/>
					</TextLine>
					<TextLine ID="TL_1.2.40" HPOS="496" VPOS="7416" HEIGHT="136" WIDTH="4780">
						<String CONTENT="&#169;" ID="St_1.2.40.1" HPOS="496" VPOS="7416" HEIGHT="116" WIDTH="120" STYLEREFS="Style_13" WC="0.555555555555556" CC="4"/>
						<SP ID="SP_1.2.40.2" HPOS="552" VPOS="7416" WIDTH="108"/>
						<String CONTENT="Dec." ID="St_1.2.40.3" HPOS="700" VPOS="7440" HEIGHT="96" WIDTH="264" STYLEREFS="Style_13" WC="0.851111111111111" CC="0040"/>
						<SP ID="SP_1.2.40.4" HPOS="952" VPOS="7472" WIDTH="48"/>
						<String CONTENT="24," ID="St_1.2.40.5" HPOS="1040" VPOS="7440" HEIGHT="112" WIDTH="164" STYLEREFS="Style_13" WC="0.911111111111111" CC="000"/>
						<SP ID="SP_1.2.40.6" HPOS="1192" VPOS="7468" WIDTH="48"/>
						<String CONTENT="1926" ID="St_1.2.40.7" HPOS="1280" VPOS="7436" HEIGHT="96" WIDTH="276" STYLEREFS="Style_13" WC="0.94" CC="0000"/>
						<String CONTENT=";" ID="St_1.2.40.8" HPOS="1584" VPOS="7444" HEIGHT="80" WIDTH="28" STYLEREFS="Style_13" WC="0.944444444444444" CC="0"/>
						<SP ID="SP_1.2.40.9" HPOS="1604" VPOS="7444" WIDTH="52"/>
						<String CONTENT="2" ID="St_1.2.40.10" HPOS="1696" VPOS="7440" HEIGHT="88" WIDTH="64" STYLEREFS="Style_13" WC="0.937777777777778" CC="1"/>
						<String CONTENT="c" ID="St_1.2.40.11" HPOS="1764" VPOS="7444" HEIGHT="80" WIDTH="56" STYLEREFS="Style_13" WC="0.912222222222222" CC="5"/>
						<String CONTENT="." ID="St_1.2.40.12" HPOS="1836" VPOS="7516" HEIGHT="20" WIDTH="20" STYLEREFS="Style_13" WC="0.916666666666667" CC="0"/>
						<SP ID="SP_1.2.40.13" HPOS="1844" VPOS="7472" WIDTH="52"/>
						<String CONTENT="Dec." ID="St_1.2.40.14" HPOS="1936" VPOS="7440" HEIGHT="96" WIDTH="268" STYLEREFS="Style_13" WC="0.933333333333333" CC="0000"/>
						<SP ID="SP_1.2.40.15" HPOS="2192" VPOS="7472" WIDTH="44"/>
						<String CONTENT="31:" ID="St_1.2.40.16" HPOS="2272" VPOS="7440" HEIGHT="96" WIDTH="200" STYLEREFS="Style_13" WC="0.942222222222222" CC="000"/>
						<SP ID="SP_1.2.40.17" HPOS="2460" VPOS="7444" WIDTH="52"/>
						<String CONTENT="aff." ID="St_1.2.40.18" HPOS="2556" VPOS="7436" HEIGHT="100" WIDTH="200" STYLEREFS="Style_13" WC="0.907777777777778" CC="4711"/>
						<SP ID="SP_1.2.40.19" HPOS="2752" VPOS="7428" WIDTH="80"/>
						<String CONTENT="Jan." ID="St_1.2.40.20" HPOS="2836" VPOS="7432" HEIGHT="104" WIDTH="260" STYLEREFS="Style_13" WC="0.896666666666667" CC="4000"/>
						<SP ID="SP_1.2.40.21" HPOS="3080" VPOS="7472" WIDTH="52"/>
						<String CONTENT="3," ID="St_1.2.40.22" HPOS="3172" VPOS="7436" HEIGHT="116" WIDTH="96" STYLEREFS="Style_13" WC="0.904444444444445" CC="00"/>
						<SP ID="SP_1.2.40.23" HPOS="3256" VPOS="7472" WIDTH="52"/>
						<String CONTENT="1927;" ID="St_1.2.40.24" HPOS="3348" VPOS="7440" HEIGHT="112" WIDTH="336" STYLEREFS="Style_13" WC="0.916666666666667" CC="00000"/>
						<SP ID="SP_1.2.40.25" HPOS="3672" VPOS="7444" WIDTH="52"/>
						<String CONTENT="A" ID="St_1.2.40.26" HPOS="3772" VPOS="7444" HEIGHT="88" WIDTH="96" STYLEREFS="Style_13" WC="0.92" CC="0"/>
						<SP ID="SP_1.2.40.27" HPOS="3816" VPOS="7436" WIDTH="88"/>
						<String CONTENT="958577:" ID="St_1.2.40.28" HPOS="3944" VPOS="7440" HEIGHT="96" WIDTH="480" STYLEREFS="Style_13" WC="0.923333333333333" CC="0000004"/>
						<SP ID="SP_1.2.40.29" HPOS="4416" VPOS="7444" WIDTH="52"/>
						<String CONTENT="Christopher" ID="St_1.2.40.30" HPOS="4512" VPOS="7440" HEIGHT="112" WIDTH="764" STYLEREFS="Style_13" WC="0.935555555555556" CC="00000000000"/>
					</TextLine>
					<TextLine ID="TL_1.2.41" HPOS="652" VPOS="7568" HEIGHT="120" WIDTH="4416">
						<String CONTENT="pub." ID="St_1.2.41.1" HPOS="652" VPOS="7576" HEIGHT="112" WIDTH="260" STYLEREFS="Style_13" WC="1" CC="0000"/>
						<SP ID="SP_1.2.41.2" HPOS="900" VPOS="7608" WIDTH="44"/>
						<String CONTENT="house." ID="St_1.2.41.3" HPOS="976" VPOS="7576" HEIGHT="92" WIDTH="392" STYLEREFS="Style_13" WC="1" CC="000000"/>
						<SP ID="SP_1.2.41.4" HPOS="1356" VPOS="7608" WIDTH="96"/>
						<String CONTENT="(27&#150;6" ID="St_1.2.41.5" HPOS="1536" VPOS="7572" HEIGHT="116" WIDTH="332" STYLEREFS="Style_13" WC="1" CC="00000"/>
						<String CONTENT="60" ID="St_1.2.41.6" HPOS="1880" VPOS="7568" HEIGHT="96" WIDTH="136" STYLEREFS="Style_13" WC="1" CC="00"/>
						<String CONTENT=")" ID="St_1.2.41.7" HPOS="2036" VPOS="7568" HEIGHT="120" WIDTH="36" STYLEREFS="Style_13" WC="1" CC="0"/>
						<SP ID="SP_1.2.41.8" HPOS="2052" VPOS="7568" WIDTH="2884"/>
						<String CONTENT="68" ID="St_1.2.41.9" HPOS="4936" VPOS="7568" HEIGHT="104" WIDTH="132" STYLEREFS="Style_13" WC="0.727777777777778" CC="00"/>
					</TextLine>
					<TextLine ID="TL_1.2.42" HPOS="488" VPOS="7724" HEIGHT="156" WIDTH="4444">
						<String CONTENT="National" ID="St_1.2.42.1" HPOS="488" VPOS="7728" HEIGHT="124" WIDTH="672" STYLEREFS="Style_13" WC="1" CC="00000000"/>
						<SP ID="SP_1.2.42.2" HPOS="1136" VPOS="7724" WIDTH="64"/>
						<String CONTENT="association" ID="St_1.2.42.3" HPOS="1240" VPOS="7724" HEIGHT="128" WIDTH="856" STYLEREFS="Style_13" WC="1" CC="00000000000"/>
						<SP ID="SP_1.2.42.4" HPOS="2052" VPOS="7744" WIDTH="88"/>
						<String CONTENT="of" ID="St_1.2.42.5" HPOS="2180" VPOS="7724" HEIGHT="128" WIDTH="152" STYLEREFS="Style_13" WC="1" CC="00"/>
						<SP ID="SP_1.2.42.6" HPOS="2296" VPOS="7724" WIDTH="80"/>
						<String CONTENT="building" ID="St_1.2.42.7" HPOS="2416" VPOS="7724" HEIGHT="152" WIDTH="636" STYLEREFS="Style_13" WC="1" CC="00000000"/>
						<SP ID="SP_1.2.42.8" HPOS="3004" VPOS="7744" WIDTH="84"/>
						<String CONTENT="owners" ID="St_1.2.42.9" HPOS="3128" VPOS="7764" HEIGHT="88" WIDTH="552" STYLEREFS="Style_13" WC="1" CC="000000"/>
						<SP ID="SP_1.2.42.10" HPOS="3644" VPOS="7744" WIDTH="76"/>
						<String CONTENT="and" ID="St_1.2.42.11" HPOS="3764" VPOS="7728" HEIGHT="124" WIDTH="276" STYLEREFS="Style_13" WC="1" CC="000"/>
						<SP ID="SP_1.2.42.12" HPOS="3992" VPOS="7724" WIDTH="92"/>
						<String CONTENT="managers." ID="St_1.2.42.13" HPOS="4132" VPOS="7768" HEIGHT="112" WIDTH="800" STYLEREFS="Style_13" WC="1" CC="000000000"/>
					</TextLine>
					<TextLine ID="TL_1.2.43" HPOS="652" VPOS="7912" HEIGHT="164" WIDTH="4616">
						<String CONTENT="The" ID="St_1.2.43.1" HPOS="652" VPOS="7916" HEIGHT="120" WIDTH="292" STYLEREFS="Style_13" WC="1" CC="000"/>
						<SP ID="SP_1.2.43.2" HPOS="912" VPOS="7936" WIDTH="72"/>
						<String CONTENT="proceedings" ID="St_1.2.43.3" HPOS="1024" VPOS="7912" HEIGHT="164" WIDTH="888" STYLEREFS="Style_13" WC="1" CC="00000000000"/>
						<SP ID="SP_1.2.43.4" HPOS="1880" VPOS="7936" WIDTH="72"/>
						<String CONTENT="of" ID="St_1.2.43.5" HPOS="1992" VPOS="7912" HEIGHT="124" WIDTH="152" STYLEREFS="Style_13" WC="1" CC="00"/>
						<SP ID="SP_1.2.43.6" HPOS="2112" VPOS="7912" WIDTH="76"/>
						<String CONTENT="the" ID="St_1.2.43.7" HPOS="2232" VPOS="7912" HEIGHT="124" WIDTH="228" STYLEREFS="Style_13" WC="1" CC="000"/>
						<SP ID="SP_1.2.43.8" HPOS="2424" VPOS="7932" WIDTH="80"/>
						<String CONTENT="19th" ID="St_1.2.43.9" HPOS="2548" VPOS="7912" HEIGHT="124" WIDTH="312" STYLEREFS="Style_13" WC="1" CC="0000"/>
						<SP ID="SP_1.2.43.10" HPOS="2816" VPOS="7912" WIDTH="88"/>
						<String CONTENT="annual" ID="St_1.2.43.11" HPOS="2948" VPOS="7916" HEIGHT="120" WIDTH="508" STYLEREFS="Style_13" WC="1" CC="000000"/>
						<SP ID="SP_1.2.43.12" HPOS="3432" VPOS="7912" WIDTH="68"/>
						<String CONTENT="convention" ID="St_1.2.43.13" HPOS="3544" VPOS="7916" HEIGHT="124" WIDTH="812" STYLEREFS="Style_13" WC="1" CC="0000000000"/>
						<SP ID="SP_1.2.43.14" HPOS="4308" VPOS="7936" WIDTH="88"/>
						<String CONTENT="of" ID="St_1.2.43.15" HPOS="4444" VPOS="7912" HEIGHT="128" WIDTH="152" STYLEREFS="Style_13" WC="1" CC="00"/>
						<SP ID="SP_1.2.43.16" HPOS="4560" VPOS="7912" WIDTH="76"/>
						<String CONTENT="the" ID="St_1.2.43.17" HPOS="4680" VPOS="7916" HEIGHT="124" WIDTH="232" STYLEREFS="Style_13" WC="1" CC="000"/>
						<SP ID="SP_1.2.43.18" HPOS="4876" VPOS="7936" WIDTH="76"/>
						<String CONTENT="Na-" ID="St_1.2.43.19" HPOS="4996" VPOS="7916" HEIGHT="124" WIDTH="272" STYLEREFS="Style_13" WC="1" CC="000"/>
					</TextLine>
					<TextLine ID="TL_1.2.44" HPOS="484" VPOS="8092" HEIGHT="172" WIDTH="4792">
						<String CONTENT="tional" ID="St_1.2.44.1" HPOS="484" VPOS="8096" HEIGHT="124" WIDTH="436" STYLEREFS="Style_13" WC="1" CC="000000"/>
						<SP ID="SP_1.2.44.2" HPOS="896" VPOS="8092" WIDTH="68"/>
						<String CONTENT="association" ID="St_1.2.44.3" HPOS="1012" VPOS="8096" HEIGHT="124" WIDTH="808" STYLEREFS="Style_13" WC="1" CC="00000000000"/>
						<SP ID="SP_1.2.44.4" HPOS="1772" VPOS="8116" WIDTH="92"/>
						<String CONTENT="of" ID="St_1.2.44.5" HPOS="1912" VPOS="8096" HEIGHT="124" WIDTH="152" STYLEREFS="Style_13" WC="1" CC="00"/>
						<SP ID="SP_1.2.44.6" HPOS="2028" VPOS="8092" WIDTH="80"/>
						<String CONTENT="building" ID="St_1.2.44.7" HPOS="2156" VPOS="8096" HEIGHT="164" WIDTH="636" STYLEREFS="Style_13" WC="1" CC="00000000"/>
						<SP ID="SP_1.2.44.8" HPOS="2744" VPOS="8116" WIDTH="88"/>
						<String CONTENT="owners" ID="St_1.2.44.9" HPOS="2880" VPOS="8140" HEIGHT="80" WIDTH="520" STYLEREFS="Style_13" WC="1" CC="000000"/>
						<SP ID="SP_1.2.44.10" HPOS="3368" VPOS="8116" WIDTH="80"/>
						<String CONTENT="and" ID="St_1.2.44.11" HPOS="3496" VPOS="8100" HEIGHT="120" WIDTH="268" STYLEREFS="Style_13" WC="1" CC="000"/>
						<SP ID="SP_1.2.44.12" HPOS="3720" VPOS="8096" WIDTH="88"/>
						<String CONTENT="managers," ID="St_1.2.44.13" HPOS="3856" VPOS="8140" HEIGHT="124" WIDTH="764" STYLEREFS="Style_13" WC="1" CC="000000000"/>
						<SP ID="SP_1.2.44.14" HPOS="4604" VPOS="8144" WIDTH="60"/>
						<String CONTENT="held" ID="St_1.2.44.15" HPOS="4712" VPOS="8100" HEIGHT="128" WIDTH="320" STYLEREFS="Style_13" WC="1" CC="0000"/>
						<SP ID="SP_1.2.44.16" HPOS="4984" VPOS="8096" WIDTH="96"/>
						<String CONTENT="at" ID="St_1.2.44.17" HPOS="5132" VPOS="8116" HEIGHT="112" WIDTH="144" STYLEREFS="Style_13" WC="1" CC="00"/>
					</TextLine>
					<TextLine ID="TL_1.2.45" HPOS="488" VPOS="8276" HEIGHT="172" WIDTH="4784">
						<String CONTENT="Del" ID="St_1.2.45.1" HPOS="488" VPOS="8280" HEIGHT="124" WIDTH="264" STYLEREFS="Style_13" WC="1" CC="000"/>
						<SP ID="SP_1.2.45.2" HPOS="724" VPOS="8276" WIDTH="60"/>
						<String CONTENT="Monte" ID="St_1.2.45.3" HPOS="820" VPOS="8280" HEIGHT="124" WIDTH="472" STYLEREFS="Style_13" WC="1" CC="00000"/>
						<SP ID="SP_1.2.45.4" HPOS="1260" VPOS="8296" WIDTH="72"/>
						<String CONTENT="hotel," ID="St_1.2.45.5" HPOS="1368" VPOS="8280" HEIGHT="128" WIDTH="412" STYLEREFS="Style_13" WC="1" CC="000000"/>
						<SP ID="SP_1.2.45.6" HPOS="1764" VPOS="8324" WIDTH="52"/>
						<String CONTENT="Del" ID="St_1.2.45.7" HPOS="1856" VPOS="8280" HEIGHT="124" WIDTH="264" STYLEREFS="Style_13" WC="1" CC="000"/>
						<SP ID="SP_1.2.45.8" HPOS="2092" VPOS="8276" WIDTH="68"/>
						<String CONTENT="Monte," ID="St_1.2.45.9" HPOS="2200" VPOS="8280" HEIGHT="152" WIDTH="520" STYLEREFS="Style_13" WC="1" CC="000000"/>
						<SP ID="SP_1.2.45.10" HPOS="2704" VPOS="8324" WIDTH="60"/>
						<String CONTENT="California," ID="St_1.2.45.11" HPOS="2804" VPOS="8276" HEIGHT="168" WIDTH="824" STYLEREFS="Style_13" WC="1" CC="00000000000"/>
						<SP ID="SP_1.2.45.12" HPOS="3612" VPOS="8324" WIDTH="56"/>
						<String CONTENT="June" ID="St_1.2.45.13" HPOS="3712" VPOS="8284" HEIGHT="128" WIDTH="360" STYLEREFS="Style_13" WC="1" CC="0000"/>
						<SP ID="SP_1.2.45.14" HPOS="4036" VPOS="8300" WIDTH="76"/>
						<String CONTENT="21" ID="St_1.2.45.15" HPOS="4156" VPOS="8288" HEIGHT="116" WIDTH="152" STYLEREFS="Style_13" WC="1" CC="00"/>
						<SP ID="SP_1.2.45.16" HPOS="4272" VPOS="8280" WIDTH="80"/>
						<String CONTENT="to" ID="St_1.2.45.17" HPOS="4400" VPOS="8300" HEIGHT="108" WIDTH="136" STYLEREFS="Style_13" WC="1" CC="00"/>
						<SP ID="SP_1.2.45.18" HPOS="4492" VPOS="8300" WIDTH="84"/>
						<String CONTENT="25," ID="St_1.2.45.19" HPOS="4620" VPOS="8292" HEIGHT="156" WIDTH="204" STYLEREFS="Style_13" WC="1" CC="000"/>
						<SP ID="SP_1.2.45.20" HPOS="4804" VPOS="8328" WIDTH="60"/>
						<String CONTENT="192" ID="St_1.2.45.21" HPOS="4912" VPOS="8292" HEIGHT="116" WIDTH="232" STYLEREFS="Style_13" WC="1" CC="000"/>
						<String CONTENT="6" ID="St_1.2.45.22" HPOS="5156" VPOS="8292" HEIGHT="120" WIDTH="76" STYLEREFS="Style_13" WC="0.993333333333333" CC="3"/>
						<String CONTENT="." ID="St_1.2.45.23" HPOS="5248" VPOS="8388" HEIGHT="24" WIDTH="24" STYLEREFS="Style_13" WC="0.992222222222222" CC="1"/>
					</TextLine>
					<TextLine ID="TL_1.2.46" HPOS="492" VPOS="8460" HEIGHT="164" WIDTH="2452">
						<String CONTENT="Chicago," ID="St_1.2.46.1" HPOS="492" VPOS="8460" HEIGHT="164" WIDTH="644" STYLEREFS="Style_13" WC="1" CC="00000000"/>
						<SP ID="SP_1.2.46.2" HPOS="1124" VPOS="8512" WIDTH="44"/>
						<String CONTENT="The" ID="St_1.2.46.3" HPOS="1196" VPOS="8460" HEIGHT="124" WIDTH="288" STYLEREFS="Style_13" WC="1" CC="000"/>
						<SP ID="SP_1.2.46.4" HPOS="1448" VPOS="8488" WIDTH="68"/>
						<String CONTENT="Association" ID="St_1.2.46.5" HPOS="1544" VPOS="8460" HEIGHT="128" WIDTH="868" STYLEREFS="Style_13" WC="1" CC="00000000000"/>
						<SP ID="SP_1.2.46.6" HPOS="2364" VPOS="8488" WIDTH="88"/>
						<String CONTENT="[&#x0368;1926]" ID="St_1.2.46.7" HPOS="2496" VPOS="8464" HEIGHT="148" WIDTH="448" STYLEREFS="Style_13" WC="0.961111111111111" CC="4000007"/>
					</TextLine>
					<TextLine ID="TL_1.2.47" HPOS="656" VPOS="8648" HEIGHT="124" WIDTH="3996">
						<String CONTENT="4" ID="St_1.2.47.1" HPOS="656" VPOS="8656" HEIGHT="92" WIDTH="68" STYLEREFS="Style_13" WC="1" CC="0"/>
						<SP ID="SP_1.2.47.2" HPOS="688" VPOS="8652" WIDTH="68"/>
						<String CONTENT="p." ID="St_1.2.47.3" HPOS="788" VPOS="8680" HEIGHT="88" WIDTH="108" STYLEREFS="Style_13" WC="1" CC="00"/>
						<SP ID="SP_1.2.47.4" HPOS="884" VPOS="8684" WIDTH="48"/>
						<String CONTENT="1.," ID="St_1.2.47.5" HPOS="968" VPOS="8656" HEIGHT="108" WIDTH="104" STYLEREFS="Style_13" WC="1" CC="000"/>
						<SP ID="SP_1.2.47.6" HPOS="1060" VPOS="8684" WIDTH="52"/>
						<String CONTENT="702" ID="St_1.2.47.7" HPOS="1148" VPOS="8652" HEIGHT="96" WIDTH="204" STYLEREFS="Style_13" WC="1" CC="000"/>
						<SP ID="SP_1.2.47.8" HPOS="1316" VPOS="8648" WIDTH="72"/>
						<String CONTENT="p." ID="St_1.2.47.9" HPOS="1428" VPOS="8680" HEIGHT="88" WIDTH="104" STYLEREFS="Style_13" WC="1" CC="00"/>
						<SP ID="SP_1.2.47.10" HPOS="1520" VPOS="8684" WIDTH="80"/>
						<String CONTENT="illus." ID="St_1.2.47.11" HPOS="1676" VPOS="8652" HEIGHT="100" WIDTH="308" STYLEREFS="Style_13" WC="1" CC="000000"/>
						<SP ID="SP_1.2.47.12" HPOS="1972" VPOS="8688" WIDTH="44"/>
						<String CONTENT="(" ID="St_1.2.47.13" HPOS="2052" VPOS="8656" HEIGHT="116" WIDTH="36" STYLEREFS="Style_13" WC="1" CC="0"/>
						<String CONTENT="i" ID="St_1.2.47.14" HPOS="2108" VPOS="8656" HEIGHT="92" WIDTH="36" STYLEREFS="Style_13" WC="0.982222222222222" CC="4"/>
						<String CONTENT="n" ID="St_1.2.47.15" HPOS="2156" VPOS="8684" HEIGHT="64" WIDTH="72" STYLEREFS="Style_13" WC="0.97" CC="3"/>
						<String CONTENT="cl" ID="St_1.2.47.16" HPOS="2240" VPOS="8656" HEIGHT="96" WIDTH="100" STYLEREFS="Style_13" WC="0.955555555555556" CC="13"/>
						<String CONTENT="." ID="St_1.2.47.17" HPOS="2356" VPOS="8732" HEIGHT="20" WIDTH="16" STYLEREFS="Style_13" WC="0.957777777777778" CC="0"/>
						<SP ID="SP_1.2.47.18" HPOS="2360" VPOS="8688" WIDTH="48"/>
						<String CONTENT="ports.)" ID="St_1.2.47.19" HPOS="2448" VPOS="8656" HEIGHT="116" WIDTH="420" STYLEREFS="Style_13" WC="0.966666666666667" CC="0000000"/>
						<SP ID="SP_1.2.47.20" HPOS="2848" VPOS="8648" WIDTH="72"/>
						<String CONTENT="tables," ID="St_1.2.47.21" HPOS="2972" VPOS="8660" HEIGHT="112" WIDTH="404" STYLEREFS="Style_13" WC="0.962222222222222" CC="0000004"/>
						<SP ID="SP_1.2.47.22" HPOS="3364" VPOS="8688" WIDTH="56"/>
						<String CONTENT="diagrs." ID="St_1.2.47.23" HPOS="3464" VPOS="8660" HEIGHT="112" WIDTH="428" STYLEREFS="Style_13" WC="0.967777777777778" CC="0000000"/>
						<SP ID="SP_1.2.47.24" HPOS="3880" VPOS="8688" WIDTH="80"/>
						<String CONTENT="23&#x00bd;&#x0368;&#x036b;." ID="St_1.2.47.25" HPOS="4036" VPOS="8652" HEIGHT="104" WIDTH="616" STYLEREFS="Style_13" WC="0.964444444444444" CC="000004"/>
					</TextLine>
					<TextLine ID="TL_1.2.48" HPOS="512" VPOS="8776" HEIGHT="132" WIDTH="4768">
						<String CONTENT="&#169;" ID="St_1.2.48.1" HPOS="512" VPOS="8776" HEIGHT="108" WIDTH="108" STYLEREFS="Style_13" WC="0.222222222222222" CC="7"/>
						<SP ID="SP_1.2.48.2" HPOS="564" VPOS="8776" WIDTH="96"/>
						<String CONTENT="Oct." ID="St_1.2.48.3" HPOS="700" VPOS="8788" HEIGHT="96" WIDTH="244" STYLEREFS="Style_13" WC="0.795555555555556" CC="0000"/>
						<SP ID="SP_1.2.48.4" HPOS="932" VPOS="8828" WIDTH="44"/>
						<String CONTENT="22," ID="St_1.2.48.5" HPOS="1008" VPOS="8788" HEIGHT="112" WIDTH="168" STYLEREFS="Style_13" WC="0.877777777777778" CC="000"/>
						<SP ID="SP_1.2.48.6" HPOS="1164" VPOS="8832" WIDTH="44"/>
						<String CONTENT="1926;" ID="St_1.2.48.7" HPOS="1244" VPOS="8784" HEIGHT="116" WIDTH="340" STYLEREFS="Style_13" WC="0.923333333333333" CC="00000"/>
						<SP ID="SP_1.2.48.8" HPOS="1572" VPOS="8808" WIDTH="48"/>
						<String CONTENT="2c." ID="St_1.2.48.9" HPOS="1656" VPOS="8788" HEIGHT="96" WIDTH="164" STYLEREFS="Style_13" WC="0.916666666666667" CC="040"/>
						<SP ID="SP_1.2.48.10" HPOS="1808" VPOS="8832" WIDTH="48"/>
						<String CONTENT="Dec." ID="St_1.2.48.11" HPOS="1896" VPOS="8792" HEIGHT="92" WIDTH="268" STYLEREFS="Style_13" WC="0.933333333333333" CC="0000"/>
						<SP ID="SP_1.2.48.12" HPOS="2152" VPOS="8832" WIDTH="44"/>
						<String CONTENT="27;" ID="St_1.2.48.13" HPOS="2232" VPOS="8788" HEIGHT="116" WIDTH="200" STYLEREFS="Style_13" WC="0.942222222222222" CC="000"/>
						<SP ID="SP_1.2.48.14" HPOS="2420" VPOS="8808" WIDTH="48"/>
						<String CONTENT="aff." ID="St_1.2.48.15" HPOS="2508" VPOS="8788" HEIGHT="96" WIDTH="200" STYLEREFS="Style_13" WC="0.937777777777778" CC="0040"/>
						<SP ID="SP_1.2.48.16" HPOS="2696" VPOS="8832" WIDTH="48"/>
						<String CONTENT="Nov." ID="St_1.2.48.17" HPOS="2780" VPOS="8792" HEIGHT="92" WIDTH="284" STYLEREFS="Style_13" WC="0.945555555555556" CC="0000"/>
						<SP ID="SP_1.2.48.18" HPOS="3052" VPOS="8832" WIDTH="48"/>
						<String CONTENT="19;" ID="St_1.2.48.19" HPOS="3136" VPOS="8792" HEIGHT="112" WIDTH="192" STYLEREFS="Style_13" WC="0.95" CC="000"/>
						<SP ID="SP_1.2.48.20" HPOS="3316" VPOS="8808" WIDTH="52"/>
						<String CONTENT="A" ID="St_1.2.48.21" HPOS="3408" VPOS="8796" HEIGHT="88" WIDTH="100" STYLEREFS="Style_13" WC="0.952222222222222" CC="0"/>
						<SP ID="SP_1.2.48.22" HPOS="3456" VPOS="8796" WIDTH="88"/>
						<String CONTENT="95" ID="St_1.2.48.23" HPOS="3580" VPOS="8792" HEIGHT="96" WIDTH="132" STYLEREFS="Style_13" WC="0.955555555555556" CC="00"/>
						<String CONTENT="8" ID="St_1.2.48.24" HPOS="3724" VPOS="8796" HEIGHT="88" WIDTH="68" STYLEREFS="Style_13" WC="0.947777777777778" CC="4"/>
						<String CONTENT="591;" ID="St_1.2.48.25" HPOS="3792" VPOS="8796" HEIGHT="112" WIDTH="268" STYLEREFS="Style_13" WC="0.943333333333333" CC="0004"/>
						<SP ID="SP_1.2.48.26" HPOS="4044" VPOS="8808" WIDTH="60"/>
						<String CONTENT="National" ID="St_1.2.48.27" HPOS="4144" VPOS="8796" HEIGHT="96" WIDTH="552" STYLEREFS="Style_13" WC="0.951111111111111" CC="00000000"/>
						<SP ID="SP_1.2.48.28" HPOS="4676" VPOS="8796" WIDTH="56"/>
						<String CONTENT="assn." ID="St_1.2.48.29" HPOS="4772" VPOS="8820" HEIGHT="76" WIDTH="308" STYLEREFS="Style_13" WC="0.946666666666667" CC="00050"/>
						<SP ID="SP_1.2.48.30" HPOS="5064" VPOS="8836" WIDTH="48"/>
						<String CONTENT="of" ID="St_1.2.48.31" HPOS="5152" VPOS="8796" HEIGHT="96" WIDTH="128" STYLEREFS="Style_13" WC="0.948888888888889" CC="00"/>
					</TextLine>
					<TextLine ID="TL_1.2.49" HPOS="656" VPOS="8920" HEIGHT="116" WIDTH="4416">
						<String CONTENT="building" ID="St_1.2.49.1" HPOS="656" VPOS="8920" HEIGHT="116" WIDTH="528" STYLEREFS="Style_13" WC="1" CC="00000000"/>
						<SP ID="SP_1.2.49.2" HPOS="1148" VPOS="8944" WIDTH="68"/>
						<String CONTENT="owners" ID="St_1.2.49.3" HPOS="1252" VPOS="8944" HEIGHT="72" WIDTH="448" STYLEREFS="Style_13" WC="1" CC="000000"/>
						<SP ID="SP_1.2.49.4" HPOS="1672" VPOS="8944" WIDTH="64"/>
						<String CONTENT="and" ID="St_1.2.49.5" HPOS="1772" VPOS="8924" HEIGHT="92" WIDTH="228" STYLEREFS="Style_13" WC="1" CC="000"/>
						<SP ID="SP_1.2.49.6" HPOS="1964" VPOS="8932" WIDTH="72"/>
						<String CONTENT="managers." ID="St_1.2.49.7" HPOS="2072" VPOS="8948" HEIGHT="88" WIDTH="652" STYLEREFS="Style_13" WC="1" CC="000000000"/>
						<SP ID="SP_1.2.49.8" HPOS="2712" VPOS="8924" WIDTH="2224"/>
						<String CONTENT="69" ID="St_1.2.49.9" HPOS="4936" VPOS="8928" HEIGHT="100" WIDTH="136" STYLEREFS="Style_13" WC="0.795555555555556" CC="00"/>
					</TextLine>
					<TextLine ID="TL_1.2.50" HPOS="488" VPOS="9072" HEIGHT="136" WIDTH="2960">
						<String CONTENT="National" ID="St_1.2.50.1" HPOS="488" VPOS="9076" HEIGHT="124" WIDTH="672" STYLEREFS="Style_13" WC="1" CC="00000000"/>
						<SP ID="SP_1.2.50.2" HPOS="1136" VPOS="9072" WIDTH="56"/>
						<String CONTENT="industrial" ID="St_1.2.50.3" HPOS="1228" VPOS="9076" HEIGHT="124" WIDTH="760" STYLEREFS="Style_13" WC="1" CC="0000000000"/>
						<SP ID="SP_1.2.50.4" HPOS="1964" VPOS="9072" WIDTH="60"/>
						<String CONTENT="conference" ID="St_1.2.50.5" HPOS="2064" VPOS="9076" HEIGHT="132" WIDTH="828" STYLEREFS="Style_13" WC="1" CC="0000000000"/>
						<SP ID="SP_1.2.50.6" HPOS="2856" VPOS="9092" WIDTH="72"/>
						<String CONTENT="board." ID="St_1.2.50.7" HPOS="2968" VPOS="9080" HEIGHT="128" WIDTH="480" STYLEREFS="Style_13" WC="1" CC="000000"/>
					</TextLine>
					<TextLine ID="TL_1.2.51" HPOS="664" VPOS="9256" HEIGHT="176" WIDTH="4608">
						<String CONTENT="Clerical" ID="St_1.2.51.1" HPOS="664" VPOS="9256" HEIGHT="132" WIDTH="584" STYLEREFS="Style_13" WC="1" CC="00000000"/>
						<SP ID="SP_1.2.51.2" HPOS="1224" VPOS="9260" WIDTH="76"/>
						<String CONTENT="salaries" ID="St_1.2.51.3" HPOS="1352" VPOS="9264" HEIGHT="124" WIDTH="560" STYLEREFS="Style_13" WC="1" CC="00000000"/>
						<SP ID="SP_1.2.51.4" HPOS="1880" VPOS="9284" WIDTH="84"/>
						<String CONTENT="in" ID="St_1.2.51.5" HPOS="2016" VPOS="9264" HEIGHT="124" WIDTH="144" STYLEREFS="Style_13" WC="1" CC="00"/>
						<SP ID="SP_1.2.51.6" HPOS="2112" VPOS="9284" WIDTH="100"/>
						<String CONTENT="the" ID="St_1.2.51.7" HPOS="2264" VPOS="9268" HEIGHT="124" WIDTH="232" STYLEREFS="Style_13" WC="1" CC="000"/>
						<SP ID="SP_1.2.51.8" HPOS="2460" VPOS="9284" WIDTH="88"/>
						<String CONTENT="United" ID="St_1.2.51.9" HPOS="2600" VPOS="9264" HEIGHT="128" WIDTH="524" STYLEREFS="Style_13" WC="1" CC="000000"/>
						<SP ID="SP_1.2.51.10" HPOS="3076" VPOS="9264" WIDTH="104"/>
						<String CONTENT="States," ID="St_1.2.51.11" HPOS="3236" VPOS="9264" HEIGHT="164" WIDTH="500" STYLEREFS="Style_13" WC="1" CC="0000000"/>
						<SP ID="SP_1.2.51.12" HPOS="3716" VPOS="9312" WIDTH="72"/>
						<String CONTENT="1926." ID="St_1.2.51.13" HPOS="3844" VPOS="9276" HEIGHT="120" WIDTH="360" STYLEREFS="Style_13" WC="1" CC="00000"/>
						<SP ID="SP_1.2.51.14" HPOS="4188" VPOS="9316" WIDTH="112"/>
						<String CONTENT="New" ID="St_1.2.51.15" HPOS="4400" VPOS="9272" HEIGHT="128" WIDTH="328" STYLEREFS="Style_13" WC="1" CC="000"/>
						<SP ID="SP_1.2.51.16" HPOS="4668" VPOS="9288" WIDTH="116"/>
						<String CONTENT="York," ID="St_1.2.51.17" HPOS="4844" VPOS="9272" HEIGHT="160" WIDTH="428" STYLEREFS="Style_13" WC="1" CC="00000"/>
					</TextLine>
					<TextLine ID="TL_1.2.52" HPOS="492" VPOS="9448" HEIGHT="168" WIDTH="3644">
						<String CONTENT="National" ID="St_1.2.52.1" HPOS="492" VPOS="9448" HEIGHT="124" WIDTH="652" STYLEREFS="Style_13" WC="1" CC="00000000"/>
						<SP ID="SP_1.2.52.2" HPOS="1120" VPOS="9448" WIDTH="56"/>
						<String CONTENT="industrial" ID="St_1.2.52.3" HPOS="1208" VPOS="9448" HEIGHT="124" WIDTH="740" STYLEREFS="Style_13" WC="1" CC="0000000000"/>
						<SP ID="SP_1.2.52.4" HPOS="1920" VPOS="9452" WIDTH="60"/>
						<String CONTENT="conference" ID="St_1.2.52.5" HPOS="2016" VPOS="9448" HEIGHT="132" WIDTH="792" STYLEREFS="Style_13" WC="1" CC="0000000000"/>
						<SP ID="SP_1.2.52.6" HPOS="2772" VPOS="9472" WIDTH="64"/>
						<String CONTENT="board," ID="St_1.2.52.7" HPOS="2864" VPOS="9448" HEIGHT="164" WIDTH="476" STYLEREFS="Style_13" WC="1" CC="000000"/>
						<SP ID="SP_1.2.52.8" HPOS="3320" VPOS="9504" WIDTH="52"/>
						<String CONTENT="inc.," ID="St_1.2.52.9" HPOS="3404" VPOS="9452" HEIGHT="164" WIDTH="300" STYLEREFS="Style_13" WC="1" CC="00000"/>
						<SP ID="SP_1.2.52.10" HPOS="3688" VPOS="9504" WIDTH="52"/>
						<String CONTENT="1926." ID="St_1.2.52.11" HPOS="3780" VPOS="9464" HEIGHT="116" WIDTH="356" STYLEREFS="Style_13" WC="1" CC="00000"/>
					</TextLine>
					<TextLine ID="TL_1.2.53" HPOS="2816" VPOS="9748" HEIGHT="116" WIDTH="144">
						<String CONTENT="11" ID="St_1.2.53.1" HPOS="2816" VPOS="9748" HEIGHT="116" WIDTH="144" STYLEREFS="Style_13" WC="0.888888888888889" CC="11"/>
					</TextLine>
				</TextBlock>
			</PrintSpace>
		</Page>
	</Layout>
</alto>
