5920 10300
460 1088 372 120 Buce
844 1092 56 116 t
912 1124 124 108 a,
1124 1088 592 120 Erasmo
1732 1124 128 64 —
1912 1080 764 128 Continued

464 1272 568 128 Erasmo
1124 1272 508 124 Buceta
1716 1280 80 128 …
1976 1268 264 124 and
2340 1268 276 124 Bea
2628 1280 56 112 t
2692 1264 268 128 rice
3052 1260 584 132 Cornish
3708 1280 80 128 …
4068 1264 328 128 New
4496 1260 428 164 York,
5016 1260 144 140 H
5172 1368 24 24 .

452 1456 348 128 Holt
876 1456 268 124 and
1216 1496 660 120 company
1984 1452 408 148 [ͨ1927
2396 1532 32 80 ]

620 1652 240 92 xxii
880 1728 20 36 ,
968 1656 64 88 2
1040 1652 132 96 05
1240 1676 100 88 p.
1476 1652 720 108 17½ͨͫ.

624 1820 944 108 CONTENTS.—El
1644 1844 136 68 en
1788 1832 64 76 a
1856 1820 516 108 nmorado,
2456 1844 200 88 por
2736 1820 124 92 G.
2948 1816 572 92 Martinez
3600 1812 716 116 Sierra—El
4396 1816 516 112 milagro,
5000 1844 68 88 p
5076 1844 60 68 o
5148 1848 52 64 r

460 1960 116 88 M
592 2032 16 20 .
684 1956 484 92 Linares
1236 1952 708 96 Rivas.—La
2020 1952 492 112 plancha
2588 1956 136 92 de
2792 1956 40 92 l
2844 1976 64 72 a
2984 1976 644 88 marquesa,
3708 1976 204 88 por
3984 1952 124 96 P.
4188 1952 412 104 Muños
4684 1952 200 96 Sec
4896 1980 60 64 a
4980 2032 16 20 .

500 2092 80 112 ©
648 2124 268 112 Apr.
976 2124 160 108 12,
1200 2124 332 92 1927:
1596 2124 156 92 2c.
1816 2120 268 112 Apr.
2144 2120 132 92 16
2320 2148 20 80 ;
2404 2120 196 96 aff.
2660 2124 268 108 Apr.
2988 2124 60 88 1
3060 2124 60 84 8
3144 2132 28 80 :
3244 2124 96 88 A
3404 2120 472 112 972748;
3944 2124 400 108 Henry
4404 2124 112 88 H
4528 2148 60 68 o
4592 2124 96 92 lt
4748 2124 228 92 and
5040 2148 160 72 co.

652 2256 592 116 (27-9270)
4716 2252 284 100 3321

456 2480 752 152 Campbell,
1292 2484 608 124 William
1992 2480 168 124 A.

628 2668 280 124 Did
976 2668 228 124 the
1272 2668 364 128 Jews
1700 2664 252 124 kill
2020 2664 476 132 Jesus?
2580 2668 268 124 and
2920 2668 292 124 The
3280 2664 388 168 myth
3740 2664 152 124 of
3960 2668 232 120 the
4264 2668 944 160 resurrection,

468 2848 172 164 by
740 2852 212 128 W.
1064 2852 168 124 A.
1356 2848 748 164 Campbell.
2284 2848 328 128 New
2732 2852 428 160 York,
3276 2852 404 124 Peter
3800 2848 492 128 Eckler
4408 2852 800 164 publishing

456 3076 712 120 company,
1232 3036 352 124 1927.

624 3228 200 92 112
888 3256 104 84 p.
1136 3228 644 104 19½ͨͫ.

520 3392 72 108 ©
664 3392 116 92 M
784 3424 160 72 ar.
1012 3400 168 108 30,
1244 3400 60 92 1
1316 3396 60 96 9
1388 3400 60 88 2
1460 3400 60 92 7
1560 3424 20 72 ;
1656 3400 156 92 2c.
1884 3400 228 92 and
2180 3396 192 96 aff.
2444 3400 268 112 Apr.
2784 3400 132 92 20
2944 3408 32 84 ;
3052 3400 96 92 A
3220 3400 60 88 9
3292 3400 196 92 727
3500 3404 128 92 83
3672 3424 20 84 ;
3768 3400 340 96 Peter
4184 3396 416 96 Eckler
4664 3400 264 116 pub.
5004 3432 52 64 c
5068 3428 60 68 o
5144 3480 52 40 .,

628 3536 616 112 Brooklyn.
1416 3532 396 116 (27-92
1824 3532 128 96 50
1980 3536 28 104 )
4716 3532 288 100 3322

456 3752 544 148 Clarke,
1072 3752 364 128 John
1520 3756 436 152 Boyd.

628 3944 680 160 Findings
1400 3944 112 124 is
1608 3944 688 164 keepings,
2388 3944 180 156 by
2660 3944 368 124 John
3132 3944 392 164 Boyd
3624 3940 532 128 Clarke.
4340 3944 328 128 New
4772 3948 424 156 York,

464 4128 152 124 E.
684 4132 136 124 J.
896 4124 460 164 Clode,
1424 4128 248 128 inc.
1764 4132 456 156 [ͨ1927]

620 4324 116 96 vi
784 4352 140 88 p.,
976 4328 52 92 1
1084 4328 36 92 l
1136 4400 52 36 .,
1240 4324 72 96 9
1316 4384 64 8 –
1380 4328 204 92 312
1632 4352 100 88 p.
1880 4328 56 92 1
1948 4324 648 104 9½ͨͫ.

652 4496 268 112 Apr.
992 4496 60 92 2
1064 4496 64 92 6
1136 4568 20 36 ,
1228 4496 332 108 1927;
1640 4496 156 96 2c.
1868 4496 228 96 and
2168 4524 28 64 a
2244 4496 120 96 ff.
2432 4496 276 116 Apr.
2776 4500 60 88 2
2848 4496 60 92 9
2952 4520 20 84 ;
3048 4496 96 96 A
3212 4496 64 92 9
3284 4496 132 96 72
3424 4496 64 96 9
3492 4492 192 120 44;
3768 4496 504 96 Edward
4344 4500 104 96 J.
4524 4496 380 108 Clode,
4980 4496 216 100 inc.

640 4628 596 120 (27-9365)
4716 4628 212 100 332
4936 4632 64 100 3

460 4856 612 144 Colcord,
1140 4856 576 128 Willard
1784 4856 452 148 Allen,
2312 4864 316 120 1860
2632 4936 84 12 –

620 5040 488 164 Wings
1176 5044 272 124 and
1524 5084 416 120 paws,
2012 5084 248 84 one
2332 5044 620 124 hundred
3024 5044 268 124 and
3368 5040 324 164 fifty
3768 5044 804 164 interesting
4648 5044 268 124 and
4996 5044 196 124 in-

456 5228 644 124 structive
1216 5228 476 124 stories
1804 5228 408 124 about
2320 5228 420 160 birds,
2856 5228 616 148 animals,
3592 5232 268 120 and
3976 5232 528 152 insects,
4616 5228 580 128 suitable

460 5408 220 128 for
776 5412 428 128 either
1288 5416 392 124 home
1768 5460 156 80 or
2008 5412 448 128 school
2552 5460 268 112 use,
2912 5412 176 164 by
3172 5412 592 128 Willard
3860 5412 408 128 Allen
4368 5412 572 132 Colcord
5008 5404 76 148 …

456 5600 1008 160 Philadelphia,
1540 5604 512 120 Boston
2136 5616 324 144 [etc.]
2548 5600 288 124 The
2904 5600 536 128 Judson
3520 5644 368 116 press
3996 5604 388 152 [1927]

612 5796 128 92 12
808 5824 96 88 p.
972 5792 44 88 l
1024 5832 52 68 .,
1144 5796 64 96 3
1216 5852 68 8 –
1288 5796 132 92 29
1416 5792 68 88 5
1556 5824 100 88 p.
1728 5796 116 92 in
1852 5796 104 96 cl
1972 5876 16 16 .
2056 5820 300 88 map.
2496 5796 352 96 front.
2868 5872 16 20 ,
2960 5796 404 116 plates.
3508 5796 64 96 2
3580 5796 684 104 0½ͨͫ
3828 5832 24 52 .

492 5928 72 108 ©
636 5932 268 112 Apr.
972 5932 160 108 19,
1200 5932 332 112 1927;
1600 5936 156 92 2c.
1824 5932 224 92 and
2116 5960 60 68 a
2192 5932 116 100 ff.
2376 5936 268 108 Apr.
2708 5936 196 92 21:
2976 5932 96 92 A
3136 5932 472 100 972840:
3684 5936 448 92 Judson
4200 5956 352 92 press.

640 6068 592 112 (27-9315)
4712 6064 280 100 3324

452 6288 788 148 Comstock,
1316 6288 364 128 John
1760 6288 580 152 Adams,
2428 6296 316 120 1882
2748 6368 72 16 –

624 6476 780 124 Butterflies
1496 6476 148 124 of
1740 6476 840 160 California;
2676 6524 72 76 a
2840 6476 588 160 popular
3512 6476 404 164 guide
4004 6492 140 108 to
4236 6524 76 76 a
4400 6476 792 164 knowledge

452 6656 152 128 of
676 6660 228 124 the
980 6660 740 124 butterflies
1800 6660 152 124 of
2028 6660 816 160 California,
2924 6660 780 164 embracing
3780 6664 184 120 all
4048 6660 152 128 of
4280 6664 224 124 the
4580 6664 244 124 477
4900 6708 288 116 spe-

452 6844 260 128 cies
792 6848 264 124 and
1132 6844 632 128 varieties
1832 6860 140 112 at
2036 6860 544 148 present
2652 6844 636 128 recorded
3368 6844 224 128 for
3664 6844 228 128 the
3964 6860 380 112 state.
4528 6852 216 160 By
4816 6852 372 128 John

456 7032 520 124 Adams
1076 7032 400 128 Coms
1484 7048 60 108 t
1548 7032 248 124 ock
1860 7032 76 144 …
2224 7036 72 120 I
2308 7036 44 120 l
2364 7032 660 124 lustrated
3132 7032 328 124 with
3572 7032 804 160 sixty-three
4480 7032 260 124 full
4848 7080 344 116 page

452 7220 364 120 color
904 7216 432 164 plates
1428 7216 612 144 showing
2128 7220 184 124 all
2404 7216 148 128 of
2636 7220 228 124 the
2948 7216 504 164 species
3540 7216 492 124 known
4116 7228 136 116 to
4344 7220 532 124 inhabit
4964 7224 220 120 the

452 7416 388 144 state,
924 7404 268 124 and
1280 7404 228 124 the
1592 7404 648 160 majority
2324 7404 152 124 of
2560 7404 380 124 those
3024 7404 716 160 occurring
3836 7404 128 124 in
4060 7404 228 124 the
4380 7404 808 132 Southwest,

452 7592 620 160 together
1180 7588 328 128 with
1616 7588 684 128 half-tone
2404 7592 264 124 and
2776 7588 272 124 line
3148 7588 904 124 illustrations
4160 7588 700 164 depicting
4964 7592 224 124 the

452 7772 248 128 life
828 7776 628 124 histories
1580 7776 152 124 of
1856 7788 568 112 western
2552 7772 780 128 butterflies.
3556 7772 268 124 Los
3948 7776 632 160 Angeles,
4712 7776 456 128 Calif.,

452 7960 128 128 J.
660 7960 160 128 A.
900 7960 756 132 Comstock,
1728 7960 356 128 1927.

624 8156 60 92 5
764 8180 100 92 p.
944 8156 36 92 l
996 8228 52 212 .,
1136 8156 412 96 13-334
1624 8180 136 88 p.,
1844 8156 60 92 1
1980 8156 40 92 l
2028 8188 24 56 .
2232 8152 308 100 illus.
2604 8152 240 240 (inc
2848 8232 40 12 l
2904 8228 20 20 .
3008 8152 384 112 maps)
3500 8152 132 96 63
3712 8152 208 96 col.
4008 8180 64 88 p
4080 8232 32 12 l
4132 8228 56 32 .,
4268 8152 428 240 diagrs.
4840 8148 760 108 27½ͨͫ.

624 8292 316 92 Each
1012 8292 316 112 plate
1400 8288 804 116 accompanied
2284 8292 144 112 by
2496 8288 244 96 leaf
2812 8288 288 96 with
3176 8284 696 116 descriptive
3948 8292 708 112 letterpress.

452 8392 116 112 ©
652 8428 272 112 Apr.
1000 8428 160 108 14,
1240 8428 332 108 1927;
1652 8428 160 96 2c.
1888 8428 268 112 Apr.
2240 8420 192 104 18:
2516 8428 196 96 aff.
2788 8428 272 112 Apr.
3136 8428 56 88 1
3208 8424 60 92 9
3308 8452 24 80 ;
3416 8428 92 88 A
3588 8424 60 92 9
3660 8420 64 88 6
3728 8428 60 92 7
3796 8428 64 88 9
3864 8428 64 88 4
3936 8428 60 88 3
4040 8452 20 84 ;
4148 8428 104 96 J.
4328 8428 132 96 A.
4544 8428 640 96 Comstock.

640 8560 592 116 (27-9316)
4704 8556 280 100 3325

452 8780 648 152 Conway,
1180 8780 780 128 Katherine
2036 8780 644 148 Eleanor,
2768 8788 232 116 185
3012 8788 72 116 3
3088 8860 84 8 –
3184 8776 356 124 1927.

620 8968 288 124 The
980 8968 364 124 color
1416 8964 160 128 of
1648 8964 316 160 life;
2052 9012 76 80 a
2204 8968 636 124 selection
2916 8964 360 124 from
3356 8964 228 124 the
3664 9008 456 116 poems
4200 8964 160 128 of
4428 8964 760 128 Katherine

456 9148 156 124 E.
672 9148 632 164 Conway.
1452 9152 556 156 Boston,
2060 9152 152 120 T.
2276 9152 132 128 J.
2468 9148 452 164 Flynn
2980 9152 108 120 &
3144 9188 188 84 co.
3404 9148 420 156 [ͨ1927
3832 9224 28 80 ]

616 9348 72 76 x
700 9340 116 108 ii,
888 9340 204 96 109
1152 9368 100 88 p.
1392 9340 356 96 front.
1816 9344 412 112 (port.)
2388 9344 60 92 2
2456 9336 544 108 0ͨͫ
2648 9416 16 20 .

460 9440 112 112 ©
672 9476 268 112 Apr.
1028 9476 164 108 15,
1280 9476 336 96 1927:
1708 9476 160 96 2c.
1960 9480 224 92 and
2272 9464 64 88 o
2344 9468 48 92 f
2388 9468 84 104 f.
2560 9476 264 112 Apr.
2916 9476 196 104 21;
3204 9476 100 92 A
3392 9476 476 108 972841;
3968 9476 392 100 James
4448 9476 104 96 J.
4648 9476 528 108 Conway.

624 9612 464 96 Boston.
1256 9608 596 120 (27-9396)
4704 9608 284 96 3326

2724 9732 232 132 507
