5920 10300
428 1052 340 144 Dell,
848 1052 724 148 Anthony.

592 1236 480 128 Llama
1160 1240 364 156 land,
1616 1244 284 116 east
1992 1236 264 124 and
2352 1244 324 112 west
2768 1228 152 128 of
3012 1236 228 120 the
3328 1228 464 128 Andes
3888 1228 144 124 in
4120 1232 408 156 Peru,
4616 1224 180 168 by
4884 1232 284 120 An-

428 1436 52 112 t
488 1424 364 160 hony
960 1424 264 124 Del
1232 1424 48 120 l
1392 1424 80 144 …
1652 1416 332 128 with
2096 1416 908 128 illustrations
3120 1416 220 124 fro
3348 1460 136 80 m
3596 1412 944 164 photographs
4648 1412 184 156 by
4944 1412 232 128 the

424 1604 528 124 author.
1112 1604 328 124 New
1520 1600 428 160 York,
2024 1600 528 164 George
2628 1596 200 128 H.
2896 1604 472 120 Doran
3452 1640 668 120 company
4208 1608 152 136 [ͨ
4308 1604 240 120 192
4552 1596 152 148 7]

588 1796 204 100 248
852 1824 104 88 p.
1080 1796 288 108 XXIV
1440 1820 72 88 p
1520 1800 36 88 l
1568 1872 20 20 .
1656 1796 176 108 (in
1840 1824 56 68 c
1900 1800 40 88 l
1956 1872 20 20 .
2036 1796 420 108 front.)
2616 1792 144 96 26
2792 1820 76 68 ×
2908 1792 64 92 2
2980 1792 608 112 0ͨͨ.

588 1964 276 112 Map
924 1988 144 68 on
1132 1960 812 116 lining-paper.

428 2108 112 108 ©
620 2132 272 112 Apr.
956 2132 56 88 1
1028 2132 60 88 5
1100 2204 20 36 ,
1188 2132 56 88 1
1260 2132 60 92 9
1328 2132 192 108 27;
1596 2132 160 92 2c.
1824 2128 272 112 Apr.
2164 2124 196 112 18;
2436 2124 200 96 aff.
2700 2124 272 112 Apr.
3044 2128 56 88 1
3116 2124 60 96 6
3220 2152 16 84 ;
3316 2124 96 92 A
3476 2124 276 96 9727
3760 2124 60 96 5
3828 2124 124 112 7;
4036 2124 436 112 George
4544 2128 148 92 H.
4764 2128 400 92 Doran

588 2292 156 68 co.
912 2264 264 116 (27-
1180 2268 200 92 847
1384 2280 64 88 0
1480 2268 28 100 )
4684 2256 132 96 28
4832 2256 60 100 9
4904 2260 60 96 8

420 2488 560 152 Dewey,
1048 2492 156 120 M
1204 2536 172 80 rs.
1452 2484 376 128 Julia
1896 2488 188 120 M.

580 2676 572 124 Lessons
1244 2716 172 80 on
1512 2716 672 112 manners,
2280 2668 676 164 arranged
3060 2668 220 128 for
3380 2712 692 120 grammar
4168 2668 568 160 schools,
4832 2668 328 164 high

416 2860 520 124 schools
1000 2856 268 128 and
1332 2856 784 160 academies,
2176 2856 184 160 by
2420 2852 388 132 Julia
2872 2856 188 124 M.
3132 2856 504 160 Dewey
3712 2864 84 136 …
4000 2852 336 128 New
4400 2848 436 168 York,
4900 2856 264 124 No-

416 3040 212 128 ble
688 3040 268 128 and
1024 3040 432 128 Noble
1544 3040 152 148 [ͨ
1628 3040 320 128 1927
1956 3116 32 84 ]

584 3232 240 112 viii,
892 3232 200 104 147
1160 3260 100 88 p.
1404 3236 612 104 19ͨͨ
1648 3272 28 52 .

424 3376 116 112 ©
628 3404 84 92 F
720 3404 168 92 eb.
952 3404 60 88 1
1024 3400 64 96 0
1084 3440 28 56 .
1192 3404 56 88 1
1260 3404 60 92 9
1328 3404 132 92 27
1504 3428 20 84 ;
1596 3404 64 88 2
1668 3432 56 64 c
1740 3480 16 16 .
1828 3400 276 116 Apr.
2172 3404 124 108 2;
2380 3400 192 96 aff.
2640 3400 276 112 Apr.
2988 3400 60 92 1
3060 3396 60 96 9
3160 3424 24 84 ;
3260 3400 96 92 A
3428 3400 132 96 96
3568 3400 60 92 7
3636 3396 132 96 95
3780 3400 64 88 5
3884 3424 16 88 ;
3980 3400 104 92 N
4092 3424 60 72 o
4160 3400 180 96 ble
4416 3400 88 96 &
4572 3404 96 92 N
4680 3424 60 72 o
4752 3400 64 92 b
4828 3404 32 88 l
4872 3424 92 72 e.

608 3540 596 112 (27-8691)
4676 3532 284 104 2899

420 3760 872 148 Emmanuel,
1360 3764 108 120 S
1472 3764 112 124 is
1600 3776 52 108 t
1660 3804 140 80 er
1864 3760 144 124 M
2032 3840 28 80 [
2072 3768 320 140 ary]

580 3944 512 168 Mary's
1192 3948 544 160 month;
1840 3944 880 128 meditations
2820 3988 172 84 on
3096 3988 364 84 some
3556 3940 156 128 of
3812 3944 232 128 the
4140 3944 372 132 titles
4616 3948 152 124 of
4876 3948 292 128 Our

420 4132 492 164 Lady's
972 4132 444 164 litany
1480 4132 224 124 for
1760 4132 228 124 the
2044 4132 476 124 month
2584 4132 156 124 of
2796 4132 452 160 Mary,
3308 4132 180 160 by
3556 4124 436 136 Sister
4052 4128 188 128 M.
4312 4132 856 156 Emmanuel,

412 4336 112 108 O.
596 4360 56 84 S
672 4420 20 24 .
760 4364 108 80 B.
1028 4316 200 132 St.
1288 4316 460 160 Louis,
1808 4316 276 124 Mo.
2152 4316 268 128 and
2480 4316 620 160 London,
3164 4316 160 128 B.
3392 4316 544 128 Herder
3996 4312 352 132 book
4412 4360 232 120 co.,
4724 4324 356 120 1927.

576 4508 248 116 xiii,
892 4508 204 96 229
1160 4536 108 88 p.
1408 4508 680 108 19½ͨͨ.

420 4676 112 108 ©
604 4684 272 112 Apr.
924 4684 64 96 1
1004 4684 92 108 1,
1160 4684 56 88 1
1228 4676 64 96 9
1296 4684 192 108 27;
1556 4684 160 88 2c.
1780 4676 268 116 Apr.
2108 4680 196 104 14;
2372 4676 196 100 aff.
2628 4676 272 116 Apr.
2964 4680 192 108 13;
3224 4676 100 96 A
3384 4676 64 96 9
3456 4676 404 116 67848;
3932 4680 128 96 B.
4128 4680 452 96 Herder
4640 4680 292 100 book
4996 4708 160 76 co.

604 4820 260 112 (27-
868 4816 132 92 85
1008 4820 64 92 7
1080 4816 116 112 8)
4676 4816 280 96 2900

416 5040 384 148 Eppe
808 5036 36 124 l
860 5036 660 148 sheimer,
1596 5036 496 124 Hanns
2160 5036 696 148 Wilhelm,
2936 5044 316 116 1890
3256 5112 84 16 –

656 5236 80 128 …
816 5228 680 120 Petrarca.
1680 5224 440 156 Bonn,
2192 5220 156 124 F.
2432 5220 500 160 Cohen,
3020 5228 356 116 1926.

576 5416 240 112 viii,
876 5416 232 112 219,
1184 5464 24 68 [
1220 5420 56 88 1
1288 5460 24 72 ]
1380 5444 104 88 p.
1624 5412 680 112 24½ͨͨ.

580 5580 284 92 "Die
924 5580 380 92 werke
1364 5580 416 92 Petrar
1780 5588 64 76 c
1852 5572 264 100 as":
2184 5604 104 84 p.
2348 5576 520 96 210–219.

416 5712 116 112 ©
612 5748 288 116 Aug.
968 5748 168 108 31,
1208 5748 60 92 1
1280 5748 60 92 9
1348 5748 64 92 2
1420 5748 64 92 6
1524 5772 20 84 ;
1632 5736 116 96 1c
1764 5820 24 24 .
1860 5744 268 96 Dec.
2200 5744 64 96 3
2308 5768 20 88 ;
2408 5744 100 96 A
2508 5800 144 8 —
2656 5744 96 92 F
2756 5768 64 72 o
2828 5744 324 112 reign
3224 5740 64 88 3
3296 5740 208 100 315
3508 5744 56 96 3
3608 5768 24 88 ;
3716 5744 460 96 Friedri
4180 5776 56 68 c
4248 5752 72 88 h
4400 5748 84 96 C
4492 5776 64 68 o
4564 5752 68 88 h
4644 5776 176 72 en.

600 5884 596 116 (27-8762)
4672 5880 280 100 2901

412 6108 476 144 Foote,
960 6104 368 124 John
1404 6104 736 148 Ambrose,
2224 6104 328 124 1874
2556 6180 72 16 –
3040 6104 196 124 ed.

660 6296 80 136 …
820 6288 388 132 State
1272 6292 428 124 board
1768 6288 688 164 questions
2532 6292 268 124 and
2876 6332 584 84 answers
3540 6284 228 132 for
3836 6336 532 120 nurses;
4456 6296 400 164 being
4932 6300 224 120 the

416 6480 448 124 actual
968 6476 684 164 questions
1756 6476 504 124 submit
2272 6488 52 112 t
2336 6476 160 124 ed
2604 6520 72 80 a
2688 6488 56 112 t
2852 6476 232 124 the
3192 6476 988 128 examinations
4292 6480 152 124 of
4548 6492 156 116 31
4812 6496 344 112 state

416 6708 64 80 e
492 6712 76 72 x
588 6664 616 164 amining
1316 6664 168 120 bo
1496 6708 72 76 a
1580 6664 224 120 rds
1932 6660 224 124 for
2272 6704 508 116 nurses,
2900 6660 172 124 wi
3084 6672 52 112 t
3144 6660 88 124 h
3356 6704 620 116 answers,
4096 6664 444 164 compi
4552 6664 48 128 l
4604 6668 160 128 ed
4884 6672 268 124 and

416 6852 212 124 edi
644 6864 52 108 t
708 6852 160 124 ed
944 6852 176 160 by
1196 6852 372 124 John
1644 6848 168 124 A.
1892 6852 420 120 Foote
2412 6860 80 132 …
2712 6856 68 116 5
2792 6848 152 124 th
3024 6848 244 160 ed.,
3344 6892 144 80 re
3496 6892 84 80 v
3588 6948 24 24 .
3696 6852 272 120 and
4044 6892 160 84 en
4216 6852 48 120 l
4272 6952 20 20 .
4464 6852 576 128 Philade
5052 6856 48 120 l
5112 6936 36 12 -

420 7036 324 160 phia
840 7036 260 124 and
1192 7036 616 156 London,
1896 7036 132 124 J.
2120 7036 156 120 B.
2372 7032 804 160 Lippincott
3260 7076 664 124 company
4040 7036 408 144 [ͨ1927
4456 7116 28 80 ]

580 7228 60 96 6
724 7260 108 84 p.
916 7228 40 88 l
968 7300 52 36 .,
1108 7228 120 92 ix
1232 7284 72 12 –
1308 7228 200 112 xii,
1592 7228 208 96 480
1888 7256 104 88 p.
2132 7228 680 108 21ͨͨ.
2576 7224 824 120 (Lippincott's
3488 7224 484 120 nursing
4056 7232 596 112 manuals)

416 7364 116 112 ©
604 7400 264 92 Feb.
932 7400 164 108 17,
1160 7396 332 108 1927;
1560 7400 160 92 2c.
1788 7396 268 112 Apr.
2120 7396 124 108 6;
2316 7396 196 96 aff.
2576 7396 272 112 Apr.
2916 7396 192 108 12;
3184 7396 96 92 A
3340 7396 64 92 9
3412 7396 60 92 6
3484 7396 196 96 777
3692 7396 60 96 9
3796 7420 20 84 ;
3892 7396 104 96 J.
4064 7400 128 92 B.
4264 7396 656 116 Lippincott
4988 7432 56 68 c
5056 7428 60 72 o
5128 7484 20 20 .

596 7532 596 116 (27-8433)
4668 7528 284 104 2902

416 7752 988 148 Frankfurter,
1496 7756 428 148 Felix,
2016 7760 316 120 1882
2336 7832 84 16 –

584 7940 288 124 The
940 7968 292 96 case
1296 7936 156 128 of
1528 7936 408 132 Sacco
2012 7940 264 124 and
2348 7936 712 160 Vanzetti;
3132 7984 76 80 a
3280 7936 524 128 critical
3876 7944 592 160 analysis
4544 7944 224 124 for
4836 7944 312 124 law-

416 8168 300 116 yers
852 8128 268 120 and
1252 8128 580 156 laymen,
1964 8124 180 164 by
2276 8124 396 124 Felix
2808 8120 964 128 Frankfurter.
4000 8128 556 160 Boston,
4688 8128 464 160 Little,

412 8312 544 156 Brown,
1036 8312 268 120 and
1388 8356 708 120 company,
2184 8312 356 128 1927.

576 8508 64 92 4
708 8536 100 84 p.
872 8500 40 92 l
924 8580 52 40 .,
1048 8552 24 68 [
1076 8504 68 96 3
1156 8552 100 72 ]–
1264 8504 204 96 118
1524 8536 104 84 p.
1772 8504 752 108 19½ͨͨ
2080 8540 28 56 .

584 8672 172 96 On
820 8672 324 116 April
1216 8672 160 112 15,
1448 8672 304 116 1920,
1820 8676 712 108 Parmenter,
2604 8704 64 64 a
2744 8680 668 108 paymaster
3480 8676 228 92 and
3780 8676 644 96 Berardelli
4504 8676 180 96 his
4752 8680 396 108 guard,

416 8836 300 68 were
772 8812 284 92 fired
1120 8836 304 88 upon
1484 8812 224 92 and
1768 8812 392 96 killed.
2296 8812 352 96 Sacco
2708 8812 224 92 and
2996 8812 92 88 V
3100 8836 52 64 a
3176 8812 360 96 nzetti
3596 8836 304 72 were
3960 8816 496 108 charged
4520 8836 144 72 on
4728 8816 268 108 May
5056 8812 88 92 5.

416 8944 272 96 1920
780 8944 280 96 with
1148 8948 192 92 the
1428 8944 352 96 crime
1872 8948 120 92 of
2080 8948 192 96 the
2360 8948 560 104 murders,
3016 8972 300 68 were
3400 8948 516 96 indicted
3996 8976 144 68 on
4240 8948 660 116 September
4992 8956 156 96 14,

416 9080 272 96 1920
752 9084 224 92 and
1040 9088 212 108 put
1316 9108 144 68 on
1524 9080 276 96 trial
1872 9084 272 112 May
2204 9084 168 108 31,
2440 9084 268 92 1921
2784 9088 120 88 at
2972 9084 556 108 Dedham,
3600 9084 496 92 Norfolk
4164 9080 480 116 County,
4720 9088 112 88 M
4844 9108 60 68 a
4920 9108 116 68 ss
5032 9088 116 76 a-

416 9220 552 92 chusetts.
1108 9244 60 68 c
1176 9220 80 108 f.
1320 9232 104 100 p.
1496 9216 96 116 [3
1604 9264 24 68 ]
1640 9272 68 12 –
1712 9220 96 96 8.

424 9376 116 108 ©
624 9388 292 92 Mar.
992 9388 92 112 5,
1168 9388 332 108 1927;
1584 9388 60 88 2
1652 9404 52 80 c
1720 9460 20 20 .
1824 9388 224 92 and
2128 9384 196 100 aff.
2408 9388 288 96 Mar.
2776 9388 124 108 7;
2984 9384 100 92 A
3160 9384 204 96 967
3368 9380 132 100 50
3512 9384 124 116 9;
3720 9388 124 96 F.
3928 9388 812 108 Frankfurter,
4828 9384 320 92 Cam-

580 9520 424 112 bridge,
1092 9516 348 100 Mass.
1608 9520 592 112 (27-8287)
4668 9520 60 96 2
4740 9516 56 96 9
4816 9512 136 108 03

2680 9656 236 112 443
