5984 10352
4976 608 208 100 404

408 988 608 152 Rockey,
1092 984 656 128 Howard.

584 1176 292 128 The
944 1188 304 144 test,
1316 1172 176 160 by
1560 1168 620 124 Howard
2260 1164 584 160 Rockey.
3000 1156 1024 164 Philadelphia,
4100 1160 548 124 Macrae
4728 1152 448 132 Smith

412 1404 668 120 company
1176 1364 240 140 [ͨ19
1424 1364 76 112 2
1512 1352 112 160 7]

572 1556 208 100 333
848 1580 100 88 p.
1092 1552 616 116 19ͨͫ.

416 1676 120 120 ©
612 1692 264 96 Jan.
944 1688 164 112 24,
1180 1688 336 108 1927;
1588 1684 160 96 2c.
1824 1684 260 92 Jan.
2156 1680 196 116 19;
2424 1680 196 96 aff.
2692 1680 260 96 Jan.
3020 1680 64 92 2
3092 1676 64 88 5
3196 1704 20 84 ;
3296 1676 100 92 A
3464 1676 132 96 95
3608 1684 64 92 8
3676 1676 200 96 881
3920 1700 20 88 ;
4016 1676 144 96 H.
4236 1676 496 108 Rockey,
4808 1672 384 92 Phila-

576 1824 500 116 delphia.
1248 1816 604 120 (27-1848)
4772 1800 216 104 398

416 1980 576 148 Rollins,
1064 1980 1032 144 Montgomery,
2180 1968 320 128 1867
2504 2048 84 12 –
2600 1976 356 116 1918.

584 2164 496 140 Money
1184 2160 268 124 and
1552 2160 952 156 investments;
2616 2200 76 80 a
2792 2152 692 128 reference
3580 2148 360 124 book
4044 2148 224 124 for
4372 2148 236 124 the
4704 2192 232 80 use
5040 2148 156 124 of

428 2348 372 128 those
884 2344 612 164 desiring
1580 2340 908 128 information
2576 2340 144 124 in
2812 2340 232 124 the
3128 2340 680 160 handling
3900 2332 156 128 of
4144 2376 492 124 money
4724 2376 156 84 or
4964 2336 232 124 the

416 2532 820 124 investment
1288 2532 464 124 thereo
1764 2528 64 124 f
1840 2628 24 24 .
2008 2524 236 132 7th
2308 2524 200 128 ed.
2652 2528 220 160 By
2932 2524 964 164 Montgomery
3960 2520 264 128 Rol
4232 2520 48 124 l
4288 2520 212 124 ins
4600 2536 80 136 …
4864 2520 332 124 Rev.

424 2716 268 128 and
792 2760 160 80 en
964 2716 44 120 l
1028 2816 24 24 .
1204 2724 88 132 …
1396 2716 188 164 by
1680 2716 292 120 Ben
1980 2708 44 164 j
2048 2712 368 124 amin
2512 2712 528 124 Fisher.
3224 2712 620 156 London,
3948 2704 124 132 G
4088 2808 24 24 .
4220 2708 372 124 Rout
4596 2708 48 124 l
4652 2708 340 164 edge
5092 2712 108 120 &

420 2940 352 120 sons,
836 2900 320 156 ltd.;
1232 2900 564 160 Boston,
1864 2896 724 128 Financial
2656 2896 804 164 publishing
3528 2940 188 84 co.
3808 2896 444 148 [ͨ1926]

588 3092 64 96 3
720 3116 104 92 p.
888 3088 44 88 l
944 3164 52 40 .,
1068 3100 340 96 v-xx,
1476 3088 204 96 494
1748 3088 128 116 (i.
1952 3120 56 72 e
2020 3168 24 24 .
2116 3088 264 116 514)
2468 3116 104 88 p.
2640 3088 36 96 i
2688 3120 72 64 n
2768 3092 100 92 cl
2888 3168 16 20 .
2972 3088 404 96 forms.
3516 3092 288 92 fold.
3880 3088 368 116 diagr.
4388 3088 616 112 22ͨͫ.

428 3208 120 116 ©
612 3228 264 92 Jan.
940 3228 160 112 14,
1168 3228 336 112 1927;
1572 3228 160 96 2c.
1792 3228 228 92 and
2080 3228 200 96 aff.
2344 3228 264 96 Jan.
2676 3228 192 112 19;
2936 3228 100 92 A
3096 3228 344 92 96324
3452 3228 60 88 8
3556 3252 20 84 ;
3648 3224 612 96 Financial
4328 3228 264 112 pub.
4652 3252 168 68 co.

612 3356 600 120 (27-1949)
4792 3356 212 100 399

420 3516 1068 152 Royde-Smith,
1560 3516 520 128 Naomi
2156 3520 708 148 Gwladys.

596 3700 820 168 Skin-deep;
1492 3748 192 84 or,
1752 3704 628 128 Portrait
2448 3704 156 128 of
2664 3704 668 164 Lucinda,
3400 3704 336 128 with
3812 3752 76 80 a
3960 3704 656 164 prologue
4688 3704 264 128 and
5036 3748 172 84 an

428 3892 628 164 epilogue
1128 3888 364 128 from
1560 3892 232 124 the
1860 3892 572 124 London
2504 3892 748 124 adventure
3320 3892 156 124 of
3540 3892 572 124 Arabell
4176 3892 1032 156 Holdenbrook,

432 4080 176 164 by
692 4080 492 124 Naomi
1272 4076 1044 164 Royde-Smith.
2496 4076 332 128 New
2916 4076 432 160 York,
3436 4076 168 124 A.
3700 4076 168 124 A.
3960 4076 540 164 Knopf,
4600 4080 356 124 1927.

588 4280 68 96 4
720 4304 100 92 p.
884 4280 40 92 l
940 4352 52 44 .,
1056 4276 204 100 281
1332 4304 136 88 p.,
1532 4280 60 92 1
1656 4280 40 92 l
1708 4352 24 24 .
1872 4276 720 112 19½ͨͫ
2188 4316 28 56 .

436 4408 124 116 ©
640 4412 260 96 Jan.
976 4412 164 108 21,
1216 4408 336 116 1927;
1636 4412 164 96 2c.
1876 4412 264 92 Jan.
2216 4408 200 112 27;
2500 4408 196 96 aff.
2772 4408 268 96 Jan.
3116 4408 64 88 2
3188 4408 64 92 5
3292 4436 20 84 ;
3400 4408 92 92 A
3564 4408 68 96 9
3636 4408 132 96 63
3776 4408 64 96 3
3852 4408 64 88 2
3924 4408 60 92 5
4024 4436 20 84 ;
4132 4412 132 92 N.
4352 4408 864 120 Royde-Smith,

600 4544 504 96 London.
1276 4544 604 116 (27-1996)
4796 4540 216 100 400

432 4700 560 148 Seham,
1068 4700 376 148 Max,
1528 4704 320 120 1888
1852 4776 76 16 –

608 4884 288 128 The
996 4884 356 128 tired
1456 4884 412 164 child,
1964 4884 184 164 by
2248 4884 328 124 Max
2684 4880 500 132 Seham
3216 4888 84 144 …
3552 4884 268 128 and
3928 4880 416 132 Grete
4452 4884 496 132 Seham
4984 4888 84 144 …

440 5072 336 124 with
852 5116 72 80 a
1008 5068 684 128 foreword
1768 5072 180 160 by
2020 5072 392 124 Isaac
2492 5068 168 124 A.
2744 5068 288 128 Abt
3144 5068 84 144 …
3444 5068 984 164 Philadelphia
4516 5072 272 124 and
4864 5072 352 124 Lon-

440 5256 312 156 don,
816 5256 132 128 J.
1020 5256 156 120 B.
1244 5252 816 168 Lippincott
2124 5300 676 120 company
2876 5256 420 160 [ͨ1926
3308 5336 28 80 ]

608 5448 228 112 xvi,
900 5448 208 96 342
1168 5472 104 92 p.
1416 5444 36 96 i
1460 5448 40 92 l
1508 5456 36 88 l
1556 5472 204 92 us.,
1824 5448 416 116 plates.
2380 5448 720 104 19½ͨͫ.

612 5580 840 116 Bibliography
1512 5592 124 84 at
1696 5588 220 92 end
1980 5580 124 100 of
2160 5588 304 92 most
2528 5584 124 96 of
2716 5584 196 100 the
2976 5588 576 112 chapters.

448 5708 124 116 ©
644 5720 268 96 Dec.
972 5720 92 108 7,
1128 5720 56 92 1
1200 5716 60 96 9
1268 5720 200 112 26;
1532 5720 160 92 2c.
1760 5720 228 96 and
2056 5720 196 96 aff.
2316 5724 268 92 Dec.
2652 5720 196 112 18;
2920 5720 100 96 A
3084 5720 276 100 9587
3372 5720 64 92 6
3440 5724 124 112 8;
3636 5724 108 96 J.
3812 5728 88 92 B
3924 5800 16 20 .
4012 5720 336 116 Lippi
4364 5752 60 64 n
4436 5728 244 92 cott
4744 5752 128 68 co
4876 5772 24 52 .

632 5848 604 116 (27-1947)
4816 5856 208 100 401

448 6004 524 152 Selver,
1032 6004 392 128 Paul.

612 6192 336 160 One,
1028 6208 308 148 two,
1416 6196 420 160 three,
1916 6196 180 164 by
2168 6196 304 128 Pau
2480 6196 48 128 l
2608 6196 176 132 Se
2788 6196 48 124 l
2844 6244 236 80 ver
3180 6208 84 132 …
3496 6200 332 124 New
3912 6196 436 164 York,
4428 6200 536 168 George
5044 6208 184 120 H.

440 6380 476 124 Doran
980 6420 668 124 company
1728 6376 420 140 [ͨ1927

608 6568 136 100 30
752 6568 64 96 2
856 6600 104 88 p.
1104 6572 1088 108 19½ͨͫ.

456 6676 116 112 ©
636 6704 264 100 Jan.
952 6704 168 116 21,
1180 6708 332 112 1927;
1576 6708 156 96 2c.
1792 6708 264 96 Jan.
2116 6712 196 112 27;
2372 6708 200 100 aff.
2628 6712 264 96 Jan.
2948 6712 196 112 24;
3212 6712 96 92 A
3364 6712 204 96 963
3576 6712 60 96 3
3648 6712 60 92 2
3720 6712 124 116 2;
3912 6712 436 116 George
4408 6716 144 96 H.
4612 6720 172 92 Do
4796 6744 56 64 r
4860 6724 140 84 an
5072 6744 124 68 co
5216 6796 16 20 .

640 6836 604 116 (27-1993)
4824 6848 212 100 402

456 6992 688 156 Selvidge,
1224 6996 528 128 Robert
1824 6996 988 156 Washington,
2896 7000 316 128 1872
3216 7080 88 12 –

616 7180 808 124 Individual
1500 7180 820 128 instruction
2396 7184 508 160 sheets;
2984 7184 304 128 how
3364 7204 140 112 to
3584 7188 392 128 write
4052 7192 272 124 and
4400 7192 308 124 how
4792 7204 140 116 to
5008 7236 232 84 use

456 7380 60 112 t
516 7364 348 164 hem,
956 7364 184 164 by
1228 7364 164 128 R.
1488 7368 212 128 W.
1808 7364 172 132 Se
1988 7372 48 120 l
2044 7368 408 168 vidge
2552 7376 84 132 …
2888 7372 536 148 Peoria,
3520 7376 276 160 Ill.,
3896 7376 292 128 The
4280 7376 516 128 Manua
4808 7380 48 124 l
4956 7396 284 112 arts

456 7592 376 116 press
936 7552 476 136 [ͨ1926]

620 7740 64 96 3
760 7768 104 88 p.
940 7744 40 92 l
996 7816 56 40 .,
1128 7744 64 96 3
1200 7796 72 12 –
1272 7744 204 96 263
1556 7772 104 88 p.
1804 7748 344 116 illus.,
2232 7748 432 120 diagrs.
2804 7744 720 108 23½ͨͫ.
3308 7800 28 72 [
3344 7756 244 96 The
3676 7756 532 116 Selvidge
4292 7756 364 100 series
4744 7760 120 96 of
4948 7768 112 88 te
5068 7788 76 68 x
5156 7768 84 88 t-

464 7876 352 96 books
876 7880 232 92 and
1168 7876 704 100 instruction
1940 7876 632 104 manuals]

472 7980 116 108 ©
648 8012 272 96 Dec.
972 8012 164 112 31,
1196 8012 204 96 192
1408 8016 64 92 6
1512 8044 20 84 ;
1596 8016 160 96 2c.
1816 8020 264 96 Jan.
2132 8024 96 108 7,
2292 8020 336 112 1927;
2696 8020 196 100 aff.
2952 8024 264 96 Jan.
3276 8024 196 116 12;
3536 8024 100 96 A
3696 8028 60 92 9
3768 8024 60 96 6
3836 8016 68 88 3
3912 8032 48 88 1
3976 8024 132 100 03
4152 8056 20 84 ;
4244 8004 88 88 R
4356 8108 20 20 .
4436 8032 168 96 W.
4680 8032 140 96 Se
4828 8032 156 92 lvi
4988 8020 68 88 d
5076 8060 168 84 ge,

632 8144 632 116 Columbia,
1328 8152 220 96 Mo.
1704 8148 604 116 (27-1775)
4832 8164 212 100 403

468 8296 564 152 Simms,
1104 8300 608 128 William
1788 8308 656 148 Gilmore,
2528 8320 320 116 1806
2852 8392 88 12 –
2948 8312 360 128 1870.

640 8484 292 128 The
988 8484 528 168 history
1584 8488 156 128 of
1800 8492 436 132 South
2308 8492 688 168 Carolina,
3060 8500 180 160 by
3296 8500 628 128 William
3984 8504 612 132 Gilmore
4664 8504 568 164 Simms;

476 8668 456 128 edited
1000 8672 176 160 by
1244 8676 408 164 Mary
1728 8672 148 132 C.
1952 8676 504 132 Simms
2528 8680 720 164 Oliphant.
3400 8688 332 124 Rev.
3808 8688 200 128 ed.
4084 8692 336 124 with
4488 8736 296 84 new
4852 8736 392 120 maps

480 8856 272 124 and
848 8856 952 168 illustrations,
1896 8868 652 160 specially
2648 8868 596 164 adapted
3348 8868 228 132 for
3668 8916 232 84 use
3996 8876 140 124 in
4236 8880 560 128 schools.
4988 8876 252 136 Co-

476 9040 556 160 lumbia,
1100 9040 136 132 S.
1308 9044 192 160 C.,
1568 9048 292 128 The
1924 9048 384 132 State
2372 9096 708 120 company,
3152 9056 356 128 1927.

636 9232 240 112 viii,
940 9232 204 100 305
1208 9260 100 88 p.
1452 9236 392 120 front.,
1912 9240 308 96 illus.
2288 9240 176 116 (in
2472 9248 104 92 cl
2588 9324 20 20 .
2676 9256 392 104 ports.,
3132 9252 392 116 maps)
3688 9240 720 112 19½ͨͫ.

484 9332 120 112 ©
672 9368 260 96 Jan.
996 9368 92 112 1,
1152 9372 276 96 1927
1468 9400 20 76 ;
1556 9372 164 96 2c.
1784 9380 228 88 and
2072 9376 200 100 aff.
2336 9380 264 96 Jan.
2664 9384 132 108 4;
2864 9384 96 92 A
3020 9384 64 96 9
3096 9384 60 92 5
3164 9384 340 116 7983;
3576 9376 124 88 M
3704 9416 208 88 ary
3980 9392 116 96 C.
4172 9392 420 100 Simms
4660 9396 88 92 O
4756 9392 88 96 li
4856 9424 64 84 p
4928 9396 324 116 hant,

644 9500 692 124 Greenville,
1412 9508 68 96 S
1500 9584 20 24 .
1584 9504 120 104 C.
1860 9508 604 124 (27-1868)
4840 9528 212 104 404

2792 9644 156 124 61
