<?xml version="1.0"?>
<alto xmlns="http://www.loc.gov/standards/alto/ns-v2#" xmlns:xlink="http://www.w3.org/1999/xlink" xmlns:xsi="http://www.w3.org/2001/XMLSchema-instance" xsi:schemaLocation="http://www.loc.gov/standards/alto/ns-v2# http://www.loc.gov/standards/alto/alto-v2.0.xsd">
	<Description>
		<MeasurementUnit>inch1200</MeasurementUnit>
		<sourceImageInformation>
			<fileIdentifier>catalogofcopyrig241libr_001-1920_Page_0695.jpgf</fileIdentifier>
		</sourceImageInformation>
		<OCRProcessing ID="OCR1">
			<ocrProcessingStep>
				<processingDateTime>2018-03-14T13:04:58</processingDateTime>
				<processingAgency>Data Conversion Laboratory</processingAgency>
				<processingSoftware>
					<softwareCreator>Prime</softwareCreator>
					<softwareName>Prime OCR</softwareName>
					<softwareVersion>4.40</softwareVersion>
				</processingSoftware>
			</ocrProcessingStep>
			<postProcessingStep>
				<processingDateTime>2018-03-21T10:26:27</processingDateTime>
				<processingAgency>Data Conversion Laboratory</processingAgency>
				<processingStepDescription>PRO -&gt; ALTO</processingStepDescription>
				<processingSoftware>
					<softwareCreator>Data Conversion Laboratory</softwareCreator>
					<softwareName>pro2alto.2018.02.27</softwareName>
					<softwareVersion>2.0</softwareVersion>
				</processingSoftware>
			</postProcessingStep>
		</OCRProcessing>
	</Description>
<Styles>
		<TextStyle ID="Style_1" FONTSIZE="10" FONTTYPE="serif" FONTWIDTH="proportional" FONTSTYLE="bold"/>
		<TextStyle ID="Style_2" FONTSIZE="9" FONTTYPE="serif" FONTWIDTH="proportional"/>
		<TextStyle ID="Style_3" FONTSIZE="9" FONTTYPE="serif" FONTWIDTH="proportional" FONTSTYLE="bold"/>
		<TextStyle ID="Style_4" FONTSIZE="7" FONTTYPE="serif" FONTWIDTH="proportional" FONTSTYLE="bold"/>
		<TextStyle ID="Style_5" FONTSIZE="8" FONTTYPE="serif" FONTWIDTH="proportional"/>
		<TextStyle ID="Style_6" FONTSIZE="8" FONTTYPE="serif" FONTWIDTH="proportional" FONTSTYLE="bold"/>
		<TextStyle ID="Style_7" FONTSIZE="10" FONTTYPE="serif" FONTWIDTH="proportional"/>
		<TextStyle ID="Style_8" FONTSIZE="8" FONTTYPE="serif" FONTWIDTH="fixed"/>
		<TextStyle ID="Style_9" FONTSIZE="10" FONTTYPE="serif" FONTWIDTH="proportional" FONTSTYLE="bold italics"/>
		<TextStyle ID="Style_10" FONTSIZE="11" FONTTYPE="serif" FONTWIDTH="proportional" FONTSTYLE="italics"/>
		<TextStyle ID="Style_11" FONTSIZE="10" FONTTYPE="serif" FONTWIDTH="proportional" FONTSTYLE="italics"/>
		<TextStyle ID="Style_12" FONTSIZE="9" FONTTYPE="serif" FONTWIDTH="proportional" FONTSTYLE="italics"/>
		<TextStyle ID="Style_13" FONTSIZE="8" FONTTYPE="sans-serif" FONTWIDTH="proportional" FONTSTYLE="italics"/>
		<TextStyle ID="Style_14" FONTSIZE="12" FONTTYPE="serif" FONTWIDTH="proportional" FONTSTYLE="italics"/>
		<TextStyle ID="Style_15" FONTSIZE="10" FONTTYPE="serif" FONTWIDTH="proportional" FONTSTYLE="bold subscript"/>
		<TextStyle ID="Style_16" FONTSIZE="7" FONTTYPE="serif" FONTWIDTH="proportional"/>
		<TextStyle ID="Style_17" FONTSIZE="11" FONTTYPE="serif" FONTWIDTH="proportional" FONTSTYLE="bold"/>
	</Styles>
	<Layout>
		<Page ID="Page_1" PHYSICAL_IMG_NR="1" HEIGHT="10300" WIDTH="5920">
			<PrintSpace ID="PS_1" HPOS="0" VPOS="0" HEIGHT="10300" WIDTH="5920">
				<TextBlock ID="TB_1.1" HPOS="28" VPOS="984" WIDTH="4968" HEIGHT="8932">
					<TextLine ID="TL_1.1.1" HPOS="100" VPOS="1076" HEIGHT="148" WIDTH="1336">
						<String CONTENT="Darvin," ID="St_1.1.1.1" HPOS="100" VPOS="1076" HEIGHT="148" WIDTH="576" STYLEREFS="Style_1" WC="1" CC="0000000"/>
						<SP ID="SP_1.1.1.2" HPOS="656" VPOS="1128" WIDTH="56"/>
						<String CONTENT="Leonard." ID="St_1.1.1.3" HPOS="752" VPOS="1076" HEIGHT="128" WIDTH="684" STYLEREFS="Style_1" WC="1" CC="00000000"/>
					</TextLine>
					<TextLine ID="TL_1.1.2" HPOS="260" VPOS="1252" HEIGHT="172" WIDTH="4584">
						<String CONTENT="Little" ID="St_1.1.2.1" HPOS="260" VPOS="1264" HEIGHT="124" WIDTH="424" STYLEREFS="Style_2" WC="1" CC="000000"/>
						<SP ID="SP_1.1.2.2" HPOS="648" VPOS="1288" WIDTH="88"/>
						<String CONTENT="portraits;" ID="St_1.1.2.3" HPOS="792" VPOS="1260" HEIGHT="164" WIDTH="720" STYLEREFS="Style_2" WC="1" CC="0000000000"/>
						<SP ID="SP_1.1.2.4" HPOS="1496" VPOS="1288" WIDTH="76"/>
						<String CONTENT="poems," ID="St_1.1.2.5" HPOS="1636" VPOS="1304" HEIGHT="120" WIDTH="500" STYLEREFS="Style_2" WC="1" CC="000000"/>
						<SP ID="SP_1.1.2.6" HPOS="2116" VPOS="1312" WIDTH="72"/>
						<String CONTENT="by" ID="St_1.1.2.7" HPOS="2244" VPOS="1260" HEIGHT="164" WIDTH="180" STYLEREFS="Style_2" WC="1" CC="00"/>
						<SP ID="SP_1.1.2.8" HPOS="2376" VPOS="1284" WIDTH="100"/>
						<String CONTENT="Leonard" ID="St_1.1.2.9" HPOS="2532" VPOS="1260" HEIGHT="124" WIDTH="628" STYLEREFS="Style_2" WC="1" CC="0000000"/>
						<SP ID="SP_1.1.2.10" HPOS="3112" VPOS="1264" WIDTH="100"/>
						<String CONTENT="Darvin." ID="St_1.1.2.11" HPOS="3272" VPOS="1256" HEIGHT="124" WIDTH="580" STYLEREFS="Style_2" WC="1" CC="0000000"/>
						<SP ID="SP_1.1.2.12" HPOS="3832" VPOS="1312" WIDTH="116"/>
						<String CONTENT="Baltimore," ID="St_1.1.2.13" HPOS="4052" VPOS="1252" HEIGHT="160" WIDTH="792" STYLEREFS="Style_3" WC="1" CC="0000000000"/>
					</TextLine>
					<TextLine ID="TL_1.1.3" HPOS="96" VPOS="1440" HEIGHT="168" WIDTH="2892">
						<String CONTENT="Md.," ID="St_1.1.3.1" HPOS="96" VPOS="1448" HEIGHT="160" WIDTH="328" STYLEREFS="Style_3" WC="1" CC="0000"/>
						<SP ID="SP_1.1.3.2" HPOS="408" VPOS="1500" WIDTH="44"/>
						<String CONTENT="The" ID="St_1.1.3.3" HPOS="484" VPOS="1448" HEIGHT="124" WIDTH="288" STYLEREFS="Style_3" WC="1" CC="000"/>
						<SP ID="SP_1.1.3.4" HPOS="736" VPOS="1472" WIDTH="64"/>
						<String CONTENT="Adolescent" ID="St_1.1.3.5" HPOS="828" VPOS="1448" HEIGHT="124" WIDTH="816" STYLEREFS="Style_3" WC="1" CC="0000000000"/>
						<SP ID="SP_1.1.3.6" HPOS="1612" VPOS="1456" WIDTH="60"/>
						<String CONTENT="association," ID="St_1.1.3.7" HPOS="1708" VPOS="1444" HEIGHT="160" WIDTH="848" STYLEREFS="Style_3" WC="1" CC="000000000000"/>
						<SP ID="SP_1.1.3.8" HPOS="2540" VPOS="1496" WIDTH="48"/>
						<String CONTENT="1927." ID="St_1.1.3.9" HPOS="2628" VPOS="1440" HEIGHT="132" WIDTH="360" STYLEREFS="Style_3" WC="1" CC="00000"/>
					</TextLine>
					<TextLine ID="TL_1.1.4" HPOS="252" VPOS="1640" HEIGHT="112" WIDTH="1204">
						<String CONTENT="42" ID="St_1.1.4.1" HPOS="252" VPOS="1640" HEIGHT="96" WIDTH="140" STYLEREFS="Style_4" WC="1" CC="00"/>
						<SP ID="SP_1.1.4.2" HPOS="356" VPOS="1644" WIDTH="64"/>
						<String CONTENT="p." ID="St_1.1.4.3" HPOS="456" VPOS="1664" HEIGHT="88" WIDTH="104" STYLEREFS="Style_4" WC="1" CC="00"/>
						<SP ID="SP_1.1.4.4" HPOS="548" VPOS="1676" WIDTH="80"/>
						<String CONTENT="18&#189;&#x0368;&#x036b;." ID="St_1.1.4.5" HPOS="700" VPOS="1640" HEIGHT="108" WIDTH="756" STYLEREFS="Style_4" WC="0.962222222222222" CC="000004"/>
					</TextLine>
					<TextLine ID="TL_1.1.5" HPOS="160" VPOS="1764" HEIGHT="120" WIDTH="4676">
						<String CONTENT="&#169;" ID="St_1.1.5.1" HPOS="160" VPOS="1768" HEIGHT="112" WIDTH="72" STYLEREFS="Style_5" WC="1" CC="0"/>
						<SP ID="SP_1.1.5.2" HPOS="208" VPOS="1780" WIDTH="56"/>
						<String CONTENT="June" ID="St_1.1.5.3" HPOS="304" VPOS="1776" HEIGHT="96" WIDTH="300" STYLEREFS="Style_5" WC="1" CC="0000"/>
						<SP ID="SP_1.1.5.4" HPOS="572" VPOS="1784" WIDTH="64"/>
						<String CONTENT="4," ID="St_1.1.5.5" HPOS="672" VPOS="1776" HEIGHT="108" WIDTH="100" STYLEREFS="Style_5" WC="1" CC="00"/>
						<SP ID="SP_1.1.5.6" HPOS="760" VPOS="1808" WIDTH="52"/>
						<String CONTENT="1927;" ID="St_1.1.5.7" HPOS="852" VPOS="1772" HEIGHT="108" WIDTH="332" STYLEREFS="Style_6" WC="1" CC="00000"/>
						<SP ID="SP_1.1.5.8" HPOS="1168" VPOS="1784" WIDTH="56"/>
						<String CONTENT="2c." ID="St_1.1.5.9" HPOS="1268" VPOS="1772" HEIGHT="96" WIDTH="160" STYLEREFS="Style_6" WC="1" CC="000"/>
						<SP ID="SP_1.1.5.10" HPOS="1412" VPOS="1808" WIDTH="52"/>
						<String CONTENT="and" ID="St_1.1.5.11" HPOS="1508" VPOS="1776" HEIGHT="92" WIDTH="224" STYLEREFS="Style_6" WC="1" CC="000"/>
						<SP ID="SP_1.1.5.12" HPOS="1692" VPOS="1772" WIDTH="76"/>
						<String CONTENT="a" ID="St_1.1.5.13" HPOS="1812" VPOS="1800" HEIGHT="68" WIDTH="60" STYLEREFS="Style_7" WC="0.982222222222222" CC="4"/>
						<String CONTENT="ff." ID="St_1.1.5.14" HPOS="1888" VPOS="1772" HEIGHT="96" WIDTH="120" STYLEREFS="Style_7" WC="0.983333333333333" CC="000"/>
						<SP ID="SP_1.1.5.15" HPOS="1992" VPOS="1808" WIDTH="52"/>
						<String CONTENT="June" ID="St_1.1.5.16" HPOS="2084" VPOS="1772" HEIGHT="96" WIDTH="300" STYLEREFS="Style_7" WC="0.985555555555556" CC="0000"/>
						<SP ID="SP_1.1.5.17" HPOS="2352" VPOS="1780" WIDTH="68"/>
						<String CONTENT="7;" ID="St_1.1.5.18" HPOS="2460" VPOS="1776" HEIGHT="108" WIDTH="128" STYLEREFS="Style_7" WC="0.986666666666667" CC="00"/>
						<SP ID="SP_1.1.5.19" HPOS="2572" VPOS="1780" WIDTH="56"/>
						<String CONTENT="A" ID="St_1.1.5.20" HPOS="2672" VPOS="1772" HEIGHT="92" WIDTH="96" STYLEREFS="Style_7" WC="0.987777777777778" CC="0"/>
						<SP ID="SP_1.1.5.21" HPOS="2716" VPOS="1768" WIDTH="88"/>
						<String CONTENT="97" ID="St_1.1.5.22" HPOS="2844" VPOS="1772" HEIGHT="96" WIDTH="132" STYLEREFS="Style_7" WC="0.988888888888889" CC="00"/>
						<String CONTENT="69" ID="St_1.1.5.23" HPOS="2984" VPOS="1772" HEIGHT="96" WIDTH="132" STYLEREFS="Style_7" WC="0.988888888888889" CC="00"/>
						<String CONTENT="2" ID="St_1.1.5.24" HPOS="3120" VPOS="1772" HEIGHT="92" WIDTH="64" STYLEREFS="Style_7" WC="0.988888888888889" CC="0"/>
						<String CONTENT="6" ID="St_1.1.5.25" HPOS="3196" VPOS="1772" HEIGHT="92" WIDTH="60" STYLEREFS="Style_7" WC="0.99" CC="0"/>
						<String CONTENT=";" ID="St_1.1.5.26" HPOS="3296" VPOS="1796" HEIGHT="88" WIDTH="20" STYLEREFS="Style_7" WC="0.99" CC="0"/>
						<SP ID="SP_1.1.5.27" HPOS="3300" VPOS="1780" WIDTH="56"/>
						<String CONTENT="L." ID="St_1.1.5.28" HPOS="3404" VPOS="1772" HEIGHT="96" WIDTH="120" STYLEREFS="Style_7" WC="0.99" CC="00"/>
						<SP ID="SP_1.1.5.29" HPOS="3508" VPOS="1808" WIDTH="52"/>
						<String CONTENT="Darvin," ID="St_1.1.5.30" HPOS="3604" VPOS="1768" HEIGHT="112" WIDTH="480" STYLEREFS="Style_7" WC="0.991111111111111" CC="0000000"/>
						<SP ID="SP_1.1.5.31" HPOS="4068" VPOS="1804" WIDTH="52"/>
						<String CONTENT="Baltimore." ID="St_1.1.5.32" HPOS="4164" VPOS="1764" HEIGHT="100" WIDTH="672" STYLEREFS="Style_7" WC="0.993333333333333" CC="0000000000"/>
					</TextLine>
					<TextLine ID="TL_1.1.6" HPOS="284" VPOS="1896" HEIGHT="128" WIDTH="4360">
						<String CONTENT="(27-12852)" ID="St_1.1.6.1" HPOS="284" VPOS="1908" HEIGHT="116" WIDTH="664" STYLEREFS="Style_8" WC="1" CC="0000000000"/>
						<SP ID="SP_1.1.6.2" HPOS="928" VPOS="1900" WIDTH="3432"/>
						<String CONTENT="4608" ID="St_1.1.6.3" HPOS="4360" VPOS="1896" HEIGHT="104" WIDTH="284" STYLEREFS="Style_8" WC="0.666666666666667" CC="0000"/>
					</TextLine>
					<TextLine ID="TL_1.1.7" HPOS="96" VPOS="2128" HEIGHT="152" WIDTH="2252">
						<String CONTENT="Davis," ID="St_1.1.7.1" HPOS="96" VPOS="2128" HEIGHT="152" WIDTH="472" STYLEREFS="Style_8" WC="1" CC="000000"/>
						<SP ID="SP_1.1.7.2" HPOS="548" VPOS="2176" WIDTH="56"/>
						<String CONTENT="Jerome," ID="St_1.1.7.3" HPOS="648" VPOS="2132" HEIGHT="148" WIDTH="600" STYLEREFS="Style_8" WC="1" CC="0000000"/>
						<SP ID="SP_1.1.7.4" HPOS="1228" VPOS="2176" WIDTH="60"/>
						<String CONTENT="1891" ID="St_1.1.7.5" HPOS="1332" VPOS="2140" HEIGHT="116" WIDTH="320" STYLEREFS="Style_8" WC="1" CC="0000"/>
						<String CONTENT="&#150;" ID="St_1.1.7.6" HPOS="1656" VPOS="2208" HEIGHT="16" WIDTH="84" STYLEREFS="Style_8" WC="1" CC="0"/>
						<SP ID="SP_1.1.7.7" HPOS="1692" VPOS="2140" WIDTH="460"/>
						<String CONTENT="ed." ID="St_1.1.7.8" HPOS="2152" VPOS="2132" HEIGHT="128" WIDTH="196" STYLEREFS="Style_9" WC="0.877777777777778" CC="033"/>
					</TextLine>
					<TextLine ID="TL_1.1.8" HPOS="252" VPOS="2308" HEIGHT="172" WIDTH="4584">
						<String CONTENT="An" ID="St_1.1.8.1" HPOS="252" VPOS="2316" HEIGHT="124" WIDTH="228" STYLEREFS="Style_9" WC="1" CC="00"/>
						<SP ID="SP_1.1.8.2" HPOS="432" VPOS="2340" WIDTH="76"/>
						<String CONTENT="introduction" ID="St_1.1.8.3" HPOS="536" VPOS="2316" HEIGHT="124" WIDTH="928" STYLEREFS="Style_9" WC="1" CC="000000000000"/>
						<SP ID="SP_1.1.8.4" HPOS="1416" VPOS="2336" WIDTH="72"/>
						<String CONTENT="to" ID="St_1.1.8.5" HPOS="1520" VPOS="2332" HEIGHT="108" WIDTH="140" STYLEREFS="Style_9" WC="1" CC="00"/>
						<SP ID="SP_1.1.8.6" HPOS="1620" VPOS="2340" WIDTH="68"/>
						<String CONTENT="sociology;" ID="St_1.1.8.7" HPOS="1724" VPOS="2316" HEIGHT="164" WIDTH="748" STYLEREFS="Style_9" WC="1" CC="0000000000"/>
						<SP ID="SP_1.1.8.8" HPOS="2452" VPOS="2340" WIDTH="52"/>
						<String CONTENT="a" ID="St_1.1.8.9" HPOS="2544" VPOS="2360" HEIGHT="80" WIDTH="72" STYLEREFS="Style_9" WC="1" CC="0"/>
						<SP ID="SP_1.1.8.10" HPOS="2576" VPOS="2340" WIDTH="64"/>
						<String CONTENT="behavioristic" ID="St_1.1.8.11" HPOS="2672" VPOS="2312" HEIGHT="128" WIDTH="960" STYLEREFS="Style_9" WC="1" CC="0000000000000"/>
						<SP ID="SP_1.1.8.12" HPOS="3596" VPOS="2336" WIDTH="64"/>
						<String CONTENT="study" ID="St_1.1.8.13" HPOS="3692" VPOS="2312" HEIGHT="164" WIDTH="408" STYLEREFS="Style_9" WC="1" CC="00000"/>
						<SP ID="SP_1.1.8.14" HPOS="4048" VPOS="2336" WIDTH="76"/>
						<String CONTENT="of" ID="St_1.1.8.15" HPOS="4156" VPOS="2308" HEIGHT="128" WIDTH="156" STYLEREFS="Style_9" WC="1" CC="00"/>
						<SP ID="SP_1.1.8.16" HPOS="4272" VPOS="2312" WIDTH="60"/>
						<String CONTENT="Amer-" ID="St_1.1.8.17" HPOS="4364" VPOS="2308" HEIGHT="128" WIDTH="472" STYLEREFS="Style_9" WC="1" CC="00000"/>
					</TextLine>
					<TextLine ID="TL_1.1.9" HPOS="92" VPOS="2496" HEIGHT="168" WIDTH="4752">
						<String CONTENT="i" ID="St_1.1.9.1" HPOS="92" VPOS="2504" HEIGHT="120" WIDTH="40" STYLEREFS="Style_9" WC="1" CC="0"/>
						<String CONTENT="can" ID="St_1.1.9.2" HPOS="140" VPOS="2544" HEIGHT="80" WIDTH="248" STYLEREFS="Style_9" WC="1" CC="000"/>
						<SP ID="SP_1.1.9.3" HPOS="340" VPOS="2524" WIDTH="96"/>
						<String CONTENT="socie" ID="St_1.1.9.4" HPOS="488" VPOS="2500" HEIGHT="128" WIDTH="348" STYLEREFS="Style_9" WC="1" CC="00000"/>
						<String CONTENT="t" ID="St_1.1.9.5" HPOS="844" VPOS="2512" HEIGHT="112" WIDTH="56" STYLEREFS="Style_9" WC="1" CC="0"/>
						<String CONTENT="y;" ID="St_1.1.9.6" HPOS="904" VPOS="2544" HEIGHT="120" WIDTH="152" STYLEREFS="Style_9" WC="1" CC="00"/>
						<SP ID="SP_1.1.9.7" HPOS="1036" VPOS="2524" WIDTH="76"/>
						<String CONTENT="edi" ID="St_1.1.9.8" HPOS="1168" VPOS="2500" HEIGHT="128" WIDTH="212" STYLEREFS="Style_9" WC="1" CC="000"/>
						<String CONTENT="t" ID="St_1.1.9.9" HPOS="1392" VPOS="2512" HEIGHT="112" WIDTH="60" STYLEREFS="Style_9" WC="1" CC="0"/>
						<String CONTENT="ed" ID="St_1.1.9.10" HPOS="1460" VPOS="2500" HEIGHT="124" WIDTH="156" STYLEREFS="Style_9" WC="1" CC="00"/>
						<SP ID="SP_1.1.9.11" HPOS="1568" VPOS="2500" WIDTH="92"/>
						<String CONTENT="by" ID="St_1.1.9.12" HPOS="1716" VPOS="2500" HEIGHT="164" WIDTH="180" STYLEREFS="Style_9" WC="1" CC="00"/>
						<SP ID="SP_1.1.9.13" HPOS="1844" VPOS="2524" WIDTH="96"/>
						<String CONTENT="Jerome" ID="St_1.1.9.14" HPOS="1992" VPOS="2500" HEIGHT="128" WIDTH="544" STYLEREFS="Style_9" WC="1" CC="000000"/>
						<SP ID="SP_1.1.9.15" HPOS="2496" VPOS="2524" WIDTH="88"/>
						<String CONTENT="Davis" ID="St_1.1.9.16" HPOS="2636" VPOS="2500" HEIGHT="124" WIDTH="428" STYLEREFS="Style_9" WC="1" CC="00000"/>
						<SP ID="SP_1.1.9.17" HPOS="3032" VPOS="2524" WIDTH="88"/>
						<String CONTENT="&#133;" ID="St_1.1.9.18" HPOS="3160" VPOS="2500" HEIGHT="144" WIDTH="76" STYLEREFS="Style_9" WC="1" CC="0"/>
						<SP ID="SP_1.1.9.19" HPOS="3296" VPOS="2588" WIDTH="68"/>
						<String CONTENT="and" ID="St_1.1.9.20" HPOS="3428" VPOS="2500" HEIGHT="124" WIDTH="268" STYLEREFS="Style_9" WC="1" CC="000"/>
						<SP ID="SP_1.1.9.21" HPOS="3644" VPOS="2500" WIDTH="100"/>
						<String CONTENT="Harry" ID="St_1.1.9.22" HPOS="3800" VPOS="2500" HEIGHT="160" WIDTH="468" STYLEREFS="Style_9" WC="1" CC="00000"/>
						<SP ID="SP_1.1.9.23" HPOS="4224" VPOS="2520" WIDTH="96"/>
						<String CONTENT="E" ID="St_1.1.9.24" HPOS="4376" VPOS="2496" HEIGHT="120" WIDTH="116" STYLEREFS="Style_9" WC="1" CC="0"/>
						<String CONTENT="l" ID="St_1.1.9.25" HPOS="4508" VPOS="2496" HEIGHT="120" WIDTH="44" STYLEREFS="Style_9" WC="1" CC="0"/>
						<String CONTENT="mer" ID="St_1.1.9.26" HPOS="4564" VPOS="2540" HEIGHT="80" WIDTH="280" STYLEREFS="Style_9" WC="1" CC="000"/>
					</TextLine>
					<TextLine ID="TL_1.1.10" HPOS="100" VPOS="2680" HEIGHT="144" WIDTH="4736">
						<String CONTENT="Barnes" ID="St_1.1.10.1" HPOS="100" VPOS="2688" HEIGHT="124" WIDTH="504" STYLEREFS="Style_9" WC="1" CC="000000"/>
						<SP ID="SP_1.1.10.2" HPOS="572" VPOS="2708" WIDTH="80"/>
						<String CONTENT="&#133;" ID="St_1.1.10.3" HPOS="708" VPOS="2696" HEIGHT="128" WIDTH="80" STYLEREFS="Style_9" WC="1" CC="0"/>
						<SP ID="SP_1.1.10.4" HPOS="824" VPOS="2772" WIDTH="72"/>
						<String CONTENT="wi" ID="St_1.1.10.5" HPOS="952" VPOS="2684" HEIGHT="124" WIDTH="172" STYLEREFS="Style_9" WC="1" CC="00"/>
						<String CONTENT="t" ID="St_1.1.10.6" HPOS="1132" VPOS="2700" HEIGHT="112" WIDTH="60" STYLEREFS="Style_9" WC="1" CC="0"/>
						<String CONTENT="h" ID="St_1.1.10.7" HPOS="1196" VPOS="2684" HEIGHT="124" WIDTH="88" STYLEREFS="Style_9" WC="1" CC="0"/>
						<SP ID="SP_1.1.10.8" HPOS="1236" VPOS="2688" WIDTH="92"/>
						<String CONTENT="the" ID="St_1.1.10.9" HPOS="1380" VPOS="2688" HEIGHT="124" WIDTH="228" STYLEREFS="Style_9" WC="1" CC="000"/>
						<SP ID="SP_1.1.10.10" HPOS="1572" VPOS="2712" WIDTH="80"/>
						<String CONTENT="co" ID="St_1.1.10.11" HPOS="1704" VPOS="2728" HEIGHT="80" WIDTH="148" STYLEREFS="Style_9" WC="1" CC="00"/>
						<String CONTENT="l" ID="St_1.1.10.12" HPOS="1860" VPOS="2688" HEIGHT="120" WIDTH="48" STYLEREFS="Style_9" WC="1" CC="0"/>
						<String CONTENT="laboration" ID="St_1.1.10.13" HPOS="1916" VPOS="2684" HEIGHT="124" WIDTH="768" STYLEREFS="Style_9" WC="1" CC="0000000000"/>
						<SP ID="SP_1.1.10.14" HPOS="2632" VPOS="2708" WIDTH="92"/>
						<String CONTENT="of" ID="St_1.1.10.15" HPOS="2776" VPOS="2684" HEIGHT="124" WIDTH="152" STYLEREFS="Style_9" WC="1" CC="00"/>
						<SP ID="SP_1.1.10.16" HPOS="2892" VPOS="2688" WIDTH="80"/>
						<String CONTENT="L." ID="St_1.1.10.17" HPOS="3024" VPOS="2684" HEIGHT="124" WIDTH="148" STYLEREFS="Style_9" WC="1" CC="00"/>
						<SP ID="SP_1.1.10.18" HPOS="3156" VPOS="2736" WIDTH="60"/>
						<String CONTENT="L." ID="St_1.1.10.19" HPOS="3268" VPOS="2688" HEIGHT="124" WIDTH="156" STYLEREFS="Style_9" WC="1" CC="00"/>
						<SP ID="SP_1.1.10.20" HPOS="3408" VPOS="2736" WIDTH="60"/>
						<String CONTENT="Bernard" ID="St_1.1.10.21" HPOS="3520" VPOS="2684" HEIGHT="124" WIDTH="624" STYLEREFS="Style_9" WC="1" CC="0000000"/>
						<SP ID="SP_1.1.10.22" HPOS="4092" VPOS="2688" WIDTH="100"/>
						<String CONTENT="&#133;" ID="St_1.1.10.23" HPOS="4216" VPOS="2696" HEIGHT="128" WIDTH="80" STYLEREFS="Style_9" WC="1" CC="0"/>
						<SP ID="SP_1.1.10.24" HPOS="4364" VPOS="2772" WIDTH="68"/>
						<String CONTENT="Seba" ID="St_1.1.10.25" HPOS="4496" VPOS="2680" HEIGHT="132" WIDTH="340" STYLEREFS="Style_9" WC="1" CC="0000"/>
					</TextLine>
					<TextLine ID="TL_1.1.11" HPOS="92" VPOS="2868" HEIGHT="164" WIDTH="4752">
						<String CONTENT="E" ID="St_1.1.11.1" HPOS="92" VPOS="2872" HEIGHT="120" WIDTH="112" STYLEREFS="Style_9" WC="1" CC="0"/>
						<String CONTENT="l" ID="St_1.1.11.2" HPOS="216" VPOS="2872" HEIGHT="120" WIDTH="44" STYLEREFS="Style_9" WC="1" CC="0"/>
						<String CONTENT="ridgde" ID="St_1.1.11.3" HPOS="272" VPOS="2868" HEIGHT="164" WIDTH="484" STYLEREFS="Style_9" WC="1" CC="000000"/>
						<SP ID="SP_1.1.11.4" HPOS="720" VPOS="2892" WIDTH="80"/>
						<String CONTENT="[" ID="St_1.1.11.5" HPOS="852" VPOS="2948" HEIGHT="80" WIDTH="28" STYLEREFS="Style_9" WC="1" CC="0"/>
						<String CONTENT="!" ID="St_1.1.11.6" HPOS="932" VPOS="2868" HEIGHT="124" WIDTH="24" STYLEREFS="Style_9" WC="0.958888888888889" CC="4"/>
						<String CONTENT="]" ID="St_1.1.11.7" HPOS="1024" VPOS="2948" HEIGHT="80" WIDTH="28" STYLEREFS="Style_9" WC="0.962222222222222" CC="0"/>
						<SP ID="SP_1.1.11.8" HPOS="1032" VPOS="2888" WIDTH="76"/>
						<String CONTENT="&#133;" ID="St_1.1.11.9" HPOS="1192" VPOS="2868" HEIGHT="144" WIDTH="84" STYLEREFS="Style_9" WC="0.967777777777778" CC="0"/>
						<SP ID="SP_1.1.11.10" HPOS="1280" VPOS="2952" WIDTH="60"/>
						<String CONTENT="F" ID="St_1.1.11.11" HPOS="1392" VPOS="2872" HEIGHT="120" WIDTH="116" STYLEREFS="Style_9" WC="0.972222222222222" CC="0"/>
						<String CONTENT="rank" ID="St_1.1.11.12" HPOS="1520" VPOS="2868" HEIGHT="124" WIDTH="348" STYLEREFS="Style_9" WC="0.977777777777778" CC="0000"/>
						<SP ID="SP_1.1.11.13" HPOS="1816" VPOS="2868" WIDTH="88"/>
						<String CONTENT="H." ID="St_1.1.11.14" HPOS="1948" VPOS="2872" HEIGHT="120" WIDTH="180" STYLEREFS="Style_9" WC="0.961111111111111" CC="40"/>
						<SP ID="SP_1.1.11.15" HPOS="2112" VPOS="2920" WIDTH="56"/>
						<String CONTENT="Hankins" ID="St_1.1.11.16" HPOS="2216" VPOS="2868" HEIGHT="124" WIDTH="640" STYLEREFS="Style_9" WC="0.971111111111111" CC="0000000"/>
						<SP ID="SP_1.1.11.17" HPOS="2824" VPOS="2892" WIDTH="80"/>
						<String CONTENT="&#133;" ID="St_1.1.11.18" HPOS="2968" VPOS="2876" HEIGHT="144" WIDTH="84" STYLEREFS="Style_9" WC="0.972222222222222" CC="0"/>
						<SP ID="SP_1.1.11.19" HPOS="3076" VPOS="2952" WIDTH="64"/>
						<String CONTENT="[" ID="St_1.1.11.20" HPOS="3200" VPOS="2908" HEIGHT="96" WIDTH="44" STYLEREFS="Style_9" WC="0.961111111111111" CC="4"/>
						<String CONTENT="and" ID="St_1.1.11.21" HPOS="3244" VPOS="2868" HEIGHT="124" WIDTH="268" STYLEREFS="Style_9" WC="0.964444444444444" CC="000"/>
						<SP ID="SP_1.1.11.22" HPOS="3464" VPOS="2868" WIDTH="88"/>
						<String CONTENT="o" ID="St_1.1.11.23" HPOS="3596" VPOS="2912" HEIGHT="80" WIDTH="76" STYLEREFS="Style_9" WC="0.966666666666667" CC="0"/>
						<String CONTENT="t" ID="St_1.1.11.24" HPOS="3684" VPOS="2884" HEIGHT="108" WIDTH="60" STYLEREFS="Style_9" WC="0.966666666666667" CC="0"/>
						<String CONTENT="hers]" ID="St_1.1.11.25" HPOS="3744" VPOS="2868" HEIGHT="152" WIDTH="400" STYLEREFS="Style_9" WC="0.97" CC="00000"/>
						<SP ID="SP_1.1.11.26" HPOS="4052" VPOS="2868" WIDTH="320"/>
						<String CONTENT="Bos" ID="St_1.1.11.27" HPOS="4280" VPOS="2868" HEIGHT="124" WIDTH="276" STYLEREFS="Style_9" WC="0.927777777777778" CC="000"/>
						<String CONTENT="t" ID="St_1.1.11.28" HPOS="4568" VPOS="2880" HEIGHT="112" WIDTH="56" STYLEREFS="Style_9" WC="0.928888888888889" CC="0"/>
						<String CONTENT="on," ID="St_1.1.11.29" HPOS="4628" VPOS="2908" HEIGHT="116" WIDTH="216" STYLEREFS="Style_9" WC="0.933333333333333" CC="000"/>
					</TextLine>
					<TextLine ID="TL_1.1.12" HPOS="88" VPOS="3052" HEIGHT="164" WIDTH="3988">
						<String CONTENT="New" ID="St_1.1.12.1" HPOS="88" VPOS="3060" HEIGHT="120" WIDTH="328" STYLEREFS="Style_9" WC="1" CC="000"/>
						<SP ID="SP_1.1.12.2" HPOS="352" VPOS="3080" WIDTH="108"/>
						<String CONTENT="York" ID="St_1.1.12.3" HPOS="512" VPOS="3052" HEIGHT="128" WIDTH="388" STYLEREFS="Style_9" WC="1" CC="0000"/>
						<SP ID="SP_1.1.12.4" HPOS="848" VPOS="3056" WIDTH="100"/>
						<String CONTENT="[etc.]" ID="St_1.1.12.5" HPOS="1000" VPOS="3064" HEIGHT="144" WIDTH="328" STYLEREFS="Style_9" WC="0.97" CC="400000"/>
						<SP ID="SP_1.1.12.6" HPOS="1308" VPOS="3096" WIDTH="64"/>
						<String CONTENT="D." ID="St_1.1.12.7" HPOS="1428" VPOS="3052" HEIGHT="128" WIDTH="172" STYLEREFS="Style_9" WC="0.95" CC="30"/>
						<SP ID="SP_1.1.12.8" HPOS="1584" VPOS="3108" WIDTH="60"/>
						<String CONTENT="C." ID="St_1.1.12.9" HPOS="1696" VPOS="3052" HEIGHT="128" WIDTH="144" STYLEREFS="Style_9" WC="0.956666666666667" CC="00"/>
						<SP ID="SP_1.1.12.10" HPOS="1824" VPOS="3108" WIDTH="60"/>
						<String CONTENT="Heath" ID="St_1.1.12.11" HPOS="1936" VPOS="3052" HEIGHT="124" WIDTH="460" STYLEREFS="Style_9" WC="0.966666666666667" CC="00000"/>
						<SP ID="SP_1.1.12.12" HPOS="2348" VPOS="3056" WIDTH="92"/>
						<String CONTENT="and" ID="St_1.1.12.13" HPOS="2496" VPOS="3056" HEIGHT="124" WIDTH="272" STYLEREFS="Style_9" WC="0.971111111111111" CC="000"/>
						<SP ID="SP_1.1.12.14" HPOS="2716" VPOS="3056" WIDTH="92"/>
						<String CONTENT="company" ID="St_1.1.12.15" HPOS="2856" VPOS="3096" HEIGHT="120" WIDTH="668" STYLEREFS="Style_9" WC="0.976666666666667" CC="0000000"/>
						<SP ID="SP_1.1.12.16" HPOS="3472" VPOS="3080" WIDTH="96"/>
						<String CONTENT="[&#x0368;1927]" ID="St_1.1.12.17" HPOS="3624" VPOS="3056" HEIGHT="156" WIDTH="452" STYLEREFS="Style_9" WC="0.964444444444444" CC="7000000"/>
					</TextLine>
					<TextLine ID="TL_1.1.13" HPOS="248" VPOS="3248" HEIGHT="120" WIDTH="4584">
						<String CONTENT="xx" ID="St_1.1.13.1" HPOS="248" VPOS="3264" HEIGHT="80" WIDTH="152" STYLEREFS="Style_9" WC="0.555555555555556" CC="44"/>
						<String CONTENT="iv" ID="St_1.1.13.2" HPOS="416" VPOS="3252" HEIGHT="96" WIDTH="112" STYLEREFS="Style_9" WC="0.722222222222222" CC="11"/>
						<String CONTENT="," ID="St_1.1.13.3" HPOS="540" VPOS="3328" HEIGHT="36" WIDTH="20" STYLEREFS="Style_9" WC="0.666666666666667" CC="5"/>
						<SP ID="SP_1.1.13.4" HPOS="544" VPOS="3288" WIDTH="44"/>
						<String CONTENT="926" ID="St_1.1.13.5" HPOS="624" VPOS="3252" HEIGHT="96" WIDTH="200" STYLEREFS="Style_9" WC="0.814444444444444" CC="000"/>
						<SP ID="SP_1.1.13.6" HPOS="788" VPOS="3252" WIDTH="64"/>
						<String CONTENT="p." ID="St_1.1.13.7" HPOS="880" VPOS="3280" HEIGHT="84" WIDTH="104" STYLEREFS="Style_9" WC="0.861111111111111" CC="00"/>
						<SP ID="SP_1.1.13.8" HPOS="968" VPOS="3288" WIDTH="72"/>
						<String CONTENT="front." ID="St_1.1.13.9" HPOS="1108" VPOS="3252" HEIGHT="96" WIDTH="356" STYLEREFS="Style_9" WC="0.912222222222222" CC="000000"/>
						<SP ID="SP_1.1.13.10" HPOS="1448" VPOS="3288" WIDTH="44"/>
						<String CONTENT="(6" ID="St_1.1.13.11" HPOS="1532" VPOS="3252" HEIGHT="112" WIDTH="120" STYLEREFS="Style_9" WC="0.923333333333333" CC="00"/>
						<SP ID="SP_1.1.13.12" HPOS="1616" VPOS="3252" WIDTH="60"/>
						<String CONTENT="port.)" ID="St_1.1.13.13" HPOS="1708" VPOS="3252" HEIGHT="112" WIDTH="352" STYLEREFS="Style_9" WC="0.942222222222222" CC="000000"/>
						<SP ID="SP_1.1.13.14" HPOS="2040" VPOS="3252" WIDTH="56"/>
						<String CONTENT="illus." ID="St_1.1.13.15" HPOS="2140" VPOS="3252" HEIGHT="96" WIDTH="304" STYLEREFS="Style_9" WC="0.953333333333333" CC="000000"/>
						<SP ID="SP_1.1.13.16" HPOS="2428" VPOS="3288" WIDTH="48"/>
						<String CONTENT="(maps)" ID="St_1.1.13.17" HPOS="2516" VPOS="3248" HEIGHT="116" WIDTH="440" STYLEREFS="Style_9" WC="0.961111111111111" CC="000000"/>
						<SP ID="SP_1.1.13.18" HPOS="2932" VPOS="3248" WIDTH="60"/>
						<String CONTENT="diagrs." ID="St_1.1.13.19" HPOS="3036" VPOS="3252" HEIGHT="112" WIDTH="428" STYLEREFS="Style_9" WC="0.966666666666667" CC="0000000"/>
						<SP ID="SP_1.1.13.20" HPOS="3444" VPOS="3292" WIDTH="72"/>
						<String CONTENT="23&#x0368;&#x036b;." ID="St_1.1.13.21" HPOS="3584" VPOS="3252" HEIGHT="108" WIDTH="684" STYLEREFS="Style_9" WC="0.952222222222222" CC="33003"/>
						<SP ID="SP_1.1.13.22" HPOS="3844" VPOS="3288" WIDTH="80"/>
						<String CONTENT="[" ID="St_1.1.13.23" HPOS="3996" VPOS="3296" HEIGHT="72" WIDTH="28" STYLEREFS="Style_9" WC="0.952222222222222" CC="0"/>
						<String CONTENT="Heath" ID="St_1.1.13.24" HPOS="4032" VPOS="3252" HEIGHT="96" WIDTH="392" STYLEREFS="Style_9" WC="0.955555555555556" CC="00000"/>
						<SP ID="SP_1.1.13.25" HPOS="4380" VPOS="3256" WIDTH="68"/>
						<String CONTENT="social" ID="St_1.1.13.26" HPOS="4480" VPOS="3252" HEIGHT="96" WIDTH="352" STYLEREFS="Style_9" WC="0.96" CC="000000"/>
					</TextLine>
					<TextLine ID="TL_1.1.14" HPOS="88" VPOS="3384" HEIGHT="112" WIDTH="2720">
						<String CONTENT="relations" ID="St_1.1.14.1" HPOS="88" VPOS="3388" HEIGHT="92" WIDTH="560" STYLEREFS="Style_9" WC="1" CC="000000000"/>
						<SP ID="SP_1.1.14.2" HPOS="616" VPOS="3396" WIDTH="60"/>
						<String CONTENT="series," ID="St_1.1.14.3" HPOS="712" VPOS="3384" HEIGHT="112" WIDTH="396" STYLEREFS="Style_9" WC="1" CC="0000000"/>
						<SP ID="SP_1.1.14.4" HPOS="1092" VPOS="3420" WIDTH="48"/>
						<String CONTENT="J." ID="St_1.1.14.5" HPOS="1176" VPOS="3384" HEIGHT="96" WIDTH="104" STYLEREFS="Style_9" WC="1" CC="00"/>
						<SP ID="SP_1.1.14.6" HPOS="1268" VPOS="3420" WIDTH="44"/>
						<String CONTENT="Davis," ID="St_1.1.14.7" HPOS="1348" VPOS="3384" HEIGHT="112" WIDTH="396" STYLEREFS="Style_9" WC="1" CC="000000"/>
						<SP ID="SP_1.1.14.8" HPOS="1728" VPOS="3420" WIDTH="48"/>
						<String CONTENT="general" ID="St_1.1.14.9" HPOS="1816" VPOS="3388" HEIGHT="108" WIDTH="460" STYLEREFS="Style_9" WC="1" CC="0000000"/>
						<SP ID="SP_1.1.14.10" HPOS="2256" VPOS="3384" WIDTH="56"/>
						<String CONTENT="editor]" ID="St_1.1.14.11" HPOS="2348" VPOS="3384" HEIGHT="108" WIDTH="460" STYLEREFS="Style_9" WC="1" CC="0000000"/>
					</TextLine>
					<TextLine ID="TL_1.1.15" HPOS="252" VPOS="3512" HEIGHT="124" WIDTH="4580">
						<String CONTENT="This" ID="St_1.1.15.1" HPOS="252" VPOS="3520" HEIGHT="96" WIDTH="284" STYLEREFS="Style_9" WC="1" CC="0000"/>
						<SP ID="SP_1.1.15.2" HPOS="508" VPOS="3528" WIDTH="68"/>
						<String CONTENT="text" ID="St_1.1.15.3" HPOS="616" VPOS="3524" HEIGHT="92" WIDTH="252" STYLEREFS="Style_9" WC="0.95" CC="0040"/>
						<SP ID="SP_1.1.15.4" HPOS="840" VPOS="3516" WIDTH="68"/>
						<String CONTENT="is" ID="St_1.1.15.5" HPOS="956" VPOS="3520" HEIGHT="92" WIDTH="96" STYLEREFS="Style_9" WC="0.962222222222222" CC="00"/>
						<SP ID="SP_1.1.15.6" HPOS="1024" VPOS="3528" WIDTH="72"/>
						<String CONTENT="to" ID="St_1.1.15.7" HPOS="1144" VPOS="3524" HEIGHT="92" WIDTH="112" STYLEREFS="Style_9" WC="0.97" CC="00"/>
						<SP ID="SP_1.1.15.8" HPOS="1224" VPOS="3528" WIDTH="72"/>
						<String CONTENT="be" ID="St_1.1.15.9" HPOS="1340" VPOS="3520" HEIGHT="92" WIDTH="132" STYLEREFS="Style_9" WC="0.974444444444444" CC="00"/>
						<SP ID="SP_1.1.15.10" HPOS="1440" VPOS="3528" WIDTH="76"/>
						<String CONTENT="supplemented" ID="St_1.1.15.11" HPOS="1560" VPOS="3520" HEIGHT="116" WIDTH="868" STYLEREFS="Style_9" WC="0.985555555555556" CC="000000000000"/>
						<SP ID="SP_1.1.15.12" HPOS="2392" VPOS="3516" WIDTH="80"/>
						<String CONTENT="by" ID="St_1.1.15.13" HPOS="2520" VPOS="3516" HEIGHT="112" WIDTH="144" STYLEREFS="Style_9" WC="0.986666666666667" CC="00"/>
						<SP ID="SP_1.1.15.14" HPOS="2624" VPOS="3524" WIDTH="80"/>
						<String CONTENT="a" ID="St_1.1.15.15" HPOS="2748" VPOS="3544" HEIGHT="68" WIDTH="64" STYLEREFS="Style_9" WC="0.986666666666667" CC="0"/>
						<SP ID="SP_1.1.15.16" HPOS="2776" VPOS="3528" WIDTH="80"/>
						<String CONTENT="second" ID="St_1.1.15.17" HPOS="2908" VPOS="3516" HEIGHT="96" WIDTH="412" STYLEREFS="Style_9" WC="0.988888888888889" CC="000000"/>
						<SP ID="SP_1.1.15.18" HPOS="3284" VPOS="3512" WIDTH="76"/>
						<String CONTENT="volume," ID="St_1.1.15.19" HPOS="3404" VPOS="3520" HEIGHT="108" WIDTH="484" STYLEREFS="Style_9" WC="0.991111111111111" CC="0000000"/>
						<SP ID="SP_1.1.15.20" HPOS="3876" VPOS="3552" WIDTH="56"/>
						<String CONTENT="&quot;Readings" ID="St_1.1.15.21" HPOS="3984" VPOS="3516" HEIGHT="116" WIDTH="652" STYLEREFS="Style_9" WC="0.992222222222222" CC="000000000"/>
						<SP ID="SP_1.1.15.22" HPOS="4604" VPOS="3528" WIDTH="72"/>
						<String CONTENT="in" ID="St_1.1.15.23" HPOS="4724" VPOS="3516" HEIGHT="96" WIDTH="108" STYLEREFS="Style_9" WC="0.992222222222222" CC="00"/>
					</TextLine>
					<TextLine ID="TL_1.1.16" HPOS="88" VPOS="3648" HEIGHT="116" WIDTH="4748">
						<String CONTENT="sociology&quot;" ID="St_1.1.16.1" HPOS="88" VPOS="3652" HEIGHT="108" WIDTH="640" STYLEREFS="Style_9" WC="1" CC="0000000000"/>
						<SP ID="SP_1.1.16.2" HPOS="696" VPOS="3648" WIDTH="80"/>
						<String CONTENT="selected" ID="St_1.1.16.3" HPOS="824" VPOS="3656" HEIGHT="92" WIDTH="492" STYLEREFS="Style_9" WC="1" CC="00000000"/>
						<SP ID="SP_1.1.16.4" HPOS="1280" VPOS="3652" WIDTH="80"/>
						<String CONTENT="by" ID="St_1.1.16.5" HPOS="1408" VPOS="3652" HEIGHT="112" WIDTH="148" STYLEREFS="Style_9" WC="1" CC="00"/>
						<SP ID="SP_1.1.16.6" HPOS="1520" VPOS="3660" WIDTH="80"/>
						<String CONTENT="the" ID="St_1.1.16.7" HPOS="1644" VPOS="3652" HEIGHT="92" WIDTH="196" STYLEREFS="Style_9" WC="1" CC="000"/>
						<SP ID="SP_1.1.16.8" HPOS="1808" VPOS="3660" WIDTH="80"/>
						<String CONTENT="authors" ID="St_1.1.16.9" HPOS="1936" VPOS="3652" HEIGHT="96" WIDTH="484" STYLEREFS="Style_9" WC="1" CC="0000000"/>
						<SP ID="SP_1.1.16.10" HPOS="2388" VPOS="3664" WIDTH="76"/>
						<String CONTENT="of" ID="St_1.1.16.11" HPOS="2516" VPOS="3652" HEIGHT="96" WIDTH="124" STYLEREFS="Style_9" WC="1" CC="00"/>
						<SP ID="SP_1.1.16.12" HPOS="2612" VPOS="3652" WIDTH="72"/>
						<String CONTENT="&quot;An" ID="St_1.1.16.13" HPOS="2732" VPOS="3652" HEIGHT="92" WIDTH="240" STYLEREFS="Style_9" WC="1" CC="000"/>
						<SP ID="SP_1.1.16.14" HPOS="2932" VPOS="3664" WIDTH="84"/>
						<String CONTENT="introduction" ID="St_1.1.16.15" HPOS="3064" VPOS="3648" HEIGHT="100" WIDTH="792" STYLEREFS="Style_9" WC="1" CC="000000000000"/>
						<SP ID="SP_1.1.16.16" HPOS="3816" VPOS="3664" WIDTH="80"/>
						<String CONTENT="to" ID="St_1.1.16.17" HPOS="3948" VPOS="3660" HEIGHT="88" WIDTH="112" STYLEREFS="Style_9" WC="1" CC="00"/>
						<SP ID="SP_1.1.16.18" HPOS="4028" VPOS="3664" WIDTH="80"/>
						<String CONTENT="sociology&quot;." ID="St_1.1.16.19" HPOS="4156" VPOS="3652" HEIGHT="112" WIDTH="680" STYLEREFS="Style_9" WC="1" CC="00000000000"/>
					</TextLine>
					<TextLine ID="TL_1.1.17" HPOS="88" VPOS="3784" HEIGHT="116" WIDTH="660">
						<String CONTENT="c" ID="St_1.1.17.1" HPOS="88" VPOS="3812" HEIGHT="68" WIDTH="56" STYLEREFS="Style_10" WC="0.555555555555556" CC="4"/>
						<String CONTENT="f" ID="St_1.1.17.2" HPOS="148" VPOS="3784" HEIGHT="116" WIDTH="52" STYLEREFS="Style_11" WC="0.777777777777778" CC="0"/>
						<String CONTENT="." ID="St_1.1.17.3" HPOS="212" VPOS="3860" HEIGHT="24" WIDTH="20" STYLEREFS="Style_12" WC="0.851111111111111" CC="0"/>
						<SP ID="SP_1.1.17.4" HPOS="220" VPOS="3808" WIDTH="48"/>
						<String CONTENT="Intr" ID="St_1.1.17.5" HPOS="308" VPOS="3788" HEIGHT="92" WIDTH="256" STYLEREFS="Style_12" WC="0.944444444444444" CC="0000"/>
						<String CONTENT="o" ID="St_1.1.17.6" HPOS="572" VPOS="3812" HEIGHT="68" WIDTH="60" STYLEREFS="Style_12" WC="0.95" CC="0"/>
						<String CONTENT="d." ID="St_1.1.17.7" HPOS="648" VPOS="3788" HEIGHT="96" WIDTH="100" STYLEREFS="Style_12" WC="0.958888888888889" CC="00"/>
					</TextLine>
					<TextLine ID="TL_1.1.18" HPOS="288" VPOS="3916" HEIGHT="120" WIDTH="3832">
						<String CONTENT="&quot;Readings&quot;" ID="St_1.1.18.1" HPOS="288" VPOS="3916" HEIGHT="120" WIDTH="720" STYLEREFS="Style_12" WC="1" CC="0000000000"/>
						<SP ID="SP_1.1.18.2" HPOS="980" VPOS="3916" WIDTH="76"/>
						<String CONTENT="and" ID="St_1.1.18.3" HPOS="1108" VPOS="3920" HEIGHT="92" WIDTH="220" STYLEREFS="Style_12" WC="1" CC="000"/>
						<SP ID="SP_1.1.18.4" HPOS="1292" VPOS="3916" WIDTH="88"/>
						<String CONTENT="&quot;Bib" ID="St_1.1.18.5" HPOS="1436" VPOS="3916" HEIGHT="96" WIDTH="280" STYLEREFS="Style_12" WC="0.982222222222222" CC="0003"/>
						<String CONTENT="l" ID="St_1.1.18.6" HPOS="1720" VPOS="3920" HEIGHT="92" WIDTH="40" STYLEREFS="Style_12" WC="0.977777777777778" CC="1"/>
						<String CONTENT="iography&quot;" ID="St_1.1.18.7" HPOS="1772" VPOS="3916" HEIGHT="112" WIDTH="632" STYLEREFS="Style_12" WC="0.984444444444444" CC="000000000"/>
						<SP ID="SP_1.1.18.8" HPOS="2372" VPOS="3916" WIDTH="76"/>
						<String CONTENT="at" ID="St_1.1.18.9" HPOS="2496" VPOS="3920" HEIGHT="92" WIDTH="124" STYLEREFS="Style_12" WC="0.985555555555556" CC="00"/>
						<SP ID="SP_1.1.18.10" HPOS="2596" VPOS="3916" WIDTH="72"/>
						<String CONTENT="end" ID="St_1.1.18.11" HPOS="2716" VPOS="3916" HEIGHT="96" WIDTH="216" STYLEREFS="Style_12" WC="0.986666666666667" CC="000"/>
						<SP ID="SP_1.1.18.12" HPOS="2896" VPOS="3916" WIDTH="80"/>
						<String CONTENT="of" ID="St_1.1.18.13" HPOS="3024" VPOS="3916" HEIGHT="96" WIDTH="124" STYLEREFS="Style_12" WC="0.987777777777778" CC="00"/>
						<SP ID="SP_1.1.18.14" HPOS="3116" VPOS="3916" WIDTH="72"/>
						<String CONTENT="each" ID="St_1.1.18.15" HPOS="3236" VPOS="3920" HEIGHT="92" WIDTH="280" STYLEREFS="Style_12" WC="0.988888888888889" CC="0000"/>
						<SP ID="SP_1.1.18.16" HPOS="3476" VPOS="3916" WIDTH="80"/>
						<String CONTENT="chapter." ID="St_1.1.18.17" HPOS="3608" VPOS="3916" HEIGHT="116" WIDTH="512" STYLEREFS="Style_12" WC="0.982222222222222" CC="00000004"/>
					</TextLine>
					<TextLine ID="TL_1.1.19" HPOS="96" VPOS="4024" HEIGHT="144" WIDTH="4740">
						<String CONTENT="&#169;" ID="St_1.1.19.1" HPOS="96" VPOS="4024" HEIGHT="108" WIDTH="116" STYLEREFS="Style_12" WC="0.222222222222222" CC="7"/>
						<SP ID="SP_1.1.19.2" HPOS="152" VPOS="4032" WIDTH="96"/>
						<String CONTENT="May" ID="St_1.1.19.3" HPOS="284" VPOS="4060" HEIGHT="108" WIDTH="264" STYLEREFS="Style_12" WC="0.844444444444444" CC="000"/>
						<SP ID="SP_1.1.19.4" HPOS="516" VPOS="4060" WIDTH="68"/>
						<String CONTENT="23," ID="St_1.1.19.5" HPOS="616" VPOS="4052" HEIGHT="112" WIDTH="164" STYLEREFS="Style_12" WC="0.913333333333333" CC="000"/>
						<SP ID="SP_1.1.19.6" HPOS="768" VPOS="4088" WIDTH="44"/>
						<String CONTENT="19" ID="St_1.1.19.7" HPOS="848" VPOS="4052" HEIGHT="92" WIDTH="132" STYLEREFS="Style_12" WC="0.934444444444444" CC="00"/>
						<String CONTENT="2" ID="St_1.1.19.8" HPOS="988" VPOS="4052" HEIGHT="92" WIDTH="64" STYLEREFS="Style_12" WC="0.94" CC="0"/>
						<String CONTENT="7;" ID="St_1.1.19.9" HPOS="1056" VPOS="4056" HEIGHT="108" WIDTH="128" STYLEREFS="Style_12" WC="0.947777777777778" CC="00"/>
						<SP ID="SP_1.1.19.10" HPOS="1168" VPOS="4060" WIDTH="48"/>
						<String CONTENT="2c." ID="St_1.1.19.11" HPOS="1252" VPOS="4052" HEIGHT="96" WIDTH="160" STYLEREFS="Style_12" WC="0.958888888888889" CC="000"/>
						<SP ID="SP_1.1.19.12" HPOS="1400" VPOS="4088" WIDTH="44"/>
						<String CONTENT="May" ID="St_1.1.19.13" HPOS="1480" VPOS="4052" HEIGHT="92" WIDTH="268" STYLEREFS="Style_12" WC="0.965555555555556" CC="000"/>
						<SP ID="SP_1.1.19.14" HPOS="1712" VPOS="4060" WIDTH="64"/>
						<String CONTENT="27;" ID="St_1.1.19.15" HPOS="1812" VPOS="4052" HEIGHT="108" WIDTH="196" STYLEREFS="Style_12" WC="0.971111111111111" CC="000"/>
						<SP ID="SP_1.1.19.16" HPOS="1996" VPOS="4060" WIDTH="44"/>
						<String CONTENT="aff." ID="St_1.1.19.17" HPOS="2080" VPOS="4048" HEIGHT="96" WIDTH="196" STYLEREFS="Style_12" WC="0.961111111111111" CC="4000"/>
						<SP ID="SP_1.1.19.18" HPOS="2264" VPOS="4088" WIDTH="48"/>
						<String CONTENT="M" ID="St_1.1.19.19" HPOS="2348" VPOS="4048" HEIGHT="92" WIDTH="120" STYLEREFS="Style_12" WC="0.95" CC="4"/>
						<String CONTENT="ay" ID="St_1.1.19.20" HPOS="2472" VPOS="4072" HEIGHT="88" WIDTH="144" STYLEREFS="Style_12" WC="0.953333333333333" CC="00"/>
						<SP ID="SP_1.1.19.21" HPOS="2580" VPOS="4060" WIDTH="68"/>
						<String CONTENT="2" ID="St_1.1.19.22" HPOS="2684" VPOS="4052" HEIGHT="92" WIDTH="64" STYLEREFS="Style_12" WC="0.955555555555556" CC="0"/>
						<String CONTENT="5" ID="St_1.1.19.23" HPOS="2760" VPOS="4048" HEIGHT="92" WIDTH="64" STYLEREFS="Style_12" WC="0.945555555555556" CC="4"/>
						<String CONTENT=";" ID="St_1.1.19.24" HPOS="2856" VPOS="4076" HEIGHT="84" WIDTH="24" STYLEREFS="Style_12" WC="0.946666666666667" CC="0"/>
						<SP ID="SP_1.1.19.25" HPOS="2864" VPOS="4060" WIDTH="52"/>
						<String CONTENT="A" ID="St_1.1.19.26" HPOS="2952" VPOS="4052" HEIGHT="92" WIDTH="96" STYLEREFS="Style_12" WC="0.948888888888889" CC="0"/>
						<SP ID="SP_1.1.19.27" HPOS="2996" VPOS="4048" WIDTH="80"/>
						<String CONTENT="9" ID="St_1.1.19.28" HPOS="3112" VPOS="4052" HEIGHT="92" WIDTH="64" STYLEREFS="Style_12" WC="0.951111111111111" CC="0"/>
						<String CONTENT="7" ID="St_1.1.19.29" HPOS="3184" VPOS="4052" HEIGHT="96" WIDTH="60" STYLEREFS="Style_12" WC="0.952222222222222" CC="0"/>
						<String CONTENT="6" ID="St_1.1.19.30" HPOS="3256" VPOS="4048" HEIGHT="96" WIDTH="60" STYLEREFS="Style_12" WC="0.953333333333333" CC="0"/>
						<String CONTENT="8" ID="St_1.1.19.31" HPOS="3328" VPOS="4048" HEIGHT="92" WIDTH="64" STYLEREFS="Style_12" WC="0.945555555555556" CC="4"/>
						<String CONTENT="2" ID="St_1.1.19.32" HPOS="3392" VPOS="4052" HEIGHT="92" WIDTH="64" STYLEREFS="Style_12" WC="0.946666666666667" CC="0"/>
						<String CONTENT="0" ID="St_1.1.19.33" HPOS="3464" VPOS="4048" HEIGHT="96" WIDTH="64" STYLEREFS="Style_12" WC="0.947777777777778" CC="0"/>
						<String CONTENT=";" ID="St_1.1.19.34" HPOS="3568" VPOS="4076" HEIGHT="84" WIDTH="20" STYLEREFS="Style_12" WC="0.948888888888889" CC="0"/>
						<SP ID="SP_1.1.19.35" HPOS="3576" VPOS="4060" WIDTH="52"/>
						<String CONTENT="D." ID="St_1.1.19.36" HPOS="3668" VPOS="4052" HEIGHT="96" WIDTH="132" STYLEREFS="Style_12" WC="0.951111111111111" CC="00"/>
						<SP ID="SP_1.1.19.37" HPOS="3784" VPOS="4088" WIDTH="52"/>
						<String CONTENT="C." ID="St_1.1.19.38" HPOS="3876" VPOS="4052" HEIGHT="96" WIDTH="112" STYLEREFS="Style_13" WC="0.953333333333333" CC="00"/>
						<SP ID="SP_1.1.19.39" HPOS="3976" VPOS="4088" WIDTH="44"/>
						<String CONTENT="Heath" ID="St_1.1.19.40" HPOS="4060" VPOS="4052" HEIGHT="96" WIDTH="392" STYLEREFS="Style_13" WC="0.957777777777778" CC="00000"/>
						<SP ID="SP_1.1.19.41" HPOS="4408" VPOS="4048" WIDTH="76"/>
						<String CONTENT="&amp;" ID="St_1.1.19.42" HPOS="4524" VPOS="4052" HEIGHT="96" WIDTH="84" STYLEREFS="Style_13" WC="0.96" CC="0"/>
						<SP ID="SP_1.1.19.43" HPOS="4564" VPOS="4048" WIDTH="76"/>
						<String CONTENT="co." ID="St_1.1.19.44" HPOS="4676" VPOS="4076" HEIGHT="72" WIDTH="160" STYLEREFS="Style_13" WC="0.952222222222222" CC="411"/>
					</TextLine>
					<TextLine ID="TL_1.1.20" HPOS="280" VPOS="4184" HEIGHT="120" WIDTH="4364">
						<String CONTENT="(27-12811)" ID="St_1.1.20.1" HPOS="280" VPOS="4188" HEIGHT="116" WIDTH="664" STYLEREFS="Style_13" WC="1" CC="0000000000"/>
						<SP ID="SP_1.1.20.2" HPOS="928" VPOS="4184" WIDTH="3432"/>
						<String CONTENT="4609" ID="St_1.1.20.3" HPOS="4360" VPOS="4184" HEIGHT="100" WIDTH="284" STYLEREFS="Style_13" WC="0.666666666666667" CC="0000"/>
					</TextLine>
					<TextLine ID="TL_1.1.21" HPOS="104" VPOS="4408" HEIGHT="164" WIDTH="3388">
						<String CONTENT="De" ID="St_1.1.21.1" HPOS="104" VPOS="4412" HEIGHT="128" WIDTH="192" STYLEREFS="Style_13" WC="1" CC="00"/>
						<SP ID="SP_1.1.21.2" HPOS="260" VPOS="4432" WIDTH="72"/>
						<String CONTENT="La" ID="St_1.1.21.3" HPOS="372" VPOS="4412" HEIGHT="124" WIDTH="196" STYLEREFS="Style_13" WC="1" CC="00"/>
						<SP ID="SP_1.1.21.4" HPOS="528" VPOS="4432" WIDTH="76"/>
						<String CONTENT="Mare," ID="St_1.1.21.5" HPOS="644" VPOS="4412" HEIGHT="144" WIDTH="436" STYLEREFS="Style_13" WC="1" CC="00000"/>
						<SP ID="SP_1.1.21.6" HPOS="1060" VPOS="4460" WIDTH="56"/>
						<String CONTENT="Walter" ID="St_1.1.21.7" HPOS="1156" VPOS="4408" HEIGHT="132" WIDTH="536" STYLEREFS="Style_13" WC="1" CC="000000"/>
						<SP ID="SP_1.1.21.8" HPOS="1652" VPOS="4432" WIDTH="72"/>
						<String CONTENT="John," ID="St_1.1.21.9" HPOS="1760" VPOS="4408" HEIGHT="148" WIDTH="416" STYLEREFS="Style_13" WC="1" CC="00000"/>
						<SP ID="SP_1.1.21.10" HPOS="2156" VPOS="4460" WIDTH="60"/>
						<String CONTENT="1873" ID="St_1.1.21.11" HPOS="2260" VPOS="4408" HEIGHT="124" WIDTH="308" STYLEREFS="Style_13" WC="1" CC="0000"/>
						<String CONTENT="&#150;" ID="St_1.1.21.12" HPOS="2580" VPOS="4488" HEIGHT="16" WIDTH="84" STYLEREFS="Style_13" WC="1" CC="0"/>
						<SP ID="SP_1.1.21.13" HPOS="2616" VPOS="4420" WIDTH="496"/>
						<String CONTENT="co" ID="St_1.1.21.14" HPOS="3068" VPOS="4456" HEIGHT="80" WIDTH="144" STYLEREFS="Style_13" WC="0.895555555555556" CC="00"/>
						<String CONTENT="m" ID="St_1.1.21.15" HPOS="3220" VPOS="4456" HEIGHT="80" WIDTH="136" STYLEREFS="Style_14" WC="0.888888888888889" CC="4"/>
						<String CONTENT="p." ID="St_1.1.21.16" HPOS="3364" VPOS="4456" HEIGHT="116" WIDTH="128" STYLEREFS="Style_14" WC="0.888888888888889" CC="11"/>
					</TextLine>
					<TextLine ID="TL_1.1.22" HPOS="260" VPOS="4592" HEIGHT="168" WIDTH="4576">
						<String CONTENT="Readings," ID="St_1.1.22.1" HPOS="260" VPOS="4600" HEIGHT="160" WIDTH="732" STYLEREFS="Style_14" WC="1" CC="000000000"/>
						<SP ID="SP_1.1.22.2" HPOS="976" VPOS="4648" WIDTH="72"/>
						<String CONTENT="selected" ID="St_1.1.22.3" HPOS="1108" VPOS="4600" HEIGHT="124" WIDTH="564" STYLEREFS="Style_14" WC="1" CC="00000000"/>
						<SP ID="SP_1.1.22.4" HPOS="1628" VPOS="4600" WIDTH="100"/>
						<String CONTENT="by" ID="St_1.1.22.5" HPOS="1792" VPOS="4600" HEIGHT="160" WIDTH="176" STYLEREFS="Style_14" WC="1" CC="00"/>
						<SP ID="SP_1.1.22.6" HPOS="1920" VPOS="4620" WIDTH="104"/>
						<String CONTENT="Walter" ID="St_1.1.22.7" HPOS="2084" VPOS="4600" HEIGHT="124" WIDTH="528" STYLEREFS="Style_14" WC="1" CC="000000"/>
						<SP ID="SP_1.1.22.8" HPOS="2572" VPOS="4620" WIDTH="96"/>
						<String CONTENT="De" ID="St_1.1.22.9" HPOS="2728" VPOS="4600" HEIGHT="120" WIDTH="204" STYLEREFS="Style_14" WC="1" CC="00"/>
						<SP ID="SP_1.1.22.10" HPOS="2896" VPOS="4620" WIDTH="92"/>
						<String CONTENT="La" ID="St_1.1.22.11" HPOS="3048" VPOS="4592" HEIGHT="128" WIDTH="196" STYLEREFS="Style_14" WC="0.986666666666667" CC="40"/>
						<SP ID="SP_1.1.22.12" HPOS="3204" VPOS="4620" WIDTH="96"/>
						<String CONTENT="Mare" ID="St_1.1.22.13" HPOS="3364" VPOS="4600" HEIGHT="120" WIDTH="384" STYLEREFS="Style_14" WC="0.987777777777778" CC="0000"/>
						<SP ID="SP_1.1.22.14" HPOS="3712" VPOS="4620" WIDTH="88"/>
						<String CONTENT="and" ID="St_1.1.22.15" HPOS="3860" VPOS="4600" HEIGHT="124" WIDTH="268" STYLEREFS="Style_14" WC="0.988888888888889" CC="000"/>
						<SP ID="SP_1.1.22.16" HPOS="4080" VPOS="4600" WIDTH="104"/>
						<String CONTENT="Thomas" ID="St_1.1.22.17" HPOS="4244" VPOS="4600" HEIGHT="128" WIDTH="592" STYLEREFS="Style_14" WC="0.991111111111111" CC="000000"/>
					</TextLine>
					<TextLine ID="TL_1.1.23" HPOS="96" VPOS="4780" HEIGHT="168" WIDTH="4740">
						<String CONTENT="Quayle," ID="St_1.1.23.1" HPOS="96" VPOS="4784" HEIGHT="160" WIDTH="568" STYLEREFS="Style_14" WC="1" CC="0000000"/>
						<SP ID="SP_1.1.23.2" HPOS="648" VPOS="4836" WIDTH="56"/>
						<String CONTENT="D" ID="St_1.1.23.3" HPOS="748" VPOS="4808" HEIGHT="92" WIDTH="64" STYLEREFS="Style_14" WC="1" CC="0"/>
						<String CONTENT="." ID="St_1.1.23.4" HPOS="828" VPOS="4888" HEIGHT="16" WIDTH="24" STYLEREFS="Style_14" WC="0.988888888888889" CC="1"/>
						<SP ID="SP_1.1.23.5" HPOS="836" VPOS="4836" WIDTH="52"/>
						<String CONTENT="LI" ID="St_1.1.23.6" HPOS="928" VPOS="4828" HEIGHT="72" WIDTH="136" STYLEREFS="Style_14" WC="0.931111111111111" CC="33"/>
						<String CONTENT="TT" ID="St_1.1.23.7" HPOS="1072" VPOS="4828" HEIGHT="76" WIDTH="160" STYLEREFS="Style_14" WC="0.895555555555556" CC="33"/>
						<String CONTENT="." ID="St_1.1.23.8" HPOS="1244" VPOS="4888" HEIGHT="16" WIDTH="20" STYLEREFS="Style_14" WC="0.881111111111111" CC="3"/>
						<String CONTENT="," ID="St_1.1.23.9" HPOS="1288" VPOS="4884" HEIGHT="56" WIDTH="24" STYLEREFS="Style_14" WC="0.888888888888889" CC="0"/>
						<SP ID="SP_1.1.23.10" HPOS="1296" VPOS="4856" WIDTH="52"/>
						<String CONTENT="with" ID="St_1.1.23.11" HPOS="1388" VPOS="4784" HEIGHT="124" WIDTH="328" STYLEREFS="Style_14" WC="0.913333333333333" CC="0000"/>
						<SP ID="SP_1.1.23.12" HPOS="1668" VPOS="4784" WIDTH="88"/>
						<String CONTENT="woodcut" ID="St_1.1.23.13" HPOS="1800" VPOS="4784" HEIGHT="120" WIDTH="616" STYLEREFS="Style_14" WC="0.936666666666667" CC="0000000"/>
						<SP ID="SP_1.1.23.14" HPOS="2384" VPOS="4788" WIDTH="68"/>
						<String CONTENT="illustrations" ID="St_1.1.23.15" HPOS="2492" VPOS="4784" HEIGHT="124" WIDTH="904" STYLEREFS="Style_14" WC="0.956666666666667" CC="0000000000000"/>
						<SP ID="SP_1.1.23.16" HPOS="3364" VPOS="4808" WIDTH="64"/>
						<String CONTENT="by" ID="St_1.1.23.17" HPOS="3468" VPOS="4780" HEIGHT="168" WIDTH="180" STYLEREFS="Style_14" WC="0.958888888888889" CC="00"/>
						<SP ID="SP_1.1.23.18" HPOS="3600" VPOS="4808" WIDTH="88"/>
						<String CONTENT="C." ID="St_1.1.23.19" HPOS="3732" VPOS="4780" HEIGHT="132" WIDTH="148" STYLEREFS="Style_14" WC="0.962222222222222" CC="00"/>
						<SP ID="SP_1.1.23.20" HPOS="3864" VPOS="4832" WIDTH="52"/>
						<String CONTENT="T." ID="St_1.1.23.21" HPOS="3960" VPOS="4784" HEIGHT="128" WIDTH="156" STYLEREFS="Style_14" WC="0.963333333333333" CC="00"/>
						<SP ID="SP_1.1.23.22" HPOS="4100" VPOS="4836" WIDTH="52"/>
						<String CONTENT="Nightin-" ID="St_1.1.23.23" HPOS="4192" VPOS="4784" HEIGHT="164" WIDTH="644" STYLEREFS="Style_14" WC="0.968888888888889" CC="00000000"/>
					</TextLine>
					<TextLine ID="TL_1.1.24" HPOS="92" VPOS="4964" HEIGHT="168" WIDTH="2840">
						<String CONTENT="gale." ID="St_1.1.24.1" HPOS="92" VPOS="4972" HEIGHT="160" WIDTH="336" STYLEREFS="Style_14" WC="1" CC="00000"/>
						<SP ID="SP_1.1.24.2" HPOS="416" VPOS="5020" WIDTH="100"/>
						<String CONTENT="New" ID="St_1.1.24.3" HPOS="608" VPOS="4972" HEIGHT="120" WIDTH="328" STYLEREFS="Style_14" WC="1" CC="000"/>
						<SP ID="SP_1.1.24.4" HPOS="876" VPOS="4988" WIDTH="92"/>
						<String CONTENT="York," ID="St_1.1.24.5" HPOS="1004" VPOS="4968" HEIGHT="160" WIDTH="424" STYLEREFS="Style_14" WC="1" CC="00000"/>
						<SP ID="SP_1.1.24.6" HPOS="1412" VPOS="5016" WIDTH="48"/>
						<String CONTENT="A." ID="St_1.1.24.7" HPOS="1496" VPOS="4968" HEIGHT="124" WIDTH="164" STYLEREFS="Style_14" WC="1" CC="00"/>
						<SP ID="SP_1.1.24.8" HPOS="1648" VPOS="5020" WIDTH="44"/>
						<String CONTENT="A." ID="St_1.1.24.9" HPOS="1728" VPOS="4968" HEIGHT="124" WIDTH="164" STYLEREFS="Style_14" WC="1" CC="00"/>
						<SP ID="SP_1.1.24.10" HPOS="1880" VPOS="5016" WIDTH="48"/>
						<String CONTENT="Knopf," ID="St_1.1.24.11" HPOS="1968" VPOS="4964" HEIGHT="164" WIDTH="536" STYLEREFS="Style_14" WC="1" CC="000000"/>
						<SP ID="SP_1.1.24.12" HPOS="2484" VPOS="5016" WIDTH="52"/>
						<String CONTENT="1927." ID="St_1.1.24.13" HPOS="2576" VPOS="4964" HEIGHT="128" WIDTH="356" STYLEREFS="Style_14" WC="1" CC="00000"/>
					</TextLine>
					<TextLine ID="TL_1.1.25" HPOS="260" VPOS="5156" HEIGHT="120" WIDTH="2784">
						<String CONTENT="x" ID="St_1.1.25.1" HPOS="260" VPOS="5172" HEIGHT="76" WIDTH="72" STYLEREFS="Style_14" WC="0.555555555555556" CC="4"/>
						<String CONTENT="xi" ID="St_1.1.25.2" HPOS="340" VPOS="5164" HEIGHT="92" WIDTH="124" STYLEREFS="Style_14" WC="0.703333333333333" CC="40"/>
						<SP ID="SP_1.1.25.3" HPOS="440" VPOS="5160" WIDTH="52"/>
						<String CONTENT="p.," ID="St_1.1.25.4" HPOS="528" VPOS="5188" HEIGHT="88" WIDTH="136" STYLEREFS="Style_14" WC="0.872222222222222" CC="000"/>
						<SP ID="SP_1.1.25.5" HPOS="648" VPOS="5196" WIDTH="48"/>
						<String CONTENT="1" ID="St_1.1.25.6" HPOS="728" VPOS="5168" HEIGHT="88" WIDTH="56" STYLEREFS="Style_14" WC="0.901111111111111" CC="0"/>
						<SP ID="SP_1.1.25.7" HPOS="752" VPOS="5160" WIDTH="64"/>
						<String CONTENT="l" ID="St_1.1.25.8" HPOS="852" VPOS="5164" HEIGHT="92" WIDTH="36" STYLEREFS="Style_14" WC="0.918888888888889" CC="0"/>
						<String CONTENT=".," ID="St_1.1.25.9" HPOS="904" VPOS="5236" HEIGHT="32" WIDTH="52" STYLEREFS="Style_14" WC="0.931111111111111" CC="00"/>
						<SP ID="SP_1.1.25.10" HPOS="944" VPOS="5196" WIDTH="44"/>
						<String CONTENT="436" ID="St_1.1.25.11" HPOS="1020" VPOS="5160" HEIGHT="96" WIDTH="208" STYLEREFS="Style_14" WC="0.946666666666667" CC="000"/>
						<SP ID="SP_1.1.25.12" HPOS="1192" VPOS="5156" WIDTH="64"/>
						<String CONTENT="p.," ID="St_1.1.25.13" HPOS="1288" VPOS="5188" HEIGHT="88" WIDTH="136" STYLEREFS="Style_14" WC="0.956666666666667" CC="000"/>
						<SP ID="SP_1.1.25.14" HPOS="1412" VPOS="5196" WIDTH="48"/>
						<String CONTENT="1" ID="St_1.1.25.15" HPOS="1496" VPOS="5160" HEIGHT="96" WIDTH="60" STYLEREFS="Style_14" WC="0.961111111111111" CC="0"/>
						<SP ID="SP_1.1.25.16" HPOS="1524" VPOS="5156" WIDTH="68"/>
						<String CONTENT="l" ID="St_1.1.25.17" HPOS="1628" VPOS="5164" HEIGHT="92" WIDTH="36" STYLEREFS="Style_14" WC="0.964444444444444" CC="0"/>
						<String CONTENT="." ID="St_1.1.25.18" HPOS="1680" VPOS="5240" HEIGHT="16" WIDTH="16" STYLEREFS="Style_14" WC="0.965555555555556" CC="0"/>
						<SP ID="SP_1.1.25.19" HPOS="1684" VPOS="5196" WIDTH="84"/>
						<String CONTENT="i" ID="St_1.1.25.20" HPOS="1844" VPOS="5160" HEIGHT="92" WIDTH="36" STYLEREFS="Style_14" WC="0.955555555555556" CC="3"/>
						<String CONTENT="l" ID="St_1.1.25.21" HPOS="1884" VPOS="5164" HEIGHT="88" WIDTH="40" STYLEREFS="Style_14" WC="0.945555555555556" CC="3"/>
						<String CONTENT="lu" ID="St_1.1.25.22" HPOS="1932" VPOS="5164" HEIGHT="92" WIDTH="116" STYLEREFS="Style_14" WC="0.927777777777778" CC="33"/>
						<String CONTENT="s." ID="St_1.1.25.23" HPOS="2060" VPOS="5184" HEIGHT="72" WIDTH="88" STYLEREFS="Style_14" WC="0.932222222222222" CC="00"/>
						<SP ID="SP_1.1.25.24" HPOS="2136" VPOS="5196" WIDTH="80"/>
						<String CONTENT="24&#189;&#x0368;&#x036b;." ID="St_1.1.25.25" HPOS="2288" VPOS="5160" HEIGHT="108" WIDTH="756" STYLEREFS="Style_14" WC="0.941111111111111" CC="000001"/>
					</TextLine>
					<TextLine ID="TL_1.1.26" HPOS="100" VPOS="5276" HEIGHT="136" WIDTH="4736">
						<String CONTENT="&#169;" ID="St_1.1.26.1" HPOS="100" VPOS="5276" HEIGHT="120" WIDTH="116" STYLEREFS="Style_14" WC="0.555555555555556" CC="4"/>
						<SP ID="SP_1.1.26.2" HPOS="156" VPOS="5276" WIDTH="104"/>
						<String CONTENT="May" ID="St_1.1.26.3" HPOS="300" VPOS="5304" HEIGHT="108" WIDTH="268" STYLEREFS="Style_14" WC="0.911111111111111" CC="000"/>
						<SP ID="SP_1.1.26.4" HPOS="528" VPOS="5308" WIDTH="72"/>
						<String CONTENT="20," ID="St_1.1.26.5" HPOS="640" VPOS="5300" HEIGHT="108" WIDTH="164" STYLEREFS="Style_14" WC="0.888888888888889" CC="005"/>
						<SP ID="SP_1.1.26.6" HPOS="788" VPOS="5332" WIDTH="52"/>
						<String CONTENT="1927;" ID="St_1.1.26.7" HPOS="884" VPOS="5300" HEIGHT="96" WIDTH="328" STYLEREFS="Style_14" WC="0.903333333333333" CC="00004"/>
						<SP ID="SP_1.1.26.8" HPOS="1204" VPOS="5308" WIDTH="52"/>
						<String CONTENT="2c." ID="St_1.1.26.9" HPOS="1296" VPOS="5300" HEIGHT="96" WIDTH="160" STYLEREFS="Style_14" WC="0.923333333333333" CC="000"/>
						<SP ID="SP_1.1.26.10" HPOS="1444" VPOS="5332" WIDTH="48"/>
						<String CONTENT="and" ID="St_1.1.26.11" HPOS="1536" VPOS="5300" HEIGHT="92" WIDTH="228" STYLEREFS="Style_14" WC="0.936666666666667" CC="000"/>
						<SP ID="SP_1.1.26.12" HPOS="1724" VPOS="5296" WIDTH="76"/>
						<String CONTENT="aff." ID="St_1.1.26.13" HPOS="1840" VPOS="5300" HEIGHT="96" WIDTH="196" STYLEREFS="Style_14" WC="0.932222222222222" CC="4000"/>
						<SP ID="SP_1.1.26.14" HPOS="2020" VPOS="5332" WIDTH="52"/>
						<String CONTENT="May" ID="St_1.1.26.15" HPOS="2116" VPOS="5300" HEIGHT="108" WIDTH="264" STYLEREFS="Style_14" WC="0.94" CC="000"/>
						<SP ID="SP_1.1.26.16" HPOS="2344" VPOS="5308" WIDTH="72"/>
						<String CONTENT="2" ID="St_1.1.26.17" HPOS="2456" VPOS="5300" HEIGHT="88" WIDTH="60" STYLEREFS="Style_14" WC="0.944444444444444" CC="0"/>
						<String CONTENT="3" ID="St_1.1.26.18" HPOS="2528" VPOS="5300" HEIGHT="92" WIDTH="60" STYLEREFS="Style_14" WC="0.945555555555556" CC="0"/>
						<String CONTENT=":" ID="St_1.1.26.19" HPOS="2636" VPOS="5324" HEIGHT="68" WIDTH="16" STYLEREFS="Style_14" WC="0.946666666666667" CC="0"/>
						<SP ID="SP_1.1.26.20" HPOS="2640" VPOS="5308" WIDTH="52"/>
						<String CONTENT="A" ID="St_1.1.26.21" HPOS="2736" VPOS="5300" HEIGHT="88" WIDTH="96" STYLEREFS="Style_14" WC="0.95" CC="0"/>
						<SP ID="SP_1.1.26.22" HPOS="2780" VPOS="5296" WIDTH="88"/>
						<String CONTENT="9" ID="St_1.1.26.23" HPOS="2908" VPOS="5300" HEIGHT="92" WIDTH="60" STYLEREFS="Style_14" WC="0.952222222222222" CC="0"/>
						<String CONTENT="76" ID="St_1.1.26.24" HPOS="2980" VPOS="5300" HEIGHT="92" WIDTH="132" STYLEREFS="Style_14" WC="0.954444444444444" CC="00"/>
						<String CONTENT="7" ID="St_1.1.26.25" HPOS="3120" VPOS="5304" HEIGHT="92" WIDTH="56" STYLEREFS="Style_14" WC="0.955555555555556" CC="0"/>
						<String CONTENT="23;" ID="St_1.1.26.26" HPOS="3188" VPOS="5300" HEIGHT="96" WIDTH="188" STYLEREFS="Style_14" WC="0.948888888888889" CC="004"/>
						<SP ID="SP_1.1.26.27" HPOS="3368" VPOS="5308" WIDTH="52"/>
						<String CONTENT="Walter" ID="St_1.1.26.28" HPOS="3464" VPOS="5300" HEIGHT="96" WIDTH="448" STYLEREFS="Style_14" WC="0.955555555555556" CC="000000"/>
						<SP ID="SP_1.1.26.29" HPOS="3880" VPOS="5308" WIDTH="68"/>
						<String CONTENT="De" ID="St_1.1.26.30" HPOS="3992" VPOS="5300" HEIGHT="96" WIDTH="164" STYLEREFS="Style_14" WC="0.957777777777778" CC="00"/>
						<SP ID="SP_1.1.26.31" HPOS="4124" VPOS="5308" WIDTH="68"/>
						<String CONTENT="La" ID="St_1.1.26.32" HPOS="4236" VPOS="5304" HEIGHT="92" WIDTH="160" STYLEREFS="Style_14" WC="0.96" CC="00"/>
						<SP ID="SP_1.1.26.33" HPOS="4360" VPOS="5308" WIDTH="76"/>
						<String CONTENT="Mare." ID="St_1.1.26.34" HPOS="4484" VPOS="5304" HEIGHT="96" WIDTH="352" STYLEREFS="Style_14" WC="0.963333333333333" CC="00000"/>
					</TextLine>
					<TextLine ID="TL_1.1.27" HPOS="256" VPOS="5428" HEIGHT="120" WIDTH="4384">
						<String CONTENT="Buckinghamshire," ID="St_1.1.27.1" HPOS="256" VPOS="5432" HEIGHT="116" WIDTH="1152" STYLEREFS="Style_14" WC="0.93" CC="0000004114000000"/>
						<SP ID="SP_1.1.27.2" HPOS="1396" VPOS="5468" WIDTH="48"/>
						<String CONTENT="England." ID="St_1.1.27.3" HPOS="1484" VPOS="5436" HEIGHT="112" WIDTH="560" STYLEREFS="Style_14" WC="0.955555555555556" CC="00000000"/>
						<SP ID="SP_1.1.27.4" HPOS="2032" VPOS="5468" WIDTH="96"/>
						<String CONTENT="(27-12795)" ID="St_1.1.27.5" HPOS="2216" VPOS="5432" HEIGHT="112" WIDTH="664" STYLEREFS="Style_14" WC="0.968888888888889" CC="0000000000"/>
						<SP ID="SP_1.1.27.6" HPOS="2860" VPOS="5428" WIDTH="1496"/>
						<String CONTENT="4610" ID="St_1.1.27.7" HPOS="4356" VPOS="5432" HEIGHT="100" WIDTH="284" STYLEREFS="Style_14" WC="0.84" CC="0000"/>
					</TextLine>
					<TextLine ID="TL_1.1.28" HPOS="104" VPOS="5620" HEIGHT="164" WIDTH="2672">
						<String CONTENT="1" ID="St_1.1.28.1" HPOS="104" VPOS="5624" HEIGHT="108" WIDTH="92" STYLEREFS="Style_15" WC="0.111111111111111" CC="8"/>
						<String CONTENT="Deutschmeister," ID="St_1.1.28.2" HPOS="148" VPOS="5620" HEIGHT="152" WIDTH="1268" STYLEREFS="Style_15" WC="0.944444444444444" CC="000000000000000"/>
						<SP ID="SP_1.1.28.3" HPOS="1396" VPOS="5668" WIDTH="52"/>
						<String CONTENT="Abraham" ID="St_1.1.28.4" HPOS="1488" VPOS="5624" HEIGHT="124" WIDTH="732" STYLEREFS="Style_15" WC="0.962222222222222" CC="0000000"/>
						<SP ID="SP_1.1.28.5" HPOS="2244" VPOS="5660" WIDTH="60"/>
						<String CONTENT="comp." ID="St_1.1.28.6" HPOS="2352" VPOS="5664" HEIGHT="120" WIDTH="424" STYLEREFS="Style_15" WC="0.947777777777778" CC="14000"/>
					</TextLine>
					<TextLine ID="TL_1.1.29" HPOS="264" VPOS="5804" HEIGHT="168" WIDTH="4572">
						<String CONTENT="Uncle" ID="St_1.1.29.1" HPOS="264" VPOS="5808" HEIGHT="128" WIDTH="432" STYLEREFS="Style_15" WC="1" CC="00000"/>
						<SP ID="SP_1.1.29.2" HPOS="660" VPOS="5836" WIDTH="76"/>
						<String CONTENT="Sam&apos;s" ID="St_1.1.29.3" HPOS="780" VPOS="5804" HEIGHT="132" WIDTH="428" STYLEREFS="Style_15" WC="1" CC="00000"/>
						<SP ID="SP_1.1.29.4" HPOS="1176" VPOS="5836" WIDTH="68"/>
						<String CONTENT="teasers" ID="St_1.1.29.5" HPOS="1280" VPOS="5820" HEIGHT="116" WIDTH="496" STYLEREFS="Style_15" WC="1" CC="0000000"/>
						<SP ID="SP_1.1.29.6" HPOS="1744" VPOS="5836" WIDTH="68"/>
						<String CONTENT="and" ID="St_1.1.29.7" HPOS="1852" VPOS="5808" HEIGHT="128" WIDTH="268" STYLEREFS="Style_15" WC="1" CC="000"/>
						<SP ID="SP_1.1.29.8" HPOS="2076" VPOS="5812" WIDTH="84"/>
						<String CONTENT="chronicles" ID="St_1.1.29.9" HPOS="2200" VPOS="5808" HEIGHT="132" WIDTH="740" STYLEREFS="Style_15" WC="1" CC="0000000000"/>
						<SP ID="SP_1.1.29.10" HPOS="2904" VPOS="5840" WIDTH="68"/>
						<String CONTENT="of" ID="St_1.1.29.11" HPOS="3012" VPOS="5808" HEIGHT="128" WIDTH="152" STYLEREFS="Style_15" WC="1" CC="00"/>
						<SP ID="SP_1.1.29.12" HPOS="3128" VPOS="5812" WIDTH="68"/>
						<String CONTENT="the" ID="St_1.1.29.13" HPOS="3232" VPOS="5812" HEIGHT="124" WIDTH="228" STYLEREFS="Style_15" WC="1" CC="000"/>
						<SP ID="SP_1.1.29.14" HPOS="3424" VPOS="5836" WIDTH="68"/>
						<String CONTENT="revolution;" ID="St_1.1.29.15" HPOS="3532" VPOS="5812" HEIGHT="160" WIDTH="828" STYLEREFS="Style_15" WC="1" CC="00000000000"/>
						<SP ID="SP_1.1.29.16" HPOS="4344" VPOS="5840" WIDTH="56"/>
						<String CONTENT="a" ID="St_1.1.29.17" HPOS="4444" VPOS="5860" HEIGHT="80" WIDTH="72" STYLEREFS="Style_15" WC="1" CC="0"/>
						<SP ID="SP_1.1.29.18" HPOS="4476" VPOS="5840" WIDTH="72"/>
						<String CONTENT="lib-" ID="St_1.1.29.19" HPOS="4588" VPOS="5816" HEIGHT="124" WIDTH="248" STYLEREFS="Style_15" WC="1" CC="0000"/>
					</TextLine>
					<TextLine ID="TL_1.1.30" HPOS="100" VPOS="5992" HEIGHT="164" WIDTH="4736">
						<String CONTENT="eral" ID="St_1.1.30.1" HPOS="100" VPOS="5996" HEIGHT="124" WIDTH="280" STYLEREFS="Style_15" WC="1" CC="0000"/>
						<SP ID="SP_1.1.30.2" HPOS="352" VPOS="5996" WIDTH="76"/>
						<String CONTENT="education" ID="St_1.1.30.3" HPOS="480" VPOS="5996" HEIGHT="124" WIDTH="716" STYLEREFS="Style_15" WC="1" CC="000000000"/>
						<SP ID="SP_1.1.30.4" HPOS="1148" VPOS="6020" WIDTH="96"/>
						<String CONTENT="in" ID="St_1.1.30.5" HPOS="1300" VPOS="5996" HEIGHT="124" WIDTH="144" STYLEREFS="Style_15" WC="1" CC="00"/>
						<SP ID="SP_1.1.30.6" HPOS="1396" VPOS="6020" WIDTH="100"/>
						<String CONTENT="American" ID="St_1.1.30.7" HPOS="1548" VPOS="5992" HEIGHT="128" WIDTH="728" STYLEREFS="Style_15" WC="1" CC="00000000"/>
						<SP ID="SP_1.1.30.8" HPOS="2228" VPOS="6020" WIDTH="100"/>
						<String CONTENT="history." ID="St_1.1.30.9" HPOS="2384" VPOS="5996" HEIGHT="160" WIDTH="564" STYLEREFS="Style_15" WC="1" CC="00000000"/>
						<SP ID="SP_1.1.30.10" HPOS="2932" VPOS="6048" WIDTH="120"/>
						<String CONTENT="New" ID="St_1.1.30.11" HPOS="3168" VPOS="6000" HEIGHT="120" WIDTH="332" STYLEREFS="Style_15" WC="1" CC="000"/>
						<SP ID="SP_1.1.30.12" HPOS="3436" VPOS="6024" WIDTH="116"/>
						<String CONTENT="York," ID="St_1.1.30.13" HPOS="3608" VPOS="5996" HEIGHT="160" WIDTH="428" STYLEREFS="Style_15" WC="1" CC="00000"/>
						<SP ID="SP_1.1.30.14" HPOS="4016" VPOS="6048" WIDTH="68"/>
						<String CONTENT="The" ID="St_1.1.30.15" HPOS="4140" VPOS="6000" HEIGHT="124" WIDTH="288" STYLEREFS="Style_15" WC="1" CC="000"/>
						<SP ID="SP_1.1.30.16" HPOS="4388" VPOS="6024" WIDTH="92"/>
						<String CONTENT="Oak" ID="St_1.1.30.17" HPOS="4532" VPOS="5996" HEIGHT="132" WIDTH="304" STYLEREFS="Style_15" WC="1" CC="000"/>
					</TextLine>
					<TextLine ID="TL_1.1.31" HPOS="104" VPOS="6176" HEIGHT="164" WIDTH="892">
						<String CONTENT="press" ID="St_1.1.31.1" HPOS="104" VPOS="6224" HEIGHT="116" WIDTH="368" STYLEREFS="Style_15" WC="1" CC="00000"/>
						<SP ID="SP_1.1.31.2" HPOS="440" VPOS="6200" WIDTH="72"/>
						<String CONTENT="[1927]" ID="St_1.1.31.3" HPOS="556" VPOS="6176" HEIGHT="140" WIDTH="440" STYLEREFS="Style_15" WC="0.962222222222222" CC="400000"/>
					</TextLine>
					<TextLine ID="TL_1.1.32" HPOS="264" VPOS="6368" HEIGHT="120" WIDTH="1192">
						<String CONTENT="192" ID="St_1.1.32.1" HPOS="264" VPOS="6372" HEIGHT="96" WIDTH="204" STYLEREFS="Style_15" WC="1" CC="000"/>
						<SP ID="SP_1.1.32.2" HPOS="428" VPOS="6368" WIDTH="68"/>
						<String CONTENT="p." ID="St_1.1.32.3" HPOS="532" VPOS="6400" HEIGHT="88" WIDTH="104" STYLEREFS="Style_15" WC="1" CC="00"/>
						<SP ID="SP_1.1.32.4" HPOS="620" VPOS="6408" WIDTH="84"/>
						<String CONTENT="19&#189;&#x0368;&#x036b;" ID="St_1.1.32.5" HPOS="776" VPOS="6368" HEIGHT="112" WIDTH="680" STYLEREFS="Style_16" WC="0.962222222222222" CC="04000"/>
						<String CONTENT="." ID="St_1.1.32.6" HPOS="1092" VPOS="6408" HEIGHT="52" WIDTH="24" STYLEREFS="Style_16" WC="0.931111111111111" CC="4"/>
					</TextLine>
					<TextLine ID="TL_1.1.33" HPOS="264" VPOS="6504" HEIGHT="124" WIDTH="4572">
						<String CONTENT="Preface" ID="St_1.1.33.1" HPOS="264" VPOS="6508" HEIGHT="100" WIDTH="484" STYLEREFS="Style_16" WC="1" CC="0000000"/>
						<SP ID="SP_1.1.33.2" HPOS="712" VPOS="6516" WIDTH="76"/>
						<String CONTENT="signed:" ID="St_1.1.33.3" HPOS="832" VPOS="6504" HEIGHT="116" WIDTH="460" STYLEREFS="Style_16" WC="1" CC="0000000"/>
						<SP ID="SP_1.1.33.4" HPOS="1280" VPOS="6516" WIDTH="52"/>
						<String CONTENT="Abraham" ID="St_1.1.33.5" HPOS="1380" VPOS="6508" HEIGHT="96" WIDTH="588" STYLEREFS="Style_16" WC="1" CC="0000000"/>
						<SP ID="SP_1.1.33.6" HPOS="1912" VPOS="6516" WIDTH="96"/>
						<String CONTENT="Deutschmeister," ID="St_1.1.33.7" HPOS="2052" VPOS="6504" HEIGHT="120" WIDTH="1032" STYLEREFS="Style_16" WC="1" CC="000000000000000"/>
						<SP ID="SP_1.1.33.8" HPOS="3068" VPOS="6540" WIDTH="52"/>
						<String CONTENT="Charles" ID="St_1.1.33.9" HPOS="3164" VPOS="6508" HEIGHT="100" WIDTH="480" STYLEREFS="Style_16" WC="1" CC="0000000"/>
						<SP ID="SP_1.1.33.10" HPOS="3612" VPOS="6516" WIDTH="68"/>
						<String CONTENT="Taylor" ID="St_1.1.33.11" HPOS="3724" VPOS="6512" HEIGHT="116" WIDTH="432" STYLEREFS="Style_16" WC="1" CC="000000"/>
						<SP ID="SP_1.1.33.12" HPOS="4124" VPOS="6516" WIDTH="68"/>
						<String CONTENT="Wandres," ID="St_1.1.33.13" HPOS="4236" VPOS="6508" HEIGHT="120" WIDTH="600" STYLEREFS="Style_16" WC="0.992222222222222" CC="40000000"/>
					</TextLine>
					<TextLine ID="TL_1.1.34" HPOS="104" VPOS="6640" HEIGHT="100" WIDTH="1376">
						<String CONTENT="Arthur" ID="St_1.1.34.1" HPOS="104" VPOS="6648" HEIGHT="92" WIDTH="436" STYLEREFS="Style_16" WC="1" CC="000000"/>
						<SP ID="SP_1.1.34.2" HPOS="508" VPOS="6652" WIDTH="60"/>
						<String CONTENT="Frank" ID="St_1.1.34.3" HPOS="604" VPOS="6644" HEIGHT="92" WIDTH="392" STYLEREFS="Style_16" WC="1" CC="00000"/>
						<SP ID="SP_1.1.34.4" HPOS="956" VPOS="6640" WIDTH="68"/>
						<String CONTENT="Kn" ID="St_1.1.34.5" HPOS="1060" VPOS="6644" HEIGHT="92" WIDTH="192" STYLEREFS="Style_16" WC="1" CC="00"/>
						<String CONTENT="e" ID="St_1.1.34.6" HPOS="1256" VPOS="6668" HEIGHT="68" WIDTH="64" STYLEREFS="Style_16" WC="1" CC="0"/>
						<String CONTENT="rr." ID="St_1.1.34.7" HPOS="1328" VPOS="6668" HEIGHT="72" WIDTH="152" STYLEREFS="Style_16" WC="1" CC="000"/>
					</TextLine>
					<TextLine ID="TL_1.1.35" HPOS="268" VPOS="6776" HEIGHT="100" WIDTH="1172">
						<String CONTENT="&quot;Revised" ID="St_1.1.35.1" HPOS="268" VPOS="6780" HEIGHT="96" WIDTH="564" STYLEREFS="Style_16" WC="1" CC="00000000"/>
						<SP ID="SP_1.1.35.2" HPOS="792" VPOS="6780" WIDTH="72"/>
						<String CONTENT="edition.&quot;" ID="St_1.1.35.3" HPOS="900" VPOS="6776" HEIGHT="100" WIDTH="540" STYLEREFS="Style_16" WC="1" CC="000000000"/>
					</TextLine>
					<TextLine ID="TL_1.1.36" HPOS="100" VPOS="6908" HEIGHT="124" WIDTH="3836">
						<String CONTENT="&#169;" ID="St_1.1.36.1" HPOS="100" VPOS="6908" HEIGHT="108" WIDTH="116" STYLEREFS="Style_16" WC="0.222222222222222" CC="7"/>
						<SP ID="SP_1.1.36.2" HPOS="216" VPOS="6908" WIDTH="64"/>
						<String CONTENT="M" ID="St_1.1.36.3" HPOS="284" VPOS="6920" HEIGHT="88" WIDTH="112" STYLEREFS="Style_16" WC="0.592222222222222" CC="0"/>
						<String CONTENT="ay" ID="St_1.1.36.4" HPOS="408" VPOS="6940" HEIGHT="88" WIDTH="144" STYLEREFS="Style_16" WC="0.755555555555556" CC="00"/>
						<SP ID="SP_1.1.36.5" HPOS="516" VPOS="6932" WIDTH="64"/>
						<String CONTENT="26," ID="St_1.1.36.6" HPOS="608" VPOS="6916" HEIGHT="108" WIDTH="164" STYLEREFS="Style_16" WC="0.863333333333333" CC="000"/>
						<SP ID="SP_1.1.36.7" HPOS="760" VPOS="6960" WIDTH="44"/>
						<String CONTENT="1927;" ID="St_1.1.36.8" HPOS="840" VPOS="6916" HEIGHT="108" WIDTH="332" STYLEREFS="Style_16" WC="0.917777777777778" CC="00000"/>
						<SP ID="SP_1.1.36.9" HPOS="1156" VPOS="6936" WIDTH="44"/>
						<String CONTENT="2c." ID="St_1.1.36.10" HPOS="1236" VPOS="6916" HEIGHT="96" WIDTH="160" STYLEREFS="Style_16" WC="0.935555555555556" CC="000"/>
						<SP ID="SP_1.1.36.11" HPOS="1384" VPOS="6960" WIDTH="40"/>
						<String CONTENT="and" ID="St_1.1.36.12" HPOS="1460" VPOS="6916" HEIGHT="92" WIDTH="224" STYLEREFS="Style_16" WC="0.946666666666667" CC="000"/>
						<SP ID="SP_1.1.36.13" HPOS="1648" VPOS="6924" WIDTH="64"/>
						<String CONTENT="a" ID="St_1.1.36.14" HPOS="1748" VPOS="6940" HEIGHT="68" WIDTH="64" STYLEREFS="Style_16" WC="0.933333333333333" CC="4"/>
						<String CONTENT="ff." ID="St_1.1.36.15" HPOS="1824" VPOS="6912" HEIGHT="100" WIDTH="120" STYLEREFS="Style_16" WC="0.94" CC="000"/>
						<SP ID="SP_1.1.36.16" HPOS="1932" VPOS="6960" WIDTH="40"/>
						<String CONTENT="June" ID="St_1.1.36.17" HPOS="2008" VPOS="6916" HEIGHT="92" WIDTH="300" STYLEREFS="Style_16" WC="0.948888888888889" CC="0000"/>
						<SP ID="SP_1.1.36.18" HPOS="2276" VPOS="6936" WIDTH="60"/>
						<String CONTENT="1:" ID="St_1.1.36.19" HPOS="2368" VPOS="6920" HEIGHT="96" WIDTH="120" STYLEREFS="Style_16" WC="0.941111111111111" CC="04"/>
						<SP ID="SP_1.1.36.20" HPOS="2480" VPOS="6936" WIDTH="44"/>
						<String CONTENT="A" ID="St_1.1.36.21" HPOS="2560" VPOS="6916" HEIGHT="92" WIDTH="100" STYLEREFS="Style_16" WC="0.944444444444444" CC="0"/>
						<SP ID="SP_1.1.36.22" HPOS="2604" VPOS="6924" WIDTH="84"/>
						<String CONTENT="990326;" ID="St_1.1.36.23" HPOS="2720" VPOS="6912" HEIGHT="112" WIDTH="476" STYLEREFS="Style_16" WC="0.953333333333333" CC="0000000"/>
						<SP ID="SP_1.1.36.24" HPOS="3180" VPOS="6936" WIDTH="48"/>
						<String CONTENT="Oak" ID="St_1.1.36.25" HPOS="3268" VPOS="6916" HEIGHT="96" WIDTH="252" STYLEREFS="Style_16" WC="0.957777777777778" CC="000"/>
						<SP ID="SP_1.1.36.26" HPOS="3476" VPOS="6924" WIDTH="72"/>
						<String CONTENT="press." ID="St_1.1.36.27" HPOS="3580" VPOS="6940" HEIGHT="92" WIDTH="356" STYLEREFS="Style_16" WC="0.962222222222222" CC="000000"/>
					</TextLine>
					<TextLine ID="TL_1.1.37" HPOS="284" VPOS="7048" HEIGHT="124" WIDTH="4348">
						<String CONTENT="(27-12784)" ID="St_1.1.37.1" HPOS="284" VPOS="7052" HEIGHT="112" WIDTH="660" STYLEREFS="Style_16" WC="1" CC="0000000000"/>
						<SP ID="SP_1.1.37.2" HPOS="924" VPOS="7068" WIDTH="3428"/>
						<String CONTENT="4611" ID="St_1.1.37.3" HPOS="4352" VPOS="7048" HEIGHT="104" WIDTH="280" STYLEREFS="Style_16" WC="0.666666666666667" CC="0000"/>
					</TextLine>
					<TextLine ID="TL_1.1.38" HPOS="96" VPOS="7236" HEIGHT="152" WIDTH="2256">
						<String CONTENT="Dickinson," ID="St_1.1.38.1" HPOS="96" VPOS="7236" HEIGHT="148" WIDTH="804" STYLEREFS="Style_16" WC="1" CC="0000000000"/>
						<SP ID="SP_1.1.38.2" HPOS="880" VPOS="7284" WIDTH="60"/>
						<String CONTENT="Emily," ID="St_1.1.38.3" HPOS="984" VPOS="7236" HEIGHT="152" WIDTH="504" STYLEREFS="Style_16" WC="1" CC="000000"/>
						<SP ID="SP_1.1.38.4" HPOS="1468" VPOS="7284" WIDTH="64"/>
						<String CONTENT="1830-1886." ID="St_1.1.38.5" HPOS="1580" VPOS="7248" HEIGHT="120" WIDTH="772" STYLEREFS="Style_16" WC="1" CC="0000000000"/>
					</TextLine>
					<TextLine ID="TL_1.1.39" HPOS="264" VPOS="7424" HEIGHT="168" WIDTH="4548">
						<String CONTENT="Emily" ID="St_1.1.39.1" HPOS="264" VPOS="7424" HEIGHT="164" WIDTH="464" STYLEREFS="Style_16" WC="1" CC="00000"/>
						<SP ID="SP_1.1.39.2" HPOS="680" VPOS="7448" WIDTH="84"/>
						<String CONTENT="Dickinson" ID="St_1.1.39.3" HPOS="804" VPOS="7424" HEIGHT="128" WIDTH="756" STYLEREFS="Style_16" WC="1" CC="000000000"/>
						<SP ID="SP_1.1.39.4" HPOS="1512" VPOS="7448" WIDTH="88"/>
						<String CONTENT="&#133;" ID="St_1.1.39.5" HPOS="1640" VPOS="7428" HEIGHT="144" WIDTH="84" STYLEREFS="Style_16" WC="1" CC="0"/>
						<SP ID="SP_1.1.39.6" HPOS="1760" VPOS="7508" WIDTH="108"/>
						<String CONTENT="New" ID="St_1.1.39.7" HPOS="1968" VPOS="7428" HEIGHT="120" WIDTH="328" STYLEREFS="Style_16" WC="1" CC="000"/>
						<SP ID="SP_1.1.39.8" HPOS="2232" VPOS="7448" WIDTH="104"/>
						<String CONTENT="York" ID="St_1.1.39.9" HPOS="2380" VPOS="7428" HEIGHT="120" WIDTH="384" STYLEREFS="Style_16" WC="1" CC="0000"/>
						<String CONTENT="." ID="St_1.1.39.10" HPOS="2760" VPOS="7476" HEIGHT="68" WIDTH="32" STYLEREFS="Style_16" WC="0.978888888888889" CC="5"/>
						<SP ID="SP_1.1.39.11" HPOS="2784" VPOS="7476" WIDTH="56"/>
						<String CONTENT="Simon" ID="St_1.1.39.12" HPOS="2888" VPOS="7424" HEIGHT="132" WIDTH="476" STYLEREFS="Style_16" WC="0.982222222222222" CC="00000"/>
						<SP ID="SP_1.1.39.13" HPOS="3312" VPOS="7448" WIDTH="88"/>
						<String CONTENT="&amp;" ID="St_1.1.39.14" HPOS="3444" VPOS="7432" HEIGHT="120" WIDTH="104" STYLEREFS="Style_16" WC="0.983333333333333" CC="0"/>
						<SP ID="SP_1.1.39.15" HPOS="3492" VPOS="7428" WIDTH="96"/>
						<String CONTENT="Schuster" ID="St_1.1.39.16" HPOS="3632" VPOS="7424" HEIGHT="132" WIDTH="640" STYLEREFS="Style_16" WC="0.986666666666667" CC="00000000"/>
						<SP ID="SP_1.1.39.17" HPOS="4232" VPOS="7452" WIDTH="80"/>
						<String CONTENT="[" ID="St_1.1.39.18" HPOS="4364" VPOS="7512" HEIGHT="80" WIDTH="32" STYLEREFS="Style_16" WC="0.97" CC="7"/>
						<String CONTENT="&#x0368;" ID="St_1.1.39.19" HPOS="4360" VPOS="7428" HEIGHT="112" WIDTH="56" STYLEREFS="Style_16" WC="0.971111111111111" CC="0"/>
						<String CONTENT="1927" ID="St_1.1.39.20" HPOS="4464" VPOS="7432" HEIGHT="132" WIDTH="316" STYLEREFS="Style_16" WC="0.973333333333333" CC="0000"/>
						<String CONTENT="]" ID="St_1.1.39.21" HPOS="4768" VPOS="7468" HEIGHT="96" WIDTH="44" STYLEREFS="Style_16" WC="0.965555555555556" CC="4"/>
					</TextLine>
					<TextLine ID="TL_1.1.40" HPOS="260" VPOS="7612" HEIGHT="124" WIDTH="2368">
						<String CONTENT="31" ID="St_1.1.40.1" HPOS="260" VPOS="7620" HEIGHT="96" WIDTH="132" STYLEREFS="Style_16" WC="1" CC="00"/>
						<SP ID="SP_1.1.40.2" HPOS="356" VPOS="7612" WIDTH="68"/>
						<String CONTENT="p." ID="St_1.1.40.3" HPOS="460" VPOS="7644" HEIGHT="88" WIDTH="104" STYLEREFS="Style_16" WC="1" CC="00"/>
						<SP ID="SP_1.1.40.4" HPOS="548" VPOS="7652" WIDTH="84"/>
						<String CONTENT="21&#189;&#x0368;&#x036b;." ID="St_1.1.40.5" HPOS="700" VPOS="7620" HEIGHT="108" WIDTH="760" STYLEREFS="Style_16" WC="1" CC="000000"/>
						<SP ID="SP_1.1.40.6" HPOS="1036" VPOS="7652" WIDTH="96"/>
						<String CONTENT="(The" ID="St_1.1.40.7" HPOS="1216" VPOS="7620" HEIGHT="112" WIDTH="300" STYLEREFS="Style_16" WC="1" CC="0000"/>
						<SP ID="SP_1.1.40.8" HPOS="1484" VPOS="7624" WIDTH="64"/>
						<String CONTENT="pamphlet" ID="St_1.1.40.9" HPOS="1584" VPOS="7624" HEIGHT="112" WIDTH="592" STYLEREFS="Style_16" WC="1" CC="00000000"/>
						<SP ID="SP_1.1.40.10" HPOS="2148" VPOS="7616" WIDTH="56"/>
						<String CONTENT="poets)" ID="St_1.1.40.11" HPOS="2240" VPOS="7620" HEIGHT="116" WIDTH="388" STYLEREFS="Style_16" WC="1" CC="000000"/>
					</TextLine>
					<TextLine ID="TL_1.1.41" HPOS="268" VPOS="7752" HEIGHT="120" WIDTH="2052">
						<String CONTENT="&quot;Edited" ID="St_1.1.41.1" HPOS="268" VPOS="7756" HEIGHT="96" WIDTH="480" STYLEREFS="Style_16" WC="1" CC="0000000"/>
						<SP ID="SP_1.1.41.2" HPOS="712" VPOS="7752" WIDTH="72"/>
						<String CONTENT="by" ID="St_1.1.41.3" HPOS="828" VPOS="7756" HEIGHT="112" WIDTH="144" STYLEREFS="Style_16" WC="1" CC="00"/>
						<SP ID="SP_1.1.41.4" HPOS="932" VPOS="7764" WIDTH="72"/>
						<String CONTENT="Louis" ID="St_1.1.41.5" HPOS="1040" VPOS="7756" HEIGHT="96" WIDTH="348" STYLEREFS="Style_16" WC="1" CC="00000"/>
						<SP ID="SP_1.1.41.6" HPOS="1356" VPOS="7764" WIDTH="64"/>
						<String CONTENT="Untermeyer.&quot;" ID="St_1.1.41.7" HPOS="1460" VPOS="7756" HEIGHT="116" WIDTH="860" STYLEREFS="Style_16" WC="0.995555555555556" CC="000000000001"/>
					</TextLine>
					<TextLine ID="TL_1.1.42" HPOS="100" VPOS="7856" HEIGHT="152" WIDTH="4736">
						<String CONTENT="&#169;" ID="St_1.1.42.1" HPOS="100" VPOS="7868" HEIGHT="116" WIDTH="120" STYLEREFS="Style_16" WC="0.666666666666667" CC="3"/>
						<SP ID="SP_1.1.42.2" HPOS="220" VPOS="7856" WIDTH="68"/>
						<String CONTENT="May" ID="St_1.1.42.3" HPOS="296" VPOS="7896" HEIGHT="108" WIDTH="264" STYLEREFS="Style_16" WC="0.866666666666667" CC="000"/>
						<SP ID="SP_1.1.42.4" HPOS="524" VPOS="7900" WIDTH="64"/>
						<String CONTENT="16," ID="St_1.1.42.5" HPOS="624" VPOS="7892" HEIGHT="112" WIDTH="160" STYLEREFS="Style_16" WC="0.925555555555556" CC="000"/>
						<SP ID="SP_1.1.42.6" HPOS="772" VPOS="7924" WIDTH="44"/>
						<String CONTENT="1" ID="St_1.1.42.7" HPOS="852" VPOS="7896" HEIGHT="88" WIDTH="56" STYLEREFS="Style_16" WC="0.938888888888889" CC="0"/>
						<String CONTENT="9" ID="St_1.1.42.8" HPOS="924" VPOS="7892" HEIGHT="92" WIDTH="56" STYLEREFS="Style_16" WC="0.944444444444444" CC="0"/>
						<String CONTENT="27;" ID="St_1.1.42.9" HPOS="996" VPOS="7892" HEIGHT="112" WIDTH="188" STYLEREFS="Style_16" WC="0.955555555555556" CC="000"/>
						<SP ID="SP_1.1.42.10" HPOS="1172" VPOS="7896" WIDTH="44"/>
						<String CONTENT="2c." ID="St_1.1.42.11" HPOS="1256" VPOS="7892" HEIGHT="96" WIDTH="160" STYLEREFS="Style_16" WC="0.964444444444444" CC="000"/>
						<SP ID="SP_1.1.42.12" HPOS="1400" VPOS="7924" WIDTH="48"/>
						<String CONTENT="May" ID="St_1.1.42.13" HPOS="1484" VPOS="7896" HEIGHT="112" WIDTH="268" STYLEREFS="Style_16" WC="0.97" CC="000"/>
						<SP ID="SP_1.1.42.14" HPOS="1712" VPOS="7900" WIDTH="68"/>
						<String CONTENT="27;" ID="St_1.1.42.15" HPOS="1812" VPOS="7896" HEIGHT="108" WIDTH="200" STYLEREFS="Style_16" WC="0.974444444444444" CC="000"/>
						<SP ID="SP_1.1.42.16" HPOS="1996" VPOS="7900" WIDTH="48"/>
						<String CONTENT="aff." ID="St_1.1.42.17" HPOS="2084" VPOS="7892" HEIGHT="100" WIDTH="192" STYLEREFS="Style_16" WC="0.978888888888889" CC="0000"/>
						<SP ID="SP_1.1.42.18" HPOS="2264" VPOS="7924" WIDTH="44"/>
						<String CONTENT="May" ID="St_1.1.42.19" HPOS="2348" VPOS="7896" HEIGHT="108" WIDTH="268" STYLEREFS="Style_16" WC="0.981111111111111" CC="000"/>
						<SP ID="SP_1.1.42.20" HPOS="2580" VPOS="7900" WIDTH="68"/>
						<String CONTENT="28;" ID="St_1.1.42.21" HPOS="2684" VPOS="7892" HEIGHT="112" WIDTH="196" STYLEREFS="Style_16" WC="0.983333333333333" CC="000"/>
						<SP ID="SP_1.1.42.22" HPOS="2864" VPOS="7896" WIDTH="48"/>
						<String CONTENT="A" ID="St_1.1.42.23" HPOS="2948" VPOS="7892" HEIGHT="92" WIDTH="100" STYLEREFS="Style_16" WC="0.983333333333333" CC="0"/>
						<SP ID="SP_1.1.42.24" HPOS="2992" VPOS="7884" WIDTH="84"/>
						<String CONTENT="976853;" ID="St_1.1.42.25" HPOS="3112" VPOS="7892" HEIGHT="112" WIDTH="476" STYLEREFS="Style_16" WC="0.986666666666667" CC="0000000"/>
						<SP ID="SP_1.1.42.26" HPOS="3572" VPOS="7900" WIDTH="52"/>
						<String CONTENT="Simon" ID="St_1.1.42.27" HPOS="3668" VPOS="7896" HEIGHT="96" WIDTH="392" STYLEREFS="Style_16" WC="0.987777777777778" CC="00000"/>
						<SP ID="SP_1.1.42.28" HPOS="4016" VPOS="7900" WIDTH="76"/>
						<String CONTENT="and" ID="St_1.1.42.29" HPOS="4128" VPOS="7900" HEIGHT="92" WIDTH="224" STYLEREFS="Style_16" WC="0.988888888888889" CC="000"/>
						<SP ID="SP_1.1.42.30" HPOS="4312" VPOS="7888" WIDTH="76"/>
						<String CONTENT="Schus-" ID="St_1.1.42.31" HPOS="4432" VPOS="7896" HEIGHT="100" WIDTH="404" STYLEREFS="Style_16" WC="0.99" CC="000000"/>
					</TextLine>
					<TextLine ID="TL_1.1.43" HPOS="260" VPOS="8020" HEIGHT="120" WIDTH="4380">
						<String CONTENT="ter," ID="St_1.1.43.1" HPOS="260" VPOS="8032" HEIGHT="108" WIDTH="208" STYLEREFS="Style_16" WC="1" CC="0000"/>
						<SP ID="SP_1.1.43.2" HPOS="452" VPOS="8056" WIDTH="60"/>
						<String CONTENT="i" ID="St_1.1.43.3" HPOS="564" VPOS="8028" HEIGHT="88" WIDTH="36" STYLEREFS="Style_16" WC="0.944444444444444" CC="3"/>
						<String CONTENT="n" ID="St_1.1.43.4" HPOS="608" VPOS="8056" HEIGHT="60" WIDTH="68" STYLEREFS="Style_16" WC="0.935555555555556" CC="1"/>
						<String CONTENT="c." ID="St_1.1.43.5" HPOS="688" VPOS="8052" HEIGHT="68" WIDTH="88" STYLEREFS="Style_16" WC="0.95" CC="00"/>
						<SP ID="SP_1.1.43.6" HPOS="760" VPOS="8056" WIDTH="96"/>
						<String CONTENT="(27-12791)" ID="St_1.1.43.7" HPOS="944" VPOS="8028" HEIGHT="112" WIDTH="664" STYLEREFS="Style_16" WC="0.977777777777778" CC="0000000000"/>
						<SP ID="SP_1.1.43.8" HPOS="1592" VPOS="8020" WIDTH="2760"/>
						<String CONTENT="4612" ID="St_1.1.43.9" HPOS="4352" VPOS="8028" HEIGHT="100" WIDTH="288" STYLEREFS="Style_16" WC="0.733333333333333" CC="0000"/>
					</TextLine>
					<TextLine ID="TL_1.1.44" HPOS="100" VPOS="8216" HEIGHT="144" WIDTH="1620">
						<String CONTENT="Diserens," ID="St_1.1.44.1" HPOS="100" VPOS="8216" HEIGHT="144" WIDTH="704" STYLEREFS="Style_16" WC="1" CC="000000000"/>
						<SP ID="SP_1.1.44.2" HPOS="784" VPOS="8260" WIDTH="56"/>
						<String CONTENT="Charles" ID="St_1.1.44.3" HPOS="884" VPOS="8216" HEIGHT="128" WIDTH="588" STYLEREFS="Style_16" WC="1" CC="0000000"/>
						<SP ID="SP_1.1.44.4" HPOS="1428" VPOS="8232" WIDTH="72"/>
						<String CONTENT="M." ID="St_1.1.44.5" HPOS="1532" VPOS="8216" HEIGHT="124" WIDTH="188" STYLEREFS="Style_16" WC="1" CC="00"/>
					</TextLine>
					<TextLine ID="TL_1.1.45" HPOS="260" VPOS="8400" HEIGHT="136" WIDTH="4572">
						<String CONTENT="The" ID="St_1.1.45.1" HPOS="260" VPOS="8400" HEIGHT="124" WIDTH="288" STYLEREFS="Style_16" WC="1" CC="000"/>
						<SP ID="SP_1.1.45.2" HPOS="512" VPOS="8420" WIDTH="68"/>
						<String CONTENT="influence" ID="St_1.1.45.3" HPOS="616" VPOS="8400" HEIGHT="124" WIDTH="656" STYLEREFS="Style_16" WC="1" CC="000000000"/>
						<SP ID="SP_1.1.45.4" HPOS="1236" VPOS="8420" WIDTH="68"/>
						<String CONTENT="of" ID="St_1.1.45.5" HPOS="1340" VPOS="8400" HEIGHT="124" WIDTH="148" STYLEREFS="Style_16" WC="1" CC="00"/>
						<SP ID="SP_1.1.45.6" HPOS="1452" VPOS="8400" WIDTH="68"/>
						<String CONTENT="music" ID="St_1.1.45.7" HPOS="1560" VPOS="8404" HEIGHT="124" WIDTH="420" STYLEREFS="Style_16" WC="1" CC="00000"/>
						<SP ID="SP_1.1.45.8" HPOS="1944" VPOS="8424" WIDTH="68"/>
						<String CONTENT="on" ID="St_1.1.45.9" HPOS="2052" VPOS="8448" HEIGHT="80" WIDTH="172" STYLEREFS="Style_16" WC="1" CC="00"/>
						<SP ID="SP_1.1.45.10" HPOS="2172" VPOS="8424" WIDTH="84"/>
						<String CONTENT="behavior," ID="St_1.1.45.11" HPOS="2292" VPOS="8404" HEIGHT="132" WIDTH="688" STYLEREFS="Style_16" WC="1" CC="000000000"/>
						<SP ID="SP_1.1.45.12" HPOS="2960" VPOS="8448" WIDTH="48"/>
						<String CONTENT="by" ID="St_1.1.45.13" HPOS="3048" VPOS="8404" HEIGHT="132" WIDTH="180" STYLEREFS="Style_16" WC="1" CC="00"/>
						<SP ID="SP_1.1.45.14" HPOS="3176" VPOS="8424" WIDTH="84"/>
						<String CONTENT="Charles" ID="St_1.1.45.15" HPOS="3304" VPOS="8404" HEIGHT="132" WIDTH="560" STYLEREFS="Style_16" WC="1" CC="0000000"/>
						<SP ID="SP_1.1.45.16" HPOS="3828" VPOS="8428" WIDTH="68"/>
						<String CONTENT="M" ID="St_1.1.45.17" HPOS="3936" VPOS="8404" HEIGHT="116" WIDTH="140" STYLEREFS="Style_17" WC="0.987777777777778" CC="5"/>
						<String CONTENT="." ID="St_1.1.45.18" HPOS="4096" VPOS="8512" HEIGHT="24" WIDTH="24" STYLEREFS="Style_17" WC="0.987777777777778" CC="0"/>
						<SP ID="SP_1.1.45.19" HPOS="4100" VPOS="8456" WIDTH="56"/>
						<String CONTENT="Diserens" ID="St_1.1.45.20" HPOS="4200" VPOS="8408" HEIGHT="128" WIDTH="632" STYLEREFS="Style_17" WC="0.99" CC="00000000"/>
					</TextLine>
					<TextLine ID="TL_1.1.46" HPOS="432" VPOS="8584" HEIGHT="168" WIDTH="4404">
						<String CONTENT="A" ID="St_1.1.46.1" HPOS="432" VPOS="8588" HEIGHT="120" WIDTH="132" STYLEREFS="Style_17" WC="1" CC="0"/>
						<SP ID="SP_1.1.46.2" HPOS="496" VPOS="8584" WIDTH="164"/>
						<String CONTENT="thesis" ID="St_1.1.46.3" HPOS="660" VPOS="8588" HEIGHT="120" WIDTH="412" STYLEREFS="Style_17" WC="0.95" CC="000000"/>
						<SP ID="SP_1.1.46.4" HPOS="1036" VPOS="8608" WIDTH="84"/>
						<String CONTENT="presented" ID="St_1.1.46.5" HPOS="1172" VPOS="8588" HEIGHT="156" WIDTH="704" STYLEREFS="Style_17" WC="0.975555555555556" CC="000000000"/>
						<SP ID="SP_1.1.46.6" HPOS="1828" VPOS="8584" WIDTH="100"/>
						<String CONTENT="as" ID="St_1.1.46.7" HPOS="1984" VPOS="8632" HEIGHT="80" WIDTH="140" STYLEREFS="Style_17" WC="0.978888888888889" CC="00"/>
						<SP ID="SP_1.1.46.8" HPOS="2092" VPOS="8608" WIDTH="80"/>
						<String CONTENT="part" ID="St_1.1.46.9" HPOS="2224" VPOS="8600" HEIGHT="148" WIDTH="316" STYLEREFS="Style_17" WC="0.983333333333333" CC="0000"/>
						<SP ID="SP_1.1.46.10" HPOS="2508" VPOS="8592" WIDTH="76"/>
						<String CONTENT="of" ID="St_1.1.46.11" HPOS="2636" VPOS="8588" HEIGHT="124" WIDTH="156" STYLEREFS="Style_17" WC="0.984444444444444" CC="00"/>
						<SP ID="SP_1.1.46.12" HPOS="2756" VPOS="8584" WIDTH="76"/>
						<String CONTENT="the" ID="St_1.1.46.13" HPOS="2884" VPOS="8588" HEIGHT="124" WIDTH="232" STYLEREFS="Style_17" WC="0.986666666666667" CC="000"/>
						<SP ID="SP_1.1.46.14" HPOS="3076" VPOS="8608" WIDTH="84"/>
						<String CONTENT="requirements" ID="St_1.1.46.15" HPOS="3212" VPOS="8592" HEIGHT="160" WIDTH="968" STYLEREFS="Style_17" WC="0.99" CC="000000000000"/>
						<SP ID="SP_1.1.46.16" HPOS="4144" VPOS="8612" WIDTH="84"/>
						<String CONTENT="for" ID="St_1.1.46.17" HPOS="4284" VPOS="8596" HEIGHT="124" WIDTH="224" STYLEREFS="Style_17" WC="0.991111111111111" CC="000"/>
						<SP ID="SP_1.1.46.18" HPOS="4468" VPOS="8612" WIDTH="84"/>
						<String CONTENT="the" ID="St_1.1.46.19" HPOS="4604" VPOS="8596" HEIGHT="124" WIDTH="232" STYLEREFS="Style_17" WC="0.991111111111111" CC="000"/>
					</TextLine>
					<TextLine ID="TL_1.1.47" HPOS="100" VPOS="8764" HEIGHT="180" WIDTH="4732">
						<String CONTENT="degree" ID="St_1.1.47.1" HPOS="100" VPOS="8768" HEIGHT="164" WIDTH="476" STYLEREFS="Style_17" WC="1" CC="000000"/>
						<SP ID="SP_1.1.47.2" HPOS="540" VPOS="8788" WIDTH="64"/>
						<String CONTENT="of" ID="St_1.1.47.3" HPOS="640" VPOS="8768" HEIGHT="128" WIDTH="156" STYLEREFS="Style_17" WC="1" CC="00"/>
						<SP ID="SP_1.1.47.4" HPOS="760" VPOS="8764" WIDTH="64"/>
						<String CONTENT="doctor" ID="St_1.1.47.5" HPOS="860" VPOS="8772" HEIGHT="124" WIDTH="468" STYLEREFS="Style_17" WC="1" CC="000000"/>
						<SP ID="SP_1.1.47.6" HPOS="1292" VPOS="8788" WIDTH="64"/>
						<String CONTENT="of" ID="St_1.1.47.7" HPOS="1396" VPOS="8768" HEIGHT="128" WIDTH="152" STYLEREFS="Style_17" WC="1" CC="00"/>
						<SP ID="SP_1.1.47.8" HPOS="1512" VPOS="8764" WIDTH="68"/>
						<String CONTENT="philosophy" ID="St_1.1.47.9" HPOS="1616" VPOS="8772" HEIGHT="164" WIDTH="828" STYLEREFS="Style_17" WC="1" CC="0000000000"/>
						<SP ID="SP_1.1.47.10" HPOS="2392" VPOS="8788" WIDTH="80"/>
						<String CONTENT="in" ID="St_1.1.47.11" HPOS="2508" VPOS="8772" HEIGHT="124" WIDTH="144" STYLEREFS="Style_17" WC="1" CC="00"/>
						<SP ID="SP_1.1.47.12" HPOS="2600" VPOS="8788" WIDTH="84"/>
						<String CONTENT="the" ID="St_1.1.47.13" HPOS="2724" VPOS="8776" HEIGHT="120" WIDTH="228" STYLEREFS="Style_17" WC="1" CC="000"/>
						<SP ID="SP_1.1.47.14" HPOS="2912" VPOS="8788" WIDTH="72"/>
						<String CONTENT="Department" ID="St_1.1.47.15" HPOS="3024" VPOS="8776" HEIGHT="156" WIDTH="900" STYLEREFS="Style_17" WC="1" CC="0000000000"/>
						<SP ID="SP_1.1.47.16" HPOS="3892" VPOS="8776" WIDTH="64"/>
						<String CONTENT="of" ID="St_1.1.47.17" HPOS="3996" VPOS="8776" HEIGHT="128" WIDTH="152" STYLEREFS="Style_17" WC="1" CC="00"/>
						<SP ID="SP_1.1.47.18" HPOS="4108" VPOS="8768" WIDTH="68"/>
						<String CONTENT="psycho" ID="St_1.1.47.19" HPOS="4216" VPOS="8780" HEIGHT="164" WIDTH="504" STYLEREFS="Style_17" WC="1" CC="000000"/>
						<String CONTENT="l" ID="St_1.1.47.20" HPOS="4728" VPOS="8780" HEIGHT="120" WIDTH="48" STYLEREFS="Style_17" WC="1" CC="0"/>
						<String CONTENT="-" ID="St_1.1.47.21" HPOS="4788" VPOS="8860" HEIGHT="16" WIDTH="44" STYLEREFS="Style_17" WC="1" CC="0"/>
					</TextLine>
					<TextLine ID="TL_1.1.48" HPOS="100" VPOS="8952" HEIGHT="164" WIDTH="4732">
						<String CONTENT="ogy" ID="St_1.1.48.1" HPOS="100" VPOS="8996" HEIGHT="120" WIDTH="260" STYLEREFS="Style_17" WC="1" CC="000"/>
						<SP ID="SP_1.1.48.2" HPOS="312" VPOS="8972" WIDTH="96"/>
						<String CONTENT="of" ID="St_1.1.48.3" HPOS="460" VPOS="8956" HEIGHT="124" WIDTH="152" STYLEREFS="Style_17" WC="1" CC="00"/>
						<SP ID="SP_1.1.48.4" HPOS="576" VPOS="8952" WIDTH="84"/>
						<String CONTENT="the" ID="St_1.1.48.5" HPOS="712" VPOS="8956" HEIGHT="120" WIDTH="228" STYLEREFS="Style_17" WC="1" CC="000"/>
						<SP ID="SP_1.1.48.6" HPOS="904" VPOS="8976" WIDTH="84"/>
						<String CONTENT="University" ID="St_1.1.48.7" HPOS="1040" VPOS="8956" HEIGHT="160" WIDTH="800" STYLEREFS="Style_17" WC="1" CC="0000000000"/>
						<SP ID="SP_1.1.48.8" HPOS="1792" VPOS="8976" WIDTH="100"/>
						<String CONTENT="of" ID="St_1.1.48.9" HPOS="1948" VPOS="8956" HEIGHT="124" WIDTH="148" STYLEREFS="Style_17" WC="1" CC="00"/>
						<SP ID="SP_1.1.48.10" HPOS="2060" VPOS="8952" WIDTH="92"/>
						<String CONTENT="Cincinnati." ID="St_1.1.48.11" HPOS="2208" VPOS="8956" HEIGHT="128" WIDTH="820" STYLEREFS="Style_17" WC="1" CC="00000000000"/>
						<SP ID="SP_1.1.48.12" HPOS="3012" VPOS="9004" WIDTH="108"/>
						<String CONTENT="Princeton," ID="St_1.1.48.13" HPOS="3220" VPOS="8960" HEIGHT="136" WIDTH="772" STYLEREFS="Style_17" WC="1" CC="0000000000"/>
						<SP ID="SP_1.1.48.14" HPOS="3972" VPOS="9008" WIDTH="72"/>
						<String CONTENT="Princeton" ID="St_1.1.48.15" HPOS="4100" VPOS="8968" HEIGHT="120" WIDTH="732" STYLEREFS="Style_17" WC="1" CC="000000000"/>
					</TextLine>
					<TextLine ID="TL_1.1.49" HPOS="100" VPOS="9136" HEIGHT="164" WIDTH="1664">
						<String CONTENT="university" ID="St_1.1.49.1" HPOS="100" VPOS="9136" HEIGHT="160" WIDTH="752" STYLEREFS="Style_17" WC="1" CC="0000000000"/>
						<SP ID="SP_1.1.49.2" HPOS="800" VPOS="9160" WIDTH="80"/>
						<String CONTENT="press," ID="St_1.1.49.3" HPOS="916" VPOS="9184" HEIGHT="116" WIDTH="412" STYLEREFS="Style_17" WC="1" CC="000000"/>
						<SP ID="SP_1.1.49.4" HPOS="1312" VPOS="9184" WIDTH="52"/>
						<String CONTENT="1926." ID="St_1.1.49.5" HPOS="1404" VPOS="9148" HEIGHT="116" WIDTH="360" STYLEREFS="Style_17" WC="1" CC="00000"/>
					</TextLine>
					<TextLine ID="TL_1.1.50" HPOS="260" VPOS="9328" HEIGHT="120" WIDTH="2680">
						<String CONTENT="3" ID="St_1.1.50.1" HPOS="260" VPOS="9332" HEIGHT="96" WIDTH="64" STYLEREFS="Style_17" WC="1" CC="0"/>
						<SP ID="SP_1.1.50.2" HPOS="288" VPOS="9328" WIDTH="68"/>
						<String CONTENT="p." ID="St_1.1.50.3" HPOS="392" VPOS="9356" HEIGHT="88" WIDTH="100" STYLEREFS="Style_17" WC="1" CC="00"/>
						<SP ID="SP_1.1.50.4" HPOS="476" VPOS="9368" WIDTH="44"/>
						<String CONTENT="l" ID="St_1.1.50.5" HPOS="552" VPOS="9332" HEIGHT="92" WIDTH="40" STYLEREFS="Style_17" WC="1" CC="0"/>
						<String CONTENT=".," ID="St_1.1.50.6" HPOS="604" VPOS="9404" HEIGHT="36" WIDTH="56" STYLEREFS="Style_17" WC="1" CC="00"/>
						<SP ID="SP_1.1.50.7" HPOS="644" VPOS="9364" WIDTH="44"/>
						<String CONTENT="224" ID="St_1.1.50.8" HPOS="724" VPOS="9332" HEIGHT="96" WIDTH="204" STYLEREFS="Style_17" WC="1" CC="000"/>
						<SP ID="SP_1.1.50.9" HPOS="892" VPOS="9328" WIDTH="64"/>
						<String CONTENT="p." ID="St_1.1.50.10" HPOS="992" VPOS="9356" HEIGHT="92" WIDTH="104" STYLEREFS="Style_17" WC="1" CC="00"/>
						<SP ID="SP_1.1.50.11" HPOS="1080" VPOS="9368" WIDTH="80"/>
						<String CONTENT="tables," ID="St_1.1.50.12" HPOS="1228" VPOS="9336" HEIGHT="112" WIDTH="404" STYLEREFS="Style_17" WC="1" CC="0000000"/>
						<SP ID="SP_1.1.50.13" HPOS="1616" VPOS="9368" WIDTH="48"/>
						<String CONTENT="diagrs." ID="St_1.1.50.14" HPOS="1700" VPOS="9336" HEIGHT="112" WIDTH="428" STYLEREFS="Style_17" WC="1" CC="0000000"/>
						<SP ID="SP_1.1.50.15" HPOS="2112" VPOS="9368" WIDTH="80"/>
						<String CONTENT="23&#189;&#x0368;&#x036b;." ID="St_1.1.50.16" HPOS="2260" VPOS="9336" HEIGHT="104" WIDTH="680" STYLEREFS="Style_17" WC="0.984444444444444" CC="000005"/>
					</TextLine>
					<TextLine ID="TL_1.1.51" HPOS="108" VPOS="9428" HEIGHT="148" WIDTH="4716">
						<String CONTENT="&#169;" ID="St_1.1.51.1" HPOS="108" VPOS="9428" HEIGHT="108" WIDTH="108" STYLEREFS="Style_17" WC="0.222222222222222" CC="7"/>
						<SP ID="SP_1.1.51.2" HPOS="164" VPOS="9440" WIDTH="100"/>
						<String CONTENT="Dec." ID="St_1.1.51.3" HPOS="308" VPOS="9464" HEIGHT="100" WIDTH="264" STYLEREFS="Style_17" WC="0.795555555555556" CC="0000"/>
						<SP ID="SP_1.1.51.4" HPOS="556" VPOS="9496" WIDTH="52"/>
						<String CONTENT="2." ID="St_1.1.51.5" HPOS="648" VPOS="9468" HEIGHT="100" WIDTH="96" STYLEREFS="Style_17" WC="0.863333333333333" CC="00"/>
						<SP ID="SP_1.1.51.6" HPOS="732" VPOS="9496" WIDTH="48"/>
						<String CONTENT="1" ID="St_1.1.51.7" HPOS="820" VPOS="9472" HEIGHT="88" WIDTH="56" STYLEREFS="Style_17" WC="0.888888888888889" CC="0"/>
						<String CONTENT="9" ID="St_1.1.51.8" HPOS="892" VPOS="9468" HEIGHT="92" WIDTH="60" STYLEREFS="Style_17" WC="0.897777777777778" CC="0"/>
						<String CONTENT="2" ID="St_1.1.51.9" HPOS="956" VPOS="9468" HEIGHT="92" WIDTH="64" STYLEREFS="Style_17" WC="0.905555555555556" CC="0"/>
						<String CONTENT="6" ID="St_1.1.51.10" HPOS="1032" VPOS="9460" HEIGHT="88" WIDTH="64" STYLEREFS="Style_17" WC="0.88" CC="4"/>
						<String CONTENT=";" ID="St_1.1.51.11" HPOS="1132" VPOS="9492" HEIGHT="84" WIDTH="24" STYLEREFS="Style_17" WC="0.888888888888889" CC="0"/>
						<SP ID="SP_1.1.51.12" HPOS="1140" VPOS="9472" WIDTH="52"/>
						<String CONTENT="2c." ID="St_1.1.51.13" HPOS="1236" VPOS="9468" HEIGHT="96" WIDTH="160" STYLEREFS="Style_17" WC="0.912222222222222" CC="000"/>
						<SP ID="SP_1.1.51.14" HPOS="1380" VPOS="9496" WIDTH="52"/>
						<String CONTENT="and" ID="St_1.1.51.15" HPOS="1476" VPOS="9472" HEIGHT="92" WIDTH="224" STYLEREFS="Style_17" WC="0.926666666666667" CC="000"/>
						<SP ID="SP_1.1.51.16" HPOS="1660" VPOS="9460" WIDTH="76"/>
						<String CONTENT="a" ID="St_1.1.51.17" HPOS="1776" VPOS="9496" HEIGHT="68" WIDTH="56" STYLEREFS="Style_17" WC="0.915555555555556" CC="4"/>
						<String CONTENT="ff." ID="St_1.1.51.18" HPOS="1852" VPOS="9472" HEIGHT="96" WIDTH="120" STYLEREFS="Style_17" WC="0.924444444444444" CC="000"/>
						<SP ID="SP_1.1.51.19" HPOS="1956" VPOS="9500" WIDTH="52"/>
						<String CONTENT="June" ID="St_1.1.51.20" HPOS="2052" VPOS="9472" HEIGHT="92" WIDTH="300" STYLEREFS="Style_17" WC="0.935555555555556" CC="0000"/>
						<SP ID="SP_1.1.51.21" HPOS="2320" VPOS="9472" WIDTH="64"/>
						<String CONTENT="13," ID="St_1.1.51.22" HPOS="2424" VPOS="9472" HEIGHT="104" WIDTH="164" STYLEREFS="Style_17" WC="0.93" CC="004"/>
						<SP ID="SP_1.1.51.23" HPOS="2572" VPOS="9500" WIDTH="52"/>
						<String CONTENT="1927;" ID="St_1.1.51.24" HPOS="2668" VPOS="9472" HEIGHT="92" WIDTH="324" STYLEREFS="Style_17" WC="0.94" CC="00000"/>
						<SP ID="SP_1.1.51.25" HPOS="2984" VPOS="9476" WIDTH="56"/>
						<String CONTENT="A" ID="St_1.1.51.26" HPOS="3088" VPOS="9472" HEIGHT="92" WIDTH="96" STYLEREFS="Style_17" WC="0.942222222222222" CC="0"/>
						<SP ID="SP_1.1.51.27" HPOS="3128" VPOS="9460" WIDTH="88"/>
						<String CONTENT="976992;" ID="St_1.1.51.28" HPOS="3260" VPOS="9476" HEIGHT="96" WIDTH="464" STYLEREFS="Style_17" WC="0.951111111111111" CC="0000000"/>
						<SP ID="SP_1.1.51.29" HPOS="3716" VPOS="9476" WIDTH="56"/>
						<String CONTENT="Princeton" ID="St_1.1.51.30" HPOS="3824" VPOS="9476" HEIGHT="96" WIDTH="612" STYLEREFS="Style_17" WC="0.958888888888889" CC="000000000"/>
						<SP ID="SP_1.1.51.31" HPOS="4392" VPOS="9480" WIDTH="80"/>
						<String CONTENT="univ." ID="St_1.1.51.32" HPOS="4520" VPOS="9476" HEIGHT="100" WIDTH="304" STYLEREFS="Style_17" WC="0.962222222222222" CC="00000"/>
					</TextLine>
					<TextLine ID="TL_1.1.52" HPOS="264" VPOS="9596" HEIGHT="120" WIDTH="4340">
						<String CONTENT="press." ID="St_1.1.52.1" HPOS="264" VPOS="9624" HEIGHT="92" WIDTH="356" STYLEREFS="Style_17" WC="1" CC="000000"/>
						<SP ID="SP_1.1.52.2" HPOS="604" VPOS="9596" WIDTH="3720"/>
						<String CONTENT="4613" ID="St_1.1.52.3" HPOS="4324" VPOS="9608" HEIGHT="100" WIDTH="280" STYLEREFS="Style_17" WC="0.636666666666667" CC="0000"/>
					</TextLine>
					<TextLine ID="TL_1.1.53" HPOS="2360" VPOS="9728" HEIGHT="132" WIDTH="240">
						<String CONTENT="701" ID="St_1.1.53.1" HPOS="2360" VPOS="9728" HEIGHT="132" WIDTH="240" STYLEREFS="Style_17" WC="1" CC="000"/>
					</TextLine>
				</TextBlock>
			</PrintSpace>
		</Page>
	</Layout>
</alto>
