5968 10284
956 996 776 144 Guernsey,
1804 984 672 132 Welburn
2548 980 568 148 McCoy.

1128 1176 236 132 107
1440 1172 588 168 positive
2104 1212 372 120 ways
2552 1184 136 108 to
2772 1164 424 168 easily
3272 1164 324 168 gain
3676 1164 512 160 health,
4264 1164 740 160 happiness
5084 1164 272 128 and
5440 1208 276 84 suc-

956 1392 272 100 cess
1340 1364 84 148 …
1504 1364 184 160 by
1740 1360 668 124 Welburn
2464 1348 532 168 McCoy
3056 1348 744 168 Guernsey.
3952 1348 1000 164 Indianapolis,
5016 1348 356 144 Ind.,
5440 1352 288 124 The

956 1548 704 164 Guernsey
1720 1540 808 168 publishing
2584 1584 188 84 co.
2860 1536 416 164 [ͨ1927
3272 1584 40 96 ]

1124 1744 200 112 xii,
1388 1744 204 96 329
1652 1764 104 92 p.
1900 1740 1024 108 19ͨͫ.

968 1848 116 112 ©
1152 1884 300 88 June
1512 1876 164 112 18,
1740 1876 132 92 19
1876 1876 64 92 2
1952 1876 124 108 7;
2136 1876 164 96 2c.
2364 1872 300 96 June
2724 1872 196 108 24;
2988 1868 192 96 aff.
3252 1872 300 92 June
3612 1868 196 112 22;
3876 1868 100 92 A
4032 1864 480 116 996230;
4584 1864 592 116 Guernsey
5240 1868 228 116 pub
5484 1944 16 24 .
5568 1896 56 64 c
5632 1892 60 68 o
5708 1948 20 20 .

1152 2012 668 116 (27-14375)
5244 1996 284 104 5369

960 2212 292 120 The
1320 2208 512 148 Happy
1896 2200 748 164 magazine.
2824 2244 120 80 v.
3024 2204 192 152 11,
3284 2240 212 80 no.
3572 2204 196 152 62,
3836 2196 380 164 July,
4292 2196 356 124 1927.

1156 2372 64 112 ©
1224 2404 152 112 1c
1296 2480 16 20 .
1388 2404 292 96 June
1740 2396 160 120 16,
1968 2400 60 92 1
2040 2400 60 92 9
2108 2404 192 108 27;
2376 2396 96 96 A
2536 2400 144 92 ad
2740 2396 208 96 int.
3012 2396 140 92 95
3156 2392 196 116 84;
3420 2396 344 116 pubd.
3832 2396 300 92 June
4192 2396 64 92 3
4300 2416 20 88 ;
4400 2392 432 116 George
4900 2396 516 92 Newnes.
5488 2392 240 116 ltd.,

1128 2540 504 96 London.
5248 2524 288 104 5370

968 2732 532 152 Hardy,
1572 2728 504 124 Alfred
2152 2724 412 132 Cecil.

1128 2920 736 124 American
1968 2912 312 164 ship
2384 2924 460 148 types;
2960 2956 72 80 a
3140 2908 492 128 review
3740 2908 156 128 of
4000 2908 228 124 the
4332 2908 420 160 work,
4856 2908 856 128 characteris-

968 3108 288 156 tics,
1336 3104 272 124 and
1684 3096 924 132 construction
2688 3096 160 128 of
2924 3096 308 164 ship
3312 3108 396 152 types
3792 3096 604 164 peculiar
4480 3108 140 112 to
4700 3096 228 124 the
5012 3108 484 116 waters
5580 3096 156 128 of

968 3296 220 124 the
1252 3288 444 128 North
1760 3288 732 124 American
2552 3284 740 160 continent,
3348 3284 184 160 by
3588 3280 172 128 A.
3828 3280 148 132 C.
4044 3284 500 160 Hardy
4624 3300 84 144 …
4912 3284 328 124 New
5312 3280 424 168 York,

968 3484 164 124 D.
1208 3480 308 128 Van
1596 3472 696 128 Nostrand
2368 3512 712 120 company,
3152 3468 304 164 inc.,
3536 3464 364 132 1927.

1132 3676 152 100 xi.
1348 3672 208 96 262
1620 3696 104 92 p.
1852 3672 80 92 il
1944 3672 216 96 lus.
2232 3668 172 112 (in
2416 3672 100 92 cl
2532 3744 20 20 .
2620 3668 388 112 maps)
3092 3664 432 116 diagrs.
3592 3668 116 112 (1
3776 3660 344 112 fold.)
4272 3668 648 112 22ͨͫ.
4828 3660 312 116 $5.00

980 3780 116 108 ©
1176 3816 268 108 May
1512 3812 168 108 23,
1752 3808 336 108 1927;
2164 3804 160 96 2c.
2396 3804 300 96 June
2764 3804 128 108 3;
2972 3800 196 100 aff.
3240 3804 300 92 June
3612 3800 200 112 16;
3888 3804 96 92 A
4056 3800 476 112 996039;
4612 3804 136 96 D.
4820 3804 252 96 Van
5148 3804 592 96 Nostrand

1136 3972 128 72 co
1280 4020 48 28 .,
1432 3948 216 92 inc.
1816 3940 672 116 (27-14321)
5252 3936 284 100 5371

972 4144 204 120 He
1196 4140 44 124 f
1228 4140 344 148 fter,
1648 4132 600 148 Arthur,
2324 4176 60 84 e
2396 4136 128 124 d.

1140 4324 780 124 Handbuch
2044 4324 240 120 der
2404 4320 1196 160 experimentellen
3720 4320 1168 164 pharmakologie,
5008 4320 740 128 bearbeitet

984 4560 260 76 von
1300 4516 112 120 B
1440 4612 16 24 .
1528 4512 608 124 Behrens
2236 4524 80 128 …
2416 4508 132 124 J.
2620 4504 108 128 C
2744 4608 24 24 .
2836 4508 112 120 B
2968 4548 148 84 oc
3120 4504 92 124 k
3280 4524 80 128 …
3512 4544 36 96 [
3548 4548 128 84 u.
3744 4508 160 124 a.]
3980 4504 92 120 h
4080 4548 268 120 rsg.
4416 4548 264 84 von
4744 4508 168 124 A.
4976 4504 308 128 Hef
5252 4504 60 124 f
5316 4520 208 112 ter
5608 4524 76 128 …

980 4700 60 120 f
1052 4712 384 152 ortge
1448 4696 144 140 fü
1612 4696 228 124 hrt
1920 4736 264 84 von
2252 4696 180 124 W
2444 4796 24 20 .
2552 4692 652 124 Heubner
3284 4716 72 128 …
3608 4700 108 116 3.
3800 4692 220 124 bd.
4192 4704 104 112 1.
4380 4692 444 152 hälfte
4904 4720 72 128 …
5228 4700 116 120 B
5360 4696 388 160 erlin,

972 4888 92 124 J
1080 4988 20 24 .
1184 4888 712 160 Springer,
1968 4876 356 132 1927.

1136 5112 68 68 v
1216 5084 32 92 i
1264 5084 32 92 i
1312 5156 20 32 .
1412 5132 20 68 [
1428 5108 36 80 1
1444 5084 56 92 ]
1560 5156 20 36 ,
1656 5080 204 96 619
1932 5108 100 88 p.
2168 5080 680 112 26ͨͫ.

1044 5208 72 120 ©
1188 5220 268 96 Feb.
1536 5216 160 116 10,
1780 5208 364 120 1927;
2204 5216 56 92 1
2248 5156 116 156 c.
2448 5216 272 108 May
2804 5212 60 96 6
2904 5236 20 88 ;
3020 5212 96 92 A
3116 5268 144 8 —
3264 5212 496 112 Foreign
3840 5176 408 148 34788;
4336 5212 392 96 Julius
4820 5212 580 120 Springer.

5260 5344 292 104 5372

1232 5544 80 144 …
1392 5540 288 124 The
1768 5540 564 148 history
2420 5536 152 124 of
2664 5536 772 124 Yaballaha
3520 5544 240 144 III
3760 5544 80 144 ,
3820 5536 732 124 Nestorian
4640 5540 740 160 patriarch,
5476 5540 264 124 and

976 5732 156 124 of
1196 5732 208 124 his
1476 5728 420 160 vicar,
1968 5728 280 124 Bar
2332 5720 544 168 Sauma,
2948 5724 568 164 Mongol
3592 5720 872 132 ambassador
4536 5740 140 112 to
4752 5728 232 124 the
5056 5724 684 128 Frankish

980 5928 448 116 courts
1516 5928 144 108 at
1748 5912 228 124 the
2068 5912 260 124 end
2416 5908 156 128 of
2660 5912 228 124 the
2980 5908 756 128 thirteenth
3828 5916 612 156 century,
4528 5912 760 124 translated
5384 5912 360 128 from

984 6116 48 108 t
1040 6104 168 124 he
1284 6096 408 168 Syria
1704 6140 64 84 c
1844 6096 268 124 and
2192 6096 740 124 annotated
3008 6092 180 164 by
3260 6092 464 132 James
3800 6092 172 128 A.
4048 6092 964 172 Montgomery
5092 6100 84 144 …
5416 6096 332 132 New

984 6284 428 160 York,
1472 6276 720 136 Columbia
2248 6276 764 168 university
3072 6320 416 120 press,
3556 6276 360 132 1927.

1160 6468 52 88 5
1300 6504 100 84 p.
1488 6480 28 88 l
1540 6552 52 28 .,
1684 6472 136 100 82
1904 6500 104 88 p.
2152 6472 752 108 23½ͨͫ.
2668 6472 456 116 (Added
3224 6480 284 108 t.-p.:
3596 6472 512 96 Records
4196 6472 124 96 of
4404 6472 784 100 civilization:
5284 6500 464 76 sources

984 6640 56 68 a
1064 6612 144 96 nd
1296 6608 476 104 studies,
1860 6612 172 92 ed.
2112 6608 368 92 under
2560 6612 196 88 the
2836 6604 528 116 auspices
3444 6604 124 96 of
3648 6604 196 96 the
3928 6612 768 112 Department
4772 6612 128 92 of
4984 6612 484 116 history,
5552 6612 196 100 Co-

988 6744 428 96 lumbia
1480 6740 708 112 university)

1156 6880 276 92 This
1536 6876 700 96 translation
2332 6872 460 96 follows
2888 6876 196 92 the
3180 6876 252 92 text
3532 6872 124 96 of
3752 6876 292 92 Paul
4144 6876 368 112 Bedja
4528 6904 72 68 n
4612 6876 84 96 's
4796 6876 432 96 edition
5332 6880 120 92 of
5556 6880 192 96 the

992 7012 404 116 Syriac
1464 7008 716 112 manuscript
2248 7008 604 112 published
2924 7008 120 92 in
3108 7008 204 96 189
3316 7000 64 92 5
3396 7084 24 20 .
3564 7032 56 72 c
3628 7008 80 112 f.
3780 7008 440 96 Introd.

1160 7148 300 92 "The
1540 7148 464 112 present
2084 7144 644 92 translator
2804 7144 208 92 has
3088 7140 448 96 limited
3616 7140 184 96 his
3876 7144 264 92 task
4220 7148 116 88 to
4416 7144 192 92 the
4688 7144 256 96 first
5024 7144 256 96 half
5356 7144 124 96 of
5556 7148 192 96 the

992 7280 632 116 biography
1700 7276 196 112 (99
1948 7300 60 72 o
2020 7284 128 88 ut
2204 7276 124 96 of
2384 7272 204 96 205
2644 7272 460 116 printed
3164 7272 788 116 pages)."—p.
4016 7276 164 96 24.

992 7396 120 112 ©
1204 7412 120 88 M
1328 7440 56 68 a
1404 7444 68 84 y
1552 7412 164 116 26,
1800 7416 52 88 1
1872 7412 60 92 9
1940 7412 196 108 27;
2224 7412 160 96 2c.
2472 7412 268 108 May
2824 7408 196 108 31;
3112 7408 196 96 aff.
3392 7408 304 96 June
3776 7412 64 92 3
3880 7436 24 84 ;
3996 7412 96 92 A
4176 7408 472 100 990352:
4748 7412 600 96 Columbia
5432 7412 308 100 univ.

1152 7576 360 88 press.
1680 7544 664 120 (27-14341)
5240 7544 284 100 5373

988 7740 432 144 Horn,
1492 7736 500 124 Alfred
2064 7732 716 152 Aloysius,
2852 7736 460 156 pseud.

1152 7924 528 124 Trader
1748 7924 468 156 Horn;
2300 7916 412 164 being
2784 7920 228 124 the
3084 7916 256 128 life
3420 7924 272 120 and
3768 7920 440 128 works
4288 7916 156 132 of
4516 7920 508 128 Alfred
5100 7924 648 164 Aloysius

992 8108 464 124 Horn:
1528 8148 172 80 an
1760 8104 68 60 "
1840 8108 132 120 ol
1984 8108 84 120 d
2128 8104 328 124 visit
2460 8124 72 96 e
2536 8104 148 124 r"
2764 8108 72 144 …
3044 8116 60 112 t
3108 8104 164 124 he
3336 8100 444 128 works
3840 8104 552 128 written
4452 8104 184 164 by
4692 8104 564 128 himself
5320 8152 72 80 a
5396 8120 68 112 t
5516 8108 232 124 the

992 8336 244 120 age
1308 8288 156 124 of
1528 8288 996 160 seventy-three
2596 8288 268 124 and
2932 8288 232 124 the
3232 8284 296 164 life,
3600 8288 336 124 with
4008 8292 324 120 such
4408 8288 156 124 of
4628 8288 212 128 his
4920 8288 824 168 philosophy

992 8520 144 84 as
1236 8476 108 124 is
1448 8472 224 128 the
1768 8472 284 160 gift
2152 8472 152 124 of
2400 8516 248 120 age
2748 8472 268 124 and
3120 8472 820 160 experience,
4044 8472 408 128 taken
4552 8476 404 124 down
5056 8480 268 120 and
5432 8472 308 132 here

996 8660 444 124 edited
1536 8660 176 160 by
1804 8660 352 120 Ethe
2168 8660 44 120 l
2224 8660 320 120 reda
2636 8656 504 160 Lewis;
3240 8656 336 124 with
3668 8700 76 80 a
3840 8656 684 128 foreword
4620 8660 172 164 by
4884 8660 376 128 John
5352 8660 384 132 Gals-

996 8844 568 160 worthy.
1728 8844 328 120 New
2132 8840 428 160 York,
2632 8844 288 120 The
2996 8844 636 160 Literary
3704 8844 388 160 guild
4168 8840 156 128 of
4392 8844 676 160 America,
5152 8844 352 128 1927.

1160 9036 208 96 viii
1440 9060 132 88 p.,
1640 9036 60 92 1
1768 9032 44 88 l
1820 9108 56 36 .,
1944 9032 204 100 302
2212 9060 104 88 p.
2456 9032 356 100 front.
2884 9036 408 112 (port.)
3384 9036 308 96 illus.
3756 9036 484 112 (music)
4404 9036 756 108 23½ͨͫ.

1168 9172 328 108 Maps
1564 9192 140 72 on
1764 9168 868 112 lining-papers.

1052 9292 72 120 ©
1196 9304 296 92 June
1560 9304 92 104 1,
1728 9304 268 92 1927
2040 9328 16 72 ;
2132 9284 156 116 2c.
2364 9304 228 92 Jun
2596 9304 64 80 e
2732 9304 192 108 13;
3004 9328 56 68 a
3080 9300 120 100 ff.
3272 9304 300 92 June
3640 9304 196 112 11;
3912 9304 100 92 A
4080 9304 208 96 990
4288 9304 60 92 5
4360 9304 192 112 16;
4640 9296 620 104 Ethelreda
5336 9304 400 116 Lewis,

1160 9436 812 96 Johannesbur
1968 9436 72 88 g
2032 9416 36 88 .
2168 9436 360 96 South
2604 9436 440 96 Africa.
3220 9436 668 112 (27-14342)
5260 9436 280 100 5374

3268 9668 236 116 812
