5984 10352
268 1100 952 156 Burlingame,
1308 1104 468 152 Roger
1776 1176 184 24 —
1972 1100 764 128 Continued

440 1296 60 96 5
548 1328 100 84 p.
700 1304 104 108 1.,
860 1300 60 92 3
924 1356 68 8 –
988 1292 212 100 411
1252 1328 104 84 p.
1500 1292 736 112 l9½ͨͫ.

276 1408 112 108 ©
468 1436 284 112 Aug.
824 1436 60 88 6
888 1464 20 60 ,
984 1436 204 96 192
1192 1436 64 88 6
1296 1460 20 84 ;
1392 1436 160 96 2c.
1628 1440 260 92 Jan.
1960 1436 160 92 10.
2188 1440 44 88 1
2252 1436 204 96 927
2488 1440 28 84 ;
2600 1436 192 96 aff.
2864 1440 240 92 Oct.
3176 1436 160 112 25,
3412 1440 36 88 1
3476 1436 68 96 9
3552 1436 60 88 2
3620 1436 60 92 6
3712 1440 28 84 ;
3824 1440 92 88 A
3984 1436 64 96 9
4056 1436 128 96 63
4200 1440 52 88 1
4264 1436 136 96 37
4444 1464 16 84 ;
4540 1440 132 92 R.
4744 1440 180 92 Bu
4932 1464 100 68 r-

432 1572 536 112 lingame,
1020 1576 280 92 New
1348 1576 344 92 York.
4616 1568 212 100 841

260 1800 408 148 Burt,
740 1800 644 124 Maxwell
1464 1796 796 148 Struthers,
2344 1804 408 120 1882-

432 1984 288 128 The
808 1984 732 124 delectable
1624 1984 820 156 mountains,
2532 1984 176 164 by
2804 1980 708 132 Struthers
3604 1988 392 120 Burt.
4176 1984 332 128 New
4600 1984 428 160 York,

264 2168 144 128 C.
488 2168 744 132 Scribner's
1300 2212 352 116 sons,
1732 2164 352 132 1927.

420 2376 72 80 x
564 2392 136 92 p.,
772 2368 64 92 2
904 2368 36 92 l
952 2440 52 40 .,
1076 2368 64 96 3
1144 2392 64 48 –
1200 2368 220 96 463
1488 2392 108 92 p.
1732 2364 1208 108 19½ͨͫ.

268 2516 120 116 ©
456 2536 260 92 Jan.
780 2536 164 108 14,
1016 2528 332 104 1927:
1416 2520 160 108 2c.
1644 2536 260 96 Jan.
1964 2536 200 108 22;
2236 2536 192 96 aff.
2496 2528 120 96 M
2624 2560 160 72 ar.
2852 2540 192 108 17;
3120 2536 96 92 A
3284 2536 476 108 972056;
3836 2536 484 96 Charles
4396 2536 632 96 Scribner's

428 2696 300 68 sons.
900 2668 664 120 (27-26247)
4616 2664 212 100 842

268 2896 896 152 Callaghan's
1240 2896 772 128 Wisconsin
2100 2896 444 164 digest
2564 2920 36 96 ;
2700 2940 72 76 a
2856 2896 660 160 complete
3596 2896 448 164 digest
4124 2896 156 124 of
4360 2896 664 128 decisions

428 3080 148 124 of
652 3084 228 124 the
968 3076 652 164 Supreme
1704 3096 388 112 court
2168 3080 156 128 of
2400 3084 772 124 Wisconsin
3260 3084 396 124 down
3740 3096 136 112 to
3964 3084 268 124 and
4312 3084 716 160 including

428 3272 528 120 volume
1020 3272 236 120 186
1312 3268 816 160 Wisconsin,
2188 3268 620 160 together
2868 3268 332 124 with
3264 3268 664 124 decisions
3996 3268 152 124 of
4204 3268 232 124 the
4500 3268 520 124 federal

424 3468 448 112 courts
932 3452 556 164 passing
1548 3500 368 116 upon
1980 3464 564 116 matters
2604 3452 152 128 of
2816 3456 772 124 Wisconsin
3652 3460 300 156 law,
4016 3452 672 164 compiled
4756 3456 268 124 and

424 3644 448 120 edited
956 3640 176 164 by
1216 3644 624 124 William
1924 3644 180 120 H.
2196 3644 520 120 Mason.
2816 3644 328 120 with
3232 3644 228 124 the
3544 3644 928 156 co-operation
4564 3640 152 124 of
4796 3640 228 124 the

420 3828 488 160 Digest
1012 3832 764 120 committee
1876 3828 152 124 of
2128 3828 228 124 the
2456 3828 776 124 Wisconsin
3340 3828 380 128 State
3820 3828 248 124 bar
4168 3832 848 120 association.

420 4060 120 80 v.
624 4028 60 112 5
708 4116 20 20 .
912 4016 644 164 Chicago,
1636 4016 760 164 Callaghan
2484 4016 268 124 and
2828 4060 708 116 company,
3624 4016 356 124 1927.

420 4216 56 88 1
536 4240 100 88 p.
696 4216 104 108 1.,
860 4212 628 96 4163–5323
1540 4240 104 88 p.
1788 4212 680 104 26ͨͫ.

256 4368 120 112 ©
444 4384 260 96 Jan.
764 4384 168 112 27,
988 4388 44 100 1
1060 4376 264 120 927;
1392 4384 64 92 2
1464 4408 56 68 c
1520 4412 24 60 .
1612 4388 228 88 and
1904 4412 60 64 a
1980 4384 120 96 ff.
2168 4384 260 96 Jan.
2488 4384 60 92 3
2560 4376 64 92 1
2664 4408 20 72 :
2756 4388 92 88 A
2912 4380 476 112 967013;
3460 4384 156 96 Ca
3632 4384 32 88 l
3676 4384 432 112 laghan
4172 4380 84 92 &
4316 4408 156 68 co.
4604 4376 208 96 843

248 4612 580 148 Carnac,
908 4612 140 124 M
1732 4608 208 124 de.

416 4800 192 124 Le
684 4796 396 164 poids
1164 4796 320 124 d'un
1564 4808 460 144 secret,
2108 4836 252 120 par
2440 4792 188 124 M.
2720 4792 160 124 de
2968 4788 560 132 Carnac.
3700 4788 444 164 Paris,
4228 4788 580 132 Gautier
4884 4804 132 112 et

244 4988 936 160 Languereau,
1256 4988 148 120 19
1416 4988 76 116 2
1504 4988 108 120 6.

400 5180 64 92 2
504 5204 104 88 p.
648 5180 36 92 l
704 5252 48 36 .,
808 5224 28 72 [
840 5180 68 96 7
912 5224 24 72 ]
948 5176 208 92 -12
1164 5176 64 96 6
1268 5204 136 88 p.,
1452 5180 56 92 1
1552 5180 36 88 l
1604 5256 20 16 .
1752 5176 128 92 ill
1888 5204 168 72 us.
2180 5172 756 112 21½ͨͫ
2512 5252 16 20 .
2688 5172 236 120 (On
2976 5204 392 72 cover:
3424 5172 220 96 Bib
3648 5176 40 92 l
3700 5172 248 96 ioth
4020 5196 72 92 è
4096 5196 144 72 ue
4280 5172 140 96 de
4468 5172 72 100 S
4552 5172 440 116 uzette)

252 5292 112 112 ©
440 5316 268 112 May
768 5316 160 96 25,
992 5312 332 112 1926;
1396 5304 48 100 1
1456 5320 96 88 c.
1624 5316 280 108 Aug.
1972 5312 192 96 16:
2236 5308 336 112 A—F
2584 5340 56 68 o
2652 5312 168 92 rei
2828 5336 68 84 g
2904 5336 72 68 n
3036 5312 408 108 31734;
3520 5312 156 92 Ga
3700 5312 304 92 utier
4068 5312 88 92 &
4216 5312 672 108 Languerea
4904 5336 72 68 u
4992 5384 20 20 .

436 5452 264 116 (27-
704 5452 64 92 6
776 5456 52 88 1
844 5448 132 96 52
1004 5456 28 112 )
4588 5440 216 100 844

248 5676 556 152 Collins,
872 5676 368 128 John
1312 5676 524 152 Edgar,
1908 5676 400 124 1871-

408 5864 136 124 A
600 5884 464 104 course
1120 5864 144 124 in
1320 5860 796 164 geography
2180 5860 224 124 for
2460 5860 224 120 the
2748 5860 824 156 elementary
3636 5856 520 128 schools
4216 5856 272 124 and
4544 5856 468 164 junior

244 6052 336 164 high
672 6048 524 128 schools
1316 6060 88 128 …
1540 6048 732 164 copyright
2388 6064 88 128 …
2608 6048 184 160 by
2880 6044 132 124 J.
3108 6044 160 124 E.
3372 6040 556 128 Collins.
4112 6040 596 164 Oxford,
4800 6040 208 164 O.,

244 6240 64 84 c
296 6244 316 120 1926
628 6340 24 20 .

396 6436 136 96 52
596 6464 104 88 p.
840 6436 36 92 i
888 6436 260 96 llus.
1284 6436 520 120 23ͨͫ.

404 6572 172 96 On
636 6596 404 72 cover:
1112 6568 332 100 State
1512 6568 472 96 edition.

404 6708 348 96 "This
824 6704 440 100 edition
1332 6700 72 112 …
1524 6704 36 92 i
1572 6732 52 72 s
1692 6708 232 112 pub
1924 6708 40 92 l
1972 6700 336 100 ished
2376 6708 128 92 at
2572 6700 196 96 the
2836 6700 516 116 suggesti
3360 6724 64 72 o
3432 6732 76 64 n
3580 6724 64 72 o
3648 6700 56 96 f
3772 6700 200 104 the
4040 6700 392 116 Depar
4444 6700 48 96 t
4496 6700 320 96 ment
4880 6724 64 72 o
4952 6700 52 96 f

236 6840 616 100 education
948 6840 128 96 of
1168 6840 324 112 Ohio,
1596 6840 192 96 for
1880 6864 204 72 use
2180 6840 128 96 in
2404 6840 196 96 the
2700 6844 428 108 county
3228 6840 452 92 normal
3780 6836 456 96 schools
4336 6836 232 96 and
4668 6836 336 100 other

236 6976 1036 120 teacher-training
1340 6976 740 100 institutions
2156 6976 128 96 of
2360 6976 200 96 the
2640 6972 1220 100 state."-Foreword.

404 7112 1036 116 "Supplementary
1512 7120 228 92 and
1812 7112 592 96 reference
2476 7108 492 100 books":
3044 7136 108 88 p.
3224 7108 236 96 6-7.

244 7212 116 112 ©
428 7252 264 92 Dec.
752 7248 132 92 15
884 7272 24 60 ,
980 7244 200 96 192
1192 7252 60 88 6
1280 7248 28 88 ;
1380 7248 124 92 2c
1516 7328 20 16 .
1596 7252 228 92 and
1888 7248 192 96 aff.
2144 7252 264 88 Dec.
2468 7248 196 104 29;
2736 7248 92 92 A
2888 7244 64 96 9
2960 7232 68 96 6
3032 7244 60 92 3
3100 7244 208 92 424
3328 7244 28 88 :
3440 7244 100 96 J.
3604 7248 120 88 E.
3792 7244 464 100 Collins,
4328 7244 236 96 Oxf
4568 7268 60 68 o
4644 7272 52 64 r
4704 7248 68 88 d
4788 7320 20 32 ,
4868 7232 88 100 O
4980 7320 16 20 .

428 7384 600 112 (27–2823)
4588 7372 208 100 845

236 7612 288 124 The
608 7608 1148 152 comprehensive
1852 7608 688 128 Standard
2636 7604 772 160 dictionary
3492 7600 152 128 of
3720 7604 232 124 the
4036 7600 592 168 English
4712 7604 288 124 lan-

396 7840 440 120 guage
924 7796 76 144 …
1216 7804 112 152 1,
1340 7804 72 112 0
1420 7804 76 112 0
1508 7804 72 116 0
1692 7796 636 160 pictorial
2440 7792 100 124 il
2552 7792 44 124 l
2608 7792 784 156 ustrations,
3508 7784 664 168 abridged
4288 7788 68 124 f
4364 7832 292 80 rom
4768 7788 232 128 the

396 7980 408 124 Funk
876 7988 108 116 &
1056 7980 596 164 Wagnal
1664 7980 44 124 l
1716 8024 60 80 s
1848 8024 292 80 new
2224 7976 704 132 Standard
3008 7976 776 164 dictionary
3864 7972 156 124 of
4096 7976 232 120 the
4412 7976 592 164 English

396 8164 44 124 l
452 8208 620 120 anguage
1152 8164 180 160 by
1416 8164 460 128 James
1964 8164 144 128 C.
2200 8164 444 124 Ferna
2652 8164 48 120 l
2712 8164 88 124 d
2872 8172 80 132 …
3208 8160 332 124 New
3624 8160 252 160 ed.,
3960 8156 676 168 carefully
4724 8204 272 80 rev.

392 8348 180 132 by
640 8348 476 124 Frank
1176 8348 184 124 H.
1436 8344 128 120 V
1572 8348 340 124 izete
1916 8348 100 124 ll
2024 8392 92 120 y
2184 8348 80 144 …
2500 8348 332 124 New
2904 8348 392 120 York
3372 8348 264 120 and
3712 8344 624 160 London,
4412 8344 408 124 Funk
4892 8352 112 116 &

388 8532 716 164 Wagnalls
1168 8576 712 120 company,
1944 8532 356 128 1927.

392 8720 240 120 viii,
692 8720 204 100 726
960 8748 104 92 p.
1204 8724 308 96 illus.
1656 8720 540 108 19½ͨͫ.

236 8832 120 120 ©
432 8864 264 88 Dec.
764 8860 160 108 31,
996 8860 272 92 1926
1292 8860 28 88 ;
1404 8860 160 96 2c.
1640 8864 224 92 and
1936 8864 192 92 aff.
2204 8864 88 88 F
2292 8860 64 80 e
2368 8864 96 92 b.
2540 8852 88 120 7,
2700 8860 204 96 192
2912 8852 64 92 7
3020 8888 16 76 ;
3116 8864 92 88 A
3276 8864 60 92 9
3344 8848 64 96 6
3412 8864 336 108 3442;
3828 8864 340 88 Funk
4240 8864 84 92 &
4388 8864 600 112 Wagnalls

396 9020 160 72 co.
728 8992 596 116 (27-3037)
4580 8988 208 100 846

232 9220 632 148 Couffon,
944 9220 304 124 Ren
1256 9220 76 124 é
1340 9316 32 32 .

448 9408 76 132 …
600 9404 768 160 Transport
1416 9408 164 124 de
1636 9404 48 112 l
1696 9404 28 64 '
1860 9456 68 80 é
1936 9408 256 124 ctri
2204 9452 64 76 c
2276 9408 44 120 i
2332 9420 56 112 t
2372 9400 80 116 é
2476 9504 24 60 ,
2560 9448 248 116 par
2868 9408 296 120 Ren
3144 9400 84 108 é
3296 9404 196 132 Co
3504 9452 84 76 u
3604 9408 40 120 f
3640 9408 64 120 f
3708 9452 176 76 on
3944 9408 76 132 …
4232 9416 160 112 45
4448 9404 532 164 figures.

224 9584 436 164 Paris,
732 9588 172 124 A.
984 9584 444 164 Colin,
1512 9596 352 120 1926.

2496 9780 232 120 131
