5920 10300
2672 9544 320 128 1759

376 888 772 152 Stacpoole,
1228 888 492 152 Henry
1796 888 204 120 De
2072 884 364 128 Vere
2444 956 184 24 —
2636 876 772 132 Continued

568 1092 32 112 (
624 1092 144 92 In
828 1076 480 104 London
1376 1072 352 128 Daily
1800 1072 344 124 mail)

392 1224 116 108 ©
656 1236 144 112 1c.
824 1220 280 96 each
1184 1224 280 92 Nov.
1536 1220 96 112 1,
1712 1220 336 108 1927;
2128 1216 100 92 A
2304 1220 144 88 ad
2524 1216 36 92 i
2572 1220 160 88 nt.
2812 1212 408 108 10366;
3304 1216 340 112 pubd.
3732 1208 304 116 Sept.
4116 1208 72 96 6
4192 1208 124 92 –1
4328 1208 68 92 0
4428 1232 24 84 ;
4544 1208 140 96 H.
4768 1208 172 92 De
5020 1208 128 96 V.

556 1356 636 116 Stacpoole,
1276 1356 248 92 Bon
1608 1352 496 112 Church,
2188 1356 228 92 Isle
2504 1352 124 96 of
2708 1348 424 116 Wight,
3220 1348 568 112 England.
4572 1336 352 100 11835

384 1548 504 124 Texas.
1064 1544 440 160 Laws,
1584 1556 616 148 statutes,
2276 1556 240 112 etc.

644 1744 80 132 …
804 1728 668 132 Vernon's
1548 1728 740 128 annotated
2368 1728 432 124 Penal
2880 1724 320 128 code
3284 1720 156 128 of
3516 1724 228 124 the
3820 1732 344 116 state
4248 1716 152 144 of
4480 1720 436 124 Texas
5016 1740 80 132 …

408 1996 32 80 [
448 1916 504 124 Annua
960 1916 44 124 l
1096 1912 484 164 pocket
1664 1928 360 148 part,
2108 1908 364 164 1927,
2556 1924 140 112 to
2776 1908 164 128 be
3020 1908 592 128 inserted
3696 1908 144 124 in
3924 1952 120 80 v.
4140 1916 284 148 1–3]
4612 1904 540 128 Kansas

392 2100 364 164 City,
816 2100 320 168 Mo.,
1196 2100 556 128 Vernon
1816 2100 264 124 law
2140 2096 356 128 book
2552 2140 708 120 company,
3332 2092 360 128 1927.

548 2300 68 96 3
688 2320 72 72 v
772 2376 20 20 .
932 2296 64 96 2
1000 2296 896 112 6ͨͫ.

396 2412 120 120 ©
604 2432 308 116 Sept.
988 2436 168 112 14,
1232 2428 336 116 1927;
1648 2432 164 96 2c.
1888 2428 280 100 each
2248 2428 284 100 Nov.
2604 2428 196 112 22;
2892 2456 60 68 a
2964 2428 188 96 ffs.
3228 2428 280 96 Nov.
3588 2428 196 108 23;
3872 2424 96 96 A
4044 2424 484 96 1013237
4532 2476 72 12 –
4608 2424 480 96 1013239
5116 2436 28 84 ;

556 2568 460 96 Vernon
1080 2568 228 96 law
1376 2568 292 96 book
1732 2592 164 72 co.
4140 2552 796 104 11836–11838

396 2724 172 124 U.
640 2724 136 124 S.
952 2724 436 160 Laws,
1460 2736 612 148 statutes,
2136 2736 244 112 etc.

668 2916 84 136 …
836 2908 516 132 United
1472 2908 452 132 States
2044 2908 368 128 Code
2528 2908 776 124 annotated.
3552 2904 364 124 Title
4032 2912 196 116 23.
4352 2904 300 160 Hig
4640 2912 84 120 h
4760 2948 400 116 ways.

396 3092 364 124 Title
880 3100 192 116 24.
1204 3092 440 160 Hospi
1664 3104 52 112 t
1728 3136 72 84 a
1812 3096 32 116 l
1868 3140 100 112 s,
2092 3136 240 116 asy
2384 3096 304 136 lums
2700 3188 32 60 ,
2856 3092 272 124 and
3256 3136 64 80 c
3328 3136 280 80 eme
3620 3100 52 116 t
3680 3088 192 128 eri
3888 3136 64 80 e
3960 3136 96 80 s.
4252 3168 28 80 [
4296 3088 108 128 C
4420 3132 76 80 u
4508 3088 656 124 mulative

408 3280 504 124 annual
1004 3280 484 160 pocket
1572 3292 356 148 part,
2032 3276 348 128 1927.
2568 3276 196 132 St.
2856 3280 396 156 Paul,
3340 3276 484 160 Minn.,
3904 3280 384 124 West
4372 3276 800 164 publishing

404 3472 736 152 company]
1244 3460 360 144 ͨ1927.

568 3664 60 92 4
700 3688 104 88 p.
940 3664 912 104 24½ͨͫ.

568 3796 284 96 This
916 3796 592 112 pamphlet
1584 3796 96 92 is
1756 3796 324 96 fitted
2152 3796 248 96 into
2468 3796 204 96 the
2748 3796 404 112 pocket
3224 3800 124 92 at
3424 3796 192 96 the
3692 3796 292 92 back
4056 3796 124 96 of
4260 3796 184 92 the
4524 3796 452 92 volume
5052 3796 120 92 of

404 3932 188 96 the
652 3936 176 92 set
892 3936 116 92 to
1072 3932 376 96 which
1512 3932 92 100 it
1664 3932 504 116 belongs.

408 4036 116 112 ©
616 4072 284 92 Nov.
980 4064 92 104 5,
1160 4064 336 112 1927;
1580 4068 160 96 2c.
1832 4068 264 96 Dec.
2180 4068 196 112 16;
2468 4068 196 96 aff.
2756 4068 264 92 Dec.
3108 4068 196 108 17;
3396 4068 96 92 A
3576 4064 548 108 1013701;
4216 4068 328 92 West
4628 4064 248 116 pub.
4972 4092 200 88 co.,

576 4204 164 96 St.
808 4204 324 112 Paul,
1208 4204 84 92 &
1364 4204 284 92 Edw
1656 4228 56 68 a
1740 4204 124 92 rd
1936 4204 656 112 Thompson
2664 4228 196 88 co.,
2932 4204 676 112 Northport,
3684 4204 120 96 L.
3884 4204 124 108 I.,
4080 4204 136 96 N.
4288 4204 128 96 Y.
4600 4196 348 100 11839

408 4356 308 128 Van
788 4356 440 152 Horn,
1296 4360 564 128 Samuel
1932 4368 396 144 Hale,
2408 4360 316 128 1875
2732 4440 80 16 –
3236 4360 196 124 ed.

572 4540 712 168 Michigan
1396 4540 428 164 proba
1836 4556 56 112 t
1900 4588 68 84 e
2076 4544 552 128 manual
2756 4544 84 144 …
3100 4544 288 128 The
3500 4540 44 168 j
3564 4540 856 148 urisdiction,
4532 4544 44 120 l
4588 4588 204 80 aw
4908 4544 268 128 and

412 4728 588 160 practice
1108 4724 152 128 of
1364 4732 228 124 the
1704 4728 592 128 Probate
2404 4744 384 112 court
2896 4728 156 128 of
3152 4732 232 124 the
3488 4740 348 116 state
3940 4728 160 128 of
4200 4724 712 168 Michigan
4980 4724 80 148 …

408 4908 576 128 Edition
1064 4912 360 128 1927.
1604 4916 512 124 Edited
2180 4916 184 164 by
2444 4912 548 136 Samuel
3064 4916 184 124 H.
3328 4916 316 128 Van
3716 4916 404 124 Horn
4196 4912 84 144 …
4528 4916 648 128 Kalama-

412 5140 276 116 zoo,
772 5096 468 160 Mich.,
1320 5096 812 168 Doubleday
2212 5100 620 124 brothers
2916 5100 272 124 and
3272 5140 668 124 company
4040 5096 456 144 [ͨ1927]

576 5300 208 92 177
852 5324 104 88 p.
1100 5300 56 88 1
1168 5292 612 112 9½ͨͫ.

584 5432 764 96 "References
1428 5428 116 96 in
1632 5428 236 100 this
1948 5432 476 96 manual
2504 5456 200 72 are
2788 5436 116 92 to
2988 5432 192 96 the
3264 5432 540 112 chapters
3888 5432 232 96 and
4200 5432 500 100 sections
4784 5432 124 100 of
4988 5436 188 96 the

412 5564 688 96 Judicature
1188 5568 188 92 act
1460 5568 228 92 and
1768 5564 648 116 compiler's
2500 5564 504 96 sections
3088 5564 124 96 of
3296 5568 188 92 the
3572 5564 596 120 Compiled
4248 5572 292 92 laws
4616 5568 132 96 of
4832 5568 352 96 Mich-

416 5696 268 112 igan
760 5700 124 96 of
960 5696 376 100 1915."
1340 5748 148 20 —
1488 5724 104 92 p.
1676 5716 36 100 [
1708 5700 64 96 3
1780 5744 28 68 ]

420 5824 112 112 ©
616 5828 240 100 Oct.
928 5832 164 108 15,
1164 5832 336 112 1927;
1572 5832 160 96 2c.
1804 5832 232 92 and
2100 5832 200 96 aff.
2372 5832 268 96 Dec.
2708 5832 200 112 16;
2984 5832 100 92 A
3152 5832 544 116 1013628;
3776 5832 680 116 Doubleday
4528 5840 264 92 bros
4864 5840 88 96 &
5020 5864 164 72 co.

608 5964 668 120 (27-27597)
4612 5964 352 104 11840

416 6116 584 156 Villard,
1080 6120 480 128 Honor
1572 6120 72 128 é
1652 6220 36 56 ,
1772 6128 324 124 1857
2092 6204 88 12 –

680 6308 80 136 …
840 6308 556 124 Manuel
1500 6308 68 124 é
1572 6308 44 124 l
1628 6308 68 124 é
1696 6308 664 128 mentaire
2452 6312 1244 164 d'ophtalmologie.
3876 6312 448 164 Paris,
4412 6316 556 128 Masson
5064 6332 128 112 et

420 6500 672 152 cͥͤ,
700 6500 360 120 1926.

588 6688 208 96 434
860 6716 136 88 p.,
1072 6692 60 92 1
1200 6692 36 92 l
1252 6768 16 20 .
1412 6692 64 92 2
1484 6688 1008 108 0ͨͫ.

588 6824 156 96 At
808 6824 300 96 head
1176 6824 124 96 of
1364 6824 320 100 title:
1756 6828 148 96 H.
1972 6824 488 100 Villard.

432 6944 116 116 ©
628 6956 264 96 Dec.
964 6956 164 112 31,
1200 6956 336 112 1926;
1680 6952 144 120 1c.
1848 6960 276 112 July
2192 6960 96 112 9,
2364 6960 332 112 1927;
2776 6960 744 116 A—Foreign
3592 6964 408 112 35149;
4088 6968 464 92 Masson
4628 6976 88 96 &
4788 6964 204 104 cie.

616 7092 672 112 (27-27491)
4616 7096 352 104 11841

432 7248 1048 148 Wassermann,
1556 7248 500 152 Jakob,
2132 7248 316 136 1873
2456 7332 88 16 –

684 7436 76 136 …
836 7432 284 128 Das
1204 7440 608 156 amulett,
1888 7440 256 124 mit
2228 7440 436 124 einem
2736 7440 1216 164 kupfertiefdruck
4028 7452 348 120 nach
4460 7452 240 124 der
4780 7452 408 164 origi-

432 7660 176 84 na
620 7620 44 120 l
672 7620 756 164 zeichnung
1584 7664 264 80 von
2008 7624 388 128 Fritz
2556 7624 992 132 Heinsheimer.
3812 7616 776 184 Nürnberg,
4740 7636 136 128 J.
5040 7636 152 128 L.

444 7800 524 168 Schrag
1064 7800 396 152 [ͨ1926
1472 7884 32 84 ]

604 7996 64 96 3
748 8024 108 92 p.
940 8004 40 88 l
992 8076 56 36 .,
1128 8000 68 96 9
1200 8056 48 12 –
1268 8000 168 116 90,
1532 8004 96 112 [2
1636 8048 24 68 ]
1748 8028 104 88 p.
1996 8004 352 100 front.
2492 8004 712 104 14ͨͫ.
2940 8008 172 112 (H
3120 8012 112 92 al
3236 8000 416 108 f-title:
3736 8016 100 88 N
3868 8000 40 92 ü
3928 8016 548 112 rnberger
4560 8016 636 96 liebhaber-

440 8132 620 116 ausgaben.
1204 8140 92 92 7.
1356 8124 376 108 bändc
1732 8132 76 88 h
1816 8136 200 116 en)

444 8260 116 112 ©
636 8272 268 96 Dec.
968 8272 168 104 31,
1204 8272 332 112 1926;
1680 8276 144 112 1c.
1844 8276 304 112 Sept.
2216 8276 168 112 14,
2448 8276 340 112 1927;
2860 8280 748 116 A—Foreign
3668 8284 408 112 35680;
4156 8284 104 100 J.
4324 8284 124 100 L.
4524 8284 468 116 Schrag.

628 8404 668 116 (27-27487)
4624 8416 356 100 11842

440 8556 728 156 Wayland,
1252 8564 372 128 John
1708 8564 584 152 Walter,
2380 8568 320 128 1872
2704 8648 80 16 –

612 8744 136 128 A
844 8748 532 164 history
1476 8748 156 128 of
1740 8748 908 132 Shenandoah
2756 8756 588 168 County,
3440 8760 688 164 Virginia,
4232 8764 180 164 by
4508 8768 376 128 John
4984 8768 212 128 W.

444 8932 352 160 Way
804 8932 44 124 l
864 8932 268 124 and
1228 8936 92 144 …
1572 8932 784 168 Strasburg,
2444 8940 132 128 V
2584 8984 164 116 a.,
2848 8940 92 132 S
2952 8944 536 128 henand
3500 8992 76 76 o
3588 8948 168 124 ah
3860 8948 272 164 pub
4144 8956 44 120 l
4200 8948 460 168 ishing
4752 8948 176 128 ho
4932 8996 88 80 u
5028 8996 180 104 se,

456 9116 352 128 1927.

616 9312 204 96 874
876 9340 100 88 p.
1120 9308 304 104 illus.
1492 9312 180 116 (in
1680 9320 100 92 cl
1792 9392 20 20 .
1864 9320 388 112 ports.,
2312 9344 360 92 maps,
2724 9320 336 116 plan)
3220 9324 64 92 2
3292 9316 720 108 3½ͨͫ
3540 9352 24 56 .
