5920 10300
376 972 528 128 Punch.
1084 1016 112 76 v.
1280 964 272 164 172,
1616 1012 212 80 no.
1900 964 364 156 4478,
2336 968 328 156 May
2732 968 116 152 4,
2924 956 356 132 1927.

388 1132 116 120 ©
592 1172 56 88 1
648 1184 100 84 c.
832 1172 300 92 June
1208 1168 164 112 22,
1456 1164 336 108 1927;
1876 1164 96 92 A
2048 1164 152 92 ad
2276 1160 44 96 i
2324 1168 160 88 nt.
2568 1160 336 108 9621;
2992 1160 340 112 pubd.
3416 1164 116 88 M
3540 1180 144 88 ay
3768 1160 124 108 4;
3984 1152 500 96 Herbert
4568 1152 556 112 Heather,

548 1308 504 92 London.
4640 1284 288 100 5809

380 1560 344 148 Ray,
804 1556 524 124 Harold
1404 1556 164 124 B.

548 1744 924 160 Preparatory
1532 1736 940 128 mathematics
2536 1736 224 124 for
2816 1736 228 124 the
3104 1732 636 164 building
3796 1728 492 164 trades,
4348 1728 180 168 by
4588 1732 536 128 Harold

392 1932 156 120 B.
644 1932 304 156 Ray
1028 1940 84 128 …
1292 1924 536 128 Arnold
1924 1928 160 124 V.
2184 1924 396 124 Doub
2668 1940 84 128 …
2932 1920 268 128 and
3300 1920 116 128 O
3436 2020 24 20 .
3556 1916 476 128 Frank
4128 1916 540 164 Carpen
4676 1932 60 108 t
4740 1960 140 80 er
4984 1940 84 128 …

396 2116 324 120 New
804 2112 424 160 York,
1308 2112 128 128 J.
1516 2112 228 124 Wi
1756 2112 44 120 l
1812 2156 160 116 ey
2048 2116 108 116 &
2232 2156 348 112 sons,
2660 2108 320 160 inc.;
3072 2108 612 156 London,
3772 2100 720 164 Chapman
4568 2108 112 116 &
4756 2100 384 160 Hall,

392 2296 564 164 limited,
1032 2296 356 128 1927.

556 2496 192 116 vii,
832 2544 24 72 [
876 2492 128 116 1],
1076 2496 132 96 68
1276 2520 104 88 p.
1524 2492 340 112 illus.,
1936 2492 432 116 diagrs.
2508 2488 648 116 19½ͨͫ.
3024 2492 32 112 (
3076 2492 120 92 H
3204 2488 536 116 alf-title:
3804 2488 244 96 The
4124 2484 372 116 Wiley
4568 2484 568 96 technical

392 2632 356 96 series
844 2632 184 96 for
1132 2628 656 96 vocational
1888 2628 228 92 and
2220 2624 632 96 industrial
2952 2628 484 108 schools,
3536 2624 172 96 ed.
3808 2624 148 112 by
4056 2620 104 96 J.
4264 2620 148 96 M.
4516 2620 604 108 Jameson)

392 2764 308 112 $1.00

404 2912 112 120 ©
592 2932 300 92 June
948 2932 164 112 27,
1180 2928 332 108 1927;
1580 2928 160 96 2c.
1808 2928 276 108 July
2144 2928 128 108 7;
2340 2920 196 100 aff.
2604 2924 152 92 Ju
2760 2948 76 68 n
2844 2952 60 64 e
2964 2920 196 116 30;
3232 2920 100 96 A
3396 2920 476 112 996333;
3948 2936 100 88 H
4072 3000 16 16 .
4152 2928 132 92 B.
4352 2924 284 112 Ray,
4704 2920 440 96 Arnold

564 3096 92 92 V
672 3144 16 16 .
760 3064 364 112 Doub,
1196 3064 228 92 and
1496 3060 88 96 O
1600 3136 20 24 .
1692 3064 392 120 Frank
2156 3060 668 112 Carpenter,
2900 3056 496 100 Detroit.
3560 3056 668 116 (27-15133)
4664 3048 280 100 5810

396 3316 728 152 Richards,
1196 3316 544 128 Milton.

560 3504 356 124 Dick
988 3504 372 124 Kent
1476 3504 336 124 with
1884 3500 228 124 the
2188 3496 672 160 Eskimos,
2928 3500 180 164 by
3180 3500 508 124 Milton
3760 3496 672 128 Richards
4544 3500 84 148 …
4824 3496 324 128 New

428 3688 400 160 York,
888 3688 168 124 A.
1124 3688 152 124 L.
1348 3688 356 124 Burt
1768 3728 668 120 company
2516 3684 512 148 [ͨ1927]

556 3892 204 76 227
820 3916 104 52 p.
1064 3888 356 80 front.
1568 3884 716 108 19½ͨͫ.
2080 3884 268 108 (His
2424 3884 308 84 Boys
2788 3884 124 84 of
2980 3884 192 84 the
3236 3884 360 84 Royal
3676 3880 524 88 mounted
4284 3880 360 88 police
4708 3880 420 88 series)

404 4036 116 120 ©
592 4060 272 100 July
932 4060 88 100 8,
1088 4060 332 96 1927;
1496 4060 156 96 2c.
1720 4060 220 92 and
2008 4072 64 76 a
2076 4056 124 92 ff.
2272 4056 268 100 July
2612 4060 192 96 12;
2876 4056 92 92 A
3036 4056 208 92 990
3248 4056 260 100 942;
3584 4056 128 92 A.
3784 4060 116 88 L.
3976 4060 284 88 Burt
4336 4072 120 80 co
4464 4096 24 56 .

588 4184 664 120 (27-14947)
4668 4180 280 100 5811

404 4444 440 148 Riley,
916 4440 608 132 William
1592 4436 340 128 Bell.

572 4628 288 128 The
936 4628 392 124 Bible
1400 4624 152 128 of
1624 4628 224 124 the
1928 4624 684 160 expositor
2688 4628 268 120 and
3036 4628 224 120 the
3340 4628 784 156 evangelist.
4288 4628 328 120 New
4700 4628 456 120 Testa-

404 4864 136 76 m
552 4864 60 76 e
624 4832 184 108 nt.
960 4864 124 76 v.
1148 4816 116 128 7.
1332 4816 204 124 Ac
1544 4828 60 112 t
1608 4864 56 76 s
1776 4828 84 128 …
2044 4816 104 128 C
2160 4816 44 120 l
2216 4816 604 156 eveland,
2892 4816 120 128 O
3032 4912 68 60 .,
3168 4820 452 124 Union
3700 4816 468 164 gospel
4236 4856 372 120 press
4692 4816 608 160 [ͨ1927]

568 5020 204 96 228
840 5044 100 88 p.
1072 5016 648 104 20ͨͫ.

416 5144 112 120 ©
604 5184 272 112 July
936 5184 92 116 9,
1096 5184 332 108 1927;
1496 5184 160 96 2c.
1716 5184 232 92 and
2012 5180 196 100 aff.
2272 5184 268 96 July
2612 5180 188 108 16;
2872 5184 96 92 A
3036 5180 472 112 996421;
3584 5180 380 96 Union
4028 5184 388 116 gospel
4484 5208 360 92 press.

4680 5316 284 96 5812

408 5440 656 152 Sanford,
1136 5440 412 152 Vera,
1632 5448 312 120 1891
1952 5520 84 12 –

580 5628 288 128 The
952 5628 528 164 history
1568 5628 272 128 and
1932 5628 864 164 significance
2884 5624 156 132 of
3132 5628 512 128 certain
3736 5628 660 128 standard
4492 5628 680 164 problems

416 5816 140 124 in
620 5816 592 168 algebra,
1272 5816 180 164 by
1508 5816 132 128 V
1652 5856 224 84 era
1944 5812 280 132 San
2236 5812 68 124 f
2308 5816 248 124 ord
2620 5820 76 136 …
2928 5816 332 124 New
3332 5816 388 124 York
3788 5816 112 124 ci
3912 5828 60 112 t
3972 5860 132 120 y,
4176 5816 664 128 Teachers
4904 5856 152 84 co
5064 5816 44 124 l
5124 5892 40 20 -

412 6000 332 168 lege,
824 5996 712 136 Columbia
1616 6000 800 164 university,
2500 6000 356 132 1927.

576 6200 240 112 viii,
916 6196 204 96 102
1220 6224 104 88 p.
1496 6192 64 96 2
1568 6200 612 108 3½ͨͫ
1824 6272 20 24 .
2012 6196 628 116 (Teachers
2748 6200 456 112 college,
3320 6200 596 96 Columbia
4028 6196 684 116 university.
4892 6200 272 96 Con-

416 6332 624 96 tributions
1112 6340 116 88 to
1304 6332 648 116 education,
2028 6360 180 72 no.
2284 6332 268 120 251)

580 6500 624 96 Published
1276 6504 244 92 also
1592 6524 128 72 as
1792 6500 364 96 thesis
2252 6500 120 112 (P
2380 6524 92 72 H
2488 6576 20 24 .
2580 6500 156 116 D.)
2832 6500 596 96 Columbia
3504 6500 684 116 university,
4264 6504 308 96 1927.

580 6632 896 116 Bibliography:
1556 6664 100 88 p.
1728 6636 448 100 98–102.

428 6764 112 120 ©
620 6808 268 92 May
956 6804 156 112 18,
1184 6804 336 112 1927;
1588 6804 160 96 2c.
1816 6808 300 92 June
2188 6804 188 112 18;
2452 6804 196 96 aff.
2720 6808 296 92 June
3088 6804 192 100 15;
3352 6808 96 92 A
3512 6800 136 92 99
3656 6808 324 92 6137;
4068 6808 572 96 Teachers
4712 6812 456 112 college,

592 6936 592 96 Columbia
1256 6968 72 76 u
1336 6940 116 92 ni
1464 6964 68 68 v
1544 7016 16 20 .
1720 6940 668 116 (27-15134)
4692 6940 284 100 5813

420 7192 608 148 Sawtell,
1100 7196 388 128 Ruth
1556 7196 356 128 Otis.

588 7380 728 128 Primitive
1380 7384 556 124 hearths
2012 7384 140 124 in
2224 7384 232 128 the
2528 7388 740 160 Pyrenees;
3344 7384 232 128 the
3652 7396 376 152 story
4104 7384 156 128 of
4332 7432 76 80 a
4484 7384 696 132 summer's

428 7564 860 160 exploration
1376 7564 144 128 in
1608 7564 228 128 the
1924 7568 504 124 haunts
2516 7564 156 128 of
2764 7568 812 160 prehistoric
3668 7612 360 120 man,
4120 7572 180 132 by
4396 7572 380 124 Ruth
4876 7572 304 132 Otis

432 7744 556 132 Sawtell
1084 7748 268 124 and
1440 7752 260 124 Ida
1792 7752 456 160 Treat,
2344 7752 332 124 with
2772 7752 908 128 illustrations
3772 7756 180 160 by
4048 7756 352 124 Paul
4496 7756 680 128 Vaillant-

436 7928 756 128 Couturier.
1376 7932 332 124 New
1808 7932 388 124 York
2296 7936 272 128 and
2664 7936 616 160 London,
3380 7940 168 124 D.
3656 7936 708 164 Appleton
4464 7944 272 124 and
4836 7984 340 84 com-

432 8152 408 124 pany,
904 8116 360 128 1927.

600 8304 196 96 xiv
804 8380 20 40 ,
888 8304 232 116 306,
1196 8308 92 116 [1
1284 8292 36 88 ]
1392 8332 108 88 p.
1636 8308 392 112 front.,
2092 8308 340 112 illus.,
2496 8312 412 116 plates.
3048 8304 684 108 21½ͨͫ.

444 8428 116 124 ©
636 8476 296 100 June
1000 8476 164 108 30,
1232 8476 336 108 1927;
1640 8480 64 88 2
1712 8504 56 68 c
1780 8552 20 20 .
1868 8480 228 92 and
2164 8480 196 96 aff.
2428 8480 272 116 July
2772 8472 72 88 6
2872 8508 24 84 ;
2972 8480 96 96 A
3136 8480 204 96 990
3348 8484 124 92 81
3488 8484 60 92 0
3588 8508 20 88 ;
3688 8488 136 96 D.
3900 8488 568 112 Appleton
4536 8492 88 96 &
4688 8516 160 72 co.

628 8608 664 116 (27-15193)
4696 8620 288 100 5814

440 8864 436 148 Scott,
944 8864 484 128 James
1496 8868 412 124 Knox
1980 8868 388 148 Polk,
2448 8876 312 120 1845
2772 8952 84 12 –

608 9052 288 124 The
996 9064 376 148 story
1472 9052 156 124 of
1724 9052 228 124 the
2056 9052 496 132 battles
2652 9072 140 112 at
2896 9056 884 168 Gettysburg,
3884 9064 184 164 by
4172 9068 460 128 James
4740 9068 176 124 K.
5028 9068 156 124 P.

452 9232 380 124 Scott
940 9240 84 136 …
1280 9236 432 156 [Book
1816 9244 104 124 1]
2124 9240 896 164 Harrisburg,
3124 9248 284 152 Pa.,
3512 9244 284 132 The
3900 9252 768 164 Telegraph
4776 9292 412 124 press,

452 9416 356 132 1927.

2712 9612 240 132 877
