5968 10284
880 860 460 144 Mayo,
1420 852 792 128 Katherine
2216 928 184 20 —
2408 848 772 132 Continued

1052 1052 984 116 Bibliographical
2120 1052 664 96 foot-notes.

896 1212 120 124 ©
1092 1224 268 112 May
1428 1220 164 112 26,
1660 1220 332 100 1927;
2076 1220 160 96 2c.
2304 1220 228 92 and
2604 1220 196 92 aff.
2872 1220 300 92 June
3240 1220 128 108 2;
3440 1220 96 88 A
3608 1220 480 108 976359;
4164 1216 624 116 Harcourt,
4864 1220 368 92 Brace
5304 1220 88 92 &
5464 1244 192 88 co.,

1052 1356 216 100 inc.
1436 1356 676 116 (27-13321)
5172 1348 284 104 4803

892 1612 732 152 Melamed,
1700 1616 332 124 Mrs.
2112 1612 660 128 Deborah
2872 1612 712 156 (Marcus)

1056 1804 288 124 The
1440 1800 380 128 three
1920 1800 556 160 pillars;
2584 1800 632 164 thought,
3332 1800 592 160 worship
4032 1800 268 124 and
4408 1800 600 160 practice
5108 1800 228 124 for
5432 1800 232 124 the

888 1984 516 128 Jewish
1504 2028 576 120 woman,
2176 1984 180 164 by
2460 1984 640 128 Deborah
3204 1984 188 128 M.
3500 1984 724 128 Melamed.
4416 1984 328 128 New
4848 1984 392 128 York
5344 1984 324 168 city,

888 2176 292 124 The
1284 2168 684 132 Women's
2072 2168 476 164 league
2652 2168 152 128 of
2908 2172 232 124 the
3240 2168 524 128 United
3872 2212 784 120 synagogue
4764 2168 152 128 of
5028 2168 636 128 America

904 2360 160 156 [ͨ
1004 2356 320 132 1927
1336 2432 32 84 ]

1056 2548 240 120 155,
1372 2548 128 104 [1]
1572 2572 108 96 p.
1820 2548 720 108 19ͨͫ.

1064 2716 388 96 "First
1512 2716 624 116 printing."

896 2860 112 112 ©
1088 2888 268 112 May
1420 2884 164 120 16,
1648 2884 340 112 1927;
2056 2884 160 100 2c.
2284 2888 228 92 and
2580 2884 196 100 aff.
2844 2888 272 108 May
3176 2884 196 112 28;
3444 2884 100 96 A
3612 2884 476 112 976868;
4160 2884 576 96 Women's
4800 2888 408 112 league
5276 2888 124 96 of
5468 2888 192 96 the

1052 3024 428 96 United
1572 3044 660 92 synagogue
2328 3020 124 96 of
2540 3020 568 96 America.
3280 3020 672 116 (27-13135)
5172 3016 292 104 4804

896 3284 512 148 Moore,
1488 3280 616 128 Herbert
2180 3280 552 152 Fisher,
2820 3284 404 124 1875-

1064 3472 288 124 The
1476 3468 532 164 fatigue
2120 3468 156 128 of
2384 3468 524 164 metals,
3028 3468 332 128 with
3480 3472 628 160 chapters
4232 3516 172 80 on
4520 3476 228 120 the
4864 3472 532 164 fatigue
5512 3476 152 120 of

896 3656 388 128 wood
1380 3660 268 120 and
1744 3656 152 124 of
1992 3672 652 144 concrete,
2740 3656 172 160 by
3008 3656 184 124 H.
3292 3656 156 124 F.
3548 3656 472 124 Moore
4120 3672 84 128 …
4380 3660 268 124 and
4748 3660 132 128 J.
4984 3660 156 124 B.
5240 3660 416 124 Kom-

892 3888 352 80 mers
1336 3856 76 128 …
1692 3852 60 112 1
1768 3856 120 112 st
1984 3844 204 124 ed.
2372 3844 336 124 New
2804 3844 388 120 York
3304 3884 40 96 [
3348 3856 288 144 etc.]
3744 3840 972 132 McGraw-Hil
4724 3844 48 124 l
4868 3840 348 128 book
5312 3888 348 84 com-

896 4072 408 124 pany,
1380 4032 300 156 inc.,
1752 4024 360 132 1927.

1064 4228 156 108 xi,
1296 4224 204 100 326
1572 4248 108 92 p.
1760 4224 36 92 i
1800 4252 76 68 n
1888 4228 96 92 cl
2000 4300 20 24 .
2100 4224 360 96 front.
2524 4224 416 116 (port.)
3036 4224 344 112 illus.,
3460 4224 408 116 tables,
3948 4224 432 112 diagrs.
4532 4224 416 96 double
5016 4248 72 96 p
5096 4224 32 92 l
5144 4300 24 24 .
5316 4224 620 112 23½ͨͫ
5640 4300 32 24 .

896 4360 312 120 $4.00

1064 4500 840 112 Bibliography
1944 4520 24 76 :
2040 4524 108 88 p.
2212 4492 528 104 290–316.

900 4624 116 116 ©
1092 4636 300 96 June
1464 4636 88 112 8,
1624 4636 336 108 1927;
2032 4636 164 96 2c.
2264 4636 228 92 and
2560 4632 196 96 aff.
2828 4636 304 96 June
3200 4632 192 92 10:
3468 4636 100 88 A
3636 4632 480 108 990466;
4192 4632 840 96 McGraw-Hill
5104 4636 292 96 book
5464 4660 196 88 co.,

1056 4772 216 96 inc.
1444 4768 668 120 (27-13362)
5156 4768 284 96 4805

896 4996 600 148 Morton,
1576 4996 528 124 Robert
2180 4996 320 124 Lee.

1064 5180 700 164 Teaching
1848 5180 772 128 arithmetic
2704 5180 136 124 in
2932 5180 228 124 the
3240 5180 612 164 primary
3940 5184 528 160 grades,
4552 5180 180 164 by
4812 5180 512 128 Robert
5404 5184 260 124 Lee

900 5368 552 124 Morton
1532 5376 84 132 …
1920 5368 328 124 New
2364 5368 428 160 York,
2908 5368 588 124 Newark
3624 5404 40 96 [
3668 5412 64 80 e
3740 5384 52 108 t
3804 5412 100 80 c.
3904 5404 40 96 ]
4084 5364 492 164 Silver,
4696 5368 588 124 Burdett
5392 5372 264 124 and

896 5600 672 120 company
1644 5552 420 160 [ͨ1927
2076 5628 28 84 ]

1068 5780 68 68 v
1196 5780 140 88 p.,
1400 5752 56 92 1
1524 5752 40 92 l
1576 5824 52 40 .,
1696 5748 204 96 242
1968 5776 104 88 p.
2208 5748 792 112 20ͨͫ.

1068 5884 836 100 "References"
1972 5892 124 92 at
2164 5888 220 92 end
2452 5884 120 96 of
2636 5884 284 96 each
2988 5884 512 116 chapter.

900 6020 112 108 ©
1096 6024 300 96 June
1468 6024 164 112 10,
1704 6024 336 108 1927;
2112 6024 160 96 2c.
2344 6024 228 92 and
2644 6020 196 100 aff.
2916 6024 300 92 June
3284 6024 196 108 11;
3556 6020 96 96 A
3728 6020 472 112 976975;
4288 6020 408 120 Silver,
4768 6024 496 96 Burdett
5340 6024 88 96 &
5496 6048 164 72 co.

1084 6156 672 120 (27-13506)
5176 6152 288 104 4806

896 6380 668 128 National
1656 6380 760 128 industrial
2512 6380 824 124 conference
3436 6380 476 128 board.

1064 6568 288 124 The
1444 6564 372 128 fiscal
1908 6564 612 164 problem
2612 6568 140 124 in
2840 6568 756 120 Delaware.
3768 6564 332 124 New
4192 6564 432 164 York,
4712 6564 644 128 National
5456 6568 196 124 in-

892 6752 584 128 dustrial
1552 6748 792 132 conference
2420 6748 468 164 board,
2968 6752 296 160 inc.,
3348 6748 360 132 1927.

1052 6984 108 76 x,
1236 6952 204 96 150
1512 6976 100 92 p.
1684 6952 40 92 i
1732 6980 80 64 n
1816 6976 56 72 c
1880 6952 72 96 l.
2024 6952 404 112 tables,
2508 6952 428 112 diagrs.
3076 6952 684 104 23½ͨͫ.

900 7076 112 112 ©
1092 7088 272 112 May
1428 7088 164 112 18,
1660 7084 336 112 1927;
2064 7084 160 100 2c.
2296 7088 228 92 and
2588 7084 200 96 aff.
2856 7084 300 100 June
3224 7088 124 108 1;
3420 7084 100 92 A
3588 7080 472 112 990380;
4140 7084 228 96 Nat
4380 7084 28 92 l
4428 7164 20 20 .
4520 7084 624 96 industrial
5220 7084 436 96 confer-

1060 7248 272 80 ence
1404 7224 392 108 board,
1872 7220 220 96 inc.
2260 7220 672 116 (27-13158)
5172 7216 284 100 4807

896 7444 340 124 New
1308 7444 384 124 York
1796 7444 232 164 (St
2036 7488 76 80 a
2124 7464 52 104 t
2184 7444 128 160 e)
2516 7448 436 140 Laws,
3024 7492 56 76 s
3096 7460 48 108 t
3156 7488 72 80 a
3244 7460 148 108 tu
3404 7460 228 128 tes,
3708 7464 236 104 etc.

1064 7636 296 120 Tax
1432 7636 260 120 law
1764 7632 152 124 of
1988 7632 224 124 the
2284 7644 344 112 state
2704 7628 152 128 of
2928 7636 332 120 New
3336 7628 428 144 York,
3836 7632 412 164 being
4320 7636 148 120 L.
4560 7640 356 152 1909,
4996 7632 388 160 chap.
5464 7636 196 144 62,

896 7820 564 120 entitled
1552 7816 308 124 "An
1944 7832 212 108 act
2240 7820 140 120 in
2468 7820 576 120 relation
3132 7832 140 108 to
3356 7816 664 160 taxation,
4108 7816 904 164 constituting
5096 7816 564 160 chapter

896 8004 368 156 sixty
1348 8000 156 128 of
1588 8004 228 124 the
1912 8000 964 128 Consolidated
2968 8000 412 128 laws"
3476 8004 328 124 with
3900 8004 184 124 all
4180 8004 924 124 amendments
5200 8016 140 112 to
5428 8004 232 124 the

900 8192 252 120 end
1232 8184 152 128 of
1452 8192 228 120 the
1752 8188 764 160 legislative
2588 8188 500 124 session
3160 8184 152 128 of
3392 8184 360 144 1927,
3828 8188 448 128 edited
4348 8188 180 160 by
4600 8188 372 128 John
5048 8184 156 128 T.
5284 8188 364 124 Fitz-

900 8416 172 116 pa
1084 8388 56 108 t
1148 8372 292 124 rick
1500 8380 76 132 …
1740 8376 808 156 completely
2620 8372 616 124 indexed.
3400 8376 328 120 New
3812 8372 428 160 York,
4320 8372 488 160 Baker,
4880 8376 132 124 V
5020 8372 456 124 oorhis
5552 8376 108 120 &

896 8552 728 168 company;
1708 8556 592 164 Albany,
2372 8556 164 128 N.
2612 8560 216 156 Y.,
2900 8560 268 124 and
3244 8560 328 124 New
3648 8556 424 160 York,
4148 8556 164 128 N.
4388 8564 216 156 Y.,
4672 8556 192 128 M.
4940 8556 540 124 Bender
5544 8560 100 112 &

896 8784 708 116 company,
1680 8744 1000 160 incorporated,
2760 8740 356 128 1927.

1060 8940 64 88 2
1220 8964 96 88 p.
1404 8928 40 88 l
1456 9012 56 36 .,
1612 8984 20 68 [
1644 8936 160 104 3]–
1824 8936 204 96 315
2096 8936 128 116 (i.
2320 8964 88 68 e.
2500 8936 264 112 369)
2868 8964 104 88 p.
3112 8936 788 104 22½ͨͫ.
3740 8936 308 112 $3.50

1068 9072 364 92 Extra
1500 9072 624 92 numbered
2192 9096 348 88 pages
2608 9072 544 96 inserted.

912 9192 116 124 ©
1100 9204 300 96 June
1468 9204 92 112 6,
1632 9204 336 108 1927;
2040 9204 64 88 2
2116 9228 52 68 c
2184 9280 16 20 .
2272 9204 228 92 and
2572 9204 196 96 aff.
2840 9204 300 96 June
3208 9204 124 108 7;
3408 9200 96 92 A
3576 9200 476 112 990526;
4132 9204 564 96 Matthew
4768 9204 452 92 Bender
5292 9204 84 92 &
5448 9228 192 76 co.,

1068 9336 116 96 in
1184 9344 60 80 c
1264 9412 52 32 .,
1388 9340 416 108 Baker,
1884 9336 488 96 Voorhis
2444 9340 84 92 &
2600 9364 164 72 co.
2932 9336 664 112 (27-13428)
5164 9332 280 100 4808

3172 9564 244 124 730
