5968 10284
872 1032 656 152 O'Keefe,
1600 1032 368 128 John
2044 1032 720 152 Aloysius,
2840 1040 324 116 1884
3168 1112 84 12 –
3660 1072 428 124 comp.

1040 1224 500 128 Junior
1620 1220 340 164 high
2040 1220 460 128 school
2576 1232 528 152 poetry,
3184 1220 576 124 selected
3832 1220 184 160 by
4096 1220 376 128 John
4548 1220 164 124 A.
4804 1216 616 132 O'Keefe
5504 1228 76 144 …

876 1412 268 124 and
1224 1408 568 128 Frederi
1804 1456 64 80 c
1876 1408 92 124 k
2032 1408 168 124 A.
2276 1404 120 132 G
2412 1452 84 80 u
2508 1408 428 124 indon
3004 1420 80 132 …
3324 1408 560 160 Boston,
3952 1404 336 128 New
4360 1408 392 124 York
4836 1452 40 92 [
4880 1420 236 116 etc.
5116 1452 40 96 ]
5252 1408 168 128 D.
5504 1408 112 132 C
5628 1508 24 28 .

868 1600 464 124 Heath
1416 1596 268 124 and
1764 1640 672 120 company
2532 1608 84 148 [ͨ
2632 1592 320 132 1927
2960 1672 32 84 ]

1028 1812 72 76 x
1112 1796 148 116 iv,
1332 1796 208 100 386
1612 1824 104 88 p.
1860 1796 60 92 1
1932 1800 1080 104 7ͨͫ.

876 1912 116 124 ©
1068 1936 276 108 May
1404 1932 164 112 12,
1640 1936 44 88 1
1708 1932 268 112 927;
2044 1932 164 96 2c.
2276 1932 120 92 M
2404 1956 148 88 ay
2612 1932 64 92 2
2684 1932 68 96 0
2792 1956 20 88 ;
2884 1928 200 100 aff.
3152 1932 268 112 May
3488 1932 60 88 1
3560 1932 64 88 9
3664 1956 20 88 ;
3756 1932 100 92 A
3924 1932 276 96 9766
4208 1932 64 92 6
4280 1932 124 112 8;
4484 1932 136 96 D.
4692 1928 120 100 C.
4880 1932 396 96 Heath
5344 1936 84 96 &
5500 1956 160 76 co.

1060 2068 672 120 (27-12402)
5172 2060 292 108 4487

872 2260 808 148 Patterson,
1760 2260 500 124 Edwin
2340 2260 628 128 Wilhite.

1044 2444 292 132 The
1396 2448 716 128 insurance
2172 2444 1012 128 commissioner
3244 2444 144 128 in
3444 2448 236 124 the
3740 2444 520 132 United
4328 2444 520 164 States;
4916 2492 72 80 a
5048 2448 416 164 study
5520 2448 144 124 in

876 2632 1108 132 administrative
2056 2636 264 124 law
2392 2636 268 124 and
2744 2636 636 160 practice,
3452 2636 184 164 by
3708 2636 504 124 Edwin
4284 2636 580 128 Wilhite
4936 2636 724 128 Patterson

984 2828 84 136 …
1152 2824 332 124 with
1600 2868 72 80 a
1788 2820 688 128 foreword
2584 2824 184 164 by
2880 2824 396 124 Felix
3388 2820 940 128 Frankfurter
4428 2836 84 136 …
4792 2820 876 172 Cambridge,

872 3008 656 128 Harvard
1612 3008 768 168 university
2464 3052 420 120 press,
2972 3008 360 128 1927.

1052 3220 76 76 x
1136 3208 236 112 viii,
1464 3208 208 96 589
1752 3232 104 92 p.
2008 3208 644 108 24½ͨͫ.
2540 3208 720 116 (Half-title:
3340 3212 552 96 Harvard
3984 3212 448 96 studies
4520 3212 124 96 in
4724 3208 948 100 administrative

876 3348 264 112 law,
1188 3348 220 96 vol.
1464 3348 100 116 I)

1056 3484 424 96 "Table
1528 3484 128 96 of
1704 3480 460 100 cases":
2248 3512 100 88 p.
2404 3484 204 96 553
2612 3540 72 8 –
2688 3480 236 100 569.

1056 3620 916 116 "Bibliography
2012 3648 20 68 :
2092 3620 700 116 periodicals
2848 3624 228 92 and
3140 3624 112 92 te
3260 3632 80 76 x
3344 3620 244 96 ts":
3668 3648 108 88 p.
3828 3620 524 96 570-571.

888 3732 116 124 ©
1096 3760 272 112 May
1444 3760 96 112 2,
1624 3760 340 108 1927;
2044 3756 168 100 2c.
2296 3756 272 112 May
2652 3756 60 96 9
2756 3784 20 84 ;
2868 3756 128 96 af
2980 3752 40 88 f
3044 3836 24 20 .
3152 3760 272 112 May
3508 3756 196 112 16;
3792 3756 96 96 A
3972 3756 60 96 9
4044 3760 60 92 7
4116 3756 132 96 66
4252 3756 68 88 3
4328 3756 124 112 8;
4544 3760 124 96 E.
4756 3760 168 96 W.
5012 3760 656 112 Patterson,

1048 3896 280 96 New
1428 3896 348 96 York.
1944 3892 672 116 (27-12588)
5184 3888 284 100 4488

884 4088 564 148 Pennsy
1452 4084 144 128 lv
1600 4084 372 128 ania.
2152 4088 472 132 Board
2708 4084 152 160 of
2932 4088 472 124 dental
3480 4084 796 128 examiners.

1056 4272 648 128 Answers
1760 4288 140 112 to
1960 4272 232 128 the
2252 4276 692 160 questions
3008 4272 152 124 of
3220 4272 1024 164 Pennsylvania
4308 4284 348 116 state
4712 4272 432 128 board
5212 4272 452 128 dental

892 4464 760 124 examiners
1732 4456 232 128 for
2040 4460 448 128 senior
2564 4504 324 116 year
2972 4460 368 124 from
3428 4460 316 128 1917
3820 4472 144 116 to
4048 4468 320 116 1926
4452 4460 692 160 inclusive,
5224 4460 448 128 edited

896 4648 176 160 by
1180 4648 244 124 Dr.
1540 4648 216 132 W.
1872 4648 152 124 F.
2148 4644 700 136 Swanson.
3060 4648 904 164 [Pittsburgh]
4092 4648 152 124 L.
4360 4648 168 124 D.
4656 4648 448 132 Caulk
5212 4648 460 124 dental

888 4840 456 160 depot,
1420 4832 252 128 inc.
1768 4832 460 164 [ͨ1927]

1064 5032 680 112 cover-title,
1820 5032 136 96 74
2020 5056 108 88 p.
2268 5032 64 96 2
2340 5036 960 104 3ͨͫ.

896 5144 116 124 ©
1104 5172 272 112 May
1456 5168 92 116 6,
1632 5168 60 92 1
1700 5168 64 92 9
1772 5168 200 112 27;
2056 5168 156 96 2c.
2300 5168 272 116 May
2656 5168 56 92 1
2720 5168 64 96 3
2828 5192 20 88 ;
2936 5168 196 96 aff.
3216 5164 276 120 May
3572 5168 132 96 16
3732 5176 28 88 ;
3856 5168 96 92 A
4036 5168 60 96 9
4108 5168 132 92 90
4248 5168 60 92 2
4320 5168 60 96 3
4388 5172 128 108 4;
4608 5172 172 96 W.
4864 5168 92 92 F
4968 5248 20 20 .
5080 5168 592 116 Swanson,

1060 5300 720 116 Pittsburgh.
1936 5264 156 156 [©
2168 5332 256 68 new
2500 5308 228 96 and
2804 5304 452 96 revised
3332 5308 544 92 material
4088 5300 672 120 (27-12527)
5196 5300 284 104 4489

900 5496 592 152 Pepoon,
1564 5496 628 128 Herman
2272 5496 412 152 Silas,
2764 5504 316 120 1860
3088 5576 80 12 –

1060 5684 228 124 An
1400 5684 744 124 annotated
2248 5684 340 124 flora
2696 5684 156 124 of
2956 5684 228 124 the
3296 5684 604 164 Chicago
4012 5732 356 112 area,
4476 5684 332 128 with
4916 5732 392 112 maps
5416 5684 268 128 and

900 5912 412 120 many
1444 5868 916 128 illustrations
2492 5868 368 124 from
2988 5868 952 164 photographs
4068 5868 156 128 of
4348 5872 916 164 topographic
5396 5872 268 124 and

900 6056 388 160 plant
1344 6048 640 132 features.
2168 6056 216 160 By
2440 6056 180 124 H.
2688 6048 136 136 S.
2880 6056 556 160 Pepoon
3516 6064 84 128 …
3836 6052 648 168 Chicago,
4536 6056 68 116 I
4608 6056 48 116 l
4664 6056 96 128 l.
4832 6060 168 156 [R
5016 6160 20 24 .
5096 6060 160 124 R.
5316 6060 368 124 Don-

896 6240 444 164 nelley
1408 6248 112 116 &
1588 6284 308 84 sons
1968 6284 676 120 company
2776 6240 360 128 1927.

1064 6452 72 76 x
1144 6440 200 112 xii,
1444 6440 208 92 554
1744 6468 108 88 p.
1992 6436 396 116 front.,
2484 6436 312 96 illus.
2864 6436 240 116 (inc
3112 6440 36 88 l
3164 6516 20 20 .
3284 6436 384 116 maps)
3832 6436 720 108 23½ͨͫ.
4352 6440 36 112 (
4412 6436 212 96 Let
4636 6444 40 88 t
4688 6460 56 72 e
4752 6444 208 92 red
5056 6468 148 68 on
5300 6464 388 76 cover:

896 6576 244 92 The
1232 6572 500 116 Chicago
1820 6576 560 108 academy
2468 6572 128 96 of
2680 6568 544 104 sciences.
3368 6572 524 96 Bulletin
3972 6572 304 108 VIII
4200 6648 24 40 ,
4312 6576 460 96 Natura
4780 6576 36 96 l
4904 6576 456 116 history
5444 6604 240 68 sur-

904 6708 268 116 vey)

1072 6840 740 100 Cover-title:
1896 6840 348 96 Flora
2320 6840 124 100 of
2516 6840 200 96 the
2788 6840 500 108 Chicago
3364 6840 432 112 region.

912 6932 116 124 ©
1120 6972 120 88 M
1244 6976 144 116 ay
1464 6976 168 116 19,
1708 6976 336 108 1927;
2128 6976 164 96 2c.
2372 6976 232 92 and
2680 6972 196 96 aff.
2960 6976 276 108 May
3312 6968 196 116 27;
3600 6976 96 92 A
3776 6976 476 108 976798;
4348 6976 496 116 Chicago
4928 6976 560 116 academy
5564 6980 124 92 of

1072 7116 540 112 sciences,
1684 7108 536 116 Chicago.
2396 7108 672 120 (27-12380)
5204 7108 284 104 4490

908 7300 488 152 Percy,
1464 7300 480 128 Laura
2012 7300 488 148 Helen,
2580 7308 408 116 1894-

1080 7492 772 124 Adoniram
1944 7492 584 156 Judson,
2620 7488 524 160 apostle
3240 7488 156 124 of
3492 7492 564 156 Burma,
4144 7492 184 160 by
4420 7492 148 124 L.
4668 7492 448 124 Helen
5212 7496 472 160 Percy.

928 7676 752 152 Anderson,
1764 7676 360 156 Ind.,
2208 7672 508 164 Gospel
2800 7688 608 144 trumpet
3492 7720 376 112 press
3964 7684 452 128 [ͨ1926]

1088 7872 208 96 128
1360 7896 104 88 p.
1608 7868 360 96 front.
2032 7868 416 116 (port.)
2536 7868 312 100 illus.
2988 7864 684 112 19ͨͫ.

920 7980 120 124 ©
1124 8012 272 108 May
1468 8008 164 112 16,
1712 8008 336 108 1927;
2124 8008 160 96 2c.
2368 8012 228 96 and
2668 8004 196 100 aff.
2940 8004 272 116 May
3288 8008 132 92 18
3464 8032 20 80 ;
3564 8008 100 88 A
3740 8008 132 92 99
3880 8008 68 92 0
3952 8008 264 104 187;
4308 8008 416 116 Gospel
4804 8012 512 112 trumpet
5392 8036 60 68 c
5460 8036 60 68 o
5536 8092 16 16 .

1108 8144 668 112 (27-12361)
5204 8140 288 100 4491

920 8300 656 148 Petrova,
1652 8300 400 152 Olga,
2132 8308 320 116 1886
2456 8376 80 16 –

1096 8484 288 132 The
1452 8484 400 128 black
1924 8484 504 164 virgin,
2500 8484 264 128 and
2840 8484 388 128 other
3296 8484 524 164 stories,
3888 8488 180 164 by
4144 8484 356 168 Olga
4572 8492 628 124 Petrova.
5364 8492 324 124 Bos-

932 8684 48 112 t
992 8716 212 112 on,
1276 8672 288 124 The
1636 8672 372 124 Four
2080 8720 288 76 seas
2440 8716 668 120 company
3192 8672 152 160 [ͨ
3292 8680 320 116 1926
3616 8720 32 88 ]

1096 8864 200 96 211
1364 8892 108 92 p.
1612 8868 60 92 1
1684 8864 648 108 9ͨͫ
1872 8940 20 24 .

1100 9000 84 96 C
1196 9024 64 72 O
1268 9024 388 72 NTENT
1728 9004 60 80 S
1740 9076 16 20 .
1764 9052 144 12 —
1908 9000 244 96 The
2216 9000 340 96 black
2616 8996 416 116 virgin.
3036 9052 144 16 —
3180 9000 248 96 The
3492 9000 460 96 camel's
4024 9000 324 100 back.
4356 9056 144 16 —
4500 9000 240 96 The
4816 9008 204 88 son
5088 9000 128 96 of
5284 9028 60 72 a
5416 9004 284 96 hun-

932 9132 288 96 dred
1316 9132 1296 112 grandfathers.—Two
2720 9132 396 112 grains
3224 9132 124 96 of
3452 9132 1484 100 rice.—Tuberoses.-The
5044 9144 328 108 great
5476 9164 224 68 mo-

936 9268 344 92 ment.
1316 9316 148 16 —
1500 9264 292 96 Free
1860 9264 672 100 born-but.
2572 9320 136 16 —
2748 9268 420 96 Youth.
3208 9268 320 92 —In
3596 9268 188 96 his
3864 9292 252 72 own
4200 9268 40 92 i
4244 9292 104 72 m
4364 9292 244 92 age.
4644 9324 148 12 —
4824 9268 876 100 Worms.—The

932 9400 460 108 spotted
1452 9396 420 116 virgin.

936 9484 116 120 ©
1124 9536 268 108 May
1452 9532 160 112 18,
1680 9532 336 108 1926;
2076 9532 164 100 2c.
2308 9536 268 112 May
2636 9536 56 92 1
2708 9532 60 96 6
2780 9608 20 40 ,
2864 9532 336 112 1927;
3268 9532 196 100 aff.
3536 9540 264 108 May
3864 9536 192 112 14;
4128 9536 96 92 A
4284 9524 476 120 976791;
4832 9540 312 96 Four
5208 9564 260 68 seas
5528 9564 160 72 co.

1124 9668 668 116 (27-12301)
5204 9664 288 104 4492

3212 9804 244 116 684
