5920 10352
160 1032 356 128 Ford
584 1032 460 124 motor
1112 1064 728 112 company,
1912 1028 584 124 Detroit.

320 1212 604 140 Servicio
1004 1212 444 160 Ford;
1540 1208 968 132 instrucciones
2596 1212 756 128 detalladas
3440 1256 336 120 para
3864 1212 124 128 el
4080 1208 564 132 servicio
4736 1208 164 128 de

148 1400 764 132 conservaci
916 1404 80 116 ó
1004 1440 92 84 n
1184 1440 212 80 me
1400 1424 72 96 á
1560 1392 304 132 nica
1960 1396 160 128 de
2216 1400 196 124 los
2512 1408 236 116 aut
2756 1440 72 84 o
2836 1440 140 84 m
2972 1404 180 120 óv
3160 1396 240 128 iles
3496 1400 372 124 Ford
3932 1420 76 136 …
4312 1392 592 164 Detroit,

152 1588 456 160 Mich.,
668 1580 372 128 Ford
1096 1592 448 112 motor
1596 1620 668 124 company
2360 1580 436 164 [ͨ1927]

312 1780 236 116 xxi,
620 1776 200 100 362
892 1804 104 88 p.
1136 1776 312 96 illus.
1588 1780 64 92 2
1656 1776 612 116 3½ͨͫ.

156 1888 116 112 ©
344 1916 268 92 Dec.
672 1908 168 116 29,
904 1908 336 112 1926;
1308 1912 164 96 2c.
1536 1912 232 92 and
1832 1908 196 100 aff.
2096 1908 268 100 Feb.
2428 1908 168 116 24,
2664 1908 336 116 1927;
3068 1912 104 96 A
3236 1916 72 92 9
3308 1908 64 100 6
3376 1916 64 92 7
3444 1912 64 96 3
3516 1916 196 108 73;
3788 1912 304 96 Ford
4160 1912 372 96 motor
4600 1932 164 76 co.

336 2044 596 120 (27-4517)
4412 2040 280 104 1568

164 2272 344 152 Gay,
568 2268 528 128 Robert
1156 2268 688 148 Malcolm,
1920 2272 312 124 1879
2236 2348 84 16 –
2712 2316 428 120 comp.

328 2460 288 120 The
708 2456 504 164 college
1304 2452 348 128 book
1744 2452 156 128 of
1984 2500 416 116 verse,
2496 2460 776 156 1250–1925,
3364 2456 668 164 compiled
4124 2456 184 164 by
4396 2456 512 128 Robert

168 2644 148 128 M
328 2740 24 28 .
444 2640 304 164 Gay
828 2656 84 132 …
1164 2640 556 160 Boston,
1804 2640 328 124 New
2224 2640 392 124 York
2712 2688 108 112 [e
2824 2652 60 116 t
2892 2688 148 112 c.]
3136 2644 764 164 Houghton
3976 2644 212 124 Mi
4192 2644 128 124 ff
4264 2640 56 128 l
4328 2640 144 128 in
4556 2684 348 84 com-

168 2872 360 120 pany
612 2840 168 148 [ͨ
708 2824 352 144 1927]

320 3024 308 112 xxiv,
708 3024 204 96 650
980 3048 104 88 p.
1228 3024 680 108 17½ͨͫ.

164 3132 112 108 ©
348 3160 264 96 Feb.
664 3160 168 112 23,
892 3156 336 116 1927;
1288 3160 164 96 2c.
1512 3160 292 96 Mar.
1860 3160 124 112 1;
2048 3160 200 96 aff.
2308 3160 268 96 Feb.
2628 3160 200 112 28;
2896 3160 96 96 A
3048 3160 340 96 96741
3400 3160 60 96 3
3504 3184 20 88 ;
3588 3160 628 116 Houghton
4280 3160 120 96 M
4408 3160 36 96 i
4448 3160 68 92 f
4492 3160 64 92 f
4484 3160 72 92 l
4564 3156 116 100 in
4748 3184 124 72 co
4884 3240 24 20 .

344 3292 596 120 (27-4503)
4424 3292 284 100 1569

176 3516 588 128 Gazette
904 3516 320 124 fran
1232 3560 64 112 ç
1304 3516 312 128 oise.
1840 3516 132 124 A
2116 3512 668 132 facsimile
2920 3520 532 160 reprint
3584 3516 152 128 of
3872 3560 72 84 a
4080 3560 836 120 newspaper,

340 3704 548 160 printed
956 3716 140 112 at
1152 3704 660 160 Newport
1872 3748 176 80 on
2104 3704 228 128 the
2396 3704 628 164 printing
3084 3748 372 120 press
3520 3700 148 132 of
3728 3704 228 128 the
4016 3708 532 124 French
4612 3704 304 128 fleet

340 3892 140 120 in
556 3892 736 124 American
1368 3904 484 108 waters
1936 3888 504 164 during
2520 3892 228 124 the
2828 3892 1020 164 revolutionary
3928 3932 324 120 war,
4328 3888 336 128 with
4744 3932 176 84 an

344 4076 928 128 introduction
1404 4072 180 164 by
1720 4072 616 128 Howard
2472 4076 188 120 M.
2796 4072 584 168 Chapin.
3604 4076 332 128 New
4068 4072 432 168 York,
4628 4076 292 128 The

336 4260 544 132 Grolier
952 4256 348 168 club,
1376 4268 360 120 1926.

332 4472 132 96 12
528 4496 140 88 p.,
732 4472 60 92 1
856 4472 44 92 l
912 4540 52 44 .,
1032 4468 524 96 facsim.:
1632 4512 28 72 [
1668 4464 136 100 30
1812 4516 28 68 ]
1908 4492 108 92 p.
2144 4468 72 96 3
2216 4468 608 112 2½ͨͫ.

340 4604 312 100 "One
720 4604 124 96 of
912 4628 148 72 an
1128 4600 440 100 edition
1640 4604 124 96 of
1836 4604 324 96 three
2228 4604 528 96 hundred
2824 4604 416 112 copies,
3312 4604 464 116 printed
3848 4628 140 76 on
4060 4604 436 100 Arches
4572 4604 356 96 hand-

172 4744 328 92 made
568 4736 464 124 paper."

336 4876 496 116 Reprint
892 4876 124 96 of
1084 4872 196 100 the
1340 4876 268 112 only
1672 4872 420 96 known
2156 4872 192 96 file
2412 4872 128 96 of
2604 4872 196 100 the
2868 4872 480 104 Gazette
3436 4872 236 120 (no.
3744 4876 204 100 1-7
4016 4880 232 92 and
4316 4880 404 112 suppl.,
4792 4876 136 104 17

176 5012 640 112 novembre,
888 5008 412 100 1780-2
1372 5008 496 116 janvier,
1944 5004 336 120 1781)

180 5124 120 120 ©
364 5148 284 96 Nov.
708 5144 164 116 30,
936 5144 336 112 1926;
1340 5148 160 96 2c.
1568 5148 260 96 Jan.
1892 5148 96 112 7,
2056 5144 332 112 1927;
2456 5140 200 104 aff.
2720 5144 264 100 Feb.
3048 5148 128 112 4;
3244 5148 100 92 A
3404 5148 140 96 96
3544 5148 64 96 3
3616 5144 268 112 486;
3960 5144 448 100 Grolier
4472 5148 260 96 club
4796 5148 128 96 of

336 5280 196 96 the
600 5280 236 116 city
904 5280 124 96 of
1096 5280 280 96 New
1444 5280 348 100 York.
1956 5280 600 116 (27-3338)
4440 5276 284 104 1570

188 5504 644 152 Gerould,
900 5504 556 128 Gordon
1520 5504 368 144 Hall,
1960 5504 316 124 1877
2276 5580 80 20 –
2760 5504 200 128 ed.

360 5688 1084 164 Contemporary
1528 5700 392 152 types
2016 5688 156 128 of
2256 5692 228 124 the
2576 5692 380 124 short
3044 5704 420 152 story,
3552 5692 452 128 edited
4096 5692 180 164 by
4368 5688 564 136 Gordon

196 5876 220 128 Ha
424 5880 44 124 l
480 5880 48 120 l
600 5872 276 132 Ger
884 5920 76 84 o
968 5920 84 80 u
1060 5880 48 120 l
1120 5880 84 124 d
1288 5880 84 144 …
1508 5880 268 124 and
1852 5872 108 132 C
1968 5876 448 128 harles
2492 5880 300 160 Bay
2796 5876 48 124 l
2852 5920 128 120 y,
3048 5876 48 164 j
3112 5920 104 80 r.
3376 5876 332 128 New
3780 5876 388 128 York
4240 5880 268 124 and
4576 5880 356 124 Lon-

192 6064 300 160 don,
560 6060 560 168 Harper
1180 6068 108 120 &
1352 6060 664 164 brothers,
2088 6060 356 132 1927.

352 6256 288 96 xviii
700 6284 140 92 p.,
892 6260 60 92 1
1008 6260 40 92 l
1060 6332 56 40 .,
1172 6256 208 96 496
1436 6280 100 92 p.
1680 6256 1136 108 19ͨͫ.

192 6364 116 108 ©
380 6396 268 96 Feb.
704 6396 168 112 23,
936 6396 340 108 1927;
1340 6396 164 96 2c.
1572 6396 264 96 Feb.
1900 6396 68 92 2
1972 6392 64 96 6
2076 6420 20 84 ;
2172 6392 196 100 aff.
2436 6392 268 100 Feb.
2768 6396 60 88 2
2840 6392 60 92 5
2944 6416 24 88 ;
3036 6392 100 92 A
3200 6392 68 96 9
3272 6388 132 100 63
3412 6396 128 96 75
3552 6392 64 96 0
3652 6416 28 92 ;
3752 6396 464 112 Harper
4280 6396 92 96 &
4436 6396 300 100 bros.

372 6528 600 120 (27-4643)
4448 6524 280 104 1571

200 6748 560 156 Gibson,
832 6752 472 152 Emily
1364 6756 188 124 M.

364 6940 988 164 English-class
1436 6940 392 164 plays
1920 6936 224 128 for
2220 6980 292 80 new
2592 6936 840 160 Americans,
3516 6936 176 164 by
3780 6936 468 164 Emily
4328 6940 188 120 M.
4612 6936 328 132 Gib-

196 7164 272 84 son.
648 7124 328 128 New
1048 7124 424 160 York,
1544 7124 288 128 The
1900 7124 648 128 Womans
2620 7168 368 112 press
3072 7120 416 160 [ͨ1927
3500 7200 28 80 ]

356 7348 192 88 xx,
624 7320 200 92 121
904 7348 104 88 p.
1152 7320 428 116 diagrs.
1720 7320 720 108 20½ͨͫ.

368 7456 160 96 "A
628 7456 340 96 small
1068 7456 524 116 working
1688 7456 808 112 bibliography
2596 7456 124 96 of
2816 7456 272 112 play
3188 7456 228 96 and
3520 7460 504 108 pageant
4120 7452 820 120 production":

200 7616 100 88 p.
364 7592 376 96 33–34.

368 7724 548 96 CONTENT
928 7752 56 68 S
1000 7804 20 20 .
1024 7728 316 112 —pt.
1404 7744 40 76 I
1456 7796 28 28 .
1544 7728 244 96 The
1848 7732 344 92 value
2252 7724 128 96 of
2436 7728 408 92 drama
2908 7724 116 96 in
3088 7724 676 116 immigrant
3824 7724 616 96 education
4520 7724 76 108 …
4700 7724 244 96 also

212 7860 184 96 the
452 7860 612 116 technique
1120 7864 124 96 of
1292 7864 640 116 producing
1980 7864 332 116 plays
2368 7860 284 96 with
2712 7860 784 112 foreign-born
3552 7860 396 96 adults
4004 7860 260 100 who
4320 7884 200 72 are
4580 7860 372 96 learn-

212 7992 188 116 ing
452 7996 836 120 English.—pt.
1352 7984 152 112 II.
1536 8000 840 116 English-class
2432 7996 684 120 plays.—pt.
3100 7988 256 108 III.
3416 7996 892 96 Miscellaneous
4364 7996 336 116 plays
4760 7996 192 96 for

208 8128 464 116 holiday
736 8156 604 92 programs
1400 8140 228 92 and
1696 8136 468 116 general
2228 8132 556 120 use.—pt.
2848 8144 140 84 IV
2992 8200 24 28 .
3084 8132 600 96 Tableaux
3752 8132 224 96 and
4044 8132 644 116 prologues.

212 8232 112 112 ©
404 8264 260 100 Feb.
728 8272 164 112 16,
960 8268 336 112 1927;
1364 8272 164 100 2c.
1596 8272 264 96 Feb.
1928 8272 196 112 21;
2200 8272 192 96 aff.
2464 8272 264 96 Feb.
2792 8268 200 112 24;
3064 8268 96 92 A
3224 8264 476 116 963734;
3772 8264 552 96 National
4392 8268 360 92 board
4820 8264 124 100 of

372 8404 192 92 the
652 8404 404 112 Young
1136 8408 544 96 women's
1768 8408 600 96 Christian
2460 8404 764 96 associations
3316 8404 120 92 of
3524 8404 196 92 the
3812 8400 428 100 United
4340 8400 392 96 States
4824 8404 124 92 of

368 8536 564 116 America,
1000 8540 284 96 New
1352 8544 344 96 York.
1864 8540 596 120 (27-4662)
4464 8528 288 108 1572

224 8720 532 156 Gwinn,
832 8728 584 128 Charles
1488 8732 592 152 Dudley.

384 8908 132 124 A
568 8912 700 132 text-book
1324 8916 152 128 of
1536 8916 764 160 exodontia,
2360 8916 172 164 by
2600 8912 108 132 C
2724 9012 24 24 .
2804 8912 324 124 Dud
3136 8912 48 124 l
3192 8956 160 120 ey
3408 8912 124 132 G
3540 8912 368 124 winn
3988 8908 84 144 …
4184 8912 44 124 i
4236 8912 716 128 llustrated

236 9092 316 128 with
636 9096 152 128 73
876 9104 856 160 engravings.
1912 9096 1016 164 Philadelphia,
3004 9096 276 128 Lea
3364 9104 108 120 &
3552 9096 624 164 Febiger,
4260 9096 356 128 1927.

380 9320 108 88 x,
548 9296 208 96 242
820 9324 104 92 p.
1064 9300 312 100 illus.
1512 9300 684 104 20½ͨͫ.

224 9396 116 108 ©
408 9428 288 96 Mar.
748 9432 96 108 1,
908 9428 276 100 1927
1204 9436 32 84 ;
1308 9436 160 96 2c.
1532 9436 224 92 and
1820 9432 196 96 aff.
2080 9432 288 96 Mar.
2424 9428 68 96 3
2532 9452 24 88 ;
2624 9428 96 92 A
2776 9424 480 112 963856;
3320 9428 224 92 Lea
3612 9428 92 96 &
3760 9420 516 120 Febiger.

404 9560 596 124 (27-4608)
4472 9556 284 104 1573

2484 9696 240 116 243
