5920 10300
356 1124 460 144 Petre,
888 1116 488 128 Edwin
1444 1116 576 128 Robert.

524 1308 444 128 When
1060 1348 268 124 you
1428 1348 172 120 go
1700 1316 140 112 to
1940 1304 620 160 Europe;
2664 1304 304 124 how
3064 1312 140 116 to
3304 1312 224 152 get
3632 1308 60 116 t
3692 1296 316 128 here
4036 1344 120 64 —
4184 1296 368 124 what
4652 1304 140 116 to
4896 1340 212 80 see

360 1492 420 160 there,
852 1532 576 84 answers
1508 1488 184 124 all
1764 1488 232 124 the
2060 1484 684 168 questions
2820 1528 264 124 you
3160 1524 308 124 may
3548 1484 240 124 ask
3856 1480 424 160 there,
4348 1480 184 164 by
4612 1476 488 128 Edwin

368 1676 508 124 Robert
980 1676 444 124 Petre.
1604 1672 332 128 New
2048 1672 388 124 York
2544 1672 268 124 and
2924 1668 620 160 London,
3656 1664 404 128 Funk
4176 1668 108 120 &
4392 1664 716 164 Wagnalls

364 1896 712 128 company,
1144 1856 356 132 1927.

532 2084 204 96 160
796 2108 104 92 p.
1040 2108 328 88 maps
1432 2080 120 116 (1
1616 2080 344 116 fold.)
2120 2080 720 112 16ͨͫ.

536 2252 332 112 Maps
932 2272 148 72 on
1148 2244 868 120 lining-papers.

368 2400 120 116 ©
568 2424 272 108 May
908 2416 60 92 1
980 2416 60 96 6
1052 2492 20 40 ,
1144 2416 336 112 1927;
1556 2416 160 96 2c.
1792 2420 228 92 and
2092 2416 200 96 aff.
2360 2420 116 88 M
2488 2440 148 92 ay
2704 2416 200 112 31;
2976 2416 104 92 A
3148 2416 64 96 9
3224 2420 56 92 7
3292 2416 60 92 6
3360 2416 264 108 834;
3708 2412 336 96 Funk
4116 2416 88 96 &
4276 2412 596 116 Wagnalls
4952 2436 160 72 co.

552 2556 664 112 (27-12863)
4628 2544 280 100 4665

368 2776 816 148 Pinkerton,
1256 2776 528 128 Robert
1852 2776 620 152 Eugene,
2556 2784 316 116 1882
2876 2856 80 12 –

540 2960 520 164 Spring
1140 2960 416 160 tides;
1652 3004 72 80 a
1808 2964 440 156 novel,
2324 2960 180 160 by
2592 2960 160 124 R.
2844 2960 156 124 E.
3088 2956 792 128 Pinkerton.
4068 2956 636 164 Chicago,
4788 2956 328 128 New

388 3144 408 160 York,
868 3148 288 124 The
1228 3144 452 164 Reilly
1752 3148 108 120 &
1924 3144 264 124 Lee
2256 3184 188 84 co.
2532 3148 416 152 [ͨ1927
2956 3220 36 84 ]

528 3380 64 92 3
704 3392 28 72 p
744 3380 304 104 .l.,
1000 3376 344 96 9-354
1412 3400 100 92 p.
1656 3376 1212 108 19½ͨͫ.

380 3536 116 120 ©
576 3544 268 112 Apr.
920 3544 168 108 25,
1168 3544 60 92 1
1236 3540 60 96 9
1304 3544 196 108 27;
1580 3544 160 92 2c.
1820 3544 272 112 May
2164 3540 196 112 26;
2444 3540 196 100 aff.
2720 3544 300 92 June
3092 3544 68 92 6
3196 3564 24 84 ;
3296 3540 100 96 A
3472 3544 64 92 9
3544 3544 64 92 9
3612 3540 204 96 043
3828 3544 120 108 8;
4032 3544 136 96 R.
4248 3544 124 92 E.
4452 3540 668 112 Pinkerton,

540 3676 532 116 Chicago.
1240 3676 668 116 (27-12820)
4636 3668 284 104 4666

376 3904 528 124 Power.

548 4088 288 124 The
968 4084 472 132 fourth
1576 4088 484 124 Power
2180 4084 340 128 kink
2644 4084 416 160 book;
3192 4132 76 80 a
3396 4084 880 164 compilation
4408 4084 152 128 of
4688 4088 436 124 clever

384 4272 584 128 schemes
1052 4272 224 124 for
1344 4276 488 160 saving
1900 4316 524 120 money,
2500 4272 324 124 time
2896 4272 268 128 and
3236 4272 384 128 labor
3696 4272 144 124 in
3908 4276 228 124 the
4212 4316 448 120 power
4736 4272 392 164 plant

384 4460 268 128 and
756 4460 412 164 along
1272 4460 228 124 the
1604 4460 272 128 line
1984 4456 156 132 of
2244 4504 452 116 power
2800 4456 544 160 service,
3448 4456 672 168 carefully
4224 4460 424 128 sifted
4764 4456 360 132 from

380 4660 448 112 recent
924 4648 408 124 issues
1428 4644 156 128 of
1672 4648 480 124 Power
2248 4648 176 164 by
2520 4648 228 124 the
2844 4644 632 128 editorial
3568 4644 356 128 staff.
4116 4652 196 120 1st
4408 4648 196 124 ed.
4788 4648 324 124 New

380 4832 380 128 York
868 4848 320 120 [etc.]
1292 4832 340 124 Pub.
1728 4832 220 124 for
2032 4832 484 128 Power
2600 4832 176 164 by
2860 4832 1024 128 McGraw-Hill
3972 4832 352 128 book
4408 4876 708 120 company,

380 5016 292 160 inc.,
744 5020 356 124 1927.

540 5216 196 112 vii,
808 5216 204 96 232
1084 5240 104 88 p.
1324 5212 344 116 illus.,
1744 5212 432 116 diagrs.
2312 5216 64 92 2
2380 5216 612 108 3½ͨͫ
2632 5252 28 52 .

384 5348 120 112 ©
584 5380 120 88 M
704 5408 148 88 ay
920 5384 164 112 19,
1152 5384 336 108 1927;
1560 5384 160 96 2c.
1792 5384 300 96 June
2160 5384 124 88 2:
2360 5384 196 96 aff.
2632 5384 268 112 May
2968 5384 196 108 23;
3240 5384 96 92 A
3404 5384 60 92 9
3476 5384 268 96 7687
3756 5384 60 96 9
3844 5388 28 88 ;
3960 5384 832 96 McGraw-Hill
4868 5384 260 112 pub.

544 5544 192 88 co.,
808 5520 280 92 New
1160 5520 340 96 York.
1672 5516 664 116 (27-12869)
4644 5516 284 100 4667

380 5740 772 152 Renouvin,
1232 5740 528 128 Pierre.

552 5928 288 124 The
920 5924 428 128 forms
1424 5928 152 124 of
1648 5972 280 84 war
2000 5940 884 152 government
2956 5928 140 124 in
3168 5928 564 160 France,
3804 5928 180 164 by
4048 5928 472 128 Pierre
4592 5928 528 128 Renou-

376 6108 272 128 vin.
804 6112 332 128 New
1196 6112 540 160 Haven,
1800 6112 352 128 Yale
2216 6112 756 164 university
3040 6156 436 120 press;
3552 6116 620 156 London,
4240 6116 180 124 H.
4496 6112 632 160 Milford,

380 6296 548 132 Oxford
1048 6296 764 168 university
1924 6344 420 112 press,
2468 6296 228 124 for
2804 6296 228 128 the
3152 6296 668 164 Carnegie
3940 6300 844 124 endowment
4908 6296 220 128 for

376 6480 976 128 international
1440 6524 444 116 peace,
1968 6480 636 128 Division
2688 6480 156 128 of
2924 6480 736 128 economics
3752 6484 268 124 and
4104 6480 572 168 history,
4768 6492 356 120 1927.

552 6676 232 116 xvi,
864 6680 236 112 166,
1184 6676 132 96 20
1392 6704 104 88 p.
1644 6676 68 96 2
1716 6676 648 108 5ͨͫ
1900 6752 20 20 .
2080 6676 596 116 [Carnegie
2760 6680 724 96 endowment
3556 6676 192 96 for
3828 6676 832 100 international
4752 6708 376 88 peace.

392 6816 532 96 Division
992 6816 124 96 of
1184 6816 640 96 economics
1892 6816 228 92 and
2192 6816 484 112 history.
2812 6812 612 96 Economic
3496 6816 228 92 and
3792 6816 356 96 social
4224 6816 448 112 history
4748 6816 120 96 of
4940 6820 196 92 the

384 6952 360 96 world
804 6976 280 72 war.
1224 6952 696 92 Translated
1980 6952 224 92 and
2264 6948 548 116 abridged
2872 6948 360 96 series

392 7064 120 120 ©
592 7092 268 108 May
932 7088 164 112 20,
1172 7084 336 112 1927;
1580 7084 164 96 2c.
1816 7088 272 108 May
2160 7084 196 112 24;
2436 7084 196 96 aff.
2712 7088 268 108 May
3048 7084 200 100 23:
3328 7084 96 92 A
3496 7084 344 96 97676
3848 7084 64 96 0
3948 7108 24 88 ;
4056 7084 560 116 Carnegie
4692 7092 444 92 endow-

548 7228 316 92 ment
936 7224 192 92 for
1204 7220 840 96 international
2128 7248 368 88 peace.
2672 7216 660 120 (27-12601)
4644 7216 284 104 4668

384 7448 652 152 Roberts,
1108 7448 544 124 Bertha
1724 7448 612 152 Geyden.

552 7636 288 124 The
900 7632 328 128 land
1288 7632 116 128 o'
1464 7632 532 160 dream;
2060 7680 416 112 verse,
2532 7632 184 164 by
2776 7632 520 124 Bertha
3356 7628 560 168 Geyden
3984 7632 616 132 Roberts.
4764 7636 372 160 [New

392 7816 532 164 Haven,
988 7816 472 160 Conn.,
1512 7820 400 124 Press
1972 7816 156 128 of
2188 7816 132 132 J.
2380 7816 164 128 R.
2616 7812 504 136 Suther
3124 7816 48 124 l
3184 7860 72 80 a
3264 7860 92 88 n
3364 7816 132 156 d,
3576 7872 52 52 ͨ
3608 7824 240 120 192
3852 7816 76 128 7
3928 7884 36 68 ]

556 8008 168 116 53,
800 8008 96 100 [2
900 8056 28 72 ]
996 8036 104 88 p.
1244 8008 752 108 23ͨͫ.

400 8124 120 116 ©
604 8148 272 112 May
956 8144 100 116 2,
1140 8144 336 108 1927;
1564 8144 164 96 2c.
1812 8148 228 92 and
2128 8144 196 96 aff.
2412 8144 300 96 June
2796 8144 64 92 6
2900 8168 20 84 ;
3012 8140 100 96 A
3196 8144 132 96 97
3336 8144 60 92 6
3404 8144 268 108 916;
3764 8144 128 96 B.
3984 8144 124 100 G.
4200 8148 520 92 Roberts.
4816 8152 320 96 West

552 8284 448 108 Haven,
1108 8276 356 100 Conn.
1628 8276 660 116 (27-12849)
4648 8276 284 104 4669

396 8500 580 152 Rogers,
1060 8500 356 148 Will,
1504 8500 316 124 1879
1828 8580 80 12 –

652 8688 76 144 …
804 8684 540 128 There's
1420 8696 236 116 not
1740 8732 72 80 a
1896 8684 576 164 bathing
2548 8684 272 128 suit
2896 8684 140 124 in
3120 8684 488 124 Russia
3684 8692 108 120 &
3876 8688 388 124 other
4344 8692 320 124 bare
4740 8688 396 132 facts,

404 8872 328 124 with
816 8872 904 124 illustrations
1804 8868 180 164 by
2060 8868 384 128 Herb
2532 8868 404 124 Roth.
3116 8868 328 124 New
3528 8872 432 156 York,
4044 8872 164 124 A.
4300 8880 108 116 &
4492 8872 144 132 C.
4736 8872 396 128 Boni,

404 9056 356 128 1927.

568 9252 64 92 4
696 9276 104 88 p.
864 9252 108 112 1.,
1040 9244 372 116 7-155,
1504 9244 56 88 [
1520 9248 60 92 1
1588 9292 28 72 ]
1692 9272 108 88 p.
1864 9244 184 96 inc
2052 9248 36 92 l
2104 9320 20 20 .
2192 9248 412 112 plates.
2744 9248 60 92 1
2812 9244 1140 112 9½ͨͫ.

568 9388 156 96 At
780 9388 296 92 head
1140 9380 128 100 of
1328 9380 324 96 title:
1720 9380 176 112 By
1960 9380 272 96 Will
2296 9380 472 112 Rogers.

408 9496 124 120 ©
604 9524 272 108 May
944 9524 168 108 27,
1184 9520 336 92 1927;
1596 9516 160 96 2c.
1832 9520 268 104 May
2180 9512 188 120 14;
2448 9512 192 100 aff.
2720 9516 300 92 June
3088 9516 124 108 1;
3296 9520 96 96 A
3464 9520 472 100 990328;
4020 9524 96 92 A
4124 9524 112 100 lb
4244 9548 120 76 er
4376 9532 48 100 t
4496 9524 84 100 &
4660 9524 480 96 Charles

568 9656 248 100 Bon
828 9656 36 88 i
872 9728 20 40 ,
980 9656 216 100 inc.
1364 9648 664 128 (27-12792)
4656 9652 284 100 4670
