5920 10300
188 944 744 148 Newfang,
1004 944 484 124 Oscar.

356 1136 716 156 Harmony
1156 1124 588 124 between
1836 1120 384 124 labor
2308 1116 268 128 and
2660 1112 572 168 capital;
3328 1160 172 76 an
3588 1152 372 120 essay
4044 1152 176 84 on
4304 1108 228 128 the
4616 1104 304 128 wel-

196 1320 64 124 f
264 1364 224 80 are
568 1316 156 124 of
804 1316 580 156 nations,
1464 1308 176 164 by
1732 1304 420 132 Oscar
2236 1304 328 124 New
2580 1300 64 124 f
2652 1344 268 120 ang
3000 1320 84 136 …
3328 1296 328 132 New
3744 1296 388 128 York
4216 1296 268 128 and
4568 1292 352 128 Lon-

188 1508 308 156 don,
564 1500 160 132 G.
800 1500 152 124 P.
1028 1496 704 124 Putnam's
1800 1536 352 116 sons,
2228 1488 352 128 1927.

348 1700 236 112 viii,
652 1700 204 96 238
920 1724 104 88 p.
1160 1696 688 112 21ͨͫ
1408 1736 28 52 .

192 1832 112 112 ©
384 1836 268 108 May
720 1832 168 112 27,
952 1832 336 108 1927;
1360 1828 160 96 2c.
1592 1828 224 92 and
1888 1848 68 68 a
1960 1824 56 92 f
2000 1820 80 100 f.
2156 1824 300 92 June
2520 1820 128 112 2;
2724 1820 96 92 A
2888 1820 128 96 97
3028 1820 132 92 68
3168 1820 196 112 72;
3444 1816 92 96 O
3548 1892 20 24 .
3636 1812 604 116 Newfang,
4312 1808 616 116 Hastings-

348 1996 64 68 o
420 1968 640 108 n-Hudson,
1124 1964 132 96 N.
1320 1964 92 92 Y
1424 2040 24 20 .
1616 1956 660 120 (27-13156)
4444 1940 284 104 4809

188 2156 404 144 Ober,
672 2148 584 132 Charles
1320 2148 636 148 Kellogg,
2032 2152 404 116 1856-

352 2340 516 124 Luther
928 2340 172 124 D.
1156 2332 696 160 Wishard,
1916 2332 680 164 projector
2656 2328 156 124 of
2872 2328 428 124 world
3364 2332 864 152 movements,
4288 2320 184 168 by
4540 2316 148 132 C.
4748 2320 184 128 K.

188 2532 116 124 O
312 2524 268 128 ber.
744 2520 328 132 New
1148 2520 428 160 York,
1644 2516 864 128 Association
2580 2560 416 116 press,
3076 2512 360 128 1927.

344 2724 64 92 4
472 2752 68 84 p
556 2800 20 20 .
640 2724 36 88 1
692 2796 52 36 .,
816 2716 196 96 199
1080 2740 100 92 p.
1316 2716 400 112 plates,
1788 2740 72 88 p
1868 2740 64 68 o
1936 2716 204 92 rts.
2272 2712 684 116 22½ͨͫ
2596 2752 24 56 .

200 2852 116 112 ©
380 2860 268 108 May
700 2856 164 112 26,
924 2856 332 108 1927;
1320 2852 160 92 2c.
1536 2852 300 92 June
1896 2848 120 112 8;
2084 2848 192 96 aff.
2336 2848 304 92 June
2696 2844 124 112 6;
2884 2844 96 96 A
3040 2844 60 88 9
3112 2844 60 96 9
3180 2844 64 92 0
3248 2848 60 88 4
3320 2844 60 96 6
3392 2848 124 104 1;
3588 2844 488 92 General
4140 2840 356 92 board
4560 2836 120 96 of
4740 2840 192 100 the

352 2996 128 92 Y.
580 3016 116 88 M.
772 2992 116 96 C.
956 2988 160 112 A.,
1184 2988 280 96 New
1532 2988 344 96 York.
2044 2980 664 120 (27-13397)
4448 2968 288 104 4810

192 3180 528 144 Offner,
808 3176 652 128 Richard.

360 3364 552 128 Studies
996 3364 144 124 in
1228 3360 788 124 Florentine
2104 3360 680 160 painting,
2868 3356 232 128 the
3192 3352 780 128 fourteenth
4068 3364 608 152 century,
4760 3348 180 168 by

188 3552 608 124 Richard
864 3544 512 132 Offner.
1536 3544 328 124 New
1936 3540 428 164 York,
2432 3544 160 124 F.
2660 3544 152 124 F.
2896 3540 704 164 Sherman,
3680 3540 356 128 1927.

360 3748 60 96 8
484 3772 100 88 p.
648 3748 36 88 l
700 3820 52 36 .,
820 3744 204 96 143
1088 3768 136 88 p.,
1296 3744 40 92 1
1424 3744 68 96 1.
1624 3740 388 116 front.,
2084 3740 408 116 plates.
2624 3740 684 116 28½ͨͫ.

360 3880 340 96 "Two
796 3880 524 92 hundred
1424 3880 228 92 and
1752 3880 520 108 seventy-
2276 3876 72 92 fi
2360 3896 132 72 ve
2592 3872 380 116 copies
3072 3876 124 92 of
3296 3872 236 104 this
3632 3872 452 96 volume
4192 3868 456 120 printed
4748 3868 192 96 for

200 4016 472 96 Frederi
680 4040 56 72 c
808 4012 468 96 Fairchi
1284 4016 36 92 l
1328 4016 72 92 d
1476 4012 72 96 S
1560 4012 476 96 herman
2116 4012 416 108 during
2608 4008 400 96 March
3088 4036 96 68 M
3196 4036 64 68 C
3272 4012 320 108 MXXV
3636 4028 76 64 II
3720 4016 84 88 ."

204 4120 116 112 ©
388 4156 268 108 May
716 4156 92 108 7,
856 4148 60 88 1
940 4148 264 112 927;
1268 4148 160 96 2c.
1492 4152 228 92 and
1780 4148 196 96 aff.
2040 4152 272 112 May
2372 4148 192 108 27;
2636 4148 96 92 A
2788 4144 136 96 99
2932 4144 68 96 0
3004 4144 132 96 28
3144 4144 60 96 6
3248 4172 20 84 ;
3340 4144 544 96 Frederic
3948 4136 596 100 Fairchild
4616 4136 328 100 Sher-

364 4312 296 72 man.
840 4284 660 116 (27-13407)
4460 4268 280 104 4811

196 4472 416 152 Page,
696 4472 488 128 Calvin
1264 4472 604 128 Samuel.

368 4660 288 124 The
724 4660 492 124 atomic
1288 4656 572 160 science;
1936 4672 432 112 atoms
2436 4660 272 124 and
2776 4652 748 164 molecules,
3592 4652 184 164 by
3840 4652 232 128 the
4144 4652 804 128 discoveries

204 4844 156 128 of
424 4892 156 76 rx
648 4856 536 144 matter,
1244 4844 232 124 the
1544 4856 268 112 two
1880 4844 640 164 energies,
2588 4844 228 124 the
2884 4852 264 112 two
3216 4840 456 124 initial
3744 4840 436 124 forces
4248 4840 152 124 of
4464 4852 480 112 nature

208 5032 268 124 and
564 5032 228 124 the
876 5072 288 80 new
1256 5032 976 160 phenomenon,
2320 5032 960 156 rx-repulsion,
3368 5028 308 164 give
3764 5024 808 164 completely
4656 5068 292 80 new

212 5216 1144 160 understandings
1436 5212 156 128 of
1664 5216 352 156 heat,
2096 5216 396 160 light,
2568 5216 476 156 sound,
3124 5212 428 160 radio,
3636 5208 784 164 electricity,
4500 5208 448 168 gravi-

212 5404 476 156 tation,
788 5400 852 164 magnetism,
1744 5400 824 164 capillarity,
2672 5396 1276 168 chemical-affinity,
4044 5400 232 128 the
4376 5440 580 84 nervous

212 5588 364 124 force
656 5588 264 120 and
1004 5584 624 128 cohesion
1704 5588 268 124 and
2052 5584 736 160 repulsion,
2860 5584 180 164 by
3124 5580 496 132 Calvin
3708 5580 544 132 Samuel
4336 5588 372 160 Page
4804 5584 80 144 …

204 5772 640 164 Chicago,
916 5772 268 160 Ill.,
1256 5768 544 132 Science
1872 5772 796 164 publishing
2736 5816 664 120 company
3484 5768 460 160 [ͨ1927]

372 5968 232 112 xiv,
672 5964 200 96 516
932 5992 104 88 p.
1168 5964 356 100 front.
1588 5964 412 116 (port.)
2084 5964 308 104 illus.
2516 5964 1096 108 21ͨͫ.

212 6076 120 108 ©
408 6104 272 112 May
744 6104 168 100 31,
984 6100 56 92 1
1056 6100 64 92 9
1120 6104 196 112 27;
1392 6104 164 96 2c.
1624 6104 224 96 and
1920 6104 196 96 aff.
2192 6104 300 96 June
2556 6104 128 112 3;
2764 6104 92 92 A
2928 6104 476 112 976898;
3488 6104 112 96 C.
3684 6104 108 96 S.
3864 6104 336 112 Page,
4280 6100 532 116 Chicago.

392 6240 668 116 (27-13507)
4464 6232 284 100 4812

216 6432 728 144 Pailleron,
1016 6432 152 120 M
1172 6476 244 80 me.
1484 6428 448 128 Marie
1996 6428 552 132 Louise.

476 6616 72 136 …
620 6616 384 120 L'enl
1012 6636 64 100 è
1084 6624 532 112 vement
1704 6616 72 120 à
1864 6616 132 120 la
2084 6616 344 128 belle
2516 6608 88 112 é
2588 6616 368 156 toile,
3044 6612 560 128 histoire
3700 6616 164 128 de
3952 6616 192 124 M.
4240 6616 160 128 de
4500 6612 452 132 Saint-

212 6796 496 160 Géran,
784 6840 316 84 avec
1180 6808 296 152 sept
1548 6840 656 120 gravures
2272 6796 320 128 hors
2672 6808 400 116 texte.
3236 6800 444 160 Paris,
3760 6804 356 120 Plon
4208 6800 412 160 [1927]

372 6988 72 96 4
492 7016 104 88 p.
648 6992 108 112 1.,
808 6988 204 96 293
1072 7012 136 92 p.,
1264 6992 56 88 1
1384 6988 36 92 l
1436 7068 20 16 .
1596 6988 392 116 front.,
2048 6992 408 112 plates,
2516 6996 388 108 ports.,
2960 6988 456 104 facsim.
3556 6984 792 112 20ͨͫ.

216 7096 116 108 ©
416 7124 260 100 Feb.
748 7128 96 108 3,
924 7124 328 112 1927;
1344 7116 36 88 1
1404 7152 84 68 c.
1568 7128 292 96 Mar.
1932 7128 196 108 28;
2208 7128 100 92 A
2308 7180 92 12 —
2456 7124 492 112 Foreign
3016 7128 64 96 3
3092 7128 332 112 3794;
3508 7128 576 100 Librairie
4164 7128 316 100 Plon.

404 7256 660 120 (27-13141)
4468 7260 284 100 4813

212 7416 412 148 Park,
712 7416 492 124 Edwin
1288 7416 524 152 Avery.

380 7600 328 128 New
796 7600 948 164 backgrounds
1844 7604 220 124 for
2164 7652 72 80 a
2332 7648 288 84 new
2720 7648 288 120 age,
3100 7604 184 164 by
3380 7608 500 124 Edwin
3972 7608 468 164 Avery
4540 7608 416 160 Park,

216 7788 764 124 illustrated
1068 7788 332 124 with
1484 7788 268 124 line
1836 7788 688 164 drawings
2608 7792 268 124 and
2960 7792 976 164 photographs.
4108 7792 332 128 New
4528 7792 428 164 York,

216 7972 732 156 Harcourt,
1024 7972 428 124 Brace
1524 7972 272 124 and
1868 8016 668 120 company
2628 7968 448 140 [ͨ1927]

380 8164 120 96 xi
504 8160 40 88 i
556 8164 68 112 i,
692 8164 208 96 225
964 8188 104 88 p.
1200 8164 392 116 front.,
1664 8164 340 120 illus.,
2072 8168 408 116 plates.
2616 8168 648 104 24ͨͫ.

228 8288 120 112 ©
420 8300 112 92 M
548 8324 140 88 ay
756 8300 160 108 26,
988 8300 60 92 1
1060 8300 60 92 9
1124 8300 196 108 27;
1392 8300 160 96 2c.
1620 8308 228 88 and
1920 8304 196 96 aff.
2184 8308 300 92 June
2552 8308 124 108 2;
2752 8308 96 88 A
2920 8304 128 100 97
3060 8308 60 92 6
3128 8308 132 92 86
3268 8304 64 96 0
3368 8332 24 84 ;
3468 8308 624 112 Harcourt,
4164 8312 368 92 Brace
4604 8312 84 96 &
4760 8336 192 92 co.,

384 8432 216 100 inc.
768 8432 664 116 (27-13406)
4472 8440 280 100 4814

220 8588 1076 152 Pennsylvania.
1472 8596 664 156 Superior
2204 8612 412 108 court.

388 8776 1004 160 Pennsylvania
1524 8776 652 160 Superior
2308 8792 380 116 court
2808 8792 568 152 reports.
3588 8832 120 80 v.
3844 8792 192 156 88,
4168 8772 792 180 containing

228 9004 352 84 cases
680 8960 552 128 decided
1300 8960 76 136 …
1672 8964 684 160 Reported
2456 8968 180 160 by
2732 8968 488 124 Albert
3320 8972 156 120 B.
3576 8972 640 164 Weimer,
4312 8984 344 116 state
4760 9016 196 84 re-

232 9156 496 148 porter,
804 9148 264 120 and
1152 9144 588 160 Spencer
1816 9148 540 128 Gilbert
2424 9152 672 160 Nauman,
3172 9156 640 124 assistant
3888 9172 340 112 state
4308 9172 644 148 reporter.

228 9328 892 164 Harrisburg,
1192 9332 284 124 The
1544 9332 764 164 Telegraph
2384 9380 416 116 press,
2880 9336 352 128 1927.

2484 9616 248 136 731
