5968 10420
3124 9740 68 96 6

732 1120 408 144 Ford,
1220 1112 420 148 Tirey
1720 1092 1724 168 Lafayette—Continued

912 1312 216 100 xiii
1192 1340 140 88 p.,
1396 1312 56 92 1
1524 1312 36 92 l
1576 1384 56 36 .,
1696 1308 132 96 23
1840 1308 64 92 6
1972 1332 104 88 p.
2224 1300 312 96 illus.
2684 1296 552 128 23½ͨͫ.

920 1480 680 96 illustrated
1676 1472 864 112 lining-papers.

744 1624 116 108 ©
932 1652 268 88 Dec.
1268 1644 164 112 24,
1496 1636 336 112 1926;
1900 1636 164 92 2c.
2128 1636 268 92 Dec.
2456 1632 200 108 31;
2728 1624 196 96 aff.
2988 1624 264 92 Jan.
3324 1620 92 112 5,
3488 1616 336 112 1927;
3896 1612 96 96 A
4060 1612 480 112 963000;
4612 1608 668 96 Alexander
5348 1624 156 92 M.

900 1780 676 96 Robertson.
1744 1764 532 120 (27–685)
5156 1740 144 104 32

740 2012 728 140 Freeman,
1552 1996 460 128 Lewis
2080 1996 748 136 Ransome,
2920 1984 316 124 1878
3240 2060 88 12 –

900 2200 116 120 B
1028 2236 88 120 y
1200 2200 792 148 waterways
2076 2192 140 116 to
2304 2172 668 160 Gotham;
3064 2168 228 128 the
3384 2176 568 112 account
4044 2156 156 128 of
4288 2204 72 80 a
4456 2172 276 112 two
4820 2156 684 128 thousand

736 2380 316 124 mile
1124 2416 520 120 voyage
1720 2368 180 164 by
1980 2360 316 132 skiff
2380 2360 264 124 and
2732 2352 668 128 outboard
3480 2360 444 116 motor
4008 2344 368 128 from
4460 2344 824 124 Milwaukee
5364 2356 144 112 to

740 2564 324 124 New
1152 2556 424 160 York,
1656 2552 596 160 through
2336 2548 228 124 the
2656 2540 424 132 Great
3164 2536 484 160 Lakes,
3732 2536 432 124 Trent
4256 2528 480 164 Canal,
4832 2528 200 132 St.
5120 2532 388 124 Law-

740 2788 424 116 rence,
1244 2740 744 152 Richelieu,
2072 2728 832 164 Champlain
2984 2728 268 120 and
3340 2724 632 156 Hudson,
4056 2720 184 160 by
4324 2716 444 128 Lewis
4852 2720 164 124 R.
5112 2720 396 120 Free-

740 2972 312 80 man
1136 2936 88 132 …
1432 2924 332 124 New
1840 2912 432 168 York,
2340 2912 456 160 Dodd,
2864 2912 152 124 M
3024 2912 252 124 ead
3352 2912 272 124 and
3704 2948 716 120 company,
4500 2908 364 124 1926.

912 3152 204 96 viii
1176 3176 132 88 p.,
1372 3152 60 88 1
1488 3152 40 88 l
1544 3220 52 40 .,
1656 3144 204 96 444
1916 3168 104 92 p.
2168 3144 392 112 front.,
2620 3144 408 112 plates.
3176 3136 456 124 22ͨͫ.

916 3312 668 116 Appendix:
1692 3312 384 108 River,
2176 3308 264 96 lake
2540 3308 228 92 and
2864 3308 340 92 canal
3304 3300 592 96 distances
3996 3304 232 92 and
4328 3300 260 96 lock
4684 3300 280 96 data
5068 3324 140 72 on
5316 3300 112 96 al
5436 3304 80 88 l-

740 3456 364 92 water
1184 3452 320 88 route
1580 3448 512 92 between
2168 3444 284 92 New
2524 3444 312 92 York
2912 3440 228 96 and
3224 3440 580 112 Georgian
3880 3440 316 108 Bay;
4284 3436 592 116 Distance,
4964 3440 556 112 weather,

744 3584 324 92 radio
1136 3584 224 92 and
1428 3580 460 116 general
1956 3576 800 112 navigational
2824 3576 272 92 data
3168 3576 192 88 for
3432 3576 196 88 the
3704 3572 356 96 Great
4132 3572 380 96 Lakes
4584 3572 228 92 and
4888 3568 312 100 their
5268 3596 252 72 con-

740 3716 464 112 necting
1272 3712 364 96 rivers
1700 3712 228 96 and
1992 3712 432 96 canals.

760 3872 120 116 ©
956 3880 240 96 Oct.
1264 3880 168 112 23,
1496 3876 272 96 1926
1812 3904 20 84 ;
1908 3880 60 88 2
1960 3900 64 76 c
2048 3952 16 20 .
2136 3880 224 92 and
2432 3876 192 96 aff.
2704 3876 240 96 Oct.
3012 3876 200 112 30;
3284 3876 100 88 A
3448 3876 64 92 9
3520 3872 64 96 6
3588 3872 340 116 3029;
4008 3876 364 112 Dodd,
4452 3876 340 96 Mead
4864 3876 88 96 &
5024 3900 56 76 c
5084 3900 68 72 o
5152 3924 64 64 .,
5296 3876 220 96 inc.

944 4012 188 116 (27
1132 4068 72 12 –
1208 4012 400 116 26026)
5176 4004 144 104 33

752 4240 556 144 Gaines,
1384 4236 584 128 Charles
2040 4232 560 152 Kelsey,
2676 4240 320 116 1854
3000 4308 84 16 –

924 4424 516 128 Echoes
1540 4420 152 128 of
1788 4468 404 116 many
2292 4420 508 160 moods,
2896 4420 176 164 by
3180 4416 560 132 Charles
3844 4420 504 168 Kelsey
4456 4420 544 132 Gaines.
5180 4420 336 124 New

764 4612 212 124 Yo
984 4628 60 104 r
1056 4612 132 160 k,
1244 4612 212 128 W.
1528 4608 160 124 E.
1756 4612 124 116 R
1884 4608 396 164 udge,
2352 4612 352 120 1926.

928 4840 64 96 6
1060 4864 104 88 p.
1236 4844 36 88 l
1288 4912 52 36 .,
1416 4836 204 96 120
1692 4864 100 88 p.
1936 4836 744 112 21ͨͫ.

932 5008 436 96 Poems.

936 5140 656 112 "Privately
1680 5140 492 112 printed,
2252 5140 64 92 3
2396 5140 660 112 December,
3140 5136 336 112 1926;
3564 5140 420 92 second
4072 5136 476 116 edition,
4636 5140 132 92 15
4852 5140 660 112 December,

768 5276 368 100 1926."

784 5432 112 112 ©
976 5444 260 96 Dec.
1312 5440 164 112 29,
1552 5440 204 92 192
1764 5440 60 96 6
1868 5468 20 84 ;
1968 5440 160 92 2c.
2204 5440 260 92 Jan.
2540 5440 96 112 3,
2716 5440 44 92 1
2784 5436 264 116 927;
3136 5436 196 96 aff.
3416 5440 100 92 D
3528 5460 56 72 e
3596 5464 84 68 c.
3760 5436 164 116 31,
4008 5436 204 96 192
4220 5436 64 96 6
4324 5464 24 84 ;
4432 5436 96 96 A
4608 5436 472 100 957952;
5180 5436 84 92 C
5280 5516 16 16 .
5384 5440 144 96 K.

932 5576 452 112 Gaines,
1468 5576 400 108 Caton,
1944 5576 132 92 N.
2156 5576 124 88 Y.
2452 5572 184 116 (27
2640 5628 76 8 –
2716 5572 264 112 972)
5180 5568 144 104 34

760 5804 376 144 Gaw,
1212 5800 584 148 Allison,
1884 5796 308 128 1879
2200 5876 80 16 –

932 5988 288 124 The
1304 5984 448 164 origin
1844 5988 260 120 and
2200 5984 944 160 development
3228 5980 152 128 of
3476 5992 60 116 1
3632 5984 488 160 Henry
4212 6004 136 104 VI
4360 6084 32 60 ,
4476 5984 144 124 in
4708 5984 584 124 relation
5384 5996 140 116 to

772 6168 960 160 Shakespeare,
1804 6168 696 160 Marlowe,
2568 6168 440 160 Peele,
3080 6168 272 124 and
3428 6168 564 160 Greene,
4064 6168 184 164 by
4324 6156 548 136 Allison
4948 6168 340 132 Gaw
5336 6180 84 136 …

772 6352 256 128 Los
1104 6352 628 164 Angeles,
1812 6352 288 124 The
2184 6352 804 164 University
3068 6352 152 128 of
3300 6348 688 136 Southern
4080 6352 824 164 California,
4996 6360 360 120 1926.

932 6576 116 96 vi
1120 6600 136 88 p.,
1336 6580 60 88 1
1472 6580 40 88 l
1524 6648 56 40 .,
1656 6576 204 96 180
1932 6600 104 88 p.
2180 6600 296 92 map.
2620 6576 452 108 23ͨͫ.
3064 6576 464 112 (Added
3608 6588 40 88 t
3664 6608 228 88 .-p.:
3976 6576 680 116 University
4736 6576 128 96 of
4952 6576 576 100 Southern

768 6708 684 96 California.
1584 6708 496 100 Studies.
2204 6712 180 96 1st
2444 6736 252 88 ser.,
2760 6740 180 68 no.
3000 6712 120 112 1)

944 6872 316 96 "List
1316 6872 124 96 of
1500 6876 380 92 works
1944 6876 436 96 cited":
2448 6904 104 88 p.
2624 6888 36 84 [
2660 6880 588 112 169]–172;
3324 6868 452 108 'Views
3840 6880 124 96 of
4032 6880 764 96 Elizabethan
4868 6880 656 96 theatres":

776 7036 100 88 p.
936 7008 508 96 172–173.

972 7176 284 108 Aug.
1312 7176 164 108 31,
1544 7172 328 116 1926;
1944 7164 156 104 1c.
2188 7164 204 112 and
2452 7176 196 100 aff.
2716 7180 100 88 D
2828 7176 92 96 ec
2968 7256 16 20 .
3044 7180 196 112 24;
3312 7152 156 128 1c.
3536 7184 268 92 Dec.
3868 7184 200 116 27;
4136 7184 100 92 A
4300 7168 68 92 9
4372 7184 408 116 58617;
4856 7180 680 120 University

944 7308 120 92 of
1148 7312 572 88 Southern
1800 7312 156 88 Ca
1972 7312 508 96 lifornia.
2652 7312 188 112 (27
2844 7368 72 8 –
2924 7312 328 112 1148)
5188 7316 136 100 35

792 7528 368 124 Gene
1176 7532 108 120 ti
1300 7568 68 84 c
1436 7544 208 108 stu
1660 7532 84 120 d
1756 7532 32 120 i
1812 7576 64 80 e
1884 7576 60 76 s
2016 7532 148 120 of
2240 7536 468 156 genius
2812 7536 80 132 …
3100 7580 116 76 v.
3304 7548 100 108 1.
3480 7540 468 120 Menta
3960 7544 48 116 l
4088 7540 268 124 and
4436 7540 564 160 physica
5008 7544 48 120 l
5128 7540 400 124 traits

944 7712 148 124 of
1156 7760 72 76 a
1284 7716 672 124 thousand
2020 7712 448 168 gifted
2536 7720 656 160 children,
3256 7724 180 124 by
3496 7720 444 128 Lewis
4000 7724 188 124 M.
4260 7724 632 160 Terman,
4960 7724 568 128 assisted

944 7900 180 160 by
1184 7896 152 124 B.
1396 7904 116 116 T
1528 8000 24 24 .
1620 7904 112 116 B
1752 7944 72 80 a
1836 7904 132 120 ld
1976 7916 124 96 w
2116 7900 180 160 in,
2360 7904 264 120 Edi
2636 7916 60 108 t
2704 7904 84 120 h
2860 7908 620 120 Bronson
3548 7908 268 124 and
3880 7952 76 80 o
3968 7920 56 112 t
4028 7908 348 128 hers.
4528 7916 72 116 2
4612 7908 88 128 d
4768 7908 200 128 ed.
5128 7908 96 132 S
5232 7920 56 116 t
5300 7952 224 84 an-

948 8080 316 124 ford
1340 8080 840 164 University,
2272 8080 460 164 Calif.,
2816 8084 672 132 Stanford
3572 8092 764 164 university
4420 8136 420 120 press,
4928 8096 356 124 1926.

948 8268 244 116 xiii,
1260 8264 124 100 64
1452 8300 100 84 p.
1692 8276 280 92 fold.
2084 8268 96 108 ta
2168 8276 136 108 b.,
2368 8276 424 112 diagrs.
2936 8268 552 104 22½ͨͫ
3256 8304 24 56 .

992 8408 264 92 Dec.
1324 8400 60 96 2
1392 8404 64 92 2
1468 8476 20 36 ,
1556 8404 332 112 1926;
1964 8408 160 92 2c.
2192 8408 264 96 Jan.
2528 8412 92 108 5,
2696 8412 332 108 1927;
3108 8412 128 96 af
3232 8412 44 92 f
3288 8488 16 20 .
3384 8416 260 96 Jan.
3716 8416 128 112 4;
3924 8420 96 88 A
4084 8416 484 112 957987;
4656 8416 556 100 Stanford
5292 8416 244 100 uni-

948 8560 68 68 v
1024 8536 360 112 ersity
1452 8560 352 92 press.
1972 8536 192 116 (27
2164 8592 72 12 –
2240 8540 328 112 1161)
5188 8552 144 100 36

792 8760 476 144 Gibbs,
1348 8760 536 148 George
1960 8764 384 144 Fort,
2428 8760 312 128 1870
2744 8844 80 12 –

944 8944 288 124 The
1324 8940 44 164 j
1388 8984 416 124 oyous
1900 8944 624 160 conspira
2532 8960 56 112 t
2596 8992 196 116 or,
2884 8952 176 160 by
3160 8948 456 172 Georg
3624 9000 68 80 e
3788 8956 428 132 Gibbs
4332 8956 88 144 …
4668 8960 328 128 New
5104 8960 432 160 York,

776 9128 132 124 J.
972 9124 180 124 H.
1220 9124 392 128 Sears
1672 9128 104 112 &
1836 9172 704 120 company,
2596 9132 144 124 in
2740 9152 68 92 c
2824 9232 24 28 .
2932 9136 452 132 [ͨ1927]

952 9316 64 92 2
1084 9344 100 84 p.
1248 9320 36 88 l
1300 9392 56 36 .,
1420 9316 204 96 315
1692 9344 100 88 p.
1944 9316 548 104 19½ͨͫ.

916 9444 72 108 ©
988 9452 256 92 Jan.
1288 9444 108 116 3,
1460 9448 328 100 1927;
1860 9452 156 96 2c.
2080 9456 64 88 J
2160 9456 180 96 an.
2408 9460 124 108 7;
2608 9432 120 116 af
2728 9460 40 88 f
2780 9536 16 20 .
2864 9460 264 96 Jan.
3192 9464 128 112 6;
3384 9464 100 92 A
3548 9464 476 120 963027;
4096 9468 104 96 J.
4344 9452 64 116 H.
4488 9472 344 96 Sears
4900 9472 84 96 &
5048 9496 196 80 co.,
5312 9448 220 120 inc.

980 9564 520 132 (27–818)
5192 9604 140 96 37
