5920 10300
2580 9780 312 116 1501

264 1136 576 144 Reeves,
924 1128 412 148 Mary
1408 1124 160 128 B.

444 1316 564 164 Beyond
1104 1308 228 132 the
1428 1320 592 144 counter,
2112 1304 180 160 by
2388 1300 412 164 Mary
2896 1304 156 120 B.
3156 1296 504 128 Reeves
3768 1320 84 136 …
4116 1292 376 160 [New
4600 1284 428 164 York,

280 1500 184 128 M.
532 1500 160 128 B.
760 1496 544 160 Reeves]
1436 1488 320 152 ͨ1927
1768 1592 28 24 .

444 1692 60 92 2
564 1716 104 92 p.
732 1692 44 88 l
784 1764 52 40 .,
900 1688 136 96 85
1096 1712 100 88 p.
1340 1684 64 96 2
1412 1684 1064 112 0ͨ΋.

288 1840 112 112 ©
484 1860 280 96 Nov.
840 1860 100 112 2,
1016 1856 336 112 1927;
1436 1856 160 96 2c.
1676 1856 224 88 and
1984 1848 124 96 af
2096 1856 48 92 f
2164 1928 16 20 .
2260 1848 172 96 No
2444 1872 68 68 v
2524 1928 20 16 .
2620 1856 128 100 5;
2832 1848 100 92 A
3012 1844 540 108 1004948;
3648 1852 108 88 M
3776 1920 16 20 .
3880 1844 128 92 B.
4092 1840 460 104 Reeves,
4644 1836 216 92 Phi
4872 1840 156 100 la-

440 1992 500 116 delphia.
1108 1988 668 116 (27-23625)
4472 1968 352 100 10066

276 2208 732 152 Rockwell,
1092 2208 540 156 George
1708 2204 884 152 Lounsbury,
2684 2208 316 120 1869
3004 2280 84 12 –

440 2392 292 132 The
796 2392 532 168 history
1400 2392 156 128 of
1620 2388 816 168 Ridgefield,
2516 2388 924 156 Connecticut,
3512 2384 184 164 by
3768 2380 528 164 George
4368 2380 152 124 L.
4600 2376 428 124 Rock-

284 2584 332 128 well.
792 2576 816 168 Ridgefield,
1696 2572 468 164 Conn.,
2248 2572 380 128 Priv.
2720 2572 416 164 print.
3220 2568 184 168 by
3484 2572 224 120 the
3800 2568 536 156 author,
4424 2564 360 124 1927.

444 2780 204 100 583
740 2808 100 88 p.
980 2776 396 116 front.,
1464 2776 312 96 illus.
1840 2772 180 120 (in
2028 2776 128 96 cl.
2256 2772 388 116 maps)
2752 2772 412 116 plates,
3260 2776 388 108 ports.,
3744 2764 516 96 facsims.
4404 2764 1132 120 24ͨ΋.

452 2944 704 116 "Ridgefield
1232 2968 260 68 men
1568 2940 124 96 in
1768 2940 196 96 the
2044 2932 788 104 revolution":
2908 2960 108 92 p.
3092 2932 516 100 137–145.
3756 2928 740 100 "Individual
4576 2928 460 96 records

284 3080 120 96 of
476 3076 868 116 revolutionary
1404 3072 628 100 soldiers":
2104 3096 108 92 p.
2280 3072 516 96 147–196.

456 3212 316 100 "List
856 3212 124 96 of
1056 3208 488 100 soldiers
1624 3208 308 96 from
2016 3204 368 116 Ridge
2388 3208 40 92 f
2428 3204 224 96 ield
2736 3204 120 92 in
2944 3204 192 96 the
3220 3200 360 96 world
3664 3196 380 96 war":
4132 3224 104 88 p.
4312 3196 520 96 326–340.

452 3348 892 112 Bibliography:
1424 3368 100 92 p.
1600 3340 236 100 555.

296 3480 120 108 ©
504 3508 244 100 Oct.
828 3508 168 112 25,
1084 3508 196 96 192
1292 3508 60 96 7
1392 3532 20 84 ;
1500 3508 164 96 2c.
1744 3504 280 96 Nov.
2112 3504 64 92 7
2212 3528 20 84 ;
2320 3528 60 68 a
2400 3500 48 92 f
2436 3500 84 100 f.
2600 3500 284 100 Nov.
2964 3504 128 108 4;
3184 3500 96 92 A
3364 3500 52 92 1
3432 3496 68 96 0
3504 3500 56 88 1
3572 3496 64 96 0
3644 3496 132 96 18
3784 3496 60 92 5
3888 3520 20 88 ;
4000 3496 128 96 G.
4216 3496 120 96 L.
4424 3496 620 116 Rockwell,

468 3644 668 116 Ridgefield,
1208 3640 348 100 Conn.
1724 3640 668 116 (27-23547)
4492 3628 352 100 10067

288 3864 820 152 Rosenthal,
1184 3864 108 124 L
1308 3872 52 108 é
1372 3888 232 128 on,
1688 3864 320 124 1870
2012 3940 84 16 –

456 4052 384 128 L'art
924 4068 124 112 et
1120 4052 188 128 les
1388 4048 544 128 artistes
2008 4048 64 124 é
2080 4048 304 124 tudi
2376 4052 76 116 é
2464 4096 60 76 s
2604 4048 496 124 devant
3184 4048 184 124 les
3488 4052 544 152 œuvres;
4116 4044 464 128 visites
4656 4044 392 124 artis-

296 4240 472 168 tiques,
888 4236 400 128 Paris
1400 4252 132 112 et
1652 4232 468 168 région
2236 4232 816 164 parisienne,
3172 4276 252 120 par
3540 4232 372 124 Léon
4024 4228 752 128 Rosenthal
4896 4240 84 144 …

296 4424 440 164 Paris,
812 4424 808 164 Delagrave,
1704 4420 360 128 1927.

468 4616 188 120 vii,
736 4616 88 104 [1
820 4616 52 88 ]
880 4692 20 40 ,
968 4620 236 112 224,
1280 4664 28 72 [
1316 4620 92 100 1]
1488 4640 104 92 p.
1764 4616 308 96 illus.
2136 4612 244 116 (inc
2384 4616 40 92 l
2436 4688 24 24 .
2528 4612 392 120 plans)
3084 4612 1132 116 18ͨ΋.

468 4784 936 116 "Bibliographie
1472 4784 136 116 gé
1616 4812 68 68 n
1704 4780 440 100 érale":
2224 4808 104 92 p.
2412 4828 24 72 [
2444 4808 68 68 v
2520 4780 40 96 i
2568 4780 84 96 ii
2636 4780 44 88 ]

312 4924 120 108 ©
508 4956 300 96 June
880 4956 164 112 24,
1120 4952 336 112 1927;
1544 4944 152 104 1c.
1776 4952 284 116 Aug.
2140 4952 192 108 12;
2412 4948 744 116 A—Foreign
3224 4952 64 92 3
3300 4948 64 88 5
3368 4948 268 112 452;
3720 4948 284 96 Libr
4008 4948 108 92 ai
4128 4948 168 100 rie
4408 4948 648 120 Delagrave.

492 5092 672 112 (27-23472)
4484 5080 352 100 10068

300 5308 460 148 Rowe,
840 5304 524 156 Joseph
1448 5312 620 148 Eugene,
2164 5316 312 120 1883
2484 5384 84 16 –

476 5496 972 164 Introductory
1580 5496 984 160 mathematics,
2704 5492 168 164 by
3008 5496 520 160 Joseph
3668 5492 560 168 Eugene
4364 5496 408 120 Rowe
4872 5496 84 144 …

308 5680 328 128 New
704 5676 428 164 York,
1192 5680 1080 160 Prentice-Hall,
2336 5680 304 160 inc.,
2712 5676 360 132 1927.

476 5876 112 96 vi
652 5904 136 92 p.,
856 5880 60 92 1
980 5880 36 92 l
1032 5948 56 40 .,
1152 5876 204 100 285
1420 5900 104 92 p.
1664 5876 432 112 diagrs.
2236 5876 756 108 23½ͨ΋.

324 6020 116 108 ©
536 6044 300 116 Sept.
920 6044 164 112 15,
1168 6044 336 112 1927;
1592 6048 156 92 2c.
1836 6048 228 92 and
2148 6044 140 96 af
2248 6044 64 92 f
2324 6120 20 24 .
2432 6044 244 100 Oct.
2760 6044 192 112 15;
3048 6044 96 92 A
3232 6044 52 92 1
3296 6044 64 96 0
3368 6048 56 88 1
3436 6040 284 100 0059
3752 6068 24 88 ;
3868 6044 896 112 Prentice-Hall,
4856 6044 216 96 inc.

504 6180 664 116 (27-23581)
4520 6176 352 100 10069

316 6404 924 148 Rutherford,
1316 6404 524 152 Joseph
1932 6404 108 124 F
2728 6408 312 120 1869
3048 6480 84 16 –

488 6588 708 160 Creation;
1308 6588 228 128 the
1656 6584 776 168 Scriptural
2536 6588 416 164 proof
3052 6588 156 128 of
3308 6592 228 128 the
3644 6588 600 128 creation
4352 6588 156 128 of
4612 6588 464 168 things

320 6816 304 84 seen
720 6776 268 124 and
1088 6816 540 120 unseen,
1724 6772 620 168 showing
2444 6772 228 128 the
2768 6772 748 168 unfolding
3612 6772 156 128 of
3864 6776 228 124 the
4192 6772 460 128 divine
4752 6776 320 160 plan

324 6956 364 128 from
800 6960 228 124 the
1136 6960 448 160 Logos
1688 6976 140 108 to
1944 6960 228 124 the
2284 6956 820 164 completion
3220 6956 152 128 of
3476 6960 232 124 the
3820 6964 384 160 royal
4324 6956 488 164 family
4928 6960 152 124 of

324 7144 508 128 heaven
912 7144 268 128 and
1260 7144 228 128 the
1568 7140 812 128 restoration
2464 7144 152 128 of
2692 7188 360 80 man.
3232 7144 216 164 By
3524 7144 132 132 J.
3740 7144 152 128 F.
3980 7140 864 132 Rutherford
4912 7148 80 136 …

328 7328 748 164 Brooklyn,
1172 7324 168 128 N.
1448 7328 172 128 Y.
1740 7404 28 84 [
1780 7328 284 128 etc.]
2184 7324 1012 128 International
3300 7328 396 128 Bible
3796 7332 616 124 students
4516 7328 560 128 associa-

332 7512 328 160 tion,
736 7512 496 128 Watch
1316 7528 420 108 tower
1820 7512 396 128 Bible
2300 7512 268 124 and
2660 7528 356 108 tract
3100 7512 500 164 society
3728 7512 436 160 [ͨ1927]

492 7704 208 100 379
768 7732 108 92 p.
948 7704 116 96 in
1076 7708 100 96 cl
1188 7780 24 24 .
1280 7708 212 96 col.
1560 7708 396 116 front.,
2028 7708 40 92 i
2072 7708 40 92 l
2120 7708 252 116 lus.,
2444 7708 208 96 col.
2724 7708 412 116 plates.
3276 7708 684 108 18½ͨ΋.

500 7872 516 116 "300,000
1076 7872 548 100 edition."

348 7996 112 112 ©
540 8004 240 100 Oct.
844 8008 168 112 24,
1084 8008 336 112 1927;
1492 8008 160 96 2c.
1724 8008 244 96 Oct.
2036 8008 200 112 31;
2308 8008 196 96 aff.
2576 8008 244 96 Oct.
2892 8008 196 112 29;
3164 8008 96 92 A
3332 8008 48 92 1
3400 8008 72 96 0
3476 8008 44 92 1
3540 8008 140 96 00
3680 8008 60 96 3
3752 8008 72 92 0
3860 8036 16 84 ;
3960 8012 100 96 J.
4136 8012 124 96 F.
4336 8008 752 120 Rutherford,

504 8144 620 112 Brooklyn.
1296 8144 668 112 (27-23516)
4540 8144 352 100 10070

336 8360 664 152 Schmitz,
1076 8364 776 152 Sylvester.

504 8548 288 128 The
876 8548 836 164 adjustment
1800 8548 152 128 of
2036 8556 540 124 teacher
2660 8552 620 168 training
3364 8564 136 116 to
3588 8560 568 124 modern
4244 8560 848 128 educational

336 8736 444 124 needs.
952 8732 136 128 A
1168 8740 920 160 comparative
2168 8740 412 160 study
2664 8740 156 124 of
2900 8740 232 124 the
3216 8740 912 164 professional
4216 8748 876 160 preparation

340 8916 156 128 of
556 8924 604 124 teachers
1228 8920 144 124 in
1440 8924 228 124 the
1740 8920 460 168 public
2272 8924 268 128 and
2616 8924 628 132 Catholic
3316 8928 824 168 elementary
4212 8936 272 124 and
4556 8936 544 124 second-

344 9148 248 120 ary
652 9108 524 128 schools
1240 9108 144 124 in
1444 9112 228 124 the
1740 9112 516 124 United
2332 9108 492 164 States,
2892 9112 332 124 with
3296 9160 72 80 a
3440 9120 672 160 proposed
4184 9120 328 164 plan
4588 9116 220 128 for
4872 9120 228 128 the

348 9292 608 164 training
1032 9292 152 124 of
1260 9296 600 128 teachers
1944 9292 224 132 for
2240 9296 732 128 American
3060 9296 624 136 Catholic
3756 9304 568 132 schools.
4504 9308 212 164 By
4800 9304 192 156 Sy
5000 9308 48 124 l
5060 9384 40 16 -

352 9496 432 108 vester
856 9476 600 132 Schmitz
1552 9488 80 128 …
1856 9484 960 164 Washington,
2880 9488 172 124 D.
3124 9484 112 136 C
3248 9584 72 64 .,
3396 9488 356 132 1927.
