5952 10400
800 776 204 96 160

796 1128 632 148 Jenkins,
1508 1120 588 132 Charles
2172 1108 628 144 Francis,
2888 1108 316 120 1865
3208 1176 76 12 –

972 1324 524 124 Button
1592 1308 748 152 Gwinnett,
2436 1296 460 164 signer
2992 1288 152 124 of
3244 1284 228 124 the
3576 1272 892 136 Declaration
4572 1264 156 132 of
4828 1264 748 168 independ-

808 1548 348 116 ence,
1252 1504 180 160 by
1544 1492 108 132 C
1660 1492 448 128 harles
2208 1480 576 132 Francis
2888 1472 584 132 Jenkins
3580 1520 84 132 …
3932 1460 560 132 Garden
4604 1456 112 132 C
4724 1456 248 164 ity,
5076 1456 172 128 N.
5360 1452 220 164 Y.,

808 1684 848 164 Doubleday,
1720 1680 376 160 Page
2156 1676 108 120 &
2328 1704 712 124 company,
3112 1660 356 120 1926.

976 1884 60 96 3
1112 1904 100 92 p.
1284 1880 108 112 1.,
1472 1900 68 72 v
1540 1928 76 12 –
1616 1868 196 96 xvi
1892 1896 132 88 p.,
2104 1864 60 96 1
2240 1868 108 108 1.,
2428 1860 200 96 291
2708 1884 100 88 p.
2952 1852 392 112 front.,
3428 1848 308 96 illus.
3804 1844 180 116 (in
3992 1848 104 92 cl
4108 1916 24 24 .
4208 1840 392 116 maps)
4696 1840 412 116 plates,
5192 1840 392 116 ports.,

812 2016 512 100 facsims.
1468 2008 580 116 24½ͨͫ.

988 2180 388 96 "First
1432 2168 540 104 edition."

988 2312 348 96 "This
1400 2308 440 96 edition
1908 2304 100 96 is
2076 2300 448 96 limited
2600 2300 120 92 to
2792 2320 208 72 one
3072 2288 588 100 thousand
3728 2288 228 92 and
4036 2308 208 72 one
4316 2280 484 116 copies."
4948 2276 284 96 This
5308 2300 288 92 copy

820 2456 196 92 not
1068 2444 664 100 numbered.

836 2584 112 112 ©
1016 2616 284 96 Nov.
1364 2612 164 112 15,
1596 2612 200 96 192
1808 2608 60 92 6
1908 2636 20 84 ;
2004 2608 160 92 2c.
2232 2604 228 92 and
2532 2600 196 96 aff.
2796 2600 264 92 Jan.
3124 2596 168 112 13,
3364 2592 336 116 1927;
3780 2592 96 92 A
3940 2592 64 96 9
4012 2588 60 96 5
4084 2588 336 112 8692;
4500 2584 716 116 Doubleday,
5288 2588 312 108 Page

992 2748 84 96 &
1128 2776 128 68 co
1268 2824 20 20 .
1460 2744 188 120 (27
1648 2796 76 12 –
1724 2740 332 112 1287)
5188 2716 208 100 160

820 3008 668 148 Kilduffe,
1556 3004 528 128 Robert
2152 2996 728 148 Anthony,
2960 2996 324 120 1884
3288 3068 80 12 –

992 3200 292 124 The
1344 3188 540 136 clinical
1944 3176 1060 172 interpretation
3068 3172 160 128 of
3280 3176 408 124 blood
3756 3168 784 168 chemistry,
4604 3168 184 168 by
4856 3172 516 128 Robert
5432 3172 172 128 A.

828 3376 628 136 Kilduffe
1548 3384 80 148 …
1844 3364 1024 164 Philadelphia,
2936 3364 276 128 Lea
3288 3364 112 120 &
3472 3360 632 164 Febiger,
4192 3356 360 128 1927.

1000 3604 104 88 x,
1184 3580 196 116 [17]
1424 3628 40 12 –
1468 3572 200 96 186
1736 3596 100 88 p.
1980 3568 36 92 i
2028 3568 292 108 llus.,
2396 3560 428 116 diagrs.
2964 3556 648 128 20½ͨͫ.

1008 3744 692 96 References
1760 3740 124 92 at
1944 3736 216 92 end
2220 3732 120 96 of
2400 3732 304 92 most
2760 3724 128 96 of
2948 3724 196 96 the
3204 3724 580 116 chapters.

852 3892 120 116 ©
1040 3912 260 96 Jan.
1364 3908 96 112 3,
1532 3904 336 108 1927;
1936 3900 160 96 2c.
2168 3900 260 96 Jan.
2500 3900 124 108 6;
2700 3892 196 96 aff.
2964 3896 264 92 Jan.
3304 3892 124 116 8;
3504 3892 100 92 A
3672 3892 480 116 958638;
4232 3892 232 96 Lea
4536 3892 84 96 &
4692 3892 520 116 Febiger.

1032 4040 596 128 (27–1295)
5204 4024 212 100 161

852 4312 540 136 Lattre,
1464 4300 116 128 G
2260 4296 208 124 de.

1080 4500 84 128 …
1248 4484 772 164 Technique
2100 4484 160 120 de
2344 4484 48 116 l
2404 4476 116 124 'é
2512 4476 484 164 tirage,
3080 4520 256 116 par
3420 4480 144 120 M
3572 4532 32 68 .
3696 4472 168 132 G.
3952 4472 164 128 de
4196 4472 204 128 La
4408 4484 124 116 tt
4536 4520 144 80 re
4756 4500 72 128 …
5096 4484 108 116 1.
5300 4520 88 120 p
5400 4484 56 116 t
5464 4472 156 132 ie.

780 4676 624 160 Étirage
1468 4672 232 124 des
1760 4668 388 124 tubes
2216 4664 524 128 d'acier.
2924 4660 452 160 Paris,
3448 4660 628 124 Éditions
4144 4660 164 124 de
4376 4660 48 124 l
4436 4656 28 64 '
4516 4656 596 136 "Usine"
5228 4664 80 136 [1
5328 4668 160 116 92
5500 4668 144 148 6]

1016 4868 208 96 120
1276 4892 136 88 p.,
1476 4864 64 92 2
1600 4864 32 92 l
1652 4940 20 16 .
1812 4860 344 112 illus.,
2224 4856 428 112 diagrs.
2792 4856 648 120 23½ͨͫ.
3316 4852 576 116 (Biblioth
3904 4852 60 96 è
3968 4876 220 92 que
4252 4856 140 92 de
4452 4852 500 116 l'Usine)

860 5020 128 116 ©
1048 5036 304 112 Sept.
1416 5028 168 116 25,
1644 5028 332 108 1926;
2044 5028 160 92 1c.
2264 5024 172 96 No
2444 5052 68 68 v
2524 5100 20 20 .
2608 5020 192 116 19;
2872 5016 744 116 A—Foreign
3676 5016 412 120 32222;
4164 5016 388 100 Usine.

1048 5168 188 112 (27
1240 5220 48 12 –
1300 5160 344 116 4389)
5224 5152 208 104 162

860 5428 312 148 Lee,
1256 5420 776 156 Umphrey.

1120 5612 72 148 …
1264 5612 292 124 The
1628 5608 252 128 life
1952 5604 156 132 of
2184 5604 532 160 Christ;
2804 5648 76 80 a
2952 5596 372 132 brief
3396 5604 520 124 outline
3996 5604 228 124 for
4300 5604 664 156 students,
5036 5604 188 168 by
5300 5604 332 128 Um-

868 5800 432 160 phrey
1372 5796 264 124 Lee
1728 5800 80 136 …
2028 5788 752 164 Nashville,
2856 5788 472 156 Tenn.,
3412 5784 792 172 Cokesbury
4284 5832 420 120 press,
4788 5796 148 120 19
4948 5796 76 120 2
5032 5796 112 120 6.

1032 5988 204 100 175
1308 6016 104 88 p.
1548 5984 648 112 19½ͨͫ.
2064 5984 728 116 (Cokesbury
2864 5980 520 116 training
3456 6008 436 92 course,
3968 5988 128 96 E.
4176 5988 124 96 B.
4380 5984 592 116 Chappell,
5048 5980 440 120 editor)

888 6148 116 112 ©
1076 6160 268 92 Dec.
1416 6156 92 112 9,
1580 6152 204 92 192
1788 6156 64 88 0
1892 6180 20 84 ;
1988 6152 160 92 2c.
2224 6156 228 88 and
2520 6148 196 96 aff.
2792 6152 260 92 Jan.
3124 6152 164 112 13,
3360 6148 336 116 1927;
3776 6152 100 92 A
3948 6148 64 96 9
4020 6156 60 92 6
4084 6152 128 96 31
4232 6152 60 92 5
4296 6156 132 112 3;
4508 6156 428 92 Lamar
5008 6156 84 96 &
5164 6156 480 112 Barton,

1040 6288 632 92 Nashville.
1836 6284 604 116 (27–1374)
5240 6288 204 100 163

876 6544 812 148 Lockwood,
1772 6540 452 132 Sarah
2304 6544 188 120 M.

1048 6732 328 128 New
1456 6728 428 164 York,
1952 6740 240 112 not
2268 6772 140 84 so
2484 6728 360 128 little
2924 6728 268 128 and
3268 6744 240 116 not
3584 6776 144 80 so
3808 6728 272 164 old,
4152 6732 184 164 by
4420 6728 448 136 Sarah
4948 6736 192 124 M.
5224 6736 424 124 Lock-

888 6916 452 160 wood;
1436 6912 904 128 illustrations
2432 6912 180 164 by
2700 6908 496 132 Ilonka
3288 6916 568 124 Karasz.
4044 6916 564 132 Garden
4704 6916 368 168 City,
5172 6920 164 128 N.
5440 6920 220 160 Y.,

884 7100 848 160 Doubleday,
1796 7100 372 160 Page
2232 7104 108 116 &
2404 7140 712 124 company,
3184 7104 360 120 1926.

1056 7288 208 100 viii
1324 7316 136 88 p.,
1524 7292 56 92 1
1640 7292 36 88 l
1688 7364 52 40 .,
1804 7288 204 100 197
2064 7316 104 88 p.
2232 7292 120 92 in
2360 7292 100 96 cl
2472 7368 20 20 .
2552 7292 340 112 illus.,
2952 7316 364 92 maps.
3456 7296 652 104 25½ͨͫ.

1064 7448 388 96 "First
1520 7448 436 96 edition
2028 7448 312 96 after
2408 7452 196 92 the
2672 7452 520 116 printing
3260 7452 124 96 of
3456 7452 204 96 200
3732 7460 140 92 de
3948 7460 268 92 luxe
4288 7460 488 112 copies."

1068 7584 324 108 Maps
1452 7608 144 68 on
1648 7580 864 116 lining-papers.

1064 7712 892 116 Bibliography:
2020 7740 104 88 p.
2180 7716 232 96 189.

912 7868 116 108 ©
1100 7880 276 92 Nov.
1440 7876 164 116 19,
1668 7876 336 116 1926;
2076 7884 60 88 2
2116 7888 116 92 c.
2304 7888 224 92 and
2600 7884 196 96 aff.
2864 7888 260 96 Jan.
3196 7888 160 116 13,
3432 7888 336 116 1927;
3840 7896 100 88 A
4004 7896 480 112 958693;
4568 7900 712 116 Doubleday,
5356 7900 304 116 Page

1068 8012 84 92 &
1208 8040 160 68 co.
1536 8012 188 116 (27
1728 8068 72 8 –
1800 8016 332 112 1284)
5252 8032 212 100 164

900 8240 580 148 Lowrie,
1568 8236 576 152 Walter,
2244 8248 316 120 1868
2564 8320 80 16 –

1072 8424 292 124 The
1424 8424 372 124 birth
1868 8424 152 124 of
2088 8424 232 128 the
2388 8428 504 128 Divine
2968 8428 484 168 Child;
3532 8480 80 80 a
3688 8432 768 136 Christmas
4528 8484 536 88 sermon
5144 8444 224 128 for
5440 8448 232 124 the

908 8608 528 160 simple,
1512 8608 336 124 with
1932 8652 172 80 an
2188 8612 932 128 introduction
3200 8612 224 132 for
3500 8620 232 128 the
3816 8624 360 144 wise,
4256 8624 184 164 by
4516 8628 536 128 Walter
5132 8628 536 128 Lowrie

1244 8788 328 124 New
1648 8788 428 164 York,
2144 8792 572 128 London
2804 8876 32 80 [
2844 8812 240 112 etc.
3080 8828 48 96 ]
3216 8804 828 164 Longmans,
4120 8812 452 128 Green
4644 8812 272 124 and
4988 8856 236 124 co.,
5308 8816 356 120 1926.

1076 8980 64 92 2
1208 9008 100 84 p.
1372 8972 40 92 l
1424 9056 52 36 .,
1544 8980 60 96 5
1608 8980 68 96 2
1740 9008 100 88 p.
1988 8980 640 104 19½ͨͫ
2308 9064 20 20 .

1088 9148 648 92 "Preached
1824 9152 236 92 last
2148 9152 648 100 Christmas
2888 9160 124 96 in
3104 9160 104 100 S.
3308 9164 388 96 Paul's
3792 9168 616 100 American
4504 9172 472 116 church,
5068 9176 464 96 Rome."
5536 9228 144 20 —

920 9280 436 92 Introd.

936 9420 112 108 ©
1116 9444 100 88 D
1228 9468 152 68 ec.
1452 9444 156 112 10,
1680 9444 328 116 1926;
2080 9444 160 104 2c.
2304 9456 224 92 and
2596 9480 56 68 a
2672 9456 48 92 f
2720 9456 72 96 f.
2856 9460 260 96 Jan.
3184 9464 164 112 12,
3420 9464 336 116 1927;
3824 9468 100 92 A
3988 9468 476 116 958700;
4540 9476 684 112 Longmans,
5300 9476 376 96 Green

1092 9568 80 88 &
1240 9604 56 64 c
1304 9608 60 56 u
1380 9648 20 24 .
1568 9576 256 108 (27–
1836 9584 40 88 1
1900 9584 64 88 3
1972 9588 60 88 7
2044 9584 116 112 7)
5272 9608 196 100 165

3216 9724 168 120 24
