5968 10284
560 1052 560 156 Taylor,
1208 1048 532 156 Gladys
1740 1128 188 20 —
1932 1048 776 132 Continued

564 1244 552 160 Taylor.
1268 1236 388 128 Book
1716 1248 112 116 1.
1896 1236 844 168 Containing
2800 1236 284 124 The
3144 1236 616 124 rainbow
3824 1248 280 116 cats
4168 1244 272 124 and
4500 1236 852 168 Ding-dong.

564 1428 620 160 London,
1252 1428 584 128 Warren
1904 1428 112 120 &
2084 1420 608 164 Phillips
2780 1428 116 108 [ͨ
2872 1420 400 152 1927]

728 1632 64 88 1
860 1652 104 88 p.
1032 1624 36 92 l
1080 1696 56 44 .,
1208 1620 64 100 9
1336 1648 104 92 p.
1588 1620 312 100 illus.
2040 1620 68 96 3
2108 1624 1140 108 1ͨͫ.

572 1776 120 120 ©
760 1796 160 100 1c.
988 1792 244 96 Oct.
1292 1792 168 116 28,
1524 1788 340 112 1927;
1932 1788 100 96 A
2092 1792 148 92 ad
2304 1788 208 100 int.
2576 1788 408 112 10170;
3056 1788 344 116 pubd.
3468 1788 244 100 Oct.
3780 1792 124 112 7;
3976 1792 496 92 Warren
4540 1800 88 96 &
4692 1792 524 116 Phillips.

4792 1920 360 108 11096

560 2088 508 124 Texas.
1248 2088 432 124 Court
1756 2084 156 164 of
1984 2080 632 132 criminal
2684 2080 600 168 appeals.

732 2276 296 124 The
1100 2276 440 124 Texas
1620 2272 632 124 criminal
2332 2280 600 152 reports;
3020 2312 360 84 cases
3460 2272 516 160 argued
4060 2272 272 124 and
4416 2268 696 168 adjudged
5192 2276 84 144 …

564 2464 508 160 during
1144 2460 460 160 April,
1672 2456 340 164 May
2084 2460 272 124 and
2428 2456 408 164 June,
2904 2500 120 80 A.
3108 2500 72 76 D
3192 2560 24 24 .
3300 2464 364 116 1926.
3824 2456 700 164 Reported
4592 2456 184 168 by
4844 2456 216 132 W.
5136 2460 220 128 W.

564 2648 204 128 Ne
776 2648 48 124 l
828 2692 244 84 ms.
1220 2692 124 80 v.
1412 2652 276 120 104.
1840 2644 344 124 Fort
2236 2644 544 160 Worth,
2840 2644 368 160 Tex.,
3272 2644 292 124 The
3628 2640 560 128 Bunker
4252 2640 632 172 printing
4948 2648 408 160 prod-

564 2848 288 112 ucts
928 2828 920 168 corporation,
1932 2836 360 120 1926.

728 3032 232 112 xix,
1036 3032 208 96 777
1308 3052 104 92 p.
1552 3024 720 112 23½ͨͫ.

572 3192 120 120 ©
760 3200 248 96 Oct.
1072 3200 168 112 30,
1304 3196 340 112 1926;
1708 3196 168 100 2c.
1936 3196 288 96 Nov.
2288 3192 124 112 8;
2488 3192 196 100 aff.
2752 3196 268 96 Dec.
3084 3192 96 116 1,
3252 3192 336 116 1927;
3660 3192 96 96 A
3824 3192 548 116 1010622;
4444 3196 520 96 William
5036 3200 320 96 Web-

732 3344 240 88 ster
1044 3336 168 96 Ne
1220 3336 40 92 l
1268 3360 204 92 ms,
1548 3332 444 116 Dallas,
2068 3332 280 100 Tex.
4772 3328 360 104 11097

564 3600 172 128 U.
808 3596 92 132 S
912 3692 36 36 .
1124 3596 444 164 Laws,
1636 3608 612 148 statutes,
2324 3608 240 112 etc.

824 3788 84 144 …
992 3784 520 128 United
1624 3776 452 136 States
2184 3776 368 132 Code
2660 3780 780 124 annotated.
3636 3780 364 124 Title
4104 3780 204 128 27.
4412 3784 944 168 Intoxicating

564 3972 552 164 liquors.
1320 3964 868 132 Cumulative
2300 3976 792 152 temporary
3200 3964 492 164 pocket
3800 3976 356 152 part,
4268 3964 376 168 May,
4760 3972 324 124 1927
5176 3972 84 144 …

568 4156 200 132 St.
848 4156 400 160 Paul,
1324 4156 204 120 Mi
1536 4196 96 84 n
1636 4200 176 112 n.,
1884 4156 384 128 West
2344 4152 808 164 publishing
3224 4192 740 124 company;
4056 4152 820 164 Northport,
4956 4156 152 124 L.
5192 4156 164 164 I.,

564 4344 164 128 N.
804 4344 220 160 Y.,
1100 4344 604 124 Edward
1780 4340 796 160 Thompson
2652 4380 716 120 company,
3448 4336 364 132 1927.

720 4540 64 96 3
852 4568 108 88 p.
1100 4540 612 108 24½ͨͫ.

728 4708 288 96 This
1080 4708 600 112 pamphlet
1752 4708 100 92 is
1924 4704 328 96 fitted
2328 4704 248 96 into
2648 4704 204 92 the
2916 4704 408 112 pocket
3404 4708 120 88 at
3604 4704 196 96 the
3872 4704 292 96 back
4236 4704 124 96 of
4432 4704 192 100 the
4700 4708 456 96 volume
5228 4712 128 92 of

564 4848 192 92 the
820 4852 176 88 set
1060 4852 116 88 to
1244 4840 380 96 which
1692 4840 96 96 it
1848 4840 508 116 belongs.

568 5000 124 112 ©
768 5016 308 112 Sept.
1140 5012 168 116 28,
1372 5012 340 112 1927;
1780 5012 164 96 2c.
2012 5012 288 96 Nov.
2364 5008 196 116 21;
2636 5008 200 100 aff.
2900 5012 288 96 Nov.
3252 5008 72 96 2
3320 5012 64 92 3
3424 5036 24 84 ;
3520 5008 100 96 A
3684 5008 200 96 101
3892 5012 64 96 3
3964 5012 272 112 255;
4312 5012 328 100 West
4700 5012 264 116 pub.
5032 5040 168 72 co.
5264 5016 92 92 &

728 5152 508 96 Edward
1312 5148 660 116 Thompson
2044 5172 168 72 co.
4784 5144 356 104 11098

560 5404 624 152 Vachell,
1268 5404 548 128 Horace
1892 5400 764 152 Annesley.

728 5592 344 128 Miss
1152 5588 792 128 Torrobin's
2024 5588 884 164 experiment.
3100 5588 424 164 [chap.
3612 5588 80 128 7
3800 5588 584 168 (contd.)
4420 5668 140 80 ]–
4564 5596 192 120 12.
4944 5672 28 80 [
4988 5600 76 116 2
5152 5592 196 124 in-

560 5780 712 124 stalments

756 5972 200 120 (In
1020 5964 292 104 New
1380 5964 664 124 magazine,
2120 5964 360 124 Sept.,
2552 5960 296 124 Oct.,
2924 5960 348 124 1927)

568 6120 124 120 ©
780 6144 160 96 1c.
1032 6144 248 96 Oct.
1368 6140 164 116 15,
1620 6144 288 96 Nov.
1996 6140 160 116 16,
2248 6140 340 112 1927;
2680 6140 100 96 A
2864 6144 148 92 ad
3100 6140 212 96 int.
3400 6140 60 96 1
3468 6140 68 96 0
3540 6140 132 96 11
3680 6140 64 96 0
3756 6216 20 40 ,
3868 6140 408 112 10328;
4372 6140 340 112 pubd.
4800 6140 288 116 Aug.
5180 6144 164 116 19,

736 6280 308 116 Sept.
1108 6276 200 116 20;
1384 6288 144 92 H.
1592 6276 136 100 A.
1796 6276 508 116 Vachell,
2380 6276 340 116 Bath,
2792 6276 568 116 England.
4300 6272 392 120 11099,
4768 6272 352 100 11100

572 6524 120 128 V
696 6564 300 88 erm
1008 6564 80 88 o
1092 6564 92 84 n
1196 6532 60 120 t
1268 6620 32 32 .
1476 6528 724 160 Secretary
2284 6528 152 160 of
2512 6540 376 112 state.

732 6700 296 128 The
1116 6700 376 128 lakes
1580 6700 160 128 of
1828 6704 672 124 Vermont
2608 6704 84 144 …
2928 6700 480 128 Issued
3496 6700 184 164 by
3764 6700 232 128 the
4084 6704 672 124 Vermont
4836 6700 508 128 bureau

564 6888 156 124 of
780 6888 720 164 publicity,
1560 6884 360 128 office
1980 6884 156 128 of
2192 6884 232 128 the
2480 6896 684 152 secretary
3216 6884 156 128 of
3428 6900 348 112 state
3864 6896 76 148 …
4140 6888 572 160 Montpe
4720 6884 36 124 l
4780 6884 236 164 ier,
5072 6888 280 156 Vt.,

568 7068 560 168 Capital
1212 7068 324 168 City
1620 7112 376 124 press
2092 7072 2964 160 [ͨ1927]

728 7272 168 112 95,
980 7316 28 72 [
1016 7272 96 116 1]
1188 7296 108 88 p.
1368 7272 120 92 in
1496 7272 100 92 cl
1612 7348 20 20 .
1700 7268 396 116 front.,
2168 7272 312 96 illus.
2620 7268 284 96 fold.
2980 7272 412 112 plates.
3532 7272 652 108 21ͨͫ.

728 7436 184 96 An
1004 7432 732 116 abridgment
1828 7432 120 96 of
2040 7432 192 96 the
2324 7432 656 116 pamphlets
3080 7432 304 96 "The
3472 7432 268 100 lake
3824 7432 396 116 region
4312 7436 128 92 of
4520 7436 468 92 eastern
5072 7432 272 100 Ver-

568 7568 388 100 mont"
1052 7568 228 96 and
1376 7568 308 96 "The
1776 7568 268 96 lake
2140 7568 396 116 region
2628 7568 124 96 of
2848 7568 500 96 western
3436 7568 556 96 Vermont
4000 7564 60 40 "
4156 7568 612 116 published
4856 7568 128 92 in
5072 7564 268 100 1917

564 7708 232 92 and
860 7700 308 104 1918.

572 7844 124 120 ©
776 7868 280 116 July
1136 7868 164 116 25,
1388 7868 336 112 1927;
1812 7868 160 96 2c.
2056 7868 232 92 and
2372 7864 192 100 aff.
2648 7868 288 108 Aug.
3020 7868 196 108 24;
3308 7868 100 92 A
3488 7864 476 116 999536;
4060 7868 504 92 Rawson
4652 7868 120 96 C.
4856 7868 484 112 Myrick,

732 8012 592 104 secretary
1392 8000 124 96 of
1580 8008 308 88 state
1956 8000 188 96 for
2212 8000 196 96 the
2476 8008 308 92 state
2852 8000 128 96 of
3040 8000 588 116 Vermont,
3700 8000 720 116 Montpelier,
4500 8004 184 96 Vt.

756 8136 540 116 (27-2265
1300 8136 68 96 3
1392 8136 36 112 )
4788 8132 356 100 11101

572 8360 608 148 Vernon,
1272 8360 748 148 Grenville,
2112 8400 296 84 com
2408 8408 132 116 p.

744 8544 564 128 Yankee
1360 8544 880 160 doodle-doo;
2308 8588 72 84 a
2440 8544 708 128 collection
3208 8540 156 128 of
3420 8588 404 120 songs
3880 8540 156 132 of
4088 8544 232 128 the
4380 8544 376 164 early
4816 8544 528 128 Ameri-

576 8772 248 80 can
892 8740 420 152 stage,
1380 8728 676 160 compiled
2124 8728 336 124 with
2532 8772 172 80 an
2772 8728 936 128 introduction
3776 8732 112 120 &
3948 8740 384 116 notes
4396 8728 180 164 by
4648 8724 700 132 Grenville

584 8916 592 124 Vernon.
1324 8912 332 124 New
1732 8908 428 164 York,
2228 8912 548 164 Payson
2844 8916 112 120 &
3028 8904 500 136 Clarke
3596 8912 248 128 ltd.
3932 8916 248 156 [ͨ19
4192 8920 80 116 2
4276 8908 152 152 7]

744 9100 204 96 165
1008 9128 104 88 p.
1256 9100 404 116 plates,
1732 9108 328 108 port.,
2128 9100 516 100 facsims.
2788 9100 684 108 27ͨͫ.

744 9268 324 96 With
1136 9268 368 96 music
1592 9268 1040 116 (unaccompanied
2696 9268 612 116 melodies)

576 9416 120 120 ©
760 9436 284 96 Nov.
1104 9436 168 112 15,
1332 9432 336 112 1927;
1736 9428 48 88 1
1792 9444 64 80 c
1876 9516 20 16 .
1956 9440 228 92 and
2248 9436 196 100 aff.
2504 9440 284 92 Nov.
2852 9436 196 116 16;
3116 9428 44 88 1
3172 9448 104 84 c.
3340 9440 284 96 Nov.
3688 9440 192 112 22;
3960 9440 92 92 A
4116 9436 544 112 1013192;
4732 9440 460 112 Payson
5256 9428 88 96 &

740 9568 448 116 Clarke,
1276 9564 200 104 ltd.
1644 9568 668 120 (27-24726)
4784 9568 360 108 11102

2804 9704 324 124 1656
