5920 10300
324 984 580 152 Orbeck,
980 984 556 124 Anders
1540 1056 184 20 —
1732 980 768 132 Continued

492 1176 240 120 viii,
804 1224 28 72 [
840 1176 64 96 2
912 1224 24 72 ]
952 1252 24 40 ,
1044 1176 212 100 148
1312 1208 108 88 p.
1560 1180 60 92 2
1628 1176 684 112 3½ͨͫ.

492 1348 620 92 Published
1196 1348 244 92 also
1520 1368 132 72 as
1724 1340 364 100 thesis
2188 1344 256 116 (PH.
2520 1344 160 112 D.)
2784 1344 596 96 Columbia
3464 1344 680 116 university,
4228 1344 304 100 1927.

492 1480 828 116 Bibliography
1364 1504 24 72 :
1456 1504 104 92 p.
1624 1476 516 100 145–148.

332 1648 112 112 ©
508 1652 272 108 May
832 1652 160 108 17,
1052 1648 336 108 1927;
1448 1648 72 92 2
1516 1676 56 76 c
1588 1724 20 20 .
1668 1648 300 92 June
2024 1644 196 104 17;
2284 1668 60 72 a
2360 1644 120 96 ff.
2540 1644 300 96 June
2896 1644 200 112 20;
3160 1644 96 92 A
3308 1644 480 116 996243;
3852 1644 132 100 A.
4044 1644 476 116 Orbeck,
4584 1648 488 96 Roches-

488 1788 208 108 ter,
772 1784 132 96 N.
984 1784 124 96 Y.
1276 1784 668 112 (27-14544)
4588 1776 280 104 5466

320 2004 400 148 Peck,
796 2004 480 132 Simon
1352 2004 496 148 Lewis,
1932 2012 320 116 1844
2256 2080 68 16 –

484 2192 584 164 History
1128 2188 156 128 of
1340 2192 288 160 Ira,
1684 2192 712 156 Vermont,
2448 2192 184 160 by
2704 2184 136 136 S.
2908 2192 164 124 L.
3132 2192 404 160 Peck,
3600 2200 372 116 town
4036 2192 368 124 clerk
4472 2192 224 124 for
4760 2236 316 84 over

332 2376 368 164 forty
772 2416 432 120 years,
1276 2388 140 112 to
1496 2376 440 124 which
2012 2376 116 124 is
2200 2376 444 124 added
2720 2376 292 124 The
3092 2372 600 128 author's
3768 2376 384 164 early
4228 2376 848 160 experiences

328 2604 356 116 upon
748 2560 228 128 the
1040 2560 452 160 plains
1560 2560 268 124 and
1896 2560 228 124 the
2196 2556 576 128 Rockies
2836 2556 156 132 of
3060 2560 228 124 the
3356 2572 392 152 great
3816 2560 384 128 West
4268 2560 508 164 during
4844 2564 232 124 the

312 2788 392 120 years
788 2752 320 116 1866
1112 2820 84 16 –
1204 2744 364 160 1867,
1644 2740 364 128 from
2080 2740 216 128 his
2372 2740 400 168 diary
2848 2744 152 124 of
3072 2744 232 124 the
3380 2744 516 164 period.
4060 2744 668 164 Rutland,
4800 2748 280 160 Vt.,

316 2928 288 124 The
668 2928 464 124 Tuttle
1192 2968 716 124 company,
1976 2932 356 120 1926.

480 3120 132 100 83
672 3148 104 88 p.
916 3120 36 96 i
964 3120 260 100 llus.
1292 3120 32 112 (
1348 3120 40 96 i
1396 3148 76 68 n
1476 3124 104 92 cl
1592 3196 16 24 .
1680 3120 416 116 ports.)
2256 3120 684 112 23½ͨͫ.

324 3256 116 108 ©
516 3260 268 112 May
852 3256 160 112 18,
1076 3256 332 112 1926;
1480 3256 160 112 2c.
1708 3264 224 88 and
2000 3256 196 96 aff.
2264 3260 64 92 J
2344 3284 68 64 u
2424 3280 140 72 ne
2628 3256 160 116 29,
2856 3256 340 116 1927;
3268 3260 96 92 A
3436 3260 64 92 9
3500 3260 64 92 9
3572 3260 332 112 0721;
3984 3264 396 92 Tuttle
4448 3288 164 76 co.

508 3392 664 116 (27-14535)
4584 3392 288 104 5467

320 3616 560 148 Person,
956 3616 420 124 Peter
1448 3616 152 124 P.

480 3800 572 124 Manual
1116 3796 224 132 for
1400 3800 380 164 daily
1844 3808 628 120 vacation
2540 3804 392 128 Bible
2992 3808 568 160 schools,
3620 3808 180 164 by
3864 3808 408 124 Peter
4336 3808 156 128 P.
4556 3812 512 128 Person

316 3988 268 124 and
708 3980 356 168 Olga
1192 3988 156 124 E.
1472 3988 748 164 Lindborg.
2432 3988 652 168 Chicago,
3208 3992 704 128 Covenant
4028 3992 356 128 book
4504 4040 564 84 concern

328 4176 160 152 [ͨ
428 4168 404 140 1927]

476 4364 140 96 47
672 4388 104 92 p.
916 4364 720 116 18½ͨͫ
1244 4440 20 24 .

480 4492 832 120 Bibliography
1352 4524 24 72 :
1448 4520 100 96 p.
1608 4496 380 104 46–47.

320 4612 120 116 ©
524 4632 296 92 June
900 4632 160 112 16,
1140 4632 336 112 1927;
1552 4636 160 96 2c.
1792 4640 228 88 and
2100 4660 60 72 a
2176 4636 120 96 ff.
2380 4636 296 96 June
2756 4636 196 112 25;
3036 4640 96 92 A
3208 4640 476 112 996208;
3776 4640 588 100 Covenant
4444 4648 296 92 book
4812 4672 256 72 con-

480 4792 300 72 cern.
948 4768 668 116 (27-14548)
4580 4772 284 104 5468

312 4988 344 152 Ray,
732 4988 116 128 T
1520 4992 684 148 Bronson,
2288 5004 316 116 1868
2608 5076 88 12 –

480 5172 372 168 Only
924 5220 76 80 a
1072 5172 860 168 missionary,
2004 5180 184 164 by
2268 5180 152 124 T.
2504 5184 160 120 B.
2748 5184 344 164 Ray.
3260 5184 820 164 Richmond,
4152 5192 304 160 Va.,
4540 5192 524 128 Educa-

312 5360 428 124 tional
832 5360 904 160 department,
1828 5364 596 164 Foreign
2516 5364 560 128 mission
3164 5368 476 164 board,
3732 5368 684 136 Southern
4516 5376 556 164 Baptist

308 5544 848 164 convention,
1228 5544 356 132 1927.

476 5736 208 96 224
736 5764 108 88 p.
980 5736 392 116 front.,
1436 5748 356 108 ports.
1932 5744 64 92 2
2008 5736 544 104 0ͨͫ.

320 5836 112 112 ©
512 5868 300 100 June
876 5876 164 112 24,
1108 5876 336 108 1927;
1516 5876 160 96 2c.
1748 5880 300 92 June
2116 5880 196 108 25;
2388 5904 56 72 a
2460 5880 120 96 ff.
2652 5884 300 92 June
3024 5888 196 108 27;
3296 5888 92 88 A
3460 5888 476 112 990723;
4020 5892 492 116 Foreign
4580 5892 480 100 mission

476 6008 392 116 board,
956 6008 68 100 S
1040 6084 24 24 .
1144 6012 128 96 B.
1356 6012 120 96 C.
1644 6012 668 120 (27-14592)
4576 6024 284 104 5469

308 6232 416 148 Reed,
804 6232 492 128 Edwin
1368 6236 660 152 Thomas,
2112 6240 316 128 1872
2432 6320 88 12 –

472 6416 288 124 The
852 6460 344 120 open
1284 6420 532 164 hearth,
1904 6420 180 164 by
2176 6424 496 128 Edwin
2768 6428 148 124 T.
3016 6432 408 124 Reed.
3600 6432 1024 168 Philadelphia,
4712 6440 344 124 Dor-

312 6640 388 84 rance
776 6600 268 124 and
1120 6648 668 120 company
1876 6600 160 140 [ͨ
1972 6608 316 128 1927
2288 6676 40 64 ]

472 6796 232 116 126,
784 6800 92 116 [1
888 6844 28 68 ]
984 6824 104 88 p.
1228 6792 684 108 20ͨͫ.
1676 6800 716 116 (Half-title:
2456 6808 912 120 Contemporary
3436 6820 324 108 poets
3832 6816 120 96 of
4020 6816 620 120 Dorrance,
4712 6820 192 116 55)

316 6920 116 112 ©
516 6928 268 116 May
852 6932 164 112 27,
1092 6928 336 116 1927;
1500 6936 164 96 2c.
1732 6936 304 96 June
2112 6936 196 112 16;
2384 6936 196 100 aff.
2660 6940 296 96 June
3032 6944 192 92 15;
3308 6944 96 92 A
3476 6948 476 112 996070;
4032 6948 304 100 Dorr
4344 6976 60 72 a
4424 6980 200 68 nce
4700 6956 84 92 &
4856 6984 132 72 co
5000 6932 152 124 .,

476 7064 212 100 inc.
856 7068 668 112 (27-14681)
4568 7084 288 104 5470

312 7284 620 148 Reisner,
1012 7284 604 132 Edward
1688 7292 748 152 Hartman,
2520 7308 312 116 1885
2840 7380 80 12 –

476 7468 756 132 Historical
1308 7472 884 136 foundations
2264 7480 152 128 of
2484 7484 564 128 modern
3120 7488 756 168 education,
3940 7496 184 164 by
4192 7500 604 128 Edward
4868 7500 184 128 H.

320 7656 552 124 Reisner
976 7660 84 132 …
1268 7660 328 124 New
1664 7660 424 164 York,
2148 7668 288 124 The
2500 7668 492 128 Macmi
3012 7672 48 120 l
3072 7672 224 124 lan
3360 7716 712 128 company,
4140 7688 148 116 19
4300 7692 76 112 2
4384 7684 112 128 7.

480 7860 72 80 x
564 7876 64 68 v
640 7924 20 36 ,
744 7852 196 96 513
1024 7880 104 88 p.
1268 7852 308 104 illus.
1640 7856 240 116 (inc
1888 7860 36 92 l
1936 7936 24 20 .
2040 7860 128 96 fa
2172 7868 64 76 c
2240 7860 376 116 sims.)
2776 7848 648 112 19½ͨͫ.

488 7984 816 112 "Suggestions
1368 7988 192 100 for
1628 7992 464 96 further
2168 7996 548 112 reading"
2784 8008 120 88 at
2976 8008 212 88 end
3268 8004 124 96 of
3456 8008 284 96 each
3808 8012 512 108 chapter.

316 8108 116 120 ©
504 8120 300 96 June
868 8120 160 116 28,
1104 8120 332 116 1927;
1508 8128 60 88 2
1576 8144 52 76 c
1644 8204 20 20 .
1736 8132 228 92 and
2028 8128 128 96 af
2140 8132 48 92 f
2204 8212 20 16 .
2296 8132 296 104 June
2660 8132 196 116 29;
2928 8140 100 88 A
3092 8140 480 112 990718;
3648 8148 668 96 Macmillan
4384 8180 132 68 co
4528 8228 20 20 .

496 8252 664 120 (27-14571)
4544 8284 280 100 5471

312 8472 520 152 Rideal,
912 8476 584 132 Charles
1568 8484 148 124 F.

468 8656 624 132 Alfalfer
1168 8660 428 132 Ann's
1672 8668 672 168 aferisms,
2412 8672 180 168 by
2668 8676 564 132 Charles
3308 8684 156 128 F.
3540 8684 536 164 Rideal,
4152 8692 228 124 the
4456 8696 596 160 pictures

308 8840 172 164 by
540 8840 604 128 Edward
1208 8848 152 124 T.
1436 8848 524 168 Sajous.
2140 8856 332 128 New
2532 8860 432 164 York,
3020 8864 288 128 The
3364 8868 716 132 Avondale
4140 8920 416 120 press,
4616 8880 428 124 incor-

312 9028 560 156 porated
964 9028 412 136 [ͨ1927
1380 9112 32 80 ]

464 9224 68 92 4
600 9248 100 88 p.
768 9224 36 92 l
820 9296 56 44 .,
940 9224 168 116 96,
1180 9272 32 72 [
1220 9232 56 88 1
1288 9272 24 72 ]
1388 9256 100 88 p.
1632 9232 84 96 il
1720 9236 40 92 l
1768 9260 168 72 us.
2076 9224 1208 108 21½ͨͫ.

320 9324 116 112 ©
512 9356 268 116 May
844 9360 164 112 23,
1076 9356 336 116 1927;
1484 9364 160 100 2c.
1716 9368 228 92 and
2012 9368 192 100 aff.
2276 9376 268 112 May
2612 9376 200 112 25;
2888 9376 96 96 A
3052 9364 472 132 976770;
3604 9384 588 104 Avondale
4264 9416 356 92 press,
4692 9388 216 104 inc.

496 9484 664 128 (27-13744)
4560 9524 284 100 5472

2572 9632 240 132 827
