5968 10284
860 884 576 144 Becker,
1520 876 320 132 Carl
1916 876 488 148 Lotus,
2492 872 316 128 1873
2816 952 84 12 –

1040 1072 284 124 The
1412 1068 412 164 spirit
1912 1064 156 128 of
2156 1064 196 128 '76
2440 1064 272 124 and
2804 1064 396 124 other
3284 1100 492 124 essays,
3864 1060 180 160 by
4140 1056 324 132 Carl
4560 1056 560 164 Becker,
5212 1060 132 128 J.
5440 1056 188 132 M.

872 1256 464 160 Clark,
1428 1256 624 128 William
2156 1252 156 120 E.
2416 1248 452 124 Dodd.
3052 1244 964 164 Washington,
4116 1244 288 128 The
4504 1244 516 128 Robert
5120 1244 512 128 Brook-

872 1444 304 164 ings
1252 1440 664 168 graduate
1996 1436 448 124 school
2508 1432 176 128 'of
2764 1432 740 128 economics
3588 1432 264 128 and
3940 1444 928 152 government,
4956 1432 360 132 1927.

1032 1640 52 88 1
1108 1640 60 92 3
1172 1640 60 88 5
1308 1652 96 88 p.
1548 1644 56 84 1
1612 1640 576 116 9½ͨͫ
1880 1716 20 16 .

1044 1776 432 92 "Three
1580 1776 496 92 lectures
2164 1772 72 108 …
2392 1776 584 88 delivered
3072 1792 144 68 on
3320 1776 636 88 November
4056 1776 160 100 19,
4320 1776 272 84 1926
4692 1776 124 96 at
4916 1776 192 88 the
5208 1776 420 88 Robert

876 1912 640 112 Brookings
1592 1936 128 88 gr
1732 1936 56 64 a
1808 1908 148 92 du
1972 1900 56 100 a
2052 1912 40 84 t
2104 1932 60 68 e
2236 1904 388 96 school
2704 1900 120 96 of
2900 1900 636 104 economics
3616 1904 224 92 and
3916 1904 776 112 government,
4780 1900 116 96 in
4976 1924 660 76 commemo-

880 2048 380 96 ration
1344 2044 120 96 of
1548 2052 36 88 t
1600 2044 64 92 h
1680 2072 60 68 e
1820 2072 60 64 o
1896 2068 132 68 ne
2112 2040 520 96 hundred
2720 2040 432 96 fiftieth
3244 2060 60 72 a
3312 2040 696 108 nniversary
4092 2040 124 92 of
4300 2036 192 104 the
4572 2064 280 88 year
4936 2040 368 96 which
5404 2040 236 96 wit-

876 2208 328 72 nesse
1216 2184 60 92 d
1356 2180 192 96 the
1620 2180 712 116 publication
2404 2176 124 96 of
2596 2176 196 96 the
2864 2176 460 96 Wealth
3396 2176 124 92 of
3588 2176 468 92 nations
4128 2176 224 92 and
4432 2176 192 96 the
4700 2172 744 100 Declaration
5524 2176 116 96 of

876 2316 952 116 independence."

1044 2456 156 96 CO
1216 2480 76 68 N
1304 2452 792 112 TENTS.—The
2188 2448 280 116 spiri
2492 2456 32 84 t
2620 2448 120 92 of
2828 2444 200 108 '76,
3120 2448 140 112 by
3360 2444 116 100 C.
3572 2444 988 96 Becker.—Adam
4664 2444 368 100 Smith
5132 2452 224 88 and
5456 2448 188 100 the

880 2588 340 120 spirit
1292 2592 120 92 of
1516 2588 160 96 76,
1756 2588 140 112 by
1968 2588 108 96 J.
2152 2588 108 88 M
2276 2664 20 20 .
2372 2580 1068 116 Clark.—Virginia
3520 2584 332 96 takes
3924 2584 192 92 the
4192 2584 276 96 road
4552 2588 116 92 to
4740 2584 684 100 revolution,
5504 2584 132 116 by

880 2728 168 100 W.
1116 2728 128 96 F.
1312 2728 360 92 Dodd.

884 2832 120 112 ©
1068 2864 68 96 J
1152 2888 60 68 u
1232 2888 136 72 ne
1424 2860 88 92 9,
1576 2860 332 96 1927;
1976 2860 148 92 2c,
2192 2860 228 92 and
2476 2852 196 104 aff.
2728 2860 232 92 Jun
2972 2884 60 64 e
3088 2856 128 92 14
3264 2884 16 84 ;
3348 2860 96 88 A
3500 2852 468 100 990529;
4048 2856 96 88 R
4152 2856 324 100 obert
4536 2856 644 116 Brookings
5240 2860 408 108 gradu-

1048 3004 188 88 ate
1312 2996 384 96 school
1772 2996 124 96 of
1968 2992 508 96 economi
2488 3020 56 64 c
2556 3020 52 68 s
2684 2988 80 92 &
2840 2996 784 108 government.
3792 2988 672 120 (27-13910)
5164 2992 284 96 5079

876 3220 684 148 Benham,
1640 3216 604 132 William
2324 3216 592 128 Burton.

1052 3408 316 128 Life
1452 3404 156 128 of
1688 3404 536 132 Osborn
2312 3404 180 124 H.
2584 3404 672 160 Oldroyd,
3344 3404 592 124 founder
4020 3404 268 124 and
4376 3408 632 128 collector
5092 3404 156 128 of
5332 3400 316 128 Lin-

884 3596 300 124 coln
1260 3608 780 144 mementos,
2104 3592 180 160 by
2356 3592 352 124 Wm.
2788 3592 532 124 Burton
3404 3588 652 128 Benham.
4216 3588 960 168 Washington,
5252 3596 172 124 D.
5504 3588 144 136 C.

896 3776 832 164 [Beresford,
1804 3824 204 116 pr.
2148 3776 360 128 1927.

1052 3976 168 116 31,
1296 3976 120 100 [1]
1504 4000 96 92 p.
1740 3976 408 116 plates,
2216 3980 360 112 ports.
2712 3972 760 112 19½ͨͫ.

948 4108 72 112 ©
1092 4116 68 92 J
1176 4140 68 64 u
1256 4140 140 64 ne
1464 4108 60 88 4
1536 4188 20 36 ,
1628 4108 332 96 1927;
2044 4112 156 96 2c.
2276 4112 228 92 and
2572 4108 196 96 aff.
2840 4108 300 96 June
3216 4116 60 88 1
3284 4108 68 96 0
3392 4132 16 92 ;
3492 4108 92 96 A
3660 4108 472 116 976989;
4216 4108 88 100 O
4320 4188 20 20 .
4416 4112 144 96 H.
4636 4108 544 120 Oldroyd,
5256 4112 396 96 Wash-

1056 4248 436 112 ington.
1664 4244 668 116 (27-13916)
5172 4240 284 104 5080

888 4468 532 152 Bogan,
1492 4468 472 128 Phebe
2040 4472 184 124 M.

1068 4656 448 164 Yaqui
1588 4656 504 124 Indian
2168 4656 488 124 dances
2724 4652 152 128 of
2944 4656 580 160 Tucson,
3588 4656 676 160 Arizona;
4336 4700 176 80 an
4584 4668 560 116 account
5212 4656 156 128 of
5436 4656 228 128 the

896 4840 804 132 ceremonial
1780 4840 492 128 dances
2348 4840 152 128 of
2580 4844 224 124 the
2888 4840 456 164 Yaqui
3424 4840 576 128 Indians
4084 4852 140 116 at
4308 4844 564 160 Pascua,
4952 4840 176 168 by
5212 4844 452 128 Phebe

900 5028 184 124 M.
1176 5032 516 160 Bogan.
1864 5028 576 160 Tucson,
2516 5024 424 160 Ariz.,
3020 5028 288 124 The
3392 5024 1036 168 Archeological
4512 5028 548 164 society,
5152 5036 352 120 1925.

1060 5228 56 92 1
1196 5252 100 92 p.
1368 5228 108 108 1.,
1560 5272 20 72 [
1592 5228 64 92 7
1668 5272 100 68 ]–
1776 5224 132 96 69
1980 5252 100 88 p.
2228 5224 392 112 front.,
2696 5224 304 96 illus.
3144 5224 56 96 1
3216 5224 684 108 8½ͨͫ.

956 5360 72 108 ©
1100 5364 144 88 Fe
1260 5364 100 92 b.
1416 5364 164 108 26,
1644 5360 52 88 1
1716 5360 132 96 92
1856 5368 64 88 6
1960 5388 20 68 ;
2044 5364 160 92 2c.
2272 5364 116 88 M
2396 5388 56 68 a
2472 5392 68 80 y
2600 5364 164 108 16,
2824 5364 336 104 1927;
3228 5360 196 96 aff.
3492 5364 300 96 June
3852 5364 196 92 10:
4120 5364 92 92 A
4276 5360 472 116 976974;
4828 5368 120 96 P.
5008 5368 120 88 M
5144 5440 16 24 .
5232 5356 96 88 B
5332 5396 64 60 o
5404 5392 248 84 gau,

1068 5500 480 92 Tucson.
1636 5496 300 96 Ariz.
2108 5496 668 112 (27-13909)
5176 5492 284 104 5081

900 5720 600 144 Borden,
1584 5720 452 148 Mary.

1068 5904 568 128 London
1720 5908 436 124 letter.
2320 5904 352 128 Mar.
2760 5912 196 156 11,
3040 5900 356 132 1927.

1092 6104 116 112 (I
1212 6116 76 76 n
1360 6092 516 124 Graphic
1956 6092 656 128 magazine,
2684 6096 300 104 Mar.
3068 6096 168 120 12,
3320 6096 340 116 1927)

916 6232 116 108 ©
1100 6240 160 100 1c.
1320 6240 272 108 May
1652 6236 92 112 6,
1812 6236 332 112 1927;
2212 6240 96 92 A
2372 6240 144 92 ad
2576 6236 204 100 int.
2844 6236 336 112 9395;
3252 6240 336 112 pubd.
3660 6240 280 100 Mar.
4012 6240 196 108 11;
4280 6240 332 112 Mary
4684 6240 452 96 Borden
5212 6244 444 112 Spears.

1084 6376 32 92 i
1128 6448 20 20 .
1220 6400 88 68 c.
1384 6400 272 88 Mrs.
1740 6400 120 88 E.
1936 6372 116 96 L.
2136 6372 452 116 Spears,
2664 6376 504 92 London.
5180 6372 288 100 5082

912 6588 492 148 Breed,
1488 6588 752 124 Frederick
2324 6588 668 152 Stephen,
3080 6588 316 132 1876
3404 6668 84 16 –

1088 6772 284 128 The
1476 6772 1044 128 Breed-French
2620 6780 536 156 speller,
3248 6776 180 164 by
3524 6780 740 128 Frederick
4364 6780 132 132 S.
4600 6784 436 128 Breed
5104 6780 76 136 …
5396 6784 264 128 and

916 6960 620 124 William
1600 6956 152 132 C.
1812 6960 536 124 French
2436 6964 88 136 …
2716 6960 648 168 Chicago,
3424 6964 332 124 New
3820 6964 428 164 York,
4308 6964 456 164 Lyons
4824 6972 260 124 and
5160 6968 504 132 Carna-

912 7144 264 128 han
1280 7140 400 148 [ͨ1927
1692 7220 28 84 ]

1080 7340 64 92 3
1212 7368 96 68 v.
1456 7340 308 96 illus.
1908 7340 500 104 19ͨͫ.

1092 7480 380 108 Paged
1548 7472 848 116 continuously.

1092 7612 628 96 Published
1784 7612 252 96 also
2100 7608 116 100 in
2284 7636 212 72 one
2564 7612 492 96 volume.

980 7736 72 120 ©
1124 7752 260 104 May
1456 7748 164 108 27,
1688 7740 332 112 1927;
2092 7748 64 92 2
2164 7776 56 64 c
2236 7824 16 20 .
2320 7748 280 96 each
2672 7752 228 92 and
2968 7748 192 92 aff
3140 7776 48 68 s
3204 7824 20 20 .
3292 7752 232 92 Jun
3536 7776 60 68 e
3664 7752 192 112 13;
3936 7752 88 92 A
4096 7752 420 100 990510
4520 7808 64 12 –
4588 7756 472 108 990512;
5140 7760 88 92 L
5236 7784 64 88 y
5312 7788 60 64 o
5380 7788 76 64 n
5468 7788 48 68 s
5588 7748 72 92 &

1088 7868 48 88 C
1172 7888 64 76 a
1256 7908 56 64 r
1324 7908 68 64 n
1404 7904 52 68 a
1480 7880 72 92 h
1564 7912 52 64 a
1640 7908 104 68 n.
1916 7880 664 116 (27-13960)
4796 7888 652 100 5083–5085

924 8096 568 148 Chanel,
1572 8100 732 128 Gabrielle.

1088 8284 688 128 Woman's
1860 8288 464 124 world.
2492 8288 196 124 At
2768 8288 224 124 the
3076 8300 804 120 restaurant.

1120 8472 188 120 (In
1392 8472 544 120 Outlook,
2012 8472 308 108 June
2396 8476 168 120 11,
2644 8476 340 112 1927)

972 8620 72 108 ©
1116 8616 116 96 1c
1256 8692 16 20 .
1332 8612 152 96 Ju
1496 8640 136 68 ne
1692 8616 160 108 25,
1920 8616 328 100 1927;
2320 8616 88 92 A
2472 8620 140 92 ad
2680 8616 112 96 in
2808 8624 40 88 t
2864 8696 20 16 .
2944 8616 136 96 96
3080 8624 128 88 35
3260 8644 20 80 ;
3348 8620 328 112 pubd.
3752 8624 296 96 June
4108 8624 128 112 9;
4308 8628 276 92 New
4644 8628 468 96 outlook
5172 8652 128 68 co
5312 8700 52 32 .,
5432 8628 236 108 ltd.,

1092 8748 88 92 L
1184 8784 68 76 o
1260 8752 336 92 ndon.
5188 8760 60 96 5
5264 8756 60 100 0
5336 8756 136 104 86

1132 8940 96 128 —
1324 8932 540 128 Tennis.

1124 9112 36 128 (
1180 9128 60 88 I
1244 9132 72 76 n
1396 9116 548 124 Outlook,
2016 9120 304 104 June
2396 9124 100 120 4,
2584 9124 340 120 1927)

980 9256 68 112 ©
1116 9260 156 92 1c.
1336 9260 300 96 June
1696 9264 160 112 16,
1920 9264 332 112 1927;
2320 9268 96 92 A
2472 9268 144 92 ad
2680 9264 112 96 in
2808 9272 40 88 t
2864 9344 20 20 .
2944 9268 336 108 9592;
3348 9296 148 88 pu
3508 9268 64 92 b
3584 9272 104 100 d.
3748 9272 152 96 Ju
3900 9248 72 88 n
3992 9304 56 68 e
4108 9276 124 104 2;
4308 9276 272 92 New
4644 9280 196 96 out
4852 9276 108 100 lo
4972 9276 140 100 ok
5172 9276 60 76 c
5240 9304 60 64 o
5316 9352 52 32 .,
5428 9260 244 128 ltd.,

1100 9392 500 100 London.
5192 9404 284 104 5087

3200 9524 244 136 770
