5968 10284
956 936 524 152 Meyer,
1556 936 432 124 Louis
2056 932 524 156 Joseph
2592 1016 180 12 —
2784 932 768 132 Continued

968 1124 256 124 five
1336 1124 360 124 from
1812 1124 980 160 Philadelphia
2904 1136 140 112 to
3152 1124 424 124 Rome
3692 1164 172 84 on
3972 1124 228 124 the
4312 1124 740 160 steamship
5168 1120 568 164 "Ohio",

968 1312 448 124 edited
1508 1308 180 168 by
1780 1308 708 124 Reverend
2580 1308 416 124 Louis
3084 1308 132 132 J.
3312 1308 508 164 Meyer.
4000 1308 1020 164 Philadelphia,
5116 1308 620 128 Madeira

968 1500 584 156 Islands,
1632 1492 752 164 Gibraltar,
2464 1492 596 168 Algiers,
3136 1496 556 160 Naples,
3768 1492 552 164 Amalfi,
4404 1492 616 164 Sorento,
5104 1496 424 160 Capri
5600 1508 136 112 to

968 1684 460 124 Rome.
1584 1684 1000 160 Philadelphia,
2676 1684 292 120 The
3032 1684 408 120 Peter
3508 1680 456 168 Reilly
4032 1728 668 120 company
4788 1680 416 148 [ͨ1927
5216 1764 32 80 ]

1132 1880 72 88 x
1216 1908 68 68 v
1288 1876 72 116 i,
1428 1880 136 96 17
1564 1932 72 12 –
1644 1880 128 92 16
1780 1876 60 96 2
1908 1904 104 88 p.
2152 1876 396 116 front.,
2612 1880 412 112 plates.
3164 1876 760 108 20½ͨͫ.

988 2052 96 100 ©
1156 2048 180 92 Ma
1356 2072 72 84 y
1480 2048 164 108 11,
1704 2044 340 108 1927;
2108 2044 160 96 2c.
2332 2044 272 112 May
2660 2044 196 108 16;
2924 2040 196 100 aff.
3188 2044 64 92 J
3268 2068 64 68 u
3348 2068 140 68 ne
3544 2044 196 108 26;
3812 2044 92 92 A
3964 2044 132 92 99
4108 2040 72 96 0
4180 2040 264 116 760;
4512 2048 124 96 L.
4700 2044 104 100 J.
4868 2048 428 108 Meyer,
5360 2044 380 100 Phila-

1128 2180 504 116 delphia.
1800 2176 672 120 (27-16445)
5256 2176 284 100 6397

968 2404 608 148 Mosher,
1660 2404 428 128 Clelia
2164 2404 304 124 Due
2468 2396 44 124 l
2532 2500 32 28 .

1132 2592 660 124 Personal
1884 2588 584 164 hygiene
2584 2588 224 128 for
2912 2632 516 84 women
3548 2668 28 80 [
3588 2588 180 164 by
3780 2672 28 76 ]
3932 2588 428 132 Clelia
4468 2592 360 124 Duel
4932 2592 552 124 Mosher
5584 2592 84 144 …

972 2776 676 132 Stanford
1740 2776 848 160 University,
2684 2776 468 160 Calif.,
3248 2772 676 132 Stanford
4016 2776 764 164 university
4876 2820 412 120 press,
5384 2780 352 128 1927.

1136 2976 36 92 i
1176 2984 108 100 x,
1348 2972 132 96 97
1540 3000 92 88 p.
1784 2976 392 108 front.,
2240 2972 368 112 diagr.
2752 2972 64 92 2
2824 2972 576 108 0ͨͫ
3012 3048 20 24 .

972 3112 116 108 ©
1164 3144 280 112 July
1504 3140 168 112 25,
1740 3140 340 112 1927;
2152 3140 60 96 2
2220 3152 56 76 c
2296 3216 16 20 .
2384 3144 228 92 and
2680 3140 196 96 aff.
2948 3140 288 116 Aug.
3308 3144 40 88 1
3408 3168 20 84 ;
3504 3144 96 92 A
3668 3136 204 100 999
3876 3140 204 96 205
4128 3168 16 84 ;
4232 3140 556 100 Stanford
4864 3144 312 96 univ.
5248 3168 356 92 press.

1160 3276 668 120 (27-16373)
5260 3276 284 100 6398

972 3500 672 128 National
1732 3504 540 152 society
2360 3500 152 124 of
2600 3500 244 124 the
2936 3500 588 128 colonial
3608 3504 488 120 dames
4184 3500 152 128 of
4424 3504 704 128 America.
5304 3508 440 124 Penn-

1128 3692 664 164 sylvania.

1236 3880 80 144 …
1396 3876 548 132 Church
2040 3876 428 124 music
2564 3876 268 124 and
2928 3876 568 124 musical
3588 3876 252 124 life
3932 3876 140 124 in
4168 3876 1020 136 Pennsylvania
5276 3876 148 128 in
5516 3880 228 124 the

972 4064 780 164 eighteenth
1844 4076 300 112 cent
2156 4104 80 80 u
2248 4104 160 120 ry
2472 4068 76 136 …
2752 4060 940 164 prepared.by
3772 4064 232 124 the
4096 4060 528 128 Commi
4636 4076 120 112 tt
4764 4108 140 80 ee
4996 4108 172 80 on
5252 4064 216 128 his
5476 4080 52 112 t
5540 4112 204 80 or-

976 4248 256 128 ical
1308 4248 612 128 research
1980 4252 76 136 …
2316 4296 116 76 v.
2520 4256 104 116 1.
2792 4248 1024 160 Philadelphia,
3892 4248 580 124 Printed
4556 4248 224 124 for
4856 4252 224 120 the
5168 4248 588 164 Society,

980 4444 228 116 192
1216 4440 72 112 6
1308 4540 24 20 .

1136 4636 56 88 1
1272 4660 100 68 v.
1516 4632 308 92 illus.
1928 4632 32 112 (
1984 4628 28 92 i
2028 4656 72 64 n
2092 4620 120 100 cl
2212 4664 24 52 .
2320 4636 392 108 ports.,
2788 4624 584 116 facsims.)
3536 4628 672 108 25ͨͫ.
3984 4628 856 116 (Publications
4920 4632 120 92 of
5116 4632 196 92 the
5392 4636 356 88 Penn-

972 4768 532 112 sylvania
1576 4764 440 116 society
2084 4768 120 92 of
2280 4768 196 92 the
2548 4760 496 96 colonial
3116 4764 396 92 dames
3584 4764 124 92 of
3784 4764 572 100 America.
4464 4772 136 104 IV
4636 4764 32 112 )

1148 4904 308 92 "The
1548 4904 352 108 hymn
1992 4900 292 96 book
2376 4900 124 96 of
2596 4896 124 92 M
2720 4900 440 112 agister
3248 4900 596 92 Johannes
3940 4896 524 116 Kelpius,
4560 4904 652 92 translated
5308 4904 140 116 by
5548 4904 196 96 Dr.

980 5036 760 116 Christopher
1800 5032 368 96 Witt"
2268 5032 160 112 (v.
2500 5036 96 112 1,
2672 5060 104 84 p.
2860 5080 24 72 [
2892 5032 516 116 19]–165)
3504 5032 104 96 is
3680 5032 120 96 in
3864 5032 616 100 facsimile.

1144 5172 900 112 Bibliography:
2108 5196 100 72 v.
2264 5168 96 116 1,
2428 5192 104 92 p.
2596 5164 592 120 [25]–255.

980 5312 116 108 ©
1176 5340 264 100 Dec.
1508 5340 164 112 22,
1748 5340 332 108 1926;
2152 5336 60 96 2
2216 5348 56 80 c
2284 5376 24 52 .
2384 5336 228 96 and
2680 5336 196 96 aff.
2948 5336 272 112 May
3284 5340 56 88 1
3360 5336 60 92 8
3432 5412 20 36 ,
3524 5336 332 112 1927;
3932 5336 100 96 A
4100 5336 476 116 996277;
4656 5336 856 116 Pennsylvania
5588 5364 160 68 so-

1144 5476 300 112 ciety
1504 5476 120 96 of
1684 5476 192 100 the
1932 5472 496 100 colonial
2488 5476 396 92 dames
2944 5472 124 96 of
3124 5472 572 96 America.
3868 5472 672 112 (27-16256)
5268 5472 284 100 6399

980 5700 472 144 Neale,
1524 5696 732 124 Hamilton
2332 5696 140 128 S.

1152 5888 288 124 The
1504 5900 216 108 art
1788 5884 156 124 of
2004 5888 368 156 plate
2444 5884 672 164 printing,
3176 5884 180 164 by
3420 5880 184 128 H.
3680 5880 132 132 S.
3888 5884 460 152 Neale,
4412 5884 332 124 with
4816 5928 168 80 an
5048 5888 704 124 historical

980 6076 464 124 sketch
1504 6072 180 164 by
1744 6072 708 124 Theodore
2508 6072 164 120 A.
2740 6072 392 124 Isert.
3288 6068 892 164 Springfield,
4236 6072 456 160 Mass.,
4752 6072 344 124 Pub.
5164 6072 348 164 priv.
5572 6072 184 168 by

980 6264 224 120 the
1276 6260 724 124 Linweave
2072 6256 852 160 association,
3000 6256 360 128 1927.

1152 6456 64 96 6
1224 6456 60 92 5
1348 6480 104 88 p.
1596 6452 64 92 2
1668 6452 648 112 0½ͨͫ
2676 6456 72 108 .

988 6592 120 108 ©
1176 6624 276 112 July
1516 6624 92 104 7,
1676 6620 272 96 1927
1992 6648 24 72 ;
2080 6620 152 92 2c.
2308 6620 228 92 and
2604 6616 196 100 aff.
2864 6616 276 116 July
3204 6612 68 92 8
3308 6644 24 72 ;
3404 6620 96 92 A
3564 6616 132 96 99
3700 6612 140 92 08
3844 6620 196 112 74;
4116 6612 396 104 Linwe
4516 6644 56 72 a
4592 6644 132 72 ve
4792 6640 308 80 assn.

1176 6756 664 116 (27-16429)
5268 6748 284 104 6400

980 6980 620 148 Nichols,
1684 6976 752 128 Frederick
2524 6976 584 152 George,
3196 6972 316 132 1878
3520 7056 84 16 –

1152 7168 568 120 Manual
1820 7164 260 124 and
2176 7164 260 160 key
2528 7160 224 128 for
2848 7164 600 124 Nichols'
3540 7164 504 124 Junior
4132 7164 604 124 business
4828 7164 660 164 training,
5568 7164 180 164 by

988 7352 744 128 Frederick
1804 7348 160 132 G.
2040 7348 440 124 Nicho
2492 7348 44 120 l
2548 7396 60 76 s
2700 7360 76 132 …
3012 7348 332 124 New
3420 7348 432 156 York,
3928 7348 784 132 Cincinnati
4804 7356 48 108 [
4852 7364 124 112 et
4976 7376 64 96 c
5064 7392 60 96 .]
5224 7348 524 128 Ameri-

988 7580 248 80 can
1300 7536 356 124 book
1720 7580 672 120 company
2496 7532 436 160 [ͨ1927]

1160 7732 192 112 vii,
1420 7724 204 100 192
1684 7756 100 88 p.
1932 7728 612 112 19ͨͫ
2188 7804 16 24 .

996 7836 112 112 ©
1196 7868 260 96 Jan.
1528 7864 132 96 26
1660 7900 28 56 ,
1768 7864 336 108 1927;
2176 7868 160 92 2c.
2412 7864 224 96 and
2716 7876 52 76 a
2792 7864 48 88 f
2832 7864 52 92 f
2892 7940 16 20 .
2988 7864 260 96 Jan.
3324 7868 60 88 2
3396 7860 64 92 8
3500 7888 20 88 ;
3604 7868 92 88 A
3772 7864 68 96 9
3840 7860 68 92 6
3912 7864 272 96 3342
4228 7892 20 72 ;
4332 7864 608 96 American
5020 7864 288 96 book
5384 7892 164 72 co.

1180 8000 668 120 (27-16435)
5244 7996 280 100 6401

992 8244 496 152 Parke,
1572 8244 396 128 Jean.

1164 8424 288 120 The
1576 8424 856 124 immaculate
2552 8424 832 156 perception,
3504 8420 180 164 by
3800 8424 352 128 Jean
4272 8424 512 160 Parke;
4912 8424 328 128 with
5360 8468 388 84 seven

1004 8612 692 160 drawings
1772 8604 152 128 of
2008 8604 220 128 the
2312 8604 468 132 Christ
2856 8604 180 168 by
3116 8608 228 124 the
3420 8612 524 120 author.
4116 8608 320 124 New
4524 8612 428 156 York,
5028 8612 180 124 H.
5292 8612 460 156 Vinal,

1008 8792 348 128 1927.

1168 8976 200 100 148
1436 9012 136 88 p.,
1644 8984 52 92 1
1768 8988 40 88 l
1824 9060 16 20 .
1912 8984 36 92 i
1960 8984 152 104 nc
2100 8988 36 88 l
2152 9060 20 24 .
2244 8988 544 92 mounted
2856 8988 388 112 front.,
3312 8988 552 96 mounted
3932 8988 412 112 plates.
4488 8988 60 96 2
4556 8988 684 104 0½ͨͫ
4812 9064 20 24 .

1172 9120 308 92 "The
1544 9120 260 92 first
1864 9116 440 96 edition
2368 9120 496 96 consists
2928 9120 124 92 of
3116 9144 216 72 one
3396 9124 524 92 hundred
3992 9120 380 116 copies
4440 9120 460 116 printed
4968 9144 144 72 on
5188 9120 568 112 Georgian

1012 9252 232 96 laid
1320 9272 352 92 paper
1748 9252 224 92 and
2044 9276 208 68 one
2328 9252 580 96 thousand
2984 9252 376 112 copies
3436 9252 456 112 printed
3968 9276 140 72 on
4188 9256 684 92 McMurtrie
4948 9256 344 96 laid."

1032 9376 72 128 ©
1196 9388 264 96 Jan.
1524 9388 136 92 27
1672 9460 20 36 ,
1764 9388 40 88 1
1828 9388 204 92 927
2076 9408 20 76 ;
2168 9388 68 92 2
2236 9396 56 76 c
2308 9460 20 20 .
2400 9388 268 112 Apr.
2732 9388 68 92 2
2840 9412 20 72 ;
2936 9384 124 96 af
3056 9388 76 96 f.
3200 9388 96 92 A
3304 9412 68 88 p
3384 9412 84 72 r.
3540 9392 56 88 1
3644 9416 24 72 ;
3740 9392 96 88 A
3904 9388 200 96 972
4112 9392 64 88 4
4184 9388 64 92 0
4252 9388 64 92 4
4356 9416 24 72 ;
4452 9384 100 92 H
4576 9412 56 72 a
4656 9416 52 64 r
4720 9412 60 68 o
4788 9392 112 92 ld
4976 9388 288 96 Vina
5280 9392 40 88 l
5336 9468 20 16 .

1192 9520 32 116 (
1248 9520 60 92 2
1320 9512 332 104 7-164
1668 9520 192 116 44)
5248 9520 132 96 64
5392 9520 60 96 0
5468 9520 64 96 2

3276 9652 240 120 966
