5920 10300
344 1064 736 152 Agraives,
1156 1064 344 124 Jean
1580 1064 172 124 d'.

588 1260 84 132 …
756 1252 200 124 La
1052 1248 324 144 Cité
1444 1256 224 120 des
1768 1248 512 164 Sables,
2376 1296 252 116 par
2716 1256 352 124 Jean
3160 1256 848 160 d'Agraives.
4204 1256 476 132 [Paris]
4792 1260 288 124 Ha-

344 1480 64 80 c
412 1436 364 124 hette
896 1440 424 152 [ͨ1926]

508 1632 64 92 2
648 1656 100 92 p.
828 1636 36 88 l
880 1704 52 36 .,
1016 1628 236 116 251,
1340 1628 36 88 [
1376 1628 88 88 1]
1548 1656 104 88 p.
1796 1628 752 108 17½ͨͫ.
2308 1628 576 116 (Biblioth
2896 1632 60 96 è
2960 1656 220 88 que
3256 1664 72 64 v
3336 1636 276 112 erte,
3692 1636 532 92 nouvelle
4300 1632 480 100 biblioth
4716 1640 72 88 è
4864 1664 216 88 que

344 1764 724 96 d'éducation
1140 1772 116 88 et
1328 1772 136 88 de
1540 1764 704 116 récréation)

336 1908 120 108 ©
544 1940 276 88 Nov.
904 1940 160 88 24,
1156 1932 328 96 1926;
1644 1932 152 108 1c.
1828 1936 260 92 Jan.
2172 1936 168 92 24.
2428 1932 332 116 1927;
2856 1936 740 104 A—Foreign
3680 1932 404 116 32917;
4180 1940 576 96 Librairie
4844 1944 232 92 Ha-

496 2072 408 92 chette.
1076 2072 664 112 (27-10719)
4592 2072 280 96 3631

332 2328 744 124 American
1160 2332 640 120 concrete
1880 2328 708 124 institute.

496 2516 904 160 Proceedings
1496 2512 156 128 of
1744 2516 228 124 the
2076 2516 780 164 eighteenth
2956 2520 504 120 annual
3564 2520 848 156 convention,
4516 2520 316 124 held
4936 2532 140 112 at

336 2700 772 132 Cleveland,
1200 2700 120 128 O
1340 2800 64 32 .,
1492 2700 312 124 Feb.
1908 2708 188 128 13,
2192 2704 192 128 14,
2480 2712 148 112 15
2720 2704 268 120 and
3084 2712 188 120 16,
3372 2712 356 112 1922.
3904 2748 116 76 v.
4120 2712 188 116 18.
4488 2704 588 132 Detroit,

324 2880 456 136 Mich.,
856 2888 288 124 The
1216 2884 692 160 Institute,
1992 2896 356 116 1922.

484 3084 204 88 449
760 3108 68 88 p
840 3160 16 20 .
996 3084 340 112 illus.,
1404 3084 404 112 tables,
1884 3084 428 112 diagrs.
2456 3084 60 96 2
2528 3080 684 104 3½ͨͫ
2776 3116 24 56 .

332 3216 116 108 ©
536 3248 296 96 June
904 3248 64 92 2
976 3248 60 88 5
1044 3324 24 36 ,
1148 3248 328 108 1922;
1560 3248 64 92 2
1628 3256 56 80 c
1700 3328 20 20 .
1800 3252 228 92 and
2104 3248 196 100 aff.
2380 3252 112 92 M
2504 3276 144 88 ay
2732 3252 52 88 1
2800 3252 60 92 6
2868 3324 24 40 ,
2972 3252 200 96 192
3184 3256 120 92 7;
3392 3252 96 92 A
3564 3252 276 96 9900
3848 3252 188 96 56:
4128 3252 388 96 Ameri
4528 3280 52 68 c
4592 3280 148 68 an
4820 3284 56 64 c
4884 3280 184 68 on-

488 3388 308 92 crete
876 3384 572 96 institute.
4584 3388 284 96 3632

332 3640 744 124 American
1144 3640 664 124 institute
1876 3640 152 124 of
2088 3640 592 152 graphic
2744 3652 356 136 arts,
3156 3648 332 120 New
3564 3648 292 120 Yor
3848 3644 92 116 k
3960 3748 24 24 .

600 3828 76 144 …
752 3828 404 164 Fifty
1248 3828 456 160 books,
1800 3828 692 124 exhibited
2588 3828 180 164 by
2860 3828 228 128 the
3184 3832 692 156 Institute,
3976 3840 360 152 1926,
4436 3836 332 124 with
4868 3836 196 124 in-

332 4016 836 124 troductions
1276 4016 176 160 by
1668 4016 104 136 W.
1888 4016 168 120 A.
2168 4016 724 164 Dwiggins
3004 4016 268 124 and
3388 4016 644 128 Frederic
4148 4016 164 132 G.
4432 4016 220 128 Me
4660 4024 44 120 l
4716 4024 348 124 cher.

336 4200 316 128 New
724 4204 428 156 York,
1216 4204 288 124 The
1572 4204 376 124 John
2008 4204 312 160 Day
2384 4244 712 120 company,
3168 4204 356 124 1927.

492 4400 60 92 3
624 4424 100 88 p.
792 4404 40 88 l
844 4472 56 40 .,
964 4400 60 92 1
1036 4396 64 96 0
1108 4472 24 40 ,
1208 4444 24 72 [
1244 4396 216 108 50]
1484 4424 100 88 p.
1724 4396 40 96 i
1772 4400 36 92 l
1816 4400 36 92 l
1864 4420 168 76 us.
2176 4396 680 108 32ͨͫ.

492 4568 244 96 The
824 4564 784 100 illustrations
1700 4592 204 68 are
1996 4564 880 116 reproductions
2972 4564 124 96 of
3188 4564 692 116 title-pages,
3976 4572 116 92 te
4092 4580 76 76 x
4180 4572 80 112 t,
4348 4576 252 108 etc.,
4692 4572 372 96 which

324 4708 468 96 contain
868 4708 196 96 the
1136 4728 460 72 essence
1664 4704 124 96 of
1864 4704 192 92 the
2128 4700 872 116 typographer's
3080 4700 436 116 design.
3656 4728 60 72 c
3720 4704 84 116 f.
3876 4708 324 96 Note.

324 4872 116 112 ©
520 4888 176 88 Ma
720 4904 84 68 r.
872 4876 164 112 30,
1108 4880 272 92 1927
1408 4896 28 84 ;
1508 4876 164 100 2c.
1740 4876 268 112 Apr.
2080 4876 60 92 3
2148 4872 64 92 0
2240 4896 32 88 ;
2348 4876 196 96 aff.
2612 4876 272 108 Apr.
2952 4876 128 108 4;
3156 4876 100 88 A
3320 4876 472 108 972977;
3876 4876 304 96 John
4252 4876 256 116 Day
4580 4904 188 84 co.,
4844 4880 212 96 inc.

508 5012 664 116 (27-10105)
4580 5012 280 96 3633

324 5240 740 124 American
1132 5232 588 152 railway
1776 5232 900 128 association.
2832 5232 848 124 Mechanical
3740 5232 632 128 division.

484 5420 864 128 Locomotive
1468 5420 784 164 cyclopedia
2376 5416 152 128 of
2644 5416 732 124 American
3500 5420 656 160 practice;
4288 5420 780 128 definitions

320 5612 268 120 and
652 5608 516 164 typical
1232 5604 908 124 illustrations
2204 5600 156 128 of
2420 5600 908 160 locomotives,
3392 5600 360 124 their
3816 5616 384 148 parts
4264 5604 268 128 and
4604 5604 452 168 equip-

320 5808 432 144 ment;
856 5788 896 160 descriptions
1852 5792 268 120 and
2220 5784 908 128 illustrations
3224 5784 156 128 of
3476 5784 408 164 shops
3988 5788 268 128 and
4352 5792 348 124 tools
4800 5836 264 80 em-

324 5976 488 164 ployed
900 5976 140 120 in
1120 5972 356 128 their
1560 5972 920 124 construction
2564 5972 268 124 and
2920 5972 520 160 repair;
3532 5972 868 128 locomotives
4480 5976 352 128 built
4924 5976 140 128 in

324 6160 628 124 America
1072 6156 220 128 for
1404 6156 600 128 railroad
2128 6156 264 124 and
2508 6156 736 124 industrial
3364 6156 776 160 operations
4256 6156 144 128 in
4524 6156 540 172 foreign

320 6344 704 124 countries.
1180 6344 228 124 8th
1472 6340 744 128 ed.—1927.
2368 6340 720 160 Compiled
3156 6344 268 120 and
3488 6336 448 132 edited
4008 6336 228 132 for
4296 6344 232 128 the
4592 6348 468 128 Amer-

320 6528 300 124 ican
688 6528 568 160 railway
1324 6524 1828 128 association—Mechanical
3224 6524 660 160 division;
3960 6528 484 160 editor,
4516 6532 304 164 Roy
4896 6536 164 124 V.

320 6712 556 164 Wright
988 6724 84 132 …
1168 6708 744 164 managing
1984 6708 480 160 editor,
2536 6708 512 124 Robert
3120 6704 148 128 C.
3340 6708 324 164 Aug
3668 6752 88 80 u
3764 6756 72 76 r
3932 6724 84 132 …
4128 6712 624 128 contribu
4764 6732 52 108 t
4828 6716 236 168 ing

320 6900 280 124 edit
604 6916 80 108 o
692 6896 644 160 r—shops
1404 6896 268 124 and
1732 6892 484 164 engine
2276 6892 584 124 termina
2868 6892 48 120 l
2924 6936 100 112 s,
3192 6912 108 128 W.
3364 6892 184 124 H.
3620 6892 404 128 Mark
4028 6896 48 124 l
4088 6900 264 124 and
4420 6912 76 128 …
4736 6904 324 120 New

324 7080 424 160 York,
852 7080 160 124 N.
1120 7080 168 124 Y.
1360 7076 368 144 [etc.]
1852 7076 1540 132 Simmons-Boardman
3496 7076 800 172 publishing
4396 7128 668 124 company

376 7272 152 152 [ͨ
432 7264 320 128 1927
764 7344 28 80 ]

484 7456 272 96 1372
820 7484 104 88 p.
1064 7456 340 112 illus.,
1476 7456 424 116 diagrs.
2044 7456 684 108 30½ͨͫ.

488 7620 556 100 Contains
1108 7620 720 112 advertising
1884 7624 460 92 matter.

348 7796 76 128 ©
500 7792 268 116 Apr.
828 7792 60 92 2
900 7788 64 96 0
972 7864 20 36 ,
1056 7788 200 96 192
1268 7792 56 92 7
1356 7808 28 84 ;
1456 7792 64 88 2
1528 7816 56 68 c
1596 7864 20 20 .
1676 7788 268 112 Apr.
2008 7788 196 108 22;
2272 7788 128 92 af
2380 7788 56 88 f
2448 7864 20 20 .
2532 7788 116 88 M
2660 7812 140 84 ay
2864 7788 124 108 2;
3060 7784 96 92 A
3220 7784 128 92 97
3356 7784 132 96 63
3496 7784 64 92 0
3564 7788 128 108 9;
3772 7788 64 96 S
3852 7788 236 92 inn
4040 7804 88 88 m
4132 7816 64 68 o
4212 7812 128 76 ns
4348 7796 136 88 -B
4496 7824 60 64 o
4568 7820 128 68 ar
4708 7796 68 92 d
4788 7824 108 64 m
4904 7824 60 64 a
4980 7828 72 64 n

480 7928 256 112 pub.
828 7952 160 68 co.
1156 7924 664 112 (27-10211)
4572 7928 284 100 3634

324 8152 868 144 Amundsen,
1280 8152 120 120 R
1412 8188 76 84 o
1496 8188 80 84 a
1584 8144 44 124 l
1640 8148 80 124 d
1812 8144 868 152 Engelbregt
2776 8140 772 148 Gravning,
3644 8144 316 124 1872
3964 8224 88 12 –

488 8336 288 124 The
836 8332 296 124 first
1188 8332 404 160 flight
1648 8372 440 84 across
2144 8332 228 120 the
2432 8328 392 160 polar
2880 8368 256 112 sea,
3192 8324 176 164 by
3428 8324 444 128 Roald
3928 8332 792 132 Amundsen
4788 8340 264 124 and

324 8524 568 120 Lincoln
984 8516 808 156 Ellsworth;
1892 8516 332 120 with
2316 8512 764 124 additional
3172 8512 620 160 chapters
3876 8516 180 164 by
4140 8516 316 128 Joh.
4544 8512 512 168 Höver,

320 8708 236 156 Hj.
644 8704 1064 152 Riiser-Larsen,
1792 8696 528 132 Gustav
2400 8696 836 156 Amundsen,
3320 8696 364 124 Finn
3768 8696 812 172 Malmgren,
4664 8712 156 120 B.
4904 8708 152 124 L.

320 8892 804 152 Gottwaldt,
1212 8888 332 124 with
1640 8896 152 112 39
1884 8884 904 124 illustrations
2880 8880 264 124 and
3236 8924 72 80 a
3400 8880 416 128 chart.
3996 8884 616 168 London,
4696 8896 356 120 Hut-

320 9080 560 120 chinson
948 9076 112 112 &
1124 9116 232 116 co.,
1428 9076 244 120 ltd.
1764 9068 400 140 [1927]

488 9276 204 92 274
768 9300 100 88 p.
1008 9268 392 108 front.,
1480 9268 80 92 il
1568 9272 28 88 l
1616 9292 200 88 us.,
1896 9272 412 108 plates,
2384 9264 388 112 ports.,
2852 9256 280 96 fold.
3212 9284 296 88 map,
3588 9260 448 104 facsim.
4180 9272 584 108 24ͨͫ.

500 9440 604 96 American
1180 9432 436 96 edition
1704 9432 340 116 (New
2112 9432 92 88 Y
2216 9452 64 68 o
2288 9452 56 68 r
2348 9428 72 92 k
2436 9500 20 40 ,
2532 9424 436 108 George
3044 9424 144 108 H,
3260 9424 396 108 Doran
3728 9436 616 108 company)
4444 9440 212 92 has
4728 9436 324 120 title;

336 9576 312 96 First
708 9572 520 112 crossing
1280 9572 124 96 of
1468 9572 192 96 the
1720 9568 324 112 polar
2104 9588 232 72 sea.

2508 9692 144 124 55
2668 9704 72 92 3
2744 9720 40 64 .
