5920 10300
200 1016 732 148 Morrison,
1004 1016 580 148 Harvey
1644 1012 384 124 Arch
2036 1088 180 20 —
2228 1008 768 132 Continued

372 1216 60 92 6
500 1244 100 84 p.
664 1216 36 92 l
720 1288 48 40 .,
844 1212 60 96 3
912 1268 68 12 –
984 1212 208 96 129
1256 1240 100 88 p.
1500 1212 64 92 2
1572 1212 608 108 0ͨͫ
1756 1288 20 20 .

212 1340 120 124 ©
392 1352 276 108 July
732 1352 160 96 16,
956 1348 332 108 1927;
1356 1348 156 96 2c.
1580 1348 272 112 July
1920 1344 128 96 18
2092 1368 20 76 ;
2180 1344 196 96 aff.
2444 1344 276 112 July
2776 1344 200 108 20;
3048 1344 96 92 A
3204 1340 480 116 999083;
3756 1344 604 92 Stratford
4420 1368 60 68 c
4480 1356 64 80 o
4564 1424 16 16 .
4596 1416 20 24 ,
4684 1344 268 116 pub-

364 1484 452 96 lishers.
988 1480 664 116 (27-15589)
4468 1472 284 100 5952

204 1708 528 148 Mullin,
820 1704 584 128 Charles
1480 1704 380 148 Earl,
1944 1712 316 116 1890
2268 1784 72 12 –

372 1896 564 124 Acetate
1000 1892 264 128 silk
1328 1892 268 124 and
1660 1892 176 124 its
1900 1892 360 160 dyes,
2320 1892 180 160 by
2568 1888 396 128 Chas.
3036 1892 156 120 E.
3260 1892 248 120 Mu
3516 1888 44 124 l
3572 1888 196 124 lin
3836 1896 76 136 …
4056 1888 336 124 with
4456 1936 76 80 a
4600 1888 348 128 fore-

212 2084 368 124 word
628 2080 180 164 by
860 2080 416 124 Louis
1328 2076 164 124 A.
1556 2076 116 132 O
1688 2076 44 120 l
1740 2124 260 116 ney
2080 2092 84 128 …
2388 2076 332 124 New
2784 2072 424 164 York,
3260 2076 172 124 D.
3488 2076 132 128 V
3628 2120 172 80 an
3856 2076 276 124 Nos
4144 2088 56 112 t
4208 2080 344 120 rand
4612 2120 340 80 com-

212 2308 396 120 pany,
676 2268 300 156 inc.,
1052 2260 352 132 1927.

372 2460 60 92 2
492 2488 100 84 p.
652 2460 36 92 l
708 2536 48 36 .,
820 2460 64 96 3
888 2512 68 12 –
960 2460 204 96 473
1228 2484 100 88 p.
1476 2460 300 96 illus.
1924 2456 756 108 22½ͨͫ
2240 2492 24 56 .
2552 2452 308 120 $6.00

372 2596 312 92 "The
736 2596 464 108 present
1252 2592 452 96 volume
1760 2592 100 92 is
1908 2592 476 108 largely,
2444 2592 204 96 but
2700 2596 200 88 not
2956 2588 528 116 entirely,
3548 2592 348 96 based
3956 2616 304 88 upon
4324 2596 228 92 two
4608 2592 356 96 series

208 2728 124 96 of
412 2728 504 116 articles,
1008 2724 480 112 'Dyeing
1568 2732 456 88 acetate
2108 2724 136 96 sil
2256 2724 72 88 k
2348 2724 20 40 '
2456 2728 224 92 and
2776 2724 516 96 'Acetate
3380 2724 256 112 silk,
3724 2724 160 96 its
3972 2728 276 108 dyes
4340 2728 228 92 and
4660 2724 312 96 their

212 2860 776 116 application',
1096 2860 616 112 originally
1820 2856 468 96 written
2396 2860 620 112 especially
3120 2860 224 104 for,
3456 2860 224 92 and
3792 2860 608 116 published
4508 2860 120 92 in
4628 2900 28 56 ,
4776 2860 192 96 the

208 2996 612 92 American
876 2992 512 116 dyestuff
1440 3000 520 108 reporter
2016 2992 124 96 of
2196 2992 272 92 1925
2528 2992 228 96 and
2820 2992 372 96 1926."
3200 3048 140 12 —
3348 2992 308 96 Pref.

376 3128 828 96 "References"
1272 3132 120 88 at
1452 3132 212 88 end
1728 3124 124 96 of
1908 3132 300 88 most
2272 3124 124 96 of
2456 3128 192 92 the
2708 3128 572 112 chapters.

216 3260 116 116 ©
412 3268 272 108 July
760 3268 60 92 8
824 3316 24 52 ,
928 3264 268 96 1927
1228 3288 28 80 ;
1340 3264 60 92 2
1408 3288 56 80 c
1480 3340 20 20 .
1580 3264 272 112 July
1924 3264 140 88 20
2100 3288 20 72 ;
2200 3260 168 96 aff
2380 3340 16 20 .
2472 3264 276 108 July
2820 3264 128 88 21
2996 3288 20 72 ;
3100 3264 92 88 A
3268 3264 416 92 996506
3724 3288 20 72 ;
3828 3264 136 96 D.
4040 3264 248 96 Van
4372 3264 584 96 Nostrand

376 3428 188 88 co.,
652 3400 212 112 inc.
1036 3396 668 120 (27-15493)
4476 3396 284 100 5953

216 3624 648 152 Murphy,
940 3620 916 152 Marguerite.

376 3808 512 124 Peter's
964 3808 768 124 wonderful
1816 3808 780 144 adventure,
2680 3808 172 160 by
2936 3808 840 160 Marguerite
3860 3812 648 160 Murphy,
4592 3808 372 128 illus-

216 4000 436 124 trated
752 3996 176 164 by
1024 3992 548 132 Samuel
1664 3996 156 124 B.
1924 3996 260 160 Wy
2200 3996 36 120 l
2248 3996 152 120 ie.
2604 4000 548 152 Boston,
3244 3992 328 128 New
3672 3996 384 124 York
4160 4012 320 144 [etc.]
4592 3996 368 128 Ginn

212 4184 260 124 and
548 4224 660 120 company
1292 4180 412 160 [1927]

372 4412 96 80 v,
548 4384 204 96 274
828 4408 104 88 p.
1072 4380 312 96 illus.
1524 4380 616 112 19ͨͫ.

224 4492 116 108 ©
416 4520 280 108 July
760 4516 92 112 8,
928 4512 332 100 1927;
1340 4516 160 92 2c.
1572 4516 276 108 July
1924 4512 132 92 18
2096 4536 16 72 ;
2192 4508 128 96 af
2312 4508 48 92 f
2372 4588 20 20 .
2468 4516 272 108 July
2816 4512 192 112 16;
3088 4516 96 88 A
3256 4512 72 92 9
3320 4516 36 56 9
3392 4512 72 92 6
3468 4516 264 108 487;
3816 4516 112 92 M
3944 4592 20 20 .
4044 4516 532 112 Murphy,
4664 4516 304 96 Still-

380 4660 396 104 water,
864 4648 356 96 Minn.
1388 4648 668 112 (27-15392)
4460 4648 280 100 5954

216 4872 668 128 National
952 4872 468 124 school
1484 4868 228 128 for
1776 4868 884 128 commercial
2724 4876 268 120 and
3060 4872 404 124 trade
3536 4876 972 148 organization
4580 4916 384 84 exec-

380 5056 508 128 utives.

392 5240 672 132 Chamber
1128 5240 152 128 of
1344 5288 728 80 commerce
2144 5240 1176 160 administration;
3392 5288 68 80 a
3532 5256 292 116 text
3888 5244 348 128 book
4300 5252 668 160 prepared

228 5424 216 128 for
500 5472 224 84 use
784 5444 140 108 at
976 5432 224 120 the
1252 5428 656 124 National
1960 5428 448 128 school
2472 5424 224 128 for
2752 5432 848 124 commercial
3660 5436 264 120 and
3988 5432 384 128 trade
4432 5436 536 164 organi-

220 5616 452 124 zation
736 5616 792 156 executives,
1596 5616 740 124 conducted
2408 5616 428 124 under
2900 5616 232 124 the
3196 5616 604 164 auspices
3864 5616 152 128 of
4080 5616 676 132 Chamber
4820 5620 156 128 of

224 5844 724 84 commerce
1028 5796 156 128 of
1264 5800 228 124 the
1572 5800 520 128 United
2180 5796 492 140 States,
2756 5804 652 124 National
3496 5804 804 124 association
4388 5804 152 128 of
4624 5852 344 84 com-

220 5988 548 124 mercial
876 5988 940 164 organization
1920 5988 816 156 secretaries,
2840 5988 732 128 American
3672 5992 388 124 trade
4168 5996 800 124 association

216 6176 796 156 executives,
1060 6172 1024 124 Northwestern
2132 6172 796 164 university.
3076 6172 320 128 1927
3452 6180 196 120 ed.
3804 6176 692 164 [Chicago,
4600 6180 364 164 ͨ1927]

380 6372 64 92 2
516 6396 96 92 p.
684 6372 36 92 l
736 6448 56 36 .,
856 6372 204 96 303
1128 6396 104 88 p.
1376 6368 428 120 diagrs.
1944 6368 756 108 23½ͨͫ.

388 6504 992 96 "Publications":
1460 6528 100 88 p.
1632 6504 208 96 300
1844 6560 48 12 –
1912 6504 244 96 303.

232 6604 120 112 ©
440 6640 272 108 July
792 6636 160 112 15,
1040 6636 332 108 1927;
1460 6636 160 96 2c.
1704 6640 228 92 and
2012 6636 196 96 aff.
2296 6636 272 112 July
2652 6636 192 112 18;
2932 6640 96 88 A
3112 6636 412 100 999048
3564 6664 20 76 ;
3680 6640 544 96 National
4316 6644 384 92 school
4788 6648 184 96 for

388 6772 720 96 commercial
1180 6772 224 96 and
1476 6772 336 96 trade
1876 6768 808 120 organization
2748 6772 688 104 executives,
3520 6772 528 112 Chicago.

416 6908 668 116 (27-15399)
4492 6912 280 100 5955

228 7096 496 148 Nevill,
792 7096 368 128 John
1232 7096 848 128 Cranstoun.

392 7284 292 120 The
768 7280 504 128 serious
1356 7284 408 156 lover,
1848 7284 184 160 by
2112 7284 372 128 John
2580 7284 768 128 Cranstoun
3436 7288 496 128 Nevill.
4104 7292 620 160 London,
4812 7296 156 124 R.

236 7468 536 124 Holden
840 7472 104 120 &
1004 7512 236 116 co.,
1304 7468 288 160 ltd.,
1664 7468 356 128 1927.

396 7664 208 96 320
680 7692 104 88 p.
924 7664 1076 108 19ͨͫ.

244 7780 112 116 ©
420 7792 44 88 1
476 7808 104 88 c.
644 7804 268 108 Apr.
976 7800 160 112 19,
1196 7800 336 108 1927;
1596 7804 96 92 A
1756 7804 144 92 ad
1964 7804 204 96 int.
2232 7804 324 92 9314;
2636 7800 340 120 pubd.
3040 7804 264 100 Feb.
3368 7808 196 112 24;
3636 7812 104 92 J.
3808 7808 116 100 C.
3988 7808 412 116 Nevill,
4468 7812 508 96 London.

424 7932 664 116 (27-15598)
4492 7944 132 96 59
4636 7944 56 96 5
4712 7944 64 100 6

276 8128 80 128 …
436 8120 288 128 The
776 8120 1084 128 Northwestern
1920 8140 644 148 reporter.
2708 8176 112 76 v.
2880 8136 276 116 212.
3292 8132 824 128 Permanent
4172 8132 236 128 ed.
4328 8132 80 128 …
4644 8140 332 120 with

396 8308 888 160 key-number
1340 8312 900 128 annotations.
2380 8312 484 128 March
2924 8316 576 160 4–April
3560 8328 196 128 29,
3824 8324 352 120 1927.
4328 8320 192 132 St.
4588 8324 392 156 Paul,

396 8492 376 128 West
848 8496 796 164 publishing
1716 8540 232 92 co.,
2028 8496 356 128 1927.

396 8688 236 112 xxi,
708 8688 272 92 1052
1048 8716 100 88 p.
1292 8688 616 104 26ͨͫ.

252 8792 116 108 ©
440 8824 304 92 June
808 8824 92 112 8,
968 8824 272 96 1927
1268 8828 32 80 ;
1380 8824 156 96 2c.
1608 8828 276 92 July
1948 8828 196 108 23;
2224 8828 196 100 aff.
2492 8828 276 116 July
2836 8832 128 92 22
2996 8836 28 80 ;
3108 8828 92 96 A
3272 8824 468 100 996540;
3828 8836 316 96 West
4216 8836 252 112 pub.
4548 8860 156 72 co.

4496 8964 284 104 5957

316 9148 80 128 …
476 9148 288 120 The
832 9148 508 124 Pacific
1412 9164 644 144 reporter.
2220 9200 116 76 v.
2416 9160 280 120 254.
2856 9156 820 124 Permanent
3752 9160 200 124 ed.
4088 9156 80 128 …
4260 9160 332 124 with
4664 9160 312 164 key-

404 9332 564 124 number
1028 9336 896 124 annotations.
2080 9340 404 160 April
2556 9332 572 168 18–May
3192 9352 112 148 9,
3376 9340 356 132 1927.
3888 9340 192 132 St.
4152 9344 392 132 Paul,
4604 9344 372 128 West

408 9512 796 168 publishing
1268 9560 232 116 co.,
1580 9520 352 128 1927.

2508 9716 236 120 899
