5968 10284
900 964 624 152 Meaker,
1612 964 568 128 Samuel
2268 964 576 148 Raynor
2852 1040 180 16 —
3044 960 776 132 Continued

1068 1164 40 96 i
1108 1176 116 104 x,
1292 1164 208 96 209
1568 1188 104 92 p.
1816 1164 340 112 illus.,
2232 1164 412 116 plates,
2712 1160 372 116 diagr.
3224 1160 684 112 21ͨͫ.

908 1288 120 120 ©
1104 1300 268 96 Feb.
1436 1300 100 112 3,
1604 1296 340 112 1927;
2012 1296 64 92 2
2084 1324 52 76 c
2156 1372 20 20 .
2244 1300 228 92 and
2540 1292 200 100 aff.
2812 1296 268 96 Feb.
3148 1296 196 108 12;
3420 1296 100 92 A
3584 1292 136 96 96
3728 1292 128 100 71
3868 1292 68 96 6
3940 1292 124 112 9;
4140 1292 580 100 Williams
4792 1296 84 96 &
4948 1292 500 100 Wilkins
5520 1324 56 68 c
5580 1320 68 72 o
5660 1372 24 24 .

1092 1432 604 120 (27-3461)
5200 1428 284 100 1174

912 1592 600 148 Millard,
1588 1588 756 128 Frederick
2416 1588 524 152 Payne,
3020 1588 312 128 1878
3340 1668 88 12 –

1072 1776 668 168 Through
1812 1776 232 124 the
2124 1776 284 164 fog,
2480 1772 184 168 by
2732 1776 248 124 Dr.
3056 1772 156 128 F.
3288 1776 164 124 P.
3524 1772 580 128 Millard
4180 1792 84 136 …
4492 1772 808 164 Kirksville,
5372 1776 324 164 Mo.,

904 1964 588 128 Journal
1564 1960 636 168 printing
2272 2004 720 120 company,
3068 1960 364 128 1927.

1068 2164 212 96 262
1344 2188 108 96 p.
1596 2160 680 112 19½ͨͫ.

912 2260 120 120 ©
1108 2300 268 96 Feb.
1440 2296 168 112 11,
1672 2292 340 116 1927;
2084 2292 164 100 2c.
2312 2292 272 96 Feb.
2648 2292 60 92 1
2720 2288 60 96 5
2824 2312 24 92 ;
2920 2288 196 100 aff.
3188 2288 268 100 Feb.
3524 2288 60 96 1
3592 2288 128 116 4;
3796 2288 96 96 A
3960 2288 64 96 9
4028 2292 64 88 6
4100 2292 64 96 7
4176 2288 40 96 1
4240 2288 200 116 93;
4516 2292 128 100 F.
4708 2296 124 96 P.
4904 2288 512 120 Millard,
5480 2296 208 92 To-

1076 2440 364 108 ronto,
1524 2428 516 100 Canada.
2208 2428 604 116 (27-3463)
5208 2428 280 100 1175

920 2588 676 152 Millikan,
1672 2584 536 132 Robert
2284 2584 740 148 Andrews,
3116 2588 316 120 1868
3440 2660 84 16 –

1084 2776 752 124 Evolution
1900 2776 144 124 in
2108 2772 508 128 science
2684 2772 268 124 and
3016 2768 632 168 religion,
3704 2768 184 168 by
3952 2768 516 128 Robert
4528 2772 676 128 Andrews
5268 2772 428 128 Milli-

920 2968 304 120 kan.
1372 2960 332 124 New
1772 2960 536 160 Haven,
2376 2960 352 124 Yale
2788 2956 760 164 university
3612 2968 448 152 press;
4128 2960 620 160 London,
4812 2960 184 124 H.
5060 2960 640 160 Milford,

916 3148 552 128 Oxford
1536 3144 764 164 university
2364 3188 420 120 press,
2852 3144 360 128 1927.

1076 3352 64 92 4
1200 3372 104 92 p.
1368 3348 108 112 1.,
1548 3392 20 72 [
1580 3348 136 108 3]
1692 3400 68 8 –
1764 3344 64 96 9
1836 3344 60 96 5
1960 3372 104 88 p.
2196 3344 760 112 21ͨͫ.
2644 3340 724 116 (Half-title:
3428 3344 244 96 The
3740 3344 364 112 Terry
4172 3344 564 112 lectures)

1080 3480 1056 104 CONTENT.—The
2212 3476 592 100 evolution
2888 3480 124 96 of
3092 3476 612 100 twentieth
3784 3484 488 112 century
4356 3480 932 116 physics.—New
5372 3480 328 96 truth

908 3620 232 96 and
1212 3616 616 100 old.—The
1900 3612 592 100 evolution
2568 3640 60 72 o
2636 3612 56 96 f
2764 3612 524 116 religion.

920 3748 116 112 ©
1120 3756 272 96 Feb.
1460 3756 164 112 11,
1696 3752 344 112 1927;
2112 3752 64 92 2
2180 3776 56 76 c
2256 3828 20 24 .
2352 3752 268 96 Feb.
2692 3752 196 112 17;
2968 3776 56 68 a
3044 3748 120 100 ff.
3240 3752 268 96 Feb.
3580 3752 60 92 1
3652 3752 60 96 5
3756 3776 20 88 ;
3856 3752 96 92 A
4024 3752 64 96 9
4096 3752 412 112 67248;
4588 3752 284 96 Yale
4948 3752 196 96 uni
5156 3776 68 72 v
5236 3828 24 24 .
5332 3776 360 92 press.

1104 3888 604 120 (27-3541)
5212 3880 284 104 1176

920 4020 524 148 Myers,
1520 4012 540 132 Walter
2136 4012 804 128 Lawrence.

1092 4204 292 124 The
1452 4204 348 120 later
1860 4200 616 160 realism;
2548 4248 76 80 a
2688 4200 412 164 study
3164 4196 156 128 of
3380 4200 1228 124 characterization
4664 4200 148 124 in
4872 4200 232 128 the
5168 4200 532 128 British

928 4432 340 84 nove
1276 4392 48 120 l
1336 4492 32 60 ,
1444 4388 180 164 by
1704 4388 316 128 Wal
2032 4404 60 108 t
2096 4432 140 80 er
2316 4388 152 124 L.
2556 4388 464 164 Myers
3128 4396 84 136 …
3432 4384 652 168 Chicago,
4164 4388 136 124 Il
4308 4392 48 120 l
4368 4488 72 60 .,
4524 4392 292 124 The
4892 4388 656 128 Universi
5556 4404 56 108 t
5616 4432 92 124 y

924 4576 156 128 of
1152 4576 604 164 Chicago
1828 4620 372 116 press
2288 4572 456 160 [ͨ1927]

1088 4768 124 100 ix
1224 4848 20 40 ,
1308 4772 132 96 17
1444 4772 68 96 3
1572 4796 104 92 p.
1820 4772 68 92 2
1892 4768 612 112 0ͨͫ
2080 4844 24 24 .

1092 4904 904 116 Bibliography:
2064 4928 100 92 p.
2228 4904 208 96 163
2440 4956 72 12 –
2512 4900 240 100 166.

924 5016 120 124 ©
1116 5044 264 96 Jan.
1444 5044 164 112 25,
1676 5040 336 100 1927;
2084 5040 164 96 2c.
2312 5040 272 96 Feb.
2648 5036 196 116 18;
2920 5036 196 100 aff.
3184 5036 268 100 Feb.
3516 5040 200 112 14;
3788 5040 100 92 A
3948 5036 204 100 963
4164 5040 64 96 6
4236 5040 192 112 14;
4504 5036 676 120 University
5252 5044 120 96 of
5440 5040 260 100 Chi-

1084 5204 312 92 cago,
1480 5176 540 116 Chicago.
2188 5176 604 116 (27-3494)
5216 5176 284 100 1177

928 5304 672 128 National
1676 5304 540 148 society
2296 5300 228 128 for
2600 5300 248 128 the
2924 5300 432 152 study
3432 5300 152 128 of
3660 5300 792 128 education.

1092 5492 292 124 The
1468 5504 60 112 t
1536 5536 288 80 wen
1836 5504 56 108 t
1896 5488 364 164 y-six
2272 5504 56 108 t
2328 5488 92 124 h
2508 5488 684 164 yearbook
3268 5492 84 144 …
3612 5488 292 128 The
3996 5488 896 128 foundations
4980 5492 276 124 and
5344 5504 60 112 t
5412 5488 292 132 ech-

920 5676 408 168 nique
1408 5676 156 128 of
1648 5672 1856 132 curriculum-construction.
3676 5676 708 164 Prepared
4468 5672 184 168 by
4732 5676 228 128 the
5056 5672 652 172 Society's

928 5864 768 124 committee
1764 5864 436 124 under
2272 5864 232 124 the
2576 5860 672 128 direction
3324 5856 152 128 of
3548 5860 548 128 Harold
4176 5864 448 160 Rugg.
4788 5864 264 124 Ed.
5128 5864 180 164 by
5392 5864 316 168 Guy

924 6052 704 124 Montrose
1724 6048 704 164 Whipple.
2620 6060 196 148 pt.
2924 6056 120 116 2.
3152 6044 292 128 The
3556 6044 896 132 foundations
4560 6048 152 128 of
4820 6048 884 128 curriculum-

932 6236 604 168 making,
1640 6236 184 160 by
1924 6232 628 128 William
2664 6232 148 132 C.
2924 6236 576 160 Bagley,
3604 6228 680 132 Franklin
4396 6228 576 132 Bobbitt
5092 6248 284 148 [etc.
5392 6316 32 80 ]
5560 6232 84 148 …

932 6420 1024 164 Bloomington,
2036 6420 272 160 Ill.,
2384 6416 496 128 Public
2960 6420 456 124 school
3500 6416 800 168 publishing
4384 6460 712 128 company,
5188 6432 360 116 1926.

1092 6616 156 116 xi,
1316 6616 236 116 237,
1636 6612 80 104 [1
1668 6616 100 116 ]
1844 6644 104 88 p.
2084 6616 756 108 23ͨͫ.

936 6736 120 120 ©
1128 6756 268 96 Dec.
1460 6756 96 112 1,
1620 6752 340 112 1926;
2028 6748 164 100 2c.
2260 6748 268 100 Feb.
2592 6748 168 116 23,
2828 6748 336 116 1927;
3240 6748 196 96 aff.
3504 6752 296 92 Mar.
3868 6748 196 116 10;
4136 6752 100 92 A
4300 6748 480 116 969814;
4856 6748 552 104 National
5480 6776 224 76 soc.

1092 6888 192 96 for
1352 6888 196 96 the
1612 6888 352 112 study
2036 6888 124 96 of
2224 6888 656 112 education,
2956 6884 564 116 Danvers,
3596 6888 352 96 Mass.
5220 6884 280 104 1178

936 7016 708 148 Neblette,
1716 7012 536 132 Carroll
2320 7012 688 124 Bernard.

1100 7200 1044 164 Photography,
2228 7196 180 128 its
2488 7196 748 164 principles
3324 7200 272 124 and
3680 7196 664 164 practice;
4440 7240 76 84 a
4600 7200 556 124 manual
5244 7200 152 128 of
5480 7204 232 124 the

936 7384 484 164 theory
1500 7384 268 124 and
1856 7384 596 160 practice
2532 7380 152 124 of
2764 7384 1016 160 photography,
3864 7384 652 160 designed
4600 7380 224 128 for
4908 7428 232 84 use
5220 7384 144 124 in
5444 7388 264 124 col-

936 7568 400 164 leges,
1424 7564 672 128 technical
2192 7564 856 128 institutions
3144 7568 272 124 and
3516 7568 180 164 by
3788 7568 232 128 the
4116 7568 700 128 advanced
4908 7572 556 124 student
5556 7572 156 128 of

936 7768 60 112 t
1000 7756 164 124 he
1244 7748 548 128 science.
1964 7752 216 164 By
2268 7748 148 132 C.
2504 7756 164 120 B.
2752 7748 288 128 Neb
3048 7756 48 120 l
3108 7768 132 108 et
3248 7768 56 108 t
3308 7796 68 80 e
3460 7768 76 128 …
3788 7752 328 128 New
4204 7752 432 164 York,
4720 7756 172 124 D.
4980 7756 128 128 V
5116 7800 176 80 an
5372 7756 336 128 Nos-

936 7936 412 124 trand
1408 7976 716 120 company,
2192 7936 356 124 1927.

1104 8128 68 92 2
1244 8152 100 92 p.
1416 8128 104 112 1.,
1588 8128 536 112 iii-xviii,
2200 8128 204 92 644
2476 8156 100 88 p.
2720 8128 344 112 illus.,
3140 8132 204 92 col.
3420 8156 68 88 p
3492 8132 40 88 l
3548 8204 52 40 .,
3676 8128 428 116 diagrs.
4248 8132 64 92 2
4320 8128 612 104 3½ͨͫ
4576 8208 24 24 .
4876 8128 312 116 $6.50

1112 8260 168 92 "A
1344 8260 204 96 list
1616 8260 124 96 of
1804 8284 320 72 more
2192 8260 644 112 important
2908 8260 588 100 reference
3568 8264 380 96 works
4024 8288 144 72 on
4240 8264 936 120 photography":
5264 8292 104 92 p.
5440 8268 132 104 58
5580 8268 64 96 9
5644 8324 72 16 -

940 8396 268 104 590;
1280 8396 764 96 "References
2104 8400 120 92 to
2276 8396 576 96 technical
2908 8396 668 112 journals":
3644 8424 100 88 p.
3812 8396 512 100 591-630.

944 8504 120 120 ©
1136 8532 260 92 Jan.
1464 8532 164 108 28,
1696 8528 336 112 1927;
2104 8532 160 96 2c.
2336 8532 224 96 and
2632 8528 196 100 aff.
2900 8532 264 96 Feb.
3232 8532 136 92 15
3404 8556 20 84 ;
3500 8532 100 92 A
3664 8532 276 96 9672
3944 8532 136 96 00
4120 8560 20 88 ;
4216 8536 140 96 D.
4428 8540 252 92 Van
4744 8540 592 96 Nostrand
5408 8564 160 76 co.

1128 8664 600 116 (27-3448)
5220 8672 284 100 1179

948 8792 804 148 Patterson,
1828 8792 420 128 Caleb
2312 8792 492 148 Perry,
2884 8800 404 116 1880-

1112 8972 728 128 American
1912 8976 876 160 citizenship;
2860 9020 176 80 an
3104 8980 824 164 elementary
3996 8996 300 112 text
4356 8984 144 124 in
4564 8984 452 164 civics,
5080 8984 176 164 by
5332 8984 148 132 C.
5552 8988 156 124 P.

948 9156 200 124 Pa
1160 9172 120 108 tt
1284 9200 392 80 erson
1752 9172 84 128 …
1956 9160 172 124 A.
2188 9156 216 132 W.
2472 9160 464 128 Evans
3044 9176 84 128 …
3228 9164 272 124 and
3560 9164 136 128 J.
3768 9164 156 128 P.
4000 9164 96 132 S
4108 9168 576 124 immons
4792 9184 84 128 …
5068 9168 108 132 C
5180 9168 532 168 hicago,

948 9340 332 128 New
1356 9340 432 164 York,
1860 9340 448 164 Rand,
2384 9344 152 124 M
2544 9360 44 52 ͨ
2596 9344 416 164 Nally
3084 9352 108 120 &
3268 9388 672 128 company
4024 9340 496 172 [ͨ1927]

3224 9636 236 120 182
