5920 10300
268 980 540 148 Craine,
888 972 432 128 Edith
1392 972 128 128 J.

424 1164 288 124 The
784 1176 596 148 mystery
1460 1152 152 128 of
1688 1152 436 128 Black
2204 1152 428 164 Eagle
2708 1152 516 156 Island,
3296 1152 188 164 by
3556 1152 160 120 E.
3800 1152 128 128 J.
4020 1148 532 160 Craine,
4632 1148 368 124 illus-

264 1348 436 128 trated
764 1344 180 164 by
1008 1344 460 160 Ralph
1536 1340 1068 160 Dunkelberger.
2784 1336 1016 160 Philadelphia,
3864 1336 292 124 The
4224 1336 384 124 Penn
4672 1332 332 164 pub-

264 1532 504 160 lishing
840 1572 704 116 company,
1628 1524 356 128 1927.

424 1732 204 96 309
700 1756 104 88 p.
944 1728 392 108 front.,
1416 1728 412 112 plates.
1972 1724 1088 116 19½ͨͫ.

276 1820 112 124 ©
472 1868 68 92 J
552 1868 196 108 uly
816 1864 60 92 3
888 1864 68 92 0
964 1940 16 36 ,
1056 1860 200 96 192
1268 1864 60 92 7
1356 1868 32 80 ;
1472 1860 60 92 2
1544 1888 56 64 c
1612 1936 20 20 .
1708 1884 56 68 a
1784 1860 152 92 nd
2012 1884 56 68 a
2084 1856 120 96 ff.
2284 1856 92 92 A
2384 1880 72 72 u
2468 1880 96 84 g.
2640 1856 192 96 11;
2920 1856 92 88 A
3088 1856 60 88 9
3156 1856 68 88 9
3228 1856 272 96 6709
3524 1868 28 80 ;
3648 1856 312 92 Penn
4040 1880 72 88 p
4116 1856 148 88 ub
4280 1932 20 16 .
4376 1880 160 72 co.

456 1996 664 120 (27-16916)
4524 1988 284 96 6596

276 2220 612 148 DeFord,
956 2220 432 124 Alice.

444 2404 592 164 Singing
1128 2404 460 156 River,
1680 2400 180 168 by
1952 2400 392 124 Alice
2436 2400 628 124 DeFord.
3248 2400 556 160 Boston,
3900 2396 464 156 Little,
4468 2400 544 156 Brown,

272 2592 264 124 and
600 2632 704 120 company,
1372 2584 360 132 1927.

428 2792 64 92 4
560 2816 104 88 p.
724 2792 36 88 l
780 2864 52 36 .,
912 2788 212 116 [3]–
1124 2788 204 96 326
1392 2812 104 88 p.
1640 2788 60 92 2
1712 2784 608 112 0ͨͫ
1896 2860 20 20 .

284 2912 116 120 ©
472 2928 284 108 Aug.
828 2924 68 92 5
900 3000 20 36 ,
992 2920 276 96 1927
1292 2944 28 84 ;
1404 2920 164 96 2c.
1640 2920 224 92 and
1936 2916 196 100 aff.
2208 2916 284 112 Aug.
2564 2916 60 96 9
2668 2940 24 72 ;
2768 2916 92 92 A
2932 2916 420 96 996700
3388 2940 24 72 ;
3492 2916 128 96 A.
3696 2916 104 88 D
3808 2940 56 72 e
3940 2916 336 112 Ford,
4360 2916 652 112 Brookline,

440 3064 344 92 Mass.
952 3056 664 116 (27-17227)
4532 3048 284 100 6597

280 3280 380 152 Ellis,
732 3280 600 128 Edward
1408 3276 768 152 Sylvester,
2260 3284 316 116 1840
2580 3356 88 8 –
2676 3284 360 116 1916.

456 3480 60 112 1
532 3480 72 112 0
616 3476 152 116 00
856 3464 976 164 mythological
1928 3460 760 128 characters
2780 3460 488 168 briefly
3364 3460 732 160 described,
4200 3464 588 160 adapted
4892 3472 140 116 to

288 3656 528 156 private
872 3652 564 160 schools,
1496 3648 336 164 high
1900 3648 520 124 schools
2484 3652 264 120 and
2816 3648 784 156 academies,
3664 3648 452 124 edited
4180 3648 180 164 by
4424 3648 604 124 Edward

296 3836 132 132 S.
500 3836 344 128 Ellis
956 3844 84 144 …
1224 3832 328 124 New
1620 3832 432 160 York,
2124 3832 432 124 Noble
2624 3836 268 120 and
2964 3832 436 124 Noble
3504 3832 396 156 [ͨ1927
3912 3908 28 84 ]

452 4028 200 96 162
720 4056 100 88 p.
960 4028 392 112 front.,
1424 4028 408 116 plates.
1972 4028 616 104 17ͨͫ.

288 4148 116 120 ©
480 4168 284 112 Aug.
832 4164 96 112 2,
1004 4160 336 116 1927;
1416 4164 164 96 2c.
1652 4164 284 112 Aug.
2012 4164 120 108 8;
2216 4160 196 100 aff.
2484 4160 284 116 Aug.
2844 4160 60 96 6
2948 4184 20 84 ;
3044 4160 100 96 A
3216 4172 64 92 9
3284 4160 408 116 99289;
3772 4160 356 96 Noble
4200 4160 88 96 &
4364 4160 388 96 Noble.

452 4292 160 140 [©
696 4304 52 92 I
756 4304 380 132 ndex]
1264 4300 672 116 (27-17088)
4520 4292 280 100 6598

284 4520 484 148 Faust,
844 4520 520 128 Ernest
1440 4516 576 152 Carroll,
2096 4528 320 116 1890
2416 4520 76 144 –

452 4708 88 128 S
552 4720 60 112 t
616 4708 376 124 udies
1060 4752 172 80 on
1308 4704 164 124 Cl
1480 4748 252 80 ono
1740 4748 72 76 r
1820 4748 64 80 c
1896 4704 68 124 h
1984 4704 52 124 i
2044 4748 56 80 s
2168 4704 568 124 sinensis
2836 4700 744 164 (Cobbold)
3672 4704 180 164 by
3924 4708 500 124 Ernest
4492 4704 428 128 Carro
4932 4704 100 124 ll

284 4892 424 128 Faust
816 4900 84 128 …
1028 4892 264 124 and
1384 4888 208 132 Oo
1608 4888 360 128 -Keh
2048 4892 448 120 Khaw
2548 4900 84 128 …
2824 4888 564 128 assisted
3472 4892 176 164 by
3732 4892 304 128 Yao
4120 4892 264 124 Ke-
4396 4892 112 120 F
4528 4936 268 120 ang
4872 4900 84 128 …

284 5084 264 120 and
652 5076 376 132 Chao
1132 5076 776 164 Yung-An;
2012 5076 332 124 with
2444 5120 76 80 a
2620 5076 1000 124 consideration
3720 5072 152 132 of
3964 5076 228 128 the
4288 5080 744 124 molluscan

288 5264 360 124 hosts
736 5264 156 124 of
980 5256 796 132 Clonorchis
1864 5260 568 124 sinensis
2548 5256 440 168 (Cobb
3000 5304 76 80 o
3084 5260 208 164 ld)
3404 5264 40 124 i
3460 5312 88 76 n
3636 5264 504 160 Japan,
4232 5260 108 132 C
4348 5264 324 124 hina
4764 5264 264 124 and

284 5448 928 128 southeastern
1276 5448 340 128 Asia
1680 5448 268 124 and
2020 5448 388 124 other
2472 5448 504 160 species
3044 5448 152 124 of
3264 5448 628 128 molluscs
3960 5448 496 164 closely
4520 5448 504 128 related

288 5648 56 112 t
348 5680 76 80 o
492 5640 408 132 them,
964 5636 180 160 by
1216 5636 536 160 Bryant
1816 5632 564 128 Walker
2464 5636 76 144 …
2752 5636 132 120 Il
2896 5636 44 120 l
2948 5636 608 124 ustrated
3624 5636 168 124 wi
3812 5652 52 108 t
3868 5636 92 124 h
4036 5644 156 116 14
4264 5680 84 116 p
4360 5636 48 124 l
4420 5648 272 116 ates
4764 5640 268 120 and

292 5828 152 116 33
516 5836 288 112 text
868 5820 536 164 figures.
1584 5820 796 156 Baltimore,
2448 5820 328 156 Md.,
2860 5824 356 124 1927.

464 6020 64 92 2
580 6044 100 88 p.
736 6020 36 88 l
792 6096 52 36 .,
900 6020 160 92 vii
1060 6072 76 24 –
1136 6020 152 112 xi,
1344 6020 204 96 284
1608 6044 100 88 p.
1836 6016 336 112 illus.,
2232 6020 228 104 XIV
2488 6044 68 88 p
2564 6020 32 88 l
2616 6096 16 20 .
2704 6012 108 120 (1
2876 6016 344 112 fold.)
3296 6020 280 96 fold.
3636 6044 360 88 maps,
4060 6020 372 96 tables
4496 6024 116 112 (1
4676 6020 340 112 fold.)

296 6156 416 112 diagrs.
784 6152 108 120 (1
1008 6152 344 112 fold.)
1552 6152 60 92 2
1624 6152 576 108 6ͨͫ
1800 6188 24 56 .
2032 6156 296 112 (The
2444 6152 608 96 American
3168 6152 468 112 journal
3752 6152 124 100 of
3988 6156 548 112 hygiene;
4664 6184 376 68 mono-

296 6288 468 116 graphic
832 6288 388 116 series,
1288 6312 180 72 no.
1536 6288 116 112 8)

456 6428 240 96 One
776 6428 312 112 plate
1172 6428 224 88 and
1484 6432 220 88 two
1796 6424 124 96 of
2004 6428 188 92 the
2276 6452 328 88 maps
2688 6424 816 116 accompanied
3588 6428 144 112 by
3820 6432 748 108 transparent
4652 6432 388 92 leaves

296 6560 276 92 with
652 6560 436 92 outline
1168 6560 616 112 drawings.

464 6696 52 36 "
532 6692 128 100 Cl
672 6720 136 68 on
820 6720 60 68 o
892 6720 120 68 rc
1020 6696 120 88 hi
1148 6720 56 68 s
1292 6688 936 116 bibliography":
2320 6720 104 88 p.
2508 6696 548 108 251–284;
3152 6692 832 116 Bibliography
4076 6684 176 108 [on
4336 6696 704 96 clonorchia-

296 6828 260 116 sis]:
640 6852 100 88 p.
816 6824 516 100 246–249.

312 6920 116 120 ©
512 6964 288 96 Mar.
876 6964 164 108 31,
1124 6960 336 112 1927;
1544 6960 160 96 2c.
1784 6964 228 92 and
2092 6960 196 96 aff.
2372 6960 268 112 Apr.
2768 6956 144 112 8;
2932 6960 96 92 A
3108 6960 476 112 967784;
3672 6964 608 92 American
4364 6964 472 116 journal
4920 6964 124 96 of

468 7096 512 116 hygiene.
1148 7096 664 116 (27-16707)
4560 7096 284 104 6599

316 7284 688 148 Frankau,
1076 7284 612 124 Pamela.

472 7468 688 164 Marriage
1260 7468 152 124 of
1508 7468 812 164 Harlequin,
2420 7468 180 164 by
2700 7472 556 124 Pamela
3360 7472 684 128 Frankau.
4228 7476 328 124 New
4660 7476 388 124 York

312 7656 264 120 and
624 7656 612 156 London,
1296 7656 552 156 Harper
1900 7660 96 116 &
2060 7656 660 156 brothers,
2788 7652 356 128 1927.

476 7848 60 96 3
588 7872 100 88 p.
740 7848 40 88 l
792 7924 52 36 .,
900 7848 200 96 313
1156 7876 100 84 p.
1400 7848 680 108 19ͨͫ.

324 7964 116 120 ©
516 7984 284 108 Aug.
876 7984 160 108 11,
1112 7984 336 108 1927;
1528 7984 160 96 2c.
1768 7984 280 112 Aug.
2128 7988 120 88 11
2300 8008 20 76 ;
2404 7984 196 96 aff.
2676 7984 288 112 Aug.
3044 7988 56 88 1
3108 7984 64 96 3
3216 8008 20 72 ;
3316 7984 96 92 A
3488 7984 420 96 996740
3912 8004 44 76 ;
4048 7992 460 112 Harper
4588 7992 88 96 &
4748 7992 296 96 bros.

504 8116 664 116 (27-16973)
4564 8120 280 100 6600

324 8300 448 152 Garis,
840 8308 304 148 Roy
1216 8308 792 144 Lawrence,
2084 8296 320 136 1897
2404 8388 76 12 –

488 8488 960 168 Immigration
1536 8492 836 160 restriction;
2468 8540 76 80 a
2632 8492 408 164 study
3128 8492 156 128 of
3368 8500 228 120 the
3684 8500 780 160 opposition
4556 8516 136 108 to
4784 8500 268 128 and

332 8676 752 160 regulation
1160 8676 152 124 of
1388 8680 932 160 immigration
2404 8680 292 124 into
2776 8684 228 120 the
3084 8684 508 128 United
3688 8680 488 160 States,
4252 8684 180 148 by
4516 8688 304 160 Roy
4900 8684 148 128 L.

328 8856 396 128 Garis
832 8868 84 132 …
1124 8864 328 124 New
1524 8864 424 160 York,
2020 8864 288 128 The
2376 8868 560 124 Macmil
2944 8868 48 124 l
3000 8912 172 80 an
3244 8912 704 120 company,
4024 8880 152 116 19
4184 8876 80 120 2
4268 8872 116 128 7.

488 9080 148 68 xv
700 9084 132 88 p.,
904 9064 52 88 1
1024 9064 36 88 l
1076 9132 56 40 .,
1196 9060 208 96 376
1468 9088 100 88 p.
1708 9060 388 112 front.,
2168 9064 312 96 illus.
2544 9060 436 116 (maps)
3076 9064 112 96 di
3204 9092 56 68 a
3276 9088 224 92 grs.
3640 9060 756 104 22½ͨͫ.

492 9188 884 120 Bibliography:
1464 9220 104 88 p.
1644 9196 520 100 355–371.

336 9304 116 120 ©
532 9324 284 112 Aug.
892 9328 92 108 9,
1064 9328 332 96 1927;
1476 9332 164 92 2c.
1720 9332 228 92 and
2020 9332 124 92 af
2116 9332 72 92 f
2196 9412 20 16 .
2296 9332 284 116 Aug.
2660 9332 196 108 10;
2940 9332 96 92 A
3116 9332 472 100 996715;
3676 9336 664 92 Macmillan
4428 9364 160 72 co.

520 9456 656 116 (27-17003)
4572 9468 276 96 6601

2588 9600 236 116 995
