5968 10284
840 972 552 152 Melish,
1476 972 600 128 Lawson
2156 972 732 152 McClung.

1012 1160 136 128 A
1212 1160 984 164 bibliography
2264 1160 152 124 of
2480 1160 228 124 the
2776 1160 644 124 collected
3492 1160 628 164 writings
4188 1156 152 128 of
4408 1160 440 124 Edith
4912 1160 724 164 Wharton,

852 1348 176 164 by
1100 1348 580 124 Lawson
1756 1344 696 168 McClung
2524 1344 540 124 Melish.
3232 1344 332 124 New
3644 1344 428 160 York,
4144 1344 160 124 E.
4384 1348 160 120 B.
4624 1344 648 160 Hackett,
5344 1348 292 128 The

852 1536 416 124 Brick
1336 1580 280 80 row
1680 1532 356 128 book
2100 1532 380 164 shop,
2560 1532 300 160 inc.,
2936 1536 360 124 1927.

1004 1736 120 96 xi
1192 1764 136 88 p.,
1396 1740 56 88 1
1520 1740 40 88 1
1576 1812 48 36 .,
1696 1732 132 100 87
1896 1760 104 88 p.
2140 1732 64 96 2
2216 1732 648 124 0ͨͫ
2404 1812 20 16 .

844 1840 120 112 ©
1056 1872 268 96 Feb.
1408 1872 92 112 7,
1588 1868 336 104 1927;
2016 1868 64 92 2
2084 1876 56 80 c
2156 1944 20 20 .
2264 1868 268 96 Feb.
2612 1864 200 116 12;
2904 1864 196 100 aff.
3188 1868 264 96 Feb.
3536 1868 200 112 11;
3824 1868 96 92 A
4004 1864 480 116 963544;
4576 1864 356 100 Brick
5012 1896 244 68 row
5336 1872 292 96 book

1004 2008 316 112 shop,
1416 2004 216 96 inc.
1804 2000 608 120 (27-3268)
5216 2000 216 100 992

840 2236 532 148 Meyer,
1436 2228 340 128 Max
1844 2224 780 156 Friedrich,
2704 2228 316 128 1873
3028 2308 88 12 –

996 2416 768 128 Abnormal
1860 2416 884 164 psychology,
2836 2416 468 124 "when
3396 2416 236 128 the
3716 2416 712 128 other-one
4512 2416 756 132 astonishes
5352 2416 240 132 us"

836 2604 180 168 by
1080 2604 336 124 Max
1488 2604 160 124 F.
1720 2600 472 168 Meyer
2296 2616 84 132 …
2608 2596 196 136 Co
2812 2600 48 124 l
2868 2596 504 168 umbia,
3444 2600 156 128 M
3608 2644 76 84 o
3700 2700 68 64 .,
3844 2600 440 128 Lucas
4356 2604 244 128 bro
4608 2616 60 116 t
4672 2604 352 164 hers,
5104 2612 148 116 19
5268 2612 76 116 2
5352 2608 116 124 7.

1004 2804 240 116 viii,
1312 2804 216 100 278
1596 2832 104 88 p.
1844 2804 432 116 diagrs.
2420 2800 680 116 19½ͨͫ.

1008 2944 164 92 "A
1248 2936 804 104 considerable
2136 2944 272 112 part
2480 2936 128 96 of
2684 2936 324 96 what
3084 2936 104 96 is
3272 2932 620 100 contained
3972 2936 124 96 in
4176 2940 196 92 the
4448 2936 260 100 first
4784 2936 224 100 five
5088 2944 548 112 chapters

836 3080 120 96 of
1040 3076 236 100 this
1356 3076 300 100 book
1728 3072 100 100 is
1908 3100 64 68 a
2052 3072 652 96 condensed
2784 3076 228 92 and
3092 3068 484 120 slightly
3656 3072 460 96 revised
4192 3076 636 96 statement
4904 3072 128 100 of
5104 3080 196 92 the
5380 3104 256 72 con-

836 3220 312 92 tents
1224 3212 124 96 of
1420 3212 200 96 the
1692 3208 524 100 author's
2292 3204 328 116 book,
2704 3204 272 96 'The
3048 3204 704 116 psychology
3824 3204 124 96 of
4024 3208 200 92 the
4300 3208 1200 104 other-one'."—Pref.

844 3340 124 112 ©
1044 3348 264 96 Feb.
1384 3348 96 112 7,
1556 3344 340 112 1927;
1972 3344 164 96 2c.
2216 3344 264 92 Feb.
2552 3340 144 96 10
2728 3368 20 84 ;
2836 3340 196 100 aff.
3108 3340 268 96 Feb.
3456 3340 64 96 9
3560 3368 24 72 :
3660 3344 104 88 A
3836 3340 476 116 963533;
4400 3344 376 96 Lucas
4852 3344 572 100 brothers.

1028 3480 604 120 (27-3207)
5216 3480 212 100 993

840 3708 500 152 Miller,
1408 3708 548 128 Bertha
2028 3704 692 128 Almeida.

1016 3896 932 156 Quicksands;
2076 3936 192 116 or,
2384 3892 408 160 Hope
2908 3900 536 156 cottage
3556 3888 384 168 girls,
4056 3892 180 164 by
4356 3892 520 128 Bertha
4988 3892 132 128 A
5120 3892 152 148 lm
5328 3896 304 128 eida

840 4084 504 124 Miller.
1512 4080 852 160 Swampscot
2368 4092 60 112 t
2440 4180 28 60 ,
2540 4076 408 128 Mass.
3040 4084 332 152 [ͨ192
3388 4084 68 116 6
3468 4156 32 80 ]

1004 4284 136 100 59
1204 4312 136 88 p.,
1404 4284 60 92 1
1528 4284 76 96 1.
1668 4280 124 96 in
1800 4284 100 96 cl
1912 4356 20 24 .
1996 4280 364 96 front.
2428 4276 412 116 (port.)
3000 4276 688 116 20ͨͫ.

844 4408 124 124 ©
1036 4416 276 116 Apr.
1380 4416 96 112 1,
1548 4416 340 108 1926;
1960 4416 164 96 2c.
2196 4416 268 96 Dec.
2536 4412 196 112 21;
2812 4408 196 104 aff.
3080 4412 264 96 Jan.
3416 4412 168 112 15,
3656 4408 340 116 1927;
4072 4416 100 88 A
4236 4412 480 116 963184;
4796 4420 128 96 B.
4996 4416 132 100 A.
5204 4416 420 116 Miller,

1008 4552 804 116 Swampscott,
1904 4544 352 104 Mass.
2428 4544 604 120 (27-3281)
5204 4552 212 100 994

844 4744 684 148 Millikan,
1596 4740 540 128 Robert
2200 4736 744 152 Andrews,
3016 4748 320 116 1868
3340 4816 88 16 –

1016 4932 120 124 E
1148 4932 48 120 l
1204 4940 512 116 ements
1804 4924 156 132 of
2048 4928 408 164 physi
2468 4972 64 80 c
2540 4972 104 112 s,
2728 4924 184 164 by
2996 4924 452 124 Rober
3456 4936 60 116 t
3600 4924 676 132 Andrews
4364 4928 648 128 Millikan
5084 4928 80 148 …
5360 4936 268 124 and

848 5120 484 160 Henry
1404 5116 568 128 Gordon
2040 5112 344 128 Gale
2488 5124 84 136 …
2676 5112 408 164 being
3152 5156 76 80 a
3296 5116 592 124 revision
3952 5112 156 128 of
4168 5116 228 124 the
4468 5120 600 128 authors'
5140 5120 488 128 "Prac-

848 5308 324 124 tical
1252 5304 632 164 physics"
1968 5304 344 124 done
2396 5300 140 128 in
2624 5300 988 128 collaboration
3692 5300 340 128 with
4112 5304 600 128 Willard
4796 5308 160 124 R.
5040 5308 344 164 Pyle
5472 5304 76 148 …

852 5496 556 156 Boston,
1488 5492 332 124 New
1896 5488 392 124 York
2372 5528 40 96 [
2416 5532 64 80 e
2488 5500 128 112 tc
2632 5488 64 124 .]
2792 5484 376 128 Ginn
3248 5488 268 124 and
3596 5532 672 120 company
4360 5492 152 144 [ͨ
4452 5500 64 116 1
4532 5492 240 128 927
4784 5572 32 80 ]

1004 5688 248 116 xiii,
1324 5688 208 96 509
1600 5712 108 92 p.
1780 5688 128 92 in
1912 5688 92 96 cl
2028 5760 20 24 .
2120 5684 396 112 front.,
2596 5684 132 96 ill
2736 5708 72 72 u
2816 5712 92 68 s.
3048 5688 380 112 plates
3524 5684 120 116 (2
3720 5688 276 116 col.)
4092 5692 392 112 ports.,
4564 5688 432 120 diagrs.
5136 5688 684 108 20ͨͫ.

1004 5828 320 96 First
1384 5824 620 116 published
2068 5824 372 92 under
2500 5820 328 96 title:
2896 5820 104 96 A
3060 5820 264 96 first
3380 5844 412 76 course
3856 5820 124 96 in
4040 5820 508 120 physics.

844 5932 120 112 ©
1048 5964 264 96 Jan.
1388 5964 100 108 3,
1564 5960 340 112 1927;
1984 5960 164 96 2c.
2228 5964 236 92 and
2540 5956 200 100 aff.
2820 5960 264 96 Feb.
3168 5956 192 112 10;
3444 5960 96 92 A
3620 5960 480 112 963502;
4188 5960 132 100 R.
4404 5960 132 96 A.
4616 5960 572 116 Millikan,
5276 5964 348 96 Pasa-

1000 6100 328 112 dena,
1416 6096 380 116 Calif.,
1880 6100 232 92 and
2188 6096 408 116 Henry
2680 6096 124 96 G.
2896 6092 312 116 Gale,
3296 6092 540 116 Chicago.
4000 6096 608 120 (27-3118)
5188 6096 136 104 99
5328 6088 64 96 5

844 6288 560 148 Morris,
1488 6284 592 132 Charles
2156 6288 524 124 Evans.

1012 6476 584 124 Modern
1704 6472 956 164 rejuvenation
2768 6472 660 156 methods,
3536 6472 180 164 by
3828 6472 568 132 Charles
4504 6476 464 128 Evans
5072 6480 552 160 Morris,

848 6704 152 84 M.
1096 6708 76 76 D
1184 6764 24 20 .
1388 6660 332 128 New
1816 6660 432 160 York,
2344 6656 692 132 Scientific
3124 6660 580 124 medical
3800 6660 800 164 publishing
4688 6704 188 84 co.
4948 6660 76 144 [
5024 6676 44 52 ͨ
5080 6672 320 116 1926
5416 6744 28 80 ]

996 6860 240 112 xxi,
1308 6860 208 96 237
1584 6884 108 88 p.
1768 6856 36 96 i
1812 6864 216 92 ncl.
2100 6856 364 96 front.
2528 6852 416 120 (port.)
3036 6852 308 100 illus.
3488 6856 720 108 17½ͨͫ.

1000 6980 840 128 Bibliography
1880 7020 24 72 :
1980 7020 104 88 p.
2152 6992 528 100 223-237.

1032 7132 284 96 Nov.
1384 7132 92 108 1,
1548 7128 336 112 1926;
1956 7132 164 96 2c.
2188 7132 232 92 and
2492 7128 196 100 aff.
2756 7128 264 100 Jan.
3088 7128 168 116 10,
3324 7128 336 112 1927;
3740 7128 100 96 A
3904 7128 476 100 963477;
4468 7128 584 100 Scientific
5128 7132 484 100 medical

1000 7272 260 108 pub.
1356 7292 160 68 co.
1684 7264 608 116 (27-3117)
5204 7264 212 100 996

840 7456 564 148 Morris,
1476 7456 608 124 Edward
2152 7456 772 148 Parmelee,
3004 7460 316 120 1853
3328 7532 88 16 –

1000 7640 296 132 The
1372 7640 928 128 fore-and-aft
2368 7640 220 164 rig
2656 7640 144 128 in
2872 7640 708 164 America;
3660 7684 80 84 a
3812 7640 508 164 sketch,
4388 7640 184 164 by
4644 7644 160 124 E.
4880 7640 156 128 P.
5108 7640 512 128 Morris

1000 7836 84 136 …
1168 7828 332 128 New
1580 7828 540 160 Haven,
2204 7824 352 128 Yale
2636 7824 760 164 university
3484 7868 440 120 press;
4012 7828 620 160 London,
4708 7828 184 124 H.
4980 7828 636 164 Milford,

836 8012 552 136 Oxford
1456 8012 768 164 university
2292 8056 416 116 press,
2784 8008 360 132 1927.

1000 8240 188 84 xx,
1256 8208 208 96 215
1528 8236 104 88 p.
1772 8208 396 116 front.,
2232 8212 416 112 plates.
2788 8208 724 112 26½ͨͫ
3112 8244 24 52 .

1008 8348 348 96 "This
1432 8344 444 100 edition
1948 8340 496 100 consists
2520 8340 128 96 of
2716 8368 216 68 one
3000 8340 588 96 thousand
3660 8340 384 116 copies
4120 8340 464 120 printed
4656 8348 304 92 from
5036 8348 372 112 type."

1004 8480 700 96 "Published
1780 8504 148 72 on
1996 8480 200 96 the
2264 8476 564 112 Kingsley
2908 8480 312 92 trust
3296 8476 712 96 association
4076 8480 716 112 publication
4868 8480 296 96 fund
5240 8484 368 96 estab-

840 8616 372 96 lished
1268 8620 144 108 by
1476 8616 196 96 the
1736 8612 368 100 Scroll
2164 8612 232 96 and
2456 8612 224 112 key
2736 8608 440 116 society
3236 8612 124 96 of
3416 8612 288 96 Yale
3764 8612 532 116 college."

1004 8748 900 116 Bibliography:
1980 8772 100 92 p.
2160 8752 40 80 [
2192 8744 312 104 iX]–X
2520 8820 20 24 .

844 8852 120 108 ©
1044 8888 260 92 Jan.
1376 8884 168 108 21,
1620 8880 336 112 1927;
2032 8880 160 96 2c.
2268 8880 264 96 Jan.
2604 8880 200 108 27;
2884 8876 128 96 af
2992 8872 52 92 f
3060 8956 20 20 .
3156 8876 264 100 Jan.
3492 8880 200 104 24;
3768 8876 100 96 A
3940 8876 476 116 963332;
4500 8884 284 92 Yale
4860 8880 304 96 univ.
5248 8908 356 92 press.

1028 9016 596 120 (27-3071)
5192 9016 216 100 997

848 9204 288 124 The
1236 9204 348 124 New
1692 9204 684 124 universal
2476 9204 736 124 handbook
3312 9204 152 124 of
3564 9244 704 120 necessary
4372 9204 904 124 information
5384 9204 220 124 for

1008 9388 432 164 home,
1500 9392 504 160 school,
2068 9388 336 164 shop
2472 9388 268 128 and
2812 9388 400 160 office,
3276 9388 808 164 practically
4156 9392 672 160 arranged
4900 9388 224 128 for
5192 9388 416 164 ready

3116 9684 244 112 154
