5968 10284
908 828 628 152 Warner,
1624 828 608 132 William
2320 832 492 148 Henry
2816 908 104 16 —
3008 828 776 132 Continued

1072 1032 164 96 "A
1296 1028 468 100 sundial
1828 1028 536 100 edition."

912 1144 116 108 ©
1120 1168 160 92 1c.
1360 1164 248 100 Oct.
1688 1164 164 116 13,
1932 1164 336 108 1927;
2356 1164 96 92 A
2532 1164 148 92 ad
2760 1164 208 96 int.
3048 1160 408 112 10099;
3544 1164 340 112 pubd.
3976 1164 304 116 Sept.
4360 1160 200 120 22;
4652 1160 312 100 John
5040 1160 640 120 Hamilton,

1072 1300 208 96 ltd.
1448 1296 676 120 (27-23610)
5192 1292 288 104 9471

908 1452 628 156 Weekes,
1604 1456 368 128 Rose
2044 1452 972 156 Kirkpatrick,
3096 1456 324 124 1874
3424 1532 80 16 –

1080 1644 256 132 Sea
1424 1644 568 164 nymph,
2080 1640 180 168 by
2356 1644 156 124 R.
2612 1644 172 120 K.
2880 1640 560 128 Weekes
3556 1652 88 144 …
3868 1644 616 156 London,
4576 1636 160 136 G.
4840 1644 312 128 Bles
5284 1656 84 128 [1
5384 1648 240 120 927
5640 1720 28 84 ]

1068 1840 140 100 32
1212 1840 68 96 0
1340 1868 72 88 p
1424 1916 20 28 .
1588 1840 616 112 19ͨͫ.

916 1972 116 112 ©
1116 1980 156 96 1c.
1348 1980 68 96 J
1420 2000 76 76 u
1512 2004 140 64 ne
1724 1976 96 116 1,
1896 1976 204 92 192
2112 1980 56 88 7
2212 2004 20 80 ;
2316 1980 92 88 A
2484 1980 144 96 ad
2704 1976 120 92 in
2836 1980 40 88 t
2892 2052 20 20 .
2988 1972 336 116 9521;
3404 2000 148 88 pu
3556 1984 72 92 b
3644 1972 100 100 d.
3824 1972 268 120 Apr.
4168 1972 60 96 5
4272 1996 24 92 ;
4380 1976 132 96 R.
4588 1972 140 104 K.
4808 1972 512 116 Weekes,
5400 1976 284 96 Lon-

1076 2116 256 96 don.
1500 2112 472 116 (27-237
1980 2116 64 88 5
2052 2112 120 112 6)
5172 2108 292 104 9472

908 2272 464 132 Whist
1452 2268 356 152 club,
1876 2272 332 124 New
2288 2272 420 124 York.

1080 2456 396 128 Laws
1564 2452 156 132 of
1804 2468 616 116 contract
2512 2452 524 168 bridge,
3132 2452 360 164 1927,
3588 2452 600 168 adopted
4284 2452 272 132 and
4648 2452 448 132 issued
5188 2452 184 168 by
5456 2452 228 132 the

912 2640 456 136 Whist
1484 2640 308 128 club
1876 2644 84 148 …
2272 2636 1028 168 Philadelphia,
3420 2636 604 168 Chicago
4164 2648 324 132 [etc.]
4632 2640 288 128 The
5036 2636 372 132 John
5540 2636 148 132 C.

912 2828 392 132 Wins
1312 2840 56 112 t
1376 2872 172 84 on
1612 2868 672 124 company
2384 2824 396 156 [ͨ1927
2764 2884 52 84 ]

1080 3020 64 92 2
1204 3032 68 88 p
1280 3056 24 56 .
1364 3020 48 92 l
1416 3056 52 64 .,
1536 3020 68 92 7
1604 3044 60 52 –
1668 3020 64 92 5
1736 3020 68 92 7
1864 3032 100 88 p.
2112 3020 752 116 18½ͨͫ.

1084 3152 576 116 "Bidding
1764 3156 228 96 and
2100 3152 548 116 doubling
2756 3152 116 96 in
2976 3156 532 92 contract
3608 3152 472 116 bridge"
4188 3152 228 96 and
4532 3152 624 120 "Synopsis
5264 3152 124 96 of
5496 3156 188 96 the

912 3296 288 92 laws
1260 3288 124 96 of
1440 3292 528 92 contract
2028 3288 464 116 bridge"
2576 3288 120 116 (3
2756 3288 388 96 leaves
3204 3284 244 100 laid
3504 3284 184 116 in)

912 3396 120 108 ©
1128 3428 248 96 Oct.
1464 3428 96 112 1,
1648 3428 336 108 1927;
2076 3428 60 88 2
2148 3452 56 68 c
2220 3512 16 12 .
2328 3424 244 100 Oct.
2660 3424 124 112 6;
2884 3420 196 100 aff.
3164 3424 248 96 Oct.
3504 3428 120 108 7;
3720 3424 96 92 A
3904 3420 548 116 1007448;
4548 3424 384 100 Whist
5020 3428 292 112 club,
5404 3424 280 100 New

1076 3564 344 96 York.
1588 3560 672 120 (27-21235)
5196 3556 288 100 9473

908 3684 680 152 Whitten,
1660 3684 532 128 Robert
2264 3684 624 152 Harvey,
2972 3692 312 120 1873
3292 3764 84 12 –

1076 3872 748 132 Valuation
1944 3868 156 128 of
2212 3868 460 164 public
2788 3868 508 128 service
3408 3868 1004 164 corporations;
4544 3872 356 164 legal
5012 3876 268 124 and
5404 3916 268 84 eco-

912 4060 440 128 nomic
1448 4060 484 164 phases
2024 4056 156 124 of
2276 4056 700 124 valuation
3076 4056 224 124 for
3396 4068 292 112 rate
3784 4056 564 164 making
4444 4056 268 124 and
4808 4056 460 164 public
5364 4100 308 120 pur-

908 4248 432 156 chase,
1436 4248 180 160 by
1708 4244 516 128 Robert
2320 4240 184 128 H.
2600 4240 668 160 Whitten,
3364 4252 108 112 P
3452 4284 144 84 H.
3692 4284 116 84 D.
3988 4240 584 128 Revised
4668 4244 272 124 and
5036 4240 632 168 enlarged

908 4432 172 168 by
1160 4432 416 128 Delos
1656 4432 152 124 F.
1888 4432 540 128 Wilcox
2508 4436 80 144 …
2836 4476 120 76 v.
3048 4440 108 148 1,
3240 4436 112 116 2.
3524 4428 172 124 2d
3780 4428 248 160 ed.,
4120 4436 312 120 1918
4524 4440 80 144 …
4844 4428 332 128 New
5260 4420 424 168 York,

900 4620 292 124 The
1264 4616 468 128 Banks
1800 4620 264 116 law
2132 4612 804 168 publishing
3008 4656 712 120 company,
3800 4620 352 120 1928.

1068 4816 60 92 2
1200 4840 100 72 v.
1444 4812 1328 108 24½ͨͫ.

1076 4944 620 100 Published
1780 4944 116 96 in
1976 4944 304 100 1927.

1072 5084 540 96 Lettered
1684 5104 140 72 on
1892 5104 400 72 cover:
2368 5076 540 100 Baldwin
2968 5080 232 96 law
3264 5080 388 100 books.

912 5248 96 68 v.
1076 5220 96 112 1,
1244 5200 120 116 ©
1440 5216 244 100 Oct.
1748 5216 168 116 24,
1988 5220 56 88 1
2056 5216 60 92 9
2128 5220 196 108 27;
2396 5220 164 92 2c.
2624 5216 228 96 and
2924 5216 196 96 aff.
3192 5216 248 96 Oct.
3504 5220 64 88 2
3580 5216 64 92 6
3684 5240 24 88 ;
3780 5240 100 72 v.
3952 5220 96 112 2,
4132 5192 120 112 ©
4324 5216 284 100 Nov.
4680 5216 56 92 1
4748 5216 68 92 8
4848 5240 20 88 ;
4948 5220 160 96 2c.
5180 5216 228 96 and
5480 5216 196 96 aff.

1076 5356 280 96 Nov.
1420 5356 200 108 21;
1688 5352 100 92 A
1852 5356 412 92 100797
2268 5348 60 88 3
2348 5428 20 36 ,
2440 5352 544 112 1013198;
3060 5352 396 96 Banks
3528 5356 228 92 law
3820 5356 256 112 pub.
4144 5376 168 76 co.

1100 5488 668 116 (27-22630)
4776 5480 320 124 9474,
5172 5484 280 104 9475

908 5612 912 144 Williamson,
1896 5612 536 148 Henry.

1072 5800 456 124 Tarka
1644 5796 228 128 the
1984 5812 424 148 otter;
2528 5800 216 124 his
2860 5796 460 168 joyful
3432 5796 736 128 water-life
4284 5796 268 128 and
4668 5796 404 128 death
5192 5800 132 124 in
5452 5800 220 124 the

904 6000 576 148 country
1576 5984 152 124 of
1824 5984 228 124 the
2152 5988 328 120 Two
2576 5984 532 160 Rivers,
3204 5984 180 160 by
3476 5984 488 164 Henry
4056 5984 916 160 Williamson,
5072 5984 336 124 with
5504 6028 164 80 an

908 6168 928 128 introduction
1904 6168 176 164 by
2148 6168 232 128 the
2444 6168 360 128 Hon.
2888 6168 224 132 Sir
3176 6168 376 132 John
3620 6168 768 160 Fortescue,
4496 6180 152 128 K.
4680 6180 152 128 C.
4864 6180 152 128 V.
5048 6180 96 128 O.
5324 6168 348 124 Lon-

908 6356 268 124 don
1236 6360 108 120 &
1408 6356 332 124 New
1808 6356 428 156 York,
2300 6348 164 136 G.
2536 6356 152 124 P.
2752 6356 712 124 Putnam's
3524 6396 352 120 sons,
3948 6356 356 124 1927.

1072 6548 236 112 viii,
1376 6548 64 92 2
1452 6548 56 92 5
1524 6548 56 92 5
1588 6624 24 40 ,
1696 6548 216 116 [1]
1900 6576 100 88 p.
2144 6552 56 88 1
2216 6548 1080 104 9½ͨͫ.

912 6652 116 108 ©
1124 6688 36 88 1
1180 6692 100 88 c.
1364 6684 244 96 Oct.
1692 6688 164 108 12,
1940 6688 56 92 1
2008 6688 60 92 9
2076 6688 196 108 27;
2364 6688 92 92 A
2540 6688 148 92 ad
2768 6684 208 100 int.
3064 6684 200 96 100
3268 6680 76 88 9
3344 6688 124 108 7;
3560 6680 336 120 pubd.
3984 6684 280 112 Aug.
4356 6684 192 112 14;
4644 6688 124 92 E.
4856 6688 120 92 P.
5188 6672 316 108 Dutton
5592 6676 76 92 &

1076 6844 124 72 co
1212 6892 56 44 .,
1344 6820 276 96 New
1696 6820 344 96 York.
2212 6816 672 120 (27-23406)
5188 6816 288 100 9476

912 6944 460 148 Wood,
1452 6944 684 152 Clement,
2216 6952 316 120 1888
2536 7024 88 12 –

1076 7132 292 124 The
1456 7132 516 124 outline
2056 7128 156 132 of
2292 7132 428 128 man's
2804 7128 868 160 knowledge;
3760 7132 228 128 the
4072 7144 380 148 story
4536 7128 152 128 of
4772 7128 572 148 history,
5428 7128 244 128 sci-

908 7308 352 164 ence,
1352 7316 748 156 literature,
2184 7328 260 148 art,
2528 7316 624 164 religion,
3240 7316 868 164 philosophy,
4192 7316 180 164 by
4464 7312 612 132 Clement
5156 7312 504 132 Wood:

912 7500 852 128 decorations
1884 7504 180 160 by
2188 7504 416 124 Louis
2728 7496 824 168 Bromberg;
3684 7544 388 120 maps
4192 7500 176 164 by
4492 7496 492 128 Ilonka
5108 7496 556 128 Karasz.

908 7684 328 128 New
1312 7684 432 160 York,
1812 7688 440 128 Lewis
2324 7684 700 164 Copeland
3108 7728 708 124 company,
3896 7684 352 128 1927.

1088 7880 196 96 xix
1344 7904 136 92 p.,
1544 7880 56 92 1
1664 7876 40 92 l
1716 7952 52 40 .,
1832 7880 204 96 654
2092 7904 100 92 p.
2336 7880 412 116 plates,
2808 7880 416 96 double
3280 7904 360 92 maps,
3704 7880 428 116 diagrs.
4276 7880 676 108 24ͨͫ.

1088 8016 688 92 Illustrated
1844 8012 864 116 lining-papers.

1088 8144 740 96 "Additional
1892 8144 612 116 readings"
2564 8148 128 92 at
2744 8148 216 92 end
3020 8144 128 100 of
3200 8148 304 96 most
3560 8144 128 96 of
3744 8144 192 96 the
4000 8144 572 120 chapters.

912 8252 124 108 ©
1124 8280 156 96 Oc
1288 8288 72 88 t.
1444 8284 164 108 14,
1688 8284 56 88 1
1756 8280 72 92 9
1828 8280 200 112 27;
2108 8280 164 96 2c.
2352 8284 224 92 and
2656 8280 128 96 af
2776 8280 52 92 f
2836 8360 20 16 .
2936 8280 244 100 Oct.
3264 8284 132 92 17
3424 8288 28 84 ;
3548 8280 96 92 A
3720 8276 544 112 1007722;
4356 8280 368 96 Lewis
4808 8280 584 116 Copeland
5476 8304 124 72 co
5616 8352 48 36 .,

1076 8412 212 100 inc.
1468 8412 668 120 (27-21643)
5184 8408 284 104 9477

920 8540 596 152 Wright,
1596 8540 568 148 Sydney
2236 8540 580 148 Fowler,
2900 8536 320 128 1874
3224 8616 84 16 –

1072 8720 592 168 Deluge;
1796 8768 72 80 a
1996 8764 664 120 romance,
2780 8720 180 168 by
3084 8720 140 136 S.
3348 8724 540 124 Fowler
4004 8724 596 164 Wright.
4780 8724 616 156 London,
5516 8720 148 124 F.

908 8904 596 164 Wright,
1576 8904 292 160 ltd.,
1948 8908 360 128 1927.

1072 9132 100 80 v,
1248 9104 64 96 7
1308 9096 76 72 –
1384 9104 208 96 320
1660 9128 104 88 p.
1908 9100 752 108 19½ͨͫ.

924 9224 116 108 ©
1092 9244 136 108 1c
1244 9312 20 20 .
1332 9232 244 100 Oct.
1636 9232 164 108 22,
1868 9232 336 112 1927;
2276 9236 92 92 A
2432 9236 144 92 ad
2648 9236 112 92 in
2776 9240 40 88 t
2832 9316 20 20 .
2920 9232 404 116 10141;
3396 9240 340 108 pubd.
3812 9236 304 112 Sept.
4180 9236 200 112 30;
4460 9236 104 100 S.
4636 9244 120 92 F.
4828 9232 488 116 Wright,
5388 9232 272 96 Lon-

1080 9372 256 96 don.
1504 9368 664 116 (27-23611)
5180 9360 280 108 9478

3144 9496 312 124 1416
