5968 10284
824 1020 592 144 Conrad,
1504 1016 524 152 Joseph
2036 1092 132 20 —
2228 1016 764 132 Continued

996 1220 164 92 "1.
1224 1216 176 92 bis
1464 1212 100 100 5.
1632 1212 200 96 auf
1836 1212 24 96 l
1876 1212 312 112 age."

1000 1348 808 116 "Berechtigte
1904 1348 780 112 übertragung
2764 1368 216 72 aus
3060 1344 260 96 dem
3404 1340 664 116 englischen
4152 1368 224 72 von
4464 1344 352 96 Ernst
4904 1344 168 96 W.
5168 1344 432 96 Freiss-

828 1480 272 104 ler."

996 1616 1696 112 CONTENTS.—Jugend.—Das
2772 1612 264 96 herz
3120 1612 204 96 der
3400 1612 1016 96 finsternis.—Das
4500 1612 288 96 ende
4868 1628 252 80 vom
5204 1612 264 100 lied.

828 1736 124 116 ©
1016 1756 244 96 Oct.
1320 1756 164 108 21,
1548 1752 332 100 1926:
1948 1748 48 88 1
1996 1748 112 100 c.
2168 1752 260 96 Jan.
2492 1752 164 112 31,
2720 1748 336 112 1927;
3124 1752 100 88 A
3224 1804 144 8 —
3372 1748 496 116 Foreign
3928 1748 408 112 33376;
4416 1748 104 100 S.
4588 1748 504 116 Fischer,
5156 1752 432 112 verlag,

992 1916 252 88 a.-g.
1412 1880 396 124 (27-86
1824 1888 60 96 8
1884 1880 128 124 6)
5104 1880 284 100 3010

828 2076 700 152 Coolidge,
1604 2076 772 124 Archibald
2456 2076 416 148 Cary,
2956 2080 316 120 1866
3276 2152 84 12 –

1004 2264 284 124 Ten
1368 2308 388 120 years
1844 2260 152 124 of
2080 2304 280 80 war
2444 2260 272 124 and
2804 2304 440 116 peace,
3328 2260 176 160 by
3592 2256 764 128 Archibald
4444 2256 364 168 Cary
4900 2260 692 168 Coolidge.

832 2452 864 160 Cambridge,
1776 2452 656 120 Harvard
2512 2444 760 164 university
3348 2488 416 120 press,
3844 2444 360 128 1927.

996 2672 104 88 v,
1164 2648 132 116 [1]
1360 2672 144 88 p.,
1560 2648 64 92 2
1656 2648 132 108 l.,
1848 2640 380 116 3-275,
2296 2644 36 88 [
2332 2644 160 108 1]
2496 2668 104 88 p.
2740 2644 712 108 21ͨͫ.

996 2780 84 100 C
1092 2808 64 72 O
1168 2804 388 72 NTENT
1600 2792 60 80 S
1636 2856 20 20 .
1664 2836 140 12 —
1812 2776 428 96 Russia
2304 2776 316 96 after
2684 2776 388 96 Genoa
3140 2776 232 96 and
3440 2776 192 96 the
3696 2776 448 112 Hague.
4144 2828 96 16 —
4288 2776 276 96 Two
4632 2800 336 88 years
5036 2776 120 96 of
5216 2780 388 96 Amer-

836 2916 256 96 ican
1160 2912 452 116 foreign
1684 2912 408 116 policy.
2100 2968 108 12 —
2244 2912 244 96 The
2552 2912 408 96 future
3032 2912 124 96 of
3224 2912 200 96 the
3500 2912 472 96 Monroe
4044 2912 944 96 doctrine.—Ten
5068 2940 340 84 years
5488 2912 124 96 of

836 3076 96 68 w
944 3072 132 72 ar
1140 3052 228 92 and
1432 3072 380 92 peace.
1820 3104 112 12 —
1964 3048 344 92 After
2376 3048 192 92 the
2636 3044 1420 96 election.—Dissatisfied
4132 3048 1004 112 Germany.—The
5204 3072 404 92 group-

836 3184 192 116 ing
1084 3184 124 96 of
1264 3180 500 100 nations.
1768 3236 144 12 —
1916 3180 240 96 The
2224 3180 612 116 European
2904 3184 684 112 reconquest
3648 3180 124 92 of
3840 3180 372 96 North
4284 3180 436 96 Africa.
4728 3240 92 12 —
4876 3180 728 116 Nationality

832 3320 228 96 and
1128 3320 196 96 the
1392 3344 252 68 new
1716 3316 884 116 Europe.—The
2668 3316 360 96 break
3100 3344 152 88 up
3324 3316 124 96 of
3516 3316 192 92 the
3784 3316 628 116 Hapsburg
4480 3316 468 116 empire.

836 3440 116 116 ©
1028 3460 292 92 Mar.
1388 3452 164 100 26.
1624 3456 332 108 1927;
2032 3456 160 96 2c.
2260 3452 276 116 Apr.
2600 3456 128 104 2;
2804 3452 196 96 aff.
3068 3452 276 112 Apr.
3416 3452 192 112 12;
3684 3452 100 92 A
3852 3456 344 92 96775
4208 3456 60 92 6
4312 3480 20 84 ;
4408 3452 612 100 President
5092 3456 228 92 and
5388 3456 204 96 fel-

996 3596 284 92 lows
1352 3592 124 92 of
1548 3596 548 88 Harvard
2168 3592 460 112 college,
2704 3588 716 116 Cambridge,
3504 3592 348 96 Mass.
4024 3588 596 120 (27-8764)
5112 3588 284 100 3011

836 3784 596 148 Cortesi,
1508 3780 780 132 Salvatore.

1004 3972 248 160 My
1324 3968 440 164 thirty
1836 4012 388 120 years
2300 3964 152 128 of
2528 3964 892 164 friendships,
3492 3964 180 164 by
3752 3964 716 132 Salvatore
4544 3964 564 132 Cortesi.
5272 3972 328 124 New

852 4156 372 128 York
1292 4156 268 128 and
1628 4156 616 156 London,
2308 4156 564 160 Harper
2932 4156 104 120 &
3100 4152 664 164 brothers,
3840 4152 356 132 1927.

1008 4356 64 96 6
1128 4380 108 88 p.
1296 4352 44 88 l
1348 4428 56 36 .,
1468 4352 204 100 296
1740 4380 104 88 p.
1984 4352 396 112 front.,
2444 4352 408 112 plates,
2920 4356 356 108 ports.
3416 4348 796 116 21½ͨͫ.

840 4472 116 116 ©
1032 4492 272 116 Apr.
1376 4492 160 112 15,
1612 4492 336 108 1927;
2020 4492 160 92 2c.
2252 4492 272 112 Apr.
2596 4492 124 108 9;
2800 4488 196 100 aff.
3068 4488 268 116 Apr.
3412 4488 60 96 1
3480 4488 72 92 9
3588 4512 20 88 ;
3684 4488 100 96 A
3852 4492 276 92 9679
4132 4492 64 92 4
4208 4488 120 112 6;
4408 4492 460 116 Harper
4940 4492 88 96 &
5100 4492 300 96 bros.

1024 4624 596 120 (27-8920)
5108 4624 288 100 3012

836 4816 540 148 Daniel,
1456 4816 920 148 Hawthorne,
2460 4820 320 120 1890
2780 4892 84 16 –

996 5004 292 124 The
1356 5000 424 128 honor
1844 5000 152 128 of
2056 5004 744 156 Dunmore,
2864 5000 180 168 by
3104 5000 364 128 Haw
3476 5016 60 112 t
3540 5000 424 128 horne
4024 5000 452 128 Danie
4480 5000 44 128 l
4664 5004 92 144 …
4820 5000 332 128 with
5224 5004 100 124 il
5332 5004 48 124 l
5384 5048 192 80 us-

832 5188 584 128 trations
1476 5188 180 164 by
1716 5188 484 164 Henry
2268 5188 352 124 Pitz.
2776 5188 328 124 New
3172 5188 432 160 York,
3668 5188 292 128 The
4020 5188 804 128 Macmillan
4888 5228 712 128 company,

852 5372 344 128 1927.

996 5576 60 92 7
1116 5596 104 88 p.
1288 5572 44 92 l
1336 5608 20 52 .
1368 5640 20 24 ,
1452 5568 200 96 256
1720 5592 100 92 p.
1888 5568 32 92 i
1932 5592 72 68 n
2016 5572 100 92 cl
2128 5648 20 16 .
2216 5572 384 112 front.,
2672 5572 412 112 plates.
3220 5568 708 112 19ͨͫ.

840 5676 120 108 ©
1032 5708 268 112 Apr.
1364 5708 164 112 19,
1596 5708 332 108 1927;
1996 5708 164 96 2c.
2224 5708 228 96 and
2516 5708 108 92 af
2608 5704 104 100 f.
2776 5708 272 112 Apr.
3116 5708 192 108 20;
3384 5708 96 92 A
3544 5708 480 116 967994;
4096 5708 672 96 Macmillan
4832 5736 164 72 co.

1028 5840 596 116 (27-8783)
5108 5840 288 104 3013

856 6032 468 148 Davis,
1408 6032 576 152 Eugene
2064 6032 176 124 N.

1012 6216 288 128 The
1364 6220 228 124 old
1660 6232 380 112 stone
2104 6220 208 124 hit
2320 6264 64 80 c
2392 6220 340 164 hing
2796 6264 240 120 pos
3048 6236 56 108 t
3116 6320 24 60 ,
3208 6224 268 120 and
3544 6264 76 80 o
3632 6236 52 108 t
3692 6220 236 124 her
4000 6264 500 120 poems,
4560 6224 176 160 by
4812 6224 556 160 Eugene
5432 6228 168 120 N.

848 6400 424 128 Davis
1368 6412 76 128 …
1680 6404 668 124 Vermont
2428 6448 412 116 verse,
2924 6448 160 80 en
3096 6408 44 120 l
3156 6508 20 20 .
3264 6408 268 120 and
3616 6404 540 128 illustra
4164 6420 60 112 t
4232 6408 160 124 ed
4480 6420 68 112 5
4560 6420 56 112 t
4620 6408 88 124 h
4792 6412 200 120 ed.
5176 6412 420 156 [Han-

840 6628 356 116 over,
1264 6588 164 124 N.
1500 6588 180 124 H.
1676 6624 48 100 ]
1816 6588 352 128 1927.

1008 6780 136 96 80
1200 6808 100 88 p.
1368 6780 36 92 i
1412 6808 76 68 n
1496 6784 100 92 cl
1608 6856 20 20 .
1692 6780 356 100 front.
2116 6784 412 112 (port.)
2612 6784 344 112 illus.,
3024 6788 408 112 plates.
3576 6784 584 104 19ͨͫ
3824 6820 20 52 .

1008 6912 528 116 Original
1588 6916 440 96 edition
2088 6916 608 116 published
2756 6912 364 100 under
3180 6916 260 100 title
3484 6944 20 68 :
3564 6924 92 88 A
3720 6928 316 104 story
4100 6920 124 96 of
4284 6924 196 96 the
4536 6924 388 112 brook,
4988 6924 224 96 and
5276 6924 336 96 other

840 7072 360 72 verse.

848 7148 112 112 ©
1044 7188 292 92 Mar.
1408 7184 160 112 10,
1644 7188 332 108 1927;
2052 7188 164 96 2c.
2288 7188 228 96 and
2588 7188 200 96 aff.
2864 7192 292 92 Mar.
3228 7192 200 108 21;
3508 7192 100 92 A
3680 7192 476 112 972089;
4236 7192 128 96 E.
4440 7192 132 96 N.
4648 7192 400 116 Davis,
5128 7192 468 116 Bridge-

1008 7324 364 88 water
1488 7316 140 88 Vt
1648 7396 20 20 .
1836 7320 596 116 (27-8759)
5112 7320 64 100 3
5188 7324 132 100 01
5336 7324 60 96 4

852 7476 704 148 Donehoo,
1632 7480 544 148 George
2240 7480 808 148 Patterson,
3128 7488 316 116 1862
3452 7560 84 12 –

1008 7660 900 168 Harrisburg,
2012 7664 228 128 the
2348 7668 272 160 city
2728 7664 724 164 beautiful,
3560 7672 664 124 romantic
4332 7672 268 124 and
4708 7672 604 160 historic,
5420 7672 180 160 by

844 7852 236 120 Dr.
1196 7844 524 164 George
1828 7852 152 120 P.
2092 7852 688 124 Donehoo.
2984 7852 940 168 [Harrisburg,
4032 7856 288 156 Pa.,
4428 7856 288 128 The
4824 7856 772 164 Telegraph

852 8076 408 116 press,
1392 8032 316 136 ͨ1927
1720 8112 32 80 ]

1008 8228 60 92 1
1136 8252 100 88 p.
1304 8228 36 88 l
1356 8300 52 36 .,
1480 8252 68 68 v
1548 8280 72 12 –
1624 8228 196 92 xvi
1888 8256 136 84 p.,
2100 8232 56 92 1
2224 8232 36 92 l
2276 8304 52 40 .,
2396 8232 204 96 265
2672 8260 100 88 p.
2912 8232 352 96 front.
3336 8232 408 116 (port.)
3836 8236 408 112 plates,
4320 8232 512 100 facsims.
4972 8236 64 92 2
5044 8232 720 104 0½ͨͫ
5292 8268 24 52 .

848 8336 120 116 ©
1044 8360 272 112 Apr.
1388 8364 52 88 1
1448 8352 52 92 6
1488 8340 52 88 ,
1624 8364 336 112 1927;
2032 8364 160 100 2c.
2264 8372 228 88 and
2568 8344 48 88 a
2640 8356 124 112 ff.
2836 8372 272 112 Apr.
3184 8372 192 108 19;
3456 8372 96 88 A
3628 8372 472 112 967982;
4188 8376 124 92 E.
4388 8372 104 96 J.
4576 8372 640 112 Stackpole,
5296 8372 296 96 Har-

1012 8496 488 108 risburg,
1588 8500 196 92 Pa.
1956 8500 596 116 (27-8772)
5108 8504 280 100 3015

848 8652 576 144 Dumas,
1508 8652 848 156 Alexandre,
2440 8660 324 124 1824
2764 8740 84 8 –
2860 8668 352 120 1895.

1064 8836 84 144 …
1232 8836 616 164 Camille,
1908 8840 180 160 by
2152 8844 784 128 Alexander
2992 8852 564 156 Dumas,
3620 8848 144 124 fil
3776 8872 120 108 s;
3972 8896 76 76 a
4108 8844 360 132 Fred
4544 8844 408 132 Niblo
5020 8856 572 156 produc-

840 9016 356 164 tion;
1276 9016 540 132 Gilbert
1884 9028 540 128 Roland
2496 9076 140 80 as
2708 9032 624 128 Armand
3404 9036 524 156 Duval;
4012 9076 452 84 screen
4536 9036 532 124 version
5140 9032 156 128 of
5364 9036 228 124 the

840 9216 376 152 story
1284 9204 180 164 by
1536 9208 352 124 Fred
1968 9212 164 124 de
2204 9208 568 164 Gresac;
2852 9220 708 156 presented
3636 9220 176 164 by
3888 9220 516 160 Joseph
4480 9220 188 124 M.
4756 9216 672 160 Schenck;
5512 9264 76 80 a

840 9388 380 128 First
1288 9388 648 132 National
2016 9396 564 164 picture.
2740 9392 328 136 New
3148 9400 428 164 York,
3652 9400 556 132 Grosset
4284 9412 104 120 &
4464 9408 564 160 Dunlap
5140 9400 432 156 [ͨ1927]

3120 9700 244 116 460
