5968 10284
912 824 628 152 Buchan,
1624 824 368 124 John
2000 900 184 20 —
2192 824 772 128 Continued

1088 1052 72 68 x
1232 1052 100 88 p.
1336 1060 28 56 ,
1440 1028 52 88 1
1568 1024 40 88 l
1620 1100 52 36 .,
1744 1028 200 92 352
2016 1052 100 88 p.
2260 1020 756 112 19½ͨͫ.

928 1148 120 124 ©
1128 1160 288 112 Aug.
1492 1160 164 112 12,
1736 1160 332 108 1927;
2152 1160 160 96 2c.
2392 1160 92 88 A
2496 1180 68 76 u
2576 1184 100 84 g.
2752 1156 196 108 15;
3036 1156 192 124 aff.
3308 1156 288 112 Aug.
3676 1160 188 104 13;
3956 1156 84 92 A
4128 1156 472 108 999342;
4688 1156 104 92 J.
4876 1152 512 96 Buchan.
5472 1152 216 96 Ox-

1088 1296 188 96 for
1288 1300 68 92 d
1368 1296 340 100 shire,
1808 1296 356 108 Engla
2188 1320 68 64 n
2268 1296 68 88 d
2352 1372 20 20 .
2540 1292 672 116 (27-17119)
5204 1284 288 100 6589

924 1516 824 132 California.
1920 1516 444 164 Laws,
2440 1532 608 148 statutes,
3132 1536 240 108 etc.

1092 1704 288 124 The
1476 1704 372 128 Code
1936 1700 152 128 of
2180 1704 320 124 civil
2596 1704 744 160 procedure
3428 1704 156 124 of
3668 1704 228 124 the
3984 1712 348 116 state
4420 1700 152 124 of
4668 1696 772 132 California
5536 1700 84 148 …

928 1892 224 124 the
1252 1900 348 116 state
1708 1888 368 132 Code
2176 1888 156 124 of
2432 1888 324 128 civil
2864 1888 784 164 procedure,
3752 1888 588 164 adopted
4444 1888 480 124 March
5036 1896 196 152 11,
5336 1888 364 160 1872,

932 2076 328 124 with
1332 2080 228 120 the
1632 2076 808 160 subsequent
2504 2076 480 124 official
3056 2088 508 112 statute
3632 2076 928 124 amendments
4632 2088 136 112 to
4840 2076 272 124 and
5180 2072 516 124 includ-

936 2264 236 164 ing
1276 2260 360 164 1927,
1740 2260 776 124 annotated.
2704 2264 500 120 Edited
3312 2304 176 80 an
3496 2260 72 124 d
3692 2260 736 124 annotated
4524 2260 184 164 by
4804 2260 160 124 R.
5076 2260 160 124 E.
5340 2260 360 164 Rag-

932 2452 40 120 l
988 2452 268 124 and
1340 2448 84 144 …
1668 2444 280 132 San
2020 2448 772 160 Francisco,
2868 2444 776 132 California
3716 2448 44 120 l
3776 2492 200 80 aw
4048 2444 352 128 book
4468 2444 684 164 exchange
5256 2448 224 144 [ͨ19
5492 2452 76 116 2
5576 2444 116 164 7]

1096 2648 228 116 xiv,
1400 2648 236 112 604,
1716 2648 132 96 76
1916 2672 104 92 p.
2164 2648 1024 108 18ͨͫ.

1100 2788 544 92 Lettered
1740 2808 144 68 on
1980 2808 400 68 cover:
2484 2780 652 96 California
3232 2784 448 92 statute
3780 2780 300 96 Code
4180 2780 120 96 of
4392 2780 272 96 civil
4756 2784 664 112 procedure,
5516 2804 188 72 an-

932 2920 512 112 notated,
1520 2920 308 96 1927.

1104 3052 844 96 "Annotations
2048 3056 116 92 to
2252 3056 228 88 and
2576 3048 600 116 including
3264 3048 200 96 199
3556 3048 656 100 California
4300 3052 228 92 and
4624 3052 128 92 74
4844 3048 608 120 Appellate
5548 3076 160 72 re-

936 3188 416 116 ports."

948 3308 116 116 ©
1144 3324 276 112 July
1488 3324 168 116 29,
1724 3320 340 116 1927;
2136 3324 160 96 2c.
2364 3320 288 112 Aug.
2720 3324 128 108 4;
2924 3320 196 96 aff.
3192 3320 288 112 Aug.
3548 3320 128 112 3;
3756 3320 96 92 A
3924 3320 476 112 999243;
4480 3320 384 96 Rufus
4936 3324 128 92 E.
5140 3320 568 112 Ragland,

1116 3460 232 100 San
1432 3460 656 100 Francisco.
2256 3456 672 120 (27-16919)
5224 3452 288 100 6590

944 3684 1004 148 Calvocoressi,
2024 3688 188 124 M.
2280 3684 172 128 D.

1112 3876 132 120 A
1336 3876 660 124 listener's
2088 3872 932 124 introduction
3116 3884 136 112 to
3344 3868 228 128 the
3664 3868 424 128 music
4180 3868 156 128 of
4428 3868 484 128 Liszt's
5008 3872 460 124 Dance
5564 3868 152 128 of

948 4060 228 124 the
1236 4104 592 116 gnomes,
1880 4060 184 164 by
2112 4060 188 120 M.
2360 4060 172 120 D.
2600 4056 964 160 Calvocoressi,
3628 4056 492 160 played
4180 4056 180 160 by
4420 4056 664 128 Guiomar
5144 4056 568 124 Novaes.

964 4248 656 156 [London]
1708 4248 292 120 The
2068 4244 580 124 Aeolian
2724 4284 232 120 co.,
3028 4244 244 124 ltd.
3368 4240 460 172 [1927]

956 4424 120 116 ©
1164 4444 56 92 1
1208 4432 116 108 c.
1404 4444 276 108 July
1764 4440 164 112 14,
2012 4440 336 112 1927;
2440 4440 96 96 A
2616 4444 148 92 ad
2844 4440 208 96 int.
3132 4440 340 112 9750;
3564 4440 340 112 pubd.
3988 4444 300 92 June
4372 4444 128 108 1;
4588 4440 484 96 Aeolian
5156 4468 196 84 co.,
5436 4440 280 100 New

1116 4580 348 92 York.
1580 4572 136 112 [©
1856 4584 252 88 text
2188 4576 84 96 &
2348 4576 784 96 illustrations
3212 4600 140 72 on
3432 4576 372 96 music
3880 4572 308 112 roll]
5232 4572 284 104 6591

956 4804 544 144 Carter,
1572 4800 556 124 Russell
2208 4800 604 128 Gordon.

1128 4984 132 124 A
1320 4988 520 160 patriot
1900 4988 228 128 lad
2192 4984 156 128 of
2408 4988 224 128 old
2704 4984 372 168 Cape
3140 4984 336 160 Cod,
3536 4988 184 164 by
3780 4988 540 128 Russell
4384 4984 564 136 Gordon
5016 4988 484 132 Carter
5600 4976 84 152 …

964 5176 768 124 illustrated
1788 5176 180 160 by
2020 5176 484 160 Henry
2564 5172 352 128 Pitz.
3056 5172 1024 164 Philadelphia,
4136 5176 288 124 The
4484 5176 384 124 Penn
4928 5176 796 164 publishing

956 5404 708 120 company,
1744 5360 360 128 1927.

1116 5560 208 92 220
1404 5584 100 88 p.
1648 5560 396 112 front.,
2124 5564 412 108 plates.
2680 5560 60 92 2
2752 5560 952 104 0ͨͫ.

968 5664 112 112 ©
1164 5696 272 112 July
1504 5692 168 112 30,
1744 5692 336 112 1927;
2152 5696 160 92 2c.
2384 5696 232 92 and
2688 5688 196 104 aff.
2956 5688 284 120 Aug.
3312 5692 196 112 11;
3588 5696 96 88 A
3752 5692 480 112 996712;
4312 5696 316 96 Penn
4700 5696 260 112 pub.
5028 5708 164 84 co.

1152 5828 668 120 (27-17121)
5240 5828 284 100 6592

960 6048 824 156 Champion,
1860 6048 368 128 John
2304 6048 804 156 Benjamin,
3196 6060 316 120 1868
3516 6132 88 12 –

1140 6236 384 128 More
1588 6236 340 124 than
1996 6248 772 116 atonement
2812 6284 24 116 ;
2920 6284 72 80 a
3068 6240 412 164 study
3548 6240 144 124 in
3760 6240 528 164 genetic
4356 6240 684 168 theology,
5116 6244 180 164 by
5364 6240 372 132 John

976 6428 160 120 B.
1260 6420 772 164 Champion
2112 6432 84 132 …
2512 6424 904 164 Harrisburg,
3532 6428 292 160 Pa.,
3940 6428 292 124 The
4356 6428 884 164 Evangelical
5364 6468 372 124 press

1036 6648 152 136 [ͨ
1088 6616 64 116 1
1164 6604 244 128 927
1416 6684 32 84 ]

1140 6796 216 100 459
1412 6824 104 92 p.
1660 6796 612 108 24ͨͫ.

976 6904 120 108 ©
1176 6936 280 112 Aug.
1536 6936 88 112 5,
1700 6936 336 112 1927;
2112 6936 164 96 2c.
2348 6940 228 92 and
2656 6936 192 100 aff.
2924 6936 284 116 Aug.
3284 6940 124 108 6;
3488 6940 96 92 A
3656 6940 72 96 9
3728 6940 404 112 96672;
4216 6940 104 96 J.
4396 6944 128 96 B.
4600 6940 672 116 Champion,
5348 6940 384 96 Phila-

1144 7072 500 116 delphia.
1812 7072 668 120 (27-17090)
5244 7072 284 104 6593

968 7292 756 152 Conquest,
1804 7292 400 128 Joan.

1152 7472 820 168 Crumbling
2040 7480 424 160 walls,
2528 7480 184 168 by
2788 7480 360 128 Joan
3224 7480 680 164 Conquest
4016 7476 84 148 …
4216 7480 884 168 frontispiece
5168 7484 180 168 by
5428 7484 308 136 Vic-

984 7672 136 112 to
1128 7708 68 76 r
1256 7664 276 120 Bea
1544 7664 44 120 l
1600 7708 92 80 s.
1840 7660 328 128 New
2228 7664 428 164 York,
2712 7664 292 128 The
3056 7664 492 128 Macau
3556 7668 44 124 l
3612 7712 172 120 ay
3840 7712 672 124 company
4584 7660 152 148 [ͨ
4680 7676 152 120 19
4840 7676 76 120 2
4924 7672 76 128 7
5012 7748 32 84 ]

1144 7856 64 92 3
1220 7852 132 96 82
1420 7880 104 88 p.
1664 7852 120 96 fr
1788 7880 64 68 o
1860 7860 160 92 nt.
2164 7856 720 104 19½ͨͫ
2480 7892 28 52 .

980 7960 120 108 ©
1172 7988 272 116 July
1504 7988 168 108 25,
1740 7988 272 100 1927
2040 8000 32 80 ;
2140 7992 64 92 2
2208 8000 56 80 c
2284 8068 16 20 .
2368 7988 288 120 Aug.
2720 7988 124 120 9;
2916 7996 96 92 A
3072 7996 480 112 996690;
3624 8000 416 96 Macau
4048 8000 40 92 l
4096 8024 148 92 ay
4308 8024 160 76 co.

1168 8120 668 120 (27-16669)
5224 8132 288 104 6594

980 8312 540 148 Corley,
1596 8316 584 128 Donald.

1152 8496 288 128 The
1500 8500 412 128 house
1972 8504 156 120 of
2180 8504 264 124 lost
2508 8504 652 168 identity;
3232 8508 340 128 tales
3632 8504 104 116 &
3800 8512 692 164 drawings
4552 8516 180 160 by
4792 8516 552 124 Donald
5408 8516 316 132 Cor-

984 8680 256 164 ley,
1296 8684 336 124 with
1684 8728 176 80 an
1916 8684 932 132 introduction
2900 8692 172 152 by
3132 8696 464 128 James
3656 8700 548 124 Branch
4264 8696 504 132 Cabell.
4916 8700 332 128 New
5312 8700 420 156 York,

980 8868 160 124 R.
1208 8868 188 124 M.
1464 8868 660 128 McBride
2184 8880 108 116 &
2356 8916 712 124 company,
3140 8876 360 128 1927.

1144 9088 76 68 x
1228 9064 40 92 i
1280 9136 20 36 ,
1416 9064 204 104 [1]
1572 9088 136 92 p.,
1768 9064 60 96 3
1888 9072 40 88 l
1944 9092 48 68 .,
2056 9072 64 92 3
2128 9124 68 8 –
2200 9072 232 108 324,
2508 9072 92 112 [2
2612 9120 24 68 ]
2704 9096 100 88 p.
2864 9076 36 92 i
2916 9100 68 68 n
2988 9072 60 80 c
3056 9076 72 96 l.
3188 9076 388 112 front.,
3644 9076 308 100 illus.
4092 9068 1136 104 21ͨͫ.

992 9160 116 108 ©
1196 9196 300 96 June
1572 9200 164 112 10,
1816 9200 332 112 1927;
2232 9204 160 96 2c.
2468 9204 288 116 Aug.
2836 9208 196 108 13;
3116 9208 192 96 aff.
3388 9208 288 116 Aug.
3756 9208 188 100 12;
4032 9212 96 104 A
4204 9200 476 128 996737;
4768 9216 432 100 Robert
5280 9220 148 92 M.
5512 9216 112 92 M
5632 9212 56 80 c
5696 9268 32 28 -

1152 9328 352 104 Bride
1580 9336 84 96 &
1740 9360 160 72 co.
2068 9332 664 120 (27-17118)
5252 9348 280 108 6595

3264 9480 156 112 99
3424 9484 76 116 4
