5920 10300
308 1000 524 148 Nason,
904 996 640 124 Leonard
1612 996 128 120 H
1756 1088 32 28 .
1796 1068 184 20 —
1988 988 768 132 Continued

480 1196 84 100 C
572 1208 156 80 ON
736 1216 300 72 TENT
1048 1216 52 68 S
1116 1268 20 20 .
1140 1248 140 12 —
1284 1196 372 88 Three
1720 1188 360 116 lights
2148 1188 308 96 from
2524 1212 64 72 a
2660 1188 424 96 match.
3088 1240 144 12 —
3236 1184 644 116 Eye-wash.
3884 1236 140 16 —
4032 1184 500 96 Rockets
4604 1188 120 92 at
4792 1188 264 116 day-

308 1332 388 96 break.

316 1448 120 116 ©
512 1472 272 112 Apr.
856 1464 168 116 29,
1100 1464 336 108 1927;
1512 1464 160 96 2c.
1752 1464 268 112 May
2096 1460 124 112 5;
2296 1460 196 100 aff.
2568 1460 272 112 May
2912 1460 196 112 19;
3188 1460 100 88 A
3360 1456 476 112 976713;
3924 1452 436 120 George
4432 1460 148 96 H.
4656 1460 396 96 Doran

476 1632 156 68 co.
804 1600 668 116 (27-11488)
4572 1584 288 104 4262

320 1824 332 128 New
736 1820 388 128 York
1240 1820 516 164 (State)
1956 1820 436 160 Laws,
2480 1832 612 148 statutes,
3176 1832 236 112 etc.

552 2016 80 132 …
712 2004 632 128 Parsons'
1416 2004 596 164 practice
2076 2004 552 124 manual
2700 2000 152 128 of
2916 2004 228 124 the
3216 2012 348 116 state
3632 2000 152 128 of
3852 2000 328 128 New
4252 2000 432 164 York,
4752 2044 304 88 con-

320 2196 536 160 taining
940 2196 228 120 the
1256 2192 476 124 official
1824 2192 512 124 edition
2424 2188 156 128 of
2664 2192 232 124 the
2988 2188 368 128 Civil
3444 2188 592 164 practice
4124 2200 252 152 act,
4464 2188 360 128 rules
4908 2188 156 128 of

316 2380 320 124 civil
704 2380 636 160 practice,
1412 2372 852 164 Surrogate's
2332 2388 384 112 court
2784 2384 256 148 act,
3104 2376 332 124 New
3504 2372 392 128 York
3964 2368 320 168 City
4356 2388 384 112 court
4804 2388 256 148 act,

320 2568 324 124 New
720 2564 388 124 York
1176 2564 280 160 city
1524 2560 764 160 Municipal
2368 2572 380 112 court
2820 2560 360 160 code,
3248 2560 528 128 Justice
3840 2572 388 116 court
4300 2568 256 156 act,
4632 2556 432 136 Court

320 2752 148 124 of
576 2752 472 124 claims
1156 2760 212 112 act
1476 2748 268 124 and
1856 2760 300 112 rent
2264 2748 392 156 laws;
2772 2748 272 124 and
3152 2760 384 112 court
3644 2748 360 124 rules
4108 2744 156 128 of
4372 2744 432 136 Court
4908 2744 156 132 of

316 2940 596 160 appeals,
1004 2936 688 160 appellate
1780 2932 700 160 divisions,
2568 2932 688 160 appellate
3344 2944 456 152 terms,
3892 2928 660 168 Supreme
4640 2952 424 144 court,

320 3120 880 168 Surrogates',
1252 3132 488 144 courts,
1828 3120 264 124 and
2180 3120 328 120 New
2600 3120 388 124 York
3072 3116 324 164 City
3476 3132 384 112 court
3944 3120 272 128 and
4292 3120 772 168 Municipal

320 3320 416 148 court,
808 3352 144 84 as
1016 3308 656 124 amended
1740 3316 140 116 to
1944 3304 232 128 the
2236 3304 256 128 end
2564 3304 156 128 of
2776 3304 236 128 the
3072 3304 768 164 legislative
3904 3308 504 128 session
4472 3304 156 132 of
4700 3308 364 164 1927,

320 3496 332 124 with
732 3508 380 112 notes
1192 3492 152 124 of
1420 3536 356 80 cases
1856 3492 360 124 since
2300 3488 364 132 Civil
2744 3492 596 160 practice
3416 3508 216 112 act
3708 3492 148 128 in
3936 3492 388 132 effect
4404 3540 176 84 on
4656 3492 408 136 Octo-

316 3680 232 128 ber
656 3688 112 148 1,
880 3684 352 120 1921.
1424 3676 240 124 4th
1768 3676 200 124 ed.
2168 3676 508 124 Edited
2780 3676 272 124 and
3160 3680 740 124 annotated
3996 3680 184 164 by
4276 3676 512 132 Austin
4896 3688 160 120 B.

316 3864 304 132 Grif
604 3868 56 120 f
660 3868 140 120 in
876 3868 268 124 and
1220 3868 372 124 John
1668 3868 148 120 T.
1900 3860 864 164 Fitzpatrick
2832 3872 80 144 …
3152 3864 332 124 New
3560 3864 432 164 York,
4068 3868 492 160 Baker,
4628 3868 136 132 V
4772 3908 292 84 oor-

320 4052 208 128 his
580 4056 108 120 &
744 4096 732 116 company;
1540 4048 328 124 New
1932 4048 388 124 York
2376 4048 272 124 and
2700 4048 592 168 Albany,
3344 4052 192 124 M.
3600 4052 540 128 Bender
4192 4060 108 120 &
4356 4096 708 124 company,

312 4236 996 164 incorporated,
1388 4236 352 128 1927.

484 4436 236 112 viii,
804 4432 328 120 [1403]
1216 4456 108 92 p.
1464 4432 64 96 2
1536 4432 648 112 5ͨͫ
1720 4504 24 28 .

484 4572 152 96 At
700 4572 296 92 head
1064 4568 124 96 of
1256 4568 324 96 title:
1656 4568 584 96 Standard
2308 4568 472 100 edition.

480 4708 500 96 Various
1052 4704 520 116 pagings.

488 4844 560 100 Contains
1148 4836 724 116 Clevenger's
1972 4840 448 96 Justice
2516 4844 332 92 court
2940 4840 540 116 practice,
3576 4840 364 100 Court
4036 4844 128 96 of
4252 4844 404 100 claims
4748 4876 320 88 prac-

320 4980 256 116 tice,
648 4980 356 100 Court
1072 4976 308 96 rules
1452 4976 228 96 and
1744 4976 420 96 Tables
2228 4972 128 100 of
2416 4972 508 120 practice
2992 4980 284 92 acts.

320 5108 120 120 ©
508 5120 268 108 May
840 5116 164 112 11,
1068 5116 336 104 1927;
1472 5116 160 92 2c.
1696 5112 228 92 and
1988 5108 196 100 aff.
2252 5112 272 108 May
2588 5112 196 108 12;
2852 5112 100 92 A
3012 5112 132 92 99
3152 5108 276 100 0030
3464 5140 24 84 ;
3564 5116 564 96 Matthew
4192 5120 452 92 Bender
4712 5120 88 96 &
4868 5144 192 88 co.,

480 5252 256 112 inc.,
844 5252 668 92 Baker-Voo
1524 5244 244 96 rhis
1876 5244 84 96 &
2060 5276 164 68 co.
2392 5244 664 116 (27-11522)
4580 5252 288 100 4263

312 5472 616 152 Nielsen,
1004 5472 660 128 Rasmus.

476 5660 136 124 A
672 5660 292 128 still
1024 5660 400 124 small
1488 5652 420 164 voice,
1968 5656 176 164 by
2216 5656 576 124 Rasmus
2864 5656 588 128 Nielsen.
3612 5660 560 164 Boston,
4240 5664 292 128 The
4604 5660 460 136 Chris-

312 5844 484 164 topher
868 5840 800 168 publishing
1732 5840 420 124 house
2232 5848 152 144 [ͨ
2324 5836 324 132 1927
2640 5880 48 96 ]

480 6036 136 96 62
688 6060 104 92 p.
932 6036 64 92 2
1004 6032 648 124 0½ͨͫ
1264 6108 20 24 .

320 6152 124 128 ©
516 6176 272 108 May
856 6172 164 112 11,
1092 6168 332 108 1927;
1504 6168 64 92 2
1576 6180 52 88 c
1644 6244 20 20 .
1740 6168 268 116 May
2080 6168 196 112 16;
2356 6168 196 96 aff.
2628 6168 268 116 May
2972 6168 192 112 13;
3240 6168 100 96 A
3412 6172 128 96 99
3548 6172 276 96 0050
3864 6200 24 88 ;
3972 6176 756 116 Christopher
4800 6180 260 116 pub.

476 6308 392 96 house.
1036 6300 668 120 (27-11310)
4576 6308 292 104 4264

316 6532 492 148 Nolan,
892 6528 476 128 James
1448 6528 660 124 Bennett.

484 6720 432 160 Early
988 6716 764 124 narratives
1832 6708 156 132 of
2060 6712 432 132 Berks
2576 6712 584 168 County,
3236 6720 180 160 by
3500 6720 128 128 J.
3716 6724 588 128 Bennett
4384 6728 448 124 Nolan
4908 6720 84 144 …

320 6904 720 164 published
1096 6904 432 124 under
1584 6900 236 128 the
1880 6900 604 164 auspices
2552 6900 152 128 of
2756 6904 232 128 the
3040 6904 760 128 Historical
3856 6912 504 160 society
4424 6912 152 124 of
4640 6916 428 128 Berks

320 7092 580 156 County.
1092 7088 712 164 [Reading,
1876 7088 288 160 Pa.,
2244 7104 72 100 ͨ
2296 7084 320 132 1927
2616 7132 40 92 ]

480 7288 204 96 188
752 7312 136 92 p.,
964 7288 60 92 1
1100 7288 44 92 l
1152 7360 20 20 .
1316 7288 356 108 ports.
1812 7284 1208 108 22ͨͫ.

324 7388 116 108 ©
520 7428 268 108 May
856 7424 160 92 11,
1096 7420 332 112 1927;
1504 7420 64 92 2
1576 7428 56 80 c
1644 7496 24 20 .
1740 7424 228 92 and
2036 7420 196 96 aff.
2308 7424 268 112 May
2644 7420 196 116 14;
2916 7424 96 92 A
3084 7420 132 96 99
3224 7420 140 96 00
3368 7420 192 116 19;
3640 7428 100 92 J.
3816 7428 132 96 B.
4020 7428 404 116 Nolan,
4504 7428 556 120 Reading,

480 7564 200 92 Pa.
848 7552 664 120 (27-11781)
4580 7560 280 100 4265

320 7780 864 148 Normandy,
1264 7776 620 152 Georges
1960 7780 204 128 Ch
2960 7788 396 116 1882-

600 7980 80 128 …
760 7964 352 128 Jean
1232 7964 620 124 Lorrain.
2056 7972 80 116 2
2144 7972 80 116 0
2340 7964 660 164 portraits
3124 8008 68 84 e
3196 7980 60 112 t
3376 7968 652 128 documen
4032 7984 60 112 t
4096 8020 56 76 s
4280 7972 516 128 hors-te
4792 7988 88 96 x
4896 7992 168 112 te.

320 8148 440 160 Paris,
816 8148 168 128 V.
1048 8144 820 128 Rasmussen
1988 8144 412 164 [ͨ1927]

492 8344 64 88 2
648 8368 104 88 p.
844 8340 40 92 l
900 8412 52 40 .,
1060 8384 24 72 [
1092 8340 64 96 7
1168 8356 36 80 ]
1196 8392 72 12 –
1272 8340 236 112 188,
1616 8384 24 72 [
1644 8336 64 96 2
1708 8328 28 88 ]
1848 8364 136 92 p.,
2084 8344 56 88 1
2240 8344 40 88 l
2292 8416 20 24 .
2456 8344 404 112 plates,
2964 8344 388 112 ports.,
3452 8344 452 100 facsim.
4048 8344 756 104 19½ͨͫ.
4564 8348 220 120 (La
4884 8352 184 96 vie

320 8472 756 116 anecdotique
1136 8476 116 92 et
1304 8468 716 120 pittoresque
2080 8476 196 92 des
2336 8476 432 112 grands
2832 8464 80 88 é
2892 8504 56 68 c
2960 8476 100 92 ri
3068 8500 68 68 v
3144 8476 320 112 ains)

488 8608 152 96 At
700 8608 296 92 head
1052 8604 128 96 of
1232 8604 324 96 title:
1628 8608 492 112 Georges
2180 8608 700 112 Normandy.

324 8708 120 112 ©
524 8744 260 92 Jan.
852 8744 160 108 17,
1084 8740 336 112 1927;
1504 8732 148 104 1c.
1728 8740 260 96 Jan.
2060 8740 196 112 28;
2332 8744 100 92 A
2580 8740 496 116 Foreign
3144 8740 204 96 336
3356 8744 192 116 89;
3636 8744 496 120 Georges
4208 8752 456 112 Segaut,
4744 8752 316 96 Brie-

488 8876 904 108 Comte-Robert,
1472 8872 472 100 France.
2112 8876 660 116 (27-11841)
4580 8884 280 100 4266

324 9100 700 148 Oldridge,
1096 9100 484 148 Harry
1640 9100 576 148 Barton,
2300 9108 316 116 1888
2624 9176 84 16 –

488 9280 456 128 Movie
1032 9284 636 160 make-up
1760 9288 596 160 manual,
2444 9284 184 164 by
2716 9284 184 128 H.
3000 9292 156 120 B.
3256 9284 708 172 Oldridge.
4164 9376 28 76 [
4204 9296 336 124 New
4632 9292 428 164 York,

332 9464 348 168 Sorg
760 9464 624 168 printing
1460 9512 236 116 co.,
1776 9476 64 96 ͨ
1828 9464 324 132 1927
2156 9544 32 84 ]

2588 9660 72 120 6
2668 9656 76 116 4
2748 9660 76 120 9
