5968 10284
2876 9616 324 120 1858

660 968 32 80 [
704 880 628 152 Buffum,
1428 884 344 124 Este
1868 880 596 124 Erwood
2480 960 28 80 ]
2524 952 188 20 —
2720 876 772 132 Continued

824 1080 244 96 The
1172 1080 324 96 work
1596 1104 148 72 on
1848 1076 240 100 this
2188 1076 456 112 history
2744 1100 244 72 was
3084 1076 452 112 largely
3644 1076 292 96 done
4040 1076 148 112 by
4292 1076 196 96 the
4588 1080 240 92 late
4932 1080 280 96 Este
5312 1080 132 96 E.

656 1220 512 92 Buffum.
1308 1216 348 96 After
1720 1212 184 100 his
1972 1216 356 92 death
2400 1212 96 96 it
2560 1240 244 68 was
2872 1212 644 96 assembled
3592 1212 228 96 and
3892 1212 580 112 arranged
4540 1212 148 116 by
4756 1212 488 100 Charles
5312 1216 132 96 E.

660 1356 516 96 Whelan.
1324 1352 152 112 cf.
1536 1352 332 96 Note.

668 1472 116 120 ©
868 1492 272 96 Dec.
1216 1492 92 112 1,
1388 1488 340 112 1927;
1808 1492 64 92 2
1880 1500 56 80 c
1952 1564 20 24 .
2052 1488 232 96 and
2360 1488 200 96 aff.
2640 1488 272 96 Dec.
2984 1488 200 112 19;
3268 1488 100 92 A
3444 1484 552 112 1013687;
4084 1488 488 96 Modern
4648 1488 592 96 woodmen
5324 1488 124 100 of

828 1624 572 116 America,
1488 1624 320 96 Rock
1892 1624 436 116 Island,
2416 1624 184 96 Ill.
2764 1624 124 116 (2
2888 1620 72 100 8
2960 1620 408 120 -2110)
4864 1620 356 100 12540

648 1752 436 148 Burd,
1164 1752 412 132 Clara
1648 1748 504 152 Miller,
2228 1752 200 124 ed.

840 1936 1008 164 [Introduction
1924 1936 272 124 and
2272 1932 948 140 illustrations]
3312 1932 184 160 by
3572 1932 148 132 C.
3792 1936 192 128 M.
4060 1936 392 128 Burd
4532 1964 56 88 [
4576 1932 144 128 in
4792 1936 232 128 the
5092 1932 356 132 book

656 2124 644 148 entitled]
1392 2120 136 128 A
1628 2124 356 124 book
2088 2120 156 128 of
2344 2124 504 164 golden
2952 2124 444 160 deeds,
3500 2120 184 164 by
3796 2116 716 132 Charlotte
4612 2124 192 124 M.
4916 2124 524 164 Yonge.

648 2312 392 160 N[ew
1052 2392 28 80 ]
1176 2308 448 144 Y[ork
1632 2392 28 76 ,
1744 2308 852 160 Macmillan,
2672 2308 360 128 1927.

828 2508 204 116 xii,
1100 2512 204 92 247
1376 2536 104 88 p.
1552 2508 36 92 i
1600 2536 140 68 nc
1744 2512 40 88 l
1800 2584 16 24 .
1888 2508 412 116 plates.
2444 2508 212 96 col.
2728 2508 412 112 plates.
3284 2504 56 92 1
3356 2500 612 116 9½ͨͫ
3612 2580 24 20 .

720 2648 72 120 ©
864 2648 284 96 Nov.
1224 2648 96 108 1,
1396 2644 132 96 19
1532 2644 68 92 2
1604 2648 128 108 7;
1812 2644 164 96 2c.
2052 2644 232 96 and
2356 2640 196 100 aff.
2628 2644 284 96 Nov.
2988 2644 128 112 2;
3200 2644 100 96 A
3372 2644 56 92 1
3440 2640 72 96 0
3516 2644 60 88 1
3580 2640 76 96 0
3656 2644 268 108 128;
4008 2640 676 100 Macmillan
4760 2668 164 72 co.

656 2768 688 128 Business
1412 2768 452 128 men's
1932 2764 904 132 commission
2908 2804 172 88 on
3152 2764 920 156 agriculture.
4844 2772 352 104 12541

824 2956 292 128 The
1180 2956 704 124 condition
1948 2956 156 124 of
2172 2956 836 164 agriculture
3076 2956 140 124 in
3284 2956 228 124 the
3576 2956 520 128 United
4172 2952 448 132 States
4684 2956 276 124 and
5028 2996 416 88 meas-

660 3188 296 84 ures
1032 3140 224 128 for
1320 3144 172 124 its
1556 3140 1064 164 improvement;
2696 3188 72 76 a
2836 3152 468 152 report
3364 3140 184 164 by
3608 3152 60 112 t
3668 3140 172 124 he
3904 3140 644 128 Business
4612 3140 420 132 men's
5096 3180 348 88 com-

656 3332 564 124 mission
1308 3376 172 80 on
1576 3324 876 168 agriculture.
2632 3332 336 124 New
3060 3324 392 128 York
3540 3372 64 80 c
3612 3324 44 128 i
3668 3340 60 112 t
3732 3372 132 120 y,
3956 3324 660 128 National
4708 3324 684 132 industria
5400 3328 44 124 l

656 3516 796 128 conference
1528 3516 476 160 board,
2084 3516 328 160 inc.;
2500 3516 964 164 Washington,
3544 3516 172 128 D.
3808 3512 196 164 C.,
4096 3512 680 132 Chamber
4856 3512 156 128 of
5096 3560 348 84 com-

656 3748 436 84 merce
1172 3704 152 124 of
1396 3704 232 128 the
1708 3704 520 132 United
2320 3704 448 132 States
2848 3704 160 124 of
3080 3700 684 160 America,
3852 3700 360 128 1927.

824 3900 164 96 xii
1004 3976 16 36 ,
1088 3900 200 96 273
1356 3928 100 84 p.
1604 3900 428 112 diagrs.
2180 3900 716 108 23½ͨͫ.
2808 3896 312 116 $2.50

668 4016 116 120 ©
868 4040 288 96 Nov.
1228 4036 164 116 26,
1476 4036 132 96 19
1612 4036 76 96 2
1692 4040 124 112 7;
1896 4040 64 92 2
1968 4048 56 76 c
2040 4116 20 20 .
2140 4040 228 92 and
2448 4036 200 100 aff.
2728 4036 272 96 Dec.
3080 4036 196 108 12;
3360 4032 96 96 A
3536 4036 60 92 1
3608 4036 72 96 0
3680 4036 132 96 13
3824 4036 56 96 5
3888 4032 200 120 25;
4176 4036 556 96 National
4812 4036 628 96 industrial

828 4176 684 96 conference
1616 4176 400 108 board,
2124 4172 248 116 inc.,
2488 4176 228 92 and
2824 4172 576 100 Chamber
3504 4172 128 96 of
3740 4200 628 68 commerce
4480 4172 120 96 of
4708 4172 204 96 the
5020 4172 424 100 United

832 4308 392 100 States
1308 4308 124 100 of
1516 4308 572 100 America.
2256 4308 604 120 (28-2107)
4864 4300 360 104 12542

660 4432 1036 152 Christiansen,
1784 4432 492 152 Ernst,
2360 4432 328 132 1877
2684 4512 88 16 —

920 4632 92 132 …
1104 4620 480 132 Gretes
1692 4620 420 164 kamp
2224 4624 316 124 mod
2652 4624 516 160 dragen
3280 4620 304 124 med
3696 4620 168 128 de
3972 4668 492 116 mange
4572 4620 632 164 hoveder,
5312 4636 132 112 et

660 4808 820 168 "virkeligt"
1584 4820 560 152 eventyr
2252 4808 228 128 fra
2580 4852 320 84 vore
3004 4808 380 164 dage.
3608 4808 144 124 K
3756 4828 80 136 ø
3836 4808 680 164 benhavn,
4616 4808 828 164 Gyldendal,

660 4996 604 128 Nordisk
1320 4996 508 168 forlag,
1888 4996 360 128 1927.

828 5196 236 108 147,
1128 5236 28 76 [
1164 5196 56 92 1
1236 5240 24 72 ]
1324 5220 104 88 p.
1572 5192 756 108 20½ͨͫ.

828 5332 148 96 At
1028 5332 304 96 head
1384 5332 128 96 of
1560 5332 328 96 title:
1956 5332 124 96 E.
2140 5324 844 104 Christiansen.

664 5456 120 116 ©
852 5468 92 96 O
952 5492 56 72 c
1020 5472 80 92 t.
1160 5468 92 112 8,
1312 5468 340 112 1927;
1716 5468 112 100 1c
1856 5544 20 20 .
1936 5468 104 92 N
2052 5492 136 72 ov
2200 5544 24 20 .
2284 5468 136 96 19
2456 5492 24 84 ;
2548 5468 96 92 A
2648 5524 144 12 —
2796 5468 92 92 F
2896 5492 64 72 o
2968 5464 324 116 reign
3348 5464 208 100 363
3564 5468 200 108 29;
3836 5468 712 108 Gyldendals
4552 5468 76 92 k
4636 5492 60 72 e
4756 5472 144 92 bo
4904 5468 456 112 ghande
5368 5468 40 92 l
5420 5544 20 36 ,

824 5600 508 100 Nordisk
1412 5604 424 108 forlag.
2004 5600 600 120 (28-2504)
4856 5596 360 104 12543

660 5724 724 152 Claussen,
1460 5724 560 152 Sophus
2092 5724 400 128 Niels
2564 5724 716 152 Christen,
3368 5732 316 120 1865
3692 5804 84 16 –

920 5924 84 128 …
1088 5916 452 136 Fortæ
1548 5916 48 120 l
1604 5916 472 164 lingen
2176 5960 220 76 om
2500 5960 428 80 rosen.
3152 5912 140 124 K
3300 5932 76 136 ø
3380 5912 676 160 benhavn,
4164 5912 728 168 Gyldenda
4900 5916 48 120 l
4960 6016 28 60 ,
5092 5916 344 128 Nor-

660 6100 308 128 disk
1024 6100 504 164 forlag,
1588 6096 360 132 1927.

824 6300 64 92 2
900 6296 60 96 5
968 6300 64 92 7
1092 6324 104 88 p.
1336 6300 64 92 2
1408 6296 576 108 0ͨͫ
1596 6372 20 24 .

828 6432 148 96 At
1032 6432 300 96 head
1392 6432 124 96 of
1576 6432 324 96 title:
1980 6432 448 112 Sophus
2496 6432 596 100 Claussen.

660 6540 116 108 ©
864 6568 244 96 Oct.
1176 6568 168 116 29,
1416 6568 340 112 1927;
1828 6560 164 104 1c.
2064 6568 284 100 Nov.
2420 6568 56 96 1
2488 6568 128 112 9;
2696 6568 744 116 A—Foreign
3512 6568 60 96 3
3584 6568 132 96 63
3720 6568 204 112 44;
4008 6568 868 112 Gyldendalske
4940 6568 500 116 boghan-

824 6708 216 112 del,
1120 6704 512 96 Nordisk
1708 6704 188 96 for
1900 6708 44 88 l
1948 6732 180 84 ag.
2300 6704 332 116 (28-2
2636 6704 68 96 5
2708 6704 200 116 05)
4856 6700 360 100 12544

648 6828 472 152 Craig,
1200 6828 508 132 Gerald
1784 6828 320 152 Spel
2112 6828 44 124 l
2164 6868 376 84 man.

964 7016 72 136 …
1108 7012 720 128 Tentative
1956 7060 460 80 course
2540 7012 156 128 of
2816 7016 412 164 study
3356 7012 144 128 in
3624 7016 828 164 elementary
4576 7016 508 128 science
5208 7012 228 132 for

656 7204 488 156 grades
1256 7220 84 96 V
1452 7204 268 120 and
1908 7208 152 152 VI,
2116 7200 184 148 by
2404 7200 516 128 Gerald
3036 7196 136 132 S.
3292 7200 428 164 Craig
3780 7212 76 136 …
4164 7200 332 128 New
4608 7200 392 128 York
5112 7200 320 164 city,

652 7388 668 124 Teachers
1404 7384 552 164 college,
2048 7380 716 132 Columbia
2852 7388 804 164 university,
3752 7384 356 132 1927.

816 7580 152 116 vi,
1044 7580 200 96 121
1324 7604 104 92 p.
1580 7580 752 108 22½ͨͫ.

660 7692 120 120 ©
868 7716 284 100 Nov.
1232 7716 96 112 3,
1412 7712 336 116 1927;
1836 7716 160 100 2c.
2080 7716 280 100 Nov.
2448 7716 196 112 11;
2732 7744 60 64 a
2812 7716 120 100 ff.
3012 7720 264 96 Jan.
3360 7716 164 116 28,
3612 7716 336 112 1928;
4036 7716 96 92 A
4216 7720 56 92 1
4284 7716 72 96 0
4360 7716 404 112 18576;
4852 7720 576 96 Teachers

824 7852 460 112 college,
1368 7848 604 100 Columbia
2052 7852 312 96 univ.
4844 7844 360 104 12545

644 7976 680 144 Demelin,
1404 7972 112 124 L
2212 7972 168 128 A.

816 8160 208 120 De
1136 8156 136 124 la
1388 8160 836 124 contraction
2348 8172 160 112 ut
2500 8156 76 120 é
2588 8160 288 128 rine
2996 8172 132 116 et
3240 8160 228 128 des
3588 8164 252 160 dys
3836 8180 76 96 c
3924 8160 136 128 in
4056 8156 76 120 é
4144 8160 256 128 sies
4516 8156 904 144 corrélatives.

644 8340 448 164 Paris,
1160 8340 512 128 Gaston
1748 8340 372 128 Doin
2184 8348 112 120 &
2360 8348 240 164 cie,
2676 8352 356 120 1926.

812 8540 60 92 1
944 8560 108 76 v.

660 8648 116 116 ©
856 8672 104 92 N
968 8696 140 72 ov
1120 8748 20 20 .
1212 8672 140 96 30
1356 8748 20 36 ,
1452 8672 208 96 192
1664 8672 60 96 6
1764 8696 24 88 ;
1872 8656 108 108 1c
2008 8752 20 20 .
2108 8676 288 96 Mar.
2472 8676 60 92 1
2540 8676 68 92 0
2620 8748 16 40 ,
2716 8676 332 108 1927;
3132 8676 96 96 A
3228 8732 148 12 —
3380 8676 88 92 F
3480 8700 60 72 o
3552 8700 56 68 r
3584 8680 72 76 e
3680 8676 196 116 ign
3948 8676 64 96 3
4020 8676 132 96 34
4164 8664 136 108 69
4336 8700 24 92 ;
4444 8676 88 96 G
4548 8704 56 68 a
4624 8684 104 88 st
4740 8700 64 72 o
4812 8708 72 64 n
4960 8680 100 92 D
5072 8708 60 64 o
5144 8676 32 96 i
5188 8708 72 64 n
5336 8676 88 96 &

824 8804 200 96 cie.
4840 8808 360 104 12546

652 8948 480 152 Esser,
1220 8952 456 124 Franz
1756 8956 520 148 Xaver,
2368 8956 316 128 1871
2688 9036 88 16 –

816 9124 296 132 The
1236 9124 444 136 Silent
1792 9132 756 128 Anchorite
2672 9136 144 124 in
2936 9136 232 128 the
3288 9136 840 156 tabernacle;
4252 9136 876 128 meditations
5248 9180 164 84 on

644 9312 400 132 Jesus
1112 9308 476 136 Christ
1644 9312 144 132 in
1848 9316 232 128 the
2140 9316 520 132 blessed
2720 9332 800 152 sacrament,
3576 9320 180 172 by
3816 9320 228 132 the
4104 9324 332 128 Rev.
4500 9324 160 124 F.
4720 9320 188 128 X.
4972 9324 448 164 Esser,
