5920 10300
216 1020 436 148 Allen,
724 1016 480 128 James
1268 1016 604 152 Turney,
1948 1016 312 124 1873
2268 1092 80 12 –

384 1204 412 164 Stage
888 1204 780 164 antiquities
1752 1200 156 128 of
1992 1200 224 128 the
2308 1200 508 128 Greeks
2904 1200 268 128 and
3260 1204 600 124 Romans
3948 1208 256 120 and
4304 1200 356 128 their
4752 1200 188 128 in-

220 1392 164 120 flu
404 1436 348 112 ence,
848 1388 176 164 by
1120 1392 460 124 James
1676 1388 548 164 Turney
2324 1388 404 124 Allen
2816 1404 88 132 …
3176 1388 324 124 New
3608 1388 424 160 York,
4128 1392 816 160 Longmans,

204 1580 444 124 Green
716 1576 268 124 and
1056 1620 232 116 co.,
1360 1572 356 132 1927.

376 1788 72 76 x
460 1772 112 112 ii,
652 1772 200 96 206
924 1796 100 88 p.
1168 1772 388 108 front.,
1632 1772 340 108 illus.,
2052 1772 404 112 plates,
2536 1772 368 112 plans.
3048 1772 684 108 18½ͨͫ.
3564 1772 32 112 (
3620 1776 236 88 Hal
3868 1772 412 112 f-title:
4356 1772 236 96 Our
4676 1776 260 92 debt

216 1916 36 88 t
264 1936 60 68 o
396 1908 420 100 Greece
888 1908 224 96 and
1192 1908 96 92 R
1296 1932 60 72 o
1368 1928 236 84 me;
1684 1904 468 112 editors,
2228 1904 92 96 G
2332 1984 20 16 .
2432 1908 132 92 D.
2636 1904 556 96 Hadzsits
3276 1912 68 104 …
3452 1912 136 92 D.
3660 1908 148 96 M.
3884 1908 92 92 R
3988 1932 60 68 o
4056 1908 68 92 b
4136 1908 32 92 i
4180 1908 340 108 nson)

376 2076 828 112 Bibliography
1244 2100 24 68 :
1340 2100 100 88 p.
1512 2072 200 96 193
1720 2124 68 16 –
1792 2072 236 96 198.

204 2240 116 108 ©
400 2248 292 92 June
760 2248 44 84 1
824 2288 20 60 ,
916 2244 336 108 1927;
1320 2244 60 88 2
1388 2264 56 76 c
1460 2320 20 20 .
1548 2244 300 96 June
1908 2244 124 104 7;
2112 2268 56 68 a
2188 2244 48 88 f
2224 2248 48 92 f
2288 2316 20 20 .
2376 2244 300 88 June
2744 2244 60 88 8
2848 2268 20 64 ;
2944 2244 92 88 A
3108 2240 472 112 990462;
3656 2248 592 104 Longinan
4260 2268 44 64 s
4304 2288 28 56 .
4412 2248 372 92 Green
4856 2260 84 88 &

360 2448 56 88 c
428 2404 60 68 o
500 2456 20 20 .
688 2380 536 116 (27-1395
1224 2416 64 88 0
1320 2376 32 112 )
4432 2376 284 100 5074

204 2632 744 128 American
1060 2632 584 128 medical
1756 2632 896 128 association.
2864 2632 568 128 Council
3540 2680 176 80 on
3816 2640 744 160 pharmacy
4668 2640 276 124 and

360 2824 760 164 chemistry.

368 3008 764 128 Glandular
1216 3008 644 164 therapy;
1952 3052 76 80 a
2104 3004 404 128 series
2592 3004 152 128 of
2832 3004 532 128 articles
3452 3012 668 156 prepared
4200 3008 428 124 under
4712 3012 228 124 the

200 3192 604 164 auspices
904 3192 148 124 of
1144 3196 228 124 the
1476 3192 508 128 Counci
1996 3196 44 120 l
2144 3240 168 76 on
2416 3192 744 164 pharmacy
3260 3196 256 124 and
3632 3196 500 124 chemis
4140 3208 52 112 t
4204 3240 156 120 ry
4460 3192 152 124 of
4712 3196 224 128 the

200 3380 716 124 American
992 3380 576 124 medical
1644 3380 844 124 association.
2652 3376 644 168 Chicago,
3368 3380 268 160 Ill.,
3716 3380 720 128 American
4520 3384 408 124 medi-

192 3568 204 120 cal
468 3564 840 160 association,
1384 3564 352 128 1927.

364 3764 64 92 2
492 3788 100 92 p.
664 3760 40 88 l
716 3836 52 40 .,
836 3764 132 96 98
1032 3788 104 88 p.
1268 3760 428 116 diagrs.
1832 3760 720 108 22ͨͫ.

240 3920 68 120 ©
376 3932 296 92 June
732 3932 160 112 14,
952 3928 200 96 192
1168 3932 56 92 7
1264 3956 24 84 ;
1352 3932 60 92 2
1416 3940 56 80 c
1488 4008 20 20 .
1572 3932 300 92 June
1928 3932 192 108 17;
2188 3928 196 96 aff.
2448 3932 64 92 J
2528 3944 144 80 un
2688 3956 60 68 e
2808 3932 52 92 1
2876 3932 68 88 6
2980 3956 20 72 ;
3068 3932 96 92 A
3224 3932 272 96 9905
3504 3928 60 56 5
3568 3936 68 92 0
3672 3956 24 84 ;
3768 3932 608 96 American
4436 3936 260 92 med
4704 3936 176 96 ica
4896 3940 32 88 l

348 4092 300 72 assn.
820 4064 664 116 (27-13954)
4444 4064 280 104 5075

188 4324 744 124 American
1012 4324 1312 148 wood-preservers'
2408 4320 896 128 association.

352 4508 904 164 Proceedings
1380 4508 156 128 of
1664 4508 224 128 the
2020 4520 156 112 23
2188 4512 160 124 rd
2484 4508 504 124 annual
3120 4508 592 168 meeting
4012 4524 84 144 …
4180 4508 524 132 Nashvi
4724 4516 28 120 l
4776 4516 152 156 le,

224 4708 424 148 Tenn.,
724 4700 620 156 January
1416 4708 156 112 25
1580 4776 80 12 –
1668 4696 200 160 27,
1948 4696 360 128 1927.
2480 4696 668 160 Madison,
3224 4696 380 164 Wis.,
3684 4700 728 128 Democrat
4492 4704 432 160 print-

184 4884 232 160 ing
492 4924 664 124 company
1244 4880 408 164 [1927]

340 5084 64 88 3
412 5084 156 88 22.
648 5080 284 112 xliii,
1012 5084 76 96 [1
1108 5104 24 76 ]
1216 5108 100 84 p.
1452 5080 340 108 illus.,
1864 5088 324 108 port.,
2264 5084 400 108 tables,
2740 5080 224 92 dia
2944 5104 64 80 g
3024 5108 144 68 rs.
3308 5084 64 88 2
3384 5080 540 104 3ͨͫ
3568 5160 20 20 .

184 5240 116 112 ©
404 5252 296 88 June
796 5252 160 108 14,
1056 5252 332 104 1927;
1492 5248 156 96 2c.
1748 5252 224 92 and
2068 5244 196 96 aff.
2360 5252 300 88 June
2756 5248 192 112 20;
3056 5252 92 88 A
3244 5244 204 100 990
3452 5252 68 92 5
3524 5248 196 112 79;
3828 5248 376 100 Amer.
4304 5256 504 108 wood-pr
4816 5280 60 68 e
4880 5312 36 8 -

344 5384 480 96 servers'
912 5408 332 88 assn.,
1328 5384 536 112 Chicago.
4436 5384 284 100 5076

176 5640 668 144 Baldwin,
916 5640 756 152 Josephine
1744 5640 152 124 L.

344 5828 644 160 Worship
1072 5828 616 164 training
1776 5824 220 128 for
2076 5824 568 164 juniors,
2724 5828 176 164 by
2984 5828 744 160 Josephine
3804 5832 156 120 L.
4048 5832 704 160 Baldwin;
4844 5880 72 80 a

180 6012 640 128 textbook
900 6012 140 128 in
1124 6012 228 128 the
1436 6012 656 128 standard
2180 6056 460 80 course
2720 6012 140 124 in
2948 6012 536 128 teacher
3564 6016 660 160 training,
4304 6020 612 124 outlined

176 6204 268 120 and
524 6200 692 160 approved
1292 6200 172 160 by
1536 6200 224 124 the
1836 6200 1000 120 International
2912 6200 524 124 council
3508 6200 152 124 of
3732 6200 640 168 religious
4444 6200 468 128 educa-

184 6400 52 112 t
240 6384 228 128 ion
540 6392 80 136 …
900 6380 368 164 [New
1364 6384 388 124 York
1740 6428 44 92 ]
1896 6384 572 124 Printed
2564 6380 220 128 for
2880 6396 52 112 t
2940 6384 168 124 he
3196 6384 192 124 Te
3400 6428 72 80 a
3484 6384 308 128 cher
3884 6400 48 108 t
3948 6384 548 164 raining
4584 6384 328 164 pub-

180 6572 504 160 lishing
768 6572 804 120 association
1648 6572 176 152 by
1900 6568 228 124 the
2208 6568 752 124 Methodist
3032 6568 348 124 book
3460 6612 560 84 concern
4116 6568 452 164 [ͨ1927]

340 6768 204 96 219
612 6792 100 88 p.
856 6760 680 108 19½ͨͫ.
1356 6760 956 116 (Specialization
2384 6760 416 116 series)

348 6932 820 116 "Suggestions
1236 6928 188 96 for
1496 6928 636 96 additional
2216 6924 544 116 reading"
2828 6936 128 88 at
3024 6928 192 96 the
3292 6932 216 92 end
3584 6932 124 92 of
3780 6936 280 92 each
4136 6936 516 112 chapter.

180 7080 116 116 ©
380 7108 268 108 May
724 7100 164 112 10,
968 7096 332 116 1927;
1380 7100 64 92 2
1448 7104 56 80 c
1512 7132 24 56 .
1620 7100 228 92 and
1928 7096 120 92 af
2040 7092 44 92 f
2104 7176 20 20 .
2200 7100 300 92 June
2580 7096 196 108 18;
2860 7096 96 92 A
3036 7096 472 116 996114;
3596 7104 108 96 J.
3780 7104 124 96 L.
3984 7104 564 100 Baldwin.
4632 7104 276 96 New

336 7240 340 92 York.
844 7236 664 112 (27-14019)
4428 7236 284 100 5077

172 7464 660 140 Barnum,
912 7456 612 124 Phineas
1592 7452 552 152 Taylor,
2232 7460 772 120 1810-1891.

340 7644 712 164 Struggles
1160 7644 268 124 and
1536 7640 752 160 triumphs:
2400 7684 192 116 or,
2700 7636 288 128 The
3096 7636 252 132 life
3456 7640 156 128 of
3716 7644 156 124 P.
3984 7644 156 128 T.
4256 7648 656 164 Barnum,

180 7828 532 128 written
784 7828 176 144 by
1036 7824 592 128 himself.
1792 7824 548 164 Edited,
2416 7824 336 124 with
2832 7868 172 80 an
3080 7824 972 168 introduction,
4132 7828 176 164 by
4384 7828 528 168 George

176 8016 92 128 S
284 8116 24 24 .
424 8020 192 120 Br
616 8036 88 116 y
720 8056 208 84 an.
1124 8016 76 120 I
1204 8016 104 120 ll
1320 8028 372 108 ustra
1704 8028 56 108 t
1768 8012 160 124 ed
2044 8008 364 128 from
2516 8024 1036 148 contemporary
3668 8012 312 164 prin
3988 8028 56 112 t
4052 8060 60 80 s
4204 8028 76 132 …
4580 8020 328 124 New

184 8200 368 124 York
616 8200 104 116 &
788 8200 612 156 London,
1468 8196 168 124 A.
1704 8196 172 128 A.
1944 8192 540 164 Knopf,
2556 8192 356 132 1927.

332 8400 60 88 2
468 8420 68 72 v
552 8472 16 20 .
704 8396 452 112 fronts.,
1232 8392 340 112 illus.,
1652 8392 404 116 plates,
2132 8396 392 108 ports.,
2600 8388 516 104 facsims.
3180 8392 324 116 (part
3580 8392 340 112 fold.)
4084 8396 68 96 2
4156 8392 576 108 4½ͨͫ
4404 8432 24 52 .

336 8564 376 112 Paged
788 8560 840 112 continuously.

348 8696 444 96 "Based
880 8720 300 92 upon
1276 8696 268 92 'The
1628 8692 208 100 life
1924 8692 124 96 of
2132 8696 120 96 P.
2336 8692 128 96 T.
2556 8696 512 92 Barnum
3160 8692 468 96 written
3720 8696 144 116 by
3952 8696 504 100 himself'
4576 8704 328 112 (New

176 8836 336 112 York,
576 8832 328 112 1855)
968 8856 24 80 ;
1064 8828 192 96 the
1320 8828 272 96 1869
1680 8828 696 116 (Hartford)
2464 8828 312 100 issue
2844 8828 120 96 of
3036 8824 632 120 'Struggles
3732 8836 228 92 and
4032 8832 636 116 triumphs;
4744 8860 160 92 or,

180 8964 348 116 Forty
616 8964 364 116 years'
1076 8964 792 96 recollections
1960 8964 120 92 of
2168 8964 120 92 P.
2380 8964 128 96 T.
2600 8960 608 112 Barnum';
3308 8968 228 92 and
3632 8964 192 104 the
3916 8968 272 96 1889
4300 8972 584 116 (Buffalo)

172 9100 304 96 issue
540 9104 120 92 of
724 9100 192 100 the
976 9100 640 96 condensed
1680 9100 460 96 version
2204 9100 124 96 of
2396 9100 632 112 'Struggles
3096 9100 224 96 and
3392 9100 712 116 triumphs'."

176 9248 120 112 ©
392 9272 296 92 June
776 9268 60 96 3
852 9344 16 36 ,
964 9268 328 96 1927:
1392 9268 160 92 2c.
1640 9268 276 92 each
2008 9268 300 88 June
2396 9260 124 100 6:
2620 9264 124 92 af
2732 9260 40 88 f
2796 9340 16 20 .
2904 9268 300 92 June
3292 9268 68 88 4
3400 9292 20 68 ;
3520 9268 88 88 A
3704 9268 472 100 990378:
4276 9276 404 92 Alfred
4772 9280 124 88 A.

344 9404 416 112 Knopf,
844 9404 216 96 inc.
1212 9392 164 128 [©
1452 9424 256 72 new
1784 9400 788 96 introduction
2652 9400 228 96 and
2964 9400 328 96 other
3376 9428 52 68 c
3440 9428 60 68 o
3508 9404 728 112 pyrightable
4320 9412 372 88 mater
4676 9412 180 88 ial
4876 9456 20 68 ]

356 9532 660 120 (27-13922)
4416 9536 280 108 5078

2424 9652 240 132 769
