5968 10284
816 960 936 152 Wentworth,
1836 956 628 132 Patricia
2468 1036 184 20 —
2660 960 780 128 Continued

972 1160 136 96 31
1116 1160 64 96 3
1248 1184 108 88 p.
1492 1160 64 96 1
1564 1156 648 112 9½ͨͫ.

812 1256 116 120 ©
1012 1296 268 96 Jan.
1344 1296 172 112 25,
1588 1292 340 112 1927;
2004 1296 64 92 2
2080 1320 56 72 c
2148 1372 20 20 .
2240 1320 60 72 a
2320 1296 152 96 nd
2544 1292 196 100 aff.
2816 1296 268 96 Feb.
3160 1292 196 112 19;
3436 1296 100 88 A
3608 1292 64 96 9
3680 1292 60 96 6
3744 1292 340 116 7284;
4164 1296 108 96 J.
4348 1296 132 96 B.
4556 1292 488 116 Lippinc
5048 1296 120 96 ot
5176 1300 48 92 t
5296 1320 164 72 co.

996 1428 600 120 (27-3375)
5084 1424 136 100 11
5236 1424 136 100 36

812 1596 624 144 Weston,
1508 1588 524 152 Byron,
2104 1628 732 116 company,
2900 1588 568 164 Dalton,
3528 1592 412 124 Mass.

980 1776 392 128 Dead
1440 1824 308 76 men
1816 1780 240 124 tell
2124 1776 584 128 unusual
2768 1780 384 156 tales,
3216 1776 584 124 unusual
3872 1776 228 124 old
4168 1776 792 132 documents
5024 1776 576 168 gleaned

824 1960 364 132 from
1252 2008 72 84 a
1396 1976 456 116 recent
1912 1964 380 164 prize
2356 1976 520 116 contest
2940 1968 144 120 in
3144 1964 232 124 the
3440 1964 568 128 interest
4068 1960 156 132 of
4288 1960 436 132 better
4792 1960 468 168 public
5320 2008 272 84 rec-

812 2152 252 124 ord
1136 2152 604 164 making.
1904 2152 564 160 Dalton,
2540 2152 460 160 Mass.,
3080 2152 160 124 B.
3316 2152 564 124 Weston
3952 2192 716 124 company,
4748 2152 360 124 1927.

972 2348 64 96 6
1040 2344 68 100 0
1164 2376 140 88 p.,
1368 2352 60 92 1
1492 2352 40 92 1
1544 2424 20 20 .
1708 2344 40 100 i
1752 2348 40 92 l
1800 2352 40 92 l
1852 2372 168 72 us.
2164 2344 684 112 27ͨͫ.

804 2448 120 124 ©
1004 2488 264 96 Jan.
1332 2488 96 112 3,
1500 2484 340 116 1927;
1912 2484 164 100 2c.
2144 2484 264 100 Jan.
2476 2484 64 96 2
2548 2484 64 96 0
2652 2512 20 88 ;
2752 2480 196 104 aff.
3020 2484 268 96 Feb.
3360 2488 124 112 5;
3556 2484 104 92 A
3728 2480 476 120 967088;
4284 2488 392 112 Byron
4744 2488 328 96 West
5076 2508 64 76 o
5148 2512 76 68 n
5292 2512 60 72 c
5356 2512 64 68 o
5436 2564 20 20 .

988 2620 600 120 (27-3481)
5104 2616 288 104 1137

812 2776 644 132 Wilhelm
1528 2792 156 140 II,
1764 2780 600 128 German
2428 2824 660 120 emperor,
3160 2784 320 124 1859
3488 2860 84 12 –

976 2968 252 164 My
1288 2972 380 160 early
1728 2968 292 164 life,
2080 2968 184 164 by
2324 2968 632 128 William
3064 2968 152 160 II,
3228 2992 848 136 ex-emperor
4140 2964 156 128 of
4356 2964 736 168 Germany,
5152 2980 440 116 trans-

816 3156 364 128 lated
1280 3156 368 124 from
1736 3156 232 128 the
2064 3152 636 132 German.
2884 3152 392 132 With
3372 3200 72 80 a
3548 3152 884 164 frontispiece
4524 3152 144 128 in
4760 3156 464 128 colour
5320 3156 272 128 and

816 3344 712 164 thirty-six
1632 3344 952 124 illustrations.
2772 3344 332 124 New
3212 3344 428 160 York,
3744 3336 532 172 George
4380 3340 184 128 H.
4668 3344 472 124 Doran
5240 3384 352 84 com-

816 3572 360 124 pany
1260 3536 452 120 [ͨ1926]

968 3756 72 68 x
1052 3732 40 92 i
1100 3728 36 96 i
1148 3804 20 40 ,
1236 3732 136 92 15
1376 3788 68 8 –
1448 3728 204 96 353
1716 3756 104 88 p.
1956 3732 212 96 col.
2228 3728 396 112 front.,
2696 3728 412 116 plates,
3176 3732 396 112 ports.,
3636 3728 132 96 fa
3776 3752 60 72 c
3840 3728 256 96 sim.
4228 3724 756 112 22½ͨͫ.

804 3852 116 120 ©
1004 3868 280 96 Nov.
1356 3868 168 108 12,
1600 3864 336 112 1926;
2016 3868 64 92 2
2084 3888 56 76 c
2156 3940 20 20 .
2252 3868 232 96 and
2552 3864 204 96 aff.
2828 3868 288 92 Nov.
3188 3864 200 112 13;
3464 3864 100 96 A
3636 3864 484 112 967109;
4204 3864 444 112 George
4720 3864 148 100 H.
4944 3864 400 96 Doran
5420 3888 168 76 co.

988 4000 596 120 (27-3362)
5100 3996 284 100 1138

816 4160 936 152 Willoughby,
1820 4156 532 132 Westel
2420 4156 852 156 Woodbury,
3352 4156 320 128 1867
3676 4236 88 16 –

968 4344 600 168 Foreign
1656 4344 448 168 rights
2188 4348 276 128 and
2544 4344 632 128 interests
3260 4344 148 128 in
3496 4344 492 164 China,
4072 4344 188 168 by
4336 4344 516 132 Westel
4936 4344 216 132 W.
5244 4344 344 132 Wil-

804 4536 128 124 lo
936 4528 468 168 ughby
1508 4536 96 136 …
1780 4532 332 128 Rev.
2184 4532 272 128 and
2524 4576 160 84 en
2692 4536 48 120 l
2756 4632 24 24 .
2848 4532 204 128 ed.
3204 4528 804 168 Baltimore,
4076 4532 292 128 The
4432 4532 444 128 Johns
4940 4532 652 164 Hopkins

800 4760 412 120 press,
1284 4716 360 128 1927.

964 4912 64 92 2
1120 4936 72 72 v
1204 4988 20 20 .
1368 4896 684 124 23½ͨͫ.
1908 4908 724 116 (Half-title:
2736 4912 976 96 Semicentennial
3812 4904 784 128 publications
4696 4912 124 96 of
4916 4916 200 96 the
5220 4916 372 100 Johns

800 5044 532 116 Hopkins
1400 5044 688 116 university,
2156 5044 692 116 1876-1926)

964 5180 996 116 Bibliographical
2028 5180 668 100 foot-notes.

800 5300 116 120 ©
1004 5320 268 96 Feb.
1348 5320 168 112 11,
1596 5320 340 112 1927;
2020 5320 160 96 2c.
2264 5320 284 96 each
2628 5320 232 96 and
2936 5320 200 100 aff.
3216 5320 272 100 Feb.
3564 5320 196 112 18;
3848 5320 100 96 A
4028 5320 480 112 963592;
4596 5324 372 96 Johns
5048 5324 532 112 Hopkins

956 5480 360 92 press.
1488 5456 604 116 (27-3454)
5096 5456 284 104 1139

788 5612 480 148 Wood,
1348 5612 684 152 Clement,
2120 5624 320 116 1888
2444 5692 84 16 –

964 5800 296 128 The
1388 5800 804 132 Greenwich
2320 5804 552 164 Village
2996 5804 420 160 blues,
3532 5800 184 164 by
3840 5800 624 132 Clement
4580 5804 484 128 Wood.
5244 5804 332 124 New

812 5988 384 128 York
1260 5988 320 168 city,
1648 5988 180 124 H.
1900 5988 688 128 Harrison
2672 5992 420 156 [ͨ1926
3084 6032 40 96 ]

968 6184 132 100 64
1164 6212 108 88 p.
1412 6184 684 124 23ͨͫ.

968 6324 444 96 Poems.

796 6444 120 124 ©
992 6460 288 96 Nov.
1348 6456 164 116 16,
1588 6456 336 112 1926;
2000 6460 164 96 2c.
2236 6460 268 96 Dec.
2576 6456 204 116 28;
2860 6456 120 96 af
2952 6456 72 96 f
3036 6532 20 24 .
3128 6456 268 100 Dec.
3468 6456 200 112 31;
3752 6456 92 96 A
3916 6456 480 112 958633;
4480 6460 400 116 Henry
4960 6456 616 104 Harrison.

980 6592 532 120 (27-974)
5092 6588 280 104 1140

796 6748 844 152 Worcester,
1716 6748 608 152 Elwood,
2404 6756 316 120 1862
2724 6828 88 16 –

968 6936 328 128 Was
1396 6936 404 132 Jesus
1904 6984 176 76 an
2180 6936 708 124 historical
3000 6936 572 160 person?
3768 6936 216 164 By
4096 6936 572 124 Elwood
4772 6936 800 160 Worcester,

804 7156 108 92 D.
992 7156 76 84 D
1080 7224 24 24 .
1264 7124 332 124 New
1668 7124 432 160 York,
2168 7124 576 124 London
2832 7132 284 148 [etc.
3132 7200 32 84 ]
3252 7120 552 132 Oxford
3876 7120 768 168 university
4716 7168 412 120 press,
5216 7128 352 120 1926.

956 7324 60 92 1
1080 7348 104 88 p.
1248 7324 40 88 l
1300 7396 56 40 .,
1428 7348 64 68 v
1496 7376 64 12 –
1572 7320 240 112 viii,
1880 7316 164 120 79,
2080 7320 132 108 [1
2192 7340 44 84 ]
2324 7344 108 92 p.
2572 7316 756 112 19½ͨͫ.

960 7456 904 96 "References":
1944 7480 104 96 p.
2124 7476 36 84 [
2160 7452 164 104 80]

800 7564 116 128 ©
1008 7592 260 96 Jan.
1352 7592 168 116 29,
1604 7592 340 112 1927;
2032 7592 64 92 2
2100 7600 56 80 c
2172 7672 20 16 .
2280 7592 224 96 and
2592 7592 196 96 aff.
2876 7584 268 104 Feb.
3228 7596 60 92 1
3296 7592 68 96 0
3404 7616 20 88 ;
3516 7592 100 96 A
3696 7592 480 112 967113;
4272 7592 448 96 Oxford
4804 7592 312 96 univ.
5204 7616 360 92 press,

952 7728 380 100 Amer.
1424 7728 472 96 branch.
2068 7732 600 112 (27-3252)
5076 7724 284 100 1141

788 7880 544 152 Wroth,
1408 7884 760 128 Lawrence
2248 7884 980 152 Counselman,
3320 7892 408 120 1884-

960 8068 628 128 William
1716 8072 484 160 Parks,
2320 8072 536 160 printer
2980 8072 268 124 and
3372 8068 736 168 journalist
4228 8068 156 128 of
4512 8072 648 164 England
5288 8072 268 124 and

800 8256 580 124 colonial
1492 8252 708 164 America;
2324 8256 336 128 with
2780 8304 76 80 a
2972 8256 236 128 list
3316 8256 156 128 of
3584 8256 228 128 the
3924 8256 420 128 issues
4464 8256 152 128 of
4720 8256 216 128 his
5048 8252 516 132 several

800 8484 516 120 presses
1452 8444 272 124 and
1860 8484 72 80 a
2068 8440 676 128 facsimile
2876 8444 156 124 of
3156 8444 236 124 the
3524 8444 544 124 earliest
4200 8440 648 164 Virginia
4984 8436 584 164 imprint

796 8628 496 128 known
1360 8640 144 116 to
1576 8628 164 128 be
1808 8628 144 124 in
2040 8628 700 128 existence.
2924 8632 216 160 By
3212 8628 728 128 Lawrence
4016 8624 112 132 C
4144 8732 24 24 .
4240 8628 496 132 Wroth
4796 8636 76 132 …
5152 8620 408 136 Rich-

796 8816 452 160 mond,
1324 8816 288 124 The
1680 8816 620 128 William
2376 8816 444 124 Parks
2896 8812 352 164 club,
3324 8820 356 120 1926.

960 9008 140 100 70
1164 9036 104 88 p.
1340 9008 120 100 in
1468 9012 104 96 cl
1584 9084 20 24 .
1676 9008 460 100 facsim.
2276 9012 644 108 24ͨͫ.
2720 9012 580 112 (William
3376 9012 376 96 Parks
3824 9008 296 100 club.
4260 9004 832 116 Publications,
5168 9008 176 96 ed.
5416 9004 140 116 by

800 9148 124 96 E.
992 9148 132 96 G.
1196 9148 404 96 Swem.
1744 9172 180 72 no.
1984 9144 132 116 3)

968 9280 352 100 "This
1384 9280 104 100 is
1552 9308 288 88 copy
1900 9312 184 68 no.
2156 9280 132 96 63
2356 9280 132 100 of
2552 9304 156 72 an
2772 9280 440 96 edition
3284 9280 124 100 of
3472 9280 208 100 300
3744 9304 128 72 co
3880 9276 348 120 pies."

792 9372 116 124 ©
984 9420 268 96 Dec.
1316 9420 164 112 15,
1548 9420 340 108 1926;
1952 9420 164 96 2c.
2184 9420 260 96 Jan.
2512 9420 96 112 8,
2676 9416 336 112 1927;
3084 9416 200 100 aff.
3352 9420 260 96 Jan.
3680 9420 64 96 3
3784 9440 24 88 ;
3880 9416 100 96 A
4044 9416 344 100 95863
4396 9420 64 92 4
4500 9440 20 88 ;
4596 9412 512 100 William
5180 9412 376 96 Parks

948 9552 296 100 club.
1408 9552 604 120 (27-1466)
5068 9544 288 104 1142

3064 9676 240 132 176
