5968 10284
644 876 772 152 Hampton,
1488 876 348 128 Lou.

820 1064 512 132 Ghosts
1396 1064 160 124 of
1612 1104 236 120 my
1912 1064 480 160 study;
2472 1108 76 80 a
2616 1060 356 128 book
3036 1056 156 132 of
3256 1060 388 128 short
3708 1056 528 164 stories,
4300 1056 184 168 by
4552 1056 300 128 Lou
4916 1056 532 164 Hamp-

652 1268 276 108 ton.
1108 1248 332 132 New
1520 1248 432 160 York,
2028 1248 620 124 Authors
2720 1252 116 120 &
2908 1244 772 164 publishers
3760 1244 876 164 corporation
4724 1248 152 156 [ͨ
4820 1244 324 128 1927
5156 1316 32 88 ]

816 1472 72 76 v
896 1444 120 120 ii,
1084 1444 68 96 9
1156 1500 68 12 –
1224 1444 216 96 284
1500 1468 104 92 p.
1744 1444 756 116 19½ͨͫ.

656 1612 116 116 ©
860 1620 276 96 Dec.
1212 1616 168 116 22,
1464 1612 336 116 1927;
1888 1616 160 96 2c.
2132 1620 232 92 and
2444 1624 200 92 af.
2724 1616 272 92 Dec.
3072 1612 68 96 2
3140 1612 68 96 3
3252 1640 20 88 ;
3360 1612 96 96 A
3540 1612 140 96 10
3680 1612 412 116 13792;
4180 1612 120 100 L.
4384 1612 628 116 Hampton,
5104 1612 344 104 Plant

816 1752 296 116 City,
1192 1752 248 100 Fla.
1608 1748 676 120 (27-28083)
4868 1744 356 104 11870

648 2008 416 148 Hart,
1140 2004 508 132 Albert
1728 2004 728 152 Bushnell,
2536 2016 324 120 1854
2864 2084 84 16 –

924 2200 88 144 …
1100 2192 532 168 George
1744 2192 972 168 Washington,
2832 2192 180 164 by
3128 2192 496 128 Albert
3744 2196 660 124 Bushnell
4532 2200 408 124 Hart.
5124 2196 316 132 Chi-

652 2428 376 124 cago,
1108 2384 732 128 American
1928 2384 528 164 library
2532 2380 860 164 association,
3476 2380 360 132 1927.

816 2584 140 96 38
1032 2608 104 92 p.
1280 2584 644 108 18ͨͫ.
1728 2580 592 116 (Reading
2396 2580 288 100 with
2764 2604 64 72 a
2908 2604 532 92 purpose.
3592 2624 28 72 [
3624 2576 216 116 42]
3828 2576 36 120 )

824 2752 456 96 "Books
1336 2752 876 96 recommended
2264 2752 120 92 in
2440 2748 240 100 this
2732 2744 544 104 course":
3340 2776 104 88 p.
3500 2752 172 96 37.

656 2896 108 108 ©
856 2920 272 100 Dec.
1208 2924 164 108 13,
1452 2920 340 112 1927;
1868 2920 164 96 2c.
2112 2920 224 92 and
2420 2908 216 112 aff.
2704 2920 268 96 Dec.
3048 2916 200 116 19;
3336 2920 96 92 A
3512 2920 548 112 1013898;
4144 2920 376 92 Amer.
4608 2920 448 112 library
5140 2944 52 68 a
5216 2944 56 68 s
5280 2944 132 68 sn
5428 2996 20 20 .

848 3056 396 120 (28-3)
4868 3048 356 104 11871

648 3316 684 152 Hispanic
1408 3312 548 156 society
2028 3312 152 128 of
2252 3312 712 128 America.

824 3504 584 168 Figures
1476 3500 156 132 of
1700 3504 232 124 the
1996 3504 704 124 Madonna
2772 3500 160 128 of
3000 3500 620 164 Trapani
3692 3504 144 120 in
3908 3500 228 128 the
4212 3500 708 132 collection
4996 3500 156 128 of
5224 3504 228 128 the

656 3692 680 160 Hispanic
1428 3692 512 160 society
2032 3688 156 128 of
2276 3688 680 128 America.
3140 3688 332 128 New
3572 3688 432 164 York,
4096 3688 580 128 Printed
4776 3692 184 160 by
5048 3692 404 124 order

652 3876 156 124 of
872 3876 232 124 the
1172 3888 616 148 trustees,
1864 3868 360 136 1927.

816 4096 76 72 v
900 4148 20 40 ,
1016 4072 132 96 12
1244 4096 104 92 p.
1508 4068 344 120 illus.,
1968 4072 204 108 III
2188 4096 72 92 p
2272 4072 32 92 l
2320 4148 24 20 .
2504 4072 616 108 17ͨͫ.
2972 4068 720 120 (Half-title:
3788 4072 572 116 Hispanic
4452 4080 332 88 notes
4884 4072 88 96 &
5068 4100 380 68 mono-

648 4208 500 116 graphs;
1240 4232 432 92 essays,
1764 4208 480 116 studies,
2336 4212 228 92 and
2656 4204 304 96 brief
3044 4204 744 120 biographies
3872 4208 396 100 issued
4356 4212 148 112 by
4592 4208 196 100 the
4880 4208 568 120 Hispanic

648 4344 440 116 society
1152 4344 128 100 of
1336 4344 604 116 America)

816 4516 912 116 Bibliography:
1800 4540 104 92 p.
1972 4516 168 96 12.

656 4680 112 108 ©
864 4684 248 100 Oct.
1188 4684 164 112 21,
1436 4684 340 112 1927;
1860 4684 164 96 2c.
2104 4688 232 92 and
2416 4688 216 120 aff.
2696 4684 272 100 Dec.
3048 4684 200 112 19;
3332 4688 100 92 A
3508 4688 60 92 1
3580 4684 72 96 0
3656 4684 404 116 13674;
4148 4684 572 120 Hispanic
4804 4688 436 112 society
5324 4688 120 96 of

816 4820 568 116 America,
1460 4820 284 96 New
1816 4820 348 96 York.
2332 4820 676 116 (27-28098)
4864 4816 360 108 11872

824 5080 936 160 Manuscripts
1824 5080 148 124 in
2032 5080 228 124 the
2324 5080 528 164 library
2920 5076 152 128 of
3136 5080 228 124 the
3432 5080 684 160 Hispanic
4180 5080 508 164 society
4748 5080 156 132 of
4964 5080 480 132 Amer-

648 5264 248 128 ica.
1076 5264 376 132 Juan
1552 5268 420 124 Perez
2084 5264 156 128 of
2344 5264 688 128 Villalvin
3128 5268 268 124 and
3500 5264 216 128 his
3820 5264 328 132 wife
4260 5264 236 132 Sol
4600 5268 840 160 Fernandez,

656 5452 516 128 Sevilla
1244 5460 68 116 9
1380 5452 632 148 January
2080 5460 388 152 1326;
2540 5456 852 160 manuscript
3456 5456 120 120 B
3656 5460 192 152 12,
3912 5456 200 124 ed.
4176 5456 184 164 by
4416 5456 172 124 A.
4656 5456 172 124 D.
4904 5452 532 168 Savage

824 5644 80 136 …
984 5640 336 124 New
1404 5636 428 160 York,
1908 5640 576 124 Printed
2564 5640 180 164 by
2816 5640 404 124 order
3288 5640 164 124 of
3516 5640 228 128 the
3828 5640 676 164 Trustees,
4588 5640 360 132 1927.

808 5840 64 92 2
936 5864 108 88 p.
1092 5840 120 112 l.,
1284 5836 132 100 13
1480 5864 104 88 p.
1724 5836 364 100 front.
2372 5840 680 104 16½ͨͫ.

656 5988 116 116 ©
852 6008 288 112 Aug.
1216 6004 164 116 19,
1460 6004 340 112 1927;
1876 6008 168 96 2c.
2124 6008 228 92 and
2428 6000 120 100 af
2544 6000 36 88 f
2608 6084 20 20 .
2708 6008 268 96 Dec.
3056 6008 192 96 19;
3336 6008 96 92 A
3512 6012 56 88 1
3576 6008 72 96 0
3656 6008 404 112 13679;
4152 6008 568 116 Hispanic
4796 6008 440 112 society
5320 6012 120 92 of

812 6140 572 116 America,
1456 6140 288 96 New
1812 6140 348 100 York.
4856 6136 360 108 11873

652 6368 688 148 Hopkins,
1416 6364 536 128 Robert
2032 6364 772 128 Thurston.

816 6552 496 132 Sussex
1376 6548 936 164 pilgrimages,
2372 6552 180 164 by
2612 6552 516 124 Robert
3188 6556 700 120 Thurston
3948 6552 688 164 Hopkins.
4812 6552 620 168 London,

656 6736 444 128 Faber
1164 6744 112 120 &
1344 6736 540 168 Gwyer,
1956 6736 360 128 1927.

808 6936 64 96 1
932 6960 108 76 v.

652 7096 116 108 ©
868 7096 44 108 1
924 7112 64 92 c
1008 7180 20 24 .
1116 7104 272 112 Apr.
1472 7104 168 112 26,
1732 7104 336 112 1927;
2164 7104 96 92 A
2348 7104 144 96 ad
2584 7104 36 92 i
2628 7108 164 92 nt.
2876 7104 132 96 93
3024 7104 56 96 5
3092 7104 124 112 8;
3316 7104 340 112 pubd.
3748 7108 292 96 Mar.
4128 7108 204 108 31;
4424 7108 136 96 R.
4648 7108 124 96 T.
4864 7108 564 112 Hopkins,

812 7240 608 112 Brighton,
1500 7240 564 112 England.
4848 7236 360 104 11874

648 7460 620 152 Kipling,
1340 7460 728 152 Rudyard.

816 7648 708 140 Brazilian
1612 7644 648 128 sketches.
2440 7648 292 124 The
2820 7648 716 124 mountain
3624 7648 304 124 that
4016 7692 364 84 runs.
4560 7648 624 132 Gardens
5272 7648 156 132 of

648 7832 300 124 Rio.

832 8024 116 120 (I
948 8036 80 76 n
1100 8020 484 100 London
1652 8016 564 128 Morning
2288 8016 332 128 post)

648 8172 120 116 ©
836 8196 52 92 1
880 8184 112 104 c.
1052 8196 272 92 Dec.
1376 8192 168 116 28,
1608 8192 336 112 1927;
2004 8192 104 96 A
2160 8196 148 92 ad
2368 8192 204 100 int.
2632 8196 60 92 1
2704 8192 280 96 0450
3020 8220 24 84 ;
3108 8192 344 120 pubd.
3512 8196 268 100 Dec.
3840 8196 128 112 2;
4036 8196 132 100 R.
4236 8196 508 116 Kipling,
4812 8192 612 124 Burwash,

812 8328 808 116 Etchingham,
1704 8328 460 116 Sussex,
2244 8328 568 116 England.
4844 8324 356 108 11875

644 8552 460 148 Kiser,
1200 8552 544 124 Donald
1836 8552 84 124 J
2624 8552 320 128 1876
2948 8632 84 16 –
3456 8596 424 124 comp.

812 8732 632 132 Outlines
1564 8732 160 128 of
1844 8736 464 164 equity
2376 8740 80 144 …
2708 8740 672 160 compiled
3504 8736 180 164 by
3800 8744 552 120 Donald
4476 8740 132 128 J.
4732 8740 412 128 Kiser
5236 8740 80 144 …

648 8916 748 168 Brooklyn,
1480 8920 168 124 N.
1740 8916 216 164 Y.,
2040 8924 284 124 The
2408 8924 732 124 American
3224 8924 264 124 law
3568 8924 356 124 book
4000 8964 192 84 co.
4316 8924 436 160 [ͨ1927]

804 9116 152 112 xi,
1040 9120 132 92 83
1256 9144 100 88 p.
1500 9116 684 108 21½ͨͫ.
2020 9116 592 116 (Outlines
2692 9120 192 96 for
2964 9120 420 92 review
3468 9120 420 112 series)

648 9256 116 120 ©
848 9280 280 100 Nov.
1208 9280 160 116 10,
1444 9280 340 100 1927;
1864 9284 164 96 2c.
2104 9284 228 92 and
2412 9280 124 96 af
2512 9280 68 92 f
2588 9364 20 16 .
2684 9284 284 96 Nov.
3040 9288 200 96 23;
3324 9288 84 88 A
3500 9284 544 112 1010537;
4128 9288 616 92 American
4820 9288 228 92 law
5120 9288 296 92 book

808 9440 160 72 co.
1148 9412 668 116 (27-27592)
4836 9412 356 104 11876

2876 9544 320 128 1764
