5920 10300
328 1088 632 148 Morgan,
1032 1076 560 128 Arthur
1664 1076 564 148 Ernest,
2308 1068 316 128 1878
2628 1148 72 16 –

492 1268 252 168 My
820 1264 472 160 world,
1368 1264 180 160 by
1628 1260 540 128 Arthur
2252 1260 160 120 E.
2496 1256 588 160 Morgan
3160 1272 84 136 …
3504 1248 528 128 Yellow
4120 1244 584 168 Springs
4800 1248 164 160 [O
4984 1348 24 24 .
5020 1328 32 80 ]

332 1456 472 128 Kahoe
876 1460 104 120 &
1064 1448 528 164 Spieth,
1672 1444 360 128 1927.

500 1648 64 96 5
624 1676 108 88 p.
792 1648 40 92 l
844 1720 56 40 .,
968 1652 60 88 7
1036 1700 72 12 –
1108 1644 200 96 111
1376 1668 108 92 p.
1620 1640 64 96 2
1692 1640 684 116 0½ͨͫ
1948 1712 24 24 .

504 1788 244 92 "An
840 1776 636 120 expansion
1576 1776 120 96 of
1788 1800 64 72 a
1952 1772 520 116 syllabus
2564 1772 284 96 used
2940 1772 192 92 for
3224 1792 312 72 some
3624 1788 344 92 years
4060 1760 368 100 under
4524 1764 192 96 the
4808 1760 260 100 title

336 1924 196 116 My
600 1920 388 112 world,
1068 1916 284 96 with
1416 1916 432 96 classes
1924 1916 124 88 at
2116 1904 496 100 Antioch
2680 1904 1332 112 college."—Foreword.

332 1988 116 148 ©
540 2060 268 108 May
892 2052 160 116 14,
1136 2052 336 108 1927;
1556 2052 64 92 2
1628 2060 56 80 c
1700 2124 20 20 .
1812 2048 268 108 May
2160 2044 200 112 20;
2448 2040 200 100 aff.
2732 2044 268 112 May
3088 2040 192 112 19;
3368 2040 100 92 A
3548 2036 476 112 976677;
4116 2036 132 96 A.
4332 2036 124 100 E.
4544 2036 512 112 Morgan,

492 2192 432 96 Yellow
1012 2180 508 120 Springs,
1608 2180 92 100 O
1716 2256 20 24 .
1900 2180 668 116 (27–12357)
4580 2164 288 100 4481

336 2448 632 148 Morgan,
1040 2440 588 132 Charles
1688 2436 156 128 L.

512 2632 408 128 Color
1040 2628 648 156 sketches,
1816 2620 472 164 Spain,
2420 2620 560 160 France,
3108 2616 688 168 England,
3916 2616 184 168 by
4224 2612 564 136 Charles
4912 2612 156 128 L.

332 2816 588 164 Morgan
992 2824 84 132 …
1244 2812 336 128 with
1664 2808 928 128 introduction
2676 2808 180 160 by
2944 2808 296 124 Rex
3252 2800 148 128 fo
3408 2804 164 128 rd
3656 2800 764 164 Newcomb,
4508 2844 124 84 A.
4724 2844 52 84 I
4792 2904 24 24 .
4908 2844 124 84 A.
5048 2896 32 68 ,

340 3044 72 80 a
492 3000 404 124 series
976 2996 156 128 of
1212 2996 436 160 thirty
1732 2992 604 128 sketches
2416 2988 392 128 made
2888 2988 180 168 by
3148 2992 268 124 Mr.
3504 2988 588 164 Morgan
4176 2988 140 124 in
4400 3028 80 84 a
4564 2988 284 160 trip
4932 3000 140 112 to

340 3188 116 124 E
468 3228 460 120 urope,
1024 3192 148 116 19
1184 3192 156 112 26
1432 3192 80 136 …
1764 3176 340 132 Chic
2116 3228 72 76 a
2200 3220 208 120 go,
2496 3180 292 124 The
2872 3180 632 124 Western
3592 3172 592 128 architec
4188 3184 60 116 t
4260 3268 28 68 ,
4380 3172 360 132 1927.

512 3424 24 72 [
544 3380 64 92 4
616 3424 24 72 ]
716 3408 136 88 p.,
924 3376 136 96 30
1124 3404 72 88 p
1200 3380 40 92 l
1252 3452 24 24 .
1340 3376 324 116 (part
1728 3372 272 116 col.)
2156 3376 68 96 3
2232 3372 684 132 0ͨͫ
2396 3428 40 48 .

508 3516 132 96 In
720 3508 584 120 portfolio.

380 3636 72 120 ©
524 3652 268 108 May
856 3648 160 112 18,
1088 3648 328 108 1927;
1488 3648 164 92 2c.
1716 3648 228 92 and
2008 3668 60 68 a
2084 3640 120 100 ff.
2272 3644 272 108 May
2604 3640 196 112 21;
2876 3640 96 96 A
3036 3640 476 112 990211;
3588 3640 528 96 Western
4188 3636 596 116 architect,
4856 3636 220 100 inc.

524 3784 664 116 (27-12397)
4592 3764 288 104 4482

340 4004 532 152 Muller,
944 4004 504 128 Louise
1520 4004 552 152 Marny.

504 4192 1152 124 Blue-blossomed
1780 4192 580 160 garden;
2496 4232 456 116 poems
3076 4184 148 128 of
3352 4184 816 164 California,
4284 4184 184 168 by
4584 4180 496 132 Louise

336 4384 496 160 Marny
912 4376 564 164 Muller;
1568 4376 692 164 drawings
2336 4376 180 160 by
2592 4372 472 128 Frank
3140 4372 532 164 Morley
3752 4372 668 128 Fletcher.
4600 4448 32 84 [
4652 4372 340 132 Sant
5004 4412 72 84 a

344 4568 660 156 Barbara,
1092 4564 464 160 Calif.,
1640 4564 288 124 The
2016 4560 600 132 Schauer
2700 4564 624 160 printing
3408 4560 496 160 studio,
3988 4560 300 164 inc.,
4376 4560 364 160 1927]

500 4768 64 92 4
628 4788 104 92 p.
804 4768 36 88 l
852 4840 56 36 .,
976 4764 136 92 44
1180 4792 136 88 p.,
1388 4768 60 88 1
1520 4768 36 88 l
1572 4840 20 20 .
1732 4760 308 100 illus.
2180 4760 752 112 17ͨͫ.

344 4872 120 108 ©
544 4904 272 112 Apr.
888 4904 100 108 4,
1064 4900 332 108 1927;
1480 4900 160 100 2c.
1716 4900 228 96 and
2020 4896 192 96 aff.
2296 4900 268 108 May
2636 4892 200 116 23;
2916 4896 96 92 A
3088 4892 476 116 976832;
3656 4896 592 112 Margaret
4324 4892 96 96 A
4428 4916 72 72 u
4512 4892 568 96 chincloss

508 5036 504 112 Colgate,
1088 5036 280 92 New
1440 5036 344 96 York.
1960 5032 668 116 (27-12401)
4600 5024 284 104 4483

344 5264 512 148 Myers,
928 5256 352 132 Vest
1356 5260 144 128 C.

512 5448 476 124 Verses
1080 5444 360 124 from
1528 5488 168 80 an
1784 5444 224 124 old
2096 5488 352 112 vase,
2532 5440 180 164 by
2796 5444 336 124 Vest
3216 5436 152 132 C.
3452 5440 500 164 Myers.
4124 5440 552 160 Fulton,
4764 5436 316 168 Ky.,

340 5636 392 124 Press
820 5628 148 128 of
1052 5636 472 120 Moore
1604 5628 392 164 bros.,
2092 5628 356 128 1927.

496 5832 136 92 42
700 5856 104 88 p.
944 5832 680 104 23½ͨͫ
1260 5864 28 52 .

352 5932 112 112 ©
564 5968 268 112 May
924 5964 164 116 18,
1180 5964 332 108 1927;
1608 5964 160 96 2c.
1864 5964 272 112 May
2224 5964 200 108 23;
2520 5960 192 100 aff.
2808 5964 268 112 May
3164 5960 200 112 21;
3460 5960 96 96 A
3644 5960 480 112 976709;
4220 5960 128 100 V.
4444 5960 112 100 C.
4652 5964 420 116 Myers,

512 6100 452 116 Fulton,
1048 6100 216 112 Ky.
1432 6096 668 120 (27-12403)
4576 6092 292 100 4484

344 6324 340 124 New
756 6320 384 128 York
1240 6320 512 168 (State)
1956 6324 204 124 La
2164 6368 112 76 w
2292 6372 104 112 s,
2460 6336 612 144 statutes,
3144 6336 236 108 etc.

512 6512 288 124 The
888 6512 916 124 consolidated
1900 6512 324 124 laws
2312 6508 156 128 of
2556 6512 332 124 New
2976 6508 428 156 York,
3496 6508 772 128 annotated.
4456 6508 632 128 Cumula-

336 6696 276 124 tive
720 6696 896 160 supplement,
1732 6704 320 116 1926
2188 6696 708 164 (covering
3012 6696 224 124 the
3348 6692 776 164 legislation
4240 6692 148 128 of
4508 6692 324 128 1917
4944 6708 136 112 to

348 6888 360 152 1926,
776 6880 696 160 inclusive,
1544 6884 268 124 and
1884 6924 292 84 new
2248 6880 656 128 decisions
2976 6876 804 164 subsequent
3848 6896 140 108 to
4060 6880 380 124 those
4516 6924 564 120 appear-

348 7068 240 160 ing
676 7068 144 120 in
912 7068 224 124 the
1228 7068 592 160 original
1916 7064 932 164 annotations)
3072 7060 160 128 [v.
3332 7072 116 152 2]
3644 7068 260 124 Ed.
4000 7064 184 164 by
4276 7064 544 128 Harold
4920 7068 168 124 N.

352 7252 708 164 Eldridge,
1156 7252 556 124 assisted
1812 7252 176 164 by
2084 7252 464 124 Minor
2644 7252 748 160 Bronaugh
3496 7252 268 124 and
3864 7252 652 128 members
4616 7248 148 128 of
4860 7252 232 128 the

348 7436 632 128 editorial
1084 7436 352 128 staff.
1632 7440 812 160 Northport,
2544 7440 164 124 N.
2820 7440 220 156 Y.,
3144 7436 600 124 Edward
3848 7440 788 160 Thompson
4744 7480 344 84 com-

356 7660 400 124 pany,
832 7624 356 120 1926.

512 7816 92 96 V
616 7816 396 96 arious
1084 7816 520 116 pagings.
1748 7812 1208 112 23½ͨͫ.

356 7940 120 116 ©
568 7952 248 96 Oct.
904 7952 160 116 12,
1156 7952 332 112 1926;
1584 7956 160 96 2c.
1836 7956 304 92 June
2224 7956 168 112 10,
2484 7956 336 108 1927;
2916 7948 192 104 aff.
3200 7952 304 96 June
3592 7956 124 108 9;
3816 7956 96 88 A
4000 7956 476 112 976972;
4580 7956 500 96 Edward

512 8084 652 116 Thompson
1264 8112 160 72 co.
4600 8084 284 104 4485

356 8308 480 152 Nolen,
908 8308 412 148 John,
1404 8320 316 116 1869
1728 8388 84 16 –

524 8492 328 128 New
936 8512 432 108 towns
1456 8492 224 128 for
1764 8500 292 156 old;
2152 8496 976 128 achievements
3216 8496 144 124 in
3444 8496 344 128 civic
3872 8500 984 164 improvement
4944 8500 136 128 in

356 8720 356 84 some
840 8680 724 124 American
1684 8684 396 124 small
2204 8696 432 112 towns
2768 8684 264 124 and
3152 8684 1136 164 neighborhoods,
4408 8684 180 168 by
4708 8684 372 132 John

368 8864 472 164 Nolen,
904 8864 924 128 introduction
1888 8868 180 164 by
2128 8864 488 132 Albert
2688 8864 444 132 Shaw.
3288 8872 556 160 Boston,
3904 8872 456 160 Mass.,
4420 8872 672 124 Marshall

352 9052 412 124 Jones
836 9092 664 120 company
1604 9052 440 160 [ͨ1927]

524 9244 64 92 2
652 9268 104 88 p.
832 9248 36 92 l
884 9316 48 40 .,
1008 9244 284 96 xxix
1364 9272 136 84 p.,
1572 9244 60 96 1
1704 9248 40 92 l
1756 9320 60 36 .,
1888 9248 204 96 177
2164 9272 108 92 p.
2408 9248 388 116 front.,
2872 9244 312 100 illus.
3244 9244 180 116 (in
3428 9252 100 92 cl
3540 9320 24 24 .
3640 9248 396 116 plans)
4128 9252 412 116 plates.
4676 9244 756 108 21ͨͫ.

524 9376 832 116 Bibliography
1396 9404 20 68 :
1496 9404 100 92 p.
1672 9424 28 72 [
1708 9376 204 100 158
1920 9424 24 72 ]
1956 9432 72 16 –
2028 9380 236 96 177.

360 9500 124 116 ©
568 9516 260 108 May
908 9512 164 112 10,
1148 9512 336 112 1927;
1564 9512 160 96 2c.
1800 9516 228 92 and
2108 9512 200 100 aff.
2388 9520 272 108 May
2732 9512 200 112 25;
3016 9516 96 92 A
3188 9512 472 112 990259;
3752 9520 564 92 Marshall
4396 9520 380 92 Jones,
4860 9520 220 92 inc.

552 9644 664 116 (27-12396)
4604 9644 288 104 4486

2624 9780 240 120 683
