5984 10352
4892 772 208 96 535

352 1136 580 152 Aarbog
1000 1136 224 124 for
1288 1136 452 124 musik
1804 1136 568 160 udgivet
2444 1132 152 124 af
2660 1128 484 128 Dansk
3212 1176 216 80 mu
3452 1184 56 64 s
3520 1128 1596 128 ikselskab—Musikolo-

512 1324 312 164 gisk
896 1368 56 80 s
960 1320 296 128 amf
1260 1348 84 92 u
1356 1324 188 124 nd
1624 1328 84 132 …
1964 1328 356 116 1924.
2504 1320 660 152 Københa
3188 1364 76 76 v
3272 1364 92 76 n
3456 1328 320 148 [etc.]
3876 1316 724 160 Gyldenda
4612 1320 44 120 l
4676 1420 24 56 ,
4776 1320 344 120 Nor-

512 1512 308 124 disk
896 1508 500 164 forlag,
1476 1512 356 120 1926.

512 1704 208 96 160
764 1732 100 88 p.
1020 1704 304 96 illus.
1396 1704 176 116 (in
1576 1704 104 96 cl
1692 1780 16 20 .
1764 1704 428 112 music)
2356 1704 1028 108 23½ͨͫ.

348 1844 532 96 Editors:
960 1840 304 112 1924,
1332 1844 520 92 William
1904 1840 576 112 Behrend,
2540 1840 88 92 G
2640 1844 144 88 od
2796 1848 44 84 t
2844 1836 56 96 f
2908 1868 56 60 r
2972 1868 56 64 e
3036 1840 68 92 d
3176 1840 520 108 Skjerne.

348 1972 120 116 ©
536 1984 268 92 Dec.
864 1980 164 108 18,
1092 1976 332 108 1926:
1560 1980 144 120 1c.
1716 1980 260 92 Jan.
2036 1976 160 112 25,
2264 1972 200 96 192
2476 1980 60 88 7
2576 2004 20 84 ;
2664 1972 744 116 A—Foreign
3468 1972 408 96 33038:
3948 1972 596 112 Gyldenda
4556 1972 32 88 l
4604 1972 200 92 ske
4864 1972 260 116 bog-

508 2116 460 112 handel,
1028 2116 508 92 Nordisk
1588 2112 424 112 forlag.
4704 2104 212 96 530

344 2340 756 124 American
1184 2340 680 148 academy
1944 2336 152 124 of
2176 2336 620 152 political
2876 2332 276 128 and
3236 2332 424 124 social
3744 2328 592 144 science,
4416 2328 700 132 Philadel-

504 2568 92 120 p
608 2524 232 128 hia
848 2628 24 24 .
1224 2524 292 128 The
1584 2524 512 128 annals.
2304 2520 416 168 (Inde
2724 2568 88 76 x
2820 2520 200 164 es)

504 2716 292 120 The
876 2716 520 156 annals,
1480 2708 840 164 thirty-fifth
2408 2708 892 160 anniversary
3384 2704 480 160 index;
3952 2704 412 164 being
4448 2748 172 80 an
4708 2704 412 128 index

336 2912 140 112 to
556 2896 184 128 all
816 2896 916 164 publications
1816 2896 156 128 of
2048 2896 228 128 the
2356 2892 732 128 American
3176 2892 644 164 academy
3900 2884 156 132 of
4136 2888 624 164 political
4848 2892 272 124 and

336 3080 416 128 social
812 3080 512 128 science
1388 3076 368 132 from
1824 3076 836 168 September,
2732 3088 360 152 1921,
3156 3120 188 120 up
3412 3092 140 112 to
3620 3076 272 128 and
3952 3072 724 168 including
4736 3076 388 164 July,

344 3272 360 152 1926,
780 3268 272 124 and
1132 3264 1116 164 supplementing
2332 3264 228 128 the
2640 3260 916 168 twenty-fifth
3644 3264 268 124 and
4000 3260 640 128 thirtieth
4732 3260 380 128 anni-

340 3492 552 120 versary
968 3448 512 128 indices
1560 3448 728 160 published
2372 3496 144 80 as
2600 3448 928 164 supplements
3616 3464 140 108 to
3840 3448 232 124 the
4156 3448 420 124 issues
4652 3448 160 124 of
4884 3448 236 128 the

336 3632 528 128 Annals
944 3632 156 128 of
1176 3632 532 164 March,
1796 3640 320 120 1916
2200 3636 268 124 and
2560 3632 836 164 September,
3480 3640 364 120 1921.
4020 3632 568 128 Editor:
4684 3632 436 164 Clyde

332 3816 156 128 L.
552 3816 392 168 King
1020 3812 84 148 …
1312 3820 1024 160 Philadelphia,
2400 3820 292 124 The
2760 3820 732 128 American
3560 3820 648 168 academy
4276 3816 156 128 of
4496 3820 616 160 political

336 4004 268 120 and
668 4000 412 128 social
1144 4000 548 168 science,
1764 4012 152 120 19
1924 4012 76 116 2
2012 4012 116 120 6.

500 4192 192 116 vii,
756 4192 132 100 84
948 4220 108 92 p.
1192 4180 720 112 24½ͨͫ.
1716 4196 236 116 (On
2012 4228 392 72 cover:
2468 4200 748 116 Supplement
3280 4212 116 88 to
3460 4204 196 96 the
3720 4200 444 96 Annals
4232 4200 124 96 of
4416 4204 200 96 the
4676 4200 444 100 Ameri-

332 4352 216 72 can
620 4332 552 112 academy
1252 4332 128 92 of
1452 4332 520 116 political
2056 4336 228 96 and
2360 4336 360 96 social
2804 4336 480 96 science.
3432 4336 700 116 September,
4212 4336 308 112 1921,
4604 4340 116 92 to
4804 4336 312 120 July,

332 4460 336 112 1926)

340 4576 120 116 ©
552 4596 304 116 Sept.
936 4600 160 92 10.
1180 4600 336 112 1926;
1596 4604 160 96 2c.
1848 4604 304 112 Sept.
2232 4608 196 108 13;
2520 4604 192 96 aff.
2800 4608 260 92 Jan.
3144 4608 92 92 6.
3324 4608 336 96 1927:
3748 4612 96 88 A
3928 4608 480 112 963276;
4496 4608 616 96 American

504 4736 552 112 academy
1112 4736 124 96 of
1288 4740 524 112 political
1872 4740 88 96 &
2016 4740 356 96 social
2440 4740 476 100 science.
3072 4744 600 112 (27-2523)
4696 4740 208 100 531

336 4956 488 156 Appel,
888 4960 532 152 Joseph
1488 4964 664 148 Herbert,
2232 4968 316 120 1873
2556 5044 84 16 –

500 5148 372 128 John
968 5148 984 164 Wanamaker;
2060 5192 72 84 a
2236 5148 452 164 study,
2780 5152 176 164 by
3052 5156 516 160 Joseph
3664 5156 188 124 H.
3952 5156 508 160 Appel,
4564 5200 140 80 as
4808 5200 300 120 pre-

336 5336 460 124 sented
872 5336 144 124 in
1096 5380 172 80 an
1344 5380 384 120 essay
1796 5336 468 128 before
2344 5340 228 124 the
2652 5336 788 164 Cliosophic
3516 5340 508 164 society
4096 5336 160 132 of
4328 5340 784 164 Lancaster,

332 5520 1064 164 Pennsylvania,
1484 5524 144 124 in
1716 5524 176 124 its
1988 5524 752 128 discussion
2836 5524 156 124 of
3084 5528 232 124 the
3408 5528 552 160 general
4048 5524 592 164 subject:
4736 5528 372 132 "The

332 5704 1072 128 characteristics
1528 5708 156 124 of
1800 5708 608 164 genius."
2620 5708 744 128 December
3480 5716 204 156 30,
3808 5720 360 116 1926.
4400 5708 704 164 [Camden,

336 5892 164 124 N.
568 5892 180 160 J.,
868 5892 324 144 ͨ1927
1200 5968 32 84 ]

488 6088 64 96 2
612 6116 108 88 p.
784 6088 32 88 l
832 6164 56 40 .,
960 6088 196 96 101
1224 6116 104 92 p.
1464 6092 48 88 1
1524 6092 576 104 8ͨͫ.

340 6212 120 116 ©
540 6228 264 92 Jan.
876 6220 168 116 10,
1116 6224 340 112 1927;
1536 6228 64 88 2
1604 6244 52 76 c
1676 6304 20 20 .
1772 6228 228 96 and
2076 6228 128 92 af
2188 6228 56 92 f
2252 6304 20 20 .
2348 6232 260 92 Jan.
2684 6228 196 112 28;
2960 6232 100 92 A
3132 6228 476 112 963340;
3688 6232 92 88 R
3796 6232 424 92 odman
4284 6232 824 116 Wanamaker,

496 6364 280 92 New
816 6364 348 96 York.
1336 6364 600 116 (27-2432)
4696 6364 212 96 532

332 6584 504 152 Baker,
908 6588 780 152 Margaret.

500 6772 288 128 The
884 6772 268 128 lost
1248 6772 688 164 merbaby,
2036 6772 184 164 by
2320 6772 712 164 Margaret
3140 6772 512 136 Baker;
3776 6772 336 128 with
4224 6772 592 168 pictures
4924 6776 184 164 by

328 6956 408 164 Mary
792 6956 492 128 Baker.
1432 6956 332 128 New
1824 6956 428 164 York,
2312 6956 592 128 Duffield
2964 6960 104 116 &
3132 7000 236 120 co.,
3432 6960 360 128 1927.

504 7192 24 76 [
536 7148 136 96 85
676 7192 28 72 ]
772 7172 108 92 p.
1020 7148 40 96 i
1064 7148 164 96 llu
1240 7172 92 76 s.
1468 7148 620 120 21ͨͫ.

340 7268 120 120 ©
524 7284 264 96 Jan.
852 7284 60 92 2
920 7288 64 92 5
996 7360 20 24 ,
1080 7284 204 96 192
1296 7292 56 92 7
1396 7312 20 88 ;
1488 7288 64 92 2
1556 7300 56 80 c
1628 7364 20 20 .
1716 7292 224 92 and
2008 7288 192 96 aff.
2272 7292 260 92 Jan.
2604 7288 192 112 31;
2868 7292 100 92 A
3032 7288 68 96 9
3104 7292 64 92 6
3172 7292 204 96 336
3388 7292 60 96 5
3492 7316 16 84 ;
3584 7292 496 96 Duffield
4148 7292 84 92 &
4304 7320 156 68 co.

524 7420 596 120 (27-2528)
4684 7424 212 104 533

328 7648 844 148 Ballantine,
1244 7648 612 132 William
1932 7648 348 156 Gay,
2364 7656 316 120 1848
2684 7732 88 12 –

496 7832 908 168 Discovering
1528 7840 440 156 Jesus,
2092 7836 184 164 by
2400 7836 624 128 William
3160 7832 164 132 G.
3460 7840 792 128 Ballantine
4336 7840 76 136 …
4768 7844 332 124 New

340 8020 424 160 York,
844 8024 592 124 Thomas
1520 8024 172 120 Y.
1784 8020 584 132 Crowell
2452 8060 668 128 company
3236 8024 168 136 [ͨ1
3396 8028 72 116 9
3480 8032 76 112 2
3564 8020 76 128 7
3632 8024 40 112 ]

500 8216 60 96 3
624 8240 104 88 p.
796 8216 56 92 l
844 8256 24 52 .
884 8288 16 24 ,
964 8216 64 96 9
1032 8272 72 12 –
1104 8216 136 96 90
1304 8244 104 88 p.
1552 8216 716 108 19½ͨͫ
1880 8292 20 20 .

500 8352 100 92 A
664 8356 352 108 study
1088 8352 124 96 of
1276 8356 200 92 the
1548 8352 416 116 Gospel
2032 8352 128 96 of
2232 8356 160 92 St.
2464 8352 340 96 John.

332 8464 120 120 ©
532 8488 260 92 Jan.
840 8488 160 92 13.
1052 8492 40 88 1
1120 8488 132 92 92
1264 8484 64 88 7
1364 8516 20 76 ;
1464 8492 60 88 2
1536 8516 56 64 c
1608 8564 16 16 .
1668 8512 60 68 a
1744 8492 152 88 nd
1944 8516 60 64 a
2020 8484 48 96 f
2044 8484 68 96 f
2120 8564 20 16 .
2188 8492 72 88 J
2268 8512 56 68 a
2340 8516 108 64 n.
2500 8492 52 88 1
2572 8488 56 96 8
2672 8516 16 84 ;
2768 8492 96 88 A
2936 8488 64 96 9
3008 8492 60 88 5
3080 8488 60 96 8
3152 8492 132 88 76
3288 8492 124 92 5:
3492 8492 168 96 W.
3712 8492 128 96 G.
3888 8496 92 88 B
3992 8520 56 64 a
4064 8492 528 96 llantine.
4648 8496 460 116 Spring-

496 8624 296 96 field.
848 8628 344 92 Mass.
1368 8624 596 112 (27-2371)
4688 8628 212 96 534

332 8848 664 148 Bartlett,
1072 8848 608 128 William
1756 8848 504 128 Miller.

504 9036 288 120 The
888 9036 268 160 girl
1256 9032 364 124 from
1712 9032 480 132 Grand
2284 9036 312 152 Pre,
2688 9032 180 164 by
2956 9032 628 128 William
3680 9036 468 128 Miller
4244 9040 600 128 Bartlett
4940 9036 76 144 …

336 9224 552 156 Boston,
952 9220 456 160 Mass.,
1476 9220 288 124 The
1840 9216 720 132 Stratford
2624 9260 712 120 company,
3408 9216 360 132 1927.

488 9420 68 92 4
620 9444 108 88 p.
764 9416 64 92 l
840 9492 24 20 .
856 9452 40 56 ,
968 9416 204 96 294
1236 9444 108 84 p.
1484 9416 644 108 19ͨͫ.

340 9540 120 116 ©
524 9552 260 96 Jan.
840 9552 64 92 2
912 9552 60 92 5
988 9628 20 20 .
1064 9552 204 92 192
1276 9552 60 92 7
1364 9568 28 80 ;
1456 9552 68 92 2
1532 9576 56 68 c
1600 9632 20 16 .
1684 9552 68 92 J
1764 9576 56 68 a
1840 9576 100 72 n.
2000 9552 192 100 28;
2260 9548 192 96 aff.
2516 9552 64 92 J
2596 9576 52 68 a
2668 9576 108 68 n.
2832 9548 196 112 29;
3096 9552 96 88 A
3244 9552 64 92 9
3320 9552 132 96 63
3456 9552 60 92 3
3524 9552 136 96 48
3700 9576 24 84 ;
3796 9552 68 96 S
3880 9560 108 88 tr
4000 9584 60 64 a
4076 9552 104 96 tf
4188 9560 204 92 ord
4456 9584 124 68 co
4596 9636 16 16 .
4628 9632 20 20 ,
4712 9584 148 88 pu
4868 9564 68 88 b
4948 9588 148 68 rs.

524 9684 596 120 (27-2548)
4688 9688 204 100 535

2640 9816 152 120 81
