5968 10284
732 1032 608 152 Siringo,
1416 1032 584 128 Charles
2068 1032 172 124 A.
2248 1108 184 20 —
2440 1028 772 132 Continued

904 1232 200 96 xiv
1156 1260 136 88 p.,
1348 1232 56 92 1
1464 1236 36 88 l
1516 1308 56 36 .,
1624 1232 208 92 276
1884 1256 104 88 p.
2128 1232 396 108 front.,
2584 1232 412 112 plates,
3056 1232 360 112 ports.
3560 1232 472 108 21½ͨͫ.

908 1400 544 100 "Certain
1528 1404 328 112 parts
1936 1396 128 100 of
2136 1400 196 92 the
2412 1396 292 96 book
2784 1424 200 68 are
3068 1396 624 116 reprinted,
3776 1396 120 96 in
3976 1396 452 100 revised
4512 1400 328 96 form.
4932 1400 300 100 from
5320 1404 192 96 the

732 1540 524 96 author's
1324 1536 588 120 privately
1980 1536 460 116 printed
2516 1536 664 96 narratives
3252 1536 372 96 called
3696 1536 240 96 The
4016 1536 308 96 Lone
4408 1536 268 96 Star
4748 1540 464 108 cowboy
5280 1540 224 96 and

728 1680 96 92 A
876 1680 468 112 cowboy
1392 1672 672 100 detective."

736 1828 120 120 ©
944 1852 276 108 Apr.
1300 1848 168 104 22,
1556 1848 336 104 1927;
1984 1848 160 96 2c.
2232 1844 276 116 Apr.
2588 1844 204 112 25;
2884 1840 128 96 af
2988 1840 64 96 f
3060 1920 20 20 .
3164 1844 276 116 Apr.
3528 1848 64 92 2
3596 1844 64 92 3
3704 1868 20 88 ;
3816 1844 100 92 A
4000 1844 480 112 972854;
4576 1844 120 100 C.
4784 1848 128 96 A.
5008 1844 492 116 Siringo,

896 1984 720 116 Hollywood,
1712 1984 352 96 Calif.
2228 1980 604 120 (27-9369)
5024 1980 284 100 3393

732 2212 512 148 Smith,
1312 2208 264 152 Jay
1652 2204 668 128 Braisted
2388 2208 332 148 Roe,
2800 2212 316 120 1869
3124 2284 84 12 –
3532 2204 200 128 ed.

896 2396 336 128 New
1320 2392 388 132 York
1792 2396 332 128 laws
2212 2392 648 168 affecting
2944 2392 612 128 business
3644 2392 980 164 corporations,
4712 2396 804 168 containing

732 2584 224 124 the
1052 2584 644 124 Business
1788 2576 944 168 corporations
2820 2576 308 164 law,
3216 2580 232 124 the
3548 2576 588 132 General
4236 2580 872 164 corporation
5204 2584 304 160 law,

728 2772 228 124 the
1044 2764 420 136 Stock
1540 2764 872 164 corporation
2492 2764 308 160 law,
2880 2768 232 124 the
3200 2764 928 164 Membership
4216 2764 940 168 corporations
5248 2768 260 128 law

732 2956 272 124 and
1092 2996 724 80 numerous
1912 2948 540 128 articles
2544 2952 272 124 and
2912 2948 580 128 sections
3580 2948 156 128 of
3828 2956 388 124 other
4308 2956 632 160 chapters
5032 2952 156 128 of
5280 2956 228 128 the

732 3132 972 136 Consolidated
1776 3136 372 160 laws,
2224 3136 596 164 relating
2884 3152 144 112 to
3096 3136 612 128 business
3780 3136 980 164 corporations.
4924 3140 576 128 Revised

728 3336 136 112 to
932 3320 420 168 April
1416 3332 120 148 4,
1608 3320 360 132 1927.
2128 3324 232 124 8th
2432 3324 204 124 ed.
2788 3320 132 132 J.
2996 3324 160 124 B.
3224 3324 160 124 R.
3464 3320 500 164 Smith,
4032 3320 484 132 editor.
4668 3324 332 128 New
5080 3324 428 164 York,

724 3508 600 164 Albany,
1392 3504 520 132 United
1992 3504 452 132 States
2520 3504 872 164 corporation
3468 3552 672 120 company
4228 3508 420 160 [°1927
4656 3588 32 84 ]

892 3704 64 96 3
1016 3728 104 92 p.
1180 3704 40 92 l
1232 3776 52 40 .,
1344 3696 132 100 iii
1480 3756 76 12 –
1556 3700 368 116 xxxii,
1980 3700 212 100 429
2248 3728 104 88 p.
2492 3700 392 112 23ͨͫ.

732 3844 116 108 ©
916 3872 272 116 Apr.
1244 3872 168 112 25,
1476 3868 332 100 1927;
1872 3872 164 92 2c.
2092 3868 276 116 Apr.
2428 3868 196 116 27;
2692 3868 196 96 aff.
2948 3868 272 116 Apr.
3276 3872 200 112 26;
3540 3872 96 92 A
3696 3872 480 112 972926;
4248 3868 424 104 United
4744 3876 392 96 States
5196 3900 304 88 corp.

888 4032 164 72 co.
1220 4004 600 116 (27-9387)
5020 4008 284 100 3394

820 4244 80 128 …
980 4236 292 120 The
1368 4232 88 128 S
1468 4272 80 84 o
1556 4232 524 124 uthern
2176 4244 652 148 reporter.
3012 4276 120 80 v.
3236 4240 148 116 11
3400 4236 72 120 0
3488 4332 24 24 .
3692 4236 832 124 Permanent
4612 4236 200 124 ed.
4948 4244 80 128 …
5164 4236 332 124 with

888 4420 892 164 key-number
1872 4420 916 128 annotations.
2964 4420 740 124 December
3796 4428 192 152 11,
4088 4420 1124 168 1926–February
5308 4428 196 156 12,

900 4604 356 128 1927.
1424 4604 196 132 St.
1696 4608 396 160 Paul,
2160 4608 384 128 West
2616 4600 804 168 publishing
3492 4648 232 120 co.,
3804 4600 360 132 1927.

892 4804 316 100 xxvi.
1280 4804 272 96 1004
1616 4832 104 84 p.
1860 4804 64 92 2
1936 4804 544 108 6ͨͫ
2124 4880 20 20 .

728 4952 120 120 ©
932 4972 288 96 Mar.
1292 4972 168 112 26,
1536 4972 336 112 1927;
1948 4976 68 88 2
2016 4980 60 80 c
2092 5048 20 20 .
2188 4972 228 96 and
2492 4972 200 96 aff.
2768 4972 272 112 May
3116 4972 192 108 16;
3392 4972 96 92 A
3564 4972 480 112 990043;
4124 4976 328 92 West
4528 4972 256 116 pub.
4864 5000 160 72 co.

5012 5104 284 100 3395

716 5236 1076 128 Southwestern
1876 5236 688 148 reporter.

888 5420 708 128 Arkansas
1676 5420 664 128 decisions
2420 5420 632 160 reported
3136 5420 144 124 in
3356 5420 232 124 the
3672 5416 436 132 South
4192 5432 568 116 western
4844 5432 656 152 reporter,

724 5608 332 124 with
1120 5604 896 140 key-number
2080 5604 916 160 annotations,
3060 5604 328 128 vols.
3464 5612 244 120 282
3772 5616 140 116 to
3980 5604 284 160 287,
4332 5608 336 160 May
4732 5616 140 116 to
4944 5608 548 124 Decem-

720 5796 276 156 ber,
1068 5804 152 112 19
1232 5804 72 112 2
1316 5804 72 112 6
1484 5800 84 136 …
1768 5792 200 132 St.
2040 5796 396 156 Paul,
2500 5792 384 132 West
2952 5788 804 168 publishing
3824 5836 64 80 c
3896 5836 76 80 o
3988 5892 68 64 .,
4132 5804 152 112 19
4296 5796 76 116 2
4380 5788 112 128 7.

888 5988 500 100 Various
1456 5988 524 116 pagings.
2116 5992 1140 108 26ͨͫ.

728 6112 120 116 ©
936 6128 128 92 M
1064 6152 168 72 ar.
1316 6128 164 112 18,
1564 6124 340 112 1927;
1992 6128 164 96 2c.
2240 6140 64 76 a
2316 6128 152 92 nd
2552 6124 200 100 aff.
2836 6128 272 108 May
3192 6124 200 92 16;
3480 6124 96 92 A
3660 6124 476 112 990039;
4228 6128 324 92 West
4636 6124 260 116 pub.
4984 6152 124 64 co
5128 6204 16 16 .

5012 6256 284 100 3396

720 6384 632 148 Stanley,
1444 6384 396 168 Lady
1924 6384 672 152 Augusta
2680 6384 752 124 Frederica
3524 6380 740 128 Elizabeth
4380 6384 596 156 (Bruce)
5088 6392 320 116 1822
5412 6460 84 12 –

896 6572 360 128 1876.

888 6760 536 124 Letters
1516 6756 156 128 of
1756 6756 400 164 Lady
2240 6756 640 168 Augusta
2976 6752 612 164 Stanley,
3680 6800 76 80 a
3852 6796 464 124 young
4408 6752 328 168 lady
4832 6768 140 112 at
5068 6768 432 144 court,

732 6952 312 116 1849
1048 7020 88 16 –
1148 6948 360 156 1863,
1564 6940 452 128 edited
2076 6940 176 168 by
2312 6944 232 124 the
2600 6940 388 128 Dean
3048 6936 160 132 of
3260 6940 660 128 Windsor
3976 6940 272 128 and
4308 6940 520 128 Hector
4892 6940 604 128 Bolitho.

720 7128 332 124 New
1112 7124 428 164 York,
1600 7120 532 168 George
2192 7124 188 128 H.
2440 7128 472 124 Doran
2976 7168 672 120 company
3736 7128 168 144 [ͨ1
3896 7132 160 120 92
4060 7128 168 144 7]

892 7316 156 116 ix,
1112 7320 204 96 333
1380 7348 104 84 p.
1624 7316 392 116 front.,
2088 7320 404 116 plates,
2564 7324 392 112 ports.,
3020 7316 556 116 facsims.,
3644 7316 280 100 fold.
3996 7320 436 112 geneal.
4504 7316 232 100 tab.
4880 7316 644 108 22½ͨͫ.

728 7436 120 116 ©
920 7456 272 112 Apr.
1256 7460 168 108 22,
1492 7456 340 108 1927;
1908 7460 64 88 2
1976 7464 56 76 c
2048 7532 20 20 .
2140 7456 268 112 Apr.
2476 7456 196 112 23;
2752 7456 196 96 aff.
3020 7456 272 112 Apr.
3360 7456 196 108 25;
3636 7456 96 92 A
3800 7456 476 112 972866;
4360 7456 436 112 George
4868 7456 144 96 H.
5088 7456 396 96 Doran

888 7616 156 72 co.
1216 7592 600 116 (27-9244)
5000 7584 284 104 3397

712 7816 600 148 Tanner,
1400 7816 616 124 William
2100 7812 668 152 Maddux,
2856 7816 200 124 ed.

884 8000 576 124 Modern
1540 7996 620 128 familiar
2236 8044 488 116 essays,
2804 8000 448 124 edited
3336 7996 336 124 with
3752 7996 928 128 introduction
4760 8000 264 124 and
5104 8008 380 116 notes

716 8180 184 168 by
992 8180 620 132 William
1708 8180 188 124 M.
1992 8184 544 124 Tanner
2636 8196 84 128 …
2880 8184 264 124 and
3240 8184 168 124 D.
3512 8188 428 120 Barre
3948 8196 60 112 t
4012 8196 60 112 t
4160 8184 580 124 Tanner.
4924 8184 556 156 Boston,

716 8372 460 156 Little,
1260 8372 548 156 Brown,
1888 8372 268 124 and
2236 8412 712 120 company,
3036 8368 356 128 1927.

888 8564 152 112 xi,
1092 8564 208 96 368
1356 8592 104 88 p.
1600 8564 720 108 19½ͨͫ.

748 8716 80 112 ©
908 8700 272 112 Apr.
1236 8700 168 100 20,
1464 8700 272 92 1927
1764 8704 28 80 ;
1860 8700 164 96 2c.
2084 8704 228 88 and
2372 8700 196 96 aff.
2632 8700 268 116 Apr.
2960 8700 192 104 22;
3224 8704 96 92 A
3376 8700 416 96 976200
3812 8704 32 80 ;
3924 8700 384 112 Little,
4376 8704 456 104 Brown,
4896 8700 228 96 and
5188 8724 288 68 com-

884 8856 336 92 pany.
1392 8832 600 116 (27-9463)
4992 8828 280 100 3398

720 9052 760 156 Thinking,
1556 9060 668 160 speaking
2288 9060 272 124 and
2636 9060 564 160 writing
3276 9052 84 148 …
3504 9104 72 80 a
3648 9052 648 132 textbook
4368 9060 140 120 in
4584 9056 576 164 English
5244 9052 228 128 for

888 9240 228 124 the
1196 9244 556 124 seventh
1768 9280 44 92 [
1824 9244 520 160 -ninth]
2432 9288 328 120 year
2840 9248 72 132 …
3168 9244 332 128 New
3584 9244 428 160 York,
4092 9240 588 132 Newark
4776 9252 332 152 [etc.]
5208 9236 148 132 Si
5368 9240 40 124 l
5428 9316 40 20 -

888 9468 272 120 ver,
1224 9424 588 132 Burdett
1868 9428 268 124 and
2200 9472 668 120 company
2944 9416 168 172 [ͨ
3044 9416 412 148 1927]

2996 9720 240 124 518
