5968 10284
876 1044 536 152 Marsh,
1504 1044 588 132 Charles
2176 1044 684 152 Fielding.

1040 1232 292 128 The
1444 1232 320 124 four
1872 1244 308 148 post
2284 1232 300 160 bed,
2692 1232 180 160 by
2984 1228 568 132 Charles
3660 1228 648 168 Fielding
4408 1232 480 124 Marsh
4964 1236 84 144 …
5332 1232 328 124 New

880 1416 424 168 York,
1368 1420 176 128 D.
1612 1416 712 164 Appleton
2392 1416 268 124 and
2732 1456 712 120 company,
3516 1420 356 124 1927.

1040 1620 60 96 3
1172 1644 100 88 p.
1340 1620 108 112 1.,
1512 1620 208 96 302
1788 1644 104 88 p.
2040 1616 748 112 19½ͨͫ
2356 1656 20 56 .

884 1756 120 112 ©
1084 1788 272 112 May
1428 1788 164 108 27,
1668 1780 336 116 1927;
2084 1784 160 96 2c.
2320 1788 228 88 and
2624 1780 196 100 aff.
2900 1780 300 96 June
3272 1784 128 112 1;
3480 1780 92 96 A
3648 1780 60 92 9
3720 1780 60 92 9
3788 1780 132 96 03
3928 1780 56 92 4
4000 1780 60 96 3
4104 1804 24 88 ;
4208 1780 104 92 D
4324 1860 24 20 .
4420 1780 572 116 Appleton
5068 1784 88 96 &
5228 1808 164 72 co.

1068 1924 468 116 (27-123
1548 1920 60 96 6
1612 1920 124 112 4)
5168 1912 288 108 4475

876 2184 532 152 Mayer,
1480 2180 528 156 Joseph
2080 2180 624 152 Rosseel,
2784 2184 320 124 1887
3104 2260 72 16 –

1040 2372 296 128 The
1428 2416 396 84 seven
1920 2372 344 124 seals
2360 2368 156 124 of
2608 2368 576 152 science;
3288 2412 176 80 an
3560 2384 568 108 account
4216 2368 156 124 of
4460 2368 236 128 the
4788 2368 876 124 unfoldment

872 2556 156 128 of
1124 2556 548 164 orderly
1772 2552 804 168 knowledge
2668 2560 112 120 &
2880 2552 176 128 its
3156 2552 664 128 influence
3916 2596 176 84 on
4192 2552 512 128 human
4804 2552 472 132 affairs
5388 2552 220 168 (by

872 2744 520 164 Joseph
1504 2744 488 164 Mayer
2108 2752 92 144 …
2444 2740 328 132 New
2892 2740 388 124 York
3392 2744 112 124 &
3608 2740 120 124 L
3732 2784 80 80 o
3816 2740 412 164 ndon,
4340 2740 292 132 The
4744 2740 612 168 Century
5468 2784 192 84 co.

844 2940 84 132 [
928 2948 44 48 ͨ
980 2932 328 128 1927
1316 3008 32 84 ]

1040 3128 228 116 xiv,
1344 3128 204 96 444
1624 3156 104 88 p.
1868 3128 396 112 front.,
2340 3124 308 100 illus.
2720 3124 240 116 (inc
2968 3128 36 88 l
3020 3200 16 24 .
3116 3120 388 120 maps)
3600 3128 372 112 plates
3988 3200 20 24 ,
4084 3132 360 108 ports.
4584 3128 760 108 21½ͨͫ.
5216 3124 60 116 $
5284 3128 64 96 3
5360 3204 20 24 .
5392 3128 132 96 50

884 3288 120 116 ©
1072 3300 272 108 May
1404 3296 164 112 13,
1636 3292 336 112 1927;
2040 3296 160 96 2c.
2268 3296 116 88 M
2396 3316 60 68 a
2472 3320 68 88 y
2604 3292 196 112 17;
2872 3288 196 104 aff.
3132 3292 272 112 May
3472 3288 196 116 16;
3736 3288 100 96 A
3900 3288 480 116 990110;
4456 3292 512 116 Century
5036 3324 56 68 c
5104 3320 60 68 o
5176 3372 24 20 .

1064 3432 672 116 (27-12374)
5168 3424 292 104 4476

872 3656 648 156 Meynell,
1596 3656 724 132 Laurence
2388 3660 208 128 W.

1040 3844 360 164 Lois,
1472 3844 184 164 by
1728 3844 692 128 Laurence
2492 3844 216 128 W.
2788 3844 640 164 Meynell.
3608 3844 332 124 New
4016 3844 432 164 York,
4524 3848 172 124 D.
4772 3848 704 160 Appleton
5552 3852 112 120 &

868 4072 716 124 company,
1664 4028 364 128 1927.

1032 4236 64 88 4
1172 4260 100 88 p.
1340 4236 104 108 1.,
1512 4228 240 116 328,
1828 4276 28 72 [
1864 4236 92 88 1]
2036 4252 104 92 p.
2280 4224 756 120 19½ͨͫ.

880 4380 124 120 ©
1080 4404 272 108 May
1420 4400 168 112 27,
1660 4396 340 112 1927;
2076 4396 164 96 2c.
2312 4420 64 68 a
2388 4396 152 92 nd
2620 4420 60 68 a
2696 4392 120 100 ff.
2892 4392 300 100 June
3268 4392 124 112 1;
3476 4392 96 96 A
3644 4392 132 96 99
3784 4392 140 96 03
3924 4396 64 92 4
4000 4396 60 92 5
4100 4420 24 88 ;
4204 4396 140 96 D.
4416 4396 572 116 Appleton
5068 4396 84 96 &
5224 4424 160 72 co.

1068 4536 468 116 (27-123
1548 4532 60 96 6
1616 4536 124 112 7)
5172 4528 284 108 4477

872 4756 556 152 Michie,
1500 4756 616 128 Thomas
2184 4756 680 148 Johnson,
2940 4756 196 124 ed.

1044 4948 292 124 The
1412 4944 948 164 encyclopedic
2440 4948 444 160 digest
2960 4940 156 132 of
3188 4944 652 164 Virginia
3924 4948 268 124 and
4268 4948 384 124 West
4732 4948 648 164 Virginia
5460 4992 196 80 re-

876 5152 420 144 ports.
1480 5132 320 128 1927
1896 5132 904 164 supplement,
2896 5132 408 164 being
3396 5176 80 80 a
3572 5132 664 164 complete
4332 5132 956 164 encyclopedia
5388 5136 272 124 and

876 5324 448 164 digest
1408 5324 156 124 of
1648 5324 188 120 all
1920 5320 232 128 the
2236 5320 652 164 Virginia
2984 5320 268 124 and
3340 5320 388 128 West
3812 5320 648 164 Virginia
4552 5364 296 84 case
4936 5324 264 120 law
5296 5320 364 128 from

876 5512 536 124 volume
1520 5512 236 120 139
1860 5524 140 108 to
2104 5512 540 120 volume
2752 5512 236 116 144
3084 5504 652 164 Virginia
3844 5516 576 152 reports,
4524 5508 328 124 both
4964 5508 696 164 inclusive,

876 5696 268 124 and
1252 5696 364 124 from
1720 5696 532 124 volume
2360 5700 152 116 95
2616 5708 140 112 to
2864 5696 532 120 volume
3508 5700 64 116 1
3588 5700 76 116 0
3680 5700 64 116 1
3844 5696 388 128 West
4328 5696 652 164 Virginia
5084 5708 576 152 reports,

876 5880 324 128 both
1268 5880 700 160 inclusive,
2032 5880 436 128 under
2528 5880 228 124 the
2824 5876 640 128 editorial
3532 5880 856 164 supervision
4460 5880 152 128 of
4680 5884 152 124 T.
4904 5880 132 132 J.
5108 5880 552 164 Michie,

876 6072 568 124 assisted
1560 6068 184 164 by
1860 6064 172 128 A.
2152 6068 600 124 Hewson
2872 6068 544 124 Michie.
3672 6064 1156 168 Charlottesville,
4948 6072 300 156 Va.,
5372 6072 288 124 The

872 6256 508 124 Michie
1464 6300 712 116 company,
2264 6252 360 132 1927.

1036 6480 104 84 x,
1220 6452 272 96 1252
1560 6476 104 88 p.
1800 6448 684 108 24½ͨͫ.

880 6600 124 116 ©
1076 6624 268 112 May
1408 6620 164 112 20,
1644 6620 336 112 1927;
2052 6624 160 92 2c.
2280 6624 232 92 and
2576 6616 200 100 aff.
2848 6620 268 112 May
3180 6616 196 112 25;
3452 6616 92 96 A
3612 6616 136 96 99
3756 6616 64 96 0
3824 6620 64 96 3
3900 6620 60 96 8
3964 6624 128 112 2;
4168 6616 428 100 Michie
4660 6644 164 76 co.
5164 6612 288 108 4478

880 6844 692 152 Milanesi,
1648 6844 492 152 Guido,
2216 6844 320 128 1872
2540 6924 84 16 –

1124 7036 80 144 …
1284 7036 76 124 I
1436 7032 504 164 palpiti
2024 7028 356 128 della
2460 7048 364 108 terra
2936 7032 672 164 (romanzi
3692 7080 76 76 a
3844 7032 324 164 due)
4372 7036 476 160 Roma,
4928 7032 172 128 A.
5196 7032 456 160 Stock,

888 7228 356 120 1925.

1044 7416 208 96 216
1324 7444 104 88 p.
1572 7416 64 92 2
1644 7412 1080 112 0ͨͫ.

880 7576 124 116 ©
1096 7588 268 96 Dec.
1444 7584 168 112 31,
1708 7580 336 116 1925;
2204 7592 144 112 1c.
2384 7580 268 100 Jan.
2740 7584 168 112 22,
2996 7580 336 116 1927;
3428 7580 96 96 A
3528 7640 144 8 —
3680 7580 488 116 Foreign
4260 7584 276 96 3291
4544 7584 64 92 0
4648 7608 20 88 ;
4772 7584 300 100 Casa
5164 7580 480 100 editrice

1040 7720 476 96 Alberto
1612 7720 380 96 Stock.
2156 7712 672 120 (27-12808)
5160 7712 288 104 4479

884 7940 532 152 Milton,
1504 7940 416 152 John,
2016 7952 316 116 1608
2336 8020 84 16 –
2432 7944 356 124 1674.

1048 8128 980 164 Areopagitica
2148 8128 272 124 and
2536 8128 392 124 other
3040 8172 392 116 prose
3548 8128 628 164 writings
4284 8128 184 164 by
4576 8132 372 128 John
5064 8132 572 152 Milton;

884 8316 212 124 edi
1104 8328 60 112 t
1172 8316 160 124 ed
1396 8316 168 120 wi
1576 8328 60 112 t
1640 8316 88 120 h
1800 8360 168 76 an
2036 8316 144 120 in
2188 8328 56 108 t
2252 8316 716 124 roduction
3032 8312 180 164 by
3272 8316 620 128 William
3956 8316 232 124 Ha
4196 8320 48 120 l
4252 8320 200 124 ler
4536 8328 76 144 …
4816 8312 336 132 New
5212 8312 428 164 York,

876 8504 288 124 The
1248 8500 804 128 Macmillan
2136 8544 708 120 company,
2944 8500 356 128 1927.

1040 8696 280 112 xvii,
1384 8696 204 100 170
1648 8724 104 88 p.
1820 8696 116 96 in
1948 8700 96 92 cl
2064 8772 16 24 .
2144 8696 360 100 front.
2636 8696 684 108 19ͨͫ.
3084 8696 296 116 (The
3448 8700 476 96 modern
3988 8696 508 100 readers'
4568 8696 420 120 series)

1044 8868 656 96 CONTENTS.
1740 8920 144 16 —
1920 8864 96 96 A
2028 8892 272 88 reop
2304 8892 64 68 a
2380 8892 72 88 g
2456 8864 36 96 i
2504 8872 44 92 t
2556 8864 212 100 ica.
2812 8920 144 16 —
2988 8864 1020 120 Autobiography:
4144 8868 344 96 From
4612 8868 244 96 The
4984 8892 412 72 reason
5524 8864 124 100 of

872 9000 432 100 church
1384 9008 780 108 government,
2244 9000 180 96 An
2500 9004 488 112 apology
3068 9000 192 100 for
3344 9000 920 120 Smectymnuus,
4344 9004 244 96 The
4668 9008 416 92 second
5168 9004 472 96 defence

876 9140 128 92 of
1076 9136 196 96 the
1340 9140 400 112 people
1816 9136 124 96 of
2016 9136 564 116 England.
2584 9192 112 16 —
2732 9136 156 96 Of
2960 9136 652 100 education.
3616 9192 112 16 —
3760 9136 244 108 The
4084 9140 360 116 ready
4524 9140 228 96 and
4828 9164 276 92 easy
5188 9164 256 88 way
5524 9144 116 92 to

872 9272 560 96 establish
1508 9300 64 68 a
1652 9276 248 92 free
1976 9276 984 96 commonwealth.

888 9408 124 108 ©
1100 9444 268 112 May
1452 9444 168 108 24,
1708 9444 56 88 1
1780 9444 60 92 9
1848 9444 196 108 27;
2136 9444 124 88 2c
2268 9476 24 52 .
2388 9444 228 96 and
2704 9444 196 96 aff.
2988 9448 272 108 May
3348 9444 192 112 25;
3640 9444 92 92 A
3824 9444 132 96 99
3964 9444 64 96 0
4036 9444 264 112 247;
4396 9444 672 96 Macmillan
5156 9468 160 72 co.

1044 9576 784 96 introduction
1916 9580 224 92 and
2220 9604 76 68 n
2304 9604 64 68 o
2376 9580 172 92 tes
2760 9580 668 112 (27-12404)
5152 9568 288 104 4480

3156 9808 244 124 682
