5968 10284
728 608 204 100 173

732 964 644 148 Nadaud,
1444 956 564 148 Marcel,
2092 956 312 120 1889
2412 1028 88 12 –

968 1172 84 128 …
1136 1152 256 124 Les
1476 1144 516 168 grands
2072 1140 532 128 drames
2692 1124 880 172 passionnels.
3752 1116 448 164 Paris,
4288 1112 1208 168 Georges-Anque-

824 1344 228 148 til,
1008 1344 352 120 1926.

896 1532 204 100 368
1164 1556 104 92 p.
1408 1528 312 92 illus.
1860 1520 616 124 19ͨͫ.

900 1700 148 96 At
1108 1696 300 96 head
1464 1692 124 96 of
1648 1692 324 96 title:
2040 1684 436 96 Marcel
2532 1676 500 100 Nadaud
3092 1672 84 96 &
3232 1672 324 92 Andr
3552 1672 68 96 é
3688 1668 344 112 Fage.

908 1836 172 96 On
1136 1852 400 76 cover:
1596 1824 172 96 De
1828 1844 420 88 casque
2312 1816 240 96 d'or
2652 1832 76 108 à
2752 1812 128 92 M
2876 1816 196 88 ata
3080 1800 380 100 -Hari.

900 1960 752 116 Advertising
1704 1960 492 92 matter:
2264 1980 104 88 p.
2424 1944 520 100 363–368.

744 2124 124 116 ©
932 2136 264 92 Jan.
1256 2128 164 112 12,
1484 2124 200 96 192
1696 2124 60 92 6
1800 2152 20 80 ;
1888 2124 60 88 1
1948 2144 100 80 c.
2120 2124 112 88 M
2244 2140 164 72 ar.
2480 2116 124 108 9;
2676 2112 100 92 A
2776 2164 104 12 —
2924 2104 496 112 Foreign
3488 2104 64 96 3
3560 2104 60 88 1
3632 2104 60 96 3
3704 2104 60 92 3
3772 2100 68 96 0
3876 2128 24 84 ;
3976 2092 1140 120 Georges-Anquetil.

924 2264 192 116 (27
1116 2320 72 12 –
1192 2260 332 112 4533)
5096 2232 212 100 173

744 2488 672 136 National
1488 2484 824 128 conference
2384 2476 152 124 of
2604 2468 528 132 Jewish
3212 2464 424 124 social
3708 2460 580 124 service.

904 2672 908 164 Proceedings
1924 2668 156 124 of
2184 2668 228 120 the
2524 2656 656 132 National
3288 2648 792 128 conference
4192 2644 156 128 of
4464 2644 524 132 Jewish
5096 2644 420 124 social

740 2868 500 128 service
1340 2872 144 112 at
1576 2860 228 124 the
1900 2852 504 128 annual
2508 2840 504 132 session
3108 2840 324 124 held
3528 2836 144 124 in
3780 2828 788 164 Cleveland,
4676 2824 404 168 Ohio,
5180 2832 336 160 May

740 3060 76 116 2
824 3060 368 148 3–26,
1256 3052 152 116 19
1416 3052 76 116 2
1504 3052 72 116 6
1648 3056 72 144 …
1944 3036 332 128 New
2344 3032 428 160 York,
2836 3028 284 124 The
3188 3020 660 132 National
3912 3012 796 132 conference
4772 3008 156 132 of
4996 3012 516 132 Jewish

740 3236 412 128 social
1212 3228 544 156 service,
1824 3228 356 120 1926.

908 3456 100 84 v,
1064 3424 204 100 365
1324 3452 104 88 p.
1576 3420 400 112 tables,
2040 3416 424 108 diagrs.
2536 3408 324 116 (part
2916 3400 344 116 fold.)
3424 3400 68 92 2
3496 3404 1008 132 3½ͨͫ.

756 3588 120 116 ©
960 3596 264 96 Jan.
1300 3588 96 116 5,
1468 3584 340 112 1927;
1888 3584 160 96 2c.
2128 3584 228 88 and
2432 3576 192 96 aff.
2708 3576 260 92 Jan.
3048 3572 60 96 6
3152 3596 20 84 ;
3252 3568 100 92 A
3432 3568 204 96 963
3644 3564 64 96 0
3716 3564 196 116 28;
4000 3564 560 96 National
4636 3564 684 96 conference
5400 3560 124 100 of

912 3724 440 100 Jewish
1420 3720 360 96 social
1848 3716 468 96 service.
5112 3692 212 100 174

752 3960 340 120 New
1168 3948 384 124 York
1660 3940 516 164 (State)
2380 3940 432 152 Laws,
2892 3944 608 140 statutes,
3584 3944 232 104 etc.

916 4132 968 140 Gilbert-Bliss
1972 4128 324 124 civil
2380 4120 592 164 practice
3052 4112 156 128 of
3288 4116 228 124 the
3600 4128 348 112 state
4032 4108 156 128 of
4272 4112 332 124 New
4696 4108 432 164 York,
5216 4152 304 84 con-

748 4324 540 164 taining
1372 4324 228 120 the
1696 4312 364 132 Civil
2156 4308 588 164 practice
2836 4316 256 148 act,
3184 4300 232 124 the
3516 4296 860 164 Surrogate's
4468 4308 388 112 court
4948 4308 260 148 act,
5296 4296 228 124 the

752 4512 520 128 Justice
1352 4516 388 112 court
1820 4512 212 112 act
2116 4496 268 124 and
2468 4492 188 124 all
2736 4488 384 124 other
3212 4484 592 164 practice
3892 4492 280 116 acts
4260 4480 268 128 and
4612 4480 228 128 the
4928 4480 364 128 rules
5372 4476 156 132 of

752 4696 324 124 civil
1152 4688 592 164 practice
1832 4684 268 120 and
2188 4680 388 124 other
2656 4684 384 112 court
3128 4672 400 156 rules,
3612 4668 336 124 with
4044 4668 936 124 amendments
5068 4680 140 112 to
5296 4668 232 124 the

752 4880 344 124 close
1164 4872 152 128 of
1380 4872 232 124 the
1676 4864 856 168 Legislature
2600 4856 152 128 of
2828 4864 364 152 1926,
3260 4852 740 124 annotated
4072 4852 336 124 with
4480 4864 384 112 notes
4940 4848 156 128 of
5164 4852 360 160 judi-

756 5064 260 124 cial
1076 5056 656 128 decisions
1796 5064 140 112 to
1996 5048 364 128 June
2432 5052 108 152 1,
2612 5048 320 120 1926
3020 5064 80 144 …
3224 5040 456 124 edited
3740 5036 180 168 by
3984 5036 480 128 Frank
4524 5040 164 124 B.
4760 5036 544 128 Gilbert
5408 5056 80 144 …

756 5248 292 124 Aus
1056 5260 56 108 t
1120 5244 140 124 in
1344 5244 160 120 B.
1592 5236 300 132 Grif
1896 5236 44 120 f
1940 5244 136 112 in
2164 5232 272 124 and
2524 5228 372 128 John
2984 5228 156 120 T.
3228 5228 116 120 F
3356 5224 744 160 itzpatrick
4152 5244 72 144 …
4440 5224 332 124 with
4868 5224 660 160 complete

756 5432 548 120 indexes
1384 5420 672 164 prepared
2132 5420 180 160 by
2392 5416 132 120 A
2528 5416 48 120 l
2588 5416 260 120 den
2936 5412 104 116 I.
3128 5408 712 128 Rosbrook
3912 5432 84 132 …
4248 5452 84 80 v
4344 5508 24 24 .
4464 5416 192 116 15.
4756 5408 772 128 Children's

756 5624 384 112 court
1196 5624 316 108 acts.
1656 5608 328 124 New
2048 5596 432 160 York,
2536 5596 492 160 Baker,
3088 5592 592 128 Voorhis
3740 5600 108 116 &
3908 5596 740 160 company;
4716 5592 816 164 Northport,

760 5796 164 128 N.
1008 5796 212 136 Y.,
1304 5788 604 128 Edward
1988 5784 788 160 Thompson
2856 5820 740 120 company;
3688 5780 332 124 New
4108 5780 392 124 York
4576 5780 272 124 and
4936 5780 600 164 Albany,

760 5980 660 124 Matthew
1504 5972 536 124 Bender
2120 5972 100 116 &
2300 6008 712 120 company,
3096 5964 1004 164 incorporated,
4188 5964 364 128 1927.

932 6172 64 96 3
1052 6196 104 88 p.
1212 6172 40 92 l
1268 6240 52 44 .,
1380 6164 200 96 105
1640 6192 104 88 p.
1884 6164 276 96 26cm.

776 6312 124 116 ©
980 6336 260 96 Jan.
1312 6336 96 112 3,
1480 6332 204 96 192
1696 6332 56 92 7
1792 6356 24 84 ;
1896 6332 160 96 2c.
2136 6332 224 88 and
2440 6324 196 96 aff.
2716 6328 256 92 Jan.
3052 6324 60 96 5
3156 6348 20 88 ;
3260 6324 100 92 A
3432 6324 68 96 9
3508 6324 60 92 5
3576 6324 336 112 7988;
4000 6328 572 96 Matthew
4644 6328 456 92 Bender
5180 6324 84 96 &
5336 6348 200 96 co.,

936 6468 248 112 inc.,
1268 6468 416 112 Baker,
1760 6460 492 96 Voorhis
2332 6460 84 96 &
2492 6484 128 68 co
2636 6536 20 20 .
5128 6456 200 104 175

772 6700 340 124 New
1184 6692 428 124 York.
1788 6684 1000 152 Metropolitan
2860 6720 644 88 museum
3576 6684 152 124 of
3796 6688 276 124 art.

996 6884 84 132 …
1164 6872 748 164 Catalogue
1972 6868 156 128 of
2188 6868 748 164 paintings,
2988 6868 180 164 by
3236 6872 540 160 Bryson
3844 6868 816 168 Burroughs
4764 6884 84 132 …
5032 6868 232 128 8th
5332 6868 204 128 ed.

776 7064 328 128 New
1168 7060 428 160 York,
1660 7064 356 116 1926.

944 7252 228 112 xiv,
1228 7252 208 96 424
1488 7276 136 88 p.,
1684 7252 64 92 1
1804 7252 40 92 l
1860 7324 20 24 .
2016 7252 388 108 front.,
2472 7248 308 100 illus.
2844 7248 392 116 (plan)
3320 7252 408 112 plates,
3796 7256 360 108 ports.
4296 7252 648 108 22ͨͫ.

940 7388 156 96 At
1148 7388 296 92 head
1504 7388 128 92 of
1692 7384 324 96 title:
2076 7388 244 92 The
2380 7384 832 112 Metropolitan
3268 7408 524 72 museum
3864 7384 120 96 of
4048 7392 224 88 art.

948 7520 224 100 "Of
1236 7520 232 96 this
1540 7504 600 124 catalogue
2216 7524 68 112 …
2404 7516 236 96 this
2708 7520 400 112 eighth
3176 7520 440 96 edition
3688 7520 124 96 of
3880 7528 196 88 ten
4148 7520 580 96 thousand
4800 7520 380 116 copies
5256 7516 288 100 with

780 7652 616 112 additions,
1472 7652 732 112 corrections,
2276 7652 228 96 and
2576 7652 784 96 illustrations
3436 7676 244 72 was
3752 7640 464 128 printed
4292 7652 660 116 December,
5028 7652 376 96 1926."

792 7764 116 112 ©
984 7792 268 92 Dec.
1320 7788 172 112 31,
1564 7792 44 88 1
1632 7784 132 96 92
1772 7788 64 92 6
1876 7812 20 88 ;
1976 7784 160 96 2c.
2216 7788 260 92 Jan.
2552 7784 96 112 6,
2724 7780 332 100 1927;
3144 7788 196 96 aff.
3420 7792 264 92 Jan.
3764 7792 128 112 3;
3972 7792 96 92 A
4144 7788 204 100 958
4360 7784 132 100 60
4500 7792 128 112 2;
4712 7780 836 124 Metropolitan

948 7944 520 72 museum
1540 7920 120 92 of
1732 7924 224 108 art,
2032 7924 276 88 New
2380 7916 344 100 York.
2892 7920 600 116 (27–1370)
5132 7920 212 100 176

780 8144 464 148 Olsen,
1332 8144 396 124 Hans
1816 8144 768 148 Christian,
2680 8152 316 116 1892
3000 8224 80 12 –

956 8328 288 124 The
1352 8328 368 124 work
1832 8324 152 128 of
2084 8328 492 128 boards
2680 8328 156 128 of
2944 8328 760 164 education,
3804 8332 180 164 by
4084 8336 396 124 Hans
4592 8328 152 136 C.
4856 8328 420 136 Olsen
5392 8432 84 24 ..

792 8508 328 132 New
1212 8512 384 124 York
1684 8512 316 164 city,
2088 8516 660 124 Teachers
2840 8516 544 160 college,
3476 8516 720 132 Columbia
4284 8520 800 164 university,
5180 8520 324 120 1926

968 8708 240 112 viii,
1288 8708 204 96 170
1568 8732 104 92 p.
1812 8708 752 108 23½ͨͫ.
2324 8708 632 112 (Teachers
3036 8716 460 112 college,
3580 8712 600 100 Columbia
4268 8712 684 116 university.
5096 8708 444 100 Contri-

808 8844 464 96 butions
1332 8852 112 88 to
1512 8840 644 116 education,
2216 8868 180 72 no.
2460 8844 260 116 213)

976 8980 620 96 Published
1672 8980 240 92 also
1984 9004 132 68 as
2196 8980 364 96 thesis
2660 8980 124 116 (P
2792 9004 92 72 H
2896 9056 24 20 .
2996 8984 156 112 D.)
3252 8984 600 96 Columbia
3936 8984 680 112 university,
4692 8984 312 96 1926.

976 9112 896 116 Bibliography:
1952 9136 104 92 p.
2136 9112 520 100 168–169.

804 9212 120 108 ©
1004 9252 264 92 Dec.
1336 9248 96 112 2,
1504 9244 200 96 192
1720 9240 64 88 6
1816 9276 24 84 ;
1916 9248 160 96 2c.
2152 9252 256 88 Jan.
2488 9244 160 116 10,
2724 9252 56 88 1
2792 9248 60 92 9
2864 9252 192 108 27;
3140 9252 196 96 aff.
3412 9252 260 96 Jan.
3752 9252 124 112 7;
3956 9248 100 92 A
4128 9252 64 96 9
4200 9252 200 96 630
4408 9248 192 116 94;
4688 9252 576 92 Teachers
5332 9244 220 96 col-

964 9384 272 108 lege,
1316 9380 596 92 Columbia
1992 9380 308 96 univ.
2468 9384 600 112 (27–1352)
5140 9380 208 100 177

3096 9616 160 116 26
