5920 10300
180 1020 648 144 Arabian,
912 1016 640 128 Michael.

324 1200 556 168 Joykin,
992 1200 180 168 by
1288 1200 592 128 Michael
1992 1200 656 128 Arabian.
2828 1200 324 128 New
3292 1200 412 156 York,
3824 1200 348 124 Boni
4292 1208 96 116 &
4516 1200 388 128 Live-

172 1392 400 164 right,
648 1388 356 128 1927.

324 1592 60 96 3
392 1592 68 96 0
464 1592 60 96 3
592 1616 100 88 p.
836 1584 680 116 19½ͨͫ
1148 1628 28 52 .

172 1748 116 124 ©
360 1752 256 96 Feb.
676 1752 168 108 28,
908 1752 56 92 1
976 1752 64 84 9
1048 1752 192 108 27;
1312 1748 160 96 2c.
1540 1752 288 92 Mar.
1896 1752 192 108 12;
2164 1748 124 96 af
2276 1748 52 96 f
2340 1824 20 24 .
2424 1748 124 92 M
2552 1776 164 72 ar.
2784 1752 52 92 1
2852 1752 64 92 0
2956 1776 20 84 ;
3048 1752 96 92 A
3208 1748 64 88 9
3280 1748 132 96 72
3416 1752 64 92 3
3488 1748 192 112 74;
3760 1752 92 92 B
3864 1780 60 64 o
3936 1776 72 68 n
4016 1748 36 96 i
4120 1752 84 96 &
4272 1748 464 120 Liverig
4740 1752 76 92 h
4832 1752 68 116 t,

324 1892 212 92 inc.
704 1884 592 116 (27-6914)
4420 1880 284 104 2297

172 2112 884 148 Armstrong,
1144 2108 528 124 Robert
1756 2108 448 128 Corne
2212 2108 92 124 ll
2320 2208 28 24 .

320 2292 768 128 Buddhism
1148 2296 268 124 and
1488 2292 760 128 Buddhists
2308 2292 140 124 in
2508 2296 508 156 Japan,
3072 2292 184 164 by
3316 2292 508 128 Robert
3892 2292 548 132 Cornell
4500 2296 400 124 Arm-

156 2524 60 84 s
220 2496 404 148 trong
704 2488 84 136 …
1020 2476 332 128 New
1432 2476 428 160 York,
1944 2480 284 124 The
2312 2476 500 128 Macmi
2824 2480 96 124 ll
2936 2524 172 80 an
3188 2524 708 116 company,
3984 2488 148 116 19
4144 2484 76 120 2
4228 2480 112 124 7.

324 2676 156 96 vii
564 2704 132 88 p.,
776 2676 64 96 2
920 2676 36 96 l
968 2752 56 36 .,
1108 2676 200 96 144
1388 2704 104 84 p.
1636 2676 676 108 18ͨͫ.
2064 2720 28 68 [
2096 2676 244 96 The
2420 2676 460 96 world's
2964 2676 356 116 living
3412 2676 576 112 religions,
4068 2676 164 96 ed.
4324 2680 64 92 b
4400 2704 68 80 y
4552 2680 124 96 F.
4760 2680 104 96 K
4880 2760 20 20 .

164 2812 496 96 Sanders
720 2812 224 96 and
1012 2812 144 96 H.
1220 2812 120 96 P.
1404 2812 464 108 Beach]

324 2948 160 92 "A
548 2944 308 96 brief
920 2944 632 96 annotated
1616 2940 940 116 bibliography":
2636 2968 100 88 p.
2804 2944 200 92 141
3008 2996 76 16 –
3084 2944 236 96 144.

164 3052 116 108 ©
348 3076 120 88 M
472 3108 164 64 ar.
696 3076 160 104 29,
924 3076 272 96 1927
1224 3084 28 80 ;
1320 3080 164 92 2c.
1548 3100 60 72 a
1624 3076 152 96 nd
1836 3076 196 96 aff.
2100 3076 124 88 M
2224 3100 132 72 ar
2372 3152 20 20 .
2448 3076 140 96 30
2628 3100 20 84 ;
2720 3076 96 92 A
2880 3076 64 92 9
2948 3076 268 96 7231
3228 3076 64 92 9
3332 3100 20 84 ;
3428 3076 668 96 Macmillan
4164 3100 128 72 co
4304 3156 20 20 .

344 3212 588 116 (27-6986)
4420 3212 280 100 2298

164 3432 848 148 Aylsworth,
1096 3432 576 124 Martha
1756 3432 660 152 Edgerly.

320 3624 412 124 Verse
804 3624 512 128 stories,
1384 3620 180 164 by
1632 3624 560 120 Martha
2268 3624 612 160 Edgerly
2952 3620 832 156 Aylsworth.
3944 3628 392 160 Long
4412 3624 496 160 Beach,

164 3800 452 164 Calif.,
684 3808 484 120 Worth
1252 3808 400 124 while
1728 3800 800 168 publishing
2600 3848 668 120 company
3380 3808 396 144 [ͨ1926
3788 3884 28 84 ]

312 4016 68 76 x
388 4016 68 76 v
476 4076 16 24 .
564 4004 200 92 157
832 4028 96 88 p.
1000 4004 120 92 in
1132 4028 52 72 c
1192 4004 72 96 l.
1340 4004 400 112 plates,
1816 4008 292 108 port.
2256 4004 612 104 18ͨͫ.

208 4148 72 108 ©
352 4140 264 112 Apr.
680 4136 164 112 20,
916 4136 324 112 1926;
1316 4144 156 96 2c.
1544 4144 216 88 and
1836 4136 196 96 aff.
2104 4140 256 96 Jan.
2432 4140 160 112 10,
2664 4136 332 100 1927;
3072 4136 92 104 A
3232 4136 136 96 96
3372 4144 60 92 3
3440 4140 136 92 06
3584 4144 124 108 7;
3788 4148 104 88 M
3912 4216 20 24 .
4008 4144 120 96 E.
4200 4144 696 108 Aylsworth,

320 4276 308 112 Long
696 4276 96 88 B
804 4276 304 108 each.
1196 4276 340 96 Calif.
4416 4276 280 100 2299

168 4492 516 148 Beutel,
768 4496 748 128 Frederick
1596 4496 664 152 Keating.

312 4684 640 124 Business
1044 4684 680 160 problems
1816 4684 132 124 in
2048 4684 232 124 the
2372 4684 256 124 law
2724 4684 152 120 of
2972 4728 552 120 agency,
3616 4684 180 160 by
3888 4684 740 128 Frederick
4716 4688 180 124 K.

168 4868 96 120 B
276 4908 160 80 eu
444 4880 56 108 t
508 4912 64 76 e
576 4868 48 120 l
736 4860 80 148 …
1024 4944 28 80 [
1064 4868 232 124 Pit
1304 4880 60 112 t
1368 4868 556 164 sburgh]
2016 4868 284 128 The
2380 4868 280 128 Uni
2672 4912 84 80 v
2764 4868 416 164 ersity
3256 4868 148 128 of
3472 4868 168 128 Pi
3652 4884 56 112 t
3716 4868 612 164 tsburgh,
4408 4868 92 136 S
4516 4920 64 76 c
4588 4876 256 124 hoo
4852 4876 40 120 l

152 5048 144 124 of
360 5052 596 124 business
1032 5052 1148 152 administration,
2248 5056 904 156 Department
3224 5052 152 128 of
3436 5056 604 124 business
4108 5056 304 160 law,
4540 5052 316 144 ͨ1927
4872 5156 24 28 .

312 5252 60 88 2
440 5276 96 88 p.
604 5252 36 92 l
656 5324 52 40 .,
776 5248 132 100 92
972 5276 104 88 p.
1216 5248 404 100 forms.
1756 5248 680 104 23ͨͫ.

316 5384 376 96 Blank
768 5408 344 92 pages
1192 5384 816 112 interspersed.

316 5520 816 116 Autographed
1204 5516 308 96 from
1592 5516 788 120 type-written
2456 5544 316 88 copy.

164 5648 108 108 ©
364 5652 256 96 Feb.
704 5652 52 92 1
772 5652 64 92 0
848 5724 20 32 ,
948 5652 44 92 1
1020 5660 64 88 9
1088 5648 132 96 27
1264 5676 16 72 ;
1368 5652 156 96 2c.
1612 5652 228 92 and
1924 5648 112 96 af
2036 5648 80 100 f.
2204 5652 264 92 Feb.
2552 5648 132 96 15
2728 5676 20 64 ;
2844 5652 88 92 A
3012 5652 136 92 96
3152 5652 60 92 3
3224 5652 124 96 71
3364 5652 60 88 5
3468 5676 20 72 ;
3584 5652 120 96 F.
3792 5656 136 92 K.
4016 5660 432 96 Beutel,
4544 5660 348 96 Pitts-

312 5788 400 112 burgh.
880 5784 596 116 (27-6905)
4412 5788 280 104 2300

164 6008 448 148 Block,
696 6012 680 124 Edmond.

308 6192 484 164 Digest
868 6196 156 128 of
1100 6200 232 124 the
1408 6196 588 164 Reports
2076 6192 152 128 of
2308 6200 232 120 the
2628 6192 652 164 Supreme
3360 6208 384 116 court
3820 6200 152 124 of
4052 6200 228 128 the
4356 6204 532 160 Philip-

152 6380 304 160 pine
528 6380 608 160 Islands;
1220 6384 808 160 Repertorio
2104 6384 164 124 de
2340 6380 120 124 la
2544 6380 1100 160 jurisprudencia
3716 6384 576 164 filipina,
4360 6388 180 160 by
4616 6388 276 124 Ed-

152 6568 396 124 mond
628 6564 432 128 Block
1132 6568 268 124 and
1480 6568 184 120 H.
1744 6568 724 120 Lawrence
2540 6564 472 156 Noble,
3088 6564 564 132 assisted
3732 6568 180 144 by
3984 6572 228 124 the
4284 6572 604 160 publish-

148 6796 60 72 e
224 6748 168 128 rs'
468 6748 572 128 editoria
1048 6752 48 124 l
1172 6748 268 128 staf
1444 6748 52 124 f
1508 6852 24 24 .
1696 6752 648 124 Volumes
2432 6756 60 116 1
2576 6764 136 112 to
2788 6756 156 116 45
3024 6792 148 84 co
3184 6796 84 76 v
3272 6752 392 160 ering
3744 6800 64 80 a
3824 6756 104 120 ll
4008 6756 356 124 decis
4372 6756 36 124 i
4428 6804 164 76 on
4608 6804 60 76 s
4744 6804 76 76 o
4836 6756 60 124 f

152 6936 216 124 the
452 6932 652 164 Supreme
1184 6948 380 116 court
1648 6936 152 124 of
1876 6936 232 124 the
2188 6932 804 164 Philippine
3072 6936 544 124 Islands
3696 6940 268 128 and
4048 6944 228 124 the
4360 6944 528 160 Philip-

160 7116 300 160 pine
564 7120 656 128 decisions
1328 7120 152 124 of
1584 7124 228 120 the
1932 7116 656 164 Supreme
2692 7132 384 108 court
3180 7116 152 124 of
3436 7120 228 128 the
3768 7124 508 128 United
4400 7128 492 132 States,

152 7304 136 124 th
304 7348 76 80 o
392 7352 60 76 r
460 7348 76 80 o
548 7308 264 152 ugh
828 7308 32 120 l
880 7352 88 116 y
1056 7348 264 84 ann
1332 7320 132 108 ot
1484 7308 348 156 ated,
1924 7304 168 124 wi
2108 7320 56 108 t
2168 7304 88 120 h
2348 7300 684 128 reference
3120 7312 136 116 to
3344 7308 228 120 the
3660 7308 124 120 R
3792 7356 68 76 e
3872 7356 244 112 por
4124 7324 48 108 t
4188 7360 60 72 s
4336 7312 136 124 in
4568 7316 76 116 b
4656 7360 72 68 o
4740 7320 140 120 th

168 7492 192 120 En
376 7492 140 156 gl
528 7492 104 124 is
628 7488 88 120 h
820 7492 260 124 and
1180 7492 588 160 Spanish
1856 7492 88 132 …
2192 7536 120 76 v.
2408 7496 108 116 1.
2604 7488 396 124 Aban
3016 7488 72 124 d
3112 7532 72 76 o
3188 7508 224 104 nm
3436 7536 152 80 en
3608 7504 48 112 t
3748 7508 140 112 to
3980 7492 428 132 Court
4496 7544 64 80 r
4576 7548 64 76 u
4664 7500 44 124 l
4716 7548 172 80 es.

164 7680 748 128 Rochester,
968 7680 168 120 N.
1200 7676 212 148 Y.,
1472 7672 568 136 Manila,
2096 7680 156 120 P.
2312 7672 80 124 I
2408 7776 68 52 .,
2536 7672 288 128 The
2880 7672 640 164 Lawyers
3580 7680 912 160 co-operative
4556 7680 328 168 pub-

160 7860 496 164 lishing
720 7908 704 116 company,
1500 7860 356 128 1927.

312 8052 104 100 vi
436 8132 20 24 .
532 8052 244 96 1001
876 8088 100 84 p.
1120 8056 52 96 f
1184 8084 52 64 r
1244 8064 228 88 ont.
1544 8056 408 112 (port.)
2112 8056 64 96 2
2184 8056 1020 108 3½ͨͫ.

320 8192 172 96 "It
576 8192 100 96 is
756 8192 368 116 hoped
1212 8192 260 96 that
1556 8192 788 116 supplements
2428 8188 240 96 will
2748 8188 136 96 be
2968 8188 384 96 issued
3436 8192 308 92 from
3836 8192 272 96 time
4196 8200 116 92 to
4400 8200 272 92 time
4760 8228 52 68 a
4836 8228 52 72 s

160 8332 236 88 new
468 8332 508 88 volumes
1048 8324 124 96 of
1240 8328 196 96 the
1508 8328 492 112 Reports
2072 8320 996 120 appear."—Pref.

148 8456 76 104 ©
348 8452 116 88 M
468 8488 160 68 ar.
700 8464 52 88 1
768 8460 88 96 1,
924 8460 332 100 1927;
1328 8464 160 92 2c.
1556 8460 220 92 and
1848 8456 196 96 aff.
2116 8452 288 100 Mar.
2472 8456 192 92 23;
2740 8456 96 92 A
2900 8448 260 100 9721
3184 8456 60 88 8
3248 8456 128 92 4;
3464 8460 112 92 E.
3660 8460 368 92 Block,
4104 8456 364 104 Iloilo,
4548 8468 340 100 Iloilo

320 8596 356 96 Prov.,
748 8596 116 96 P.
940 8592 252 104 L.,
1132 8596 228 92 and
1432 8596 144 96 H.
1648 8596 616 92 Lawrence
2336 8588 388 112 Noble,
2800 8588 480 96 Manila.
3448 8588 596 116 (27-6904)
4408 8596 276 104 2301

168 8812 728 128 Bostwick.
980 8816 584 128 Charles
1652 8812 628 148 Francis,
2376 8816 316 120 1866
2696 8888 84 12 –

312 8996 660 132 Medina's
1048 8996 792 132 Bostwick's
1916 8996 616 164 lawyers'
2604 8996 616 156 manual;
3308 9040 72 80 a
3460 8996 328 128 desk
3852 9004 352 128 book
4276 9004 220 132 for
4572 9012 308 124 law-

152 9220 332 124 yers,
572 9184 260 124 law
920 9232 68 76 c
992 9188 44 120 l
1052 9184 300 128 erks
1444 9188 264 124 and
1796 9184 48 124 l
1856 9228 204 80 aw
2148 9228 56 80 s
2216 9196 144 112 tu
2376 9180 384 124 dents
2852 9220 244 84 con
3104 9192 56 112 t
3172 9180 472 164 aining
3736 9232 320 112 prac
4068 9200 56 116 t
4132 9188 192 132 ice
4416 9192 68 124 f
4492 9236 392 120 orms,

152 9368 876 168 suggestions,
1088 9368 412 164 hints,
1568 9368 900 164 explanatory
2520 9376 420 148 notes,
3004 9404 608 92 common
3680 9368 428 132 forms
4172 9376 152 124 of
4388 9372 512 144 instru-

2420 9652 248 136 353
