5920 10300
172 924 628 152 Hughes,
872 924 308 148 Ray
1256 924 556 148 Osgood
1816 996 120 20 —
2008 920 760 132 Continued

336 1116 324 116 xviii,
728 1116 236 116 607,
1028 1124 36 88 l
1076 1148 72 64 x
1220 1148 100 84 p.
1464 1124 204 88 col.
1740 1116 392 116 front.,
2208 1116 340 116 illus.,
2624 1116 372 116 plates
3064 1116 324 116 (part
3460 1116 268 116 col.)
3820 1124 356 108 ports.
4240 1116 324 116 (part
4636 1116 272 120 col.)

176 1276 356 88 maps.
676 1252 60 92 2
748 1252 648 104 1ͨͫ.

340 1388 84 96 C
436 1384 464 96 ontains
964 1384 936 116 bibliographies.

176 1492 108 112 ©
360 1524 276 108 July
704 1516 164 116 25,
940 1520 328 108 1927;
1340 1520 160 100 2c.
1580 1520 304 112 Sept.
1952 1520 64 92 6
2056 1544 20 84 ;
2152 1520 196 96 aff.
2424 1520 304 112 Sept.
2800 1524 120 92 1:
3004 1520 88 92 A
3164 1520 544 96 1004016:
3784 1520 344 112 Allyn
4204 1520 80 92 &
4360 1524 416 92 Bacon.

352 1656 664 116 (27-18864)
4436 1652 284 100 7427

168 1880 756 148 Hunziker,
996 1880 336 128 Otto
1404 1880 408 148 Fred,
1892 1876 312 128 1873
2216 1956 84 16 –

336 2064 288 128 The
700 2064 456 128 butter
1228 2064 676 164 industry,
1984 2068 676 156 prepared
2740 2064 224 128 for
3048 2064 576 168 factory,
3708 2064 500 164 school,
4288 2068 272 128 and
4644 2068 280 124 lab-

168 2260 588 152 oratory.
920 2248 168 124 2d
1164 2248 248 160 ed.,
1488 2248 808 168 completely
2368 2248 736 128 rewritten.
3272 2256 220 156 By
3568 2248 332 132 Otto
3980 2256 160 124 F.
4216 2252 716 128 Hunziker

332 2440 84 128 …
500 2432 200 124 La
760 2432 596 164 Grange,
1416 2432 268 160 Ill.,
1744 2436 292 124 The
2100 2436 532 156 author,
2704 2432 356 128 1927.

336 2624 64 96 9
456 2652 104 84 p.
624 2628 36 88 1
676 2696 52 40 .,
796 2624 196 96 682
1064 2652 72 88 p
1136 2664 24 52 .
1308 2624 36 92 i
1352 2628 300 112 llus.,
1716 2628 428 112 diagrs.
2288 2628 684 104 23½ͨͫ.

340 2756 900 100 "References":
1316 2788 68 84 p
1396 2836 20 20 .
1488 2760 60 92 5
1556 2760 128 96 93
1692 2816 72 8 –
1768 2760 132 96 60
1908 2764 96 96 2.

336 2892 748 116 Advertising
1144 2896 492 92 matter:
1704 2924 100 88 p.
1876 2896 204 96 627
2080 2952 68 8 –
2152 2896 240 96 682.

172 3004 108 112 ©
360 3028 284 112 Aug.
712 3028 160 92 25,
948 3028 332 108 1927;
1356 3028 156 96 2c.
1592 3028 304 116 Sept.
1968 3036 124 92 3;
2172 3028 196 96 aff.
2448 3032 300 112 Sept.
2824 3036 192 88 12:
3100 3036 92 88 A
3264 3032 540 112 1004119;
3892 3036 84 96 O
3996 3112 16 20 .
4092 3036 120 96 F.
4288 3036 632 116 Hunziker,

332 3164 164 92 La
576 3168 156 88 Gr
740 3192 56 68 a
816 3192 212 84 nge
1040 3240 20 36 ,
1136 3168 92 88 II
1204 3168 28 88 1
1296 3240 20 20 .
1484 3168 668 112 (27-18877)
4436 3168 280 100 7428

160 3388 656 148 Jackson,
900 3388 780 152 Chevalier,
1776 3400 308 116 1865
2092 3468 88 16 –

336 3576 1048 164 Bronchoscopy
1464 3580 268 120 and
1816 3580 1164 160 esophagoscopy;
3068 3624 76 80 a
3224 3584 552 120 manual
3848 3580 160 128 of
4084 3588 544 156 peroral
4712 3632 216 80 en-

168 3760 236 128 dos
412 3784 72 92 c
488 3804 268 116 opy
840 3764 264 120 and
1192 3764 116 120 la
1332 3764 568 164 ryngeal
1980 3808 608 120 surgery,
2676 3764 176 164 by
2940 3764 460 128 Cheva
3408 3768 44 120 l
3464 3768 196 124 ier
3740 3768 592 128 Jackson
4416 3764 84 144 …
4752 3780 80 116 2
4840 3776 84 120 d

172 3948 240 156 ed.,
492 3968 344 104 reset
916 3948 324 124 with
1332 3952 232 124 179
1652 3948 904 128 illustrations
2640 3952 332 124 with
3052 3968 228 108 ten
3364 3956 364 120 color
3808 3956 468 160 plates.
4460 3960 464 124 Phila-

164 4132 552 164 delphia
792 4136 268 120 and
1132 4136 612 156 London,
1824 4136 212 128 W.
2120 4140 112 120 B
2256 4240 20 20 .
2360 4132 688 132 Saunders
3124 4184 712 116 company,
3916 4144 352 124 1927.

332 4328 64 92 2
464 4356 100 88 p.
632 4324 40 88 l
684 4404 52 40 .,
804 4328 128 92 11
940 4384 68 12 –
1012 4328 204 96 457
1280 4356 100 88 p.
1560 4332 340 112 illus.,
1980 4356 72 68 x
2128 4336 200 88 col.
2400 4360 68 88 p
2468 4336 44 88 l
2528 4408 20 20 .
2612 4332 248 112 (inc
2856 4336 40 88 l
2916 4412 16 20 .
3004 4336 412 108 front.)
3584 4328 752 104 24½ͨͫ.

336 4468 280 92 Part
688 4464 124 92 of
884 4468 192 92 the
1152 4468 372 112 plates
1596 4468 816 112 accompanied
2484 4468 144 112 by
2700 4472 368 112 guard
3140 4472 384 96 sheets
3604 4472 284 96 with
3964 4472 692 116 descriptive
4728 4476 200 100 let-

176 4604 532 108 terpress.

336 4732 892 116 Bibliography:
1288 4760 100 88 p.
1448 4732 516 100 420–428.

360 4868 288 112 Aug.
716 4872 160 96 31,
952 4872 328 104 1927;
1356 4876 160 92 2c.
1588 4876 224 92 and
1884 4872 192 100 aff.
2156 4876 300 112 Sept.
2532 4880 60 88 3
2636 4900 16 72 :
2736 4876 88 92 A
2896 4880 544 92 1004041:
3524 4884 128 92 W
3672 4960 16 16 .
3768 4888 84 88 B
3876 4960 16 16 .
3972 4880 588 104 Saunders
4624 4908 132 80 Co
4768 4964 20 20 .

356 5004 468 116 (27-188
828 5008 64 88 3
900 5008 120 108 9)
4444 5016 280 100 7429

168 5192 884 152 Keyserling,
1136 5196 724 128 Hermann
1948 5196 844 152 Alexander,
2872 5204 328 160 graf
3280 5240 316 112 von,
3692 5216 312 116 1880
4008 5284 88 16 –

404 5388 84 132 …
572 5376 1080 168 Wiedergeburt.
1820 5388 852 160 Darmstadt,
2756 5384 116 132 O
2892 5492 24 20 .
2996 5388 424 128 Reich
3428 5392 48 124 l
3488 5488 32 64 ,
3600 5392 360 128 1927.

340 5568 64 96 5
408 5568 64 96 9
480 5568 68 96 0
616 5600 100 84 p.
860 5568 60 88 2
920 5568 1020 108 0ͨͫ.

344 5704 148 92 At
552 5708 296 96 head
912 5708 124 96 of
1096 5708 320 96 title:
1484 5712 296 92 Graf
1840 5712 600 96 Hermann
2504 5712 720 120 Keyserling.

180 5808 112 112 ©
372 5840 92 92 A
476 5864 68 88 p
552 5868 84 68 r.
708 5844 164 104 14,
944 5844 56 92 1
1016 5844 60 92 9
1080 5848 64 88 2
1160 5848 56 92 7
1260 5868 20 84 ;
1356 5844 56 92 1
1428 5868 84 72 c.
1588 5848 68 92 J
1672 5872 68 68 u
1752 5872 136 68 ne
1960 5848 192 108 24;
2236 5852 96 88 A
2332 5904 96 12 —
2484 5852 84 88 F
2580 5876 60 68 o
2652 5852 240 112 reig
2904 5880 68 68 n
3044 5856 68 92 3
3120 5856 136 92 50
3256 5856 60 88 2
3332 5856 56 92 7
3432 5880 20 84 ;
3536 5856 196 96 Ott
3744 5888 64 64 o
3888 5856 272 96 Reic
4168 5860 72 88 h
4252 5864 28 88 ]
4364 5888 64 64 v
4436 5864 356 112 erlag.

356 5976 668 116 (27-18990)
4440 5992 284 104 7430

172 6164 880 152 Kluckhohn,
1132 6168 472 152 Clyde.

336 6348 200 128 To
624 6348 228 128 the
940 6348 296 128 foot
1320 6352 152 128 of
1556 6356 224 124 the
1872 6356 668 160 rainbow;
2636 6408 68 80 a
2796 6364 268 128 tale
3148 6360 156 132 of
3384 6368 836 164 twenty-five
4304 6372 624 128 hundred

176 6532 376 128 miles
652 6532 152 128 of
896 6536 796 164 wandering
1784 6584 172 80 on
2044 6548 740 124 horseback
2876 6552 596 160 through
3568 6556 224 120 the
3884 6556 732 124 southwest
4712 6604 212 80 en-

172 6720 576 124 chanted
844 6720 48 120 l
904 6720 312 160 and,
1308 6720 176 168 by
1580 6720 108 132 C
1696 6724 48 120 l
1752 6724 260 164 yde
2104 6728 136 124 K
2252 6732 44 120 l
2304 6732 632 124 uckhohn
3032 6720 92 144 …
3368 6736 328 128 New
3792 6740 292 124 Yor
4092 6740 88 124 k
4196 6840 28 64 ,
4312 6744 616 136 London,

176 6900 288 128 The
532 6900 608 168 Century
1204 6952 188 80 co.
1480 6908 56 112 [
1536 6908 24 112 ͨ
1572 6908 356 128 1927]

336 7100 244 116 xiii,
652 7104 204 92 276
928 7128 100 88 p.
1172 7104 388 116 front.,
1632 7108 408 112 plates.
2180 7108 64 96 2
2252 7096 648 112 0½ͨͫ
2508 7188 20 24 .
2808 7108 312 120 $3.50

340 7236 332 112 Maps
740 7264 140 68 on
952 7236 864 120 lining-papers.

248 7384 16 32 ©
372 7368 304 112 Sept.
736 7368 92 100 9.
892 7368 136 96 19
1032 7372 64 92 2
1108 7372 56 92 7
1192 7384 28 80 ;
1292 7372 64 92 2
1364 7396 60 68 c
1436 7452 16 16 .
1520 7376 224 92 and
1804 7376 196 96 aff.
2072 7376 308 116 Sept.
2444 7380 192 108 13;
2712 7380 88 92 A
2868 7380 548 120 1004109;
3488 7384 512 120 Century
4064 7416 160 72 co.

368 7504 660 112 (27-18949)
4444 7524 280 100 7431

184 7692 588 148 Korson,
848 7692 540 156 George
1464 7696 680 156 Gershon,
2224 7752 144 76 co
2380 7752 128 80 m
2516 7752 132 116 p.

348 7872 436 168 Songs
864 7880 268 124 and
1208 7880 524 128 ballads
1812 7888 156 120 of
2040 7888 228 128 the
2348 7896 760 124 anthracite
3176 7896 500 164 miner;
3764 7944 76 80 a
3912 7948 364 80 seam
4348 7900 156 128 of
4576 7904 352 124 folk-

184 8060 276 124 lore
560 8064 440 124 which
1096 8108 320 84 once
1516 8112 248 80 ran
1860 8072 596 164 through
2556 8076 252 128 life
2904 8080 148 120 in
3144 8084 232 124 the
3468 8088 352 124 hard
3916 8088 288 124 coal
4304 8088 384 128 fields
4776 8092 156 124 of

188 8244 1048 164 Pennsylvania,
1356 8252 652 160 gathered
2140 8260 264 124 and
2532 8264 448 124 edited
3100 8264 184 164 by
3404 8264 528 168 George
4056 8272 164 128 G.
4348 8272 580 128 Korson.

184 8428 328 124 New
580 8428 424 164 York,
1076 8432 152 124 F.
1296 8432 184 128 H.
1556 8432 764 132 Hitchcock
2396 8436 52 112 [
2448 8436 28 112 ͨ
2492 8440 396 144 1927]

340 8628 68 92 4
476 8656 100 84 p.
648 8628 36 88 l
696 8704 52 36 .,
820 8628 160 96 vii
984 8684 72 8 –
1060 8632 400 112 xxviii,
1536 8632 200 96 196
1804 8660 100 88 p.
2044 8628 760 104 21½ͨͫ
2372 8716 20 20 .

352 8760 612 96 "Author's
1040 8768 652 112 autograph
1768 8768 540 100 edition."

352 8892 348 96 "This
780 8896 428 112 special
1292 8900 436 96 edition
1812 8904 212 92 has
2108 8904 276 96 been
2468 8908 460 112 printed
3012 8912 188 96 for
3276 8916 512 96 advance
3872 8920 748 120 subscribers,
4700 8928 228 96 and

184 9028 280 92 each
540 9052 288 88 copy
908 9028 96 96 is
1088 9032 624 96 numbered
1800 9040 228 88 and
2108 9040 400 112 signed
2592 9044 144 108 by
2820 9044 196 96 the
3100 9052 452 96 author.
3700 9052 284 96 This
4064 9080 284 92 copy
4432 9056 96 96 is
4616 9084 312 68 num-

184 9160 196 92 ber
452 9160 236 96 57."

196 9280 112 112 ©
396 9292 68 92 S
476 9296 220 108 ept.
768 9296 96 108 7,
936 9296 328 100 1927;
1340 9300 64 88 2
1412 9324 56 68 c
1484 9376 16 20 .
1576 9304 224 88 and
1872 9300 192 100 aff.
2148 9300 300 116 Sept.
2528 9308 52 92 1
2592 9308 128 96 2:
2796 9308 96 92 A
2964 9308 336 96 10041
3312 9316 60 88 3
3384 9316 124 96 0:
3592 9320 124 96 G.
3792 9320 92 92 G
3900 9396 16 20 .
3996 9324 488 100 Korson.
4560 9324 368 96 Eliza-

352 9416 296 124 beth,
724 9428 132 96 N.
932 9432 68 92 J
1016 9508 20 16 .
1204 9432 664 120 (27-18997)
4448 9456 280 100 7432

2424 9572 312 116 1119
