5968 10284
2792 9568 328 120 1814

564 912 752 152 Spectator
1384 948 740 116 company,
2192 912 336 124 New
2612 912 424 128 York.

740 1128 324 132 Fire
1148 1128 716 128 insurance
1944 1132 372 160 laws,
2392 1140 388 116 taxes
2860 1128 268 128 and
3208 1124 348 164 fees;
3648 1128 800 168 containing
4532 1176 76 80 a
4692 1132 448 164 digest
5216 1132 156 128 of

572 1320 224 124 the
884 1332 688 148 statutory
1656 1316 980 164 requirements
2724 1320 144 120 in
2956 1316 232 124 the
3276 1316 524 128 United
3896 1312 452 132 States
4440 1320 268 124 and
4804 1316 560 132 Canada

572 1508 600 164 relating
1268 1516 136 116 to
1504 1504 244 128 fire
1848 1504 716 128 insurance
2660 1504 772 164 companies
3536 1504 272 128 and
3912 1516 516 152 agents,
4524 1508 336 124 with
4952 1552 416 120 many

568 1692 780 164 quotations
1416 1692 368 124 from
1848 1692 236 124 the
2144 1704 640 144 statutes;
2864 1692 280 124 also
3212 1732 72 84 a
3348 1692 896 160 compilation
4308 1692 156 124 of
4524 1708 500 152 county
5096 1696 272 128 and

568 1880 756 164 municipal
1396 1892 384 112 taxes
1856 1880 272 124 and
2204 1876 320 128 fees.
2704 1876 324 128 27th
3104 1880 508 124 annual
3688 1884 248 156 ed.,
4008 1924 268 80 rev.
4356 1892 136 116 to
4572 1876 796 168 September

576 2080 112 148 1,
752 2076 148 116 19
912 2076 72 116 2
996 2068 80 124 7
1164 2076 84 136 …
1476 2064 648 168 Chicago,
2184 2068 336 124 New
2584 2064 436 164 York,
3076 2068 292 124 The
3440 2064 720 164 Spectator
4224 2112 712 124 company,
5000 2076 152 116 19
5164 2080 76 112 2
5248 2068 112 132 7.

728 2268 212 96 648
1004 2292 108 92 p.
1252 2264 644 112 24ͨͫ.

576 2416 120 120 ©
776 2440 268 96 Dec.
1124 2436 160 116 19,
1364 2436 140 92 19
1500 2440 76 88 2
1576 2440 128 108 7;
1784 2440 64 88 2
1856 2448 52 80 c
1928 2512 20 20 .
2028 2436 268 100 Dec.
2368 2436 200 112 22;
2652 2432 200 100 aff.
2932 2436 268 96 Dec.
3276 2436 200 112 28;
3560 2432 100 96 A
3740 2436 56 92 1
3808 2436 64 92 0
3880 2432 208 96 139
4092 2440 60 88 3
4164 2432 124 116 5;
4380 2432 608 120 Spectator
5068 2464 164 72 co.

4792 2568 356 104 12207

564 2800 596 148 Steffen,
1240 2800 548 148 Albert,
1880 2804 320 120 1884
2204 2876 80 12 –

880 3020 88 144 …
1056 3020 1028 160 Begegnungen
2240 3012 260 128 mit
2656 3008 540 132 Rudolf
3360 3012 576 132 Steiner.
4188 3016 100 124 Z
4292 3020 92 120 ü
4392 3012 980 168 rich-Leipzig,

564 3204 728 132 Grethlein
1356 3208 112 124 &
1536 3248 236 116 co.,
1848 3208 360 124 1926.

732 3404 132 96 16
872 3404 64 100 9
1020 3432 108 92 p.
1268 3404 364 96 front.
1700 3404 416 116 (port.)
2276 3404 620 108 20ͨͫ.

576 3548 116 124 ©
776 3576 276 112 May
1124 3576 168 112 27,
1372 3576 60 92 1
1440 3572 72 96 9
1504 3576 68 92 2
1584 3572 68 96 6
1688 3596 20 88 ;
1792 3576 160 92 1c.
2032 3572 244 96 Oct.
2360 3568 164 116 15,
2600 3572 336 108 1927;
3024 3568 744 116 A-Foreign
3844 3576 64 92 3
3924 3572 56 96 5
3992 3572 264 112 986;
4348 3572 604 96 Grethlein
5036 3576 84 92 &
5200 3596 156 72 co.

756 3708 532 120 (28-314)
4784 3700 356 104 12208

564 4000 636 156 Sterling
1280 4000 472 128 offices
1820 4000 596 128 limited.

732 4224 132 124 A
944 4224 536 168 history
1560 4220 156 128 of
1796 4220 912 164 reinsurance,
2788 4220 340 128 with
3212 4220 724 164 sidelights
4020 4264 172 84 on
4280 4220 788 164 insurance;
5156 4224 208 128 of-

568 4408 384 132 fered
1040 4456 144 84 as
1272 4456 76 80 a
1432 4420 672 116 memento
2188 4404 156 132 of
2428 4404 328 168 fifty
2840 4408 432 164 years'
3356 4408 512 128 service
3948 4408 148 128 in
4184 4408 236 128 the
4504 4408 864 132 reinsurance

568 4600 476 160 world,
1116 4596 180 164 by
1380 4596 620 164 Sterling
2076 4596 424 128 offices
2576 4596 540 128 limited
3180 4596 76 148 …
3436 4596 680 164 compiled
4192 4596 180 164 by
4456 4596 152 132 C.
4696 4596 160 128 E.
4948 4596 412 136 Gold-

564 4784 280 168 ing,
944 4824 200 88 LL.
1252 4828 80 80 D
1344 4880 72 64 .,
1516 4828 176 84 on
1792 4780 912 132 information
2812 4784 648 128 collected
3564 4784 184 164 by
3856 4780 620 172 Sterling
4580 4780 428 132 offices
5116 4784 244 132 ltd.

564 4972 620 160 London,
1264 4972 584 124 Printed
1936 4972 224 124 for
2244 4968 544 164 private
2872 4968 812 128 circulation
3764 4972 180 164 by
4028 4972 748 132 Waterlow
4860 4976 112 120 &
5056 5016 312 88 sons

564 5160 292 160 ltd.,
928 5156 360 132 1927.

728 5356 240 116 108,
1044 5348 196 128 [75]
1320 5380 104 92 p.
1492 5356 44 92 i
1540 5380 140 72 nc
1688 5360 36 88 l
1740 5432 20 20 .
1832 5380 72 92 p
1908 5356 40 96 l
1960 5428 60 40 .,
2088 5356 128 96 fa
2228 5380 56 72 c
2292 5380 56 72 s
2352 5356 160 96 im
2520 5380 88 72 s.
2756 5352 684 112 24½ͨͫ.

576 5480 116 120 ©
760 5512 156 112 1c.
972 5528 176 92 De
1156 5552 56 68 c
1224 5604 20 20 .
1308 5528 160 112 14,
1536 5524 336 112 1927;
1936 5528 96 88 A
2096 5528 144 92 ad
2300 5524 212 100 int.
2572 5524 56 92 1
2640 5524 272 92 0393
2956 5548 24 88 ;
3044 5524 344 112 pubd.
3452 5524 284 96 Nov.
3800 5524 196 112 14;
4068 5524 512 116 Sterling
4644 5528 404 108 offices,
5116 5516 240 124 ltd.,

732 5660 508 96 London.
1412 5660 328 116 (28-2
1748 5660 64 96 6
1816 5660 200 120 56)
4780 5656 352 104 12209

560 5960 648 144 Stevens,
1288 5952 548 156 George
1904 5952 480 152 Webb,
2468 5960 320 120 1861
2788 6032 92 12 –
3300 5952 204 128 ed.

740 6176 604 132 Stevens'
1416 6176 928 160 index-digest
2420 6172 152 128 of
2640 6172 668 128 decisions
3376 6168 156 132 of
3592 6176 232 124 the
3896 6168 660 168 Supreme
4624 6192 388 108 court
5084 6180 272 124 and

572 6368 432 128 Court
1100 6360 156 132 of
1348 6364 564 160 appeals
2004 6360 152 124 of
2252 6360 640 160 Georgia,
2988 6360 272 124 and
3356 6408 72 76 a
3524 6360 364 124 table
3976 6360 156 124 of
4228 6360 188 124 all
4512 6404 396 88 cases.
5092 6368 256 124 Ed.

564 6552 184 168 by
836 6552 156 124 L.
1088 6552 404 124 Thos.
1596 6548 504 128 Gillen.
2276 6544 628 164 Atlanta,
3004 6544 288 128 The
3392 6544 688 128 Harrison
4172 6592 712 120 company,
4992 6552 356 128 1927.

728 6752 72 96 2
856 6776 104 72 v.

572 6904 120 124 ©
764 6920 244 96 Oct.
1076 6916 168 116 13,
1312 6916 336 112 1927;
1716 6916 164 96 2c.
1948 6916 284 92 each
2300 6912 248 100 Oct.
2616 6912 52 92 1
2688 6912 60 96 5
2792 6936 20 88 ;
2888 6912 200 96 aff.
3160 6912 248 96 Oct.
3476 6912 48 92 1
3548 6912 124 112 4;
3748 6912 96 92 A
3912 6916 56 92 1
3984 6912 132 96 00
4124 6916 336 108 7714;
4540 6916 580 96 Harrison
5188 6944 164 76 co.

4776 7044 356 108 12210

560 7248 524 148 Storm,
1164 7240 552 156 Lesley.

732 7448 440 180 Lady,
1236 7460 376 128 what
1672 7456 156 132 of
1896 7456 336 128 life?
2420 7460 216 164 By
2708 7460 480 164 Lesley
3272 7456 504 132 Storm.
3952 7456 580 128 London
4616 7472 284 120 [etc.
4912 7540 36 84 ]
5036 7456 316 136 Cas-

568 7652 244 124 sell
876 7648 272 124 and
1212 7688 720 124 company,
1992 7644 248 128 ltd.
2328 7640 408 140 [1927]

732 7844 68 92 4
860 7868 104 92 p.
1028 7844 36 92 l
1080 7916 56 40 .,
1196 7840 384 116 3-297,
1656 7840 92 104 [1
1752 7860 36 84 ]
1852 7864 108 92 p.
2088 7836 712 112 20ͨͫ
2348 7912 24 24 .

580 7984 116 124 ©
788 8012 60 92 1
848 8020 100 88 c.
1048 8012 308 112 Sept.
1444 8008 168 112 23,
1704 8008 336 112 1927;
2136 8008 100 92 A
2324 8008 148 96 ad
2560 8008 208 96 int.
2860 8008 60 88 1
2932 8004 204 96 005
3140 8008 128 112 2;
3368 8008 340 112 pubd.
3800 8008 288 112 Aug.
4180 8008 196 108 18;
4476 8008 380 96 Mabel
4952 8012 396 96 Doran

732 8144 384 116 Clark,
1200 8144 508 96 London.
1880 8140 600 116 (28-1997)
4768 8140 352 100 12211

560 8432 676 152 Sullivan,
1316 8432 372 132 John
1772 8432 612 132 William
2464 8432 516 152 Navin,
3072 8436 324 124 1886
3400 8508 80 20 –

732 8652 852 160 Beethoven;
1652 8648 212 132 his
1932 8648 644 164 spiritual
2644 8652 992 160 development,
3696 8648 180 168 by
3940 8648 136 132 J.
4144 8652 216 128 W.
4428 8652 168 128 N.
4672 8648 668 132 Sullivan.

564 8836 332 128 New
960 8836 436 164 York,
1452 8836 172 124 A.
1692 8836 172 124 A.
1932 8832 544 168 Knopf,
2544 8828 360 136 1927.

724 9032 160 116 xi,
944 9028 216 100 262
1220 9056 136 92 p.,
1380 9024 100 88 1
1552 9028 36 96 l
1600 9108 24 20 .
1776 9028 788 112 22½ͨͫ
2100 9104 28 28 .

572 9160 120 120 ©
764 9204 288 96 Nov.
1124 9200 164 116 18,
1364 9196 336 116 1927;
1776 9200 164 96 2c.
2016 9200 280 96 Nov.
2368 9200 204 112 21;
2648 9196 200 100 aff.
2920 9200 284 96 Nov.
3276 9200 200 108 23;
3552 9196 100 96 A
3724 9200 56 92 1
3796 9196 68 96 0
3868 9196 56 92 1
3936 9196 60 96 3
4008 9196 136 96 82
4148 9196 68 96 0
4252 9220 24 92 ;
4356 9196 108 96 J.
4536 9200 172 92 W.
4784 9196 132 96 N.
5000 9196 336 96 Sulli-

728 9360 260 92 van,
1076 9336 312 96 Chob
1396 9336 76 88 h
1480 9360 220 88 am,
1792 9336 460 112 Surrey,
2336 9336 572 112 England.
3080 9328 528 120 (28-467)
4756 9324 360 108 12212
