5968 10284
3252 9436 320 120 1018

972 752 520 144 Bevan,
1572 748 680 152 Marjorie
2264 824 96 16 –
2452 744 772 128 Continued

1140 952 64 92 3
1272 976 100 88 p.
1440 948 40 92 l
1496 1020 56 40 .,
1624 948 200 92 154
1896 972 96 88 p.
2132 948 204 92 col.
2408 944 392 112 front.,
2876 944 408 112 plates.
3420 940 756 116 19ͨͫ.
3864 940 144 116 (L
4020 948 168 92 ett
4200 968 120 72 er
4332 968 52 72 e
4396 944 72 96 d
4540 968 144 72 on
4756 968 200 72 cov
4968 968 176 72 er:
5212 944 244 96 The
5528 944 208 96 Ta-

972 1088 288 92 bard
1332 1080 360 96 series
1756 1080 128 96 of
1948 1080 676 96 handbooks
2696 1080 120 96 of
2888 1076 480 116 English
3440 1076 508 116 history)

1140 1220 152 92 At
1360 1220 296 92 head
1728 1220 120 92 of
1920 1216 320 96 title:
2316 1216 240 92 The
2624 1216 468 96 Tabard
3160 1212 584 96 histories.

984 1328 112 112 ©
1268 1344 152 112 1c.
1456 1356 284 108 Aug.
1836 1352 96 116 2,
2024 1352 336 112 1927;
2464 1348 96 96 A
2656 1352 144 92 ad
2896 1348 208 100 int.
3200 1348 336 116 9835;
3636 1348 304 116 pubd
3960 1428 16 16 .
4076 1348 304 104 June
4472 1352 56 88 1
4544 1348 68 96 0
4648 1376 20 84 ;
4780 1348 556 116 Sampson
5436 1348 292 96 Low.

1148 1492 112 92 M
1272 1516 56 68 a
1352 1516 116 68 rs
1480 1496 116 92 to
1604 1516 72 68 n
1744 1488 84 96 &
1896 1512 192 88 co.,
2164 1492 200 92 ltd.
2536 1488 464 112 (27-176
3000 1488 72 88 8
3080 1488 124 112 2)
5260 1480 280 104 6746

972 1716 524 148 Bevan,
1572 1716 388 124 Tom.

1212 1916 84 128 …
1380 1904 292 124 The
1752 1900 484 132 Stuart
2312 1900 520 164 period,
2908 1900 176 164 by
3164 1900 340 124 Tom
3584 1900 472 124 Bevan
4132 1924 84 128 …
4456 1900 572 128 London
5036 1956 36 88 ,
5160 1900 128 128 S.
5380 1900 368 164 Low,

984 2092 436 124 Marst
1432 2132 72 84 o
1512 2136 88 76 n
1668 2092 108 120 &
1836 2136 240 112 co.,
2136 2088 244 124 ltd.
2468 2096 52 108 [
2512 2084 352 128 1927]

1144 2288 68 92 4
1280 2312 100 92 p.
1452 2288 36 92 l
1504 2360 52 40 .,
1628 2284 200 96 167
1896 2312 100 88 p.
2136 2284 388 112 front.,
2596 2284 308 96 illus.
2972 2280 444 116 (maps)
3504 2284 408 112 plates,
3988 2284 356 112 ports.
4488 2284 60 96 1
4560 2284 684 108 9ͨͫ.
4936 2284 32 112 (
4988 2288 332 92 Lette
5328 2308 124 72 re
5464 2288 72 96 d
5604 2312 60 68 o
5680 2312 72 68 n

984 2452 388 72 cover:
1436 2424 240 92 The
1744 2420 464 96 Tabard
2276 2428 360 88 series
2708 2420 120 96 of
2896 2420 676 96 handbooks
3640 2420 124 96 of
3828 2420 488 116 English
4384 2416 512 120 history)

1148 2560 152 96 At
1372 2560 296 96 head
1744 2560 120 96 of
1940 2556 324 96 title:
2340 2556 244 100 The
2656 2560 464 92 Tabard
3196 2552 584 100 histories.

992 2692 116 112 ©
1208 2696 60 92 1
1268 2716 60 80 c
1348 2772 20 20 .
1460 2692 288 116 Aug.
1840 2696 92 112 2,
2032 2692 336 108 1927;
2468 2692 100 96 A
2660 2696 148 92 ad
2900 2692 208 96 int.
3204 2692 140 104 98
3348 2704 64 92 3
3416 2692 124 112 6;
3644 2692 340 112 pubd.
4084 2692 300 96 June
4480 2692 200 112 10;
4784 2692 72 96 S
4868 2716 324 92 amps
5204 2720 60 68 o
5276 2720 72 68 n
5444 2692 92 96 L
5540 2720 208 88 ow,

1152 2836 528 92 Marston
1756 2828 88 96 &
1912 2856 196 88 co.,
2184 2832 208 96 ltd.
2560 2828 668 120 (27-17681)
5264 2824 284 104 6747

984 3052 436 128 Bible.
1608 3056 152 124 O.
1848 3056 148 124 T.
2176 3056 904 160 Apocryphal
3152 3056 444 124 books.
3780 3048 628 168 English.

1152 3244 292 124 The
1548 3240 700 168 forgotten
2352 3240 416 128 books
2872 3240 152 128 of
3132 3240 432 164 Eden,
3668 3240 628 164 writings
4400 3240 480 164 giving
4988 3236 768 136 mankind's

992 3432 376 164 early
1440 3428 596 164 pictures
2116 3428 152 124 of
2344 3428 228 124 the
2648 3440 308 148 past
3032 3432 268 120 and
3380 3428 420 164 hopes
3880 3424 228 128 for
4176 3428 232 124 the
4488 3428 472 124 future
5032 3428 304 124 that
5416 3428 344 128 have

984 3616 640 128 survived
1720 3616 232 124 the
2048 3612 860 128 devastation
3000 3612 156 128 of
3252 3612 228 128 the
3580 3612 708 128 centuries.
4472 3612 816 128 Translated
5392 3612 368 128 from

988 3800 912 164 manuscripts
1980 3800 152 124 of
2200 3804 232 124 the
2504 3800 1252 164 pseudepigraphal
3836 3844 436 120 group
4356 3800 268 128 and
4700 3800 280 128 this
5052 3800 704 128 collection

992 3988 724 164 published
1768 4032 308 80 now
2136 3984 220 128 for
2408 3988 232 128 the
2696 3988 296 128 first
3048 3984 332 132 time
3436 3984 224 128 for
3712 3988 232 128 the
4004 3984 900 128 information
4964 3988 272 128 and
5296 3984 460 168 enjoy-

992 4188 368 112 ment
1428 4172 156 128 of
1644 4176 232 124 the
1944 4176 596 160 layman,
2608 4176 336 124 with
3008 4184 384 116 notes
3456 4176 804 164 suggesting
4324 4176 232 124 the
4620 4176 512 124 human
5204 4176 556 124 interest

992 4364 628 124 inherent
1708 4360 140 128 in
1936 4360 372 128 these
2400 4404 412 120 pages
2904 4356 152 132 of
3152 4356 952 132 fundamental
4200 4360 564 128 wisdom
4856 4360 268 128 and
5224 4356 536 168 beauty,

996 4548 452 128 edited
1528 4548 180 168 by
1792 4544 864 136 Rutherford
2740 4548 184 124 H.
3012 4548 428 160 Platt,
3524 4548 220 160 jr.,
3828 4548 644 124 assistant
4560 4548 440 124 editor
5080 4548 136 128 J.
5308 4548 452 124 Alden

1004 4736 452 132 Brett;
1540 4732 904 128 illustrations
2516 4732 176 164 by
2764 4732 356 128 Paul
3192 4732 504 124 Laune.
3852 4732 336 128 New
4264 4732 432 164 York,
4768 4728 468 168 Alpha
5312 4732 452 164 house,

1000 4924 252 124 inc.
1336 5000 32 84 [
1380 4936 36 52 ͨ
1432 4916 320 132 1927
1764 5000 28 80 ]

1160 5120 200 112 xii,
1424 5116 208 100 269
1696 5144 104 92 p.
1864 5116 120 96 in
1992 5144 60 72 c
2056 5120 72 96 l.
2192 5116 360 100 front.
2684 5120 408 112 plates,
3160 5116 456 100 facsim.
3752 5116 644 108 23ͨͫ.

1168 5256 348 92 "This
1580 5252 100 96 is
1752 5252 192 96 the
2008 5252 256 104 first
2332 5252 472 96 edition.
2944 5252 500 96 Limited
3512 5260 116 88 to
3696 5252 288 96 2500
4044 5248 484 120 copies."

1008 5364 116 112 ©
1220 5392 284 112 Aug.
1592 5392 164 112 13,
1848 5388 332 112 1927;
2272 5392 160 96 2c.
2524 5392 284 112 Aug.
2900 5388 192 112 19;
3192 5384 192 104 aff.
3476 5388 288 116 Aug.
3852 5392 196 108 18;
4144 5392 96 92 A
4332 5388 476 116 999465;
4900 5388 380 116 Alpha
5368 5388 392 116 house,

1164 5528 220 96 inc.
1552 5524 664 116 (27-17668)
5276 5520 280 104 6748

996 5744 556 156 Braley,
1628 5748 576 152 Berton,
2284 5756 316 120 1882
2608 5828 84 16 –

1172 5936 400 124 Delia
1636 5940 1024 156 demonstrates,
2728 5936 180 168 by
2976 5940 512 124 Berton
3556 5936 548 168 Braley.
4248 5936 340 132 New
4656 5932 432 164 York,
5148 5936 620 160 London,

1004 6120 292 128 The
1360 6116 612 168 Century
2032 6164 188 84 co.
2296 6132 88 152 [ͨ
2392 6116 400 148 1927]

1176 6312 60 96 5
1300 6336 100 92 p.
1460 6324 44 92 l
1512 6384 52 44 .,
1632 6312 64 96 3
1700 6368 72 12 –
1776 6312 60 96 3
1844 6312 140 96 49
2044 6340 100 88 p.
2288 6312 756 132 19½ͨͫ.
2912 6312 316 120 $2.00

1012 6440 120 120 ©
1216 6448 284 116 Aug.
1580 6448 164 116 19,
1824 6448 336 116 1927;
2244 6452 160 96 2c.
2488 6456 228 88 and
2792 6452 196 100 aff.
3072 6452 288 116 Aug.
3440 6452 196 112 25;
3720 6452 96 92 A
3900 6452 476 112 996868;
4464 6452 508 116 Century
5056 6480 160 72 co.

1196 6580 668 120 (27-17809)
5276 6580 288 108 6749

1004 6804 592 148 Brandt,
1672 6808 592 128 Francis
2332 6808 520 152 Burke,
2936 6820 312 120 1865
3256 6888 88 16 –

1176 6996 288 124 The
1532 6996 956 124 Wissahickon
2552 6996 452 164 valley
3076 6996 484 128 within
3632 7000 232 128 the
3932 7000 280 164 city
4280 6996 152 132 of
4500 7000 1016 164 Philadelphia,
5588 7000 180 168 by

1012 7180 572 124 Francis
1696 7180 464 124 Burke
2272 7180 604 160 Brandt;
2992 7184 332 128 with
3452 7192 228 116 125
3792 7188 904 124 illustrations
4812 7188 368 124 from
5284 7188 476 160 photo-

1012 7364 512 164 graphs
1584 7364 180 164 by
1824 7364 476 164 Philip
2360 7372 160 120 B.
2576 7368 648 164 Wallace,
3284 7372 300 124 Rau
3644 7372 564 160 studios,
4264 7372 484 164 Henry
4808 7376 164 128 V.
5044 7372 724 132 Gummere

1016 7552 268 124 and
1392 7552 452 124 others
1956 7548 84 144 …
2296 7556 1016 164 Philadelphia,
3428 7556 360 132 Corn
3900 7560 684 164 exchange
4684 7556 616 132 national
5404 7556 364 128 bank

1020 7752 84 140 [ͨ
1120 7732 320 128 1927
1452 7812 28 80 ]

1184 7928 200 96 144
1444 7952 104 92 p.
1608 7928 36 96 i
1656 7956 72 68 n
1732 7932 104 96 cl
1848 8008 20 16 .
1928 7928 388 120 front.,
2380 7932 340 116 illus.,
2780 7960 304 92 map.
3224 7932 1092 108 26ͨͫ.

1020 8044 116 116 ©
1228 8064 284 112 Aug.
1600 8064 160 116 15,
1848 8064 332 116 1927;
2268 8072 160 96 2c.
2512 8072 228 92 and
2828 8072 192 96 aff.
3104 8072 288 116 Aug.
3476 8072 196 112 16;
3764 8076 100 92 A
3944 8080 476 112 996770;
4516 8080 300 92 Corn
4900 8076 584 116 exchange
5572 8100 192 72 na-

1184 8196 364 96 tional
1628 8204 336 92 bank.
2136 8204 664 120 (27-17655)
5276 8208 288 100 6750

1012 8388 552 152 Brown,
1632 8388 524 128 Nelson
2236 8396 880 156 Courtlandt,
3196 8408 312 120 1885
3516 8480 84 16 –

1176 8572 484 128 Forest
1736 8580 692 164 products,
2500 8580 360 128 their
2932 8588 948 124 manufacture
3960 8592 268 124 and
4308 8632 292 116 use;
4688 8588 776 160 embracing
5536 8588 232 124 the

1016 8756 684 164 principal
1768 8764 848 128 commercial
2688 8768 596 128 features
3352 8772 140 124 in
3564 8772 228 128 the
3856 8772 856 164 production,
4776 8772 992 160 manufacture,

1012 8944 272 120 and
1380 8944 772 128 utilization
2252 8948 156 124 of
2500 8952 228 124 the
2816 8964 360 116 most
3264 8952 756 164 important
4116 8956 432 128 forest
4640 8960 644 160 products
5380 8960 388 124 other

1012 9124 336 128 than
1476 9128 520 128 lumber
2124 9132 140 124 in
2388 9136 228 124 the
2740 9136 520 128 United
3392 9136 496 172 States,
4008 9140 180 176 by
4312 9144 500 136 Nelson
4944 9144 824 132 Courtlandt
