5968 10284
960 960 656 156 Bradley,
1696 968 236 120 Mr
1932 1008 60 80 s
2004 1064 28 24 .
2112 956 520 156 Sophie
2708 956 840 152 Kohberger
3552 1028 184 24 –
3744 948 780 136 Continued

964 1152 600 128 Written
1628 1148 184 164 by
1884 1144 512 164 Sophie
2464 1140 808 168 Kohberger
3344 1140 608 164 Bradley
4032 1152 84 148 …
4344 1220 32 80 [
4396 1136 280 136 San
4740 1136 660 164 Antonio,
5472 1136 280 136 San

964 1336 612 128 Antonio
1644 1332 636 168 printing
2344 1376 236 116 co.,
2656 1328 320 128 1927
2972 1380 44 96 ]

1128 1536 208 96 156
1408 1560 104 88 p.
1652 1536 612 108 23ͨͫ.

1012 1664 72 112 ©
1156 1668 268 100 Feb.
1488 1672 164 112 17,
1716 1668 340 112 1927;
2124 1668 164 96 2c.
2348 1668 232 96 and
2644 1664 200 100 aff.
2908 1664 272 100 Feb.
3240 1664 200 112 21;
3508 1660 100 100 A
3668 1660 476 116 963694;
4224 1660 112 100 S.
4400 1660 144 100 K.
4612 1660 540 116 Bradley,
5228 1660 236 100 San
5524 1664 224 92 An-

1128 1812 48 88 t
1184 1824 60 76 o
1256 1804 116 96 ni
1384 1832 64 68 o
1456 1880 20 40 ,
1564 1804 280 96 Tex.
2012 1804 604 116 (27-4151)
5268 1792 280 104 1405

972 1996 712 152 Cridland,
1752 1996 532 128 Robert
2348 1996 164 128 B.

1140 2180 692 132 Practical
1932 2184 736 164 landscape
2768 2184 832 164 gardening;
3708 2180 232 128 the
4032 2180 852 164 importance
4976 2176 156 132 of
5228 2224 228 84 car
5460 2224 76 92 e
5540 2176 216 132 ful

980 2368 712 168 planning,
1752 2372 612 164 locating
2420 2372 228 128 the
2704 2372 456 160 house,
3220 2380 960 156 arrangement
4236 2368 156 128 of
4448 2368 428 132 walks
4936 2368 272 128 and
5264 2368 496 164 drives,

980 2556 924 128 construction
1988 2556 156 128 of
2220 2556 428 128 walks
2736 2560 272 124 and
3088 2560 496 156 drives,
3664 2560 428 124 lawns
4176 2556 272 128 and
4528 2568 628 152 terraces,
5228 2556 312 128 how
5612 2568 148 116 to

980 2744 404 164 plant
1484 2792 76 80 a
1664 2756 704 152 property,
2468 2744 480 164 laying
3048 2756 240 112 out
3388 2788 76 80 a
3568 2744 456 128 flower
4128 2744 564 164 garden,
4792 2744 968 128 architectural

980 2932 604 124 features
1660 2928 156 128 of
1892 2932 232 124 the
2200 2932 564 164 garden,
2836 2976 296 80 rose
3212 2932 584 164 gardens
3880 2932 272 124 and
4228 2932 448 164 hardy
4748 2932 612 160 borders,
5432 2932 328 128 wild

980 3120 584 164 gardens
1652 3116 272 128 and
2008 3116 324 128 rock
2416 3120 628 164 gardens,
3124 3120 652 164 planting
3856 3120 396 164 plans
4336 3120 276 124 and
4696 3116 648 168 planting
5420 3116 344 164 lists,

980 3300 180 172 by
1236 3304 520 128 Robert
1836 3308 156 124 B.
2084 3300 716 136 Cridland.
2964 3308 332 124 New
3380 3308 432 160 York,
3884 3304 172 128 A.
4140 3308 156 124 T.
4380 3308 208 124 De
4660 3308 204 124 La
4940 3304 392 128 Mare
5412 3348 348 84 com-

976 3536 416 120 pany,
1456 3488 308 168 inc.,
1828 3492 364 128 1927.

1140 3688 208 100 280
1420 3716 104 88 p.
1660 3688 368 100 front.
2092 3684 416 120 (port.)
2596 3688 320 100 illus.
3048 3688 1088 108 21½ͨͫ.

1148 3824 436 96 "Third
1648 3824 548 96 edition."

1148 3952 348 104 "This
1572 3960 296 92 book
1940 3956 100 96 is
2116 3960 196 96 the
2384 3964 528 92 outcome
2988 3960 124 96 of
3188 3984 64 68 a
3332 3960 364 96 series
3768 3960 124 96 of
3972 3960 476 96 articles
4532 3952 68 112 …
4728 3960 380 96 which
5188 3960 584 120 appeared

980 4092 760 116 periodically
1800 4092 120 96 in
1980 4096 196 92 the
2236 4092 532 96 Florists'
2832 4092 696 116 exchange."
3532 4144 148 16 —
3680 4096 660 96 Foreword.

980 4204 116 112 ©
1180 4228 272 100 Feb.
1520 4228 96 116 8,
1692 4228 336 112 1927;
2104 4228 168 100 2c.
2340 4228 232 96 and
2644 4228 200 100 aff.
2920 4228 268 104 Feb.
3260 4232 196 112 12;
3536 4232 100 92 A
3704 4232 480 116 967323;
4260 4236 136 96 A.
4468 4236 128 96 T.
4672 4236 172 100 De
4916 4236 164 96 La
5156 4236 328 96 Mare
5552 4264 200 88 co.,

1140 4360 220 104 inc.
1524 4364 604 116 (27-4071)
5276 4368 288 100 1406

988 4552 384 128 Desk
1428 4552 360 128 book
1848 4556 272 128 and
2176 4556 640 128 citations
2884 4556 152 128 of
3096 4560 548 128 Illinois
3708 4560 708 164 decisions,
4476 4564 644 168 covering
5180 4564 188 128 all
5432 4564 332 164 pub-

1156 4740 444 128 lished
1696 4744 664 124 decisions
2456 4740 156 128 of
2704 4744 232 128 the
3032 4744 552 132 Illinois
3684 4744 664 168 Supreme
4444 4760 384 116 court
4924 4748 276 132 and
5292 4748 152 128 of
5536 4752 232 128 the

1152 4928 552 128 Illinois
1768 4928 744 164 Appellate
2580 4948 424 112 court.
3156 4932 912 164 Harrisburg,
4132 4936 288 160 Pa.,
4488 4936 296 128 The
4852 4936 588 132 General
5504 4940 268 128 law

1148 5108 356 132 book
1572 5116 876 164 corporation
2536 5108 456 148 [ͨ1927]

1148 5312 244 116 viii,
1460 5312 280 96 1684
1808 5340 104 88 p.
2048 5312 584 108 23ͨͫ.

984 5448 124 108 ©
1184 5452 264 96 Feb.
1516 5448 168 116 16,
1752 5448 340 116 1927;
2164 5452 160 96 2c.
2396 5456 228 96 and
2692 5452 200 100 aff.
2964 5456 268 96 Feb.
3300 5456 200 112 21;
3572 5456 96 92 A
3736 5456 64 96 9
3808 5456 64 96 6
3876 5456 64 96 3
3952 5464 60 92 7
4016 5456 64 96 0
4088 5456 128 112 2;
4296 5456 496 100 General
4860 5464 232 92 law
5160 5464 296 92 book
5524 5488 236 72 cor-

1148 5584 572 116 poration.
1888 5588 600 120 (27-4136)
5276 5592 288 104 1407

992 5768 640 156 Fallows,
1696 5772 396 132 Alice
2156 5780 844 152 Katharine,
3072 5780 320 132 1872
3396 5864 88 12 –

1164 5992 944 168 Everybody's
2188 5996 536 168 bishop,
2804 6000 412 164 being
3300 6000 228 128 the
3612 6000 256 128 life
3948 6008 272 124 and
4304 6004 396 128 times
4780 6004 156 128 of
5012 6008 236 128 the
5332 6008 440 168 Right

996 6180 712 128 Reverend
1788 6176 548 136 Samuel
2416 6188 636 160 Fallows,
3128 6232 112 80 D.
3320 6232 160 116 D.,
3552 6188 184 168 by
3812 6188 212 128 his
4104 6192 680 164 daughter
4852 6192 396 132 Alice
5324 6196 440 128 Kath-

996 6368 384 124 arine
1476 6368 596 128 Fallows
2192 6380 88 128 …
2516 6372 336 124 New
2948 6372 432 164 York,
3480 6376 132 128 J.
3712 6376 188 128 H.
4000 6376 408 132 Sears
4500 6384 112 120 &
4700 6424 716 124 company,
5512 6384 256 128 inc.

1008 6564 160 148 [ͨ
1104 6552 324 132 1927
1436 6628 32 88 ]

1152 6772 156 76 xv
1368 6780 136 88 p.,
1568 6752 60 92 1
1692 6752 40 92 l
1744 6828 56 40 .,
1860 6752 204 96 461
2128 6780 104 88 p.
2360 6756 392 112 front.,
2816 6760 412 112 plates,
3292 6764 360 108 ports.
3784 6756 680 104 25ͨͫ.

1164 6884 540 100 "Samuel
1776 6888 536 96 Fallows'
2380 6888 496 120 literary
2948 6892 460 100 work":
3480 6924 108 88 p.
3656 6896 248 100 438.

996 7000 124 120 ©
1188 7020 268 100 Feb.
1516 7024 172 112 21,
1756 7024 336 112 1927;
2164 7024 164 104 2c.
2396 7024 268 104 Feb.
2728 7028 204 116 26;
3004 7028 200 100 aff.
3272 7032 268 100 Feb.
3604 7032 204 116 25;
3876 7036 100 92 A
4040 7036 476 116 963757;
4596 7036 104 96 J.
4772 7036 148 100 H.
4992 7036 344 100 Sears
5408 7040 92 100 &
5560 7068 128 72 co
5704 7116 56 40 .,

1156 7156 216 100 inc.
1540 7156 600 120 (27-4081)
5276 7168 288 108 1408

996 7312 660 156 Farjeon,
1732 7316 652 132 Eleanor.

1168 7500 524 128 Italian
1752 7504 720 164 peepshow
2540 7508 272 128 and
2872 7508 388 128 other
3324 7512 380 164 tales,
3756 7512 188 164 by
4000 7516 596 128 Eleanor
4660 7520 664 164 Farjeon;
5396 7520 372 132 illus-

1004 7688 452 128 trated
1552 7688 188 164 by
1844 7688 668 132 Rosalind
2612 7696 984 164 Thornycroft.
3780 7700 336 128 New
4220 7700 428 168 York,
4756 7704 744 132 Frederick
5596 7708 172 128 A.

1004 7868 480 132 Stokes
1552 7916 708 124 company,
2332 7888 360 120 1926.

1164 8068 64 92 6
1288 8092 104 92 p.
1444 8072 40 88 l
1500 8144 52 40 .,
1616 8072 208 96 146
1876 8096 104 88 p.
2124 8072 208 96 col.
2392 8072 392 116 front.,
2848 8076 308 96 illus.
3224 8076 324 116 (part
3600 8080 272 116 col.)
4036 8068 1592 108 21½ͨͫ.

996 8164 120 112 ©
1184 8204 272 96 Feb.
1504 8204 168 112 25,
1728 8204 340 116 1927;
2128 8208 164 96 2c.
2348 8208 268 100 Feb.
2672 8212 200 112 26;
2936 8212 196 100 aff.
3188 8216 268 96 Feb.
3512 8216 196 112 28;
3772 8216 100 96 A
3928 8216 480 120 963812;
4472 8220 624 100 Frederick
5156 8228 132 96 A.
5356 8228 404 100 Stokes

1160 8364 164 72 co.
1488 8336 604 124 (27-4058)
5284 8356 284 104 1409

1008 8492 560 132 Florida
1640 8500 860 124 association
2572 8504 156 124 of
2796 8508 288 124 real
3160 8516 464 120 estate
3704 8508 552 132 boards.

1160 8676 916 176 Proceedings
2184 8692 84 136 …
2476 8700 64 116 1
2556 8696 76 120 0
2636 8692 152 124 th
2908 8696 512 124 annual
3536 8700 852 164 convention,
4508 8700 316 168 Day
4828 8720 60 112 t
4892 8748 260 84 ona
5272 8700 500 176 Beach,

996 8864 616 164 Florida,
1684 8868 764 132 November
2524 8880 280 160 3–6,
2888 8888 364 116 1926.
3424 8880 164 160 [O
3600 8884 528 160 rlando,
4208 8888 340 160 Fla.,
4624 8888 584 132 Printed
5284 8892 180 168 by
5540 8896 228 128 the

1000 9048 620 132 Orlando
1688 9100 416 116 press,
2228 9056 324 144 ͨ1926
2564 9136 32 84 ]

1164 9244 60 96 2
1296 9272 100 88 p.
1468 9240 44 92 l
1516 9320 56 40 .,
1644 9248 204 92 114
1920 9276 100 88 p.
2156 9248 1132 104 23ͨͫ.

1008 9368 124 120 ©
1208 9380 264 100 Jan.
1544 9384 172 112 28,
1788 9384 336 116 1927;
2200 9388 168 96 2c.
2440 9392 228 92 and
2744 9392 200 100 aff.
3024 9396 264 100 Feb.
3360 9396 68 96 2
3436 9400 68 92 5
3540 9424 20 84 ;
3640 9400 100 92 A
3816 9400 136 96 96
3956 9400 60 96 3
4028 9400 264 116 742;
4376 9408 472 96 Florida
4928 9436 308 72 assn.
5312 9412 128 96 of
5512 9420 248 88 real

1164 9520 376 92 estate
1612 9516 456 120 boards,
2144 9520 544 124 Orlando,
2764 9528 92 92 F
2860 9528 40 92 l
2908 9556 104 72 a.
5284 9540 280 104 1410

3284 9664 244 120 218
