5968 10284
2976 9528 324 132 1766

744 836 492 152 Maris,
1320 836 712 132 Clarence.

920 1028 636 160 Dangers
1652 1024 272 128 and
2020 1024 736 164 chemistry
2848 1024 152 128 of
3096 1024 284 160 fire,
3480 1024 224 128 for
3800 1068 696 124 grammar
4584 1028 568 164 schools,
5244 1076 296 120 pre-

756 1212 428 160 pared
1256 1212 436 124 under
1764 1212 228 124 the
2064 1212 672 124 direction
2804 1208 156 128 of
3032 1212 136 128 J.
3244 1212 152 124 L.
3480 1208 540 132 Clifton
4092 1216 184 164 by
4352 1212 648 132 Clarence
5068 1220 480 124 Maris.

756 1404 240 120 4th
1076 1396 208 128 ed.
1464 1396 788 160 Columbus,
2332 1392 124 132 O
2476 1496 68 60 .,
2624 1396 292 128 The
2996 1400 156 124 F.
3232 1396 136 132 J.
3444 1396 376 128 Heer
3892 1396 636 172 printing
4600 1444 192 84 co.
4880 1400 468 140 [1927]

912 1596 140 96 79
1112 1620 104 92 p.
1356 1596 612 108 24ͨͫ.

752 1712 120 120 ©
936 1732 292 116 Aug.
1284 1732 168 100 22,
1516 1728 340 116 1927;
1920 1728 168 100 2c.
2148 1732 228 92 and
2440 1728 200 96 aff.
2700 1728 288 120 Aug.
3044 1728 208 116 23;
3312 1728 108 96 A
3476 1728 132 96 99
3612 1728 68 100 9
3684 1728 272 116 506;
4032 1732 120 100 C.
4216 1728 260 96 Mar
4488 1732 36 92 i
4536 1756 84 96 s,
4688 1732 660 120 Columbus,
5420 1736 92 100 O
5524 1816 24 20 .

4964 1864 364 108 11884

744 1996 612 144 Morton,
1432 1992 500 148 Henry
2008 1992 572 128 Canova
2648 1988 596 128 Vollam.

924 2180 176 120 In
1196 2176 468 128 search
1756 2172 156 128 of
2008 2176 700 164 England,
2800 2176 180 160 by
3068 2176 184 124 H.
3360 2172 152 132 C.
3612 2176 596 128 Morton.
4384 2180 396 132 With
4872 2184 440 160 plates
5404 2184 148 128 in

756 2368 504 156 colour,
1360 2364 392 128 other
1852 2360 916 128 illustrations
2872 2364 268 124 and
3248 2408 72 80 a
3420 2408 364 120 map.
3960 2368 624 160 London,
4680 2368 656 128 Methuen
5436 2376 112 120 &

748 2600 236 116 co.,
1056 2552 300 164 ltd.,
1440 2548 360 128 1927.

904 2752 64 92 1
1032 2776 108 76 v.

752 2856 120 112 ©
960 2888 56 92 1
1020 2896 64 76 c
1100 2964 24 20 .
1200 2884 280 112 July
1560 2880 168 116 29,
1812 2880 340 116 1927;
2236 2884 96 88 A
2416 2884 148 92 ad
2648 2880 212 100 int.
2940 2880 336 116 9816;
3368 2884 340 112 pubd.
3792 2884 304 100 June
4176 2888 128 112 2;
4396 2888 148 96 H.
4628 2888 120 96 C.
4832 2888 128 96 V.
5044 2892 496 116 Morton,

912 3020 512 100 London.
4960 3016 360 104 11885

748 3244 292 124 The
1136 3240 392 128 Near
1620 3240 364 128 East
2076 3284 324 120 year
2492 3240 360 124 book
2948 3244 268 124 and
3316 3240 416 128 who's
3824 3244 376 160 who;
4300 3288 80 80 a
4476 3288 496 120 survey
5068 3248 156 124 of
5312 3252 228 124 the

912 3428 520 164 affairs,
1524 3428 668 164 political,
2284 3428 688 124 economic
3060 3432 272 120 and
3428 3428 416 128 social
3940 3428 156 124 of
4192 3432 896 164 Yugoslavia,
5180 3436 364 128 Rou-

908 3620 508 160 mania,
1476 3612 720 168 Bulgaria,
2260 3612 500 132 Greece
2824 3616 272 124 and
3160 3612 556 168 Turkey
3792 3628 84 132 …
4008 3616 360 128 1927.
4564 3620 264 124 Ed.
4892 3620 184 168 by
5132 3624 188 128 H.
5388 3624 160 128 T.

908 3804 752 164 Montague
1744 3804 252 124 Bel
2008 3804 44 120 l
2176 3808 84 136 …
2456 3800 624 160 London,
3156 3800 296 124 The
3532 3804 364 124 Near
3980 3804 388 160 East,
4444 3808 116 120 lt
4568 3804 128 128 d.
4792 3808 412 164 [1927]

908 4028 352 88 xxxv,
1328 4000 236 112 943,
1644 3992 128 104 [1]
1852 4024 104 88 p.
2096 3996 392 116 front.,
2560 3996 288 96 fold.
2920 4020 364 88 maps.
3420 3988 720 120 22½ͨͫ.

752 4116 124 116 ©
972 4132 156 104 1c.
1212 4140 276 112 Apr.
1568 4132 172 120 23,
1824 4132 340 116 1927;
2256 4136 96 92 A
2440 4132 148 96 ad
2676 4132 208 100 int.
2972 4132 336 116 9542:;
3404 4136 344 112 pubd.
3836 4136 272 112 Apr.
4200 4140 124 108 7;
4420 4136 404 116 Henry
4912 4140 632 96 Thurburn

912 4276 632 108 Montague
1612 4272 284 112 Bell,
1972 4268 516 100 London.
4972 4268 360 104 11886

740 4496 880 152 Nidergang,
1700 4492 160 132 F.

1016 4696 80 136 …
1176 4684 200 124 La
1480 4684 416 164 proth
1904 4684 64 124 è
1980 4728 132 80 se
2216 4680 616 128 dentaire
2936 4724 160 80 en
3204 4680 700 164 pratique;
4012 4724 744 88 couronnes
4860 4688 76 120 à
5044 4688 496 164 pivots,

748 4916 744 84 couronnes
1596 4916 312 80 sans
2016 4868 500 164 pivots,
2616 4868 552 164 bridges
3276 4892 164 104 ou
3552 4880 448 152 ponts.
4216 4872 380 128 Avec
4692 4880 244 120 280
5036 4872 500 168 figures

752 5064 340 124 dans
1172 5060 116 128 le
1368 5068 404 116 texte.
1948 5056 448 160 Paris,
2476 5056 164 128 G.
2720 5056 376 124 Doin
3172 5060 112 120 &
3360 5072 1120 132 cͥͤ,
3640 5056 360 128 1927.

916 5260 192 112 vii,
1164 5256 208 96 214
1428 5284 140 88 p.,
1624 5256 60 92 1
1732 5256 44 92 l
1788 5332 24 20 .
1956 5252 308 96 illus.
2404 5252 792 116 24½ͨͫ.

752 5388 124 116 ©
948 5396 308 96 June
1320 5392 100 116 2,
1492 5392 344 112 1927;
1916 5400 128 92 1c
2056 5468 20 20 .
2152 5388 252 100 Oct.
2472 5392 200 112 14;
2752 5388 748 116 A—Foreign
3572 5388 408 116 35936;
4068 5392 444 96 Gaston
4588 5392 304 96 Doin
4968 5396 80 96 &
5124 5396 208 100 cie.

932 5528 676 120 (27-27857)
4952 5524 360 104 11887

740 5712 676 156 Nutting,
1480 5712 656 156 Wallace,
2212 5720 316 120 1861
2532 5792 84 16 –

912 5904 336 128 New
1328 5900 400 132 York
1800 5900 732 164 beautiful,
2608 5900 184 164 by
2872 5900 604 132 Wallace
3568 5900 604 168 Nutting
4232 5904 76 148 …
4492 5904 784 132 illustrated
5356 5904 172 168 by

744 6092 228 128 the
1092 6092 496 128 author
1700 6088 336 128 with
2152 6088 596 164 pictures
2856 6084 156 128 of
3124 6092 380 120 rural
3620 6092 332 124 New
4072 6092 392 124 York
4576 6092 336 128 with
5024 6092 512 164 special

744 6276 692 132 reference
1508 6288 144 116 to
1732 6276 360 128 their
2204 6284 140 148 æs
2348 6288 60 116 t
2412 6276 360 128 hetic
2856 6272 600 132 features
3540 6276 276 128 and
3896 6276 232 128 old
4216 6276 288 128 life.
4684 6276 332 132 New
5100 6276 436 168 York,

740 6468 460 160 Dodd,
1248 6464 416 128 Mead
1716 6468 112 124 &
1880 6504 716 124 company,
2660 6460 360 132 1927.

912 6664 120 96 vi
1100 6692 140 88 p.,
1308 6664 60 96 1
1440 6668 40 92 l
1492 6736 56 44 .,
1620 6660 208 100 305
1896 6688 108 88 p.
2076 6660 36 96 i
2120 6688 76 68 n
2196 6672 64 80 c
2264 6664 76 96 l.
2408 6664 412 112 plates.
2964 6664 208 92 col.
3248 6660 360 96 front.
3748 6660 796 112 25½ͨͫ.
4268 6660 280 120 (His
4628 6660 388 100 States
5092 6660 396 100 beauti
5492 6712 24 24 -

744 6800 180 100 ful
984 6796 424 120 series)

912 6940 308 96 Title
1268 6936 552 116 vignette.

752 7068 124 116 ©
936 7076 268 100 Dec.
1264 7072 164 116 16,
1488 7072 340 116 1927;
1892 7072 164 96 2c.
2116 7072 272 96 Dec.
2444 7072 200 108 23;
2708 7068 204 100 aff.
2968 7072 272 96 Dec.
3296 7072 204 112 27;
3564 7072 100 92 A
3724 7072 552 116 1013832;
4344 7072 368 116 Dodd,
4780 7072 336 96 Mead
5180 7072 92 96 &
5332 7096 56 72 c
5396 7096 132 92 o.,

908 7212 224 100 inc.
1304 7208 392 120 (28-2)
4948 7200 356 104 11888

748 7396 900 156 O'Flaherty,
1720 7396 452 128 Liam.

924 7588 288 124 The
1300 7580 252 128 life
1644 7580 152 128 of
1884 7580 316 128 Tim
2284 7580 500 164 Healy,
2868 7580 184 164 by
3136 7584 400 124 Liam
3628 7580 884 168 O'Flaherty.
4684 7580 620 164 London,
5396 7580 132 132 J.

744 7768 372 168 Cape
1208 7768 396 140 [1927]

904 7964 212 100 320
1188 7988 104 92 p.
1432 7964 360 96 front.
1860 7960 416 120 (port.)
2432 7964 612 112 23ͨͫ.

912 8100 320 96 "List
1324 8100 128 96 of
1540 8100 360 96 books
1992 8096 740 96 consulted":
2832 8128 104 88 p.
3028 8096 64 96 3
3104 8096 196 116 19;
3408 8096 904 116 "Bibliography
4408 8096 128 96 of
4632 8096 196 96 the
4920 8096 384 96 works
5404 8096 124 96 of

740 8240 132 96 T.
932 8240 152 96 M.
1148 8232 520 116 Healy":
1740 8256 104 92 p.
1908 8232 240 100 320.

752 8336 124 112 ©
948 8364 152 104 1c.
1172 8360 284 124 Aug.
1524 8368 88 116 6,
1684 8368 336 112 1927;
2096 8372 96 88 A
2260 8372 148 88 ad
2472 8364 212 100 int.
2752 8364 136 96 98
2892 8364 132 96 59
3068 8392 20 88 ;
3164 8368 340 112 pubd.
3576 8368 312 96 June
3948 8368 60 92 1
4020 8364 68 96 0
4124 8392 20 88 ;
4224 8364 124 100 L.
4420 8364 728 116 O'Flaherty,
5224 8364 300 96 Dub-

908 8504 204 112 lin,
1192 8504 504 100 Ireland.
1864 8500 672 120 (27-18607)
4948 8496 352 100 11889

744 8688 404 132 Ohio.
1324 8696 440 156 Laws,
1836 8708 616 148 statutes,
2520 8708 236 112 etc.

988 8880 76 136 …
1140 8876 484 172 Page's
1684 8876 360 128 Ohio
2104 8880 328 120 code
2484 8880 504 120 service
3048 8880 784 156 annotated,
3888 8880 792 160 presenting
4732 8876 228 124 the
5024 8884 500 116 statute

760 9064 260 120 law
1104 9060 152 124 of
1340 9056 360 132 Ohio
1780 9072 140 112 to
2004 9064 356 140 date,
2444 9064 332 120 with
2860 9076 380 112 notes
3320 9060 152 124 of
3560 9064 664 120 decisions
4300 9060 156 132 of
4536 9060 228 124 the
4844 9072 456 112 courts
5380 9068 144 116 to

760 9244 544 160 August
1372 9252 116 152 1,
1560 9244 360 160 1927,
1988 9248 260 124 and
2324 9244 632 164 opinions
3028 9244 152 128 of
3248 9248 228 124 the
3548 9256 628 152 attorney
4240 9244 544 164 general
4860 9240 224 128 for
5160 9248 364 160 1926,
