5920 10300
248 968 652 148 Forman,
976 968 564 132 Samuel
1628 964 432 152 Eagle
2064 1044 172 12 —
2244 960 772 132 Continued

408 1196 80 72 x
492 1168 40 96 i
540 1168 36 96 i
616 1196 140 88 p.,
800 1172 60 88 1
900 1168 36 92 l
952 1240 56 40 .,
1052 1164 236 120 660,
1328 1164 160 96 liv
1532 1188 104 92 p.
1760 1160 392 116 front.,
2216 1160 340 116 illus.,
2616 1160 412 116 plates,
3088 1160 392 112 ports.,
3540 1180 360 92 maps,
3964 1152 552 120 facsims.,
4580 1152 432 120 diagrs.

240 1308 64 96 2
308 1304 612 112 0½ͨͫ
564 1380 24 24 .
868 1296 316 120 $2.00

412 1440 320 96 "List
796 1440 124 96 of
980 1440 356 96 books
1400 1448 116 88 to
1580 1436 376 96 which
2024 1432 652 100 references
2744 1460 200 68 are
3012 1428 472 100 made":
3560 1456 104 92 p.
3732 1452 244 72 xxx
3980 1428 40 96 i
4032 1428 36 92 i
4076 1428 36 92 i
4116 1484 72 12 –
4188 1428 400 100 xxxiv.

252 1560 124 108 ©
444 1580 104 96 N
556 1604 140 72 ov
708 1656 20 20 .
796 1580 96 112 7,
964 1572 332 116 1927;
1368 1572 72 96 2
1436 1588 60 80 c
1512 1652 20 24 .
1604 1576 224 92 and
1900 1572 196 96 aff.
2168 1572 104 92 N
2276 1596 64 72 o
2348 1596 100 72 v.
2520 1572 60 92 1
2588 1568 72 96 0
2696 1596 20 84 ;
2792 1572 100 92 A
2964 1572 60 92 1
3028 1568 72 96 0
3104 1572 128 92 13
3240 1568 68 96 0
3308 1568 200 112 42;
3588 1568 512 112 Century
4172 1592 128 72 co
4316 1644 20 20 .

436 1708 668 124 (27-23694)
4448 1696 360 104 10027

248 1936 556 148 Fraser,
880 1932 592 132 Chelsea
1552 1928 528 156 Curtis,
2160 1928 320 132 1876
2484 2008 76 16 –

416 2120 292 128 The
784 2120 372 164 boy's
1232 2120 348 160 busy
1656 2112 392 164 book,
2128 2116 184 164 by
2396 2112 560 132 Chelsea
3040 2112 496 124 Fraser
3640 2120 84 144 …
3864 2108 340 128 with
4288 2152 720 84 numerous

252 2304 692 164 drawings
1008 2304 272 124 and
1344 2300 504 164 special
1920 2296 944 168 photographs
2932 2296 180 168 by
3180 2296 232 128 the
3488 2296 528 128 author.
4172 2292 336 132 New
4580 2292 396 132 York
4984 2392 24 32 ,

248 2488 592 128 Thomas
904 2484 172 128 Y.
1148 2484 580 132 Crowell
1792 2524 676 124 company
2556 2480 496 152 [ͨ1927]

416 2676 240 120 viii,
728 2680 204 96 471
1012 2704 108 92 p.
1256 2676 392 116 front.,
1732 2676 340 112 illus.,
2156 2676 412 116 plates.
2708 2676 64 96 2
2776 2676 612 112 0½ͨͫ
3036 2752 24 20 .

252 2808 116 120 ©
444 2816 244 100 Oct.
748 2812 168 116 28,
980 2812 336 112 1927;
1380 2812 64 92 2
1452 2840 60 68 c
1524 2892 20 20 .
1608 2816 228 92 and
1900 2836 60 72 a
1976 2812 92 92 ff
2076 2892 20 16 .
2164 2812 244 96 Oct.
2472 2812 60 92 3
2548 2812 120 108 1;
2740 2812 96 92 A
2900 2808 140 96 10
3044 2812 56 92 1
3112 2812 140 96 00
3252 2824 68 88 8
3320 2812 64 92 5
3424 2836 24 88 ;
3520 2812 504 92 Thomas
4088 2812 96 92 Y
4196 2884 20 24 .
4288 2808 488 96 Crowell
4844 2836 56 72 c
4908 2836 64 68 o
4984 2884 20 24 .

436 2952 668 116 (27-23621)
4448 2940 356 100 10028

244 3136 404 152 Furr,
720 3136 608 132 William
1404 3136 848 128 Alexander.

404 3324 568 128 Method
1052 3324 148 128 in
1276 3328 680 164 language
2036 3324 272 128 and
2388 3368 696 124 grammar
3188 3324 896 164 (elementary
4164 3320 556 168 grades)
4832 3320 176 168 by

240 3512 612 128 William
944 3512 172 128 A.
1216 3512 364 124 Furr
1680 3516 84 144 …
2008 3508 1000 168 Indianapolis,
3108 3508 284 128 The
3496 3508 1060 128 Bobbs-Merrill
4652 3552 348 84 com-

244 3736 364 124 pany
664 3692 448 148 [ͨ1927
1120 3776 32 84 ]

404 3896 64 96 6
512 3920 112 92 p.
664 3896 44 96 l
720 3968 52 44 .,
820 3892 68 100 2
888 3892 72 96 9
968 3896 56 92 1
1076 3920 108 92 p.
1320 3892 312 100 illus.
1776 3896 752 108 19½ͨͫ.

404 4028 900 120 Bibliography:
1380 4056 108 92 p.
1532 4028 524 104 278–291.

248 4144 116 112 ©
448 4164 240 100 Oct.
756 4168 168 112 26,
996 4164 336 116 1927;
1404 4168 164 96 2c.
1640 4168 244 96 Oct.
1956 4168 196 108 31;
2228 4164 196 100 aff.
2496 4168 248 96 Oct.
2812 4164 200 116 29;
3088 4168 100 92 A
3256 4168 60 92 1
3324 4168 72 96 0
3400 4168 56 88 1
3468 4164 204 96 004
3680 4164 124 112 9;
3888 4164 876 96 Bobbs-Merrill
4844 4192 164 76 co.

440 4300 668 120 (27-23659)
4448 4296 356 104 10029

244 4492 568 148 Gibson,
888 4492 532 132 Walter
1488 4492 160 124 B.

408 4680 292 124 The
816 4676 540 128 world's
1472 4680 292 124 best
1876 4676 352 128 book
2348 4676 148 128 of
2612 4680 488 164 magic,
3212 4680 180 164 by
3512 4684 524 124 Walter
4156 4684 160 124 B.
4440 4676 560 136 Gibson.

244 4864 1012 164 Philadelphia,
1332 4868 292 124 The
1696 4868 388 124 Penn
2160 4868 804 164 publishing
3040 4908 712 124 company,
3836 4864 356 132 1927.

404 5060 204 96 319
676 5084 108 92 p.
924 5060 392 112 front.,
1388 5060 308 96 illus.
1836 5060 68 96 2
1912 5060 952 108 0ͨͫ.

248 5164 116 112 ©
452 5196 244 96 Oct.
760 5196 168 116 22,
1000 5196 336 112 1927;
1412 5196 156 96 2c.
1644 5200 232 92 and
1948 5196 196 96 aff.
2216 5196 284 96 Nov.
2576 5196 196 112 11;
2844 5196 100 92 A
3016 5196 548 116 1010283;
3644 5196 320 96 Penn
4032 5196 264 120 pub.
4372 5224 168 72 co.

440 5332 668 116 (27-23685)
4444 5328 356 104 10030

244 5544 652 128 Harvard
968 5548 264 124 law
1304 5544 560 128 review.

416 5720 860 132 Cumulative
1344 5724 408 128 index
1816 5724 152 124 of
2032 5724 232 128 the
2324 5724 656 128 Harvard
3048 5724 260 124 law
3380 5724 524 128 review.
4068 5724 940 168 Supplement,

248 5912 592 124 volumes
916 5912 712 160 thirty-six
1704 5924 132 112 to
1920 5908 416 164 forty.
2504 5908 868 168 Cambridge,
3448 5912 456 160 Mass.,
3980 5912 292 124 The
4348 5912 656 124 Harvard

248 6096 256 120 law
576 6096 484 124 review
1136 6096 848 160 association,
2064 6092 356 132 1927.

404 6292 60 92 1
528 6316 104 88 p.
696 6292 36 92 l
744 6360 56 44 .,
868 6288 208 96 106
1128 6312 104 92 p.
1380 6288 68 96 2
1456 6288 1064 108 6ͨͫ.

248 6416 120 116 ©
464 6424 308 116 Sept.
852 6424 164 116 26,
1108 6424 332 116 1927;
1528 6428 164 96 2c.
1780 6428 244 96 Oct.
2108 6428 200 112 31;
2400 6428 200 100 aff.
2688 6428 244 96 Oct.
3016 6428 200 112 25;
3308 6428 96 92 A
3488 6428 548 112 1004884;
4132 6432 112 92 H
4252 6432 432 92 arvard
4772 6432 228 96 law

408 6560 424 96 review
900 6584 308 76 assn.
4444 6560 356 100 10031

244 6748 736 156 Hastings,
1060 6748 592 132 Charles
1716 6748 656 156 Sheldon,
2456 6760 316 120 1849
2776 6832 88 12 –

408 6940 332 128 New
828 6936 620 128 methods
1532 6940 144 124 in
1768 6940 872 164 geometrical
2724 6936 484 168 optics,
3296 6940 336 128 with
3724 6940 504 164 special
4316 6940 688 128 reference

248 7152 132 100 to
448 7124 224 128 the
744 7124 476 164 design
1292 7120 156 128 of
1512 7128 620 124 centered
2204 7128 508 160 optical
2784 7140 608 148 systems,
3464 7128 180 164 by
3720 7128 568 128 Charles
4368 7124 136 132 S.
4580 7128 416 124 Hast-

248 7308 300 168 ings
656 7316 84 132 …
968 7308 328 124 New
1392 7308 428 160 York,
1908 7308 288 128 The
2280 7308 804 128 Macmillan
3168 7352 712 120 company,
3972 7312 360 128 1927.

408 7504 160 96 vii
628 7528 140 92 p.,
840 7504 56 92 1
964 7504 40 92 l
1016 7576 56 40 .,
1140 7500 200 100 103
1408 7528 108 92 p.
1652 7504 432 116 diagrs.
2224 7504 756 108 20½ͨͫ.

248 7608 116 112 ©
448 7640 284 96 Nov.
808 7640 96 112 1,
980 7636 332 116 1927;
1396 7640 164 96 2c.
1632 7644 228 92 and
1940 7640 200 100 aff.
2216 7644 280 96 Nov.
2576 7644 124 108 2;
2784 7644 100 88 A
2964 7644 60 88 1
3028 7640 72 96 0
3104 7644 60 88 1
3172 7640 64 96 0
3244 7640 264 112 127;
3596 7640 672 96 Macmillan
4348 7668 160 72 co.

432 7768 668 120 (27-23586)
4436 7772 372 104 10032

240 7960 744 152 Haviland,
1060 7964 416 152 Mary
1556 7964 136 128 S.

404 8144 132 128 A
612 8144 412 164 study
1100 8144 156 128 of
1320 8144 764 168 babyhood,
2156 8148 180 164 by
2412 8152 408 160 Mary
2904 8148 136 132 S.
3120 8148 780 164 Haviland;
3980 8192 76 84 a
4132 8152 652 124 textbook
4856 8148 144 128 in

244 8332 220 124 the
540 8332 656 124 standard
1268 8332 768 160 leadership
2112 8332 620 168 training
2800 8332 864 164 curriculum,
3732 8336 616 128 outlined
4420 8336 272 128 and
4764 8380 228 120 ap-

244 8516 512 164 proved
828 8516 184 164 by
1088 8516 228 128 the
1400 8516 1004 128 International
2484 8516 524 128 council
3088 8516 156 128 of
3320 8516 644 168 religious
4044 8520 716 128 education
4836 8512 84 148 …

244 8700 1012 164 Philadelphia,
1372 8700 576 128 Printed
2072 8696 224 132 for
2408 8704 232 124 the
2752 8704 604 124 Teacher
3464 8704 620 168 training
4200 8704 800 172 publishing

240 8884 808 128 association
1112 8884 176 164 by
1352 8884 232 124 the
1640 8884 952 132 Westminster
2652 8932 420 116 press,
3144 8888 364 128 1927.

404 9080 208 104 178
684 9108 108 92 p.
932 9076 672 112 19½ͨͫ.
1444 9080 956 120 (Specialization
2472 9084 420 112 series)

408 9216 836 116 Bibliography
1300 9220 128 92 at
1484 9220 220 92 end
1768 9216 128 100 of
1960 9220 280 96 each
2308 9220 512 112 chapter.

256 9336 112 112 ©
456 9352 248 96 Oct.
780 9348 164 112 20,
1024 9348 332 112 1927;
1440 9348 160 100 2c.
1680 9348 244 100 Oct.
2000 9352 196 108 22;
2284 9348 196 100 aff.
2556 9352 284 96 Nov.
2920 9352 60 88 5
3024 9376 24 84 ;
3132 9352 96 88 A
3304 9356 56 88 1
3372 9352 144 96 00
3516 9352 332 112 4972;
3936 9356 152 96 M.
4176 9352 104 100 S.
4364 9352 628 120 Haviland,

412 9484 844 112 Philadelphia.
1424 9480 396 116 (27-23
1824 9484 64 92 5
1896 9484 196 116 45)
4412 9484 360 100 10033

2464 9616 320 124 1495
