5968 10284
704 984 676 152 Mitchell,
1532 992 256 144 Mrs.
1864 988 620 124 Frances
2552 984 604 128 Marian.

876 1176 664 164 Through
1632 1176 232 124 the
1956 1188 380 148 gates
2428 1172 152 124 of
2672 1172 1164 160 understanding;
3940 1216 76 80 a
4108 1176 400 120 novel
4600 1172 156 128 of
4848 1172 268 128 Los
5212 1176 284 128 An-

704 1360 692 168 geles—of
1464 1360 232 128 the
1768 1360 724 164 yesterday
2564 1360 272 124 and
2912 1360 460 164 today,
3444 1356 188 164 by
3704 1360 592 124 Frances
4368 1360 556 124 Marian
5000 1360 500 128 Mitch-

708 1556 212 124 ell.
1108 1548 880 164 Hollywood,
2092 1544 468 164 Calif.,
2660 1544 292 128 The
3060 1540 800 136 Strickland
3960 1540 808 172 publishing
4868 1588 632 124 corpora-

704 1740 332 160 tion,
1120 1744 360 120 1926.

868 1936 64 96 5
996 1964 108 88 p.
1172 1936 36 92 l
1224 2012 52 36 .,
1348 1936 64 96 3
1416 1964 60 44 –
1492 1932 204 96 369
1764 1960 104 88 p.
2008 1960 68 88 p
2080 1932 36 92 l
2136 2008 20 20 .
2296 1932 756 112 18½ͨͫ.

776 2096 72 112 ©
920 2104 244 100 Oct.
1244 2104 164 112 11,
1492 2100 336 112 1926;
1916 2104 160 96 2c.
2156 2100 284 96 Nov.
2524 2104 196 108 17;
2808 2096 200 96 aff.
3088 2100 284 96 Nov.
3456 2100 192 112 15;
3744 2100 92 92 A
3916 2100 480 112 958011;
4488 2100 124 100 F.
4696 2104 148 96 M.
4932 2100 560 116 Mitchell,

872 2240 320 116 Long
1264 2240 420 116 Beach,
1768 2236 348 100 Calif.
2284 2236 616 112 (26-20763
2980 2232 560 116 Revised)
4940 2232 348 104 3762*

708 2500 748 148 Morrison,
1540 2500 560 128 Woods.

876 2692 396 124 Road
1324 2688 308 160 end,
1684 2684 184 132 by
1920 2684 512 132 Woods
2488 2680 688 132 Morrison
3268 2700 88 132 …
3540 2680 336 128 New
3936 2680 432 164 York,
4424 2684 120 120 L
4552 2728 76 80 o
4636 2684 412 164 ndon,
5108 2680 164 136 G.
5336 2688 164 128 P.

704 2872 712 132 Putnam's
1492 2920 360 116 sons,
1936 2868 364 132 1927.

872 3080 56 88 1
1000 3100 68 88 p
1080 3152 20 20 .
1168 3072 44 92 l
1220 3144 56 44 .,
1336 3072 204 96 351
1612 3096 104 92 p.
1848 3068 752 112 19½ͨͫ.

708 3224 120 120 ©
920 3244 276 112 Apr.
1284 3244 60 92 2
1348 3240 64 92 9
1428 3316 16 40 ,
1536 3236 340 116 1927;
1968 3240 64 92 2
2040 3264 56 68 c
2112 3316 20 20 .
2216 3264 68 68 a
2296 3240 156 92 nd
2540 3236 124 96 af
2632 3236 76 96 f
2716 3312 20 24 .
2828 3236 272 116 Apr.
3188 3236 136 104 30
3360 3260 24 88 ;
3484 3236 92 96 A
3664 3236 60 96 9
3736 3240 132 92 72
3876 3236 64 96 9
3948 3240 60 96 7
4016 3240 64 92 3
4120 3260 24 88 ;
4244 3240 168 96 W.
4504 3240 116 92 M
4632 3264 64 68 o
4708 3236 412 112 rrison,
5212 3232 280 104 New

868 3380 348 96 York.
1380 3376 472 116 (27-104
1864 3376 60 92 5
1936 3372 120 116 9)
4988 3372 284 100 3763

704 3636 704 148 Muldoon,
1492 3632 436 156 Hugh
2008 3632 780 148 Cornelius,
2880 3636 324 120 1884
3208 3708 72 16 –

868 3824 136 128 A
1064 3820 652 132 textbook
1772 3820 160 128 of
1992 3816 564 168 organic
2620 3816 740 160 chemistry
3428 3816 228 128 for
3716 3820 624 128 students
4400 3816 160 132 of
4620 3820 232 128 the
4916 3820 584 128 medical

700 4012 624 164 sciences,
1380 4008 180 168 by
1616 4008 440 164 Hugh
2120 4004 148 132 C.
2332 4008 676 124 Muldoon
3072 4016 80 144 …
3288 4004 336 128 with
3692 4012 160 120 32
3916 4004 952 132 illustrations.
5024 4004 468 136 Phila-

700 4200 604 164 delphia,
1368 4200 156 124 P.
1600 4192 840 132 Blakiston's
2504 4236 248 84 son
2816 4200 116 120 &
2996 4236 188 84 co.
3288 4192 408 156 [ͨ1927
3672 4216 60 100 ]

860 4400 64 96 3
992 4424 100 88 p.
1136 4404 132 108 l.,
1332 4396 36 92 i
1380 4404 148 76 x–
1532 4420 188 92 xv,
1784 4392 208 96 496
2056 4420 72 88 p
2128 4428 28 56 .
2292 4396 396 108 front.,
2756 4392 312 96 illus.
3136 4392 176 116 (in
3320 4392 100 96 cl
3436 4468 20 24 .
3524 4396 424 116 ports.)
4100 4392 684 116 21ͨͫ.

872 4568 452 96 "Books
1392 4564 124 96 of
1584 4560 724 100 reference":
2388 4588 108 92 p.
2564 4564 68 92 4
2636 4564 68 96 6
2704 4560 68 96 2
2776 4616 68 12 –
2848 4564 64 92 4
2920 4560 136 100 63
3068 4640 20 20 .

704 4712 116 108 ©
900 4744 276 108 May
1240 4736 96 116 2,
1408 4736 336 108 1927;
1820 4736 164 96 2c.
2056 4736 232 92 and
2360 4732 196 100 aff.
2632 4736 272 104 May
2972 4732 64 96 3
3080 4756 24 88 ;
3176 4732 100 96 A
3344 4732 208 96 976
3560 4732 60 96 3
3628 4732 196 112 39;
3904 4736 120 96 P.
4096 4732 720 100 Blakiston's
4888 4760 208 72 son
5168 4736 84 96 &
5324 4760 164 72 co.

888 4872 676 120 (27-10099)
5004 4868 284 100 3764

708 5136 676 124 National
1480 5132 588 128 student
2168 5128 880 156 conference,
3152 5128 860 168 Milwaukee,
4112 5140 364 120 1926.

868 5320 648 168 Religion
1584 5368 180 80 on
1832 5320 232 128 the
2140 5364 600 120 campus,
2812 5320 236 128 the
3120 5332 472 148 report
3664 5320 156 124 of
3892 5320 232 128 the
4200 5320 664 128 National
4940 5324 552 124 student

704 5508 836 164 conference,
1600 5508 864 164 Milwaukee,
2528 5508 320 128 Dec.
2916 5512 204 160 28,
3188 5512 324 120 1926
3572 5524 144 112 to
3780 5508 316 128 Jan.
4176 5516 112 152 1,
4360 5504 364 164 1927,
4788 5504 460 132 edited
5308 5508 184 168 by

704 5696 572 128 Francis
1340 5696 160 124 P.
1568 5696 508 128 Miller.
2236 5692 576 132 Council
2876 5692 156 128 of
3104 5688 716 132 Christian
3888 5692 880 128 associations
4860 5704 76 136 …
5156 5696 336 128 New

704 5880 428 164 York,
1204 5880 872 132 Association
2148 5924 420 120 press,
2648 5880 364 132 1927.

864 6092 108 104 x,
1040 6080 208 100 198
1320 6108 104 88 p.
1560 6080 644 108 19ͨͫ.

704 6232 120 116 ©
908 6252 272 116 Apr.
1260 6252 88 112 1,
1432 6248 336 112 1927;
1860 6252 156 92 2c.
2100 6248 268 116 Apr.
2452 6248 124 116 9;
2664 6248 124 96 af
2764 6248 72 96 f
2840 6324 20 24 .
2948 6252 268 112 Apr.
3300 6248 192 112 11;
3588 6252 96 92 A
3764 6248 476 116 972682;
4332 6248 500 100 General
4916 6252 360 96 board
5360 6248 124 100 of

860 6388 132 96 Y.
1064 6392 152 92 M.
1292 6384 116 100 C.
1480 6384 260 116 A.'s,
1816 6388 284 92 New
2168 6388 348 92 York.
2688 6384 668 120 (27-10329)
4996 6384 280 96 3765

700 6644 680 152 Nearing,
1456 6644 448 152 Scott,
1992 6652 316 120 1883
2312 6720 84 16 –

860 6832 504 132 Where
1456 6832 116 128 is
1668 6832 264 128 civi
1944 6832 48 124 l
1996 6832 212 128 iza
2216 6844 60 116 t
2284 6832 228 128 ion
2604 6828 424 168 going
3060 6828 44 132 ?
3300 6832 220 136 By
3616 6828 324 132 Scot
3944 6848 60 112 t
4096 6832 616 168 Nearing
4776 6832 76 152 …
5148 6832 332 132 New

700 7020 428 160 York,
1208 7020 764 164 Vanguard
2052 7060 376 120 press
2524 7020 168 160 [ͨ
2620 7016 368 164 1927]

860 7216 244 112 viii,
1176 7216 204 96 110
1448 7244 104 88 p.
1692 7216 360 96 front.
2120 7216 304 112 (fold
2428 7252 28 56 .
2532 7216 296 116 tab.)
2988 7216 756 108 18½ͨͫ.

696 7364 128 116 ©
896 7384 272 116 Apr.
1240 7384 164 112 29,
1476 7384 336 112 1927;
1892 7384 160 96 2c.
2124 7388 228 92 and
2428 7380 196 100 aff.
2700 7388 272 108 May
3044 7384 128 112 4;
3248 7384 96 96 A
3420 7384 480 112 976374;
3984 7388 628 112 Vanguard
4692 7408 356 92 press,
5128 7384 212 100 inc.

888 7520 668 116 (27-10232)
4996 7520 284 96 3766

708 7744 348 124 New
1148 7744 400 128 Bible
1640 7744 392 164 helps
2128 7744 228 128 for
2444 7788 464 124 young
3000 7744 408 160 folks,
3500 7744 472 160 direct,
4064 7748 440 160 novel,
4600 7748 268 128 and
4964 7748 512 164 pictur-

864 7972 396 124 esque
1332 7932 624 128 methods
2032 7932 184 164 by
2296 7932 444 128 which
2820 7976 464 120 young
3364 7932 412 164 folks,
3864 7932 560 168 Sunday
4512 7936 452 124 school
5048 7932 416 128 schol-

868 8160 260 116 ars,
1228 8120 272 124 and
1600 8120 232 124 the
1928 8120 396 124 home
2420 8120 408 124 circle
2924 8164 316 116 may
3340 8120 404 124 know
3844 8120 232 128 the
4184 8116 820 168 Scriptures,
5112 8120 364 160 fully

864 8304 676 164 equipped
1612 8304 336 124 with
2020 8304 916 128 illustrations
3008 8308 276 124 and
3356 8348 424 120 maps.
3944 8308 376 124 Four
4392 8304 532 164 picture
4996 8304 480 132 stories

864 8504 548 148 present
1508 8488 488 164 Moses,
2100 8492 508 160 David,
2708 8488 516 164 Christ,
3328 8492 272 124 and
3704 8492 392 124 Paul.
4292 8488 440 136 Select
4836 8536 632 124 passages

868 8672 224 128 for
1180 8676 232 124 the
1500 8720 644 120 memory.
2324 8672 160 132 72
2572 8676 684 164 questions
3352 8680 272 124 and
3720 8724 580 84 answers
4396 8676 232 128 for
4716 8680 232 128 the
5036 8680 432 164 helps.

864 8868 372 148 4,000
1336 8864 684 160 questions
2124 8864 272 124 and
2500 8904 584 84 answers
3188 8912 180 76 on
3464 8864 232 128 the
3804 8864 276 132 Old
4188 8868 268 124 and
4564 8864 332 128 New
5000 8868 464 124 Testa-

864 9060 472 112 ments.
1508 9048 332 124 New
1932 9048 388 124 York
2272 9044 476 132 [etc.]
2856 9048 552 132 Oxford
3496 9048 764 168 university
4348 9096 372 116 press
4824 9048 608 164 [ͨ1
5004 9056 156 120 92
5168 9048 152 144 7]

860 9244 200 92 121
1132 9268 104 88 p.
1368 9240 312 100 illus.
1748 9240 244 116 (inc
1992 9244 40 92 l
2044 9320 24 20 .
2136 9248 392 112 maps)
2684 9240 616 108 18ͨͫ.

700 9396 124 116 ©
912 9408 272 112 Apr.
1272 9408 88 112 8,
1452 9408 208 96 192
1668 9412 60 96 7
1768 9436 24 84 ;
1888 9412 160 92 2c.
2140 9412 228 96 and
2456 9412 124 96 af
2556 9412 68 92 f
2632 9492 20 16 .
2744 9416 268 116 Apr.
3108 9412 192 116 29;
3400 9416 92 92 A
3584 9412 476 120 972945;
4156 9416 448 104 Oxford
4700 9416 304 100 univ.
5104 9440 352 92 press,

860 9540 376 104 Amer.
1356 9544 472 100 branch.
1996 9548 668 116 (27-10331)
4976 9548 284 104 3767

2980 9676 244 132 574
