5968 10284
908 900 580 152 Sisters,
1580 908 668 120 servants
2336 896 152 132 of
2572 900 248 124 the
2912 896 904 128 immaculate
3904 896 420 128 heart
4408 896 152 128 of
4648 900 460 152 Mary.

1076 1092 288 124 The
1472 1136 296 76 new
1880 1128 488 84 corona
2480 1088 300 124 first
2896 1088 512 132 reader,
3516 1088 180 160 by
3816 1080 544 168 Sisters,
4468 1100 612 112 servants
5196 1084 156 128 of
5456 1088 236 128 the

908 1280 860 120 immaculate
1872 1276 392 120 heart
2368 1272 152 124 of
2616 1272 160 124 M
2784 1316 244 120 ary
3044 1372 24 24 .
3260 1276 552 124 Boston.
3924 1272 328 124 New
4364 1272 392 124 York
4868 1280 412 136 [etc.]
5320 1272 372 132 Ginn

908 1464 268 124 and
1252 1504 672 120 company
2036 1456 396 148 [ͨ1927
2444 1536 24 84 ]

1080 1660 52 92 1
1212 1684 104 72 v.
1456 1660 396 108 front.,
1932 1656 304 96 illus.
2308 1660 324 112 (part
2700 1656 272 112 col.)
3136 1652 616 112 19ͨͫ.

916 1820 120 120 ©
1116 1828 244 96 Oct.
1432 1828 96 112 6,
1600 1828 340 108 1927;
2016 1828 164 96 2c.
2252 1824 248 100 Oct.
2576 1824 192 96 10;
2852 1824 196 132 aff.
3128 1824 244 100 Oct.
3448 1824 196 112 11;
3728 1824 88 92 A
3892 1824 552 112 1004582;
4528 1824 92 96 G
4632 1824 196 92 inn
4904 1824 88 96 &
5060 1848 164 76 co.

1100 1964 676 116 (27-22675)
5204 1952 288 108 9457

908 2224 508 144 Smith,
1500 2220 616 128 Richard
2192 2220 692 128 Bonham.

1088 2404 924 168 Christianity
2076 2452 188 84 vs.
2328 2404 804 164 selfishness,
3196 2408 180 160 by
3440 2404 612 128 Richard
4120 2404 632 128 Bonham
4828 2400 496 164 Smith,
5392 2448 296 84 con-

916 2592 544 164 taining
1516 2596 232 124 the
1808 2592 1084 164 Archœological
2960 2592 628 164 writings
3652 2588 152 128 of
3868 2596 228 120 the
4172 2584 820 136 Sanhedrim
5060 2592 272 124 and
5396 2588 300 128 Tal-

920 2780 388 124 muds
1380 2776 152 128 of
1596 2780 232 124 the
1900 2776 412 164 Jews,
2380 2780 628 160 together
3076 2776 332 124 with
3488 2820 76 84 a
3644 2776 736 164 pertinent,
4452 2776 476 160 direct,
5004 2776 268 128 and
5348 2816 344 88 com-

920 2960 796 164 prehensive
1820 2960 756 128 discussion
2680 2964 268 124 and
3048 3004 492 124 survey
3648 2960 156 128 of
3904 3004 252 84 our
4252 2972 548 152 present
4904 2960 416 128 social
5428 2960 260 128 and

920 3144 676 128 economic
1676 3156 540 156 system.
2388 3148 1084 164 Archœological
3564 3144 628 168 writings
4276 3144 412 132 taken
4780 3144 364 132 from
5228 3192 460 84 manu-

920 3332 496 164 scripts
1508 3332 148 124 in
1752 3332 1140 164 Constantinople
2996 3336 268 124 and
3360 3336 232 124 the
3688 3332 600 132 Records
4384 3332 156 132 of
4636 3332 228 132 the
4960 3336 728 128 senatorial

920 3520 484 124 docket
1480 3520 412 124 taken
1976 3516 360 128 from
2416 3520 232 124 the
2732 3516 592 132 Vatican
3404 3532 148 112 at
3624 3520 496 160 Rome;
4212 3516 1024 168 archœological
5332 3520 360 128 writ-

924 3704 300 164 ings
1300 3704 756 124 translated
2136 3704 184 164 by
2396 3704 312 124 Drs.
2792 3704 408 124 McIn
3212 3716 52 112 t
3272 3708 240 124 osh
3600 3708 268 124 and
3952 3708 708 164 Twyman.
4828 3704 864 132 Henderson-

928 3892 356 156 ville,
1344 3888 168 128 N.
1580 3888 196 160 C.,
1844 3884 624 164 Skyland
2532 3888 804 168 publishing
3404 3928 232 128 co.,
3712 3888 360 132 1927.

1088 4092 72 80 x
1172 4080 40 96 i
1220 4084 36 92 i
1264 4084 36 92 i
1364 4108 140 92 p.,
1568 4084 56 92 1
1684 4084 40 92 l
1740 4156 52 40 .,
1860 4080 204 100 119
2128 4108 104 92 p.
2372 4084 60 92 1
2444 4080 684 108 9½ͨͫ
2704 4160 20 20 .

1092 4252 240 92 The
1420 4244 360 100 "Arch
1804 4248 204 96 œol
2020 4248 324 112 ogica
2352 4252 28 88 l
2480 4248 528 112 writings
3096 4248 124 96 of
3308 4248 192 96 the
3596 4248 652 100 Sanhedrin
4336 4252 228 96 and
4652 4252 556 96 Talmuds
5296 4252 124 96 of
5508 4256 192 92 the

916 4384 380 100 Jews"
1376 4412 200 68 are
1648 4388 308 92 from
2036 4412 68 68 a
2180 4384 292 96 book
2552 4384 480 116 bearing
3112 4384 232 96 this
3424 4384 292 116 title,
3800 4388 612 112 published
4492 4384 120 96 in
4692 4388 308 116 1887,
5080 4392 144 112 by
5312 4396 164 92 W.
5556 4392 140 100 D.

916 4528 192 88 Ma
1116 4524 72 88 h
1200 4548 148 72 an
1416 4524 228 96 and
1712 4524 104 96 J.
1884 4524 168 96 W.
2124 4524 484 96 Damon.

924 4664 112 112 ©
1120 4692 300 92 June
1492 4692 168 112 26,
1740 4688 332 112 1927;
2152 4692 160 92 2c.
2392 4696 228 92 and
2696 4688 196 96 aff.
2972 4692 276 112 July
3324 4688 128 112 5;
3532 4688 96 96 A
3704 4692 476 92 990799;
4268 4692 132 96 R.
4480 4692 132 100 B.
4696 4692 408 116 Smith,
5180 4692 516 96 Hender-

1080 4828 524 112 sonville,
1680 4828 132 96 N.
1888 4824 84 100 C
1984 4904 20 20 .
2176 4824 668 116 (27-22569)
5208 4820 284 104 9458

912 5048 560 156 Spivey,
1548 5052 620 124 Thomas
2244 5052 620 148 Sawyer,
2956 5060 316 116 1856
3276 5132 84 8 –

1084 5240 1004 128 Ecclesiastical
2212 5240 824 164 vocabulary
3152 5240 268 124 and
3540 5236 844 168 apocryphal
4504 5240 360 128 code.
5112 5244 584 164 Beverly

916 5428 420 160 Hills,
1408 5424 464 156 Calif.,
1940 5428 156 124 T.
2176 5420 132 136 S.
2384 5424 520 164 Spivey
3004 5420 396 152 [ͨ1927
3408 5504 32 80 ]

1076 5624 72 92 2
1208 5648 104 88 p.
1372 5624 40 92 l
1428 5696 56 40 .,
1560 5668 28 68 [
1596 5624 60 92 7
1676 5644 36 76 ]
1700 5676 76 8 –
1776 5620 204 96 227
2044 5648 108 88 p.
2288 5620 68 100 2
2364 5620 608 108 0ͨͫ
2552 5700 24 20 .

924 5784 120 112 ©
1124 5788 288 116 Aug.
1484 5784 164 116 16,
1728 5788 200 92 192
1940 5792 60 92 7
2044 5812 20 88 ;
2140 5788 160 100 2c.
2380 5784 244 104 Oct.
2700 5792 196 108 24;
2976 5784 200 104 aff.
3260 5788 304 116 Sept.
3640 5800 68 88 8
3744 5816 24 84 ;
3840 5788 100 92 A
4012 5792 60 88 1
4084 5788 208 120 004
4296 5788 64 96 8
4368 5788 64 96 0
4440 5792 120 108 1;
4644 5792 124 96 T.
4852 5792 108 104 S.
5044 5784 452 120 Spivey.

5216 5916 284 108 9459

912 6044 604 152 Steiner,
1588 6044 568 152 Rudolf,
2240 6056 316 120 1861
2564 6128 88 12 –
2660 6056 360 120 1925.

1200 6236 72 144 …
1344 6236 288 124 Das
1728 6232 1648 164 initiaten-bewusstsein;
3484 6236 672 124 wahrheit
4252 6236 280 124 und
4628 6236 496 124 irrtum
5224 6236 140 124 in
5464 6236 236 124 der

924 6420 668 164 geistigen
1684 6416 796 164 forschung,
2572 6420 216 124 ein
2876 6420 952 164 vortragszykl
3836 6460 92 84 u
3932 6468 60 80 s
4080 6420 632 168 gehalten
4804 6444 304 100 vom
5212 6420 192 124 11.
5492 6420 208 128 bis

928 6612 196 116 22.
1196 6616 492 152 august
1756 6608 324 120 1924
2140 6604 144 124 in
2356 6604 600 164 Torquai
3020 6604 348 128 nach
3440 6604 372 128 einer
3868 6648 312 84 vom
4252 6608 1004 164 vortragenden
5320 6604 380 132 nicht

928 6788 1188 164 durchgesehenen
2216 6788 860 128 nachschrift
3180 6792 372 164 hrsg.
3656 6812 84 96 u
3748 6792 188 124 nd
4044 6792 252 124 mit
4400 6804 600 112 vorwort
5100 6812 92 96 u
5200 6792 184 124 nd
5500 6792 196 124 in-

932 6972 888 164 haltsangabe
1908 6976 644 120 versehen
2636 7020 272 80 von
2988 6976 440 124 Marie
3524 6972 572 136 Steiner.
4272 6976 692 164 Dornach,
5056 6976 644 164 Schweiz,

932 7152 2580 168 Philosophisch-anthroposophischer
3684 7164 468 164 verlag
4328 7208 220 80 am
4720 7160 984 160 Goetheanum,

936 7336 360 132 1927.

1096 7532 64 92 4
1220 7556 104 92 p.
1380 7528 44 88 l
1428 7604 56 44 .,
1540 7540 324 76 xxxx
1876 7532 164 116 iii,
2100 7532 236 116 290,
2408 7580 28 72 [
2444 7536 60 96 3
2516 7580 24 72 ]
2608 7564 104 88 p.
2852 7536 756 104 22½ͨͫ.

1104 7696 1568 100 "Schriften-verzeichnis":
2740 7700 64 96 3
2868 7724 68 92 p
2948 7780 24 20 .
3036 7708 128 88 at
3224 7704 252 96 end.

936 7800 116 108 ©
1136 7832 68 96 J
1220 7856 64 68 u
1296 7864 140 68 ne
1512 7832 164 116 28,
1756 7832 204 96 192
1972 7836 60 92 7
2076 7860 20 88 ;
2248 7824 144 120 1c.
2420 7836 276 112 July
2772 7836 64 96 9
2876 7864 20 84 ;
2980 7840 744 112 A—Foreign
3800 7840 140 96 35
3944 7844 60 92 2
4008 7840 140 96 26
4188 7868 24 84 ;
4300 7840 216 96 Phi
4524 7844 108 92 lo
4644 7868 48 68 s
4700 7868 144 88 op
4852 7840 180 96 his
5044 7868 56 68 c
5108 7844 112 92 h-
5228 7868 60 68 a
5308 7848 124 92 nt
5444 7844 68 92 h
5528 7868 52 68 r
5588 7872 64 68 o
5660 7896 36 12 -

1100 7968 824 112 posophischer
1992 7948 432 136 verlag.
2592 7972 668 112 (27-22566)
5212 7972 280 100 9460

924 8212 832 152 Stevenson,
1824 8216 528 128 Robert
2420 8216 468 152 Louis,
2968 8228 316 120 1850
3288 8300 84 16 –
3388 8228 352 120 1894.

1092 8392 664 124 Treasure
1856 8396 524 156 Island,
2476 8396 180 160 by
2756 8396 520 128 Robert
3368 8396 416 132 Louis
3888 8396 812 144 Stevenson;
4808 8400 444 128 edited
5360 8384 324 144 with

928 8616 164 84 an
1192 8576 144 124 in
1344 8588 56 112 t
1408 8576 720 124 roduction
2212 8576 176 168 by
2484 8580 272 164 Jay
2848 8580 160 124 B.
3096 8580 148 128 H
3252 8580 344 128 ubbe
3608 8588 96 120 ll
3828 8576 84 144 …
4048 8584 44 124 i
4096 8584 48 124 l
4156 8584 44 124 l
4212 8584 740 128 ustrations
5036 8588 180 160 by
5300 8584 388 128 War-

936 8760 344 128 wick
1372 8760 468 132 Goble.
2020 8760 332 128 New
2456 8760 428 164 York,
2980 8768 292 124 The
3368 8768 788 124 Macmillan
4264 8808 708 128 company,
5080 8776 352 120 1927.

1092 8968 156 76 xx
1260 8956 128 96 iii
1476 8984 136 88 p.,
1692 8960 68 96 2
1844 8956 44 88 l
1896 9032 52 40 .,
2036 8960 200 96 277
2324 8988 104 88 p.
2516 8960 40 92 i
2568 8988 136 72 nc
2708 8964 36 88 l
2760 9036 20 24 .
2864 8960 360 100 front.
3368 8964 408 112 plates.
3916 8956 756 108 18½ͨͫ.
4432 8964 300 116 (The
4820 8972 464 92 modern
5372 8972 316 92 read-

924 9088 216 96 ers'
1220 9088 420 108 series)

940 9244 116 112 ©
1136 9256 240 96 Oct.
1444 9256 164 108 11,
1680 9256 332 100 1927;
2088 9260 160 92 2c.
2316 9288 56 64 a
2396 9288 64 64 n
2476 9264 60 88 d
2608 9288 60 64 a
2688 9260 124 100 ff.
2880 9260 244 100 Oct.
3192 9264 196 108 12;
3464 9264 92 92 A
3628 9264 272 96 1004
3908 9264 128 96 81
4048 9268 128 108 2;
4252 9268 124 88 M
4376 9264 296 96 acmi
4676 9268 84 88 ll
4772 9292 144 72 an
4988 9292 128 72 co
5132 9348 16 16 .
5296 9292 148 92 [©
5532 9268 156 92 in-

1104 9396 48 88 t
1160 9416 52 68 r
1220 9420 60 64 o
1292 9388 148 96 du
1452 9396 112 88 ct
1576 9388 188 96 ion
1972 9396 664 112 (27-22658)
5204 9396 284 104 9461

3164 9528 320 120 1414
