5968 10284
3216 9524 320 120 1014

936 852 736 156 Maynard,
1748 852 528 128 Harold
2348 852 660 128 Howard.

1104 1040 772 164 Principles
1948 1040 156 128 of
2176 1040 820 164 marketing,
3068 1040 180 164 by
3320 1040 544 124 Harold
3936 1040 180 124 H.
4192 1040 688 164 Maynard
4960 1044 84 144 …
5180 1040 532 132 Walter

944 1228 148 132 C.
1204 1232 608 128 Weidler
1916 1248 84 128 …
2196 1228 708 128 Theodore
3008 1228 168 124 N.
3288 1232 276 120 Bec
3564 1224 96 124 k
3668 1268 312 84 man
4060 1248 84 128 …
4444 1228 332 124 New
4888 1224 432 160 York,
5428 1228 284 128 The

936 1412 540 128 Ronald
1564 1456 376 120 press
2024 1456 672 120 company
2796 1412 456 160 [ͨ1927]

1108 1612 152 112 ix,
1332 1608 204 100 682
1600 1636 108 92 p.
1848 1612 612 108 22ͨͫ.

1116 1744 836 96 "References"
2020 1748 124 92 at
2204 1744 224 96 end
2488 1744 124 96 of
2672 1744 288 96 each
3016 1744 520 116 chapter.

948 1880 112 112 ©
1140 1884 284 112 Aug.
1492 1884 168 108 13,
1728 1884 132 92 19
1864 1884 68 88 2
1944 1884 124 108 7;
2140 1884 164 92 2c.
2372 1876 288 116 Aug.
2732 1880 196 112 18;
3004 1876 168 96 aff
3152 1956 32 20 .
3272 1880 288 112 Aug.
3632 1880 196 112 17;
3904 1884 96 88 A
4068 1880 64 92 9
4136 1892 72 88 9
4212 1880 64 92 6
4284 1884 128 92 77
4424 1884 64 88 5
4528 1904 20 88 ;
4632 1880 452 96 Ronald
5156 1904 324 92 press
5556 1904 128 72 co
5696 1956 20 24 .

1136 2016 668 120 (27-17543)
5228 2012 288 104 6719

936 2208 348 124 New
1364 2204 432 128 York.
1980 2204 1004 152 Metropolitan
3068 2240 652 92 museum
3800 2200 152 132 of
4028 2208 280 124 art.
4492 2204 284 128 The
4864 2204 688 132 Cloisters.

1200 2400 76 136 …
1352 2396 292 124 The
1728 2392 108 132 C
1844 2396 132 120 lo
1988 2392 436 164 isters,
2512 2440 72 76 a
2668 2392 368 124 brief
3120 2392 452 168 guide,
3656 2392 184 164 by
3924 2392 516 164 Joseph
4532 2392 444 128 Breck
5032 2400 76 136 …
5392 2396 328 124 New

944 2584 428 160 York,
1456 2584 360 128 1927.

1104 2812 108 84 x,
1296 2788 132 96 58
1504 2812 140 88 p.,
1720 2784 60 92 1
1860 2788 76 96 1.
2076 2780 312 100 illus.
2528 2780 572 108 22ͨͫ
2780 2824 24 52 .

1108 2924 152 92 At
1324 2920 300 92 head
1688 2920 124 96 of
1876 2920 324 96 title:
2272 2920 240 92 The
2584 2920 832 112 Metropolitan
3480 2944 520 68 museum
4072 2920 128 96 of
4264 2920 224 96 art.

1116 3056 164 96 "A
1384 3056 416 96 second
1908 3056 440 96 edition
2452 3056 124 96 of
2684 3052 312 116 5,000
3100 3056 380 112 copies
3592 3056 288 96 with
3988 3056 500 112 changes
4572 3060 68 108 …
4832 3052 464 116 printed
5408 3056 312 112 July,

944 3188 372 100 1927."

1152 3328 280 112 July
1500 3328 168 112 25,
1740 3324 136 96 19
1876 3328 80 92 2
1956 3328 124 108 7;
2160 3328 160 96 2c.
2400 3328 224 92 and
2704 3324 196 100 aff.
2980 3324 288 116 Aug.
3348 3324 64 96 6
3436 3344 32 88 ;
3552 3328 96 92 A
3728 3328 60 92 9
3800 3324 56 96 9
3868 3332 68 92 6
3940 3324 132 96 66
4080 3324 124 116 4;
4296 3320 824 120 Metropolitan
5200 3344 520 76 museum

1120 3464 124 96 of
1320 3468 216 108 art,
1620 3464 280 96 New
1976 3464 344 96 York.
2492 3464 672 112 (27-17419)
5236 3456 288 100 6720

944 3652 520 152 Noyes,
1540 3652 560 128 Arthur
2168 3652 492 152 Percy,
2740 3660 320 120 1880
3064 3732 88 16 –

1112 3844 132 124 A
1348 3840 656 124 textbook
2112 3840 148 124 of
2372 3840 804 164 psychiatry
3288 3840 224 124 for
3624 3840 620 124 students
4360 3840 268 124 and
4740 3840 728 164 graduates
5580 3840 144 124 in

948 4028 520 124 schools
1556 4024 152 128 of
1788 4024 620 168 nursing,
2500 4028 180 156 by
2764 4024 204 128 Ar
2980 4040 56 112 t
3036 4024 264 128 hur
3384 4024 156 128 P.
3628 4028 444 160 Noyes
4192 4028 88 136 …
4500 4024 332 128 New
4924 4024 428 160 York,
5440 4024 288 124 The

948 4212 796 124 Macmillan
1804 4252 716 124 company,
2588 4208 356 128 1927.

1116 4408 168 92 xii
1340 4432 136 92 p.,
1536 4408 60 92 1
1656 4408 36 92 l
1708 4480 56 44 .,
1820 4408 200 96 333
2076 4432 104 92 p.
2324 4408 32 92 i
2372 4408 260 96 llus.
2776 4404 756 108 22½ͨͫ.

1124 4540 836 96 "References"
2076 4548 124 88 at
2316 4544 216 92 end
2648 4540 124 96 of
2884 4544 284 92 each
3276 4544 516 112 chapter,
3904 4544 228 92 and
4252 4540 560 96 "General
4936 4536 776 100 references";

952 4704 100 88 p.
1112 4680 520 96 324-326.

960 4784 116 108 ©
1152 4816 288 108 Aug.
1512 4816 60 88 1
1584 4812 60 96 6
1660 4888 20 36 ,
1752 4816 48 88 1
1824 4816 60 92 9
1888 4816 200 108 27;
2164 4816 160 96 2c.
2404 4820 228 92 and
2708 4812 196 100 aff.
2980 4816 284 112 Aug.
3336 4816 200 112 17;
3616 4816 96 88 A
3788 4812 68 92 9
3856 4812 64 92 9
3924 4812 68 92 9
3996 4812 60 96 3
4068 4812 196 112 88;
4348 4812 676 96 Macmillan
5096 4836 164 72 co.

1144 4948 672 120 (27-17564)
5244 4944 280 100 6721

952 5136 472 152 Otero,
1500 5136 688 152 Caroline,
2264 5144 320 120 1868
2588 5216 88 12 –

1116 5324 252 164 My
1440 5340 420 148 story,
1932 5324 180 164 by
2188 5324 196 128 La
2464 5324 344 128 belle
2888 5324 420 132 Otero
3416 5324 712 164 (Caroline
4208 5324 488 168 Otero)
4800 5324 932 128 introduction

952 5512 184 164 by
1188 5512 352 164 Alys
1604 5516 368 160 Eyre
2028 5512 656 124 Macklin.
2836 5516 620 160 London,
3520 5516 168 124 A.
3756 5516 192 124 M.
4012 5512 620 164 Philpot,
4696 5512 532 124 limited
5312 5508 460 148 [1927]

1116 5712 60 96 3
1252 5736 104 88 p.
1428 5712 36 92 l
1480 5788 52 36 .,
1608 5712 348 96 9-264
2028 5736 100 88 p.
2272 5712 396 116 front.,
2740 5720 360 108 ports.
3240 5712 756 108 22ͨͫ.

964 5816 116 112 ©
1244 5836 144 120 1c.
1428 5848 300 92 June
1812 5844 164 116 20,
2068 5844 336 116 1927;
2496 5852 100 88 A
2684 5852 144 92 ad
2916 5848 208 96 int.
3212 5844 336 116 9690;
3648 5876 140 88 pu
3796 5844 72 88 b
3880 5852 108 96 d.
4080 5852 268 112 Apr.
4440 5848 132 96 25
4600 5856 28 80 ;
4732 5844 84 100 C
4832 5924 20 20 .
4940 5844 384 116 Otero,
5416 5844 300 96 Nice,

1124 5984 768 112 Alpes-Marit
1900 5984 152 92 im
2064 6008 152 88 es,
2304 5984 480 96 France.
2956 5980 668 116 (27-17425)
5244 5980 284 100 6722

952 6140 424 148 Page,
1452 6140 376 124 Leon
1908 6140 160 124 E.

1124 6324 892 160 Osteopathic
2088 6324 64 124 f
2160 6324 680 124 undamen
2848 6340 60 108 t
2916 6328 240 156 als,
3220 6328 184 164 by
3472 6328 372 124 Leon
3916 6328 164 124 E.
4148 6332 376 156 Page
4624 6344 84 136 …
4928 6324 804 160 Kirksville,

956 6508 156 124 M
1116 6552 72 84 o
1208 6612 68 56 .,
1336 6508 588 132 Journal
1984 6508 632 164 printing
2680 6556 708 116 company,
3456 6508 356 132 1927.

1128 6704 204 96 182
1392 6732 72 88 p
1476 6780 16 20 .
1636 6704 40 92 i
1684 6708 296 108 llus.,
2044 6732 72 88 p
2124 6732 60 68 o
2196 6708 200 96 rts.
2540 6704 684 104 23½ͨͫ.

968 6808 112 112 ©
1192 6840 288 112 Aug.
1576 6844 96 108 1,
1776 6840 56 92 1
1844 6840 128 96 92
1980 6844 128 108 7;
2212 6840 164 100 2c.
2476 6844 288 112 Aug.
2864 6844 196 108 16;
3164 6840 128 96 af
3284 6840 48 96 f
3344 6920 16 20 .
3464 6844 288 116 Aug.
3852 6844 196 112 17;
4156 6844 96 92 A
4352 6840 136 96 99
4492 6840 68 96 6
4564 6840 264 112 789;
4936 6840 124 96 L.
5164 6840 124 96 E.
5392 6840 336 112 Page,

1128 6976 672 112 Kirksville,
1876 6980 116 88 M
2000 7000 60 72 o
2076 7052 20 20 .
2264 6976 668 116 (27-17565)
5248 6972 288 100 6723

956 7128 520 152 Pichel,
1548 7128 532 156 Irving.

1136 7312 400 132 Saint
1632 7316 568 128 Francis
2296 7316 152 128 of
2544 7316 504 160 Assisi;
3160 7364 72 80 a
3336 7332 592 152 pageant
4024 7320 852 156 ceremonial,
4972 7320 180 164 by
5248 7316 488 164 Irving

968 7504 508 156 Pichel,
1540 7504 428 124 music
2028 7504 180 164 by
2276 7500 564 128 Charles
2908 7504 436 156 Hart;
3420 7508 232 124 the
3720 7508 1140 160 twenty-seventh
4932 7548 412 120 grove
5412 7504 324 160 play

968 7684 152 124 of
1196 7688 224 124 the
1508 7688 756 124 Bohemian
2348 7688 304 128 club
2732 7688 152 124 of
2972 7688 276 128 San
3336 7688 772 160 Francisco,
4196 7736 144 80 as
4428 7688 784 164 performed
5296 7688 184 164 by
5552 7688 180 120 its

968 7872 652 124 members
1692 7872 140 124 in
1908 7876 228 120 the
2212 7872 756 128 Bohemian
3044 7916 456 120 grove,
3584 7872 588 132 Sonoma
4256 7876 588 160 County,
4916 7868 816 164 California,

968 8096 168 84 on
1224 8056 228 124 the
1536 8056 208 124 six
1756 8068 56 112 t
1816 8056 84 124 h
1992 8056 400 164 night
2476 8056 156 124 of
2708 8060 592 156 August,
3384 8060 624 124 nineteen
4092 8060 628 124 hundred
4808 8060 272 124 and
5164 8068 564 152 twenty-

968 8284 432 80 seven.
1588 8236 276 132 San
1932 8240 768 160 Francisco,
2764 8244 752 124 Bohemian
3584 8240 348 168 club,
3996 8244 360 128 1927.

1136 8436 160 108 76,
1372 8392 140 160 [1]
1564 8460 104 84 p.
1812 8432 308 96 illus.
2188 8432 480 116 (music)
2828 8432 764 108 22ͨͫ.

976 8528 116 108 ©
1172 8568 284 112 Aug.
1528 8568 92 108 5,
1692 8568 276 96 1927
2008 8596 20 68 ;
2104 8572 160 96 2c.
2336 8572 288 108 Aug.
2692 8576 60 88 1
2764 8572 60 92 6
2868 8600 20 84 ;
2968 8572 196 100 aff.
3236 8576 284 112 Aug.
3596 8576 60 92 1
3668 8576 60 88 5
3752 8576 32 88 ;
3868 8576 96 92 A
4032 8564 68 88 9
4100 8548 64 88 9
4176 8576 68 96 6
4244 8580 64 92 7
4320 8576 60 92 5
4384 8576 132 112 4;
4596 8568 640 104 Bohemian
5308 8568 292 100 club.

1164 8704 668 116 (27-17548)
5252 8700 284 104 6724

968 8856 676 148 Rehfuss,
1716 8856 528 128 Martin
2320 8860 412 152 Emil,
2808 8860 320 128 1887
3128 8940 72 16 –

1140 9044 736 164 Diagnosis
1972 9048 268 120 and
2336 9060 732 112 treatment
3160 9048 156 124 of
3408 9048 576 132 diseases
4092 9052 152 124 of
4332 9052 232 128 the
4660 9052 648 156 stomach,
5400 9044 324 128 with

972 9268 176 84 an
1236 9228 932 124 introduction
2256 9240 140 112 to
2488 9232 656 156 practical
3236 9236 1364 164 gastro-enterology,
4688 9236 184 164 by
4952 9232 528 128 Martin
5568 9228 156 124 E.
