5920 10300
2552 9668 312 120 1551

240 1064 936 148 Wadsworth,
1260 1056 604 136 Wallace
1960 1052 496 132 Carter
2464 1124 132 20 —
2656 1044 772 132 Continued

420 1260 692 100 Illustrated
1172 1256 872 112 lining-papers.

256 1388 124 120 ©
440 1404 280 92 Nov.
784 1400 96 112 2,
940 1392 336 112 1927;
1340 1392 168 96 2c.
1564 1392 284 92 Nov.
1908 1384 72 96 5
2012 1408 24 88 ;
2104 1380 196 100 aff.
2360 1384 284 92 Nov.
2712 1380 124 108 7;
2904 1376 104 96 A
3064 1376 60 92 1
3136 1372 68 96 0
3208 1376 60 88 1
3272 1368 64 96 0
3344 1368 132 100 23
3488 1368 60 96 6
3588 1392 24 92 ;
3684 1368 340 96 Rand
4088 1364 368 96 McNa
4460 1368 36 88 l
4504 1364 120 112 ly
4688 1364 84 96 &
4840 1388 160 72 co.

440 1528 664 124 (27-23958)
4436 1496 360 100 10403

248 1692 508 152 Wales,
824 1688 544 148 George
1436 1676 688 156 Canning,
2204 1680 316 120 1868
2524 1752 88 12 –

428 1876 668 164 Etchings
1172 1872 268 124 and
1512 1860 872 168 lithographs
2456 1856 156 132 of
2684 1852 732 128 American
3492 1848 424 164 ships,
3988 1848 184 164 by
4248 1844 528 164 George
4860 1840 152 132 C.

260 2064 520 156 Wales;
868 2100 76 84 a
1020 2056 700 160 catalogue
1792 2048 340 124 with
2204 2040 704 132 historical
2984 2040 272 128 and
3332 2036 668 128 technical
4076 2040 380 120 notes
4528 2028 184 168 by
4784 2028 232 128 the

264 2244 440 148 artist,
772 2284 76 84 a
912 2236 684 128 foreword
1656 2232 184 168 by
1908 2232 152 132 C.
2128 2228 620 128 Howard
2812 2224 608 160 Walker,
3492 2220 272 124 and
3832 2260 172 84 an
4080 2212 936 168 appreciation

264 2428 180 168 by
552 2424 596 168 Captain
1260 2424 496 124 Ernest
1860 2416 184 128 H.
2152 2416 756 156 Pentecost,
3016 2452 116 84 R.
3244 2452 144 80 N.
3496 2448 80 84 R
3588 2508 68 60 .,
3768 2404 44 128 i
3820 2404 48 124 l
3876 2432 140 104 lu
4024 2452 60 80 s
4092 2416 60 112 t
4156 2412 216 116 rat
4384 2400 160 132 ed
4648 2400 184 168 by
4944 2444 72 84 a

264 2612 480 164 signed
808 2608 588 164 etching,
1460 2648 76 80 a
1596 2604 476 160 signed
2136 2596 800 168 lithograph
3012 2596 268 124 and
3348 2588 880 168 seventy-five
4292 2592 724 160 reproduc-

268 2796 396 128 tions.
808 2796 560 156 Boston,
1428 2784 156 136 C.
1648 2788 160 128 E.
1872 2784 808 160 Goodspeed
2736 2784 112 120 &
2908 2824 232 116 co.,
3208 2776 356 132 1927.

432 2988 240 112 129,
740 3032 28 76 [
772 2988 60 96 7
844 3032 24 72 ]
932 3012 108 88 p.
1096 2984 40 92 i
1144 3012 136 68 nc
1288 2984 36 92 l
1340 3060 20 20 .
1424 2980 388 116 front.,
1876 2980 340 112 illus.,
2284 2976 376 116 plates
2724 2976 116 112 (1
2904 2972 268 116 col.)
3332 2968 712 128 32ͨͫ.

440 3120 348 100 "This
852 3120 324 96 work
1232 3116 100 100 is
1392 3116 456 96 limited
1912 3120 116 88 to
2092 3136 152 72 an
2308 3112 440 96 edition
2816 3108 124 96 of
3004 3108 220 96 five
3284 3108 532 96 hundred
3876 3100 484 120 copies."

276 3244 120 116 ©
464 3264 280 92 Nov.
808 3264 96 108 7,
972 3256 336 108 1927;
1380 3256 164 92 2c.
1612 3256 280 92 Nov.
1960 3252 60 92 1
2028 3244 68 96 0
2132 3276 24 88 ;
2228 3276 68 68 a
2308 3248 48 92 f
2348 3244 52 96 f
2408 3324 16 20 .
2496 3248 284 96 Nov.
2848 3248 196 112 11;
3120 3244 100 96 A
3284 3244 56 92 1
3352 3240 72 96 0
3424 3244 60 92 1
3492 3240 68 96 0
3560 3240 268 116 316;
3908 3240 484 100 Charles
4468 3248 120 92 E.
4664 3240 364 96 Good-

432 3396 348 116 speed
848 3396 88 96 &
1008 3416 128 72 co
1136 3384 32 108 .
1332 3384 672 120 (27-23971)
4468 3372 356 100 10404

264 3552 732 152 Wayland,
1072 3544 368 132 John
1512 3544 580 148 Walter,
2180 3540 320 128 1872
2504 3620 88 12 –

444 3736 636 128 Rambles
1148 3732 144 124 in
1356 3736 592 156 Europe,
2008 3728 184 168 by
2260 3728 376 128 John
2696 3724 216 132 W.
2980 3728 360 160 Way
3344 3724 48 124 l
3404 3724 312 124 and.
3876 3716 788 168 Strasburg,
4736 3724 296 156 Va.,

276 3920 580 132 Printed
932 3920 180 164 by
1196 3916 908 132 Shenandoah
2192 3908 804 168 publishing
3072 3908 452 164 house,
3612 3908 360 128 1927.

444 4116 208 96 233
712 4140 108 88 p.
960 4116 64 92 2
1028 4112 576 108 0ͨͫ
1220 4184 20 24 .

284 4236 120 116 ©
480 4252 284 100 Nov.
840 4252 92 112 1,
1008 4248 340 112 1927;
1424 4248 160 96 2c.
1664 4244 224 96 and
1968 4268 64 72 a
2044 4240 92 96 ff
2144 4320 20 20 .
2236 4244 288 96 Nov.
2600 4240 68 96 9
2704 4268 24 84 ;
2808 4240 96 96 A
2980 4244 56 92 1
3048 4240 72 96 0
3124 4240 56 92 1
3188 4240 72 96 0
3256 4240 136 96 27
3404 4240 60 96 5
3504 4264 24 88 ;
3612 4240 104 100 J.
3800 4240 172 96 W.
4048 4240 608 112 Wayland,
4740 4240 292 96 Har-

444 4388 640 112 risonburg,
1176 4396 200 92 Va.
1548 4376 672 120 (27-23829)
4476 4368 356 104 10405

276 4548 748 144 Wetmore,
1100 4544 332 124 Mrs.
1512 4536 736 128 Elizabeth
2344 4536 728 152 (Bisland)

440 4728 292 128 The
812 4724 384 128 truth
1284 4724 416 128 about
1772 4764 308 84 men
2164 4720 268 128 and
2516 4720 388 128 other
2980 4732 604 148 matters,
3660 4720 188 164 by
3928 4720 724 124 Elizabeth
4736 4720 300 124 Bis-

280 4916 360 128 land.
816 4912 336 128 New
1220 4908 424 164 York,
1712 4908 292 128 The
2060 4904 720 132 Avondale
2844 4952 376 116 press
3280 4904 960 164 incorporated
4316 4912 168 156 [ͨ
4412 4912 240 120 192
4656 4908 168 152 7]

444 5116 240 112 viii,
760 5116 208 92 242
1044 5140 108 88 p.
1288 5116 64 88 2
1360 5112 544 108 0ͨͫ
1544 5184 28 24 .

288 5228 120 116 ©
488 5252 280 92 Nov.
840 5248 164 112 12,
1076 5244 336 108 1927;
1488 5244 164 96 2c.
1724 5240 224 96 and
2024 5240 196 96 aff.
2292 5240 284 96 Nov.
2648 5240 196 108 15;
2924 5240 100 92 A
3092 5240 56 88 1
3164 5236 68 96 0
3236 5240 404 108 13114;
3720 5240 600 96 Avondale
4388 5264 356 88 press,
4824 5240 216 100 inc.

480 5380 668 116 (27-23976)
4464 5368 356 104 10406

284 5540 684 152 Whipple,
1048 5536 320 152 Guy
1440 5540 768 144 Montrose,
2292 5532 320 128 1876
2616 5612 84 12 –

456 5728 360 124 How
908 5740 140 116 to
1148 5724 412 164 study
1652 5720 796 164 effectively.
2632 5720 176 124 2d
2904 5720 248 160 ed.,
3248 5764 272 80 rev.
3612 5720 272 124 and
3976 5720 256 124 enl.
4420 5724 212 164 By
4728 5720 128 132 G
4860 5768 88 80 u
4960 5764 84 116 y

284 5912 336 128 Mon
624 5924 60 116 t
688 5956 292 84 rose
1064 5912 528 160 Whipp
1600 5912 48 120 l
1656 5956 64 80 e
1824 5916 84 144 …
2132 5912 116 120 B
2264 5908 48 124 l
2320 5904 832 164 oomington,
3232 5904 76 128 I
3320 5904 104 124 ll
3436 6008 72 60 .,
3596 5904 488 132 Public
4168 5908 396 128 schoo
4576 5912 48 120 l
4712 5908 332 164 pub-

288 6096 516 168 lishing
868 6144 232 116 co.,
1172 6092 360 132 1927.

452 6296 68 96 9
524 6296 64 100 6
632 6324 104 92 p.
880 6296 572 108 17½ͨͫ.

300 6424 128 116 ©
492 6440 280 92 Nov.
836 6432 64 96 3
912 6504 20 44 ,
1000 6432 340 112 1927;
1404 6432 164 96 2c.
1636 6432 288 96 Nov.
1984 6432 128 108 7;
2188 6428 196 100 aff.
2448 6432 288 96 Nov.
2800 6428 200 112 16;
3072 6428 100 96 A
3236 6432 60 92 1
3308 6428 68 96 0
3380 6428 56 92 1
3448 6428 200 96 039
3652 6428 136 112 6;
3860 6428 404 96 Public
4332 6428 388 96 school
4792 6428 260 116 pub.

460 6596 128 68 co
600 6648 24 20 .
788 6564 664 120 (27-23901)
4472 6560 360 104 10407

292 6720 516 156 White,
888 6720 520 152 Frank,
1484 6728 320 120 1856
1808 6800 88 16 –

464 6908 468 132 White
1016 6952 176 84 on
1276 6908 976 164 corporations,
2336 6904 800 168 containing
3212 6908 236 128 the
3524 6912 332 124 laws
3944 6952 144 84 as
4180 6908 656 128 amended
4920 6920 144 116 to

304 7092 628 164 January
1028 7100 112 156 1,
1244 7100 360 152 1928,
1700 7092 816 168 concerning
2612 7092 648 164 business,
3360 7096 648 160 railroad,
4108 7140 284 120 gas,
4488 7092 576 164 electric,

304 7280 288 160 bus,
688 7276 420 164 ferry,
1196 7292 712 152 tramway,
2004 7276 320 164 pipe
2416 7276 316 164 line,
2828 7276 972 164 water-works,
3892 7280 760 164 telegraph,
4744 7280 316 128 tele-

312 7464 480 160 phone,
872 7464 272 124 and
1220 7464 524 164 freight
1820 7464 636 128 terminal
2536 7464 984 164 corporations,
3596 7476 240 116 tax
3912 7468 268 120 law
4260 7464 804 164 provisions,

320 7644 364 132 Civil
804 7644 588 168 practice
1520 7660 216 116 act
1860 7648 812 164 provisions,
2800 7664 288 148 etc.,
3212 7648 652 168 affecting
3980 7648 232 128 the
4344 7644 724 172 foregoing

312 7832 480 124 classes
864 7828 152 128 of
1080 7832 976 164 corporations,
2128 7836 624 164 together
2820 7832 336 128 with
3228 7836 704 164 decisions,
4008 7836 1060 160 commentaries,

320 8012 428 128 forms
856 8016 272 124 and
1228 8016 832 164 precedents,
2164 8020 184 160 by
2448 8020 372 124 Hon.
2928 8020 476 124 Frank
3500 8020 472 128 White
4064 8016 80 144 …
4444 8024 312 124 10th
4864 8024 204 128 ed.

320 8196 328 128 New
712 8196 432 164 York,
1204 8196 644 168 Chicago,
1916 8200 768 168 Callaghan
2748 8204 272 124 and
3080 8248 712 120 company,
3860 8204 360 132 1927.

488 8384 244 120 viii,
792 8384 280 104 2456
1128 8416 104 88 p.
1372 8388 620 108 26ͨͫ.

328 8512 120 108 ©
516 8528 280 92 Nov.
856 8524 168 112 12,
1088 8528 56 92 1
1160 8524 68 96 9
1228 8524 196 112 27;
1488 8528 168 96 2c.
1720 8532 228 92 and
2016 8528 196 100 aff.
2276 8532 288 100 Nov.
2624 8532 200 112 17;
2892 8528 196 96 aff.
3160 8532 280 100 Nov.
3508 8532 196 112 18;
3776 8536 100 92 A
3940 8536 56 92 1
4008 8536 72 96 0
4080 8536 60 88 1
4152 8536 68 92 0
4220 8536 132 92 41
4364 8536 60 96 5
4464 8560 24 88 ;
4560 8536 320 96 Alice
4944 8540 124 96 L.

484 8660 420 112 White,
976 8660 284 96 New
1328 8660 344 96 York.
1840 8664 668 116 (27-23878)
4516 8668 352 100 10408

316 8812 640 152 Wilkins,
1032 8816 524 128 Ernest
1628 8820 516 152 Hatch,
2228 8828 324 120 1880
2552 8900 88 12 –

492 9000 292 128 The
876 8996 804 172 University
1776 9004 156 124 of
2028 9004 596 168 Chicago
2724 9008 844 164 manuscript
3668 9008 156 128 of
3916 9016 228 124 the
4248 9008 828 172 Genealogia

336 9180 556 128 deorum
992 9184 724 160 gentilium
1828 9184 152 128 of
2084 9188 768 164 Boccaccio,
2964 9188 180 164 by
3256 9196 496 124 Ernest
3864 9200 464 124 Hatch
4436 9196 640 132 Wilkins.

336 9360 644 172 Chicago,
1044 9364 272 164 Ill.,
1388 9368 284 128 The
1744 9368 804 168 University
2616 9372 160 128 of
2844 9372 596 172 Chicago
3512 9424 376 120 press
3988 9364 408 152 [ͨ1927
4400 9460 36 84 ]
