5968 10284
796 996 292 128 The
1184 996 612 128 Student
1896 996 748 164 Magellan,
2736 996 144 128 in
2980 992 448 132 which
3516 1040 272 120 you
3884 992 288 132 will
4264 992 288 132 find
4648 996 556 128 written
5296 996 272 132 and

964 1184 632 164 pictured
1692 1184 776 164 something
2572 1180 152 128 of
2824 1184 224 124 the
3152 1196 380 152 story
3636 1176 156 132 of
3888 1184 232 124 the
4220 1184 648 164 Ryndam
4972 1184 276 128 and
5348 1180 232 132 the

960 1368 304 124 first
1380 1368 508 124 annual
2008 1368 508 164 college
2636 1368 436 124 cruise
3192 1368 528 124 around
3844 1368 228 124 the
4200 1368 476 160 world,
4796 1372 780 124 1926–1927.

976 1632 32 80 [
1020 1552 332 128 New
1424 1552 436 164 York,
1924 1552 588 128 Printed
2572 1552 184 164 by
2824 1552 664 132 Voelcker
3560 1552 668 164 brothers,
4300 1552 304 164 inc.,
4728 1548 324 152 ͨ1927
5060 1628 36 84 ]

960 1748 68 92 2
1032 1748 64 96 3
1108 1748 64 92 5
1228 1776 136 88 p.,
1428 1744 60 96 1
1548 1752 40 88 l
1604 1824 20 20 .
1684 1748 40 92 i
1732 1776 72 64 n
1816 1748 96 92 cl
1932 1824 20 20 .
2012 1748 344 112 illus.,
2424 1752 412 108 plates.
2976 1744 760 108 31½ͨͫ.

964 1884 564 96 Contains
1596 1880 724 116 advertising
2384 1884 464 96 matter.

796 2000 120 120 ©
992 2020 244 96 Oct.
1308 2020 160 116 15,
1540 2020 336 108 1927;
1948 2020 164 96 2c.
2180 2020 284 108 Nov.
2536 2020 60 92 5
2636 2044 20 84 ;
2736 2016 196 100 aff.
3004 2020 268 92 Dec.
3344 2020 196 108 12;
3612 2016 104 96 A
3780 2020 56 92 1
3848 2020 72 92 0
3924 2020 56 92 1
3988 2016 72 96 0
4064 2020 60 96 8
4132 2016 60 96 5
4200 2016 128 112 4;
4412 2020 476 116 Stanley
4960 2020 136 96 D.
5168 2020 408 96 Wood-

956 2156 244 112 ard,
1280 2156 284 96 New
1644 2152 348 96 York.
2168 2152 600 116 (28-1449)
4996 2152 352 100 12475

784 2376 680 152 Sullivan,
1560 2380 664 124 Florence
2320 2380 528 148 James,
2948 2384 316 120 1869
3268 2456 92 20 –

968 2564 348 168 Sing
1448 2564 388 168 Sing,
1960 2564 520 164 capital
2600 2564 928 164 punishment,
3656 2564 272 128 and
4056 2564 1104 168 "honest-graft"
5304 2568 264 164 [by]

800 2752 112 124 F
920 2752 48 124 l
976 2796 472 84 orence
1556 2752 136 132 J.
1812 2752 632 132 Sullivan
2508 2760 76 136 …
2932 2752 372 160 [New
3420 2752 396 124 York
3924 2796 72 84 c
4000 2752 48 124 i
4056 2764 60 116 t
4116 2796 132 124 y,
4368 2748 472 136 Conno
4848 2752 104 124 ll
4960 2796 88 124 y
5164 2796 416 124 press,

848 2936 324 132 1927
1180 3012 32 84 ]

968 3140 56 88 1
1088 3156 104 92 p.
1248 3132 40 92 l
1304 3204 52 44 .,
1424 3128 116 116 ii,
1604 3128 152 116 ix,
1820 3128 232 120 110,
2156 3136 152 112 [1],
2328 3160 104 88 p.
2572 3132 288 96 fold.
2924 3160 72 88 p
3000 3132 44 96 l
3056 3208 20 20 .
3216 3132 680 108 19ͨͫ.

972 3268 308 92 "The
1348 3264 756 120 preparation
2176 3268 124 92 of
2372 3268 228 92 and
2676 3268 200 96 the
2948 3264 524 120 printing
3544 3264 124 100 of
3740 3264 236 100 this
4056 3264 292 100 book
4420 3268 516 96 resulted
5008 3264 304 100 from
5388 3272 196 96 the

800 3400 832 116 investigation
1704 3400 548 96 initiated
2328 3404 148 112 by
2548 3404 196 96 the
2816 3400 576 100 residents
3468 3404 124 96 of
3668 3404 788 96 Westchester
4536 3400 452 116 County
5064 3400 524 100 referred

800 3540 116 92 to
976 3540 228 92 and
1260 3536 192 96 for
1508 3536 380 96 whom
1944 3540 196 92 the
2200 3536 432 96 author
2688 3540 336 92 acted
3084 3560 128 72 as
3276 3536 1036 100 counsel."—Pref.

796 3668 116 112 ©
996 3672 284 96 Nov.
1348 3672 168 116 28,
1596 3672 328 108 1927;
2008 3676 164 96 2c.
2252 3676 224 92 and
2552 3672 200 96 aff.
2828 3672 268 96 Dec.
3172 3672 56 92 1
3240 3672 72 96 0
3348 3696 20 88 ;
3452 3672 96 96 A
3624 3680 56 88 1
3696 3672 68 96 0
3768 3672 200 100 108
3972 3676 60 92 1
4044 3672 128 112 2;
4256 3684 128 88 F.
4464 3676 104 100 J.
4652 3672 560 116 Sullivan,
5292 3680 280 96 New

956 3812 344 92 York.
1468 3808 608 112 (28-1704)
4988 3808 360 100 12476

792 4036 708 152 Sundean,
1564 4036 372 128 John
2004 4036 156 128 L.

956 4224 292 124 The
1320 4220 736 128 American
2128 4224 276 124 and
2468 4224 232 124 the
2772 4224 440 160 Bible,
3276 4224 184 160 by
3524 4224 376 128 John
3972 4224 156 124 L.
4204 4216 684 140 Sundean.
5044 4220 524 128 Minne-

788 4404 484 168 apolis,
1348 4408 488 164 Minn.,
1916 4408 296 128 The
2284 4404 728 168 Layman's
3092 4408 564 128 crusade
3748 4412 168 160 [ͨ
3844 4408 324 128 1927
4160 4448 44 96 ]

956 4608 204 96 158
1224 4636 104 88 p.
1472 4612 56 92 1
1600 4608 312 96 illus.
2052 4608 620 108 20ͨͫ.

956 4748 472 108 Essays.

792 4868 124 120 ©
1004 4880 292 92 Mar.
1376 4880 92 108 1,
1552 4876 132 96 19
1688 4876 72 92 2
1768 4880 120 104 7;
1976 4876 164 100 2c.
2220 4876 268 96 Dec.
2572 4876 196 112 27;
2860 4876 196 96 aff.
3140 4876 268 96 Dec.
3488 4876 64 88 2
3556 4876 64 96 3
3668 4900 16 84 ;
3776 4872 96 92 A
3952 4880 56 88 1
4020 4876 72 92 0
4096 4876 56 92 1
4160 4876 64 96 3
4232 4876 268 108 787;
4592 4876 104 96 J.
4780 4876 120 96 L.
4992 4876 572 116 Sundean,

956 5012 808 116 Minneapolis.
1936 5012 600 116 (28-1724)
4988 5000 360 108 12477

776 5232 620 156 [Taylor,
1480 5236 504 128 Albert
2068 5236 484 128 Pierce
2568 5316 32 80 ]
2696 5236 320 128 1872
3020 5312 72 16 –

948 5424 296 124 The
1300 5424 432 124 rulers
1796 5420 152 128 of
2004 5420 604 164 Hawaii,
2668 5420 232 128 the
2960 5420 436 128 chiefs
3448 5420 272 128 and
3768 5420 760 160 chiefesses,
4576 5420 364 128 their
4988 5420 580 164 palaces,

792 5624 892 144 monuments,
1756 5608 664 164 portraits
2488 5608 268 128 and
2824 5608 508 160 tombs;
3404 5652 76 80 a
3540 5608 536 164 history
4144 5604 152 128 of
4360 5608 456 124 Iolani
4880 5608 536 164 palace;
5492 5652 76 80 a

792 5796 696 128 narrative
1568 5792 152 128 of
1800 5796 232 124 the
2112 5792 664 168 kingdom
2860 5792 152 132 of
3092 5796 556 124 Hawaii
3740 5792 368 128 from
4184 5792 1028 132 Kamehameha
5288 5816 44 88 i
5424 5804 140 116 to

792 5976 1000 164 Liliuokalani;
1928 5980 284 128 also
2324 5984 236 124 the
2672 5980 848 164 provisional
3636 5996 932 148 government,
4688 5976 612 168 republic
5412 5976 156 132 of

792 6168 600 164 Hawaii,
1480 6168 656 164 territory
2228 6164 156 132 of
2476 6168 592 124 Hawaii.
3248 6168 756 160 Honolulu,
4096 6168 584 128 Printed
4764 6168 188 164 by
5036 6164 528 128 Adver-

788 6356 328 124 tiser
1192 6356 804 164 publishing
2068 6400 236 116 co.,
2384 6356 364 124 1927.

956 6552 132 96 70
1148 6576 100 88 p.
1392 6552 312 96 illus.
1768 6552 36 112 (
1824 6548 40 92 i
1872 6580 76 64 n
1956 6552 96 96 cl
2068 6628 24 20 .
2148 6548 420 116 ports.)
2728 6548 648 108 20½ͨͫ.

960 6688 660 116 "Compiled
1700 6688 308 92 from
2092 6688 116 96 of
2204 6688 52 92 f
2240 6688 264 96 icial
2596 6688 464 92 records
3140 6688 232 92 and
3452 6688 336 92 other
3868 6712 500 88 sources,
4448 6688 148 112 by
4676 6688 404 92 Albert
5164 6684 400 96 Pierce

784 6820 568 120 Taylor":
1416 6852 104 88 p.
1596 6840 28 80 [
1624 6816 96 100 2]

788 6940 120 116 ©
1004 6960 308 116 Sept.
1396 6964 164 108 15,
1644 6960 336 112 1927;
2068 6964 160 96 2c.
2320 6960 244 96 Oct.
2648 6964 132 88 17
2804 6968 28 80 ;
2936 6960 196 96 aff.
3216 6960 268 96 Dec.
3568 6960 196 108 19;
3856 6960 96 92 A
4036 6964 56 88 1
4104 6960 72 96 0
4176 6960 56 88 1
4244 6960 68 92 0
4320 6960 260 108 967;
4672 6960 132 96 A.
4892 6960 120 96 P.
5096 6956 460 112 Taylor,

948 7100 628 92 Honolulu.
1756 7096 600 116 (28-1584)
4984 7084 352 104 12478

784 7320 596 148 Tucker,
1444 7316 380 132 John
1892 7320 152 124 T.

948 7500 516 132 Drums
1536 7504 148 124 in
1756 7504 232 124 the
2064 7504 692 160 darkness,
2832 7504 180 164 by
3088 7500 376 132 John
3540 7504 156 120 T.
3780 7504 212 120 Tu
4000 7544 68 84 c
4072 7496 240 132 ker
4428 7516 92 136 …
4720 7496 336 132 New
5132 7496 432 164 York,

788 7688 528 164 George
1376 7688 184 124 H.
1628 7688 476 128 Doran
2172 7728 672 124 company
2920 7684 508 156 [ͨ1927]

948 7900 72 80 v
1024 7888 40 92 i
1072 7888 40 92 i
1120 7888 40 96 i
1224 7912 136 88 p.,
1432 7888 60 96 3
1560 7888 36 92 l
1612 7960 56 40 .,
1740 7888 128 96 15
1872 7940 76 12 –
1944 7888 208 96 202
2224 7912 104 88 p.
2468 7888 392 112 front.,
2932 7888 412 112 plates.
3488 7884 680 112 19½ͨͫ.

956 8016 804 100 "Literature"
1828 8024 124 92 at
2016 8020 220 96 end
2296 8020 128 96 of
2484 8024 304 92 most
2852 8020 124 96 of
3036 8020 200 92 the
3300 8020 580 112 chapters.

792 8128 116 120 ©
984 8156 272 96 Dec.
1324 8152 96 112 2,
1492 8152 336 112 1927;
1900 8152 164 96 2c.
2136 8152 268 96 Dec.
2476 8152 196 108 12;
2752 8148 196 100 aff.
3020 8152 264 92 Dec.
3360 8152 56 88 1
3428 8148 60 96 3
3536 8172 16 84 ;
3632 8148 96 92 A
3800 8152 56 88 1
3868 8148 68 96 0
3940 8152 56 88 1
4008 8148 72 96 0
4080 8148 264 112 855;
4432 8148 436 116 George
4940 8148 144 96 H.
5164 8148 396 96 Doran

952 8316 160 68 co.
1280 8276 604 128 (28-1723)
4980 8276 356 104 12479

784 8508 724 152 Turnbull,
1572 8508 376 128 John
2016 8512 164 124 R.

956 8696 172 124 In
1208 8696 508 124 storied
1788 8696 752 156 Palestine;
2624 8696 408 160 along
3104 8696 228 120 the
3408 8688 840 168 fascinating
4312 8692 720 164 highways
5104 8688 156 128 of
5324 8692 232 124 the

796 8880 376 160 Holy
1276 8880 440 156 Land,
1812 8880 180 160 by
2100 8880 328 124 Rev.
2536 8880 376 128 John
3012 8880 168 124 R.
3288 8876 724 160 Turnbull,
4116 8920 160 84 M.
4384 8920 120 80 A.
4684 8876 332 128 New
5128 8876 428 160 York,

792 9064 164 124 N.
1052 9064 216 156 Y.,
1364 9064 292 120 The
1748 9060 708 132 Christian
2552 9064 572 128 alliance
3216 9060 804 168 publishing
4108 9108 188 80 co.
4424 9060 444 160 [ͨ1927]

956 9256 196 96 101
1212 9280 104 92 p.
1460 9256 404 116 plates,
1928 9280 296 92 map.
2372 9260 752 104 18½ͨͫ.

792 9372 116 116 ©
996 9396 304 112 Sept.
1372 9396 164 112 28,
1612 9392 276 96 1927
1912 9400 28 80 ;
2028 9396 160 96 2c.
2264 9396 244 96 Oct.
2580 9396 64 96 3
2684 9420 20 84 ;
2788 9392 196 100 aff.
3060 9392 244 100 Oct.
3372 9396 132 108 1;
3584 9396 100 88 A
3756 9396 56 88 1
3824 9392 140 96 00
3964 9396 64 96 7
4032 9396 64 96 3
4108 9396 68 92 5
4172 9396 64 96 3
4280 9420 20 84 ;
4384 9388 600 108 Christian
5060 9388 492 108 alliance

948 9528 264 124 pub.
1292 9552 160 80 co.
1620 9528 600 116 (28-1583)
4972 9520 352 108 12480

3016 9660 320 124 1848
