5920 10300
188 936 524 152 Bailey,
784 936 556 124 Palmer
1412 936 112 120 E
2204 960 72 96 c
2280 956 216 100 om
2496 956 136 116 p.

348 1124 128 124 N
484 1164 72 84 o
568 1124 220 124 rth
888 1120 640 128 Carolina
1628 1116 944 164 compendium
2664 1116 152 124 of
2912 1116 320 124 trial
3328 1116 132 124 la
3472 1160 112 80 w
3640 1124 84 144 …
3936 1116 404 164 being
4432 1160 76 84 a
4600 1116 48 124 l
4656 1160 260 80 aw-

184 1308 340 164 yer's
592 1304 360 128 brief
1016 1304 352 128 book
1440 1304 224 124 for
1728 1304 420 160 ready
2216 1300 724 160 reference,
3016 1300 664 164 compiled
3756 1300 272 124 and
4104 1296 220 128 for
4400 1304 276 124 sale
4748 1304 168 160 by

188 1496 544 124 Palmer
804 1492 160 124 E.
1048 1492 480 160 Bailey
1592 1512 76 128 …
1848 1488 624 164 Raleigh,
2552 1488 168 128 N.
2804 1484 148 132 C.
3124 1496 196 116 1st
3404 1488 196 124 ed.
3764 1484 632 168 Raleigh,
4472 1488 168 128 N.
4728 1484 196 164 C.,

184 1680 556 120 Mitchel
748 1680 48 120 l
876 1680 624 160 printing
1572 1716 704 120 company,
2364 1676 356 124 1927.

340 1872 64 96 2
468 1900 100 88 p.
632 1876 40 88 l
684 1948 52 40 .,
804 1872 200 96 365
1072 1900 100 88 p.
1304 1876 680 104 24ͨͫ.

344 2012 600 96 Alternate
1012 2012 384 88 leaves
1464 2004 388 100 blank.

352 2144 288 92 "For
708 2144 192 92 the
972 2168 200 72 use
1240 2144 124 92 of
1436 2140 544 116 Superior
2044 2148 336 88 court
2444 2140 440 116 judges,
2956 2144 416 112 judges
3440 2144 124 92 of
3632 2140 492 96 inferior
4192 2148 424 108 courts,
4688 2144 232 112 jus-

192 2296 36 80 t
236 2280 228 92 ices
540 2280 124 92 of
736 2280 196 92 the
1004 2304 348 88 peace
1428 2280 68 108 …
1628 2280 232 92 and
1936 2280 392 112 people
2408 2280 584 108 generally
3080 2276 252 96 who
3412 2272 288 100 wish
3788 2288 112 88 to
3984 2280 284 112 keep
4344 2272 572 100 informed

188 2440 292 88 upon
548 2412 192 96 the
804 2416 812 92 fundamental
1680 2412 232 96 law
1972 2412 128 96 of
2164 2412 368 96 North
2604 2412 548 96 Carolina
3224 2436 132 72 as
3424 2412 236 96 laid
3732 2412 332 96 down
4132 2416 144 112 by
4352 2416 192 92 the
4616 2416 304 92 state

184 2548 544 116 Supreme
796 2548 432 96 court."

192 2660 108 108 ©
376 2688 300 88 June
736 2688 164 108 18,
968 2688 44 88 1
1036 2684 132 92 92
1180 2688 56 88 7
1264 2696 28 84 ;
1368 2684 164 100 2c.
1596 2688 228 88 and
1892 2684 196 100 aff.
2156 2688 300 92 June
2520 2688 196 108 21;
2788 2688 100 88 A
2952 2684 200 92 990
3164 2688 60 88 6
3232 2684 68 92 0
3300 2688 128 108 2;
3500 2688 120 96 P.
3696 2688 124 96 E.
3888 2684 440 116 Bailey,
4400 2684 524 116 Raleigh,

344 2820 136 96 N.
552 2820 80 96 C
648 2896 16 20 .
836 2820 664 116 (27-14317)
4420 2812 276 104 5351

184 3040 704 148 Beamish,
960 3040 612 128 Richard
1652 3040 568 152 Joseph,
2304 3048 312 120 1879
2624 3120 84 12 –

352 3228 288 124 The
700 3240 376 152 story
1144 3228 152 124 of
1364 3228 836 160 Lindbergh,
2264 3228 228 124 the
2556 3232 304 120 lone
2932 3228 412 164 eagle,
3412 3228 708 164 including
4188 3232 228 124 the
4484 3232 432 128 devel-

188 3432 544 144 opment
796 3412 152 128 of
1012 3412 648 160 aviation,
1724 3460 64 80 e
1796 3412 972 164 poch-making
2836 3412 472 164 flights
3372 3412 152 128 of
3588 3416 228 124 the
3884 3412 536 128 world's
4484 3460 160 120 gr
4644 3436 76 96 e
4728 3436 188 108 at-

188 3612 196 112 est
476 3600 552 156 airmen,
1120 3600 268 124 and
1476 3600 228 124 the
1796 3600 524 160 history
2416 3596 152 128 of
2656 3600 464 124 efforts
3208 3612 140 112 to
3436 3600 480 160 bridge
4004 3600 224 124 the
4324 3600 600 128 distance

192 3780 584 128 between
864 3784 224 124 the
1172 3784 228 124 old
1492 3784 264 124 and
1848 3828 288 80 new
2224 3784 544 156 worlds,
2848 3784 172 160 by
3112 3784 608 124 Richard
3808 3784 132 132 J.
4044 3788 624 128 Beamish
4752 3784 80 144 …

200 3968 1052 164 [Philadelphia]
1332 3968 288 124 The
1692 3964 1004 128 International
2772 4012 412 116 press,
3264 3968 356 128 1927.

352 4164 204 92 320
664 4160 128 116 (i.
884 4188 92 72 c.
1064 4160 264 116 288)
1440 4188 104 88 p.
1684 4160 388 116 front.,
2168 4164 308 92 illus.
2540 4160 176 112 (in
2724 4160 96 96 cl
2840 4236 20 20 .
2956 4160 384 116 maps)
3452 4168 404 112 plates,
3952 4172 348 108 ports.
4448 4160 604 108 21ͨͫ.

352 4300 152 96 At
564 4300 428 96 bottom
1060 4300 124 92 of
1244 4324 100 88 p.
1408 4296 272 96 320:
1740 4300 204 96 288
2004 4324 180 88 pp.
2252 4272 108 112 +
2432 4296 140 96 32
2628 4324 180 88 pp.
2872 4296 168 100 ill.

240 4432 72 112 ©
384 4436 296 96 June
752 4436 164 112 20,
992 4436 56 92 1
1060 4436 68 88 9
1132 4436 60 92 2
1204 4436 60 92 7
1304 4460 20 84 ;
1404 4436 160 96 2c.
1640 4436 300 92 June
2012 4436 60 92 2
2080 4436 64 92 4
2188 4460 20 84 ;
2288 4432 196 100 aff.
2564 4436 296 92 June
2936 4436 196 108 23;
3212 4436 96 92 A
3388 4436 472 112 990633;
3948 4440 92 92 R
4060 4516 16 20 .
4156 4444 108 96 J.
4340 4440 572 100 Beamish.

348 4568 840 116 Philadelphia.
1356 4568 664 116 (27-14467)
4440 4576 288 96 5352

192 4760 648 152 Billberg,
920 4760 404 152 Eddy
1400 4760 160 124 E.

348 4948 168 120 In
600 4960 56 112 t
660 4948 168 124 he
900 4948 328 124 land
1304 4988 72 84 o
1392 4948 64 120 f
1528 4944 228 128 the
1840 4940 820 168 Chippewa;
2748 4988 76 80 a
2900 4956 300 116 true
3284 4948 80 124 b
3376 4948 48 120 l
3432 4988 156 84 ue
3668 4992 60 80 s
3736 4960 56 112 t
3800 4992 244 124 ory
4124 4996 76 76 o
4216 4952 60 120 f
4356 4952 232 128 the
4664 4956 120 124 la
4808 4968 120 112 st

196 5132 492 124 Indian
748 5128 652 128 outbreak
1456 5128 144 124 in
1656 5128 680 160 America,
2396 5128 416 164 Eddy
2876 5132 164 120 E.
3104 5128 660 168 Billberg,
3828 5180 172 76 au
4012 5148 56 112 t
4072 5136 292 128 hor.
4528 5216 28 84 [
4572 5140 348 124 Min-

188 5312 644 164 neapolis,
892 5312 736 168 Syndicate
1684 5312 628 168 printing
2372 5356 708 120 company,
3196 5316 324 144 ͨ1927
3528 5396 32 80 ]

352 5508 200 96 126
608 5532 104 88 p.
856 5508 400 112 plates,
1328 5516 388 104 ports.,
1780 5532 304 92 map.
2224 5508 612 104 23ͨͫ.

196 5636 112 112 ©
396 5648 112 88 M
524 5672 140 84 ay
744 5644 164 108 28,
992 5640 336 116 1927;
1416 5648 160 88 2c.
1664 5644 296 92 June
2040 5640 124 116 6;
2252 5640 196 100 aff.
2536 5644 300 100 June
2920 5648 196 108 23;
3208 5648 96 92 A
3388 5648 404 96 996161
3824 5664 28 84 ;
3952 5652 128 96 E.
4172 5656 116 92 E.
4376 5656 92 88 B
4484 5652 80 96 il
4576 5660 28 84 l
4620 5656 300 116 berg,

352 5780 484 112 Roseau,
916 5780 348 112 Minn.
1436 5776 660 116 (27-14347)
4444 5784 60 96 5
4516 5784 60 100 3
4584 5788 132 108 53

184 5972 1092 148 Boerschmann,
1352 5972 484 144 Ernst,
1916 5976 312 120 1873
2236 6048 84 12 –

356 6156 864 132 Chinesische
1304 6156 932 160 baukeramik,
2320 6200 260 84 von
2672 6160 424 124 Ernst
3184 6160 1048 128 Boerschmnann.
4408 6168 520 164 Berlin,

204 6344 152 124 A.
424 6344 580 156 Lüdtke,
1076 6340 356 128 1927.

360 6544 60 88 2
484 6564 100 88 p.
652 6544 36 88 l
704 6612 56 36 .,
820 6536 208 96 110
1088 6564 136 88 p.,
1288 6536 60 92 1
1416 6536 36 92 l
1464 6572 24 56 .
1620 6536 308 100 illus.
1988 6536 324 116 (part
2380 6536 580 116 mounted,
3024 6536 120 92 in
3148 6540 100 96 cl
3268 6612 20 24 .
3352 6540 328 112 map)
3764 6544 196 92 166
4032 6572 72 88 p
4108 6548 28 88 l
4156 6620 24 24 .
4244 6544 324 116 (part
4640 6552 264 112 col.)

196 6700 136 68 on
400 6672 132 96 85
592 6680 72 92 l.
804 6672 132 96 29
976 6684 72 76 ×
1088 6668 756 112 22½ͨͫ.

360 6812 236 92 The
660 6808 452 96 colored
1180 6808 376 116 plates
1620 6832 200 72 are
1892 6804 812 116 accompanied
2776 6812 144 112 by
2984 6812 368 112 guard
3424 6808 388 104 sheets
3876 6816 284 96 with
4232 6820 696 116 descriptive

196 6952 700 108 letterpress.

360 7076 800 100 "Literatur":
1232 7104 108 88 p.
1412 7072 236 104 105.

252 7216 72 120 ©
396 7220 256 96 Feb.
732 7220 160 108 12,
968 7216 336 108 1927;
1452 7216 144 120 1c.
1624 7224 272 100 May
1972 7212 124 112 6;
2180 7212 96 96 A
2276 7268 144 8 —
2424 7212 492 116 Foreign
2992 7216 60 92 3
3064 7216 136 96 48
3204 7216 136 96 00
3380 7240 20 88 ;
3484 7216 404 100 Albert
3964 7224 88 92 L
4080 7228 44 92 ü
4144 7228 272 92 dtke
4496 7232 432 112 verlag.

376 7352 664 116 (27-14261)
4444 7356 284 100 5354

200 7544 560 148 Breede,
844 7540 500 128 Adam.

356 7728 1028 160 Adventuring;
1476 7768 72 80 a
1628 7736 376 152 story
2084 7720 156 128 of
2320 7768 72 80 a
2476 7724 284 164 trip
2844 7728 520 124 around
3448 7728 232 124 the
3764 7732 428 128 world
4276 7732 332 128 with
4692 7740 236 164 big

192 7956 384 120 game
660 7912 592 160 hunting
1336 7908 148 124 in
1568 7908 492 124 Africa
2152 7912 268 124 and
2508 7908 456 160 India,
3048 7908 176 164 by
3316 7908 456 132 Adam
3864 7920 556 124 Breede.
4592 7924 332 124 New

208 8096 408 164 York,
684 8096 156 128 F.
916 8096 184 124 H.
1172 8092 800 160 Hitchcock,
2048 8096 360 120 1926.

356 8292 192 112 vii,
612 8296 204 92 322
884 8320 104 84 p.
1120 8288 356 96 front.
1544 8288 404 116 (port.)
2036 8292 412 112 plates.
2584 8284 652 288 21ͨͫ.

204 8408 120 112 ©
388 8424 104 88 N
500 8456 56 60 o
572 8432 56 80 v
648 8504 16 20 .
724 8428 164 108 25,
956 8424 332 104 1926;
1356 8428 164 92 2c.
1584 8424 224 92 and
1872 8420 196 100 aff.
2132 8420 304 96 June
2500 8424 164 112 25,
2732 8420 332 116 1927;
3140 8428 96 88 A
3300 8428 476 108 996220;
3848 8428 128 100 A.
4044 8432 472 100 Breede.
4636 8428 136 108 Ha
4784 8444 148 92 st-

360 8564 120 92 in
488 8588 124 84 gs
624 8636 20 32 ,
736 8564 272 92 Neb.
1180 8560 660 112 (27-14326)
4448 8564 280 104 5355

204 8752 484 144 Carus,
760 8748 604 124 Edward
1432 8744 644 152 Hegeler,
2156 8752 316 116 1890
2472 8824 84 12 –

372 8936 788 124 Invariants
1256 8976 140 80 as
1492 8932 648 160 products
2236 8932 264 124 and
2600 8972 72 80 a
2772 8944 448 112 vector
3320 8932 1044 160 interpretation
4460 8944 152 124 of
4704 8948 224 124 the

204 9120 640 160 symbolic
924 9116 588 128 method,
1588 9116 180 164 by
1852 9116 604 120 Edward
2540 9116 588 160 Hegeler
3216 9112 268 132 Car
3496 9164 80 76 u
3588 9164 96 80 s.
3860 9116 636 168 Chicago,
4580 9128 348 128 Lon-

208 9304 304 160 don,
572 9308 284 120 The
924 9304 392 160 Open
1380 9312 372 112 court
1816 9296 796 164 publishing
2680 9344 228 116 co.,
2980 9296 356 132 1927.

2468 9588 232 116 809
