5920 10300
228 976 736 152 Copeland,
1036 980 224 120 Me
1264 976 44 124 l
1320 972 136 128 vi
1464 1016 88 80 n
1620 972 660 124 Thomas.

388 1164 700 124 Problems
1200 1160 136 124 in
1448 1156 812 164 marketing,
2372 1156 176 160 by
2652 1152 520 128 Melvin
3292 1152 588 128 Thomas
3996 1152 696 164 Copeland
4780 1164 84 144 …

224 1356 72 116 3
308 1352 84 124 d
496 1392 268 80 rev.
868 1348 196 124 ed.
1256 1344 600 164 Chicago
1956 1348 108 116 &
2160 1344 332 120 New
2592 1340 428 160 York,
3120 1340 164 124 A.
3392 1340 208 124 W.
3716 1340 408 128 Shaw
4228 1380 728 120 company;

224 1536 608 156 London,
900 1532 172 124 A.
1136 1532 216 128 W.
1432 1524 404 132 Shaw
1912 1528 268 124 and
2252 1568 704 120 company,
3028 1524 572 160 limited,
3684 1524 352 128 1927.

392 1728 244 116 xiii,
712 1728 208 96 819
988 1756 104 88 p.
1236 1724 304 96 illus.
1608 1724 180 116 (in
1792 1748 56 72 c
1852 1724 36 92 l
1908 1800 16 20 .
2004 1720 420 116 forms)
2592 1720 756 116 23½ͨͫ.

388 1896 624 96 Published
1080 1896 116 92 in
1268 1892 272 96 1920
1608 1892 364 96 under
2044 1888 320 100 title:
2440 1888 664 116 Marketing
3168 1884 608 116 problems.

232 2044 120 116 ©
424 2064 276 112 July
768 2064 160 108 14,
1000 2064 52 88 1
1068 2060 72 92 9
1136 2064 196 108 27;
1408 2060 160 100 2c.
1640 2060 224 96 and
1936 2056 192 100 aff.
2200 2060 284 112 Aug.
2556 2056 128 92 19
2716 2068 28 80 ;
2824 2060 96 88 A
2988 2056 60 92 9
3052 2056 208 92 994
3268 2056 60 92 6
3332 2056 128 112 3;
3540 2060 128 96 A.
3744 2060 168 96 W.
3988 2056 344 96 Shaw
4400 2084 164 72 co.

412 2196 664 120 (27-18120)
4480 2188 284 104 6876

228 2424 532 148 Corpus
860 2420 408 152 juris,
1364 2420 400 160 being
1860 2460 72 80 a
2028 2416 652 164 complete
2776 2416 268 124 and
3140 2416 772 164 systematic
4008 2428 720 116 statement
4816 2416 152 124 of

384 2608 232 128 the
680 2608 432 124 whole
1172 2608 360 160 body
1600 2600 152 128 of
1816 2604 228 124 the
2112 2604 260 124 law
2444 2644 144 84 as
2652 2604 704 124 embodied
3428 2604 144 120 in
3644 2604 264 124 and
3984 2604 732 160 developed
4792 2600 172 164 by

392 2796 128 124 al
528 2796 48 120 l
652 2796 628 160 reported
1364 2788 696 128 decisions.
2228 2788 256 128 Ed.
2568 2788 176 164 by
2820 2788 288 128 Wil
3116 2788 44 120 l
3172 2788 272 120 iam
3520 2788 408 124 Mack
3992 2800 76 136 …
4252 2792 268 124 and
4600 2792 124 124 D
4740 2832 72 80 o
4824 2836 144 76 n-

392 3024 72 80 a
472 2980 44 120 l
528 2980 84 124 d
688 2980 132 128 J.
900 2980 404 120 Kiser
1400 2976 80 148 …
1696 3024 120 76 v.
1888 2980 200 120 43.
2180 3016 44 96 [
2224 2976 764 156 Municipal
3064 2976 972 160 corporations,
4116 3000 56 96 i
4168 3020 236 76 –xi
4412 3020 84 80 v
4584 2964 140 160 §§
4820 2988 152 112 1–

384 3172 368 152 2119]
952 3164 328 124 New
1392 3160 428 160 York,
1928 3160 284 128 The
2320 3156 728 128 American
3156 3160 260 124 law
3528 3160 348 124 book
3980 3184 252 112 co.;
4352 3164 616 156 London,

384 3348 932 124 Butterworth
1392 3352 108 120 &
1572 3392 232 116 co.,
1888 3344 352 128 1927.

380 3576 100 84 v,
564 3548 168 116 [1],
812 3544 128 96 13
948 3540 64 92 5
1016 3544 64 92 2
1156 3572 100 88 p.
1400 3544 356 96 front.
1824 3544 408 116 (port.)
2396 3544 60 92 2
2464 3540 544 108 6ͨͫ
2652 3576 20 52 .

224 3692 120 116 ©
416 3716 268 112 July
748 3716 164 112 14,
976 3708 332 116 1927;
1376 3716 160 92 2c.
1600 3716 228 92 and
1892 3712 196 96 aff.
2152 3716 284 108 Aug.
2504 3716 52 88 1
2572 3712 68 92 0
2676 3736 20 88 ;
2768 3712 96 92 A
2928 3712 60 88 9
2996 3708 144 88 99
3136 3712 60 92 3
3208 3712 196 108 22;
3472 3712 620 96 American
4152 3716 36 92 l
4200 3736 60 72 a
4276 3740 104 68 w
4444 3712 292 96 book
4800 3740 164 72 co.

4484 3848 284 100 6877

216 3976 476 148 Court,
776 3976 520 148 Harry.

476 4160 76 144 …
628 4160 288 128 The
992 4172 376 152 story
1448 4156 156 128 of
1688 4160 528 128 British
2300 4160 384 124 trade
2768 4160 272 128 and
3120 4204 792 116 commerce;
4008 4204 168 84 an
4260 4156 704 132 historical

224 4360 560 112 account
852 4344 152 128 of
1072 4348 656 124 Britain's
1800 4348 528 160 growth
2404 4348 264 124 and
2740 4360 688 148 greatness
3500 4344 360 128 from
3932 4348 228 124 the
4228 4348 736 128 industrial

224 4540 268 120 and
556 4532 844 128 commercial
1472 4544 492 152 aspect,
2028 4532 176 164 by
2272 4532 180 124 H.
2528 4532 108 128 C
2648 4544 308 112 ourt
3064 4548 84 128 …
3248 4536 272 124 and
3584 4532 152 128 L.
3812 4532 428 132 Court
4352 4548 84 128 …
4612 4536 352 124 Lon-

220 4724 304 156 don,
596 4720 132 132 S.
796 4724 364 156 Low,
1224 4720 616 124 Marston
1908 4724 108 120 &
2080 4760 232 120 co.,
2380 4720 40 116 l
2432 4720 184 124 td.
2704 4720 368 156 [1927
3080 4796 32 80 ]

388 4944 104 88 x,
568 4916 204 96 150
848 4944 104 88 p.
1092 4916 404 112 plates,
1576 4912 428 116 diagrs.
2144 4912 648 112 19ͨͫ.
2588 4912 148 112 (L
2744 4940 56 72 e
2816 4920 36 88 t
2868 4924 108 88 te
2984 4944 64 68 r
3052 4940 56 72 e
3120 4920 68 92 d
3268 4940 60 72 o
3340 4944 72 68 n
3488 4940 200 76 cov
3696 4944 180 72 er:
3948 4916 240 96 The
4264 4916 464 100 Tabard
4808 4940 160 72 se-

236 5048 216 100 ries
512 5048 120 96 of
684 5048 672 96 handbooks
1416 5048 124 96 of
1596 5044 484 116 English
2136 5044 508 112 history)

388 5184 156 96 At
600 5188 300 92 head
956 5184 120 96 of
1136 5180 324 100 title:
1524 5184 240 92 The
1824 5180 460 96 Tabard
2348 5180 584 96 histories.

224 5300 120 120 ©
444 5316 156 104 1c.
692 5320 284 116 Aug.
1072 5320 96 112 2,
1264 5316 332 108 1927;
1696 5316 96 92 A
1888 5340 60 72 a
1968 5320 64 92 d
2128 5316 208 96 int.
2432 5320 60 88 9
2504 5316 64 88 8
2564 5316 196 96 33;
2864 5340 68 92 p
2944 5312 260 100 ubd.
3304 5316 296 96 June
3696 5324 52 88 1
3764 5320 64 92 0
3872 5348 20 84 ;
4000 5324 556 112 Sampson
4656 5324 300 112 Low,

384 5460 116 92 M
508 5464 396 88 arston
992 5460 84 96 &
1156 5480 192 88 co.,
1436 5456 196 96 ltd.
1804 5452 664 116 (27-17795)
4480 5456 284 100 6878

216 5684 460 144 Cross,
752 5680 476 128 Unite.

388 5868 288 124 The
760 5868 836 160 psychology
1680 5864 152 128 of
1916 5860 352 164 fate;
2368 5908 68 80 a
2528 5864 408 164 guide
3020 5876 140 112 to
3244 5864 696 128 character
4028 5872 268 124 and
4388 5868 576 164 destiny,

220 6056 176 160 by
464 6052 244 124 Dr.
780 6048 420 132 Unite
1268 6048 400 132 Cross
1780 6060 84 132 …
2048 6048 616 160 London,
2732 6048 184 128 H.
2992 6048 580 132 Jenkins
3640 6048 572 164 limited,
4292 6060 152 120 19
4452 6052 76 116 2
4536 6048 116 132 7.

384 6244 204 96 160
648 6272 100 88 p.
892 6240 648 108 19½ͨͫ.

232 6344 116 112 ©
416 6376 152 100 1c.
628 6380 272 112 Apr.
964 6380 160 100 29.
1192 6380 332 108 1927;
1592 6380 96 92 A
1752 6380 140 96 ad
1960 6380 116 92 in
2096 6384 36 88 t
2148 6456 20 20 .
2232 6376 332 112 9378;
2636 6380 340 112 pubd.
3044 6372 288 104 Mar.
3396 6380 128 108 4;
3596 6380 508 96 Herbert
4168 6384 516 96 Jenkins.
4752 6384 208 100 ltd.

408 6516 668 116 (27-18047)
4480 6516 280 100 6879

220 6740 516 148 Curtis,
816 6740 524 148 Agnes.

388 6928 756 128 Christmas
1208 6924 724 156 comedies;
2008 6968 72 80 a
2152 6924 704 124 collection
2920 6924 156 124 of
3144 6940 528 112 one-act
3744 6928 760 128 Christmas
4572 6932 392 160 plays

228 7112 216 124 for
504 7124 612 148 teen-age
1176 7152 460 120 young
1696 7112 520 160 people,
2276 7104 176 168 by
2516 7108 464 164 Agnes
3048 7108 464 128 Curtis
3620 7120 84 132 …
3888 7108 644 168 Chicago,
4596 7116 152 124 T.
4824 7116 136 132 S.

224 7300 588 120 Denison
892 7300 108 120 &
1076 7336 668 120 company
1832 7292 460 160 [ͨ1927]

380 7492 200 96 168
652 7520 104 88 p.
896 7492 684 104 18ͨͫ.

384 7628 80 96 C
472 7648 64 76 O
548 7632 476 88 NTENTS
1016 7704 20 16 .
1040 7680 140 12 —
1184 7624 316 96 Back
1596 7624 544 96 numbers
2236 7624 124 96 at
2456 7620 680 100 Christmas.
3144 7680 140 12 —
3288 7624 240 96 The
3628 7624 648 100 Christmas
4376 7632 440 92 candle.
4824 7680 132 16 —

216 7764 240 100 The
528 7764 648 96 Christmas
1256 7756 1384 116 "gimme".—Christmas
2712 7760 1004 112 greetings.—The
3796 7764 648 96 Christmas
4520 7764 432 116 poet.—

228 7896 424 116 Facing
744 7896 308 96 facts
1152 7900 124 92 at
1376 7896 1068 96 Christmas.—The
2544 7896 212 96 life
2856 7896 124 96 of
3080 7896 192 96 the
3376 7896 648 96 Christmas
4128 7904 376 108 party.
4508 7952 104 16 —
4652 7896 308 100 That

228 8032 756 96 troublesome
1088 8028 644 96 Christmas
1836 8028 804 116 present.—To
2748 8028 192 100 the
3048 8056 392 72 rescue
3544 8060 144 68 on
3792 8028 652 100 Christmas
4544 8056 60 72 e
4616 8060 64 68 v
4688 8056 60 72 e
4788 8032 152 108 !—

224 8168 344 96 What
636 8168 192 100 the
904 8164 484 116 Shining
1452 8172 248 88 star
1768 8164 256 96 club
2092 8164 196 100 did
2356 8172 124 88 at
2552 8164 680 96 Christmas.

420 8304 280 112 Aug.
772 8304 160 108 17,
1004 8300 272 96 1927
1304 8304 28 84 ;
1412 8300 160 96 2c.
1644 8300 220 92 and
1936 8300 196 96 aff.
2204 8300 280 116 Aug.
2556 8300 140 92 20
2720 8304 28 80 ;
2828 8300 96 92 A
2992 8300 476 108 999488;
3544 8300 124 96 T.
3744 8300 108 96 S.
3924 8300 508 96 Denison
4504 8300 84 96 &
4656 8328 164 72 co.

412 8432 660 120 (27-18055)
4472 8432 284 104 6880

224 8656 520 148 Curtis,
804 8656 348 128 Paul
1220 8656 444 152 Allen,
1740 8668 316 112 1899
2060 8736 80 16 –

388 8840 728 128 American
1180 8884 388 120 game
1636 8844 672 160 shooting,
2372 8840 180 164 by
2636 8840 108 132 C
2752 8852 276 152 apt.
3096 8844 296 124 Pau
3404 8848 44 120 l
3520 8844 164 124 A.
3764 8840 108 132 C
3880 8848 344 120 urtis
4336 8852 84 132 …
4628 8848 328 124 New

236 9028 412 156 York,
708 9032 160 120 E.
932 9028 152 124 P.
1148 9028 528 124 Dutton
1740 9032 104 120 &
1900 9068 668 120 company
2640 9020 452 148 [ͨ1927]

392 9220 60 96 3
516 9248 104 84 p.
684 9228 36 88 l
736 9296 52 36 .,
856 9220 124 96 ix
980 9276 60 8 –
1056 9248 152 68 xv
1276 9248 136 88 p.,
1476 9220 60 96 1
1604 9224 36 92 l
1656 9296 52 36 .,
1776 9220 204 96 279
2044 9248 100 88 p.
2320 9220 388 116 front.,
2776 9224 408 112 plates.
3360 9220 64 92 2
3436 9212 684 116 1½ͨͫ
3672 9252 28 56 .

236 9320 120 108 ©
416 9356 280 108 Aug.
756 9356 164 108 19,
988 9356 124 92 19
1120 9356 188 96 27;
1376 9356 160 96 2c.
1596 9356 284 108 Aug.
1936 9356 196 96 22:
2200 9380 60 72 a
2276 9356 68 92 f
2296 9356 100 96 f.
2456 9356 280 108 Aug.
2800 9356 196 96 20:
3064 9356 96 92 A
3220 9352 472 108 999482;
3764 9360 124 96 E.
3952 9356 120 96 P.
4136 9356 180 96 Du
4336 9360 244 92 tton
4644 9356 84 96 &
4788 9384 60 68 c
4856 9380 60 68 o
4920 9392 20 48 .

420 9488 664 116 (27-18017)
4468 9488 280 96 6881

2448 9612 324 132 1037
