5968 10284
3040 9620 324 124 1810

800 912 728 152 Mencken,
1608 912 496 152 Henry
2176 908 488 152 Louis,
2740 920 324 120 1880
3064 992 88 12 –

972 1096 464 128 James
1500 1096 556 128 Branch
2124 1092 516 168 Cabell,
2696 1096 184 168 by
2936 1096 184 128 H.
3188 1100 152 124 L.
3404 1100 704 124 Mencken.
4292 1100 328 128 New
4688 1104 432 164 York,
5184 1104 124 128 R
5324 1208 24 24 .
5500 1108 44 120 M
5576 1208 20 20 .

804 1288 660 124 McBride
1536 1292 112 116 &
1720 1324 712 128 company,
2516 1284 364 128 1927.

960 1484 68 96 3
1036 1480 68 96 2
1152 1512 104 88 p.
1396 1480 360 104 front.
1828 1480 412 120 (port.)
2304 1480 460 104 facsim.
2908 1480 584 112 19ͨͫ.

968 1652 748 100 "Individual
1764 1652 712 100 comment":
2552 1680 108 88 p.
2708 1652 64 92 2
2776 1656 68 96 3
2848 1708 72 12 –
2920 1652 172 100 32.

808 1820 120 116 ©
1016 1828 308 112 Sept.
1392 1824 180 112 28,
1636 1824 204 96 192
1844 1824 72 96 7
1956 1848 24 88 ;
2056 1824 164 96 2c.
2296 1824 228 96 and
2600 1824 200 96 aff.
2876 1824 268 96 Dec.
3216 1824 200 112 30;
3500 1824 96 92 A
3672 1824 552 112 1018051;
4308 1828 436 96 Robert
4824 1828 152 96 M.
5056 1828 544 96 McBride

968 1960 88 100 &
1128 1984 164 76 co.
1460 1956 536 120 (28-595)
5016 1960 368 100 12182.

800 2184 504 152 Miller,
1372 2184 576 128 Mahlon
2016 2184 172 128 D.

972 2372 408 128 Bank
1496 2372 388 128 loans
2012 2416 172 80 on
2308 2384 728 116 statement
3164 2372 268 128 and
3560 2372 740 164 character,
4424 2376 176 160 by
4724 2380 336 124 Mah
5068 2384 48 120 l
5128 2420 76 84 o
5208 2428 92 76 n
5420 2384 172 120 D.

812 2564 144 124 M
960 2564 312 128 iller
1368 2564 84 144 …
1688 2560 340 128 New
2112 2560 428 160 York,
2624 2560 296 128 The
3004 2564 548 124 Ronald
3636 2604 376 124 press
4096 2608 676 120 company
4888 2564 444 164 [ͨ1927]

968 2788 112 88 x,
1144 2756 212 100 492
1428 2788 108 88 p.
1604 2756 184 96 inc
1792 2760 40 92 l
1848 2836 24 20 .
1944 2760 408 112 tables,
2428 2756 464 120 diagrs.,
2960 2756 408 100 forms.
3508 2756 652 108 22ͨͫ.

972 2928 904 116 Bibliography:
1940 2952 104 92 p.
2100 2928 208 96 473
2312 2980 68 12 –
2384 2924 244 100 475.

808 3072 116 112 ©
1008 3100 264 100 Dec.
1348 3100 164 112 16,
1584 3096 140 96 19
1728 3100 68 92 2
1800 3100 124 112 7;
2004 3096 64 96 2
2076 3120 56 72 c
2144 3176 20 20 .
2236 3100 232 92 and
2540 3096 128 96 af
2660 3096 80 96 f.
2816 3096 268 96 Dec.
3156 3096 60 92 1
3228 3096 68 92 9
3332 3120 20 92 ;
3432 3096 96 96 A
3604 3104 56 88 1
3672 3096 68 96 0
3744 3100 52 88 1
3812 3096 136 96 36
3952 3096 72 96 9
4028 3096 64 96 6
4132 3124 20 88 ;
4236 3100 96 92 R
4344 3128 72 68 o
4416 3104 276 100 nald
4768 3128 324 88 press
5168 3132 56 68 c
5232 3128 64 72 o
5308 3180 20 20 .

992 3236 532 120 (28-571)
5012 3232 360 104 12183

796 3456 944 156 Minneapolis
1812 3456 340 128 heat
2228 3452 740 156 regulator
3048 3492 736 116 company.

968 3648 288 124 The
1320 3648 652 160 Minnreg
2032 3648 340 124 sales
2440 3644 908 124 information
3408 3644 356 128 book
3840 3660 84 128 …
4156 3656 80 112 2
4244 3648 88 124 d
4396 3652 204 124 ed.
4744 3660 84 128 …
5020 3728 32 84 [
5060 3648 528 128 Minne-

804 3836 480 160 apolis,
1384 3836 484 160 Minn.,
1964 3832 932 156 Minneapolis
2988 3836 320 120 heat
3404 3836 700 160 regulator
4204 3880 236 116 co.,
4540 3836 320 128 1927
4856 3872 40 100 ]

960 4032 204 96 451
1244 4060 104 88 p.
1492 4032 344 116 illus.,
1916 4028 432 116 diagrs.
2488 4028 64 96 2
2556 4032 612 108 3½ͨͫ.

808 4172 116 112 ©
1012 4200 248 96 Oct.
1332 4204 96 108 7,
1504 4200 204 96 192
1716 4204 64 92 7
1824 4224 20 88 ;
1924 4200 164 96 2c.
2164 4200 248 96 Oct.
2492 4200 196 108 17;
2768 4196 200 100 aff.
3048 4200 248 96 Oct.
3372 4200 200 112 14;
3652 4196 100 92 A
3828 4200 56 92 1
3896 4200 140 96 00
4040 4200 200 96 771
4252 4200 68 96 0
4356 4224 20 88 ;
4464 4200 776 116 Minneapolis
5320 4204 280 96 heat

972 4336 600 116 regulator
1648 4360 164 72 co.
5008 4332 364 104 12184

800 4560 592 156 Mohler,
1456 4560 480 128 Louis.

968 4748 704 164 Teaching
1788 4748 428 128 music
2344 4748 364 124 from
2836 4792 172 80 an
3132 4748 936 164 appreciative
4184 4748 428 164 basis;
4740 4748 240 128 the
5096 4748 500 132 funda-

804 4936 580 124 mentals
1476 4936 156 124 of
1720 4936 568 124 musical
2384 4936 988 160 development,
3464 4936 180 160 by
3736 4936 424 124 Louis
4244 4936 536 124 Mohler
4880 4936 84 144 …
5204 4936 236 132 Wi
5444 4948 64 116 t
5504 4940 96 120 h

796 5172 76 76 a
992 5124 688 124 foreword
1788 5128 180 156 by
2080 5124 412 124 Peter
2600 5120 216 132 W.
2932 5120 628 164 Dykema
3644 5136 80 136 …
4032 5124 568 160 Boston,
4712 5124 332 128 New
5164 5120 432 168 York,

800 5308 148 132 C.
1020 5308 148 132 C.
1240 5308 684 124 Birchard
1992 5312 108 120 &
2164 5348 672 120 company
2920 5308 152 152 [ͨ
3012 5304 332 128 1927
3348 5384 32 84 ]

960 5508 72 92 4
1088 5536 104 88 p.
1260 5508 36 92 l
1312 5580 56 40 .,
1444 5508 164 116 [11
1628 5504 104 88 ]–
1732 5504 212 96 159
2004 5532 104 88 p.
2248 5504 72 96 2
2320 5504 608 108 0ͨͫ.

868 5664 68 120 ©
1004 5676 108 92 D
1116 5700 164 72 ec.
1344 5676 60 92 1
1416 5672 64 96 5
1492 5748 20 40 ,
1588 5672 336 112 1927;
2000 5676 128 92 2c
2140 5748 24 24 .
2236 5676 232 92 and
2540 5672 128 96 af
2660 5672 48 92 f
2716 5748 24 20 .
2812 5672 268 96 Dec.
3148 5672 200 112 29;
3428 5672 96 92 A
3596 5672 60 92 1
3664 5672 72 96 0
3740 5672 208 96 139
3948 5672 64 96 5
4016 5676 128 108 3;
4228 5672 84 96 C
4324 5748 20 24 .
4428 5672 84 100 C
4524 5752 20 20 .
4616 5672 212 96 Bir
4832 5700 60 68 c
4900 5676 296 92 hard
5268 5676 88 96 &
5428 5704 52 68 c
5492 5700 64 68 o
5572 5756 16 20 .

5016 5804 356 104 12185

800 5932 376 128 Moln
1180 5932 100 120 á
1280 5972 116 112 r,
1468 5936 580 148 Ferenc,
2128 5932 316 128 1878
2452 6012 80 16 –

1068 6136 76 132 …
1220 6124 260 128 Die
1572 6120 560 164 dampfs
2144 6128 76 120 ä
2228 6120 260 164 ule,
2572 6124 568 160 novelle,
3232 6120 732 128 illustriert
4048 6164 268 84 von
4404 6128 156 120 L.
4656 6120 300 132 Ged
4964 6132 72 120 ö
5052 6224 28 28 .
5260 6128 328 124 Ber-

800 6312 204 124 lin
1076 6312 104 124 [e
1188 6324 60 112 t
1252 6360 104 76 c.
1352 6352 44 96 ]
1468 6312 160 124 P.
1684 6312 628 160 Zsolnay,
2376 6308 360 128 1927.

968 6508 236 116 124,
1280 6500 36 88 [
1312 6504 56 92 1
1372 6524 32 84 ]
1468 6536 108 88 p.
1716 6508 312 96 illus.
2168 6508 64 92 2
2240 6504 608 108 0ͨͫ.

968 6680 156 96 At
1176 6680 300 92 head
1528 6676 128 96 of
1704 6676 328 96 title:
2092 6676 380 96 Franz
2528 6676 116 96 M
2656 6672 256 100 olná
2932 6700 92 72 r.

972 6816 164 100 "1.
1200 6812 176 100 bis
1432 6812 68 96 5
1508 6892 24 20 .
1600 6812 600 100 tausend."

808 6980 120 116 ©
1008 6988 308 96 June
1384 6984 168 116 28,
1628 6984 340 112 1927;
2052 6984 56 92 1
2124 7012 88 68 c.
2288 6984 248 96 Oct.
2612 6984 60 92 1
2684 6984 60 92 5
2788 7008 24 88 ;
2896 6980 748 116 A—Foreign
3712 6984 64 92 3
3788 6980 208 96 600
3996 6984 128 112 3;
4208 6984 296 92 Paul
4580 6984 500 112 Zsolnay
5156 6988 432 108 verlag,

972 7144 236 92 ges.
1280 7148 144 72 m.
1500 7120 100 100 b.
1672 7120 108 96 h.
1952 7116 528 128 (28-735)
5008 7112 360 104 12186

800 7348 524 148 Myers,
1404 7340 464 156 Philip
1948 7340 312 132 Van
2332 7340 420 152 Ness,
2836 7348 324 120 1846
3164 7420 84 16 –

972 7532 588 128 General
1624 7532 572 164 history.
2348 7532 176 120 2d
2592 7572 276 80 rev.
2936 7528 200 124 ed.
3296 7532 560 156 Boston,
3924 7528 336 124 New
4328 7528 396 124 York
4804 7540 280 148 [etc.
5104 7604 28 84 ]
5216 7528 376 128 Ginn

800 7720 268 124 and
1144 7760 672 120 company
1900 7712 372 164 [1927
2280 7792 32 84 ]

964 7916 60 92 1
1092 7940 72 72 v
1176 7988 20 24 .

812 8036 120 116 ©
1024 8048 308 112 Sept.
1416 8048 96 112 1,
1592 8044 340 112 1927;
2016 8044 72 96 2
2088 8064 56 76 c
2160 8124 20 20 .
2272 8048 308 112 Sept.
2660 8044 200 112 26;
2948 8044 196 96 aff.
3236 8044 304 112 Sept.
3624 8044 68 96 2
3696 8048 64 92 3
3804 8068 24 88 ;
3916 8044 100 96 A
4096 8048 60 92 1
4164 8044 64 96 0
4232 8044 76 96 0
4308 8044 204 96 724
4520 8044 64 96 5
4624 8068 24 88 ;
4736 8044 120 100 P.
4944 8044 128 96 V.
5160 8044 420 112 Myers,

972 8180 700 100 Cincinnati.
5004 8172 356 104 12187

804 8404 288 124 The
1184 8400 680 128 National
1956 8408 472 156 cyclop
2432 8424 120 92 æ
2552 8404 228 124 dia
2876 8400 156 128 of
3124 8400 732 128 American
3948 8400 812 164 biography,
4852 8400 412 164 being
5352 8400 232 128 the

980 8588 532 136 history
1576 8588 152 124 of
1788 8592 228 120 the
2080 8588 516 124 United
2668 8588 452 132 States
3188 8636 140 76 as
3392 8588 776 124 illustrated
4236 8588 148 124 in
4444 8592 232 120 the
4736 8588 336 124 lives
5140 8584 152 128 of
5356 8592 232 120 the

980 8772 692 164 founders,
1732 8772 652 168 builders,
2452 8776 268 124 and
2788 8772 724 128 defenders
3572 8768 156 132 of
3788 8776 224 124 the
4080 8772 652 164 republic,
4800 8776 268 124 and
5136 8772 152 128 of
5348 8776 232 120 the

972 9004 312 80 men
1356 8960 268 124 and
1700 9004 520 80 women
2288 8964 304 120 who
2668 9004 224 80 are
2968 8960 424 160 doing
3460 8960 232 124 the
3764 8960 380 124 work
4216 8960 272 124 and
4560 8960 716 160 moulding
5348 8960 228 124 the

976 9148 592 160 thought
1644 9144 152 124 of
1864 9148 228 120 the
2168 9156 548 148 present
2780 9144 372 160 time,
3224 9148 200 120 ed.
3504 9144 184 164 by
3764 9140 1004 168 distinguished
4844 9144 732 164 biograph-

976 9372 248 120 ers,
1292 9332 568 124 selected
1936 9328 376 124 from
2372 9332 312 124 each
2764 9340 388 152 state,
3228 9372 264 80 rev.
3572 9328 268 124 and
3916 9332 700 160 approved
4684 9328 180 164 by
4932 9324 232 128 the
5236 9340 348 116 most
