5968 10284
756 1060 452 148 Klein,
1288 1064 492 144 Henry
1852 1060 176 124 H.
2032 1132 184 20 —
2228 1056 768 128 Continued

936 1256 556 96 "Charles
1556 1256 472 112 Becker,
2100 1280 64 68 a
2228 1252 656 96 lieutenant
2944 1276 148 68 on
3160 1252 192 96 the
3416 1252 280 92 New
3764 1248 308 96 York
4136 1248 240 112 city
4444 1248 364 120 police
4872 1252 352 116 force,
5292 1280 248 76 was

772 1396 204 108 put
1044 1396 116 92 to
1232 1388 352 96 death
1648 1388 136 108 in
1844 1392 192 92 the
2108 1384 468 96 electric
2644 1384 332 96 chair
3044 1384 120 96 in
3248 1384 276 116 Sing
3596 1384 280 112 Sing
3948 1384 396 116 prison
4416 1412 144 68 on
4636 1384 276 116 July
4988 1388 164 112 30,
5228 1388 308 104 1915.

772 1528 172 92 He
1016 1524 228 96 had
1316 1524 280 96 been
1672 1520 600 100 convicted
2344 1524 72 108 …
2540 1516 120 96 of
2732 1524 200 92 the
2996 1520 476 92 murder
3540 1516 124 100 of
3740 1520 520 96 Herman
4336 1520 676 116 Rosenthal,
5092 1548 64 68 a
5236 1548 304 88 gam-

772 1660 268 112 bler,
1124 1660 256 96 who
1464 1680 240 72 was
1780 1660 268 92 shot
2124 1660 228 92 and
2436 1656 356 96 killed
2868 1660 72 108 …
3080 1680 144 72 on
3308 1656 196 96 the
3584 1652 536 116 morning
4200 1656 120 96 of
4404 1656 276 112 July
4764 1656 164 112 16,
5020 1656 524 100 1912."—

772 1792 652 96 Foreword.

800 1936 80 112 ©
952 1964 268 112 Apr.
1280 1964 132 92 22
1416 1996 24 56 ,
1504 1960 336 112 1927;
1908 1964 160 92 2c.
2128 1960 228 92 and
2420 1960 192 96 aff.
2676 1956 272 116 Apr.
3008 1960 196 108 23;
3272 1960 88 92 A
3432 1956 60 96 9
3504 1956 396 100 76237;
3976 1960 148 96 H.
4188 1960 144 96 H.
4396 1960 380 116 Klein,
4844 1960 276 96 New
5188 1960 344 100 York.

952 2096 600 120 (27-9389)
5048 2092 60 100 3
5124 2092 212 100 352

764 2324 468 144 Laird,
1308 2320 544 128 Donald
1932 2320 788 124 Anderson.

936 2512 288 120 The
1320 2508 844 160 psychology
2256 2504 152 128 of
2500 2504 652 164 selecting
3236 2552 352 116 men,
3680 2504 176 164 by
3948 2504 552 128 Donald
4588 2504 176 128 A.
4852 2504 432 132 Laird
5352 2504 80 148 …

764 2704 76 116 2
852 2700 84 124 d
1044 2696 196 128 ed.
1436 2696 328 124 New
1872 2692 392 124 York
2376 2704 324 124 [etc.]
2828 2692 1028 132 McGraw-Hill
3960 2692 356 128 book
4420 2740 708 120 company,
5236 2696 300 164 inc.,

772 2884 352 128 1927.

932 3080 244 112 xiii,
1252 3128 20 72 [
1284 3084 60 92 1
1348 3104 32 80 ]
1400 3152 20 40 ,
1484 3080 208 96 345
1748 3108 100 84 p.
1912 3076 36 96 i
1960 3104 140 72 nc
2104 3084 36 88 l
2156 3156 20 20 .
2240 3080 336 112 illus.,
2644 3080 464 112 diagrs.,
3176 3076 400 100 forms.
3724 3080 752 108 23½ͨͫ.
4352 3076 308 120 $4.00

936 3216 708 116 "Suggested
1708 3216 608 116 readings"
2380 3220 124 92 at
2560 3216 220 96 end
2840 3216 128 92 of
3020 3224 268 108 part
3348 3216 124 96 of
3536 3220 192 92 the
3788 3220 572 112 chapters.

768 3328 120 112 ©
956 3360 272 108 Apr.
1288 3360 168 108 22,
1524 3356 332 108 1927;
1924 3356 160 96 2c.
2152 3356 268 112 Apr.
2488 3356 60 88 2
2560 3352 68 92 6
2664 3380 20 84 ;
2756 3380 60 68 a
2836 3352 116 100 ff.
3016 3356 272 112 Apr.
3352 3356 196 108 27;
3620 3356 96 88 A
3780 3352 68 92 9
3856 3352 404 116 72922;
4336 3352 840 96 McGraw-Hill
5244 3356 296 92 book

932 3516 124 68 co
1076 3564 48 40 .,
1208 3492 116 92 in
1328 3504 60 80 c
1408 3568 16 20 .
1596 3488 596 120 (27-9382)
5032 3476 136 100 33
5180 3484 60 100 5
5252 3484 68 100 3

764 3716 196 124 La
1048 3716 1188 148 Rochefoucauld,
2324 3716 372 120 Fran
2712 3752 68 120 ç
2788 3752 76 84 o
2876 3712 120 124 is
3080 3736 96 104 V
3184 3728 52 104 I
3244 3812 32 48 ,
3360 3716 92 124 d
3452 3736 164 104 ue
3696 3716 216 148 de,
3992 3716 468 160 prince
4544 3716 164 124 de
4792 3716 748 160 Marcillac,

940 3908 772 120 1613-1680.

1028 4088 80 144 …
1188 4088 708 160 Maximes,
1992 4088 180 164 by
2264 4088 200 124 La
2560 4088 456 124 Roche
3032 4088 60 124 f
3104 4132 72 80 o
3184 4132 88 80 u
3284 4132 60 80 c
3360 4128 72 84 a
3440 4132 88 80 u
3536 4088 48 124 l
3596 4088 152 160 d;
3852 4092 456 124 edited
4408 4088 336 124 with
4844 4132 176 80 an
5116 4088 420 128 intro-

768 4280 80 124 d
868 4324 76 76 u
960 4276 360 124 ction
1412 4276 268 124 and
1768 4288 376 108 notes
2232 4276 176 160 by
2496 4272 452 128 Rober
2956 4288 56 108 t
3092 4276 148 120 L.
3336 4272 188 132 Cr
3572 4268 44 124 u
3724 4284 76 136 …
4032 4276 328 124 New
4448 4272 432 164 York,
4964 4276 572 128 London

776 4480 324 140 [etc.]
1196 4460 548 132 Oxford
1816 4464 768 160 university
2660 4504 412 120 press,
3156 4460 356 128 1927.

936 4660 240 112 xxi,
1240 4656 204 96 155
1508 4684 100 88 p.
1752 4656 360 96 front.
2180 4656 412 116 (port.)
2676 4660 408 112 plates,
3156 4660 412 92 double
3632 4656 488 116 facsim.,
4188 4660 264 92 coat
4516 4656 124 96 of
4700 4684 348 72 arms.
5196 4660 716 104 18½ͨͫ.

792 4796 504 104 (Oxford
1360 4792 444 96 French
1872 4792 356 96 series
2296 4792 140 112 by
2500 4792 612 96 American
3180 4792 584 112 scholars)

776 4924 116 116 ©
960 4936 288 88 Mar.
1308 4932 160 112 19,
1532 4932 332 104 1927;
1932 4928 160 96 2c.
2152 4928 268 112 Apr.
2480 4928 192 100 12:
2744 4928 128 96 af
2860 4928 48 92 f
2924 5008 12 16 .
2996 4928 276 116 Apr.
3328 4928 196 108 22;
3592 4928 96 92 A
3748 4928 476 112 972848;
4296 4928 448 96 Oxford
4804 4928 312 100 univ.
5176 4952 360 92 press,

932 5068 376 96 Amer.
1396 5068 468 92 branch.
2020 5064 144 120 [©
2268 5064 792 96 introduction
3148 5072 228 92 and
3464 5068 420 120 notes]
4000 5068 600 112 (27-9458)
5056 5060 60 104 3
5128 5060 60 100 3
5200 5060 140 100 54

764 5296 676 144 Laurent,
1524 5288 568 148 Marcel,
2188 5288 316 128 1879
2512 5368 84 12 –

1008 5492 84 128 …
1176 5476 308 128 Une
1568 5476 460 124 ombre
2108 5496 228 104 sur
2424 5476 124 124 le
2636 5476 516 156 miroir,
3240 5520 512 80 roman.
3932 5476 444 160 Paris,
4460 5480 128 124 J.
4680 5476 636 128 Ferenezi
5412 5492 128 112 et

764 5664 212 124 fils
1080 5664 228 136 [ͨ19
1320 5668 76 116 2
1408 5672 72 112 6
1496 5740 28 80 ]

932 5864 204 92 224
1200 5888 104 88 p.
1448 5860 612 104 19ͨͫ.

776 5984 116 116 ©
968 5996 268 96 Dec.
1300 5996 92 108 1,
1464 5988 332 116 1926;
1944 6000 136 112 1c.
2100 5992 260 96 Jan.
2428 5992 164 112 12,
2664 5992 336 108 1927;
3076 5988 96 92 A
3176 6048 140 8 —
3324 5988 496 116 Foreign
3888 5992 408 112 32878;
4372 5996 104 96 J.
4552 5996 364 92 Feren
4928 5996 160 96 czi
5168 5996 84 96 &
5320 5996 44 92 f
5340 5996 96 92 il
5452 6020 84 76 s.

956 6128 596 120 (27-9962)
5052 6128 280 100 3355

764 6352 496 140 Locke,
1348 6348 612 132 William
2044 6348 416 148 John,
2552 6360 320 112 1863
2880 6428 88 16 –

1016 6540 92 136 …
1200 6540 176 120 El
1476 6540 484 120 amado
2064 6536 860 164 vagabundo,
3016 6540 476 120 novela
3600 6540 724 124 traducida
4428 6540 216 124 del
4748 6540 432 164 inglés
5300 6588 240 116 por

776 6720 760 160 Alejandro
1612 6720 408 124 Frias
2096 6720 576 128 Giraud.
2836 6720 796 160 Barcelona,
3708 6724 608 164 Madrid,
4404 6724 664 132 Sociedad
5152 6772 388 116 gene-

776 6904 204 128 ral
1040 6908 168 124 de
1264 6900 1044 168 publicaciones,
2368 6952 96 80 s.
2536 6952 116 80 a.
2732 6912 160 132 [ͨ
2832 6912 236 120 192
3080 6912 108 128 6]

936 7096 208 96 300
1212 7124 100 88 p.
1456 7120 72 92 p
1536 7100 332 92 lates.
2008 7100 64 88 2
2084 7096 576 108 0ͨͫ.

944 7232 148 92 At
1148 7236 300 92 head
1508 7232 124 92 of
1692 7232 256 92 title
1992 7256 24 72 :
2080 7232 516 96 William
2660 7236 108 92 J.
2828 7236 404 92 Locke.

780 7332 116 112 ©
992 7368 240 92 Oct.
1316 7364 164 116 15,
1564 7368 332 96 1926:
2056 7360 144 112 1c.
2236 7368 264 96 Dec.
2580 7368 196 112 24;
2868 7360 744 120 A—Foreign
3692 7372 136 92 32
3836 7364 136 88 85
3976 7372 120 112 2;
4200 7368 556 100 Sociedad
4844 7380 468 112 general
5396 7380 140 92 de

940 7504 884 112 publicaciones,
1912 7528 84 72 s.
2088 7528 100 72 a.
2356 7500 668 116 (27-10076)
5052 7508 284 100 3356

776 7724 796 124 Louisiana.
1772 7728 180 120 Su
1960 7744 456 144 preme
2488 7772 64 80 c
2560 7768 72 84 o
2640 7772 100 76 u
2740 7772 68 72 r
2816 7744 52 108 t
2880 7828 20 24 .

940 7912 736 120 Louisiana
1744 7924 564 148 reports.
2464 7960 120 76 v.
2660 7920 272 116 161.
3088 7912 404 128 Cases
3560 7920 508 156 argued
4140 7920 268 124 and
4476 7920 836 128 determined
5384 7924 80 128 …

776 8108 144 108 at
1004 8108 412 112 terms
1504 8096 756 160 beginning
2348 8096 300 124 first
2740 8096 608 160 Monday
3440 8096 152 124 of
3688 8096 624 144 October,
4416 8112 364 152 1925,
4868 8108 272 124 and
5236 8104 300 128 first

780 8280 600 160 Monday
1468 8276 152 124 of
1704 8280 628 156 October,
2420 8292 148 112 19
2584 8292 156 112 26
2836 8280 84 136 …
3152 8288 256 120 Ed.
3496 8288 428 120 under
4008 8288 228 124 the
4320 8288 668 124 direction
5072 8288 152 124 of
5308 8292 228 124 the

776 8476 420 112 court.
1352 8460 92 128 S
1456 8476 60 112 t
1528 8564 20 24 .
1624 8468 392 152 Paul,
2080 8468 384 124 West
2532 8512 84 116 p
2636 8512 72 76 u
2724 8468 608 164 blishing
3392 8516 64 76 c
3468 8508 72 80 o
3560 8568 64 60 .,
3700 8468 356 128 1927.

940 8660 392 100 xxxiv,
1404 8656 268 92 1262
1744 8660 380 96 numb.
2192 8664 212 92 col.
2536 8660 648 104 23ͨͫ.

784 8764 116 108 ©
984 8796 288 92 Mar.
1348 8792 92 112 5,
1520 8792 332 108 1927;
1932 8796 152 92 2c.
2168 8796 228 92 and
2472 8796 196 96 aff.
2744 8784 268 128 May
3092 8796 192 116 16;
3368 8792 88 92 A
3536 8796 476 112 990048;
4092 8804 324 92 West
4492 8804 668 112 publishing
5236 8828 160 72 co.

5048 8932 284 104 3357

784 9048 484 156 [Lyon,
1344 9048 772 160 Laurance]
2212 9052 392 128 1875-

936 9232 496 128 Where
1492 9232 608 128 freedom
2160 9236 520 160 falters,
2732 9240 180 160 by
2968 9240 232 124 the
3252 9244 492 124 author
3800 9244 152 124 of
4008 9244 292 128 The
4360 9292 408 116 pomp
4824 9248 156 120 of
5032 9292 304 116 pow
5348 9292 60 76 e
5428 9292 96 80 r.

776 9416 324 124 New
1176 9416 424 160 York,
1668 9420 616 160 London,
2356 9420 144 132 C.
2584 9420 740 132 Scribner's
3392 9468 352 120 sons,
3816 9432 352 124 1927.

3056 9716 236 116 512
