5920 10300
512 1124 340 124 New
928 1116 384 128 York
1420 1116 44 160 (
1488 1116 104 120 S
1604 1128 48 108 t
1660 1156 72 80 a
1752 1112 184 160 te)
2140 1112 436 156 Laws,
2652 1120 604 112 statutes,
3340 1116 232 112 etc.
3584 1180 168 12 —
3756 1100 776 128 Continued

680 1316 164 112 iii,
904 1316 204 96 914
1168 1336 104 92 p.
1416 1308 584 116 27ͨͫ.

684 1484 420 96 "Table
1168 1480 124 96 of
1356 1476 588 96 contents"
2016 1476 544 96 mounted
2632 1496 140 72 on
2840 1472 376 96 inside
3280 1472 124 92 of
3464 1472 328 92 front
3860 1488 364 72 cover.

524 1648 116 112 ©
720 1652 268 112 Apr.
1064 1652 160 108 14,
1300 1644 332 112 1927;
1716 1644 160 96 2c.
1952 1644 228 92 and
2252 1640 196 96 aff.
2528 1644 268 108 Apr.
2872 1640 192 108 18;
3148 1640 100 88 A
3320 1632 472 100 972769:
3880 1632 644 116 Callaghan
4600 1632 88 96 &
4760 1656 160 72 co.

708 1784 596 116 (27-9391)
4776 1760 280 100 3478

516 2012 608 144 Nogaro,
1208 2004 748 144 Bertrand,
2052 2008 316 116 1880
2372 2076 84 16 –

692 2196 660 124 Finances
1444 2232 60 80 e
1520 2200 52 112 t
1660 2184 700 164 politique,
2456 2228 252 116 par
2792 2184 684 124 Bertrand
3568 2184 124 120 N
3704 2224 72 80 o
3788 2224 244 120 gar
4044 2220 72 84 o
4204 2196 80 144 …
4544 2180 444 160 Paris,
5072 2184 144 124 M
5236 2280 24 24 .

528 2380 476 156 Giard,
1084 2372 356 128 1927.

696 2604 72 64 v
772 2576 36 92 i
820 2572 36 96 i
864 2572 68 116 i,
1004 2572 200 96 223
1268 2596 108 88 p.
1516 2568 720 112 22½ͨͫ.

596 2760 72 108 ©
740 2740 260 96 Jan.
1084 2736 96 96 5.
1264 2736 268 96 1927
1572 2760 24 68 ;
1684 2736 56 88 1
1736 2748 68 80 c
1824 2812 16 20 .
1928 2736 120 92 M
2052 2760 164 72 ar.
2300 2732 196 96 10:
2588 2736 96 88 A
2684 2788 144 8 —
2836 2728 492 116 Foreign
3408 2728 408 108 33461;
3908 2732 128 92 B.
4120 2732 172 92 No
4300 2752 68 92 g
4376 2748 60 72 a
4452 2752 56 68 r
4516 2756 64 68 o
4664 2728 84 96 &
4836 2728 428 96 Marcel

696 2876 388 92 Giard.
1152 2872 368 92 Paris.
1692 2868 664 112 (27-10117)
4792 2856 280 100 3479

532 3096 516 148 Noyes,
1124 3092 548 148 Alfred,
1756 3096 316 120 1880
2076 3168 76 16 –

700 3280 328 128 New
1136 3304 444 112 essays
1680 3280 268 124 and
2052 3276 732 124 American
2892 3276 912 160 impressions,
3900 3276 184 160 by
4180 3272 508 128 Alfred
4788 3276 484 160 Noyes.

540 3468 324 124 New
928 3468 416 124 York,
1416 3468 184 120 H.
1664 3468 232 120 Ho
1904 3464 48 124 l
1960 3480 56 108 t
2084 3468 264 120 and
2416 3508 668 116 company
3160 3460 416 164 [ͨ1927
3588 3540 28 84 ]

704 3676 68 76 x
788 3736 20 40 ,
876 3664 200 96 267
1140 3688 104 88 p.
1384 3660 680 108 19½ͨͫ.

596 3824 72 108 ©
740 3832 268 112 Apr.
1076 3832 164 104 25,
1316 3828 332 112 1927;
1724 3828 160 96 2c.
1952 3856 64 64 a
2028 3832 152 88 nd
2252 3856 56 68 a
2332 3824 116 100 ff.
2520 3832 268 108 Apr.
2864 3828 196 112 28;
3136 3832 96 88 A
3304 3824 476 112 976278;
3860 3828 400 112 Henry
4332 3824 288 96 Holt
4688 3828 228 92 and
4988 3848 160 72 co.

728 3964 596 112 (27-9753)
4804 3956 280 100 3480

540 4184 464 148 Owen,
1076 4184 328 124 Mrs.
1476 4184 448 124 Marie
2012 4180 916 156 (Bankhead)
3024 4188 316 116 1869
3344 4256 88 20 –

712 4372 576 124 Yvonne
1356 4368 152 128 of
1576 4372 972 156 Braithwaite;
2628 4412 72 80 a
2772 4412 628 84 romance
3464 4368 152 124 of
3680 4372 228 124 the
3972 4368 840 164 Mississippi
4892 4372 404 148 delta,

536 4560 168 156 by
752 4556 440 128 Marie
1240 4556 756 128 Bankhead
2048 4556 488 156 Owen;
2600 4556 332 124 with
2988 4600 172 80 an
3208 4552 932 128 introduction
4188 4556 176 164 by
4412 4556 376 132 John
4848 4552 448 168 Sharp

544 4744 224 128 Wi
780 4744 48 124 l
836 4744 392 124 liams
1312 4744 72 144 …
1496 4740 332 128 with
1888 4744 316 124 fron
2212 4756 60 112 t
2276 4744 496 160 ispiece
2824 4744 144 124 in
3024 4744 160 120 fu
3188 4744 108 124 ll
3348 4784 148 84 co
3504 4744 48 120 l
3560 4784 148 84 or
3768 4740 176 164 by
3996 4740 472 128 Frank
4516 4744 152 124 T.
4724 4744 152 124 M
4884 4744 264 124 erri
5160 4744 96 124 ll
5276 4844 24 24 .

556 4936 552 156 Boston,
1184 4932 148 124 L.
1420 4928 148 132 C.
1648 4932 372 164 Page
2096 4936 112 120 &
2288 4972 668 120 company
3048 4928 400 128 [1927]

720 5128 192 92 xiv
968 5156 140 84 p.,
1172 5128 56 88 1
1292 5128 36 92 l
1344 5200 52 40 .,
1456 5128 204 92 329
1716 5152 100 88 p.
1960 5132 208 92 col.
2228 5128 356 96 front.
2732 5128 712 104 19½ͨͫ.

556 5268 120 112 ©
752 5300 272 108 Apr.
1092 5296 164 112 22,
1332 5296 332 100 1927;
1744 5296 156 96 2c.
1976 5300 224 88 and
2276 5320 60 68 a
2348 5292 52 96 f
2392 5292 52 96 f
2452 5372 20 20 .
2544 5300 272 108 Apr.
2884 5292 140 96 30
3064 5320 20 84 ;
3164 5300 96 88 A
3332 5296 132 92 97
3472 5292 60 96 6
3540 5296 60 92 3
3612 5292 132 96 06
3788 5320 16 84 ;
3884 5296 120 96 L.
4080 5292 120 100 C.
4276 5296 304 112 Page
4652 5300 88 96 &
4812 5324 56 64 c
4876 5320 64 68 o
4952 5372 52 36 .,
5080 5292 36 96 i
5128 5324 68 64 n
5208 5316 56 72 c
5276 5372 20 24 .

744 5432 592 112 (27-9627)
4820 5424 276 100 3481

556 5652 468 144 Owen,
1096 5652 456 152 Ralph
1628 5652 492 124 Albert
2192 5648 732 152 Dornfeld,
3000 5660 320 116 1884
3324 5728 84 16 –

732 5840 692 160 Learning
1504 5836 580 164 religion
2180 5840 364 120 from
2632 5840 536 124 famous
3252 5836 864 160 Americans;
4216 5884 72 80 a
4372 5880 460 84 source
4916 5840 392 160 book,

564 6024 180 164 by
856 6024 460 160 Ralph
1428 6024 384 124 Dorn
1828 6024 64 120 f
1900 6024 216 124 eld
2232 6020 120 132 O
2368 6068 284 80 wen
2732 6016 84 148 …
3120 6024 328 124 New
3564 6020 432 164 York,
4104 6024 292 128 The
4508 6024 500 128 Macmi
5020 6024 104 128 ll
5136 6068 168 84 an

560 6252 704 120 company,
1344 6208 352 128 1927.

732 6420 72 72 x
816 6432 68 68 v
892 6404 72 112 i,
1024 6404 204 96 279
1288 6428 100 88 p.
1532 6404 652 108 21ͨͫ
1776 6440 32 52 .

572 6540 116 108 ©
756 6576 268 108 Apr.
1084 6572 60 92 2
1156 6572 92 100 6,
1308 6572 336 104 1927;
1712 6572 156 96 2c.
1932 6572 228 92 and
2216 6572 196 92 aff.
2476 6572 272 112 Apr.
2808 6572 196 104 27;
3072 6572 100 88 A
3232 6564 472 112 972901;
3780 6572 672 92 Macmillan
4516 6600 160 72 co.

760 6704 596 116 (27-9590)
4832 6704 280 100 3482

564 6928 480 148 Patty,
1120 6924 576 132 Willard
1772 6924 580 132 Walter.

736 7112 428 160 Legal
1248 7116 360 120 basis
1696 7112 152 124 of
1936 7116 228 124 the
2252 7112 460 160 public
2800 7112 736 160 secondary
3628 7112 712 128 education
4428 7160 648 124 program
5164 7120 156 128 of

568 7296 224 124 the
852 7296 132 128 U
988 7296 376 124 nited
1424 7296 488 160 States,
1960 7300 184 156 by
2196 7300 592 124 Willard
2844 7300 528 128 Walter
3424 7300 424 160 Patty
3916 7296 80 148 …
4204 7300 640 168 [Albany,
4940 7296 328 148 ͨ1927
5276 7384 32 84 ]

748 7492 116 92 vi
928 7520 136 88 p.,
1124 7492 60 96 1
1252 7492 40 96 l
1308 7568 48 36 .,
1424 7492 204 96 259
1692 7520 100 88 p.
1940 7492 716 104 19½ͨͫ.

748 7660 244 96 The
1072 7660 292 96 book
1436 7660 116 92 in
1628 7660 676 116 essentially
2384 7660 160 96 its
2616 7668 468 108 present
3156 7660 308 96 form
3536 7688 244 68 was
3852 7660 472 100 written
4400 7664 120 96 in
4592 7668 436 112 partial
5100 7668 220 100 ful-

588 7796 36 92 f
624 7796 36 92 i
664 7800 408 92 llment
1148 7796 124 96 of
1344 7800 200 92 the
1620 7792 840 120 requirements
2532 7796 192 96 for
2804 7800 196 92 the
3072 7800 412 112 degree
3560 7796 128 96 of
3760 7800 400 96 doctor
4236 7800 124 96 of
4436 7804 688 116 philosophy
5196 7812 128 96 at

588 7936 196 92 the
852 7932 672 112 University
1584 7932 128 96 of
1768 7932 688 100 California.
2600 7960 60 68 c
2664 7932 84 116 f.
2812 7932 312 100 Pref.

756 8068 896 112 Bibliography:
1724 8092 104 88 p.
1908 8112 24 72 [
1940 8068 208 92 245
2176 8060 88 88 ]–
2264 8064 240 100 259.

592 8168 116 108 ©
792 8204 268 112 Apr.
1136 8204 92 108 8,
1304 8204 332 96 1927:
1716 8204 60 92 2
1784 8208 52 76 c
1856 8284 20 16 .
1952 8204 228 96 and
2256 8204 192 96 aff.
2524 8204 272 112 Apr.
2872 8204 192 108 12;
3148 8204 96 92 A
3316 8204 476 112 967760;
3876 8204 300 100 Fred
4248 8212 128 96 A.
4456 8212 608 112 Williams,
5140 8216 168 92 Al-

748 8340 336 112 bany.
1252 8336 596 116 (27-9525)
4844 8344 284 96 3483

588 8560 536 144 Peters,
1204 8560 604 124 William
1888 8560 728 148 Edwards,
2700 8556 320 128 1857
3024 8636 84 16 –

760 8740 396 124 Land
1256 8788 440 112 areas;
1804 8788 192 116 or,
2096 8744 360 124 How
2552 8756 140 116 to
2788 8744 652 124 calculate
3548 8744 264 128 and
3916 8748 456 164 verify
4468 8764 608 116 contents
5172 8752 156 128 of

600 8944 416 108 tracts
1096 8924 156 128 of
1328 8932 368 156 land,
1772 8932 184 160 by
2028 8932 624 124 William
2736 8932 156 120 E.
2980 8932 468 120 Peters
3536 8948 72 132 …
3848 8932 172 124 2d
4104 8936 196 124 ed.
4472 8936 568 164 Athens,
5124 8936 120 132 O
5260 9040 68 60 .,

592 9112 208 124 W.
876 9112 160 124 E.
1100 9116 512 156 Peters,
1688 9112 352 132 1927.

768 9304 64 96 2
888 9332 104 88 p.
1048 9308 36 92 l
1100 9380 56 36 .,
1208 9308 68 96 7
1276 9360 52 16 –
1352 9304 132 100 78
1536 9332 104 88 p.
1696 9304 40 96 i
1744 9332 72 68 n
1816 9312 64 80 c
1888 9312 72 92 l.
2020 9308 404 112 tables,
2484 9308 432 112 diagrs.
3052 9308 720 104 23½ͨͫ.

608 9416 120 116 ©
804 9440 272 112 Apr.
1148 9440 160 96 19.
1392 9440 328 112 1927;
1800 9444 160 92 2c.
2036 9448 228 88 and
2344 9444 120 92 af
2460 9444 48 92 f
2520 9520 20 20 .
2616 9448 268 108 Apr.
2956 9444 196 96 21:
3236 9444 96 92 A
3408 9444 476 100 972835:
3968 9452 172 96 W.
4220 9452 124 96 E.
4428 9452 432 96 Peters.

792 9576 596 112 (27-9767)
4852 9580 60 100 3
4928 9580 204 100 484

2872 9708 232 116 531
