5968 10284
3256 9476 236 112 998

936 892 28 80 [
980 812 428 124 McMi
1416 812 40 120 l
1464 812 276 148 lan,
1816 812 584 124 Duncan
2476 808 492 128 James
2968 820 200 108 ]—
3212 804 772 132 Continued

924 1008 364 116 fairly
1352 1008 916 116 representative
2336 1004 120 96 of
2516 1004 196 96 the
2776 1008 252 92 best
3092 1004 264 96 that
3416 1004 592 96 scientists
4072 1004 296 96 have
4436 1008 112 92 to
4616 1028 204 92 say
4888 1028 144 72 on
5096 1004 196 100 the
5356 1008 340 92 value

924 1144 124 96 of
1108 1144 444 116 periodi
1560 1168 60 72 c
1680 1148 240 88 rest
1976 1140 188 96 for
2224 1140 436 96 human
2724 1140 480 96 welfare
3284 1144 68 108 …
3528 1140 236 96 The
3828 1140 568 116 publicati
4404 1164 60 72 o
4472 1164 76 72 n
4608 1144 68 108 …
4800 1140 636 96 celebrates
5504 1144 192 92 the

924 1280 648 96 seventieth
1672 1276 768 116 anniversary
2532 1280 124 92 of
2748 1280 196 92 the
3044 1276 516 96 Sabbath
3656 1272 752 100 committee's
4504 1276 208 96 life
4808 1280 228 92 and
5132 1276 424 96 work."
5564 1332 136 12 —

928 1416 344 112 Pref.,
1344 1416 468 112 signed:
1888 1416 492 96 Duncan
2452 1416 396 92 James
2924 1412 640 100 McMillan.
3708 1412 496 100 General
4276 1416 624 108 secretary.

1092 1548 992 120 Bibliographical
2156 1548 668 100 foot-notes.

1016 1680 72 112 ©
1160 1688 280 112 Aug.
1536 1688 92 112 1,
1728 1684 332 112 1927;
2156 1684 160 100 2c.
2416 1688 220 92 and
2736 1708 56 72 a
2812 1684 120 96 ff.
3024 1684 180 96 Au
3204 1692 72 88 g
3296 1764 16 16 .
3408 1684 128 112 2;
3636 1684 96 92 A
3824 1680 512 112 999227;
4404 1684 276 96 New
4772 1684 312 92 York
5188 1684 508 96 Sabbath

1096 1824 692 96 committee.
1956 1820 668 116 (27-17006)
5212 1816 284 100 6614

936 2072 444 148 Meek,
1456 2068 760 128 Marcellus
2284 2072 208 128 W.

1104 2248 292 124 Fur
1492 2248 560 160 rabbits,
2148 2248 184 160 by
2428 2248 520 124 Marcel
2956 2248 32 120 l
3008 2292 156 84 us
3260 2248 212 128 W.
3576 2248 400 124 Meek
4052 2256 84 132 …
4404 2252 76 116 2
4492 2248 84 124 d
4676 2248 200 124 ed.
5052 2248 268 124 Los
5420 2244 268 124 An-

936 2436 396 160 geles,
1412 2432 464 160 Calif.,
1956 2432 772 132 Southland
2804 2432 804 164 publishing
3676 2436 456 156 house,
4204 2432 300 160 inc.,
4624 2428 364 148 ͨ1927.

1092 2632 204 96 166
1368 2656 108 88 p.
1616 2632 312 96 illus.
2068 2632 616 108 23ͨͫ.

1100 2768 496 96 "Rabbit
1668 2764 940 116 bibliography":
2684 2788 104 96 p.
2868 2812 20 72 [
2900 2764 132 96 16
3040 2764 64 96 5
3112 2792 108 92 ]–
3224 2764 240 100 166.

988 2912 76 112 ©
1140 2904 280 108 July
1488 2900 168 112 23,
1728 2900 336 108 1927;
2140 2900 160 96 2c.
2376 2900 228 96 and
2680 2900 196 100 aff.
2948 2900 288 112 Aug.
3312 2900 128 112 8;
3516 2900 100 92 A
3692 2912 132 88 99
3828 2900 340 108 9291;
4256 2900 648 96 Southland
4980 2900 264 116 pub.
5320 2896 388 108 house,

1104 3036 220 100 inc.
1492 3036 672 116 (27-17237)
5216 3032 284 100 6615

1016 3264 80 144 …
1176 3264 808 124 Minnesota
2068 3308 56 76 s
2136 3276 52 108 t
2196 3260 380 124 udies
2656 3260 136 124 in
2884 3260 388 160 plant
3356 3260 548 124 science.
4080 3260 968 160 Minneapolis,
5164 3260 80 104 U
5272 3260 436 124 niver-

1104 3452 268 160 sity
1456 3452 152 120 of
1684 3452 780 124 Minnesota
2548 3492 420 116 press,
3056 3448 352 124 1927.

1104 3648 64 96 3
1240 3672 68 92 p
1320 3728 20 16 .
1408 3652 36 88 l
1464 3724 48 32 .,
1596 3648 236 116 [319
1832 3668 116 96 ]–
1948 3648 204 92 444
2224 3672 100 88 p.
2396 3644 264 128 incl.
2728 3644 344 112 illus.,
3144 3648 408 112 plates,
3628 3668 104 68 m
3748 3668 64 72 a
3824 3668 72 88 p
3904 3720 20 28 ,
4000 3644 428 112 diagrs.
4568 3644 60 96 2
4640 3644 720 128 5½ͨͫ
4884 3700 24 48 .

1108 3784 540 92 "Studies
1716 3780 120 96 in
1908 3780 192 100 the
2168 3780 612 116 biological
2852 3780 504 96 sciences
3428 3780 484 96 number
3980 3780 164 96 6."

948 3892 112 108 ©
1164 3916 304 96 June
1560 3920 52 92 1
1628 3916 68 96 5
1704 3996 20 36 ,
1816 3916 276 96 1927
2116 3928 32 80 ;
2248 3916 164 100 2c.
2504 3920 280 112 July
2876 3912 196 100 11;
3172 3916 196 96 aff.
3464 3916 276 116 July
3832 3920 124 96 7;
4056 3916 96 92 A
4248 3912 416 92 990898
4684 3924 32 84 :
4824 3912 676 116 University
5592 3916 120 92 of

1112 4056 120 88 M
1236 4056 564 112 innesota,
1896 4052 804 116 Minneapolis.
5232 4048 284 100 6616

940 4276 608 152 Morrell,
1624 4276 536 128 Robert
2236 4280 208 128 W.

1116 4464 120 132 O
1248 4468 44 124 i
1300 4468 48 124 l
1416 4464 596 160 tankers,
2088 4464 180 164 by
2340 4464 452 128 Rober
2804 4476 56 116 t
2924 4468 216 124 W.
3216 4464 576 128 Morrell
3912 4484 84 136 …
4192 4464 336 128 New
4608 4464 428 160 York,
5108 4464 620 160 London,

960 4648 1544 132 Simmons-Boardman
2584 4648 800 168 publishing
3456 4692 672 124 company
4220 4648 416 152 [ͨ1927
4620 4660 48 100 ]

1116 4844 244 112 viii,
1420 4844 204 100 284
1680 4872 100 88 p.
1840 4844 36 92 i
1888 4872 72 64 n
1968 4848 100 92 cl
2084 4924 20 16 .
2164 4844 388 112 front.,
2616 4844 344 112 illus.,
3020 4844 428 112 diagrs.
3596 4844 640 108 19½ͨͫ.

952 4956 116 112 ©
1160 4984 112 92 M
1284 5008 144 84 ay
1508 4984 164 108 31,
1756 4984 336 108 1927;
2176 4984 160 92 2c.
2420 4984 228 92 and
2732 5008 60 68 a
2808 4980 124 100 ff.
3012 4984 300 92 June
3392 4984 196 108 27;
3680 4984 96 88 A
3856 4980 276 96 9906
4140 4984 196 108 77;
4432 4980 1128 96 Simmons-Boardm
5572 5008 56 64 a
5648 5004 72 68 n

1116 5120 256 112 pub.
1452 5144 156 72 co.
1780 5116 672 116 (27-17094)
5236 5112 284 100 6617

948 5344 348 124 New
1356 5340 504 152 Jersey
1924 5344 696 124 miscellan
2632 5384 64 80 e
2704 5384 240 80 ous
3008 5352 592 148 reports;
3676 5340 800 164 containing
4536 5384 356 84 cases
4960 5340 552 128 decided
5580 5340 140 124 in

1116 5532 228 120 the
1444 5528 428 132 Court
1968 5528 152 124 of
2212 5572 444 80 errors
2752 5528 268 124 and
3120 5528 604 160 appeals,
3828 5528 432 128 Court
4348 5524 156 128 of
4600 5528 708 160 chancery,
5404 5528 316 124 Pre-

1124 5716 616 160 rogative
1816 5716 268 124 and
2164 5712 664 164 Supreme
2904 5724 444 116 courts
3428 5712 440 128 which
3952 5756 232 84 are
4248 5724 240 112 not
4564 5712 632 164 reported
5276 5712 144 124 in
5500 5712 224 128 the

1120 5900 328 124 New
1536 5900 480 160 Jersey
2100 5900 260 124 law
2448 5904 268 120 and
2804 5900 460 164 equity
3356 5912 564 148 reports.
4096 5900 336 124 Also
4520 5900 756 160 important
5368 5940 356 84 cases

1124 6088 560 124 decided
1760 6088 144 124 in
1980 6084 224 128 the
2284 6084 328 128 New
2692 6088 476 160 Jersey
3252 6080 492 132 Courts
3824 6080 152 132 of
4052 6128 616 84 common
4748 6084 368 164 pleas
5200 6084 256 124 and
5548 6080 176 164 by

1124 6272 228 124 the
1420 6284 820 148 surrogates,
2312 6316 268 116 any
2652 6272 580 160 changes
3304 6272 140 120 in
3528 6276 316 120 1926
3916 6272 144 124 in
4132 6272 236 124 the
4440 6272 352 124 rules
4868 6268 152 128 of
5092 6272 228 124 the
5392 6272 332 124 New

1128 6456 480 148 Jersey
1684 6452 660 164 Supreme
2420 6468 428 128 court,
2920 6456 328 124 New
3324 6456 480 164 Jersey
3888 6456 424 128 Court
4396 6456 152 124 of
4624 6500 440 84 errors
5144 6456 264 124 and
5492 6496 228 120 ap-

1128 6644 372 160 peals
1592 6648 268 120 and
1948 6644 332 124 New
2368 6640 480 164 Jersey
2944 6640 704 164 Chancery
3740 6652 420 116 court.
4344 6640 404 128 Cases
4844 6636 364 128 from
5296 6640 424 128 Janu-

1128 6872 248 116 ary
1460 6840 244 144 1st,
1792 6816 364 172 1926,
2236 6840 140 112 to
2460 6828 628 160 January
3172 6836 236 112 1st,
3508 6824 356 128 1927.
4036 6828 688 160 Reported
4812 6828 180 160 by
5076 6828 232 124 the
5392 6820 328 164 pub-

1128 7016 484 124 lishers
1732 7012 628 128 editorial
2444 7012 356 128 staff.
2968 7060 116 76 v.
3168 7016 112 116 4.
3444 7012 632 160 Newark,
4152 7012 168 128 N.
4400 7012 176 156 J.,
4664 7008 444 168 Soney
5180 7016 108 112 &
5380 7008 344 168 Sage

1128 7248 236 92 co.,
1432 7196 356 128 1927.

1124 7404 152 84 xv
1288 7468 20 40 ,
1380 7396 124 88 11
1516 7392 136 92 05
1720 7420 108 84 p.
1968 7392 632 108 23ͨͫ
2224 7468 20 24 .

972 7500 120 112 ©
1176 7532 272 108 July
1524 7528 164 112 29,
1768 7528 332 96 1927;
2184 7528 160 100 2c.
2420 7532 228 92 and
2728 7528 124 96 af
2848 7528 48 92 f
2904 7604 16 24 .
3000 7528 284 112 Aug.
3360 7528 128 112 2;
3572 7528 96 92 A
3744 7528 204 96 996
3956 7524 64 92 6
4024 7528 196 112 30;
4312 7528 372 112 Soney
4760 7532 88 96 &
4928 7528 292 112 Sage
5288 7536 68 80 c
5360 7552 60 68 o
5440 7604 16 20 .

5236 7660 280 100 6618

964 7784 912 152 Oppenheim,
1960 7788 600 124 Edward
2636 7784 632 152 Phillips,
3348 7796 320 116 1866
3672 7864 84 16 –

1140 7972 336 124 Miss
1588 7976 504 120 Brown
2196 7968 152 128 of
2452 7972 184 124 X.
2748 7972 164 124 Y.
3032 7972 120 132 O
3172 8072 68 56 .,
3340 7972 180 164 by
3624 7976 160 120 E.
3896 7976 596 160 Phillips
4608 7972 852 164 Oppenheim
5512 7972 88 144 …

972 8160 552 152 Boston,
1600 8156 464 160 Little,
2140 8160 544 152 Brown,
2764 8156 264 124 and
3104 8200 708 120 company,
3892 8156 356 132 1927.

1128 8356 64 92 3
1260 8364 64 88 p
1344 8432 16 16 .
1428 8356 28 92 l
1480 8428 56 40 .,
1612 8400 24 68 [
1644 8356 60 92 3
1764 8356 124 100 ]–3
1896 8356 132 92 44
2100 8376 100 92 p.
2344 8352 792 108 19½ͨͫ.

980 8464 120 116 ©
1200 8488 280 108 Aug.
1580 8488 92 116 5,
1772 8484 332 104 1927;
2204 8488 156 92 2c.
2464 8492 220 92 and
2788 8488 196 96 aff.
3084 8488 284 108 Aug.
3464 8488 184 92 12;
3764 8488 92 92 A
3952 8488 476 100 999323;
4536 8492 88 88 E
4640 8568 20 20 .
4760 8492 120 96 P.
4984 8484 732 120 Oppenheim,

1144 8624 612 112 Reepham,
1840 8624 528 112 Norfolk,
2452 8624 568 112 England.
3188 8624 664 112 (27-17229)
5244 8616 284 104 6619

972 8812 380 148 Otte,
1420 8816 332 120 Mrs.
1828 8812 640 124 Annetta
2560 8812 872 152 (Christian)

1152 8996 708 128 Scribbled
1924 9040 304 80 now
2300 9000 264 120 and
2636 9000 320 120 then
3028 9000 420 160 going
3516 9040 440 84 across
4028 9000 268 124 and
4368 9000 340 124 back
4776 9000 472 160 again;
5320 9000 404 156 being

980 9224 76 80 a
1140 9180 704 124 collection
1932 9180 152 124 of
2164 9184 460 124 letters
2708 9184 268 124 and
3056 9196 376 112 notes
3524 9184 520 160 penned
4132 9184 268 128 and
4492 9184 612 164 penciled
5192 9184 528 164 against
