5920 10300
200 1360 512 136 Brown,
796 1340 640 148 William,
1528 1344 312 120 1881
1844 1416 88 12 –

356 1532 372 132 Mind
808 1532 260 124 and
1144 1524 904 164 personality;
2132 1568 172 76 an
2384 1568 376 116 essay
2832 1524 144 120 in
3048 1520 836 164 psychology
3960 1520 272 124 and
4308 1512 588 168 philoso-

204 1728 296 164 phy,
576 1720 172 160 by
824 1712 608 132 William
1524 1712 504 120 Brown
2104 1732 84 132 …
2444 1708 328 124 New
2856 1704 428 164 York,
3368 1704 616 164 London,
4068 1704 164 132 G.
4320 1712 156 120 P.
4572 1712 324 120 Put-

196 1956 160 80 na
364 1952 128 84 m
504 1904 88 128 's
664 1944 344 116 sons,
1084 1904 144 120 19
1240 1904 72 112 2
1320 1892 116 132 7.

348 2132 72 68 x
488 2132 136 84 p.,
688 2100 56 92 1
808 2100 36 92 l
856 2168 56 44 .,
976 2096 204 96 356
1240 2120 100 88 p.
1484 2088 756 124 23½ͨͨ.
2108 2084 312 120 $2.50

348 2264 872 116 Bibliography:
1296 2284 104 92 p.
1460 2256 524 104 331–335.

236 2448 72 124 ©
380 2444 256 112 Apr.
712 2436 88 96 8.
880 2436 324 108 1927;
1284 2436 60 88 2
1356 2460 56 64 c
1424 2508 24 20 .
1520 2432 228 92 and
1824 2452 60 72 a
1900 2428 120 100 ff.
2092 2428 96 96 A
2200 2452 72 92 p
2280 2456 88 68 r.
2440 2432 128 108 9;
2648 2428 96 96 A
2820 2428 472 104 972630;
3380 2440 128 92 G.
3588 2428 120 96 P.
3788 2424 596 100 Putnam's
4464 2452 300 72 sons.

368 2572 572 120 (27-7979)
4416 2560 284 100 2796

192 2860 676 152 Burbank,
948 2856 576 152 Luther,
1612 2864 316 116 1849
1932 2936 88 12 –
2028 2864 356 116 1926.

348 3048 276 128 The
696 3048 536 124 harvest
1308 3040 156 128 of
1540 3044 224 124 the
1840 3088 432 116 years,
2348 3040 176 164 by
2604 3040 520 128 Luther
3200 3040 664 128 Burbank
3940 3040 340 128 with
4352 3040 552 128 Wilbur

200 3240 256 120 Hal
464 3240 48 120 l
632 3236 84 144 …
904 3236 512 124 Boston
1496 3232 268 124 and
1848 3232 328 120 New
2264 3224 432 164 York,
2776 3228 516 160 Hough
3304 3240 52 112 t
3368 3272 168 80 on
3620 3228 204 124 Mi
3832 3228 124 124 ff
3876 3228 80 124 l
3964 3228 144 124 in
4192 3268 704 120 company,

200 3420 332 128 1927.

344 3612 260 100 xxvi
668 3640 132 88 p.,
856 3612 56 92 1
968 3612 36 92 l
1016 3684 56 40 .,
1128 3612 204 92 296
1388 3636 104 88 p.
1632 3612 392 112 front.,
2088 3612 408 112 plates,
2556 3612 388 112 ports.,
3004 3604 460 100 facsim.
3604 3608 676 112 21ͨͨ.

188 3760 112 108 ©
368 3784 260 112 Apr.
688 3784 92 108 8,
844 3780 328 112 1927;
1240 3780 60 92 2
1308 3808 56 68 c
1376 3856 24 20 .
1460 3776 268 116 Apr.
1796 3776 196 112 11;
2060 3776 200 100 aff.
2324 3776 272 116 Apr.
2660 3776 124 112 9;
2860 3776 96 92 A
3020 3776 476 116 972676;
3572 3776 628 116 Houghton
4268 3780 116 92 M
4392 3776 112 96 if
4472 3780 72 92 f
4472 3776 68 96 l
4552 3772 112 100 in
4736 3800 164 76 Co.

356 3920 576 116 (27-8177)
4416 3912 276 100 2797

184 4204 788 132 California.
1148 4208 576 124 District
1800 4216 440 112 courts
2320 4248 72 88 o
2404 4204 68 160 f
2544 4204 528 160 appeal.

340 4396 564 160 Reports
972 4388 152 132 of
1184 4436 356 84 cases
1608 4392 164 124 de
1780 4404 56 112 t
1840 4392 604 124 ermined
2512 4396 76 144 …
2744 4388 68 124 f
2820 4436 288 80 rom
3176 4392 188 128 Ju
3376 4392 40 120 l
3424 4432 88 120 y
3584 4400 200 152 28,
3860 4396 60 120 1
3936 4400 160 116 92
4108 4400 112 152 5,
4292 4404 52 112 t
4348 4436 76 80 o
4500 4392 400 128 Octo-

188 4580 216 128 ber
520 4588 192 152 30,
840 4588 344 112 1925.
1392 4576 740 160 Randolph
2252 4580 168 128 V.
2548 4576 680 164 Whiting,
3352 4588 656 148 reporter,
4132 4580 484 164 Henry
4740 4580 156 124 F.

188 4768 628 160 Wrigley,
904 4768 616 124 William
1616 4768 152 120 F.
1872 4768 712 156 Traverso,
2684 4760 328 132 Seth
3116 4764 156 124 E.
3376 4764 488 160 Tracy,
3960 4760 644 132 assistant
4700 4804 196 88 re-

184 4964 540 148 porters.
892 4996 120 80 v.
1100 4948 192 132 74.
1476 4948 276 132 San
1840 4948 772 160 Francisco,
2700 4948 1396 168 Bancroft-Whitney
4192 4992 708 124 company,

192 5132 332 132 1927.

332 5340 72 76 x
408 5340 184 96 xx,
660 5332 200 92 922
928 5356 100 88 p.
1168 5332 648 104 23ͨͨ.

224 5484 72 124 ©
368 5496 256 116 May
688 5496 96 112 2,
852 5496 328 112 1927;
1248 5496 60 92 2
1320 5524 56 68 c
1388 5576 16 16 .
1476 5504 224 92 and
1768 5524 56 68 a
1848 5492 116 100 ff.
2040 5504 268 104 May
2380 5496 192 108 10;
2648 5496 96 92 A
2808 5496 476 108 976504;
3364 5496 252 96 Ban
3624 5524 56 68 c
3692 5492 836 108 roft-Whitney
4600 5524 124 68 co
4740 5576 20 16 .

4420 5628 280 104 2798

184 5816 776 152 Chanlaine,
1040 5820 520 128 Pierre.

424 6016 80 128 …
584 6004 892 128 L'Albanaise
1576 6020 132 112 et
1808 6056 144 80 sa
2060 6008 468 156 haine;
2640 6048 512 84 roman.
3332 6008 400 124 Paris
3724 6056 36 68 ,
3876 6008 160 124 E.
4148 6008 752 164 Fasquelle,

200 6192 44 112 1
256 6184 264 128 927.

328 6388 64 92 2
404 6368 120 112 12
592 6416 100 88 p.
832 6392 44 88 1
892 6388 480 104 9ͨͨ
1084 6468 20 20 .

224 6536 72 112 ©
368 6552 256 96 Dec.
684 6552 160 112 30,
908 6552 332 112 1926;
1372 6536 144 112 1c.
1532 6552 260 100 Feb.
1864 6564 92 108 7,
2024 6560 332 104 1927;
2432 6556 96 92 A
2532 6612 136 8 —
2676 6556 88 92 F
2776 6552 396 116 oreign
3232 6556 412 112 33093;
3716 6560 248 112 Eug
3972 6556 60 96 è
4036 6588 140 64 ne
4252 6560 640 112 Fasquelle.

360 6684 572 120 (27-8004)
4412 6692 280 100 2799

184 6972 1276 156 Chatfield-Taylor,
1536 6980 544 128 Hobart
2164 6980 732 148 Chatfield,
2988 6988 308 116 1865
3316 6972 84 144 –

332 7156 508 164 Tawny
912 7156 472 168 Spain,
1452 7164 180 164 by
1704 7164 180 124 H.
1968 7164 148 132 C.
2200 7164 1300 160 Chatfield-Taylor,
3580 7168 324 120 with
3996 7168 900 128 illustrations

192 7336 332 128 from
592 7344 596 160 etchings
1252 7348 172 160 by
1500 7348 300 128 Ada
1872 7348 148 132 C.
2084 7348 904 132 Williamson.
3148 7356 504 120 Boston
3732 7356 256 120 and
4072 7356 324 124 New
4472 7356 424 156 York,

192 7524 716 164 Houghton
976 7528 480 128 Mifflin
1532 7576 704 120 company,
2320 7536 356 124 1927.

332 7720 200 96 viii
588 7752 136 84 p.,
780 7728 64 92 2
904 7728 28 92 l
952 7800 52 40 .,
1068 7728 196 96 158
1324 7756 100 88 p.
1564 7728 392 116 front.,
2016 7732 408 116 plates.
2568 7728 756 108 18½ͨͨ.
3084 7732 32 116 (
3140 7724 112 88 H
3260 7732 536 116 alf-title:
3852 7736 240 92 The
4160 7740 304 88 Park
4532 7744 352 92 street

176 7852 476 120 library)

336 8020 228 96 The
656 8016 512 104 author's
1256 8032 316 92 work
1672 8032 304 96 "The
2068 8032 276 96 land
2436 8032 124 96 of
2652 8032 196 96 the
2944 8032 632 112 castanet",
3672 8032 604 116 published
4376 8036 112 96 in
4588 8028 304 124 1896,

180 8148 348 100 forms
592 8156 188 96 the
840 8160 308 100 basis
1208 8164 120 96 of
1392 8164 188 96 the
1644 8168 460 112 present
2168 8168 292 92 book
2460 8188 28 56 .
2636 8160 60 80 c
2704 8164 44 112 f
2764 8240 16 20 .
2856 8164 304 100 Pref.

188 8280 112 112 ©
372 8316 260 116 Apr.
696 8312 56 88 8
756 8348 24 64 ,
852 8324 324 96 1927;
1244 8328 160 96 2c.
1464 8332 276 112 Apr.
1800 8332 196 108 11;
2068 8332 192 96 aff.
2332 8332 268 112 Apr.
2664 8332 124 108 9;
2868 8332 88 92 A
3024 8332 476 108 972674;
3576 8320 144 108 H.
3792 8336 116 96 C.
3984 8336 80 92 C
4072 8336 820 116 hatfield-Tay-

340 8452 192 92 lor.
612 8456 348 96 Santa
1032 8464 556 112 Barbara,
1664 8464 340 100 Calif.
2128 8444 144 112 [©
2396 8464 504 100 revision
2968 8468 228 96 and
3268 8492 252 72 new
3588 8444 520 120 matter]

368 8584 572 120 (27-8207)
4408 8604 284 100 2800

188 8836 520 156 Clarke,
792 8848 604 132 Frances
1472 8852 112 128 E
2260 8860 196 124 ed.

348 9020 596 168 Poetry's
1000 9032 296 164 plea
1356 9036 224 128 for
1636 9040 640 152 animals;
2336 9084 172 80 an
2568 9040 744 164 anthology
3368 9040 152 128 of
3576 9040 484 168 justice
4120 9044 264 128 and
4440 9088 452 120 mercy

204 9196 212 128 for
488 9252 244 80 our
804 9212 572 132 kindred
1460 9224 144 124 in
1688 9224 236 128 fur
2008 9228 268 124 and
2368 9224 636 156 feathers,
3092 9224 636 132 collected
3820 9232 264 124 and
4176 9228 452 128 edited
4712 9228 180 164 by

204 9384 556 136 Frances
832 9400 156 124 E.
1068 9400 528 164 Clarke,
1672 9412 328 124 with
2080 9456 168 80 an
2324 9412 928 124 introduction
3328 9412 180 164 by
3584 9412 500 124 Edwin
4160 9412 728 124 Markham

312 9580 72 132 …
456 9572 744 140 illustrated
1312 9588 176 164 by
1592 9580 212 140 W.
1920 9596 152 124 F.
2192 9592 592 132 Stecher.
2980 9600 560 156 Boston,
3644 9596 660 164 Lothrop,
4412 9600 268 124 Lee
4784 9588 108 116 &

200 9744 596 176 Shepard
868 9808 180 84 co.
1160 9744 392 156 [ͨ1927
1564 9852 28 84 ]

2420 9964 240 128 427
