5968 10284
3084 9584 320 124 1284

804 916 544 128 Oxford
1416 912 276 128 and
1768 912 676 152 Asquith,
2512 912 568 152 Margot
3152 908 672 156 Asquith,
3892 928 612 112 countess
4576 912 192 164 of,
4840 920 324 120 1864
5168 992 80 16 –

968 1100 292 160 Lay
1356 1140 644 116 sermons,
2092 1100 180 160 by
2368 1100 560 160 Margot
3020 1096 640 164 Asquith,
3756 1096 228 128 the
4080 1112 612 112 countess
4780 1096 160 128 of
5032 1096 540 132 Oxford

800 1292 268 120 and
1152 1284 640 164 Asquith.
1972 1284 336 124 New
2392 1280 432 164 York,
2904 1280 528 164 George
3516 1280 184 128 H.
3780 1284 476 124 Doran
4344 1324 668 124 company
5120 1288 448 152 [ͨ1927]

964 1488 64 88 2
1040 1488 60 88 5
1108 1488 60 88 1
1220 1512 100 88 p.
1468 1512 56 68 c
1532 1488 108 92 ol
1656 1560 20 20 .
1728 1484 116 92 fr
1852 1508 64 68 o
1924 1492 164 84 nt.
2156 1480 128 116 (p
2288 1508 64 68 o
2364 1480 200 108 rt.)
2732 1484 56 92 1
2804 1480 648 108 9½ͨͫ.

808 1616 116 108 ©
1000 1620 304 112 Sept.
1364 1616 164 112 30,
1592 1612 332 116 1927;
1992 1616 60 92 2
2060 1640 56 76 c
2136 1692 16 20 .
2216 1616 88 92 O
2316 1636 56 72 c
2380 1620 80 92 t.
2524 1624 68 92 5
2624 1640 20 88 ;
2764 1628 32 76 a
2784 1624 128 92 ff.
2976 1612 240 100 Oct.
3280 1612 64 96 6
3384 1636 20 88 ;
3476 1612 92 96 A
3628 1612 60 92 1
3696 1612 144 96 00
3840 1612 336 112 7442;
4248 1616 436 112 George
4748 1620 148 92 H.
4956 1616 400 96 Doran
5420 1640 128 72 co
5560 1696 20 20 .

1000 1752 672 120 (27-20848)
5076 1748 280 132 3555

800 1980 632 148 Pellowe,
1508 1976 612 128 William
2196 1980 104 124 C
2984 1976 88 128 S
3760 1980 196 124 ed.

968 2160 712 164 Michigan
1752 2160 756 128 Methodist
2580 2176 452 144 poets;
3108 2204 72 80 a
3256 2160 708 128 collection
4036 2164 152 120 of
4260 2204 456 120 poems
4792 2164 544 124 written
5420 2168 164 156 by

800 2348 824 128 Methodists
1684 2344 160 124 of
1900 2344 756 164 Michigan,
2720 2348 676 160 compiled
3464 2348 268 124 and
3792 2348 456 124 edited
4308 2348 180 164 by
4548 2348 620 132 William
5228 2348 152 128 C.
5448 2348 136 132 S.

804 2536 588 124 Pellowe
1496 2536 84 144 …
1792 2532 332 124 New
2172 2532 428 160 York,
2648 2532 580 124 Printed
3296 2532 228 124 for
3584 2532 228 128 the
3876 2536 496 124 author
4428 2536 180 160 by
4672 2536 228 124 the
4960 2536 620 128 Method-

800 2720 180 128 ist
1052 2720 352 128 book
1476 2760 572 88 concern
2156 2720 400 148 [ͨ1927
2568 2796 28 80 ]

964 2920 208 92 202
1220 2948 104 88 p.
1464 2920 760 104 21½ͨͫ.

812 3052 116 108 ©
1008 3056 304 112 Sept.
1372 3056 92 112 1,
1528 3052 332 108 1927;
1928 3052 160 96 2c.
2156 3048 308 116 Sept.
2524 3048 192 108 16;
2788 3048 196 96 aff.
3052 3048 304 116 Sept.
3416 3048 196 108 22;
3688 3048 80 92 A
3840 3052 40 88 1
3912 3048 60 92 0
3980 3048 132 96 04
4120 3060 68 88 3
4192 3048 192 108 00:
4464 3064 168 88 W.
4700 3052 116 100 C.
4888 3060 104 92 S.
5060 3056 524 112 Pellowe,

972 3192 104 88 D
1084 3188 384 100 etroit.
1636 3188 676 116 (27-20846)
5108 3184 280 104 8556

808 3416 632 148 Phillips,
1516 3416 332 124 Mrs.
1924 3416 416 144 Mary
2432 3408 692 156 (Geisler)

972 3600 684 128 Ant-hills
1768 3600 272 124 and
2152 3596 996 164 soap-bubbles,
3260 3600 176 160 by
3552 3600 404 164 Mary
4076 3596 528 132 Geisler
4716 3600 604 164 Phillips
5428 3600 84 148 …

816 3788 772 124 illustrated
1676 3788 180 140 by
1948 3780 436 132 Grace
2476 3788 652 124 Norcross
3224 3788 272 120 and
3588 3784 492 128 Albert
4164 3780 216 132 W.
4480 3788 460 124 Force.
5124 3788 464 128 Phila-

804 3972 604 164 delphia,
1484 3972 548 124 Macrae
2120 3964 452 136 Smith
2656 4012 668 120 company
3420 3976 152 144 [ͨ
3520 3976 64 116 1
3600 3968 240 128 927
3852 4048 28 84 ]

976 4168 204 96 265
1252 4196 100 88 p.
1428 4168 120 92 in
1556 4172 104 92 cl
1672 4244 20 20 .
1764 4168 340 116 illus.,
2180 4168 412 112 plates.
2732 4168 208 96 col.
3012 4164 360 100 front.
3512 4168 64 92 2
3584 4164 544 112 0ͨͫ
3768 4244 24 20 .

816 4276 116 112 ©
1008 4308 248 96 Oct.
1316 4308 100 112 3,
1480 4300 336 104 1927;
1888 4304 160 96 2c.
2116 4304 244 96 Oct.
2408 4300 144 112 5;
2624 4300 200 104 aff.
2896 4300 244 96 Oct.
3200 4308 128 108 4;
3404 4304 92 92 A
3568 4300 548 116 1007395;
4192 4308 468 92 Macrae
4732 4300 368 104 Smith
5176 4332 160 68 co.

1000 4440 404 120 (27-20
1408 4440 60 96 6
1480 4440 188 112 07)
5084 4440 288 100 8557

812 4668 316 148 Poe,
1200 4668 484 148 Edgar
1752 4660 464 156 Allan,
2300 4672 312 116 1809
2620 4740 88 16 –
2720 4672 356 120 1849.

980 4852 388 124 Poe's
1468 4852 384 124 short
1956 4852 520 160 stories,
2580 4852 456 124 edited
3140 4852 336 124 with
3576 4896 172 80 an
3852 4852 936 124 introduction
4892 4856 176 160 by
5176 4852 424 128 Killis

820 5036 748 164 Campbell.
1752 5036 328 128 New
2164 5036 432 164 York,
2676 5036 740 156 Harcourt,
3500 5040 428 124 Brace
4012 5040 272 124 and
4364 5080 672 120 company
5128 5040 448 160 [ͨ1927]

984 5236 396 112 xxxvi,
1468 5236 208 96 460
1764 5264 100 84 p.
2044 5236 356 96 front.
2468 5236 412 112 (port.)
3080 5232 720 112 17½ͨͫ.
3596 5232 36 116 (
3656 5236 232 92 Hal
3900 5236 196 116 f-ti
4108 5236 84 92 tl
4204 5260 108 72 e:
4408 5236 612 96 American
5108 5240 484 92 authors

816 5372 392 116 series,
1276 5372 468 112 general
1816 5368 408 116 editor,
2300 5368 480 112 Stanley
2844 5368 124 100 T.
3036 5368 640 112 Williams)

988 5504 560 100 Contains
1624 5504 816 112 reproduction
2524 5504 124 96 of
2716 5504 496 112 original
3292 5508 232 108 t.-p.
3600 5504 128 96 of
3792 5504 348 96 Tales
4216 5504 124 96 of
4408 5508 200 92 the
4680 5512 612 108 grotesque
5368 5508 220 92 and

816 5640 640 116 arabesque
1552 5636 76 108 …
1796 5636 848 116 Philadelphia,
2720 5640 232 92 Lea
3020 5640 228 92 and
3320 5640 700 116 Blanchard,
4096 5636 308 100 1840.

992 5780 588 96 "Selected
1648 5772 488 116 reading
2196 5772 336 96 list":
2604 5800 104 88 p.
2780 5772 684 96 xxix-xxxi.

876 5904 72 112 ©
1020 5912 308 112 Sept.
1392 5912 164 112 15,
1624 5912 336 108 1927;
2032 5912 156 96 2c.
2260 5912 228 92 and
2552 5936 68 68 a
2632 5912 32 88 f
2668 5908 84 100 f.
2820 5912 244 96 Oct.
3128 5912 128 96 4:
3332 5908 96 92 A
3492 5908 548 116 1004470;
4116 5912 624 112 Harcourt,
4808 5912 372 96 Brace
5248 5912 88 96 &
5400 5936 128 72 co
5544 5988 48 36 .,

984 6048 216 100 inc.
1368 6048 128 116 [ͨ
1620 6048 824 108 introduction,
2540 6052 272 88 note
2896 6072 140 68 on
3132 6048 192 92 the
3416 6056 280 88 text.
3788 6048 500 96 selected
4380 6048 484 112 reading
4948 6048 224 96 list,
5276 6044 324 96 bibli-

984 6212 64 72 o
1056 6212 132 88 gr
1196 6212 56 68 a
1272 6184 228 116 phy
1712 6180 668 116 (27-20587)
5092 6180 284 100 8558

816 6408 456 148 Poole,
1344 6408 568 148 Ernest,
1992 6416 316 116 1880
2312 6484 84 16 –

996 6592 444 132 Silent
1504 6604 532 148 storms,
2104 6592 172 164 by
2348 6592 504 128 Ernest
2920 6592 452 128 Poole.
3536 6592 328 128 New
3936 6592 432 164 York,
4440 6592 288 128 The
4800 6592 508 132 Macmi
5316 6592 100 124 ll
5428 6636 160 84 an

820 6820 712 120 company,
1620 6776 356 128 1927.

980 6976 68 92 4
1112 7000 104 88 p.
1284 6976 40 92 l
1336 7048 56 40 .,
1464 6976 60 92 3
1528 7028 72 12 –
1600 6972 204 96 382
1876 7000 104 88 p.
2116 6972 756 108 19½ͨͫ.

832 7088 116 108 ©
1024 7112 244 96 Oct.
1332 7112 96 104 4,
1500 7108 328 96 1927;
1908 7108 160 96 2c.
2136 7112 228 92 and
2432 7108 196 96 aff.
2700 7108 244 96 Oct.
3012 7108 60 96 6
3116 7136 20 72 ;
3212 7112 96 88 A
3376 7108 548 108 1004495;
4000 7116 128 92 E.
4200 7112 376 112 Poole,
4644 7108 280 96 New
4992 7108 344 96 York.

1020 7244 672 116 (27-20759)
5092 7240 288 100 8559

824 7468 548 148 Powell,
1456 7464 732 152 Sheppard
2260 7468 156 124 T.

1008 7652 464 128 Boiler
1564 7652 312 128 feed
1964 7664 420 116 water
2476 7652 916 164 purification,
3480 7652 180 168 by
3760 7652 728 164 Sheppard
4580 7656 156 124 T.
4828 7652 516 128 Powell
5452 7648 76 148 …

848 7844 196 116 1st
1136 7836 200 124 ed.
1520 7836 332 124 New
1960 7836 384 124 York
2456 7832 316 136 [etc.]
2900 7832 1032 132 McGraw-Hill
4032 7840 352 124 book
4488 7880 708 120 company,
5300 7836 300 160 inc.,

840 8020 360 124 1927.

1004 8236 108 84 x,
1172 8208 200 96 363
1440 8240 100 84 p.
1684 8208 340 116 illus.,
2096 8208 428 116 diagrs.
2668 8212 684 104 23½ͨͫ.
3292 8208 312 120 $4.00

1008 8340 832 116 Bibliography
1900 8348 128 88 at
2088 8348 220 92 end
2376 8348 124 92 of
2564 8348 284 92 each
2908 8348 512 112 chapter.

836 8468 116 112 ©
1044 8480 304 112 Sept.
1428 8480 60 88 2
1492 8480 68 88 3
1572 8552 20 36 ,
1672 8480 332 96 1927:
2092 8480 156 96 2c.
2332 8508 136 64 an
2488 8484 64 88 d
2636 8480 196 96 aff.
2920 8480 304 112 Sept.
3296 8480 196 100 28:
3584 8484 92 92 A
3760 8484 540 104 1007223;
4392 8488 112 88 M
4516 8508 56 72 c
4584 8480 644 100 Graw-Hill
5308 8480 284 96 book

996 8640 196 84 co.,
1248 8616 216 92 inc.
1632 8612 668 120 (27-20660)
5092 8612 284 100 8560

832 8832 608 152 Powers,
1516 8836 540 152 George
2140 8840 768 148 Cornelius,
2988 8852 404 112 1895-

1004 9016 328 128 Nati
1340 9048 76 96 o
1424 9016 492 132 nalism
1996 9064 64 80 a
2076 9032 60 116 t
2200 9024 228 124 the
2504 9020 508 132 Counci
3024 9024 36 120 l
3144 9024 156 124 of
3372 9024 356 132 Cons
3740 9040 52 108 t
3804 9072 320 84 ance
4224 9028 392 164 (1414
4620 9104 80 16 –
4712 9024 384 152 1418)
5200 9016 76 148 …
5416 9024 176 160 by

836 9204 228 124 the
1148 9204 328 124 Rev.
1564 9200 532 168 George
2188 9204 144 132 C.
2420 9208 548 124 Powers
3076 9212 84 128 …
3384 9208 960 168 Washington,
4428 9216 132 120 D
4576 9316 24 20 .
4692 9208 108 132 C
4816 9312 68 60 .,
4976 9208 108 132 C
5096 9256 72 80 a
5180 9224 56 112 t
5240 9208 280 128 holi
5528 9248 60 80 c

840 9376 756 176 university
1664 9388 152 124 of
1884 9384 672 168 America,
2632 9392 356 128 1927.
