5920 10300
188 1020 580 144 Heuser,
852 1020 624 120 Herman
1564 1016 520 148 Joseph
2096 1092 180 16 —
2288 1016 768 124 Continued

348 1232 68 76 x
432 1292 20 36 ,
524 1220 200 88 262
796 1244 104 88 p.
1036 1216 680 108 19½ͨͫ.

208 1376 104 124 ©
384 1388 100 88 A
488 1396 64 76 u
572 1412 92 84 g.
744 1384 156 100 15,
972 1384 336 92 1927;
1380 1384 160 92 2c.
1620 1380 216 116 Sep
1848 1388 40 88 t
1904 1460 16 16 .
1992 1380 120 92 1;
2192 1380 192 96 aff.
2460 1380 284 108 Aug.
2812 1380 60 92 3
2884 1380 124 104 0;
3088 1380 92 92 A
3252 1380 468 92 999708;
3812 1380 236 96 Lon
4060 1404 64 80 g
4132 1404 360 72 mans.
4576 1380 368 96 Green

352 1528 80 92 &
524 1548 128 68 co
668 1596 16 20 .
856 1520 664 112 (27-18486)
4460 1512 284 104 7162

184 1752 124 120 H
320 1748 124 124 ol
452 1748 624 144 derness,
1168 1748 80 120 S
1268 1748 44 120 i
1316 1788 72 76 r
1460 1744 520 120 Ernest
2056 1740 264 128 Wil
2332 1740 40 120 l
2384 1740 276 124 iam
2736 1744 112 116 E
2856 1740 48 120 l
2912 1776 216 88 ms
3136 1740 40 120 l
3188 1740 168 124 ie.

348 1932 288 124 The
712 1932 352 124 ideal
1144 1928 296 164 golf
1516 1968 496 84 course.

372 2132 116 108 (I
488 2136 72 76 n
640 2120 700 100 Illustrated
1412 2116 552 120 sporting
2044 2116 228 100 and
2352 2112 584 104 dramatic
3012 2148 356 88 news,
3452 2120 124 92 M
3588 2148 144 88 ay
3820 2120 168 116 28,
4076 2120 340 116 1927)

212 2292 96 116 ©
372 2316 44 88 1
428 2320 104 80 c.
588 2296 276 108 July
920 2296 164 112 23,
1144 2292 336 108 1927;
1544 2296 96 88 A
1704 2292 148 92 ad
1912 2292 204 96 int.
2180 2292 272 92 9794
2496 2316 20 72 ;
2588 2292 332 112 pubd.
2992 2296 268 108 May
3320 2292 196 112 27;
3596 2292 180 96 Sir
3840 2296 124 96 E.
4028 2308 176 88 W.
4268 2296 128 92 E.
4464 2292 480 96 Holder-

344 2456 296 68 ness.
712 2428 1236 124 Walton-on-the-Hill.
2032 2428 348 96 Surre
2392 2452 64 84 y
2456 2500 28 56 .
2564 2428 564 112 England.
4460 2428 280 96 7163

180 2660 512 144 Horne,
768 2652 612 128 Richard
1452 2656 536 144 Henry,
2072 2660 312 116 1803
2392 2728 84 12 –
2488 2660 356 116 1884.

344 2844 288 124 The
700 2840 996 164 good-natured
1772 2840 384 132 bear;
2244 2884 68 80 a
2396 2852 372 148 story
2848 2836 224 128 for
3148 2840 616 124 children
3840 2840 156 124 of
4072 2844 184 120 all
4336 2884 356 120 ages,
4764 2844 180 160 by

180 3028 600 124 Richard
856 3028 480 156 Henry
1416 3028 480 120 Horne
1988 3036 80 132 …
2208 3024 840 124 scissor-cuts
3128 3024 176 124 by
3380 3024 236 124 Lis
3624 3028 44 120 l
3752 3028 692 120 Hummel.
4612 3028 332 124 New

180 3212 416 160 York,
672 3216 284 120 The
1036 3208 800 128 Macmillan
1912 3252 712 120 company,
2708 3208 356 128 1927.

348 3416 72 80 x
432 3436 64 68 v
504 3408 72 112 i,
664 3404 200 96 159
952 3432 104 88 p.
1148 3408 116 92 in
1276 3408 100 92 cl
1388 3484 20 20 .
1500 3408 392 100 front.,
1984 3404 340 116 illus.,
2424 3408 408 112 plates.
2976 3404 648 112 16½ͨͫ.
3492 3404 712 116 (Half-title:
4296 3408 240 96 The
4632 3408 304 100 little

176 3544 488 112 library)

340 3712 316 96 First
724 3712 612 112 published
1408 3712 116 92 in
1604 3712 304 92 1854.

232 3848 72 128 ©
376 3848 284 112 Aug.
732 3848 164 92 30.
976 3848 48 88 1
1044 3840 60 92 9
1108 3848 196 96 27;
1384 3848 160 92 2c.
1620 3848 228 92 and
1920 3872 60 68 a
1996 3844 84 84 ff
2096 3920 20 20 .
2188 3844 252 128 Aug
2456 3920 16 20 ,
2552 3848 192 92 31;
2824 3840 92 92 A
2996 3844 476 112 999654;
3560 3844 668 96 Macmillan
4304 3872 128 68 co
4448 3928 20 16 .

364 3984 308 112 (27-1
700 3984 60 92 8
764 3984 264 96 458)
4432 3980 56 96 7
4508 3980 52 96 1
4580 3980 132 96 64

176 4212 280 124 The
536 4208 668 124 Humoris
1220 4216 56 116 t
1292 4304 28 28 .
1500 4252 80 76 v
1596 4312 20 20 .
1696 4216 64 112 1
1776 4216 72 108 0
1864 4304 24 44 ,
1960 4252 84 76 n
2060 4252 72 76 o
2148 4312 20 16 .
2248 4216 152 112 25
2408 4212 112 116 6,
2600 4208 244 124 Jul
2856 4240 72 84 y
3004 4216 72 112 2
3096 4308 20 24 .
3208 4216 140 112 19
3356 4216 160 116 27
3532 4312 20 16 .

220 4404 72 108 ©
364 4404 48 88 1
432 4432 84 72 c.
576 4404 276 112 July
912 4408 160 96 14.
1140 4408 332 108 1927;
1540 4408 92 88 A
1696 4408 144 92 ad
1900 4404 208 96 int.
2168 4404 336 108 9755;
2572 4408 224 112 pub
2796 4400 72 92 d
2892 4484 16 16 .
2976 4408 64 92 J
3048 4416 72 76 u
3140 4428 136 72 ne
3336 4408 196 92 25:
3608 4404 436 116 George
4104 4404 520 100 Newnes,
4692 4404 204 100 ltd.
4900 4444 24 56 ,

340 4544 500 92 London.
4432 4540 276 100 7165

476 4780 204 128 —v.
764 4772 188 124 10,
1016 4812 212 76 no.
1296 4768 284 120 257.
1648 4768 336 136 July
2056 4772 108 116 9.
2248 4768 352 124 1927.

268 4960 32 108 ©
372 4980 48 88 1
428 4984 96 76 c.
592 4964 276 108 July
932 4964 164 108 14,
1168 4960 332 108 1927;
1572 4964 96 92 A
1732 4964 148 96 ad
1952 4964 112 92 in
2140 5024 12 32 .
2224 4960 276 100 9756
2520 4984 28 80 ;
2796 4964 216 128 pubd
2956 5040 12 16 .
3052 4964 268 108 July
3388 4960 60 96 2
3492 4988 20 68 ;
3596 4964 156 92 Ge
3764 4992 60 68 o
3836 4988 52 68 r
3896 4988 68 80 g
3972 4988 56 72 e
4100 4972 524 108 Newnes,
4688 4964 336 128 ltd.,

336 5104 504 88 London.
4452 5100 276 96 7166

176 5328 592 144 Hunter,
840 5324 428 144 Dard,
1344 5328 316 120 1883
1668 5400 84 12 –

336 5508 728 128 Primitive
1148 5508 1068 164 papermaking;
2312 5552 172 80 an
2580 5536 564 100 account
3236 5508 156 128 of
3484 5556 72 80 a
3652 5508 632 128 Mexican
4380 5512 556 164 sojourn

176 5696 268 124 and
524 5696 152 124 of
760 5736 68 84 a
920 5716 516 140 voyage
1520 5708 132 108 to
1740 5696 228 124 the
2056 5692 508 128 Pacific
2648 5696 516 124 islands
3248 5696 140 124 in
3476 5696 468 124 search
4028 5696 160 128 of
4268 5696 664 132 informa-

176 5880 324 156 tion,
612 5880 900 160 implements,
1624 5880 260 124 and
2004 5880 740 160 specimens
2856 5880 592 164 relating
3560 5896 140 112 to
3812 5880 228 128 the
4152 5884 572 168 making
4832 5892 108 120 &

176 6064 788 164 decorating
1052 6060 152 128 of
1288 6060 876 164 bark-paper,
2256 6064 176 164 by
2520 6068 388 124 Dard
3000 6068 584 124 Hunter.
3772 6064 864 172 Chillicothe,
4728 6072 120 132 O
4868 6176 72 60 .,

176 6248 716 124 Mountain
956 6248 408 124 house
1424 6292 416 116 press,
1908 6248 356 128 1927.

332 6444 168 108 47,
616 6432 32 88 [
652 6432 84 96 1]
856 6468 100 88 p.
1100 6440 392 112 front.,
1600 6440 340 112 illus.,
2048 6444 376 112 plates
2492 6444 328 116 (part
2920 6448 580 112 mounted,
3612 6456 264 104 part
3988 6448 268 112 col.)
4388 6456 544 96 mounted

176 6580 528 108 samples.
840 6576 1216 104 43½ͨͫ.

340 6712 136 92 In
540 6712 588 112 portfolio.

336 6844 480 96 Printed
888 6844 304 96 from
1268 6844 556 96 hand-cut
1896 6844 232 96 and
2200 6844 612 96 hand-cast
2892 6852 296 108 type.
3344 6848 304 96 "The
3728 6852 540 112 punches,
4352 6852 580 100 matrices.

180 6980 472 112 moulds,
724 6980 228 92 and
1028 6980 296 92 tools
1396 6976 380 96 which
1840 7000 300 72 were
2216 6984 584 108 employed
2880 6980 120 92 in
3072 6984 196 92 the
3340 6980 476 116 making
3884 6984 120 96 of
4076 6984 240 96 this
4392 6992 268 112 type
4732 7012 200 72 are

176 7136 248 68 now
492 7116 120 88 in
684 7116 196 92 the
960 7112 788 100 Smithsonian
1824 7112 672 96 institution
2576 7116 60 92 a
2648 7116 152 92 nd
2880 7116 308 96 after
3268 7116 196 96 the
3540 7116 580 96 cessation
4200 7120 124 96 of
4400 7144 188 88 my
4664 7124 268 112 pub-

176 7248 424 112 lishing
676 7248 192 96 the
948 7252 264 108 type
1292 7248 328 96 itself
1696 7248 240 92 will
2016 7248 132 96 be
2228 7248 1492 112 destroyed."-Prefatory
3804 7260 300 88 note.

344 7380 472 112 "Owing
900 7388 116 88 to
1108 7384 192 92 the
1388 7380 524 96 methods
2004 7384 280 92 used
2372 7384 116 92 in
2576 7380 636 116 producing
3304 7384 232 96 this
3628 7384 296 96 book
4012 7388 196 92 the
4300 7388 436 96 edition
4832 7388 100 96 is

184 7516 688 108 necessarily
992 7516 484 92 limited.
1616 7516 280 96 Two
2020 7516 528 96 hundred
2672 7516 380 116 copies
3176 7516 144 96 ha
3336 7544 68 68 v
3412 7544 56 68 e
3600 7520 280 92 been
4008 7520 500 116 printed.
4648 7524 284 96 This

176 7672 276 92 copy
512 7648 96 96 is
664 7652 480 92 number
1200 7648 236 96 30."
1592 7648 480 112 Signed:
2140 7648 320 96 Dard
2528 7652 496 96 Hunter.

340 7780 892 116 Bibliography:
1300 7812 104 84 p.
1476 7784 248 116 [48]

220 7908 72 104 ©
364 7912 284 120 Aug.
716 7924 88 84 1,
880 7916 328 92 1927;
1284 7920 60 88 2
1352 7924 56 80 c
1428 7996 16 20 ,
1516 7920 284 104 Aug.
1868 7920 192 88 24:
2140 7916 124 96 af
2264 7916 72 96 f.
2408 7920 100 88 A
2512 7924 68 76 u
2592 7944 100 84 g.
2760 7924 52 84 1
2832 7912 68 88 9
2936 7944 16 68 :
3032 7920 92 88 A
3196 7920 60 92 9
3260 7920 68 96 9
3336 7920 336 96 9535:
3752 7924 132 96 D.
3960 7928 492 96 Hunter.
4532 7924 392 100 Chilli-

332 8056 356 92 cothe,
788 8056 88 92 O
892 8132 20 16 .
1076 8052 668 116 (27-18431)
4436 8056 284 104 7167

168 8272 664 156 Johnson,
900 8276 520 152 Myrtle
1488 8276 784 152 Elizabeth,
2348 8284 316 120 1881
2672 8356 76 16 –

336 8456 648 132 Seashore
1072 8464 572 124 animals
1728 8464 148 120 of
1956 8464 224 124 the
2264 8464 508 124 Pacific
2856 8480 404 144 coast,
3344 8468 176 160 by
3604 8468 504 128 Myrtle
4204 8472 712 124 Elizabeth

172 8648 608 124 Johnson
860 8660 84 128 …
1148 8648 356 156 [and]
1616 8648 476 164 Harry
2188 8648 464 128 James
2760 8648 460 132 Snook
3300 8660 84 128 …
3664 8656 332 124 New
4104 8656 424 132 York,
4636 8660 284 120 The

176 8828 776 128 Macmillan
1028 8876 712 116 company,
1820 8840 148 116 19
1984 8840 68 116 2
2064 8832 112 128 7.

332 9032 72 76 x
416 9028 112 92 iv
588 9052 136 88 p.,
788 9028 56 88 1
912 9028 104 108 1.,
1080 9028 208 96 659
1344 9052 104 88 p.
1580 9032 208 92 col.
1848 9028 392 112 front.,
2308 9028 340 112 illus.,
2716 9032 124 80 xi
2908 9032 204 96 col.
3180 9056 72 92 p
3256 9032 36 92 l
3308 9112 20 16 .
3472 9028 680 104 24½ͨͫ.

332 9160 312 96 Each
720 9164 308 112 plate
1108 9164 812 112 accompanied
1996 9164 144 112 by
2216 9164 372 116 guard
2664 9164 316 96 sheet
3064 9168 284 92 with
3432 9172 696 112 descriptive
4204 9176 712 112 letterpress.

332 9296 888 116 Bibliography:
1308 9320 100 92 p.
1496 9296 512 104 605–620.

212 9424 72 108 ©
356 9432 280 104 Aug.
696 9432 168 96 30.
924 9428 332 96 1927:
1324 9436 160 92 2c.
1548 9436 228 88 and
1840 9436 192 92 aff.
2096 9436 92 88 A
2200 9436 144 84 ug
2364 9512 16 20 .
2448 9436 192 96 31:
2712 9440 88 88 A
2868 9436 476 96 999662:
3420 9428 124 92 M
3548 9436 540 96 acmillan
4224 9428 144 108 co.

356 9564 664 112 (27-18453)
4432 9572 280 100 7168

2404 9708 44 112 1
2476 9700 152 124 07
2636 9704 68 108 9
