5968 10284
980 1032 356 124 Dieh
1348 1032 44 120 l
1400 1128 32 52 ,
1536 1028 588 132 Charles
2128 1108 184 16 —
2320 1028 776 132 Continued

984 1232 644 92 Theodora.
1636 1284 144 12 —
1780 1232 244 92 The
2124 1228 580 96 romantic
2804 1228 712 96 adventures
3620 1224 124 96 of
3844 1224 324 96 Basil
4284 1232 196 92 the
4584 1224 800 100 Macedonian.
5392 1284 140 12 —
5532 1228 248 96 The

980 1368 276 96 four
1324 1364 648 116 marriages
2044 1368 124 96 of
2240 1368 228 96 Leo
2536 1368 196 92 the
2800 1360 1620 116 Wise.—Theophano.—Zoë
4492 1364 1280 116 Porphyrogenita.—A

984 1504 784 96 middle-class
1840 1504 420 116 family
2336 1504 120 96 of
2536 1504 196 96 the
2804 1504 532 92 eleventh
3412 1504 516 108 century.
3952 1552 124 16 —
4084 1500 336 96 Anna
4500 1504 652 92 Dalassena
5196 1528 24 68 :
5296 1528 72 68 a
5440 1504 332 96 noble

980 1644 424 112 family
1516 1644 124 96 of
1752 1644 196 96 the
2056 1644 536 92 eleventh
2696 1648 520 104 century.
3224 1692 144 12 —
3372 1636 244 96 The
3728 1664 96 68 w
3836 1636 376 96 isdom
4324 1636 120 96 of
4560 1636 1212 100 Cecaumenus.—The

984 1780 412 96 sacred
1464 1780 468 116 palace:
2008 1780 220 116 key
2296 1788 112 84 to
2476 1776 312 116 plan.

984 1892 116 108 ©
1176 1920 268 96 Feb.
1504 1920 164 108 18,
1732 1916 336 112 1927;
2136 1916 164 96 2c.
2368 1920 228 88 and
2660 1936 60 72 a
2736 1912 124 96 ff.
2924 1912 268 96 Feb.
3252 1912 204 112 21;
3524 1912 100 92 A
3684 1912 480 108 963677;
4236 1912 412 96 Alfred
4712 1912 132 96 A.
4912 1908 432 116 Knopf,
5416 1912 216 96 inc.

1168 2056 600 112 (27-3732)
5284 2040 280 108 1317

984 2276 792 152 Doubman,
1840 2276 372 128 John
2280 2272 604 152 Russell,
2964 2284 320 116 1894
3288 2356 80 12 –

1152 2468 292 124 The
1548 2464 952 168 organization
2608 2464 272 124 and
2980 2464 716 160 operation
3800 2460 156 128 of
4060 2464 872 160 department
5032 2472 464 152 stores,
5592 2464 188 164 by

984 2656 132 128 J.
1184 2656 488 124 Russel
1680 2656 48 120 l
1792 2656 132 120 D
1936 2652 592 128 oubman
2604 2676 84 128 …
2820 2652 272 124 and
3156 2648 380 132 John
3600 2652 164 124 R.
3836 2648 728 128 Whitaker
4664 2680 84 128 …
4940 2648 336 128 New
5348 2648 428 164 York,

984 2844 132 128 J.
1184 2840 456 164 Wiley
1700 2848 108 120 &
1868 2884 348 116 sons,
2276 2840 328 160 inc.;
2672 2840 624 156 London,
3368 2836 724 164 Chapman
4152 2840 108 120 &
4320 2836 384 160 Hall,
4764 2836 580 160 limited,
5416 2836 356 132 1927.

1148 3036 160 116 xi,
1380 3036 204 100 301
1660 3064 104 88 p.
1844 3036 124 96 in
1972 3040 100 92 cl
2088 3116 24 20 .
2184 3036 348 116 illus.,
2608 3036 404 96 forms.
3156 3032 436 120 diagrs.
3660 3032 36 120 (
3716 3036 56 92 1.
3852 3032 348 112 fold.)
4360 3032 1028 112 23½ͨͫ.
4996 3032 312 116 $3.50

1152 3176 844 112 Bibliography
2064 3180 124 88 at
2252 3176 220 92 end
2536 3172 124 100 of
2724 3176 300 96 most
3092 3172 124 96 of
3284 3176 196 96 the
3548 3172 580 116 chapters.

988 3312 120 108 ©
1184 3312 268 96 Feb.
1516 3312 168 108 21,
1752 3312 276 96 1927
2056 3336 32 80 ;
2164 3312 160 96 2c.
2396 3312 268 96 Feb.
2732 3312 196 108 26;
3008 3308 192 96 aff.
3276 3308 268 96 Feb.
3612 3308 196 108 24;
3888 3308 96 92 A
4056 3308 64 96 9
4128 3308 128 96 63
4272 3312 56 92 7
4340 3308 60 96 5
4408 3312 128 108 1;
4616 3308 100 96 J.
4792 3308 96 96 R
4896 3360 20 56 .
5000 3308 616 104 Doubman
5688 3308 84 100 &

1148 3448 308 96 John
1524 3452 132 96 R.
1724 3448 644 116 Whitaker,
2440 3444 856 116 Philadelphia.
3464 3444 604 116 (27-3965)
5288 3440 280 100 1318

988 3676 224 124 Du
1280 3672 532 148 Taillis,
1884 3672 400 128 Jean.

1152 3864 188 124 Le
1444 3864 652 120 tourisme
2204 3860 824 124 automobile
3140 3904 160 80 en
3408 3860 564 124 France.
4172 3860 448 128 Guide
4732 3856 452 128 "BP".
5396 3940 36 80 [
5436 3872 96 112 t.
5644 3868 80 116 2
5732 3940 32 80 ]

984 4048 276 128 Des
1332 4048 428 164 Alpes
1836 4048 68 120 à
1980 4048 124 124 la
2192 4048 332 128 Côte
2600 4048 556 124 d'Azur.
3320 4048 428 124 Texte
3824 4060 128 112 et
4032 4048 1076 164 photographies
5188 4044 160 132 de
5424 4048 352 128 Jean

984 4236 128 124 D
1124 4284 88 76 u
1288 4236 532 132 Taillis,
1896 4236 964 160 cartographie
2940 4236 160 124 de
3172 4236 184 124 H.
3440 4236 496 160 Tropé,
4012 4236 912 124 illustrations
5004 4236 164 124 de
5240 4236 192 124 M.
5512 4240 260 120 De-

984 4424 548 124 nonain.
1692 4420 448 144 Paris,
2212 4424 56 112 É
2332 4420 512 128 ditions
2920 4420 160 128 de
3156 4420 568 164 France,
3804 4420 360 128 1927.

1152 4620 192 112 vii,
1452 4616 188 120 [2],
1720 4620 236 112 379,
2088 4616 228 108 [1]
2296 4644 104 88 p.
2564 4620 344 112 illus.,
3008 4620 372 112 plans,
3480 4644 332 88 maps
3936 4620 324 112 (part
4356 4620 472 116 double)
4952 4620 428 112 diagrs.
5452 4620 320 116 (part

984 4756 472 108 double)
1620 4756 1024 112 18½ͨͫ.

1156 4892 176 96 On
1400 4892 508 116 fly-leaf:
1984 4892 352 96 Tome
2440 4892 144 108 II.

996 5040 120 120 ©
1192 5048 264 96 Jan.
1528 5048 164 116 14,
1764 5048 340 112 1927;
2180 5052 160 100 1c.
2412 5048 268 100 Feb.
2752 5048 196 116 10;
3024 5048 752 116 A—Foreign
3844 5048 408 116 33132;
4336 5044 68 104 É
4436 5044 440 100 ditions
4948 5052 136 92 de
5164 5048 476 100 France.

5236 5168 304 124 1319

996 5216 660 152 Feather,
1724 5220 220 128 Wi
1952 5216 92 128 ll
2056 5216 328 128 iam.

1164 5404 288 124 The
1572 5408 432 124 ideals
2120 5408 268 124 and
2512 5404 456 132 follies
3084 5404 156 128 of
3348 5408 656 156 business,
4112 5408 184 164 by
4404 5408 628 128 William
5148 5408 628 128 Feather.

996 5588 784 168 Cleveland,
1848 5592 292 128 The
2204 5592 624 128 William
2900 5592 592 128 Feather
3560 5636 672 120 company
4332 5588 400 152 [ͨ1927
4720 5620 40 88 ]

1152 5792 208 96 199
1428 5816 104 88 p.
1672 5792 652 104 20ͨͫ.

996 5920 124 116 ©
1196 5928 264 92 Feb.
1528 5928 64 92 2
1608 6000 16 24 ,
1696 5924 280 104 1927
1996 5948 28 80 ;
2104 5928 164 96 2c.
2336 5932 232 92 and
2640 5928 196 96 aff.
2904 5928 264 96 Feb.
3240 5928 192 108 10;
3516 5928 100 92 A
3684 5928 476 104 967108;
4240 5928 524 96 William
4832 5928 508 96 Feather
5416 5952 160 72 co.

1184 6060 596 116 (27-3971)
5264 6060 288 104 1320

1004 6252 284 128 The
1372 6252 596 128 Federal
2048 6272 648 144 reporter.
2884 6256 520 128 Second
3492 6260 436 124 series.
4108 6256 408 128 Cases
4604 6260 512 160 argued
5204 6260 264 124 and
5560 6256 220 128 de-

1156 6444 668 124 termined
1892 6444 144 120 in
2092 6444 232 124 the
2392 6440 524 132 Circuit
2980 6456 452 112 courts
3492 6444 156 124 of
3712 6444 560 160 appeals
4336 6444 276 124 and
4672 6444 588 124 District
5324 6452 452 116 courts

1160 6624 152 128 of
1392 6628 224 124 the
1700 6624 516 132 United
2312 6628 452 132 States
2848 6636 268 120 and
3200 6632 228 124 the
3516 6628 424 132 Court
4028 6628 152 128 of
4264 6632 564 160 appeals
4908 6628 156 128 of
5144 6632 232 124 the
5456 6632 312 124 Dis-

1156 6828 64 108 t
1224 6816 192 124 ric
1428 6828 52 112 t
1572 6860 72 80 o
1660 6812 68 124 f
1820 6816 764 144 Columbia,
2676 6820 332 120 with
3104 6816 160 128 ke
3272 6840 92 112 y
3376 6816 620 128 -number
4092 6864 268 76 ann
4368 6832 144 108 ot
4520 6816 444 128 ations
5072 6820 84 132 …
5396 6860 84 84 v
5492 6920 28 24 .
5624 6828 156 116 14

1184 7000 308 164 (2d)
1680 7000 1464 160 October–December,
3228 7012 360 116 1926.
3760 7004 196 132 St.
4040 7008 400 156 Paul,
4512 7004 384 128 West
4976 7000 804 168 publishing

1160 7232 232 92 co.,
1476 7188 360 128 1927.

1160 7384 304 92 xxiv.
1548 7384 276 96 1082
1896 7408 104 88 p.
2076 7384 28 92 i
2124 7412 72 68 n
2204 7412 56 68 c
2264 7388 40 92 l
2320 7468 16 12 .
2416 7388 356 96 front.
2840 7384 380 120 (map)
3392 7380 676 108 26ͨͫ.

1000 7516 120 116 ©
1196 7520 260 96 Jan.
1524 7520 160 112 13,
1756 7524 56 88 1
1828 7532 64 88 9
1896 7520 196 112 27;
2164 7520 164 96 2c.
2396 7524 292 96 Mar.
2756 7528 124 104 1;
2960 7552 60 64 a
3036 7524 120 96 ff.
3228 7524 264 96 Feb.
3560 7528 196 100 28;
3836 7528 92 88 A
4000 7524 476 96 963798:
4552 7532 324 92 West
4948 7532 256 108 pub.
5276 7548 160 72 co.

5312 7632 304 124 1321

1008 7696 188 120 Fe
1204 7692 44 124 l
1260 7692 496 148 dhaus,
1836 7696 452 124 Franz
2360 7700 504 144 Maria,
2944 7708 64 112 1
3024 7700 240 124 874
3268 7780 72 12 –

1160 7880 692 128 Ruhmesb
1864 7880 152 144 lä
2004 7892 268 116 tter
2372 7888 236 120 der
2700 7888 556 124 technik
3348 7932 84 76 v
3440 7928 172 80 on
3712 7888 260 124 den
4064 7928 88 80 u
4164 7884 700 124 rerfindun
4864 7904 88 112 g
4972 7932 160 80 en
5228 7880 208 132 bis
5536 7928 244 84 zur

996 8080 776 148 gegenwart
1776 8116 32 68 .
1928 8116 88 76 v
2020 8112 176 80 on
2304 8072 448 120 Franz
2868 8068 440 128 Marie
3420 8072 340 124 Feld
3768 8072 84 120 h
3872 8116 76 76 a
3952 8116 92 76 u
4052 8120 92 76 s.
4348 8080 76 116 2
4440 8172 68 52 .,
4616 8068 628 128 vermehr
5248 8084 60 112 t
5312 8116 68 80 e
5492 8072 276 124 und

996 8252 820 124 verbesserte
1876 8256 236 120 auf
2080 8256 60 120 l
2164 8356 16 16 .
2332 8252 220 128 bd.
2616 8264 112 112 2.
2860 8260 76 128 …
3100 8256 608 164 Leipzig,
3780 8260 152 120 F.
4000 8260 116 116 B
4132 8256 868 148 randstetter,
5072 8264 360 120 1926.

1164 8448 64 92 2
1288 8472 108 92 p.
1448 8448 112 104 l.,
1628 8448 208 92 310
1896 8472 100 92 p.
2128 8448 360 96 front.
2484 8480 28 56 ,
2588 8448 340 116 illus.,
2996 8448 464 116 diagrs.,
3528 8452 516 96 facsims.
4188 8448 676 104 23ͨͫ.

1004 8560 120 116 ©
1200 8580 188 88 Ma
1404 8612 68 84 y
1540 8580 168 100 20.
1780 8576 336 104 1926;
2192 8572 156 108 1c.
2428 8588 260 96 Jan.
2768 8592 84 92 7,
2932 8588 328 96 1927;
3344 8588 744 112 A–Foreign
4156 8588 136 96 33
4300 8580 64 92 3
4372 8588 184 96 27;
4652 8588 600 96 Friedrich
5324 8592 440 92 Brand-

1164 8724 452 92 stetter.
5284 8720 284 100 1322

1008 8904 592 148 Fenger,
1680 8908 656 128 Frederic
2404 8912 824 152 Abilgaard,
3308 8920 316 120 1882
3628 8992 88 12 –

1176 9088 292 128 The
1584 9096 432 120 cruise
2128 9092 152 128 of
2388 9096 744 160 Diablesse,
3240 9100 180 164 by
3532 9100 644 128 Frederic
4280 9096 168 128 A.
4564 9100 576 164 Fenger,
5244 9100 528 164 largely

1012 9276 248 124 wri
1272 9288 56 112 t
1332 9288 228 112 ten
1644 9276 364 128 from
2088 9280 228 128 the
2400 9280 464 128 letters
2944 9280 152 128 of
3176 9288 228 120 the
3488 9328 132 92 m
3636 9288 724 124 ate—with
4444 9300 588 112 extracts
5124 9280 76 136 …
5440 9288 332 124 New

1008 9456 424 164 York,
1504 9464 740 168 Yachting,
2312 9468 252 124 inc.
2612 9456 456 144 [ͨ1926
3064 9452 40 112 ]

3276 9760 252 120 204
