5920 10300
204 820 576 152 Adams,
852 820 404 152 Alva,
1332 828 316 116 1850
1652 900 64 12 –
1748 828 356 120 1922.

368 1008 888 128 Meditations
1316 1008 148 124 in
1520 1008 732 128 miniature
2336 1012 60 108 [
2372 1004 240 144 by]
2672 1004 364 128 Alva
3100 1004 560 132 Adams.
3828 1008 628 160 [Denver,
4572 1004 324 144 ͨ1927
4904 1084 36 88 ]

364 1208 64 92 2
496 1236 104 84 p.
672 1208 36 92 l
720 1280 56 40 .,
852 1204 200 96 256
1120 1232 96 88 p.
1364 1204 356 96 front.
1788 1204 412 112 (port.)
2364 1208 52 88 1
2432 1204 608 108 6ͨͫ
2608 1244 24 48 .

204 1356 120 116 ©
400 1380 272 108 May
736 1376 164 112 23,
976 1372 332 112 1927;
1384 1376 64 88 2
1460 1400 52 64 c
1524 1448 24 24 .
1620 1372 228 92 and
1916 1372 196 100 aff.
2188 1372 120 88 M
2312 1400 144 84 ay
2528 1376 60 88 2
2600 1376 60 88 7
2700 1396 24 88 ;
2800 1372 96 92 A
2968 1372 476 112 999373;
3524 1372 292 96 Alva
3888 1376 132 96 B.
4092 1372 464 112 Adams,
4632 1372 320 100 Colo-

360 1512 280 96 rado
700 1508 508 116 Springs,
1264 1508 236 96 Col.
1672 1508 664 116 (27-21253)
4444 1504 284 104 8757

200 1732 576 148 Adrian,
844 1736 376 144 Sam,
1296 1740 312 120 1882
1616 1812 88 12 –

476 1916 80 144 …
636 1916 824 164 Gymnastik
1460 1920 48 120 l
1520 1916 456 128 okaler
2084 1920 244 124 och
2444 1920 384 124 deras
2940 1916 800 164 inredning;
3860 1916 1088 168 gymnastikred-

196 2100 380 164 skap,
652 2148 172 80 av
904 2100 324 132 Sam
1296 2100 544 128 Adrian
1920 2116 84 128 …
2156 2104 248 124 och
2484 2104 132 128 J.
2700 2100 164 132 G.
2944 2104 520 124 Thulin
3540 2116 84 128 …
3880 2100 836 148 Stockholm,
4788 2108 160 120 P.

204 2288 164 128 A.
436 2292 652 124 Norstedt
1156 2292 108 120 &
1324 2296 392 120 söner
1800 2292 396 132 [1926]

360 2488 144 112 iv,
568 2488 204 96 124
832 2516 104 88 p.
1076 2488 72 92 il
1168 2488 216 96 lus.
1524 2484 720 108 21½ͨͫ.
2044 2488 208 116 (Sv
2264 2512 56 72 e
2332 2492 284 92 nska
2676 2488 728 116 gymnastikf
3388 2484 80 88 ö
3484 2488 552 96 rbundets
4100 2488 528 96 bokserie
4688 2488 120 112 8)

204 2624 116 112 ©
380 2656 260 92 Jan.
696 2652 164 112 17,
924 2652 52 92 1
988 2648 68 92 9
1056 2652 60 96 2
1132 2656 60 92 7
1228 2676 24 88 ;
1316 2656 124 88 1c
1456 2732 20 16 .
1536 2652 68 96 J
1616 2680 152 68 un
1776 2680 60 68 e
1888 2652 196 108 22;
2152 2652 240 92 A-
2404 2652 152 92 Fo
2568 2680 56 64 r
2632 2680 56 64 e
2696 2652 40 92 i
2744 2680 64 76 g
2816 2680 68 64 n
2944 2656 132 92 35
3088 2656 60 88 2
3152 2652 68 88 9
3224 2656 128 104 4;
3424 2652 72 96 S
3512 2728 20 24 .
3588 2652 480 112 Adrian,
4128 2656 108 96 J.
4300 2656 124 96 G.
4484 2652 256 96 Thu
4752 2656 36 92 l
4796 2652 120 96 in
4908 2688 28 52 .

360 2788 432 96 Orebro
860 2788 228 96 and
1156 2788 364 116 Lund,
1596 2788 512 96 Sweden.
2268 2788 668 116 (27-21475)
4440 2784 284 100 8758

204 3012 832 148 Alexander,
1108 3012 604 152 Hartley
1776 3012 416 152 Burr,
2276 3016 312 120 1873
2596 3092 88 16 –

368 3200 412 128 God's
876 3200 400 124 drum
1360 3204 268 124 and
1724 3200 388 128 other
2200 3204 424 160 cycles
2720 3196 364 128 from
3176 3200 504 128 Indian
3772 3204 348 160 lore;
4224 3244 456 120 poems
4772 3204 172 164 by

204 3388 584 160 Hartley
876 3384 844 160 Alexander;
1824 3388 908 124 illustrations
2820 3388 180 164 by
3088 3388 540 128 Anders
3720 3384 372 132 John
4184 3388 760 164 Haugseth.

204 3576 320 124 New
592 3572 428 164 York,
1080 3576 160 120 E.
1304 3576 148 120 P.
1524 3576 532 124 Dutton
2120 3580 108 120 &
2284 3616 668 120 company
3044 3568 444 164 [ͨ1927]

360 3768 152 116 ix,
580 3772 236 112 231,
892 3768 116 104 [1]
1100 3796 104 88 p.
1268 3772 36 92 i
1312 3796 140 68 nc
1460 3772 40 88 l
1508 3844 24 20 .
1604 3772 404 112 plates,
2152 3772 356 96 front.
2652 3768 60 92 2
2720 3768 612 104 6½ͨͫ
2964 3808 24 52 .

368 3940 296 92 "The
756 3936 436 96 edition
1280 3936 100 96 is
1464 3936 448 96 limited
2004 3944 112 88 to
2204 3936 204 100 750
2492 3936 412 116 copies,
2992 3940 620 92 numbered
3704 3940 228 92 and
4024 3936 388 116 signed
4516 3940 144 112 by
4752 3944 188 92 the

200 4076 416 92 author
700 4072 224 96 and
1008 4072 188 96 the
1284 4072 692 96 illustrator.
2120 4072 280 96 This
2484 4100 280 84 copy
2844 4072 100 96 is
3028 4100 176 68 no.
3292 4072 304 100 601."

204 4236 116 108 ©
388 4244 244 96 Oct.
696 4244 92 112 5,
852 4244 336 108 1927;
1256 4240 160 100 2c.
1484 4240 244 100 Oct.
1792 4244 128 108 8;
1988 4240 200 100 aff.
2252 4240 244 100 Oct.
2564 4244 60 92 6
2668 4268 20 84 ;
2760 4244 96 92 A
2916 4244 548 112 1004574;
3540 4248 128 96 E.
3736 4248 120 92 P.
3924 4248 448 96 Dutton
4436 4252 92 96 &
4592 4272 128 68 co
4732 4324 20 20 .

380 4376 664 116 (27-21252)
4436 4380 288 100 8759

204 4600 768 152 Anderson,
1040 4600 528 132 Robert
1640 4604 600 148 Gordon,
2320 4612 316 116 1881
2640 4680 84 16 –

360 4792 436 124 Those
892 4792 904 160 quarrelsome
1896 4796 892 156 Bonapartes,
2880 4792 176 164 by
3152 4792 512 124 Robert
3756 4792 568 132 Gordon
4416 4796 528 128 Ander-

200 5020 268 80 son.
648 4976 328 128 New
1064 4976 432 160 York,
1576 4976 620 144 London,
2276 4976 292 128 The
2660 4976 608 164 Century
3356 5020 184 84 co.
3644 4976 460 160 [ͨ1927]

360 5172 236 116 viii,
664 5172 196 96 501
928 5196 104 92 p.
1172 5172 64 92 2
1244 5172 544 104 0ͨͫ
1416 5248 24 20 .
1728 5168 308 120 $2.50

204 5332 116 116 ©
392 5340 240 96 Oct.
696 5344 96 112 7,
856 5340 336 112 1927;
1264 5340 64 96 2
1332 5368 56 68 c
1404 5416 20 20 .
1492 5348 228 88 and
1784 5340 196 96 aff.
2052 5340 244 96 Oct.
2364 5340 56 92 1
2432 5340 72 96 0
2540 5364 20 88 ;
2628 5340 100 92 A
2796 5340 544 112 1007504;
3416 5340 84 96 C
3508 5348 416 108 entury
3992 5372 132 68 co
4136 5420 20 24 .

380 5476 664 116 (27-21487)
4436 5480 288 100 8760

204 5700 492 156 Arliss,
768 5704 584 152 George,
1424 5712 320 116 1868
1748 5780 88 16 –

448 5896 84 132 …
616 5892 232 156 Up
948 5888 228 128 the
1276 5932 388 120 years
1764 5888 364 124 from
2236 5888 968 164 Bloomsbury;
3316 5936 172 76 an
3592 5892 1096 164 autobiography
4772 5896 84 132 …

204 6080 544 160 Boston,
816 6080 468 156 Little,
1356 6080 552 160 Brown,
1980 6080 272 124 and
2324 6120 712 120 company,
3120 6072 356 128 1927.

356 6272 64 96 7
468 6300 100 84 p.
616 6272 36 92 l
672 6344 52 40 .,
772 6276 64 92 3
840 6324 72 12 –
912 6272 200 96 321
1168 6296 100 88 p.
1412 6272 392 108 front.,
1856 6276 356 112 ports.
2356 6272 676 108 23ͨͫ.

368 6444 332 96 "Two
760 6444 528 96 hundred
1352 6448 224 92 and
1640 6444 316 112 sixty
2016 6440 380 120 copies
2460 6444 120 92 of
2648 6440 232 96 this
2944 6444 800 116 autographed
3804 6444 436 96 edition
4308 6452 292 88 have
4668 6452 280 96 been

200 6576 448 116 printed
700 6584 232 88 and
988 6580 576 96 inscribed
1624 6580 144 116 by
1828 6584 192 92 the
2080 6580 452 96 author.
2664 6580 92 96 O
2760 6576 52 96 f
2868 6584 192 88 the
3120 6584 196 88 ten
3372 6580 380 112 copies
3812 6580 376 96 which
4248 6608 192 68 are
4504 6592 196 84 not
4760 6588 184 92 for

200 6716 232 92 sale
492 6712 232 100 this
784 6716 96 96 is
944 6744 288 88 copy
1284 6720 188 92 for
1532 6712 704 116 copyright."

204 6864 116 116 ©
392 6884 244 100 Oct.
700 6888 96 112 7,
864 6888 332 108 1927;
1268 6888 64 96 2
1340 6912 92 68 c.
1500 6888 228 88 and
1796 6908 64 68 a
1872 6880 48 96 f
1912 6884 48 92 f
1972 6960 20 20 .
2064 6880 244 100 Oct.
2380 6880 72 92 8
2480 6904 24 92 ;
2576 6880 100 96 A
2740 6884 56 88 1
2812 6880 200 96 004
3024 6876 68 92 5
3092 6880 196 108 37;
3364 6880 240 96 Litt
3616 6884 40 88 l
3660 6904 92 92 e,
3828 6884 340 92 Brow
4180 6912 68 64 n
4260 6960 20 40 ,
4360 6888 220 96 and
4656 6912 248 72 com
4908 6940 36 12 -

360 7048 332 88 pany.
860 7020 664 116 (27-21325)
4436 7016 284 104 8761

208 7212 796 152 Aspinwall,
1072 7208 920 152 Marguerite.

364 7396 408 164 Gay's
892 7440 324 120 year
1344 7408 140 112 at
1608 7392 632 128 Harford
2368 7392 328 160 hall,
2820 7392 176 160 by
3120 7392 840 164 Marguerite
4084 7396 844 164 Aspinwall;

204 7576 760 132 illustrated
1052 7584 184 160 by
1324 7576 760 128 Katherine
2176 7580 188 124 M.
2456 7576 740 132 Wireman.
3376 7576 328 128 New
3812 7576 424 164 York,
4332 7584 616 160 London,

204 7764 156 128 G.
432 7768 156 124 P.
660 7768 704 124 Putnam's
1432 7808 348 116 sons,
1856 7760 356 128 1927.

364 7960 236 116 viii,
672 7964 204 92 247
940 7988 108 88 p.
1184 7960 392 112 front.,
1644 7960 412 116 plates.
2196 7956 616 116 20ͨͫ.

368 8132 328 112 Maps
772 8156 144 68 on
984 8128 868 112 lining-papers.

212 8288 116 116 ©
416 8300 236 96 Oct.
736 8300 164 112 14,
984 8300 56 88 1
1052 8296 68 96 9
1124 8296 192 112 27;
1404 8296 164 96 2c.
1652 8296 224 92 and
1960 8288 196 104 aff.
2244 8292 244 96 Oct.
2572 8292 56 92 1
2640 8292 60 92 5
2748 8312 20 88 ;
2856 8292 96 92 A
3036 8292 56 92 1
3104 8288 140 96 00
3244 8292 60 92 4
3316 8292 64 92 6
3388 8296 60 88 2
3456 8292 60 92 6
3556 8320 24 84 ;
3672 8296 116 92 M
3800 8372 20 20 .
3904 8296 676 116 Aspinwall,
4668 8304 276 92 New

368 8436 336 92 York.
872 8432 664 116 (27-21343)
4436 8432 288 100 8762

216 8620 484 152 Ayres,
768 8624 416 144 Ruby
1252 8616 636 128 Mildred.

368 8808 576 124 Broken.
1124 8804 400 156 June,
1604 8800 356 124 1927.

392 9008 188 112 (In
628 8996 380 104 Novel
1056 8988 684 128 magazine)

216 9160 116 116 ©
396 9176 152 96 1c.
604 9176 276 108 July
932 9172 96 112 7,
1088 9172 204 92 192
1304 9172 60 88 7
1400 9192 24 88 ;
1488 9168 96 92 A
1644 9168 144 92 ad
1848 9164 208 96 int.
2116 9164 60 96 9
2184 9164 128 96 71
2324 9164 60 92 5
2428 9188 20 84 ;
2516 9188 148 92 pu
2668 9172 148 92 bd
2836 9244 20 16 .
2920 9168 268 112 May
3248 9164 196 112 22;
3516 9168 332 116 Ruby
3908 9172 500 96 Mildred
4468 9176 476 120 Pocock,

372 9308 520 112 Harrow,
948 9304 672 108 Middlesex,
1680 9304 560 108 England.
4444 9304 284 100 8763

2420 9432 320 116 1313
