5968 10284
836 852 684 152 Streeter,
1612 852 500 128 Daniel
2192 848 584 132 Willard
2784 932 172 12 —
2960 852 776 128 Continued

1008 1048 72 88 x
1092 1052 40 96 i
1140 1080 72 72 v
1220 1128 16 40 ,
1304 1052 208 100 277
1572 1076 108 92 p.
1804 1052 392 112 front.,
2264 1052 60 96 1
2392 1048 340 116 illus.,
2800 1056 408 108 plates.
3336 1048 720 112 22½ͨͫ.

1004 1192 180 92 An
1264 1188 488 96 account
1828 1184 436 116 mainly
2340 1184 128 100 of
2536 1208 60 72 a
2680 1184 496 116 hunting
3244 1184 236 116 trip
3548 1184 124 96 in
3744 1184 196 96 the
4020 1184 396 96 Sudan
4492 1184 344 116 along
4908 1188 196 96 the
5176 1184 444 100 Dinder

848 1324 384 100 River.

1012 1460 332 116 Maps
1420 1480 144 72 on
1636 1452 876 120 lining-papers.

852 1568 120 108 ©
1040 1596 244 96 Oct.
1340 1592 164 112 14,
1564 1588 336 108 1927;
1964 1588 164 96 2c.
2184 1588 232 92 and
2472 1584 196 100 aff.
2732 1584 248 100 Oct.
3036 1588 60 92 1
3108 1584 60 96 5
3212 1608 20 88 ;
3296 1584 100 96 A
3452 1584 60 92 1
3524 1584 280 96 0046
3804 1584 196 112 27;
4068 1584 140 100 D.
4268 1588 172 96 W.
4508 1588 544 116 Streeter,
5120 1584 228 96 Buf
5344 1584 52 96 f
5400 1588 220 100 alo.

1032 1728 676 120 (27-22850)
5132 1716 288 108 9585

836 1956 856 148 Thompson,
1776 1952 500 128 Donna
2360 1948 344 152 Fay,
2800 1952 316 124 1882
3120 2024 88 16 –

1008 2140 940 128 Professional
2032 2136 732 164 solidarity
2848 2176 496 124 among
3424 2136 232 124 the
3740 2136 604 124 teachers
4428 2132 160 128 of
4672 2136 696 168 England,
5452 2136 164 164 by

844 2332 492 124 Donna
1412 2332 160 120 F.
1644 2328 836 160 Thompson,
2548 2364 80 76 P
2636 2364 148 80 H.
2860 2368 116 76 D.
3156 2320 332 128 New
3564 2320 432 160 York,
4072 2320 720 132 Columbia
4868 2320 756 172 university

848 2548 440 136 press;
1356 2516 624 160 London,
2044 2512 152 128 P.
2276 2512 136 132 S.
2480 2512 392 160 King
2936 2512 108 120 &
3104 2552 288 116 son,
3460 2508 292 160 ltd.,
3828 2508 360 128 1927.

1008 2720 132 96 33
1152 2720 60 96 8
1296 2740 108 92 p.
1552 2716 616 112 23ͨͫ.
2012 2708 716 120 (Half-title:
2824 2704 464 100 Studies
3376 2704 120 96 in
3580 2708 488 116 history,
4156 2704 672 120 economics,
4924 2712 224 92 and
5240 2708 384 116 public

840 2860 260 112 law,
1176 2860 172 92 ed.
1420 2852 144 116 by
1640 2852 200 96 the
1912 2848 492 112 Faculty
2480 2844 128 100 of
2676 2840 524 120 political
3276 2844 444 96 science
3800 2844 124 100 of
3996 2844 604 100 Columbia
4680 2844 684 116 university,
5444 2872 176 76 no.

836 2992 268 116 288)

1008 3124 628 100 Published
1704 3128 248 92 also
2020 3144 128 72 as
2212 3120 368 96 thesis
2644 3116 120 120 (P
2776 3140 128 76 H.
2972 3124 64 88 D
3044 3116 84 116 .)
3192 3116 604 100 Columbia
3860 3116 684 120 university,
4608 3120 308 100 1927.

1012 3264 248 96 "An
1324 3260 444 100 outline
1836 3260 128 96 of
2032 3260 192 96 the
2296 3256 452 116 history
2816 3256 128 100 of
3012 3256 196 100 the
3276 3252 556 100 National
3904 3256 356 96 union
4332 3252 124 104 of
4528 3256 776 100 teachers."—
5312 3260 88 96 P
5416 3284 112 72 re
5540 3260 48 92 f
5584 3296 24 56 .

1008 3396 900 120 Bibliography:
1992 3420 100 92 p.
2144 3396 520 96 333–334.

852 3532 124 120 ©
1044 3540 292 116 Aug.
1408 3536 160 112 18,
1644 3536 336 108 1927;
2052 3536 164 92 2c.
2292 3532 308 116 Sept.
2672 3536 124 108 7;
2876 3556 64 68 a
2948 3528 92 96 ff
3048 3608 20 20 .
3144 3528 312 116 Sept.
3524 3528 128 116 9;
3728 3528 100 96 A
3896 3528 60 96 1
3964 3528 140 96 00
4104 3528 68 96 4
4180 3528 60 96 0
4252 3528 192 116 85;
4524 3532 136 100 D.
4736 3532 124 100 F.
4928 3532 692 116 Thompson,

1012 3672 628 116 Brooklyn.
1812 3668 672 120 (27-22787)
5136 3664 284 104 9586

840 3900 168 128 U.
1088 3896 88 128 S
1192 3996 32 28 .
1400 3896 444 160 Laws,
1912 3908 612 144 statutes,
2600 3904 236 116 etc.

1008 4084 524 128 United
1648 4080 452 132 States
2216 4080 368 128 Code
2692 4076 780 128 annotated.
3672 4076 364 128 Title
4152 4084 192 120 15.
4464 4072 776 132 Commerce
5356 4080 268 124 and

848 4272 428 160 trade,
1344 4260 144 148 §§
1568 4276 64 116 1
1700 4280 140 112 to
1908 4264 280 128 373.
2356 4264 392 140 [End]
2928 4260 868 132 Cumulative
3860 4276 792 152 temporary
4716 4260 484 168 pocket
5268 4276 360 152 part,

840 4456 376 164 May,
1320 4456 324 128 1927
1744 4460 88 144 …
2100 4452 196 132 St.
2404 4452 396 156 Paul,
2900 4452 488 160 Minn.,
3488 4452 388 128 West
3976 4448 804 172 publishing
4880 4492 736 124 company;

848 4644 812 160 Northport,
1732 4640 156 124 L.
1964 4640 80 120 I
2060 4736 68 64 .,
2204 4640 164 124 N.
2452 4640 216 156 Y.,
2744 4636 612 124 Edward
3432 4636 796 160 Thompson
4300 4680 712 120 company,
5096 4636 360 132 1927.

1008 4840 68 96 2
1136 4864 68 72 v
1220 4916 20 20 .
1380 4836 720 112 24½ͨͫ.

1016 4976 368 92 These
1444 4972 656 112 pamphlets
2164 4996 196 68 are
2420 4968 44 92 f
2464 4968 292 96 itted
2816 4964 252 100 into
3128 4968 196 100 the
3384 4968 408 116 pocket
3860 4972 124 96 at
4044 4968 200 100 the
4308 4968 288 96 back
4660 4968 124 100 of
4852 4972 192 96 the
5108 4968 516 100 volumes

848 5116 40 92 t
896 5136 64 68 o
1036 5108 380 96 which
1492 5108 272 112 they
1836 5108 440 112 belong.

852 5236 124 116 ©
1064 5248 304 112 Sept.
1448 5248 92 112 7,
1620 5240 336 112 1927;
2040 5240 160 96 2c.
2276 5240 284 96 each
2636 5240 232 96 and
2940 5236 260 100 affs.
3284 5240 244 96 Oct.
3608 5240 60 92 1
3680 5240 60 96 5
3780 5264 24 92 ;
3888 5240 100 96 A
4060 5260 68 76 1
4132 5248 136 92 00
4272 5240 308 116 7682,
4664 5240 60 96 1
4732 5240 144 96 00
4876 5240 332 112 7684;
5300 5236 140 104 W
5444 5248 180 92 est

1012 5384 260 112 pub.
1344 5408 160 68 co.
1576 5380 228 92 and
1876 5380 504 92 Edward
2452 5376 656 116 Thompson
3176 5400 160 76 co.
4736 5372 324 120 9587,
5132 5372 284 104 9588

840 5568 508 148 Verne,
1416 5564 436 152 Jules,
1932 5572 320 120 1828
2256 5644 84 12 –
2352 5572 360 120 1905.

1008 5752 596 128 Michael
1696 5748 96 132 S
1804 5764 56 112 t
1864 5792 252 120 rog
2120 5792 76 84 o
2212 5748 48 124 f
2260 5748 56 124 f
2348 5792 32 116 ;
2468 5792 72 84 a
2624 5792 324 84 cour
2956 5744 44 132 i
3012 5792 140 84 er
3236 5748 156 128 of
3464 5748 232 128 the
3776 5796 68 80 c
3852 5792 232 84 zar
4176 5760 80 148 …
4404 5748 176 168 by
4660 5752 96 128 J
4772 5748 132 128 ul
4916 5796 132 84 es
5132 5756 488 156 Verne,

844 5936 776 132 illustrated
1716 5936 180 164 by
1996 5936 164 124 N.
2264 5928 152 140 C.
2512 5936 548 168 Wyeth.
3240 5936 332 124 New
3672 5932 432 164 York,
4192 5936 624 164 London,
4916 5936 152 136 C.
5168 5936 448 132 Scrib-

840 6120 348 132 ner's
1264 6168 308 84 sons
1680 6120 440 160 [ͨ1927]

1008 6348 68 72 v
1084 6320 40 96 i
1188 6348 136 88 p.,
1384 6324 64 92 2
1512 6324 40 92 l
1564 6396 52 40 .,
1680 6324 140 96 3–
1824 6320 60 96 3
1896 6320 132 96 97
2092 6344 108 92 p.
2340 6320 208 96 col.
2616 6320 412 112 plates.
3168 6308 680 124 24ͨͫ.

1008 6460 692 96 Illustrated
1776 6456 232 112 t.-p.
2084 6452 228 96 and
2388 6448 836 120 lining-papers
3300 6448 116 96 in
3488 6456 404 96 colors.

856 6556 120 108 ©
1068 6592 304 112 Sept.
1456 6588 164 112 30,
1708 6588 336 108 1927;
2128 6588 160 92 2c.
2380 6588 228 92 and
2692 6584 196 100 aff.
2976 6584 244 96 Oct.
3304 6588 196 108 21;
3588 6584 100 92 A
3768 6584 548 112 1007990;
4412 6588 480 96 Charles
4984 6588 632 100 Scribner's

1020 6748 304 72 sons.
1480 6708 152 108 [©
1720 6720 880 112 illustrations]
2720 6720 668 112 (27-22949)
5132 6724 284 100 9589

844 6908 420 156 Vogt,
1340 6908 304 128 Von
1716 6908 536 152 Ogden,
2332 6912 316 124 1879
2656 6988 84 12 –

1020 7096 576 128 Modern
1684 7092 648 164 worship,
2404 7092 184 168 by
2668 7096 320 128 Von
3068 7092 484 168 Ogden
3644 7096 412 164 Vogt.
4228 7096 336 128 New
4648 7096 540 168 Haven,
5276 7100 344 128 Yale

852 7276 760 164 university
1744 7320 444 120 press;
2332 7276 624 168 London,
3080 7276 184 128 H.
3400 7276 644 168 Milford,
4176 7276 552 136 Oxford
4864 7284 752 172 university

856 7508 416 120 press,
1336 7460 360 132 1927.

1020 7660 68 96 7
1144 7684 104 88 p.
1308 7660 36 88 l
1360 7728 52 40 .,
1488 7656 96 116 [3
1596 7700 104 72 ]–
1704 7652 204 100 153
1968 7680 104 92 p.
2212 7652 680 112 21ͨͫ.

1028 7792 380 92 "Four
1476 7788 124 96 of
1668 7792 196 92 the
1932 7792 544 112 chapters
2560 7784 68 108 …
2740 7812 204 72 are
3020 7788 192 100 the
3288 7788 428 96 Lowell
3792 7788 540 100 institute
4404 7792 500 100 lectures
4984 7792 188 104 for
5248 7796 368 96 1927."

856 7920 124 108 ©
1056 7928 244 96 Oct.
1368 7924 168 116 21,
1608 7924 336 112 1927;
2020 7924 164 96 2c.
2260 7924 244 96 Oct.
2572 7924 200 108 28;
2852 7924 196 100 aff.
3124 7924 244 100 Oct.
3440 7924 64 96 2
3516 7924 60 96 6
3620 7948 16 88 ;
3716 7924 96 96 A
3884 7928 140 92 10
4024 7928 60 92 1
4096 7928 140 92 00
4236 7928 196 108 15;
4512 7928 284 96 Yale
4872 7928 308 104 univ.
5260 7960 352 88 press.

1040 8056 672 120 (27-22858)
5128 8064 288 100 9590

852 8244 688 148 Winther,
1620 8244 776 148 Christian,
2480 8240 316 132 1873
2800 8324 84 16 –

1016 8432 840 160 Vejledning
1948 8432 256 124 ved
2296 8432 604 124 kemiske
2988 8448 76 136 ø
3072 8432 476 160 velser,
3636 8432 192 124 af.
3928 8432 320 132 Chr.
4348 8436 676 152 Winther,
5120 8440 132 128 S.
5352 8444 252 124 Pa-

852 8616 476 128 litzsch
1408 8660 176 120 og
1664 8616 184 124 H.
1936 8616 124 124 R
2068 8636 72 132 ø
2152 8616 432 124 rdam.
2760 8616 140 124 K
2908 8636 76 132 ø
2988 8612 672 168 benhavn,
3744 8616 824 164 Gyldendal,
4648 8624 604 124 Nordisk
5336 8624 268 124 for-

852 8804 268 160 lag,
1196 8796 356 132 1927.

1016 8996 64 92 2
1144 9020 104 88 p.
1320 9000 36 88 l
1368 9064 52 44 .,
1492 8996 132 92 60
1692 9016 104 92 p.
1940 8988 308 104 illus.
2388 8996 684 104 21ͨͫ.

864 9104 120 116 ©
1072 9132 264 92 Feb.
1420 9128 164 112 16,
1672 9128 332 112 1927;
2096 9112 160 116 1c.
2340 9128 308 96 June
2720 9128 200 112 27;
3008 9128 744 112 A—Foreign
3836 9132 60 96 3
3908 9132 272 96 5005
4224 9156 20 88 ;
4340 9132 116 100 C.
4548 9124 560 120 Winther,
5208 9136 104 96 S.
5404 9136 200 96 Pa-

1016 9264 412 92 litzsch
1512 9264 228 92 and
1828 9264 140 96 H.
2060 9260 536 116 Rødam,
2688 9248 116 112 ℅
2896 9264 856 112 Gyldendalske
3836 9268 676 116 boghandel,
4600 9268 508 96 Nordisk
5192 9268 412 116 forlag.

1052 9396 668 112 (27-22548)
5120 9400 284 100 9591

3080 9532 324 116 1432
