5968 10284
764 904 608 152 Wright,
1456 904 544 152 George
2080 900 660 152 Bradley,
2824 908 316 120 1892
3144 980 92 16 –

932 1116 440 128 Three
1444 1116 368 124 color
1884 1112 784 164 separation
2744 1112 1020 164 photography,
3836 1112 184 164 by
4092 1108 536 168 George
4700 1112 164 124 B.
4940 1112 608 168 Wright.

764 1300 136 128 A
960 1300 556 128 manual
1588 1296 156 132 of
1804 1296 740 168 simplified
2620 1296 636 168 practice.
3420 1308 204 116 1st
3696 1296 204 128 ed.
4056 1292 944 136 Illustrations
5068 1296 184 168 by
5320 1300 228 128 the

768 1484 492 128 author
1320 1488 268 124 and
1648 1480 156 136 C.
1860 1484 172 128 A.
2092 1480 536 132 Owens.
2780 1480 440 132 South
3272 1480 700 164 Norwalk,
4028 1480 476 164 Conn.,
4552 1480 168 132 G.
4772 1484 168 124 B.
4984 1480 564 168 Wright

792 1672 452 160 [ͨ1927]

940 1900 64 96 3
1060 1924 104 92 p.
1224 1900 44 92 l
1280 1972 52 40 .,
1392 1896 132 96 11
1528 1952 72 8 –
1604 1896 136 96 45
1796 1924 108 88 p.
2048 1896 208 100 col.
2320 1896 396 116 front.,
2776 1896 308 100 illus.
3152 1896 324 116 (part
3544 1896 268 112 col.)
3972 1896 68 96 2
4048 1892 684 116 0½ͨͫ
4300 1972 28 24 .

944 2100 320 96 "List
1320 2096 128 100 of
1508 2096 496 96 books":
2064 2124 104 88 p.
2228 2096 388 100 44–45.

772 2296 120 120 ©
968 2304 284 96 Nov.
1324 2304 96 112 7,
1492 2300 344 112 1927;
1912 2300 164 104 2c.
2152 2300 232 96 and
2452 2312 200 88 aff.
2728 2300 280 96 Nov.
3084 2300 128 112 8;
3292 2300 100 92 A
3464 2300 548 112 1010225;
4100 2300 128 96 G.
4308 2304 128 92 B.
4516 2300 492 116 Wright.

952 2436 672 120 (27-23766)
4988 2428 356 108 10200

764 2728 608 156 Wright,
1452 2728 588 132 Willard
2116 2728 956 156 Huntington,
3152 2732 204 128 ed.

928 2948 296 124 The
1292 2956 392 156 great
1748 2944 664 128 detective
2480 2944 552 160 stories;
3108 2988 76 84 a
3252 2944 1012 168 chronological
4336 2944 796 168 anthology,
5200 2992 348 80 com-

764 3132 376 168 piled
1208 3132 276 128 and
1552 3132 456 128 edited
2080 3128 340 132 with
2488 3176 180 80 an
2736 3128 936 132 introduction
3740 3128 180 168 by
3984 3128 608 136 Willard
4656 3132 888 168 Huntington

760 3320 604 168 Wright.
1540 3316 336 132 New
1960 3316 432 164 York,
2472 3316 148 132 C.
2708 3312 752 136 Scribner's
3532 3360 352 120 sons,
3968 3320 360 128 1927.

928 3524 208 96 viii
1208 3548 136 88 p.,
1408 3516 68 100 2
1524 3528 124 108 l.,
1716 3516 64 100 3
1780 3572 80 12 –
1864 3516 200 100 483
2128 3544 108 88 p.
2372 3516 684 116 20ͨͫ.

936 3720 84 100 C
1028 3732 568 80 ONTENTS.
1600 3764 120 16 —
1744 3716 624 96 American
2448 3720 232 92 and
2756 3716 492 116 English
3324 3716 488 96 stories:
3896 3716 248 96 The
4216 3720 532 96 murders
4820 3716 124 96 in
5024 3720 192 96 the
5300 3720 252 96 Rue

772 3860 508 112 Morgue,
1364 3856 148 112 by
1592 3852 128 100 E.
1800 3852 132 96 A.
2016 3852 264 96 Poe.
2428 3852 244 96 The
2752 3848 304 100 biter
3136 3852 208 112 bit,
3420 3852 148 112 by
3648 3852 176 100 W.
3904 3848 476 104 Collins.
4528 3852 244 100 The
4852 3852 432 120 doctor,
5368 3852 180 100 his

772 3988 304 116 wife,
1148 3988 232 96 and
1448 3984 196 100 the
1716 3984 356 116 clock,
2140 3988 148 112 by
2352 3984 336 100 Anna
2760 3988 144 96 K.
2976 3988 412 96 Green.
3516 3984 248 100 The
3828 3988 636 96 Boscombe
4524 3988 412 116 Valley
5000 3996 548 108 mystery,

772 4128 144 112 by
1008 4128 136 96 A.
1248 4124 124 100 C.
1468 4120 404 116 Doyle.
2036 4120 244 96 The
2380 4120 448 96 Lenton
2924 4120 312 96 croft
3336 4120 620 116 robberies,
4056 4124 148 112 by
4296 4120 132 100 A.
4528 4120 616 100 Morrison.
5312 4120 244 104 The

768 4256 716 120 pathologist
1548 4264 120 92 to
1740 4256 196 100 the
2004 4280 436 88 rescue,
2504 4256 152 116 by
2724 4256 136 100 R.
2928 4260 132 96 A.
3128 4252 604 100 Freeman.
3864 4256 244 100 The
4172 4260 364 96 straw
4604 4284 308 88 man,
4980 4260 148 112 by
5192 4256 116 96 M
5320 4332 24 24 .
5416 4260 136 96 D.

772 4396 308 96 Post.
1232 4392 244 96 The
1564 4388 548 116 Knight's
2196 4416 320 72 cross
2600 4388 380 116 signal
3060 4392 552 112 problem,
3696 4392 148 112 by
3928 4392 128 96 E.
4140 4392 556 96 Bramah.
4840 4392 244 96 The
5168 4392 384 100 oracle

768 4528 124 100 of
960 4528 200 96 the
1228 4528 252 116 dog,
1544 4528 148 116 by
1764 4528 132 96 G.
1964 4528 144 96 K.
2180 4524 728 100 Chesterton.
3040 4524 244 96 The
3344 4528 476 92 murder
3888 4524 120 96 in
4080 4524 196 100 the
4336 4524 504 116 mayor's
4908 4528 432 116 parlor,
5408 4528 148 116 by

768 4668 108 92 J.
956 4664 108 96 S.
1140 4664 576 96 Fletcher.
1852 4660 248 96 The
2168 4660 416 112 butler,
2660 4660 152 112 by
2876 4660 136 96 B.
3084 4656 804 116 Copplestone.
4024 4660 376 96 Three
4472 4664 296 92 dead
4836 4684 296 92 men,
5204 4664 144 108 by
5424 4664 128 96 E.

776 4796 664 120 Phillpotts.
1612 4796 244 96 The
1956 4792 308 100 little
2372 4792 396 116 house,
2876 4792 148 112 by
3124 4792 148 100 H.
3380 4792 120 100 C.
3608 4792 1348 116 Bailey.—Continental
5060 4792 488 100 stories:

776 4932 676 116 Footprints
1548 4928 120 96 in
1764 4928 200 96 the
2056 4952 356 92 snow,
2508 4928 148 112 by
2756 4928 152 96 M.
3000 4924 540 100 Leblanc.
3696 4928 248 96 The
4044 4928 524 96 Swedish
4660 4928 428 116 match,
5180 4936 152 112 by
5416 4932 136 100 A.

776 5068 580 100 Chekhov.
1508 5068 748 96 Well-woven
2336 5060 580 116 evidence,
3000 5060 144 116 by
3228 5060 140 100 D.
3444 5060 508 100 Theden.
4108 5060 496 120 Strange
4688 5064 432 116 tracks,
5200 5068 148 112 by
5420 5064 132 100 B.

776 5204 488 96 Groller.

784 5396 116 108 ©
988 5404 284 96 Nov.
1352 5404 100 108 4,
1536 5400 336 112 1927;
1956 5400 164 96 2c.
2204 5396 104 96 N
2312 5424 140 68 ov
2468 5476 20 16 .
2572 5400 196 108 11;
2860 5408 196 88 aff.
3140 5396 100 92 N
3248 5420 144 72 ov
3404 5476 16 16 .
3508 5396 196 112 10;
3792 5400 96 88 A
3976 5396 340 96 10103
4324 5396 132 100 03
4500 5428 24 84 ;
4620 5400 488 96 Charles
5192 5400 364 96 Scrib-

940 5564 76 68 n
1024 5536 224 96 er's
1320 5560 304 72 sons.
1800 5536 668 112 (27-23604)
5000 5532 356 100 10201

784 5848 948 148 Wunderlich,
1812 5848 340 128 Otto
2224 5844 804 152 Frederick,
3116 5852 316 124 1861
3436 5924 84 16 –

948 6060 976 164 Accountancy
2028 6056 144 128 in
2272 6060 576 124 modern
2948 6056 652 164 business,
3704 6056 176 168 by
3988 6060 248 124 Dr.
4348 6056 120 132 O
4488 6156 24 28 .
4628 6060 928 132 Wunderlich.

788 6240 596 168 Sydney,
1440 6244 492 164 Angus
1996 6248 108 124 &
2164 6244 760 128 Robertson
2988 6244 296 160 ltd.,
3348 6240 360 132 1927.

944 6444 72 92 4
1068 6468 108 88 p.
1232 6444 36 92 l
1284 6516 56 40 .,
1408 6484 24 72 [
1440 6444 56 88 1
1516 6440 176 88 ]–
1692 6440 204 96 103
1900 6476 28 64 ,
2004 6484 28 72 [
2040 6444 152 104 1]
2200 6468 108 88 p.
2448 6436 760 112 25½ͨͫ.

792 6624 116 116 ©
988 6644 164 96 1c.
1224 6644 308 92 June
1604 6644 56 88 1
1676 6644 64 92 5
1748 6716 20 40 ,
1848 6640 336 100 1927;
2264 6640 104 96 A
2440 6644 144 92 ad
2664 6640 208 96 int.
2952 6640 332 96 9568;
3372 6668 80 88 p
3456 6668 72 68 u
3528 6640 152 96 bd
3696 6720 20 20 .
3800 6644 272 112 May
4148 6644 124 112 5;
4364 6644 88 96 O
4468 6720 20 20 .
4572 6644 124 100 F.
4776 6648 448 92 Wunde
5236 6668 52 68 r
5296 6640 260 116 lich,

956 6780 488 112 Sydney,
1528 6780 132 96 N.
1752 6780 108 96 S.
1944 6780 168 96 W.
2284 6776 668 116 (27-20109)
4984 6776 352 100 10202

796 7100 60 96 [
840 7056 804 156 Zglinitzki,
1720 7060 444 128 Helen
2240 7064 168 124 de
2376 7060 72 112 ]
2556 7068 316 120 1885
2876 7140 84 16 –

956 7276 292 128 The
1312 7276 384 128 three
1768 7276 408 164 faces,
2240 7276 180 168 by
2492 7276 448 128 Helen
3012 7276 744 132 Nicholson
3844 7276 272 168 [pse
4120 7324 92 80 u
4216 7276 164 132 d.]
4560 7284 572 124 London
5216 7272 68 112 [
5264 7324 68 84 e
5336 7276 292 144 tc.]

792 7464 212 128 W.
1076 7460 524 132 Collins
1660 7508 312 84 sons
2036 7468 108 124 &
2204 7508 236 116 co.,
2504 7464 248 128 ltd.
2840 7468 488 140 [ͨ1927]

964 7660 68 96 6
1076 7688 104 88 p.
1224 7656 52 92 l
1280 7732 56 44 .,
1388 7660 64 96 3
1456 7712 56 16 –
1528 7660 212 96 254
1784 7688 104 88 p.
2032 7660 676 108 19ͨͫ.

796 7856 120 116 ©
1004 7868 52 88 1
1060 7884 64 80 c
1140 7940 20 20 .
1240 7868 116 92 M
1368 7892 160 72 ar.
1612 7868 164 108 22,
1860 7868 208 92 192
2072 7868 56 92 7
2176 7892 20 84 ;
2284 7868 100 92 A
2456 7892 68 68 a
2536 7868 72 92 d
2688 7868 120 92 in
2816 7876 80 88 t.
2976 7868 68 92 9
3048 7868 56 92 1
3120 7868 136 92 69
3292 7892 24 84 ;
3404 7892 148 92 pu
3564 7868 68 96 b
3640 7868 104 96 d.
3828 7872 64 92 J
3904 7892 64 72 a
3984 7892 104 72 n.
4168 7868 68 96 2
4248 7872 56 92 7
4348 7892 20 84 ;
4456 7872 112 92 H
4584 7944 20 20 .
4688 7876 68 88 d
4764 7900 56 64 e
4912 7872 76 88 Z
5000 7884 72 84 g
5072 7872 36 88 l
5116 7868 364 96 initzk
5492 7864 56 104 i.

952 8000 672 116 Alhambra,
1704 8000 584 116 Granada,
2376 8000 392 116 Spain.
2936 8004 668 116 (27-15711)
5008 8000 352 100 10203

788 8292 764 152 Zollmann,
1628 8292 320 132 Carl
2028 8296 752 128 Frederick
2860 8300 592 124 Gustav.

968 8508 328 128 Law
1360 8508 156 128 of
1572 8508 236 128 the
1868 8512 248 160 air,
2176 8508 184 168 by
2428 8508 108 132 C
2548 8516 208 124 arl
2824 8516 96 120 Z
2928 8556 72 84 o
3012 8516 48 120 l
3068 8512 48 124 l
3120 8556 416 84 mann
3620 8512 88 144 …
3908 8516 208 124 Mi
4120 8516 48 124 l
4180 8516 588 160 waukee,
4828 8512 384 164 Wis.,
5276 8516 288 124 The

812 8696 432 124 Bruce
1308 8692 804 168 publishing
2172 8736 672 128 company
2936 8692 704 164 [ͨ1927]

972 8892 76 80 x
1056 8884 152 116 vi,
1264 8884 204 100 286
1528 8912 104 88 p.
1776 8884 340 116 illus.,
2176 8888 208 96 col.
2444 8888 412 116 plates,
2916 8892 428 112 diagrs.
3488 8884 1152 104 23½ͨͫ.

976 9080 424 96 "Table
1464 9084 124 92 of
1644 9108 328 72 cases
2032 9084 436 96 cited":
2540 9112 104 92 p.
2708 9092 76 76 x
2788 9084 208 96 iii–
2988 9092 76 80 x
3080 9088 116 96 vi
3212 9164 20 20 .

808 9244 116 108 ©
988 9256 284 112 Aug.
1336 9256 96 108 4,
1500 9256 332 108 1927;
1900 9256 160 96 2c.
2128 9252 256 100 and'
2420 9256 196 100 aff.
2688 9260 308 112 Sept.
3056 9260 136 92 22
3220 9276 32 76 :
3328 9264 92 88 A
3492 9264 56 88 1
3560 9264 60 92 0
3632 9264 40 88 0
3688 9264 76 92 4
3768 9264 60 96 3
3836 9264 68 88 0
3908 9264 124 100 2;
4112 9268 368 92 Bruce
4548 9268 260 112 pub.
4876 9292 124 68 co
5020 9344 16 20 .

988 9388 668 120 (27-19436)
5000 9396 356 100 10204

3028 9528 320 128 1520
