5968 10284
3208 9504 332 120 1114

936 860 444 152 Avey,
1456 860 500 124 Albert
2028 860 540 124 Edwin.

1104 1052 288 124 The
1480 1044 624 128 function
2188 1048 268 124 and
2544 1044 432 128 forms
3056 1044 152 128 of
3288 1044 660 164 thought;
4036 1088 176 84 an
4296 1048 820 160 elementary
5204 1064 288 108 text
5576 1044 140 128 in

932 1236 964 160 methodology
2012 1232 272 124 and
2396 1232 356 160 logic
2864 1232 408 124 based
3384 1272 368 120 upon
3868 1228 656 164 symbolic
4636 1232 788 160 principles,
5536 1232 176 164 by

936 1420 128 124 A
1080 1420 44 124 l
1128 1420 300 124 bert
1504 1420 160 120 E.
1744 1416 392 164 Avey
2220 1424 84 136 …
2528 1416 332 124 New
2944 1416 424 160 York,
3444 1416 188 124 H.
3708 1416 284 124 Hol
4004 1428 56 112 t
4136 1420 272 120 and
4484 1456 668 124 company
5244 1416 416 160 [ͨ1927
5644 1476 52 84 ]

1100 1612 200 116 xii,
1372 1612 204 100 395
1652 1640 100 88 p.
1896 1612 720 108 22ͨͫ.

1108 1748 952 116 "Chronological
2144 1744 812 116 bibliography
3036 1744 120 96 of
3236 1744 356 96 books
3680 1744 388 96 useful
4152 1748 120 92 in
4352 1744 680 100 connection
5108 1744 288 96 with
5484 1744 232 100 this

940 1892 380 112 study,
1412 1888 228 92 and
1728 1884 580 96 available
2392 1884 120 92 in
2600 1884 620 112 English":
3312 1908 104 88 p.
3500 1884 552 108 387-390;
4152 1884 832 96 "References"
5080 1888 124 92 at
5292 1884 212 96 end
5600 1884 120 96 of

936 2024 284 96 each
1288 2020 512 116 chapter.

948 2132 116 108 ©
1152 2156 308 116 Sept.
1528 2164 96 108 7,
1696 2160 56 88 1
1764 2156 68 96 9
1836 2160 196 92 27:
2112 2156 160 96 2c.
2344 2180 60 68 a
2420 2156 156 92 nd
2644 2180 60 68 a
2720 2156 96 92 ff
2824 2236 16 16 .
2924 2156 304 112 Sept.
3304 2156 56 92 1
3372 2156 68 92 0
3480 2180 20 84 ;
3576 2156 96 92 A
3744 2152 136 96 99
3880 2152 72 92 9
3960 2156 124 96 81
4096 2152 64 96 5
4204 2180 20 84 ;
4304 2156 400 112 Henry
4780 2156 284 92 Holt
5136 2156 88 92 &
5292 2180 160 72 co.

1128 2292 672 116 (27-18904)
5236 2284 288 100 7394

944 2484 508 148 Baker,
1528 2488 484 144 Harry
2084 2484 380 148 Earl,
2544 2492 316 116 1889
2864 2560 80 16 –

1116 2672 288 124 The
1512 2716 420 120 queen
2044 2668 148 128 of
2300 2672 228 124 the
2636 2716 480 112 snows,
3224 2672 276 124 and
3608 2668 388 128 other
4104 2716 480 112 verses,
4692 2668 176 168 by
4976 2668 480 168 Harry
5564 2672 160 124 E.

948 2860 488 128 Baker.
1616 2860 620 160 Lemont,
2300 2860 272 156 Ill.,
2636 2864 192 120 M.
2904 2860 176 124 K.
3148 2860 692 124 Williams
3924 2876 84 140 [ͨ
4024 2856 320 128 1927
4356 2936 28 80 ]

1124 3056 200 96 104
1384 3084 104 84 p.
1552 3056 188 96 inc
1744 3056 36 92 l
1796 3132 20 20 .
1876 3060 296 108 port.
2312 3052 688 108 15½ͨͫ.

952 3164 116 112 ©
1148 3192 280 116 Aug.
1504 3192 164 112 17,
1740 3192 336 108 1927;
2144 3192 164 96 2c.
2376 3192 232 92 and
2672 3188 200 100 aff.
2944 3192 284 112 Aug.
3296 3192 64 92 2
3368 3188 64 96 0
3476 3212 16 88 ;
3572 3192 96 92 A
3740 3188 472 112 996821;
4300 3192 140 96 H.
4516 3192 128 96 E.
4712 3192 420 108 Baker,
5212 3192 508 112 Lemont,

1116 3332 176 92 Ill.
1464 3324 668 120 (27-18821)
5244 3320 280 104 7395

944 3516 844 152 Ballantine,
1864 3516 496 152 Henry
2432 3516 796 152 Winthrop,
3312 3524 320 120 1880
3636 3596 84 12 –

1116 3700 792 128 Ballantine
1984 3744 172 84 on
2224 3704 984 160 corporations,
3288 3700 604 128 founded
3964 3744 176 84 on
4220 3704 424 132 Clark
4716 3704 268 124 and
5060 3704 668 128 Marshall

944 3928 572 124 corpora
1528 3900 56 112 t
1596 3888 332 160 ions,
2052 3888 180 160 by
2356 3888 488 164 Henry
2960 3888 748 164 Winthrop
3836 3892 256 120 Bal
4104 3892 44 120 l
4164 3936 168 76 an
4340 3900 64 112 t
4408 3888 220 124 ine
4732 3900 84 144 …
5088 3888 640 168 Chicago,

952 4060 108 144 C
1072 4076 648 164 allaghan
1800 4076 268 124 and
2140 4116 716 124 company,
2936 4072 360 128 1927.

1112 4276 284 108 lxix,
1472 4272 204 100 927
1756 4300 104 88 p.
2004 4276 648 104 23½ͨͫ.

956 4388 120 112 ©
1160 4408 304 116 Sept.
1536 4408 96 116 3,
1708 4408 336 108 1927;
2124 4408 160 96 2c.
2368 4408 300 112 Sept.
2744 4408 128 108 8;
2948 4432 64 68 a
3028 4404 92 96 ff
3128 4484 20 20 .
3228 4404 304 116 Sept.
3612 4408 128 108 9;
3824 4408 92 92 A
3988 4404 480 116 999800;
4552 4408 252 96 Call
4816 4432 56 68 a
4892 4408 304 116 ghan
5276 4408 84 96 &
5432 4440 56 64 c
5492 4440 100 68 o.

1140 4544 672 116 (27-18892)
5248 4540 280 104 7396

952 4732 756 152 Beckman,
1788 4732 752 128 Frederick
2612 4732 660 148 William,
3352 4732 316 128 1873
3672 4812 92 12 –

1128 4920 732 124 Technical
1932 4920 564 164 writing
2560 4916 156 128 of
2780 4916 368 128 farm
3216 4920 272 124 and
3552 4920 436 164 home,
4052 4920 180 164 by
4304 4924 152 124 F.
4524 4924 220 132 W.
4812 4924 692 124 Beckman
5572 4920 80 144 …

960 5108 476 164 Harry
1512 5104 164 128 R.
1756 5104 600 132 O'Brien
2432 5116 84 128 …
2672 5104 396 124 Blair
3152 5100 676 132 Converse
3932 5116 84 128 …
4228 5104 456 168 Ames,
4768 5108 76 120 I
4852 5152 76 84 a
4944 5204 72 68 .,
5092 5108 640 132 Journal-

964 5288 252 128 ism
1280 5288 800 164 publishing
2136 5332 716 120 company,
2920 5288 356 128 1927.

1132 5512 76 64 x
1272 5508 136 88 p.,
1476 5484 52 92 1
1604 5480 40 88 l
1656 5556 52 36 .,
1768 5484 208 92 417
2036 5508 104 88 p.
2284 5480 64 96 2
2356 5480 720 108 0ͨͫ
2540 5560 24 20 .

960 5588 116 108 ©
1148 5620 284 112 Aug.
1488 5616 168 116 31,
1716 5616 336 96 1927;
2116 5620 160 92 2c.
2340 5620 228 92 and
2628 5616 196 96 aff.
2896 5616 304 116 Sept.
3260 5616 60 96 3
3364 5640 20 92 ;
3456 5620 96 92 A
3612 5620 56 92 1
3680 5616 144 96 00
3828 5624 52 88 4
3892 5620 68 92 0
3960 5624 64 92 3
4036 5624 60 92 7
4140 5648 20 84 ;
4232 5624 120 96 F.
4420 5624 168 96 W.
4652 5624 604 96 Beckman.
5336 5628 388 112 Harry

1124 5756 132 96 R.
1344 5752 492 100 O'Brien
1916 5756 224 88 and
2224 5756 336 88 Blair
2640 5756 604 112 Converse,
3328 5756 376 112 Ames,
3792 5760 168 92 Ia.
4132 5756 664 116 (27-18874)
5248 5756 288 100 7397

956 5940 436 128 Bible.
1584 5940 100 120 O
1716 6044 24 24 .
1824 5944 148 124 T.
2152 5940 784 128 Selections.
3120 5948 632 160 English.

1188 6136 84 132 …
1356 6128 676 124 Proverbs
2104 6132 272 120 and
2444 6128 596 128 didactic
3112 6176 500 116 poems,
3684 6132 180 164 by
3940 6132 564 132 Charles
4576 6140 484 124 Foster
5128 6140 372 124 Kent
5612 6136 84 132 …

960 6316 272 120 and
1312 6312 480 124 Millar
1876 6316 644 124 Burrows
2632 6324 84 128 …
2932 6312 328 128 New
3344 6320 432 152 York,
3864 6312 148 132 C.
4104 6316 744 132 Scribner's
4932 6364 348 116 sons,
5372 6324 352 124 1927.

1124 6508 328 96 xxvii
1464 6580 20 40 ,
1560 6508 208 92 200
1844 6532 100 92 p.
2088 6504 716 108 22½ͨͫ.
2608 6508 296 116 (The
2980 6508 572 100 student's
3636 6512 216 100 Old
3924 6516 712 96 Testament.
4780 6508 240 108 [VI]
5000 6516 32 112 )

1132 6644 212 92 "Se
1348 6624 40 108 l
1396 6644 324 92 ected
1796 6640 940 120 bibliography":
2812 6672 108 88 p.
2988 6644 520 100 199–200.

968 6760 120 116 ©
1152 6784 116 88 M
1280 6804 144 88 ay
1480 6780 168 112 27,
1712 6780 40 88 1
1780 6780 64 88 9
1848 6780 192 96 27;
2108 6784 60 88 2
2180 6804 56 68 c
2252 6856 20 20 .
2332 6780 300 96 June
2688 6776 200 112 23;
2956 6792 56 76 a
3032 6780 48 92 f
3060 6780 92 100 f.
3212 6784 304 92 June
3572 6784 196 112 22;
3840 6784 96 92 A
3996 6776 472 104 996173;
4548 6784 480 100 Charles
5096 6788 628 100 Scribner's

1128 6940 300 68 sons.
1596 6912 672 120 (27-18907)
5252 6920 280 100 7398

968 7064 472 152 Black,
1508 7068 604 128 Newton
2184 7072 536 152 Henry,
2804 7072 332 128 1874
3140 7156 64 12 –

1136 7252 856 168 Laboratory
2092 7260 904 160 experiments
3100 7264 140 120 in
3348 7268 660 156 practical
4112 7268 772 164 chemistry,
4984 7284 136 112 to
5224 7312 500 84 accom-

972 7480 368 120 pany
1444 7440 228 124 the
1784 7444 524 124 revised
2416 7444 508 128 edition
3036 7448 156 124 of
3300 7448 432 128 Black
3836 7456 268 120 and
4212 7448 648 132 Conant's
4968 7452 756 128 "Practical

972 7624 848 164 chemistry",
1944 7628 180 164 by
2244 7628 576 128 Newton
2936 7632 488 164 Henry
3540 7636 436 124 Black
4048 7628 84 144 …
4456 7640 328 124 New
4900 7640 428 164 York,
5444 7640 280 128 The

960 7808 792 128 Macmillan
1840 7856 708 120 company,
2644 7820 356 128 1927.

1144 8004 124 92 ix
1320 8032 136 88 p.,
1512 8008 60 88 1
1636 8008 104 108 1.,
1804 8008 204 96 188
2060 8032 104 88 p.
2304 8008 392 116 front.,
2764 8012 308 96 illus.
3212 8004 684 108 19½ͨͫ.

1148 8136 296 96 Text
1500 8140 228 92 and
1788 8140 368 96 tables
2216 8168 144 68 on
2420 8140 868 120 lining-papers.

1152 8268 564 96 "Revised
1820 8276 228 92 and
2144 8276 544 112 enlarged
2792 8280 440 92 edition
3332 8280 124 96 of
3556 8280 196 96 the
3848 8280 524 104 author's
4476 8288 724 112 Laboratory
5300 8284 432 120 experi-

980 8408 376 88 ments
1408 8400 120 96 in
1584 8404 628 116 chemistry
2272 8408 608 112 published
2944 8412 120 92 in
3120 8412 840 100 1920."-Pref.

972 8516 124 116 ©
1172 8540 300 108 Sept.
1536 8532 92 108 6,
1696 8536 56 84 1
1768 8540 260 108 927;
2100 8544 160 96 2c.
2324 8544 228 92 and
2616 8548 56 80 a
2696 8544 116 96 ff.
2888 8548 304 112 Sept.
3256 8552 120 88 7;
3452 8548 96 92 A
3612 8548 212 96 999
3824 8540 68 88 7
3896 8552 196 112 57;
4164 8556 668 96 Macmillan
4896 8580 160 72 co.

1160 8672 664 112 (27-18831)
5248 8688 280 100 7399

972 8820 600 152 Bonner,
1648 8828 416 152 Mary
2140 8832 668 152 Graham,
2896 8844 316 120 1890
3212 8916 84 16 –

1140 9004 288 128 The
1524 9012 444 156 magic
2064 9024 356 156 map,
2520 9020 180 152 by
2792 9024 408 160 Mary
3296 9024 608 132 Graham
4012 9032 584 160 Bonner,
4696 9032 760 128 illustrated
5556 9028 176 148 by

972 9192 468 124 Luxor
1524 9196 432 132 Price.
2136 9204 332 124 New
2560 9208 424 160 York,
3072 9212 288 124 The
3448 9216 720 160 Macaulay
4260 9256 664 128 company
5020 9200 456 176 [ͨ1927]
