5968 10284
912 1052 664 144 Bennett,
1660 1044 540 148 George
2280 1040 496 148 Henry
2776 1112 184 24 —
2968 1036 772 128 Continued

1084 1248 56 96 8
1152 1248 60 96 3
1284 1272 104 88 p.
1532 1244 680 112 19ͨͫ.
1980 1244 272 112 (His
2324 1240 328 92 Bible
2720 1236 700 100 vindicated,
3492 1260 136 68 vo
3640 1236 28 88 l
3696 1312 12 16 .
3784 1240 160 116 I)

928 1372 124 124 ©
1148 1384 260 92 Feb.
1500 1380 96 108 5,
1692 1372 336 116 1927;
2116 1376 160 96 2c.
2372 1388 292 88 Mar.
2752 1372 128 112 2;
2980 1392 56 72 a
3056 1368 120 100 ff.
3268 1388 120 88 M
3396 1392 144 88 ay
3632 1368 188 108 19:
3924 1368 96 88 A
4116 1384 64 88 9
4184 1364 404 112 76672;
4692 1368 124 96 G.
4916 1368 140 96 H.
5152 1368 532 100 Bennett.

1092 1520 408 88 Forest
1580 1512 396 120 Grove.
2064 1540 92 88 O
2164 1536 88 72 r.
2424 1508 668 148 (27-13337)
5208 1500 284 96 4750

924 1704 472 148 Black,
1476 1700 528 128 Robert
2080 1696 492 152 Moffit,
2652 1700 320 124 1879
2980 1776 80 12 —

1096 1892 132 124 A
1292 1892 404 124 series
1768 1888 156 124 of
1984 1888 380 164 eight
2432 1884 388 124 radio
2888 1884 360 124 talks
3324 1928 160 80 on
3572 1884 592 160 Mining,
4232 1884 868 160 metallurgy,
5168 1884 272 124 and
5508 1884 180 124 oil

936 2076 196 128 ref
1132 2080 36 120 i
1180 2076 376 164 ning,
1640 2076 176 156 by
1900 2072 516 128 Robert
2496 2076 144 112 M
2660 2172 24 20 .
2776 2068 432 124 Black
3272 2084 76 132 …
3536 2068 120 124 E
3668 2116 64 72 r
3744 2072 44 120 l
3796 2116 64 76 e
3952 2068 164 128 G.
4204 2068 200 124 Hi
4416 2072 100 120 ll
4628 2084 76 132 …
4852 2064 604 164 Stephen
5540 2068 152 124 L.

936 2264 604 132 Goodale
1648 2280 84 132 …
1888 2260 716 152 Raymond
2700 2260 152 120 L.
2944 2252 348 128 Abel
3416 2280 84 132 …
3736 2332 28 80 [
3780 2252 892 164 Pittsburgh]
4756 2252 360 132 1927.

1104 2460 64 96 6
1176 2464 64 92 8
1312 2480 104 92 p.
1560 2456 720 112 23½ͨͫ.
2084 2448 736 120 (University
2900 2452 124 96 of
3104 2448 720 116 Pittsburgh.
3976 2448 376 100 Radio
4432 2448 712 116 publication
5228 2476 180 68 no.
5488 2448 188 112 27)

1112 2596 716 96 "Broadcast
1940 2588 308 96 from
2356 2592 196 92 the
2668 2584 676 116 University
3456 2584 124 96 of
3692 2584 688 116 Pittsburgh
4492 2584 388 100 studio
4996 2588 120 96 of
5228 2588 468 108 KDKA,

944 2732 884 112 Westinghouse
1912 2724 464 100 electric
2456 2724 88 96 &
2624 2720 964 116 manufacturing
3672 2744 592 92 company,
4356 2720 716 116 Pittsburgh,
5156 2724 544 112 Pennsyl-

936 2864 456 104 vania."

1112 3004 448 100 "Select
1624 2992 876 120 bibliography"
2572 3004 124 88 at
2764 2996 216 92 end
3044 2992 124 96 of
3232 2996 304 92 most
3600 2992 120 96 of
3788 2992 196 100 the
4052 2992 344 100 talks.

940 3136 116 108 ©
1152 3144 272 108 May
1508 3144 96 108 7,
1692 3136 336 112 1927;
2116 3136 168 92 2c.
2372 3132 228 96 and
2688 3156 56 72 a
2764 3128 120 100 ff.
2976 3132 268 108 May
3332 3132 192 104 27;
3620 3132 100 92 A
3804 3128 476 112 990290;
4380 3128 676 116 University
5144 3132 128 96 of
5356 3128 344 100 Pitts-

1096 3276 404 116 burgh.
1672 3272 672 116 (27-13361)
5220 3264 280 100 4751

932 3464 596 148 Borden,
1600 3464 460 148 Mary.

1096 3652 136 124 A
1296 3648 576 128 London
1944 3648 436 128 letter.
2536 3648 352 124 Mar.
2972 3652 196 156 19,
3240 3644 364 128 1927.

1124 3848 32 112 (
1180 3848 56 88 I
1240 3860 76 76 n
1396 3840 520 124 Graphic
1996 3836 688 124 magazine)

944 3976 120 124 ©
1120 3988 60 88 1
1164 3980 116 100 c.
1340 3988 268 108 May
1668 3984 160 96 12.
1888 3984 336 112 1927;
2288 3984 96 88 A
2440 3984 148 92 ad
2640 3980 212 100 int.
2912 3980 336 112 9418;
3312 3980 344 112 pubd.
3716 3984 292 92 Mar.
4064 3980 200 112 18;
4332 3984 336 108 Mary
4724 3984 464 92 Borden
5252 3984 452 112 Spears,

1112 4116 60 100 i.
1264 4152 56 68 e
1336 4200 16 16 .
1444 4128 276 88 Mrs.
1808 4124 128 92 E.
2020 4120 120 96 L.
2236 4120 448 112 Spears,
2780 4120 508 92 London.
5224 4112 284 100 4752

936 4312 480 148 Brain,
1492 4312 380 124 Belle
1948 4308 580 152 Marvel,
2616 4320 316 116 1859
2936 4392 68 12 –
3432 4356 144 84 co
3588 4356 132 80 m
3728 4352 128 124 p.

1180 4504 76 136 …
1332 4500 416 124 From
1812 4544 400 120 every
2276 4500 352 124 tribe
2692 4500 268 124 and
3020 4500 544 156 nation;
3640 4500 476 124 stories
4184 4496 152 128 of
4400 4540 248 84 our
4716 4496 992 132 fellow-Chris-

940 4688 96 128 ti
1060 4732 236 80 ans
1380 4688 144 124 in
1600 4684 564 128 mission
2248 4684 436 160 lands,
2768 4684 672 164 compiled
3524 4684 180 160 by
3792 4684 376 124 Belle
4252 4684 188 124 M.
4532 4684 436 124 Brain
5028 4696 76 136 …
5384 4684 328 128 New

944 4876 428 160 York,
1464 4872 600 164 Chicago
2164 4888 328 144 [etc.]
2588 4868 636 168 Fleming
3308 4872 184 124 H.
3580 4872 468 124 Revell
4136 4912 664 120 company
4904 4868 464 164 [ͨ1927]

1104 5072 204 96 176
1372 5096 104 92 p.
1612 5068 1032 120 19½ͨͫ.

1104 5208 156 92 At
1320 5204 296 96 head
1684 5204 128 96 of
1876 5204 324 96 title:
2276 5204 324 116 Fifty
2668 5228 256 72 new
2988 5204 704 112 missionary
3756 5200 456 100 stories.

1148 5344 268 112 Apr.
1488 5344 96 108 9,
1660 5344 332 108 1927;
2068 5344 164 96 2c.
2304 5344 228 92 and
2608 5368 52 68 a
2684 5340 120 100 ff.
2880 5344 304 92 June
3252 5344 200 108 14;
3528 5344 96 88 A
3696 5340 480 112 996011;
4256 5340 524 112 Fleming
4852 5344 144 96 H.
5076 5344 392 92 Revell
5548 5368 160 72 co.

1136 5476 664 120 (27-13398)
5228 5472 288 104 4753

952 5664 620 128 Brokers
1632 5668 424 152 guide
2136 5708 244 108 co.,
2452 5672 332 124 New
2864 5672 420 120 York.

1124 5856 412 124 Rates
1636 5852 156 124 of
1888 5852 928 128 commissions
2920 5900 140 76 as
3160 5856 588 164 charged
3852 5852 228 124 for
4176 5856 660 160 purchase
4936 5900 156 80 or
5188 5856 272 128 sale
5560 5856 152 128 of

948 6040 1052 128 stocks-bonds
2080 6044 264 120 and
2424 6040 932 128 commodities
3432 6084 168 80 on
3680 6040 688 164 principal
4444 6044 748 160 exchanges
5272 6032 140 132 in
5484 6044 228 124 the

956 6228 280 128 Uni
1248 6240 60 112 t
1312 6228 164 124 ed
1564 6224 96 132 S
1672 6240 56 112 t
1736 6240 280 112 ates
2100 6228 264 124 and
2456 6224 604 160 Canada,
3148 6228 900 164 copyrighted
4132 6228 84 148 …
4372 6228 180 164 by
4636 6224 588 132 Brokers
5308 6228 408 168 guide

960 6456 184 84 co.
1292 6416 132 120 N
1444 6492 32 80 [
1488 6424 236 132 ew]
1804 6416 132 120 Y
1960 6492 28 80 [
2004 6416 244 124 ork
2260 6492 28 80 ]
2368 6416 320 160 city,
2752 6416 592 124 Brokers
3404 6412 408 164 guide
3876 6456 236 120 co.,
4176 6440 64 88 ͨ
4228 6412 360 128 1927.

1116 6612 132 96 64
1312 6636 108 88 p.
1560 6612 684 108 21½ͨͫ.

1116 6748 540 92 Lettered
1720 6772 144 68 on
1932 6772 400 68 cover:
2404 6744 860 100 Commissions.

1116 6884 288 92 Part
1468 6880 124 96 of
1656 6904 348 92 pages
2072 6884 348 92 blank
2488 6880 188 96 for
2744 6876 364 100 "Mem
3120 6912 64 64 o
3196 6880 92 96 ".

960 6988 112 108 ©
1164 7016 272 112 May
1512 7012 60 96 3
1584 7016 88 92 1,
1756 7016 276 92 1927
2056 7024 28 80 ;
2176 7020 160 92 2c.
2420 7020 224 88 and
2728 7012 196 100 aff.
3004 7016 304 92 June
3384 7020 124 108 7;
3596 7012 96 96 A
3772 7016 476 112 976927;
4336 7020 504 96 Brokers
4920 7020 344 112 guide
5344 7044 124 72 co
5488 7096 16 20 .

1144 7152 668 112 (27-13159)
5232 7148 284 104 4754

960 7340 676 148 Bronner,
1716 7340 664 152 Augusta
2456 7340 340 152 Fox,
2876 7348 408 120 1881-

1128 7520 132 128 A
1344 7528 556 124 manual
1992 7524 156 128 of
2240 7524 776 128 individual
3112 7528 512 124 mental
3720 7540 328 112 tests
4144 7528 272 128 and
4508 7528 552 168 testing,
5156 7532 180 164 by
5432 7532 132 128 A
5564 7548 84 96 u
5672 7612 40 16 -

956 7720 400 148 gusta
1432 7708 156 124 F.
1664 7708 668 160 Bronner,
2404 7708 624 132 William
3100 7712 500 164 Healy,
3680 7712 520 168 Gladys
4284 7712 184 128 M.
4548 7716 448 160 Lowe,
5072 7716 404 160 Myra
5556 7720 156 120 E.

968 7892 760 164 Shimberg.
1892 7892 560 164 Boston,
2524 7892 464 164 Little,
3060 7900 552 156 Brown,
3684 7896 272 128 and
4032 7940 708 124 company,
4820 7900 356 128 1927.

1128 8108 108 84 x,
1320 8084 204 96 287
1608 8108 104 88 p.
1792 8084 36 92 i
1840 8108 72 72 n
1920 8088 100 92 cl
2036 8160 20 20 .
2136 8084 344 116 illus.,
2564 8088 408 112 tables,
3056 8084 428 120 diagrs.
3624 8080 724 108 21ͨͫ.
4072 8092 716 116 (Half-title:
4876 8096 372 112 Judge
5332 8084 388 108 Baker

960 8216 732 96 foundation.
1832 8216 740 100 Publication
2636 8244 180 72 no.
2880 8220 124 116 4)

1136 8348 892 120 Bibliography:
2100 8376 104 92 p.
2276 8400 28 68 [
2308 8352 64 92 2
2384 8352 132 96 55
2528 8340 344 112 ]–279.

972 8472 112 112 ©
1184 8492 116 88 M
1308 8512 144 88 ay
1532 8488 164 112 23,
1788 8488 328 112 1927;
2208 8492 64 88 2
2276 8504 56 76 c
2352 8564 20 20 .
2456 8492 228 92 and
2776 8516 56 68 a
2848 8488 120 100 ff.
3060 8496 272 108 May
3416 8496 196 108 27;
3704 8492 96 96 A
3884 8496 476 112 976925;
4456 8496 388 116 Little,
4940 8504 452 108 Brown,
5488 8504 224 92 and

1136 8648 592 88 company.
1900 8624 664 112 (27-13134)
5236 8628 280 104 4755

960 8772 536 148 Butler,
1584 8776 920 132 Clementina.

1228 8968 84 144 …
1396 8960 880 164 Ownership;
2392 8964 304 132 God
2800 8968 112 128 is
3016 8968 228 128 the
3344 9016 492 116 owner,
3940 8972 76 124 I
4120 9016 224 80 am
4444 8976 264 124 His
4808 8976 628 160 steward,
5536 8976 176 164 by

968 9140 848 132 Clementina
1900 9148 484 128 Butler
2456 9148 72 136 …
2780 9156 328 124 New
3192 9152 428 164 York,
3704 9156 600 168 Chicago
4396 9240 28 80 [
4440 9204 64 84 e
4512 9168 60 116 t
4576 9204 104 80 c.
4692 9236 32 88 ,
4820 9160 636 168 Fleming
5528 9160 184 132 H.

968 9328 468 128 Revell
1508 9336 668 160 company
2260 9336 420 160 [ͨ1927
2692 9412 24 84 ]

1140 9528 60 96 7
1264 9552 136 88 p.,
1464 9528 64 92 2
1592 9528 36 92 l
1644 9600 52 40 .,
1768 9532 124 92 11
1900 9580 72 16 –
1980 9528 196 96 112
2240 9556 104 96 p.
2476 9532 388 116 front.,
2932 9536 408 112 plates.
3472 9516 788 116 19½ͨͫ.

3236 9760 244 136 722
