5968 10284
856 1032 760 152 Heydrick,
1696 1028 760 148 Benjamin
2536 1024 804 124 Alexander
3344 1100 184 16 —
3540 1020 772 132 Continued

1024 1232 60 88 1
1148 1256 100 88 p.
1312 1232 108 108 1.,
1488 1256 64 64 v
1560 1280 72 12 –
1632 1224 124 96 ix
1764 1300 24 36 ,
1852 1224 60 92 1
1924 1224 64 96 5
1996 1224 64 96 8
2124 1248 104 88 p.
2368 1224 1216 108 17ͨͫ.

868 1360 116 112 ©
1072 1368 288 92 Mar.
1440 1364 164 112 17,
1684 1360 276 96 1927
1984 1384 32 80 ;
2104 1360 160 100 2c.
2348 1360 272 112 May
2692 1356 196 112 31;
2976 1356 200 104 aff.
3260 1356 300 96 June
3636 1356 60 92 3
3728 1380 32 80 ;
3844 1356 104 92 A
4020 1356 480 108 990427;
4592 1356 128 96 B.
4800 1356 128 96 A.
5012 1352 624 116 Heydrick,

1024 1504 276 92 New
1388 1500 344 96 York.
1904 1492 668 120 (27-12856)
5152 1480 288 108 4627

860 1692 816 148 Hoffmann,
1756 1684 504 156 Ralph,
2344 1684 316 128 1870
2668 1764 84 16 –

1032 1880 416 124 Birds
1560 1876 152 128 of
1820 1876 228 124 the
2160 1872 508 128 Pacific
2780 1888 480 144 states;
3380 1872 804 164 containing
4288 1872 368 124 brief
4768 1872 872 164 biographies

864 2068 272 124 and
1212 2064 904 160 descriptions
2200 2060 152 128 of
2428 2064 412 124 about
2924 2060 316 124 four
3316 2060 632 124 hundred
4024 2056 552 168 species,
4656 2056 332 128 with
5068 2056 576 164 especial

868 2252 684 124 reference
1616 2264 140 112 to
1824 2248 360 124 their
2252 2288 844 120 appearance
3164 2248 144 124 in
3372 2248 232 124 the
3672 2244 360 164 field,
4096 2244 188 168 by
4348 2248 464 160 Ralph
4880 2244 760 128 Hoffmann

944 2440 76 144 …
1096 2440 336 124 with
1504 2452 228 112 ten
1800 2440 436 160 plates
2308 2432 144 128 in
2524 2436 368 124 color
2968 2436 268 124 and
3308 2476 316 84 over
3688 2444 272 116 two
4032 2432 628 128 hundred
4736 2432 908 128 illustrations

868 2632 140 120 in
1092 2624 400 128 black
1580 2624 268 128 and
1940 2624 456 160 white,
2480 2624 180 164 by
2744 2624 236 120 Ma
2992 2620 44 164 j
3056 2668 156 76 or
3292 2620 136 124 A
3436 2620 100 124 ll
3548 2668 172 76 an
3812 2620 532 124 Brooks
4452 2628 84 144 …
4764 2624 520 124 Boston
5372 2620 264 128 and

868 2812 324 128 New
1268 2812 428 160 York,
1756 2812 768 160 Houghton
2588 2808 492 124 Mifilin
3144 2852 712 120 company,
3936 2804 360 132 1927.

1020 3012 120 92 xi
1144 3020 72 76 x
1236 3084 20 40 ,
1324 3012 204 96 353
1592 3036 100 88 p.
1828 3012 204 92 col.
2100 3008 392 112 front.,
2564 3008 36 92 i
2608 3008 84 92 ll
2704 3032 204 88 us.,
2972 3008 208 96 col.
3248 3008 412 112 plates.
3812 3008 680 108 19½ͨͫ
4140 3080 28 24 .

868 3144 116 112 ©
1064 3152 304 92 June
1432 3148 96 112 3,
1604 3144 336 112 1927;
2016 3144 160 104 2c.
2252 3144 304 96 June
2624 3144 124 104 6;
2832 3144 196 96 aff.
3104 3144 304 100 June
3476 3144 124 112 4;
3684 3144 100 92 A
3852 3140 480 116 990405;
4416 3144 132 96 R.
4624 3140 672 116 Hoffmann,
5376 3140 272 100 Car-

1028 3284 560 112 penteria,
1688 3280 336 120 Calif.
2204 3276 672 120 (27-12874)
5156 3272 288 104 4628

872 3476 1452 148 Hoffmann-Donner,
2408 3476 732 148 Heinrich,
3236 3480 316 120 1809
3556 3552 68 12 –
3652 3480 360 120 1894.

1040 3664 1488 164 "Struwwelpeter-Ho
2540 3660 48 128 f
2588 3660 56 128 f
2648 3660 504 128 mann"
3204 3708 212 84 erz
3424 3672 48 112 ä
3516 3660 212 128 hlt
3780 3708 240 80 aus
4068 3664 504 128 seinem
4624 3664 452 164 leben;
5140 3660 508 132 lebens-

868 3852 1000 160 erinnerungen
2008 3852 204 124 dr.
2348 3848 676 128 Heinrich
3172 3848 836 124 Hoffmanns
4148 3848 372 164 hrsg.
4660 3892 268 84 von
5072 3848 576 128 Eduard

868 4036 896 164 Hessenberg.
1992 4032 784 132 Frankfurt
2900 4080 216 80 am
3236 4036 436 164 Main,
3796 4036 588 164 Englert
4508 4036 280 128 und
4912 4032 736 168 Schlosser,

872 4232 356 120 1926.

1040 4428 60 92 3
1176 4452 104 88 p.
1352 4424 36 88 l
1404 4496 52 40 .,
1536 4420 200 96 231
1812 4448 96 88 p.
2060 4420 372 116 plates
2500 4420 328 112 (part
2896 4416 268 116 col.)
3260 4420 388 112 ports.,
3724 4416 452 100 facsim.
4324 4416 756 116 25½ͨͫ.
4828 4440 40 80 [
4864 4416 788 100 Frankfurter

872 4560 800 112 lebensbilder,
1744 4560 180 96 bd.
1992 4580 156 76 IX]

872 4668 116 112 ©
1072 4696 156 96 Oc
1236 4704 76 88 t.
1384 4696 164 112 14,
1620 4696 336 96 1926:
2028 4696 164 96 1c.
2268 4696 260 96 Jan.
2600 4696 96 112 7,
2768 4692 336 100 1927:
3184 4692 740 112 A—Foreign
3996 4692 412 112 33331;
4488 4696 484 108 Englert
5044 4692 84 96 &
5208 4688 440 100 Schlos-

1032 4856 216 72 ser.
1420 4828 668 120 (27-13099)
5164 4820 284 104 4629

868 5020 464 148 Irwin,
1416 5020 712 148 Florence,
2216 5024 316 120 1869
2540 5096 84 16 –

1040 5208 524 164 Bridge
1652 5204 224 128 for
1960 5204 664 164 thinkers,
2708 5208 184 164 by
2980 5204 656 128 Florence
3720 5204 504 164 Irwin;
4324 5204 720 168 including
5128 5204 232 128 the
5452 5248 196 84 re-

876 5392 372 128 vised
1328 5396 328 124 laws
1740 5392 156 124 of
1972 5392 592 160 auction,
2652 5396 368 156 1926,
3096 5392 232 124 the
3416 5392 644 160 etiquette
4144 5388 152 128 of
4380 5392 232 128 the
4696 5432 436 128 game,
5212 5392 272 124 and
5576 5436 72 80 a

872 5580 564 160 chapter
1516 5620 176 80 on
1776 5592 612 112 contract
2464 5576 528 164 bridge.
3160 5576 332 128 New
3584 5576 436 160 York,
4104 5576 620 160 London,
4812 5572 164 136 G.
5068 5576 160 128 P.
5320 5580 328 124 Put-

872 5764 424 124 nam's
1368 5804 352 120 sons,
1792 5760 360 132 1927.

1040 5984 108 84 x,
1216 5956 204 96 268
1488 5984 104 88 p.
1740 5952 304 100 illus.
2188 5956 684 108 18ͨͫ

1044 6092 308 96 "The
1424 6096 288 88 laws
1784 6092 124 92 of
1984 6088 468 100 auction
2528 6092 400 112 bridge
3000 6116 132 72 as
3208 6092 500 112 adopted
3788 6092 144 112 by
4008 6092 196 96 the
4284 6088 384 100 Whist
4748 6092 296 112 club,
5124 6096 528 108 together

880 6224 280 96 with
1232 6228 196 92 the
1496 6224 564 112 etiquette
2136 6224 124 96 of
2328 6228 196 92 the
2600 6220 392 116 game"
3076 6224 232 96 and
3384 6224 408 96 "Laws
3868 6224 124 96 of
4064 6228 528 96 contract
4672 6224 468 96 auction
5216 6224 432 116 bridge,

876 6360 336 96 1927"
1292 6360 296 92 have
1668 6348 424 124 special
2176 6356 692 116 title-pages.

876 6464 116 108 ©
1072 6500 264 108 May
1404 6496 168 112 27,
1640 6492 332 112 1927;
2048 6496 160 92 2c.
2276 6496 228 92 and
2572 6492 196 96 aff.
2840 6496 300 92 June
3204 6496 120 92 2;
3408 6496 96 92 A
3572 6492 204 96 976
3784 6492 64 88 8
3856 6496 192 112 71;
4128 6496 124 96 F.
4324 6496 388 116 Irwin,
4788 6496 388 96 Dobbs
5248 6496 400 112 Ferry,

1040 6636 132 92 N.
1248 6628 124 100 Y.
1544 6628 668 120 (27-12725)
5164 6624 288 100 4630

872 6816 472 152 Jones,
1416 6820 544 152 George
2028 6816 492 152 Noble,
2596 6820 108 128 b.
2788 6828 356 120 1811.

1048 7008 568 124 Florida
1684 7008 776 160 plantation
2524 7008 540 124 records
3132 7008 364 124 from
3556 7008 232 128 the
3844 7056 492 116 papers
4404 7008 152 128 of
4624 7008 528 168 George
5216 7008 432 128 Noble

884 7196 456 156 Jones,
1408 7196 452 120 edited
1932 7192 176 156 by
2180 7192 492 132 Ulrich
2744 7192 584 124 Bonnell
3400 7192 600 164 Phillips
4108 7196 84 148 …
4308 7196 268 124 and
4644 7196 468 128 James
5188 7200 460 124 David

884 7376 124 132 G
1016 7380 48 120 l
1072 7396 244 108 unt
1416 7388 76 136 …
1744 7376 92 128 S
1848 7388 60 112 t
1920 7480 16 24 .
2028 7376 456 156 Louis,
2568 7376 648 128 Missouri
3300 7376 212 128 his
3524 7388 56 116 t
3588 7376 360 128 orica
3960 7380 48 124 l
4084 7380 552 164 society,
4720 7376 360 132 1927.

1052 7576 148 112 ix,
1296 7572 204 96 596
1588 7600 100 88 p.
1832 7572 356 96 front.
2256 7572 340 116 (fold.
2684 7568 328 120 map)
3128 7576 408 112 plates.
3680 7572 720 108 24½ͨͫ.
4200 7568 460 120 (Added
4748 7580 292 108 t.-p.:
5128 7576 520 96 Publica-

888 7708 300 96 tions
1256 7708 124 96 of
1444 7708 196 96 the
1712 7708 548 96 Missouri
2332 7708 608 96 historical
3008 7708 496 112 society)

1056 7840 504 100 Records
1636 7844 124 96 of
1836 7848 136 88 El
2052 7844 484 96 Destino
2612 7844 224 96 and
2916 7844 624 96 Chemonie
3608 7844 724 116 plantations
4412 7848 308 96 from
4792 7844 276 100 1847
5140 7852 116 92 to
5336 7844 304 116 1857,

884 7980 424 116 during
1360 7984 196 92 the
1616 7976 396 120 period
2080 7980 120 92 of
2260 7976 660 120 ownership
2976 7984 144 108 by
3188 7980 124 100 G.
3380 7980 360 96 Noble
3808 7984 384 96 Jones.

884 8088 120 108 ©
1076 8120 268 108 May
1412 8116 160 104 10,
1644 8116 336 96 1927:
2052 8116 160 96 2c.
2284 8112 272 116 May
2620 8116 120 112 9;
2816 8116 188 92 aff.
3084 8120 272 108 May
3424 8116 196 112 27;
3696 8120 96 88 A
3860 8116 476 112 990289;
4416 8120 548 92 Missouri
5036 8116 608 100 historical

1044 8276 120 72 so
1168 8272 60 76 c
1248 8328 16 20 .
1436 8252 668 112 (27-12782)
5156 8248 284 100 4631

876 8408 432 148 Karg,
1384 8408 396 124 Hans
1852 8408 564 124 Rudolf.

1044 8596 1044 124 Pneumatische
2172 8596 1456 160 materialtransporte,
3716 8612 400 108 unter
4200 8596 804 128 besonderer
5092 8600 80 124 b
5184 8640 68 84 e
5260 8596 152 136 rü
5428 8640 64 80 e
5500 8592 140 128 k-

876 8800 60 96 s
944 8780 428 160 ichtig
1392 8824 68 76 u
1476 8824 184 116 ng
1772 8780 80 124 d
1868 8824 64 80 e
1944 8828 64 72 r
2116 8828 52 72 s
2180 8784 348 156 päne
2540 8828 72 76 a
2620 8780 236 124 bsa
2868 8824 80 80 u
2960 8784 880 156 ge-anlagen;
3960 8828 64 76 e
4028 8784 136 120 in
4284 8824 256 84 neu
4552 8828 68 76 e
4624 8832 60 76 s
4796 8780 844 164 praktisches

876 8964 308 124 bere
1192 9008 64 80 c
1264 8964 1328 160 hnungsverfahren,
2684 9012 264 76 von
3032 8964 148 124 H
3192 9012 236 76 ans
3516 8964 536 128 Rudolf
4136 8964 400 168 Karg
4620 8968 88 132 …
4952 8964 688 128 München

884 9148 272 124 and
1236 9140 512 164 Berlin,
1824 9152 156 124 R.
2064 9144 932 168 Oldenbourg,
3068 9152 364 124 1927.

1044 9344 144 104 vi,
1256 9344 136 92 48
1456 9368 104 88 p.
1692 9344 40 92 i
1736 9348 28 88 l
1784 9348 248 108 lus.,
2112 9348 400 112 tables,
2588 9344 424 116 diagrs.
3152 9344 720 104 23½ͨͫ.

1100 9480 260 96 Jan.
1444 9480 160 88 29.
1700 9480 332 112 1927;
2128 9468 156 108 1c.
2380 9484 112 88 M
2504 9504 144 88 ay
2736 9480 124 112 6;
2952 9484 740 112 A—Foreign
3780 9484 408 112 34490;
4288 9484 132 96 R.
4516 9484 364 96 Olden
4888 9484 136 92 bo
5036 9508 244 88 urg.

5152 9612 288 100 4632

3152 9740 244 132 704
