5920 10300
112 972 1112 152 Boyer-Guillon,
1304 968 544 124 Alfred.

276 1160 200 124 La
564 1156 624 164 pratique
1276 1160 228 120 des
1596 1156 400 124 essais
2088 1156 164 124 de
2336 1152 724 156 machines,
3152 1196 252 116 par
3488 1148 192 124 M.
3780 1148 1076 164 Boyer-Guillon

268 1360 88 128 …
444 1344 436 156 Paris,
944 1344 544 156 Dunod,
1564 1340 356 124 1927.

272 1540 192 112 vii,
528 1540 236 112 319,
840 1560 32 80 [
876 1540 52 88 1
936 1560 28 80 ]
1040 1564 104 88 p.
1276 1536 340 112 illus.,
1684 1536 284 96 fold.
2040 1532 264 112 tab.,
2376 1532 424 112 diagrs.
2944 1532 720 112 25½ͨͫ.

276 1704 796 96 CONTENTS.—
1072 1692 36 104 l
1120 1692 248 104 ivre
1508 1772 28 24 I
1632 1696 160 100 Gé
1796 1724 72 68 n
1880 1700 68 92 é
1944 1724 56 68 r
2008 1704 400 88 ateurs
2500 1700 136 96 de
2724 1720 620 88 vapeur.—
3344 1688 36 100 l
3392 1688 252 100 ivre
3732 1708 152 104 II.
3952 1692 216 100 Les
4260 1692 368 96 essais
4716 1700 144 96 de

104 1836 616 100 machines.

112 1984 112 108 ©
316 2012 264 108 Apr.
664 2012 88 88 1.
844 2004 328 108 1927;
1264 2008 124 92 1c
1400 2084 20 16 .
1504 2008 272 108 May
1852 2004 196 108 23;
2132 2004 104 92 A
2236 2060 144 8 —
2384 2004 496 108 Foreign
2956 2004 64 92 3
3028 2000 340 112 4535;
3456 2000 452 96 Dunod.

292 2144 664 112 (27-19049)
4364 2132 288 100 7509

108 2400 384 144 Carr,
564 2396 424 128 Kent.

268 2584 284 124 The
620 2584 236 164 big
916 2628 280 76 row
1264 2596 140 108 at
1472 2580 696 164 Ranger's,
2236 2580 176 160 by
2484 2580 372 124 Kent
2928 2576 384 160 Carr,
3388 2576 772 128 illustrated
4228 2576 180 164 by
4480 2572 372 132 John

104 2772 164 120 D.
396 2768 720 124 Harrison.
1332 2768 328 124 New
1792 2764 424 160 York,
2348 2764 736 156 Harcourt,
3220 2764 428 120 Brace
3776 2760 268 124 and
4176 2804 668 116 company

48 2952 564 140 [ͨ1927]

260 3156 60 88 3
384 3176 104 88 p.
552 3148 36 92 l
604 3224 48 32 .,
720 3148 204 96 313
992 3172 104 88 p.
1232 3148 392 112 front.,
1692 3148 408 116 plates.
2252 3144 752 112 19½ͨͫ.

112 3296 112 116 ©
312 3316 304 112 Sept.
696 3320 96 104 1,
872 3316 336 108 1927;
1292 3316 156 92 2c.
1536 3316 224 92 and
1844 3312 192 96 aff.
2128 3312 304 112 Sept.
2512 3312 56 88 1
2584 3312 124 112 5;
2796 3312 92 92 A
2976 3312 540 108 1004159;
3600 3312 112 92 H
3724 3316 504 108 arcourt,
4316 3312 364 92 Brace
4768 3312 76 88 &

260 3480 192 84 co.,
524 3448 216 96 inc.
908 3448 664 116 (27-18967)
4364 3444 280 100 7510

100 3704 700 132 Chemical
868 3704 520 128 rubber
1460 3744 724 112 company,
2264 3704 772 128 Cleveland.

264 3892 780 124 Handbook
1168 3892 152 124 of
1452 3892 732 160 chemistry
2320 3892 268 120 and
2716 3888 612 164 physics;
3472 3936 72 76 a
3668 3888 1172 164 ready-reference

104 4076 472 164 pocket
660 4076 352 128 book
1092 4076 152 128 of
1332 4076 648 128 chemical
2064 4076 268 124 and
2420 4072 616 164 physical
3124 4076 360 120 data.
3672 4076 312 124 12th
4072 4076 200 124 ed.
4456 4076 388 128 Com-

100 4264 364 160 piled
528 4264 364 124 from
952 4264 228 124 the
1232 4280 352 108 most
1640 4276 448 112 recent
2152 4256 980 128 authoritative
3188 4304 568 116 sources,
3824 4260 176 164 by
4072 4260 560 128 Charles
4676 4264 168 120 D.

96 4448 140 128 H
244 4452 584 160 odgman
928 4464 92 128 …
1124 4452 268 124 and
1464 4448 588 124 Norbert
2112 4448 168 124 A.
2352 4448 468 164 Lange
2940 4464 92 128 …
3224 4444 108 132 C
3340 4448 48 120 l
3400 4448 604 156 eveland,
4080 4444 120 132 O
4216 4544 72 64 .,
4364 4444 476 132 Chem-

100 4632 248 128 ical
404 4636 488 124 rubber
948 4636 796 160 publishing
1800 4676 184 80 co.
2060 4632 416 160 [ͨ1927
2464 4632 48 112 ]

256 4832 152 112 xi,
476 4832 268 92 1112
808 4856 104 88 p.
976 4828 116 96 in
1104 4832 92 92 cl
1216 4904 20 24 .
1304 4828 404 112 tables,
1776 4828 428 112 diagrs.
2348 4828 680 108 17ͨͫ.

260 5000 432 92 Leaves
748 4996 124 96 of
924 4996 708 96 co-ordinate
1684 5020 356 88 paper
2120 4992 120 116 (8
2296 4996 128 92 at
2480 4988 276 116 end)

104 5160 112 112 ©
292 5168 300 108 Sept.
664 5164 88 112 8,
820 5164 336 96 1927:
1228 5164 160 92 2c.
1452 5164 228 92 and
1744 5188 60 68 a
1824 5160 120 96 ff.
2016 5160 304 116 Sept.
2388 5160 192 108 15;
2660 5168 92 92 A
2816 5156 548 112 1004148;
3440 5156 584 104 Chemical
4092 5160 416 96 rubber
4580 5160 256 116 pub.

252 5328 160 72 co.
580 5300 664 112 (27-19068)
4336 5292 280 104 7511

96 5564 456 144 Clark,
624 5564 616 148 Imogen.

264 5748 616 160 Suppose
968 5788 192 80 we
1252 5748 172 120 do
1516 5744 768 160 something
2368 5744 324 156 else;
2796 5788 72 76 a
2964 5744 704 124 collection
3756 5744 152 124 of
3996 5744 488 124 indoor
4576 5748 260 120 and

92 5936 568 120 outdoor
732 5976 452 120 games
1264 5928 220 124 for
1556 5972 460 120 young
2084 5928 264 124 and
2428 5928 268 156 old,
2768 5928 184 164 by
3028 5928 564 160 Imogen
3676 5924 424 132 Clark
4176 5936 84 136 …
4516 5928 324 128 New

100 6120 416 156 York,
568 6120 588 120 Thomas
1216 6116 164 124 Y.
1448 6116 580 124 Crowell
2080 6156 668 116 company
2812 6120 164 152 [ͨ1
2992 6112 240 124 927
3244 6192 28 80 ]

252 6312 248 116 xiii,
552 6312 236 116 268,
852 6312 92 120 [6
948 6332 28 80 ]
1040 6340 104 88 p.
1288 6312 36 92 i
1332 6312 260 96 llus.
1732 6308 720 112 20½ͨͫ.

256 6480 380 96 Blank
684 6504 352 92 pages
1088 6480 192 92 for
1336 6476 740 112 "Something
2132 6472 300 96 else"
2516 6472 88 116 ([
2616 6472 64 96 6
2684 6516 28 72 ]
2776 6480 128 92 at
2960 6472 280 116 end)

100 6636 112 112 ©
300 6652 304 108 Sept.
680 6648 92 112 8,
852 6648 332 108 1927;
1268 6648 60 88 2
1340 6672 84 72 c.
1504 6652 228 92 and
1812 6672 60 64 a
1888 6640 120 100 ff.
2092 6640 304 116 Sept.
2472 6640 192 112 10;
2752 6640 96 92 A
2924 6640 544 112 1004089;
3552 6640 504 100 Thomas
4136 6648 128 96 Y.
4348 6644 488 96 Crowell

252 6812 160 68 co.
576 6780 668 120 (27-19020)
4352 6772 292 104 7512

96 7004 928 152 Coatsworth,
1100 7000 780 132 Elizabeth.

256 7192 284 124 The
636 7204 212 112 cat
940 7192 268 120 and
1296 7192 232 124 the
1624 7188 636 160 Captain,
2348 7188 184 164 by
2624 7188 716 124 Elizabeth
3440 7188 920 160 Coatsworth;
4476 7192 364 124 illus-

96 7380 432 124 trated
616 7380 180 160 by
888 7376 676 128 Gertrude
1648 7376 428 164 Kaye.
2300 7376 328 124 New
2720 7372 424 164 York,
3232 7380 288 120 The
3608 7376 800 124 Macmillan
4496 7420 344 80 com-

92 7608 396 116 pany,
568 7564 356 128 1927.

256 7760 64 92 6
380 7788 104 84 p.
548 7764 36 88 l
600 7832 52 40 .,
720 7760 64 92 3
788 7812 72 12 –
864 7756 132 96 95
1060 7784 104 88 p.
1232 7756 116 96 in
1356 7764 104 88 cl
1472 7836 20 20 .
1560 7756 340 112 illus.,
1972 7760 408 112 plates.
2516 7756 208 96 col.
2788 7756 392 112 front.,
3252 7760 208 92 col.
3528 7760 408 112 plates.
4072 7760 60 92 1
4144 7756 684 108 6½ͨͫ
4400 7836 20 16 .
4524 7760 316 104 [The

92 7896 348 96 Little
480 7896 480 112 library]

104 8052 112 112 ©
296 8068 304 108 Sept.
676 8068 160 108 13,
916 8064 328 104 1927;
1328 8064 160 92 2c.
1560 8064 228 92 and
1860 8060 196 96 aff.
2136 8064 304 112 Sept.
2520 8064 192 108 14;
2796 8064 96 88 A
2964 8060 476 108 999891;
3524 8060 672 96 Macmillan
4268 8088 164 68 co.

276 8200 664 112 (27-18928)
4348 8192 280 104 7513

92 8420 552 148 Collins,
712 8420 132 128 A
1516 8420 140 128 S.

256 8608 856 160 Authorship
1208 8608 136 124 in
1440 8608 224 132 the
1756 8608 332 160 days
2184 8604 152 128 of
2420 8604 688 156 Johnson;
3204 8604 408 164 being
3704 8652 76 80 a
3872 8608 404 160 study
4364 8604 156 124 of
4612 8608 224 120 the

100 8792 560 128 relation
752 8792 588 124 between
1436 8792 532 132 author,
2056 8804 536 148 patron,
2684 8788 696 164 publisher
3472 8792 260 124 and
3836 8788 496 164 public,
4432 8792 408 124 1726-

104 8976 348 160 1780,
536 8980 180 160 by
796 8980 168 120 A.
1064 8972 132 132 S.
1292 8976 556 128 Collins.
2028 8980 616 152 London,
2724 8976 164 124 R.
2980 8976 552 124 Holden
3620 8984 108 116 &
3812 9020 188 80 co.
4092 8976 288 156 ltd.,
4476 8976 356 124 1927.

260 9172 196 96 278
516 9200 100 88 p.
760 9172 720 104 22½ͨͫ.

104 9328 120 116 ©
296 9340 52 88 1
348 9348 104 88 c.
532 9344 296 92 June
904 9344 88 96 1.
1072 9340 332 112 1927;
1488 9340 92 92 A
1656 9340 148 96 ad
1876 9340 208 96 int.
2160 9340 64 96 9
2224 9340 72 96 5
2300 9344 132 92 77
2460 9356 32 80 ;
2576 9340 340 112 pubd.
2992 9340 272 112 Apr.
3340 9344 124 104 4;
3552 9340 128 100 A.
3768 9344 104 96 S.
3952 9340 468 100 Collins,
4508 9336 320 96 Cam-

252 9472 424 116 bridge,
760 9476 560 112 England.
1488 9476 664 112 (27-19053)
4348 9464 284 108 7514

2316 9608 320 116 1131
