5920 10300
340 1008 676 152 MacNeil,
1088 1008 368 128 John
1532 1004 768 148 Abraham,
2384 1000 320 128 1876
2708 1080 80 12 –

516 1196 288 124 The
880 1196 264 124 law
1224 1188 152 128 of
1452 1192 628 124 evidence
2164 1188 144 124 in
2384 1188 320 124 civil
2784 1184 272 124 and
3136 1180 624 128 criminal
3844 1224 356 84 cases
4280 1176 144 128 in
4504 1176 588 164 Illinois,

348 1380 180 164 by
608 1380 372 132 John
1068 1380 172 124 A.
1328 1376 628 124 MacNeil
2044 1380 264 120 and
2400 1376 376 128 Jesse
2864 1368 148 132 C.
3100 1372 608 128 Weaver.
3884 1368 172 124 2d
4144 1368 200 124 ed.
4488 1392 84 128 …
4764 1364 324 128 Chi-

328 1612 368 120 cago,
784 1568 120 120 C
844 1568 104 120 o
900 1608 76 84 a
984 1568 44 120 l
1040 1568 508 160 laghan
1632 1564 268 124 and
1984 1604 712 120 company,
2780 1556 356 128 1927.

504 1764 64 96 3
628 1788 104 72 v.
876 1760 64 96 2
948 1760 612 112 6ͨͫ
1132 1836 24 24 .

504 1932 384 116 Paged
956 1928 848 112 continuously.

332 2132 100 68 v.
500 2108 92 104 1,
664 2080 116 116 ©
852 2104 272 108 May
1184 2100 160 112 14,
1416 2096 336 112 1927;
1816 2096 164 96 2c.
2048 2096 228 92 and
2340 2116 64 68 a
2412 2088 96 96 ff
2516 2168 24 20 .
2604 2096 272 108 May
2940 2088 196 112 19;
3208 2116 104 72 v.
3376 2088 96 112 2,
3548 2072 116 108 ©
3744 2088 268 112 May
4080 2088 196 108 17;
4348 2088 64 92 2
4416 2100 60 80 c
4492 2164 20 20 .
4580 2088 232 96 and
4880 2084 196 100 aff.

500 2240 268 108 May
856 2236 196 108 20;
1148 2260 104 68 v.
1336 2236 96 108 3,
1528 2220 124 124 ©
1744 2232 272 112 May
2104 2228 196 112 25;
2396 2228 160 96 2c.
2648 2232 228 88 and
2968 2224 196 96 aff.
3256 2220 268 120 May
3612 2224 200 112 28;
3904 2224 100 92 A
4092 2220 440 116 976645,
4624 2220 448 120 976667,

504 2372 476 112 976829;
1068 2368 640 116 Callaghan
1780 2368 92 92 &
1948 2388 164 72 co.
2280 2364 664 116 (27-11516)
4200 2352 656 104 4247-4249

344 2596 624 144 Mannin,
1056 2592 420 128 Ethel
1560 2592 480 124 Edith.

512 2780 704 164 Pilgrims,
1268 2776 180 164 by
1508 2776 356 128 Ethe
1872 2776 48 124 l
1972 2776 584 124 Mannin
2636 2784 84 136 …
2916 2776 328 124 New
3304 2772 428 160 York,
3788 2772 528 164 George
4372 2772 184 128 H.
4616 2772 376 128 Dora
5000 2816 88 80 n

344 3012 668 120 company
1096 3044 28 80 [
1136 2980 44 52 ͨ
1192 2972 64 116 1
1272 2972 156 116 92
1436 2964 160 144 7]

512 3160 204 100 viii
780 3192 132 88 p.,
980 3168 60 88 1
1100 3164 108 112 1.,
1276 3160 408 96 11-371
1744 3188 104 88 p.
1988 3160 64 96 2
2060 3160 612 112 0ͨͫ
2236 3204 28 48 .

356 3304 116 112 ©
560 3332 264 116 May
904 3336 164 112 12,
1144 3336 336 108 1927;
1560 3332 160 96 2c.
1800 3336 232 88 and
2104 3328 196 96 aff.
2384 3332 112 92 M
2508 3352 144 92 ay
2732 3328 196 116 19;
3008 3328 100 92 A
3188 3328 132 96 97
3328 3328 60 96 6
3396 3328 264 108 712;
3748 3328 340 96 Ethel
4172 3328 592 112 Porteous,
4848 3328 72 96 i.
5000 3352 92 72 e.

512 3480 276 92 Mrs.
868 3472 340 96 Ethel
1292 3468 352 96 Edith
1724 3468 480 96 Mannin
2284 3468 592 112 Porteous,
2956 3468 508 96 London.
3632 3460 668 120 (27-11486)
4612 3460 284 100 4250

340 3692 796 148 Markham,
1224 3692 536 152 Edwin,
1852 3700 320 116 1852
2176 3768 80 16 –
2676 3732 424 124 comp.

516 3884 292 128 The
860 3880 352 128 book
1268 3880 156 128 of
1476 3892 528 152 poetry,
2060 3880 640 124 collected
2764 3876 368 128 from
3188 3876 232 128 the
3476 3872 436 132 whole
3964 3872 324 132 field
4348 3872 156 132 of
4564 3872 532 132 British

352 4072 272 124 and
696 4064 732 132 American
1508 4080 520 152 poetry.
2192 4064 336 128 Also
2604 4060 884 132 translations
3572 4060 156 132 of
3804 4060 760 168 important
4640 4100 464 128 poems

356 4252 364 132 from
796 4252 544 168 foreign
1412 4252 780 168 languages.
2368 4248 608 136 Selected
3052 4252 272 124 and
3404 4248 740 128 annotated
4224 4244 340 132 with
4640 4292 180 84 an
4896 4248 204 128 in-

352 4456 128 112 tr
488 4484 72 80 o
576 4440 552 128 duction
1180 4440 180 164 by
1420 4436 500 128 Edwin
1976 4436 728 128 Markham
2740 4456 84 128 …
3064 4484 88 80 v
3160 4536 28 28 .
3256 4444 356 116 1-13.
3756 4436 336 124 New
4152 4432 428 168 York,
4632 4436 216 128 W.
4912 4436 188 128 H.

344 4628 368 128 Wise
788 4632 104 116 &
968 4672 64 80 c
1040 4672 72 80 o
1132 4728 72 60 .,
1280 4632 240 116 192
1532 4632 72 116 6
1616 4724 24 28 .

500 4828 132 92 13
708 4848 100 72 v.
952 4824 720 104 17½ͨͫ.

500 4996 384 112 Paged
964 4992 848 116 continuously.

348 5132 120 108 ©
524 5160 268 100 Dec.
852 5164 160 112 18,
1072 5160 204 96 192
1284 5160 60 96 6
1376 5172 28 76 ;
1468 5160 164 96 2c.
1688 5160 284 96 each
2028 5164 224 92 and
2312 5160 196 100 aff.
2568 5164 272 112 May
2896 5160 164 116 18,
3120 5160 336 108 1927;
3520 5160 96 92 A
3672 5160 136 96 97
3816 5160 132 96 66
3952 5160 68 92 4
4024 5160 68 92 0
4128 5184 24 88 ;
4216 5160 136 96 W
4360 5184 108 68 m
4484 5240 20 16 .
4564 5160 148 96 H.
4772 5156 244 100 Wis
5024 5184 56 72 e

516 5300 88 96 &
684 5324 164 72 co.
1012 5300 668 112 (27-11572)
4612 5292 280 96 4251

356 5520 676 152 Marquis,
1116 5520 352 152 Don,
1560 5520 316 128 1878
1880 5600 88 16 –

520 5708 288 124 The
900 5708 488 124 almost
1484 5708 524 160 perfect
2096 5720 388 148 state,
2576 5708 180 164 by
2836 5708 320 124 Don
3244 5708 656 160 Marquis.
4076 5704 556 132 Garden
4728 5704 368 168 City,

344 5892 168 128 N.
588 5892 216 164 Y.,
868 5892 852 160 Doubleday,
1780 5892 376 164 Page
2216 5900 108 120 &
2384 5932 712 124 company,
3164 5888 360 132 1927.

512 6088 68 96 3
640 6116 108 88 p.
820 6088 44 92 l
868 6164 52 36 .,
984 6084 136 96 22
1128 6088 64 96 3
1256 6112 108 92 p.
1500 6084 792 112 19½ͨͫ
1828 6164 24 24 .

528 6252 560 100 "Articles
1176 6256 68 108 …
1412 6252 624 116 originally
2132 6252 608 120 published
2832 6252 124 96 in
3068 6252 264 96 'The
3436 6280 212 68 sun
3756 6252 268 96 dial'
4124 6256 456 96 column
4676 6256 120 96 in
4896 6260 196 96 the

360 6392 280 100 New
700 6392 316 96 York
1076 6392 520 112 Evening
1660 6416 248 88 sun,
1980 6396 232 92 and
2272 6392 120 96 in
2464 6392 272 96 'The
2796 6384 500 104 lantern'
3360 6388 120 96 in
3548 6392 196 96 the
3812 6392 280 96 New
4156 6392 312 96 York
4532 6392 560 100 tribune."

352 6552 120 116 ©
548 6564 272 108 May
888 6560 88 112 6,
1052 6560 336 112 1927;
1460 6560 164 96 2c.
1696 6564 228 88 and
1992 6560 196 96 aff.
2264 6560 268 112 May
2604 6560 196 108 13;
2872 6560 100 92 A
3040 6560 136 92 97
3184 6556 132 96 66
3320 6556 64 92 1
3392 6560 64 92 0
3496 6584 24 88 ;
3596 6560 708 112 Doubleday,
4384 6560 308 116 Page
4764 6560 88 96 &
4924 6584 164 76 co.

544 6696 668 116 (27-11202)
4612 6688 288 104 4252

340 6916 724 152 Marshall,
1140 6920 496 128 Bruce.

508 7104 288 124 The
900 7104 388 124 other
1388 7104 448 164 Mary,
1932 7104 180 164 by
2216 7104 440 124 Bruce
2756 7104 612 124 Marshal
3380 7104 44 120 l
3548 7108 84 136 …
3876 7180 28 84 [
3916 7104 652 140 London]
4644 7104 152 124 H
4800 7120 292 112 urst

348 7292 108 124 &
528 7288 676 160 Blackett,
1272 7288 248 128 ltd.
1608 7288 368 160 [1927
1984 7364 32 80 ]

516 7488 240 112 287,
844 7484 128 120 [1]
1052 7512 104 88 p.
1300 7484 788 120 19½ͨͫ
1628 7560 20 24 .

356 7608 124 112 ©
544 7624 56 88 1
600 7640 64 76 c
684 7696 16 20 .
768 7620 272 108 May
1108 7620 164 112 12,
1336 7616 336 112 1927;
1744 7616 96 92 A
1908 7620 148 92 ad
2120 7616 36 92 i
2168 7620 164 96 nt.
2396 7620 60 92 9
2460 7616 268 112 371;
2800 7620 344 112 pubd.
3212 7616 292 100 Mar.
3572 7620 192 108 18;
3844 7620 128 96 B.
4044 7620 600 116 Marshall,
4716 7620 372 100 Paris.

552 7752 664 120 (27-12365)
4616 7752 288 100 4253

356 7976 472 148 Maull,
900 7976 380 128 Otto.

528 8164 736 124 Politische
1332 8164 864 160 geographie.
2348 8164 524 156 Berlin,
2940 8156 704 152 Gebrüder
3712 8168 960 160 Borntraeger,
4744 8176 356 116 1925.

520 8360 60 92 1
652 8384 104 72 v.

368 8480 116 120 ©
576 8500 124 88 M
700 8516 164 72 ar.
944 8492 96 112 9,
1124 8492 200 92 192
1332 8492 60 92 5
1436 8516 20 84 ;
1544 8492 160 100 1c.
1788 8492 272 116 July
2144 8492 92 116 6,
2324 8492 332 112 1926;
2744 8492 740 116 A—Foreign
3564 8492 408 116 31693;
4068 8496 592 120 Gebrüder
4740 8500 352 92 Born-

532 8632 488 108 traeger.
4612 8628 288 100 4254

356 8848 896 148 Mississippi.
1428 8848 440 164 Laws,
1944 8864 608 148 statutes,
2632 8864 240 116 etc.

524 9032 792 128 Annotated
1400 9032 828 164 Mississippi
2316 9036 360 160 code,
2760 9036 788 164 containing
3632 9040 184 124 all
3900 9044 544 160 general
4528 9056 560 112 statutes

368 9216 156 124 of
588 9220 836 160 Mississippi
1500 9220 144 120 in
1724 9220 368 124 force
2164 9220 624 160 January
2868 9228 112 152 1,
3064 9220 356 160 1927,
3496 9224 268 128 and
3836 9224 232 128 the
4144 9228 948 124 constitutions

372 9404 152 128 of
572 9404 224 132 the
852 9404 512 132 United
1424 9400 448 136 States
1928 9404 264 128 and
2248 9404 224 128 the
2528 9416 340 116 state
2924 9404 152 128 of
3124 9404 876 176 Mississippi,
4056 9412 180 132 all
4292 9412 804 172 completely

2628 9688 244 136 647
