5968 10284
936 1000 504 148 Chase,
1516 1000 528 124 Ernest
2116 992 596 156 Dudley.

1100 1188 292 124 The
1456 1228 632 84 romance
2156 1184 156 124 of
2380 1180 628 168 greeting
3072 1176 464 148 cards;
3612 1224 176 80 an
3852 1176 712 128 historical
4636 1188 564 116 account
5272 1176 156 128 of
5492 1176 232 128 the

932 1372 500 164 origin,
1544 1368 740 160 evolution,
2400 1368 272 124 and
2788 1368 952 160 development
3856 1360 152 132 of
4120 1364 236 128 the
4472 1360 764 132 Christmas
5360 1364 368 152 card,

936 1560 732 156 valentine,
1752 1556 272 128 and
2104 1556 388 128 other
2584 1552 436 128 forms
3104 1552 156 128 of
3340 1552 684 164 engraved
4108 1596 156 80 or
4348 1548 560 164 printed
4996 1552 732 164 greetings,

944 1744 364 124 from
1364 1744 232 124 the
1660 1744 544 124 earliest
2272 1744 332 164 days
2668 1756 144 108 to
2880 1740 228 124 the
3180 1752 544 148 present
3788 1740 372 124 time.
4316 1740 220 160 By
4604 1736 504 128 Ernest
5176 1740 552 164 Dudley

944 1924 480 168 Chase,
1500 1928 336 124 with
1912 1972 176 80 an
2164 1924 940 128 introduction
3168 1924 188 168 by
3428 1924 476 168 Harry
3976 1924 216 128 W.
4276 1928 544 124 Brown.
4988 1920 444 132 Cover
5508 1924 216 128 de-

932 2116 316 164 sign
1312 2116 180 160 by
1564 2112 672 164 Marjorie
2300 2112 960 164 Wallingford
3340 2112 268 124 and
3680 2112 376 124 hand
4128 2108 652 168 lettering
4852 2112 184 164 by
5104 2112 628 128 William

944 2300 148 128 P.
1172 2300 680 128 Havican.
2020 2300 564 160 Boston,
2656 2300 460 156 Mass.,
3184 2296 584 128 Printed
3848 2312 140 112 at
4068 2296 880 168 Cambridge,
5020 2300 460 164 Mass.,
5552 2300 184 164 by

944 2488 228 124 the
1228 2484 808 164 University
2096 2528 376 120 press
2536 2484 228 128 for
2824 2488 160 120 E.
3048 2484 132 124 D
3200 2584 24 28 .
3296 2480 476 164 Chase,
3844 2488 360 124 1926.

1112 2708 184 84 xv,
1356 2680 208 96 255
1628 2704 108 92 p.
1876 2680 392 112 front.,
2336 2680 344 112 illus.,
2748 2680 412 116 plates,
3224 2684 360 112 ports.
3724 2680 680 108 24͸ͫ.

948 2848 124 112 ©
1152 2848 256 100 Jan.
1476 2852 56 92 1
1548 2848 64 96 0
1624 2924 20 40 ,
1716 2848 132 96 19
1856 2848 64 96 2
1932 2852 120 108 7;
2128 2852 160 96 2c.
2360 2852 228 96 and
2660 2848 200 100 aff.
2928 2852 268 96 Jan.
3260 2848 64 96 2
3332 2852 64 92 4
3436 2872 20 88 ;
3536 2848 96 96 A
3696 2860 68 92 9
3768 2848 64 96 6
3840 2848 336 112 3292;
4260 2852 124 96 E.
4456 2852 136 96 D.
4668 2852 404 108 Chase,
5148 2848 584 100 Winches-

1108 2992 208 108 ter,
1424 2988 352 96 Mass.
1944 2984 188 120 (27
2132 3036 72 12 –
2208 2984 336 120 2106)
5316 2984 220 100 952

956 3244 608 148 Chilton,
1644 3244 608 128 Eleanor
2332 3240 580 156 Carroll,
2996 3252 316 120 1898
3320 3324 84 12 –

1208 3440 88 136 …
1384 3428 668 132 Shadows
2144 3432 644 164 waiting;
2896 3480 72 80 a
3068 3432 396 128 novel
3572 3432 124 124 in
3800 3432 380 128 three
4276 3444 420 152 parts.
4876 3432 328 128 New
5308 3432 432 164 York,

956 3620 288 124 The
1312 3620 376 132 John
1756 3620 312 164 Day
2140 3660 712 124 company,
2932 3620 356 124 1927.

1112 3824 64 88 4
1244 3848 104 88 p.
1412 3820 108 116 1.,
1584 3820 68 96 3
1656 3872 72 12 –
1728 3816 240 116 289,
2044 3816 92 104 [1
2144 3840 28 80 ]
2252 3844 108 92 p.
2500 3816 752 108 19½͸ͫ.

956 3968 120 116 ©
1148 3988 264 96 Feb.
1472 3988 168 116 11,
1704 3988 340 112 1927;
2104 3988 168 96 2c.
2336 3984 272 100 Feb.
2668 3984 196 112 11;
2936 3984 196 100 aff.
3200 3988 264 96 Feb.
3528 3984 196 112 14;
3796 3988 96 92 A
3956 3980 68 92 9
4028 3988 64 96 6
4096 3988 60 96 3
4168 3988 64 92 5
4240 3988 196 112 53;
4512 3992 124 92 E.
4700 3988 120 96 C.
4888 3988 504 112 Chilton,
5456 3988 288 96 New

1116 4124 348 96 York.
1632 4120 604 120 (27–3101)
5324 4120 216 104 953

960 4384 296 128 The
1360 4380 552 132 concise
2028 4380 700 132 Standard
2840 4384 776 164 dictionary
3724 4380 156 128 of
3984 4384 232 124 the
4320 4384 592 164 English
5024 4384 716 168 language,

1124 4572 652 164 designed
1844 4588 140 108 to
2048 4568 312 168 give
2420 4572 232 124 the
2716 4572 992 164 orthography,
3780 4568 1100 164 pronunciation,
4952 4572 272 124 and
5296 4620 448 80 mean-

1128 4756 244 168 ing
1460 4756 156 128 of
1704 4756 412 124 about
2216 4760 452 156 38,000
2764 4756 444 124 words
3304 4756 272 124 and
3672 4756 564 160 phrases
4328 4756 140 124 in
4564 4760 240 120 the
4892 4760 484 160 speech
5476 4760 272 128 and

1128 4940 712 128 literature
1952 4940 156 128 of
2216 4940 232 128 the
2564 4940 1328 168 English-speaking
4008 4944 616 160 peoples;
4748 4940 244 132 780
5108 4940 640 168 pictorial

1128 5128 984 160 illustrations;
2240 5128 668 164 abridged
3032 5128 364 124 from
3516 5128 228 128 the
3864 5128 408 124 Funk
4388 5136 112 120 &
4612 5132 720 164 Wagnalls
5452 5176 300 84 new

1136 5312 704 132 Standard
1924 5312 780 164 dictionary
2784 5312 156 128 of
3020 5312 232 128 the
3332 5316 596 164 English
4012 5320 684 160 language
4772 5320 184 160 by
5044 5320 460 128 James
5600 5320 148 132 C.

1136 5500 188 124 Fe
1336 5544 156 80 rn
1508 5544 76 80 a
1592 5500 48 124 l
1648 5500 92 124 d
1800 5504 76 136 …
2140 5500 332 124 New
2552 5500 248 160 ed.,
2876 5496 676 168 carefully
3636 5548 268 80 rev.
3988 5504 180 160 by
4256 5504 472 124 Frank
4804 5504 184 124 H.
5072 5504 480 132 Vizete
5556 5508 104 124 ll
5664 5552 92 120 y

1284 5684 92 144 …
1468 5684 336 124 New
1908 5684 392 124 York
2396 5688 268 120 and
2764 5684 620 164 London,
3492 5688 408 124 Funk
4000 5696 108 120 &
4212 5688 720 168 Wagnalls
5040 5732 716 128 company,

1140 5864 360 132 1927.

1136 6088 100 88 v,
1308 6064 96 116 [1
1408 6080 32 80 ]
1456 6136 24 40 ,
1548 6060 200 100 583
1812 6088 108 88 p.
2060 6060 312 100 illus.
2516 6064 648 108 16½͸ͫ.

972 6224 124 120 ©
1172 6232 268 100 Dec.
1504 6232 64 96 3
1580 6232 92 112 1,
1740 6236 204 92 192
1952 6228 64 96 6
2056 6260 24 84 ;
2152 6236 64 88 2
2224 6260 60 68 c
2296 6312 16 20 .
2384 6236 228 96 and
2684 6260 60 72 a
2756 6236 52 92 f
2804 6236 76 100 f.
2952 6236 268 100 Feb.
3284 6236 64 96 5
3356 6312 24 40 ,
3452 6240 336 112 1927;
3864 6240 100 96 A
4028 6240 204 96 963
4240 6240 268 116 441;
4588 6244 252 96 Fun
4848 6244 76 92 k
4992 6244 88 96 &
5144 6248 604 112 Wagnalls

1136 6392 160 72 co.
1464 6368 600 120 (27–3038)
5336 6376 216 104 954

1224 6596 204 124 De
1508 6596 528 128 Lamar
2116 6600 616 156 lectures,
2816 6604 612 152 1925/26.
3612 6600 796 160 Baltimore,
4500 6604 292 128 The
4872 6604 692 132 Williams
5648 6612 112 120 &

1136 6780 604 132 Wilkins
1816 6828 712 120 company,
2612 6784 356 128 1927.

1140 6980 60 96 5
1268 7008 104 88 p.
1440 6984 40 92 l
1492 7012 52 68 .,
1616 6980 240 116 220,
1936 7028 20 68 [
1968 6984 60 96 3
2044 7028 24 72 ]
2140 7004 108 92 p.
2392 6984 340 116 illus.,
2804 6984 412 116 plates,
3288 6984 432 116 diagrs.
3860 6980 756 104 23½͸ͫ.

1148 7152 152 96 At
1356 7152 296 96 head
1712 7152 124 96 of
1892 7152 324 96 title:
2276 7152 244 96 The
2576 7152 372 96 Johns
3008 7152 532 116 Hopkins
3600 7152 652 120 university
4320 7156 408 100 School
4788 7156 128 100 of
4972 7156 492 120 hygiene
5524 7164 232 96 and

976 7284 384 116 public
1432 7284 440 100 health.

1152 7420 164 96 "A
1396 7420 360 96 series
1840 7420 128 100 of
2044 7424 496 116 popular
2616 7424 504 96 lectures
3204 7424 120 96 in
3408 7428 540 112 personal
4032 7432 228 88 and
4348 7428 388 116 public
4816 7428 492 116 hygiene
5392 7432 100 96 is
5580 7460 176 68 ar-

988 7556 432 116 ranged
1492 7556 284 96 each
1848 7556 476 116 session,
2396 7560 144 112 by
2616 7556 196 100 the
2888 7556 412 100 School
3376 7560 124 96 of
3564 7560 492 116 hygiene
4128 7564 224 96 and
4424 7564 388 116 public
4884 7564 404 100 health
5360 7568 128 96 of
5556 7568 200 96 the

980 7692 368 96 Johns
1420 7692 536 116 Hopkins
2028 7688 752 120 university."

1152 7828 556 96 Contains
1788 7828 872 100 "References".

988 7980 120 120 ©
1180 7992 264 100 Jan.
1508 7996 168 108 22,
1744 7996 340 108 1927;
2156 7996 164 96 2c.
2384 8000 232 92 and
2684 7996 128 96 af
2804 7996 48 96 f
2860 8076 24 20 .
2952 7996 264 100 Feb.
3284 8000 132 112 4;
3488 8000 100 92 A
3656 8000 64 96 9
3728 8000 64 96 6
3796 8000 196 96 341
4008 8000 64 96 0
4096 8016 32 88 ;
4212 8000 580 100 Williams
4864 8004 88 100 &
5020 8004 500 100 Wilkins
5588 8032 168 76 co.

1172 8128 188 116 (27
1364 8180 76 12 –
1440 8128 332 112 3262)
5344 8136 208 104 955

984 8348 628 156 Denney,
1692 8352 524 152 Joseph
2288 8356 616 152 Villiers,
2984 8368 316 116 1862
3304 8444 88 12 –

1228 8540 76 144 …
1380 8536 296 132 Our
1740 8544 628 164 English.
2520 8544 280 164 7th,
2872 8548 228 124 8th
3168 8592 360 120 year.
3684 8552 220 156 By
3968 8544 520 168 Joseph
4560 8552 560 128 Villiers
5192 8556 572 164 Denney

1212 8724 252 128 Ele
1472 8768 76 80 a
1556 8768 252 84 nor
1864 8728 152 124 L.
2088 8724 632 168 Skinner,
2884 8740 96 128 …
3004 8736 268 124 and
3336 8732 312 128 Ada
3708 8732 188 128 M.
3972 8732 592 132 Skinner
4688 8752 96 128 …
4932 8736 332 128 New
5328 8736 432 168 York,

996 8908 604 164 Chicago
1692 8988 12 76 [
1732 8924 240 112 etc.
1992 8992 24 76 ]
2112 8912 568 128 Charles
2764 8912 744 132 Scribner's
3588 8964 304 84 sons
3984 8916 500 140 [ͨ1927]

1152 9104 68 92 2
1284 9132 100 68 v.
1516 9104 456 116 fronts.,
2044 9108 308 96 illus.
2488 9100 680 108 19͸ͫ.
2932 9112 476 112 (Junior
3472 9112 280 112 high
3824 9116 384 96 school
4284 9112 416 120 series)

1000 9264 124 120 ©
1184 9272 260 92 Jan.
1500 9272 112 92 21
1636 9312 24 56 ,
1728 9276 52 88 1
1796 9272 64 96 9
1864 9276 200 108 27;
2124 9272 196 100 7th
2380 9300 308 92 year,
2744 9280 164 96 2c.
2968 9280 260 96 Feb.
3288 9280 196 96 11;
3548 9280 68 92 8
3620 9280 124 96 th
3804 9308 312 88 year,
4172 9288 160 92 2c.
4396 9288 264 96 Feb.
4720 9288 196 112 10;
4980 9288 256 96 affs.
5300 9288 268 100 Feb.
5624 9292 64 96 8
5716 9300 36 80 ;

1160 9408 96 92 A
1344 9408 448 112 963497,
1880 9408 476 116 967105;
2456 9412 484 96 Charles
3036 9412 636 104 Scribner's
3764 9444 296 72 sons.
4216 9408 164 128 [©
4476 9420 652 96 additional
5216 9428 544 92 material

1164 9548 224 92 and
1468 9540 304 100 revis
1780 9540 36 96 i
1828 9568 236 72 on.
5020 9552 248 120 956,
5348 9556 212 104 957

3272 9684 240 120 148
