5968 10284
992 908 416 148 Orth,
1488 908 540 128 Grover
2100 908 148 132 C.

1164 1096 292 124 The
1512 1092 808 164 professor's
2380 1096 692 164 rambling
3128 1096 628 164 reveries,
3816 1100 180 160 by
4056 1096 532 132 Grover
4656 1096 148 132 C.
4876 1100 400 132 Orth.
5456 1104 312 124 Bal-

996 1280 528 164 timore,
1600 1284 292 124 The
1964 1284 692 128 Williams
2736 1288 108 120 &
2912 1284 604 132 Wilkins
3592 1328 716 120 company,
4392 1292 356 116 1926.

1160 1492 76 76 x
1248 1480 160 116 iii,
1484 1476 208 96 165
1752 1504 108 88 p.
2000 1480 360 96 front.
2500 1476 648 108 19ͨͫ.

1168 1648 352 96 "This
1596 1648 296 96 book
1960 1648 104 96 is
2136 1676 180 72 no.
2388 1648 136 96 47
2600 1648 120 96 of
2792 1676 68 68 a
2936 1648 452 96 limited
3464 1648 440 100 edition
3984 1652 124 92 of
4180 1676 216 72 one
4468 1652 588 96 thousand
5128 1652 384 116 copies
5592 1652 188 100 for

1000 1788 456 112 private
1548 1788 764 96 distribution
2408 1792 144 108 by
2648 1788 196 96 the
2948 1788 548 116 Waverly
3600 1812 360 92 press,
4060 1788 220 100 inc.
4380 1792 228 92 and
4708 1792 196 92 the
5008 1788 580 100 Williams
5692 1792 80 96 &

1004 1924 496 100 Wilkins
1564 1924 672 116 company."

1164 2064 308 92 "The
1548 2088 400 88 essays
2016 2064 292 92 have
2380 2064 160 92 all
2612 2064 580 112 appeared
3268 2060 308 96 from
3644 2064 276 96 time
4000 2068 116 92 to
4192 2064 276 96 time
4548 2064 124 96 in
4736 2068 200 92 the
5008 2064 620 100 Kalends."
5640 2124 128 12 —

996 2200 712 100 Publisher's
1776 2200 300 116 pref.

1160 2372 1080 96 CONTENTS.—Men
2316 2372 228 92 and
2620 2368 1064 100 events.—Science
3756 2372 232 92 and
4060 2368 1172 112 nature.—Business
5308 2376 232 92 and
5616 2372 32 96 i
5656 2400 112 68 n-

992 2508 1040 116 dustry.—Morals
2100 2512 232 92 and
2400 2504 404 104 ideals.

996 2664 120 116 ©
1188 2684 268 96 Dec.
1520 2680 168 116 20,
1756 2680 340 112 1926;
2168 2680 164 96 2c.
2396 2680 228 92 and
2692 2676 196 100 aff.
2964 2680 288 96 Mar.
3324 2676 164 116 31,
3564 2680 200 92 192
3772 2680 64 96 7
3876 2704 20 80 ;
3972 2676 96 92 A
4132 2680 484 112 972337;
4688 2680 584 100 Williams
5344 2684 84 92 &
5500 2680 264 100 Wil-

1152 2820 264 92 kins
1496 2844 128 68 co
1640 2896 20 20 .
1828 2816 604 116 (27-7097)
5280 2812 284 100 2385

972 3044 652 148 Preston,
1712 3040 488 152 Keith,
2296 3048 320 116 1884
2620 3116 84 16 –

1156 3232 292 124 The
1532 3244 244 148 top
1868 3228 116 128 o'
2076 3228 232 128 the
2396 3272 152 80 co
2556 3232 44 120 l
2620 3272 364 112 umn,
3068 3224 180 168 by
3336 3224 428 128 Keith
3856 3228 336 128 Pres
4200 3240 60 112 t
4264 3272 176 80 on
4516 3232 84 144 …
4868 3228 648 164 Chicago,
5604 3228 152 128 P.

992 3416 516 164 Covici,
1588 3424 368 120 1925.

1156 3620 64 96 7
1284 3644 108 88 p.
1444 3620 44 92 l
1500 3692 56 40 .,
1620 3616 64 96 3
1688 3668 72 16 –
1764 3612 208 100 120
2032 3640 108 92 p.
2284 3612 784 116 19½ͨͫ
2600 3660 28 52 .

1156 3788 392 96 Verse.

988 3932 124 112 ©
1176 3956 248 100 Oct.
1480 3956 96 112 4,
1644 3952 336 112 1925;
2044 3952 168 96 2c.
2276 3948 312 120 Sept.
2648 3952 164 112 23,
2876 3948 336 116 1926;
3280 3948 200 100 aff.
3548 3948 264 100 Dec.
3876 3948 196 116 27;
4144 3952 100 92 A
4300 3948 480 116 963112;
4852 3952 412 96 Pascal
5336 3948 420 120 Covici,

1148 4092 628 116 publisher,
1864 4088 216 104 inc.
2252 4084 672 120 (26-26289)
5276 4084 288 100 2386

984 4316 512 152 Pusey,
1572 4312 616 132 William
2264 4312 456 152 Allen,
2800 4312 200 128 ed.

1236 4512 84 132 …
1404 4504 508 124 Derma
1924 4512 56 116 t
1988 4504 408 164 ology
2488 4500 272 124 and
2852 4496 408 164 syphi
3272 4500 100 124 li
3384 4544 100 112 s,
3580 4500 164 124 ed
3836 4500 180 160 by
4108 4500 216 132 W.
4420 4500 172 124 A.
4688 4500 452 160 Pusey
5216 4512 84 132 …
5492 4500 264 124 and

984 4692 372 124 Fran
1368 4732 64 84 c
1444 4688 112 128 is
1656 4688 564 164 Eugene
2324 4684 512 132 Senear
2952 4696 92 128 …
3276 4688 208 128 Ur
3496 4728 76 80 o
3580 4684 364 164 logy,
4044 4684 204 124 ed.
4348 4684 180 164 by
4632 4684 376 132 John
5108 4684 184 128 H.
5400 4684 112 128 C
5520 4728 80 80 u
5612 4728 140 80 n-

984 4876 664 164 ningham
1680 4872 84 148 …
2068 4868 652 168 Chicago,
2804 4872 288 124 The
3188 4868 364 128 Year
3636 4868 352 128 book
4080 4868 772 164 publishers
4956 4872 168 148 [ͨ
5052 4868 320 132 1927
5372 4912 40 96 ]

1144 5072 204 96 418
1416 5096 104 92 p.
1652 5072 344 112 illus.,
2068 5072 408 112 plates,
2548 5068 432 116 diagrs.
3116 5068 612 108 19ͨͫ.
3560 5068 296 112 (The
3928 5068 564 116 practical
4564 5068 564 96 medicine
5200 5064 360 100 series
5644 5068 68 108 …

976 5208 360 96 series
1408 5204 332 116 1926)

984 5304 128 148 ©
1184 5380 292 96 Mar.
1540 5372 168 120 30,
1780 5372 336 116 1927;
2188 5372 164 100 2c.
2420 5376 232 92 and
2720 5372 200 100 aff.
2984 5372 276 116 Apr.
3324 5372 200 112 21;
3600 5372 104 96 A
3764 5372 480 116 972819;
4324 5372 308 96 Year
4696 5372 296 96 book
5064 5372 684 116 publishers.

5252 5504 284 104 2387

972 5636 744 148 Rockwell,
1800 5636 548 124 Donald
2432 5632 816 152 Shumway,
3340 5640 316 120 1895
3664 5712 84 12 –

1148 5828 572 164 Beyond
1812 5828 232 120 the
2128 5820 400 164 brim,
2620 5824 180 164 by
2888 5824 552 124 Donald
3536 5820 748 168 Shumway
4372 5820 732 128 Rockwell.
5284 5824 460 124 Phila-

980 6012 600 164 delphia,
1652 6012 704 124 Dorrance
2428 6012 268 120 and
2776 6048 668 124 company
3552 6004 444 164 [ͨ1927]

1148 6208 136 100 53
1352 6236 112 88 p.
1600 6200 684 120 19½ͨͫ.
2120 6204 720 120 (Half-title:
2912 6204 912 116 Contemporary
3896 6208 328 112 poets
4300 6204 124 96 of
4500 6204 100 96 D
4612 6228 60 72 o
4684 6224 448 76 rrance.
5272 6200 252 124 53),

1148 6380 444 100 Poems.

980 6520 124 108 ©
1180 6548 264 100 Feb.
1520 6552 92 112 1,
1684 6544 336 116 1927;
2096 6548 164 100 2c.
2332 6544 268 104 Feb.
2672 6548 128 112 4;
2880 6544 200 104 aff.
3152 6544 268 100 Feb.
3492 6544 64 96 3
3596 6568 24 92 ;
3696 6544 100 92 A
3864 6544 136 96 96
4004 6544 340 116 3412;
4424 6544 600 96 Dorrance
5092 6544 88 96 &
5256 6568 124 72 co
5396 6616 52 44 .,
5524 6540 216 96 inc.

1164 6684 600 120 (27-7016)
5260 6672 288 104 2388

972 6908 528 152 Saltus,
1576 6912 488 148 Edgar
2136 6908 756 148 Evertson,
2972 6912 316 120 1855
3296 6984 84 12 –
3392 6912 360 120 1921.

1136 7096 608 164 Poppies
1856 7096 272 128 and
2232 7096 992 164 mandragora;
3336 7132 464 124 poems
3904 7092 184 164 by
4200 7092 480 164 Edgar
4796 7088 508 164 Saltus,
5412 7084 328 132 with

972 7284 960 160 twenty-three
2020 7276 768 128 additional
2876 7320 460 120 poems
3412 7276 184 168 by
3676 7276 444 124 Marie
4212 7272 508 132 Saltus.
4892 7276 336 124 New
5320 7272 420 152 York,

972 7464 188 128 H.
1220 7464 464 160 Vinal,
1748 7468 364 120 1926.

1140 7660 68 96 6
1264 7684 104 88 p.
1420 7660 44 92 l
1476 7724 60 48 .,
1596 7652 132 104 57
1780 7684 144 88 p.,
1984 7656 64 96 1
2104 7656 40 92 l
2156 7732 24 24 .
2320 7652 716 116 21ͨͫ.

1140 7820 668 116 Arpeggios,
1872 7844 392 92 poems
2328 7820 144 116 by
2540 7820 372 96 Marie
2980 7820 396 96 Saltus
3420 7844 24 72 :
3512 7844 104 92 p.
3688 7864 24 72 [
3720 7820 216 108 31]
3904 7840 60 52 –
3976 7820 168 96 57.

1148 7960 304 92 "The
1528 7956 60 92 f
1572 7956 220 96 irst
1860 7952 444 100 edition
2376 7956 500 92 consists
2956 7952 124 96 of
3156 7956 332 96 three
3564 7952 528 96 hundred
4168 7952 384 116 copies
4632 7952 460 116 printed
5176 7976 144 72 on
5404 7948 332 100 Geor-

972 8092 276 112 gian
1312 8092 240 92 laid
1628 8116 356 88 paper
2060 8092 228 92 and
2360 8088 80 92 fi
2444 8116 136 68 ve
2656 8092 528 92 hundred
3260 8084 380 116 copies
3716 8112 144 68 on
3936 8088 772 112 Etherington
4784 8088 336 92 novel
5196 8084 344 96 laid."

980 8224 124 108 ©
1176 8260 264 96 Jan.
1508 8256 96 116 3,
1680 8256 200 96 192
1892 8260 56 92 7
1992 8280 24 88 ;
2092 8256 164 96 2c.
2332 8256 264 96 Feb.
2668 8256 196 112 11;
2944 8256 196 96 aff.
3212 8256 272 112 Apr.
3560 8256 56 88 1
3648 8260 32 84 ;
3764 8252 100 96 A
3936 8252 476 112 972398;
4492 8252 452 96 Harold
5024 8248 376 100 Vinal.

1160 8392 596 116 (27-7026)
5248 8380 284 104 2389

968 8612 556 152 Sellers,
1604 8616 496 128 Edwin
2172 8616 640 152 Jaquett,
2892 8624 312 120 1865
3212 8696 88 16 –

1128 8800 592 164 English
1800 8812 620 152 ancestry
2496 8800 156 128 of
2728 8804 228 124 the
3024 8804 536 160 Wayne
3632 8800 496 164 family
4200 8796 156 128 of
4428 8796 1056 168 Pennsylvania,
5552 8792 168 160 by

972 8984 496 124 Edwin
1560 8984 568 164 Jaquett
2232 8984 536 128 Sellers.
2948 8984 976 160 Philadelphia
4036 9064 24 80 [
4076 8984 400 124 Press
4568 8984 156 120 of
4816 8984 452 152 Allen,
5360 8980 360 120 Lane

960 9172 108 120 &
1144 9164 384 136 Scott
1540 9244 32 84 ]
1664 9168 364 132 1927.

1128 9364 64 96 3
1260 9392 108 92 p.
1432 9364 40 92 l
1480 9440 56 44 .,
1600 9368 132 92 51
1804 9392 72 92 p
1876 9400 28 56 .
2036 9364 368 100 front.
2468 9364 324 120 (coat
2852 9364 128 96 of
3040 9360 376 120 arms)
3572 9364 712 108 24ͨͫ.

3248 9592 240 116 366
