5968 10284
900 948 668 152 Douglas,
1644 944 544 124 Donald
2192 1020 188 20 —
2384 936 780 136 Continued

1060 1148 208 92 272
1316 1168 100 92 p.
1564 1140 312 100 illus.
2016 1140 64 96 2
2088 1140 576 108 0ͨͫ.

1064 1284 332 112 Maps
1448 1304 140 68 on
1640 1280 876 112 lining-papers.

908 1392 120 112 ©
1128 1420 308 112 Sept.
1528 1416 164 112 16,
1788 1416 336 108 1927;
2216 1416 164 96 2c.
2480 1412 304 116 Sept.
2876 1412 196 112 22;
3172 1408 196 100 aff.
3468 1408 308 116 Sept.
3864 1408 196 108 21;
4160 1408 100 92 A
4348 1404 552 112 1004286;
5000 1404 440 112 George
5532 1404 144 96 H.

1068 1556 400 92 Doran
1540 1576 164 72 co.
1872 1548 672 120 (27-19644)
5200 1536 276 100 7845

900 1708 640 152 Dovifat,
1612 1708 416 152 Emil,
2112 1716 316 120 1890
2432 1788 88 12 –

1068 1900 284 120 Der
1440 1892 1076 128 amerikanische
2604 1888 1016 168 journalismus,
3708 1888 256 128 mit
4048 1884 372 132 einer
4508 1884 852 164 darstellung
5448 1884 240 124 der

900 2080 1200 168 journalistischen
2180 2076 1104 160 berufsbildung,
3368 2116 268 84 von
3720 2076 376 124 Emil
4180 2068 628 132 Dovifat.
4988 2068 700 168 Stuttgart

916 2280 324 128 [etc.]
1344 2264 684 128 Deutsche
2108 2260 1156 168 verlags-anstalt,
3352 2260 356 128 1927.

1068 2468 240 112 255,
1388 2468 184 116 [1]
1588 2492 104 88 p.
1836 2488 300 88 map,
2200 2464 552 112 facsims.,
2824 2456 280 100 fold.
3176 2460 264 112 tab.,
3512 2456 428 116 diagrs.
4080 2456 756 116 23ͨͫ.

1076 2600 804 96 "Literatur":
1960 2628 104 88 p.
2136 2596 524 96 244–248.

996 2736 72 112 ©
1140 2740 288 92 Mar.
1524 2736 168 112 23,
1788 2732 336 108 1927;
2228 2732 160 112 1c.
2492 2744 116 88 M
2612 2756 144 88 ay
2852 2728 196 112 25;
3156 2724 744 116 A—Foreign
3988 2724 412 112 35056;
4504 2724 588 96 Deutsche
5188 2728 500 112 verlags-

1076 2876 476 92 anstalt.
1724 2864 672 120 (27-19520)
5184 2852 284 108 7846

908 3032 520 148 Drago,
1508 3024 484 152 Harry
2068 3024 640 132 Sinclair.

1080 3212 292 128 The
1452 3212 448 128 desert
1980 3212 444 156 hawk,
2508 3212 176 160 by
2768 3208 480 164 Harry
3332 3204 248 132 Sin
3588 3248 68 84 c
3660 3204 268 128 lair
4008 3204 476 168 Drago
4560 3208 76 148 …
4808 3204 68 128 f
4880 3204 812 164 rontispiece

916 3404 176 160 by
1160 3404 160 124 E.
1392 3404 156 120 F.
1616 3400 472 128 Ward.
2244 3396 332 128 New
2648 3392 432 164 York,
3144 3392 292 128 The
3500 3392 728 164 Macaulay
4296 3432 672 128 company
4968 3404 168 144 [ͨ
5148 3392 320 128 1927
5480 3468 32 84 ]

1072 3596 208 100 315
1324 3624 104 88 p.
1572 3596 360 96 front.
2076 3596 680 112 19½ͨͫ.

924 3728 116 112 ©
1124 3736 308 112 Sept.
1504 3732 164 116 26,
1744 3732 336 108 1927;
2156 3732 164 96 2c.
2392 3732 228 92 and
2696 3728 200 100 aff.
2976 3728 308 112 Sept.
3356 3728 196 112 27;
3636 3728 92 92 A
3800 3724 548 112 1004346;
4436 3728 620 112 Macaulay
5124 3752 164 72 co.

1104 3868 672 116 (27-19628)
5200 3856 284 104 7847

912 3996 460 144 Dunn,
1444 3996 536 124 Robert
2052 3988 728 152 Williams,
2860 3996 408 120 1895-

1092 4184 288 124 The
1508 4176 1260 128 Americanization
2896 4172 152 128 of
3168 4176 456 160 labor;
3760 4176 228 124 the
4116 4168 800 172 employers'
5048 4172 648 128 offensive

924 4368 544 164 against
1540 4368 396 120 trade
2012 4360 536 164 unions,
2624 4360 180 168 by
2884 4360 516 128 Robert
3476 4360 216 128 W.
3780 4360 460 160 Dunn,
4332 4356 336 128 with
4752 4404 172 80 an
5008 4356 688 132 introduc-

928 4552 288 128 tion
1300 4552 180 164 by
1576 4548 384 140 Scott
2048 4548 648 164 Nearing.
2876 4548 332 124 New
3300 4544 432 164 York,
3824 4544 1008 128 International
4928 4548 772 160 publishers

936 4816 32 80 [
980 4736 416 160 ͨ1927]

1092 4928 208 96 272
1360 4960 108 84 p.
1608 4928 720 108 19½ͨͫ
1940 5004 24 20 .
2236 4924 64 116 $
2312 4924 164 100 1.9
2488 4924 64 96 0

1100 5060 1624 104 CONTENTS.—Introduction
2820 5060 148 112 by
3072 5060 320 96 Scott
3488 5056 1928 120 Nearing.—Preface.—Building
5512 5064 192 92 the

932 5200 264 92 boss
1268 5200 304 92 class
1640 5192 596 96 machine:
2316 5196 244 92 The
2632 5192 616 96 American
3320 5192 304 116 plan.
3768 5192 244 96 The
4088 5192 328 96 drive
4484 5192 192 96 for
4752 5196 196 92 the
5020 5216 292 92 open
5384 5192 324 120 shop.

932 5328 708 120 Employers'
1728 5328 1544 116 organizations.—Attacks
3356 5356 144 68 on
3584 5332 196 92 the
3864 5324 484 100 unions:
4444 5328 332 96 Some
4856 5332 532 92 methods
5476 5328 224 96 and

932 5464 568 116 practices
1576 5464 124 96 of
1776 5460 676 116 employers'
2536 5460 800 100 associations.
3488 5460 360 100 Other
3924 5464 532 96 methods
4536 5460 128 100 of
4736 5464 968 96 attack.—Bread

932 5604 228 92 and
1248 5600 444 96 circus:
1788 5600 244 92 The
2120 5620 564 92 company
2780 5592 388 100 union.
3332 5592 620 120 Employee
4040 5596 328 96 stock
4464 5596 688 116 ownership.
5316 5600 388 96 Insur-

932 5756 280 72 ance
1280 5736 232 92 and
1576 5732 576 112 pensions.
2288 5732 664 112 Personnel,
3020 5732 484 92 welfare
3572 5732 232 92 and
3868 5728 444 100 service
4380 5728 620 100 activities.
5136 5732 380 112 Types
5580 5728 120 100 of

936 5864 656 100 "welfare".
1724 5864 476 96 Labor's
2264 5864 624 96 criticisms
2956 5868 232 92 and
3256 5864 600 96 remedies.

932 5972 116 108 ©
1128 6004 288 112 Aug.
1492 6000 168 116 30,
1744 6000 336 108 1927;
2160 6000 164 96 2c.
2404 6000 228 96 and
2712 6000 196 96 aff.
2996 6000 304 112 Sept.
3380 6000 128 108 3;
3596 6000 96 92 A
3776 6000 412 96 999907
4212 6008 28 80 ;
4340 5988 616 108 Internatl.
5040 6000 656 120 publishers

1092 6164 192 88 co.,
1356 6140 220 92 inc.
1744 6136 668 116 (27-19431)
5216 6132 280 104 7848

924 6264 540 148 Elliott,
1532 6260 620 124 Thomas
2220 6260 412 124 Rose.

1092 6448 432 164 Hugh
1588 6448 512 156 Layal:
2160 6492 76 76 a
2296 6488 628 80 romance
2984 6444 152 124 of
3200 6444 228 124 the
3488 6448 232 160 Up
3788 6456 616 152 country,
4460 6448 176 164 by
4704 6448 152 124 T.
4932 6448 160 124 R.
5164 6444 524 132 Elliott.

928 6636 332 124 New
1316 6632 436 160 York,
1804 6636 292 124 The
2148 6632 800 124 Macmillan
3008 6672 712 120 company,
3788 6628 356 132 1927.

1092 6840 76 76 x
1176 6824 116 116 ii,
1360 6832 60 92 1
1488 6832 36 92 l
1540 6904 52 36 .,
1656 6828 204 96 263
1920 6840 108 100 p.
2168 6828 752 108 19½ͨͫ.

932 6940 124 108 ©
1136 6964 304 116 Sept.
1504 6964 164 116 20,
1740 6964 336 108 1927;
2152 6964 160 96 2c.
2384 6964 228 92 and
2684 6960 196 100 aff.
2956 6960 308 120 Sept.
3332 6964 200 108 21;
3604 6964 100 92 A
3776 6960 544 116 1007078;
4400 6960 672 100 Macmillan
5140 6992 164 68 co.

1116 7096 672 116 (27-19412)
5216 7096 284 100 7849

932 7224 552 148 Farnol,
1564 7224 588 148 Jeffery.

1108 7408 220 140 [Ol
1340 7412 480 124 d-time
1896 7408 372 164 prize
2344 7408 48 120 f
2392 7408 28 120 i
2440 7408 316 164 ghts
2972 7408 592 128 Famous
3640 7408 452 168 fights.
4252 7408 360 124 How
4688 7412 492 164 Paddy
5260 7412 436 140 Ryan,

928 7596 212 124 his
1204 7592 268 164 jaw
1536 7592 508 128 broken
2112 7592 244 128 but
2416 7596 688 124 dauntless
3168 7608 140 112 to
3372 7592 232 128 the
3668 7592 304 164 end,
4036 7596 268 124 lost
4360 7596 228 124 the
4656 7592 1040 164 championship

928 7796 136 108 to
1132 7780 372 128 John
1572 7780 152 124 L.
1800 7776 672 132 Sullivan.

1124 7972 116 116 (I
1244 7984 76 76 n
1400 7964 480 104 London
1960 7964 492 124 Weekly
2528 7964 612 128 dispatch)

940 8100 120 116 ©
1124 8112 56 88 1
1172 8120 112 88 c.
1344 8108 276 112 July
1676 8108 168 112 26,
1908 8108 332 112 1927;
2308 8108 100 92 A
2464 8112 148 92 ad
2676 8108 208 100 int.
2944 8108 336 112 9811;
3348 8112 340 112 pubd.
3756 8116 120 88 M
3880 8140 144 84 ay
4084 8112 196 96 29;
4356 8112 304 96 John
4724 8108 444 116 Jeffery
5232 8112 456 112 Farnol,

1100 8244 488 92 Preston
1660 8244 348 108 Park,
2080 8244 604 116 Brighton,
2764 8244 560 116 England.
5216 8244 280 100 7850

932 8364 340 148 Fay,
1360 8364 588 132 Charles
2028 8368 680 148 Norman,
2800 8376 316 120 1848
3120 8448 80 12 –

1112 8552 452 128 Social
1660 8552 552 160 justice;
2320 8552 228 124 the
2644 8556 432 120 moral
3180 8556 156 120 of
3432 8556 232 124 the
3760 8556 484 164 Henry
4348 8560 372 124 Ford
4832 8556 592 160 fortune,
5520 8556 168 164 by

944 8732 560 132 Charles
1632 8736 608 128 Norman
2368 8740 300 160 Fay
2752 8748 88 132 …
3156 8736 868 168 Cambridge,
4152 8744 452 160 Mass.,
4728 8744 288 128 The
5144 8744 544 132 Cosmos

936 8964 412 116 press,
1432 8928 352 116 1926.

1116 9120 64 80 x
1200 9112 144 112 vi,
1408 9112 236 108 269,
1712 9160 24 72 [
1744 9116 60 92 1
1816 9160 24 72 ]
1912 9144 104 84 p.
2160 9112 304 100 illus.
2532 9116 472 116 (ports.)
3088 9116 428 116 diagrs.
3660 9116 752 104 19ͨͫ.

948 9204 120 112 ©
1164 9248 308 112 Sept.
1552 9248 168 112 25,
1812 9248 328 92 1926;
2236 9252 160 96 2c.
2488 9248 284 116 Aug.
2860 9252 164 100 10.
3116 9252 336 112 1927;
3548 9252 196 100 aff.
3840 9256 304 116 Sept.
4236 9256 192 100 10:
4528 9264 88 88 A
4708 9256 544 104 1004118:
5348 9256 116 100 C.
5552 9256 132 96 N.

1108 9384 272 112 Fay,
1464 9384 716 116 Cambridge,
2264 9368 344 116 Mass.
2776 9384 668 120 (27-19686)
5216 9388 276 104 7851

3180 9624 320 120 1180
