5968 10284
780 1024 196 124 Mi
984 1024 44 124 l
1036 1064 216 108 ne,
1328 1020 364 128 Alan
1768 1020 848 128 Alexander.

948 1248 200 120 Us
1216 1256 308 112 two.

960 1432 48 120 (
1020 1432 60 104 I
1088 1468 76 68 n
1220 1428 380 124 Royal
1684 1428 664 124 magazine,
2432 1428 316 120 Feb.,
2836 1428 344 116 1927)

792 1592 116 116 ©
972 1612 164 96 1c.
1196 1612 292 92 Mar.
1548 1608 160 112 17,
1768 1604 340 112 1927;
2176 1608 96 88 A
2328 1608 148 88 ad
2536 1604 120 92 in
2668 1608 48 88 t
2728 1680 16 20 .
2808 1604 64 92 9
2880 1604 128 92 14
3020 1600 60 96 6
3124 1628 20 84 ;
3212 1604 340 112 pubd.
3616 1604 260 92 Jan.
3940 1604 132 92 22
4116 1628 20 80 ;
4204 1604 132 100 A.
4400 1604 128 100 A.
4596 1600 388 120 Milne,
5048 1608 508 100 London.

5080 1732 280 104 3365

788 1936 592 152 Mirsky,
1456 1936 576 152 Dmitry
2104 1932 968 156 Svyatopolk-,
3148 1932 508 164 prince.

948 2156 132 128 A
1168 2156 532 164 history
1788 2152 156 128 of
2032 2152 592 128 Russian
2716 2152 712 128 literature
3520 2152 368 124 from
3976 2152 232 128 the
4300 2152 540 128 earliest
4928 2152 396 132 times
5416 2168 140 116 to

780 2344 228 128 the
1092 2344 408 128 death
1580 2344 156 124 of
1816 2344 960 160 Dostoyevsky
2876 2336 460 168 (1881)
3444 2336 180 168 by
3704 2340 496 128 Prince
4284 2344 172 124 D.
4552 2336 136 136 S.
4772 2340 544 168 Mirsky
5396 2344 84 148 …

780 2536 336 124 New
1188 2528 428 164 York,
1684 2532 168 124 A.
1932 2528 168 128 A.
2176 2524 540 168 Knopf,
2792 2524 360 132 1927.

944 2740 76 80 x
1028 2728 40 96 i
1076 2756 68 68 v
1152 2804 24 36 ,
1244 2728 64 96 3
1320 2728 132 96 88
1516 2752 140 88 p.,
1728 2728 56 92 1
1860 2728 36 92 l
1912 2804 20 20 .
2068 2728 760 108 21½ͨͫ.

792 2872 116 108 ©
988 2900 272 112 Apr.
1332 2900 164 108 22,
1576 2896 336 112 1927;
1988 2896 160 96 2c.
2224 2900 232 92 and
2528 2896 200 96 aff.
2800 2896 268 96 Apr.
3144 2896 60 92 2
3220 2896 56 92 5
3320 2920 20 84 ;
3416 2896 96 92 A
3588 2896 416 96 972870
4044 2920 20 72 ;
4144 2896 412 96 Alfred
4632 2900 128 96 A.
4836 2896 428 116 Knopf,
5348 2900 216 96 inc.

980 3032 596 120 (27-9271)
5080 3028 284 100 3366

800 3328 344 124 New
1232 3324 388 128 York
1712 3324 592 164 practice
2392 3336 448 148 notes;
2936 3372 64 76 a
3096 3324 1104 164 comprehensive
4288 3324 888 164 compilation
5260 3368 304 84 con-

960 3512 544 168 taining
1580 3524 380 116 notes
2040 3512 152 128 of
2268 3512 664 128 decisions
3008 3512 548 124 handed
3636 3516 400 120 down
4124 3512 384 164 prior
4588 3524 140 116 to
4812 3512 232 128 the
5128 3524 436 116 enact-

956 3712 376 112 ment
1404 3696 196 164 of,
1680 3696 268 128 and
2028 3696 772 164 applicable
2872 3708 184 148 to,
3128 3696 232 128 the
3440 3696 372 132 Civil
3892 3696 596 164 practice
4572 3708 256 152 act,
4908 3700 232 128 the
5216 3700 360 128 rules

960 3880 156 128 of
1180 3880 324 128 civil
1572 3880 640 164 practice,
2276 3884 228 124 the
2580 3876 856 172 Surrogate's
3508 3896 388 112 court
3964 3892 256 152 act,
4288 3884 232 128 the
4588 3884 528 128 Justice
5188 3896 384 116 court

968 4080 256 148 act,
1300 4068 228 124 the
1612 4064 432 132 Court
2124 4068 152 124 of
2356 4068 472 124 claims
2912 4080 256 148 act,
3252 4068 228 128 the
3564 4068 772 160 Municipal
4420 4080 388 116 court
4892 4072 324 128 code
5304 4076 264 124 and

964 4256 232 124 the
1252 4256 332 124 New
1644 4252 388 128 York
2088 4300 64 80 c
2164 4256 204 160 ity
2428 4264 388 116 court
2876 4300 148 80 ac
3032 4264 60 116 t
3200 4264 84 144 …
3464 4252 368 164 [1927
3844 4336 28 80 ]
4032 4256 332 124 New
4432 4252 432 164 York,
4928 4256 648 164 Chicago,

968 4440 768 164 Callaghan
1816 4444 272 124 and
2168 4484 716 120 company,
2972 4440 360 128 1927.

960 4644 60 88 1
1092 4668 100 68 v.
1336 4640 552 104 27ͨͫ.

980 4800 776 116 "Companion
1816 4804 456 92 volume
2332 4808 120 92 to
2516 4800 480 100 Cahill's
3056 4800 300 100 Civil
3416 4792 616 124 practice."

800 4940 472 96 Editor:
1348 4940 304 112 1927,
1724 4940 104 96 J.
1900 4936 116 100 C.
2092 4936 416 100 Cahill.

804 5076 116 108 ©
1000 5108 268 116 Apr.
1340 5108 156 92 14,
1576 5108 336 108 1927;
1984 5108 160 96 2c.
2216 5108 232 92 and
2520 5108 192 96 aff.
2784 5108 272 112 Apr.
3128 5108 196 108 18;
3396 5104 104 96 A
3568 5108 476 108 972770;
4128 5108 644 112 Callaghan
4844 5108 84 96 &
5000 5132 160 72 co.

992 5244 596 116 (27-9390)
5088 5240 284 100 3367

804 5536 624 148 Nichols,
1504 5536 540 128 Walter
2116 5536 848 148 Hammond,
3048 5540 316 120 1866
3372 5612 84 12 —

984 5756 592 160 Cowboy
1684 5756 504 160 Hugh;
2300 5756 228 124 the
2636 5756 568 160 oydssey
3320 5752 256 160 [!]
3636 5752 152 128 of
3888 5800 76 80 a
4072 5756 300 160 boy,
4480 5756 176 160 by
4760 5756 524 128 Walter
5392 5756 180 124 H.

812 5944 628 160 Nichols;
1528 5940 780 128 illustrated
2392 5940 180 164 by
2652 5940 252 128 Joe
2984 5944 208 124 De
3272 5944 448 160 Yong.
3904 5940 332 128 New
4320 5940 428 164 York,
4840 5940 288 128 The
5212 5940 360 128 Mac-

812 6128 472 128 millan
1372 6172 716 120 company,
2176 6128 356 128 1927.

980 6328 68 96 6
1112 6352 104 92 p.
1280 6324 40 92 l
1328 6400 56 40 .,
1452 6328 204 92 284
1720 6352 104 88 p.
1888 6324 120 96 in
2016 6324 100 96 cl
2132 6400 20 24 .
2224 6324 408 116 plates.
2776 6324 356 96 front.
3276 6320 752 116 19½ͨͫ.

820 6492 112 108 ©
1000 6496 272 116 Apr.
1328 6496 64 92 2
1404 6496 60 92 6
1476 6572 16 36 ,
1560 6496 336 108 1927;
1956 6496 164 96 2c.
2180 6504 228 88 and
2476 6492 192 96 aff.
2732 6496 272 112 Apr.
3064 6496 196 104 27;
3332 6496 96 92 A
3488 6492 64 96 9
3564 6492 200 96 729
3772 6492 132 96 03
3944 6520 20 84 ;
4040 6492 672 96 Macmillan
4780 6520 160 68 co.

1000 6628 328 120 (27-9
1336 6632 60 92 3
1408 6628 188 112 09)
5092 6624 280 100 3368

816 6924 772 148 Normand,
1660 6924 608 152 Jacques
2348 6924 424 148 Clary
2844 6924 396 148 Jean,
3328 6928 316 116 1848
3652 7000 84 12 –

1120 7152 76 132 …
1272 7144 192 124 Le
1600 7140 532 160 caprice
2272 7144 228 124 des
2640 7144 476 124 heures
3240 7140 796 164 (Provence,
4176 7140 776 160 Versailles,
5092 7140 464 164 Paris)

816 7328 432 160 Paris,
1336 7328 1116 164 Calmann-Lévy
2544 7328 460 156 [ͨ1927]

976 7528 64 96 3
1104 7556 104 84 p.
1268 7528 40 92 l
1320 7600 52 40 .,
1440 7528 120 112 ii,
1624 7528 200 96 351
1892 7552 104 88 p.
2140 7528 48 88 1
2208 7524 608 112 9ͨͫ
2396 7604 20 20 .

980 7696 152 92 At
1196 7692 296 96 head
1564 7692 128 92 of
1752 7688 324 100 title:
2152 7688 500 116 Jacques
2716 7688 628 100 Normand.

980 7828 440 96 Poems.

824 7968 120 116 ©
1024 7996 292 92 Mar.
1384 7992 96 108 2,
1556 7988 336 108 1927;
1972 7992 56 88 1
2040 7992 88 92 c.
2208 7988 292 96 Mar.
2572 7988 196 108 24;
2848 7988 100 92 A
2948 8044 140 8 —
3096 7988 92 92 F
3196 8012 60 68 o
3272 7988 316 112 reign
3664 7988 60 92 3
3736 7988 60 92 3
3808 7980 136 92 64
3948 7988 60 92 8
4048 8012 24 88 ;
4156 7988 80 96 C
4248 7992 108 92 al
4372 8016 108 64 m
4492 8016 56 68 a
4568 8016 192 68 nn-
4760 7980 240 116 Lév
5008 8020 104 84 y.

1012 8124 596 116 (27-9951)
5096 8120 284 100 3369

816 8412 1092 128 Northwestern
1984 8420 684 144 reporter.

996 8636 844 156 Temporary
1900 8632 444 124 North
2408 8632 612 124 Western
3092 8632 444 160 digest
3596 8628 156 128 of
3812 8636 596 120 volumes
4468 8636 240 120 201
4712 8712 88 12 –
4800 8636 288 152 210,
5136 8632 444 124 North

828 8832 616 108 Western
1512 8828 656 148 reporter,
2228 8816 176 156 by
2468 8816 228 124 the
2756 8816 444 124 editor
3208 8816 32 120 i
3264 8860 72 80 a
3348 8816 44 120 l
3456 8816 268 124 staf
3708 8816 68 124 f
3840 8816 156 124 of
4056 8820 232 120 the
4348 8816 728 124 American
5144 8816 376 164 diges
5528 8828 60 112 t

828 9016 532 132 system.
1524 9000 196 128 St.
1792 9000 396 160 Paul,
2252 8996 384 128 West
2704 9000 800 160 publishing
3568 9040 708 120 company,
4356 8996 356 128 1927.

1004 9200 160 112 iii,
1240 9196 60 92 5
1308 9192 64 92 6
1380 9196 60 96 9
1512 9220 100 92 p.
1752 9196 752 108 24½ͨͫ.

840 9336 116 112 ©
1040 9368 284 92 Mar.
1400 9364 92 112 7,
1572 9364 56 92 1
1640 9364 64 92 9
1708 9364 196 112 27;
1984 9364 64 92 2
2056 9388 60 72 c
2128 9440 16 20 .
2224 9388 56 68 a
2300 9364 152 92 nd
2528 9360 164 96 aff
2704 9436 16 24 .
2800 9364 184 92 Ma
3000 9388 72 84 y
3144 9360 196 112 16;
3420 9364 100 92 A
3596 9364 132 92 99
3732 9360 136 96 00
3872 9364 64 92 3
3944 9364 60 92 3
4048 9388 20 88 ;
4156 9360 320 96 West
4548 9360 224 120 pub
4780 9364 32 92 l
4828 9360 384 112 ishing
5288 9384 124 72 co
5428 9436 16 24 .

5100 9492 284 100 3370

3112 9628 240 116 514
