5968 10284
1032 908 628 148 Whalen,
1748 904 600 128 William
2428 900 612 152 Wilfrid,
3128 908 312 120 1886
3444 980 68 12 –

1208 1132 292 124 The
1584 1128 276 164 girl
1944 1128 300 124 who
2336 1124 544 160 fought,
2968 1124 172 160 by
3228 1124 344 124 Will
3660 1124 204 124 W.
3956 1124 616 128 Whalen.
4756 1116 192 136 St.
5044 1124 412 128 Louis
5540 1132 244 128 and

1044 1320 608 156 London,
1724 1320 160 120 B.
1956 1312 544 128 Herder
2572 1308 352 132 book
2992 1356 236 112 co.,
3304 1304 360 128 1927.

1196 1516 64 96 3
1336 1540 104 92 p.
1516 1516 36 92 l
1568 1588 56 40 .,
1696 1508 208 100 295
1980 1536 104 88 p.
2228 1504 708 120 19ͨͫ.

1208 1688 308 92 "The
1588 1708 60 72 e
1656 1708 76 68 x
1740 1708 280 68 -nun
2092 1680 100 96 is
2268 1680 196 96 the
2540 1680 396 112 sequel
3012 1680 116 96 to
3200 1676 244 96 The
3516 1672 228 120 girl
3824 1676 256 96 who
4148 1672 524 116 fought."

1032 1836 120 108 ©
1224 1860 272 112 Apr.
1560 1860 96 112 5,
1724 1856 336 108 1927;
2136 1852 160 96 2c.
2360 1852 276 116 Apr.
2700 1852 128 108 9;
2900 1848 200 100 aff.
3164 1848 276 116 Apr.
3508 1848 124 112 8;
3704 1848 100 96 A
3868 1848 480 112 972699;
4428 1852 132 96 B.
4628 1852 452 96 Herder
5152 1852 292 96 book
5512 1880 152 72 co.

1216 1992 604 120 (27-7722)
5324 1984 276 100 2674

1036 2284 684 148 Whitten,
1800 2284 416 148 Mary
2296 2280 524 128 Street.

1200 2504 484 168 Lyrics
1788 2500 224 128 for
2112 2500 300 128 lads
2516 2500 272 124 and
2892 2500 452 156 lasses,
3444 2500 184 160 by
3732 2492 408 172 Mary
4252 2492 448 132 Street
4804 2492 632 132 Whitten
5544 2500 248 132 and

1036 2692 484 128 Julian
1624 2684 492 136 Street.
2300 2684 336 128 New
2740 2680 436 164 York,
3272 2680 620 164 London,
3996 2684 172 124 D.
4276 2680 712 168 Appleton
5088 2684 272 128 and
5464 2728 328 84 com-

1040 2920 408 124 pany,
1516 2872 356 132 1927.

1200 3072 120 92 ix
1332 3144 20 40 ,
1420 3068 140 96 48
1620 3096 104 88 p.
1868 3060 516 116 20ͨͫ.

1032 3236 128 116 ©
1232 3252 120 88 M
1356 3264 168 72 ar.
1584 3240 168 112 25,
1820 3240 336 108 1927;
2228 3236 164 100 2c.
2456 3236 232 96 and
2756 3236 128 96 af
2876 3232 48 96 f
2936 3312 20 20 .
3028 3236 292 96 Mar.
3384 3240 64 84 2
3456 3236 64 92 9
3560 3256 24 88 ;
3656 3236 96 92 A
3824 3244 68 92 9
3892 3232 408 112 72291;
4376 3236 104 88 D
4492 3308 20 24 .
4584 3232 572 116 Appleton
5224 3236 88 96 &
5380 3260 124 72 co
5520 3312 20 20 .

1216 3380 604 116 (27-7623)
5324 3368 276 100 2675

1032 3668 1024 148 Wickersham,
2136 3668 736 128 Cornelius
2944 3660 668 152 Wendell,
3692 3672 320 116 1884
4016 3744 84 12 –

1200 3888 132 124 A
1412 3888 556 128 treatise
2044 3932 172 80 on
2300 3888 380 124 stock
2756 3884 580 124 without
3424 3928 256 116 par
3760 3880 396 128 value
4236 3880 156 128 of
4468 3880 660 168 ordinary
5204 3884 592 132 business

1036 4132 64 72 c
1112 4120 496 124 orpora
1620 4088 52 112 t
1684 4076 336 160 ions,
2116 4072 184 164 by
2404 4072 716 128 Cornelius
3212 4072 216 128 W.
3528 4068 944 132 Wickersham
4492 4088 76 132 …
4940 4068 860 168 (References

1044 4280 132 112 to
1264 4276 572 116 statutes
1928 4260 384 164 prior
2396 4272 140 112 to
2624 4260 636 160 January
3356 4264 108 152 1,
3556 4264 360 152 1926,
4008 4272 472 148 except
4572 4260 444 124 where
5104 4260 692 132 otherwise

1036 4452 512 164 stated)
1768 4452 392 124 With
2272 4444 940 128 introduction
3320 4444 180 164 by
3616 4444 352 124 Paul
4080 4444 172 124 D.
4372 4444 652 132 Cravath.
5216 4444 580 168 Albany,

1040 4644 160 124 N.
1272 4640 216 160 Y.,
1552 4640 188 120 M.
1820 4636 540 124 Bender
2424 4640 112 120 &
2596 4672 712 124 company,
3380 4632 1000 164 incorporated,
4456 4632 360 128 1927.

1204 4832 284 104 xxvi
1560 4860 136 92 p.,
1768 4832 60 96 1
1900 4836 36 92 l
1952 4908 56 40 .,
2084 4832 204 96 188
2360 4856 104 92 p.
2608 4828 712 120 24ͨͫ.
3168 4824 312 120 $5.00

1212 5000 432 104 "Note"
1744 5004 548 96 mounted
2396 5024 144 72 on
2644 5000 300 116 t.-p.:
3048 4996 704 100 References
3852 5000 112 96 to
4068 4996 616 100 Delaware
4784 5000 512 100 statutes
5396 5028 200 68 are
5692 5008 104 92 to

1044 5148 288 92 laws
1404 5140 320 120 prior
1800 5148 120 88 to
2004 5144 192 92 the
2272 5140 276 96 1927
2624 5136 832 112 amendments,
3540 5132 384 100 which
4000 5132 476 100 contain
4552 5132 640 120 important
5276 5140 520 108 changes.

1236 5320 276 112 Apr.
1580 5316 100 112 4,
1756 5312 56 92 1
1824 5312 64 88 9
1896 5312 196 108 27;
2168 5312 164 96 2c.
2408 5312 228 92 and
2708 5308 200 96 aff.
2984 5308 268 112 Apr.
3332 5308 60 92 5
3432 5332 24 84 ;
3536 5304 100 96 A
3708 5308 68 92 9
3780 5308 132 96 72
3924 5308 60 92 5
3992 5308 56 92 1
4060 5308 68 96 0
4168 5332 20 88 ;
4276 5308 564 100 Matthew
4916 5312 456 96 Bender
5452 5312 84 96 &
5612 5336 180 88 co.,

1200 5452 216 100 inc.
1584 5448 604 120 (27-7497)
5324 5444 284 100 2676

1044 5744 696 148 Winslow,
1824 5740 600 128 Horatio
2504 5740 484 128 Gates.

1272 5968 84 144 …
1440 5960 636 168 Spring's
2136 5960 480 164 banjo;
2688 6004 76 80 a
2824 5968 956 152 portmanteau
3844 5956 708 128 historical
4608 5960 396 124 novel
5064 5960 268 124 and
5396 5960 388 164 hymn

1048 6164 136 112 to
1284 6152 472 164 youth,
1860 6148 332 128 with
2300 6192 124 80 a.
2476 6144 568 128 musical
3144 6144 1168 164 accompaniment
4416 6144 268 128 and
4792 6140 540 132 fashion
5444 6156 360 116 notes

1048 6336 152 128 of
1272 6340 228 124 the
1576 6332 520 168 period.
2256 6336 332 124 New
2664 6332 428 160 York,
3172 6332 1192 160 Frank-Maurice,
4440 6332 304 160 inc.,
4824 6332 356 124 1927.

1208 6532 64 96 6
1324 6560 104 88 p.
1484 6532 40 96 l
1536 6600 60 48 .,
1656 6528 136 96 15
1796 6584 68 12 –
1864 6528 240 116 266,
2172 6576 28 72 [
2204 6528 60 96 1
2272 6548 28 80 ]
2372 6556 108 88 p.
2620 6524 712 116 19ͨͫ
2876 6600 24 24 .

1208 6696 152 100 At
1416 6700 300 92 head
1780 6696 124 96 of
1960 6696 320 96 title:
2352 6692 500 100 Horatio
2916 6692 588 100 Winslow.

1088 6860 72 112 ©
1232 6872 292 92 Mar.
1584 6868 88 112 1,
1732 6864 336 116 1927;
2128 6868 68 92 2
2204 6872 56 80 c
2276 6940 20 24 .
2356 6868 292 96 Mar.
2708 6864 196 112 16;
2972 6864 196 96 aff.
3228 6864 272 112 Apr.
3560 6864 196 108 11;
3820 6860 100 96 A
3976 6864 480 112 972666;
4524 6860 1000 116 Frank-Maurice,
5588 6864 208 96 inc.

1228 7004 600 116 (27-7733)
5304 6996 284 100 2677

1044 7288 412 156 Wolf,
1532 7292 580 128 Robert.

1220 7472 996 168 Springboard,
2300 7476 180 164 by
2576 7472 508 128 Robert
3172 7468 428 136 Wolf.
3776 7476 332 124 New
4200 7472 432 164 York,
4712 7472 168 128 A.
4972 7480 112 124 &
5172 7472 152 132 C.
5416 7472 384 164 Boni,

1060 7660 356 132 1927.

1212 7860 208 100 274
1488 7880 104 92 p.
1732 7856 720 112 19½ͨͫ.

1048 8024 120 108 ©
1252 8032 288 96 Mar.
1620 8032 164 108 25,
1860 8032 336 108 1927;
2280 8032 160 96 2c.
2524 8032 292 96 Mar.
2888 8032 196 108 22;
3168 8024 200 100 aff.
3444 8032 276 112 Apr.
3796 8032 128 108 9;
4008 8032 96 92 A
4180 8032 480 112 972646;
4744 8032 504 96 Thomas
5336 8032 68 96 S
5416 8056 60 68 e
5484 8032 80 96 lt
5580 8048 212 92 zer,

1208 8164 216 100 inc.
1596 8160 596 120 (27-7725)
5324 8160 280 104 2678

1052 8456 780 148 Wortham,
1908 8456 172 124 H.
2156 8456 160 124 E.

1212 8640 132 128 A
1432 8640 664 128 listener's
2188 8640 932 128 introduction
3212 8656 136 112 to
3444 8644 228 124 the
3764 8640 424 128 music
4276 8640 156 128 of
4524 8640 756 132 Smetana's
5376 8640 420 128 Bohe-

1068 8828 352 124 mian
1512 8828 532 160 caprice
2140 8828 144 124 in
2380 8828 156 160 F,
2632 8828 180 164 by
2908 8832 180 120 H.
3192 8832 160 120 E.
3452 8828 764 160 Wortham,
4320 8828 492 168 played
4912 8828 180 164 by
5188 8828 608 132 William

1052 9012 760 124 Backhaus.
1988 9008 648 136 [London]
2732 9012 288 128 The
3092 9012 580 124 Aeolian
3744 9060 232 112 co.,
4048 9012 252 124 ltd.
4388 9088 32 84 [
4440 9016 320 124 1926
4768 9088 32 80 ]

1056 9172 124 108 ©
1256 9208 160 96 1c.
1496 9208 264 96 Feb.
1840 9208 160 112 16,
2080 9208 336 108 1927;
2500 9208 96 92 A
2672 9212 152 92 ad
2900 9208 36 92 i
2944 9216 160 88 nt.
3184 9208 132 96 92
3324 9208 64 92 5
3396 9208 124 108 9;
3604 9208 344 116 pubd.
4028 9208 268 96 Dec.
4380 9208 160 124 18,
4624 9204 332 120 1926;
5044 9204 484 100 Aeolian
5604 9228 188 92 co.,

1212 9344 284 100 New
1572 9344 88 92 Y
1672 9364 60 72 o
1744 9340 168 100 rk.
2032 9340 136 120 [©
2312 9348 248 96 text
2636 9368 64 76 o
2708 9372 72 64 n
2860 9344 296 100 musi
3168 9368 56 76 c
3304 9340 316 120 roll]
5324 9336 280 108 2679

3328 9572 244 124 408
