5920 10300
444 1080 436 148 Abell,
956 1080 532 128 Walter
1564 1080 176 128 H.

612 1268 564 124 Eternal
1244 1268 876 160 springtime;
2200 1308 72 80 a
2336 1268 300 124 love
2704 1264 404 164 cycle,
3176 1264 176 164 by
3416 1264 532 128 Walter
4012 1260 184 128 H.
4264 1260 444 128 Abell.
4868 1264 308 124 Yel-

452 1452 256 124 low
772 1448 628 164 Springs,
1464 1452 480 120 Kahoe
2004 1456 104 116 &
2180 1448 532 160 Spieth,
2780 1452 356 124 1927.

620 1652 60 88 7
740 1672 100 88 p.
904 1648 32 88 l
952 1720 56 36 .,
1072 1648 60 92 7
1132 1700 72 8 –
1212 1644 128 96 75
1404 1668 100 88 p.
1644 1644 64 92 2
1716 1640 608 112 0½ͨͫ
1972 1716 24 24 .

620 1812 436 92 Poems.

640 1980 268 108 Apr.
976 1976 92 112 9,
1140 1976 332 112 1927;
1544 1976 160 96 2c.
1772 1976 272 112 Apr.
2108 1976 192 108 18;
2384 1976 192 96 aff.
2648 1976 268 112 Apr.
2984 1976 196 108 21;
3260 1976 96 88 A
3424 1976 476 100 972814;
3976 1976 408 96 Kahoe
4452 1972 84 92 &
4616 1976 432 112 Spieth.

624 2112 596 112 (27-9077)
4692 2108 284 100 3099

432 2332 580 148 Adams,
1100 2332 656 148 Thomas,
1848 2336 308 124 1871
2168 2412 84 16 —

604 2520 696 164 Planning
1372 2520 228 128 the
1668 2524 328 120 New
2068 2520 388 124 York
2528 2520 536 164 region;
3140 2564 160 80 an
3384 2520 508 124 outline
3960 2520 152 120 of
4180 2520 228 124 the
4476 2524 696 160 organiza-

440 2708 332 160 tion,
876 2752 392 116 scope
1372 2708 268 124 and
1748 2752 624 116 progress
2472 2704 156 128 of
2724 2704 232 128 the
3060 2708 668 160 Regional
3832 2708 368 160 plan,
4304 2708 176 160 by
4588 2712 592 124 Thomas

436 2892 556 128 Adams.
1172 2896 388 128 With
1644 2940 72 76 a
1796 2940 688 116 summary
2564 2892 152 124 of
2796 2892 512 124 studies
3392 2892 388 124 made
3856 2940 184 112 up
4124 2912 140 108 to
4348 2892 832 164 September,

448 3088 316 116 1926
856 3084 268 120 and
1216 3124 72 80 a
1384 3092 464 148 report
1932 3076 152 128 of
2176 3076 656 164 meetings
2928 3076 316 128 held
3336 3124 172 80 on
3596 3080 328 164 May
4012 3088 204 152 25,
4312 3088 356 116 1926.
4848 3084 328 120 New

452 3264 380 124 York
892 3268 320 160 city,
1276 3268 668 160 Regional
2016 3268 320 160 plan
2408 3260 152 128 of
2628 3264 328 124 New
3028 3264 388 124 York
3484 3268 268 120 and
3820 3268 176 120 its
4068 3268 672 152 environs,
4824 3276 352 120 1927.

608 3464 64 92 3
768 3488 100 88 p.
960 3468 40 88 l
1012 3540 56 36 .,
1168 3456 64 92 5
1232 3516 68 12 –
1304 3460 232 116 129,
1648 3452 116 108 [1]
1872 3484 100 92 p.
2116 3460 340 116 illus.,
2560 3464 408 112 plates,
3064 3484 360 92 maps.
3564 3460 680 108 23ͨͫ.
3996 3460 596 120 [Regional
4692 3468 268 108 plan
5056 3464 128 92 of

444 3600 276 92 New
796 3596 304 96 York
1168 3600 224 92 and
1464 3600 156 92 its
1688 3600 576 92 environs.
2408 3596 608 96 Bulletins.
3164 3584 156 108 12]

608 3768 176 96 On
852 3792 400 68 cover:
1324 3768 132 96 R.
1524 3768 120 92 P.
1716 3764 136 96 N.
1924 3764 124 100 Y.
2192 3764 168 100 12.

444 3904 116 108 ©
656 3924 260 112 Mar.
980 3940 164 108 25,
1216 3936 332 112 1927;
1616 3940 160 92 2c.
1844 3964 148 64 an
2004 3940 64 88 d
2136 3932 196 96 aff.
2400 3940 272 108 Apr.
2736 3940 128 100 4;
2932 3932 104 92 A
3100 3932 472 112 972469;
3652 3932 684 104 Committee
4400 3964 144 72 on
4612 3932 560 116 Regional

592 4076 276 108 plan
932 4076 120 92 of
1120 4076 276 92 New
1464 4076 312 92 York
1848 4080 80 92 &
1996 4072 156 96 its
2220 4072 572 108 environs,
2868 4072 280 92 New
3216 4072 344 96 York.
3728 4068 596 116 (27-9060)
4688 4068 212 100 310
4916 4072 60 96 0

432 4300 768 144 Ambronn,
1272 4300 660 144 Richard,
2016 4304 316 116 1887
2332 4376 88 12 –

596 4488 152 116 M
756 4488 572 124 ethoden
1456 4484 236 124 der
1816 4484 984 160 angewandten
2924 4484 796 164 geophysik,
3848 4528 264 80 von
4240 4488 200 124 dr.
4568 4484 608 128 Richard

428 4672 716 124 Ambronn
1236 4676 92 136 …
1488 4672 256 124 mit
1836 4680 160 116 84
2084 4672 964 160 abbildungen.
3224 4672 616 124 Dresden
3936 4672 280 124 und
4312 4672 616 160 Leipzig,
5028 4676 148 120 T.

440 4856 816 164 Steinkopff,
1332 4864 360 120 1926.

596 5056 196 112 xii,
856 5056 136 92 25
996 5048 64 88 8
1124 5080 104 88 p.
1360 5056 336 108 illus.,
1768 5052 428 108 diagrs.
2328 5056 1096 104 21½ͨͫ.
2844 5048 32 112 (
2896 5048 320 96 Adde
3236 5056 60 88 d
3380 5048 276 120 t.-p.:
3728 5048 1156 100 Wissenschaftliche
4952 5056 228 92 for-

428 5188 1048 116 schungsberichte.
1620 5184 1512 100 Naturwissenschaftliche
3208 5188 316 92 reihe
3616 5196 76 104 …
3860 5188 180 96 bd.
4212 5188 152 116 XV)

592 5356 1552 100 "Literatur-verzeichnis":
2248 5384 100 88 p.
2444 5360 516 96 212–244.

492 5520 72 112 ©
636 5524 120 88 M
752 5532 148 92 ay
956 5532 168 104 22,
1192 5528 332 108 1926;
1668 5520 144 112 1c.
1828 5528 244 96 Oct.
2144 5524 68 92 8
2244 5552 20 84 ;
2336 5528 340 92 A—F
2684 5552 64 68 o
2756 5524 244 96 reig
3004 5552 76 64 n
3144 5528 404 108 32262;
3624 5524 528 100 Theodor
4228 5524 676 116 Steinkopff.

620 5664 532 112 (26-2244
1168 5668 60 88 8
1248 5668 36 108 )
4692 5660 280 100 3101

440 5888 260 124 Am
716 5928 80 84 u
816 5888 480 148 ndsen,
1368 5888 436 124 Roald
1876 5884 872 152 Engelbregt
2816 5884 772 152 Gravning,
3668 5892 316 120 1872
3988 5964 84 12 –

604 6080 376 124 First
1076 6076 604 164 crossing
1780 6072 152 128 of
2028 6076 228 124 the
2356 6072 392 164 polar
2836 6116 264 116 sea,
3192 6072 176 164 by
3464 6072 448 128 Roald
4004 6076 796 124 Amundsen
4904 6080 260 124 and

440 6264 568 128 Lincoln
1100 6260 812 160 Ellsworth;
2008 6260 336 124 with
2444 6260 760 124 additional
3304 6260 624 160 chapters
4024 6260 176 164 by
4292 6260 388 124 other
4772 6308 400 80 mem-

436 6452 296 128 bers
828 6452 152 124 of
1072 6452 228 124 the
1392 6448 820 164 expedition.
2396 6444 328 128 New
2824 6444 424 160 York,
3344 6444 532 164 George
3972 6448 184 124 H.
4252 6452 472 120 Doran
4824 6492 344 84 com-

440 6680 404 124 pany,
924 6636 356 124 1927.

604 6864 72 64 x
756 6860 132 88 p.,
964 6840 52 88 1
1100 6844 36 88 l
1152 6904 52 44 .,
1276 6832 128 96 13
1412 6888 72 8 –
1484 6832 204 96 324
1756 6856 104 88 p.
2036 6828 388 112 front.,
2504 6832 52 92 1
2636 6828 340 112 illus.,
3048 6828 404 112 plates,
3524 6832 388 108 ports.,
3988 6828 284 100 fold.
4344 6856 296 88 map,
4724 6832 452 100 facsim.

436 6972 772 108 24ͨͫ.

604 7144 84 96 C
700 7152 88 80 O
792 7152 512 84 NTENTS.
1264 7196 140 8 —
1412 7140 352 92 Plans
1848 7140 224 92 and
2156 7132 848 120 preparations.
3012 7188 140 12 —
3152 7132 244 96 The
3484 7132 444 116 hangar
4012 7136 224 92 and
4336 7136 192 96 the
4616 7140 556 116 mooring-

444 7288 388 104 masts,
928 7280 144 112 by
1156 7280 100 92 J.
1344 7276 112 92 H
1464 7272 60 96 ö
1536 7300 232 68 ver.
1772 7328 140 12 —
1900 7272 536 112 Waiting
2516 7276 124 92 at
2732 7272 68 96 S
2812 7296 68 64 v
2888 7268 444 96 albard.
3336 7320 140 16 —
3488 7268 336 96 From
3916 7272 352 96 Rome
4364 7284 112 84 to
4572 7276 592 96 Svalbard.

440 7420 140 112 by
672 7416 124 100 G.
888 7412 1240 112 Amundsen.—Ready
2216 7408 188 96 for
2496 7408 192 96 the
2772 7404 728 96 start.—The
3584 7408 564 92 members
4232 7408 124 96 of
4444 7412 188 92 the
4724 7416 444 112 expedi-

444 7556 844 96 tion.—Across
1376 7552 196 92 the
1664 7552 328 108 polar
2080 7568 228 72 sea.
2312 7596 144 12 —
2456 7544 244 92 The
2784 7540 492 116 journey
3368 7544 360 92 home.
3736 7596 140 12 —
3884 7544 312 92 Back
4292 7552 112 88 to
4496 7548 664 116 Norway.—

440 7696 240 92 The
752 7688 672 116 navigation
1500 7708 268 72 over
1848 7684 188 96 the
2108 7680 328 116 polar
2508 7704 232 88 sea,
2816 7680 148 112 by
3040 7680 144 92 H.
3264 7676 1604 124 Riiser-Larsen.—Weather
4944 7692 220 92 and

444 7828 512 96 weather
1072 7824 584 112 warnings
1768 7816 420 116 during
2304 7816 192 96 the
2612 7816 332 116 polar
3060 7812 368 112 flight,
3536 7812 148 116 by
3800 7816 124 96 F.
4044 7820 1132 116 Malmgren.—The

444 7960 604 120 "Norge's"
1148 7960 324 96 radio
1568 7956 432 96 station
2096 7956 228 92 and
2420 7956 196 92 the
2712 7948 328 96 radio
3136 7948 436 96 service
3664 7976 148 68 on
3900 7956 392 112 board,
4392 7956 148 116 by
4632 7960 132 96 B.
4860 7960 312 96 Gott-

440 8104 392 96 waldt.

448 8264 116 112 ©
632 8276 272 108 Apr.
968 8272 164 108 15,
1204 8268 332 104 1927;
1612 8268 160 92 2c.
1840 8264 268 108 Apr.
2180 8260 196 96 18:
2456 8252 192 100 aff.
2720 8256 268 112 Apr.
3060 8252 188 112 16;
3328 8256 100 88 A
3492 8268 68 88 9
3564 8252 404 116 72756;
4048 8260 436 116 George
4556 8268 144 92 H.
4780 8268 392 96 Doran

600 8436 124 68 co
740 8488 16 16 .
928 8404 592 120 (27-9056)
4688 8396 288 100 3102

432 8632 688 144 Barnard,
1192 8628 484 124 James
1744 8620 452 148 Lynn,
2284 8616 320 124 1867
2600 8692 92 12 –

608 8816 540 164 Epochs
1216 8812 148 124 of
1436 8808 428 124 world
1936 8844 668 124 progress,
2672 8800 176 160 by
2920 8800 132 124 J.
3124 8800 404 160 Lynn
3604 8800 636 128 Barnard
4328 8824 88 136 …
4548 8812 268 124 and
4896 8812 280 160 Ag-

440 9048 284 80 new
788 9000 116 128 O
928 9100 24 24 .
1012 8992 460 132 Roorb
1484 9036 72 80 a
1564 8992 164 124 ch
1800 9008 84 136 …
2084 8988 332 124 New
2484 8980 428 160 York,
2972 8980 180 124 H.
3220 8980 288 124 Hol
3516 8996 56 108 t
3632 8984 268 128 and
3960 9028 672 128 company
4720 9000 444 156 [ͨ1927]

604 9220 108 84 x,
772 9196 232 108 764,
1060 9216 76 68 x
1144 9184 40 88 l
1192 9188 160 92 vii
1408 9212 104 88 p.
1656 9184 172 96 col
1840 9260 20 20 .
1920 9180 392 108 front.,
2376 9176 344 112 illus.,
2780 9196 360 88 maps.
3284 9172 752 124 20½ͨͫ.

604 9356 560 100 Contains
1232 9356 680 88 references.

500 9496 72 128 ©
644 9496 268 112 Apr.
988 9492 160 108 16,
1228 9488 332 100 1927;
1640 9484 160 92 2c.
1880 9480 224 92 and
2180 9476 196 96 aff.
2452 9476 272 112 Apr.
2796 9472 196 108 21;
3076 9476 96 88 A
3244 9472 476 112 967997;
3804 9476 400 116 Henry
4284 9480 284 96 Holt
4644 9484 84 96 &
4808 9512 156 72 co.

624 9628 596 116 (27-9182)
4692 9612 284 116 3193
