2886 3920
2580 139 53 32 687

65 261 423 27 MINNEAPOLIS-HONEYWELL
511 260 181 24 REGULATOR
715 260 50 25 CO.

106 296 199 25 INDUSTRIAL
327 295 174 24 DIVISION.

104 330 177 30 Honeywell
308 329 160 24 calendar
492 325 91 32 1967.
632 329 92 29 Appl.

145 365 135 24 author:
308 364 137 23 Charles
469 364 33 24 W.
533 364 153 26 Proctor,
714 363 52 24 Jr.

186 396 627 32 © Minneapolis-Honeywell Regulator
146 433 72 28 Co.,
247 431 198 26 Industrial
470 432 175 26 Division;
673 425 155 33 28Oct66;

145 462 153 32 A890807.

51 519 219 27 MINNEAPOLIS
295 521 181 24 INSTITUTE
499 522 37 23 OP
557 522 94 25 ARTS.
701 522 56 24 See

92 556 58 24 THE
172 556 221 26 MINNEAPOLIS
418 557 179 24 INSTITUTE
621 558 37 23 OF
679 557 79 26 ARTS

133 592 174 24 BULLETIN.

57 639 57 23 THE
137 639 219 24 MINNEAPOLIS
382 641 179 23 INSTITUTE
584 642 39 23 OF
647 642 76 24 ARTS

98 673 173 26 BULLETIN.
318 675 136 27 Vol.55,
484 671 91 31 1966.
624 675 237 30 Minneapolis,

95 706 220 30 Minneapolis
340 708 179 24 Institute
545 710 36 22 of
606 710 91 24 Arts.
748 711 37 27 77
807 716 33 23 p.

136 741 601 30 © Minneapolis Institute of Arts;
95 771 153 32 24May67;
278 776 153 28 A915290.

57 846 154 28 MINNEAR,
239 845 32 25 F.
300 846 32 23 L.

98 880 198 28 Laboratory
319 879 120 24 manual
465 880 56 22 for
544 879 138 24 General

140 913 193 30 chemistry.
382 913 36 31 By
442 913 32 25 F.
503 913 32 25 L.
562 914 142 24 Minnear
725 914 18 23 &

139 948 133 24 others.
318 944 60 27 4th
403 950 52 21 ed.
504 948 154 29 Dubuque,
683 948 36 24 W.
748 949 31 23 C.

138 980 621 28 Brown Book Co. 111 l © F. L.
137 1015 156 29 Minnear,
320 1016 32 23 J.
378 1016 36 23 W.
443 1016 154 28 Broberg,
625 1016 32 23 F.
686 1016 33 23 H.

139 1048 96 24 Sands
258 1050 18 21 &
301 1049 32 24 H.
362 1049 32 24 G.
424 1049 194 29 Heggeness;
645 1044 155 34 21Dec66;

137 1077 156 33 A882135.

52 1128 194 27 MINNESOTA.
295 1130 139 24 UNIVERS
440 1131 72 23 ITY.

91 1163 58 24 The
172 1162 160 24 American
358 1163 177 23 student's
561 1164 141 23 freedom
724 1163 36 25 of

133 1196 216 29 expression,
377 1202 17 17 a
419 1198 158 22 research
601 1198 196 29 appraisal.

131 1231 58 23 See
212 1229 220 32 WILLIAMSON,
457 1232 35 25 E.
519 1232 34 25 G.

91 1272 157 23 Caroline
272 1273 136 23 Gordon.
457 1274 56 23 See
536 1274 177 30 MCDOWELL,

129 1307 183 24 FREDERICK
334 1308 33 24 P.
392 1309 36 23 W.

89 1344 196 25 Commercial
311 1345 78 23 real
414 1346 135 28 estate,
576 1346 56 23 the
658 1346 57 23 law
738 1347 58 23 and

129 1378 605 60 the problems … 7th annual refresher course. See HENNEPIN
130 1446 119 24 COUNTY
277 1443 131 35 (MINN.)
434 1446 59 24 BAR
513 1447 95 24 ASSN.

90 1485 54 24 The
170 1485 219 30 comparative
414 1486 138 30 anatomy
576 1488 56 23 and
128 1486 669 64 histology
190 1519 37 23 of
252 1518 54 25 the
332 1520 202 23 cerebellum
558 1521 77 23 from
129 1526 588 51 myxinoids
272 1554 138 29 through
436 1554 110 24 birds.
598 1556 54 22 See

130 1588 150 28 LARSELL,
312 1589 93 23 OLOF.

98 1627 76 23 Five
199 1627 175 30 evenings.
422 1630 57 23 See
500 1630 158 30 VOLODIN,

138 1661 193 26 ALEKSANDR.

97 1696 174 32 Germania,
297 1697 116 25 U.S.A.
461 1697 58 24 See
542 1697 157 30 IVERSON,
725 1696 94 26 NOEL.

101 1739 35 24 H.
163 1738 34 25 L.
223 1738 156 24 Mencken.
429 1737 56 23 See
507 1736 138 29 WAGNER,
671 1734 135 25 PHILIP.

95 1780 56 23 The
175 1780 98 23 House
298 1779 36 22 of
358 1779 135 23 Atreus.
543 1779 56 23 See
623 1777 196 26 AESCHYLUS.

97 1814 215 32 Imaginative
336 1816 223 30 programming
583 1816 36 24 in
642 1816 181 31 probation

135 1850 55 22 and
214 1849 134 29 parole.
401 1851 54 22 See
480 1851 92 29 KEVE,
605 1852 78 23 PAUL
703 1852 32 24 W.

95 1890 176 24 Institute
297 1896 35 17 on
356 1891 180 24 Minnesota
559 1891 180 31 Municipal
763 1893 58 22 Law

135 1924 56 22 and
215 1923 195 25 Procedure.
459 1926 56 23 See
539 1926 195 25 MINNESOTA.

134 1958 214 26 UNIVERSITY.
397 1960 94 24 DEPT.
521 1960 37 23 OF
581 1960 202 25 CONTINUING

135 1992 99 24 LEGAL
255 1992 195 26 EDUCATION.

97 2033 259 33 Investigating
381 2033 152 31 systems.
583 2033 55 25 See

134 2067 196 28 MINNESOTA.
378 2069 217 24 UNIVERSITY.
642 2066 181 27 MINNESOTA

136 2102 121 27 SCHOOL
275 2102 223 25 MATHEMATICS
522 2103 19 22 &
563 2101 138 25 SCIENCE
726 2099 134 26 CENTER.

99 2141 56 24 The
181 2141 96 25 James
300 2142 79 23 Ford
404 2140 76 25 Bell
506 2142 215 23 collection.
769 2140 55 25 See

138 2173 197 27 MINNESOTA.
383 2173 217 27 UNIVERSITY.
647 2173 157 27 LIBRARY.

142 2208 95 25 JAMES
260 2208 79 25 FORD
362 2208 81 25 BELL
465 2207 216 27 COLLECTION.

97 2251 95 24 James
217 2252 97 25 Gould
339 2254 154 24 Cozzens.
542 2255 56 23 See
622 2255 115 30 HICKS,

137 2287 193 27 GRANVILLE.

99 2327 75 23 Life
198 2330 57 23 and
281 2331 138 29 thought
444 2333 35 23 in
505 2333 55 23 the
585 2336 98 28 early
704 2336 120 25 Middle

135 2361 95 30 Ages.
280 2365 55 22 See
359 2366 96 30 HOYT,
482 2368 121 23 ROBERT
626 2369 53 30 S.,
707 2370 52 23 ed.

86 2402 55 27 The
165 2405 282 31 market-planned
471 2413 141 25 economy
634 2409 36 23 of
127 2409 648 56 Yugoslavia.
307 2441 57 24 See
389 2442 176 32 PEJOVICH,
592 2444 177 26 SVETOZAR.

91 2480 216 25 Mathematics
333 2481 57 23 for
416 2482 54 23 the
496 2481 200 29 elementary

132 2514 131 24 school.
313 2515 57 23 See
394 2515 193 25 MINNESOTA.
131 2514 625 61 UNIVERSITY.
271 2549 181 23 MINNESOTA
476 2549 119 23 SCHOOL
616 2548 221 25 MATHEMATICS

130 2581 18 22 &
172 2581 137 25 SCIENCE
334 2583 132 24 CENTER.

95 2612 176 26 Minnesota
297 2612 19 25 &
336 2612 140 25 Federal
502 2614 157 23 criminal
685 2614 57 23 law
764 2612 57 23 and

134 2646 196 30 procedure,
358 2643 97 31 1966.
501 2645 55 25 See
581 2645 137 29 GRAVEN,

134 2682 99 24 DAVID
256 2682 35 26 L.

95 2718 134 31 Objects
254 2720 57 23 and
335 2718 98 24 their
456 2717 216 30 properties.
721 2715 56 24 See

132 2752 196 26 MINNESOTA.
375 2752 218 24 UNIVERSITY.
638 2748 181 27 MINNESOTA

134 2787 119 25 SCHOOL
273 2786 220 26 MATHEMATICS
518 2787 19 23 &
559 2786 140 24 SCIENCE

134 2824 134 24 CENTER.

98 2854 175 29 Observing
296 2853 138 24 motion.
482 2850 54 25 See
560 2848 199 27 MINNESOTA.

137 2886 217 27 UNIVERSITY.
400 2884 181 26 MINNESOTA
604 2882 119 25 SCHOOL

136 2920 220 28 MATHEMATICS
381 2922 19 23 &
422 2917 140 28 SCIENCE
584 2917 135 25 CENTER.

102 2956 278 24 Practitioner's
405 2957 118 23 review
548 2957 36 22 of
609 2957 55 23 the
143 2955 664 66 organization,
304 2991 179 29 operation
506 2992 56 22 and
590 2991 217 25 termination

143 3025 36 22 of
201 3024 180 25 Minnesota
406 3025 256 29 corporations.
710 3024 55 25 See

141 3058 195 27 MINNESOTA.
385 3060 215 24 UNIVERSITY.
650 3058 140 25 GENERAL

141 3093 182 25 EXTENSION
344 3094 175 24 DIVISION.
569 3093 200 25 CONTINUING

142 3128 102 24 LEGAL
260 3129 200 25 EDUCATION.

96 3159 196 35 Principles
317 3165 36 24 of
378 3165 340 25 autonomic-somatic

136 3197 253 31 integrations.
439 3200 55 23 See
521 3200 174 30 GELLHORN,
721 3200 115 25 ERNST.

99 3230 601 30 Proceedings … May 1965. See
138 3266 198 24 CONFERENCE
359 3267 40 22 ON
420 3267 59 22 THE
501 3266 182 23 EDUCATION
704 3268 20 21 &

137 3300 159 25 TRAINING
319 3301 38 22 OF
380 3301 135 24 ACTORS,
542 3299 202 25 UNIVERSITY
767 3299 37 23 OF

137 3333 195 29 MINNESOTA,
363 3330 91 32 1965.

94 3369 135 23 Profits
256 3372 36 21 in
316 3371 57 23 the
397 3373 119 22 modern
540 3379 153 23 economy.
742 3375 57 23 See

133 3403 199 29 CONFERENCE
355 3406 39 23 ON
417 3406 261 25 UNDERSTANDING
701 3408 156 28 PROFITS,

134 3432 92 31 1964.

984 254 161 29 Randolph
1169 255 136 24 Bourne.
1352 256 56 22 See
1433 255 93 30 PAUL,
1555 255 154 26 SHERMAN.

983 291 54 26 St.
1064 291 101 24 Croix
1186 291 98 25 Trail
1308 292 157 27 country.
1511 289 56 25 See

1023 325 156 28 PURCELL,
1204 323 143 27 WILLIAM
1369 324 95 25 GRAY.

980 359 97 25 Sarah
1103 361 77 23 Orne
1204 361 135 24 Jewett.
1387 362 57 23 See
1467 362 117 29 THORP,

1019 395 162 25 MARGARET
1204 396 155 24 FARRAND.

982 428 140 29 Scaling
1146 428 56 23 and
1227 428 296 28 representation.
1573 428 56 23 See

1021 462 197 25 MINNESOTA.
1267 462 216 24 UNIVERSITY.
1531 462 181 24 MINNESOTA

1022 495 569 26 SCHOOL MATHEMATICS & SCIENCE
1023 531 134 23 CENTER.

986 562 90 29 Serf,
1109 563 172 30 seigneur,
1310 562 56 24 and
1393 562 192 30 sovereign.
1638 563 54 24 See

1025 598 133 29 WRIGHT,
1189 597 140 25 WILLIAM
1351 598 31 24 E.

984 633 99 23 Seven
1105 634 120 24 modern
1247 635 160 23 American
1431 635 114 29 poets.
1594 636 57 23 See

1024 667 116 29 UNGER,
1167 667 156 30 LEONARD,
1350 668 53 23 ed.

977 705 138 23 Studies
1143 705 33 23 in
1202 705 179 24 criticism
1403 706 56 22 and
1484 705 217 30 aesthetics,

1037 734 176 29 1660-1800.
1262 741 57 22 See
1341 740 177 29 ANDERSON,
1547 741 131 23 HOWARD.

979 774 99 24 Third
1103 775 117 25 annual
1246 777 75 23 Real
1346 777 118 24 Estate
1489 778 57 23 Law
1570 779 115 24 Forum.

1021 808 56 23 See
1101 809 198 26 MINNESOTA.
1345 811 218 25 UNIVERSITY.

1019 843 97 25 DEPT.
1145 844 37 22 OF
1206 843 199 25 CONTINUING
1428 845 101 23 LEGAL
1020 845 630 56 EDUCATION.

982 910 78 24 Time
1086 909 139 26 ordered
1248 909 133 23 events.
1430 909 57 22 See
1510 906 198 26 MINNESOTA.

1023 944 217 25 UNIVERSITY.
1287 943 181 24 MINNESOTA
1492 943 121 24 SCHOOL

1023 979 222 26 MATHEMATICS
1268 982 19 22 &
1309 979 140 24 SCIENCE
1472 979 135 24 CENTER.

981 1013 58 24 The
1063 1014 142 23 uniform
1228 1014 199 24 commercial
1451 1015 94 27 code,
1572 1021 17 17 a
1023 1019 669 59 one-day

1107 1048 153 28 seminar,
1287 1047 136 30 Friday,
1452 1047 137 30 January
1615 1049 52 27 20,

1025 1078 78 32 1967
1127 1087 35 18 or
1187 1079 175 32 Saturday,
1391 1082 137 29 January
1553 1083 53 27 21,
1636 1078 77 33 1967,

1024 1114 54 27 St.
1108 1116 91 28 Paul,
1226 1117 198 26 Minnesota.
1472 1117 55 23 See

1022 1150 199 27 MINNESOTA.
1267 1150 218 26 UNIVERSITY.
1531 1151 96 26 DEPT.
1655 1151 36 24 OF

1024 1184 201 24 CONTINUING
1247 1185 101 23 LEGAL
1368 1185 198 26 EDUCATION.

934 1255 201 27 MINNESOTA.
1180 1257 218 26 UNIVERSITY.
1443 1259 98 26 DEPT.
1568 1260 38 23 OF
976 1259 712 58 CONTINUING
1141 1290 101 27 LEGAL
1263 1292 197 27 EDUCATION.

978 1325 199 24 Commercial
1202 1326 77 25 real
1304 1327 134 30 estate,
1466 1329 56 23 the
1547 1329 58 23 law
1628 1329 58 25 and

1017 1359 607 61 the problems … 7th annual refresher course. See HENNEPIN
1018 1427 121 23 COUNTY
1167 1423 130 37 (MINN.)
1323 1428 59 24 BAR
1403 1429 94 24 ASSN.

976 1466 178 26 Institute
1179 1474 38 19 on
1238 1469 179 24 Minnesota
1442 1469 180 30 Municipal
1646 1471 59 25 Law

1016 1502 56 22 and
1100 1501 192 26 Procedure.
1342 1503 178 25 Presented
1544 1505 38 29 by
1016 1504 648 61 Continuing
1179 1535 97 30 Legal
1299 1536 196 31 Education,

1525 1538 137 25 General
1016 1537 709 57 Extension
1179 1569 173 30 Division,
1382 1571 200 32 University
1605 1573 38 23 of

1015 1602 178 24 Minnesota
1219 1605 18 21 &
1259 1603 178 27 Minnesota
1463 1605 96 25 State
1585 1606 58 24 Bar

1017 1637 76 23 Assn.
1140 1638 35 22 in
1199 1638 219 28 cooperation
1441 1640 79 23 with
1543 1640 178 26 Minnesota

1017 1671 76 24 Assn.
1137 1672 38 24 of
1197 1672 80 30 City
1301 1673 18 23 &
1338 1673 140 31 Village
1505 1674 175 31 Attorneys
1706 1675 19 24 &

1014 1705 140 24 Section
1177 1712 39 19 on
1237 1706 99 25 Local
1360 1708 198 24 Government
1583 1709 74 29 Law,

1013 1739 181 25 Minnesota
1218 1740 96 24 State
1339 1742 59 23 Bar
1422 1742 92 25 Assn.
1563 1743 38 30 251
1645 1750 32 22 p.

1018 1768 194 34 (Minnesota
1239 1773 156 27 practice
1419 1775 135 28 manual,
1585 1770 53 33 12)

1016 1812 93 28 Appl.
1138 1814 152 23 authors:
1321 1814 97 24 David
1442 1816 32 24 J.
1503 1816 139 31 Kennedy
1666 1819 19 22 &

1015 1846 702 34 others. © University of Minnesota;
1015 1876 138 31 13Jan67
1183 1875 53 35 (in
1259 1882 133 23 notice:
1423 1878 111 34 1966);
1565 1885 152 31 A900351.

980 1919 97 23 Third
1104 1918 116 25 annual
1245 1920 76 23 Real
1346 1920 118 24 Estate
1489 1921 58 23 Law
1570 1922 114 25 Forum.

1022 1952 179 24 Presented
1224 1954 40 28 by
1287 1954 197 30 Continuing
1509 1955 97 30 Legal
1023 1955 704 63 Education,
1146 1988 54 22 the
1226 1988 218 28 cooperative
1469 1994 140 25 program
1632 1990 36 23 of

1021 2021 139 24 General
1185 2021 179 24 Extension
1387 2023 153 29 Divison,
1021 2023 707 64 University
1084 2056 37 24 of
1143 2056 180 24 Minnesota
1348 2057 18 22 &
1388 2058 177 24 Minnesota
1591 2059 95 25 State

1020 2091 59 23 Bar
1105 2091 91 24 Assn.
1247 2091 35 23 in
1307 2092 219 27 cooperation
1549 2093 78 23 with
1653 2093 54 24 the

1021 2124 181 23 Minnesota
1226 2125 95 23 State
1347 2126 58 22 Bar
1427 2126 113 29 Assn.,
1570 2127 138 24 Section

1022 2158 35 23 of
1083 2158 76 23 Real
1185 2158 159 29 Property
1368 2159 72 25 Law.
1489 2160 15 23 1
1528 2166 34 19 v.
1610 2161 93 29 Appl.

1020 2191 689 68 authors: Eugene J. Farrell & Marshall K. Sigford. © University of
1023 2261 197 29 Minnesota;
1249 2259 153 33 19May67;
1431 2264 154 30 A915299.

978 2299 57 23 The
1061 2301 141 24 uniform
1225 2303 197 24 commercial
1448 2305 92 28 code,
1570 2311 14 18 a
1020 2311 669 54 one-day
1103 2335 153 29 seminar,
1285 2337 132 29 Friday,
1447 2338 139 30 January
1610 2340 52 28 20,

1021 2364 77 30 1967
1122 2374 38 17 or
1183 2368 174 31 Saturday,
1386 2371 139 30 January
1549 2373 51 28 21,
1631 2370 91 33 1967,

1019 2402 53 24 St.
1103 2402 91 30 Paul,
1223 2403 195 28 Minnesota.
1469 2406 176 26 Presented
1669 2409 38 29 by

1018 2437 202 31 Continuing
1244 2438 97 30 Legal
1363 2440 196 30 Education,
1589 2443 137 25 General

1018 2470 182 25 Extension
1223 2473 174 29 Division,
1426 2474 200 31 University
1649 2477 37 25 of

1018 2504 178 25 Minnesota
1222 2506 19 22 &
1263 2506 177 25 Minnesota
1466 2508 96 25 State
1587 2510 59 24 Bar

1021 2539 91 25 Assn.
1162 2540 15 23 1
1203 2545 31 20 v.
1286 2542 90 28 Appl.
1406 2543 152 24 authors:
1588 2545 137 25 Richard

1017 2571 724 73 W. Duesenberg & others. © University of Minnesota; 20Jan67; A900353.
936 2670 200 28 MINNESOTA.
1181 2673 218 28 UNIVERSITY.
1444 2676 97 26 DEPT.
1569 2677 38 25 OF

977 2709 158 25 ENGLISH.

976 2744 203 30 Expository
1201 2746 157 31 writing,
1387 2748 97 29 study
1508 2750 56 22 and
1018 2754 646 51 practice.
1163 2780 56 25 See
1241 2781 137 30 HUDSON,
1404 2782 120 25 GEORGE
1548 2784 53 29 C.,
1628 2784 54 25 JR.

934 2828 198 24 MINNESOTA.
1181 2828 215 25 UNIVERSITY.
1443 2829 95 25 DEFT.
1567 2829 38 24 OF

977 2863 136 29 SPEECH,
1141 2862 261 25 COMMUNICATION
1424 2866 19 22 &
1464 2864 141 23 THEATRE
1628 2865 94 24 ARTS.

977 2892 606 34 Proceedings … May 1965. See
1020 2931 200 24 CONFERENCE
1243 2931 39 23 ON
1302 2931 60 22 THE
1384 2931 182 24 EDUCATION
1587 2934 19 22 &

1017 2966 163 23 TRAINING
1202 2965 38 24 OF
1264 2966 134 28 ACTORS,
1426 2967 201 24 UNIVERSITY
1649 2967 38 24 OF

1018 2999 198 29 MINNESOTA,
1285 2996 51 32 1965.

942 3043 196 25 MINNESOTA.
1187 3042 216 26 UNIVERSITY.
1451 3043 141 24 GENERAL

983 3077 183 23 EXTENSION
1188 3075 174 27 DIVISION.
1412 3077 201 24 CONTINUING

985 3110 100 24 LEGAL
1106 3109 196 26 EDUCATION.

987 3143 279 26 Practitioner's
1291 3144 119 23 review
1432 3144 38 24 of
1492 3144 58 23 the
1027 3144 705 65 organization,
1148 3178 180 30 operation
1350 3179 57 23 and
1433 3179 219 24 termination
1675 3179 38 24 of

1025 3212 181 25 Minnesota
1232 3212 252 28 corporations.
1536 3212 176 25 Presented

1025 3247 40 27 by
1088 3245 200 29 Continuing
1310 3246 98 28 Legal
1431 3246 196 28 Education,
1026 3245 688 60 General
1127 3279 181 25 Extension
1330 3280 176 28 Division,
1533 3279 199 30 University

1026 3314 37 24 of
1087 3313 180 25 Minnesota
1290 3315 19 21 &
1331 3314 180 23 Minnesota
1534 3314 98 23 State
1654 3313 61 25 Bar

1026 3348 94 24 Assn.
1170 3347 15 23 1
1210 3354 31 17 v.
1296 3342 193 34 (Minnesota
1514 3348 158 28 practice

1025 3381 136 28 manual,
1191 3375 54 35 14)
1292 3381 76 28 Appl.
1412 3381 155 24 authors:
1593 3381 119 25 Donald

1031 3414 710 42 B. Smith & others. © University of
1033 3447 195 32 Minnesota;
1258 3451 152 32 22Apr67;
1439 3455 153 32 A915149.

1821 248 196 29 MINNESOTA.
2065 252 217 28 UNIVERSITY.
2332 256 158 26 GRADUATE

1861 285 121 26 SCHOOL
2004 288 38 24 OF
2066 289 158 25 BUSINESS
2247 292 298 27 ADMINISTRATION.

1859 321 120 25 Ethics
2003 323 57 23 and
2083 323 197 31 marketing.
2329 327 56 22 See
2409 328 136 31 NELSON,

1901 356 32 25 J.
1962 358 154 25 RUSSELL.

1863 388 120 24 Ethics
2007 391 58 22 and
2090 389 56 25 the
2173 392 197 24 securities
2394 395 155 24 markets.

1905 422 57 25 See
1987 424 135 30 NELSON,
2148 425 34 25 J.
2209 426 157 31 RUSSELL,
2395 429 51 23 ed.

1864 461 238 32 Franchising.
2152 464 57 25 See
2232 468 116 31 LEWIS,
2373 471 102 24 EDWIN
2496 473 36 25 H.

1870 503 220 26 Minnesota's
2117 505 117 24 retail
2259 506 113 24 trade.
2422 508 55 23 See

1910 537 178 32 HOLLOWAY,
2116 539 118 25 ROBERT
2257 541 35 24 J.

1872 572 159 25 Selected
2056 575 157 24 services
2240 577 36 22 in
2298 577 196 25 Minnesota.
2545 581 56 23 See

1910 606 178 31 HOLLOWAY,
2115 607 119 26 ROBERT
2257 610 34 23 J.

1869 643 222 32 Wholesaling
2116 646 36 23 in
2175 647 195 25 Minnesota.
2420 651 57 22 See

1909 677 137 30 ALEXIS,
2072 677 136 25 MARCUS.

1841 722 193 27 MINNESOTA.
2085 725 215 28 UNIVERSITY.
2350 729 161 26 GRADUATE

1882 756 121 25 SCHOOL
2025 759 39 23 OF
2084 759 162 25 BUSINESS
2269 763 296 29 ADMINISTRATION.

1882 790 54 23 See

1882 824 138 24 SOURCES
2044 827 38 23 ON
2104 828 160 25 BUSINESS
2289 831 131 25 TOPICS.

1835 905 199 25 MINNESOTA.
2081 907 217 27 UNIVERSITY.
2345 909 156 26 LIBRARY.

1878 940 98 24 JAMES
2000 942 79 23 FORD
2101 942 81 25 BELL
2205 944 215 25 COLLECTION.

1879 974 55 23 The
1959 975 98 24 James
2081 976 79 24 Ford
2183 977 78 23 Bell
2286 978 215 29 collection;
2531 986 14 17 a

1920 1007 77 24 list
2021 1009 37 23 of
2083 1010 194 30 additions,
2306 1008 195 33 1960-1964.

1919 1041 159 30 Compiled
2102 1044 37 28 by
2162 1044 79 23 John
2265 1044 118 25 Parker
2404 1047 19 21 &
2448 1047 98 23 Carol

1918 1075 135 24 Urness.
2100 1077 237 31 Minneapolis,
2365 1080 202 30 University
2591 1082 37 22 of

1917 1108 179 25 Minnesota
2123 1111 113 24 Press.
2283 1113 55 26 207
2365 1119 34 23 p.
2447 1114 52 23 NM:

1919 1143 586 34 compilation. © University of
1916 1176 199 30 Minnesota;
2142 1175 154 34 15Jun67;
2323 1177 158 32 A920758.

1832 1243 198 26 MINNESOTA.
2075 1244 219 26 UNIVERSITY.
2341 1247 182 24 MINNESOTA

1874 1277 120 24 SCHOOL
2015 1278 221 25 MATHEMATICS
2260 1279 19 22 &
2302 1280 139 24 SCIENCE
2464 1281 133 26 CENTER.

1875 1312 259 30 Investigating
2160 1315 152 28 systems.
2360 1316 79 23 Unit
2464 1312 73 29 1.6.

1914 1346 179 25 Minnesota
2118 1348 117 24 School
2260 1349 218 24 Mathematics
2504 1350 19 22 &

1915 1381 136 23 Science
2076 1382 160 29 Teaching
2261 1383 153 29 Project.
2463 1384 37 27 97
2524 1390 33 23 p.

1914 1408 728 73 (Minnemast Summer Writing Conference-Science) © University of Minnesota;
1913 1478 155 33 21Sep66;
2098 1478 153 34 A890758.

1873 1518 219 24 Mathematics
2120 1520 55 23 for
2201 1521 54 22 the
2282 1521 199 30 elementary
2506 1523 135 25 school.

1913 1552 98 23 Minne
2035 1553 79 23 math
2136 1553 59 25 and
2221 1555 136 24 science
2384 1557 159 29 teaching

1912 1587 157 28 project.
2117 1588 78 24 Unit
2221 1589 52 27 19:
2299 1590 284 29 Multiplication

1914 1621 705 68 in Squareville. 172 p. © University of Minnesota; 2Nov66; A896262.
1869 1698 220 24 Mathematics
2116 1700 56 23 for
2196 1700 56 23 the
2276 1701 201 29 elementary
2500 1703 136 24 school.

1908 1732 97 23 Minne
2030 1734 79 22 math
2132 1733 58 24 and
2215 1735 137 23 science
2378 1736 160 29 teaching

1906 1767 158 28 project.
2111 1767 79 25 Unit
2215 1764 53 27 24:
2294 1769 160 25 Addition
2477 1772 59 23 and
1910 1772 708 57 subtraction,
2113 1801 236 30 computation.
2399 1803 56 27 157
2476 1810 36 23 p.

1948 1833 666 33 © University of Minnesota; 21Oct66;
1907 1863 156 32 A896263.

1868 1906 136 28 Objects
2031 1906 56 23 and
2112 1905 97 24 their
2233 1906 216 29 properties.

1907 1939 78 24 Unit
2011 1940 71 22 1.1.
2130 1939 181 24 Minnesota
2335 1940 119 22 School
1904 1938 672 59 Mathematics
2051 1974 18 22 &
2091 1973 137 24 Science
2253 1974 161 28 Teaching
2439 1974 153 28 Project.

1909 2006 708 65 113 p. NM: revisions. © University of Minnesota; 21Sep66; A892113.
1865 2074 180 31 Observing
2065 2078 137 25 motion.
2248 2081 180 25 Minnesota
2456 2084 117 24 school

1902 2110 221 25 mathematics
2149 2114 57 23 and
2231 2115 136 24 science
2393 2117 161 31 teaching

1903 2144 157 29 project.
2108 2146 77 25 Unit
2208 2145 75 27 2.4.
2332 2150 33 28 97
2391 2157 34 23 p.
2472 2152 97 30 Appl.

1904 2177 154 25 authors:
2085 2180 121 25 Edmund
2229 2183 78 29 Bray
2328 2185 19 21 &
2370 2185 80 23 John
2469 2186 37 24 W.

1903 2211 704 38 Robson. © University of Minnesota;
1900 2242 137 33 3Feb67;
2063 2248 141 30 A901339.

1861 2284 138 29 Scaling
2023 2285 56 23 and
2105 2287 296 28 representation.
2449 2289 80 23 Unit
2554 2290 72 25 2.2.

1900 2318 178 24 Minnesota
2105 2319 117 25 School
2247 2321 219 26 Mathematics
2491 2323 19 22 &

1901 2352 137 24 Science
2062 2354 160 30 Teaching
2248 2355 153 30 Project.
2451 2353 36 31 69
2511 2364 33 22 p.

1900 2379 747 78 (Minnemast Summer Writing Conference-Science) © University of Minnesota;
1900 2451 154 33 31Oct66;
2084 2452 153 33 A890757.

1865 2496 76 23 Time
1967 2497 137 23 ordered
2130 2498 134 23 events.
2312 2499 179 24 Minnesota
2518 2500 117 25 school

1905 2531 219 23 mathematics
2148 2531 58 25 and
2232 2533 136 23 science
2396 2534 158 29 teaching

1903 2565 157 28 project.
2108 2565 78 25 Unit
2211 2566 73 27 2.3.
2332 2568 39 28 By
2393 2568 159 23 Laurence
2579 2569 31 23 J.

1902 2598 652 33 Victor. 151 p. © University of
1904 2632 198 28 Minnesota;
2128 2628 157 33 27Dec66;
2311 2630 157 32 A902544.

1812 2682 179 27 MINNESOTA
2013 2683 95 27 ASSN.
2139 2684 37 26 OF
2199 2685 79 25 CITY
2297 2684 19 25 &
2338 2684 142 27 VILLAGE

1851 2719 196 26 ATTORNEYS.

1853 2754 178 23 Institute
2057 2759 35 18 on
2117 2754 179 25 Minnesota
2319 2756 179 28 Municipal
2522 2755 60 23 Law

1893 2788 57 24 and
1975 2788 194 26 Procedure.
2219 2790 56 24 See
2299 2790 195 26 MINNESOTA.

1893 2824 214 24 UNIVERSITY.
2156 2825 95 24 DEPT.
2280 2825 37 23 OF
2341 2825 202 24 CONTINUING

1893 2858 101 23 LEGAL
2014 2858 194 25 EDUCATION.

1829 2911 181 25 MINNESOTA
2033 2910 113 24 DAILY.

1874 2947 34 22 In
1933 2945 137 23 medical
2094 2944 200 29 experiment
2319 2945 160 28 mentally
2504 2945 55 22 ill

1913 2979 75 23 take
2014 2979 58 23 LSD
2095 2980 36 21 at
2156 2980 31 23 U.
2239 2979 54 23 See
2319 2979 113 29 ENGEL,
2461 2979 114 23 HARRY.

1859 3017 60 24 MSA
1943 3018 36 22 to
2004 3017 78 23 seek
2104 3017 200 24 withdrawal
2329 3017 38 23 of
2391 3017 97 23 funds
1902 3017 649 59 invested
2046 3052 35 22 in
2107 3051 95 25 firms
2228 3053 79 22 with
2330 3052 32 24 S.
2390 3052 141 24 African

1902 3085 175 29 holdings.
2126 3085 57 25 See
2206 3086 116 29 KNOOP,
2350 3086 94 24 HANS.

1830 3163 181 25 MINNESOTA
2033 3164 162 26 DIOCESAN
2216 3165 93 26 DEPT.
2339 3166 39 24 OF
2400 3166 113 26 MUSIC.

1871 3198 57 23 See
1953 3199 201 24 PROTESTANT
2175 3200 183 23 EPISCOPAL
2379 3201 121 23 CHURCH
2522 3201 39 23 IN

1870 3232 59 23 THE
1952 3233 113 25 U.S.A.
2115 3233 180 25 MINNESOTA
2322 3229 173 35 (DIOCESE)

1870 3266 94 24 DEPT.
1992 3267 40 23 OF
2054 3267 111 25 MUSIC.

1823 3334 182 26 MINNESOTA
2027 3334 183 28 EDUCATION
2230 3334 96 27 ASSN.

1866 3372 96 25 Basic
1988 3372 179 25 financial
2192 3373 93 22 data:
2312 3372 180 23 Minnesota

1905 3406 118 29 public
2051 3405 116 25 school
2191 3406 196 29 districts,
2413 3406 163 28 February

1907 3435 93 32 1967.
2049 3440 56 22 See
2128 3438 183 25 MINNESOTA
2331 3438 182 24 EDUCATION

1903 3472 98 26 ASSN.
2047 3472 161 26 RESEARCH
2231 3473 95 24 DEPT.
