2819 3938
2478 206 64 27 1491

45 347 56 24 The
123 346 81 24 Book
227 345 37 23 of
285 344 78 29 good
387 348 93 18 news.
529 340 136 29 Pupil's
688 340 78 23 book

86 381 19 22 &
126 379 176 26 Teacher's
326 377 113 30 guide.
488 375 96 25 Grade
610 370 30 33 4,
84 374 642 64 trimester

226 414 32 27 A,
287 411 153 30 weekday.
490 408 155 29 Prepared
671 408 57 23 for

86 448 55 24 the
165 447 97 25 Board
289 447 36 22 of
348 445 117 25 Parish
488 442 179 25 Education
690 442 19 22 &

87 481 54 25 the
164 481 99 24 Board
288 481 36 23 of
348 478 219 25 Publication
590 476 37 25 of
650 476 55 23 the

86 516 158 24 American
267 513 158 24 Lutheran
449 511 132 24 Church.
628 510 97 24 Based

87 556 37 18 on
145 548 177 25 materials
348 546 156 29 provided
527 545 41 29 by
590 544 95 24 Alice
710 543 33 24 L.

86 583 138 29 Schimpf
246 582 20 23 &
286 582 57 23 The
366 581 98 24 Bible
489 580 58 23 for
568 578 57 24 all
650 577 133 29 people.

86 616 233 29 Minneapolis,
348 615 158 30 Augsburg
531 612 71 24 Pub.
631 613 112 23 House.

87 652 16 23 2
127 657 32 19 V.
211 644 71 36 (The
308 649 158 24 American
489 646 159 25 Lutheran
671 645 116 24 Church

89 691 200 30 elementary
311 685 215 34 curriculum)
573 687 93 30 Appl.

89 725 133 24 author:
251 723 157 30 Augsburg
433 722 71 24 Pub.
532 721 113 29 House,

90 759 158 29 employer
272 757 57 24 for
350 757 94 25 hire.
491 755 23 23 ©
533 755 158 29 Augsburg
715 754 73 23 Pub.

90 792 113 29 House;
271 785 113 35 11Jul67;
413 785 151 33 A934561,
594 783 133 34 934556.

60 835 56 23 The
140 835 79 24 Book
242 836 38 23 of
302 836 75 24 Good
402 838 92 27 News;
525 837 176 26 teacher's

100 870 111 28 guide.
261 871 96 23 Grade
383 867 31 32 4,
446 872 176 25 trimester
645 874 32 28 A,
99 875 685 58 weekday.
221 904 156 29 Prepared
403 906 57 23 for
485 906 53 23 the
563 907 96 24 Board
685 908 37 23 of

99 936 118 25 Parish
239 937 180 26 Education
441 940 19 22 &
485 940 53 23 the
563 941 95 24 Board
684 942 37 23 of

98 970 220 27 Publication
340 973 38 24 of
403 973 54 24 the
483 974 158 25 American
101 976 599 54 Lutheran
239 1005 131 27 Church.

420 1007 235 32 Minneapolis,
98 1011 663 58 Augsburg
198 1041 71 23 Pub.
299 1041 111 25 House.
460 1038 37 27 64
519 1048 33 23 p.

605 1039 73 34 (The
97 1046 685 52 American
198 1074 158 25 Lutheran
379 1076 119 24 Church
521 1076 200 32 elementary

97 1104 215 35 curriculum)
359 1110 91 29 Appl.
480 1110 130 25 author:
641 1112 159 30 Augsburg

96 1140 72 26 Pub.
198 1142 111 29 House,
339 1143 158 29 employer
521 1144 57 24 for
601 1145 92 25 hire.

87 1180 23 23 ©
129 1181 158 31 Augsburg
311 1182 71 27 Pub.
411 1185 112 28 House;
592 1184 113 31 11Jul67;

90 1212 149 31 A934556.

46 1258 16 23 A
88 1258 197 29 commentary
308 1263 37 18 on
369 1258 55 22 the
450 1257 118 24 Parish
591 1257 179 24 education

88 1296 116 24 survey
227 1292 112 28 guide,
367 1291 39 29 by
430 1291 77 22 Rolf
530 1292 33 23 D.
590 1290 74 24 Boe.
712 1287 37 30 49
773 1296 33 22 p.

90 1318 132 35 (Source
247 1322 95 31 book)
388 1324 95 28 Appl.
510 1323 132 24 author:
85 1323 664 65 Augsburg

187 1358 73 24 Pub.
287 1357 113 30 House,
429 1357 159 29 employer
611 1357 58 23 for
692 1357 94 23 hire.

84 1392 22 23 ©
126 1392 158 30 Augsburg
308 1391 73 24 Pub.
408 1392 112 27 House;
551 1386 152 34 15May67;

85 1421 155 33 A922038.

47 1459 96 24 God's
168 1460 116 23 church
309 1460 56 23 and
388 1465 39 23 my
451 1459 92 29 life;
572 1459 176 24 student's

86 1493 94 26 book.
230 1492 156 30 Prepared
411 1493 57 24 for
491 1493 56 24 the
569 1493 99 25 Board
694 1493 37 24 of

89 1525 620 29 Parish Education & the Board of
87 1561 219 25 Publication
330 1562 37 23 of
390 1562 55 23 the
471 1562 158 24 American

88 1595 158 25 Lutheran
269 1595 132 26 Church.
449 1596 97 23 Based
572 1600 37 19 on
630 1596 178 23 materials

86 1630 157 28 provided
266 1630 38 28 by
329 1628 95 26 Orvis
450 1630 31 23 M.
509 1629 134 26 Hanson.

85 1663 235 30 Minneapolis,
350 1664 156 30 Augsburg
532 1662 71 26 Pub.
630 1664 115 24 House.

87 1693 55 28 224
167 1703 32 23 p.
252 1691 92 35 (Core
370 1697 211 29 curriculum,
611 1697 96 23 adult

87 1726 196 35 education)
328 1731 93 29 Appl.
449 1731 134 24 author:
611 1731 158 29 Augsburg

88 1764 71 26 Pub.
187 1766 112 28 House,
329 1765 159 30 employer
511 1765 57 23 for
590 1765 94 26 hire.

86 1807 24 24 ©
128 1809 158 30 Augsburg
311 1808 72 26 Pub.
410 1810 114 28 House;
552 1805 153 35 17Aug67;

88 1838 153 34 A934554.

47 1881 96 26 God's
168 1881 117 24 church
309 1881 55 23 and
388 1885 41 23 my
451 1878 92 28 life;
572 1877 176 25 teacher's

87 1916 114 30 guide.
250 1914 155 29 Prepared
432 1914 57 23 for
512 1913 55 23 the
591 1911 97 25 Board
714 1911 36 23 of

89 1945 622 30 Parish Education & the Board of
90 1984 218 25 Publication
331 1984 37 22 of
391 1982 56 23 the
472 1980 159 25 American

89 2018 159 24 Lutheran
271 2016 133 25 Church.
451 2014 97 25 Based
574 2019 37 18 on
632 2012 178 25 materials

89 2051 156 29 provided
270 2051 39 28 by
330 2049 157 24 Theodore
513 2050 32 22 A.
571 2046 175 25 Berkland.

90 2086 157 29 Augsburg
272 2084 72 24 Pub.
371 2084 114 24 House.
532 2077 38 32 96
593 2086 32 23 p.
678 2074 92 35 (Core

90 2119 212 29 curriculum,
331 2117 97 24 adult
453 2110 195 35 education)
695 2114 92 28 Appl.

90 2154 132 24 author:
251 2151 157 31 Augsburg
434 2151 71 24 Pub.
533 2149 113 29 House,

90 2188 159 30 employer
272 2187 58 23 for
350 2185 96 25 hire.
491 2184 24 23 ©
534 2184 159 29 Augsburg
717 2182 72 24 Pub.

85 2228 112 29 House;
227 2221 152 36 17Aug67;
407 2221 153 33 A934564.

49 2278 93 25 God's
168 2279 118 23 church
310 2279 56 23 for
389 2278 96 24 God's
512 2277 172 29 faithful;

87 2313 217 24 catechist's
327 2313 115 29 guide.
490 2312 119 24 Junior
631 2312 93 29 high,

87 2348 253 28 confirmation,
369 2347 96 29 grade
490 2346 32 29 9,
552 2345 178 25 trimester
754 2347 31 22 A.

88 2381 155 29 Prepared
270 2382 56 23 for
350 2381 55 24 the
428 2381 97 23 Board
552 2381 37 23 of
612 2380 117 24 Parish

88 2415 178 25 Education
288 2415 21 23 &
330 2414 55 25 the
408 2415 99 23 Board
532 2415 36 23 of
88 2413 641 60 Publication
189 2449 37 23 of
250 2449 54 23 the
329 2449 159 24 American
511 2448 158 24 Lutheran

88 2483 132 25 Church.
267 2484 97 22 Based
389 2488 79 22 upon
490 2481 157 25 material
87 2487 643 54 provided
208 2518 37 28 by
268 2516 137 24 Gerhard
430 2517 33 23 H.
491 2516 159 24 Doermann
672 2516 19 22 &

88 2550 133 25 others.
269 2550 233 30 Minneapolis,
531 2550 158 30 Augsburg
714 2549 72 24 Pub.

88 2584 112 25 House.
250 2580 54 27 144
330 2590 32 22 p.
414 2578 72 35 (The
511 2583 159 25 American

93 2622 158 26 Lutheran
275 2624 118 25 Church
416 2622 215 36 curriculum)
679 2629 92 27 Appl.

93 2658 132 24 author:
253 2658 159 32 Augsburg
436 2660 72 25 Pub.
537 2660 112 31 House,

92 2692 159 30 employer
276 2693 56 23 for
353 2693 95 26 hire.
494 2694 22 23 ©
537 2695 157 31 Augsburg
720 2697 71 24 Pub.

92 2725 113 29 House;
235 2725 152 31 12Jul67;
417 2725 152 30 A934571.

51 2767 94 25 God's
170 2768 119 24 church
312 2768 56 24 for
392 2768 96 23 God's
514 2767 173 30 faithful;

90 2801 338 32 home-congregation
450 2802 135 23 manual.
635 2801 117 23 Junior

90 2834 355 32 high-confirmation,
473 2836 95 29 grade
594 2835 17 29 9.
90 2836 642 63 Prepared

212 2870 56 23 for
292 2871 53 22 the
372 2870 96 24 Board
494 2869 36 24 of
554 2869 118 25 Parish
90 2869 702 59 Education
191 2904 19 22 &
232 2904 54 23 the
314 2903 94 24 Board
433 2903 37 24 of
494 2902 220 25 Publication
737 2902 36 24 of

91 2937 55 24 the
171 2938 159 23 American
354 2937 156 25 Lutheran
534 2937 133 24 Church.

89 2971 135 25 Writer:
253 2971 135 24 Herbert
413 2972 31 23 F.
473 2970 194 31 Brokering.

89 3005 135 25 Editor:
252 3006 118 23 Judith
394 3005 151 24 Peacock.
595 3005 134 24 Artist:

91 3039 158 24 Marcella
272 3038 113 26 Ricks.
433 3040 39 27 32
494 3045 32 24 p.
575 3038 93 31 Appl.
92 3044 641 54 author:
212 3073 160 30 Augsburg

395 3074 70 23 Pub.
496 3073 112 28 House,
636 3073 158 29 employer

92 3112 57 24 for
171 3112 94 23 hire.
311 3109 93 30 Appl.
434 3109 115 23 states
573 3106 158 30 portions

92 3151 91 25 prev.
212 3145 72 30 pub.
314 3144 36 23 in
373 3142 136 25 Service
534 3140 79 24 book
636 3139 55 23 and

93 3180 132 29 hymnal.
270 3179 23 23 ©
313 3177 159 30 Augsburg
497 3175 70 24 Pub.
599 3174 93 24 House
702 3179 8 22 ;

94 3209 152 34 12Jul67;
274 3205 153 35 A934552.

53 3253 95 25 God's
173 3253 117 24 church
315 3253 57 23 for
395 3251 96 25 God's
516 3249 173 29 faithful;

112 3287 218 25 instructor's
354 3285 114 30 guide.
516 3284 96 24 Grade
637 3283 33 27 9.

94 3321 156 25 Produced
276 3321 56 23 for
356 3319 55 25 the
434 3319 98 24 Board
558 3319 36 22 of
619 3317 115 24 Parish

92 3355 180 25 Education
295 3354 37 24 of
355 3353 56 25 the
436 3354 159 22 American
618 3351 159 23 Lutheran

96 3389 132 25 Church.
276 3388 38 28 30
335 3393 34 23 p.
417 3386 92 29 Appl.
537 3385 134 25 author:

95 3423 158 29 Augsburg
278 3422 71 24 Pub.
377 3421 112 29 House,
518 3418 159 31 employer
701 3419 57 23 for

94 3457 94 25 hire.
234 3455 24 24 ©
277 3455 157 30 Augsburg
459 3454 72 24 Pub.
558 3453 114 28 House;

117 3486 95 35 1Aug67
221 3496 8 23 ;
257 3484 154 33 A934567.

903 333 97 25 God's
1026 331 116 24 church
1168 330 57 23 for
1247 328 97 24 God's
1371 323 171 30 faithful;

946 367 96 28 study
1066 364 93 24 book.
1208 362 119 24 Junior
1348 361 93 28 high,
945 358 683 70 confirmation,

1065 398 98 30 grade
1187 397 32 28 9,
1250 395 178 25 trimester
1452 395 31 22 A.
945 392 642 71 Prepared
1068 433 56 23 for

1149 432 55 23 the
1227 430 98 25 Board
1350 429 38 23 of
1411 425 117 26 Parish
946 425 701 67 Education
1047 467 19 23 &
1089 467 54 23 the

1167 465 98 24 Board
1291 464 36 23 of
1351 460 219 26 Publication
1594 459 36 23 of

946 503 56 23 the
1029 501 157 25 American
1209 498 159 25 Lutheran
1392 494 133 26 Church.

944 535 99 26 Based
1069 541 37 17 on
1127 532 179 25 materials
1332 529 176 25 furnished
1532 528 39 28 by

947 563 578 31 Gerhard H. Doermann & others.
947 602 234 30 Minneapolis,
1211 600 157 29 Augsburg
1394 598 70 22 Pub.
1493 595 113 24 House.

949 633 56 32 176
1029 641 32 24 p.
1113 630 72 35 (The
1213 634 156 24 American
1393 630 158 25 Lutheran

950 681 118 25 Church
1092 676 215 35 curriculum)
1355 681 93 28 Appl.
1476 680 133 24 author:

950 715 158 31 Augsburg
1133 716 71 23 Pub.
1233 715 113 29 House,
1375 714 159 30 employer
1558 714 58 23 for

949 751 94 23 hire.
1090 748 23 24 ©
1132 749 158 29 Augsburg
1315 749 72 24 Pub.
1414 748 114 29 House;

951 779 153 34 12Jul67;
1133 779 153 33 A934570.

913 822 765 34 God's gifts. Pupil's book & Teacher's
952 860 116 31 guide.
1116 859 96 25 Grade
1237 858 32 29 2,
1299 858 179 24 trimester
1501 857 31 28 A,

954 893 155 31 weekday.
1157 892 157 29 Prepared
1341 892 56 23 for
1420 891 55 23 the
1499 890 98 25 Board
1623 889 36 24 of

955 928 118 25 Parish
1095 927 181 24 Education
1299 927 19 22 &
1340 926 55 24 the
1418 925 98 24 Board
1542 924 37 24 of

955 962 219 26 Publication
1198 962 37 23 of
1259 960 55 25 the
1340 961 159 23 American
955 959 685 62 Lutheran

1016 996 134 25 Church.
1197 995 97 24 Based
1320 1001 37 17 on
1379 993 158 25 material
954 997 666 57 provided
1075 1030 39 29 by

1138 1030 76 23 Irma
1239 1028 133 26 Person.
1419 1026 235 30 Minneapolis,

955 1065 158 30 Augsburg
1139 1064 71 24 Pub.
1239 1062 113 26 House.
1400 1061 17 23 2
1441 1067 32 20 v.
1526 1055 71 34 (The

956 1099 158 24 American
1138 1097 159 24 Lutheran
1320 1097 118 23 Church
1461 1095 200 30 elementary

955 1126 216 36 curriculum)
1219 1130 93 30 Appl.
1340 1131 133 23 author:
1502 1129 158 31 Augsburg

961 1173 73 24 Pub.
1061 1172 114 27 House,
1204 1169 159 30 employer
1388 1168 57 23 for
1467 1165 94 26 hire.

959 1207 23 23 ©
1001 1206 159 30 Augsburg
1185 1204 73 24 Pub.
1285 1203 114 28 House;
1427 1195 154 34 27Jun67;

962 1237 153 32 A934573.

923 1282 97 25 God's
1045 1282 112 28 gifts;
1188 1279 175 25 teacher's
1388 1279 112 29 guide.
1551 1278 96 23 Grade
1674 1276 25 28 2,

966 1315 177 24 trimester
1167 1315 31 27 A,
1227 1314 152 28 weekday.
1430 1312 155 27 Prepared
1613 1312 51 22 for

965 1349 54 23 the
1045 1349 95 24 Board
1166 1348 38 23 of
1227 1347 118 24 Parish
1367 1346 181 24 Education
1571 1345 19 22 &
1614 1344 51 23 the

964 1384 95 23 Board
1085 1383 38 22 of
1147 1381 219 24 Publication
1389 1381 37 23 of
1452 1381 54 23 the
965 1380 663 60 American
1045 1417 159 24 Lutheran

1226 1415 133 25 Church.
1409 1413 235 30 Minneapolis,

965 1451 158 30 Augsburg
1147 1451 71 24 Pub.
1247 1450 112 24 House.
1410 1444 36 28 64
1469 1454 33 23 p.
1552 1447 91 29 Appl.

964 1485 132 24 author:
1127 1485 159 28 Augsburg
1308 1484 72 23 Pub.
1410 1483 114 28 House,

965 1519 159 30 employer
1149 1519 56 23 for
1228 1518 92 25 hire.
1368 1516 23 23 ©
1411 1516 158 30 Augsburg
1594 1516 70 24 Pub.

966 1554 110 28 House;
1108 1553 151 27 27Jun67;
1290 1548 151 32 A934572.

928 1598 95 25 God's
1048 1596 76 29 good
1152 1600 92 21 news;
1270 1590 138 31 pupil's
1432 1589 96 24 book.
1576 1586 96 25 Grade

970 1628 31 32 4,
1030 1630 178 24 trimester
1230 1629 34 26 A,
1293 1626 134 27 Sunday.
1473 1623 117 24 Course
970 1621 682 74 designer:

1130 1663 117 24 Oletta
1271 1660 95 24 Wald.
1412 1657 137 25 Artist:
1577 1657 115 26 George

968 1699 156 25 Overlie.
1171 1695 158 29 Prepared
1356 1694 56 23 for
1436 1693 55 22 the
1515 1690 96 25 Board
1637 1689 39 23 of

970 1724 626 34 Parish Education & the Board of
971 1723 703 68 Publication
1153 1765 38 23 of
1215 1764 53 23 the
1293 1762 160 25 American
1475 1759 159 24 Lutheran

969 1801 137 25 Church.
1151 1796 237 29 Minneapolis,
1415 1792 159 30 Augsburg
1600 1791 72 24 Pub.

969 1836 116 24 House.
1134 1829 37 32 96
1193 1838 35 23 p.
1281 1826 69 35 (The
1375 1828 160 25 American
969 1826 708 67 Lutheran
1031 1868 118 25 Church

1174 1865 200 29 elementary
1397 1855 218 35 curriculum)

971 1902 96 30 Appl.
1092 1902 136 23 author:
1255 1898 158 31 Augsburg
1439 1896 72 24 Pub.
1537 1896 117 25 House,

978 1946 160 30 employer
1162 1946 57 23 for
1241 1945 95 24 hire.
1382 1943 23 23 ©
1423 1943 160 31 Augsburg
1606 1944 75 23 Pub.

978 1982 114 28 House;
1121 1976 155 31 26Jul67;
1302 1974 156 33 A959176.

933 2025 95 24 God's
1053 2023 77 30 good
1156 2028 92 22 news;
1276 2020 137 30 pupil's
1437 2018 95 25 book.
1580 2017 97 24 Grade

974 2056 31 31 4,
1035 2057 179 25 trimester
1236 2057 32 27 A,
1298 2054 133 29 Sunday.
1480 2051 156 30 Prepared

974 2093 58 24 for
1055 2092 55 24 the
1136 2091 96 24 Board
1258 2089 37 24 of
1318 2088 117 24 Parish
1458 2086 181 25 Education

974 2127 19 23 &
1015 2126 55 24 the
1093 2125 99 24 Board
1218 2124 37 24 of
1279 2122 218 26 Publication
1521 2120 37 25 of
1582 2120 55 23 the

975 2161 158 24 American
1157 2158 159 24 Lutheran
1339 2156 133 24 Church.
1519 2154 98 25 Based
1643 2159 37 17 on

973 2194 179 25 materials
1177 2191 157 30 provided
1358 2191 40 28 by
1418 2188 119 26 Bertha
1560 2189 101 28 Meyer

976 2229 19 23 &
1017 2228 133 25 others.
1199 2225 132 25 Artist:
1360 2226 116 27 George
1502 2222 153 25 Overlie.

975 2261 234 30 Minneapolis,
1239 2260 158 29 Augsburg
1423 2258 71 24 Pub.
1521 2257 114 24 House.

975 2293 38 32 96
1036 2301 33 25 p.
1122 2289 217 36 (Elementary
1361 2291 213 30 curriculum,
1604 2290 54 23 the

976 2331 159 25 American
1159 2329 159 24 Lutheran
1341 2322 135 34 Church)
1523 2325 92 30 Appl.

970 2375 134 25 author:
1132 2374 159 30 Augsburg
1316 2373 71 24 Pub.
1415 2372 114 28 House,

971 2409 159 30 employer
1155 2409 57 23 for
1234 2407 94 26 hire.
1374 2406 22 23 ©
1417 2405 158 30 Augsburg
1599 2404 71 24 Pub.

972 2444 113 29 House;
1114 2438 154 32 26Jul67;
1296 2436 153 34 A934568.

931 2489 96 23 God's
1052 2488 77 30 good
1155 2493 92 22 news;
1275 2487 177 24 teacher's
1476 2485 115 30 guide.

972 2522 96 25 Grade
1094 2518 31 33 4,
1154 2521 180 24 trimester
1358 2522 30 27 A,
1417 2520 134 29 Sunday.
973 2520 681 65 Prepared
1094 2557 58 23 for

973 2554 703 61 the Board of Parish Education & the Board of Publication of
973 2626 55 23 the
1055 2625 157 24 American
1236 2623 159 25 Lutheran
1418 2622 133 26 Church.

971 2659 98 24 Based
1095 2665 37 17 on
1152 2658 180 24 materials
1357 2657 157 29 provided
1538 2658 38 28 by

971 2691 665 32 Bertha Meyer, Alma Bohling & Reva
973 2727 154 25 Nielsen.
1176 2726 233 30 Minneapolis,
1439 2726 157 29 Augsburg
1622 2725 71 24 Pub.

972 2761 114 25 House.
1135 2757 39 27 80
1196 2767 32 22 p.
1281 2755 215 35 (Elementary
974 2760 684 65 curriculum,
1076 2796 54 23 the
1156 2795 159 24 American
1338 2794 159 23 Lutheran
1520 2788 135 36 Church)

971 2839 92 28 Appl.
1091 2839 133 22 author:
1254 2839 157 29 Augsburg
1437 2839 71 24 Pub.
1536 2839 114 28 House,

970 2872 160 30 employer
1154 2873 58 22 for
1233 2872 93 25 hire.
1373 2872 24 23 ©
1415 2872 158 30 Augsburg
1599 2872 71 24 Pub.

971 2905 113 30 House;
1112 2902 153 32 26Jul67;
1295 2902 153 33 A934577.

938 2946 96 24 Grade
1061 2945 77 24 four
1162 2942 173 25 handbook.
1385 2941 56 23 New
1465 2938 214 29 curriculum,

978 2979 98 30 grade
1102 2974 32 29 4.
1183 2975 156 26 Produced
1365 2975 57 23 for
1446 2975 54 23 the
1524 2972 98 26 Board
1648 2972 37 23 of

980 3013 118 25 Parish
1121 3011 180 25 Education
1325 3010 37 23 of
1386 3010 54 23 the
1467 3008 158 25 American

980 3047 160 25 Lutheran
1163 3046 133 24 Church.
1345 3045 14 22 1
1385 3050 33 18 v.
1467 3042 92 29 Appl.

980 3081 134 25 author:
1142 3079 159 31 Augsburg
1326 3078 72 24 Pub.
1426 3077 113 28 House,

980 3115 161 30 employer
1163 3114 60 23 for
1242 3112 96 25 hire.
1385 3110 94 29 Appl.
1507 3110 117 24 states

980 3149 158 29 portions
1164 3153 92 23 prev.
1285 3147 73 28 pub.
1387 3147 37 22 in
1448 3144 95 28 Steps

980 3183 175 28 magazine.
1203 3180 23 24 ©
1245 3180 158 30 Augsburg
1429 3179 71 24 Pub.
1528 3178 113 27 House;

982 3212 133 35 2Aug67;
1145 3212 153 32 A934557.

951 3261 18 17 In
992 3252 260 26 communication
1275 3249 78 24 with
1376 3247 73 28 God;
1478 3244 176 25 student's

971 3286 94 26 book.
1115 3284 155 29 Prepared
1298 3283 55 24 for
1378 3282 54 23 the
1456 3278 98 26 Board
1580 3278 36 22 of

973 3321 118 24 Parish
1115 3319 178 24 Education
1317 3317 19 22 &
1359 3316 53 22 the
1436 3313 98 25 Board
1560 3312 36 23 of

974 3354 219 25 Publication
1216 3352 39 23 of
1277 3350 56 24 the
1357 3349 160 24 American
1540 3345 158 24 Lutheran

975 3388 133 25 Church.
1155 3385 98 26 Based
1279 3390 35 18 on
1338 3381 177 25 materials
1541 3376 156 31 provided

974 3424 37 29 by
1035 3422 119 24 Norman
1177 3418 153 25 Landvik.
1381 3414 232 26 Illustrator:

976 3456 75 24 Paul
1076 3453 215 26 Konsterlie.
1340 3450 157 29 Augsburg
1522 3446 72 25 Pub.

975 3490 115 24 House.
1139 3483 55 28 104
1218 3491 33 23 p.
1303 3479 72 34 (The
1402 3481 157 26 American

1845 321 159 26 Lutheran
2027 324 118 24 Church
2169 321 216 35 curriculum)
2432 326 93 29 Appl.

1845 358 133 23 author:
2006 359 158 29 Augsburg
2190 358 71 27 Pub.
2290 359 112 29 House,

1850 399 159 29 employer
2033 400 57 23 for
2113 400 93 25 hire.
2252 399 24 24 ©
2295 401 158 29 Augsburg
2478 401 71 25 Pub.

1851 433 112 29 House;
1992 429 153 34 17Aug67;
2175 430 153 33 A934553.

1810 481 35 23 In
1869 481 259 24 communication
2151 479 79 25 with
2253 479 72 27 God;
2354 476 178 26 teacher's

1847 514 97 29 guide
1969 514 77 24 with
2072 511 176 25 student's
2271 512 94 25 book.
2415 511 96 24 Based

1848 554 37 18 on
1909 547 176 25 materials
2110 546 158 30 provided
2293 546 38 29 by
2355 545 117 25 Norman

1849 581 152 27 Landvik.
2054 581 233 24 Illustrator:
2315 580 76 24 Paul
1849 579 623 63 Konsterlle.

2053 616 156 29 Prepared
2233 615 57 24 for
2316 615 54 24 the
2395 614 97 25 Board
2517 613 36 25 of

1851 651 117 24 Parish
1992 651 177 23 Education
2192 650 19 23 &
2234 650 55 23 the
2316 650 96 23 Board
2436 648 36 25 of

1852 684 216 25 Publication
2092 684 36 24 of
2153 684 55 23 the
2234 683 159 24 American
2417 681 157 26 Lutheran

1851 717 131 26 Church.
2031 717 234 29 Minneapolis,
2295 715 158 31 Augsburg
2478 716 69 24 Pub.

1849 751 113 25 House.
2013 751 14 23 1
2050 757 34 19 v.
2138 746 71 33 (The
2235 750 157 23 American
2417 749 158 24 Lutheran

1851 785 116 24 Church
1992 779 214 33 curriculum)
2255 783 93 30 Appl.
2375 782 134 25 author:

1855 831 156 29 Augsburg
2037 831 70 24 Pub.
2137 829 112 30 House,
2278 830 158 28 employer
2460 829 58 23 for

1853 866 92 24 hire.
1992 865 23 23 ©
2035 865 158 28 Augsburg
2219 864 70 24 Pub.
2320 863 111 28 House;

1856 893 150 35 17Aug67;
2036 893 153 33 A953860.

1810 942 157 25 Leader's
1991 941 117 24 manual
2135 940 58 23 for
2215 938 139 29 weekday
2377 936 173 30 assembly.

1851 976 179 25 Trimester
2054 975 30 29 A,
2115 970 92 31 1967.
2257 972 156 28 Prepared
2439 971 56 24 for

1851 1005 703 29 the Board of Parish Education & the
1849 1044 99 25 Board
1974 1044 36 24 of
2034 1041 220 25 Publication
2277 1041 37 23 of
2338 1041 55 23 the
2418 1040 159 24 American

1852 1079 159 24 Lutheran
2035 1077 133 24 Church.
2215 1075 135 24 Writer:
2378 1073 77 24 Ella
2481 1073 31 24 M.

1854 1114 111 23 Osten.
2014 1110 234 30 Minneapolis,
2278 1110 158 28 Augsburg
2461 1107 72 24 Pub.

1852 1138 565 37 House. 31 p. (The American
1852 1180 160 25 Lutheran
2035 1179 117 25 Church
2177 1177 200 30 elementary
1853 1176 684 68 curriculum)

1975 1215 156 24 Portions
2156 1217 94 24 prev.
2278 1212 73 28 pub.
2400 1216 18 17 in

1854 1249 136 25 Service
2013 1248 81 24 book
2117 1247 56 24 and
2197 1245 134 31 hymnal.
2379 1244 95 29 Appl.

1853 1285 133 25 author:
2015 1284 158 28 Augsburg
2199 1281 70 25 Pub.
2298 1281 113 28 House,

1854 1317 158 30 employer
2037 1317 56 23 for
2115 1316 95 23 hire.
2257 1314 23 22 ©
2300 1313 157 30 Augsburg
2483 1312 71 24 Pub.

1854 1354 112 26 House;
1996 1346 153 33 19Jul67;
2179 1345 153 33 A934558.

1820 1392 56 22 The
1900 1392 118 28 people
2044 1393 56 23 God
2123 1392 96 30 made;
2245 1394 139 28 pupil's
2408 1394 96 26 book.

1862 1426 95 23 Grade
1983 1426 33 29 2,
2045 1426 178 25 trimester
2246 1428 34 28 A,
2308 1429 134 28 Sunday.

1859 1458 137 26 Artist:
2024 1461 116 28 George
2165 1460 155 26 Overlie.
2367 1462 117 25 Course

1861 1490 644 33 designers: Ella Osten & Florence
1860 1527 135 24 Winter.
2045 1529 156 29 Prepared
2227 1529 56 23 for
2309 1530 53 23 the
2387 1530 97 25 Board
2510 1532 38 23 of

1862 1562 116 23 Parish
2002 1562 179 24 Education
2207 1563 19 22 &
2246 1564 54 23 the
2325 1565 100 23 Board
2448 1566 38 22 of

1863 1566 701 54 Publication
2042 1596 39 23 of
2105 1596 53 23 the
2184 1596 159 25 American
2365 1597 161 26 Lutheran

1858 1628 136 26 Church.
2042 1629 236 31 Minneapolis,
2305 1631 159 31 Augsburg
2487 1633 74 23 Pub.

1858 1663 116 24 House.
2022 1658 35 28 64
2080 1670 35 23 p.
2169 1658 69 36 (The
2263 1665 161 24 American
1857 1666 709 53 Lutheran
1919 1696 120 25 Church

2062 1696 199 33 elementary
2285 1696 218 35 curriculum)

1858 1743 96 29 Appl.
1979 1742 136 24 author:
2142 1741 160 30 Augsburg
2328 1740 72 24 Pub.
2427 1740 113 28 House,

1860 1775 158 30 employer
2044 1776 56 23 for
2121 1776 95 23 hire.
2265 1773 22 23 ©
2305 1773 159 30 Augsburg
2489 1774 72 23 Pub.

1858 1812 115 26 House;
2002 1805 154 34 24May67;
2183 1808 140 30 A959177.

1825 1854 57 23 The
1906 1853 117 29 people
2048 1852 56 24 God
2129 1850 94 29 made;
2253 1850 176 24 teacher's
2453 1849 114 29 guide.

1866 1887 96 24 Grade
1988 1887 31 28 2,
2050 1884 180 25 trimester
2253 1885 30 28 A,
2313 1884 133 29 Sunday.

1867 1920 157 29 Prepared
2050 1920 56 23 for
2132 1919 54 23 the
2209 1918 99 25 Board
2334 1918 37 23 of
2395 1917 117 24 Parish

1866 1953 181 25 Education
2070 1954 19 22 &
2112 1953 54 23 the
2190 1952 99 25 board
2313 1952 39 23 of
1868 1949 643 63 Publication
1969 1988 37 24 of

2030 1988 54 23 the
2111 1987 159 24 American
2293 1985 159 24 Lutheran

1868 2022 132 25 Church.
2048 2021 98 24 Based
2172 2026 37 18 on
2231 2020 158 24 material
2415 2019 152 28 provided

1866 2057 38 29 by
1929 2057 54 23 Ida
2010 2056 194 28 Staehling.
2252 2053 235 29 Minneapolis,

1867 2091 158 29 Augsburg
2051 2090 72 23 Pub.
2151 2088 114 25 House.
2313 2084 39 27 80
2374 2093 32 22 p.
2459 2081 72 34 (The

1868 2124 159 24 American
2050 2124 159 23 Lutheran
2233 2122 116 23 Church
2374 2120 193 30 elementary

1868 2152 216 35 curriculum)
2133 2155 91 30 Appl.
2253 2157 133 23 author:
2415 2155 153 30 Augsburg

1872 2203 72 24 Pub.
1972 2202 113 29 House,
2115 2200 159 30 employer
2299 2200 55 23 for
2376 2199 94 25 hire.

1871 2236 21 23 ©
1913 2237 157 29 Augsburg
2095 2235 72 24 Pub.
2196 2234 113 29 House;
2339 2228 152 35 24May67;

1872 2265 153 33 A934576.

1820 2315 99 24 World
1944 2314 177 30 religions
2147 2313 56 23 and
2229 2311 179 24 Christian
2429 2309 155 28 mission;

1865 2348 176 25 student's
2064 2347 95 24 book.
2208 2345 157 30 Prepared
2391 2344 58 23 for
2473 2343 54 24 the

1862 2383 98 24 Board
1987 2382 36 25 of
2047 2381 117 24 Parish
2188 2379 180 25 Education
2391 2378 19 23 &
2432 2377 55 25 the

1862 2417 99 25 Board
1987 2416 38 24 of
2047 2414 220 25 Publication
2291 2413 39 24 of
2351 2413 56 23 the
2431 2411 159 25 American

1865 2451 159 24 Lutheran
2048 2450 132 24 Church.
2229 2448 97 24 Based
2352 2452 37 18 on
2411 2444 157 25 material

1866 2485 156 29 prepared
2046 2485 39 28 by
2109 2482 116 25 Lowell
2251 2483 32 23 G.
2311 2482 99 23 Almen
2433 2480 19 22 &

1866 2519 158 25 Waldemar
2048 2520 93 23 Gies.
2191 2515 217 26 Illustrated
2431 2515 39 28 by

1865 2554 118 29 Vergal
2007 2553 175 24 Buescher.
2232 2548 232 29 Minneapolis,

1867 2587 158 31 Augsburg
2049 2587 73 23 Pub.
2150 2585 114 25 House.
2311 2579 38 32 96
2373 2589 32 23 p.
2457 2576 72 34 (The

1867 2622 159 24 American
2049 2621 160 23 Lutheran
2232 2618 117 25 Church
2374 2609 215 35 curriculum)

1872 2663 92 29 Appl.
1993 2662 133 23 author:
2155 2660 158 29 Augsburg
2338 2658 73 23 Pub.
2439 2656 111 28 House,

1871 2696 161 30 employer
2055 2696 57 23 for
2134 2694 94 24 hire.
2275 2692 23 22 ©
2316 2690 160 31 Augsburg
2502 2689 70 24 Pub.

1872 2732 113 26 House;
2013 2724 135 34 8Aug67;
2176 2721 153 34 A934565.

1792 2794 159 25 AMERICAN
1974 2794 159 25 LUTHERAN
2155 2793 133 27 CHURCH.
2338 2793 100 25 BOARD
2461 2793 38 24 OF

1834 2828 230 27 PUBLICATION.

1833 2863 56 23 For
1913 2861 96 25 works
2034 2861 158 29 prepared
2218 2862 56 24 for
2300 2862 53 22 the
2379 2861 95 24 Board
2501 2860 36 24 of

1875 2894 217 25 Publication
2116 2894 38 24 of
2179 2894 53 24 the
2258 2896 158 23 American

1873 2894 683 58 Lutheran
1934 2928 117 24 Church
2097 2929 54 23 See
2177 2928 158 25 AMERICAN
2360 2928 159 25 LUTHERAN

1874 2962 130 27 CHURCH.
2055 2963 99 24 BOARD
2178 2963 38 23 OF
2240 2962 116 24 PARISH
2380 2962 190 27 EDUCATION.

1793 3026 158 24 AMERICAN
1974 3025 160 25 LUTHERAN
2156 3023 133 27 CHURCH.
2338 3023 161 24 DIVISION
2521 3023 37 23 OF

1832 3061 120 23 PARISH
1974 3059 192 25 EDUCATION.

1831 3095 57 24 The
1913 3093 219 25 audiovisual
2158 3094 35 22 in
2220 3092 54 24 the
2299 3091 118 24 church
2442 3090 131 29 school;

1873 3134 16 18 a
1915 3127 96 24 short
2036 3132 116 18 course
2180 3125 56 25 for
2259 3125 118 24 church
2402 3124 116 25 school

1877 3161 169 25 teachers.
2097 3160 238 25 Instructor's
2360 3158 96 31 guide
2483 3160 37 27 by

1873 3194 138 26 Charles
2034 3195 100 24 Vlcek
2157 3194 19 23 &
2196 3194 142 24 William
2359 3194 32 24 D.
2420 3193 153 25 Schmidt.

1875 3230 35 23 11
1934 3235 31 23 p.
2017 3228 91 29 Appl.
2137 3227 131 26 author:
2300 3227 159 30 Augsburg
2482 3227 71 24 Pub.

1875 3264 113 27 House,
2017 3262 158 29 employer
2200 3261 57 25 for
2279 3262 92 23 hire.
2419 3260 24 23 ©
1875 3262 662 64 Augsburg

1976 3297 71 25 Pub.
2076 3297 112 27 House;
2219 3291 152 34 25Sep67;
2402 3291 151 33 A952964.

1838 3330 236 25 Instructor's
2097 3329 98 30 guide
2223 3329 58 23 for
2302 3327 197 25 Conference

1879 3364 116 25 Parish
2020 3363 193 24 Education.
2262 3363 57 23 New
2343 3361 212 30 curriculum,

1876 3398 98 30 grade
1999 3397 31 29 2,
2059 3398 39 29 by
2121 3396 156 25 Florence
2301 3396 134 24 Winter.
2485 3391 37 32 49
2546 3400 31 23 p.

1879 3432 92 28 Appl.
1999 3432 133 23 author:
2161 3431 158 30 Augsburg
2345 3430 71 23 Pub.
2445 3429 110 29 House,

1878 3465 160 30 employer
2061 3465 58 23 for
2141 3464 93 25 hire.
2281 3463 23 24 ©
2324 3464 157 30 Augsburg
2507 3463 71 24 Pub.

1878 3500 113 28 House;
2041 3494 112 34 1Aug67;
2183 3494 152 33 A934562.
