2498 4384
988 4103 133 50 1103

125 514 1146 51 2 p. l., iii-xii, 629 p. illus., diagrs. 24 ᶜᵐ .
126 573 233 41 Contains
387 571 364 42 “References”.

62 627 51 52 ©
149 631 115 46 July
296 631 71 47 24,
402 630 115 41 1928;
580 630 67 40 2c.
683 630 96 39 and
813 629 82 41 aff.
930 629 116 47 July
1080 628 83 47 26;
1200 629 41 38 A
1276 628 229 46 1083387;
1544 627 49 41 C.
1630 628 52 39 E.
1719 626 186 44 Owens,

128 626 1908 108 Corvallis,
318 687 79 41 Or.
469 685 279 50 (28-18487)

54 768 248 62 Oxnam,
334 767 253 55 Garfield
618 766 293 65 Bromley,
946 770 171 51 1891-

123 846 196 53 Youth
375 847 114 52 and
546 846 98 53 the
698 864 124 35 new
879 845 284 68 America,
1219 845 79 68 by
1354 844 69 56 G.
1482 844 273 68 Bromley
1811 842 245 56 Oxnam.

50 923 140 54 New
222 924 179 67 York,
434 922 239 55 Council
702 923 64 54 of
794 942 218 34 women
1043 923 94 53 for
1165 924 167 52 home
1359 922 263 54 missions
1654 923 112 52 and

51 921 1981 149 missionary education movement [ᶜ192 8]
122 1084 496 49 viii, 167 p. 19½ ᶜᵐ .
460 1142 102 39 CONTENTS.—The
599 1141 396 40 characteristics
1032 1141 52 40 of
1120 1142 83 39 the
1240 1140 272 41 American.
1528 1164 60 5 —

1604 1141 101 39 The
1741 1140 148 41 social
50 1140 1988 107 principles
240 1199 52 40 of
332 1199 159 40 Jesus.
507 1221 60 5 —
586 1198 194 41 Swords
821 1208 54 29 or
913 1198 369 47 ploughshares.
1298 1220 60 5 —
1375 1198 161 39 Bread
1578 1198 96 39 and
1717 1197 340 40 roses.—That

50 1255 325 40 brotherhood
405 1266 113 36 may
546 1254 489 49 prevail.—America
1065 1255 83 39 the
1176 1254 260 41 beautiful.

62 1307 52 52 ©
148 1312 127 39 June
307 1312 69 42 15,
542 1322 9 35 1928;
587 1311 68 40 2c.
689 1312 96 38 and
819 1310 83 41 aff.
936 1311 117 46 July
1086 1310 83 46 20;
1206 1310 41 39 A
1280 1310 230 46 1082666;
1550 1309 200 41 Council
1785 1310 51 40 of
1872 1320 185 30 women

128 1368 80 40 for
238 1368 139 41 home
407 1368 228 40 missions
667 1368 96 39 and
796 1367 295 46 Missionary
1124 1367 260 40 education
1415 1369 278 38 movement
1721 1367 51 40 of
1805 1367 81 40 the
1920 1368 56 39 U.
2012 1367 45 41 S.

128 1426 95 38 and
259 1424 212 48 Canada,
506 1426 118 38 New
656 1425 144 39 York.
871 1424 280 48 (28-18300)

53 1506 205 62 Perry,
289 1505 176 63 Bliss,
496 1506 83 53 ed.

135 1584 439 66 [Introduction,
622 1584 75 68 by
744 1584 153 53 Bliss
944 1584 184 68 Perry
1175 1584 62 52 in
1286 1584 94 53 the
1430 1584 148 53 book
1624 1583 257 67 entitled]
1937 1584 122 53 The

55 1663 277 67 complete
370 1664 225 67 angler;
639 1681 80 51 or,
756 1663 121 52 The
916 1661 443 68 contemplative
1396 1662 180 53 man’s
1614 1660 332 69 recreation,
1982 1662 78 68 by

54 1740 1778 69 Izaak Walton … Boston, C. E. Goodspeed & co., 1928.
127 1823 1055 49 xxxi, [1], 323 [1] p., 1 l. illus. 18½ᶜᵐ.
62 1876 52 52 ©
141 1881 116 46 July
282 1879 68 48 10,
377 1879 118 42 1928;
546 1880 68 41 2c.
641 1881 96 39 and
764 1880 82 41 aff.
872 1880 117 48 July
1015 1880 82 47 12;
1127 1880 41 39 A
1193 1880 231 47 1082709;
1455 1880 49 41 O.
1533 1882 54 38 E.
1616 1880 281 49 Goodspeed
1926 1881 36 40 &
1989 1892 69 29 co.

53 1964 305 65 Peterson,
396 1967 327 63 Margaret,
763 1970 172 49 1883-

122 2040 122 53 The
287 2040 259 69 question
613 2041 93 68 [by]
755 2041 296 69 Margaret
1094 2041 292 52 Peterson.
1460 2039 261 67 London,
1764 2039 68 51 E.
1877 2039 183 66 Benn,

51 2116 224 55 limited
334 2122 153 64 [1928]

120 2202 764 50 3 p. l. , [9]-316 p., 1 l. 19 ᶜᵐ .
61 2253 1996 53 © 1c. Aug. 4, 1928; A ad int. 11477; pubd. June 8; Margaret Fisher,
129 2314 119 41 Fort
274 2316 185 47 Portal,
486 2316 141 47 Toro,
657 2316 217 47 Uganda,
906 2316 122 39 East
1056 2315 185 40 Africa.
1311 2313 280 50 (28-19289)

50 2396 455 64 Prentice-Hall,
536 2397 131 63 inc.,
692 2398 87 52 New
862 2398 177 52 York.

119 2473 244 54 Federal
389 2474 266 54 Revenue
681 2480 90 48 act
796 2475 65 53 of
888 2479 134 49 1928
1047 2474 140 54 with
1215 2475 288 53 footnotes
1527 2475 262 67 showing
1814 2474 247 69 changes

49 2550 61 55 in
143 2552 150 69 legal
327 2551 164 55 effect
524 2553 65 53 of
621 2553 217 54 income
872 2558 100 48 tax
1004 2553 324 69 provisions
1363 2552 153 54 from
1548 2553 96 53 the
1677 2553 160 68 prior
1871 2557 91 48 act
1994 2551 66 55 of

51 2633 152 65 1926,
246 2632 113 52 and
401 2631 181 54 tables
624 2631 260 70 showing
925 2632 393 67 computation
1360 2631 64 54 of
1465 2631 220 54 income
1726 2631 113 54 and
1881 2636 178 49 estate

48 2709 1477 69 taxes. [New York] Prentice-Hall, inc., ᶜ192 8.
117 2793 396 49 iv, 98 p. 23 ᶜᵐ .
61 2844 51 54 ©
141 2850 114 48 May
280 2849 71 48 29,
380 2849 117 41 1928;
551 2850 68 41 2c.
648 2851 95 39 and
772 2849 82 42 aff.
884 2850 116 48 July
1028 2850 83 48 24;
1142 2850 41 40 A
1211 2849 231 49 1083353;
1474 2850 377 45 Prentice-Hall,
1883 2850 90 42 inc.

136 2905 258 50 (28-18302
403 2907 14 49 )

48 2987 374 63 Rosenholtz,
458 2988 221 64 Joseph
710 2988 66 55 L.

46 3065 1984 147 … Applied chemistry for nurses, with laboratory experiments, by
375 3143 1682 73 Joseph L. Rosenholtz … 2d ed., rev. Philadelphia
48 3222 113 52 and
188 3221 259 67 London,
475 3222 89 54 W.
594 3223 67 51 B.
694 3221 289 55 Saunders
1011 3241 300 51 company,
1341 3226 151 51 1928.

116 3305 1938 52 2 p. l. , 7-220 p. illus., diagrs. 20½ ᶜᵐ . (Series of nursing texts, ed.
47 3362 61 46 by
135 3361 135 40 Alice
302 3361 45 41 S.
378 3360 219 49 Gilman)

118 3417 234 41 Contains
382 3418 150 39 blank
559 3428 148 38 pages
736 3418 81 40 for
845 3419 195 39 records
1071 3418 52 40 of
1152 3418 344 48 experiments.

117 3473 352 48 Bibliography
485 3485 10 29 :
526 3485 43 37 p.
600 3473 99 41 139.

58 3524 51 52 ©
140 3529 116 48 July
285 3529 67 48 10,
383 3529 142 46 1928;
554 3530 68 40 2c.
652 3530 116 47 July
796 3530 83 47 26;
912 3528 82 43 aff.
1024 3530 116 48 July
1168 3531 84 46 27;
1283 3531 43 38 A
1354 3530 230 48 1082732;
1615 3532 72 40 W.
1718 3532 54 40 B.
1807 3532 245 42 Saunders

125 3596 67 31 co.
262 3585 281 49 (28-18379)

47 3664 251 63 Russell,
331 3665 200 63 Ward,
567 3665 172 54 1873-

121 3742 122 53 The
278 3743 300 53 Pentecost
613 3743 217 53 edition
866 3744 66 53 of
967 3745 94 53 the
1098 3745 140 52 Man
1277 3744 64 54 of
1377 3745 250 68 Galilee;
1665 3765 82 49 or,
1784 3747 122 54 The
1943 3748 107 54 life

51 3820 113 52 and
188 3820 295 69 teachings
509 3819 64 54 of
598 3821 185 67 Jesus,
807 3823 284 68 arranged
1119 3822 94 53 for
1240 3823 371 54 convenience
1638 3824 65 53 of
1728 3827 173 68 study
1927 3826 122 54 into

50 3895 2000 78 fifty-two lessons, by Ward Russell … Lexington, Ky., Press
51 3973 64 54 of
141 3974 187 54 Truth
356 3975 338 72 publishing
719 3995 99 51 co.,
848 3981 151 51 1928.
