2498 4384
1360 4100 99 51 130

455 521 547 50 iv, 155, [1] p. 23 ½ᶜᵐ .
388 575 1832 53 © July 16, 1927; 1c. Nov. 8; A —Foreign 36432; Julius Springer.
470 636 251 49 (28-3704)

383 715 489 63 Bedford-Jones,
904 716 224 63 Henry,
1162 714 174 55 1887-

456 792 1936 71 The king’s passport, by H. Bedford-Jones … New York,
384 872 262 69 London,
673 871 70 56 G.
771 872 66 53 P.
866 871 299 54 Putnam’s
1192 890 150 50 sons,
1371 875 151 50 1928.

455 954 714 51 3 p. l., v-vi, 336 p. 19½ ᶜᵐ .
458 1013 131 40 “The
612 1014 227 47 passport
866 1012 221 40 referred
1113 1013 48 40 to
1188 1011 43 42 is
1260 1012 298 48 reproduced
1582 1012 53 40 in
1659 1012 245 41 facsimile
1929 1022 62 31 on
2017 1012 85 41 the
2125 1013 93 40 end
2244 1022 148 39 pages

386 1069 53 41 of
466 1070 82 40 the
576 1068 234 43 volume.”

391 1122 53 52 ©
475 1126 111 40 Feb.
615 1126 40 48 3,
685 1125 141 47 1928;
857 1125 68 40 2c.
955 1126 97 39 and
1082 1124 83 41 aff.
1196 1124 113 41 Feb.
1338 1126 54 46 4;
1424 1125 42 39 A
1495 1124 229 47 1018690;
1759 1126 61 41 H.
1851 1125 402 47 Bedford-Jones,
2285 1125 108 39 Ann

459 1183 170 41 Arbor.
700 1181 251 50 (28-4238)

385 1262 183 54 Bible.
648 1264 66 52 O.
749 1264 64 52 T.
887 1262 161 69 Song
1081 1263 66 68 of
1175 1263 290 53 Solomon.
1539 1263 266 69 English.

460 1340 122 54 The
615 1340 159 70 Song
801 1340 65 54 of
896 1340 288 55 Solomon.
1266 1340 446 69 [Philadelphia,
1765 1341 153 68 ᶜ1927]

458 1423 475 42 481. illus. 29 ᶜᵐ .
462 1481 202 41 Printed
688 1492 62 29 on
772 1491 89 30 one
885 1480 104 42 side
1012 1480 52 41 of
1087 1481 102 40 leaf
1212 1492 62 29 on
1297 1480 219 49 opposite
1538 1492 161 38 pages.

462 1539 130 40 “The
623 1540 138 39 wood
794 1541 108 38 cuts
934 1538 81 41 for
1048 1538 99 41 this
1179 1539 124 40 book
1334 1549 129 30 were
1494 1540 141 39 made
1667 1539 60 48 by
1758 1540 239 40 Wharton
2031 1538 237 41 Esherick
2301 1539 95 40 and

388 1596 94 40 five
520 1596 222 40 hundred
779 1597 97 39 and
913 1596 297 48 twenty-five
1248 1595 159 49 copies
1447 1596 194 48 printed
1679 1596 81 40 for
1795 1597 83 39 the
1916 1596 217 41 Centaur
2171 1606 136 38 press
2346 1595 51 41 of

390 1653 343 48 Philadelphia
760 1654 61 47 by
848 1654 83 39 the
957 1654 194 47 Pynson
1179 1652 215 49 printers
1422 1653 53 41 of
1499 1654 118 40 New
1641 1654 132 39 York
2066 1653 37 39 MCMXXVII.”

394 1707 53 52 ©
483 1712 112 40 Dec.
630 1711 69 47 20,
735 1710 116 41 1927;
912 1711 69 41 2c.
1018 1710 110 41 Jan.
1163 1711 70 47 17,
1269 1710 141 46 1928;
1449 1710 83 42 aff.
1569 1710 111 41 Jan.
1713 1710 84 47 26;
1835 1711 42 39 A
1911 1709 231 48 1061430;
2182 1710 216 41 Centaur

464 1778 150 38 press,
646 1768 357 48 Philadelphia.
1085 1763 52 52 [©
1168 1767 348 50 illustrations]
1588 1767 252 50 (28-3558)

390 1848 242 64 Bishop,
665 1849 242 54 Carlton
938 1849 277 62 Thomas,
1252 1851 172 51 1882-

464 1926 326 56 Structural
822 1926 268 70 drafting
1120 1928 113 52 and
1267 1927 217 69 design,
1514 1926 76 69 by
1623 1925 241 55 Carlton
1894 1926 250 53 Thomas
2178 1925 220 69 Bishop

453 2003 1944 71 … 2d ed., rev., 3d printing. Steinman’s engine loading and
389 2103 124 34 new
538 2084 131 53 unit
691 2088 229 49 stresses
948 2083 204 67 added,
1179 2082 149 54 book
1353 2082 252 69 brought
1630 2082 339 69 up-to-date.
2036 2082 171 52 Total
2235 2082 165 67 issue,

390 2162 134 53 nine
556 2162 303 53 thousand.
930 2162 140 53 New
1104 2160 184 69 York,
1320 2161 56 55 J.
1411 2161 192 69 Wiley
1635 2161 114 53 and
1783 2178 147 50 sons,
1965 2160 138 67 inc.;
2140 2159 260 68 London,

393 2240 302 68 Chapman
725 2240 113 53 and
868 2238 163 69 Hall,
1060 2239 243 68 limited,
1336 2242 151 51 1928.

462 2319 1940 51 2 p. l. , iii-xiii, 362 p. incl. illus., tables, diagrs. 20½ x 27ᶜᵐ. $5.00
463 2379 194 42 Earlier
692 2379 212 42 editions
940 2378 257 50 published
1236 2379 153 40 under
1428 2378 135 42 title;
1606 2378 278 42 Structural
1925 2377 224 50 drafting
2184 2379 95 39 and
2320 2378 81 42 the

392 2438 171 48 design
590 2437 53 41 of
670 2436 193 42 details.

398 2491 53 52 ©
479 2496 110 40 Jan.
616 2494 69 48 19,
714 2494 117 40 1928;
883 2494 68 40 2c.
981 2494 111 41 Feb.
1119 2494 27 39 2;
1203 2493 84 42 aff.
1316 2493 110 41 Jan.
1453 2493 55 41 31;
1566 2493 41 40 A
1633 2493 175 40 1018648;
1897 2493 49 41 C.
1974 2493 53 41 T.
2058 2493 197 47 Bishop,
2284 2493 119 41 New

466 2553 187 39 Haven.
724 2551 253 49 (28-4381)

393 2618 184 63 Boyd,
609 2618 239 53 Ernest.

466 2696 405 53 Introduction
902 2696 76 69 by
1011 2697 211 53 Ernest
1256 2697 166 67 Boyd
1479 2695 61 53 [in
1573 2696 95 52 the
1700 2694 148 54 book
1879 2695 259 66 entitled]
2179 2693 125 57 One
2335 2693 65 54 of

399 2774 355 69 Cleopatra’s
793 2775 215 69 nights,
1049 2775 115 53 and
1204 2775 163 53 other
1410 2774 277 53 fantastic
1726 2791 289 35 romances
2081 2769 94 71 [by]
397 2772 1981 149 Théophile

608 2852 257 55 Gautier.
954 2853 344 53 Translated
1355 2851 154 54 from
1559 2852 99 53 the
1710 2849 224 55 French
1989 2849 77 71 by
2119 2849 282 55 Lafcadio

393 2928 1329 72 Hearn … New York, Brentano’s [ᶜ1927]
468 3012 957 50 xxiv, 388 p. front. (port.) 19½ᶜᵐ.
401 3066 53 52 ©
484 3070 112 41 Dec.
625 3070 68 47 31,
724 3070 141 47 1927;
897 3070 68 41 2c.
995 3071 110 40 Jan.
1136 3070 68 48 11,
1235 3069 142 47 1928;
1410 3069 82 41 aff.
1523 3071 111 40 Jan.
1663 3069 83 48 28;
1779 3069 41 39 A
1849 3068 231 48 1018627;
2113 3068 291 41 Brentano’s

473 3127 91 41 inc.

394 3193 234 62 Brown,
661 3193 223 54 Harold
918 3194 228 62 Haven,
1183 3196 172 50 1869-

468 3270 258 69 Applied
761 3272 280 68 drawing,
1073 3272 76 69 by
1183 3272 229 53 Harold
1445 3272 208 52 Haven
1688 3272 240 66 Brown;
1964 3271 141 53 with
2141 3272 264 68 chapters

396 3350 77 69 by
497 3350 193 54 James
714 3349 161 69 Hall,
897 3350 215 53 Estelle
1136 3350 137 53 Peel
1295 3350 150 65 Izor,
1471 3349 210 53 Ernest
1702 3349 91 54 W.
1816 3348 261 68 Watson,
2102 3349 301 69 Raymond

399 3427 240 69 Ensign.
717 3427 271 69 Chicago,
1013 3428 139 53 New
1177 3428 181 66 York,
1381 3428 274 66 Mentzer,
1679 3427 159 53 Bush
1863 3429 46 50 &
1930 3445 300 51 company,
2255 3431 150 50 1928.

470 3510 1241 50 3 p. l. , 284 p. illus. (part col.) diagrs. 22½ᶜᵐ.
473 3568 160 40 “Four
657 3567 133 40 main
817 3567 237 41 divisions
1081 3568 52 40 of
1158 3571 81 37 art
1263 3568 148 47 study
1437 3578 84 30 are
1547 3568 216 44 covered,
1790 3566 183 49 design,
2001 3567 402 48 representation,

401 3628 81 37 art
504 3624 334 49 appreciation
862 3626 96 39 and
982 3625 300 40 mechanical
1308 3623 513 49 drawing.”—Introd.

474 3682 135 40 “List
632 3682 52 40 of
706 3682 188 48 helpful
917 3682 177 40 books”:
1157 3693 44 37 p.
1223 3681 219 42 282-284.

405 3736 53 52 ©
489 3740 110 40 Jan.
630 3739 68 46 10,
730 3739 115 40 1928;
903 3739 67 41 2c.
1002 3740 96 39 and
1129 3739 83 41 aff.
1244 3740 111 39 Jan.
1386 3738 55 40 26;
1502 3739 42 39 A
1572 3737 206 41 1018556;
1838 3739 231 46 Mentzer,
2102 3737 135 41 Bush
2269 3738 37 40 &
2336 3748 68 30 co.

484 3794 251 51 (28-4223)

402 3860 232 63 Brown,
667 3861 136 52 Ivor
832 3861 156 53 John
1024 3860 308 65 Carnegie,
1367 3863 171 51 1891-

405 3938 1976 150 First player, the origin of drama, by Ivor Brown … London,
560 4018 68 56 G.
652 4019 183 54 Howe
857 4020 103 53 ltd.
1010 4018 153 68 [1927]
