2547 4432
1420 4136 66 48 51

437 490 288 62 Haldane,
758 489 156 54 John
947 489 240 52 Burdon
1222 488 356 63 Sanderson,
1614 490 173 50 1892-

508 564 1874 70 Possible worlds and other essays, by J. B. S. Haldane …
439 644 259 68 London,
731 644 212 55 Chatto
974 646 47 50 &
1049 644 266 68 Windus,
1349 643 150 55 1927.

507 727 101 48 viii,
630 727 87 41 312
737 737 43 38 p.
979 761 8 7 19½ᶜᵐ.

446 794 2000 52 © 1c. Jan. 9, 1928; A ad int. 10521; pubd. Nov. 24, 1927; Harper &
512 856 139 48 bros.,
682 856 119 39 New
832 855 145 40 York.
1048 854 252 50 (28-2536)

439 950 263 63 Hansen,
736 949 179 54 Alvin
949 951 262 62 Harvey,

513 1028 451 67 Business-cycle
1003 1028 221 67 theory,
1265 1028 74 52 its
1381 1027 398 67 development
1819 1027 115 52 and
1977 1032 230 63 present
2246 1033 202 62 status,

441 1104 2006 73 by Alvin Harvey Hansen … Boston, New York [ etc. ] Ginn
442 1185 113 53 and
578 1203 283 50 company
932 1183 152 68 [ᶜ1927]

547 1298 9 18 x,
584 1267 85 41 218
694 1278 43 37 p.
799 1266 180 48 diagrs.
1039 1265 147 43 19½ᶜᵐ.

515 1336 1933 49 “The first seven chapters of this monograph … in substantially the
441 1394 129 41 form
619 1394 51 40 in
721 1394 160 41 which
930 1394 115 47 they
1094 1394 115 39 here
1257 1402 198 39 appear,
1505 1403 127 30 were
1681 1393 267 40 submitted
1997 1394 154 39 under
2204 1394 82 39 the
2338 1393 109 41 title

444 1452 204 41 Profits:
688 1463 27 29 a
753 1451 193 41 critical
982 1450 218 48 analysis
1239 1450 50 40 in
1326 1450 84 40 the
1448 1449 124 48 light
1610 1450 53 41 of
1700 1449 223 42 business
1960 1453 133 45 cycle
2130 1450 318 41 theories.”·—

442 1510 130 41 Pref.

513 1567 323 40 “References
859 1566 127 40 cited
1012 1565 50 39 in
1084 1564 274 41 footnotes”
1378 1575 9 29 :
1413 1576 44 37 p.
1480 1564 217 42 207-212.

446 1634 52 52 ©
523 1638 113 41 Dec.
660 1639 39 46 5,
725 1638 142 46 1927;
892 1638 68 40 2c.
985 1637 110 40 Jan.
1120 1637 69 47 13,
1214 1635 142 47 1928;
1384 1635 83 42 aff.
1492 1636 111 41 Jan.
1629 1637 81 46 11;
1737 1636 43 39 A
1804 1635 230 48 1018368;
2062 1636 55 41 A.
2144 1637 61 39 H.
2232 1636 215 47 Hansen,

515 1694 339 49 Minneapolis.
925 1692 251 50 (28-2104)

443 1799 385 62 Hawthorne,
860 1798 275 55 William.

574 1873 1876 70 … By these things men live, by Rev. William Hawthorne,
479 1949 1414 71 B . D. Boston, The Stratford company [ᶜ1928]
509 2035 58 40 36
592 2046 44 37 p.
690 2035 119 41 25ᶜᵐ.
874 2034 125 49 (The
1029 2034 251 41 Stratford
1308 2034 245 48 sermons)

515 2103 73 42 On
616 2114 168 30 cover:
819 2103 102 41 The
951 2103 251 41 Stratford
1229 2104 235 40 booklets.

447 2156 51 53 ©
529 2161 111 40 Jan.
668 2161 41 48 6,
738 2161 141 46 1928;
911 2161 67 40 2c.
1009 2161 111 40 Jan.
1149 2161 53 46 9;
1235 2160 82 41 aff.
1349 2161 110 40 Jan.
1489 2161 82 47 11;
1604 2161 40 38 A
1673 2160 231 48 1061164;
1940 2161 251 41 Stratford
2222 2172 83 37 co.,
516 2161 1915 98 publishers.
779 2217 251 49 (28-2127)

443 2312 205 62 Heald,
682 2313 141 52 Mrs.
855 2310 149 54 Jean
1036 2311 223 54 Sadler.

512 2390 370 68 Picturesque
931 2391 277 65 Panama,
1260 2391 97 52 the
1409 2391 258 52 Panama
1718 2390 274 68 railroad,
2043 2392 95 52 the
2190 2391 258 53 Panama

443 2468 181 68 canal,
655 2469 75 68 by
760 2469 149 54 Jean
943 2468 203 55 Sadler
1177 2469 211 52 Heald.
1469 2468 292 70 [Chicago,
1791 2469 245 53 Printed
2066 2468 77 71 by
2177 2469 63 55 C.
2274 2467 175 56 Teich

444 2549 45 50 &
511 2565 299 50 company,
856 2549 151 64 ᶜ1928]

514 2629 86 40 126
629 2641 43 37 p.
703 2629 111 41 incl.
846 2629 165 48 front.,
1043 2629 143 47 illus.,
1218 2631 126 47 port.
1402 2629 119 42 fold.
1552 2640 126 37 map.
1739 2630 146 41 23½ᶜᵐ.

448 2697 52 53 ©
534 2702 110 40 Jan.
676 2700 69 50 10,
778 2701 119 41 1928
911 2713 9 32 ;
953 2701 67 41 2c.
1053 2703 96 39 and
1181 2701 83 42 aff.
1297 2702 111 41 Jan.
1440 2702 81 47 14;
1556 2702 40 39 A
1630 2701 230 49 1018423;
1895 2702 45 42 J.
1977 2702 44 42 S.
2055 2703 174 47 Heald,
2262 2703 187 40 Balboa

514 2759 224 48 Heights,
774 2758 154 42 Canal
963 2759 140 40 Zone.
1173 2759 253 49 (28-2224)

444 2853 218 63 Heller,
692 2853 162 54 Arch
885 2854 62 54 C.

514 2931 1873 69 The book of success, by Arch C. Heller … John L. Blair …
443 3010 2007 70 Winthrop Williams … Harold C. Putnam … with a preface
443 3087 1537 71 by Robert Collier … [Kingsport, Tenn., ᶜ1928]
513 3171 27 41 3
597 3203 10 9 v.
666 3169 118 43 21ᶜᵐ.

514 3229 103 40 Vol.
642 3228 26 40 3
694 3227 225 40 contains
943 3227 393 49 bibliographies.

450 3281 51 53 ©
533 3287 110 39 Jan.
674 3285 70 48 10,
774 3285 119 40 1928
908 3295 9 36 ;
949 3286 68 39 2c.
1048 3286 96 39 and
1176 3285 82 41 aff.
1291 3286 111 41 Jan.
1433 3287 82 46 14;
1550 3287 42 38 A
1621 3286 202 42 1018422
1843 3298 9 36 ;
1887 3287 129 40 John
2046 3288 51 40 L.
2130 3288 152 47 Blair,

519 3289 1915 102 Warren,
652 3343 84 41 Pa.
810 3341 252 49 (28-2105)

448 3436 295 69 [Herbert,
778 3435 154 53 Alan
963 3436 261 68 Patrick]

514 3515 121 53 The
661 3515 167 52 trials
857 3513 63 53 of
947 3515 209 68 Topsy.
1233 3517 81 50 20.
1345 3515 56 52 A
1427 3516 119 52 real
1577 3515 336 55 Christmas.

548 3599 61 38 (In
638 3593 196 51 Punch)

450 3651 2000 54 © 1c. Feb. 24, 1928; A ad int. 10680; pubd. Dec. 28, 1927; A. P. Herbert,
516 3712 214 40 London.

443 3804 280 62 Hichens,
758 3803 223 53 Robert
1015 3804 269 63 Smythe.

514 3883 122 51 The
663 3900 133 34 man
828 3887 58 47 at
916 3881 301 53 El-Daria.
1292 3887 82 63 pt.
1406 3886 47 49 3.

551 3965 61 39 (In
642 3960 108 44 Pall
781 3960 124 44 Mall
938 3960 275 53 magazine,
1247 3961 126 51 Jan.,
1410 3962 145 51 1928)

451 4015 1997 57 © 1c. Feb. 1, 1928; A ad int. 10608; pubd. Dec. 6, 1927; R. S. Hichens,
521 4077 131 40 Tour
684 4078 58 40 de
775 4077 145 41 Peilz.
958 4077 337 43 Switzerland.
