2498 4384
1258 4075 106 51 244

383 499 131 48 Kept
563 510 66 37 up
678 500 49 39 to
778 499 114 39 date
942 498 61 48 by
1055 498 312 48 cumulative,
1421 499 196 47 annual,
1671 498 252 48 pamphlet
1975 498 346 48 supplements.

313 555 155 40 These
498 555 102 41 will
629 555 159 48 digest
815 555 82 40 the
927 556 199 39 current
1156 555 218 40 volumes
1405 555 54 41 of
1487 555 57 41 U.
1577 555 46 41 S.
1653 555 223 48 Reports,
1909 554 264 49 beginning
2201 554 121 42 with

313 613 136 39 Book
475 612 99 48 712,
601 612 52 41 L.
679 612 72 42 ed.

315 680 52 52 ©
399 685 113 40 Feb.
541 685 71 47 20,
643 684 141 46 1928;
816 685 68 39 2c.
916 683 119 40 each
1066 684 95 39 and
1193 683 110 43 affs.
1335 684 112 41 Feb.
1478 685 83 47 23;
1596 684 41 39 A
1668 683 217 49 1061851,
1919 683 230 48 1061852;
381 684 1921 106 Lawyers
521 741 324 49 co-operative
874 741 110 48 pub.
1013 751 68 31 co.
1152 740 253 50 (28-6199)

313 865 308 53 Edwards.
648 865 137 53 Leo.

379 941 1878 71 Poppy Ott and the freckled goldfish, by Leo Edwards …
310 1021 327 53 illustrated
660 1019 79 70 by
763 1020 143 53 Bert
931 1018 157 71 Saig.
1150 1020 141 54 New
1318 1020 180 69 York,
1523 1020 236 55 Grosset
1783 1023 46 50 &
1850 1020 240 69 Dunlap
2231 1023 86 66 [ᶜ1928]

379 1104 1931 49 viii p., 1 l., 269 p. front., illus., plates. 19½ᶜᵐ. (His Poppy Ott books)
315 1171 52 52 ©
403 1175 112 41 Feb.
548 1175 70 47 23,
654 1174 116 41 1928;
832 1175 69 40 2c.
935 1174 97 40 and
1068 1173 82 42 aff.
1187 1174 112 42 Feb.
1334 1174 56 40 25;
1455 1174 42 40 A
1531 1174 202 40 1061941;
1800 1174 202 41 Grosset
2037 1175 37 40 &
2110 1175 208 48 Dunlap,

381 1232 93 41 inc.
548 1231 251 48 (28-6306)

312 1354 412 64 Enciclopedia
754 1355 147 52 delle
929 1355 268 52 moderne
1226 1354 113 53 arti
1367 1355 323 53 decorative
1718 1354 254 68 italiane,
1999 1354 214 54 diretta
2244 1356 72 53 da

382 1432 194 55 Guido
605 1433 364 69 Marangoni.
1046 1452 50 33 v.
1128 1433 80 53 Le
1237 1432 169 54 stoffe
1431 1432 182 54 d’arte
1640 1452 28 34 e
1722 1432 414 55 l’arredamento
2167 1434 150 53 della

379 1530 144 35 casa.
599 1511 240 67 Milano,
875 1511 296 68 Ceschina,
1208 1514 150 51 1928.

383 1593 1391 50 2 p. l., 7-103, [1] p., 1 l., 104 pl., 1 l., 3 p. illus. 28 ᶜᵐ.
314 1663 2005 52 © Jan. 1, 1928; 1c. Jan. 6; A—Foreign 36846; Casa éditrice Ceschina.
310 1845 432 65 Encyclopedia
777 1846 65 53 of
877 1845 222 55 United
1135 1846 209 55 States
1375 1846 286 64 Supreme
1698 1848 169 52 court
1900 1847 278 63 Reports.

383 1925 198 54 Banks
617 1925 114 53 and
763 1924 259 70 banking
1057 1923 154 54 from
1246 1925 98 53 the
1378 1924 199 54 article
1613 1942 74 35 on
1721 1924 116 54 this
1873 1923 223 70 subject
2130 1924 61 54 in
2226 1925 98 54 the

315 2002 425 71 Encyclopedia
766 2002 65 54 of
854 2002 220 55 United
1101 2002 190 55 States
1320 2001 277 70 Supreme
1624 2008 162 49 court
1813 2003 266 68 Reports.
311 2002 1989 146 Charlottesville,

663 2082 127 66 Va.,
819 2081 122 53 The
968 2080 215 54 Michie
1209 2099 300 52 company,
1541 2083 151 52 1928.

382 2162 471 50 2 p. l., 232 p. 26 ᶜᵐ.
314 2231 53 53 ©
398 2236 112 41 Feb.
538 2235 70 48 24,
638 2235 116 40 1928;
810 2236 68 39 2c.
907 2236 97 39 and
1032 2233 84 43 aff.
1146 2235 112 40 Feb.
1287 2235 56 40 28;
1401 2235 44 39 A
1471 2235 205 41 1061993;
1736 2236 177 40 Michie
1942 2248 69 29 co.

392 2292 254 49 (28-6430)

308 2414 279 65 Farjeon,
620 2415 222 64 Joseph
874 2415 318 64 Jefferson,
1227 2419 172 50 1883-

383 2493 279 55 Shadows
698 2494 76 69 by
811 2494 97 53 the
944 2513 110 49 sea,
1090 2494 76 69 by
1204 2494 58 54 J.
1299 2493 285 56 Jefferson
1622 2495 267 70 Farjeon.
1966 2497 140 53 New
2144 2497 179 65 York,

310 2572 65 53 L.
412 2572 356 70 MacVeagh,
805 2572 122 54 The
961 2572 139 54 Dial
1138 2591 186 50 press;
1363 2573 273 68 Toronto,
1670 2575 349 69 Longmans,
2055 2575 187 55 Green
2278 2578 46 51 &

309 2669 300 50 company,
643 2654 152 51 1928.

380 2733 593 50 vi p., 1 l., 9-305 p. 19½ ᶜᵐ.
315 2802 52 52 ©
398 2806 112 40 Feb.
539 2806 70 47 25,
640 2806 142 47 1928;
814 2807 70 40 2c.
912 2807 96 39 and
1038 2805 83 42 aff.
1153 2807 123 40 Mar.
1306 2807 53 46 1;
1392 2806 41 40 A
1463 2806 230 47 1069017;
1728 2808 115 40 Dial
1873 2819 150 38 press,
2056 2810 92 40 inc.

393 2862 252 49 (28-6394)

308 2984 199 64 Féval,
538 2985 165 63 Paul,
740 2989 173 50 1860-

378 3062 234 70 Martyr
651 3068 60 48 to
752 3063 98 54 the
889 3081 196 51 queen,
1126 3062 76 71 by
1244 3065 149 52 Paul
1433 3065 197 68 Féval,
1671 3065 108 68 fils,
1822 3067 114 53 and
1975 3067 82 53 M.
2099 3068 223 69 Lassez,

309 3140 319 54 translated
655 3141 77 69 by
762 3141 312 55 Cleveland
1104 3143 67 52 B.
1203 3141 201 55 Chase.
1467 3143 140 53 New
1637 3142 181 70 York,
1843 3145 263 69 London,
309 3147 1989 139 Longmans,

517 3218 191 55 Green
735 3219 114 53 and
876 3238 99 50 co.,
1007 3222 152 51 1928.

378 3302 1942 51 4 p. l., 303 p. 19½ᶜᵐ. (His The years between; adventures of
310 3358 316 50 D’Artagnan
657 3360 96 39 and
784 3359 192 48 Cyrano
1005 3360 58 40 de
1094 3360 258 48 Bergerac,
1461 3359 16 50 II)

315 3424 52 52 ©
395 3429 113 41 Feb.
535 3429 69 46 15,
632 3428 118 41 1928;
801 3429 68 41 2c.
897 3429 112 41 Feb.
1036 3429 57 40 29;
1149 3429 82 41 aff.
1261 3430 111 41 Feb.
1400 3431 58 40 28;
1513 3431 42 39 A
1581 3431 203 41 1069012;
1842 3434 290 48 Longmans.
2163 3435 156 41 Green

382 3488 38 41 &
447 3497 68 29 co.
585 3485 253 49 (28-6309)

380 3594 123 53 The
531 3594 342 68 mysterious
903 3595 265 68 cavalier,
1196 3595 78 70 by
1301 3596 149 53 Paul
1481 3597 197 68 Féval,
1707 3597 108 70 fils,
1845 3600 114 53 and
1987 3599 82 54 M.
2097 3601 223 57 Lassez,

309 3672 318 53 translated
652 3672 77 68 by
757 3671 311 55 Cleveland
1096 3675 68 53 B.
1195 3673 200 55 Chase.
1469 3675 140 53 New
1638 3676 180 68 York,
1844 3677 260 70 London,
309 3680 1987 138 Longmans,

519 3749 188 55 Green
736 3750 114 53 and
880 3769 98 49 co.,
1010 3754 150 50 1928.

379 3833 1939 53 ix p., 2 l., 301 p. 19½ ᶜᵐ. (His The years between; adventures of
309 3888 318 50 D’Artagnan
653 3890 97 40 and
778 3890 192 48 Cyrano
998 3892 58 39 de
1082 3892 257 48 Bergerac,
1428 3892 14 48 I)

316 3954 52 53 ©
395 3959 112 41 Feb.
534 3959 69 48 15,
630 3959 116 42 1928;
801 3961 67 42 2c.
897 3960 111 42 Feb.
1035 3961 58 41 29;
1147 3961 83 43 aff.
1260 3963 112 41 Feb.
1398 3964 57 41 28;
1511 3963 42 41 A
1579 3964 203 42 1069011;
1840 3966 289 50 Longmans.
2161 3968 156 43 Green

382 4016 38 47 &
444 4028 68 31 co.
585 4016 253 49 (28-6308)
