2498 4384
1028 4125 100 56 675

57 470 271 65 Biggers,
362 469 139 52 Earl
535 468 168 63 Derr,
740 469 169 50 1884-

128 547 226 54 Behind
389 546 128 52 that
552 544 244 68 curtain,
831 543 75 68 by
944 541 141 53 Earl
1119 541 149 51 Derr
1305 537 261 70 Biggers.
1641 532 421 69 Indianapolis,

57 627 123 51 The
211 622 445 55 Bobbs-Merrill
691 637 279 51 company
1052 619 133 51 [ᶜ1928]

127 709 25 41 5
182 719 43 38 p.
289 739 10 15 l.,
326 708 87 40 337
443 718 43 37 p.
547 705 146 42 19½ᶜᵐ.

62 775 51 53 ©
138 779 114 48 May
276 779 37 46 7,
340 777 114 41 1928:
506 777 67 40 2c.
599 776 114 48 May
737 775 56 40 10;
847 772 81 41 aff.
955 773 112 47 May
1093 771 53 39 11;
1202 770 41 39 A
1267 766 201 44 1074465;
1524 768 52 40 E.
1596 766 57 42 D.
1672 764 218 51 Biggers,
128 764 1913 121 Pasadena,

286 835 146 41 Calif.
502 832 281 50 (28-12549)

58 946 259 61 Borrow,
351 943 246 64 George,
634 943 326 59 1803-1881,
995 939 83 54 ed.

128 1022 335 56 Celebrated
493 1020 165 54 trials
688 1019 112 52 and
829 1016 356 55 remarkable
1213 1034 151 34 cases
1393 1014 64 54 of
1487 1012 264 54 criminal
56 1010 1981 145 jurisprudence

262 1099 155 53 from
451 1099 95 53 the
578 1098 229 53 earliest
839 1095 228 54 records
1102 1100 59 47 to
1195 1094 97 52 the
1366 1110 97 35 year
1499 1094 150 50 1825.
1723 1090 162 52 First
57 1107 1981 141 compiled

249 1179 113 52 and
398 1177 189 53 edited
623 1176 76 69 by
733 1173 223 69 George
992 1174 236 52 Borrow
1267 1171 114 52 and
1415 1188 126 36 now
1576 1169 188 68 newly
1799 1185 113 35 rev.
1950 1167 115 53 and

58 1246 2008 80 edited by Edward Hale Bierstadt … New York, Payson &
59 1333 208 57 Clarke
297 1334 123 67 ltd.,
452 1336 149 49 1928.

126 1414 863 53 2 v. plates, ports., map. 23 ᶜᵐ .
126 1488 163 49 Paged
322 1485 357 49 continuously.

62 1554 53 53 ©
152 1559 121 40 Mar.
308 1557 54 40 31,
414 1556 115 40 1928;
592 1554 69 42 2c.
695 1554 120 41 each
848 1554 116 47 Apr.
997 1553 30 40 2:
1090 1551 84 41 aff.
1209 1552 117 46 May
1362 1553 24 37 1;
1455 1553 41 37 A
1530 1550 205 41 1074284;
1799 1549 195 48 Payson
2029 1548 38 41 &

132 1614 190 48 Clarke,
349 1615 87 40 ltd.
497 1609 68 54 [©
594 1611 333 42 introduction
956 1610 96 40 and
1080 1611 155 47 notes]
1306 1606 280 51 (28-12066)

59 1709 267 64 Boswell,
357 1710 203 61 Harry
588 1707 221 63 James,
840 1706 172 52 1874-

59 1778 1984 142 American blue book (Boswell) California lawyers … Produced
271 1858 1798 72 under direction of H. James Boswell … [Minneapolis,
59 1940 1350 73 Farnham printing & stationery co.] ᶜ1 928.
129 2022 1626 55 2 p. l., 3-170, [4] p., 1 l. mounted front. (27 port.) 23 ᶜᵐ .
131 2097 237 41 “Limited
398 2099 48 38 to
477 2106 89 30 one
595 2095 221 41 hundred
845 2095 97 39 and
971 2092 112 50 fifty
1112 2092 204 49 copies.”

65 2165 51 52 ©
150 2168 114 49 Apr.
298 2168 70 46 28,
402 2166 117 41 1928;
580 2165 67 43 2c.
682 2167 97 38 and
812 2165 82 40 aff.
929 2164 114 49 Apr.
1078 2164 57 40 30;
1196 2165 42 38 A
1273 2162 205 42 1074278;
1541 2164 61 39 H.
1636 2163 44 40 J.
1715 2163 223 45 Boswell,
1975 2162 93 39 Los

130 2225 222 48 Angeles.
427 2222 281 50 (28-12064)

62 2320 184 63 Boyd,
275 2319 249 55 Charles
548 2318 253 54 Arthur.

131 2398 214 70 Young
377 2399 204 67 people
613 2402 61 48 at
705 2397 160 53 work
895 2397 61 52 in
989 2397 235 68 Baptist
1256 2395 291 62 churches,
1578 2395 78 69 by
1689 2392 240 57 Charles
60 2393 1985 137 Arthur

251 2477 183 67 Boyd.
510 2475 429 69 Philadelphia,
992 2474 217 54 Boston
1267 2479 139 62 [etc.]
1464 2473 122 53 The
1636 2473 227 54 Judson
1913 2490 159 50 press

108 2557 151 66 [ᶜ1928]

132 2636 807 52 5 p. l., 218 p. diagrs. 20½ ᶜᵐ .
66 2705 51 52 ©
145 2708 115 49 Apr.
288 2708 57 40 20,
446 2707 83 46 1928;
560 2708 67 41 2c.
657 2709 95 38 and
781 2706 82 41 aff.
891 2707 115 48 Apr.
1035 2706 82 47 30;
1149 2707 41 39 A
1218 2706 231 47 1074262;
1481 2707 189 39 Judson
1701 2717 149 37 press.

144 2765 282 51 (28-12034)

65 2860 284 63 Breslich,
383 2861 186 52 Ernst
601 2859 290 65 Rudolph,
928 2858 171 55 1874-

138 2939 443 70 Trigonometry
609 2938 140 53 with
776 2938 197 67 tables,
1002 2937 92 54 for
1120 2957 97 34 use
1244 2939 61 51 in
1331 2938 187 53 senior
1544 2938 143 69 high
1713 2937 220 54 schools
1961 2938 114 53 and

67 3013 2008 75 junior colleges, by Ernst R. Breslich … and Charles A. Stone
128 3090 1805 78 … Chicago, Ill., The University of Chicago press [1928]
140 3172 1936 59 xii, 176 p., 2 l., 3-122 p. illus. (ports.) diagrs. 20 ᶜᵐ . (Half-title:
69 3236 101 39 The
206 3233 286 50 University
526 3235 53 39 of
613 3233 210 50 Chicago
859 3234 367 42 mathematical
1266 3235 167 48 series,
1471 3237 52 37 E.
1562 3236 61 40 H.
1661 3236 180 47 Moore,
1877 3236 198 48 general

69 3287 2006 58 editor. The school of education texts and manuals, G. W . Myers,
65 3348 183 51 editor)

143 3418 359 50 “Logarithmic
539 3419 96 41 and
672 3419 365 48 trigonometric
1074 3420 155 40 tables
1267 3421 95 39 and
1400 3419 367 42 mathematical
1805 3418 271 43 formulas”

80 3475 106 48 (122
214 3487 43 37 p.
285 3478 53 38 at
364 3477 118 48 end)
519 3476 258 48 published
805 3477 278 48 separately
1112 3477 52 39 in
1191 3476 130 41 1917.

72 3542 51 52 ©
152 3547 113 49 Apr.
293 3548 69 46 23,
393 3547 117 41 1928;
566 3548 67 41 2c.
664 3548 113 47 May
806 3549 25 39 7;
891 3547 83 42 aff.
1005 3549 114 48 May
1147 3549 27 38 4;
1234 3549 40 39 A
1305 3548 203 42 1074358;
1571 3548 284 49 University
1885 3548 51 42 of
141 3548 1918 105 Chicago,

292 3605 226 48 Chicago.
591 3604 282 52 (28-12523)

75 3697 296 63 Brooklyn
400 3699 159 64 daily
589 3700 183 65 eagle.

140 3776 122 54 The
290 3777 181 69 Eagle
501 3777 140 54 cook
667 3779 149 53 book
846 3781 113 52 and
988 3780 314 55 household
1331 3781 252 68 manual,
1611 3779 76 71 by
1718 3779 271 55 Rebekah
2023 3779 56 56 S.

72 3848 2007 85 Hufcut … Brooklyn, N. Y., The Brooklyn daily eagle, ᶜ1 928.
142 3931 1848 63 112 p. 26 ᶜᵐ . (The Eagle library, vol. XLIII, no. 2, serial no. 274)
76 4003 51 53 ©
153 4008 114 48 Apr.
294 4009 67 46 14,
390 4009 116 41 1928;
559 4010 68 42 2c.
654 4013 97 39 and
778 4012 82 41 aff.
887 4014 115 48 May
1029 4012 21 40 1;
1111 4014 41 38 A
1179 4014 202 40 1077021;
1440 4014 249 50 Brooklyn
1716 4014 100 42 daily
1877 4014 150 48 eagle.

151 4063 282 51 (28-12062)
