2498 4384
1033 4095 133 53 1079

78 455 309 64 Rockwell,
419 454 316 55 Frederick
765 455 172 62 Frye,
973 457 171 49 1884-

216 540 1867 79 … Rock gardens, by F. F. Rockwell … Drawings by
83 625 221 69 George
331 625 65 53 L.
423 624 283 53 Hollrock
732 624 113 52 and
874 625 96 51 the
999 624 223 52 author.
1288 622 140 53 New
1458 620 181 69 York,
1669 622 122 53 The
81 618 1976 142 Macmillan
204 720 299 51 company,
531 704 151 51 1928.

82 779 1982 113 viii, [2], 86 p. illus., diagrs. 19½ ᶜᵐ. (His The home garden handbooks)
88 908 51 53 ©
167 913 116 48 July
308 913 68 47 17,
404 912 118 41 1928;
574 913 68 40 2c.
669 912 95 41 and
792 912 82 41 aff.
902 912 116 48 July
1045 912 82 46 18;
1158 912 40 39 A
1226 910 231 49 1082564;
1488 912 284 40 Macmillan
1799 923 67 29 co.

167 968 281 51 (28-17879)

79 1091 253 64 Serviss,
367 1091 246 55 Garrett
647 1092 277 61 Putman,
963 1094 171 50 1851-

150 1184 121 53 The
303 1189 159 64 story
494 1182 64 54 of
591 1183 96 54 the
719 1201 195 50 moon;
953 1203 31 33 a
1020 1181 351 71 description
1404 1182 64 54 of
1499 1182 96 53 the
1629 1201 230 53 scenery
1892 1182 65 54 of
1990 1185 98 52 the

80 1262 168 53 lunar
278 1263 181 52 world
491 1281 59 34 as
580 1262 47 53 it
656 1261 189 54 would
876 1280 216 49 appear
1121 1267 59 47 to
1212 1280 32 34 a
1277 1261 204 54 visitor
1510 1259 287 72 spending
1825 1281 31 34 a
1887 1263 198 52 month

78 1358 75 34 on
187 1341 95 52 the
318 1358 187 48 moon,
541 1340 77 69 by
653 1339 239 57 Garrett
927 1341 66 52 P.
1034 1339 250 67 Serviss;
1324 1340 327 53 illustrated
1690 1339 139 53 with
1871 1358 31 35 a
81 1354 1981 135 complete
267 1419 170 52 series

474 1417 65 54 of
575 1418 395 69 photographs
1005 1418 172 55 taken
1214 1422 60 49 at
1309 1418 95 52 the
1444 1418 219 53 Yerkes
1700 1416 387 69 observatory.

80 1494 1692 72 New York, London, D. Appleton & company [ ᶜ1 928 ]
150 1575 1291 55 xii, 247, [1] p. front., illus., plates, diagrs. 20 ᶜᵐ.
151 1649 134 42 First
310 1650 256 48 published
593 1651 154 40 under
773 1650 107 40 title
900 1660 9 29 :
936 1650 100 39 The
1064 1660 155 30 moon.

93 1717 51 53 ©
171 1721 117 49 July
312 1721 69 48 20,
410 1721 142 47 1928;
580 1722 68 39 2c.
676 1721 95 40 and
799 1720 83 42 aff.
910 1721 117 47 July
1052 1721 56 39 25;
1165 1720 42 39 A
1234 1719 230 49 1082676;
1494 1721 58 40 D.
1580 1720 241 49 Appleton
1849 1721 35 40 &
1911 1731 68 30 co.
162 1773 68 56 [©
264 1778 198 49 preface
494 1779 96 39 and
623 1777 346 50 illustrations]
1042 1775 282 51 (28-17984)

82 1900 428 64 Shakespeare,
545 1900 274 63 William,
856 1904 328 49 1564-1616.

219 1989 1806 74 … Timon of Athens, edited by Ernest Hunter Wright …
88 2067 1895 75 Boston, New York [etc.] D. C. Heath and company [ ᶜ1 928]
259 2150 1326 51 xxx p., 1 l. , 128 p. 17 ᶜᵐ. (The Arden Shakespeare)
94 2218 51 53 ©
171 2221 116 49 July
313 2223 67 47 13,
406 2222 141 47 1928;
574 2223 68 41 2c.
667 2222 117 49 July
808 2224 47 38 21;
919 2223 82 41 aff.
1028 2224 116 48 July
1170 2222 54 40 19;
1280 2224 41 39 A
1346 2225 204 41 1083317;
1606 2226 57 39 D.
1732 2257 8 10 C.
1768 2225 165 42 Heath
1960 2226 36 40 &
2021 2238 68 30 co.

171 2278 282 51 (28-17804)

87 2402 247 63 Snyder,
364 2402 224 65 Agnes,
620 2406 172 51 1885-

214 2494 1879 75 … The value of certain measurements in the training of
81 2571 252 55 teachers
370 2573 476 71 experimentally
882 2575 372 70 determined,
1287 2575 77 71 by
1397 2576 197 70 Agnes
1630 2576 244 72 Snyder,
1996 2621 10 11 PH.
2080 2621 11 11 D.

83 2649 334 70 Baltimore,
451 2651 121 54 The
604 2652 186 55 Johns
822 2653 271 69 Hopkins
1127 2672 176 51 press,
1340 2658 151 50 1928.

83 2734 1993 109 x, 146 p. diagrs. (part fold.) 24 ½ᶜᵐ . (The Johns Hopkins university
209 2791 186 41 studies
424 2791 51 40 in
502 2792 272 49 education,
804 2804 77 31 no.
908 2793 51 48 9)

154 2860 264 42 Published
450 2863 103 39 also
586 2873 55 31 as
673 2862 152 42 thesis
866 2864 108 48 (PIT.
1040 2864 34 48 D.)
1115 2865 156 42 Johns
1303 2865 224 49 Hopkins
1559 2866 287 51 university,
1878 2868 129 42 1927.

157 2916 247 43 “Selected
437 2918 366 51 bibliography”
823 2930 11 31 :
865 2931 45 37 p.
939 2921 217 41 139-141.

96 2983 53 53 ©
177 2988 129 41 June
332 2988 71 46 29,
432 2989 142 48 1928;
602 2990 71 40 2c.
701 2991 96 41 and
825 2991 85 41 aff.
939 2992 117 48 July
1081 2992 28 40 3;
1167 2992 44 40 A
1238 2991 231 50 1083219;
1502 2994 156 41 Johns
1686 2994 226 51 Hopkins
1940 3007 153 37 press.

175 3043 282 51 (28-17807)

89 3165 2005 75 The South eastern reporter, v. 142. Permanent ed. … With
163 3245 374 69 key-number
565 3249 381 55 annotations.
1008 3251 175 68 April
1214 3251 244 70 14-May
1483 3257 85 64 26,
1599 3257 150 51 1928.
1815 3254 84 56 St.
1927 3256 168 68 Paul,

162 3323 161 55 West
352 3325 337 70 publishing
718 3346 99 50 co.,
848 3331 151 51 1928.

164 3405 401 50 xix, 978 p. 26 ᶜᵐ.
101 3470 52 53 ©
178 3476 116 48 July
319 3476 69 49 19,
415 3477 118 41 1928;
583 3479 68 41 2c.
677 3479 121 49 Aug.
823 3482 27 39 7;
904 3481 84 41 aff.
1011 3482 122 48 Aug.
1159 3481 28 41 6;
1241 3482 44 41 A
1308 3483 203 41 1082951;
1567 3485 140 42 West
1729 3486 109 49 pub.
1866 3498 68 30 co.

93 3653 189 54 South
310 3663 240 47 western
573 3664 273 63 reporter.
924 3660 219 55 Second
1167 3661 186 55 series.
1431 3663 170 55 Cases
1625 3666 215 69 argued
1866 3667 112 52 and
167 3663 1906 127 determined

472 3736 61 52 in
558 3737 96 52 the
682 3735 276 70 Supreme
984 3745 188 48 courts
1199 3739 67 55 of
1290 3740 313 69 Arkansas,
1630 3743 290 69 Missouri,
168 3742 1902 139 Tennessee,

400 3814 114 52 and
542 3814 212 67 Texas;
788 3815 207 55 Courts
1024 3817 64 53 of
1117 3819 235 68 appeals
1382 3820 63 52 of
1475 3819 307 69 Kentucky
1814 3824 112 52 and
169 3820 1902 124 Missouri;

383 3890 206 54 Courts
619 3891 63 53 of
710 3893 134 54 civil
872 3895 112 52 and
1014 3895 264 54 criminal
1308 3899 234 66 appeals
1572 3900 113 52 and
1717 3899 374 56 Commission

169 3964 63 54 of
275 3968 234 67 appeals
551 3969 64 53 of
659 3970 201 70 Texas,
902 3973 139 52 with
1085 3974 375 70 key-number
1504 3977 382 57 annotations,
1967 4000 53 33 v.
2063 3984 34 49 4
