2498 4384
0 0 0 0 462
331 433 318 63 Sadofsky,
688 433 245 54 Charles
969 433 251 53 Arthur.

407 525 199 52 Pearls
638 524 64 52 of
730 530 162 63 great
923 526 181 66 price;
1138 544 81 41 or.
1253 525 173 54 Short
1456 526 200 52 stories
1689 526 149 51 from
1872 527 94 51 the
1999 527 167 52 Bible
2195 533 138 59 text,

338 603 140 52 with
519 603 398 65 illustrations,
957 621 254 50 prayers,
1253 621 209 50 poems,
1503 604 112 52 and
1660 604 274 67 practical
1976 606 226 52 lessons.
2278 607 54 52 A

336 681 147 53 book
517 680 64 53 of
613 681 327 53 devotional
974 681 268 69 readings
1279 681 93 53 for
1405 682 229 63 church,
1668 684 191 51 school
1895 684 113 52 and
2042 685 181 63 home,
2258 684 75 70 by

393 779 81 34 Rev.
524 759 61 55 C.
632 759 225 53 Arthur
904 759 307 70 Sadofsky.
1306 761 195 54 Union
1547 761 235 69 Bridge,
1826 762 140 68 Md.,
2010 764 121 51 The
2177 765 155 52 Pilot

335 839 816 68 publishing company [ ᶜ 1927]
402 920 1249 50 206 p., 1 l. incl. plates. front. (port.) 20½ ᶜᵐ .
337 988 51 52 ©
423 993 110 39 Dec.
568 993 39 46 8,
640 993 140 45 1927;
814 993 67 39 2c.
915 994 95 38 and
1044 993 81 40 aff.
1159 994 112 41 Dec.
1305 994 52 46 9;
1392 993 41 39 A
1467 994 229 46 1013491;
1733 994 48 41 C.
1817 995 53 40 A.
1908 995 257 46 Sadofsky.

403 996 1909 93 Solomons
572 1050 182 47 Island,
788 1050 96 39 Md.
955 1050 251 49 (28-9078)

325 1158 318 62 Sandford,
677 1158 277 53 Kenneth
991 1158 229 54 Stuart.

464 1249 1867 73 … First report of the prehistoric survey expedition, by
329 1328 74 53 K.
435 1329 55 54 S.
526 1328 296 54 Sandford
851 1329 113 51 and
990 1329 88 52 W.
1109 1328 55 54 J.
1196 1328 218 52 Arkell.
1493 1328 270 70 Chicago,
1794 1330 113 67 Ill.,
1935 1331 122 52 The
329 1332 1977 143 University

471 1406 65 53 of
565 1406 251 68 Chicago
848 1424 156 49 press
1040 1409 171 63 [1928]

328 1487 1980 106 xi, 52 p. illus., map, diagrs. 24½ ᶜᵐ . (Oriental institute communications no. 3)
399 1617 72 40 On
499 1627 140 30 cover
657 1628 9 28 :
696 1618 101 39 The
827 1617 220 40 Oriental
1073 1616 228 41 institute
1329 1617 51 40 of
1409 1618 82 39 the
1522 1618 283 48 University
1831 1619 52 39 of
1912 1618 224 49 Chicago.

333 1684 51 53 ©
423 1689 110 39 Feb.
570 1690 39 46 7,
645 1688 142 47 1928;
824 1689 68 40 2c.
929 1690 122 39 Mar.
1087 1689 82 46 24;
1210 1688 83 41 aff.
1331 1690 122 39 Mar.
1490 1689 82 46 16;
1609 1689 41 38 A
1686 1688 230 48 1068539;
1956 1690 251 40 University
2278 1692 50 39 of

400 1745 223 48 Chicago.
695 1745 251 49 (28-9142)

322 1853 476 64 Schopenhauer,
835 1853 250 63 Arthur,
1125 1852 325 55 1788-1860.

459 1945 1867 71 … The works of Schopenhauer, abridged, edited by Will
326 2022 1770 69 Durant, PH. D. New York, Simon and Schuster, 1928.
466 2105 1215 50 xx, 539 p. 19½ ᶜᵐ . (The philosophers’ library)
395 2179 101 39 The
527 2178 322 41 translations
879 2177 51 40 of
960 2178 82 39 the
1073 2178 184 47 Essays
1286 2187 84 29 are
1401 2178 58 47 by
1489 2177 53 40 T.
1573 2177 172 48 Bailey
1780 2178 260 46 Saunders,
2073 2179 81 39 the
325 2181 1984 95 selections

486 2236 129 39 from
648 2236 101 39 The
783 2236 151 39 world
966 2245 53 29 as
1054 2234 101 40 will
1187 2234 97 40 and
1317 2234 107 40 idea
1458 2244 84 30 are
1576 2236 146 38 taken
1754 2234 127 40 from
1917 2236 79 39 the
2030 2236 294 41 translation

325 2294 59 46 by
413 2294 54 39 R.
496 2294 53 39 B.
579 2293 226 39 Haldane
834 2293 94 39 and
956 2292 43 40 J.
1026 2292 171 47 Kemp.

329 2362 51 52 ©
407 2366 112 40 Feb.
544 2365 68 44 29,
639 2364 114 41 1928;
807 2364 66 41 2c.
901 2365 121 40 Mar.
1046 2364 25 40 3;
1128 2362 81 42 aff.
1239 2364 121 41 Mar.
1387 2364 54 39 21;
1497 2364 41 39 A
1564 2362 202 42 1069515;
1825 2364 164 41 Simon
2015 2365 37 41 &
2081 2364 243 49 Schuster,

395 2424 91 39 inc.
558 2423 250 47 (28-9139)

394 2530 141 54 “Sh!
573 2533 103 49 not
711 2529 204 53 before
952 2528 227 64 Evelyn
1212 2529 197 63 May”,
1443 2530 97 51 the
1573 2530 96 68 log
1702 2529 64 52 of
1799 2547 27 34 a
1863 2531 168 51 much
2067 2531 252 52 traveled

323 2607 1651 71 girl. New York, London. The Century co. [ ᶜ 1928]
391 2689 874 51 3 p. l., 3-284 p. 19½ ᶜᵐ . $2.00
325 2760 52 52 ©
409 2766 122 38 Mar.
562 2764 69 46 21,
663 2764 141 44 1928;
836 2762 67 40 2c.
936 2763 96 39 and
1062 2761 81 41 aff.
1176 2763 123 39 Mar.
1330 2762 82 46 23;
1447 2762 40 38 A
1517 2761 229 47 1068504;
1782 2762 215 47 Century
2029 2773 68 29 co.

403 2821 252 48 (28-9275)

319 2928 427 63 Shakespeare,
776 2927 274 55 William.

392 3020 56 52 A
483 3040 122 33 new
642 3021 291 51 variorum
970 3020 216 52 edition
1223 3020 66 52 of
1327 3019 404 67 Shakespeare.
1806 3020 122 51 The
1964 3019 257 68 tragedie
2260 3017 64 54 of

324 3096 1712 70 Coriolanus. Edited by Horace Howard Furness, jr. …
323 3096 1975 148 Philadelphia
622 3179 46 49 &
698 3177 258 64 London,
986 3176 55 53 J.
1075 3177 67 50 B.
1173 3173 340 70 Lippincott
1544 3193 297 50 company,
1877 3178 149 49 1928.

387 3256 745 50 3 p. l., v-xiii, 762 p. 25 ᶜᵐ .
324 3325 51 51 ©
412 3330 121 38 Mar.
569 3329 38 47 1,
644 3329 113 40 1928;
820 3329 67 40 2c.
924 3330 96 38 and
1054 3327 82 42 aff.
1171 3328 115 47 Apr.
1322 3328 54 38 12;
1441 3328 42 38 A
1517 3327 202 41 1068895;
1786 3329 59 39 H.
1883 3328 60 40 H.
1981 3328 226 46 Furness,
2243 3327 75 48 jr.,

390 3385 356 48 Philadelphia.

317 3481 284 62 Slattery,
631 3481 245 53 Charles
903 3479 210 63 Lewis,
1145 3481 89 66 bp.

453 3567 1860 73 … [Introduction] by C. L. Slattery [in the book entitled]
320 3652 120 51 The
481 3650 395 65 church-idea;
920 3668 72 33 an
1033 3668 160 49 essay
1233 3649 249 51 towards
1522 3648 184 67 unity,
1745 3649 75 67 by
1860 3647 262 54 William
2221 3648 97 52 Reed

319 3725 1999 71 Huntington … 5th ed. … Boston and New York, Houghton
318 3805 202 53 Mifflin
550 3823 298 49 company,
880 3807 148 50 1928.

388 3887 499 47 xxxi, 175 p. 21 ᶜᵐ .
320 3954 51 52 ©
407 3959 111 40 Feb.
551 3958 70 48 24,
655 3957 140 50 1928;
831 3958 67 42 2c.
934 3958 110 41 Feb.
1077 3958 83 46 27;
1198 3957 83 42 aff.
1316 3958 122 40 Mar.
1472 3958 53 47 2;
1562 3956 41 41 A
1637 3956 230 47 1068105;
1904 3956 265 49 Houghton
389 3954 1908 102 Mifflin
502 4026 67 31 co.
