2498 4384
1085 4119 133 50 1565

146 457 232 62 Drisko,
410 456 255 54 William
695 455 285 63 Johnson,
1015 458 170 50 1866-

216 534 327 53 Mechanics
575 534 112 52 and
719 533 169 69 light,
921 532 281 68 prepared
1240 530 92 54 for
1365 549 96 34 use
1495 536 58 47 at
1586 530 445 53 Massachusetts
148 529 1976 136 institute

383 610 65 54 of
483 611 358 67 technology,
877 610 75 68 by
990 610 262 52 William
1290 608 55 55 J.
1387 607 230 53 Drisko.
1693 607 264 67 Revised,
1998 610 151 50 1928.

149 688 364 69 Cambridge,
541 688 191 67 Mass.,
762 687 368 69 Technology
1158 704 177 50 press,
1366 688 150 50 1928.

218 769 682 49 208 p. illus., diagrs. 21½ ᶜᵐ.
220 827 296 40 “Reference
544 827 147 39 books
718 837 60 29 on
806 825 153 47 light”:
1018 836 43 37 p.
1090 825 100 40 204.

150 880 1397 53 © Sept. 21, 1928; 2c. and aff. Sept. 25; A 1053703;
1608 883 73 41 W.
1712 882 44 41 J.
1787 882 194 47 Drisko,
215 883 1918 106 Cambridge,
429 942 146 39 Mass.
645 940 281 48 (28-22861)

149 1035 197 52 Ebner
373 1050 114 36 von
517 1032 406 65 Eschenbach,
951 1032 206 64 Marie,
1186 1032 273 73 freifrau,
1490 1036 326 50 1830-1916.

213 1114 110 52 Die
362 1110 499 71 kapitalistinnen,
901 1112 118 52 und
1064 1112 137 52 zwei
1245 1112 208 52 andere
1493 1111 281 66 novellen,
1816 1129 112 34 von
1970 1111 187 53 Marie

145 1209 110 35 von
290 1190 590 53 Ebner-Eschenbach;
946 1190 190 52 edited
1171 1190 141 52 with
1347 1189 410 66 introduction,
1788 1196 178 59 notes,
143 1207 1990 115 exercises

322 1265 1835 70 and vocabulary, by Clifford E. Gates … New York,
143 1346 65 54 F.
240 1345 55 56 S.
324 1345 201 55 Crofts
551 1348 46 50 &
622 1363 98 49 co.,
751 1348 149 49 1928.

281 1425 1693 52 xv, 122 p. 19½ ᶜᵐ. (Lettered on cover: Crofts’ German series)
494 1484 152 41 CONTENTS.—Die
682 1483 486 49 kapitalistinnen.—
1170 1485 100 38 Der
1306 1484 197 39 muff.—
1505 1483 388 42 Krambambuli.

151 1538 51 53 ©
231 1542 129 48 Sept.
384 1543 70 47 14,
481 1541 141 48 1928;
649 1542 68 40 2c.
746 1541 129 48 Sept.
899 1541 83 46 18;
1010 1540 83 41 aff.
1120 1540 103 41 Oct.
1250 1540 53 47 9;
1331 1541 41 38 A
1399 1540 230 47 1053341;
1659 1541 51 40 F.
1741 1540 45 41 S.
1815 1540 165 40 Crofts
2009 1540 35 39 &
2072 1550 82 36 co.,

216 1599 91 42 inc.
369 1594 69 55 [©
471 1598 200 48 editing,
702 1598 120 40 with
855 1597 347 48 introduction,
1235 1600 151 45 notes,
1421 1597 256 48 exercises,
1710 1598 96 39 and
1839 1597 313 48 vocabulary]

228 1655 282 49 (28-23395)

147 1750 308 63 Emerson,
489 1747 199 56 Oliver
717 1748 309 64 Pomeroy,
1059 1751 172 50 1845-

219 1826 245 53 Pioneer
488 1826 142 67 days
654 1826 60 51 in
738 1824 252 68 Hawaii,
1014 1825 76 69 by
1116 1824 201 56 Oliver
1341 1825 276 68 Pomeroy
1652 1825 295 52 Emerson.
149 1822 1984 135 Garden

290 1902 155 71 City,
476 1903 70 53 N.
580 1903 90 68 Y.,
701 1902 360 70 Doubleday,
1092 1903 201 52 Doran
1327 1905 43 49 &
1404 1920 299 51 company,
1737 1902 127 67 inc.,
1899 1904 150 51 1928.

219 1984 104 48 xiii,
353 1984 86 41 257
468 1996 43 37 p.
571 1984 165 47 front.,
767 1985 171 47 plates,
971 1986 164 46 ports.,
1164 1994 127 37 map.
1352 1983 56 41 19½ᶜᵐ.

222 2042 139 48 Maps
392 2052 61 29 on
483 2041 366 48 lining-papers.

152 2095 53 52 ©
239 2100 129 48 Sept.
398 2100 72 46 21,
501 2099 116 41 1928;
677 2099 68 41 2c.
777 2100 96 39 and
905 2098 84 41 aff.
1022 2098 103 41 Oct.
1155 2098 27 41 3;
1245 2099 42 38 A
1317 2098 205 41 1053864;
1584 2098 302 48 Doubleday,
1920 2098 169 41 Doran
2122 2098 37 40 &

219 2166 82 39 co.,
330 2156 93 41 inc.
489 2156 282 49 (28-23936)

147 2249 291 65 Fanning,
468 2249 210 64 Ralph,
713 2254 170 49 1889-

223 2328 95 52 An
353 2327 218 54 outline
607 2326 94 54 for
734 2328 96 52 the
863 2328 174 70 study
1071 2326 65 55 of
1169 2329 98 51 the
1301 2327 225 71 history
1562 2326 65 54 of
1662 2329 96 52 the
1795 2327 111 54 fine
1942 2334 120 47 arts
2098 2328 61 52 in

153 2413 239 47 western
427 2406 353 53 civilization
816 2405 154 53 from
1002 2407 97 52 the
1133 2406 229 53 earliest
1395 2407 166 52 times
1593 2413 59 46 to
1687 2408 96 52 the
1820 2408 108 52 end
1965 2405 65 55 of
2063 2408 97 52 the

153 2485 363 53 seventeenth
553 2492 255 60 century,
844 2485 285 69 arranged
1169 2483 95 54 for
1301 2485 260 53 students
1599 2484 63 53 of
1699 2485 97 53 the
1833 2485 227 70 history
2096 2485 65 53 of

154 2562 95 53 the
281 2561 109 54 fine
424 2569 119 46 arts
575 2569 59 46 at
663 2563 97 52 the
793 2561 150 56 Ohio
977 2569 146 46 state
1155 2562 341 70 university,
1528 2563 76 68 by
1639 2564 194 68 Ralph
1870 2565 290 68 Fanning.

154 2639 329 68 Columbus,
511 2640 121 52 The
660 2639 151 55 Ohio
840 2645 145 48 state
1014 2640 322 69 university
1363 2659 177 50 press,
1571 2643 152 51 1928.

222 2721 921 48 2 p. l., vii-xvi, 164 p. diagr. 22 ᶜᵐ.
226 2776 285 42 Cover-title:
565 2777 75 40 An
667 2778 184 40 outline
876 2777 190 49 history
1092 2778 52 40 of
1170 2779 83 40 the
1278 2778 95 41 fine
1401 2782 119 38 arts.

226 2834 236 41 Contains
491 2834 381 48 bibliographies;
936 2835 68 39 “A
1035 2836 260 47 suggested
1325 2835 85 41 list
1440 2836 52 40 of
1523 2837 149 40 books
1703 2836 50 40 in
1787 2837 204 48 English
2021 2837 81 41 for
2134 2850 26 29 a

154 2892 141 38 small
326 2893 78 38 art
435 2890 215 48 library”:
710 2902 43 37 p.
782 2891 200 39 xiii-xv.

156 2944 51 52 ©
241 2948 103 41 Oct.
373 2949 42 47 2,
447 2948 142 47 1928;
622 2949 69 40 2c.
723 2949 96 39 and
851 2949 83 41 aff.
968 2949 103 42 Oct.
1103 2950 83 47 11;
1221 2950 44 39 A
1295 2950 232 48 1054901;
1564 2950 123 42 Ohio
1722 2954 132 39 state
1885 2951 276 44 university

223 3016 151 37 press.
442 3005 282 48 (28-23851)

149 3099 206 63 Faust,
392 3099 212 52 Albert
641 3098 360 66 Bernhardt,
1040 3103 84 52 ed.

233 3177 156 67 [New
419 3177 128 53 title
574 3195 174 51 page;
782 3177 259 69 preface;
1076 3197 30 33 a
1139 3178 114 53 few
1283 3180 342 53 corrections
1657 3181 59 52 in
1746 3187 97 47 the
155 3182 1985 140 introduction;

348 3255 96 52 the
484 3261 187 61 notes;
715 3255 98 53 the
852 3257 180 52 entire
1072 3258 472 69 supplementary
1583 3258 439 70 bibliography;
2069 3261 96 52 the

157 3333 2003 73 entire vocabulary] by Albert B. Faust … [in the book entitled]
157 3410 2008 73 Heine’s prose … Rev. ed. New York, F. S. Crofts & co., 1928.
224 3492 1941 55 2 p. l., [iii]-li, [3]-426 p. front. (port.) map. 19½ᶜᵐ. (Lettered on
156 3559 163 29 cover:
348 3549 179 41 Crofts’
561 3549 209 41 German
801 3550 176 47 series)

160 3601 2002 59 © Sept. 14, 1928; 2c. and aff. Sept. 18; A 1053342; F. S. Crofts & co.,
226 3661 91 42 inc.

160 3754 300 60 Fichtner,
500 3757 206 62 Horst,
748 3763 170 49 1893-

222 3833 329 54 Handbuch
598 3836 99 52 der
744 3838 433 67 evangelischen
1222 3840 559 71 krankenseelsorge,
1825 3861 113 34 von
1983 3844 185 52 Horst

160 3909 2007 81 Fichtner … 1. bd. Medizinische grundlagen der evangelischen
160 3988 553 73 krankenseelsorge.
783 3992 293 56 Schwerin
1106 3996 35 52 i.
1173 3996 264 69 Mecklb.,
1467 3998 65 52 F.
1564 3999 188 67 Bahn,
1784 4002 150 50 1928.
