2498 4384
1337 4090 100 49 830

384 439 310 64 Dingwall,
725 439 337 53 Alexander
1095 438 234 55 Corbet.

445 517 306 69 Handling
785 518 113 51 and
930 517 242 68 nursing
1205 517 96 52 the
1334 534 163 51 game
1531 516 162 64 cock;
1731 536 31 32 a
1796 516 460 68 comprehensive
375 535 1981 128 explanation
704 596 113 51 and

844 595 340 52 instruction
1214 613 74 33 on
1315 595 95 52 the
1437 600 148 46 most
1611 594 255 52 effective
1892 612 193 34 means
2112 595 61 51 in
374 594 1981 147 handling
536 673 114 52 and
684 673 243 67 nursing
962 691 163 49 game
1164 672 161 53 cocks

377 671 1978 149 in battle. Various injuries described and nursing explained … By A. C. Dingwall,
379 769 2002 129 PH. B. Chicago, Ill., Dingwall and Paton, ᶜ1 928.
445 927 56 40 67
531 938 42 36 p.
634 927 143 46 illus.,
810 927 125 46 port.
994 926 146 39 19½ᶜᵐ.

446 996 157 39 Ruled
630 1006 147 37 pages
802 995 80 39 for
911 995 194 39 “Battle
1131 994 224 40 records”
1393 993 193 49 (63-67)

388 1062 52 52 ©
474 1068 115 45 May
620 1066 38 47 8,
691 1065 117 40 1928;
865 1065 70 40 2c.
967 1065 114 46 May
1112 1063 59 40 16;
1230 1063 83 41 aff.
1347 1065 113 46 May
1493 1064 56 38 14;
1609 1064 43 39 A
1682 1064 203 40 1074545;
1947 1064 54 41 A.
2036 1065 50 40 C.
2121 1065 259 48 Dingwall,

457 1122 225 48 Chicago.
752 1121 281 49 (28-14303)

383 1216 222 62 Durell,
646 1215 293 62 Fletcher,
984 1218 171 49 1859-

518 1293 1864 69 … New plane geometry, by Fletcher Durell … and E. E.
384 1371 1977 147 Arnold … New York and Chicago, Charles E. Merrill company [ ᶜ1 928]
454 1545 520 49 329 p. diagrs. 19½ ᶜᵐ.
460 1619 63 38 At
549 1617 125 40 head
701 1617 51 39 of
778 1617 110 39 title;
943 1617 118 38 New
1088 1617 132 39 York
1248 1618 130 38 state
1405 1615 185 41 edition
1607 1627 8 28 :
1647 1616 129 41 1928.

389 1683 52 52 ©
470 1688 123 40 Mar.
621 1688 68 46 14,
719 1687 140 46 1928;
890 1687 68 40 2c.
987 1688 98 38 and
1111 1686 82 41 aff.
1221 1687 116 47 May
1364 1687 53 46 3;
1448 1687 42 38 A
1517 1685 230 48 1074776;
1780 1686 204 41 Charles
2012 1689 54 37 E.
2098 1687 188 39 Merrill
2315 1698 68 30 co.

467 1744 281 49 (28-14097)

386 1838 230 63 Ewing,
649 1839 138 51 Mrs.
823 1836 238 54 Juliana
1094 1837 254 53 Horatia
1387 1837 250 64 (Gatty)
1679 1840 326 50 1841-1885.

457 1915 361 68 Jackanapes
849 1916 113 52 and
993 1917 121 51 The
1145 1934 168 49 peace
1346 1934 125 50 egg,
1501 1916 75 67 by
1606 1916 238 53 Juliana
1876 1916 251 52 Horatia
2159 1916 227 69 Ewing,

386 1994 142 51 with
554 1994 392 51 introduction
973 1994 112 51 and
1112 1998 160 48 notes
1298 1994 77 68 by
1401 1994 254 52 Blanche
1685 1994 66 52 E.
1778 1994 254 67 Weekes,
2060 1994 325 53 illustrated

385 2071 76 68 by
497 2072 158 53 John
690 2072 149 67 Fitz,
874 2071 70 69 jr.
1018 2071 429 68 Philadelphia,
1487 2070 251 70 Chicago
1802 2078 119 60 [etc.]
1965 2073 122 51 The
2125 2072 157 54 John
2322 2071 62 55 C.

385 2150 812 67 Winston company [ ᶜ1 928 ]
486 2231 1134 48 x, 95 p. col. front., illus., col. plates. 21 ᶜᵐ.
458 2289 258 47 Glossary:
750 2299 43 37 p.
824 2288 158 41 93-95.

461 2346 288 39 Illustrated
779 2344 364 50 lining-papers.

388 2413 53 52 ©
472 2418 122 40 Mar.
622 2417 69 48 21,
722 2417 114 40 1928;
893 2418 70 40 2c.
991 2417 127 40 June
1146 2419 24 37 1;
1231 2417 85 41 aff.
1345 2418 130 39 June
1498 2419 28 37 4;
1584 2418 42 38 A
1654 2418 203 40 1077596;
1919 2419 129 39 John
2078 2418 52 40 C.
2160 2419 223 40 Winston

457 2486 69 30 co.
588 2470 69 53 [©
686 2474 347 47 introduction,
1061 2477 151 44 notes,
1243 2475 345 48 illustrations]
1665 2475 281 49 (28-14243)

384 2568 564 64 Faivre-Dupaigre,
980 2568 51 53 J.

458 2646 180 54 Cours
679 2647 67 52 de
787 2647 278 68 physique
1104 2665 147 50 pour
1288 2648 79 52 les
1406 2649 202 51 classes
1649 2649 66 51 de
1755 2648 473 68 mathématiques
386 2650 1977 142 spéciales,
618 2743 362 51 programme

386 2725 2002 132 de 1925, par J. Faivre-Dupaigre … J. Lamirand … et L. Brizard. III. Electricité.
1953 2808 45 48 9.
2042 2805 85 53 éd.
2204 2806 185 66 Paris,
380 2881 232 53 Masson
644 2887 54 46 et
724 2881 117 71 cie.,
873 2881 149 53 1927.

458 2963 887 49 2 p. l. , 404 p. illus., diagrs. 25 ½ ᶜᵐ.
391 3015 1995 55 © Oct. 1, 1927; 1c. Mar. 16, 1928; A— Foreign 38159; Masson & cie.
387 3128 289 63 Ferrière,
704 3128 286 64 Adolphe.

521 3208 1866 68 … Trois pionniers de l’éducation nouvelle: Hermann Lietz,
389 3283 290 70 Giuseppe
735 3285 586 68 Lombardo-Radice,
1378 3287 308 53 Frantisek
1743 3288 238 52 Bakule.
2074 3289 187 66 Paris,
2318 3289 66 52 E.

388 3362 625 68 Flammarion [ ᶜ1 928 ]
459 3445 1204 50 244 p., 3 l. 19 ᶜᵐ. (On cover: “Education”)
392 3497 1993 55 © Apr. 12, 1928; 1c. Apr. 27; A— Foreign 37753; Ernest Flammarion.
473 3558 280 48 (28-14112)

385 3651 151 60 Fife,
568 3652 227 63 George
824 3653 344 62 Buchanan,
1202 3657 170 49 1869-

461 3729 351 69 Lindbergh,
850 3732 94 51 the
982 3732 156 51 Lone
1178 3733 199 66 Eagle,
1415 3733 89 52 his
1543 3732 105 53 life
1689 3734 113 52 and
1841 3735 432 67 achievements,
2312 3733 75 70 by

391 3805 222 70 George
645 3807 316 53 Buchanan
993 3808 162 54 Fife:
1191 3809 141 52 with
1368 3828 30 33 a
1430 3810 262 53 valuable
1726 3812 236 67 chapter
1994 3831 74 33 on
2098 3812 96 52 the
384 3813 1976 139 navigation
614 3884 65 52 of
708 3885 156 53 “The

391 3885 1967 150 Spirit of St. Louis” by Captain Robert Schofield Wood … including the flights
1593 3966 65 53 of
1697 3966 118 55 Col.
1856 3967 353 70 Lindbergh,
2247 3968 136 53 New
