2498 4384
1292 4125 132 49 1518

420 538 1545 51 5 p. l., 17-79 p. incl. plates. front. (port.) col. pl. 20 ᶜᵐ .
349 594 52 53 ©
436 599 128 47 Sept.
594 599 69 47 13,
692 598 143 47 1928;
866 599 67 40 2c.
966 598 128 48 Sept.
1124 598 82 46 24;
1241 597 84 41 aff.
1357 597 129 48 Sept.
1516 597 83 47 22;
1631 597 43 39 A
1703 597 230 47 1054823;
1968 597 62 40 H.
2062 597 43 41 J.
2137 597 213 47 Fristad,

418 655 269 48 Riverside,
720 655 145 41 Calif.
934 653 280 50 (28-23218)

343 733 227 66 Fritch,
605 734 255 54 Edward
894 735 225 63 Henry,
1156 733 170 55 1857-

421 812 327 70 Simplified
780 814 229 52 auction
1040 813 221 68 bridge,
1295 814 277 66 complete
1604 813 61 52 in
1698 832 31 33 a
1763 813 270 67 nutshell,
2064 812 76 69 by
2173 812 68 53 E.
2274 812 79 53 H.

348 890 1668 70 Fritch … Los Angeles, Calif., E. H. Fritch, ᶜ 1928.
419 974 342 49 77 p. 19 ½ᶜᵐ .
419 1031 71 41 On
528 1042 141 29 cover:
735 1030 260 48 Including
1028 1032 223 38 contract
1288 1030 182 48 bridge.

352 1084 52 52 ©
438 1089 121 47 Aug.
592 1087 70 48 20,
696 1087 142 47 1928;
872 1087 69 40 2c.
976 1087 121 48 Aug.
1131 1087 82 47 31;
1252 1086 83 41 aff.
1369 1087 121 48 Aug.
1523 1087 83 46 30;
1644 1087 41 39 A
1717 1086 231 47 1053313;
1985 1088 53 38 E.
2075 1087 61 40 H.
2171 1087 182 48 Fritch,

417 1145 93 40 Los
539 1144 222 48 Angeles.
829 1143 281 50 (28-23297)

346 1224 555 64 Funck-Brentano,
938 1225 240 63 Frantz,
1216 1227 172 50 1862-

476 1301 1881 69 … Retif de La Bretonne; portraits et documents inédits.
345 1382 187 67 Paris,
561 1381 70 52 A.
664 1381 213 52 Michel
913 1382 173 65 [1928]

416 1464 26 39 2
478 1475 42 37 p.
589 1494 8 17 l.,
630 1463 88 40 424
751 1474 58 37 p.,
844 1463 24 38 1
925 1495 9 8 l.
1008 1464 172 47 plates,
1214 1463 26 38 2
1275 1464 125 47 port.
1427 1462 136 48 (incl.
1598 1462 176 49 front.)
1817 1473 125 38 map,
1980 1464 129 47 plan,
2142 1462 218 43 facsims.

345 1519 1319 48 21 ½ᶜᵐ . ( On cover: Ames et visages d’autrefois)
419 1576 395 48 “Bibliographie
844 1577 83 39 des
958 1586 239 36 ouvrages
1228 1575 149 41 cités”:
1441 1587 44 37 p.
1519 1575 249 50 [413]-415.

354 1631 1761 52 © May 25, 1928; 1c. June 26; A— Foreign 39336; Albin Michel.
433 1690 281 50 (28-23403)

343 1771 305 65 Fyleman,
677 1771 173 63 Rose,
885 1769 172 56 1877-

424 1849 56 52 A
515 1850 253 67 princess
806 1866 181 34 comes
1023 1853 60 47 to
1122 1866 104 34 our
1263 1854 171 61 town,
1471 1848 75 69 by
1585 1848 148 53 Rose
1773 1848 298 69 Fyleman,
2109 1847 251 69 pictures

353 1927 76 68 by
468 1926 178 53 Erick
683 1927 202 68 Berry.
961 1925 235 54 Garden
1238 1924 154 71 City,
1431 1926 70 52 N.
1543 1926 91 66 Y.,
1674 1925 360 70 Doubleday,
2076 1926 200 53 Doran
2315 1928 46 50 &

353 2022 301 50 company,
680 2004 127 67 inc.,
839 2006 151 51 1928.

428 2085 1358 48 5 p. l., 158 p. incl. illus., plates, col. front. 21ᶜᵐ.
427 2143 289 40 Illustrated
748 2141 366 49 lining-papers.

358 2196 51 53 ©
442 2200 127 49 Sept.
597 2201 69 46 14,
695 2200 113 39 1928;
867 2200 66 40 2c.
962 2201 98 39 and
1086 2198 83 41 aff.
1200 2199 129 48 Sept.
1357 2200 55 38 22;
1470 2201 42 38 A
1538 2200 204 41 1053853;
1800 2200 302 49 Doubleday,
2132 2201 168 40 Doran
2328 2205 37 40 &

424 2268 82 37 co.,
536 2257 92 40 inc.
697 2256 282 53 (28-23338)

356 2337 220 70 [Greig,
605 2336 156 54 John
793 2336 216 65 Young
1036 2334 320 72 Thomson]
1395 2341 173 49 1891-

424 2415 454 67 Scheherazade;
911 2435 81 47 or,
1020 2416 123 52 The
1171 2415 198 53 future
1396 2415 64 53 of
1488 2416 96 53 the
1615 2416 247 69 English
1891 2419 186 66 novel,
2103 2418 76 69 by
2208 2418 153 54 John

353 2495 345 55 Carruthers
745 2495 197 67 [pseud.]
1042 2494 140 52 New
1206 2493 183 68 York,
1412 2495 68 51 E.
1504 2495 66 52 P.
1593 2495 226 52 Dutton
1841 2497 46 50 &
1908 2513 99 50 co.,
2030 2496 109 52 inc.
2209 2499 151 64 [ᶜ1928]

424 2578 54 40 81
505 2589 44 37 p.
609 2577 116 41 16ᶜᵐ.
790 2578 199 48 [To-day
1016 2577 95 39 and
1135 2579 280 37 to-morrow
1440 2577 166 47 series]

359 2630 53 53 ©
446 2635 103 41 Oct.
579 2634 39 48 5,
649 2634 119 40 1928;
824 2634 68 40 2c.
925 2634 102 41 Oct.
1056 2634 25 38 2;
1145 2633 82 41 aff.
1262 2633 103 41 Oct.
1396 2633 29 40 9;
1482 2635 42 38 A
1555 2633 204 41 1054831;
1822 2635 53 40 E.
1907 2635 52 39 P.
1992 2634 189 41 Dutton
2214 2635 36 40 &
2282 2646 81 37 co.,

426 2691 91 41 inc.
585 2691 282 49 (28-23330)

352 2770 328 64 Herschell,
713 2769 277 65 William,
1027 2775 170 49 1873-

430 2849 183 52 Hitch
654 2849 112 52 and
810 2867 155 33 come
1005 2847 77 68 in,
1124 2848 76 68 by
1240 2849 264 53 William
1545 2849 319 53 Herschell.
1943 2850 422 69 Indianapolis,

359 2927 123 52 The
510 2925 447 54 Bobbs-Merrill
986 2943 283 51 company
1304 2928 194 65 [ᶜ1928]

430 3009 86 39 174
546 3018 42 37 p.
648 3007 148 41 20½ᶜᵐ.

430 3065 186 39 Poems.

363 3118 53 52 ©
445 3121 103 41 Oct.
578 3122 26 40 5,
647 3122 114 40 1928;
819 3122 67 41 2c.
915 3123 96 38 and
1040 3121 84 41 aff.
1154 3122 104 41 Oct.
1286 3121 60 41 10;
1399 3123 42 38 A
1469 3122 204 41 1053876;
1731 3124 373 40 Bobbs-Merrill
2134 3135 67 30 co.

442 3179 281 49 (28-23337)

357 3258 402 64 Holdsworth,
791 3259 258 54 William
1082 3257 219 65 Searle,
1339 3261 170 52 1871-

430 3337 237 54 Charles
699 3337 251 53 Dickens
985 3356 59 34 as
1078 3355 31 34 a
1141 3335 151 71 legal
1327 3337 300 68 historian,
1659 3338 77 69 by
1766 3339 264 54 William
2067 3339 57 56 S.
357 3341 1988 127 Holdsworth

632 3415 1383 70 … New Haven, Yale university press, 1928.
426 3503 28 35 4
476 3509 41 37 p.
539 3499 45 41 l.,
607 3498 85 40 157
713 3509 43 37 p.
817 3498 54 39 21
876 3500 44 21 ᶜᵐ
926 3530 7 8 .

432 3554 1935 49 “Addresses … delivered in the William L. Storrs lecture series, 1927,
359 3613 168 39 before
552 3613 84 39 the
657 3612 116 39 Law
798 3613 164 39 school
988 3612 52 39 of
1062 3613 120 39 Yale
1207 3612 318 47 university.”

433 3669 292 40 “Published
760 3679 59 29 on
854 3669 83 40 the
968 3669 127 40 fund
1127 3668 299 41 established
1461 3670 51 38 in
1548 3681 214 37 memory
1796 3670 52 40 of
1884 3671 197 40 Ganson
2116 3671 252 48 Goodyear

357 3725 223 49 Depew.”

772 3783 102 39 CONTENTS.—The
907 3785 164 38 courts
1106 3783 95 39 and
1238 3782 252 48 dwellings
1523 3783 53 41 of
1610 3784 82 40 the
1724 3784 389 47 lawyers.—The
2146 3785 222 47 lawyers,

360 3839 224 48 lawyers’
618 3840 172 47 clerks,
826 3841 95 38 and
958 3840 139 39 other
1130 3840 241 40 satellites
1406 3840 52 40 of
1492 3841 82 39 the
1607 3841 328 40 law.—Bleak
1968 3841 152 41 house
2156 3842 96 39 and
2287 3841 82 41 the

361 3897 267 47 procedure
652 3896 52 40 of
729 3897 82 39 the
838 3897 152 40 Court
1015 3897 52 39 of
1092 3897 565 47 chancery.—Pickwick
1685 3898 96 39 and
1809 3898 82 40 the
1917 3899 267 47 procedure
2210 3898 53 40 of
2288 3898 82 40 the

358 3963 218 32 common
597 3954 342 40 law.—Index.

367 4006 51 53 ©
450 4011 128 48 Sept.
605 4012 69 45 21,
702 4011 142 47 1928;
873 4012 66 40 2c.
968 4013 95 38 and
1091 4011 82 41 aff.
1203 4011 104 42 Oct.
1335 4012 52 45 6;
1417 4012 42 38 A
1485 4011 231 48 1054798;
1747 4012 119 39 Yale
1896 4013 131 40 univ.
2056 4022 151 39 press.

445 4067 283 50 (28-23327)
