2498 4384
1343 4146 134 52 1086

455 574 534 49 5 p. l., 308 p. 19 ᶜᵐ .
391 629 1993 52 © 1c. July 21, 1928; A ad int. 11432; pubd. May 25; A. G. Greenwood,
458 690 213 40 London.
742 689 280 48 (28-18503)

387 783 378 64 Greenwood,
798 783 226 65 George
1054 783 255 54 Arthur.

514 860 1389 70 … Solo. London, Wishart & company, 1928.
449 944 537 49 2 p. l., 309 p. 20 ᶜᵐ .
451 1001 65 41 At
544 1001 125 40 head
698 1001 52 40 of
778 1001 136 41 title:
946 1001 185 47 George
1157 1001 56 41 A.
1243 999 313 43 Greenwood.

393 1052 1995 53 © 1c. July 14, 1928; A ad int. 11403; pubd. May 17; G. A. Greenwood,
460 1114 214 41 London.
744 1114 282 49 (28-18576)

393 1208 236 70 [Griffis,
662 1207 219 65 Joseph
914 1208 53 54 K
1256 1241 13 34 ]
1310 1210 169 51 1852-

452 1284 1941 71 Indian story circle stories, by Chief Tahan … Burlington,
382 1363 1107 70 Vt., Free press printing co. [ ᶜ192 8]
452 1447 1054 49 viii, 138 p. front. (port.) 16½ × 10 ᶜᵐ .
395 1501 53 52 ©
482 1506 129 40 June
641 1506 39 46 7,
714 1504 118 40 1928
847 1515 8 36 ;
889 1504 69 40 2c.
992 1504 129 40 June
1150 1505 85 46 27;
1272 1503 82 43 aff.
1388 1504 118 48 July
1537 1503 84 48 28;
1656 1504 44 40 A
1730 1504 231 48 1083078;
1999 1505 182 48 Joseph
2217 1504 174 50 Griffis,

463 1563 289 47 Vergennes,
784 1562 78 40 Vt.
930 1560 282 50 (28-17415)

390 1656 312 63 Guaranty
735 1658 163 50 trust
933 1671 288 48 company
1255 1655 63 52 of
1350 1656 147 52 New
1528 1653 182 55 York.

464 1731 1929 72 Suggestions for the preparation of trust deeds … [New
393 1812 180 67 York,
604 1817 121 61 etc.]
763 1810 304 70 Guaranty
1096 1817 152 47 trust
1278 1829 282 52 company
1592 1810 65 54 of
1687 1811 140 54 New
1861 1810 181 70 York,
2077 1814 151 51 1928.

461 1894 338 48 22 p. 23½ ᶜᵐ .
397 1944 53 56 ©
479 1953 128 41 June
632 1951 70 49 26,
732 1951 141 47 1928;
903 1951 68 42 2c.
1000 1952 96 39 and
1125 1950 83 42 aff.
1238 1951 117 48 July
1382 1951 31 39 2;
1467 1951 43 39 A
1536 1950 230 49 1082396;
1800 1951 257 49 Guaranty
2086 1953 130 42 trust
2246 1962 68 31 co.
2342 1952 54 41 of

464 2009 119 40 New
610 2009 146 40 York.
827 2008 281 51 (28-1802:6)

393 2103 340 64 Hagedorn,
768 2104 327 61 Hermann,
1134 2105 174 50 1882-

462 2184 122 51 The
625 2188 96 47 ten
763 2182 223 53 dreams
1029 2180 66 54 of
1135 2182 150 52 Zach
1328 2181 216 68 Peters,
1585 2181 77 69 by
1703 2181 303 53 Hermann
2047 2182 346 69 Hagedorn;

392 2261 114 53 and
539 2261 97 53 the
668 2260 371 53 Declaration
1072 2258 65 54 of
1168 2260 441 67 independence,
1642 2260 99 53 the
1774 2258 395 56 Constitution
2203 2259 66 54 of
2301 2261 98 53 the

391 2339 73 55 U.
506 2337 76 70 S.,
619 2339 97 53 the
753 2337 374 53 constitution
1165 2336 66 54 of
1268 2338 140 54 New
1446 2337 229 70 Jersey;
1717 2338 327 54 illustrated
2084 2337 76 71 by
2198 2338 199 54 Frank

393 2415 2006 71 Godwin and J. L. G. Ferris. Philadelphia, Chicago [etc. ] The
391 2494 1086 69 John C. Winston company [ ᶜ192 8]
462 2577 100 48 216,
594 2577 55 49 [4]
678 2587 45 38 p.
750 2577 111 40 incl.
888 2576 144 49 illus.,
1060 2577 174 48 plates,
1293 2577 88 41 col.
1407 2576 166 50 front.,
1602 2577 88 42 col.
1718 2578 174 48 plates.
1949 2577 120 42 21ᶜᵐ.

465 2634 162 40 Blank
651 2644 148 38 pages
825 2633 80 41 for
932 2633 287 41 “Memories
1247 2633 52 41 of
1326 2633 164 41 school
1517 2633 150 49 days”
1706 2634 52 50 (4
1783 2637 55 39 at
1864 2635 118 49 end)

465 2692 290 40 Illustrated
784 2690 365 49 lining-papers.

402 2744 53 53 ©
485 2749 115 48 Apr.
631 2748 38 48 5,
700 2747 141 48 1928;
874 2748 68 41 2c.
973 2749 127 40 June
1130 2750 53 45 1;
1216 2748 84 41 aff.
1332 2749 117 47 July
1477 2748 83 48 20;
1594 2749 43 39 A
1666 2748 230 48 1077594;
1931 2749 131 40 John
2094 2748 49 43 G.
2174 2749 225 42 Winston

470 2814 68 32 co.
602 2801 68 55 [©
706 2805 342 48 explanations
1081 2806 96 39 and
1210 2815 109 31 new
1351 2805 244 50 material]
1668 2805 281 49 (28-14677)

394 2899 204 64 Hicks,
625 2899 158 54 Julia
813 2901 327 63 Margaret,
1171 2918 180 50 comp.

463 2978 242 55 Women
735 2977 208 70 jurors,
975 2978 283 69 compiled
1290 2979 78 69 by
1398 2979 162 55 Julia
1593 2980 298 69 Margaret
1923 2979 201 54 Hicks.

394 2980 1982 146 Washington,
654 3057 72 53 D.
766 3056 82 68 C.,
889 3056 338 55 Committee
1265 3075 74 34 on
1373 3057 98 53 the
1506 3056 151 70 legal
1693 3062 182 50 status

1913 3055 65 55 of
2013 3076 237 50 women,
392 3057 1983 131 National
603 3136 199 68 league
827 3133 65 54 of
919 3153 218 34 women
1163 3140 206 62 voters,
1400 3138 151 50 1928.

464 3217 70 48 35,
569 3217 54 50 [1]
658 3228 44 38 p.
762 3217 147 41 22½ᶜᵐ.

467 3274 376 48 Bibliography:
873 3285 44 37 p.
950 3274 69 50 [36]

405 3327 53 53 ©
492 3333 115 47 Apr.
639 3332 69 47 23,
742 3332 114 40 1928
874 3342 9 36 ;
918 3332 68 40 2c.
1020 3332 96 39 and
1150 3330 83 41 aff.
1269 3331 117 48 July
1418 3332 82 45 17;
1536 3331 43 39 A
1610 3331 230 48 1082612;
1877 3331 234 41 National
2143 3333 172 46 league
2349 3332 52 40 of

474 3399 186 31 women
688 3391 177 39 voters.
934 3388 281 49 (2:8-18217)

397 3468 401 64 Holdsworth,
830 3468 155 54 John
1017 3468 206 63 Thom,
1261 3469 169 53 1873-

469 3547 326 69 Financing
828 3565 72 34 an
935 3547 243 67 empire;
1216 3546 225 68 history
1473 3545 65 54 of
1570 3545 259 71 banking
1861 3547 62 52 in
1957 3546 446 70 Pennsylvania,

397 3623 1551 71 by John Thom Holdsworth … Hon. John S.
399 3624 1978 148 Fisher, associate editor … Chicago, Philadelphia,
1689 3703 122 53 The
1844 3701 54 56 S.
1931 3703 56 54 J.
2024 3701 209 56 Clarke
398 3700 1980 150 publishing
643 3797 297 53 company,
972 3784 149 52 1928.

469 3861 1595 51 4 v. fronts. (v. 1-2) illus., plates, ports., facsims. 27 ᶜᵐ .
828 3943 86 18 CONTENTS.—I-II.
948 3920 206 48 History
1188 3920 52 40 of
1272 3919 214 48 banking
1518 3919 51 40 in
1602 3919 597 48 Pennsylvania.—III-IV.
2237 3918 167 41 Banks

400 3979 97 40 and
505 3997 6 12 -
527 3978 225 41 bankers.

410 4030 1991 56 © July 2, 1928; 2c. each and aff. July 16; A 1082768; S. J. Clarke pub.
478 4104 67 30 co.
615 4092 255 50 (28-18220)
