2542 4417
1198 4145 69 57 27

260 569 28 40 2
326 580 43 30 v.
430 567 130 41 illus.
587 566 136 49 (part
763 564 114 48 col.)
924 564 159 48 plates
1110 561 136 49 (part
1285 559 114 48 col.)
1448 557 171 50 tables,
1659 555 182 50 diagrs.
1900 554 119 42 24ᶜᵐ.

617 623 1587 59 CONTENTS.— I. Physical and laboratory diagnosis. — II. Analysis of
194 696 279 48 symptoms.

195 761 51 52 ©
278 763 112 42 Dec.
420 763 71 47 21,
523 761 115 41 1927;
698 761 69 41 2c.
798 759 97 40 and
927 757 82 42 aff.
1043 758 110 40 Jan.
1186 756 40 48 9,
1258 755 116 41 1928;
1434 754 43 40 A
1508 752 233 51 1061127;
1775 753 54 41 F.
1860 753 57 41 A.
1949 751 155 41 Davis
2136 760 69 33 co.

273 819 251 50 (28-1317)

196 913 308 65 Maynard,
538 913 212 52 Emma
782 910 72 54 A.

269 992 175 69 Stray
480 991 481 69 forget-me-nots,
996 989 75 68 by
1107 988 208 52 Emma
1350 985 73 53 A.
1461 985 307 71 Maynard.
1849 983 158 68 [New
2045 981 165 55 York

197 1072 132 70 city,
353 1071 123 54 The
497 1069 229 54 Arcade
749 1086 175 51 press,
1005 1068 102 52 ᶜ1927]

266 1155 57 41 38
346 1164 44 39 p.
413 1152 112 42 incl.
549 1154 87 39 col.
660 1151 145 48 illus.,
831 1150 231 41 mounted
1085 1151 126 47 port.
1271 1148 148 41 20½ᶜᵐ.

267 1226 187 41 Poems.

200 1295 51 52 ©
282 1298 112 42 Dec.
423 1297 70 48 23,
524 1296 143 47 1927;
699 1296 69 40 2c.
798 1296 114 39 Dec.
942 1295 84 48 31;
1059 1292 84 43 aff.
1175 1293 112 41 Jan.
1317 1292 41 49 9,
1390 1291 142 48 1928;
1566 1291 42 40 A
1638 1290 232 47 1061171;
1905 1291 55 39 E.

1990 1289 57 42 A.
265 1289 1930 114 Maynard,
433 1355 118 39 New
579 1353 146 41 York.
800 1350 253 50 (28-1422)

199 1448 248 65 Mellett,
473 1449 141 53 Mrs.
645 1446 225 55 Berthe
907 1445 362 67 (Knatvold)

270 1529 122 53 The
440 1528 306 68 Ellington
794 1527 150 67 brat,
991 1525 75 69 by
1116 1525 214 52 Berthe
1379 1524 74 52 K.
1504 1522 244 54 Mellett.
1842 1521 139 54 New
2033 1519 182 69 York,

201 1607 188 69 Dodd,
412 1606 175 53 Mead
609 1607 47 51 &
680 1622 300 52 company,
1009 1605 153 51 1928.

269 1687 551 52 3 p. l., 340 p. 19½ᶜᵐ.
203 1757 51 53 ©
282 1761 111 41 Jan.
421 1762 40 46 7,
489 1760 142 46 1928;
661 1759 69 41 2c.
759 1759 97 39 and
884 1757 83 41 aff.
996 1758 111 40 Jan.
1137 1757 82 48 13;
1251 1757 42 39 A
1321 1756 233 47 1061188;
1586 1756 155 48 Dodd,
1772 1756 144 40 Mead
1947 1755 37 41 &
2011 1765 82 37 co.,
2126 1754 92 43 inc.

282 1817 254 51 (28-1279)

202 1911 260 64 Merritt,
497 1911 257 53 Edward
785 1909 287 63 Percival,
1107 1913 172 51 1860-

273 1989 121 55 The
430 1995 130 48 true
595 1994 160 62 story
791 1988 65 54 of
890 1987 97 55 the
1022 1988 272 54 so-called
1331 1989 126 51 love
1493 1987 197 55 letters
1727 1986 65 54 of
1827 1986 141 54 Mrs.
2006 1985 215 69 Piozzi,

205 2067 93 55 “in
336 2068 235 55 defence
609 2067 67 54 of
711 2086 74 34 an
823 2066 218 69 elderly
1079 2065 190 70 lady”,
1308 2066 77 68 by
1420 2065 269 55 Percival
1725 2065 254 53 Merritt.
206 2062 1994 155 Cambridge,
453 2146 277 53 Harvard

765 2144 319 71 university
1114 2163 178 50 press,
1325 2145 153 53 1927.

273 2229 596 54 6 p. l., [3]-85 p. 20ᶜᵐ.
276 2302 185 41 “Three
492 2301 225 40 hundred
750 2301 97 39 and
878 2298 114 50 fifty
1022 2299 162 49 copies
1213 2299 54 41 of
1298 2298 101 42 this
1431 2299 125 41 book
1586 2298 128 41 have
1745 2299 119 40 been
1897 2297 197 51 printed
2126 2299 97 40 and

207 2361 79 40 the
316 2361 114 47 type
458 2356 343 43 distributed.”

633 2424 1593 52 CONTENTS.— The letters and Mr. Conway. — The letters and Mrs.
208 2487 141 41 Ellet.
349 2485 165 41 —The
544 2486 173 39 letters
746 2484 98 40 and
877 2483 83 41 the
991 2483 426 41 Athenfeum.—In
1448 2482 296 44 conclusion.

209 2551 52 53 ©
295 2555 113 42 Dec.
441 2554 72 49 22,
547 2554 143 48 1927;
725 2554 70 41 2c.
829 2555 115 40 Dec.
976 2553 85 48 27;
1099 2552 82 43 aff.
1217 2554 115 41 Dec.
1365 2553 84 47 29;
1487 2554 43 40 A
1563 2554 233 49 1061148;
1833 2554 262 41 President
2129 2555 97 40 and

277 2612 193 42 fellows
499 2612 54 40 of
584 2612 233 40 Harvard
849 2611 194 49 college,
1079 2611 304 49 Cambridge,
1418 2612 149 42 Mass.
1639 2610 255 52 (28-1314)

208 2706 296 65 Michaud,
536 2706 201 65 Regis,
771 2710 171 50 1880-

279 2785 123 54 The
453 2784 312 54 American
814 2785 171 54 novel
1033 2785 232 68 to-day;
1320 2804 33 34 a
1404 2784 175 54 social
1632 2785 115 53 and
1798 2784 431 71 psychological

211 2864 187 68 study,
436 2864 75 69 by
551 2863 177 69 Regis
768 2861 294 55 Michaud.
1138 2863 239 64 Boston,
1415 2862 198 70 Little,
1654 2864 234 69 Brown,
1927 2865 116 53 and
212 2881 1994 131 company,
411 2943 153 53 1928.

281 3024 728 52 xi p., 2 l., [3]-293 p. 21ᶜᵐ.
214 3077 52 53 ©
294 3082 110 42 Jan.
431 3083 41 48 3,
500 3082 142 47 1928;
671 3082 69 40 2c.
769 3082 97 39 and
894 3079 83 44 aff.
1006 3081 111 41 Jan.
1145 3081 53 48 6;
1229 3081 42 39 A
1297 3080 234 49 1061088;
1562 3080 165 52 Little,
1757 3083 194 49 Brown,
1981 3085 98 39 and
282 3094 1930 94 company.
495 3138 224 51 (28-940)

286 3232 247 70 France;
565 3233 231 53 tableau
826 3233 69 53 de
925 3232 350 55 civilisation
1307 3232 27 52 f
1338 3231 274 72 rankaise,
1642 3233 75 70 by
1747 3234 177 71 Regis
1953 3233 277 59 Michaud

279 3308 1953 81 … and A. Marinoni … New York, The Macmillan company,
218 3392 150 51 1928.

287 3473 64 47 xi,
385 3473 87 40 290
503 3484 44 37 p.
579 3472 112 41 incl.
721 3472 166 47 front.,
921 3471 143 50 illus.,
1096 3474 174 48 plates,
1305 3475 150 47 ports,
1517 3484 153 39 maps.
1730 3475 149 42 19½ᶜᵐ.

290 3530 271 50 “Quelques
593 3541 240 37 ouvrages
864 3541 86 29 sur
978 3532 48 39 la
1059 3531 217 40 France”
1296 3541 10 30 :
1338 3542 45 37 p.
1414 3530 221 45 289-290.

221 3584 52 53 ©
303 3588 111 43 Jan.
446 3588 70 49 10,
547 3588 119 41 1928;
722 3589 69 40 2c.
824 3589 97 40 and
953 3587 82 45 aff.
1069 3589 112 41 Jan.
1212 3589 83 47 11;
1330 3590 42 39 A
1404 3588 233 51 1061156;
1673 3591 285 41 Macmillan
1991 3603 70 30 co.

301 3644 252 53 (28-1582)

221 3737 230 66 Norris,
484 3741 139 53 Mrs.
658 3739 297 55 Kathleen
998 3740 401 66 (Thompson)
1443 3744 174 51 1880-

294 3813 1945 79 The fun of being a mother, by Kathleen Norris … Garden
226 3891 153 73 City,
402 3894 71 54 N.
499 3895 91 61 Y.,
615 3895 358 71 Doubleday,
999 3897 158 69 Page
1181 3899 47 51 &
1252 3915 300 54 company,
1583 3898 152 55 1927.

296 3973 953 54 2 p. l., 31 p. front. (port.) 19½ᶜᵐ.
226 4027 52 52 ©
306 4032 119 42 Nov.
454 4033 68 49 18,
552 4034 143 47 1927;
725 4035 69 40 2c.
824 4036 97 39 and
950 4034 82 43 aff.
1062 4036 111 41 Jan.
1203 4037 40 48 5,
1274 4037 144 47 1928;
1448 4038 42 39 A
1518 4037 233 50 1061087;
1784 4040 60 41 K.
1873 4040 188 49 Norris,
293 4039 1925 100 Saratoga,
455 4090 145 42 Calif.
671 4091 254 51 (28-1183)
