2498 4384
1322 4080 100 50 662

355 519 234 53 enacted
630 523 59 47 at
728 518 96 52 the
865 516 320 69 legislative
1225 516 239 52 sessions
1506 514 65 53 of
1615 518 151 64 1919,
1811 517 152 65 1921,
2007 515 153 66 1923,
2204 515 152 64 1925,

356 591 1741 71 1927. Compiled and annotated by Harry B. Skillman …
355 675 262 65 Atlanta,
647 674 121 51 The
798 673 287 52 Harrison
1116 690 300 50 company,
1450 674 149 50 1928.

424 755 276 41 2 v. 26 ᶜᵐ .
428 813 162 47 Paged
616 811 355 48 continuously.

360 866 52 52 ©
439 870 115 47 Apr.
580 870 70 46 21,
678 868 141 47 1928;
846 869 68 40 2c.
942 869 118 39 each
1088 869 97 39 and
1213 868 82 41 aff.
1321 869 115 47 Apr.
1463 869 83 47 23;
1578 868 41 39 A
1647 867 229 47 1074095;
1907 866 244 41 Harrison
2179 877 67 29 co.

438 925 280 49 (28-11458)

357 1005 259 62 Forster,
654 1006 253 52 Edward
943 1006 269 62 Morgan,
1251 1006 171 53 1879-

424 1086 120 51 The
584 1086 215 51 eternal
837 1089 267 61 moment,
1143 1085 113 51 and
1296 1085 161 51 other
1498 1084 229 52 stories:
1764 1083 77 68 by
1879 1084 67 51 E.
1987 1084 80 51 M.
2109 1084 248 51 Forster.

357 1163 140 52 New
526 1163 179 61 York,
733 1162 308 62 Harcourt,
1072 1163 180 51 Brace
1281 1164 46 49 &
1355 1180 282 44 company
1713 1164 133 49 [ᶜ1928]

429 1245 88 40 245
543 1255 44 38 p.
783 1277 8 8 19½ᶜᵐ.

692 1302 172 39 CONTENTS.—The
907 1301 221 40 machine
1172 1302 313 47 stops.—The
1527 1301 136 48 point
1705 1300 51 41 of
1799 1302 206 38 it.—Mr.
357 1300 2002 100 Andrews.—Co-ordination.—The

930 1361 136 44 story
1093 1358 51 40 of
1172 1359 81 39 the
1283 1359 308 40 siren.—The
1619 1359 184 39 eternal
1834 1360 227 37 moment.

362 1412 52 52 ©
442 1417 114 46 Apr.
584 1416 68 47 19,
680 1416 115 39 1928;
850 1416 68 40 2c.
947 1417 96 38 and
1070 1414 81 42 aff.
1181 1416 115 47 May
1323 1416 27 38 2;
1407 1416 41 39 A
1475 1415 201 41 1074301;
1736 1416 262 45 Harcourt,
2029 1416 155 37 Brace
2214 1414 35 39 &
2277 1424 82 37 co.,

433 1473 91 40 inc.
598 1473 281 48 (28-11816)

358 1552 209 63 Frary,
594 1553 248 53 Francis
864 1552 241 64 Cowies,
1133 1556 172 50 1884-

430 1632 358 68 Laboratory
835 1633 151 67 glass
1036 1632 270 69 blowing,
1357 1632 303 68 published
1710 1631 278 69 formerly
2036 1632 182 52 under
2266 1632 95 51 the

360 1710 127 53 title
527 1710 63 53 of
629 1710 357 69 Laboratory
1027 1712 232 51 manual
1301 1709 64 54 of
1404 1712 152 67 glass
1593 1711 271 68 blowing,
1902 1711 77 67 by
2016 1710 240 52 Francis
2299 1708 60 55 C.

361 1788 2001 69 Frary … Cyril S. Taylor … Junius David Edwards … 2d
361 1867 104 66 ed.,
503 1886 112 33 rev.
657 1868 111 51 and
809 1868 105 51 enl.
991 1868 138 51 New
1170 1867 164 52 York
1380 1873 137 61 [etc.]
1562 1866 431 55 McGraw-Hill
2031 1866 147 53 book
361 1884 1977 130 company,
560 1944 128 68 inc.,

719 1948 148 49 1928.

467 2026 1107 50 x, 116 p. incl. front., illus. 21 ᶜᵐ . $1.50
365 2080 52 53 ©
443 2085 115 48 Apr.
582 2086 71 47 27,
680 2085 115 40 1928;
849 2086 68 39 2c.
944 2086 114 47 Apr.
1084 2085 56 40 30:
1197 2086 83 41 aff.
1309 2087 114 46 May
1450 2087 24 37 1;
1531 2086 41 39 A
1598 2085 204 41 1077018;
1861 2084 351 41 McGraw-Hill
2240 2085 123 39 book

434 2153 81 37 co.,
549 2142 91 40 inc.
711 2142 281 48 (28-11998)

366 2221 210 63 Freud,
604 2223 192 53 Anna.

493 2300 1871 69 … Introduction to the technic of child analysis, by Anna
364 2377 2003 71 Freud … authorized translation supervised by L. Pierce Clark
423 2457 1941 69 … New York and Washington. Nervous and mental disease
361 2535 337 68 publishing
729 2552 97 48 co.,
860 2537 150 50 1928.

432 2619 55 39 iii
515 2629 57 37 p.,
603 2620 24 37 1
693 2650 8 15 l.,
734 2619 54 39 59
819 2629 43 37 p.
920 2618 147 40 23½ᶜᵐ.
1135 2619 244 47 (Nervous
1409 2619 96 39 and
1535 2620 182 38 mental
1747 2618 191 41 disease
1968 2620 299 47 monograph
366 2631 1981 91 series,
503 2686 76 29 no.
606 2674 82 47 48)

436 2731 157 41 “Four
627 2733 210 38 lectures
872 2730 244 40 delivered
1150 2734 52 37 at
1239 2732 80 38 the
1356 2731 171 40 School
1562 2730 51 41 of
1646 2731 296 40 instruction
1974 2731 53 41 of
2062 2733 82 39 the
2176 2732 187 40 Vienna

363 2787 399 48 psychoanalytic
796 2786 225 48 society.”

367 2839 52 53 ©
449 2844 115 48 Apr.
593 2844 70 47 24,
694 2843 118 40 1928;
868 2843 68 40 2c.
968 2846 95 38 and
1094 2842 81 40 aff.
1207 2843 114 47 Apr.
1352 2842 56 40 26;
1468 2842 41 39 A
1540 2842 206 41 1069959;
1803 2846 52 38 L.
1887 2844 168 40 Pierce
2088 2844 149 40 Clark
2268 2845 95 39 and

437 2901 220 39 Nervous
686 2901 95 38 and
809 2901 182 38 mental
1021 2899 189 40 disease
1240 2900 110 47 pub.
1379 2910 82 37 co.,
1491 2900 204 48 Albany,
1725 2901 57 40 N.
1813 2901 53 40 Y.

450 2956 281 50 (28-12029)

366 3022 271 62 Ginther,
668 3023 174 62 Mary
871 3021 376 53 Pemberton.

436 3102 121 52 The
596 3106 175 48 secret
807 3101 158 65 stair,
1000 3101 76 67 by
1113 3100 343 53 Pemberton
1493 3100 264 68 Ginther,
1796 3102 326 53 illustrated
2159 3103 78 68 by
2271 3103 96 53 the

366 3177 1770 70 author. Philadelphia, Macrae Smith company [ᶜ 1928 ]
437 3261 756 49 293 p. front., plates. 19 ᶜᵐ .
371 3315 52 52 ©
456 3320 114 47 Apr.
603 3319 69 40 23,
706 3318 115 40 1928;
882 3319 67 40 2c.
982 3319 113 47 Apr.
1129 3319 58 39 28;
1250 3317 82 41 aff.
1367 3318 113 47 Apr.
1514 3318 56 40 30;
1634 3319 41 39 A
1708 3319 203 40 1074260;
1976 3321 196 38 Macrae
2210 3319 156 41 Smith

439 3387 67 29 co.
577 3375 280 48 (28-11707)

368 3438 281 65 Graham,
682 3441 223 52 Evarts
936 3440 310 62 Ambrose,
1281 3443 171 50 1883-

440 3518 261 53 Diseases
726 3518 65 53 of
816 3519 95 52 the
938 3519 117 68 gall
1081 3519 240 52 bladder
1348 3519 113 52 and
1487 3519 114 52 bile
1629 3520 163 52 ducts:
1851 3539 32 33 a
1909 3520 150 52 book
2086 3519 94 53 for
369 3539 1975 110 practitioners

371 3595 1973 131 and students, by Evarts Ambrose Graham … Warren
501 3672 1806 69 Henry Cole … Glover H. Copher … Sherwood Moore …
370 3751 326 52 illustrated
730 3751 140 51 with
906 3754 103 48 224
1043 3751 346 68 engravings
1425 3753 112 51 and
1575 3756 29 49 8
1640 3753 224 51 colored
1902 3753 199 67 plates.
371 3752 1972 143 Philadelphia,

648 3828 114 51 Lea
790 3830 45 49 &
863 3828 261 68 Febiger,
1154 3831 150 51 1928.

439 3909 1306 49 xiii, [17]-477 p. illus.. VIII pl. (part col.) 24 ᶜᵐ .
373 3961 52 53 ©
452 3965 114 48 Apr.
593 3966 69 47 23,
690 3965 115 42 1928;
859 3966 68 41 2c.
954 3966 114 48 Apr.
1095 3967 56 40 24:
1208 3967 83 41 aff.
1320 3968 113 48 Apr.
1462 3968 56 41 26;
1574 3969 40 39 A
1643 3969 202 40 1069961;
1903 3970 97 41 Lea
2029 3969 37 41 &
2094 3969 215 44 Febiger.

452 4022 280 50 (28-11832)
