2498 4384
1015 4116 102 51 469

140 541 1214 53 74. [4] p. illus., col. mounted plates. 32½ ᶜᵐ .
73 609 2002 53 © Mar. 14, 1928; 1c. and aff. Mar. 17; 1c. Mar. 24; A 1009476; Georgia
140 671 186 43 marble
358 682 84 36 co.,
475 671 127 47 Tati,
638 670 86 42 Ga.
795 668 253 50 (28-9255)

63 767 194 61 Duun,
290 764 166 64 Olav,
491 763 173 55 1876-

203 841 1231 69 … Juvikfolke … Oslo, O. Norli, 1927.
137 926 304 41 2 V. 20½ ᶜᵐ .
407 1004 122 41 CONTENTS.—[I]
567 997 63 38 Frä
698 996 180 40 Juvika
916 995 56 40 til
1011 995 198 48 Häberg
1227 1005 10 29 :
1275 995 308 48 Juvikingar.
1648 996 18 38 I
1705 995 180 41 blinda.
67 996 1996 107 Storbrylloppe.—II.

480 1054 124 41 Odin
624 1066 7 26 :
669 1055 21 37 I
722 1056 243 44 eventyre.
1029 1054 21 37 I
1083 1053 337 46 ungdommen.
1484 1054 20 38 I
1538 1056 229 37 stormen.

70 1122 2008 53 © Nov. 10, 1927; 1c. each Jan. 7, 1928; A—Foreign 36851; Olaf Norli.
147 1183 253 49 (28-9070)

61 1292 232 62 Duvall,
330 1291 298 64 Sylvanus
663 1290 199 62 Milne,
903 1294 172 49 1900-

134 1371 120 52 The
390 1370 221 52 Methodist
642 1368 313 69 Episcopal
990 1369 210 53 church
1238 1369 113 52 and
1385 1369 303 53 education
1720 1388 79 50 up
1833 1375 58 48 to
1928 1373 153 64 1869,

64 1447 1992 148 by Sylvanus Milne Duvall … New York city, Teachers college, Columbia university, 1928.
65 1608 1996 109 X, 127 p. 23½ ᶜᵐ . (Teachers college, Columbia university. Contributions to education, no. 284)
132 1740 285 41 “Classified
439 1739 367 48 bibliography”
827 1750 8 28 :
868 1750 45 37 p.
934 1738 219 41 125-127.

67 1807 52 52 ©
151 1811 110 41 Feb.
292 1811 69 43 23,
395 1810 116 41 1928;
568 1810 69 41 2c.
669 1809 122 41 Mar.
822 1810 26 39 6;
909 1808 84 42 aff.
1024 1810 125 40 Mar.
1180 1809 26 41 8;
1268 1809 41 39 A
1340 1808 205 41 1069179;
1606 1809 243 40 Teachers
1882 1810 194 48 college.

135 1868 250 41 Columbia
424 1868 129 40 univ.
624 1866 252 50 (28-9444)

69 1963 163 61 Ellis,
263 1962 319 63 Havelock,
617 1966 170 48 1859-

196 2040 1883 70 … Eonism and other supplementary studies, by Havelock
66 2121 162 52 Ellis.
295 2120 430 68 Philadelphia,
755 2120 66 51 F.
852 2120 71 52 A.
956 2119 181 53 Davis
1168 2137 301 51 company,
1503 2122 149 50 1928.

133 2201 1945 50 vii, 539 p. diagrs. 22 ᶜᵐ . (His Studies in the psychology of sex, vol.
139 2261 15 48 VII)

65 2327 52 52 ©
148 2331 113 48 Apr.
293 2331 69 47 11,
393 2330 142 47 1928;
567 2331 70 40 2c.
667 2330 96 40 and
794 2329 83 42 aff.
907 2330 115 48 Apr.
1053 2328 82 49 19;
1168 2330 41 39 A
1242 2328 231 49 1074040;
1508 2330 52 41 F.
1591 2330 56 41 A.
1679 2330 154 41 Davis
1865 2342 69 30 co.

142 2388 283 50 (28-11725)

57 2483 198 61 Elson,
289 2482 255 63 Arthur,
581 2486 171 49 1873-

130 2562 185 52 Music
358 2562 128 52 club
531 2579 302 51 programs
876 2560 152 53 from
1071 2562 78 52 all
1190 2561 248 67 nations,
1479 2561 204 70 giving
1725 2581 72 33 an
1839 2562 239 53 historic

59 2641 217 52 outline
315 2640 65 53 of
422 2641 134 52 each
599 2641 260 51 national
899 2640 192 53 school
1131 2640 65 52 of
1237 2641 197 67 music,
1473 2641 140 51 with
1653 2641 288 67 questions
1984 2640 95 53 for

59 2719 191 68 study,
279 2718 113 54 and
424 2738 30 33 a
486 2719 170 53 series
687 2718 65 54 of
781 2737 301 51 programs
1114 2718 95 53 for
1239 2719 99 53 the
1364 2737 98 34 use
1491 2718 64 54 of
1584 2719 157 53 clubs
1771 2720 112 51 and
1914 2720 164 52 other

59 2797 447 69 organizations,
542 2798 264 68 together
845 2798 140 52 with
1028 2816 31 34 a
1099 2798 172 52 series
1310 2797 64 53 of
1413 2815 301 51 programs
1752 2797 76 70 by
1867 2798 211 54 Ernest

58 2876 335 53 Hutcheson
420 2895 72 34 on
516 2877 98 52 the
639 2882 164 64 great
825 2881 239 48 masters
1088 2875 65 53 of
1175 2877 199 67 music,
1399 2877 112 52 and
1536 2876 75 68 by
1637 2877 226 52 Arthur

60 2877 1991 147 Whiting
195 2974 72 34 on
302 2956 258 52 classical
596 2956 113 52 and
744 2955 237 53 modern
1017 2955 268 52 chamber
1318 2956 195 52 music.
1592 2956 90 67 By
1717 2956 225 51 Arthur
57 2956 1992 131 Elson.

251 3035 137 52 Rev.
430 3035 84 51 ed.
592 3035 236 67 Boston,
866 3032 201 56 Oliver
1105 3034 211 53 Ditson
1353 3053 110 48 co.;
1504 3034 140 53 New
1685 3034 181 67 York,
1906 3033 168 55 Chas.

59 3113 974 67 H. Ditson co.; [etc., etc., ᶜ 1928]
131 3195 1934 51 viii p., 1 l., 278 p. front., ports. 20½ ᶜᵐ . (The music students library)
126 3268 353 48 Bibliography
496 3279 9 28 :
539 3279 43 37 p.
604 3268 220 40 225-226.

63 3336 52 52 ©
145 3341 123 39 Mar.
296 3340 68 45 14,
394 3339 143 47 1928;
568 3340 67 39 2c.
666 3340 96 39 and
792 3338 84 42 aff.
907 3340 122 39 Mar.
1058 3338 84 47 23;
1175 3338 41 39 A
1247 3337 230 47 1069426;
1512 3337 165 41 Oliver
1708 3336 178 41 Ditson
1916 3347 67 30 co.

140 3396 252 50 (28-9449)

55 3491 406 63 Engineering
497 3490 415 54 news-record.

131 3569 245 70 Cutting
410 3569 389 54 construction
836 3573 119 49 cost
990 3586 256 50 corners;
1289 3587 32 34 a
1357 3567 298 54 collection
1693 3566 65 54 of
1796 3567 276 69 practical

59 3649 360 69 suggestions
467 3647 94 53 for
604 3649 205 68 saving
853 3649 137 51 time
1036 3648 112 52 and
1195 3647 162 53 labor
1403 3665 72 35 on
1521 3647 135 51 civil
1701 3646 372 70 engineering

59 3728 113 52 and
211 3727 387 53 construction
637 3726 174 52 work.
889 3725 302 69 Compiled
1233 3725 153 53 from
1427 3725 431 69 “Engineering
59 3742 2012 117 news-record”.
384 3805 139 53 New
565 3805 182 66 York,
785 3805 69 53 N.
898 3805 57 53 Y
960 3847 30 25 .,
1031 3805 397 69 Engineering
1467 3804 379 53 news-record
1894 3806 173 65 [1928]

130 3887 925 50 180, [12] p. illus., diagrs. 20½ ᶜᵐ .
130 3946 160 40 Blank
317 3956 148 38 pages
491 3945 79 41 for
598 3944 429 42 “Memorandum”
1064 3944 112 50 ([12]
1209 3947 53 37 at
1290 3944 118 46 end)

64 4000 52 52 ©
152 4006 122 39 Mar.
308 4004 69 47 24,
415 4004 140 41 1928;
592 4004 68 41 2c.
695 4005 96 38 and
825 4003 82 41 aff.
945 4005 123 39 Mar.
1102 4003 83 46 29;
1224 4004 42 37 A
1300 4002 230 47 1069487;
1571 4001 351 42 McGraw-Hill
1959 4002 111 47 pub.

131 4072 83 37 co.,
245 4062 92 40 inc.
408 4059 253 50 (28-9366)
