2498 4384
1059 4077 140 56 2127

109 402 324 65 Monchow,
471 400 185 54 Helen
697 400 61 54 C.

184 480 120 53 The
335 498 95 34 use
464 477 65 54 of
560 477 139 53 deed
732 475 353 54 restrictions
1117 473 61 52 in
1210 470 359 56 subdivision
1600 468 416 68 development,
2048 466 76 69 by

114 559 183 53 Helen
333 557 60 54 C.
428 555 319 54 Monchow.
825 552 271 70 Chicago,
1127 551 115 67 Ill.,
1274 549 121 53 The
1428 546 275 55 Institute
1738 546 95 53 for
1865 544 260 55 research

114 636 59 54 in
206 636 136 53 land
377 634 312 54 economics
723 632 114 53 and
869 630 195 69 public
1097 627 260 69 utilities,
1392 629 150 50 1928.

112 707 1995 112 1 p. l., iii, 84 p. incl. tables. 26 ᶜᵐ . (On cover: Studies in land economics.
370 773 245 43 Research
643 770 314 51 monograph,
988 781 75 30 no.
1089 770 41 47 1,
1161 769 55 40 R.
1245 769 54 40 T.
1329 769 105 46 Ely,
1461 764 186 50 editor)

186 849 177 41 “Table
393 847 52 40 of
474 846 146 41 deeds
651 842 293 49 analyzed”:
975 854 43 37 p.
1052 839 203 53 [79]-80;
1290 840 177 39 “Table
1496 838 53 41 of
1577 848 137 30 cases
1743 836 185 41 cited”:
1961 847 42 37 p.
2037 836 85 49 [83]

117 917 52 52 ©
196 920 117 41 Nov.
338 919 69 47 21,
436 917 140 47 1928;
606 917 68 40 2c.
702 916 112 40 Dec.
841 915 51 45 6;
923 914 83 40 aff.
1033 914 112 39 Dec.
1173 913 55 40 13;
1287 911 41 40 A
1354 910 143 47 3175;
1529 909 238 42 Institute
1791 908 79 41 for
1897 907 229 41 research

186 977 49 41 in
263 977 115 39 land
407 974 269 42 economics
706 973 96 40 and
832 971 162 50 public
1023 969 224 42 utilities.
1317 967 252 50 (29-1243)

119 1070 279 57 National
435 1069 336 54 federation
807 1068 64 53 of
904 1066 218 64 temple
1157 1063 454 56 brotherhoods.

187 1149 123 55 The
341 1148 158 53 voice
530 1146 66 55 of
626 1147 97 52 the
753 1144 220 57 Jewish
1007 1145 175 68 laity;
1219 1161 33 36 a
1284 1161 207 51 survey
1525 1141 65 54 of
1622 1141 95 53 the
1752 1139 219 56 Jewish
114 1140 1990 142 layman’s

335 1225 272 69 religious
651 1223 275 55 attitudes
970 1224 113 52 and
1126 1222 297 69 practices,
1463 1221 76 68 by
1580 1220 226 53 Arthur
1848 1219 65 53 L.
116 1217 1989 151 Reinhart;

306 1304 314 54 conducted
646 1303 76 68 by
747 1303 95 52 the
870 1301 276 54 National
1172 1299 321 54 committee
1521 1317 71 35 on
1620 1298 273 69 religious
115 1314 1990 140 propaganda,

356 1384 96 52 the
483 1382 275 54 National
791 1379 323 56 federation
1147 1378 64 54 of
1243 1379 210 69 temple
1484 1376 433 54 brotherhoods.
116 1374 1991 156 Cincinnati,
384 1461 89 69 O.,
507 1463 151 52 1928.

219 1540 1304 55 x p., 1 l., 91 p. incl. 1 illus., tables, diagrs. 23 ᶜᵐ .
187 1616 56 44 A.
272 1616 151 47 Cahn,
452 1614 282 48 chairman;
763 1613 55 41 A.
846 1612 52 41 L.
927 1612 256 47 Reinhart,
1212 1613 265 46 secretary.

119 1686 52 52 ©
197 1689 112 42 Dec.
335 1689 69 46 12,
430 1687 116 40 1928;
600 1687 66 40 2c.
693 1687 95 39 and
814 1684 83 41 aff.
923 1684 113 41 Dec.
1062 1684 57 40 28;
1174 1684 41 38 A
1241 1682 114 42 2472;
1411 1683 116 39 Natl.
1568 1681 281 41 federation
1874 1682 52 40 of
1953 1682 177 47 temple

188 1746 368 41 brotherhoods.
626 1742 221 51 (29-946)

112 1840 286 64 Norman,
439 1839 177 54 Hilda
655 1839 216 53 Laura.

194 1916 314 57 Swindlers
537 1918 46 52 &
612 1934 202 51 rogues
843 1915 61 54 in
933 1915 227 52 French
1190 1913 220 69 drama,
1439 1913 77 70 by
1545 1912 182 54 Hilda
1761 1911 193 54 Laura
121 1912 1987 152 Norman,

307 2014 98 35 PH.
445 2015 46 33 D.
569 1994 272 69 Chicago,
879 1993 116 68 Ill.,
1032 1993 122 53 The
1191 1991 342 71 University
1573 1990 64 55 of
1678 1990 255 71 Chicago
1973 2009 158 50 press

166 2076 152 66 [ ᶜ 1928 ]
191 2153 859 52 ix p., 1 l., 259 p. illus. 21½ ᶜᵐ .
192 2227 353 49 Bibliography
563 2237 8 28 :
611 2237 44 37 p.
692 2223 219 44 239-253.

121 2295 52 52 ©
205 2299 117 48 July
350 2300 70 42 31,
452 2297 141 49 1928;
626 2297 68 42 2c.
726 2298 113 40 Dec.
870 2297 56 40 17;
987 2296 82 41 aff.
1101 2297 119 40 Nov.
1254 2296 83 48 16;
1371 2296 42 39 A
1444 2296 141 47 3234;
1623 2295 285 49 University
1940 2296 51 39 of
187 2295 1929 111 Chicago,
348 2355 224 50 Chicago.
641 2355 254 50 (29-1213)

112 2453 326 65 Normand,
472 2452 290 56 Suzanne.

252 2525 1883 75 … La maison de laideur et de lésine. Paris, G. Crès et c ⁱᵉ ,
121 2611 150 53 1928.

189 2687 1350 54 4 p. l., [3]-200 p., 1 l. 19ᶜᵐ. (“Le beau navire”)
196 2756 1940 58 “Il a été tiré de cet ouvrage”: … cinq cents exemplaires sur vélin
121 2818 153 43 teinté
302 2830 91 37 pur
421 2819 50 39 fil
500 2821 57 38 de
587 2819 200 48 Marais,
817 2818 306 42 constituant
1152 2816 222 44 l’édition
1404 2816 252 50 originale,
1686 2820 49 39 et
1765 2817 279 43 numérotés
2077 2819 57 40 de

119 2876 87 40 341
235 2875 34 41 à
301 2876 100 41 840.
463 2878 56 38 n°
548 2875 204 50 00,370.”

122 2923 2015 63 © June 15, 1928; 1c. July 31; A— Foreign 39830; Editions G. Crès &
190 2990 85 42 cie.
343 2990 252 50 (29-1331)

114 3086 284 64 Pauchet,
431 3085 224 57 Victor.

251 3160 1885 76 … La pratique chirurgicale illustrée. fasc. XII. Par Pierre
116 3237 1994 152 Mornard … 194 figures dessinées d’après nature par S. Dupret.
327 3322 187 67 Paris,
545 3321 220 55 Gaston
794 3322 155 53 Doin
980 3323 47 51 &
1056 3322 117 68 cie.,
1207 3325 153 52 1928.

188 3402 728 52 2 p. l., 230 p. illus. 27 ᶜᵐ .
121 3451 1900 62 © June 28, 1928; 1c. Nov. 30; A— Foreign 1039; Gaston Doin & cie.
121 3569 249 66 Ponton,
404 3570 261 55 Thomas
697 3570 255 67 Ritchie,
987 3572 174 55 1874-

190 3647 441 57 Nomenclature
661 3649 66 53 of
755 3648 243 56 diseases
1030 3650 113 53 and
1172 3649 330 69 operations
1533 3650 115 54 and
1677 3651 234 52 manual
1942 3650 66 54 of
2035 3651 96 53 the

119 3721 2012 82 medical record, by T. R. Ponton … endorsed by the American
120 3804 213 70 college
379 3803 66 54 of
490 3822 272 53 surgeons
808 3806 114 54 and
969 3806 95 53 the
1110 3805 311 56 American
1468 3806 256 71 hospital
1772 3807 357 56 association.

120 3879 273 72 Chicago,
421 3882 117 67 Ill.,
567 3881 361 70 Physicians’
958 3884 200 53 record
1189 3903 285 52 company
1529 3888 154 66 [1928]

188 3961 850 53 199 p. incl. illus., forms. 25 ᶜᵐ .
190 4020 212 46 “Second
436 4021 228 45 edition.”
