2547 4432
1376 4134 100 49 104

428 565 2000 54 © 1c. Jan. 23, 1928; A ad int. 10579; pubd. Nov. 25, 1927; Sir E. W. E.
495 628 313 45 Holderness,
839 624 505 47 Walton-on-the-hill,
1378 623 193 48 Surrey,
1601 623 238 48 England.

424 694 122 52 The
572 693 333 53 Humorist,
1022 735 8 9 v.
1063 696 81 65 11,
1170 710 88 34 no.
1287 694 121 64 283,
1434 693 119 64 284,
1578 691 132 53 Jan.
1738 689 50 68 7,
1816 693 82 63 14,
1926 691 151 51 1928.

491 777 101 41 2 v .
428 827 2001 54 © 1c. each Jan. 17, 1928; A ad int. 10552, 10553; pubd. Dec. 31, 1927,
496 890 110 40 Jan.
632 890 38 47 7,
697 889 116 41 1928;
870 888 182 48 George
1078 888 219 47 Newnes,
1324 887 103 47 ltd.,
1454 886 212 41 London.

587 954 1144 70 The Humorist, v. 11, no. 285, 286, Jan. 21, 28, 1928.
493 1039 99 40 2 v .
429 1090 2003 53 © 1c. Jan. 24, Feb. 4, 1928; A ad int. 10586, 10632; pubd. Jan. 14, 21;
497 1152 183 47 George
708 1152 220 46 Newnes,
956 1152 101 45 ltd.,
1086 1150 214 39 London.

420 1218 397 61 Hutchinson,
851 1216 234 62 Woods,
1122 1219 172 49 1862-

555 1293 1877 70 … The child’s day, by Woods Hutchinson … New rev. and
425 1375 108 52 enl.
567 1375 84 52 ed.
723 1374 236 65 Boston,
993 1373 140 51 New
1169 1372 163 52 York
1391 1377 120 60 [etc.]
1551 1372 322 68 Houghton
1910 1370 205 53 Mifflin
2150 1388 284 51 company

470 1454 134 50 [ ᶜ 1928]
493 1530 1941 51 iv p., 1 l., 218 p. col. front., illus. 19 ᶜᵐ . (The Woods Hutchinson
423 1590 167 39 health
620 1588 176 48 series)

426 1642 57 52 ©
508 1647 110 39 Jan.
648 1646 70 47 20,
750 1645 115 40 1928;
925 1646 68 39 2c.
1026 1646 110 39 Jan.
1167 1644 56 39 24;
1285 1644 84 40 aff.
1401 1645 111 39 Jan.
1544 1644 55 40 23;
1661 1644 41 39 A
1734 1644 204 40 1018540;
2001 1645 72 39 W.
2107 1643 326 47 Hutchinson,

495 1703 277 48 Brookline,
803 1704 148 39 Mass.
1022 1701 252 48 (28-3479)

425 1770 303 69 [Johnson,
761 1771 309 62 Margaret
1104 1768 324 68 Fullerton]

557 1845 1875 70 … Manual of cataloging for elementary school libraries.
424 1926 315 53 Published
766 1926 77 69 by
872 1925 96 52 the
998 1925 297 68 authority
1325 1923 66 54 of
1420 1925 96 52 the
1547 1924 195 53 Board
1773 1923 64 54 of
1868 1923 321 68 education,
2219 1924 118 69 city
2369 1924 65 53 of

423 2003 246 53 Detroit.
751 2002 265 67 [Detroit]
1051 2001 150 55 1927.

496 2084 69 48 50,
594 2084 55 50 [2]
675 2096 44 37 p.
743 2084 112 41 incl.
879 2084 145 40 form.
1083 2084 147 41 27½ᶜᵐ.

497 2141 399 41 “Introduction”
927 2141 169 47 signed:
1159 2142 252 46 Margaret
1441 2142 254 39 Fullerton
1725 2141 234 40 Johnson.

493 2199 64 40 At
582 2199 125 39 head
730 2198 52 40 of
807 2198 109 40 title:
969 2198 195 40 Detroit
1189 2198 163 48 public
1378 2199 204 40 schools.

493 2255 349 47 Autographed
871 2255 127 39 from
1030 2255 332 47 type-written
1391 2264 134 38 copy.

496 2312 329 47 “Adaptation
859 2312 52 39 of
942 2313 81 39 the
1057 2313 179 46 Dewey
1269 2311 348 40 classification
1650 2311 79 40 for
1762 2311 199 48 platoon
1994 2312 164 40 school
2190 2311 243 46 libraries,

428 2368 204 47 Detroit,
660 2368 276 48 Michigan”:
994 2380 43 37 p.
1064 2369 160 40 33-37.

426 2421 51 52 ©
508 2426 117 47 July
654 2426 69 48 14,
754 2426 116 40 1927;
927 2426 67 40 2c.
1024 2427 97 38 and
1151 2425 82 41 aff.
1264 2426 112 40 Jan.
1406 2425 69 48 30,
1507 2425 114 41 1928;
1681 2426 41 38 A
1751 2425 205 41 1061476;
2017 2427 62 40 M.
2111 2426 51 41 F.
2195 2426 234 49 Johnson,

492 2482 208 41 Detroit.
771 2482 253 48 (28-3665)

418 2551 284 62 Johnson,
738 2549 292 63 Rossiter,
1068 2552 170 50 1840-
1418 2550 84 52 ed.

491 2628 258 53 Authors
780 2628 216 69 digest;
1030 2628 96 52 the
1161 2627 228 53 world’s
1421 2632 164 64 great
1616 2626 201 54 stories
1849 2627 61 52 in
1942 2626 172 68 brief,
2147 2628 280 67 prepared

421 2707 76 70 by
539 2727 31 33 a
614 2707 135 53 staff
791 2706 65 53 of
898 2707 239 68 literary
1182 2712 247 62 experts,
1472 2706 142 52 with
1656 2706 97 53 the
1797 2706 306 53 assistance
2148 2705 67 53 of
2258 2725 172 50 many

420 2783 2009 71 living novelists; Rossiter Johnson … editor-in-chief. [New
423 2862 180 68 York]
642 2863 201 52 Issued
875 2863 182 52 under
1090 2863 97 52 the
1220 2862 257 68 auspices
1512 2861 65 54 of
1609 2863 98 53 the
1740 2862 259 54 Authors
2031 2880 159 51 press
2231 2865 195 66 [ᶜ1927]

492 2943 944 49 20 v . fronts. (incl. ports.) 24½ᶜᵐ.
495 3001 132 40 Each
653 3002 191 39 volume
869 3001 89 40 has
985 3001 104 40 also
1114 3001 181 48 special
1321 3003 100 46 t.-p.

853 3088 163 20 CONTENTS.—I-XVII.
1061 3066 225 42 Edmund
1333 3067 162 41 About
1543 3069 49 39 to
1639 3057 156 51 Émile
1841 3067 344 42 Zola.—XVIII.
424 3067 1990 103 Supplement,
603 3123 60 47 by
697 3123 127 39 Rose

857 3123 58 40 D.
950 3124 349 46 Meyer.—XIX.
1333 3123 39 39 A
1408 3123 275 47 dictionary
1718 3123 52 40 of
1802 3123 310 49 biographies
2146 3124 53 40 of
2235 3125 82 40 the
426 3135 1986 84 authors
594 3180 313 47 represented
940 3179 50 40 in
1024 3180 99 40 this

1157 3180 314 40 series.—XX.
1510 3181 281 47 Mythology
1826 3181 97 39 and
1957 3180 243 42 folk-lore.

426 3231 51 52 ©
513 3237 113 39 Dec.
660 3236 69 46 15,
765 3236 143 48 1927;
944 3236 68 40 2c.
1048 3237 119 38 each
1201 3238 113 39 Dec.
1353 3236 82 48 19;
1475 3236 83 41 aff.
1594 3237 114 40 Dec.
1744 3238 82 47 17;
1864 3237 43 39 A
1943 3237 231 48 1018626;
2213 3238 217 41 Authors

491 3303 149 37 press,
672 3292 225 48 Chicago.
968 3293 252 47 (28-3578)

415 3359 263 63 Kipling,
711 3358 304 63 Rudyard.

490 3437 298 51 Brazilian
828 3436 269 53 sketches.
1175 3437 288 53 Post-war
1506 3436 118 55 San
1665 3438 198 52 Paulo.
1942 3438 96 51 An
2078 3444 350 63 up-country

419 3514 172 53 coffee
618 3519 192 48 estate.
875 3514 55 52 A
955 3515 117 68 city
1100 3516 112 51 and
1242 3533 32 33 a
1302 3515 222 53 silence.

499 3598 84 47 (In
614 3592 203 43 London
847 3593 235 52 Morning
1116 3593 138 53 post)

423 3648 2005 56 © 1c. Jan. 26, 1928; A ad int. 10593; pubd. Dec. 31, 1927; R. Kipling,
491 3709 255 46 Burwasli,
774 3709 281 47 Batemans,
1086 3709 193 47 Sussex,
1308 3710 238 47 England.

588 3761 1840 71 Brazilian sketches. The romance of railway building. A two thousand-feet
418 3840 187 52 climb.
680 3840 56 51 A
764 3840 146 67 drop
939 3839 60 52 in
1027 3839 193 53 traffic.

499 3922 82 48 (In
613 3918 203 43 London
845 3917 236 53 Morning
1115 3919 138 52 post)

423 3971 2002 58 © 1c. Jan. 13, 1928; A ad int. 30533; pubd. Dec. 16, 1927; R. Kipling,
491 4033 294 48 Bateman’s,
821 4034 257 48 Burwasli,
1114 4034 194 48 Sussex,
1346 4036 237 47 England.
