2498 4384
1049 4093 101 54 775

187 511 157 69 Song
377 517 58 46 to
462 511 248 55 .Aurore.
793 509 330 67 [Published
1160 508 452 69 posthumously]

194 594 82 48 (In
308 589 200 43 London
542 589 147 53 Daily
721 588 290 53 telegraph)

116 659 1993 52 © 1c. June 20, 1928; A ad int. 11259; pubd. May 3; Florence E. Hardy,
184 720 307 42 Dorchester,
533 720 190 47 Dorset,
765 720 235 47 England,
1041 720 95 38 and
1179 718 193 48 Sydney
1412 718 50 41 C.
1504 718 262 47 Cockerell,
1808 718 302 49 Cambridge,

184 777 237 49 England.

181 872 106 53 We
322 891 94 33 are
452 872 226 69 getting
713 879 56 45 to
806 871 97 52 the
936 871 126 52 end.
1143 870 331 67 [Published
1513 870 453 69 posthumously]

191 955 82 47 (In
304 951 201 42 London
534 950 149 52 Daily
713 949 290 53 telegraph)

114 1020 1995 52 © 1c. June 20, 1928; A ad int. 11266; pubd. May 28; Florence E. Hardy,
182 1082 308 44 Dorchester,
530 1081 190 47 Dorset,
762 1081 236 48 England,
1040 1081 95 39 and
1178 1080 193 48 Sydney
1412 1080 49 41 C.
1503 1080 261 46 Cockerell,
1807 1080 302 49 Cambridge,

183 1139 237 47 England.

181 1232 121 52 The
334 1251 222 33 woman
590 1232 125 52 who
750 1237 149 46 went
933 1237 133 47 east.
1148 1230 333 68 [Published
1516 1232 453 69 posthumously]

190 1315 83 48 (In
303 1311 201 43 London
536 1311 147 52 Daily
713 1311 291 52 telegraph)

113 1380 1995 52 © 1c. June 20, 1928; A ad int. 11262; pubd. May 14; Florence E. Hardy,
180 1441 308 46 Dorchester,
529 1441 189 48 Dorset,
762 1441 235 48 England,
1038 1442 95 38 and
1177 1440 192 49 Sydney
1411 1440 49 41 C.
1502 1440 263 47 Cockerell,
1806 1440 303 49 Cambridge,

183 1499 239 48 England.

107 1592 256 63 Hepner,
393 1591 227 55 Walter
647 1593 69 52 R.

173 1671 121 52 The
323 1671 149 68 good
501 1671 206 52 citizen;
768 1690 30 33 a
828 1670 273 53 textbook
1127 1671 62 52 in
1218 1670 175 53 social
1425 1670 113 53 and
1568 1671 324 52 vocational
1921 1671 191 67 civics,

102 1748 2009 69 by Walter R. Hepner … and Frances K. Hepner … New
102 1828 1982 147 York ed. Boston, New York [etc.] Houghton Mifflin company [ ᶜ1 928]
207 1989 928 49 x, 500, xxxiii p. illus., diagrs. 19½ ᶜᵐ.
173 2060 130 41 “The
350 2063 316 46 government
713 2061 52 41 of
810 2062 118 39 New
975 2062 131 39 York
1152 2064 143 45 state,
1343 2062 60 47 by
1451 2062 159 47 Ralph
1659 2062 72 39 W.
1779 2060 298 40 Penniman”
2097 2071 9 30 :

100 2128 43 37 p.
177 2118 250 50 [437]-461.

174 2175 251 49 “Reading
460 2176 80 40 for
579 2177 83 39 the
701 2176 164 48 pupil”
906 2177 96 40 and
1042 2176 251 48 “Reading
1327 2176 81 41 for
1447 2178 82 39 the
1568 2175 224 41 teacher”
1834 2178 51 39 at
1926 2177 90 39 end
2057 2175 53 42 of

100 2234 118 39 each
246 2234 216 47 chapter.

109 2300 52 52 ©
195 2304 114 48 May
341 2304 69 47 18,
444 2304 118 41 1928;
619 2303 68 42 2c.
722 2305 113 47 May
867 2304 54 39 21;
987 2304 83 41 aff.
1104 2306 114 46 May
1253 2304 58 39 19;
1371 2304 41 39 A
1445 2303 200 41 1077381;
1712 2305 72 39 W.
1819 2304 56 41 R.
1910 2304 198 46 Hepner

176 2362 96 40 and
299 2360 212 42 Frances
538 2362 59 41 K.
624 2362 210 48 Hepner,
863 2362 197 48 Fresno,
1089 2361 147 42 Calif.
1310 2360 281 50 (28-13476)

104 2456 181 64 High,
317 2456 264 64 Stanley,
615 2460 170 49 1895-

167 2534 55 52 A
260 2534 232 69 waking
531 2535 208 58 world;
782 2534 385 70 Christianity
1206 2553 209 51 among
1451 2535 97 53 the
1583 2535 315 52 non-white
1935 2553 173 47 races,

96 2612 76 64 by
230 2611 239 57 Stanley
521 2612 182 64 High.
779 2613 139 53 New
974 2612 180 64 York,
1211 2612 349 61 Cincinnati,
1616 2613 122 52 The
1794 2612 314 64 Abingdon

97 2693 388 65 press [ ᶜ1 928]
164 2773 281 49 233 p. 19½ ᶜᵐ.
107 2825 52 52 ©
189 2830 113 48 May
330 2831 40 46 2,
400 2830 141 46 1928;
572 2831 67 40 2c.
669 2831 96 39 and
794 2829 82 42 aff.
907 2831 115 47 May
1051 2831 81 46 18;
1166 2831 42 38 A
1236 2830 230 47 1074554;
1501 2830 46 41 S.
1578 2831 145 47 High,
1755 2831 118 39 New
1903 2831 143 39 York.

186 2885 283 51 (28-13396)

107 2981 279 68 [Hissam,
421 2981 203 63 Harry
653 2981 192 67 Mead]

168 3057 1936 70 The inter-team-work of mankind; the farm cause … [St.
97 3137 166 67 Paul,
294 3136 124 53 The
447 3136 188 53 North
667 3135 236 55 Central
933 3136 339 70 publishing
1301 3154 97 50 co.,
1432 3139 152 65 1928]

167 3219 562 49 cover-title, 96 p. 23½ ᶜᵐ.
168 3275 1016 50 “Copyright … Harry Mead Hissam.”
446 3333 502 40 CONTENTS.—Reason.—Better
978 3332 472 41 business.—Better
1479 3332 464 49 farming.—Better
97 3335 1989 103 trading.—Better
454 3389 167 46 living.

108 3442 52 52 ©
195 3447 79 39 May
342 3445 38 47 9,
416 3445 142 43 1928;
594 3446 68 40 2c.
696 3447 114 46 May
845 3446 82 44 14;
963 3444 84 42 aff.
1083 3446 114 47 May
1231 3445 83 46 12;
1350 3444 42 40 A
1425 3445 229 47 1074517;
1692 3446 61 40 H.
1790 3447 62 40 M.
1888 3446 215 48 Hissam,

176 3503 170 42 Forest
374 3503 146 47 Lake,
551 3501 150 41 Minn.
772 3501 281 49 (28-13288)

100 3594 2004 70 History of Kentucky … Chicago-Louisville, The S. J. Clarke
173 3674 337 69 publishing
542 3691 297 50 company,
875 3676 149 51 1928.

171 3755 1521 49 4 V. fronts, (v. 1-2) plates, ports., maps (1 fold.) 28 ᶜᵐ.
175 3813 101 40 Vol.
304 3813 38 42 1,
370 3813 61 47 by
458 3813 197 47 Temple
681 3813 184 47 Bodley;
923 3824 42 30 v.
991 3813 41 47 2,
1059 3813 59 47 by
1150 3812 195 41 Samuel
1375 3813 62 40 M.
1467 3812 200 41 Wilson.

175 3870 127 40 Vols.
330 3869 86 40 3-4
443 3869 123 39 have
595 3869 108 40 title
722 3881 8 28 :
761 3869 204 47 History
994 3869 52 40 of
1073 3869 273 47 Kentucky,
1377 3869 80 40 the
1485 3869 111 40 blue
1624 3880 139 37 grass
1793 3871 141 38 state.

174 3926 378 48 Bibliography:
581 3937 42 29 v.
651 3927 39 46 1,
718 3937 43 36 p.
789 3926 230 46 587-596;
1049 3938 42 30 v.
1119 3927 39 45 2,
1187 3937 43 37 p.
1259 3925 98 47 104,
1384 3926 99 48 206,
1509 3925 101 41 378.

453 3990 93 33 CONTENTS.—I.
576 3983 178 42 Before
782 3983 82 40 the
894 3982 262 42 Louisiana
1188 3982 242 49 purchase
1457 3982 50 41 in
1537 3982 245 42 1803.—II.
1814 3983 143 40 From
1987 3981 114 42 1803

104 4042 48 37 to
184 4040 355 40 1928.—III-IV.
571 4040 360 49 Biographical.
