2498 4384
1304 4037 137 52 1652

362 374 333 63 Bonhoure,
728 371 334 64 Valentine,
1096 375 171 51 1862-

491 445 1801 73 … Un drame sous la régence … Paris, Larousse [ ᶜ1 928]
429 525 1942 58 2 p. l., [7]-247 p. 18½ᶜᵐ. (Contes et romans pour tous. [Série pour
358 594 48 39 la
430 593 228 47 jeunesse
691 589 206 49 (reliure
923 599 148 38 rouge
1095 591 46 38 et
1168 587 79 48 or)
1315 596 77 30 no.
1418 584 68 50 5])

430 650 65 40 At
521 649 125 39 head
673 647 53 40 of
750 647 110 40 title
876 657 10 29 :
915 647 55 40 V.
998 645 276 41 Bonhoure.

365 697 1922 58 © Feb. 18, 1928; 1c. June 26; A—Foreign 39354; Librairie Larousse.
446 761 282 52 (28-25650)\

361 856 319 63 Bradford,
716 854 318 55 Frederick
1070 853 72 55 A.

496 926 1871 77 … Money, by Frederick A. Bradford … New York [etc.]
359 1013 351 69 Longmans,
741 1010 188 56 Green
961 1010 114 53 and
1108 1027 97 50 co.,
1242 1011 152 50 1928.

432 1088 1849 57 viii p., 1 l., 403 p. diagrs. 19½ᶜᵐ. (Longmans’ economics series)
435 1151 445 49 “Bibliographical
910 1149 141 42 note”
1082 1152 54 37 at
1164 1150 93 39 end
1287 1148 52 41 of
1368 1150 126 38 most
1523 1148 52 40 of
1603 1148 84 39 the
1715 1148 242 47 chapters.

369 1205 53 53 ©
455 1210 129 48 Sept.
615 1209 68 48 18,
714 1207 142 47 1928;
889 1207 68 40 2c.
990 1207 103 40 Oct.
1123 1205 84 47 25;
1242 1204 84 41 aff.
1357 1205 103 40 Oct.
1490 1204 84 47 24;
1608 1204 41 39 A
1679 1203 113 47 228;
1825 1203 290 47 Longmans,
2151 1202 156 41 Green
2338 1201 36 40 &

438 1277 69 30 co.
574 1263 281 52 (28-24797)

366 1360 322 62 Brewster,
727 1357 223 54 Harold
988 1356 259 65 Sydney,
1287 1356 172 55 1879-

436 1438 271 53 Madness
738 1436 65 54 of
834 1456 136 48 war,
1000 1436 77 69 by
1108 1436 230 53 Harold
1374 1433 56 57 S.
1467 1436 302 51 Brewster.
1839 1433 139 53 New
2013 1431 182 69 York,
365 1432 1984 151 London,

525 1516 236 67 Harper
788 1516 47 51 &
861 1513 280 69 brothers,
1172 1516 152 51 1928.

435 1596 589 51 xii p., 1 l., 261 p. 19½ᶜᵐ.
437 1654 162 41 “First
629 1653 229 43 edition.”

372 1707 1843 54 © Oct. 19, 1928; 2c. Oct. 18; aff. Oct. 20; A 1084; Harper & bros.
450 1767 282 51 (28-24592)

370 1861 247 64 Brooks,
651 1861 249 55 Charles
929 1860 282 65 Stephen,
1248 1861 172 55 1878-

435 1941 195 53 Roads
659 1946 59 48 to
748 1941 95 53 the
875 1940 191 66 north,
1095 1940 79 67 by
1205 1940 239 55 Charles
1477 1939 57 56 S.
1566 1938 251 67 Brooks;
1851 1938 141 53 with
2024 1938 252 69 pictures
2304 1937 77 71 by

364 2020 163 56 Julia
561 2019 260 55 McCune
855 2019 197 69 Flory.
1127 2019 140 53 New
1303 2018 182 66 York,
1517 2018 314 67 Harcourt,
1866 2018 181 52 Brace
2084 2017 115 54 and
365 2035 1992 132 company,
570 2100 151 51 1928.

436 2180 760 52 375 p. incl. front., illus. 22 ½ᶜᵐ.
438 2241 141 47 Maps
609 2251 60 30 on
696 2238 368 51 lining-papers.

374 2292 2007 55 © Oct. 11, 1928; 2c. Oct. 20; aff. Oct. 18; A 157; Harcourt, Brace & co.,
441 2354 92 44 inc.
604 2354 282 51 (28-24736)

369 2436 235 64 Brown,
636 2436 191 54 Bruce
858 2435 204 65 Keith,
1098 2436 173 54 1897-

441 2514 1878 68 A survey of nitrocellulose lacquer, by Bruce K. Brown …
369 2591 1988 148 and Francis M. Crawford … New York, The Chemical catalog
494 2689 301 50 company,
824 2671 127 68 inc.,
984 2674 151 50 1928.

437 2754 276 48 368 p. 23 ½ᶜᵐ.
441 2810 380 47 “Bibliography
848 2810 53 40 of
923 2810 366 40 nitrocellulose
1313 2811 198 46 lacquer
1535 2809 291 41 literature”
1844 2821 10 29 :
1883 2821 43 37 p.
1952 2809 220 42 249-278.

375 2862 54 53 ©
459 2868 104 40 Oct.
590 2867 69 46 13,
688 2867 142 47 1928;
860 2867 69 41 2c.
957 2869 96 39 and
1082 2866 82 41 aff.
1194 2868 103 40 Oct.
1327 2867 82 47 16;
1441 2867 41 39 A
1509 2866 83 48 70;
1626 2866 247 41 Chemical
1903 2868 195 48 catalog
2126 2878 81 36 co.,
2238 2867 92 42 inc.

454 2923 282 50 (28-24598)

371 3002 310 66 Brownell,
711 3004 257 54 William
999 3003 254 56 Arthur.

371 3082 1990 147 … The development of children’s number ideas in the primary
571 3160 1814 71 grades, by William A. Brownell … Chicago, Ill., The
371 3239 342 69 University
743 3238 67 54 of
840 3238 258 71 Chicago
1134 3242 173 64 [1928]

440 3321 1944 50 xiii, 241 p. diagrs. 24 ᶜᵐ. (Supplementary educational monographs,
371 3379 111 49 pub.
512 3379 52 40 in
596 3379 314 48 conjunction
941 3379 120 41 with
1094 3381 83 39 the
1212 3380 172 41 School
1415 3379 179 41 review
1627 3381 94 40 and
1757 3381 85 40 the
1872 3381 315 47 Elementary
2221 3381 161 41 school

367 3435 214 49 journal,
612 3447 76 30 no.
715 3436 82 44 35)

377 3490 53 52 ©
456 3493 120 49 Aug.
602 3494 70 47 24,
699 3493 113 41 1928;
867 3494 68 40 2c.
963 3494 104 40 Oct.
1092 3493 57 40 16;
1203 3493 84 41 aff.
1315 3494 102 40 Oct.
1444 3494 56 40 17;
1557 3494 41 39 A
1622 3494 87 40 100;
1765 3494 285 49 University
2078 3495 53 41 of
2158 3494 223 49 Chicago,

446 3550 225 48 Chicago.
742 3550 282 49 (28-24580)

368 3628 223 63 Bryan,
620 3627 256 66 Samuel,
908 3633 173 51 1886-

446 3706 345 67 Wisconsin,
814 3707 112 53 and
952 3707 163 53 other
1139 3726 212 50 poems,
1374 3708 78 68 by
1478 3706 137 57 Sam
1640 3708 217 69 Bryan.
1917 3708 289 65 Madison,
2221 3709 161 54 Wis.,

378 3785 153 51 1928.

450 3864 538 50 7 p. l. , 3-115 p. 21ᶜᵐ.
379 3918 53 52 ©
461 3922 103 40 Oct.
592 3922 38 47 8,
659 3922 115 40 1928;
829 3923 68 41 2c.
926 3924 104 40 Oct.
1057 3924 55 39 12;
1169 3924 84 41 aff.
1283 3925 102 40 Oct.
1412 3925 55 39 11;
1526 3925 41 39 A
1594 3925 55 40 92;
1711 3925 45 41 S.
1785 3927 180 46 Bryan,
1996 3926 239 47 Madison,
2265 3927 118 41 Wis.

456 3977 282 50 (28-24514)
