2498 4384
1309 4080 100 50 668

361 533 178 51 tative
571 532 229 52 treatise
831 532 320 68 discussing
1181 532 96 52 the
1310 533 396 66 development
1735 532 65 52 of
1829 533 97 52 the
1956 534 235 51 modern
362 538 1977 140 storage

492 610 243 66 battery,
761 609 289 68 outlining
1076 609 96 52 the
1197 609 155 53 basic
1379 609 297 67 operation
1703 610 64 52 of
1791 610 94 52 the
1912 611 233 68 leading
2169 615 164 64 types;

361 689 119 50 also
517 687 96 52 the
648 686 261 53 methods
945 687 65 51 of
1047 687 404 66 construction,
1487 687 297 68 charging;
1820 687 395 53 maintenance
2251 689 112 52 and

361 763 2002 70 repair … by Victor W. Pagé … Includes special instructions
363 842 93 53 for
497 862 125 33 care
663 843 113 52 and
817 843 191 67 repair
1048 842 64 52 of
1151 842 345 53 automobile
1536 842 270 53 batteries
1847 844 112 52 and
2002 844 258 69 glossary
2301 844 63 52 of

359 927 191 60 terms,
591 921 118 52 also
748 927 227 61 storage
1016 919 270 53 batteries
1327 919 94 52 for
1462 920 179 52 radio.
1717 921 141 52 This
1897 921 147 52 book
2086 922 101 52 has
2227 922 132 52 been

360 999 230 52 written
618 998 138 52 with
788 998 95 51 the
912 997 389 67 co-operation
1329 996 65 53 of
1421 998 94 51 the
1545 998 232 68 leading
1803 999 308 52 American
2140 1006 225 62 storage

360 1076 226 68 battery
625 1076 240 51 makers.
940 1075 139 52 New
1119 1075 107 52 enl.
1268 1075 84 52 ed.
1427 1075 140 52 New
1606 1075 179 67 York,
1823 1076 121 53 The
1980 1076 256 53 Norman
2274 1078 88 54 W.

359 1154 227 67 Henley
619 1153 336 68 publishing
987 1170 299 50 company,
1322 1155 150 49 1928.

429 1237 25 38 2
488 1248 42 36 p.
585 1268 8 16 l.,
616 1236 205 49 [11]-258
839 1246 43 37 p.
944 1235 143 47 illus.,
1373 1235 117 40 fold,
1595 1267 8 15 pl.,
1640 1235 179 49 diagrs.
1848 1235 135 49 (part
2001 1237 145 47 fold.)
2217 1238 146 42 19½ᶜᵐ.

365 1289 52 52 ©
449 1294 115 46 Apr.
594 1293 70 46 25,
697 1291 140 47 1928;
872 1292 67 41 2c.
972 1292 96 39 and
1101 1290 81 41 aff.
1215 1291 115 48 Apr.
1363 1290 82 42 28;
1479 1291 42 39 A
1554 1291 229 48 1077005;
1819 1292 216 40 Norman
2069 1295 71 40 W.
2176 1295 155 39 Henley

432 1350 110 47 pub.
570 1360 67 29 co.
711 1348 281 49 (28-11833)

361 1430 331 63 Pittenger,
728 1429 146 52 Paul
908 1428 279 62 Stewart,
1227 1432 171 48 1889-

431 1507 1872 72 A text-book of biologic assays, by Paul S. Pittenger …
360 1588 141 51 with
542 1606 102 33 one
684 1587 263 52 hundred
989 1585 322 68 fifty-three
1352 1586 398 52 illustrations.
1825 1587 428 68 Philadelphia,
2297 1590 65 51 P.

361 1665 350 52 Blakiston’s
739 1684 100 33 son
868 1666 46 50 &
942 1682 79 35 co.
1100 1666 150 64 [ᶜ1928]

428 1748 138 47 xxiii,
597 1748 84 40 373
714 1758 43 37 p.
818 1746 143 49 illus.,
994 1746 179 49 diagrs.
1235 1745 146 42 20½ᶜᵐ.

429 1806 324 40 Interleaved.

430 1863 215 41 “Second
678 1861 228 41 edition.”

429 1920 263 40 Published
721 1920 51 38 in
801 1918 114 40 1914
944 1919 154 39 under
1128 1918 109 40 title:
1297 1918 246 40 Biochemic
1603 1919 123 47 drug
1755 1929 144 38 assay
1933 1920 234 40 methods.

428 1977 350 48 Bibliography:
837 1987 43 37 p.
909 1975 218 41 355-358.

361 2032 52 51 ©
443 2036 114 47 Apr.
587 2035 69 47 25,
687 2034 114 40 1928;
860 2034 67 40 2c.
959 2034 95 39 and
1084 2032 83 41 aff.
1197 2033 115 47 Apr.
1341 2033 58 40 26;
1459 2034 43 38 A
1529 2033 202 40 1074193;
1793 2034 50 40 P.
1876 2033 299 42 Blakiston’s
2208 2046 85 29 son
2325 2036 36 40 &

432 2104 67 29 co.
570 2090 280 51 (28-11989)

358 2170 468 64 Quiller-Couch,
856 2171 102 52 Sir
989 2168 234 55 Arthur
1256 2170 277 61 Thomas,
1571 2173 170 49 1863-

426 2250 56 51 A
520 2250 209 52 lecture
768 2267 72 33 on
878 2249 256 65 lectures,
1173 2248 400 68 introductory
1610 2248 242 67 volume,
1890 2248 74 69 by
2004 2248 95 55 Sir
2138 2249 224 52 Arthur

358 2325 2003 70 Quiller-Couch (“Q”) … New York, Harcourt, Brace and
357 2424 282 50 company
719 2408 151 63 [ᶜ1928]

427 2490 56 40 60
517 2501 42 37 p.
620 2489 145 40 19½ᶜᵐ.
859 2487 278 47 (Half-title:
1172 2488 226 47 Hogarth
1431 2488 211 39 lectures
1675 2498 60 29 on
1767 2487 274 41 literature,
2120 2499 73 29 [no.
2228 2489 67 49 1])

361 2543 52 51 ©
441 2547 113 47 Apr.
583 2546 38 47 5,
650 2545 117 39 1928;
819 2545 68 39 2c.
915 2545 96 38 and
1040 2543 81 41 aff.
1149 2543 116 48 Apr.
1291 2543 84 46 25;
1405 2543 44 39 A
1475 2543 229 47 1074168;
1736 2544 262 48 Harcourt,
2028 2545 156 39 Brace
2214 2545 36 39 &
2278 2556 81 38 co.,

429 2603 90 40 inc.
594 2601 280 49 (28-11840)

355 2684 282 61 Ramsay,
668 2681 223 52 Robert
924 2680 47 52 E
1268 2682 171 50 1888-

428 2757 1871 69 Effective house organs, by Robert E. Ramsay … 2d ed. …
357 2839 138 52 New
533 2837 180 66 York,
747 2836 260 66 London,
1041 2836 71 51 D.
1149 2835 298 67 Appleton
1483 2836 112 51 and
1630 2854 299 50 company,
1967 2838 149 50 1928.

493 2918 793 50 xv, 464 p. illus., diagrs. 21 ᶜᵐ .
360 2974 52 51 ©
442 2978 114 47 Apr.
584 2976 70 47 30,
684 2975 140 46 1928;
855 2976 68 39 2c.
954 2975 95 39 and
1079 2973 81 41 aff.
1192 2975 115 46 May
1335 2974 53 45 2;
1421 2973 41 39 A
1491 2973 229 47 1074292;
1754 2975 57 41 D.
1842 2975 240 47 Appleton
2112 2976 37 39 &
2179 2987 66 29 co.

439 3032 281 50 (28-11979)

358 3114 184 62 Réau,
570 3112 198 61 Louis,
803 3115 170 49 1881-

490 3190 1870 69 … Une dynastie de sculpteurs au XVIII e siècle, les Lemoyne,
359 3291 104 48 par
495 3271 175 53 Louis
701 3271 186 64 Réau;
922 3268 341 68 biographie
1296 3273 54 47 et
1383 3268 294 68 catalogue
1711 3267 285 69 critiques,
2028 3268 230 54 l’œuvre
2292 3270 67 51 de

358 3350 238 52 l’artiste
641 3348 328 67 reproduite
1014 3365 67 33 en
1125 3352 126 46 cent
1296 3351 185 47 trente
1524 3347 87 51 six
1654 3347 444 68 héliogravures.
2174 3347 186 67 Paris,

359 3430 106 51 Les
496 3430 360 61 Beaux-arts,
888 3426 216 52 édition
1137 3424 252 53 d’études
1423 3430 55 46 et
1509 3424 67 52 de
1609 3425 330 52 documents
1976 3424 172 67 [1927]

428 3506 1929 53 249, [3] p. incl. LXXX pl. on 40 l. (incl. ports.) front. 33 ᶜᵐ . (L’art
361 3567 241 48 français;
638 3565 252 41 collection
922 3564 183 48 dirigée
1138 3575 88 37 par
1261 3564 208 48 Georges
1504 3564 347 46 Wildenstein)

429 3622 419 50 “Bibliographie”:
911 3633 44 37 p.
992 3621 250 50 [159]-161.

360 3679 52 52 ©
447 3683 100 40 Oct.
581 3682 69 46 15,
682 3681 140 44 1927;
916 3713 7 7 1c.
958 3680 110 40 Feb.
1102 3679 68 45 10,
1205 3679 141 40 1928;
1381 3679 102 38 A—
1485 3679 207 47 Foreign
1725 3678 171 47 37440;
1932 3679 91 39 Les
2057 3679 297 48 beaux-arts,

432 3739 182 40 édition
646 3737 217 41 d’études
894 3739 48 37 et
974 3737 58 39 de
1064 3737 296 39 documents.
1432 3735 279 47 (28-12087)

358 3805 178 60 Reed,
565 3803 155 53 John
751 3803 224 62 Henry,
1007 3805 169 50 1869-

427 3881 121 52 The
577 3880 212 53 science
821 3880 64 52 of
915 3880 361 67 imposition;
1310 3899 32 33 a
1372 3880 232 53 treatise
1631 3879 168 53 based
1835 3897 154 49 upon
2019 3879 96 51 the
357 3876 1974 136 fundamental

599 3958 312 69 principles
940 3958 64 53 of
1032 3958 236 53 modern
1299 3975 317 50 pressroom
1648 3957 111 53 and
1788 3956 243 69 bindery
2062 3954 292 70 practices,
