2498 4384
1080 4095 135 51 1655

141 435 167 64 Crile,
344 434 227 63 George
605 431 414 64 Washington,
1055 435 170 50 1864-

206 512 293 54 Problems
540 511 58 52 in
638 528 266 51 surgery;
949 509 340 68 University
1329 508 65 53 of
1432 507 387 70 Washington
1859 506 279 70 graduate

138 589 236 55 medical
410 590 258 65 lectures,
707 589 152 66 1927,
896 587 75 69 by
1009 586 222 69 George
1269 586 89 54 W.
1401 585 172 68 Crile,
1668 628 9 9 M.
1755 628 10 9 D.;
1836 583 192 54 edited
2064 582 74 70 by

138 660 1979 153 Amy F. Rowland … Philadelphia and London, W. B. Saunders company, 1928.
205 824 1188 52 1 p. l. , 9-171 p. illus., diagrs. (1 fold.) 24½ᶜᵐ.
144 881 50 53 ©
224 884 101 41 Oct.
354 883 69 47 16,
451 882 116 41 1928;
622 883 68 41 2c.
719 884 97 38 and
844 882 82 41 aff.
956 882 103 41 Oct.
1087 882 57 39 24;
1203 882 41 38 A
1271 881 85 40 201;
1416 882 72 40 W.
1517 881 55 40 B.
1605 880 246 41 Saunders
1880 890 68 29 co.

218 940 281 50 (28-24717)

142 1020 240 64 Crosby,
420 1020 207 62 Henry
662 1019 237 63 Lamar,
940 1023 171 50 1880-

203 1094 1941 71 An introduction to Greek, by Henry Lamar Crosby … and
136 1172 2009 70 John Nevin Schaeffer … Boston, New York [etc.] Allyn and
137 1255 422 64 Bacon [ ᶜ1 928]
307 1333 1511 53 xxv, [1], 349 p., 1 l., 48 p. col. front., illus., plates. 19½ᶜᵐ.
143 1389 51 52 ©
226 1392 128 48 Sept.
381 1393 40 46 1,
450 1391 115 41 1928;
621 1392 68 41 2c.
718 1392 97 39 and
843 1391 83 41 aff.
956 1391 103 41 Oct.
1088 1390 26 41 8;
1173 1392 40 37 A
1241 1390 204 41 1053797;
1503 1390 146 48 Allyn
1679 1389 37 41 &
1743 1390 180 41 Bacon.

220 1449 283 50 (28-24747)

138 1531 83 51 De
253 1529 186 63 Ment,
473 1528 200 63 Byron
708 1528 255 65 Hoover,
1002 1532 173 50 1863-

205 1606 121 54 The
357 1606 168 53 Bible
558 1605 245 54 readers’
835 1605 107 54 life
973 1604 66 55 of
1071 1605 225 67 Christ;
1333 1624 72 34 an
1438 1604 439 69 interpretative
1909 1610 238 47 account

136 1684 64 53 of
232 1684 96 53 the
360 1683 187 54 words
582 1684 113 53 and
729 1683 186 54 works
949 1682 65 54 of
1046 1683 167 54 Jesus
1247 1683 172 54 based
1451 1701 155 50 upon
1641 1683 95 53 the
1771 1683 212 68 Gospel
136 1683 1988 147 harmony,

366 1760 1782 71 by Byron Hoover De Ment … New York, Chicago
161 1839 1319 70 [etc.] Fleming H. Revell company [ ᶜ1 928]
205 1923 279 49 332 p. 21 ᶜᵐ.
145 1977 51 52 ©
227 1980 128 48 Sept.
380 1979 71 48 29,
479 1979 117 41 1928;
647 1979 69 40 2c.
744 1980 96 39 and
867 1978 83 42 aff.
978 1978 103 42 Oct.
1108 1978 58 40 19;
1222 1977 43 40 A
1290 1978 116 40 1207;
1463 1978 223 49 Fleming
1711 1978 62 41 H.
1802 1979 169 39 Revell
1998 1990 69 31 co.

221 2036 282 49 (28-24616)

143 2116 119 53 Der
291 2116 172 63 Ling,
493 2116 270 69 princess.

208 2193 1944 70 Old Buddha, by Princess Der Ling … New York, Dodd,
138 2272 170 53 Mead
335 2275 45 50 &
408 2290 299 50 company,
738 2275 151 50 1928.

208 2354 1255 50 xviii p., 1 l., 347 p. front., plates, ports. 22½ᶜᵐ.
147 2409 51 52 ©
233 2413 102 41 Oct.
367 2413 70 47 12,
470 2413 141 47 1928;
645 2413 69 40 2c.
750 2412 102 42 Oct.
885 2414 82 46 17;
1003 2411 83 42 aff.
1121 2412 103 42 Oct.
1257 2412 83 48 20;
1375 2412 42 40 A
1450 2413 141 47 1102;
1629 2413 154 48 Dodd,
1819 2414 143 39 Mead
1997 2413 36 41 &
2066 2424 83 38 co.,

213 2469 92 43 inc.
371 2469 283 50 (28-24740)

145 2550 121 53 The
304 2549 146 53 desk
493 2549 295 56 Standard
828 2550 325 68 dictionary
1193 2549 65 54 of
1295 2549 96 54 the
1432 2548 249 70 English
1718 2550 304 69 language,
209 2550 1920 147 designed

460 2633 57 48 to
568 2629 129 68 give
745 2629 97 52 the
890 2628 416 68 orthography,
1355 2628 463 68 pronunciation,
1866 2628 288 70 meaning,

211 2707 113 52 and
367 2707 327 68 etymology
738 2706 64 53 of
844 2707 173 52 about
1059 2709 190 64 83,000
1290 2706 187 53 words
1521 2706 113 52 and
1677 2706 235 68 phrases
1955 2707 59 51 in
2059 2707 96 53 the

210 2785 200 67 speech
443 2785 114 52 and
586 2785 299 53 literature
913 2784 65 53 of
1006 2785 95 53 the
1132 2783 558 70 English-speaking
1720 2784 248 68 peoples,
2003 2788 153 63 1,200

212 2863 270 68 pictorial
527 2863 411 65 illustrations;
989 2862 280 70 abridged
1318 2861 153 54 from
1518 2863 97 52 the
1663 2862 172 52 Funk
1880 2864 52 50 &
210 2863 1922 132 Wagnalls

393 2959 125 34 new
556 2939 294 56 Standard
886 2941 326 68 dictionary
1248 2940 64 53 of
1345 2941 98 52 the
1478 2940 248 69 English
1761 2942 286 67 language
2080 2941 77 68 by

211 3016 1945 71 James C. Fernald … New ed., augmented and carefully
213 3096 1945 70 rev. by Frank H. Vizetelly … New York and London,
213 3175 171 53 Funk
409 3178 47 50 &
482 3176 302 68 Wagnalls
813 3193 300 50 company,
1144 3177 151 50 1929.

214 3257 597 48 viii, 894 p. illus. 23 ᶜᵐ.
214 3315 265 40 Published
509 3314 129 41 1928.

215 3372 262 40 Published
517 3372 102 39 also
656 3372 155 39 under
845 3371 109 40 title
973 3382 8 28 :
1018 3371 101 39 The
1156 3371 118 48 high
1309 3372 164 39 school
1512 3371 246 41 Standard
1794 3370 277 48 dictionary
2107 3370 52 40 of

147 3429 81 40 the
257 3428 204 49 English
489 3429 255 47 language.

155 3482 51 52 ©
234 3485 103 42 Oct.
363 3486 39 47 6,
430 3485 115 41 1928;
601 3486 67 40 2c.
696 3486 96 39 and
818 3484 83 42 aff.
931 3484 102 42 Oct.
1059 3485 57 39 24;
1172 3485 41 39 A
1241 3485 115 39 1254;
1415 3485 141 39 Funk
1584 3485 36 40 &
1647 3486 252 47 Wagnalls
1928 3495 67 30 co.

232 3542 282 49 (28-24641)

150 3622 323 65 Dieterich,
506 3624 228 64 Eugen,
769 3628 174 49 1840-

156 3699 1976 133 Nuevo recetario de farmacia; colecci ó n de f ó rmulas y procedimientos
487 3779 324 68 empleados
839 3797 68 35 en
937 3778 300 68 farmacia,
1265 3779 266 68 química,
1560 3780 308 68 droguería
1897 3797 38 51 y
154 3777 1979 133 profesiones

373 3856 192 68 afines,
602 3874 107 50 por
744 3857 262 68 Eugenio
1043 3857 313 53 Dieterich.
1431 3857 246 54 Versión
1716 3858 69 52 de
1823 3857 56 52 la
1920 3860 81 49 14.
157 3856 1976 131 edici
244 3952 38 35 ón

308 3935 277 68 alemana,
611 3934 263 54 revisada
903 3953 106 50 por
1038 3935 50 54 el
1114 3935 104 53 Dr.
1249 3934 320 56 Guillermo
1598 3933 286 56 Kerkhof.
157 3936 1977 145 Barcelona,
332 4012 68 55 G.
430 4012 140 69 Gili,
600 4016 151 50 1928.
