2498 4384
1272 4052 134 53 1908

374 476 1511 65 2 p. l., [9]-232 p., 1 l. incl. front., illus. pl., port. 19 ᶜᵐ .
310 545 1834 66 © May 15, 1928; 1c. July 20; A—Foreign 39841; Louis Querelle.
388 615 283 52 (28-29770)

309 709 151 57 Civil
486 707 227 55 service
738 705 301 65 assembly
1067 704 65 54 of
1159 703 104 54 the
1289 700 223 56 United
1539 699 205 56 States
1769 696 117 54 and
1916 694 260 57 Canada.

306 774 1989 161 … Classification and compensation plans; their development,
518 864 296 70 adoption,
851 864 114 53 and
1004 857 498 70 administration;
1545 876 31 34 a
1616 861 197 64 report
1852 853 284 71 prepared
2174 852 77 68 by
2288 871 31 34 a

307 945 215 55 section
552 942 66 55 of
644 944 96 53 the
773 941 155 55 Civil
957 939 213 55 service
1201 937 282 69 assembly
1513 935 66 53 of
1607 934 96 55 the
1731 933 221 55 United
1986 930 191 57 States
2208 931 113 52 and

311 1022 256 69 Canada,
596 1022 113 53 and
742 1019 251 69 adopted
1021 1018 77 69 by
1127 1017 129 53 that
1283 1015 154 70 body
1469 1020 59 47 at
1557 1013 75 54 its
1663 1011 214 54 annual
1907 1009 251 71 meeting
2188 1009 134 53 held

309 1101 60 55 in
400 1102 231 53 Denver
661 1100 60 52 in
754 1096 351 70 September,
1136 1097 152 50 1928.
1362 1091 405 72 Washington,
1796 1091 72 52 D.
1903 1088 83 68 C.,
2015 1088 123 53 The
2169 1086 156 55 Civil

308 1179 214 55 service
565 1177 283 69 assembly
887 1174 67 54 of
991 1175 98 52 the
1131 1172 221 56 United
1397 1170 191 56 States
1629 1169 116 53 and
1788 1166 237 56 Canada
2071 1167 115 53 and
2228 1165 97 53 the

310 1246 1604 80 Bureau of public personnel administration, ᶜ192 8.
381 1326 1944 62 cover-title, 24 p. 22½ ᶜᵐ . (Its Technical bulletin no. 1, November,
310 1396 142 50 1928)

317 1464 53 55 ©
395 1470 119 39 Nov.
539 1467 68 49 15,
633 1466 142 47 1928;
801 1464 68 42 2c.
895 1465 97 39 and
1016 1462 84 41 aff.
1123 1462 120 40 Nov.
1267 1461 82 47 23;
1378 1460 42 39 A
1441 1459 113 47 811;
1581 1458 198 41 Bureau
1807 1457 50 40 of
1882 1456 162 49 public
2070 1454 256 49 personnel

385 1522 403 43 administration
823 1522 97 40 and
954 1520 126 41 Civil
1114 1518 186 43 service
1333 1517 243 48 assembly
1612 1515 50 42 of
1697 1515 82 40 the
1814 1513 181 42 United
2032 1511 165 42 States
2232 1511 97 40 and

387 1582 216 41 Canada.
672 1577 282 52 (28-29894)

316 1673 277 65 Cocteau,
625 1672 169 65 Jean,
828 1676 174 52 1891-

455 1739 1692 81 … Le mystere laic (Giorgio de Chirico) essai d’etude
324 1739 1979 158 indirecte,
531 1846 134 36 avec
703 1827 129 69 cinq
872 1827 218 53 dessins
1129 1827 71 52 de
1240 1823 242 72 Giorgio
1524 1824 70 53 de
1635 1821 250 56 Chirico.
1961 1819 190 69 Paris,

320 1817 1983 158 Editions des Quatre chemins [ ᶜ192 8]
395 1985 539 52 80, [1] p., 2 l. 20 ᶜᵐ .
396 2049 1935 57 3,000 copies printed. “2875 exemplaires sur papier de Rives à la
323 2110 861 53 forme … Exemplaire n° 690.”
322 2160 2012 62 © July 1, 1928; 1c. Sept. 7; A—Foreign 7; Maurice Sachs & Jacques
391 2228 239 50 Bonjean,
660 2228 157 41 Paris.
886 2225 284 51 (28-29556)

323 2322 238 66 Collins,
596 2322 161 55 Clem
786 2322 263 66 Wetzell,
1085 2326 173 52 1883-

395 2403 67 55 C.
500 2404 65 53 P.
605 2403 71 56 A.
717 2402 208 55 review
961 2420 268 53 answers,
1264 2401 272 70 covering
1570 2401 290 68 questions
1897 2401 115 52 and
2049 2398 287 69 problems

325 2482 300 68 presented
662 2482 61 52 in
756 2481 149 54 book
940 2480 240 56 entitled
1219 2481 63 55 C.
1318 2480 67 55 P.
1421 2479 72 55 A.
1529 2477 225 72 review,
1785 2479 77 69 by
1900 2478 160 55 Clem
2093 2475 241 57 Wetzell

323 2554 1492 80 Collins … New York, J. Wiley & sons, inc.;
1849 2556 262 72 London,
322 2555 1990 139 Chapman
482 2641 47 51 &
553 2637 163 74 Hall,
742 2638 224 56 limited
999 2641 150 54 1928.

393 2714 1946 60 x, 955 p. 23½ ᶜᵐ . (Lettered on cover: Wiley accounting series, H. T.
325 2778 192 50 Scovill,
545 2777 184 50 editor)

395 2837 131 39 “The
560 2845 218 32 answers
811 2837 50 39 to
895 2836 83 40 the
1012 2836 54 41 A.
1101 2836 38 43 I.
1174 2837 55 40 A.
1265 2835 253 49 questions
1550 2844 86 32 are
1669 2836 68 40 all
1770 2836 61 47 by
1864 2834 61 43 H.
1958 2834 57 42 A.
2048 2833 202 51 Finney,
2284 2845 57 30 as

323 2893 259 49 published
614 2892 51 41 in
700 2894 83 39 the
816 2892 209 42 Journal
1059 2893 53 40 of
1146 2893 347 48 accountancy,
1529 2894 171 48 except
1731 2892 309 43 commercial
2074 2892 97 41 law

323 2902 2001 90 questions
487 2951 130 40 from
654 2951 141 46 June,
830 2949 129 49 1917,
997 2953 49 37 to
1084 2950 127 49 May,
1252 2949 128 49 1920,
1415 2951 118 39 both
1568 2949 252 43 inclusive.
1896 2951 101 39 The
2036 2959 219 33 answers
2291 2952 50 39 to

324 3001 1968 63 these law questions … have been supplied by Ralph J. Cummings …
324 3058 1932 62 with the exceptions of chapter L … by Theodore J. Witting.”—Pref.
398 3123 137 47 “Key
560 3124 50 39 to
638 3123 206 40 authors
869 3121 236 50 quoted”:
1134 3132 43 38 p.
1206 3122 83 41 vii.

330 3174 55 55 ©
412 3181 120 40 Nov.
560 3179 71 49 24,
662 3180 142 47 1928;
835 3179 70 42 2c.
933 3181 121 39 Nov.
1082 3179 84 50 30;
1199 3179 85 42 aff.
1313 3179 121 43 Nov.
1463 3180 85 47 28;
1579 3180 46 42 A
1651 3180 114 48 873;
1799 3180 50 42 C.

1879 3181 72 41 W.
1984 3179 199 50 Collins,
397 3180 1924 98 Denver.
566 3235 283 52 (28-29628)

327 3329 341 56 Commerce
703 3328 264 68 clearing
1000 3329 205 57 house.

396 3408 326 54 Procedure
757 3410 116 52 and
907 3408 252 69 practice
1191 3407 201 56 before
1428 3410 97 53 the
1560 3410 221 55 United
1820 3407 192 57 States
2045 3409 197 55 Board
2277 3409 68 54 of

326 3490 101 50 tax
468 3486 236 68 appeals
747 3488 113 52 and
902 3493 163 47 court
1106 3488 153 53 rules
1300 3486 95 55 for
1436 3487 235 69 review;
1716 3488 176 54 Rules
1934 3487 65 54 of
2040 3488 196 54 Board
2278 3487 66 54 of

326 3568 101 50 tax
454 3564 251 69 appeals.
781 3564 347 69 Appendix:
1154 3565 287 68 specimen
1469 3564 210 70 forms;
1710 3565 154 56 Code
1892 3565 66 54 of
1983 3565 269 56 evidence
2279 3566 66 54 of

327 3635 2012 85 District of Columbia. (3d ed.) Washington, Chicago [etc. ]
330 3717 327 59 Commerce
694 3720 255 71 clearing
982 3721 192 70 house,
1212 3722 128 67 inc.,
1376 3722 179 54 Loose
1590 3722 121 54 leaf
1745 3722 212 55 service
1994 3722 251 55 division
2279 3722 66 54 of

327 3793 1251 80 the Corporation trust company [ ᶜ192 8 ]
400 3881 28 39 2
454 3892 43 37 p.
562 3913 8 16 l.,
599 3881 86 42 185
712 3893 43 36 p.
815 3880 147 43 23½ᶜᵐ.

336 3932 53 56 ©
428 3938 129 50 Sept.
591 3938 71 50 24,
697 3939 118 41 1928;
875 3938 69 43 2c.
980 3942 98 40 and
1112 3939 84 44 aff.
1234 3939 103 42 Oct.
1374 3940 53 49 1;
1465 3941 43 39 A
1543 3940 230 50 1053635;
1813 3940 281 43 Commerce
2126 3941 219 50 clearing

403 3995 165 50 house,
598 3995 92 44 inc.
758 3996 282 51 (28-29896)
