2498 4384
1321 4063 104 51 964

358 487 393 53 ministration
785 484 64 54 of
882 484 395 69 immigration
1311 481 325 54 restriction
1666 482 77 68 by
1774 482 96 52 the
1904 481 217 54 United
2158 479 205 69 States,

359 558 1863 76 by Francis P. Cavanaugh … Washington, D. C., 1928.
429 644 832 52 2 p. l., vii-viii, 116 p., 1 l. 23 ᶜᵐ.
431 703 173 41 Thesis
647 703 108 48 (PH.
788 701 363 48 D.)—Catholic
1181 699 273 48 university
1486 699 51 40 of
1569 697 238 48 America,
1961 729 7 9 1928.

432 760 129 42 Vita.

431 816 350 49 Bibliography:
843 826 44 37 p.
919 813 217 41 110-116.

372 870 52 51 ©
449 873 125 40 June
598 872 40 48 6,
662 872 114 40 1928;
828 871 68 40 2c.
920 870 96 40 and
1039 869 82 41 aff.
1146 870 127 39 June
1297 869 25 39 7;
1375 867 42 40 A
1438 866 203 41 1074925;
1695 866 53 42 F.
1772 867 50 40 P.
1849 865 313 48 Cavanaugh,
440 866 1909 110 Brookland,

597 929 57 41 D.
680 928 50 41 C.
800 926 282 50 (28-15797)

368 1020 300 65 Chappell,
699 1020 198 54 Clovis
925 1019 274 54 Gillham.

435 1098 196 55 Christ
664 1098 112 52 and
810 1097 96 53 the
938 1114 123 35 new
1095 1114 239 49 woman,
1367 1096 75 68 by
1476 1094 196 55 Clovis
1704 1094 69 55 G.
1809 1094 301 68 Chappell.
361 1095 1982 148 Nashville,
549 1177 196 66 Tenn.,

779 1174 331 69 Cokesbury
1143 1192 175 49 press,
1352 1175 151 50 1928.

434 1255 1931 52 117 p. 19 ᶜᵐ . [S. R. Belk lectureship, Wesleyan college, Macon, Ga.,
361 1315 131 50 1927]

374 1368 53 52 ©
457 1373 114 46 May
600 1371 69 48 16,
698 1370 115 41 1928;
870 1371 68 39 2c.
968 1371 95 38 and
1094 1368 81 42 aff.
1205 1368 129 42 June
1362 1367 82 48 18;
1475 1367 42 40 A
1546 1366 229 49 1077933;
1808 1368 179 39 Lamar
2016 1367 38 41 &
2083 1366 284 47 Whitmore,

441 1428 267 41 Nashville.
782 1427 281 48 (28-16144)

370 1520 189 63 Child,
590 1520 211 53 Leslie.

436 1598 440 68 Dream-forest,
913 1597 305 54 afternoon
1258 1597 64 54 of
1360 1617 31 33 a
1429 1596 144 54 faun
1608 1599 113 52 and
1759 1616 31 34 a
1828 1597 208 69 flower,
2073 1598 75 69 by
2185 1598 185 54 Leslie

369 1677 191 56 Child.
635 1677 301 67 Portland,
961 1677 131 67 Me.,
1119 1677 122 52 The
1267 1676 232 53 Mosher
1525 1694 174 50 press,
1729 1678 150 51 1928.

464 1759 472 49 5 p. l., 3-40 p. 16 ᶜᵐ.
434 1818 186 41 Poems.

441 1874 92 41 “Of
574 1873 99 41 this
711 1874 124 39 book
875 1876 95 37 two
1011 1872 223 40 hundred
1273 1872 159 47 copies
1475 1873 123 39 have
1639 1872 118 41 been
1799 1872 193 48 printed
2036 1883 61 29 on
2136 1872 235 41 Aurelian

366 1942 151 37 paper
542 1933 97 38 and
664 1931 82 40 the
772 1932 113 46 type
910 1928 339 42 distributed.”

375 1985 53 52 ©
453 1989 115 48 Apr.
593 1989 71 47 25,
690 1988 139 41 1928;
858 1988 68 39 2c.
954 1990 95 38 and
1076 1986 82 41 aff.
1186 1987 127 39 June
1339 1987 54 43 4;
1422 1986 41 39 A
1489 1986 230 47 1082041;
1749 1987 140 39 Anna
1918 1988 51 39 L.
1997 1986 209 48 Mosher,

442 1987 1910 106 Portland,
600 2046 90 39 Me.
764 2043 280 50 (28-16124)

370 2137 381 63 Chittenden,
784 2137 233 53 Russell
1051 2138 227 62 Henry,
1315 2140 171 49 1856-

434 2216 245 68 History
711 2214 65 54 of
806 2216 96 52 the
938 2214 262 56 Sheffield
1233 2214 272 54 scientific
1538 2216 191 52 school
1762 2215 65 53 of
1857 2216 146 52 Yale
2035 2215 336 69 university,

366 2292 2006 69 1846-1922, by Russell H. Chittenden … New Haven, Yale
363 2371 320 69 university
741 2388 156 51 press;
986 2371 260 67 London,
1303 2371 76 53 H.
1437 2370 268 69 Milford,
1764 2370 230 56 Oxford
2052 2372 319 70 university

364 2468 176 50 press,
575 2452 150 51 1928.

536 2533 1059 47 2 v. fronts., plates (1 double) ports. 25 ᶜᵐ.
435 2591 162 47 Paged
630 2589 356 48 continuously.

377 2642 53 52 ©
458 2647 125 40 June
609 2647 69 46 15,
705 2645 141 47 1928;
875 2646 68 39 2c.
970 2646 119 39 each
1116 2646 129 40 June
1270 2645 84 47 25;
1384 2645 82 41 aff.
1495 2646 127 40 June
1648 2646 83 47 22;
1761 2647 43 39 A
1831 2646 230 49 1083019;
2093 2648 121 40 Yale
2240 2648 130 41 univ.

445 2714 151 37 press,
667 2701 280 51 (28-16109)

371 2795 279 64 Collings,
681 2795 339 63 Ellsworth,
1054 2795 170 53 1887-

498 2872 1872 74 … Project teaching in elementary schools, by Ellsworth
366 2949 1912 74 Collings … New York & London, The Century co. [ ᶜ19 28]
365 3033 1988 105 xvii, 571 p. incl. diagrs., forms. 21 ᶜᵐ. (The Century education series) $3.00
438 3146 263 48 “Projects,
732 3147 164 39 school
926 3146 291 48 equipment,
1249 3148 163 40 school
1443 3148 241 48 libraries,
1715 3150 95 40 and
1841 3160 253 38 programs
2124 3161 84 30 are
365 3152 1988 91 illustrated
559 3202 597 48 abundantly.”—Introd.

438 3259 242 40 “Further
709 3258 301 41 discussion”
1041 3262 52 37 at
1123 3260 92 39 end
1245 3259 53 41 of
1326 3261 119 39 each
1472 3260 216 49 chapter.

377 3311 53 52 ©
456 3315 127 40 June
607 3315 68 47 18,
701 3315 117 40 1928;
868 3316 68 40 2c.
961 3316 126 39 June
1111 3316 55 38 21;
1222 3315 83 41 aff.
1332 3316 125 40 June
1482 3317 83 47 22';
1593 3317 41 39 A
1658 3317 202 41 1082201;
1918 3319 217 48 Century
2159 3330 68 30 co.

455 3371 281 50 (28-16106)

373 3464 241 63 Cooper,
644 3464 193 53 Mabel
867 3464 133 54 Lee.

438 3539 183 56 Seven
655 3541 426 70 psychological
1116 3544 304 67 portraits;
1459 3563 31 34 a
1524 3546 305 53 handbook
1865 3546 93 54 for
1991 3554 232 61 parents
2258 3549 107 52 and

365 3619 1982 129 teachers, by Mabel Lee Cooper … Milwaukee, Wis., Morehouse
572 3696 1723 76 publishing co.; London, A. R. Mowbray & co. [ ᶜ19 28 ]
436 3778 503 50 xii, 181, [1] p. 19 ᶜᵐ.
439 3835 86 39 “In
561 3835 99 40 this
694 3835 129 41 little
860 3837 123 39 book
1018 3848 71 29 we
1124 3838 101 39 will
1261 3839 146 47 study
1444 3839 170 49 briefly
1648 3842 82 39 the
1765 3842 109 40 first
1910 3845 94 38 two
2040 3845 150 38 dozen
2225 3855 142 37 years

365 3889 54 42 of
450 3890 381 42 life.”—Introd.

377 3942 54 53 ©
455 3947 128 42 June
604 3947 69 48 18,
698 3948 114 42 1928;
865 3949 68 42 2c.
957 3950 96 40 and
1078 3949 82 42 aff.
1185 3951 126 40 June
1335 3951 57 40 22;
1445 3951 43 41 A
1511 3952 230 50 1077965;
1769 3955 288 42 Morehouse
2082 3957 109 49 pub.
2217 3967 68 30 co.

456 4002 280 51 (28-16142)
