2498 4384
1234 4095 135 52 1864

370 533 1008 49 xi p., 1 l., 140 p. tables, diagrs. 19 ½ ᶜᵐ.
371 591 230 40 Lettered
630 601 61 28 on
719 600 142 30 cover:
919 590 102 40 The
1048 590 231 40 institute
1306 590 53 39 of
1387 590 268 41 economics
1685 590 52 40 of
1762 591 83 39 the
1873 591 274 48 Brookings
301 591 1992 97 institution.

305 713 52 52 ©
392 716 120 41 Nov.
547 716 71 48 20,
654 715 119 41 1928;
834 716 68 40 2c.
940 717 97 38 and
1074 715 82 40 aff.
1192 715 121 41 Nov.
1348 716 84 46 21;
1472 716 41 38 A
1549 715 113 47 765;
1702 715 276 49 Brookings
2012 716 299 48 institution,

371 773 339 49 Washington.
782 772 283 51 (28-29334)

301 868 184 64 Ladd,
524 868 209 63 Henry
770 867 310 64 Andrews,
1124 871 172 50 1895-

373 945 1940 72 With eyes of the past, by Henry Ladd … New York, W. W.
297 1024 983 69 Norton & company, inc. [ ᶜ1 928]
370 1104 1946 53 X, 11-100 p. 19½ ᶜᵐ. [An outline of æsthetics, ed. with introductory
299 1166 140 37 notes
471 1164 62 47 by
568 1163 51 41 P.
653 1163 57 40 N.
742 1163 171 48 Youtz]

305 1230 52 52 ©
390 1234 103 41 Oct.
522 1234 71 48 24,
624 1233 141 47 1928;
798 1234 67 39 2c.
896 1235 97 38 and
1023 1232 82 41 aff.
1136 1233 120 41 Nov.
1287 1233 83 48 14;
1401 1232 44 40 A
1472 1233 83 40 622;
1617 1234 72 41 W.
1721 1235 72 40 W.
1823 1234 188 40 Norton
2042 1235 38 40 &
2110 1245 81 35 co.,
2222 1234 91 41 inc.

382 1289 283 51 (28-29167)

299 1384 292 53 Lakeside
632 1400 189 48 press,
865 1385 270 68 Chicago.

369 1461 58 53 A
466 1462 105 52 rod
612 1461 94 52 for
744 1461 97 53 the
877 1461 146 53 back
1060 1460 67 54 of
1163 1461 99 53 the
1296 1461 232 68 binder;
1572 1481 152 34 some
1763 1463 451 52 considerations
2252 1462 66 54 of

301 1538 245 71 binding
590 1539 140 53 with
776 1538 289 54 reference
1105 1544 59 47 to
1207 1540 98 52 the
1348 1540 180 52 ideals
1572 1538 65 55 of
1677 1539 100 54 the
1817 1540 281 53 Lakeside
2141 1560 174 49 press.

305 1617 293 69 [Chicago,
627 1618 68 52 R.
727 1617 67 52 R.
825 1616 323 70 Donnelley
1176 1619 46 50 &
1250 1635 131 35 sons
1409 1636 300 51 company,
1741 1620 133 50 1928]

367 1700 859 49 32 p. illus., XVI pl. on 8 l. 27 ᶜᵐ.
304 1769 52 52 ©
387 1772 104 41 Oct.
520 1772 40 47 1,
590 1770 116 41 1928;
762 1771 68 39 2c.
862 1771 96 38 and
988 1769 82 42 aff.
1102 1770 103 41 Oct.
1236 1770 27 40 8;
1321 1770 42 39 A
1392 1769 204 41 1053826;
1656 1770 57 40 B.
1744 1771 57 41 B.
1833 1771 272 48 Donnelley
2136 1772 37 40 &
2202 1782 114 31 sons

370 1840 69 30 co.
510 1827 283 50 (28-28996)

299 1922 231 64 Lamm,
569 1921 244 56 Lucian.

372 2000 232 70 College
639 2006 266 47 entrance
938 2000 114 52 and
1084 2000 254 68 Regents
1372 1999 228 53 ancient
1633 2000 114 52 and
1779 1999 285 54 medieval
2094 2000 225 71 history

301 2076 1993 135 (with maps) by Lucian Lamm … New York, College entrance
520 2155 1136 69 book company, incorporated [ ᶜ1 928]
369 2236 1505 53 vi, 180, [13] p. illus. (maps) 18½ ᶜᵐ. (Cebco series)
371 2297 136 40 “List
534 2296 52 41 of
612 2296 250 39 reference
890 2293 258 49 readings”:
1207 2305 44 38 p.
1278 2293 100 42 175.

304 2351 52 53 ©
385 2354 104 42 Oct.
517 2353 69 50 19,
614 2352 115 43 1928;
784 2353 69 41 2c.
882 2352 103 41 Oct.
1011 2353 58 40 27;
1125 2351 84 42 aff.
1238 2352 118 41 Nov.
1385 2352 56 38 12;
1498 2352 43 40 A
1566 2352 86 41 567;
1711 2352 194 49 College
1932 2356 232 38 entrance
2192 2352 125 41 book

372 2423 84 37 co.,
483 2411 92 41 inc.
642 2409 283 51 (28-29090)

294 2505 279 65 Leblond,
608 2504 248 65 Marius,
894 2503 171 56 1877-

442 2581 1874 71 … La grâce, roman contemporain. Paris, J. Ferenczi &
307 2662 90 53 fils
430 2665 173 64 [1928]

311 2739 1985 109 xi p., 1 l., [15]-350, [1] p. 19 ᶜᵐ. (Their Les martyrs de la Bépu blique.
550 2799 104 50 [IV])

378 2858 66 39 At
469 2858 127 38 head
623 2856 52 40 of
701 2855 110 41 title;
868 2854 353 47 Marius—Ary
1249 2854 229 40 Leblond.

304 2912 52 52 ©
388 2916 124 39 Mar.
543 2914 70 46 15,
643 2913 115 40 1928;
848 2924 37 29 1c.
916 2913 114 47 Apr.
1062 2911 60 40 20;
1178 2912 315 48 A—Foreign
1523 2912 149 41 38568;
1731 2913 44 41 J.
1808 2913 233 40 Ferenczi
2072 2913 37 40 &
2140 2914 90 40 fils.

382 2969 283 52 (28-29451)

298 3063 136 66 Lee,
466 3064 209 53 Edwin
708 3063 337 65 Augustus,
1079 3068 173 49 1888-
1388 3065 85 54 ed.

371 3141 330 69 Objectives
736 3142 113 52 and
884 3140 287 69 problems
1204 3141 66 52 of
1303 3141 325 53 vocational
1662 3141 320 67 education,
2017 3141 192 53 edited
2243 3141 73 68 by

301 3219 2015 67 Edwin A. Lee … 1st ed. New York [etc.] McGraw-Hill
299 3298 150 54 book
478 3316 300 50 company,
808 3297 128 67 inc.,
969 3300 151 49 1928.

371 3379 1943 51 viii, 451 p. fold, diagr. 21 ᶜᵐ. (Half-title: McGraw-Hill vocational
301 3439 157 47 texts)
583 3436 131 50 $3.00

372 3495 354 47 Bibliography
753 3497 52 37 at
832 3494 93 40 end
953 3493 52 41 of
1031 3496 113 45 part
1172 3493 52 39 of
1251 3493 82 39 the
1362 3494 243 46 chapters.

305 3548 52 52 ©
389 3553 121 39 Nov.
542 3552 69 47 15,
644 3551 118 40 1928;
820 3552 68 40 2c.
921 3552 97 38 and
1050 3549 82 41 aff.
1164 3550 121 40 Nov.
1318 3550 56 39 17;
1436 3550 41 38 A
1509 3549 114 40 1717;
1686 3549 354 40 McGraw-Hill
2074 3549 124 40 book
2231 3560 82 36 co.,

372 3609 93 41 inc.
534 3607 282 50 (28-29009)

301 3701 290 65 Leonard,
624 3701 156 54 John
812 3701 193 64 Lynn.

380 3778 1871 69 The care and handling of dogs, by John Lynn Leonard …
308 3857 143 52 with
482 3856 232 69 preface
742 3857 78 69 by
850 3857 207 52 Albert
1086 3856 232 69 Payson
1350 3857 283 66 Terhune,
1667 3857 113 52 and
1814 3875 72 34 an
1920 3856 394 54 introduction

307 3934 76 70 by
417 3935 222 53 Fannie
670 3934 205 54 Hurst.
946 3933 234 56 Garden
1215 3933 156 71 City,
1405 3935 68 53 N.
1509 3935 91 67 Y.,
1634 3934 360 70 Doubleday,
2026 3935 201 53 Doran
2260 3937 53 52 &

308 4030 301 52 company,
637 4014 129 67 inc.,
794 4016 151 50 1928.
