2498 4384
1343 4120 103 49 454

365 490 223 63 Finley,
622 489 254 54 William
910 488 217 64 Lovell,
1164 488 171 54 1876-

441 568 156 53 Wild
629 567 213 51 animal
870 572 141 62 pets,
1037 567 76 68 by
1139 567 263 53 William
1428 567 200 52 Lovell
1656 566 209 69 Finley
1894 566 113 52 and
2037 566 167 52 Irene
372 566 1973 148 Finley

556 643 1540 68 … New York, London, C. Scribner’s sons, 1928.
443 726 1147 48 xiv p., 2 l., 3-311 p. front., plates. 21 ᶜᵐ .
374 794 53 52 ©
462 800 121 39 Mar.
615 799 40 46 2,
690 798 113 41 1928;
865 799 68 39 2c.
967 800 122 39 Mar.
1122 799 83 42 22;
1243 798 82 41 aff.
1360 799 123 40 Mar.
1516 798 83 46 20;
1636 798 41 38 A
1710 796 229 49 1069383;
1978 798 203 40 Charles
442 796 1911 99 Scribner’s

601 866 126 29 sons.
798 854 251 48 (28-8927)

368 963 315 62 Fishback,
716 964 173 51 Elvin
922 964 160 52 Holt.

445 1039 311 55 Character
788 1042 301 52 education
1122 1042 59 51 in
1212 1042 96 52 the
1341 1042 194 69 junior
1564 1042 144 68 high
1739 1041 208 66 school,
1977 1041 77 69 by
2088 1042 176 51 Elvin
2297 1042 76 51 H.

375 1118 1939 71 Fishback … with an introduction by Philip W. L. Cox …
377 1198 232 66 Boston,
637 1197 138 52 New
804 1197 163 52 York
1017 1203 120 61 [etc.]
1172 1198 72 52 D.
1275 1196 62 55 C.
1366 1198 196 53 Heath
1591 1199 113 52 and
1732 1215 281 52 company
2090 1200 151 65 [ᶜ1928]

445 1278 496 48 xiii, 190 p. 19½ ᶜᵐ .
449 1348 247 40 “Selected
724 1348 301 40 references”
1055 1351 51 38 at
1134 1350 92 39 end
1254 1349 52 39 of
1331 1351 126 38 most
1485 1349 52 40 of
1563 1350 81 39 the
1672 1350 241 47 chapters.

378 1415 52 52 ©
462 1421 122 40 Mar.
615 1420 68 47 19,
714 1420 114 40 1928;
886 1421 69 40 2c.
986 1422 122 39 Mar.
1138 1421 57 38 24;
1256 1420 82 41 aff.
1370 1422 122 39 Mar.
1523 1421 55 40 23;
1638 1421 42 39 A
1709 1421 206 40 1069420;
1974 1422 58 40 D.
2065 1421 49 41 C.
2146 1422 164 39 Heath
2340 1421 36 40 &

446 1487 68 30 co.
588 1476 251 49 (28-8922)

371 1586 235 61 Fraser,
640 1585 208 52 Ferrin
882 1586 65 52 L.

444 1663 1935 69 The screaming portrait, by Ferrin L. Fraser … New York,
374 1741 55 54 J.
458 1741 76 51 H.
568 1739 167 56 Sears
763 1743 46 49 &
837 1758 298 51 company,
1165 1741 106 52 inc.
1351 1744 151 63 [ᶜ1928]

444 1823 570 50 4 p. l., 244 p. 19 ½ ᶜᵐ .
381 1891 52 52 ©
465 1895 122 39 Mar.
617 1894 70 47 24,
720 1893 141 45 1928;
893 1894 69 39 2c.
995 1895 121 39 Mar.
1148 1894 82 46 30;
1267 1893 81 41 aff.
1382 1896 123 39 Mar.
1536 1895 83 46 28;
1653 1898 42 35 A
1727 1895 229 46 1068676;
1992 1897 43 40 J.
2071 1897 59 40 H.
2167 1896 144 41 Sears
2344 1897 36 40 &

449 1962 81 37 co.,
563 1951 91 40 inc.
725 1950 251 49 (28-8939)

378 2059 190 62 Garis,
603 2059 257 52 Howard
898 2059 212 63 Roger,
1149 2061 171 50 1873-

450 2136 1931 74 Tuftoo the clown, by Howard R. Garis … illustrated by
379 2216 194 53 James
621 2215 357 68 Daugherty.
1072 2216 138 52 New
1264 2216 180 66 York,
1492 2216 259 68 London,
1800 2219 70 50 D.
1921 2218 297 68 Appleton
2269 2221 109 51 and

380 2312 297 50 company,
708 2295 149 50 1928.

450 2376 1163 49 viii p., 1 l., 282, [1] p. front., illus. 19½ ᶜᵐ .
384 2445 52 51 ©
468 2450 121 38 Mar.
617 2448 70 46 30,
716 2449 140 45 1928;
888 2449 67 40 2c.
986 2450 94 38 and
1110 2448 82 41 aff.
1222 2450 115 47 Apr.
1365 2450 54 46 2;
1451 2450 41 38 A
1521 2450 229 47 1068697;
1783 2452 56 40 D.
1869 2452 242 48 Appleton
2141 2453 36 39 &
2206 2463 66 31 co.

463 2505 250 48 (28-9143)

378 2599 200 61 Gibbs,
615 2599 227 63 George
876 2600 162 61 Fort,
1074 2599 170 53 1870-

451 2676 119 53 The
600 2676 192 53 shores
823 2675 65 53 of
917 2695 279 47 romance,
1226 2677 35 52 by
1332 2677 221 69 George
1583 2678 194 55 Gibbs.
1855 2680 138 52 New
2027 2681 179 54 York,
380 2682 1975 138 London,

541 2754 70 52 D.
644 2753 297 68 Appleton
973 2754 113 53 and
1119 2772 298 52 company,
1453 2758 148 51 1928.

450 2837 661 50 3 p. 4., 292, [1] p. 19½ ᶜᵐ .
387 2903 52 52 ©
470 2909 121 39 Mar.
620 2907 69 46 30,
718 2907 141 47 1928;
890 2908 68 40 2c.
988 2908 95 39 and
1113 2907 81 41 aff.
1224 2909 115 47 Apr.
1367 2909 53 46 2;
1453 2909 40 38 A
1523 2909 228 47 1068696;
1785 2911 56 40 D.
1871 2911 241 49 Appleton
2143 2913 36 39 &
2207 2924 67 30 co.

466 2963 251 49 (28-9056)

381 3058 246 61 Gilbert,
664 3057 227 65 George
928 3058 226 63 Holley,
1194 3062 172 49 1854-

458 3135 186 54 Greek
686 3136 248 68 thought
976 3137 57 51 in
1077 3137 96 52 the
1216 3137 139 52 New
1400 3139 346 66 Testament,
1788 3140 73 67 by
1908 3140 221 70 George
2173 3143 213 69 Holley

387 3214 241 54 Gilbert.
705 3215 138 51 New
875 3215 179 51 York.
1088 3215 119 52 The
1240 3215 335 53 Macmillan
1609 3235 299 51 company,
1943 3222 150 50 1928.

454 3295 363 49 216 p. 19½ ᶜᵐ .
390 3363 52 52 ©
475 3369 120 39 Mar.
624 3367 70 46 20,
724 3367 114 40 1928;
896 3368 68 40 2c.
995 3369 95 38 and
1120 3368 82 41 aff.
1235 3370 121 38 Mar.
1386 3370 55 38 21;
1501 3370 41 38 A
1572 3371 202 40 1068463;
1836 3373 282 40 Macmillan
2150 3385 67 29 co.

470 3423 250 49 (28-9085)

383 3518 417 62 Goodenough,
841 3518 277 54 Florence
1156 3520 216 52 Laura.

460 3595 119 53 The
617 3595 500 54 Kuhlman-Binet
1153 3603 138 47 tests
1330 3597 94 53 for
1461 3599 258 53 children
1759 3600 65 54 of
1861 3600 296 70 preschool
2196 3623 121 49 age,
2358 3624 28 33 a

391 3672 1936 79 critical study and evaluation, by Florence L. Goodenough …
390 3750 403 68 Minneapolis,
823 3751 120 54 The
973 3753 339 69 University
1343 3753 65 53 of
1438 3755 324 54 Minnesota
1793 3776 157 49 press
2030 3761 151 65 [ᶜ1928]

463 3831 1927 55 6 p. l., 146 p. diagrs. 20½ ᶜᵐ . (Half-title: University of Minnesota.
392 3888 101 40 The
519 3888 227 41 institute
773 3889 51 40 of
850 3890 128 40 child
1007 3891 217 40 welfare.
1286 3893 299 48 Monograph
1614 3894 151 42 series
1793 3906 74 31 no.
1947 3896 14 46 II)

395 3954 52 53 ©
483 3960 123 40 Mar.
641 3960 38 47 1,
715 3960 114 42 1928;
891 3961 69 42 2c.
996 3963 122 41 Mar.
1153 3962 59 41 26;
1276 3963 81 41 aff.
1394 3965 122 41 Mar.
1551 3966 82 42 24;
1672 3967 42 39 A
1747 3967 202 41 1068542;
2016 3969 284 46 University
2337 3970 51 41 of

462 4016 289 49 Minnesota,
787 4018 337 49 Minneapolis.
1195 4020 252 48 (28-8920)
