2498 4384
1258 4076 134 50 1538

337 422 349 65 McKnight,
717 423 228 64 George
972 421 242 67 Harley,
1249 424 171 53 1871-

410 499 1871 72 Modern English in the making, by George H. McKnight …
342 578 141 52 with
519 578 97 52 the
653 578 307 53 assistance
994 578 65 53 of
1096 580 141 51 Bert
1275 579 233 67 Emsley
1551 621 10 9 .…
1685 578 140 54 New
1864 577 181 70 York,
2084 580 261 68 London,

340 655 72 53 D.
440 654 298 69 Appleton
768 656 113 52 and
908 674 299 50 company,
1241 658 151 51 1928.

412 736 1323 48 xii p., 1 l. , 590 p. front., illus., pl. , facsims. 21 ᶜᵐ.
342 805 51 52 ©
424 809 128 48 Sept.
579 809 69 47 14,
677 809 114 40 1928;
846 810 68 40 2c.
942 810 96 39 and
1065 808 82 42 aff.
1179 810 128 47 Sept.
1336 809 55 40 17;
1448 810 41 38 A
1515 809 205 41 1054337;
1777 810 58 41 D.
1863 811 240 47 Appleton
2132 811 36 40 &
2195 823 68 28 co.

420 865 280 48 (28-23547)

336 959 241 65 Mahan,
606 958 260 55 Thomas
894 960 316 63 Jefferson,
1245 964 170 50 1896-

402 1036 97 53 An
527 1037 252 68 analysis
808 1036 65 53 of
901 1037 97 52 the
1027 1037 455 54 characteristics
1511 1038 65 53 of
1605 1038 357 68 citizenship,
1990 1039 76 68 by
2096 1039 250 53 Thomas

332 1114 1989 131 Jefferson Mahan … New York city, Teachers college, Columbia
463 1192 336 69 university,
836 1195 152 50 1928.

338 1276 1987 104 3 p. l. , 44 p. 23½ᶜᵐ. (Teachers college, Columbia university. Contributions to education,
973 1344 74 30 no.
1086 1332 112 49 315)

404 1402 263 41 Published
700 1403 105 40 also
838 1412 55 30 as
927 1403 153 40 thesis
1124 1403 107 48 (PH.
1297 1404 34 47 D.)
1375 1403 251 41 Columbia
1664 1404 287 47 university.
1985 1404 130 41 1928.

403 1459 379 48 Bibliography:
819 1470 42 37 p.
893 1460 73 40 44.

339 1524 52 53 ©
421 1530 119 47 Aug.
570 1530 68 46 14,
669 1528 117 41 1928;
840 1529 68 40 2c.
940 1528 102 41 Oct.
1072 1530 23 37 1;
1156 1528 83 40 aff.
1272 1529 128 47 Sept.
1431 1529 54 39 19;
1545 1529 41 38 A
1615 1528 205 41 1053650;
1878 1529 244 41 Teachers
2152 1531 193 47 college,

405 1586 252 41 Columbia
690 1586 287 47 university.
1048 1585 283 49 (28-23435)

334 1680 317 64 Meadows,
688 1680 160 53 Leon
886 1680 279 63 Renfroe,
1209 1685 171 48 1884-

403 1757 56 53 A
490 1758 172 69 study
693 1756 66 53 of
789 1757 97 53 the
916 1757 267 69 teaching
1214 1758 66 52 of
1311 1757 248 69 English
1591 1757 379 69 composition
2001 1758 62 53 in
2092 1758 254 54 teachers

333 1836 240 68 colleges
605 1835 61 53 in
698 1835 97 53 the
826 1835 217 54 United
1080 1835 208 67 States,
1320 1835 139 53 with
1494 1854 31 34 a
1558 1836 303 68 suggested
1893 1854 194 35 course
2119 1836 64 53 of
333 1855 1987 126 procedure,

332 1911 1987 149 by Leon Renfroe Meadows … New York city, Teachers college,
715 1989 300 56 Columbia
1049 1990 337 69 university,
1421 1993 149 51 1928.

334 2074 1991 103 3 p. l. , 95 p. 23½ᶜᵐ. (Teachers college, Columbia university. Contributions to education, no. 311)
403 2203 264 40 Published
702 2204 104 38 also
840 2213 54 29 as
930 2201 154 41 thesis
1111 2201 108 48 (PH.
1289 2202 33 46 D.)
1367 2200 253 41 Columbia
1658 2201 287 48 university,
1981 2202 129 41 1928.

401 2259 353 49 Bibliography
771 2270 10 29 :
817 2270 42 37 p.
891 2258 158 41 89-95.

333 2313 51 52 ©
416 2317 116 47 July
559 2317 70 47 24,
660 2316 140 42 1928;
832 2316 68 39 2c.
930 2315 102 40 Oct.
1062 2315 52 46 1;
1147 2314 83 41 aff.
1264 2314 129 47 Sept.
1423 2314 81 46 19;
1527 2315 51 38 .A
1607 2313 230 47 1053644;
1871 2314 243 40 Teachers
2145 2316 193 46 college,

403 2373 253 41 Columbia
688 2372 130 41 univ.
889 2371 281 50 (28-23683)

332 2467 268 65 Michels,
630 2465 222 55 Rudolf
882 2465 164 65 Karl,
1081 2470 172 50 1901-

400 2544 242 68 Cartels,
679 2543 285 54 combines
999 2544 114 52 and
1148 2548 180 48 trusts
1363 2543 61 52 in
1461 2547 276 64 post-war
1770 2542 311 70 Germany,
2114 2542 76 70 by
328 2543 1991 133 Rudolf

498 2620 1615 70 K. Michels … New York, Columbia university
2155 2639 185 50 press;
327 2701 260 68 London,
618 2701 67 52 P.
718 2699 57 56 S.
806 2699 163 69 King
998 2701 46 50 &
1074 2717 118 49 son,
1223 2699 123 67 ltd.,
1380 2701 151 51 1928.

399 2786 86 40 183
516 2797 45 36 p.
620 2784 181 48 diagrs.
861 2784 117 40 23ᶜᵐ.
1050 2782 302 47 (Half-title:
1385 2783 197 40 Studies
1612 2782 51 40 in
1694 2783 203 47 history,
1929 2782 284 48 economics,
2243 2784 97 40 and
328 2842 161 49 public
521 2843 108 46 law,

663 2842 72 39 ed.
769 2841 61 47 by
864 2841 81 39 the
979 2840 207 46 Faculty
1220 2839 53 40 of
1304 2839 220 47 political
1558 2839 186 40 science
1778 2839 52 40 of
1863 2839 254 41 Columbia
327 2839 1996 107 university,
473 2909 76 30 no.
580 2898 112 47 306)

398 2955 266 40 Published
697 2956 104 38 also
835 2964 54 29 as
922 2953 154 40 thesis
1118 2951 109 48 (PH.
1294 2952 34 47 D.)
1372 2951 252 41 Columbia
1659 2951 288 49 university,
1981 2951 129 41 1928.

403 3011 379 48 Bibliography:
829 3021 42 37 p.
916 3008 217 41 179-181.

333 3064 51 52 ©
414 3069 119 47 Aug.
563 3069 70 47 27,
663 3067 142 47 1928;
835 3067 69 40 2c.
936 3066 129 48 Sept.
1095 3065 82 46 18;
1211 3063 83 42 aff.
1327 3064 129 48 Sept.
1487 3064 82 47 19;
1603 3065 41 38 A
1673 3063 231 48 1054551;
1938 3064 208 47 Faculty
2179 3063 51 40 of
399 3075 1920 90 political

588 3124 186 40 science
804 3123 51 40 of
885 3122 251 41 Columbia
1168 3120 289 49 university,
1488 3121 119 40 New
1636 3121 145 41 York.
410 3181 282 49 (28-23429)
2103 3175 149 43 10393

326 3276 199 63 Milne,
561 3275 152 52 Alan
749 3273 357 54 Alexander.

400 3353 272 55 Galleons
702 3351 143 69 Lap.

409 3437 84 48 (In
516 3431 253 44 Woman’s
796 3431 199 51 journal
1022 3429 279 53 magazine,
1329 3430 123 48 Oct.,
1481 3429 145 51 1928)

333 3488 1987 102 © 1c. Nov. 10, 1928; A ad int. 11878; pubd. Sept. 15; A. A. Milne, London.
329 3642 428 63 Minnigerode,
788 3641 226 63 Meade,
1049 3644 158 51 1887-

399 3718 304 68 Jefferson,
747 3718 194 54 friend
985 3718 65 52 of
1094 3719 239 64 France,
1380 3719 133 51 1793;
1589 3717 97 53 the
1728 3735 190 34 career
1960 3714 65 54 of
2069 3713 268 54 Edmond

331 3795 237 56 Charles
602 3795 200 68 Genet,
835 3795 262 54 minister
1130 3795 491 69 plenipotentiary
1657 3794 152 53 from
1842 3793 97 54 the
1971 3792 225 53 French
331 3792 1983 150 Republic

553 3879 59 47 to
640 3874 98 53 the
765 3874 220 54 United
1016 3873 206 62 States,
1254 3892 60 33 as
1343 3873 260 52 revealed
1632 3872 76 67 by
1736 3871 90 53 his
1857 3870 226 69 private
2112 3888 225 50 papers,

332 3947 2001 74 1763-1834, by Meade Minnigerode … With facsimile repro-
