2498 4384
1109 4125 102 49 303

199 533 466 50 4 p. l. , 238 p. 21 ᶜᵐ.
203 583 1946 53 “The contributions made by the German university … to the higher
131 645 954 44 education in the United States.”— p. 1.
134 702 52 52 ©
219 706 110 40 Feb.
361 706 71 47 28,
464 705 118 41 1928;
640 705 68 41 2c.
741 704 96 40 and
869 703 83 41 aff.
985 703 112 40 Feb.
1128 701 56 41 29;
1247 702 42 39 A
1320 700 205 42 1068015;
1589 700 284 40 Macmillan
1906 710 67 30 co.

212 762 254 51 (28-6944)

129 858 130 53 Van
284 857 70 53 de
379 858 227 61 Water,
631 858 139 51 Mrs.
795 854 276 65 Virginia
1095 853 162 54 Belle
1289 853 336 64 (Terhune)
1661 856 173 50 1865-

203 936 123 53 The
352 937 166 52 heart
543 934 66 54 of
634 954 31 33 a
693 934 155 53 child;
907 952 152 34 some
1086 932 430 53 reminiscences
1544 930 66 54 of
1637 951 31 33 a
1699 931 241 53 reticent
134 930 1991 151 childhood,

334 1008 1819 75 by Virginia Terhune Van de Water … Boston, Mass.,
132 1090 935 69 W. A. Wilde company [ ᶜ1 927]
206 1172 544 50 2 p. l. , 7-225 p. 19½ᶜᵐ.
136 1229 52 52 ©
218 1233 128 48 Sept.
372 1232 70 47 10,
469 1232 114 40 1927;
638 1232 68 40 2c.
732 1232 96 39 and
855 1230 83 41 aff.
966 1232 122 39 Mar.
1115 1230 69 47 26,
1212 1230 117 40 1928;
1385 1230 40 39 A
1452 1229 205 40 1068532;
1713 1230 72 39 W.
1813 1229 54 40 A.
1895 1229 160 39 Wilde
2083 1239 68 30 co.

215 1289 283 49 (28-26155)

130 1384 245 62 Verder,
410 1383 210 53 Daniel
652 1382 202 65 Hugh.

205 1459 1947 72 A book of lyrics, by Daniel Hugh Verder … New York,
132 1539 849 68 T. Nelson and sons [ ᶜ1 927]
204 1625 50 39 ix
283 1636 57 37 p.,
373 1626 24 37 1
451 1656 22 15 l.,
503 1624 86 40 104
619 1634 43 38 p.
723 1623 56 40 19½ᶜᵐ.

139 1679 52 52 ©
223 1684 78 38 May
367 1683 69 46 16,
469 1682 114 40 1927;
644 1682 67 40 2c.
743 1682 96 39 and
871 1681 82 41 aff.
986 1682 123 39 Mar.
1138 1681 41 47 3,
1211 1680 117 41 1928;
1389 1680 41 40 A
1461 1680 203 41 1069091;
1727 1681 213 40 Thomas
1972 1681 181 39 Nelson

210 1743 35 40 &
275 1750 126 30 sons.
477 1739 251 48 (28-6994)

134 1834 195 62 Vulté,
361 1835 309 51 Hermann
702 1833 324 53 Theodore.

204 1912 164 53 Food
398 1912 341 54 industries:
773 1912 298 53 text-book
1102 1931 72 34 on
1205 1912 97 53 the
1336 1911 344 69 production
1712 1912 114 53 and
134 1912 1999 132 manufacture

296 1990 66 53 of
395 1991 187 68 staple
618 1990 185 67 foods,
842 1990 95 53 for
973 2009 97 34 use
1106 1990 59 53 in
1201 1990 142 70 high
1379 1990 221 53 schools
1637 1991 114 52 and
1788 1991 260 69 colleges,
2082 1991 75 69 by

133 2068 2023 56 Hermann T. Vulté … and Sadie B. Vanderbilt … 5th ed.
135 2148 238 62 Easton,
412 2148 122 67 Pa.,
573 2147 123 53 The
737 2146 293 56 Chemical
1069 2147 341 69 publishing
1450 2166 302 51 company,
1793 2151 150 49 1928.

238 2230 1267 51 x p., 1 l., 367 p. illus. (incl. maps) diagrs. 23½ᶜᵐ.
209 2289 323 40 “References”
591 2291 53 38 at
669 2289 92 39 end
790 2288 51 40 of
871 2289 119 39 each
1019 2288 218 48 chapter.

142 2343 52 53 ©
225 2346 112 40 Feb.
365 2345 71 42 29,
467 2345 85 40 1928;
639 2345 69 40 2c.
739 2346 122 40 Mar.
891 2344 54 48 3;
976 2344 83 41 aff.
1090 2345 124 40 Mar.
1245 2346 53 44 1;
1330 2345 42 38 A
1402 2344 231 43 1069055;
1669 2345 248 41 Chemical
1948 2357 63 38 pub.
2091 2359 66 29 co.

223 2403 255 49 (28-6937)

134 2497 257 62 Walker,
425 2497 222 53 Ernest
677 2497 276 53 Edward.

208 2575 310 68 Aviation;
566 2574 96 54 the
705 2580 160 64 story
909 2574 65 54 of
1015 2575 98 53 the
1156 2581 269 63 conquest
1467 2575 66 54 of
1575 2575 96 54 the
1716 2577 105 67 air,
1866 2576 153 54 from
2065 2578 94 52 the

139 2654 224 53 dreams
390 2653 67 53 of
481 2654 306 69 yesterday
812 2659 60 47 to
899 2653 96 53 the
1024 2653 419 54 achievements
1468 2653 65 54 of
1558 2655 220 69 to-day,
1805 2656 141 52 with
140 2657 1995 145 drawings,

140 2731 1991 149 illustrations, photographs, by Ernest E. Walker … Chicago,
325 2809 382 55 Aeronautics
738 2810 303 53 education
1074 2809 367 69 foundation,
1476 2812 152 53 1927.

210 2895 85 40 127
325 2906 43 37 p.
429 2894 166 48 front.,
625 2895 174 47 plates,
832 2896 165 46 ports.,
1030 2894 219 42 facsims.
1311 2894 57 41 19ᶜᵐ.

147 2947 52 52 ©
227 2951 109 40 Jan.
363 2951 70 41 15,
462 2950 117 40 1928;
631 2951 69 39 2c.
728 2950 110 42 Jan.
865 2950 83 46 31;
978 2950 84 41 aff.
1090 2951 111 40 Feb.
1230 2950 54 48 6;
1314 2952 41 38 A
1381 2951 233 48 1061589;
1645 2954 54 40 E.
1729 2955 53 40 E.
1811 2955 212 41 Walker.
215 2955 1926 101 Chicago.
418 3007 253 49 (28-4638)

142 3100 166 64 Wall,
341 3101 358 63 Alexander,
734 3101 173 54 1879-

213 3180 174 52 Ratio
423 3180 252 69 analysis
710 3180 65 54 of
808 3180 273 54 financial
1114 3187 363 62 statements;
1515 3202 73 34 an
1626 3185 372 68 explanation
2034 3186 67 54 of
2134 3205 30 34 a

145 3258 229 53 method
409 3258 66 53 of
506 3259 305 70 analysing
843 3259 272 53 financial
1146 3266 336 50 statements
1512 3263 77 69 by
1618 3263 97 53 the
1746 3282 98 35 use
1873 3263 65 55 of
1969 3267 198 54 ratios,

143 3337 2025 74 by Alexander Wall … and Raymond W. Duning… New York
145 3416 113 52 and
289 3416 263 67 London,
582 3415 235 70 Harper
847 3419 47 51 &
923 3417 281 69 brothers,
1237 3422 151 51 1928.

248 3499 719 49 x p., 1 l., 353 p. diagrs. 24 ᶜᵐ.
150 3552 52 52 ©
231 3557 110 40 Jan.
368 3556 71 44 20,
469 3556 115 40 1928;
640 3558 68 38 2c.
737 3557 111 41 Jan.
875 3558 85 46 26;
990 3558 83 41 aff.
1102 3559 111 41 Jan.
1242 3559 58 41 30;
1357 3561 41 39 A
1426 3561 205 40 1061456;
1691 3562 194 49 Harper
1916 3564 37 40 &
1981 3564 127 42 bros.

229 3613 254 48 (28-3967)

146 3707 268 62 Watson,
445 3708 229 63 Evelyn
705 3709 195 53 Mabel
930 3710 255 64 Palmer,
1218 3715 175 50 1886-

149 3784 1993 133 Candle gold, lyrics of love and death, by Evelyn M. Watson …
428 3867 1612 74 Boston, The Christopher publishing house [ ᶜ1 928]
221 3948 271 49 144 p. 20½ ᶜᵐ.
153 4001 52 52 ©
238 4006 110 41 Jan.
379 4007 40 40 3.
451 4007 117 40 1928;
626 4008 68 41 2c.
726 4009 111 40 Jan.
869 4010 81 46 14;
986 4010 83 42 aff.
1102 4011 111 41 Jan.
1247 4012 82 47 12;
1364 4013 40 39 A
1435 4013 232 48 1018404;
1704 4015 320 50 Christopher
2057 4018 110 47 pub.

221 4062 165 42 house.
458 4065 254 49 (28-4129)
