2498 4384
1238 4076 134 50 1590

297 421 238 64 Lucius,
575 422 183 54 Marc.

372 499 1878 71 Le Rhin et le port de Strasbourg, par Marc Lucius …
301 575 186 69 Paris,
522 576 231 68 Dunod,
791 580 152 50 1928.

371 660 901 49 3 p. l., 132 p. 2 fold. maps. 23 ᶜᵐ.
307 725 1569 53 © Feb. 27, 1928; 1c. Apr. 20; A— Foreign 38545; Dunod.
385 785 282 50 (28-23782)

300 880 361 65 McCamish,
692 880 257 55 William
977 881 74 54 H.

369 958 228 53 Kansas
640 958 154 52 form
833 959 166 67 book,
1041 960 330 67 annotated,
1411 960 302 69 including
1752 961 250 68 general,
2041 961 274 68 business,

299 1038 115 52 and
462 1037 151 69 legal
662 1036 199 68 forms,
908 1038 263 67 together
1219 1038 143 52 with
1409 1038 160 53 those
1617 1038 251 69 relating
1913 1044 59 47 to
2021 1039 294 70 pleading,

299 1115 2018 71 practice, and probate, by W. H. McCamish … Kansas City,
297 1193 136 68 Mo.,
520 1212 177 34 Vernon
724 1194 111 51 law
861 1193 150 52 book
1037 1212 300 50 company,
1367 1196 151 51 1928.

405 1306 10 17 x,
443 1275 116 40 1423
585 1286 43 38 p.
688 1274 57 41 26½ᶜᵐ.

305 1342 52 52 ©
389 1347 129 47 Sept.
547 1347 70 47 27,
648 1346 119 41 1928;
820 1347 68 40 2c.
919 1347 96 39 and
1045 1346 82 41 aff.
1159 1346 103 41 Oct.
1293 1347 82 46 12;
1407 1346 43 39 A
1478 1346 205 41 1054947;
1743 1348 196 40 Vernon
1966 1348 98 39 law
2092 1347 125 40 book
2245 1356 69 30 co.

383 1402 283 50 (28-23969)

300 1498 293 64 Madison,
622 1498 139 55 Mrs.
792 1497 165 64 Lucy
996 1497 275 65 (Foster)
1310 1502 173 50 1865-

301 1574 1991 133 Lincoln, by Lucy Foster Madison … illustrated and decorated
492 1655 77 68 by
596 1654 201 53 Frank
824 1653 69 54 E.
926 1652 380 56 Schoonover.
1372 1654 431 69 Philadelphia,
1832 1655 122 52 The
1983 1655 163 52 Penn
300 1653 1993 149 publishing
550 1750 301 51 company,
885 1735 151 50 1928.

369 1816 1123 49 368 p. col. front., illus., col. plates. 24½ ᶜᵐ.
305 1883 53 52 ©
385 1887 130 48 Sept.
541 1886 68 48 15,
636 1886 117 40 1928;
805 1887 67 40 2c.
898 1887 96 39 and
1020 1886 82 41 aff.
1130 1886 103 40 Oct.
1260 1887 54 39 13;
1371 1886 43 39 A
1437 1886 85 40 109;
1578 1887 135 40 Penn
1738 1887 110 48 pub.
1874 1898 69 30 co.

382 1943 284 49 (28-23975)

298 2038 271 64 Marlatt,
601 2037 142 54 Earl
773 2038 304 54 Bowman.

375 2117 335 52 Protestant
751 2115 197 68 saints,
989 2116 76 69 by
1108 2116 144 52 Earl
1294 2115 262 54 Marlatt.
1635 2116 140 53 New
1820 2116 182 69 York,
2045 2117 79 53 H.
2169 2116 147 54 Holt

303 2195 116 52 and
456 2211 284 52 company
889 2196 86 64 [ᶜ1928]

440 2274 1001 50 xv p., 3 l., 5-104 p. front., plates. 19½ ᶜᵐ.
655 2345 206 40 CONTENTS.—Saint
886 2344 497 50 Augustine.—Saint
1410 2346 444 41 Bernard.—Saint
1881 2345 220 42 Francis.

306 2415 52 52 ©
385 2419 103 41 Oct.
514 2420 39 46 8,
580 2419 115 40 1928;
749 2419 68 40 2c.
844 2419 96 39 and
966 2418 82 40 aff.
1076 2418 104 42 Oct.
1206 2418 57 40 15;
1317 2418 43 39 A
1385 2418 29 40 9;
1467 2418 170 48 Henry
1663 2419 121 40 Holt
1808 2419 38 40 &
1871 2430 68 30 co.

382 2476 283 49 (28-23933)

302 2570 308 64 Marshall,
643 2569 247 55 Charles
923 2569 254 64 Clinton,
1212 2574 174 50 1860-

374 2647 301 56 Governor
730 2646 237 56 Smith’s
1021 2647 311 53 American
1387 2647 392 69 Catholicism,
1829 2649 77 68 by
1960 2646 238 57 Charles
2254 2647 63 57 C.

301 2726 302 68 Marshall,
632 2725 142 53 with
803 2725 188 54 which
1018 2725 48 54 is
1094 2725 299 69 reprinted
1419 2725 112 54 Mr.
1559 2725 332 55 Marshall’s
1919 2725 205 70 “Open
2150 2727 169 53 letter

302 2809 58 49 to
396 2804 299 55 Governor
731 2802 227 56 Smith”
993 2804 114 52 and
1141 2803 90 54 his
1267 2802 348 69 “Rejoinder
1649 2809 59 48 to
1744 2803 299 56 Governor
2080 2804 238 56 Smith's

301 2881 218 71 reply”.
587 2882 141 53 New
763 2880 180 69 York,
976 2881 192 68 Dodd,
1201 2881 174 53 Mead
1409 2882 114 52 and
1555 2900 301 52 company,
1892 2885 152 51 1928.

371 2965 458 51 3 p. l., 88 p. 19½ᶜᵐ.
371 3024 251 40 Governor
658 3021 200 41 Smith’s
893 3021 137 48 reply
1063 3021 206 40 entitled
1307 3020 252 42 “Catholic
1593 3022 96 40 and
1723 3021 215 49 patriot”
1973 3022 259 49 published
2266 3024 50 39 in

302 3082 82 40 the
420 3079 221 41 Atlantic
676 3079 235 47 monthly,
948 3079 115 47 May
1096 3077 115 41 1927
1247 3079 97 39 and
1381 3078 249 48 reprinted
1666 3078 49 39 in
1753 3078 344 48 “Progressive
303 3081 1996 104 democracy:
478 3137 228 48 speeches
735 3136 96 40 and
860 3137 130 38 state
1019 3145 177 38 papers
1223 3134 54 40 of
1304 3133 174 41 Alfred
1507 3135 53 40 E.
1592 3134 187 41 Smith”
1810 3135 156 39 under
1993 3135 84 40 the
2105 3135 211 49 heading

303 3193 281 49 “Religious
615 3191 249 41 liberties”
898 3191 43 40 is
973 3194 84 37 not
1090 3190 250 48 reprinted
1373 3191 127 47 here,
1535 3190 159 48 owing
1726 3194 49 37 to
1808 3190 309 41 restrictions
2150 3191 51 40 of
2235 3192 82 40 the

302 3250 256 49 copyright
598 3251 110 38 law.
778 3249 102 39 The
921 3249 257 39 document
1219 3247 51 39 in
1312 3248 82 39 the
1435 3248 151 38 latter
1626 3246 302 49 publication
1969 3247 42 40 is
2049 3247 143 48 given
2233 3248 83 40 the

303 3310 163 38 status
496 3306 51 41 of
575 3317 28 29 a
634 3307 129 39 state
792 3315 151 39 paper
972 3305 96 38 and
1097 3303 40 41 it
1167 3303 41 40 is
1239 3303 51 39 in
1319 3302 300 49 recognition
1650 3302 51 41 of
1732 3303 110 40 that
1872 3305 162 38 status
2065 3304 109 39 that
2204 3303 39 40 it
2272 3303 42 41 is

303 3363 284 42 considered
618 3362 50 40 in
699 3362 83 40 the
811 3360 254 46 following
1094 3370 162 38 pages,
1318 3358 61 47 cf.
1411 3359 130 40 Pref.

311 3413 2005 55 © Sept. 28, 1928; 1c. and aff. Oct. 3; 1c. Oct. 9; A 1054879; C. C.
375 3477 255 47 Marshall,
658 3476 119 39 New
804 3475 144 40 York.
1016 3472 282 54 (28-23981)

302 3570 307 64 Mauclair,
644 3569 261 65 Camille,
940 3569 174 54 1872-

442 3645 1872 72 … La religion de la musique, et Les héros de l’orchestre.
308 3726 104 55 Éd.
448 3726 311 54 définitive.
827 3725 187 67 Paris,
1050 3724 402 68 Fischbacher,
1491 3725 149 51 1928.

376 3807 518 50 vii, 350 p., 1 l. 20 ᶜᵐ.
381 3865 88 41 “Je
493 3865 199 40 refonds
716 3863 362 49 présentement
1102 3875 58 28 en
1187 3873 53 30 ce
1265 3863 192 39 volume
1482 3862 70 39 La
1578 3860 205 49 religion
1809 3862 60 39 de
1892 3862 50 39 la
1968 3860 237 50 musique,
311 3871 1987 91 publiée
474 3933 58 29 en
572 3921 128 48 1909,

742 3924 48 37 et
830 3921 92 39 Les
960 3919 144 41 héros
1145 3921 59 39 de
1244 3919 298 47 l’orchestre,
1583 3916 190 50 publiés
1816 3929 58 29 en
1915 3917 129 44 1917.
2116 3918 58 40 Je
2212 3916 100 42 n’ai

311 3978 248 50 supprimé
587 3990 93 38 que
710 3978 231 49 quelques
971 3988 264 29 morceaux
1264 3974 550 51 circonstanciels.”—p.
1849 3995 12 32 [v]
