2498 4384
1207 4071 135 53 1710

380 423 173 54 Some
599 426 193 53 letters
839 425 153 54 from
1037 447 30 33 a
1112 445 136 35 man
1292 428 65 54 of
1416 447 73 34 no
1553 429 370 70 importance,
1988 433 327 52 1895-1914.

308 501 746 71 London, J. Cape [1928 ]
379 583 339 49 320 p. 21 ᶜᵐ .
381 655 192 39 Letters
601 655 198 40 written
824 655 129 40 from
982 657 198 39 London
1206 658 50 38 to
1284 667 29 30 a
1339 656 164 41 friend
1532 657 50 40 in
1611 658 156 41 Paris.

311 708 2000 59 © 1c. Apr. 27, 1928; A ad int. 11074; pubd. Mar. 16; Jonathan Cape,
377 770 90 41 ltd.
535 770 281 49 (28-27691)

302 866 263 65 Squires,
598 866 257 54 William
890 868 207 62 Henry
1128 868 260 63 Tappey,
1425 867 172 55 1875-

376 946 122 51 The
540 946 141 67 days
724 945 65 53 of
831 950 349 64 yester-year
1222 946 63 51 in
1328 946 202 69 colony
1574 947 115 52 and
1732 948 500 68 commonwealth;
2279 969 31 33 a

306 1023 2007 71 sketch book of Virginia, by W. Η. T. Squires … Portsmouth,
303 1103 127 66 Va.,
461 1101 329 54 Printcraft
820 1121 176 48 press,
1028 1102 127 67 inc.,
1189 1105 151 50 1928.

374 1184 1401 49 xvi p., 1 l., 301 p. incl. front. plates, ports. 24½ᶜᵐ.
374 1242 103 39 The
517 1241 184 41 edition
741 1241 42 40 is
823 1241 190 40 limited
1053 1244 50 38 to
1144 1241 134 48 1,000
1314 1243 264 39 numbered
1620 1244 96 39 and
1757 1243 337 48 autographed
2137 1243 174 49 copies.

301 1298 119 40 This
449 1309 120 37 copy
597 1298 42 40 is
672 1298 230 40 “number
930 1297 101 42 27”.

306 1351 52 52 ©
387 1355 103 40 Oct.
517 1356 69 47 24,
614 1355 140 45 1928;
784 1356 68 41 2c.
880 1356 96 39 and
1003 1354 83 41 aff.
1115 1355 103 42 Oct.
1246 1356 82 46 26;
1359 1356 41 39 A
1426 1355 113 48 266;
1569 1357 73 41 W.
1670 1357 61 40 Η.
1760 1357 53 41 T.
1844 1356 213 50 Squires,
2086 1357 222 50 Norfolk,

373 1412 89 40 Va.
527 1412 281 49 (28-25144)

298 1508 233 63 Storey,
564 1507 261 52 Thomas
857 1506 277 65 Andrew,
1168 1507 174 54 1875-

370 1586 341 53 Individual
736 1585 262 69 hygiene,
1026 1586 285 67 prepared
1340 1585 94 53 for
1461 1605 97 34 use
1583 1586 76 68 by
1688 1587 212 68 college
1929 1587 277 68 students,
2233 1588 76 69 by

297 1662 1985 149 Thomas A. Storey … Stanford University, Calif., T. A. Storey, 1928.
369 1824 1848 50 xii, 287 p. 24 ᶜᵐ . (His Texts on informational hygiene … book 3)
301 1878 53 53 ©
387 1883 103 40 Oct.
523 1883 69 47 16,
625 1882 142 46 1928;
799 1882 68 41 2c.
902 1882 95 40 and
1031 1881 81 42 aff.
1148 1882 104 41 Oct.
1283 1880 83 49 26;
1401 1881 42 40 A
1475 1882 113 47 267;
1624 1882 53 41 T.
1711 1882 56 41 A.
1803 1881 186 49 Storey,
2023 1882 121 41 Palo
2177 1883 127 49 Alto,

369 1939 146 42 Calif.
583 1938 282 50 (28-25146)

294 2034 486 64 Stutzenberger,
818 2033 230 55 Albert.

361 2114 279 65 Pictures,
672 2131 193 50 poems
898 2112 113 53 and
1044 2131 191 50 songs,
1263 2111 76 69 by
1369 2111 206 53 Albert
1609 2110 459 70 Stutzenberger.
290 2113 1991 147 Philadelphia,

606 2190 972 68 Dorrance and company [ᶜ192 8]
360 2275 59 40 95
450 2286 44 37 p.
555 2274 146 40 19½ᶜᵐ.
771 2273 301 47 (Half-title:
1104 2272 385 48 Contemporary
1522 2274 137 46 poets
1693 2272 52 40 of
1776 2273 251 39 Dorrance
2070 2271 140 49 (72))

297 2329 52 52 ©
378 2333 103 40 Oct.
508 2332 69 47 10,
604 2332 118 39 1928
737 2342 10 37 ;
775 2332 68 39 2c.
871 2331 103 40 Oct.
1001 2330 83 47 19;
1113 2329 83 42 aff.
1224 2330 105 41 Oct.
1355 2328 82 48 18;
1467 2328 41 40 A
1534 2328 112 48 239;
1676 2329 252 41 Dorrance
1955 2329 37 40 &
2017 2340 83 35 co.,
2129 2328 92 41 inc.

373 2388 283 51 (28-25081)

287 2486 193 62 Swan,
521 2483 198 55 Oliver
760 2483 49 54 G
1101 2483 84 54 ed.

365 2563 271 52 Frontier
680 2562 159 68 days,
884 2561 190 53 edited
1118 2560 77 69 by
1241 2559 201 55 Oliver
1487 2558 70 56 G.
1606 2557 188 57 Swan.
1869 2559 431 69 Philadelphia,

290 2639 1007 69 Macrae Smith company [ ᶜ192 8]
365 2718 1936 53 512 p. col. front., illus., col. plates. 25 ᶜᵐ . (Lettered on cover: The
295 2790 226 30 romance
548 2779 52 40 of
626 2777 266 41 America’s
921 2777 216 47 history)

293 2834 52 52 ©
374 2837 128 49 Sept.
529 2838 70 46 24,
626 2836 142 48 1928;
796 2836 68 40 2c.
891 2837 96 39 and
1014 2835 83 40 aff.
1125 2836 103 40 Oct.
1255 2835 84 47 25;
1368 2835 41 39 A
1436 2835 142 46 1274;
1609 2833 379 42 Macrae-Smith
2015 2846 70 30 co.

370 2894 282 50 (28-25143)

285 2988 236 65 Taylor,
559 2986 332 55 Katherine
930 2986 203 54 Ames.

361 3067 124 52 The
519 3066 113 53 Los
669 3065 250 69 Angeles
955 3063 301 69 tripbook;
1299 3083 31 33 a
1367 3063 167 54 small
1572 3064 226 52 volume
1837 3062 95 54 for
1968 3064 162 53 those
2167 3063 127 54 who

289 3145 145 52 have
464 3162 31 34 a
525 3143 112 52 few
665 3143 141 69 days
834 3161 64 34 or
926 3161 31 33 a
988 3141 112 54 few
1127 3141 185 54 weeks
1339 3147 60 47 to
1429 3141 180 68 spend
1639 3147 59 47 at
1726 3141 353 70 sightseeing
2107 3141 62 54 in
2197 3143 98 53 the

289 3222 118 68 city
436 3220 66 54 of
532 3220 123 55 Our
684 3219 166 70 Lady
877 3238 177 50 queen
1084 3218 65 54 of
1176 3220 98 52 the
1305 3220 196 68 angels
1529 3219 60 53 in
1623 3217 344 70 California,
1997 3219 78 70 by

290 3220 1978 132 Katherine
491 3298 173 53 Ames
713 3299 231 67 Taylor.
1028 3297 140 53 New
1217 3297 182 68 York,
1448 3297 259 68 London,
1758 3296 70 55 G.
1878 3298 66 52 P.
1993 3298 300 54 Putnam’s

287 3380 359 63 sons [ᶜ192 8]
358 3455 1075 51 vi, 94 p. front., illus. 19½ ᶜᵐ . $1.00
288 3512 52 52 ©
367 3516 103 40 Oct.
494 3516 70 47 26,
591 3515 141 46 1928;
760 3515 67 40 2c.
854 3515 96 39 and
975 3513 83 42 aff.
1085 3514 101 41 Oct.
1212 3514 84 47 27;
1325 3514 41 39 A
1391 3515 141 47 1275;
1561 3515 59 41 K.
1646 3515 55 41 A.
1727 3515 194 47 Taylor,
1948 3515 94 40 Los
2069 3515 221 48 Angeles.

365 3571 282 50 (28-25145)

274 3666 316 63 Uebelhör,
622 3667 159 62 Max,
815 3670 172 50 1881-

349 3742 1936 68 Der ruf der tiefe, roman von Max Uebelhör. München [e tc.]
278 3820 856 70 Drei masken verlag [ ᶜ192 7]
347 3904 610 50 303, [1] p., 1 l. 18½ᶜᵐ.
284 3957 2000 53 © Feb. 28, 1928; 1c. June 13: A—Foreign 39100; Drei masken verlag,
350 4029 43 31 a.
422 4028 43 39 g.
530 4018 282 49 (28-25982)
