2498 4384
1273 4079 100 50 636

322 446 232 62 Orcutt,
590 445 254 54 William
878 447 188 60 Dana,
1105 446 171 52 1870-

389 524 123 52 The
550 523 147 52 book
734 523 61 52 in
833 524 158 67 Italy
1030 523 214 69 during
1282 524 96 52 the
1416 523 266 53 fifteenth
1722 524 114 52 and
1875 522 284 54 sixteenth
319 541 1979 113 centuries
523 601 196 52 shown
750 601 60 51 in
840 600 281 53 facsimile
1151 601 435 67 reproductions
1616 601 152 52 from
1797 602 96 52 the
1921 607 148 47 most
2098 601 225 53 famous

320 679 231 67 printed
597 679 269 66 volumes,
910 677 269 53 collected
1223 679 184 52 under
1450 679 96 52 the
1592 679 255 67 auspices
1889 678 65 52 of
1997 679 98 53 the
2137 680 186 67 Royal

320 756 217 54 Italian
570 755 269 55 Minister
869 756 65 53 of
967 756 361 69 instruction,
1360 756 261 69 together
1654 756 139 54 with
1828 775 73 35 an
1933 756 390 54 introduction

319 833 2006 148 by Dott. Comm. Guido Biagi … Explanatory text and comment by William Dana Orcutt … New York, Harper &
317 990 279 68 brothers,
628 992 150 51 1928.

386 1073 1935 54 220 p., 1 l. incl. col. mounted front., illus., plates, 2 col. mounted port.,
318 1130 215 40 facsims.
593 1130 117 41 32ᶜᵐ.

389 1200 185 41 “Seven
611 1200 222 39 hundred
872 1200 96 38 and
1007 1199 113 47 fifty
1158 1199 161 47 copies
1357 1200 52 39 of
1444 1199 100 40 this
1582 1200 191 39 volume
1810 1200 123 39 have
1971 1200 120 39 been
2128 1200 193 49 printed

316 1257 79 40 for
432 1258 102 39 sale
573 1256 51 39 in
662 1257 82 39 the
784 1256 179 40 United
1004 1255 164 41 States
1206 1256 53 39 of
1296 1256 238 47 America,
1573 1257 95 38 and
1707 1257 172 39 twelve
1915 1258 208 39 lettered
2162 1258 159 48 copies

327 1315 109 47 (not
472 1314 79 39 for
586 1315 127 44 sale)
758 1313 81 39 for
875 1313 81 39 the
992 1311 203 41 editor.”
1256 1312 119 39 This
1411 1322 119 37 copy
1566 1315 84 37 not
1685 1313 278 40 numbered.

389 1371 87 38 “In
505 1370 100 39 this
634 1371 190 38 volume
855 1379 83 29 are
971 1369 298 47 reproduced
1297 1369 85 39 132
1413 1369 52 39 of
1493 1370 81 38 the
1604 1368 86 40 199
1718 1379 147 37 pages
1893 1369 161 40 which
2082 1370 128 39 form
2240 1370 82 40 the

317 1426 311 48 magnificent
659 1426 164 39 album
858 1427 252 48 [prepared
1141 1425 79 39 for
1255 1426 78 38 the
1363 1424 142 40 Paris
1537 1425 287 47 exposition,
1856 1425 128 50 1900]
2017 1436 109 30 now
2155 1438 60 28 on
318 1438 1986 85 exhibition
557 1485 52 37 at
641 1484 81 38 the
755 1482 301 39 Laurentinn
1088 1481 188 47 library
1306 1480 49 40 in
1388 1481 553 41 Florence.”—Editor’s
1971 1485 128 38 note.

388 1540 379 48 Bibliography:
799 1550 43 37 p.
874 1538 100 40 220.

326 1606 52 51 ©
404 1610 116 47 Apr.
546 1610 40 47 5,
613 1608 115 41 1928;
782 1608 68 40 2c.
878 1608 95 39 and
1000 1606 82 41 aff.
1110 1607 114 47 Apr.
1254 1606 27 40 9;
1335 1606 41 39 A
1403 1606 207 41 1068819;
1663 1608 72 40 W.
1764 1608 57 41 D.
1850 1608 187 48 Orcutt,
2068 1609 198 40 Boston.

404 1665 281 49 (28-11280)

316 1776 279 61 Parsons,
624 1774 305 62 Anthony.

392 1854 164 53 With
588 1853 251 52 interest.

402 1937 84 47 (In
514 1933 56 41 20
600 1935 141 48 story
772 1930 277 52 magazine,
1079 1930 135 51 May,
1248 1929 144 51 1928)

326 2003 1995 52 © 1c. June 1, 1928; A ad int. 11173; pubd. Apr. 5; A. Parsons, London.
319 2158 324 64 Petitjean,
679 2157 105 55 Ch.

450 2234 1876 71 … Catalogue de l’œuvre gravé de Robert Nanteuil; notice
317 2312 2009 72 biographique de François Courboin … Paris, L. Delteil et
316 2395 79 52 M.
422 2395 83 52 Le
526 2393 233 68 Garrec,
786 2395 150 51 1925.

388 2474 1938 50 2 p. l., [7]-411, [4] p. incl. illus., plates, front., ports., facsim. and
318 2531 924 49 atlas (2 p. l., 234 port., 1 1.) 29 ᶜᵐ .
386 2605 64 39 At
474 2604 124 39 head
623 2604 51 38 of
698 2603 108 39 title
825 2613 8 28 :
861 2602 84 40 Ch.
968 2601 249 48 Petitjean
1242 2602 36 39 &
1303 2602 84 40 Ch.
1413 2601 230 41 Wickert.

389 2660 264 41 Published
678 2659 128 41 1927.

393 2718 70 39 “Il
498 2729 27 29 a
561 2716 75 41 été
669 2716 94 41 tiré
799 2717 57 39 de
892 2727 50 29 ce
978 2717 282 46 catalogue:
1298 2715 86 41 750
1417 2714 322 49 exemplaires
1786 2714 144 48 (dont
1963 2714 57 41 50
2056 2716 114 40 hors
320 2726 1990 95 commerce)”

392 2830 422 49 “Bibliographie”
834 2841 9 29 :
868 2842 44 36 p.
941 2829 249 50 [407]-411.

326 2900 1996 51 © Jan. 1, 1927; 1c. Dec. 30; A— Foreign 36752; Loys Delteil & Maurice
396 2961 65 39 Le
493 2961 194 40 Garrec.
759 2958 281 49 (28-11636)

316 3055 238 63 Pinedo,
583 3055 328 52 Francesco
941 3054 88 52 de.

451 3131 1868 66 … Il mio volo attraverso l’Atlantico e le due Americhe, con
317 3231 75 33 un
435 3212 254 68 proemio
729 3212 54 52 di
831 3211 267 55 Gabriele
1138 3209 382 54 d’Annunzio.
1615 3209 299 62 Quaranta
1956 3209 209 53 schizzi
320 3209 1978 147 dell’autore,
640 3294 416 48 centonovanta
1106 3288 319 52 documenti
1481 3287 327 69 fotografici
1856 3287 59 52 in
1968 3292 353 48 centotrenta

318 3370 206 66 tavole,
557 3369 199 67 cinque
792 3373 167 47 carte.
1035 3367 241 64 Milano,
1309 3368 72 52 U.
1417 3367 234 67 Iloepli,
1687 3369 149 49 1928.

388 3447 1931 52 5 p. l., 27, 279, [1] p., 2 l. front., illus., 129 pl. (incl. ports.) on 65 1.,
317 3507 535 49 5 fold. maps. 24 ᶜᵐ .
389 3579 356 41 D’Annunzio’s
776 3577 269 49 “proemio”
1088 3577 79 45 (27
1198 3576 172 49 pages)
1410 3576 41 39 is
1484 3587 24 28 a
1541 3575 242 41 facsimile
1816 3576 50 40 of
1896 3575 75 40 his
2004 3573 316 49 manuscript.

328 3645 1988 54 © Jan. 1, 1928; 1c. Jan. 6; A—Foreign 36845; Casa éditrice libraria
396 3709 164 40 Ulrico
592 3708 190 47 Hoepli.
853 3705 279 49 (28-11715)

317 3801 366 60 Porterfield,
718 3801 255 53 William
1011 3800 386 62 Hempstead,
1437 3798 325 53 1872-1927.

389 3881 96 51 An
517 3880 311 52 adventure
861 3880 59 50 in
955 3878 315 69 pyramids,
1304 3896 32 34 a
1367 3877 300 66 novelette,
1698 3876 77 68 by
1808 3874 263 56 William
319 3874 1978 137 Hempstead
508 3957 358 54 Porterfield.
942 3957 138 52 New
1113 3955 181 68 York,
1325 3954 69 54 A.
1427 3957 46 51 &
1505 3953 62 56 C.
1600 3953 169 68 Boni,
1803 3955 150 52 1928.
