2547 4432
1398 4100 103 51 100

491 506 87 40 222
609 516 44 37 p.
851 536 11 10 19½ᶜᵐ.

430 557 53 52 ©
506 562 113 39 Dec.
643 561 40 47 9,
708 560 117 40 1927;
878 561 67 39 2c.
971 561 97 39 and
1094 560 82 41 aff.
1203 561 110 40 Jan.
1339 560 70 47 31,
1436 559 115 41 1928;
1604 560 42 39 A
1670 558 203 42 1018619;
1930 558 210 40 Writers
2166 556 149 50 guild,
2341 556 94 42 inc.

506 617 251 45 (28-3691)

423 712 305 56 Columbia
767 711 354 65 university.
1199 712 278 54 Teachers
1516 711 225 69 college.
1817 710 277 53 Institute
2132 710 64 69 of
499 710 1910 134 educational
710 792 275 52 research.
1061 791 270 53 Division
1362 791 64 67 of
1455 790 135 68 field
1619 789 230 54 studies.

560 864 1878 75 … Report of the survey of the schools of Duval County,
428 948 258 68 Florida,
721 947 302 70 including
1058 948 95 53 the
1190 948 118 69 city
1344 947 65 53 of
1446 946 408 68 Jacksonville,
1892 945 167 54 made
2093 944 77 71 by
2206 945 96 53 the
428 945 1986 134 Institute
683 1025 65 54 of
806 1025 360 54 educational
1227 1025 276 67 research,
1561 1024 270 55 Division
1889 1023 66 54 of
2013 1023 134 54 field
2205 1023 234 69 studies,

429 1103 280 54 Teachers
755 1103 230 70 college,
1036 1103 302 55 Columbia
1386 1103 347 69 university;
1786 1102 223 70 George
2057 1102 74 53 D.
2183 1101 256 70 Strayer,

431 1181 262 54 director.
762 1181 140 54 New
935 1181 164 53 York
1129 1181 135 70 city,
1296 1182 281 53 Teachers
1609 1182 230 69 college,
1875 1180 302 55 Columbia
428 1180 1988 149 university,
590 1258 151 55 1927.

602 1372 9 17 xxv,
660 1341 86 41 433
798 1352 45 37 p.
917 1340 130 41 illus.
1075 1340 135 49 (incl.
1262 1340 164 50 maps)
1489 1342 157 41 tables
1672 1341 139 50 (part
1861 1340 146 49 fold.)
2068 1340 181 49 diagrs.
2322 1340 118 43 23ᶜᵐ.

438 1396 200 50 (School
666 1409 178 37 survey
872 1397 177 49 series)

501 1453 236 43 Contains
764 1455 396 49 bibliographies.

434 1507 52 52 ©
521 1512 103 41 Oct.
655 1512 70 48 29,
760 1512 142 48 1927;
937 1513 67 40 2c.
1037 1512 120 41 Nov.
1190 1511 46 40 11;
1308 1512 84 41 aff.
1426 1512 111 41 Jan.
1571 1512 70 49 28,
1676 1512 142 48 1928;
1854 1512 42 40 A
1929 1511 231 48 1018577;
2198 1512 245 41 Teachers

500 1570 193 47 college,
726 1568 254 42 Columbia
1011 1569 131 41 univ.
1213 1568 254 49 (28-3660)

429 1663 326 64 Councilor,
787 1664 223 53 Homer
1039 1663 54 54 J.

501 1742 124 53 The
666 1741 196 69 junior
904 1741 230 69 church,
1178 1742 76 69 by
1297 1742 220 53 Homer
1562 1742 56 54 J.
1666 1742 325 55 Councilor.
2073 1741 140 55 New
2261 1741 182 68 York,

429 1819 1009 71 London, The Century co. [ ᶜ1928]
503 1901 96 49 xiv,
626 1901 98 48 180,
753 1902 56 49 [1]
838 1912 43 38 p.
942 1902 116 40 19ᶜᵐ.
1175 1900 133 50 $1.50

433 1953 53 52 ©
515 1958 111 41 Jan.
653 1958 70 48 20,
752 1958 144 48 1928;
927 1959 67 40 2c.
1023 1960 96 39 and
1149 1959 82 41 aff.
1261 1960 112 40 Jan.
1402 1960 83 47 24;
1517 1959 39 39 A
1584 1959 230 48 1018516;
1848 1959 216 48 Century
2095 1970 67 30 co.

513 2014 254 49 (28-3452)

437 2110 304 68 [Cravath,
775 2111 146 52 Paul
957 2111 283 52 Drennan]
1303 2114 172 50 1861-

504 2190 175 53 Notes
704 2208 73 34 on
801 2190 97 52 the
923 2190 182 53 cruise
1130 2190 64 52 of
1218 2190 264 54 Warrior
1506 2190 61 53 in
1593 2190 97 53 the
1714 2192 117 51 Far
1858 2191 160 67 East,
2047 2188 150 54 1927.
434 2190 1985 132 [Garden
576 2268 152 68 City,

759 2269 70 52 N.
863 2269 91 66 Y.,
985 2268 122 53 The
1140 2267 260 71 Country
1433 2267 106 55 life
1572 2287 174 50 press,
1804 2268 133 54 ᶜ1927]

503 2350 65 49 ix,
599 2351 85 40 179
713 2362 44 38 p.
818 2350 165 49 front.,
1013 2352 173 48 plates,
1215 2354 165 46 ports.,
1412 2351 154 48 diagr.
1626 2350 56 42 19½
1714 2352 45 23 ᶜᵐ
1764 2383 9 9 .

505 2410 141 47 Maps
670 2419 60 30 on
756 2408 367 49 lining-papers.

506 2465 1740 49 “My … notes on the cruise.”—Pref., signed: Paul D. Cravath.
437 2519 53 52 ©
516 2524 113 39 Dec.
655 2523 70 48 30,
752 2523 143 48 1927;
923 2524 68 39 2c.
1018 2523 96 40 and
1139 2522 83 41 aff.
1250 2523 111 40 Jan.
1389 2522 69 49 20,
1485 2522 142 48 1928;
1658 2522 41 40 A
1725 2522 231 49 1061277;
1988 2524 50 40 P.
2069 2522 230 47 Cravath,
2328 2524 119 39 New

504 2580 146 40 York.
720 2580 254 49 (28-3705)

434 2677 350 65 Cyclopedia
815 2677 65 54 of
907 2678 113 53 law
1051 2678 116 54 and
1198 2677 342 65 procedure.

506 2759 134 50 1928
670 2757 368 53 annotations
1065 2762 58 48 to
1154 2756 351 69 Cyclopedia
1535 2756 64 53 of
1628 2757 110 51 law
1768 2756 114 53 and
1912 2756 329 69 procedure.
2311 2758 137 51 1-40

436 2833 2011 70 Cyc … Ed. by William Howard Buchanan … under the
434 2912 2014 69 supervision of William Mack … editor-in-chief. New York,
435 2990 121 52 The
599 2990 307 53 American
952 2991 109 52 law
1104 2991 148 53 book
1295 3010 310 50 company;
1653 2992 261 67 London,
1959 2992 398 53 Butterworth
2401 2994 48 50 &

435 3085 98 50 co.,
564 3070 149 51 1928.

507 3149 81 47 vii,
617 3149 389 50 cdxiv-cdxxvii,
1035 3151 115 41 1017
1177 3162 44 38 p.
1281 3151 58 41 25½
1370 3153 46 22 ᶜᵐ
1422 3184 8 8 .

440 3200 55 53 ©
521 3205 111 41 Jan.
659 3205 69 49 13,
757 3206 143 48 1928;
929 3208 68 40 2c.
1026 3208 96 40 and
1151 3208 82 41 aff.
1265 3209 113 40 Feb.
1407 3209 53 47 8;
1492 3209 41 39 A
1561 3207 231 49 1061598;
1824 3208 162 41 Amer,
2014 3209 97 40 law
2141 3209 124 40 book
2295 3219 68 31 co.

435 3315 248 64 Dangel,
714 3315 255 55 Edward
1000 3318 79 53 M.

509 3392 175 54 Notes
721 3412 73 34 on
831 3395 119 52 real
989 3400 175 49 estate
1203 3396 234 53 brokers
1476 3397 60 52 in
1574 3396 463 67 Massachusetts,
2076 3396 78 69 by
2191 3396 256 54 Edward

438 3469 79 53 M.
546 3471 245 69 Dangel,
893 3515 9 9 LL.
971 3515 9 10 B.
1049 3474 235 67 Boston,
1314 3475 67 52 E.
1410 3475 90 53 W.
1531 3474 296 68 Hildreth,
1861 3476 152 51 1928.

508 3552 104 47 xiii,
640 3552 87 41 236
754 3564 44 37 p.
857 3553 58 40 22
918 3556 44 21 ᶜᵐ
967 3587 9 9 .

442 3604 52 52 ©
525 3609 110 40 Jan.
664 3610 69 47 24,
763 3610 116 40 1928;
937 3611 68 40 2c.
1037 3613 95 38 and
1164 3612 82 41 aff.
1277 3612 112 41 Jan.
1419 3613 57 39 27;
1536 3612 39 40 A
1606 3611 204 43 1018585;
1870 3613 197 47 Eugene
2098 3614 72 40 W.
2203 3613 246 42 Hildreth.

519 3665 252 49 (28-3723)

439 3760 293 63 Debussy,
766 3761 229 54 Achille
1030 3762 236 64 Claude,
1301 3766 328 51 1862-1918.

511 3839 296 53 Monsieur
845 3838 219 55 Croche
1100 3841 97 53 the
1234 3842 304 53 dilettante
1576 3843 180 60 hater,
1797 3842 153 52 from
1988 3843 96 53 the
2122 3844 224 52 French
2384 3843 66 54 of

442 3915 218 55 Claude
690 3917 277 69 Debussy.
1043 3919 259 69 London,
1333 3920 70 52 N.
1435 3920 259 70 Douglas
1749 3919 153 68 [1927]

508 3997 902 52 viii, 171 p. front. (port.) 19½ᶜᵐ.
