2498 4384
1343 4041 100 54 172

388 415 159 64 Pool,
575 416 311 63 Raymond
917 415 176 64 John,
1126 419 173 50 1882-

462 495 160 52 First
667 513 194 34 course
905 495 61 51 in
1012 495 243 68 botany;
1307 513 73 33 an
1426 495 392 52 introduction
1863 500 60 46 to
1967 494 99 53 the
2112 494 173 68 study
2331 494 64 53 of

390 574 195 67 plants
624 591 59 34 as
721 573 217 52 related
978 577 60 48 to
1076 573 97 52 the
1212 573 397 68 development
1648 572 65 54 of
1751 591 31 33 a
1820 573 338 68 knowledge
2195 572 67 52 of
2298 573 97 52 the

390 652 263 52 universe
688 651 61 52 in
784 650 187 53 which
1006 669 82 34 we
1123 651 115 52 live
1272 651 113 52 and
1421 670 60 34 as
1519 670 31 34 a
1584 651 176 68 phase
1794 650 66 53 of
1890 651 238 52 modern
2163 651 231 67 science,

387 729 1796 70 by Raymond J. Pool … and Arthur T. Evans … with
390 729 2007 147 editorial coöperation of Otis W. Caldwell … Boston, New York
395 892 139 61 [etc.]
569 886 159 55 Ginn
758 887 113 52 and
901 904 281 50 company
1219 888 195 65 [ᶜ1928]

462 968 1429 49 ix, 414 p. incl. front., illus. 2 col. pl. on 1 l. 20 ᶜᵐ .
391 1035 53 52 ©
477 1040 112 40 Jan.
618 1039 69 47 10,
718 1039 142 47 1928;
894 1039 67 40 2c.
993 1040 112 39 Feb.
1136 1040 82 46 11;
1253 1039 82 40 aff.
1369 1039 111 41 Feb.
1513 1041 83 46 13;
1629 1041 40 38 A
1699 1040 230 46 1061668;
1964 1040 56 41 R.
2054 1040 43 40 J.
2128 1040 130 47 Pool,
458 1039 1922 104 Lincoln,
601 1097 130 47 Neb.,
756 1098 95 38 and
873 1097 187 39 Arthur

1082 1097 52 40 T.
1159 1097 178 47 Evans,
1362 1097 286 48 Brookings,
1673 1097 45 41 S.
1741 1099 58 39 D.
1878 1096 252 49 (25-5382)

390 1190 427 64 Presbyterian
844 1190 222 54 church
1094 1191 58 52 in
1177 1190 105 53 the
1307 1191 72 54 U.
1405 1191 59 54 S.
1537 1191 316 68 Synodical
1876 1191 65 68 of
1968 1191 337 54 Oklahoma.

460 1267 324 56 Oklahoma
826 1268 195 67 trails;
1066 1286 33 35 a
1140 1268 226 69 history
1406 1267 66 53 of
1511 1268 97 53 the
1650 1269 159 52 work
1850 1267 65 54 of
1953 1268 99 53 the
2096 1267 197 70 Synod
2335 1268 64 52 of

388 1345 325 56 Oklahoma
753 1345 66 54 of
857 1346 97 53 the
992 1345 410 70 Presbyterian
1441 1345 212 54 church
1693 1346 63 53 in
1792 1346 97 53 the
1928 1345 221 55 United
2192 1344 205 56 States.

386 1423 296 69 Prepared
717 1423 184 54 under
933 1423 97 53 the
1066 1422 282 54 direction
1381 1422 67 54 of
1479 1423 97 53 the
1612 1422 312 71 Synodical
1957 1422 66 54 of
2057 1422 341 69 Oklahoma,

385 1500 2015 71 Mrs. Luther Fountain, president … compiled and edited by
386 1579 140 54 Mrs.
565 1578 69 56 G.
672 1580 65 52 T.
774 1579 179 53 Ralls.
1035 1578 230 68 [Atoka,
1301 1577 186 69 Okla.,
1523 1579 194 53 Atoka
1753 1598 175 50 press]
1972 1580 153 53 1927.

455 1661 943 51 200 p. illus. (incl. ports.) 20½ ᶜᵐ .
384 1727 53 52 ©
461 1734 113 39 Dec.
592 1732 70 47 15,
682 1732 115 41 1927;
848 1733 68 40 2c.
940 1734 96 39 and
1062 1732 81 41 aff.
1164 1733 111 39 Jan.
1296 1732 40 48 3,
1356 1732 142 47 1928;
1523 1733 42 38 A
1587 1732 204 41 1061259;
1842 1733 348 41 Presbyterian
459 1734 1926 96 synodical

560 1790 52 41 of
637 1791 285 46 Oklahoma,
947 1790 247 48 Coalgate,
1220 1790 106 41 Okl.
1390 1789 252 50 (28-5266)

384 1884 382 53 Providence.
844 1884 372 67 Ordinances,
1251 1890 101 47 etc.

460 1965 134 50 1928
625 1962 202 53 official
855 1962 356 53 Providence
1239 1962 268 69 building
1535 1964 47 49 &
1608 1963 211 68 zoning
1848 1963 355 68 ordinances,
384 1964 1993 146 relating

513 2047 60 47 to
598 2040 271 69 building
893 2040 337 69 inspection,
1259 2041 251 52 elevator
1536 2040 114 53 and
1676 2039 103 54 fire
1804 2040 338 68 protection,
2171 2041 115 53 and

387 2059 1986 129 restricting
680 2119 142 52 kind
850 2120 113 51 and
992 2119 113 52 size
1128 2118 65 53 of
1216 2118 297 69 buildings
1539 2119 61 52 in
1625 2119 272 53 districts.
1973 2120 204 52 Rhode
2196 2121 205 52 Island

389 2196 229 70 factory
655 2198 320 67 inspection
1014 2198 155 52 laws.
1248 2196 302 69 Compiled
1587 2198 184 52 under
1805 2198 100 52 the
1940 2198 362 68 supervision
2339 2198 65 53 of

385 2276 98 53 the
524 2276 331 68 inspectors.
931 2276 373 67 Providence,
1345 2276 69 51 R.
1457 2275 68 71 I.,
1564 2275 158 55 John
1761 2276 67 52 F.
1870 2274 221 56 Greene
2132 2292 98 52 co.,
2268 2276 128 69 inc.,

410 2353 152 56 ᶜ1927.

458 2436 890 50 320 p. illus. (incl. ports.) 17½ ᶜᵐ .
390 2504 53 52 ©
469 2510 113 39 Dec.
605 2508 70 48 20,
699 2508 85 40 1928;
866 2509 68 40 2c.
960 2509 111 39 Feb.
1094 2508 56 40 15;
1206 2508 84 41 aff.
1314 2509 111 40 Feb.
1450 2508 56 39 24;
1558 2509 42 39 A
1621 2508 205 41 1018947;
1878 2509 128 39 John
2030 2509 52 41 F.
2109 2509 185 41 Greene
2316 2521 82 37 co.,

459 2566 92 41 inc.

384 2659 225 55 Punch.
726 2703 10 10 v.
768 2660 117 68 174,
912 2678 89 35 no.
1031 2663 154 64 4516,
1214 2660 134 54 Jan.
1377 2662 85 65 25,
1492 2662 150 51 1928.

390 2739 2008 53 © 1c. Mar. 15, 1928; A ad int. 10756; pubd. Jan. 25; Herbert Heather,
462 2801 215 41 London.

386 2895 280 63 Ramsey,
696 2894 166 54 Rolla
893 2895 148 63 Roy,
1074 2893 173 55 1872-

460 2973 1579 69 Experimental radio. 3d ed. By R. R. Ramsey …
388 2973 1988 147 Bloomington,
638 3051 151 67 Ind.,
817 3050 68 53 R.
915 3052 69 51 R.
1015 3051 249 68 Ramsey
1340 3053 152 65 [ᶜ1928]

458 3133 83 48 xii,
571 3133 86 40 229
688 3144 44 37 p.
795 3133 143 48 illus.,
972 3132 181 49 diagrs.
1213 3133 147 41 18½ᶜᵐ.

460 3190 297 40 “Reference
785 3189 177 41 books”
982 3201 10 29 :
1024 3201 44 37 p.
1097 3189 126 42 v-vi.

392 3243 53 52 ©
472 3247 112 41 Feb.
608 3248 41 45 4,
674 3246 141 42 1928;
844 3246 67 41 2c.
937 3247 112 40 Feb.
1074 3247 51 47 8;
1154 3246 83 41 aff.
1263 3247 111 40 Feb.
1399 3247 52 47 6;
1481 3247 40 39 A
1546 3247 230 48 1061612;
1804 3248 57 40 R.
1885 3248 57 40 R.
1965 3247 227 48 Ramsey.

474 3304 253 49 (28-5027)

386 3399 172 62 Rees,
589 3398 236 53 Arthur
854 3397 175 54 John.

458 3477 154 52 Love
642 3495 89 33 me
759 3476 194 53 Anise.
1056 3479 65 49 [14
1150 3476 379 67 instalments]

473 3559 84 48 (In
587 3554 202 44 London
819 3554 356 44 Westminster
1207 3555 229 53 gazette)

395 3611 2005 108 © 1c. each Mar. 13, 1928; A ad int. 10745; pubd. Jan. 13, 14, 16-21, 23-28;
572 3674 54 39 A.
651 3673 43 40 J.
718 3673 138 46 Rees,
883 3673 271 46 Worthing,
1182 3672 195 48 Sussex,
1403 3674 238 46 England.

392 3765 159 62 Rice,
579 3766 237 54 Samuel
846 3767 88 53 W.

464 3843 122 53 The
615 3842 149 53 book
794 3842 66 53 of
891 3843 447 67 reconciliation,
1369 3843 77 69 by
1475 3844 154 52 Rice.
1705 3844 137 52 Rev.
1875 3843 72 52 2d
1981 3843 86 52 ed.

395 3842 1979 147 Youngstown,
597 3919 87 71 O.,
713 3919 139 54 Rice
881 3923 46 50 &
955 3921 300 53 associates
1334 3921 151 67 [ᶜ1927]
