2498 4384
1109 4120 100 54 383

129 526 247 56 Student
405 526 297 53 volunteer
731 527 320 50 movement
1084 521 94 53 for
1211 520 230 70 foreign
1473 519 265 55 missions
1768 520 76 69 by
1876 519 97 54 the
126 518 1995 154 Missionary

387 603 303 54 education
718 605 321 50 movement
1067 600 65 53 of
1161 600 96 53 the
1288 599 219 55 United
1541 597 190 57 States
1762 599 114 53 and
1907 597 238 55 Canada

132 681 194 69 [ ᶜ1 927]
198 759 1772 55 xxi p., 1 l., 170 p . 19½ᶜᵐ. (Christian voices around the world)
132 820 52 52 ©
210 824 119 41 Nov.
356 824 70 41 21,
455 822 140 47 1927;
625 823 67 40 2c.
721 822 95 39 and
845 820 82 42 aff.
956 821 123 40 Mar.
1109 819 39 49 8,
1177 819 142 48 1928;
1349 819 42 39 A
1419 818 231 47 1069170;
1683 818 127 41 John
1840 818 55 41 A.
1925 819 219 46 Murray,

201 882 75 47 jr.,
308 882 118 38 New
457 880 144 41 York.
673 878 252 49 (28-8083)

129 969 1994 138 … China her own interpreter; chapters by a group of nationals
380 1051 388 70 interpreting
809 1051 97 54 the
951 1049 298 56 Christian
1291 1054 339 63 movement,
1675 1048 313 54 assembled
2034 1049 112 53 and

129 1126 2021 74 edited by Milton Stauffer … New York, Pub. for the Student
135 1210 292 52 volunteer
465 1213 321 48 movement
829 1206 95 54 for
965 1207 229 70 foreign
1235 1206 265 54 missions
1540 1205 77 70 by
1658 1206 99 54 the
1797 1205 354 71 Missionary

130 1287 303 53 education
464 1291 320 48 movement
816 1285 65 54 of
913 1286 95 53 the
1041 1285 220 55 United
1297 1284 192 56 States
1523 1284 114 54 and
1672 1283 239 56 Canada
1992 1285 136 53 [ᶜ1927]

267 1365 1680 52 xv p., 1 l., 170 p. 19½ᶜᵐ. (Christian voices around the world)
136 1424 51 51 ©
218 1428 103 40 Oct.
348 1428 71 46 28,
449 1427 140 41 1927:
619 1428 68 39 2c.
717 1428 93 38 and
842 1426 82 41 aff.
956 1428 122 39 Mar.
1108 1426 39 48 8,
1177 1426 142 46 1928;
1352 1426 39 39 A
1424 1426 228 45 1069171;
1685 1425 131 41 John
1845 1426 53 40 A.
1930 1427 219 47 Murray,

204 1485 76 47 jr.,
312 1485 118 40 New
462 1484 145 40 York.
678 1483 253 48 (28-8081)

264 1576 1891 72 … Thinking with Africa; chapters by a group of nationals
134 1657 385 70 interpreting
545 1657 97 53 the
672 1656 298 55 Christian
999 1661 341 63 movement,
1368 1656 314 54 assembled
1711 1656 115 54 and
1857 1656 191 55 edited
2078 1658 76 69 by

131 1734 2025 69 Milton Stauffer … New York, Pub. for the Student volunteer
133 1819 321 49 movement
495 1813 94 53 for
629 1813 230 70 foreign
898 1814 265 53 missions
1203 1814 77 69 by
1319 1814 98 53 the
1455 1813 354 71 Missionary
1850 1814 304 55 education

133 1898 321 47 movement
482 1892 65 53 of
572 1892 97 53 the
697 1892 220 55 United
950 1891 191 56 States
1170 1892 115 54 and
1315 1892 238 55 Canada
1631 1892 154 69 [ᶜ1927]

205 1973 1803 52 xviii p., 1 l., 184 p. 19½ᶜᵐ. (Christian voices around the world)
139 2030 51 51 ©
218 2034 118 40 Nov.
364 2033 70 42 19,
463 2033 141 40 1927:
632 2033 68 40 2c.
729 2034 95 38 and
852 2032 83 41 aff.
965 2033 122 40 Mar.
1116 2032 39 49 8,
1185 2033 142 47 1928;
1359 2033 40 39 A
1428 2034 231 41 1069167;
1690 2035 128 39 John
1849 2035 53 41 A.
1934 2037 169 39 Murra
2112 2048 40 36 v,

205 2091 76 47 jr.,
315 2090 118 40 New
466 2090 143 40 York.
682 2089 253 49 (28-8082)

135 2171 197 61 Stern,
366 2170 224 64 Gladys
621 2170 319 64 Bronwyn.

207 2250 122 53 The
362 2253 152 50 1865.

216 2333 83 47 (In
329 2329 211 43 Woman
573 2328 279 53 magazine,
884 2330 144 51 Mar.,
1064 2329 145 51 1928)

141 2386 52 53 ©
228 2392 66 39 1c.
328 2390 114 49 Apr.
477 2392 68 47 17,
581 2390 140 42 1928:
758 2392 41 38 A
832 2392 60 39 ad
929 2390 86 42 int.
1051 2390 171 42 10909;
1261 2392 142 47 pubd.
1441 2393 111 41 Feb.
1585 2395 83 39 20;
1709 2393 183 48 Gladys
1934 2395 221 41 Beatrice

209 2448 332 42 Holdsworth,
600 2481 8 8 i.
646 2460 38 29 c.
721 2450 116 39 Mrs.
877 2448 225 48 Geoffrey
1141 2449 333 48 Holdsworth,
1519 2450 155 41 Diano
1714 2452 209 42 Marina.
1964 2452 191 48 Ligure,

211 2507 145 47 Italy.

135 2586 283 64 Strahan,
454 2587 134 64 Kay
623 2586 264 56 Cleaver.

209 2665 122 53 The
362 2666 208 53 Desert
603 2666 175 52 Moon
812 2671 272 64 mystery,
1115 2667 76 69 by
1222 2668 137 69 Kay
1392 2668 241 54 Cleaver
1667 2668 269 55 Strahan.
140 2671 1997 126 Garden

283 2744 155 69 City,
469 2744 70 53 N.
574 2745 91 68 Y.,
697 2745 144 53 Pub.
876 2745 95 54 for
1001 2747 96 52 the
1132 2746 193 55 Crime
1357 2747 147 68 club,
1538 2747 125 69 inc.,
1694 2748 74 70 by
1800 2749 360 70 Doubleday,

139 2823 199 53 Doran
369 2825 48 51 &
448 2842 299 51 company,
780 2824 127 69 inc.,
941 2828 152 51 1928.

208 2907 82 48 vii,
311 2908 86 40 314
419 2918 44 38 p.
524 2907 147 42 19½ᶜᵐ.

144 2961 52 52 ©
227 2965 111 40 Feb.
368 2966 71 47 21,
469 2965 117 41 1928;
641 2966 68 39 2c.
740 2967 96 39 and
866 2965 83 42 aff.
980 2967 124 40 Mar.
1135 2966 82 47 10;
1251 2967 41 39 A
1322 2967 231 47 1068426;
1588 2969 301 48 Doubleday,
1923 2971 167 39 Doran
2124 2972 35 39 &

212 3033 81 36 co.,
328 3021 93 42 inc.
492 3022 253 49 (28-7955)

139 3102 359 64 Thompson,
530 3103 222 64 Sylvia.

214 3183 462 68 Estrangement.
759 3184 392 66 [Instalments
1183 3188 51 65 4,
1268 3189 47 63 5]

222 3265 84 48 (In
335 3261 205 44 London
570 3261 204 54 Sunday
806 3263 235 53 express)

147 3317 2012 61 © 1c. each Apr. 25, 1928; A ad int. 10956, 10957; pubd. Apr. l. 8; Little,
215 3380 192 47 Brown,
437 3380 96 39 and
560 3390 250 39 company,
838 3382 200 41 Boston.

143 3459 246 63 Tooker,
423 3460 186 53 Helen
641 3461 71 53 Y.

216 3538 121 53 The
379 3543 175 63 5:35;
597 3559 32 33 a
666 3541 169 52 novel
874 3541 65 53 of
976 3541 291 54 suburban
1306 3543 124 67 life,
1467 3544 76 68 by
1581 3545 188 53 Helen
1811 3547 70 53 Y.
1921 3547 242 54 Tooker.

147 3615 233 55 Garden
414 3617 154 70 City,
599 3618 70 54 N.
702 3619 91 69 Y.,
824 3620 360 70 Doubleday,
1213 3623 201 51 Doran
1444 3624 46 50 &
1520 3641 301 53 company,
1850 3625 127 60 inc.,
2012 3630 151 48 1928.

215 3700 536 48 2 p. l., 332 p. 19½ᶜᵐ.
150 3752 52 52 ©
232 3757 112 41 Feb.
375 3757 69 48 10,
475 3758 117 40 1928;
647 3760 68 39 2c.
745 3761 96 39 and
872 3759 82 43 aff.
986 3762 123 40 Mar.
1141 3761 82 48 15;
1257 3762 41 39 A
1328 3763 231 47 1068407;
1593 3764 301 50 Doubleday,
1928 3767 168 39 Doran
2128 3767 36 41 &

218 3825 82 37 co.,
333 3814 92 42 inc.
499 3816 253 50 (28-7947)

145 3893 248 64 Vachet,
430 3895 222 55 Pierre.

283 3972 1555 79 … L’inquiétude sexuelle. Paris, B. Grasset, 1927.
223 4055 780 60 1 p. l., [7,-238 p., 1 l. 18½ᶜᵐ.
