2498 4384
1119 4100 135 51 1863

170 525 1990 105 82 p. illus. (maps) diagrs. 23½ ᶜᵐ. (University of Southern California. Studies. 2d ser., no. 7)
175 643 51 53 ©
260 647 129 47 Sept.
421 645 68 45 10,
522 645 140 45 1928;
693 645 68 39 2c.
792 645 96 38 and
919 644 83 40 aff.
1035 643 102 40 Oct.
1169 642 54 39 22;
1285 642 40 38 A
1357 641 140 42 1689;
1533 639 283 48 University
1850 639 51 40 of
1936 639 244 40 Southern

242 702 289 42 California.
602 699 280 50 (28-29226)

171 798 121 51 The
321 795 312 53 Humorist.
728 813 49 32 v.
811 796 81 54 13,
921 812 88 33 no.
1039 794 119 55 332,
1186 791 134 52 Dec.
1355 793 81 54 15,
1469 791 149 51 1928.

173 871 2005 56 © 1c. Dec. 19, 1928; A ad int. 12126; pubd. Dec. 8; George Newnes. ltd.,
242 935 213 40 London.

166 1029 195 63 Hund,
397 1027 261 64 August,
695 1027 171 54 1887-

241 1102 845 71 Hochfrequenzmesstechnik,
1175 1102 125 53 ihre
1390 1099 587 55 wissenschaftlichen
2065 1098 120 52 und

172 1177 2011 75 praktischen grundlagen, von dr.-ing. August Hund … 2.
174 1280 172 34 verm.
410 1260 120 52 und
594 1259 151 53 verb.
812 1258 128 53 aufl,
1006 1258 106 52 mit
1175 1258 103 53 287
1341 1256 531 68 textabbildungen.
1967 1255 218 66 Berlin,

173 1340 56 53 J.
264 1338 300 69 Springer,
599 1339 150 50 1928.

242 1418 1204 51 xviii p., 1 l., 526 p. incl. tables, diagrs. 23 ½ ᶜᵐ.
175 1472 1710 55 © May 3. 1928; 1c . Sept. 19; A —Foreign 33; Julius Springer.
254 1534 283 49 (28-29441)

170 1629 254 62 Hunter,
460 1627 134 55 Iris.

253 1707 72 52 In
359 1706 285 69 Toyland,
679 1704 171 70 being
883 1704 97 53 the
1014 1704 114 53 tale
1165 1702 65 55 of
1266 1703 96 53 the
1396 1702 244 69 missing
1675 1702 235 53 wooden
1947 1701 238 54 soldiers

182 1785 113 52 and
326 1784 153 52 their
508 1784 173 52 brave
713 1782 250 68 captain,
993 1780 76 70 by
1101 1781 116 54 Iris
1249 1781 250 67 Hunter,
1532 1780 328 53 illustrated
1893 1779 77 70 by
2003 1778 183 56 Gaba.

182 1861 273 68 Chicago,
482 1861 122 52 The
633 1859 324 55 Children’s
985 1877 175 50 press,
1192 1861 152 50 1928.

256 1941 583 50 [64] p. col. illus. 24 ᶜᵐ.
256 1999 291 40 Illustrated
574 2000 98 46 t.-p.
700 1998 96 39 and
822 1996 352 49 lining-papers
1202 1996 52 40 in
1281 1997 170 40 colors.

179 2052 51 53 ©
260 2056 103 41 Oct.
392 2057 40 46 1,
462 2056 117 41 1928;
634 2056 67 40 2c.
732 2056 118 40 Nov.
881 2054 81 46 16;
995 2054 83 40 aff.
1107 2055 120 39 Nov.
1258 2054 55 40 15;
1373 2054 41 39 A
1444 2053 115 42 1710;
1620 2053 273 41 Children’s
1924 2064 150 38 press.

257 2112 282 50 (28-28942)

174 2207 238 64 Jewett,
442 2208 139 53 Mrs.
614 2206 261 53 Frances
912 2204 271 66 (Gulick)
1224 2210 174 49 1854-

184 2282 2001 149 The next generation; a study in the physiology of inheritance, by Frances Gulick Jewett … Boston, New York [etc.]
183 2440 816 69 Ginn and company [ ᶜ1 928]
254 2521 893 50 xi, [1], 235 p. illus., diagrs. 19½ ᶜᵐ.
259 2580 68 38 “A
362 2578 185 49 partial
585 2578 85 41 list
709 2578 52 40 of
797 2579 149 39 books
986 2579 118 39 used
1142 2578 52 39 in
1234 2579 82 40 the
1355 2578 317 49 preparation
1710 2578 52 40 of
1800 2578 100 40 this
1939 2579 222 41 volume”:

186 2646 42 37 p.
257 2635 219 41 229-230.

183 2689 52 52 ©
268 2694 127 47 Sept.
428 2693 68 46 19,
528 2692 140 46 1928;
701 2693 68 40 2c.
799 2693 118 40 Nov.
948 2693 53 45 2;
1035 2691 82 43 aff.
1149 2693 120 39 Nov.
1301 2693 24 38 1;
1387 2693 41 39 A
1458 2693 115 40 1428;
1634 2693 52 41 F.
1719 2693 53 40 G.
1805 2693 192 41 Jewett,
249 2694 1923 97 Honolulu.

430 2745 70 54 [©
532 2749 213 40 revision
774 2749 52 41 of
856 2752 119 46 text]
1047 2749 283 49 (28-29356)

179 2843 227 65 Kessel,
448 2843 240 65 Joseph,
734 2848 171 50 1898-

249 2922 236 53 Princes
520 2921 65 53 of
616 2922 96 52 the
747 2922 188 68 night,
967 2922 75 69 by
1076 2922 221 68 Joseph
1330 2922 219 66 Kessel,
1583 2922 319 54 translated
1936 2924 76 68 by
2046 2922 150 56 Jack

179 3000 1738 68 Kahane. New York, The Macaulay company [ ᶜ1 928]
249 3082 275 48 288 p. 19½ ᶜᵐ.
185 3135 52 52 ©
265 3140 119 39 Nov.
410 3139 71 46 19,
508 3139 116 39 1928;
679 3140 67 39 2c.
774 3139 95 39 and
898 3138 82 41 aff.
1008 3139 119 41 Nov.
1156 3139 54 39 21;
1270 3139 41 39 A
1337 3139 85 40 701;
1481 3140 226 40 Macaulay
1772 3151 67 28 co.

264 3195 283 49 (28-28964)

182 3274 261 64 Kipling,
482 3275 302 63 Rudyard.

253 3353 121 52 The
415 3353 251 68 Kipling
704 3353 214 53 reader,
995 3353 91 53 bk.
1129 3357 46 49 2.
1258 3352 302 68 Compiled
1604 3354 112 52 and
1758 3354 241 52 selected
2041 3353 156 53 from

183 3431 95 52 the
301 3431 186 52 works
512 3431 63 52 of
598 3431 281 68 Rudyard
903 3431 253 69 Kipling
1179 3430 95 54 for
1298 3432 204 68 grades
1529 3434 47 64 6,
1599 3431 50 57 7,
1672 3434 47 49 &
1742 3436 45 49 8.
1849 3432 140 52 New
2016 3431 181 67 York,

181 3509 1096 69 D. Appleton and company [ ᶜ1 928]
255 3590 961 50 6 p. l., 3-196 p. front., plates. 19½ ᶜᵐ.
189 3643 53 53 ©
273 3649 120 39 Nov.
427 3649 38 46 7,
497 3647 114 41 1928;
672 3648 68 40 2c.
774 3648 119 41 Nov.
925 3647 57 40 10;
1044 3647 82 43 aff.
1159 3649 121 40 Nov.
1312 3650 52 38 21;
1433 3649 41 39 A
1508 3648 85 40 842;
1657 3648 55 40 R.
1748 3648 214 48 Kipling,
2000 3648 195 44 Sussex,

258 3704 238 49 England.

186 3782 361 65 Kuczynski,
577 3783 226 53 Robert
833 3783 179 65 René,
1048 3784 171 55 1876-

256 3861 121 52 The
403 3861 236 53 balance
667 3861 65 53 of
757 3861 186 54 births
973 3863 114 52 and
1116 3863 203 52 deaths.
1401 3881 51 33 v.
1487 3866 44 48 1.
1561 3862 264 54 Western
1855 3864 115 52 and
186 3863 1985 129 northern

314 3938 247 69 Europe.
629 3940 91 69 By
748 3940 217 53 Robert
993 3940 67 53 R.
1091 3940 352 69 Kuczynski.
1510 3940 138 54 New
1681 3940 180 68 York,
1891 3941 122 53 The
184 3940 1989 129 Macmillan
417 4035 299 51 company,
748 4021 151 50 1928.
