2498 4384
1314 4054 134 50 1468

381 467 1984 145 Miller … Boston, New York [etc.] D. C. Heath and company [ ᶜ1 928]
454 627 1481 52 xvii, [1], 690, lx p. illus. (incl. ports., maps) 20 ½ᶜᵐ .
453 699 139 48 Maps
622 709 61 29 on
710 697 366 51 lining-papers.

455 756 186 48 “Study
670 755 166 50 helps”
868 758 53 38 at
951 757 81 39 the
1061 757 92 39 end
1184 756 52 40 of
1267 758 125 38 most
1424 756 51 40 of
1504 757 82 39 the
1617 757 241 50 chapters.

389 823 53 52 ©
475 827 121 49 Aug.
628 828 68 48 11,
731 827 116 41 1928;
908 829 67 39 2c.
1010 829 97 39 and
1140 828 83 42 aff.
1258 828 120 48 Aug.
1413 829 82 47 27;
1532 828 43 40 A
1606 828 202 42 1054713;
1873 830 59 42 D.
1967 830 49 41 C.
2051 831 166 39 Heath
2253 835 34 40 &
2322 842 67 30 co.

461 880 1665 55 [© books I and II consolidated in single volume] (28-22830)
386 1008 253 64 Cherau,
673 1008 245 65 Gaston,
953 1008 172 55 1872-

518 1086 1301 69 … L’ombre du maître. Paris, Plon [1928]
452 1169 508 49 4 p. l., 283 p. 19ᶜᵐ.
389 1235 1788 54 © May 20, 1928; 1c. June 26; A—Foreign 39320; Librairie Plon.
468 1296 280 49 (28-22611)

383 1421 332 64 Cleveland,
753 1421 222 54 Eunice
1010 1421 340 64 Jeannette,
1388 1424 84 53 ed.

463 1500 422 67 [Introduction
922 1501 113 52 and
1073 1501 278 68 glossary,
1386 1501 77 69 by
1499 1501 219 52 Eunice
1754 1502 55 63 J.
1850 1500 313 55 Cleveland
2200 1502 61 52 in
2297 1503 96 52 the

384 1577 2009 70 book entitled] Kenilworth, by Sir Walter Scott, bart. … New
385 1657 182 68 York,
598 1658 121 52 The
751 1657 337 53 Macmillan
1121 1675 282 49 company
1442 1660 172 64 [1928]

454 1740 99 47 xix,
589 1740 71 49 [1],
692 1740 87 39 550
808 1751 43 36 p.
883 1739 110 41 incl.
1026 1739 163 48 front.,
1223 1739 130 40 illus.
1382 1738 159 50 (map)
1583 1741 171 46 plates.
1816 1740 146 41 18½ᶜᵐ.
2034 1741 126 49 (The
2193 1742 197 39 modern

384 1796 214 41 readers’
628 1796 177 48 series)

388 1850 53 52 ©
471 1853 102 41 Oct.
600 1854 40 47 2,
669 1853 142 47 1928;
840 1853 69 40 2c.
937 1854 95 39 and
1060 1852 83 42 aff.
1173 1853 104 41 Oct.
1303 1854 26 39 3;
1388 1852 41 40 A
1457 1853 230 48 1053656;
1720 1853 282 40 Macmillan
2033 1865 68 30 co.

386 1976 218 64 Cohen,
635 1976 133 63 Lily
798 1975 232 65 Young.

451 2055 140 52 Lost
619 2054 316 67 spirituals,
964 2053 77 68 by
1072 2054 134 68 Lily
1238 2056 213 68 Young
1484 2054 213 68 Cohen,
1727 2055 141 52 with
1901 2055 302 70 thirty-six
381 2056 1988 129 illustrations
654 2133 77 67 by
758 2133 265 52 Kenneth
1056 2132 74 52 K.
1160 2132 257 55 Pointer,
1447 2132 111 53 and
1594 2131 292 70 forty-one
1915 2133 186 68 plates
2129 2133 65 53 of
381 2135 1985 128 musical
515 2210 406 69 compositions
968 2229 60 34 as
1074 2211 302 67 composed
1421 2211 76 68 by
1542 2229 237 51 negroes
1827 2212 111 51 and
1987 2219 84 46 set
2119 2212 167 52 down
2333 2212 59 52 in

379 2289 181 53 music
592 2290 76 68 by
698 2289 95 53 the
828 2290 222 51 author.
1127 2289 140 52 New
1300 2288 182 64 York,
1512 2289 90 53 W.
1637 2289 194 66 Neale,
1865 2292 151 49 1928.

452 2371 101 43 xix.
581 2372 174 40 21-143
783 2382 44 38 p.
886 2372 166 47 front.,
1079 2372 145 47 illus.,
1254 2372 173 48 plates.
1487 2370 117 42 25ᶜᵐ.

454 2430 235 41 Contains
716 2429 167 40 music.

456 2486 1937 48 “This book … is intended to … embrace the soul of the negro as
382 2545 155 40 found
572 2544 50 40 in
659 2544 64 40 its
758 2544 195 48 highest
989 2542 298 49 expression,
1323 2542 51 40 in
1409 2542 78 40 his
1524 2542 133 49 daily
1695 2553 231 30 converse
1961 2544 96 39 and
2093 2543 209 40 folklore
2340 2553 54 30 as

384 2599 2010 49 well as in his melodies and in his lyrics … The Charleston negro is
382 2661 82 39 the
493 2659 190 48 subject
714 2658 52 40 of
796 2657 99 41 this
923 2656 486 42 volume.”—Introd.

389 2713 1783 52 © Sept. 27, 1928; 2c. and aff. Oct. 1; A 1054774; Walter Neale.
466 2773 282 49 (28-22829)

385 2881 266 65 Cordeal,
692 2882 239 54 Ernest.

457 2961 224 52 Railway
754 2960 143 67 shop
931 2958 445 53 adminstration
1404 2957 32 67 [!]
1480 2977 11 46 ;
1530 2977 27 33 a
1595 2958 277 68 practical
1905 2957 263 69 training
2201 2975 194 35 course

388 3039 94 53 for
511 3058 129 33 men
671 3037 322 69 occupying
1024 3036 281 68 positions
1336 3055 59 34 as
1427 3035 241 69 railway
1701 3034 255 54 foremen
1990 3035 114 52 and
2140 3034 95 53 for
2264 3053 129 35 men

386 3118 61 52 in
484 3118 97 52 the
619 3117 173 53 ranks
831 3116 127 52 who
998 3115 189 68 aspire
1226 3120 59 47 to
1325 3114 110 53 rise
1475 3119 58 48 to
1574 3114 368 68 supervisory
1980 3113 298 68 positions,
2316 3112 77 70 by

386 3191 2006 70 Ernest Cordeal … v. 2. Chicago, Railway training institute
390 3276 193 65 [ ᶜ1 928]
454 3357 89 39 412
571 3367 44 37 p.
674 3356 131 39 illus.
864 3355 148 41 22½ᶜᵐ.

456 3413 264 40 Published
751 3413 103 38 also
885 3422 53 29 as
969 3414 112 45 part
1110 3410 52 41 of
1190 3411 83 40 the
1305 3410 224 47 Railway
1559 3410 201 48 library.

389 3467 52 51 ©
478 3470 111 39 Feb.
625 3470 39 46 1,
701 3468 141 47 1928;
880 3469 68 40 2c.
985 3468 102 41 Oct.
1122 3468 52 47 9;
1214 3466 82 42 aff.
1334 3467 102 40 Oct.
1474 3467 52 47 8;
1564 3467 42 39 A
1640 3466 230 46 1054881;
1911 3466 226 47 Railway
2174 3465 219 48 training

457 3525 241 41 institute.

382 3634 141 63 Cox,
562 3633 156 52 Erle.

455 3710 121 56 Out
599 3709 65 55 of
688 3711 98 52 the
809 3710 222 66 silence,
1058 3729 31 33 a
1115 3710 185 65 novel,
1323 3709 76 68 by
1425 3709 139 52 Erie
1588 3708 137 55 Cox.
1802 3708 138 53 New
1966 3707 183 67 York,
2174 3708 119 52 Rae
2320 3707 72 53 D.

382 3788 729 68 Henkle co., inc. [ ᶜ1 928]
453 3872 88 41 310
559 3883 44 37 p.
663 3871 146 40 19½ᶜᵐ.

390 3939 53 53 ©
477 3943 102 40 Oct.
610 3943 40 48 3,
682 3942 141 48 1928;
856 3942 68 41 2c.
958 3941 102 42 Oct.
1091 3942 54 48 3;
1179 3941 83 41 aff.
1296 3941 102 40 Oct.
1430 3942 54 46 4;
1519 3940 40 39 A
1592 3939 229 48 1053730;
1857 3940 102 39 Rae
1992 3939 57 41 D.
2083 3938 192 41 Henkle
2307 3948 82 39 co.,

456 4000 92 42 inc.
618 4000 282 49 (28-22777)
