2498 4384
1287 4056 135 50 1640

345 407 221 65 Purdy,
606 406 247 56 Charles
1210 449 14 13 Mcmorris.

422 498 1931 70 The red branch, by Charles Mcmorris Purdy. New York,
352 577 70 53 R.
449 577 81 53 M.
558 577 279 53 McBride
865 579 46 50 &
939 595 301 51 company,
1273 579 151 51 1928.

422 671 371 49 335 p. 19½ ᶜᵐ .
353 740 52 52 ©
436 744 102 40 Oct.
567 743 40 48 5,
635 742 117 40 1928
768 753 9 36 ;
806 743 68 40 2c.
905 742 102 41 Oct.
1035 743 84 47 24;
1150 742 84 41 aff.
1264 743 103 40 Oct.
1393 742 85 48 22;
1509 743 43 39 A
1579 743 142 47 1224;
1753 743 182 40 Robert
1966 744 64 40 M.
2061 743 228 40 McBride
2319 743 37 39 &

421 812 68 29 co.
560 800 281 49 (28-24476)

344 894 162 65 Pyle,
548 895 354 55 Katharine.

420 987 123 53 The
582 993 385 62 counterpane
1007 986 175 69 fairy,
1222 988 231 52 written
1495 988 114 53 and
1650 988 328 53 illustrated
2017 988 77 69 by
351 988 1982 130 Katharine

501 1065 1590 69 Pyle. New York, E. P. Dutton & co., inc. [ ᶜ192 8]
418 1163 28 38 4
479 1172 44 37 p.
592 1193 9 17 l.,
636 1161 143 40 7-191
815 1172 43 37 p.
918 1161 165 48 front.,
1118 1162 145 47 illus.,
1299 1162 172 47 plates.
1531 1161 148 44 19½ᶜᵐ.

353 1229 52 52 ©
437 1232 130 49 Sept.
594 1231 69 49 15,
691 1232 142 47 1928;
862 1232 69 40 2c.
960 1232 102 40 Oct.
1089 1234 52 45 1;
1172 1232 84 41 aff.
1285 1232 102 41 Oct.
1416 1232 53 48 9;
1499 1233 43 39 A
1567 1233 112 47 183;
1711 1234 53 40 E.
1793 1234 51 39 P.
1873 1234 191 39 Dutton
2092 1233 36 40 &
2154 1244 81 37 co.,
2266 1234 91 41 inc.

425 1285 69 55 [©
527 1288 346 50 illustrations]
946 1288 283 51 (28-24406)

348 1384 226 64 Rauch,
610 1384 156 53 John
805 1384 246 64 George,
1091 1389 173 49 1890-

416 1464 57 52 A
512 1463 412 69 bibliography
964 1462 65 53 of
1068 1464 97 51 the
1203 1464 141 52 laws
1384 1462 64 54 of
1486 1464 269 67 Indiana,
1798 1464 330 69 1788-1927,
345 1465 1993 145 beginning

529 1542 141 52 with
710 1542 97 52 the
846 1541 331 53 Northwest
1219 1542 319 67 Territory,
1577 1542 77 69 by
1695 1542 158 54 John
1895 1542 69 55 G.
2007 1542 202 54 Rauch
2250 1543 114 53 and

345 1620 189 53 Nellie
569 1619 62 55 C.
664 1619 367 69 Armstrong.
1106 1619 422 68 Indianapolis,
1562 1620 321 53 Historical
1916 1620 216 53 bureau
2167 1620 65 53 of
2267 1621 97 52 the

346 1697 252 58 Indiana
632 1697 222 69 library
891 1698 112 52 and
1039 1697 299 53 historical
1373 1698 382 68 department,
1792 1701 149 50 1928.

419 1793 1943 49 xxxix, 77 p. 23 ᶜᵐ . (Half-title: Indiana historical collections, vol.
443 1850 14 49 XVI)

418 1922 255 48 Arranged
701 1920 426 49 chronologically.

422 1980 135 40 “List
588 1979 53 40 of
669 1978 288 41 authorized
988 1979 96 39 and
1117 1977 192 49 private
1340 1976 240 41 revisions
1610 1976 52 42 of
1693 1978 81 39 the
1805 1976 179 41 laws”:
2017 1989 45 38 p.
2093 1976 160 42 75-77.

356 2047 52 52 ©
445 2051 129 48 Sept.
604 2051 70 47 28,
707 2050 141 40 1928:
883 2049 68 40 2c.
983 2050 96 38 and
1110 2048 83 40 aff.
1227 2048 104 40 Oct.
1361 2048 54 47 4;
1451 2047 42 39 A
1524 2047 112 47 120;
1671 2047 272 41 Historical
1974 2048 188 39 bureau
2196 2047 51 41 of
2279 2048 82 40 the

424 2108 210 39 Indiana
668 2107 187 47 library
890 2107 97 39 and
1021 2104 256 41 historical
1312 2106 323 46 department.
1709 2103 281 50 (28-24247)

350 2204 321 61 Reasoner,
709 2201 217 53 Norris
960 2200 201 54 Jacob.

421 2281 84 52 Be
544 2298 132 49 one;
721 2298 32 34 a
792 2278 200 69 loving
1031 2278 209 68 appeal
1281 2277 154 53 from
1473 2296 105 34 one
1618 2278 127 52 who
1783 2278 155 53 loves
1975 2278 98 53 the
2109 2278 158 53 Lord
2304 2283 59 48 to

349 2377 171 51 every
552 2358 164 54 other
750 2376 105 36 one
886 2356 127 54 who
1047 2357 155 53 loves
1238 2355 94 55 the
1364 2356 175 68 Lord,
1572 2355 129 54 that
1734 2356 485 54 denominational
2259 2357 106 55 ties

348 2457 135 51 may
510 2438 69 53 be
607 2439 111 51 lost
748 2437 61 52 in
838 2436 97 53 the
964 2436 191 68 larger
1187 2434 330 69 fellowship
1546 2434 66 53 of
1641 2433 199 56 Christ
1869 2435 151 69 only.

350 2436 2015 146 By Norris Jacob Reasoner … Salem, Ore., N. D. Elliott, printer
374 2595 134 69 [pub.
539 2595 76 69 by
646 2593 97 54 the
774 2593 255 52 Henotes
1060 2608 301 51 company]
1402 2593 150 50 1928.

419 2691 373 49 407 p. 23½ ᶜᵐ .
358 2761 52 52 ©
443 2765 103 40 Oct.
576 2763 40 47 2,
647 2761 142 47 1928;
820 2761 69 39 2c.
920 2760 103 40 Oct.
1055 2759 52 47 8;
1141 2758 84 42 aff.
1257 2758 102 40 Oct.
1390 2757 83 47 22;
1507 2758 43 39 A
1579 2757 112 48 145;
1725 2759 56 40 N.
1814 2759 44 39 J.
1890 2759 262 48 Reasoner,
2188 2760 174 42 Salem.

428 2822 80 40 Or.
578 2817 282 53 (28-24387)

352 2916 247 61 Reeves,
639 2912 247 56 Charles
925 2910 295 65 Everand,
1262 2914 172 50 1889-

492 2988 1874 70 … School building management; the operation and care of
356 3066 1811 72 school plants, by Charles Everand Reeves … and Harry
357 3067 2008 151 Stanley Ganders … New York city, Teachers college, Columbia
356 3226 338 69 university,
729 3227 151 51 1928.

428 3323 90 41 xiii
556 3334 58 37 p.,
652 3322 25 39 1
751 3352 9 17 l.,
797 3320 86 41 395
921 3331 44 37 p.
1001 3319 112 42 incl.
1151 3320 144 47 illus.,
1337 3319 169 48 tables,
1544 3319 170 49 forms,
1754 3319 154 49 diagr.
1976 3321 174 47 plates.
2217 3320 147 42 23½ᶜᵐ.

366 3380 199 47 (School
599 3377 404 42 administration
1036 3375 176 49 series)

428 3449 378 49 Bibliography:
846 3459 43 37 p.
926 3447 219 41 375-379.

361 3519 53 52 ©
442 3522 103 40 Oct.
572 3521 39 47 6,
638 3520 117 40 1928
771 3531 9 35 ;
809 3520 68 40 2c.
905 3519 103 40 Oct.
1035 3520 82 45 11;
1147 3517 83 41 aff.
1260 3518 103 40 Oct.
1390 3519 82 46 17;
1503 3519 41 38 A
1571 3518 82 48 78;
1683 3519 242 39 Teachers
1954 3519 193 47 college,

429 3519 1918 99 Columbia
539 3577 132 41 univ.
741 3575 281 50 (28-24351)

348 3670 277 64 Refardt,
665 3671 220 63 Edgar,
928 3671 171 54 1877-

426 3747 828 69 Historisch-biographisches
1287 3747 485 54 musikerlexikon
1809 3749 100 52 der
1948 3747 272 66 Schweiz,
2256 3765 109 35 von

359 3825 2006 70 Edgar Refardt … Leipzig-Zürich, Gebrüder Hug & co.,
357 3907 153 51 1928.

493 4033 8 16 xv,
533 4002 86 40 355
648 4014 44 37 p.
751 4002 148 41 25½ᶜᵐ.
