<alto xmlns="http://www.loc.gov/standards/alto/ns-v3#" xmlns:xlink="http://www.w3.org/1999/xlink" xmlns:xsi="http://www.w3.org/2001/XMLSchema-instance" xsi:schemaLocation="http://www.loc.gov/standards/alto/ns-v3# http://www.loc.gov/alto/v3/alto-3-0.xsd"><Description>
<MeasurementUnit>pixel</MeasurementUnit>
<sourceImageInformation>
<fileName>1928_v25_part001.pdf</fileName>
</sourceImageInformation>
<OCRProcessing ID="IdOcr">
<ocrProcessingStep>
<processingDateTime>2019-04-12</processingDateTime>
<processingSoftware>
<softwareCreator>ABBYY</softwareCreator>
<softwareName>ABBYY Recognition Server</softwareName>
<softwareVersion>4.0</softwareVersion>
</processingSoftware>
</ocrProcessingStep>
</OCRProcessing>
</Description>
<Styles>
<ParagraphStyle ID="StyleId-FFFFFFFF-FFFF-FFFF-FFFF-FFFFFFFFFFFF-" ALIGN="Left" LEFT="0." RIGHT="0." FIRSTLINE="0."/>
<ParagraphStyle ID="StyleId-0ECAC0CE-E1F0-4C69-A1B9-95E16886343B-" ALIGN="Left" LEFT="0." RIGHT="0." FIRSTLINE="0." LINESPACE="8.300000191"/>
<ParagraphStyle ID="StyleId-5C6F7A30-EC6F-4250-A8D3-0AE106DCDB5D-" ALIGN="Left" LEFT="0." RIGHT="0." FIRSTLINE="-13." LINESPACE="11.22999954"/>
<ParagraphStyle ID="StyleId-B258737E-7AF8-4B71-A0BF-0A1420B951F9-" ALIGN="Left" LEFT="0." RIGHT="0." FIRSTLINE="-13." LINESPACE="8.210000038"/>
<ParagraphStyle ID="StyleId-35C0EFA5-E89E-4731-B16E-5D3895F12270-" ALIGN="Block" LEFT="0." RIGHT="0." FIRSTLINE="-12." LINESPACE="11.22999954"/>
<ParagraphStyle ID="StyleId-7BD1F9B4-14BB-4AAF-864B-FED8FEA7DC43-" ALIGN="Left" LEFT="0." RIGHT="0." FIRSTLINE="0."/>
<ParagraphStyle ID="StyleId-CD2DA0E5-536D-42AE-AE16-8D9F5C008D5A-" ALIGN="Block" LEFT="0." RIGHT="0." FIRSTLINE="-12." LINESPACE="10."/>
<ParagraphStyle ID="StyleId-AF408F88-EED5-4CE2-A229-3F852C18D9BD-" ALIGN="Block" LEFT="0." RIGHT="0." FIRSTLINE="-14." LINESPACE="10."/>
<ParagraphStyle ID="StyleId-829CD741-943D-4B7B-9638-57AB73DE2567-" ALIGN="Center" LEFT="0." RIGHT="0." FIRSTLINE="0." LINESPACE="9.399999619"/>
<ParagraphStyle ID="StyleId-B271BDFA-6037-4875-BA99-885A067668E9-" ALIGN="Left" LEFT="0." RIGHT="0." FIRSTLINE="-14." LINESPACE="11.21000004"/>
<ParagraphStyle ID="StyleId-64F9C1D8-EA12-4F65-AD18-B72A4C6B556F-" ALIGN="Center" LEFT="0." RIGHT="0." FIRSTLINE="0." LINESPACE="11.60000038"/>
<ParagraphStyle ID="StyleId-44DA2756-E57B-4EF3-9BA4-FC1C14776DE3-" ALIGN="Left" LEFT="0." RIGHT="0." FIRSTLINE="-12." LINESPACE="12.19999981"/>
<ParagraphStyle ID="StyleId-D1D9AF19-8CA6-4F74-9AEC-1B4545205AD7-" ALIGN="Center" LEFT="0." RIGHT="0." FIRSTLINE="0." LINESPACE="11.60000038"/>
<ParagraphStyle ID="StyleId-3ADA1556-6D19-417D-8046-68449BF368BA-" ALIGN="Left" LEFT="0." RIGHT="0." FIRSTLINE="-13." LINESPACE="12.19999981"/>
<ParagraphStyle ID="StyleId-7443A930-B325-44B5-9AB8-B42B4EC78C89-" ALIGN="Block" LEFT="0." RIGHT="0." FIRSTLINE="13." LINESPACE="8.619999886"/>
<ParagraphStyle ID="StyleId-C9A9E480-E448-4934-9AF8-3D252792E396-" ALIGN="Left" LEFT="0." RIGHT="0." FIRSTLINE="-12." LINESPACE="11.38000011"/>
<ParagraphStyle ID="StyleId-73039842-464C-49B9-9440-4C0D0E749DFE-" ALIGN="Center" LEFT="0." RIGHT="0." FIRSTLINE="0." LINESPACE="11.10000038"/>
<ParagraphStyle ID="StyleId-C51F6AC2-80DA-4C65-849C-6E2D5F548EA4-" ALIGN="Left" LEFT="0." RIGHT="0." FIRSTLINE="0." LINESPACE="7.699999809"/>
<ParagraphStyle ID="StyleId-494190D9-BDDC-4834-A745-6AF520F91CD0-" ALIGN="Block" LEFT="0." RIGHT="0." FIRSTLINE="-12." LINESPACE="11.22999954"/>
<ParagraphStyle ID="StyleId-68D39D31-3386-4B28-8C90-DA9420961D78-" ALIGN="Left" LEFT="0." RIGHT="0." FIRSTLINE="0." LINESPACE="11.60000038"/>
<ParagraphStyle ID="StyleId-DF0CE7C7-E73E-44FE-8867-C904BD7F3F42-" ALIGN="Block" LEFT="0." RIGHT="0." FIRSTLINE="0." LINESPACE="12.19999981"/>
</Styles>
<Layout>
<Page ID="Page225" PHYSICAL_IMG_NR="225" HEIGHT="4384" WIDTH="2498">
<TopMargin HEIGHT="406" WIDTH="2498" VPOS="0" HPOS="0">
</TopMargin>
<LeftMargin HEIGHT="3648" WIDTH="114" VPOS="406" HPOS="0">
</LeftMargin>
<RightMargin HEIGHT="3648" WIDTH="283" VPOS="406" HPOS="2215">
</RightMargin>
<BottomMargin HEIGHT="330" WIDTH="2498" VPOS="4054" HPOS="0">
<TextBlock ID="Page225_Block1" HEIGHT="108" WIDTH="299" VPOS="4073" HPOS="1050" LANG="en-US" STYLEREFS="StyleId-5E59B33A-5A6F-4990-9950-C1DD50DA215A-">
<TextLine HEIGHT="50" WIDTH="102" VPOS="4093" HPOS="1078">
<String CONTENT="225" HEIGHT="50" WIDTH="102" VPOS="4093" HPOS="1078"/>
</TextLine>
</TextBlock>
</BottomMargin>
<PrintSpace HEIGHT="3648" WIDTH="2101" VPOS="406" HPOS="114">
<TextBlock ID="Page225_Block2" HEIGHT="3648" WIDTH="2101" VPOS="406" HPOS="114" LANG="en-US" CS="1" STYLEREFS="StyleId-42B00328-8E69-4B45-AFC5-6A2AB480E98A-">
<TextLine HEIGHT="65" WIDTH="1304" VPOS="416" HPOS="162" STYLEREFS="StyleId-1EBE7251-7240-49E5-8A75-52E9483436AC-" LANG="de">
<String CONTENT="Alexander," HEIGHT="63" WIDTH="353" VPOS="416" HPOS="162"/>
<SP HEIGHT="62" WIDTH="32" VPOS="417" HPOS="516"/>
<String CONTENT="Magnus" HEIGHT="63" WIDTH="261" VPOS="417" HPOS="549"/>
<SP HEIGHT="53" WIDTH="29" VPOS="418" HPOS="811"/>
<String CONTENT="Washington," HEIGHT="65" WIDTH="418" VPOS="416" HPOS="841"/>
<SP HEIGHT="60" WIDTH="33" VPOS="420" HPOS="1260"/>
<String CONTENT="1870-" HEIGHT="54" WIDTH="172" VPOS="416" HPOS="1294"/>
</TextLine>
<TextLine HEIGHT="72" WIDTH="1947" VPOS="495" HPOS="227" STYLEREFS="StyleId-1EBE7251-7240-49E5-8A75-52E9483436AC-" CS="1">
<String LANG="de" CONTENT="American" HEIGHT="53" WIDTH="310" VPOS="495" HPOS="227"/>
<SP HEIGHT="52" WIDTH="40" VPOS="496" HPOS="538"/>
<String CONTENT="industry" HEIGHT="69" WIDTH="268" VPOS="496" HPOS="579"/>
<SP HEIGHT="50" WIDTH="41" VPOS="515" HPOS="848"/>
<String CONTENT="at" HEIGHT="47" WIDTH="58" VPOS="501" HPOS="890"/>
<SP HEIGHT="47" WIDTH="40" VPOS="501" HPOS="949"/>
<String CONTENT="a" HEIGHT="33" WIDTH="31" VPOS="515" HPOS="990"/>
<SP HEIGHT="47" WIDTH="42" VPOS="501" HPOS="1022"/>
<String CONTENT="turning" HEIGHT="69" WIDTH="242" VPOS="496" HPOS="1065"/>
<SP HEIGHT="52" WIDTH="42" VPOS="513" HPOS="1308"/>
<String CONTENT="point" HEIGHT="68" WIDTH="166" VPOS="496" HPOS="1351"/>
<SP HEIGHT="47" WIDTH="46" VPOS="502" HPOS="1518"/>
<String CS="1" CONTENT="&#8230;"/>
<SP HEIGHT="52" WIDTH="48" VPOS="498" HPOS="1622"/>
<String CONTENT="by" HEIGHT="68" WIDTH="76" VPOS="498" HPOS="1671"/>
<SP HEIGHT="69" WIDTH="40" VPOS="497" HPOS="1748"/>
<String CONTENT="Magnus" HEIGHT="70" WIDTH="252" VPOS="497" HPOS="1789"/>
<SP HEIGHT="55" WIDTH="39" VPOS="498" HPOS="2042"/>
<String CONTENT="W." HEIGHT="55" WIDTH="92" VPOS="498" HPOS="2082"/>
</TextLine>
<TextLine HEIGHT="67" WIDTH="2017" VPOS="574" HPOS="157" STYLEREFS="StyleId-1EBE7251-7240-49E5-8A75-52E9483436AC-" CS="1">
<String CONTENT="Alexander" HEIGHT="53" WIDTH="332" VPOS="574" HPOS="157"/>
<SP HEIGHT="32" WIDTH="59" VPOS="594" HPOS="490"/>
<String CS="1" CONTENT="&#8230;"/>
<SP HEIGHT="53" WIDTH="96" VPOS="574" HPOS="606"/>
<String CONTENT="New" HEIGHT="54" WIDTH="140" VPOS="574" HPOS="703"/>
<SP HEIGHT="52" WIDTH="54" VPOS="575" HPOS="844"/>
<String CONTENT="York," HEIGHT="67" WIDTH="182" VPOS="574" HPOS="899"/>
<SP HEIGHT="67" WIDTH="53" VPOS="574" HPOS="1082"/>
<String CONTENT="National" HEIGHT="53" WIDTH="282" VPOS="574" HPOS="1136"/>
<SP HEIGHT="52" WIDTH="52" VPOS="575" HPOS="1419"/>
<String CONTENT="industrial" HEIGHT="53" WIDTH="312" VPOS="575" HPOS="1472"/>
<SP HEIGHT="54" WIDTH="52" VPOS="575" HPOS="1785"/>
<String CONTENT="conference" HEIGHT="56" WIDTH="336" VPOS="575" HPOS="1838"/>
</TextLine>
<TextLine HEIGHT="69" WIDTH="558" VPOS="651" HPOS="156" STYLEREFS="StyleId-1EBE7251-7240-49E5-8A75-52E9483436AC-" CS="1">
<String CONTENT="board," HEIGHT="68" WIDTH="195" VPOS="651" HPOS="156"/>
<SP HEIGHT="66" WIDTH="25" VPOS="653" HPOS="352"/>
<String CONTENT="inc." HEIGHT="52" WIDTH="109" VPOS="653" HPOS="378"/>
<SP HEIGHT="33" WIDTH="32" VPOS="687" HPOS="488"/>
<String CS="1" CONTENT="[&#7580;1927]" HEIGHT="68" WIDTH="152" VPOS="652" HPOS="562"/>
</TextLine>
<TextLine HEIGHT="50" WIDTH="1948" VPOS="733" HPOS="224" CS="1">
<String CONTENT="2" HEIGHT="40" WIDTH="27" VPOS="733" HPOS="224"/>
<SP HEIGHT="49" WIDTH="38" VPOS="733" HPOS="252"/>
<String CONTENT="p." HEIGHT="37" WIDTH="44" VPOS="745" HPOS="291"/>
<SP/>
<String CS="1" CONTENT="l.,"/>
<SP HEIGHT="47" WIDTH="37" VPOS="735" HPOS="421"/>
<String CONTENT="47" HEIGHT="40" WIDTH="59" VPOS="735" HPOS="459"/>
<SP HEIGHT="47" WIDTH="38" VPOS="736" HPOS="519"/>
<String CONTENT="p." HEIGHT="37" WIDTH="43" VPOS="746" HPOS="558"/>
<SP HEIGHT="39" WIDTH="59" VPOS="736" HPOS="602"/>
<String CONTENT="diagr." HEIGHT="48" WIDTH="155" VPOS="735" HPOS="662"/>
<SP HEIGHT="41" WIDTH="58" VPOS="735" HPOS="818"/>
<String CONTENT="23" HEIGHT="40" WIDTH="57" VPOS="735" HPOS="877"/>
<String STYLE="superscript" CONTENT="&#7580;&#7504;" HEIGHT="21" WIDTH="43" VPOS="737" HPOS="937"/>
<String CONTENT="." HEIGHT="9" WIDTH="8" VPOS="767" HPOS="987"/>
<SP HEIGHT="47" WIDTH="69" VPOS="735" HPOS="996"/>
<String CONTENT="(National" HEIGHT="47" WIDTH="260" VPOS="735" HPOS="1066"/>
<SP HEIGHT="40" WIDTH="38" VPOS="735" HPOS="1327"/>
<String CONTENT="industrial" HEIGHT="41" WIDTH="268" VPOS="735" HPOS="1366"/>
<SP HEIGHT="39" WIDTH="40" VPOS="737" HPOS="1635"/>
<String CONTENT="conference" HEIGHT="42" WIDTH="287" VPOS="736" HPOS="1676"/>
<SP HEIGHT="39" WIDTH="42" VPOS="739" HPOS="1964"/>
<String CONTENT="board." HEIGHT="41" WIDTH="165" VPOS="739" HPOS="2007"/>
</TextLine>
<TextLine HEIGHT="51" WIDTH="758" VPOS="790" HPOS="154">
<String CONTENT="Annual" HEIGHT="42" WIDTH="194" VPOS="790" HPOS="154"/>
<SP HEIGHT="39" WIDTH="25" VPOS="792" HPOS="349"/>
<String CONTENT="report." HEIGHT="47" WIDTH="179" VPOS="794" HPOS="375"/>
<SP HEIGHT="41" WIDTH="59" VPOS="793" HPOS="555"/>
<String CONTENT="11th," HEIGHT="48" WIDTH="128" VPOS="793" HPOS="615"/>
<SP HEIGHT="48" WIDTH="26" VPOS="793" HPOS="744"/>
<String CONTENT="1927)" HEIGHT="49" WIDTH="141" VPOS="792" HPOS="771"/>
</TextLine>
<TextLine HEIGHT="52" WIDTH="2020" VPOS="861" HPOS="149">
<String CONTENT="&#169;" HEIGHT="52" WIDTH="52" VPOS="861" HPOS="149"/>
<SP HEIGHT="52" WIDTH="34" VPOS="861" HPOS="202"/>
<String CONTENT="Feb." HEIGHT="41" WIDTH="112" VPOS="864" HPOS="237"/>
<SP HEIGHT="39" WIDTH="29" VPOS="866" HPOS="350"/>
<String CONTENT="16," HEIGHT="40" WIDTH="70" VPOS="865" HPOS="380"/>
<SP HEIGHT="38" WIDTH="32" VPOS="867" HPOS="451"/>
<String CONTENT="1928;" HEIGHT="40" WIDTH="141" VPOS="865" HPOS="484"/>
<SP HEIGHT="39" WIDTH="33" VPOS="866" HPOS="626"/>
<String CONTENT="2c." HEIGHT="39" WIDTH="67" VPOS="866" HPOS="660"/>
<SP HEIGHT="39" WIDTH="34" VPOS="866" HPOS="728"/>
<String CONTENT="Feb." HEIGHT="39" WIDTH="111" VPOS="866" HPOS="763"/>
<SP HEIGHT="41" WIDTH="29" VPOS="864" HPOS="875"/>
<String CONTENT="24:" HEIGHT="41" WIDTH="83" VPOS="864" HPOS="905"/>
<SP HEIGHT="29" WIDTH="33" VPOS="876" HPOS="989"/>
<String CONTENT="aff." HEIGHT="40" WIDTH="82" VPOS="865" HPOS="1023"/>
<SP HEIGHT="39" WIDTH="31" VPOS="866" HPOS="1106"/>
<String CONTENT="Feb." HEIGHT="39" WIDTH="113" VPOS="866" HPOS="1138"/>
<SP HEIGHT="39" WIDTH="32" VPOS="866" HPOS="1252"/>
<String CONTENT="23:" HEIGHT="41" WIDTH="82" VPOS="866" HPOS="1285"/>
<SP HEIGHT="40" WIDTH="31" VPOS="867" HPOS="1368"/>
<!-- cceid 172BC1E7-6CB2-1014-A20E-B9D6251C946A --><String CONTENT="A" HEIGHT="38" WIDTH="41" VPOS="867" HPOS="1400"/>
<SP HEIGHT="38" WIDTH="29" VPOS="867" HPOS="1442"/>
<String CONTENT="1018937;" HEIGHT="44" WIDTH="231" VPOS="865" HPOS="1472"/>
<SP HEIGHT="41" WIDTH="33" VPOS="868" HPOS="1704"/>
<String CONTENT="Natl," HEIGHT="40" WIDTH="132" VPOS="868" HPOS="1738"/>
<SP HEIGHT="39" WIDTH="30" VPOS="869" HPOS="1871"/>
<String CONTENT="industrial" HEIGHT="40" WIDTH="267" VPOS="869" HPOS="1902"/>
</TextLine>
<TextLine HEIGHT="47" WIDTH="916" VPOS="922" HPOS="219">
<String CONTENT="conference" HEIGHT="41" WIDTH="288" VPOS="922" HPOS="219"/>
<SP HEIGHT="38" WIDTH="24" VPOS="924" HPOS="508"/>
<String CONTENT="board," HEIGHT="45" WIDTH="165" VPOS="924" HPOS="533"/>
<SP HEIGHT="46" WIDTH="26" VPOS="923" HPOS="699"/>
<String CONTENT="inc." HEIGHT="40" WIDTH="91" VPOS="923" HPOS="726"/>
<SP HEIGHT="47" WIDTH="64" VPOS="922" HPOS="818"/>
<String CONTENT="(28-6196)" HEIGHT="47" WIDTH="252" VPOS="922" HPOS="883"/>
</TextLine>
<TextLine HEIGHT="62" WIDTH="539" VPOS="1032" HPOS="146" STYLEREFS="StyleId-265FFE52-6184-4A59-8D35-B43034F6ACF5-">
<String CONTENT="Allen," HEIGHT="62" WIDTH="189" VPOS="1032" HPOS="146"/>
<SP HEIGHT="62" WIDTH="31" VPOS="1032" HPOS="336"/>
<String CONTENT="J." HEIGHT="53" WIDTH="53" VPOS="1032" HPOS="368"/>
<SP HEIGHT="52" WIDTH="31" VPOS="1034" HPOS="422"/>
<String CONTENT="Worth." HEIGHT="54" WIDTH="231" VPOS="1032" HPOS="454"/>
</TextLine>
<TextLine HEIGHT="72" WIDTH="1947" VPOS="1110" HPOS="217" STYLEREFS="StyleId-1EBE7251-7240-49E5-8A75-52E9483436AC-">
<String CONTENT="The" HEIGHT="52" WIDTH="121" VPOS="1112" HPOS="217"/>
<SP HEIGHT="34" WIDTH="37" VPOS="1130" HPOS="339"/>
<String CONTENT="orchestra" HEIGHT="52" WIDTH="288" VPOS="1112" HPOS="377"/>
<SP HEIGHT="51" WIDTH="37" VPOS="1112" HPOS="666"/>
<String CONTENT="director's" HEIGHT="52" WIDTH="297" VPOS="1111" HPOS="704"/>
<SP HEIGHT="33" WIDTH="32" VPOS="1130" HPOS="1002"/>
<String CONTENT="manual:" HEIGHT="52" WIDTH="263" VPOS="1112" HPOS="1035"/>
<SP HEIGHT="48" WIDTH="39" VPOS="1130" HPOS="1299"/>
<String CONTENT="practical" HEIGHT="68" WIDTH="278" VPOS="1110" HPOS="1339"/>
<SP HEIGHT="53" WIDTH="33" VPOS="1113" HPOS="1618"/>
<String CONTENT="suggestions" HEIGHT="69" WIDTH="361" VPOS="1113" HPOS="1652"/>
<SP HEIGHT="34" WIDTH="35" VPOS="1133" HPOS="2014"/>
<String CONTENT="and" HEIGHT="52" WIDTH="114" VPOS="1115" HPOS="2050"/>
</TextLine>
<TextLine HEIGHT="71" WIDTH="2020" VPOS="1189" HPOS="144" STYLEREFS="StyleId-1EBE7251-7240-49E5-8A75-52E9483436AC-">
<String CONTENT="useful" HEIGHT="53" WIDTH="191" VPOS="1190" HPOS="144"/>
<SP HEIGHT="51" WIDTH="30" VPOS="1191" HPOS="336"/>
<String CONTENT="information" HEIGHT="52" WIDTH="381" VPOS="1190" HPOS="367"/>
<SP HEIGHT="52" WIDTH="32" VPOS="1189" HPOS="749"/>
<String CONTENT="for" HEIGHT="52" WIDTH="93" VPOS="1189" HPOS="782"/>
<SP HEIGHT="33" WIDTH="30" VPOS="1209" HPOS="876"/>
<String CONTENT="orchestra" HEIGHT="52" WIDTH="288" VPOS="1190" HPOS="907"/>
<SP HEIGHT="52" WIDTH="31" VPOS="1191" HPOS="1196"/>
<String CONTENT="directors," HEIGHT="55" WIDTH="295" VPOS="1190" HPOS="1228"/>
<SP HEIGHT="54" WIDTH="29" VPOS="1191" HPOS="1524"/>
<String CONTENT="by" HEIGHT="69" WIDTH="75" VPOS="1191" HPOS="1554"/>
<SP HEIGHT="69" WIDTH="30" VPOS="1191" HPOS="1630"/>
<String CONTENT="J." HEIGHT="54" WIDTH="55" VPOS="1191" HPOS="1661"/>
<SP HEIGHT="52" WIDTH="28" VPOS="1192" HPOS="1717"/>
<String CONTENT="Worth" HEIGHT="53" WIDTH="211" VPOS="1192" HPOS="1746"/>
<SP HEIGHT="53" WIDTH="29" VPOS="1192" HPOS="1958"/>
<String CONTENT="Allen" HEIGHT="54" WIDTH="176" VPOS="1193" HPOS="1988"/>
</TextLine>
<TextLine HEIGHT="71" WIDTH="1684" VPOS="1267" HPOS="206" STYLEREFS="StyleId-1EBE7251-7240-49E5-8A75-52E9483436AC-" CS="1">
<String CS="1" CONTENT="&#8230;"/>
<SP HEIGHT="52" WIDTH="79" VPOS="1269" HPOS="206"/>
<String CONTENT="New" HEIGHT="53" WIDTH="141" VPOS="1269" HPOS="286"/>
<SP HEIGHT="51" WIDTH="30" VPOS="1270" HPOS="428"/>
<String CONTENT="York," HEIGHT="55" WIDTH="179" VPOS="1269" HPOS="459"/>
<SP HEIGHT="54" WIDTH="30" VPOS="1270" HPOS="639"/>
<String CONTENT="Boston" HEIGHT="51" WIDTH="217" VPOS="1270" HPOS="670"/>
<SP HEIGHT="48" WIDTH="33" VPOS="1287" HPOS="888"/>
<String CONTENT="[etc.]" HEIGHT="61" WIDTH="139" VPOS="1274" HPOS="922"/>
<SP HEIGHT="68" WIDTH="36" VPOS="1267" HPOS="1062"/>
<String CONTENT="Carl" HEIGHT="55" WIDTH="138" VPOS="1267" HPOS="1099"/>
<SP HEIGHT="51" WIDTH="28" VPOS="1270" HPOS="1238"/>
<String CONTENT="Fischer," HEIGHT="66" WIDTH="254" VPOS="1270" HPOS="1267"/>
<SP HEIGHT="67" WIDTH="29" VPOS="1269" HPOS="1522"/>
<String CONTENT="inc." HEIGHT="53" WIDTH="108" VPOS="1269" HPOS="1552"/>
<SP HEIGHT="33" WIDTH="35" VPOS="1304" HPOS="1661"/>
<String CONTENT="[" HEIGHT="33" WIDTH="12" VPOS="1304" HPOS="1697"/>
<String STYLE="superscript" CONTENT="c" HEIGHT="21" WIDTH="17" VPOS="1276" HPOS="1714"/>
<String CONTENT="1927]" HEIGHT="67" WIDTH="152" VPOS="1271" HPOS="1738"/>
</TextLine>
<TextLine HEIGHT="49" WIDTH="382" VPOS="1352" HPOS="213" STYLEREFS="StyleId-1EBE7251-7240-49E5-8A75-52E9483436AC-" CS="1">
<String CONTENT="iv," HEIGHT="46" WIDTH="61" VPOS="1353" HPOS="213"/>
<SP HEIGHT="45" WIDTH="21" VPOS="1354" HPOS="275"/>
<String CONTENT="59" HEIGHT="40" WIDTH="58" VPOS="1353" HPOS="297"/>
<SP HEIGHT="48" WIDTH="17" VPOS="1353" HPOS="356"/>
<String CONTENT="p." HEIGHT="36" WIDTH="43" VPOS="1365" HPOS="374"/>
<SP HEIGHT="41" WIDTH="59" VPOS="1352" HPOS="418"/>
<String CS="1" CONTENT="20&#7580;&#7504;." HEIGHT="41" WIDTH="117" VPOS="1352" HPOS="478"/>
</TextLine>
<TextLine HEIGHT="52" WIDTH="2021" VPOS="1421" HPOS="144">
<String CONTENT="&#169;" HEIGHT="52" WIDTH="52" VPOS="1421" HPOS="144"/>
<SP HEIGHT="52" WIDTH="24" VPOS="1421" HPOS="197"/>
<String CONTENT="Nov." HEIGHT="40" WIDTH="119" VPOS="1425" HPOS="222"/>
<SP HEIGHT="40" WIDTH="23" VPOS="1425" HPOS="342"/>
<String CONTENT="30," HEIGHT="41" WIDTH="71" VPOS="1424" HPOS="366"/>
<SP HEIGHT="39" WIDTH="23" VPOS="1426" HPOS="438"/>
<String CONTENT="1927:" HEIGHT="40" WIDTH="140" VPOS="1424" HPOS="462"/>
<SP HEIGHT="40" WIDTH="28" VPOS="1424" HPOS="603"/>
<String CONTENT="2c." HEIGHT="41" WIDTH="67" VPOS="1424" HPOS="632"/>
<SP HEIGHT="29" WIDTH="23" VPOS="1435" HPOS="700"/>
<String CONTENT="and" HEIGHT="39" WIDTH="94" VPOS="1425" HPOS="724"/>
<SP HEIGHT="39" WIDTH="24" VPOS="1425" HPOS="819"/>
<String CONTENT="aff." HEIGHT="40" WIDTH="83" VPOS="1424" HPOS="844"/>
<SP HEIGHT="39" WIDTH="23" VPOS="1425" HPOS="928"/>
<String CONTENT="Mar." HEIGHT="39" WIDTH="122" VPOS="1425" HPOS="952"/>
<SP HEIGHT="39" WIDTH="26" VPOS="1425" HPOS="1075"/>
<String CONTENT="16," HEIGHT="38" WIDTH="68" VPOS="1425" HPOS="1102"/>
<SP HEIGHT="38" WIDTH="27" VPOS="1425" HPOS="1171"/>
<String CONTENT="1928" HEIGHT="39" WIDTH="113" VPOS="1425" HPOS="1199"/>
<SP HEIGHT="37" WIDTH="18" VPOS="1427" HPOS="1313"/>
<String STYLE="subscript" CONTENT=";" HEIGHT="28" WIDTH="8" VPOS="1436" HPOS="1332"/>
<SP HEIGHT="39" WIDTH="25" VPOS="1425" HPOS="1341"/>
<!-- cceid 172C7DDF-6CB2-1014-A20E-B9D6251C946A --><String CONTENT="A" HEIGHT="38" WIDTH="40" VPOS="1425" HPOS="1367"/>
<SP HEIGHT="38" WIDTH="22" VPOS="1425" HPOS="1408"/>
<String CONTENT="1068364" HEIGHT="41" WIDTH="205" VPOS="1424" HPOS="1431"/>
<SP HEIGHT="38" WIDTH="17" VPOS="1426" HPOS="1637"/>
<String CONTENT=":" HEIGHT="28" WIDTH="7" VPOS="1436" HPOS="1655"/>
<SP HEIGHT="39" WIDTH="27" VPOS="1426" HPOS="1663"/>
<String CONTENT="Carl" HEIGHT="39" WIDTH="115" VPOS="1426" HPOS="1691"/>
<SP HEIGHT="38" WIDTH="24" VPOS="1426" HPOS="1807"/>
<String CONTENT="Fischer," HEIGHT="42" WIDTH="215" VPOS="1426" HPOS="1832"/>
<SP HEIGHT="42" WIDTH="25" VPOS="1426" HPOS="2048"/>
<String CONTENT="inc." HEIGHT="41" WIDTH="91" VPOS="1426" HPOS="2074"/>
</TextLine>
<TextLine HEIGHT="66" WIDTH="1533" VPOS="1533" HPOS="142" STYLEREFS="StyleId-265FFE52-6184-4A59-8D35-B43034F6ACF5-">
<String CONTENT="American" HEIGHT="53" WIDTH="320" VPOS="1535" HPOS="142"/>
<SP HEIGHT="47" WIDTH="32" VPOS="1552" HPOS="463"/>
<String CONTENT="geographical" HEIGHT="65" WIDTH="421" VPOS="1534" HPOS="496"/>
<SP HEIGHT="52" WIDTH="33" VPOS="1535" HPOS="918"/>
<String CONTENT="society" HEIGHT="65" WIDTH="229" VPOS="1533" HPOS="952"/>
<SP HEIGHT="47" WIDTH="31" VPOS="1551" HPOS="1182"/>
<String CONTENT="of" HEIGHT="53" WIDTH="65" VPOS="1534" HPOS="1214"/>
<SP HEIGHT="53" WIDTH="31" VPOS="1534" HPOS="1280"/>
<String CONTENT="New" HEIGHT="52" WIDTH="147" VPOS="1535" HPOS="1312"/>
<SP HEIGHT="54" WIDTH="30" VPOS="1534" HPOS="1460"/>
<String CONTENT="York." HEIGHT="54" WIDTH="184" VPOS="1534" HPOS="1491"/>
</TextLine>
<TextLine HEIGHT="74" WIDTH="1886" VPOS="1612" HPOS="279" STYLEREFS="StyleId-1EBE7251-7240-49E5-8A75-52E9483436AC-" CS="1">
<String CS="1" CONTENT="&#8230;"/>
<SP HEIGHT="51" WIDTH="33" VPOS="1616" HPOS="279"/>
<String CONTENT="Problems" HEIGHT="53" WIDTH="299" VPOS="1614" HPOS="313"/>
<SP HEIGHT="35" WIDTH="28" VPOS="1632" HPOS="613"/>
<String CONTENT="of" HEIGHT="53" WIDTH="65" VPOS="1613" HPOS="642"/>
<SP HEIGHT="69" WIDTH="26" VPOS="1613" HPOS="708"/>
<String CONTENT="polar" HEIGHT="67" WIDTH="167" VPOS="1615" HPOS="735"/>
<SP HEIGHT="34" WIDTH="27" VPOS="1632" HPOS="903"/>
<String CONTENT="research;" HEIGHT="67" WIDTH="287" VPOS="1613" HPOS="931"/>
<SP HEIGHT="49" WIDTH="32" VPOS="1631" HPOS="1219"/>
<String CONTENT="a" HEIGHT="33" WIDTH="30" VPOS="1633" HPOS="1252"/>
<SP HEIGHT="33" WIDTH="30" VPOS="1633" HPOS="1283"/>
<String CONTENT="series" HEIGHT="55" WIDTH="171" VPOS="1612" HPOS="1314"/>
<SP HEIGHT="34" WIDTH="29" VPOS="1633" HPOS="1486"/>
<String CONTENT="of" HEIGHT="55" WIDTH="65" VPOS="1612" HPOS="1516"/>
<SP HEIGHT="70" WIDTH="28" VPOS="1612" HPOS="1582"/>
<String CONTENT="papers" HEIGHT="50" WIDTH="211" VPOS="1632" HPOS="1611"/>
<SP HEIGHT="53" WIDTH="24" VPOS="1615" HPOS="1823"/>
<String CONTENT="by" HEIGHT="69" WIDTH="76" VPOS="1615" HPOS="1848"/>
<SP HEIGHT="64" WIDTH="27" VPOS="1620" HPOS="1925"/>
<String CONTENT="thirty-" HEIGHT="72" WIDTH="212" VPOS="1614" HPOS="1953"/>
</TextLine>
<TextLine HEIGHT="72" WIDTH="2022" VPOS="1692" HPOS="140" STYLEREFS="StyleId-1EBE7251-7240-49E5-8A75-52E9483436AC-">
<String CONTENT="one" HEIGHT="34" WIDTH="104" VPOS="1712" HPOS="140"/>
<SP HEIGHT="35" WIDTH="50" VPOS="1712" HPOS="245"/>
<String CONTENT="authors." HEIGHT="53" WIDTH="252" VPOS="1694" HPOS="296"/>
<SP HEIGHT="53" WIDTH="76" VPOS="1693" HPOS="549"/>
<String CONTENT="New" HEIGHT="53" WIDTH="139" VPOS="1693" HPOS="626"/>
<SP HEIGHT="52" WIDTH="51" VPOS="1693" HPOS="766"/>
<String CONTENT="York," HEIGHT="68" WIDTH="182" VPOS="1692" HPOS="818"/>
<SP HEIGHT="68" WIDTH="66" VPOS="1692" HPOS="1001"/>
<String CONTENT="American" HEIGHT="53" WIDTH="311" VPOS="1692" HPOS="1068"/>
<SP HEIGHT="52" WIDTH="68" VPOS="1710" HPOS="1380"/>
<String CONTENT="geographical" HEIGHT="70" WIDTH="412" VPOS="1692" HPOS="1449"/>
<SP HEIGHT="54" WIDTH="67" VPOS="1693" HPOS="1862"/>
<String CONTENT="society," HEIGHT="70" WIDTH="232" VPOS="1694" HPOS="1930"/>
</TextLine>
<TextLine HEIGHT="50" WIDTH="150" VPOS="1775" HPOS="142" STYLEREFS="StyleId-1EBE7251-7240-49E5-8A75-52E9483436AC-">
<String CONTENT="1928." HEIGHT="50" WIDTH="150" VPOS="1775" HPOS="142"/>
</TextLine>
<TextLine HEIGHT="50" WIDTH="1950" VPOS="1854" HPOS="211" CS="1">
<String CONTENT="2" HEIGHT="39" WIDTH="27" VPOS="1856" HPOS="211"/>
<SP HEIGHT="48" WIDTH="33" VPOS="1856" HPOS="239"/>
<String CONTENT="p." HEIGHT="37" WIDTH="43" VPOS="1867" HPOS="273"/>
<SP/>
<String CS="1" CONTENT="l.,"/>
<SP HEIGHT="30" WIDTH="38" VPOS="1874" HPOS="397"/>
<String CONTENT="[iii]-iv" HEIGHT="49" WIDTH="169" VPOS="1855" HPOS="436"/>
<SP HEIGHT="37" WIDTH="33" VPOS="1866" HPOS="606"/>
<String CONTENT="p.," HEIGHT="37" WIDTH="59" VPOS="1866" HPOS="640"/>
<SP HEIGHT="46" WIDTH="33" VPOS="1856" HPOS="700"/>
<String CONTENT="2" HEIGHT="38" WIDTH="27" VPOS="1856" HPOS="734"/>
<SP/>
<String CS="1" CONTENT="l.,"/>
<SP HEIGHT="47" WIDTH="33" VPOS="1855" HPOS="842"/>
<String CONTENT="3-479" HEIGHT="41" WIDTH="146" VPOS="1854" HPOS="876"/>
<SP HEIGHT="49" WIDTH="33" VPOS="1854" HPOS="1023"/>
<String CONTENT="p." HEIGHT="38" WIDTH="43" VPOS="1865" HPOS="1057"/>
<SP HEIGHT="41" WIDTH="73" VPOS="1854" HPOS="1101"/>
<String CONTENT="illus.," HEIGHT="48" WIDTH="147" VPOS="1854" HPOS="1175"/>
<SP HEIGHT="36" WIDTH="33" VPOS="1866" HPOS="1323"/>
<String CONTENT="maps" HEIGHT="37" WIDTH="139" VPOS="1865" HPOS="1357"/>
<SP HEIGHT="47" WIDTH="26" VPOS="1855" HPOS="1497"/>
<String CONTENT="(1" HEIGHT="47" WIDTH="50" VPOS="1855" HPOS="1524"/>
<SP HEIGHT="39" WIDTH="33" VPOS="1855" HPOS="1575"/>
<String CONTENT="fold.)" HEIGHT="48" WIDTH="146" VPOS="1854" HPOS="1609"/>
<SP HEIGHT="48" WIDTH="43" VPOS="1854" HPOS="1756"/>
<String CONTENT="diagrs." HEIGHT="48" WIDTH="182" VPOS="1855" HPOS="1800"/>
<SP HEIGHT="39" WIDTH="58" VPOS="1858" HPOS="1983"/>
<String CONTENT="26" HEIGHT="40" WIDTH="58" VPOS="1857" HPOS="2042"/>
<String STYLE="superscript" CONTENT="&#7580;&#7504;" HEIGHT="21" WIDTH="44" VPOS="1860" HPOS="2103"/>
<String CONTENT="." HEIGHT="9" WIDTH="8" VPOS="1890" HPOS="2153"/>
</TextLine>
<TextLine HEIGHT="49" WIDTH="2012" VPOS="1912" HPOS="150">
<String CONTENT="(American" HEIGHT="49" WIDTH="284" VPOS="1912" HPOS="150"/>
<SP HEIGHT="37" WIDTH="25" VPOS="1924" HPOS="435"/>
<String CONTENT="geographical" HEIGHT="49" WIDTH="344" VPOS="1912" HPOS="461"/>
<SP HEIGHT="39" WIDTH="29" VPOS="1914" HPOS="806"/>
<String CONTENT="society." HEIGHT="48" WIDTH="197" VPOS="1912" HPOS="836"/>
<SP HEIGHT="41" WIDTH="62" VPOS="1912" HPOS="1034"/>
<String CONTENT="Special" HEIGHT="48" WIDTH="192" VPOS="1912" HPOS="1097"/>
<SP HEIGHT="48" WIDTH="27" VPOS="1913" HPOS="1290"/>
<String CONTENT="publication" HEIGHT="49" WIDTH="303" VPOS="1912" HPOS="1318"/>
<SP HEIGHT="29" WIDTH="26" VPOS="1924" HPOS="1622"/>
<String CONTENT="no." HEIGHT="29" WIDTH="77" VPOS="1924" HPOS="1649"/>
<SP HEIGHT="40" WIDTH="25" VPOS="1914" HPOS="1727"/>
<String CONTENT="7," HEIGHT="47" WIDTH="40" VPOS="1914" HPOS="1753"/>
<SP HEIGHT="36" WIDTH="26" VPOS="1925" HPOS="1794"/>
<String CONTENT="ed." HEIGHT="40" WIDTH="73" VPOS="1914" HPOS="1821"/>
<SP HEIGHT="40" WIDTH="24" VPOS="1914" HPOS="1895"/>
<String CONTENT="by" HEIGHT="47" WIDTH="62" VPOS="1914" HPOS="1920"/>
<SP HEIGHT="47" WIDTH="24" VPOS="1914" HPOS="1983"/>
<String LANG="la" CONTENT="W." HEIGHT="41" WIDTH="75" VPOS="1914" HPOS="2008"/>
<SP HEIGHT="40" WIDTH="25" VPOS="1915" HPOS="2084"/>
<String CONTENT="L." HEIGHT="41" WIDTH="52" VPOS="1915" HPOS="2110"/>
</TextLine>
<TextLine HEIGHT="49" WIDTH="257" VPOS="1971" HPOS="141">
<String CONTENT="G." HEIGHT="41" WIDTH="52" VPOS="1972" HPOS="141"/>
<SP HEIGHT="41" WIDTH="32" VPOS="1972" HPOS="194"/>
<String CONTENT="Joerg)" HEIGHT="49" WIDTH="171" VPOS="1971" HPOS="227"/>
</TextLine>
<TextLine HEIGHT="52" WIDTH="1949" VPOS="2041" HPOS="211" CS="1">
<String CONTENT="&#8220;A" HEIGHT="39" WIDTH="69" VPOS="2045" HPOS="211"/>
<SP HEIGHT="39" WIDTH="32" VPOS="2045" HPOS="281"/>
<String CONTENT="brief" HEIGHT="40" WIDTH="129" VPOS="2044" HPOS="314"/>
<SP HEIGHT="39" WIDTH="31" VPOS="2044" HPOS="444"/>
<String CONTENT="biographical" HEIGHT="49" WIDTH="335" VPOS="2042" HPOS="476"/>
<SP HEIGHT="37" WIDTH="32" VPOS="2044" HPOS="812"/>
<String CONTENT="notice" HEIGHT="41" WIDTH="159" VPOS="2041" HPOS="845"/>
<SP HEIGHT="29" WIDTH="33" VPOS="2053" HPOS="1005"/>
<String CONTENT="of" HEIGHT="40" WIDTH="53" VPOS="2042" HPOS="1039"/>
<SP HEIGHT="39" WIDTH="30" VPOS="2042" HPOS="1093"/>
<String CONTENT="each" HEIGHT="40" WIDTH="120" VPOS="2042" HPOS="1124"/>
<SP HEIGHT="40" WIDTH="35" VPOS="2042" HPOS="1245"/>
<String CONTENT="contributor" HEIGHT="41" WIDTH="307" VPOS="2041" HPOS="1281"/>
<SP HEIGHT="31" WIDTH="31" VPOS="2051" HPOS="1589"/>
<String CONTENT="appears" HEIGHT="39" WIDTH="210" VPOS="2052" HPOS="1621"/>
<SP HEIGHT="31" WIDTH="38" VPOS="2052" HPOS="1832"/>
<String CS="1" CONTENT="&#8230;"/>
<SP HEIGHT="31" WIDTH="39" VPOS="2062" HPOS="1918"/>
<String CONTENT="[at]" HEIGHT="48" WIDTH="81" VPOS="2045" HPOS="1958"/>
<SP HEIGHT="47" WIDTH="37" VPOS="2046" HPOS="2040"/>
<String CONTENT="the" HEIGHT="38" WIDTH="82" VPOS="2046" HPOS="2078"/>
</TextLine>
<TextLine HEIGHT="51" WIDTH="669" VPOS="2100" HPOS="138">
<String CONTENT="beginning" HEIGHT="49" WIDTH="261" VPOS="2102" HPOS="138"/>
<SP HEIGHT="38" WIDTH="28" VPOS="2112" HPOS="400"/>
<String CONTENT="of" HEIGHT="40" WIDTH="52" VPOS="2102" HPOS="429"/>
<SP HEIGHT="39" WIDTH="25" VPOS="2102" HPOS="482"/>
<String CONTENT="his" HEIGHT="40" WIDTH="77" VPOS="2101" HPOS="508"/>
<SP HEIGHT="37" WIDTH="27" VPOS="2112" HPOS="586"/>
<String CONTENT="paper.&#8221;" HEIGHT="49" WIDTH="193" VPOS="2100" HPOS="614"/>
</TextLine>
<TextLine HEIGHT="51" WIDTH="1380" VPOS="2156" HPOS="211">
<String CONTENT="&#8220;References" HEIGHT="41" WIDTH="323" VPOS="2160" HPOS="211"/>
<SP HEIGHT="29" WIDTH="29" VPOS="2170" HPOS="535"/>
<String CONTENT="on" HEIGHT="29" WIDTH="60" VPOS="2170" HPOS="565"/>
<SP HEIGHT="29" WIDTH="33" VPOS="2170" HPOS="626"/>
<String CONTENT="sea" HEIGHT="30" WIDTH="82" VPOS="2169" HPOS="660"/>
<SP HEIGHT="40" WIDTH="31" VPOS="2159" HPOS="743"/>
<String CONTENT="ice" HEIGHT="40" WIDTH="71" VPOS="2159" HPOS="775"/>
<SP HEIGHT="38" WIDTH="33" VPOS="2161" HPOS="847"/>
<String CONTENT="terminology&#8221;:" HEIGHT="50" WIDTH="380" VPOS="2156" HPOS="881"/>
<SP HEIGHT="39" WIDTH="32" VPOS="2168" HPOS="1262"/>
<String CONTENT="p." HEIGHT="39" WIDTH="44" VPOS="2168" HPOS="1295"/>
<SP HEIGHT="41" WIDTH="30" VPOS="2158" HPOS="1340"/>
<String CONTENT="121-123." HEIGHT="42" WIDTH="220" VPOS="2157" HPOS="1371"/>
</TextLine>
<TextLine HEIGHT="109" WIDTH="2005" VPOS="2229" HPOS="136" CS="1">
<String CONTENT="&#169;" HEIGHT="52" WIDTH="52" VPOS="2229" HPOS="136"/>
<SP HEIGHT="52" WIDTH="35" VPOS="2229" HPOS="189"/>
<String CONTENT="Feb." HEIGHT="40" WIDTH="111" VPOS="2233" HPOS="225"/>
<SP HEIGHT="40" WIDTH="34" VPOS="2233" HPOS="337"/>
<String CONTENT="10," HEIGHT="46" WIDTH="70" VPOS="2232" HPOS="372"/>
<SP HEIGHT="45" WIDTH="34" VPOS="2233" HPOS="443"/>
<String CONTENT="1928:" HEIGHT="41" WIDTH="142" VPOS="2231" HPOS="478"/>
<SP HEIGHT="41" WIDTH="37" VPOS="2231" HPOS="621"/>
<String CONTENT="2c." HEIGHT="40" WIDTH="68" VPOS="2231" HPOS="659"/>
<SP HEIGHT="40" WIDTH="35" VPOS="2231" HPOS="728"/>
<String CONTENT="Feb." HEIGHT="41" WIDTH="112" VPOS="2230" HPOS="764"/>
<SP HEIGHT="40" WIDTH="33" VPOS="2231" HPOS="877"/>
<String CONTENT="20:" HEIGHT="41" WIDTH="82" VPOS="2230" HPOS="911"/>
<SP HEIGHT="31" WIDTH="36" VPOS="2240" HPOS="994"/>
<String CONTENT="aff." HEIGHT="39" WIDTH="83" VPOS="2230" HPOS="1031"/>
<SP HEIGHT="39" WIDTH="34" VPOS="2230" HPOS="1115"/>
<String CONTENT="Feb." HEIGHT="39" WIDTH="113" VPOS="2230" HPOS="1150"/>
<SP HEIGHT="39" WIDTH="33" VPOS="2230" HPOS="1264"/>
<String CONTENT="18:" HEIGHT="40" WIDTH="81" VPOS="2230" HPOS="1298"/>
<SP HEIGHT="39" WIDTH="39" VPOS="2230" HPOS="1380"/>
<!-- cceid 172D33B0-6CB2-1014-A20E-B9D6251C946A --><String CONTENT="A" HEIGHT="38" WIDTH="40" VPOS="2230" HPOS="1420"/>
<SP HEIGHT="38" WIDTH="31" VPOS="2230" HPOS="1461"/>
<String CONTENT="1061804;" HEIGHT="42" WIDTH="232" VPOS="2229" HPOS="1493"/>
<SP HEIGHT="40" WIDTH="35" VPOS="2231" HPOS="1726"/>
<String CONTENT="American" HEIGHT="40" WIDTH="259" VPOS="2231" HPOS="1762"/>
<SP HEIGHT="33" WIDTH="32" VPOS="2242" HPOS="2022"/>
<String CONTENT="geographical" HEIGHT="96" WIDTH="1933" VPOS="2242" HPOS="208"/>
<SP HEIGHT="38" WIDTH="23" VPOS="2292" HPOS="465"/>
<String CONTENT="soc." HEIGHT="31" WIDTH="94" VPOS="2299" HPOS="489"/>
<SP HEIGHT="29" WIDTH="26" VPOS="2301" HPOS="584"/>
<String CONTENT="of" HEIGHT="40" WIDTH="51" VPOS="2289" HPOS="611"/>
<SP HEIGHT="39" WIDTH="22" VPOS="2289" HPOS="663"/>
<String CONTENT="New" HEIGHT="39" WIDTH="118" VPOS="2290" HPOS="686"/>
<SP HEIGHT="38" WIDTH="24" VPOS="2289" HPOS="805"/>
<String CONTENT="York." HEIGHT="39" WIDTH="144" VPOS="2289" HPOS="830"/>
<SP HEIGHT="47" WIDTH="64" VPOS="2288" HPOS="975"/>
<String CONTENT="(28-6183)" HEIGHT="48" WIDTH="254" VPOS="2287" HPOS="1040"/>
</TextLine>
<TextLine HEIGHT="66" WIDTH="953" VPOS="2384" HPOS="133" STYLEREFS="StyleId-265FFE52-6184-4A59-8D35-B43034F6ACF5-">
<String CONTENT="Arnold," HEIGHT="64" WIDTH="243" VPOS="2386" HPOS="133"/>
<SP HEIGHT="64" WIDTH="31" VPOS="2386" HPOS="377"/>
<String CONTENT="Matthew," HEIGHT="64" WIDTH="312" VPOS="2384" HPOS="409"/>
<SP HEIGHT="61" WIDTH="34" VPOS="2387" HPOS="722"/>
<String CONTENT="1822-1888." HEIGHT="52" WIDTH="329" VPOS="2385" HPOS="757"/>
</TextLine>
<TextLine HEIGHT="137" WIDTH="2000" VPOS="2461" HPOS="134" STYLEREFS="StyleId-1EBE7251-7240-49E5-8A75-52E9483436AC-" CS="1">
<String CONTENT="Essays" HEIGHT="69" WIDTH="215" VPOS="2465" HPOS="204"/>
<SP HEIGHT="34" WIDTH="26" VPOS="2484" HPOS="420"/>
<String CONTENT="and" HEIGHT="52" WIDTH="114" VPOS="2465" HPOS="447"/>
<SP HEIGHT="67" WIDTH="25" VPOS="2465" HPOS="562"/>
<String CONTENT="poems" HEIGHT="50" WIDTH="195" VPOS="2482" HPOS="588"/>
<SP HEIGHT="35" WIDTH="27" VPOS="2481" HPOS="784"/>
<String CONTENT="of" HEIGHT="53" WIDTH="65" VPOS="2462" HPOS="812"/>
<SP HEIGHT="53" WIDTH="24" VPOS="2461" HPOS="878"/>
<String CONTENT="Arnold," HEIGHT="68" WIDTH="246" VPOS="2461" HPOS="903"/>
<SP HEIGHT="49" WIDTH="26" VPOS="2480" HPOS="1150"/>
<String CONTENT="with" HEIGHT="53" WIDTH="143" VPOS="2461" HPOS="1177"/>
<SP HEIGHT="53" WIDTH="28" VPOS="2461" HPOS="1321"/>
<String CONTENT="an" HEIGHT="35" WIDTH="73" VPOS="2479" HPOS="1350"/>
<SP HEIGHT="53" WIDTH="25" VPOS="2461" HPOS="1424"/>
<String CONTENT="introduction" HEIGHT="53" WIDTH="396" VPOS="2461" HPOS="1450"/>
<SP HEIGHT="54" WIDTH="24" VPOS="2461" HPOS="1847"/>
<String CONTENT="by" HEIGHT="70" WIDTH="77" VPOS="2461" HPOS="1872"/>
<SP HEIGHT="68" WIDTH="27" VPOS="2463" HPOS="1950"/>
<String CONTENT="Frederick" HEIGHT="135" WIDTH="2000" VPOS="2463" HPOS="134"/>
</TextLine>
<TextLine HEIGHT="154" WIDTH="2002" VPOS="2539" HPOS="132" STYLEREFS="StyleId-1EBE7251-7240-49E5-8A75-52E9483436AC-" CS="1">
<String CONTENT="William" HEIGHT="55" WIDTH="267" VPOS="2543" HPOS="318"/>
<SP HEIGHT="53" WIDTH="29" VPOS="2542" HPOS="586"/>
<String CONTENT="Roe" HEIGHT="53" WIDTH="120" VPOS="2542" HPOS="616"/>
<SP HEIGHT="35" WIDTH="36" VPOS="2560" HPOS="737"/>
<String CS="1" CONTENT="&#8230;"/>
<SP HEIGHT="53" WIDTH="79" VPOS="2540" HPOS="831"/>
<String CONTENT="New" HEIGHT="53" WIDTH="140" VPOS="2540" HPOS="911"/>
<SP HEIGHT="52" WIDTH="31" VPOS="2540" HPOS="1052"/>
<String CONTENT="York," HEIGHT="69" WIDTH="183" VPOS="2539" HPOS="1084"/>
<SP HEIGHT="68" WIDTH="30" VPOS="2540" HPOS="1268"/>
<String CONTENT="Harcourt," HEIGHT="68" WIDTH="314" VPOS="2540" HPOS="1299"/>
<SP HEIGHT="67" WIDTH="31" VPOS="2541" HPOS="1614"/>
<String CONTENT="Brace" HEIGHT="52" WIDTH="182" VPOS="2541" HPOS="1646"/>
<SP HEIGHT="34" WIDTH="30" VPOS="2559" HPOS="1829"/>
<String CONTENT="and" HEIGHT="52" WIDTH="115" VPOS="2542" HPOS="1860"/>
<SP HEIGHT="52" WIDTH="32" VPOS="2542" HPOS="1976"/>
<String CONTENT="company" HEIGHT="133" WIDTH="2002" VPOS="2560" HPOS="132"/>
<SP HEIGHT="51" WIDTH="32" VPOS="2642" HPOS="291"/>
<String CS="1" CONTENT="[&#7580;1928]" HEIGHT="65" WIDTH="154" VPOS="2624" HPOS="366"/>
</TextLine>
<TextLine HEIGHT="49" WIDTH="481" VPOS="2706" HPOS="202" CS="1">
<String CONTENT="xxxvi," HEIGHT="48" WIDTH="167" VPOS="2707" HPOS="202"/>
<SP HEIGHT="48" WIDTH="30" VPOS="2707" HPOS="370"/>
<String CONTENT="474" HEIGHT="41" WIDTH="89" VPOS="2707" HPOS="401"/>
<SP HEIGHT="48" WIDTH="29" VPOS="2707" HPOS="491"/>
<String CONTENT="p." HEIGHT="38" WIDTH="45" VPOS="2717" HPOS="521"/>
<SP HEIGHT="40" WIDTH="58" VPOS="2706" HPOS="567"/>
<String CS="1" CONTENT="17&#7580;&#7504;." HEIGHT="40" WIDTH="57" VPOS="2706" HPOS="626"/>
</TextLine>
<TextLine HEIGHT="54" WIDTH="2022" VPOS="2772" HPOS="131">
<String CONTENT="&#169;" HEIGHT="52" WIDTH="52" VPOS="2774" HPOS="131"/>
<SP HEIGHT="52" WIDTH="28" VPOS="2774" HPOS="184"/>
<String CONTENT="Jan." HEIGHT="39" WIDTH="109" VPOS="2779" HPOS="213"/>
<SP HEIGHT="40" WIDTH="25" VPOS="2778" HPOS="323"/>
<String CONTENT="25," HEIGHT="45" WIDTH="70" VPOS="2777" HPOS="349"/>
<SP HEIGHT="43" WIDTH="26" VPOS="2779" HPOS="420"/>
<String CONTENT="1928:" HEIGHT="40" WIDTH="142" VPOS="2776" HPOS="447"/>
<SP HEIGHT="40" WIDTH="29" VPOS="2775" HPOS="590"/>
<String CONTENT="2c." HEIGHT="40" WIDTH="68" VPOS="2775" HPOS="620"/>
<SP HEIGHT="30" WIDTH="26" VPOS="2785" HPOS="689"/>
<String CONTENT="and" HEIGHT="40" WIDTH="96" VPOS="2775" HPOS="716"/>
<SP HEIGHT="39" WIDTH="26" VPOS="2775" HPOS="813"/>
<String CONTENT="aff." HEIGHT="41" WIDTH="82" VPOS="2773" HPOS="840"/>
<SP HEIGHT="40" WIDTH="27" VPOS="2774" HPOS="923"/>
<String CONTENT="Feb." HEIGHT="38" WIDTH="112" VPOS="2774" HPOS="951"/>
<SP HEIGHT="38" WIDTH="26" VPOS="2774" HPOS="1064"/>
<String CONTENT="23:" HEIGHT="39" WIDTH="82" VPOS="2773" HPOS="1091"/>
<SP HEIGHT="39" WIDTH="28" VPOS="2773" HPOS="1174"/>
<!-- cceid 172DEC91-6CB2-1014-A20E-B9D6251C946A --><String CONTENT="A" HEIGHT="39" WIDTH="42" VPOS="2773" HPOS="1203"/>
<SP HEIGHT="39" WIDTH="25" VPOS="2773" HPOS="1246"/>
<String CONTENT="1061883;" HEIGHT="48" WIDTH="231" VPOS="2772" HPOS="1272"/>
<SP HEIGHT="47" WIDTH="30" VPOS="2773" HPOS="1504"/>
<String CONTENT="Harcourt," HEIGHT="48" WIDTH="264" VPOS="2773" HPOS="1535"/>
<SP HEIGHT="46" WIDTH="27" VPOS="2775" HPOS="1800"/>
<String CONTENT="Brace" HEIGHT="40" WIDTH="154" VPOS="2775" HPOS="1828"/>
<SP HEIGHT="39" WIDTH="24" VPOS="2776" HPOS="1983"/>
<String CONTENT="&amp;" HEIGHT="39" WIDTH="36" VPOS="2776" HPOS="2008"/>
<SP HEIGHT="40" WIDTH="24" VPOS="2776" HPOS="2045"/>
<String CONTENT="co.," HEIGHT="38" WIDTH="83" VPOS="2786" HPOS="2070"/>
</TextLine>
<TextLine HEIGHT="54" WIDTH="927" VPOS="2831" HPOS="201" CS="1">
<String CONTENT="inc." HEIGHT="39" WIDTH="92" VPOS="2837" HPOS="201"/>
<SP HEIGHT="29" WIDTH="62" VPOS="2856" HPOS="294"/>
<String CONTENT="[&#169;" HEIGHT="54" WIDTH="70" VPOS="2831" HPOS="357"/>
<SP/>
<String CONTENT="introduction]" HEIGHT="49" WIDTH="348" VPOS="2832" HPOS="451"/>
<SP HEIGHT="49" WIDTH="73" VPOS="2832" HPOS="800"/>
<String CONTENT="(28-6221)" HEIGHT="48" WIDTH="254" VPOS="2831" HPOS="874"/>
</TextLine>
<TextLine HEIGHT="65" WIDTH="865" VPOS="2928" HPOS="129" STYLEREFS="StyleId-265FFE52-6184-4A59-8D35-B43034F6ACF5-">
<String CONTENT="Arnoux," HEIGHT="62" WIDTH="265" VPOS="2931" HPOS="129"/>
<SP HEIGHT="64" WIDTH="33" VPOS="2929" HPOS="395"/>
<String CONTENT="Alexandre," HEIGHT="62" WIDTH="357" VPOS="2928" HPOS="429"/>
<SP HEIGHT="60" WIDTH="34" VPOS="2930" HPOS="787"/>
<String CONTENT="1884-" HEIGHT="50" WIDTH="172" VPOS="2930" HPOS="822"/>
</TextLine>
<TextLine HEIGHT="138" WIDTH="2001" VPOS="3004" HPOS="130" STYLEREFS="StyleId-1EBE7251-7240-49E5-8A75-52E9483436AC-" CS="1">
<String CS="1" CONTENT="&#8230;"/>
<SP HEIGHT="52" WIDTH="47" VPOS="3010" HPOS="265"/>
<String CONTENT="Rencontres" HEIGHT="52" WIDTH="352" VPOS="3010" HPOS="313"/>
<SP HEIGHT="35" WIDTH="43" VPOS="3025" HPOS="666"/>
<String CONTENT="avec" HEIGHT="34" WIDTH="133" VPOS="3024" HPOS="710"/>
<SP HEIGHT="53" WIDTH="44" VPOS="3005" HPOS="844"/>
<String CONTENT="Richard" HEIGHT="53" WIDTH="258" VPOS="3005" HPOS="889"/>
<SP HEIGHT="53" WIDTH="42" VPOS="3004" HPOS="1148"/>
<String CONTENT="Wagner," HEIGHT="68" WIDTH="274" VPOS="3004" HPOS="1191"/>
<SP HEIGHT="50" WIDTH="44" VPOS="3022" HPOS="1466"/>
<String CONTENT="par" HEIGHT="50" WIDTH="109" VPOS="3022" HPOS="1511"/>
<SP HEIGHT="53" WIDTH="41" VPOS="3004" HPOS="1621"/>
<String CONTENT="Alexandre" HEIGHT="55" WIDTH="333" VPOS="3004" HPOS="1663"/>
<SP HEIGHT="53" WIDTH="43" VPOS="3006" HPOS="1997"/>
<String CONTENT="Arnoux." HEIGHT="136" WIDTH="2001" VPOS="3006" HPOS="130"/>
</TextLine>
<TextLine HEIGHT="72" WIDTH="754" VPOS="3082" HPOS="376" STYLEREFS="StyleId-1EBE7251-7240-49E5-8A75-52E9483436AC-">
<String CONTENT="Paris," HEIGHT="67" WIDTH="189" VPOS="3087" HPOS="376"/>
<SP HEIGHT="67" WIDTH="26" VPOS="3087" HPOS="566"/>
<String CONTENT="B." HEIGHT="51" WIDTH="67" VPOS="3087" HPOS="593"/>
<SP HEIGHT="55" WIDTH="29" VPOS="3084" HPOS="661"/>
<String CONTENT="Grasset," HEIGHT="67" WIDTH="255" VPOS="3084" HPOS="691"/>
<SP HEIGHT="64" WIDTH="30" VPOS="3087" HPOS="947"/>
<String CONTENT="1927." HEIGHT="54" WIDTH="152" VPOS="3082" HPOS="978"/>
</TextLine>
<TextLine HEIGHT="55" WIDTH="1948" VPOS="3173" HPOS="202" CS="1">
<String CONTENT="3" HEIGHT="40" WIDTH="26" VPOS="3181" HPOS="202"/>
<SP HEIGHT="47" WIDTH="27" VPOS="3181" HPOS="229"/>
<String CONTENT="p." HEIGHT="37" WIDTH="44" VPOS="3191" HPOS="257"/>
<SP/>
<String CS="1" CONTENT="l.,"/>
<SP HEIGHT="30" WIDTH="33" VPOS="3198" HPOS="373"/>
<String CONTENT="[9]-204" HEIGHT="51" WIDTH="178" VPOS="3177" HPOS="407"/>
<SP HEIGHT="48" WIDTH="25" VPOS="3178" HPOS="586"/>
<String CONTENT="p.," HEIGHT="38" WIDTH="60" VPOS="3188" HPOS="612"/>
<SP HEIGHT="47" WIDTH="28" VPOS="3177" HPOS="673"/>
<String CONTENT="1" HEIGHT="39" WIDTH="24" VPOS="3177" HPOS="702"/>
<SP/>
<String CS="1" CONTENT="l."/>
<SP/>
<String CONTENT="19" HEIGHT="41" WIDTH="57" VPOS="3174" HPOS="848"/>
<String STYLE="superscript" CONTENT="&#7580;&#7504;" HEIGHT="21" WIDTH="44" VPOS="3177" HPOS="908"/>
<String CONTENT="." HEIGHT="8" WIDTH="9" VPOS="3207" HPOS="957"/>
<SP HEIGHT="47" WIDTH="69" VPOS="3174" HPOS="967"/>
<String CONTENT="(Les" HEIGHT="47" WIDTH="117" VPOS="3174" HPOS="1037"/>
<SP HEIGHT="40" WIDTH="30" VPOS="3174" HPOS="1155"/>
<String CONTENT="&#8220;Ecrits&#8221;" HEIGHT="42" WIDTH="221" VPOS="3173" HPOS="1186"/>
<SP HEIGHT="42" WIDTH="30" VPOS="3173" HPOS="1408"/>
<String CONTENT="sous" HEIGHT="30" WIDTH="115" VPOS="3185" HPOS="1439"/>
<SP HEIGHT="40" WIDTH="27" VPOS="3175" HPOS="1555"/>
<String CONTENT="la" HEIGHT="39" WIDTH="45" VPOS="3175" HPOS="1583"/>
<SP HEIGHT="40" WIDTH="34" VPOS="3175" HPOS="1629"/>
<String CONTENT="direction" HEIGHT="42" WIDTH="240" VPOS="3174" HPOS="1664"/>
<SP HEIGHT="40" WIDTH="31" VPOS="3177" HPOS="1905"/>
<String LANG="de" CONTENT="de" HEIGHT="40" WIDTH="58" VPOS="3177" HPOS="1937"/>
<SP HEIGHT="41" WIDTH="30" VPOS="3177" HPOS="1996"/>
<String CONTENT="Jean" HEIGHT="42" WIDTH="123" VPOS="3177" HPOS="2027"/>
</TextLine>
<TextLine HEIGHT="50" WIDTH="426" VPOS="3234" HPOS="133">
<String CONTENT="Guehenno." HEIGHT="41" WIDTH="279" VPOS="3236" HPOS="133"/>
<SP HEIGHT="31" WIDTH="63" VPOS="3253" HPOS="413"/>
<String CONTENT="[3])" HEIGHT="50" WIDTH="82" VPOS="3234" HPOS="477"/>
</TextLine>
<TextLine HEIGHT="54" WIDTH="1859" VPOS="3303" HPOS="127" CS="1">
<String CONTENT="&#169;" HEIGHT="52" WIDTH="52" VPOS="3305" HPOS="127"/>
<SP HEIGHT="52" WIDTH="29" VPOS="3305" HPOS="180"/>
<String CONTENT="Nov." HEIGHT="38" WIDTH="120" VPOS="3310" HPOS="210"/>
<SP HEIGHT="40" WIDTH="28" VPOS="3308" HPOS="331"/>
<String CONTENT="5." HEIGHT="40" WIDTH="40" VPOS="3308" HPOS="360"/>
<SP HEIGHT="39" WIDTH="33" VPOS="3309" HPOS="401"/>
<String CONTENT="1927;" HEIGHT="45" WIDTH="140" VPOS="3306" HPOS="435"/>
<SP/>
<String CS="1" CONTENT="1c."/>
<SP HEIGHT="39" WIDTH="29" VPOS="3307" HPOS="675"/>
<String CONTENT="Dec." HEIGHT="38" WIDTH="112" VPOS="3307" HPOS="705"/>
<SP HEIGHT="40" WIDTH="28" VPOS="3305" HPOS="818"/>
<String CONTENT="30:" HEIGHT="40" WIDTH="83" VPOS="3304" HPOS="847"/>
<SP HEIGHT="39" WIDTH="32" VPOS="3305" HPOS="931"/>
<!-- cceid 172EBB68-6CB2-1014-A20E-B9D6251C946A --><String CONTENT="A&#8212;Foreign" HEIGHT="47" WIDTH="314" VPOS="3303" HPOS="964"/>
<SP HEIGHT="40" WIDTH="27" VPOS="3303" HPOS="1279"/>
<String CONTENT="36728;" HEIGHT="41" WIDTH="173" VPOS="3303" HPOS="1307"/>
<SP HEIGHT="39" WIDTH="32" VPOS="3304" HPOS="1481"/>
<String CONTENT="Bernard" HEIGHT="40" WIDTH="224" VPOS="3304" HPOS="1514"/>
<SP HEIGHT="41" WIDTH="29" VPOS="3304" HPOS="1739"/>
<String CONTENT="Grasset." HEIGHT="42" WIDTH="217" VPOS="3304" HPOS="1769"/>
</TextLine>
<TextLine HEIGHT="48" WIDTH="254" VPOS="3366" HPOS="207">
<String CONTENT="(28-6347)" HEIGHT="48" WIDTH="254" VPOS="3366" HPOS="207"/>
</TextLine>
<TextLine HEIGHT="64" WIDTH="482" VPOS="3461" HPOS="127" STYLEREFS="StyleId-265FFE52-6184-4A59-8D35-B43034F6ACF5-">
<String CONTENT="Aubert," HEIGHT="61" WIDTH="251" VPOS="3464" HPOS="127"/>
<SP HEIGHT="62" WIDTH="30" VPOS="3463" HPOS="379"/>
<String CONTENT="Louis." HEIGHT="53" WIDTH="199" VPOS="3461" HPOS="410"/>
</TextLine>
<TextLine HEIGHT="70" WIDTH="1952" VPOS="3537" HPOS="198" STYLEREFS="StyleId-1EBE7251-7240-49E5-8A75-52E9483436AC-">
<String CONTENT="A" HEIGHT="51" WIDTH="56" VPOS="3543" HPOS="198"/>
<SP HEIGHT="51" WIDTH="45" VPOS="3543" HPOS="255"/>
<String CONTENT="listener&#8217;s" HEIGHT="55" WIDTH="282" VPOS="3540" HPOS="301"/>
<SP HEIGHT="52" WIDTH="46" VPOS="3541" HPOS="584"/>
<String CONTENT="introduction" HEIGHT="53" WIDTH="395" VPOS="3539" HPOS="631"/>
<SP HEIGHT="47" WIDTH="43" VPOS="3543" HPOS="1027"/>
<String CONTENT="to" HEIGHT="47" WIDTH="61" VPOS="3543" HPOS="1071"/>
<SP HEIGHT="47" WIDTH="49" VPOS="3543" HPOS="1133"/>
<String CONTENT="the" HEIGHT="52" WIDTH="96" VPOS="3538" HPOS="1183"/>
<SP HEIGHT="33" WIDTH="49" VPOS="3556" HPOS="1280"/>
<String CONTENT="music" HEIGHT="52" WIDTH="177" VPOS="3537" HPOS="1330"/>
<SP HEIGHT="33" WIDTH="48" VPOS="3556" HPOS="1508"/>
<String CONTENT="of" HEIGHT="52" WIDTH="65" VPOS="3537" HPOS="1557"/>
<SP HEIGHT="53" WIDTH="46" VPOS="3537" HPOS="1623"/>
<String CONTENT="Debussy&#8217;s" HEIGHT="68" WIDTH="309" VPOS="3539" HPOS="1670"/>
<SP HEIGHT="51" WIDTH="47" VPOS="3541" HPOS="1980"/>
<String CONTENT="The" HEIGHT="53" WIDTH="122" VPOS="3540" HPOS="2028"/>
</TextLine>
<TextLine HEIGHT="73" WIDTH="2016" VPOS="3615" HPOS="127" STYLEREFS="StyleId-1EBE7251-7240-49E5-8A75-52E9483436AC-">
<String CONTENT="flaxen-haired" HEIGHT="54" WIDTH="416" VPOS="3620" HPOS="127"/>
<SP HEIGHT="68" WIDTH="31" VPOS="3620" HPOS="544"/>
<String CONTENT="girl" HEIGHT="70" WIDTH="113" VPOS="3618" HPOS="576"/>
<SP HEIGHT="68" WIDTH="41" VPOS="3618" HPOS="690"/>
<String LANG="de" CONTENT="(La" HEIGHT="68" WIDTH="110" VPOS="3618" HPOS="732"/>
<SP HEIGHT="54" WIDTH="31" VPOS="3616" HPOS="843"/>
<String LANG="de" CONTENT="Alle" HEIGHT="52" WIDTH="116" VPOS="3616" HPOS="875"/>
<SP HEIGHT="33" WIDTH="30" VPOS="3635" HPOS="992"/>
<String CONTENT="aux" HEIGHT="33" WIDTH="111" VPOS="3635" HPOS="1023"/>
<SP HEIGHT="33" WIDTH="29" VPOS="3634" HPOS="1135"/>
<String CONTENT="cheveux" HEIGHT="51" WIDTH="251" VPOS="3616" HPOS="1165"/>
<SP HEIGHT="51" WIDTH="31" VPOS="3616" HPOS="1417"/>
<String LANG="de" CONTENT="de" HEIGHT="52" WIDTH="68" VPOS="3616" HPOS="1449"/>
<SP HEIGHT="52" WIDTH="28" VPOS="3616" HPOS="1518"/>
<String CONTENT="lin)" HEIGHT="69" WIDTH="112" VPOS="3615" HPOS="1547"/>
<SP HEIGHT="69" WIDTH="39" VPOS="3615" HPOS="1660"/>
<String CONTENT="by" HEIGHT="68" WIDTH="76" VPOS="3616" HPOS="1700"/>
<SP HEIGHT="67" WIDTH="28" VPOS="3617" HPOS="1777"/>
<String CONTENT="L." HEIGHT="51" WIDTH="64" VPOS="3617" HPOS="1806"/>
<SP HEIGHT="51" WIDTH="30" VPOS="3617" HPOS="1871"/>
<String CONTENT="Aubert," HEIGHT="69" WIDTH="241" VPOS="3617" HPOS="1902"/>
</TextLine>
<TextLine HEIGHT="75" WIDTH="2015" VPOS="3693" HPOS="126" STYLEREFS="StyleId-1EBE7251-7240-49E5-8A75-52E9483436AC-">
<String CONTENT="played" HEIGHT="67" WIDTH="210" VPOS="3701" HPOS="126"/>
<SP HEIGHT="52" WIDTH="36" VPOS="3700" HPOS="337"/>
<String CONTENT="by" HEIGHT="67" WIDTH="76" VPOS="3700" HPOS="374"/>
<SP HEIGHT="68" WIDTH="37" VPOS="3699" HPOS="451"/>
<String CONTENT="Robert" HEIGHT="53" WIDTH="214" VPOS="3697" HPOS="489"/>
<SP HEIGHT="55" WIDTH="42" VPOS="3696" HPOS="704"/>
<String CONTENT="Schmitz." HEIGHT="56" WIDTH="270" VPOS="3695" HPOS="747"/>
<SP HEIGHT="51" WIDTH="77" VPOS="3695" HPOS="1018"/>
<String CONTENT="Ed." HEIGHT="51" WIDTH="108" VPOS="3695" HPOS="1096"/>
<SP HEIGHT="52" WIDTH="36" VPOS="3694" HPOS="1205"/>
<String CONTENT="by" HEIGHT="67" WIDTH="78" VPOS="3694" HPOS="1242"/>
<SP HEIGHT="66" WIDTH="35" VPOS="3695" HPOS="1321"/>
<String CONTENT="Percy" HEIGHT="67" WIDTH="184" VPOS="3695" HPOS="1357"/>
<SP HEIGHT="68" WIDTH="37" VPOS="3694" HPOS="1542"/>
<String CONTENT="A." HEIGHT="52" WIDTH="71" VPOS="3694" HPOS="1580"/>
<SP HEIGHT="55" WIDTH="43" VPOS="3693" HPOS="1652"/>
<String CONTENT="Scholes." HEIGHT="55" WIDTH="246" VPOS="3693" HPOS="1696"/>
<SP HEIGHT="33" WIDTH="82" VPOS="3730" HPOS="1943"/>
<String STYLE="subscript" CONTENT="[" HEIGHT="33" WIDTH="13" VPOS="3730" HPOS="2026"/>
<String CONTENT="Tr." HEIGHT="51" WIDTH="96" VPOS="3698" HPOS="2045"/>
</TextLine>
<TextLine HEIGHT="96" WIDTH="2013" VPOS="3752" HPOS="124" STYLEREFS="StyleId-1EBE7251-7240-49E5-8A75-52E9483436AC-" CS="1">
<String CONTENT="by" HEIGHT="68" WIDTH="76" VPOS="3780" HPOS="124"/>
<SP HEIGHT="68" WIDTH="38" VPOS="3780" HPOS="201"/>
<String CONTENT="Wilfrid" HEIGHT="55" WIDTH="248" VPOS="3777" HPOS="240"/>
<SP HEIGHT="52" WIDTH="41" VPOS="3778" HPOS="489"/>
<String CONTENT="Thorley." HEIGHT="67" WIDTH="267" VPOS="3777" HPOS="531"/>
<SP HEIGHT="52" WIDTH="75" VPOS="3775" HPOS="799"/>
<String CONTENT="London]" HEIGHT="66" WIDTH="261" VPOS="3773" HPOS="875"/>
<SP HEIGHT="66" WIDTH="80" VPOS="3773" HPOS="1137"/>
<String CONTENT="The" HEIGHT="51" WIDTH="121" VPOS="3773" HPOS="1218"/>
<SP HEIGHT="51" WIDTH="43" VPOS="3773" HPOS="1340"/>
<String CONTENT="Aeolian" HEIGHT="72" WIDTH="244" VPOS="3752" HPOS="1384"/>
<SP HEIGHT="34" WIDTH="39" VPOS="3792" HPOS="1629"/>
<String CONTENT="co.," HEIGHT="48" WIDTH="97" VPOS="3791" HPOS="1669"/>
<SP HEIGHT="63" WIDTH="41" VPOS="3776" HPOS="1767"/>
<String CONTENT="ltd." HEIGHT="52" WIDTH="103" VPOS="3774" HPOS="1809"/>
<SP HEIGHT="33" WIDTH="49" VPOS="3809" HPOS="1913"/>
<String CS="1" CONTENT="[1927]" HEIGHT="67" WIDTH="154" VPOS="3775" HPOS="1983"/>
</TextLine>
<TextLine HEIGHT="74" WIDTH="1921" VPOS="3852" HPOS="136" STYLEREFS="StyleId-1EBE7251-7240-49E5-8A75-52E9483436AC-">
<String CONTENT="(The" HEIGHT="68" WIDTH="149" VPOS="3858" HPOS="136"/>
<SP HEIGHT="34" WIDTH="33" VPOS="3876" HPOS="286"/>
<String CONTENT="world's" HEIGHT="52" WIDTH="229" VPOS="3856" HPOS="320"/>
<SP HEIGHT="33" WIDTH="31" VPOS="3874" HPOS="550"/>
<String CONTENT="music." HEIGHT="53" WIDTH="195" VPOS="3854" HPOS="582"/>
<SP HEIGHT="52" WIDTH="75" VPOS="3854" HPOS="778"/>
<String CONTENT="Duo-art." HEIGHT="51" WIDTH="267" VPOS="3854" HPOS="854"/>
<SP HEIGHT="51" WIDTH="75" VPOS="3852" HPOS="1122"/>
<String CONTENT="Annotated" HEIGHT="52" WIDTH="335" VPOS="3852" HPOS="1198"/>
<SP HEIGHT="52" WIDTH="32" VPOS="3852" HPOS="1534"/>
<String CONTENT="series." HEIGHT="52" WIDTH="186" VPOS="3853" HPOS="1567"/>
<SP HEIGHT="51" WIDTH="76" VPOS="3854" HPOS="1754"/>
<String CONTENT="D-259)" HEIGHT="68" WIDTH="226" VPOS="3854" HPOS="1831"/>
</TextLine>
<TextLine HEIGHT="57" WIDTH="2022" VPOS="3934" HPOS="124" CS="1">
<String CONTENT="&#169;" HEIGHT="53" WIDTH="52" VPOS="3938" HPOS="124"/>
<SP/>
<String CS="1" CONTENT="1c."/>
<SP HEIGHT="41" WIDTH="33" VPOS="3941" HPOS="277"/>
<String CONTENT="June" HEIGHT="39" WIDTH="129" VPOS="3941" HPOS="311"/>
<SP HEIGHT="39" WIDTH="28" VPOS="3939" HPOS="441"/>
<String CONTENT="22," HEIGHT="41" WIDTH="69" VPOS="3939" HPOS="470"/>
<SP HEIGHT="40" WIDTH="30" VPOS="3940" HPOS="540"/>
<String CONTENT="1927:" HEIGHT="40" WIDTH="141" VPOS="3938" HPOS="571"/>
<SP HEIGHT="39" WIDTH="33" VPOS="3939" HPOS="713"/>
<!-- cceid 172F8737-6CB2-1014-A20E-B9D6251C946A --><String CONTENT="A" HEIGHT="37" WIDTH="41" VPOS="3939" HPOS="747"/>
<SP HEIGHT="38" WIDTH="28" VPOS="3939" HPOS="789"/>
<String CONTENT="ad" HEIGHT="38" WIDTH="61" VPOS="3939" HPOS="818"/>
<SP HEIGHT="39" WIDTH="31" VPOS="3937" HPOS="880"/>
<String CONTENT="int." HEIGHT="39" WIDTH="87" VPOS="3937" HPOS="912"/>
<SP HEIGHT="39" WIDTH="30" VPOS="3937" HPOS="1000"/>
<String CONTENT="10796;" HEIGHT="46" WIDTH="172" VPOS="3935" HPOS="1031"/>
<SP HEIGHT="36" WIDTH="34" VPOS="3946" HPOS="1204"/>
<String CONTENT="pubd." HEIGHT="47" WIDTH="144" VPOS="3935" HPOS="1239"/>
<SP HEIGHT="39" WIDTH="30" VPOS="3935" HPOS="1384"/>
<String CONTENT="Apr." HEIGHT="46" WIDTH="114" VPOS="3935" HPOS="1415"/>
<SP HEIGHT="41" WIDTH="30" VPOS="3934" HPOS="1530"/>
<String CONTENT="25:" HEIGHT="41" WIDTH="82" VPOS="3934" HPOS="1561"/>
<SP HEIGHT="41" WIDTH="32" VPOS="3934" HPOS="1644"/>
<String CONTENT="Aeolian" HEIGHT="40" WIDTH="203" VPOS="3934" HPOS="1677"/>
<SP HEIGHT="29" WIDTH="29" VPOS="3946" HPOS="1881"/>
<String CONTENT="co.," HEIGHT="37" WIDTH="82" VPOS="3946" HPOS="1911"/>
<SP HEIGHT="45" WIDTH="31" VPOS="3938" HPOS="1994"/>
<String CONTENT="New" HEIGHT="39" WIDTH="120" VPOS="3938" HPOS="2026"/>
</TextLine>
<TextLine HEIGHT="55" WIDTH="1302" VPOS="3993" HPOS="195" CS="1">
<String CONTENT="York," HEIGHT="40" WIDTH="145" VPOS="4000" HPOS="195"/>
<SP HEIGHT="30" WIDTH="57" VPOS="4018" HPOS="341"/>
<String CS="1" CONTENT="[&#169;" HEIGHT="52" WIDTH="52" VPOS="3994" HPOS="417"/>
<SP HEIGHT="52" WIDTH="27" VPOS="3994" HPOS="470"/>
<String CONTENT="text" HEIGHT="38" WIDTH="106" VPOS="4000" HPOS="498"/>
<SP HEIGHT="37" WIDTH="27" VPOS="4000" HPOS="605"/>
<String CONTENT="and" HEIGHT="39" WIDTH="95" VPOS="3998" HPOS="633"/>
<SP HEIGHT="40" WIDTH="28" VPOS="3996" HPOS="729"/>
<String CONTENT="illustrations" HEIGHT="41" WIDTH="332" VPOS="3995" HPOS="758"/>
<SP HEIGHT="27" WIDTH="27" VPOS="4006" HPOS="1091"/>
<String CONTENT="on" HEIGHT="28" WIDTH="62" VPOS="4005" HPOS="1119"/>
<SP HEIGHT="29" WIDTH="24" VPOS="4003" HPOS="1182"/>
<String CONTENT="music" HEIGHT="43" WIDTH="157" VPOS="3993" HPOS="1207"/>
<SP HEIGHT="32" WIDTH="25" VPOS="4004" HPOS="1365"/>
<String CONTENT="roll]" HEIGHT="47" WIDTH="106" VPOS="3994" HPOS="1391"/>
</TextLine>
</TextBlock>
</PrintSpace>
</Page>
</Layout>
</alto>