2498 4384
1098 4101 102 56 567

150 445 226 63 Hardy,
404 444 279 52 Thomas.

221 524 84 51 To
337 522 210 53 Louisa
581 523 61 51 in
674 523 96 51 the
802 523 143 51 lane.
1021 519 334 69 [Published
1389 520 454 68 posthumously]

252 606 62 38 (In
341 601 204 43 London
570 600 148 52 Daily
747 599 290 53 telegraph)

154 657 2000 52 © 1c. May 23, 1928; A ad int. 11120; pubd. Apr. 26; Florence E. Hardy,
221 718 308 48 Dorchester,
571 718 191 48 Dorset,
803 717 238 48 England,
1082 717 95 39 and
1221 715 195 49 Sydney
1454 714 50 43 C.
1546 715 262 49 Cockerell,
1851 715 304 49 Cambridge,

221 776 240 49 England.

218 857 98 52 An
346 857 285 68 unkindly
662 856 157 69 May.
893 856 333 67 [Published
1259 855 455 68 posthumously]

252 940 59 39 (In
339 936 204 43 London
568 935 148 52 Daily
744 934 292 53 telegraph)

152 992 2002 52 © 1c. May 23, 1928; A ad int. 11119; pubd. Apr. 23; Florence E. Hardy,
220 1053 309 47 Dorchester,
570 1053 191 47 Dorset,
802 1053 238 47 England,
1080 1053 97 39 and
1219 1051 193 48 Sydney
1454 1051 50 42 C.
1545 1051 263 44 Cockerell,
1851 1050 304 50 Cambridge,

220 1111 238 48 England.

142 1196 279 61 Harnett,
460 1196 254 52 Edward
751 1197 86 51 De
871 1195 532 64 Lacy-Bellingari,
1443 1198 171 49 1893-

141 1274 1991 133 … The roll of the house of Lacy; pedigrees, military memoirs
287 1354 113 53 and
430 1353 323 70 synoptical
782 1354 224 67 history
1035 1352 64 53 of
1129 1354 96 51 the
1257 1353 226 52 ancient
1514 1353 112 52 and
1657 1353 320 52 illustrious
142 1352 1989 149 family

262 1432 65 54 of
364 1434 87 52 De
493 1433 173 67 Lacy,
709 1431 153 53 from
900 1432 96 52 the
1037 1431 229 53 earliest
1304 1432 184 66 times,
1527 1432 62 51 in
1628 1433 78 51 all
1746 1432 75 53 its
1861 1431 295 68 branches,

141 1517 58 46 to
245 1512 97 52 the
388 1517 228 62 present
664 1512 128 67 day.
869 1511 136 52 Full
1051 1511 216 52 notices
1314 1529 72 34 on
1437 1510 172 53 allied
1660 1510 252 53 families
1962 1511 113 52 and
2125 1530 31 33 a

141 1590 237 53 memoir
416 1589 65 54 of
517 1590 96 52 the
653 1591 274 51 Brownes
977 1588 265 70 (Camas)
1293 1590 271 52 collected
1604 1590 113 52 and
1757 1589 284 68 compiled
2080 1589 75 70 by

141 1668 1342 69 De Lacy-Bellingari … Baltimore, 1928.
210 1752 101 47 viii,
342 1750 89 41 409
460 1762 43 37 p.
564 1751 129 41 illus.
722 1751 134 48 (incl.
887 1761 151 38 maps,
1070 1750 246 48 facsims.)
1355 1752 172 47 plates,
1561 1752 164 47 ports.,
1757 1752 136 39 coats
1926 1751 51 39 of
2007 1762 147 31 arms.

139 1809 56 40 23½
226 1811 46 22 ᶜᵐ
276 1841 9 9 .

149 1863 52 52 ©
234 1868 123 40 Mar.
388 1868 41 47 7,
461 1866 141 47 1928;
635 1867 69 41 2c.
736 1867 95 40 and
863 1866 82 42 aff.
978 1867 124 41 Mar.
1134 1867 83 47 31;
1252 1867 41 38 A
1325 1866 231 45 1068832;
1593 1867 213 40 Edward
1839 1867 51 40 L.
1923 1867 230 48 Harnett,

215 1925 121 40 New
364 1924 146 41 York.
581 1924 283 49 (28-10534)

140 2004 301 63 Heilborn,
477 2004 200 64 Adolf,
714 2004 173 54 1873-

212 2084 119 53 Der
373 2083 213 69 körper
631 2084 96 53 des
770 2085 321 66 menschen,
1136 2102 112 34 von
1295 2084 84 53 dr.
1426 2085 146 51 med.
1619 2083 188 54 Adolf
1852 2083 303 53 Heilborn.

142 2161 735 69 Berlin, Ullstein [ ᶜ1927]
212 2243 1757 51 171, [1] p. illus. 17½ᶜᵐ. (Half-title: Wege zum wissen. [ 81])
148 2298 1922 53 © Sept. 15, 1927; 1c. Jan. 5, 1928; A—Foreign. 36929; Ullstein a.-g.
226 2359 283 50 (28-10616)

139 2426 290 64 Ingalese,
460 2426 280 64 Richard,
775 2430 172 50 1863-

210 2518 1946 70 Alchemy, by Richard Ingalese … Los Angeles, J. F. Rowny
140 2600 393 65 press [ ᶜ1 928]
211 2680 57 40 24
297 2691 44 37 p.
400 2679 61 41 20
461 2682 45 21 ᶜᵐ
511 2713 9 9 .

147 2733 52 52 ©
240 2738 123 40 Mar.
402 2738 41 46 3,
483 2736 116 41 1928
616 2747 9 36 ;
666 2737 69 41 2c.
775 2738 96 39 and
912 2737 83 41 aff.
1036 2738 124 40 Mar.
1200 2737 84 47 12;
1327 2737 42 40 A
1407 2737 231 47 1068240;
1682 2737 57 41 R.
1780 2738 237 47 Ingalese,
2060 2738 93 40 Los

214 2795 223 48 Angeles.
508 2794 283 49 (28-10614)

141 2860 436 53 International
619 2861 502 63 correspondence
1161 2860 252 64 schools,
1451 2861 185 53 Paris.

278 2938 1880 70 … Methode zur erlernung fremder sprachen. Italienisch.
146 3022 133 49 1.-3.
306 3019 165 53 buch.
535 3019 186 67 Paris,
749 3019 426 52 International
1204 3019 481 68 correspondence
1713 3018 239 68 schools,
1984 3022 172 50 1926-

145 3096 151 54 1927.

212 3179 308 41 3 v. 22 ½ᶜᵐ .
143 3231 2008 54 bk. 1, © Nov. 29, 1926; 1c. Jan. 12, 1927; bk. 2, 3, © Sept. 1; 1c. each
214 3294 118 41 Nov.
359 3293 84 47 28;
474 3294 41 38 A
516 3294 272 48 —Foreign
814 3294 158 49 32869,
1001 3294 173 48 36525;
1205 3294 342 41 International
1598 3295 311 41 educational
214 3295 1921 104 publishing
322 3362 68 30 co.

140 3416 197 64 Jones,
366 3419 139 51 Mrs.
538 3418 177 63 Mary
752 3418 285 64 (Gibson)

210 3509 230 54 Coweta
481 3509 228 69 County
747 3511 314 52 chronicles
1099 3510 94 53 for
1231 3529 105 34 one
1374 3511 263 52 hundred
1678 3529 182 51 years,
1899 3511 141 52 with
2079 3530 73 33 an

141 3594 236 47 account
422 3587 64 53 of
527 3589 96 52 the
668 3589 243 53 Indians
956 3588 153 53 from
1153 3590 189 52 whom
1385 3590 96 52 the
1523 3590 138 52 land
1705 3608 117 35 was
1866 3589 286 69 acquired,

140 3667 113 53 and
308 3686 152 34 some
512 3668 297 52 historical
865 3686 209 50 papers
1129 3668 252 69 relating
1435 3674 58 46 to
1547 3669 76 52 its
1677 3668 342 69 acquisition
2076 3668 76 70 by

140 3743 268 71 Georgia,
445 3746 141 52 with
623 3746 222 69 lineage
883 3765 189 50 pages.
1149 3747 216 53 Edited
1401 3748 113 52 and
1551 3747 280 68 compiled
1869 3747 75 69 by
1979 3747 173 68 Mary

140 3822 68 55 G.
255 3823 177 54 Jones
476 3826 113 51 and
634 3825 135 69 Lily
814 3826 293 68 Reynolds
1154 3825 97 53 for
1299 3825 181 55 Sarah
1529 3825 320 54 Dickinson
1895 3827 257 67 chapter,

144 3901 332 69 Daughters
514 3902 65 53 of
616 3903 96 52 the
750 3903 309 53 American
1098 3904 324 53 revolution
1462 3903 65 54 of
1566 3905 276 66 Newnan,
1882 3903 268 70 Georgia.

141 3979 260 68 Atlanta,
435 3979 125 69 Ga.,
593 3982 121 53 The
749 3981 162 56 Stein
945 3982 266 71 printing
1244 4001 300 51 company,
1582 3984 150 53 1928.
