2498 4384
1249 4079 135 49 1592

408 507 131 47 Kept
572 517 64 37 up
670 511 49 35 to
753 507 114 40 date
898 508 63 46 by
995 507 183 40 annual
1212 506 299 41 cumulative
1545 508 345 48 supplements,
1951 508 62 48 cf.
2048 507 300 42 Publisher’s

335 562 259 42 foreword.

343 616 2003 53 © Sept. 4, 1928; 2c. and aff. Oct. 8; A 1054842; Lawyers co-operative
409 677 110 48 pub.
551 687 69 31 co.
688 676 281 49 (28-23973)

336 770 307 66 O’Malley,
681 771 200 53 Frank
918 770 201 65 Ward,
1160 770 172 56 1875-

404 852 123 53 The
552 850 174 56 Swiss
750 851 210 68 family
983 850 307 70 O’Malley,
1314 851 77 68 by
1411 850 201 53 Frank
1629 851 185 54 Ward
1836 850 308 71 O’Malley.
338 852 1986 131 Garden

485 929 153 70 City,
735 974 9 9 N.
784 930 91 69 Y.,
911 929 359 70 Doubleday,
1307 929 200 54 Doran
1542 931 46 51 &
1623 948 298 52 company,
1956 930 129 70 inc.,
2123 933 152 51 1928.

405 1011 696 50 xii p., 1 l., 361 p. 19½Æ.
409 1068 351 41 “Decorations
792 1069 62 47 by
887 1068 61 40 H.
983 1069 230 48 Tempest
1248 1067 230 42 Graves.”

339 1122 2005 53 © Sept. 14, 1928; 2c. and aff. Sept. 26; A 1053856; Doubleday, Doran
405 1183 38 40 &
471 1194 82 37 co.,
585 1183 92 41 inc.
745 1182 283 49 (28-24107)

332 1276 261 65 Oudard,
634 1276 280 65 Georges.

405 1354 123 53 The
568 1353 265 70 amazing
872 1353 107 54 life
1017 1353 66 53 of
1121 1354 158 55 John
1318 1355 157 67 Law,
1513 1354 97 53 the
1647 1373 134 34 man
1819 1354 214 54 behind
2071 1355 98 53 the
333 1355 1988 145 Mississippi

617 1432 224 53 bubble.
916 1432 345 53 Translated
1311 1432 154 53 from
1513 1432 118 53 “La
1676 1438 115 48 très
1837 1432 255 54 curieuse
2139 1432 90 55 vie
2278 1434 68 53 de

331 1510 175 53 Law”
538 1509 65 54 of
631 1510 80 52 M.
745 1510 251 69 Georges
1030 1509 244 56 Oudard
1303 1510 78 70 by
1411 1510 70 55 G.
1515 1511 67 52 E.
1617 1510 62 55 C.
1711 1511 205 53 Massé.
1991 1512 141 52 New
2165 1511 179 68 York,

331 1589 231 68 Payson
593 1590 47 51 &
672 1587 226 69 Clarke,
929 1588 123 69 ltd.,
1087 1591 152 51 1928.

400 1673 87 40 382
518 1684 57 37 p.,
607 1674 25 38 1
665 1674 30 39 1.
754 1673 27 38 2
810 1674 123 46 port.
962 1672 135 48 (incl.
1126 1671 178 48 front.)
1344 1672 192 41 facsim.
1595 1673 119 41 23ᶜᵐ.

336 1725 51 52 ©
416 1729 103 41 Oct.
546 1730 70 47 13,
644 1728 142 47 1928;
815 1729 68 40 2c.
912 1728 103 41 Oct.
1043 1729 83 46 12;
1156 1728 84 42 aff.
1270 1728 102 41 Oct.
1401 1728 82 48 16;
1513 1728 41 39 A
1581 1729 84 47 21;
1696 1729 193 47 Payson
1917 1729 37 41 &
1983 1729 190 49 Clarke,
2202 1731 87 40 ltd.

412 1785 282 50 (28-24176)

323 1879 202 64 Paley,
557 1878 223 65 Joseph
813 1879 79 54 M.

324 1957 1997 148 Cases on domestic relations, by Joseph M. Paley … Brooklyn, N. Y., 1928.
395 2118 103 48 viii,
526 2117 86 41 345
640 2130 45 36 p.
744 2118 146 41 23½ᶜᵐ.

399 2175 179 41 “Cases
612 2174 200 42 decided
846 2175 51 40 in
929 2176 118 39 New
1080 2175 133 40 York
1247 2177 170 46 except
1451 2174 51 40 in
1535 2176 97 39 two
1667 2174 247 42 instances
1950 2176 164 40 where
2148 2177 82 39 the
326 2177 1999 96 decisions
538 2233 52 40 of
622 2233 82 40 the
738 2232 179 41 United
954 2232 163 41 States
1155 2232 233 48 Supreme
1419 2235 140 38 court
1590 2232 125 41 have
1746 2233 120 40 been
1897 2231 359 43 used.”—Pref.

333 2286 51 52 ©
414 2291 128 47 Sept.
567 2290 70 47 24,
664 2290 141 46 1928;
832 2290 68 41 2c.
926 2290 97 39 and
1048 2288 82 43 aff.
1159 2289 103 41 Oct.
1289 2289 53 47 9;
1369 2289 42 39 A
1435 2288 231 48 1054878;
1697 2289 43 40 J.
1768 2290 63 40 M.
1857 2290 164 48 Paley,
2049 2290 119 39 New
2193 2290 147 40 York.

409 2346 283 50 (28-23970)

326 2441 324 64 Parmelee,
684 2440 264 54 Maurice
982 2441 169 63 Farr,
1190 2444 173 50 1882-

399 2519 266 56 Oriental
693 2522 113 52 and
835 2521 317 53 occidental
1179 2520 250 67 culture;
1459 2539 72 33 an
1558 2519 461 70 interpretation,
2042 2519 79 70 by
327 2520 1992 133 Maurice

434 2597 1900 71 Parmelee … New York & London, The Century co. [ ᶜ1 928]
396 2682 98 47 xvi,
528 2682 89 40 379
648 2693 43 37 p.
753 2681 165 48 front.,
953 2682 174 48 plates.
1189 2680 149 42 20½ᶜᵐ.
1455 2678 133 50 $4.00

397 2740 141 47 Maps
576 2749 61 30 on
673 2738 367 49 lining-papers.

399 2796 164 40 “First
596 2795 233 48 printing,
863 2795 207 48 August,
1103 2794 161 42 1928.”

329 2848 51 52 ©
409 2853 103 40 Oct.
540 2853 69 40 11,
638 2852 141 47 1928;
810 2853 68 40 2c.
906 2853 96 39 and
1030 2851 83 42 aff.
1144 2852 103 41 Oct.
1276 2852 83 47 15;
1389 2852 41 39 A
1457 2851 232 48 1053967;
1721 2851 217 49 Century
1966 2863 69 30 co.

406 2908 282 50 (28-24108)

322 3001 268 65 Phillips,
622 3002 156 54 John
813 3002 265 65 Charles,
1114 3002 174 56 1876-

393 3081 58 53 A
487 3082 371 68 sportsman’s
897 3082 333 71 scrapbook,
1266 3082 76 70 by
1378 3083 158 54 John
1575 3081 63 56 C.
1675 3080 283 70 Phillips;
1998 3081 143 54 with
322 3081 1991 133 illustrations

601 3161 76 69 by
709 3160 71 53 A.
814 3161 64 52 L.
915 3160 228 69 Ripley.
1220 3162 219 52 Boston
1475 3161 113 53 and
1623 3161 140 53 New
1799 3159 180 71 York,
2013 3160 323 69 Houghton

317 3237 206 54 Mifflin
559 3257 298 50 company,
894 3241 149 51 1928.

391 3321 29 40 6
449 3332 43 37 p.
522 3321 16 39 1.,
598 3321 159 45 3-211,
838 3341 9 29 [1]
881 3332 44 37 p.
956 3321 110 40 incl.
1098 3321 167 47 front.,
1297 3321 145 44 illus.,
1476 3322 173 48 plates.
1709 3322 117 41 24ᶜᵐ.

326 3374 51 52 ©
406 3378 104 40 Oct.
536 3378 69 48 13,
633 3378 141 47 1928;
803 3378 69 40 2c.
900 3379 103 40 Oct.
1030 3378 81 48 15;
1142 3378 83 42 aff.
1255 3379 103 41 Oct.
1386 3379 81 46 16;
1497 3379 41 39 A
1566 3378 81 43 54;
1679 3379 45 40 J.
1751 3377 50 42 C.
1829 3378 222 48 Phillips,
2081 3379 199 39 Boston.

403 3434 282 49 (28-24160)

314 3513 190 54 Plato.

454 3590 1877 70 … The republic, with an introduction by Charles M. Bakewell
320 3669 1936 70 … New York, Chicago [etc.] C. Scribner’s sons [ ᶜ1 928 ]
389 3753 104 47 xlii,
522 3753 86 40 426
637 3764 43 37 p.
742 3753 115 40 17ᶜᵐ.
929 3752 301 50 (Half-title:
1258 3754 103 40 The
1389 3755 201 39 modern
1619 3753 240 41 student’s
1887 3754 212 47 library)

393 3810 130 39 “The
568 3809 134 41 third
747 3809 185 41 edition
978 3810 53 40 of
1075 3811 82 39 the
1203 3810 183 41 Jowett
1429 3810 299 41 translation
1774 3810 52 41 of
1869 3811 102 39 The
2016 3809 218 49 republic
2278 3810 53 40 of

318 3866 143 40 Plato
492 3866 90 40 has
612 3867 121 39 been
764 3866 163 40 used.”

323 3918 51 52 ©
412 3921 128 49 Sept.
575 3921 69 48 15,
679 3922 142 46 1928;
856 3923 69 39 2c.
962 3923 129 47 Sept.
1124 3923 84 47 22;
1247 3922 82 41 aff.
1366 3923 102 41 Oct.
1503 3923 82 46 11;
1623 3922 41 39 A
1697 3922 83 46 23;
1820 3921 203 42 Charles
2062 3921 266 41 Scribner’s

390 3989 128 31 sons,
597 3974 51 50 [©
679 3979 334 41 introduction]
1099 3979 283 45 (28-24177)
