2542 4417
1195 4165 35 51 3

195 480 250 64 Berkey,
482 479 248 56 Charles
763 480 195 63 Peter,
998 478 170 55 1867-

328 554 1882 74 … Geology of Mongolia; a reconnaissance report based on
195 632 1992 152 the investigations of the years 1922-1923, by Charles P. Berkey … [and] Frederick K.
1098 711 1107 70 Morris … with 44 plates and 161
197 789 2014 70 illustrations in the text, six maps in pocket at end … New
198 870 178 67 York,
407 870 123 53 The
559 869 310 53 American
898 887 255 35 museum
1183 867 66 55 of
1278 869 234 53 natural
1541 867 242 71 history,
1819 869 151 53 1927.

263 953 134 49 xxxi,
421 954 87 40 475
533 964 44 38 p.
630 953 88 41 col.
743 952 167 49 front.,
934 953 145 47 illus.,
1105 953 159 48 plates
1292 951 48 49 (1
1368 951 115 48 col.)
1517 962 138 38 maps
1684 951 137 50 (part
1846 952 146 48 fold.)
2028 952 180 50 diagrs.

194 1010 55 41 28½
281 1013 15 21 ᶜ
331 1043 8 8 ᵐ.
417 1010 227 49 (Central
679 1009 191 41 Asiatic
906 1009 308 48 expeditions
1251 1008 53 41 of
1340 1009 82 40 the
1460 1008 262 41 American
1758 1020 221 30 museum

2017 1009 53 41 of
195 1013 1998 95 natural
337 1066 205 49 history.
603 1066 212 40 Natural
851 1065 191 48 history
1077 1064 53 42 of
1164 1065 201 42 Central
1401 1065 134 48 Asia,
1572 1066 93 40 vol.
1750 1066 14 47 II)

264 1125 65 40 At
370 1125 126 39 head
538 1123 53 41 of
633 1122 136 42 title:
815 1122 199 42 Central
1056 1121 190 42 Asiatic
1288 1121 323 49 expeditions.
1673 1123 105 48 Roy
1821 1122 255 49 Chapman
194 1123 1998 105 Andrews,
396 1181 180 40 leader.

265 1237 335 48 Frontispiece
640 1237 99 39 and
779 1247 89 29 one
910 1236 133 48 plate
1083 1234 346 49 accompanied
1469 1235 64 48 by
1570 1236 158 48 guard
1769 1236 164 41 sheets
1972 1235 122 43 with
193 1237 2001 105 descriptive
456 1294 303 48 letterpress.

265 1350 380 49 Bibliography:
674 1361 45 37 p.
744 1349 221 41 423-448.

197 1404 51 52 ©
276 1408 112 40 Dec.
414 1406 70 48 30,
511 1406 143 47 1927;
682 1406 68 41 2c.
776 1408 98 39 and
900 1404 83 42 aff.
1010 1405 112 41 Jan.
1148 1406 40 45 3,
1217 1405 142 40 1928;
1390 1405 40 39 A
1458 1405 232 41 1018098;
1720 1406 161 41 Amer.
1909 1417 222 29 museum
2160 1407 53 41 of

264 1465 200 39 natural
492 1463 206 48 history.
772 1461 223 50 (28-836)

195 1558 278 65 Bigelow,
506 1558 257 53 Melville
794 1557 292 64 Madison,
1123 1560 328 51 1846-1921.

195 1636 1993 148 The law of bills, notes, and checks, by Melville M. Bigelow, PH . D. 3d ed.,
874 1716 1275 68 rev. and enl. by William Minor Lile …
197 1797 236 66 Boston,
462 1795 198 67 Little,
693 1796 232 66 Brown,
957 1795 113 53 and
1104 1812 301 52 company,
1440 1798 152 50 1928.

265 1878 119 48 lxix,
411 1878 85 41 599
520 1889 44 37 p.
624 1878 117 41 23ᶜᵐ.

197 1932 52 53 ©
277 1937 111 41 Jan.
414 1936 41 48 3,
483 1936 142 42 1928;
655 1936 68 42 2c.
751 1937 97 39 and
875 1935 82 43 aff.
986 1937 111 40 Jan.
1126 1937 51 41 5;
1209 1937 40 39 A
1277 1935 232 48 1018197;
1539 1937 135 40 Alice
1702 1938 250 40 Bradford
1984 1939 230 48 Bigelow.

266 1993 302 49 Cambridge,
601 1995 148 39 Mass.
821 1993 224 50 (28-919)

196 2087 343 64 Blackman,
570 2088 257 55 William
861 2089 302 63 Fremont,
1201 2092 172 50 1855-

266 2165 248 69 History
567 2165 65 54 of
684 2165 234 71 Orange
972 2166 248 70 County,
1272 2167 260 67 Florida,
1584 2167 296 55 narrative
1931 2169 115 53 and
196 2168 1993 145 biographical,

545 2244 1671 71 by William Fremont Blackman … De Land, Fla.,
198 2323 121 53 The
347 2323 67 53 E.
445 2321 67 57 O.
542 2323 241 53 Painter
810 2323 267 70 printing
1104 2341 99 49 co.,
1233 2323 152 54 1927.

265 2407 99 44 232,
396 2407 89 41 208
514 2417 45 38 p.
619 2406 166 42 front.,
819 2407 173 48 plates,
1026 2409 150 47 ports.
1236 2408 119 41 27ᶜᵐ.

199 2459 51 52 ©
277 2463 112 41 Dec.
416 2464 71 47 26,
513 2463 117 41 1927;
684 2463 70 41 2c.
782 2464 113 40 Dec.
922 2463 82 47 31;
1035 2462 82 42 aff.
1146 2464 111 41 Jan.
1286 2464 39 47 5,
1355 2464 142 47 1928;
1527 2465 41 39 A
1595 2464 232 42 1018176;
1858 2467 72 40 W.
1961 2466 52 42 F.

251 2467 1948 101 Blackman,
410 2520 191 41 Winter
630 2520 146 48 Park,
809 2520 103 41 Fla.
983 2520 224 49 (28-696)

197 2613 208 64 Bruce,
437 2613 208 54 Marie.

267 2689 143 56 Kris
460 2692 113 53 and
625 2690 289 71 Kristina,
960 2692 77 70 by
1085 2693 189 53 Marie
1324 2694 204 69 Bruce,
1579 2693 264 70 pictured
1894 2695 77 70 by
2020 2697 197 54 James

201 2769 2014 75 Daugherty. Garden City, N. Y., Doubleday, Page & co.
278 2847 119 69 [ᶜ1927]

266 2932 1412 50 1 p. l., 60 p. col. front., illus. (part col.) 21½ᶜᵐ.
201 2984 2016 59 © Nov. 11, 1927; 2c. and aff. Jan. 3, 1928; A 1018063; Doubleday, Page
267 3046 37 40 &
336 3057 68 31 co.
475 3045 224 50 (28-326)

202 3138 281 69 [Buchan,
515 3140 195 68 Anna]

270 3218 165 53 Eliza
470 3218 94 54 for
596 3238 279 50 common,
905 3221 75 69 by
1014 3220 69 56 O.
1117 3222 260 69 Douglas
1438 3224 213 66 [pseud.]
1727 3224 165 69 chap.
1928 3228 153 50 9-11.

277 3301 84 49 (In
391 3298 136 44 Good
558 3299 375 54 housekeeping
965 3300 281 52 magazine,
1279 3301 142 53 Nov.,
1457 3302 146 52 1927)

202 3353 2015 61 © 1c. Dec. 30, 1927; A ad int. 10604; pubd. Oct. 31; A. Buchan, Peebles,
271 3415 246 42 Scotland.

366 3510 386 68 Eliza for common, by O. Douglas [pseud.] chap. 12-14.
279 3592 84 48 (In
391 3589 136 44 Good
558 3590 375 55 housekeeping
964 3593 281 52 magazine,
1277 3593 132 53 Dec.,
1445 3594 144 52 1927)

203 3644 1494 59 © 1c. Jan. 21, 1928; A ad int. 10605; pubd. Nov. 29,
1731 3656 142 48 1927;
1908 3657 55 41 A.
1998 3657 219 49 Buchan,

270 3706 213 49 Peebles,
520 3707 246 43 Scotland.

199 3795 283 68 Burgess,
519 3801 250 54 Warren
805 3803 330 66 Randolph,
1174 3809 173 51 1889-

273 3877 122 53 The
426 3897 221 36 reserve
676 3880 184 56 banks
892 3884 114 52 and
1036 3884 98 54 the
1165 3903 206 51 money
1401 3886 242 68 market,
1675 3886 77 69 by
1782 3887 91 53 W.
1907 3887 311 70 Randolph

205 3954 2018 86 Burgess … with an introduction by Benjamin Strong … New
204 4032 164 57 York
398 4038 113 52 and
542 4037 261 70 London,
834 4040 236 70 Harper
1098 4043 47 52 &
1173 4041 283 73 brothers,
1489 4044 152 55 1927.
