2498 4384
1098 4158 101 49 315

189 553 1093 53 viii, 270 p. 23 ᶜᵐ. (Its Yearbook, 1st)
125 623 51 53 ©
208 628 111 41 Feb.
349 628 69 47 18,
449 627 141 41 1928;
622 627 68 41 2c.
720 627 112 40 Feb.
863 625 55 40 25;
978 624 82 41 aff.
1091 623 112 41 Feb.
1235 623 83 47 29;
1351 623 42 39 A
1421 621 231 47 1069088;
1687 623 115 39 Natl.
1849 621 287 40 conference

193 696 61 29 on
283 685 312 41 educational
625 684 211 40 method.
907 681 253 49 (28-7397)

120 779 282 54 National
440 779 278 53 research
757 776 242 55 council.

194 859 425 52 International
675 857 222 53 critical
952 855 181 53 tables
1189 854 65 53 of
1308 853 315 53 numerical
1679 853 156 67 data,
1890 852 250 69 physics,

123 937 310 68 chemistry
465 936 113 52 and
609 934 360 68 technology,
1000 933 285 68 prepared
1317 932 184 52 under
1529 932 99 52 the
1659 930 257 69 auspices
1948 930 64 53 of
2043 932 98 51 the

126 1015 424 52 International
592 1012 255 53 research
890 1012 221 52 council
1151 1012 115 52 and
1307 1011 98 52 the
1444 1010 277 53 National
1763 1010 272 68 academy
2077 1008 66 53 of

124 1093 242 51 sciences
395 1093 76 67 by
500 1092 96 52 the
625 1090 276 53 National
930 1090 258 52 research
1221 1089 223 53 council
1474 1089 65 52 of
1568 1089 98 52 the
1695 1088 222 55 United
1950 1086 191 56 States

124 1167 2012 54 of America: editor-in-chief: Edward W. Washburn … v. 3.
130 1254 85 47 1st
247 1249 83 52 ed.
401 1248 140 52 New
578 1247 163 52 York
796 1251 120 61 [etc.]
958 1246 316 53 Published
1311 1246 94 52 for
1438 1246 97 53 the
1571 1246 278 52 National
1882 1245 258 53 research

126 1326 221 52 council
377 1326 76 68 by
487 1326 93 51 the
611 1324 435 52 McGraw-Hill
1076 1324 149 52 book
1258 1342 300 51 company,
1592 1324 127 66 inc.,
1752 1326 150 50 1928.

194 1408 652 49 xiv, 444 p. diagrs. 28½ ᶜᵐ.
129 1476 52 52 ©
220 1482 120 38 Mar.
377 1480 69 47 13,
483 1479 140 44 1928;
660 1479 69 40 2c.
766 1479 96 39 and
898 1477 83 41 aff.
1019 1479 123 40 Mar.
1178 1478 84 47 21;
1302 1478 41 39 A
1379 1477 230 48 1068473;
1649 1478 118 40 Natl.
1819 1479 233 46 academy
2092 1478 51 39 of

197 1537 227 47 sciences,
458 1536 337 47 Washington.

122 1633 169 61 Nott,
324 1632 229 62 George
584 1630 277 63 William,
897 1634 172 49 1900-

197 1711 56 52 A
281 1716 131 47 tour
442 1709 64 54 of
535 1710 99 52 the
659 1710 189 53 Vieux
880 1710 177 67 carré,
1085 1710 76 68 by
1192 1709 69 54 G.
1295 1709 263 54 William
1589 1710 162 67 Nott,
1782 1710 141 52 with
1955 1728 71 34 an
128 1709 1994 133 introduction

493 1788 75 68 by
606 1788 185 54 Grace
828 1788 178 68 King.
1083 1788 139 53 New
1264 1787 263 68 Orleans,
1566 1788 274 68 Tropical
1880 1788 269 69 printing

127 1885 300 50 company,
458 1867 128 66 inc.,
619 1869 151 50 1928.

199 1948 867 51 63, [1] p. illus., fold. plan. 21 ᶜᵐ.
200 2021 70 40 On
309 2031 143 29 cover;
520 2020 239 41 Souvenir
796 2020 52 40 of
884 2020 81 40 old
1002 2020 119 40 New
1158 2020 208 41 Orleans
1405 2019 119 42 with
1563 2020 66 41 its
1668 2020 146 40 Latin
1853 2024 205 45 quarter
2096 2020 52 42 of

130 2078 185 40 French
346 2078 96 39 and
475 2076 211 49 Spanish
716 2078 254 39 old-world
1001 2087 241 31 romance.

131 2146 52 51 ©
215 2150 111 40 Feb.
356 2151 39 46 7,
427 2149 115 40 1928;
600 2150 68 40 2c.
700 2150 111 40 Feb.
840 2150 56 38 11;
956 2149 83 41 aff.
1071 2150 112 40 Feb.
1214 2149 59 40 10;
1330 2150 43 38 A
1402 2148 207 42 1018750;
1667 2150 228 48 Tropical
1927 2150 220 49 printing

200 2218 81 37 co.,
309 2208 90 39 inc.
472 2207 254 49 (28-7304)

134 2301 146 61 Oud,
309 2300 52 53 J.
392 2300 54 53 J.
476 2301 63 52 P.

201 2380 419 53 Holländische
646 2380 371 53 architektur.
1081 2380 309 67 München,
1418 2380 206 54 Albert
1651 2380 257 71 Langen,
1937 2383 152 51 1926.

200 2464 20 37 1
262 2474 43 29 v.
380 2463 459 48 (Bauhausbücher.
904 2463 80 48 10)

133 2515 51 53 ©
217 2521 112 39 Dec.
359 2520 71 48 28,
462 2519 140 48 1926;
664 2531 37 30 1c.
732 2521 115 47 Apr.
878 2521 68 47 15,
979 2520 141 47 1927;
1154 2520 316 49 A—Foreign
1499 2521 173 48 34316;
1706 2522 55 40 A.
1794 2521 211 49 Langen.

133 2629 229 54 Oxford
398 2629 116 53 and
551 2630 282 64 Asquith,
867 2631 240 63 Margot
1145 2630 284 64 Asquith,
1467 2637 258 47 countess
1760 2632 77 69 of.

204 2709 258 52 Octavia.
541 2709 166 67 Mar.,
741 2709 165 67 Apr.,
944 2713 149 49 1928.
1193 2713 33 48 [2
1263 2710 380 67 instalments]

212 2791 83 48 (In
324 2787 254 44 Woman’s
609 2788 200 51 journal
842 2788 289 53 magazine)

137 2844 51 52 ©
244 2860 36 29 1c.
308 2847 119 41 each
453 2849 113 47 Apr.
592 2849 40 47 3,
659 2848 141 48 1928;
830 2849 41 39 A
897 2851 61 38 ad
985 2849 88 41 int.
1099 2849 174 47 10854;
1302 2850 144 48 pubd.
1475 2850 110 42 Feb.
1615 2850 69 47 15,
1714 2851 121 41 Mar.
1863 2850 83 45 15;
1977 2852 168 39 Emma

204 2905 137 40 Alice
376 2907 253 47 Margaret
668 2907 227 39 Tennant
932 2907 226 48 Asquith,
1199 2909 228 39 countess
1467 2908 51 40 of
1558 2907 189 41 Oxford
1789 2908 95 40 and
1925 2908 225 49 Asquith,

208 2962 176 40 Sutton
416 2963 260 48 Courtney,
707 2963 280 49 Berkshire,
1021 2965 239 47 England.

129 3055 285 64 Paludan,
446 3057 200 62 Jacob,
682 3061 172 50 1896-

205 3135 174 53 Birds
413 3137 220 52 around
666 3137 96 53 the
796 3137 170 69 light,
997 3138 76 68 by
1106 3138 182 54 Jacob
1321 3138 287 66 Paludan,
1641 3139 315 52 translated
2003 3139 144 52 from

133 3215 96 52 the
275 3215 225 52 Danish
545 3216 73 67 by
665 3215 183 55 Grace
892 3216 192 52 Isabel
1132 3215 268 55 Colbron.
1477 3217 138 52 New
1666 3217 180 67 York,
1890 3217 262 67 London,

134 3291 68 55 G.
233 3294 64 52 P.
329 3293 298 55 Putnam’s
658 3312 147 49 sons,
836 3296 151 51 1928.

230 3376 398 48 1 p. l., 347 p. 19½ ᶜᵐ.
139 3429 52 52 ©
223 3434 122 40 Mar.
376 3433 29 40 9,
448 3433 141 45 1928;
621 3434 68 40 2c.
721 3435 92 39 and
847 3434 82 42 aff.
962 3436 121 40 Mar.
1116 3435 82 45 10;
1231 3435 43 39 A
1303 3435 230 43 1069208;
1570 3436 53 41 G.
1656 3437 49 40 P.
1739 3437 253 40 Putnam’s
2023 3448 128 30 sons.

219 3491 254 48 (28-7333)

134 3585 214 63 Pende,
380 3585 226 53 Nicola.

208 3663 453 55 Constitutional
689 3666 425 68 inadequacies;
1147 3685 73 34 an
1251 3667 394 53 introduction
1674 3673 58 47 to
1761 3668 97 53 the
1885 3670 175 67 study
2089 3669 65 53 of

136 3742 2016 75 abnormal constitutions, by Nicola Pende … translated by
141 3820 1951 75 Sante Naccarati … with a foreword by George Draper …
138 3900 429 68 Philadelphia,
596 3901 117 53 Lea
741 3903 47 51 &
816 3901 263 70 Febiger,
1110 3906 151 50 1928.

277 4015 9 10 xv.
321 3983 208 49 [17]-270
557 3995 43 37 p.
660 3984 144 47 illus.,
836 3984 154 50 diagr.
1050 3986 57 40 24½ᶜᵐ.

144 4037 52 51 ©
226 4041 109 40 Feb.
362 4042 57 38 23,
462 4042 140 41 1928;
630 4043 68 41 2c.
728 4043 110 42 Feb.
867 4044 55 38 25;
980 4044 82 41 aff.
1092 4046 123 39 Mar.
1246 4045 20 38 1;
1330 4045 37 39 A
1397 4044 205 42 1069048;
1661 4047 93 39 Lea
1787 4047 35 40 &
1852 4046 219 47 Febiger.

223 4098 252 48 (28-7383)
