2498 4384
1147 4048 137 55 1307

208 405 337 63 Buschkiel,
581 404 250 63 Conrad,
870 403 364 54 1858?-1926.

281 484 372 54 Elektrizität
683 484 57 51 in
774 483 100 52 der
904 478 485 69 landwirtschaft,
1418 477 311 54 bearbeitet
1760 496 110 35 von
1902 476 63 56 C.
208 476 1981 140 Buschkiel

210 554 1980 140 † Mit 185 abbildungen. Berlin und Leipzig, W. de Gruyter
323 643 45 50 &
395 660 99 49 co.,
524 640 150 53 1927.

278 716 1883 55 xii, 171 p. illus., diagrs. 21 ᶜᵐ. · (Added t.-p.: Siemens-handbücher …
287 814 8 8 XII.
317 781 102 47 bd.)

213 844 1982 105 © Aug. 25, 1927; 1c. Apr. 23, 1928; A—Foreign 38608; Walter de Gruyter
387 908 38 41 &
455 919 68 30 co.
592 904 281 51 (28-21148)

211 1016 174 63 Cade,
419 1016 188 52 David
638 1015 88 53 W.

282 1094 214 53 Dream
536 1110 247 51 cargoes,
823 1091 75 68 by
937 1090 195 53 David
1174 1091 90 53 W.
1310 1089 170 55 Cade.
1559 1089 138 52 New
1741 1087 180 68 York,
1963 1088 164 53 Dean
2169 1089 45 51 &

214 1189 297 51 company,
540 1173 149 50 1928.

283 1253 240 50 64 p. 21 ᶜᵐ.
285 1326 184 39 Poems.

213 1392 51 53 ©
291 1396 122 47 Aug.
440 1396 40 47 1,
508 1394 115 41 1928;
679 1394 70 40 2c.
777 1394 97 39 and
901 1392 82 42 aff.
1011 1392 123 49 Aug.
1161 1393 57 40 27;
1277 1392 40 39 A
1345 1392 231 47 1054106;
1608 1392 138 40 Dean
1775 1391 37 41 &
1840 1402 70 30 co.

292 1451 280 50 (28-21035)

212 1558 325 64 Champion
567 1559 69 52 de
668 1556 348 65 Crespigny,
1046 1558 139 53 Mrs.
1217 1557 153 52 Rose
1410 1556 190 65 (Key)

287 1635 215 56 Straws
525 1636 59 52 in
609 1637 96 53 the
730 1635 173 68 wind,
926 1635 75 69 by
1025 1635 140 53 Mrs.
1192 1634 202 68 Philip
1422 1633 324 69 Champion
1775 1635 68 52 de
1872 1632 340 70 Crespigny.

214 1715 257 66 London,
500 1715 255 52 Toronto
917 1746 12 35 [etc.]
966 1712 217 55 Cassell
1212 1713 116 53 and
1358 1730 300 51 company,
1688 1711 105 54 ltd.
1991 1744 12 35 [1928]

282 1795 386 50 306, [1] p. 19½ ᶜᵐ.
214 1862 2001 54 © 1c. July 20, 1928; A ad int. 11513; pubd. May 24; Rose Champion de
282 1922 279 50 Crespigny,
590 1925 31 40 i.
648 1935 39 31 e.
716 1924 116 43 Mrs.
861 1923 165 53 Philip
1054 1923 271 52 Champion
1354 1924 58 40 de
1442 1922 280 52 Crespigny,
1752 1924 215 41 London.

291 1979 281 50 (28-21228)

211 2074 279 65 Cockrell,
525 2074 320 66 Stephena.

283 2153 122 56 The
442 2154 174 71 hinge
653 2154 64 55 of
753 2154 217 55 heaven
1030 2153 92 72 [by]
1169 2153 291 72 Stephena
1502 2152 278 58 Cockrell.
1856 2153 138 56 New
2037 2152 182 71 York,

211 2232 89 56 W.
330 2232 253 55 Morrow
611 2235 46 52 &
684 2251 300 53 company,
1015 2236 150 53 1928.

279 2315 478 51 2 p. l., 284 p. 19½ ᶜᵐ.
213 2382 51 55 ©
294 2388 129 49 Sept.
450 2387 39 50 6,
517 2386 117 44 1928;
685 2387 70 43 2c.
781 2388 97 41 and
904 2387 83 43 aff.
1017 2388 130 49 Sept.
1173 2386 26 44 8;
1255 2387 41 41 A
1323 2385 206 44 1054159;
1584 2387 219 43 William
1831 2388 212 42 Morrow
2071 2387 37 42 &
2133 2398 83 39 co.,

280 2445 91 42 inc.
443 2445 282 49 (28-21057)

210 2539 250 63 Conner,
491 2538 207 56 Sabra.

277 2615 1942 72 On Sweetwater trail, by Sabra Conner … decorations by
208 2693 199 71 Edgar
453 2693 213 55 Miller.
761 2694 272 71 Chicago,
1078 2696 138 53 New
1264 2694 181 70 York,
1489 2696 122 53 The
1656 2695 193 70 Reilly
1893 2697 45 50 &
1981 2696 114 53 Lee
2139 2715 79 35 co.

211 2776 193 64 [ ᶜ19 28 ]
275 2857 887 49 4 p. l., 13-326 p. incl. maps. 19½ ᶜᵐ.
213 2921 53 53 ©
291 2927 122 47 Aug.
438 2926 70 48 23,
534 2926 118 40 1928;
703 2927 69 41 2c.
799 2927 95 39 and
922 2925 84 41 aff.
1036 2926 129 48 Sept.
1193 2928 26 39 7;
1275 2926 43 40 A
1343 2925 207 43 1054139;
1604 2927 162 49 Reilly
1794 2929 96 39 and
1917 2927 94 41 Lee
2039 2938 70 31 co.

290 2982 283 50 (28-20930)

207 3075 237 64 Cronin,
477 3077 289 53 Bernard.

283 3154 341 69 Dragonfly,
682 3155 77 68 by
818 3155 264 53 Bernard
1144 3154 236 55 Cronin.
1477 3155 261 68 London,
1797 3155 243 54 Hodder
2104 3156 114 52 and

215 3230 346 70 Stoughton,
586 3233 104 52 ltd.
886 3265 13 35 [1928]

281 3312 278 49 309 p. 19 ᶜᵐ.
213 3379 2005 56 © 1c. July 2, 1928; A ad int. 11408; pubd. May 4: B. Cronin, Melbourne,
280 3438 272 42 Australia.
622 3441 281 48 (28-21227)

210 3531 419 67 Czarnomska,
669 3534 329 66 Elizabeth,
1038 3539 84 52 ed.

281 3612 121 53 The
428 3614 291 52 authentic
743 3615 298 53 literature
1064 3615 65 53 of
1150 3616 201 68 Israel,
1377 3616 161 53 freed
1565 3616 154 54 from
1741 3618 97 52 the
210 3618 1989 143 disarrangements,

442 3690 341 69 expansions
815 3694 113 52 and
960 3700 309 48 comments
1300 3694 64 53 of
1394 3695 158 68 early
1581 3694 197 54 native
1807 3696 230 53 editors.
2113 3694 110 54 Ed.

211 3767 2015 76 with introductions by Elizabeth Czarnomska … pt. 2. From
211 3845 96 53 the
335 3846 145 54 exile
507 3853 58 47 to
594 3849 96 52 the
717 3867 266 51 recovery
1010 3850 64 53 of
1102 3850 228 55 Israel’s
1359 3851 441 69 independence.
1876 3852 140 53 New
2044 3851 183 71 York,

211 3924 121 54 The
359 3925 338 54 Macmillan
728 3945 297 52 company,
1058 3931 150 50 1928.
