2498 4384
1065 4068 131 47 1803

182 493 1293 54 xi p., 1 l., 101 p. incl. front., illus., plates. 21 ½ ᶜᵐ.
184 569 288 40 Illustrated
499 568 364 48 lining-papers.

184 628 181 38 “These
399 626 176 40 stories
611 626 92 39 and
740 635 138 29 verse
914 634 125 29 were
1073 624 99 40 told
1207 623 128 39 from
1373 621 115 41 time
1523 623 48 38 to
1605 620 117 40 time
1758 622 49 38 to
1843 619 119 40 Miss

117 619 1986 105 Matthews
298 684 59 46 by
390 685 86 37 her
508 682 408 47 seven-year-olds
950 683 51 37 at
1034 682 81 38 the
1150 679 200 41 Lincoln
1382 677 457 41 school.”—Introd.

120 720 1831 85 © Oct. 23 , 1928; 2c. Oct. 24; aff. Oct. 25; A 1233; Macmillan co.
197 811 280 50 (28-27758)

114 907 206 61 Miller,
357 904 317 53 Frederick
711 904 243 63 Caspar.

189 982 165 55 Saint
383 983 176 65 Paul;
589 977 1239 71 location—development—opportunities,
1855 977 77 69 by
1960 977 66 52 F.
2059 976 63 55 C.

119 1061 210 67 Miller,
460 1104 9 9 PH.
551 1103 9 9 D.
640 1058 83 55 St.
766 1059 166 58 Paul,
976 1058 205 67 Minn,,
1223 1057 182 54 Webb
1449 1057 148 52 book
1644 1055 336 69 publishing
2025 1072 99 49 co.,

121 1141 147 50 1928.

187 1216 995 51 223 p. incl. front., illus., diagrs. 20 ᶜᵐ.
121 1287 1838 52 © July 27, 1928; 2c. and aff. Nov. 5; A 442; Webb book pub. co.
198 1346 281 50 (28-27596)

117 1444 265 62 Morgan,
418 1442 239 62 Bayard
692 1440 246 63 Quincy,
976 1445 171 49 1883-
1366 1441 83 53 ed.

190 1520 251 55 German
478 1519 310 68 frequency
822 1519 157 52 word
1014 1518 166 67 book,
1213 1517 174 54 based
1424 1536 71 34 on
1531 1518 318 68 Kaeding’s
120 1516 1986 136 Häufigkeitswörterbuch
667 1598 101 52 der

808 1597 308 53 deutschen
1156 1596 258 67 sprache,
1456 1596 284 67 arranged
1781 1596 114 52 and
1937 1595 191 53 edited

124 1673 2005 73 by B. Q. Morgan … New York, The Macmillan company,
126 1759 145 49 1928.

254 1834 1875 51 xv p., 1 l., 87 p. 24 ᶜᵐ. (On cover: Publications of the American and
124 1894 250 41 Canadian
403 1893 302 41 committees
734 1904 60 29 on
823 1893 200 40 modern
1052 1893 284 47 languages,
1394 1903 42 30 v.
1466 1892 52 49 9)

470 1961 149 43 CONTENTS.—list
696 1994 10 9 A.
748 1964 146 40 Basic
933 1964 160 39 words
1131 1964 50 39 in
1220 1964 84 40 the
1343 1964 143 40 order
1525 1963 53 41 of
1615 1960 431 51 frequency.—list
2085 1970 44 33 B.

126 2022 335 48 Alphabetical
492 2021 84 40 list
608 2021 52 40 of
690 2023 127 38 most
846 2020 233 49 frequent
1108 2021 175 41 words.

125 2075 51 52 ©
206 2079 102 41 Oct.
335 2079 70 47 23,
435 2078 115 40 1928;
606 2078 69 40 2c.
706 2078 102 41 Oct.
837 2078 55 39 24:
952 2078 82 41 aff.
1065 2078 103 40 Oct.
1197 2078 57 39 25;
1312 2078 41 38 A
1382 2077 115 41 1236;
1557 2078 282 40 Macmillan
1870 2089 68 29 co.

202 2136 280 48 (28-27673)

126 2232 220 62 Moyer,
370 2230 205 53 James
600 2229 311 64 Ambrose,
938 2235 171 49 1875-

193 2309 453 69 Refrigeration,
681 2309 301 68 including
1017 2308 316 53 household
1370 2308 313 53 automatic
1718 2308 418 70 refrigerating

127 2386 1946 70 machines, by James A. Moyer … and Raymond U. Fittz …
127 2471 83 48 1st
252 2467 83 52 ed.
415 2467 138 52 New
597 2466 165 53 York
934 2499 12 34 [etc.]
995 2465 436 55 McGraw-Hill
1472 2466 149 53 book
1664 2485 300 50 company,
2007 2467 128 68 inc.,

131 2549 146 49 1928.

196 2625 1786 50 vii, 431 p. incl. illus., tables, diagrs. (part fold.) 24 ᶜᵐ. $4.00
129 2695 51 52 ©
209 2699 120 39 Nov.
357 2699 39 46 7,
427 2698 114 39 1928;
599 2697 68 41 2c.
698 2698 95 38 and
823 2696 83 41 aff.
936 2698 119 40 Nov.
1086 2697 26 39 9;
1172 2697 41 39 A
1243 2696 85 40 502;
1389 2697 355 40 McGraw-Hill
1774 2698 124 40 book
1929 2710 81 35 co.,
2043 2698 92 41 inc.

207 2754 281 50 (28-27670)

125 2850 144 52 New
305 2849 163 52 York
504 2847 243 65 singing
782 2848 293 54 teachers’
1111 2848 382 65 association,
1529 2848 112 55 inc.

198 2928 242 67 Twenty
463 2944 164 51 years
653 2925 64 54 of
739 2927 95 52 the
861 2927 141 52 New
1029 2926 165 53 York
1220 2927 236 69 singing
1480 2927 273 54 teachers’
1779 2927 360 69 association,

128 3005 430 67 incorporated;
595 3023 31 34 a
660 3006 197 52 record
892 3004 65 53 of
990 3010 327 63 agreement
1351 3023 73 35 on
1459 3005 309 54 essentials.
130 3005 1985 145 Philadelphia,

312 3083 122 67 Pa.,
463 3082 297 54 Theodore
789 3082 232 54 Presser
1051 3101 80 35 co.
1277 3085 86 66 [ᶜ1928]

200 3164 83 40 193
314 3175 43 37 p.
420 3163 129 42 illus.
578 3162 203 50 (music)
849 3163 147 44 20½ᶜᵐ.

201 3221 228 40 Lettered
459 3232 59 29 on
547 3231 142 29 cover;
747 3222 118 39 New
894 3222 132 38 York
1055 3222 196 47 singing
1281 3223 223 39 teachers
1535 3222 297 41 association;
1891 3223 67 41 its
1989 3227 151 45 story.

204 3277 399 47 “Chronological
634 3278 85 39 list
751 3278 52 39 of
833 3279 66 38 all
930 3288 177 38 papers
1137 3280 98 38 and
1267 3279 288 40 addresses”:
1617 3291 44 37 p.
1694 3280 217 41 168-173.

135 3331 1892 52 © Oct. 25, 1928; 2c. and aff. Oct. 30; A 1327; Theodore Presser co.
212 3392 281 49 (28-27602)

130 3486 268 64 Newton,
430 3486 209 53 Alfred
673 3487 273 64 Edward,
980 3492 172 50 1863-

135 3565 1982 145 This book-collecting game, by A. Edward Newton … Boston,
281 3643 197 66 Little,
511 3643 212 52 Brown
757 3644 114 53 and
904 3661 299 51 company,
1240 3648 149 50 1928.

205 3724 1934 55 8 p. l., 410 p., 1 l. col. front., illus. (incl. facsims.) col. pl., ports.
144 3780 313 48 (1 col.) 24½ ᶜᵐ.
207 3837 152 41 “Nine
382 3838 223 41 hundred
633 3840 95 38 and
754 3839 169 48 ninety
949 3839 159 49 copies
1135 3840 52 40 of
1212 3841 84 40 the
1322 3843 135 46 large
1483 3852 150 38 paper
1660 3842 184 41 edition
1871 3843 124 41 have
2023 3845 117 39 been

136 3893 192 48 printed
368 3896 97 39 and
505 3906 84 29 are
629 3895 243 41 inscribed
912 3897 61 46 by
1015 3896 81 41 the
1136 3897 194 41 author.
1402 3897 63 41 Of
1506 3898 81 40 the
1627 3898 113 43 nine
1781 3899 222 41 hundred
2045 3902 95 39 and

138 3950 111 48 fifty
287 3951 160 49 copies
486 3964 35 29 w
518 3964 12 11 h
533 3951 112 42 ich
685 3962 84 31 are
807 3952 80 42 for
926 3953 103 41 sale
1068 3953 100 42 this
1206 3953 43 42 is
1288 3964 119 39 copy
1446 3954 80 42 for
1566 3955 298 50 copyright.”
1936 3956 178 50 Signed:

137 4007 53 40 A.
222 4008 210 41 Edward
464 4009 219 41 Newton.
