2498 4384
1135 4086 136 51 1305

202 431 118 51 The
350 427 318 55 American
699 429 214 54 Jewish
944 447 135 50 year
1105 427 165 68 book,
1302 428 151 69 5689,
1486 425 332 69 September
1849 427 82 67 15,
1963 426 152 65 1928,
2143 427 60 49 to

272 507 245 55 October
559 513 44 51 5,
647 512 148 47 1929.
872 526 49 35 v.
964 510 81 49 30.
1122 506 107 53 Ed.
1269 506 75 67 by
1381 505 200 68 Harry
1622 503 447 56 Schneiderman
2110 502 94 52 for

269 588 94 52 the
391 587 304 52 American
724 587 215 52 Jewish
969 584 335 53 committee.
1380 582 428 70 Philadelphia,
1836 583 121 52 The
1986 581 217 54 Jewish

270 666 352 68 publication
654 664 211 68 society
896 664 63 53 of
990 663 283 67 America,
1308 664 148 51 1928.

304 744 1073 51 viii p., 1 l., 446 p. tables, diagrs. 19 ᶜᵐ .
204 814 51 52 ©
293 819 129 48 Sept.
453 819 41 46 4,
660 829 8 36 1928;
702 817 68 41 2c.
806 817 128 47 Sept.
968 818 52 40 7:
1057 816 82 42 aff.
1175 816 130 48 Sept.
1381 827 9 36 8;
1428 816 37 38 A
1501 815 230 46 1054313;

1768 815 184 40 Jewish
270 815 1909 100 publication
397 885 94 30 soc.
518 875 51 40 of
592 873 237 42 America.

205 983 305 64 Anthony,
543 981 185 55 Raoul
759 981 180 53 Louis
972 981 355 64 Ferdinand,
1362 981 168 54 1874-

275 1063 215 52 Lecons
525 1080 97 34 sur
655 1062 53 51 le
740 1078 234 35 cerveau
1023 1060 189 69 (cours
1249 1060 342 53 d’anatomie
1629 1060 294 67 comparée
1960 1059 78 53 du
205 1059 1974 149 Muséum)

463 1138 324 68 Encéphale
816 1137 267 69 envisagé
1110 1139 143 52 dans
1282 1156 100 34 son
1412 1138 295 53 ensemble.
1773 1136 430 69 Télencéphale.

207 1214 1997 70 Par R. Anthony … Avec 234 figures dans le texte. Paris,
207 1296 624 66 G. Doin et c ⁱᵉ , 1928.
274 1373 1266 54 3 p. l., 359, [1] p. illus. (part col.) diagrs. 24 ᶜᵐ.
277 1449 180 41 “Cours
495 1446 293 41 d’anatomie
828 1445 252 50 comparée
1121 1447 63 39 du
1226 1445 222 42 Muséum
1493 1446 233 50 [national
1768 1446 253 43 d’histoire
209 1448 1973 107 naturelle]”
437 1503 199 42 “Donné
671 1503 271 49 également
977 1514 59 29 en
1073 1503 160 49 partie
1271 1503 28 40 à
1337 1502 174 43 l’École
1549 1503 420 49 d’anthropologie
2015 1504 189 48 (chaire

208 1561 415 49 d'anthropologie
648 1559 375 50 anatomique)”

207 1630 1940 52 © Jan. 14, 1928; 1c. May 18; A— Foreign 38887; Gaston Doin & cie.
283 1688 280 51 (28-21001)

206 1797 261 63 Arnaud,
500 1796 205 63 Raoul,
743 1797 172 53 1879-

328 1874 1878 69 … La vie turbulente de Camille Desmoulins. Paris, Plon
204 1942 206 80 [1928]"

267 2035 1939 50 3 p. l., 296 p. 19 ᶜᵐ. ( Half-title: Le roman des grandes existences.
197 2094 80 48 16)

204 2162 1808 54 © Mar. 20, 1928; 1c. Apr, 27; A— Foreign 38738; Librairie Plon.
282 2222 282 50 (28-20671)

199 2331 282 65 Bartlett,
513 2331 223 53 Robert
766 2330 245 64 Abram,
1045 2329 172 55 1875-

273 2411 121 53 The
431 2411 97 69 log
564 2409 64 55 of
665 2411 123 52 Bob
827 2410 280 64 Bartlett;
1148 2410 96 52 the
1281 2414 129 48 true
1445 2415 158 63 story
1640 2409 64 53 of
1743 2409 162 70 forty
1940 2429 163 50 years
2141 2411 66 53 of

202 2487 1942 71 seafaring and exploration, by Captain Robert A. Bartlett …
202 2567 67 55 27
310 2567 398 55 illustrations.
787 2567 139 54 New
968 2566 183 71 York,
1191 2566 262 70 London,
1495 2565 68 57 G.
1607 2568 67 53 P.
1716 2567 298 55 Putnam’s
2058 2587 148 52 sons,

205 2649 149 53 1928.

272 2730 84 49 xii,
385 2729 89 42 352
500 2740 44 38 p.
600 2728 165 50 front.,
796 2729 171 50 plates,
999 2730 149 48 ports.
1208 2727 149 44 22½ᶜᵐ.
1473 2727 131 52 $3.50

203 2796 51 55 ©
282 2801 120 49 Aug.
430 2800 70 49 24,
529 2799 118 43 1928;
700 2800 69 42 2c.
798 2801 96 41 and
922 2798 83 44 aff.
1034 2799 121 50 Aug.
1182 2800 60 41 28;
1297 2800 41 41 A
1367 2800 204 42 1054025;
1632 2800 53 43 G.
1713 2801 52 41 P.
1795 2801 251 43 Putnam’s
2078 2814 127 31 sons.

280 2857 282 50 (28-21051)

198 2953 246 63 Barton,
476 2952 256 54 William
767 2951 265 64 Eleazar,
1068 2957 173 49 1861-

267 3033 123 51 The
428 3031 195 53 father
658 3029 64 54 of
755 3031 90 53 his
880 3036 270 64 country;
1190 3032 129 52 how
1355 3032 95 54 the
1486 3032 111 69 boy
1631 3034 386 69 Washington
2056 3053 152 50 grew

199 3109 59 53 in
286 3115 218 47 stature
532 3109 113 53 and
674 3109 169 68 spirit
872 3110 113 52 and
1012 3110 229 52 became
1267 3129 31 33 a
1326 3116 163 63 great
1517 3112 212 53 soldier
1756 3113 113 52 and
1899 3113 309 68 president,

197 3188 1984 148 by William E. Barton … illustrated by H. A. Ogden. Indianapolis, The Bobbs-Merrill company [ᶜ1928]
270 3347 1164 50 5 p. l., 13-301 p. front, (port.) plates. 20½ᶜᵐ.
202 3416 51 52 ©
283 3420 120 48 Aug.
432 3420 70 47 24,
532 3419 141 46 1928;
702 3419 70 41 2c.
801 3419 97 40 and
927 3419 83 42 aff.
1044 3420 128 48 Sept.
1202 3420 54 46 6;
1289 3420 40 40 A
1360 3421 230 48 1053209;
1625 3424 369 40 Bobbs-Merrill
2026 3437 68 30 co.

281 3475 283 50 (28-21006)

198 3571 295 62 Binheim,
526 3571 157 61 Max,
718 3571 83 53 ed.

266 3650 242 53 Women
549 3648 65 53 of
652 3649 96 52 the
787 3648 188 67 West;
1022 3667 30 34 a
1094 3650 171 53 series
1305 3650 65 53 of
1410 3652 401 69 biographical
1851 3656 255 54 sketches
2148 3657 70 53 of

198 3728 185 68 living
406 3727 248 53 eminent
677 3745 217 34 women
920 3727 58 51 in
1000 3727 98 52 the
1118 3728 191 52 eleven
1333 3736 240 47 western
1595 3738 174 48 states
1791 3733 64 53 of
1877 3736 95 52 the
1993 3735 214 54 United

202 3804 187 56 States
430 3805 64 53 of
531 3804 283 53 America.
893 3807 134 51 1928
1067 3806 84 52 ed.
1229 3805 304 70 Compiled
1574 3811 118 54 and
1730 3813 189 53 edited
1958 3814 76 68 by
2073 3814 138 52 Max

201 3883 1952 72 Binheim, editor-in-chief, Charles A. Elvin, associate editor …
199 3960 1408 70 Los Angeles, Calif., Publishers press [ ᶜ19 28]
