2547 4432
1367 4144 70 52 28

395 492 219 64 Noyes,
645 490 277 64 William,
958 494 169 50 1862-

395 568 1986 148 Design and construction in wood, by William Noyes … Peoria, Ill.,
706 647 123 54 The
855 646 241 53 Manual
1124 651 120 49 arts
1271 665 160 49 press
1464 648 194 67 [ᶜ1927]

465 729 1335 53 1 p. l., 9-160 p. front., illus., pl., diagrs. 23½ᶜᵐ.
465 800 236 43 Contains
732 799 396 49 bibliographies.

397 867 1922 53 © Jan. 4, 1928; 2c. and aff. Jan. 9; A 1061102; W. Noyes, Albany.
470 924 69 55 [©
570 939 107 29 new
706 929 196 47 matter]
978 925 253 50 (28-1297)

397 1023 122 53 The
553 1021 109 55 Old
695 1022 204 68 vanity
932 1020 118 53 fair
1081 1026 90 47 tea
1203 1039 158 34 room
1413 1021 216 69 recipes
1661 1022 278 69 gathered
1971 1021 156 55 from
2159 1022 96 54 far
2288 1024 113 54 and

464 1118 154 36 near.
716 1099 115 54 [Los
859 1098 269 69 Angeles,
1157 1097 63 55 C.
1250 1098 72 53 A.
1355 1099 214 69 Bundy
1595 1099 145 69 quill
1768 1102 46 51 &
1842 1118 178 51 press,
2103 1100 119 68 ᶜ1927]

464 1181 621 52 3 p. l., 11-160 p. 20ᶜᵐ.
465 1255 121 39 Part
614 1253 53 41 of
694 1262 149 39 pages
873 1252 164 41 blank.

465 1311 183 40 “These
681 1308 186 49 recipes
899 1318 84 30 are
1016 1308 119 40 used
1165 1307 51 40 in
1248 1308 82 40 the
1362 1307 170 49 dining
1562 1318 134 31 room
1725 1308 54 41 of
1810 1310 83 40 the
1925 1309 241 42 Women’s
2199 1310 204 42 athletic

393 1368 109 40 club
531 1367 53 41 of
610 1367 94 40 Los
732 1366 223 48 Angeles,
986 1364 318 41 California.”

395 1432 1554 52 © Nov. 16, 1927; 2c. and aff. Jan. 3, 1928; A 1061005;
1986 1435 126 41 Caro
2146 1436 51 42 F.
463 1436 1922 105 Chamberlain,
695 1492 93 39 Los
817 1491 222 47 Angeles.
1110 1489 253 50 (28-1296)

393 1587 250 63 Osborn,
679 1586 208 63 Henry
921 1582 296 65 Fairfield,
1256 1584 173 54 1857-

466 1667 142 52 Man
635 1665 140 53 rises
805 1670 59 47 to
893 1664 348 66 Parnassus;
1275 1662 224 54 critical
1529 1663 207 69 epochs
1766 1664 62 53 in
1856 1664 98 54 the
1985 1665 330 71 prehistory
2343 1666 65 54 of

395 1740 1988 134 man, by Henry Fairfield Osborn … Princeton, N. J., Princeton
527 1819 323 70 university
883 1837 186 51 press;
1107 1818 263 69 London,
1402 1818 80 54 H.
1515 1818 268 71 Milford,
1820 1819 234 56 Oxford
2086 1821 322 72 university

395 1917 176 50 press,
599 1896 152 56 1927.

467 1979 100 49 xix,
597 1979 99 48 216,
730 1979 55 50 [1]
817 1989 44 38 p.
920 1978 166 48 front.,
1117 1978 130 41 illus.
1275 1977 137 49 (incl.
1441 1979 163 48 maps)
1646 1980 172 48 plates,
1851 1981 167 48 ports.,
2050 1979 182 50 diagrs.
2290 1981 120 44 23ᶜᵐ.

470 2045 117 42 “Six
622 2047 212 38 lectures
871 2046 49 39 to
955 2044 86 41 the
1075 2044 225 40 students
1337 2044 53 40 of
1429 2044 262 41 Princeton
1726 2045 275 49 university
2039 2057 61 30 on
2139 2047 83 40 the
2261 2046 147 42 Louis

398 2102 149 42 Clark
573 2102 255 40 Vanuxem
853 2100 309 49 foundation,
1189 2100 160 42 1927.”

469 2158 203 49 “Sequel
697 2160 50 39 to
772 2158 126 40 ‘Men
924 2157 54 40 of
1002 2158 83 39 the
1109 2158 79 39 old
1213 2158 140 40 stone
1377 2156 102 49 age’
1515 2156 307 50 (1915-18).”

468 2214 380 49 Bibliography:
876 2225 43 38 p.
947 2213 236 50 195-[198]

394 2282 53 53 ©
479 2286 114 42 Dec.
624 2285 69 49 16,
725 2285 142 47 1927;
900 2285 69 40 2c.
1000 2285 97 39 and
1129 2283 82 42 aff.
1244 2285 112 40 Jan.
1388 2284 39 48 5,
1460 2283 143 49 1928;
1636 2285 42 39 A
1709 2284 233 49 1018203;
1977 2285 261 42 Princeton
2272 2286 131 43 univ.

461 2354 153 38 press.
686 2341 252 50 (28-1178)

393 2438 124 53 The
549 2437 459 54 Patchworkers
1049 2436 115 67 [the
1195 2436 206 53 second
1433 2436 278 67 volume];
1748 2438 244 68 created,
2025 2438 250 68 written,
464 2440 1916 145 designed,

715 2515 347 67 illustrated,
1095 2514 190 53 edited
1318 2514 115 53 and
1466 2513 305 69 published
1800 2514 77 69 by
1907 2515 69 54 R.
2009 2515 159 56 John
464 2516 1916 148 Holmgren,
661 2594 160 54 John
857 2594 85 51 La

981 2592 198 68 Gatta,
1217 2592 217 53 Robert
1470 2591 74 53 K.
1585 2592 250 69 Leavitt,
1872 2593 203 70 Harry
2111 2594 141 54 Lees
2289 2596 115 52 and

466 2673 256 55 Edward
744 2671 225 55 Monks.
1029 2670 432 70 Philadelphia,
1483 2670 159 54 Priv.
1668 2670 176 70 print,
1869 2671 78 71 by
1970 2672 70 54 R.
2064 2672 164 70 Neal,
2255 2671 152 57 1927.

459 2753 774 53 2 p. l., 7-33 p. illus. 31ᶜᵐ.
395 2823 52 53 ©
479 2828 112 41 Dec.
620 2827 71 48 23,
721 2826 143 47 1927;
896 2826 69 41 2c.
996 2826 111 41 Jan.
1137 2825 70 48 12,
1238 2824 143 48 1928;
1415 2824 84 42 aff.
1530 2826 111 39 Jan.
1672 2825 83 47 11;
1788 2825 43 39 A
1861 2825 231 48 1018339;
2127 2826 184 42 Robert
2342 2828 60 41 K.

463 2884 208 49 Leavitt,
698 2884 120 40 New
843 2883 147 41 York.

393 2978 207 65 Perry,
631 2977 49 55 L
998 2978 152 64 Day,
1184 2975 174 57 1887-

393 3054 1986 150 Seat weaving, by L. Day Perry … Peoria, Ill., The Manual arts press [ᶜ1928]
464 3219 56 41 88
542 3230 45 38 p.
646 3217 130 43 illus.
835 3217 119 43 20ᶜᵐ.

465 3289 274 48 “Enlarged
765 3287 228 43 edition.”

395 3357 52 52 ©
480 3362 112 40 Jan.
623 3362 42 47 4,
698 3360 118 40 1928;
874 3361 69 40 2c.
977 3361 97 40 and
1105 3359 84 43 aff.
1223 3361 110 39 Jan.
1367 3359 53 47 9;
1456 3359 42 39 A
1529 3358 231 48 1061101;
1795 3360 52 40 L.
1881 3358 59 42 D.
1974 3359 166 48 Perry,
2176 3357 225 51 Chicago.

472 3417 253 50 (28-1060)

392 3511 428 65 Philadelphia.
898 3513 147 52 Free
1078 3511 246 65 library.

464 3589 297 55 Exercises
796 3594 62 48 at
890 3589 97 54 the
1021 3590 253 69 opening
1307 3589 66 53 of
1405 3589 98 53 the
1536 3588 160 53 main
1726 3587 270 70 building
2029 3587 66 53 of
2127 3588 99 53 the
2259 3589 146 53 Free

393 3669 221 68 library
643 3668 64 53 of
734 3667 431 69 Philadelphia,
1195 3667 201 70 facing
1423 3667 202 69 Logan
1653 3684 220 50 square,
1901 3664 153 56 June
2080 3668 52 66 2,
2163 3667 153 68 1927,
2344 3673 60 47 at

394 3746 137 54 four
584 3745 229 55 o’clock.
905 3744 412 70 Philadelphia
1380 3744 261 69 [Printed
1694 3744 77 70 by
1825 3744 57 55 J.
1939 3744 68 52 B.
2062 3742 342 71 Lippincott

393 3842 300 52 company]
735 3824 153 53 1927.

463 3909 57 39 42
550 3919 59 38 p.,
638 3909 25 39 1
714 3940 9 9 l.
782 3907 167 48 front.,
981 3908 173 48 plates,
1185 3908 158 48 plans.
1401 3907 149 41 22½ᶜᵐ.

465 3977 144 41 “3000
635 3976 161 50 copies
823 3976 54 41 of
901 3976 99 40 this
1027 3976 123 40 book
1176 3977 124 40 have
1328 3977 120 39 been
1473 3974 239 50 printed.”

396 4029 52 52 ©
476 4033 113 42 Dec.
616 4034 70 48 12,
713 4032 142 47 1927;
883 4032 68 41 2c.
979 4033 97 39 and
1102 4031 83 42 aff.
1213 4032 112 40 Dec.
1353 4031 84 48 28;
1467 4032 42 39 A
1535 4030 231 49 1018342;
1796 4031 123 41 Free
1946 4031 186 48 library

2162 4030 52 41 of
463 4029 1920 110 Philadelphia.
744 4088 252 51 (28-1299)
