2542 4417
1172 4106 67 56 75

183 447 190 51 Notes
408 451 59 47 to
506 449 240 49 statutes
784 443 64 53 of
883 442 265 54 Indiana.
1237 440 167 70 (New
1442 439 197 70 series)
1726 438 355 70 Embracing
2118 456 75 36 an

255 524 332 53 exhaustive
611 523 248 68 epitome
881 520 64 54 of
968 521 80 53 all
1070 520 98 54 the
1192 519 212 69 points,
1426 518 139 54 both
1590 523 289 64 statutory
1905 518 115 53 and

254 535 1916 119 common
422 602 129 66 law,
587 601 60 52 in
686 600 79 53 all
801 604 230 48 current
1069 597 278 54 decisions
1386 597 65 53 of
1488 597 99 52 the
1622 596 252 53 Indiana
1917 594 278 70 Supreme

255 680 113 52 and
397 679 311 68 Appellate
739 682 208 62 courts,
976 677 77 52 all
1085 682 229 47 current
1344 674 325 71 legislative
1699 678 378 64 enactments;

257 679 1913 131 together
488 757 140 52 with
665 755 316 54 references
1017 761 58 46 to
1113 773 152 34 cases
1302 752 154 54 from
1493 758 191 48 courts
1719 751 67 54 of
1820 752 165 54 other
2021 756 175 50 states

252 835 335 69 construing
607 839 241 49 statutes
869 833 222 53 similar
1111 839 60 47 to
1192 833 161 53 those
1372 831 66 54 of
1458 831 269 54 Indiana.
1787 831 103 53 All
1910 830 287 70 arranged

255 914 181 52 under
471 913 95 52 the
603 912 250 69 analysis
891 912 113 52 and
1041 911 214 53 section
1291 909 268 55 numbers
1595 908 66 55 of
1698 908 210 55 Burns’
1944 908 252 55 Indiana

255 997 258 61 statutes,
542 990 141 52 with
712 1008 31 34 a
772 989 214 68 topical
1016 989 190 53 index.
1275 988 299 68 Complete
1601 988 226 53 volume
1860 990 152 50 1926.
255 987 1918 135 Edited

254 1065 1920 135 by Emerson E. Ballard … Crawfordsville, Ind., National
469 1144 872 64 annotating company [ ᶜ 1927]
257 1231 88 42 186
373 1241 44 38 p.
475 1229 148 42 24½ᶜᵐ.

189 1297 52 52 ©
271 1302 123 39 Mar.
422 1300 71 48 28,
523 1299 141 48 1927;
693 1301 69 39 2c.
792 1299 114 41 Dec.
935 1299 82 48 10;
1050 1299 83 43 aff.
1164 1300 111 42 Jan.
1305 1299 41 50 9,
1376 1300 143 47 1928;
1552 1299 42 40 A
1624 1298 232 49 1061210;
1889 1299 116 40 Natl.

257 1309 1923 97 annotating
448 1367 68 31 co.
586 1356 254 50 (28-2543)

181 1451 419 65 Nottingham,
635 1452 297 62 Stratton,
967 1470 181 50 comp.

253 1530 457 69 Revolutionary
744 1529 240 54 soldiers
1019 1531 114 52 and
1168 1530 204 54 sailors
1408 1529 154 54 from
1596 1529 322 54 Accomack
1954 1529 249 70 County,

186 1606 2017 72 Virginia, compiled by Stratton Nottingham … [Onancock,
184 1687 125 67 Va.,
360 1685 154 69 ᶜ1927]

255 1769 974 49 cover-title, 2 p. l., 101 numb. 1. 26½ᶜᵐ.
253 1839 351 49 Autographed
637 1839 129 41 from
799 1839 333 48 type-written
1164 1850 136 38 copy.

257 1895 1946 52 “… Includes the declarations of applicants for pension … [in] the
185 1952 2018 50 certification of heirs … descent is traced for three, and sometimes four
184 2009 552 50 generations.”—Pref.

191 2063 52 52 ©
275 2067 113 40 Dec.
418 2066 70 48 23,
519 2065 116 41 1927;
694 2065 69 41 2c.
794 2065 113 40 Dec.
939 2065 54 40 31;
1055 2064 83 42 aff.
1171 2065 111 41 Jan.
1313 2066 41 48 3,
1386 2065 115 41 1928;
1562 2066 42 39 A
1635 2065 206 42 1018384;
1903 2067 46 43 S.
259 2066 1928 98 Nottingham.
462 2122 253 50 (28-2681)

189 2217 167 54 Ohio.
431 2218 280 68 Supreme
739 2223 177 47 court.

260 2295 1947 73 Reports of cases argued and determined … Reported by
182 2375 55 52 J.
262 2375 64 52 L.
427 2418 9 9 W.
460 2375 265 68 Henney,
749 2373 276 69 Supreme
1049 2380 162 47 court
1234 2379 274 64 reporter.
1586 2375 140 54 New
1747 2376 187 54 series,
2010 2397 52 34 v.
2088 2381 116 51 116.

193 2453 350 68 Cincinnati,
577 2453 120 53 The
734 2452 152 55 Ohio
918 2454 110 52 law
1062 2459 261 63 reporter
1356 2472 79 35 co.;
1505 2453 333 72 Cleveland,
1872 2456 125 54 The
189 2456 1994 128 Baldwin

335 2550 99 50 co.,
467 2532 151 54 1927.

259 2612 447 51 lxxii, 860 p. 22 ᶜᵐ.
195 2667 51 53 ©
276 2672 112 40 Feb.
417 2672 69 46 17,
516 2669 141 49 1928;
688 2671 69 41 2c.
786 2671 97 40 and
912 2670 82 42 aff.
1024 2671 113 41 Feb.
1166 2671 83 48 20;
1281 2673 42 39 A
1352 2672 232 49 1061836;
1618 2674 44 42 J.
1691 2675 51 41 L.
1772 2675 73 41 W.
1876 2675 220 49 Henney,
2126 2676 81 41 for

263 2728 81 41 the
377 2731 128 39 state
539 2728 51 41 of
624 2727 137 50 Ohio,
795 2728 278 50 Columbus,
1107 2728 54 42 O.

189 2821 205 63 Orczy,
429 2822 349 63 Emmuska,
812 2822 279 54 baroness.

263 2901 121 52 The
411 2919 134 35 man
575 2901 141 53 with
745 2901 100 54 the
871 2900 258 56 branded
1159 2921 140 35 arm.

273 2984 84 48 (In
386 2979 264 45 Pearson’s
684 2980 279 53 magazine,
995 2981 131 52 Dec.,
1160 2981 147 53 1927)

198 3035 2007 58 © 1c. Jan. 27, 1928; A ad int. 10598; pubd. Dec. 1, 1927; Emmuska
265 3098 239 47 Barstow,
533 3098 31 40 i.
594 3108 38 30 e.
663 3099 116 41 Mrs.
810 3099 266 48 Montague
1103 3100 242 48 Barstow,
1376 3101 247 41 Baroness
1655 3101 168 51 Orczy,
1854 3103 215 42 London.

191 3205 281 55 Personal
501 3207 270 63 analysis
799 3208 244 64 bureau,
1074 3209 111 54 inc.

268 3284 1943 77 Speaking effectively … Chicago, Personal analysis bureau
242 3362 135 56 [ᶜ1927]

270 3428 1939 74 3 p. l., 134 p. 19½ᶜᵐ. (Library of personal analysis and development,
196 3513 42 29 v.
267 3502 51 48 7)

201 3553 51 53 ©
281 3559 112 41 Dec.
421 3560 68 48 15,
519 3559 115 41 1927;
692 3561 68 41 2c.
790 3564 96 39 and
914 3561 83 43 aff.
1027 3563 111 41 Jan.
1168 3563 70 49 19,
1267 3564 143 48 1928;
1442 3566 42 39 A
1512 3565 232 49 1018500;
1777 3567 236 41 Personal
269 3569 1923 88 analysis
365 3616 201 50 bureau,
595 3617 93 42 inc.

196 3708 210 64 Ritow,
439 3710 284 55 Herman.

266 3785 430 58 Architectural
736 3790 201 70 design
978 3793 114 53 and
1131 3793 302 71 lettering;
1476 3814 31 34 a
1548 3795 281 70 practical
1867 3798 234 54 treatise
2139 3816 74 36 on

199 3863 95 54 the
325 3867 387 53 construction
745 3870 115 52 and
893 3870 201 70 design
1126 3870 67 54 of
1222 3873 238 53 modern
1494 3874 321 71 dwellings,
1844 3875 77 70 by
1951 3877 261 54 Herman

201 3940 1986 154 Ritow … and Frank Chouteau Brown … Chicago, Ill., American technical society, 1928.
