2498 4384
1107 4067 135 50 1349

155 414 168 59 Ross,
363 410 181 53 Jacob
583 410 96 62 M.,
721 409 82 53 ed.

229 482 1871 68 Adventures in literature, book 9. Edited by J. M. Ross …
159 559 2001 70 and H. C. Schweikert … Illustrated by Florence R. A. Wilde.
159 639 1804 71 New York, Chicago, Harcourt, Brace & company [ ᶜ1 928]
227 726 129 47 xxiv,
391 726 85 39 744
507 735 42 37 p.
611 723 129 41 illus.
799 723 147 40 20½ᶜᵐ.

228 784 139 47 Maps
400 793 60 30 on
494 781 363 48 lining-papers.

161 836 52 53 ©
247 840 128 48 Sept.
407 839 69 42 31,
509 838 141 42 1928;
682 839 67 39 2c.
781 838 95 39 and
908 835 83 42 aff.
1026 836 128 48 Sept.
1184 835 83 47 26;
1302 836 40 39 A
1374 834 230 47 1054562;
1640 834 262 43 Harcourt,
1936 834 158 39 Brace
2125 833 37 40 &

228 908 82 37 co.,
338 896 91 41 inc.

157 991 261 62 Sawyer,
453 988 182 53 Edith
669 988 297 64 Augusta,
1003 990 172 50 1869-

225 1069 120 52 The
384 1086 127 50 way
551 1066 64 53 of
651 1068 165 64 Ume,
851 1067 76 67 by
965 1065 181 53 Edith
1187 1064 71 53 A.
1301 1064 252 68 Sawyer,
1594 1063 137 52 with
1771 1062 391 54 introduction

154 1141 2011 75 by William Elliot Griffis … New York, W. E. Rudge, 1928.
227 1224 1365 54 3 p. l., xi, 145 p. front., 1 illus., plates. 21ᶜᵐ.
164 1282 51 53 ©
247 1288 116 46 July
393 1287 41 47 2,
467 1285 141 47 1928;
642 1286 68 39 2c.
741 1285 119 47 Aug.
892 1283 83 48 24;
1010 1282 83 41 aff.
1125 1283 122 48 Aug.
1278 1282 83 47 29;
1397 1282 41 39 A
1471 1281 231 47 1053085;
1739 1280 218 42 William
1991 1280 175 40 Edwin

231 1344 183 47 Rudge.
484 1341 280 50 (28-20571)

158 1422 358 64 Schellberg,
553 1422 144 53 Otto
731 1421 169 63 Boto,
939 1420 171 54 1870-

230 1501 326 52 Mechanics
592 1500 112 52 and
739 1499 309 68 chemistry
1082 1497 65 54 of
1180 1498 98 52 the
1311 1497 214 51 human
1558 1496 181 68 body;
1789 1494 60 70 (a
1885 1495 187 68 sequel
2109 1500 58 47 to

163 1572 2007 73 “Colonic therapy”) [By] O. Boto Schellberg … New York
162 1654 1342 72 city, The Schellberg institute, inc. [ ᶜ1 928]
231 1739 99 48 viii,
362 1740 59 39 44
451 1749 44 37 p.
555 1740 172 46 plates.
787 1738 147 40 18½ᶜᵐ.

163 1792 53 53 ©
245 1797 122 39 Mar.
396 1796 69 46 15,
495 1794 117 41 1928;
666 1795 68 40 2c.
762 1795 121 47 Aug.
911 1795 83 45 31;
1025 1792 83 41 aff.
1138 1793 118 47 July
1285 1792 53 48 6;
1370 1792 41 39 A
1438 1791 231 47 1053091;
1704 1791 52 41 Ο.
1787 1792 54 40 B.
1874 1790 292 50 Schellberg,

230 1853 119 41 New
376 1852 146 40 York.

162 1931 488 63 Schmalhausen,
681 1929 237 56 Samuel
948 1928 229 55 Daniel.

230 2005 1937 74 Why we misbehave, by Samuel D. Schmalhausen … New
162 2087 180 68 York,
370 2088 122 53 The
519 2087 306 70 Macaulay
854 2103 301 53 company,
1184 2087 152 52 1928.

230 2168 626 51 4 p. l., 5-313 p. 22 ½ᶜᵐ .
233 2226 287 42 “Discusses
543 2228 82 40 the
648 2226 225 50 question
899 2226 52 41 of
974 2236 85 31 sex
1084 2225 50 41 in
1158 2225 65 42 its
1248 2224 200 42 various
1473 2223 353 43 ramifications
1851 2233 56 33 as
1931 2223 39 43 it
1996 2223 175 44 affects

161 2284 182 41 human
370 2284 234 41 behavior
631 2284 50 40 in
710 2284 66 41 its
802 2283 151 42 social
982 2282 698 42 manifestations.”—Introd.

165 2338 52 55 ©
246 2344 121 49 Aug.
395 2341 72 51 24,
496 2342 141 48 1928;
669 2342 68 41 2c.
767 2343 120 49 Aug.
917 2341 83 49 28;
1033 2341 83 43 aff.
1147 2341 122 49 Aug.
1297 2340 84 45 29;
1414 2340 42 41 A
1485 2340 232 49 1053082;
1752 2341 260 49 Macaulay
2043 2352 70 30 co.

244 2401 282 49 (28-20540)

164 2479 215 65 Smith,
416 2479 257 55 Grafton
710 2479 197 64 Elliot,
946 2480 171 54 1871-

238 2558 74 52 In
350 2558 96 53 the
483 2557 344 70 beginning;
870 2558 96 53 the
1005 2557 192 70 origin
1238 2556 66 55 of
1343 2556 373 69 civilization,
1755 2555 77 72 by
1873 2555 70 57 G.
1988 2557 181 53 Elliot

170 2634 207 56 Smith.
440 2635 261 68 London,
728 2634 69 56 G.
827 2635 182 54 Howe
1037 2635 104 53 ltd.
1197 2636 155 67 [1928]

238 2716 1938 50 3 p. l., 90 p. illus. (maps) 17ᶜᵐ. (Half-title: The beginning of
168 2772 178 50 things.
408 2774 207 40 General
646 2773 185 41 editor:
862 2773 54 43 G.
946 2775 53 39 E.
1033 2773 173 41 Smith.
1270 2773 84 50 [1])

240 2830 444 49 “Bibliographical
713 2830 141 41 note”:
914 2841 43 37 p.
991 2830 77 50 [vi]

169 2883 2005 54 © 1c. Sept. 1, 1928; A ad int. 11573; pubd. July 5; William Morrow &
237 2955 80 38 co.,
353 2945 106 48 inc.,
494 2946 118 39 New
645 2946 145 40 York.
862 2945 281 48 (28-22007)

167 3023 450 54 Southwestern
648 3027 272 61 reporter
960 3025 102 65 (2d
1094 3025 147 64 ser.)

235 3103 274 53 Missouri
570 3104 279 53 decisions
909 3105 267 67 reported
1236 3104 60 52 in
1357 3103 184 56 South
1601 3110 241 48 western
1901 3112 274 61 reporter.

170 3179 218 55 Second
431 3182 186 52 series.
695 3183 159 53 Vols.
901 3187 27 48 1
984 3182 128 69 (2d)
1167 3187 58 48 to
1271 3185 29 49 3
1356 3181 128 71 (2d)
1575 3183 316 69 February,
1938 3187 135 50 1928
2116 3189 59 48 to

168 3258 2007 71 April, 1928. Annotated … with table of statutes construed.
171 3334 82 56 St.
290 3338 165 56 Paul,
488 3338 163 54 West
683 3337 338 71 publishing
1055 3357 99 46 co.,
1190 3341 152 51 1928.

238 3420 26 39 3
328 3452 8 8 v.
368 3419 52 40 in
448 3420 40 40 1.
549 3420 146 41 26½ᶜᵐ.

238 3475 228 41 Lettered
493 3488 61 29 on
579 3488 169 30 cover:
777 3478 106 48 Key
909 3478 205 40 number
1137 3479 198 46 system.

242 3533 95 39 “To
378 3533 58 41 be
476 3534 128 40 cited
645 3535 62 47 by
747 3536 192 39 volume
982 3536 95 39 and
1119 3545 123 38 page
1281 3535 52 40 of
1372 3536 82 40 the
1497 3537 152 40 South
1692 3539 208 38 western
1942 3539 235 46 reporter.

170 3589 183 41 Second
385 3591 194 41 series.”

175 3641 51 53 ©
256 3647 116 47 July
398 3648 71 47 23,
499 3648 140 43 1928;
670 3649 68 40 2c.
767 3649 121 48 Aug.
917 3651 53 45 7;
1003 3649 83 41 aff.
1115 3649 122 49 Aug.
1268 3649 52 48 6;
1351 3650 41 39 A
1422 3649 232 49 1082971;
1687 3651 137 41 West
1852 3651 111 49 pub.
1994 3662 70 30 co.

253 3703 281 49 (28-19946)

174 3782 219 64 Staley,
430 3784 239 54 Seward
705 3785 230 64 Charle,
973 3791 172 49 1893-

248 3860 1930 75 Conditioning gymnastics, by S. C. Staley … New York,
176 3938 71 54 A.
278 3938 56 57 S.
364 3941 218 55 Barnes
611 3943 112 53 and
753 3961 299 52 company,
1083 3943 151 55 1927.
