2498 4384
1038 3961 133 52 1019

129 321 246 63 Digney,
410 321 329 52 Katherine
772 321 60 51 M
1123 320 82 52 ed.

195 399 237 55 Health,
473 398 189 68 safety
702 399 113 51 and
855 395 100 55 fire
997 397 365 68 prevention;
1406 416 31 33 a
1478 398 372 68 compilation
1889 396 65 55 of
125 414 1973 130 programs,

363 476 267 68 projects,
660 476 183 68 plays,
872 476 219 52 devices
1123 474 94 54 for
1248 475 94 53 the
1373 475 268 69 building
1671 474 65 54 of
1764 475 215 67 health,
2008 474 115 53 and

124 555 94 52 the
254 554 267 68 teaching
554 552 63 54 of
651 553 190 69 safety
876 554 113 52 and
1024 552 103 54 fire
1159 553 337 68 prevention
1530 553 169 68 rules,
1733 553 238 53 selected
2008 553 113 53 and

125 630 1999 70 edited by Katherine M. Digney, B. A. Boston, Educational
125 710 867 68 publishing company, ᶜ19 28.
191 792 913 50 2 p. l., 7-125 p., 1 l. illus. 32½ᶜᵐ.
127 846 1993 53 © June 1, 1928; 2c. and aff. June 25; A 1082242; Educational pub. co.
204 907 280 48 (28-16702)

119 988 195 62 Eckel,
351 988 155 53 John
543 988 42 53 C
879 990 170 49 1858-

196 1066 193 52 Prime
428 1064 319 55 Pickwicks
785 1065 60 52 in
883 1070 180 63 parts,
1101 1083 195 35 census
1335 1064 141 53 with
1514 1064 279 69 complete
1830 1064 290 68 collation,

126 1141 1969 132 comparison and comment, by John C. Eckel … with a foreword
313 1220 75 69 by
417 1221 72 52 A.
523 1221 254 52 Edward
808 1220 258 54 Newton.
1135 1220 140 53 New
1308 1219 181 70 York,
1521 1221 68 53 E.
1620 1220 79 53 H.
1728 1220 181 55 Wells
1940 1221 48 52 &
2018 1239 100 50 co.,

123 1297 108 54 inc.;
289 1298 260 67 London,
577 1296 63 56 C.
667 1298 56 54 J.
753 1297 252 70 Sawyer,
1030 1298 124 68 ltd.,
1183 1300 152 52 1928.

195 1378 1315 49 6 p. l., 91 p. front., illus. (incl. facsims.) 25 ᶜᵐ .
196 1436 92 41 “Of
314 1436 99 41 this
441 1436 183 40 edition
652 1437 136 40 there
816 1437 123 40 have
968 1437 117 40 been
1113 1436 196 49 printed
1334 1436 88 41 440
1448 1436 174 49 copies,
1651 1436 52 41 of
1731 1436 158 41 which
1917 1436 90 42 400
2032 1448 84 31 are

122 1492 78 41 for
227 1492 144 41 sale.”
433 1493 118 40 This
579 1504 118 38 copy
725 1495 83 38 not
836 1493 277 41 numbered.

121 1546 53 52 ©
199 1551 116 47 July
338 1550 38 47 5,
401 1550 141 48 1928;
568 1551 68 41 2c.
661 1551 95 40 and
779 1550 83 42 aff.
887 1551 118 47 July
1026 1552 26 39 7;
1105 1551 41 39 A
1170 1550 230 48 1083156;
1429 1552 43 40 J.
1499 1550 48 42 C.
1573 1551 161 49 Eckel,
1760 1551 357 48 Philadelphia.

198 1606 280 50 (28-16950)

114 1673 123 53 The
270 1674 298 52 Farmer’s
601 1672 158 54 wife.

189 1750 124 56 Our
364 1751 277 68 children,
692 1770 31 34 a
775 1751 276 68 practical
1103 1751 197 54 health
1352 1750 147 54 book
1552 1751 95 54 for
1698 1752 251 54 mothers
2002 1752 112 53 and

120 1828 1825 69 fathers … Saint Paul, Minn., The Farmer’s wife [ ᶜ19 28]
185 1911 942 50 95, [1] p. incl. illus., forms. 23 ᶜᵐ .
119 1964 51 52 ©
195 1968 127 40 June
342 1969 40 46 4,
407 1968 117 40 1928;
573 1968 67 41 2c.
665 1968 95 40 and
782 1968 83 41 aff.
890 1968 126 41 June
1038 1968 82 47 16;
1146 1968 42 39 A
1210 1968 231 47 1077846;
1467 1968 149 41 Webb
1639 1968 111 49 pub.
1774 1980 82 37 co.,
1884 1969 67 40 St.
1977 1970 137 41 Paul.

196 2024 281 50 (28-17075)

114 2090 275 65 Furlong,
422 2090 193 65 Philip
647 2090 53 54 J.

240 2168 1876 70 … America, by Rev. Philip J. Furlong … foreword by
109 2245 2006 71 Rt. Rev. Joseph F. Smith … illustrations in color by Thomas
109 2323 1427 71 Fogarty. New York, W. H. Sadlier [ ᶜ19 28 ]
174 2410 67 47 xi,
281 2409 71 49 [1],
389 2409 99 47 611,
524 2408 140 40 xxxii
699 2419 44 37 p.
803 2409 87 40 col.
926 2408 164 49 front.,
1127 2408 145 48 illus.,
1308 2409 88 41 col.
1431 2409 173 49 plates,
1639 2412 151 46 ports,
1818 2409 135 49 (part
1987 2411 115 48 col.)

106 2465 329 49 maps. 20 ᶜᵐ .
175 2524 64 39 At
269 2522 126 40 head
426 2522 51 40 of
507 2521 108 41 title:
675 2521 43 39 A
747 2521 231 41 textbook
1008 2521 79 41 for
1117 2522 82 40 the
1230 2531 152 39 upper
1413 2523 175 47 grades
1617 2522 52 40 of
1699 2523 81 39 the
1810 2523 298 49 elementary

105 2579 204 41 schools.

175 2634 353 49 Bibliography
557 2637 52 37 at
639 2635 91 39 end
762 2634 51 40 of
843 2634 119 40 each
990 2635 216 47 chapter.

115 2687 52 53 ©
200 2692 129 39 June
357 2691 69 47 15,
459 2689 141 48 1928;
633 2691 68 39 2c.
735 2692 94 38 and
863 2690 82 40 aff.
979 2690 115 48 July
1126 2691 54 47 3;
1214 2690 44 39 A
1289 2689 230 49 1082382;
1556 2690 217 41 William
1805 2692 62 41 H.
1904 2692 205 42 Sadlier.

191 2746 280 50 (28-17086)

109 2812 200 63 Gates,
343 2811 236 53 Arthur
609 2810 222 65 Irving,
869 2814 169 50 1890-

185 2889 1860 70 New methods in primary reading, by Arthur I. Gutes …
113 2969 139 52 New
279 2967 164 53 York
470 2968 133 68 city,
630 2967 277 53 Teachers
934 2968 230 68 college,
1192 2967 301 55 Columbia
1520 2968 337 70 university,
1887 2971 151 51 1928.

182 3051 63 46 ix,
276 3050 86 41 236
392 3061 44 37 p.
499 3049 129 42 illus.
687 3049 148 42 20½ᶜᵐ.

116 3105 1972 108 “The present volume is a companion to … The improvement of reading:
250 3175 27 29 a
304 3175 226 37 program
557 3164 51 40 of
634 3163 273 49 diagnostic
933 3164 95 40 and
1056 3163 234 41 remedial
1318 3163 460 42 methods.”—Pref.

184 3220 1761 48 “References” at end of each chapter except chapters VI and VII .
114 3273 52 53 ©
197 3278 124 40 June
351 3278 71 47 28,
454 3277 140 47 1928;
626 3278 69 41 2c.
726 3278 117 47 July
870 3278 54 47 2;
958 3277 82 41 aff.
1071 3279 117 47 July
1218 3278 52 47 6;
1305 3278 41 39 A
1376 3276 229 48 1082403;
1640 3278 241 40 Teachers
1913 3279 193 47 college,

180 3334 252 41 Columbia
461 3334 286 48 university.
818 3334 280 50 (28-17072)

106 3400 329 64 Hamburg,
467 3399 243 54 Merrill.

175 3477 332 69 Beginning
542 3483 59 47 to
638 3477 107 69 fly;
784 3477 95 54 the
916 3477 150 53 book
1102 3477 64 53 of
1200 3477 190 53 model
1425 3477 306 68 airplanes,
1767 3476 76 69 by
1879 3477 229 52 Merrill

104 3555 324 69 Hamburg,
469 3555 141 53 with
652 3574 70 33 an
765 3555 389 53 introduction
1196 3555 78 69 by
1316 3553 380 56 Commander
1738 3555 254 53 Richard
2037 3555 69 53 E.

106 3631 2001 71 Byrd … Boston and New York, Houghton Mifflin company,
107 3713 149 50 1928.

172 3794 83 39 xiv
283 3805 57 37 p.,
370 3794 25 38 1
460 3825 9 15 l.,
497 3793 85 41 197
610 3804 43 37 p.
712 3794 164 47 front.,
906 3794 172 47 plates,
1107 3795 165 47 ports.,
1303 3793 178 48 diagrs.
1542 3793 145 41 18½ᶜᵐ.

113 3845 55 52 ©
197 3851 126 39 June
354 3850 71 48 25,
457 3849 142 45 1928;
632 3850 67 41 2c.
732 3850 129 39 June
890 3849 82 48 29;
1008 3849 82 42 aff.
1124 3850 126 40 June
1283 3849 83 47 28;
1399 3849 42 39 A
1473 3849 229 47 1083090;
1739 3851 62 41 M.
1835 3850 267 48 Hamburg,

178 3907 207 39 Detroit.
457 3906 278 48 (28-17035)
