2498 4384
1249 4073 135 49 1492

309 428 346 64 Rosenthal,
693 429 290 54 Léonard.

446 507 1535 68 … Quand le batiment va ⋯ Paris, Payot, 1928.
381 589 655 49 3 p. l., [9]-251 p. 19 ᶜᵐ .
316 641 1566 53 © Apr. 14, 1928; 1c. June 26; A— Foreign 39337; Fayot.
394 702 281 48 (28-22946)

307 798 170 63 Ross,
513 796 195 54 Adam
743 798 303 63 Franklin,
1082 817 181 50 comp.

385 874 418 55 Governments
842 875 65 53 of
944 876 94 52 the
1076 876 210 67 world;
1329 895 30 33 a
1399 876 155 53 hand
1593 876 149 53 book
1780 875 64 54 of
1881 876 128 52 how
2049 878 135 68 they
2224 896 93 34 are

312 954 360 52 constructed
707 954 113 52 and
853 954 128 52 how
1014 954 136 68 they
1185 953 282 53 function.
1539 952 303 69 Compiled
1877 954 75 70 by
1988 954 72 53 A.
314 955 1981 128 Franklin

313 1031 1982 145 Ross … New York, Review of reviews, Educational department [ᶜ1927]
383 1190 58 39 56
469 1201 44 37 p.
572 1190 149 41 20½ᶜᵐ.

315 1244 51 51 ©
405 1248 130 47 Sept.
570 1248 68 47 15,
673 1248 141 46 1927;
850 1248 68 40 2c.
954 1247 103 42 Oct.
1092 1248 39 47 5,
1168 1247 141 47 1928;
1347 1259 83 30 aff.
1467 1248 102 42 Oct.
1603 1250 54 46 4;
1694 1249 40 39 A
1770 1249 229 47 1053728;
2039 1250 196 41 Review
2272 1252 49 39 of

383 1305 205 40 reviews
616 1315 127 38 corp.
810 1304 282 49 (28-23011)

310 1400 170 63 Ross,
512 1399 156 53 John
702 1399 304 54 Franklin.

381 1476 1882 71 Chiropractor’s ready reference guide, by John F. Ross …
308 1556 2014 69 3d ed. rev. and enl. … Indianapolis, Ind., The Burton
311 1634 229 55 Shields
569 1652 299 51 company,
922 1636 150 50 ᶜ1928.

380 1716 85 40 124
491 1728 43 37 p.
596 1719 23 37 1
650 1717 129 40 illus.
840 1718 145 39 17½ᶜᵐ.

316 1771 51 51 ©
395 1775 121 47 Aug.
543 1774 39 43 9,
610 1774 118 40 1928;
780 1774 68 40 2c.
877 1775 95 39 and
1000 1784 82 31 aff.
1115 1774 116 48 Aug.
1259 1774 57 40 27;
1374 1774 39 39 A
1442 1774 207 41 1054057;
1704 1775 189 40 Burton
1925 1775 194 41 Shields
2146 1785 67 30 co.

395 1831 283 49 (28-23022)

308 1927 185 63 Ruck,
530 1927 203 53 Berta.

387 2004 124 55 One
540 2004 65 53 of
631 2005 96 52 the
756 2005 220 52 chorus.
1044 2004 157 68 Sept.
1235 2009 47 62 8,
1314 2009 82 62 15,
1424 2008 86 64 22,
1538 2007 86 64 29,
1654 2008 151 50 1928.

392 2088 83 48 (In
508 2085 159 42 Home
700 2090 144 38 notes
880 2084 289 52 magazine)

317 2141 2004 51 © 1c. each Nov. 2, 1928; A ad int. 11842; pubd. Sept. 3, 10, 17, 24;
386 2202 154 47 Dodd,
573 2202 143 39 Mead
746 2201 37 40 &
812 2212 82 37 co.,
925 2201 106 48 inc.,
1063 2201 118 40 New
1211 2202 147 40 York.

315 2296 88 54 St.
445 2295 340 64 Anthony’s
824 2302 291 62 treasury;
1157 2315 32 33 a
1228 2296 233 52 manual
1501 2295 66 53 of
1605 2296 297 53 devotions
1941 2297 60 51 in
2040 2297 183 51 honor
2263 2295 64 54 of

389 2373 84 56 St.
514 2374 298 69 Anthony,
852 2373 283 69 compiled
1178 2372 153 55 from
1374 2373 296 69 approved
1710 2392 239 36 sources.
2026 2375 299 63 Paterson,

386 2453 71 52 N.
488 2453 75 67 J.,
596 2452 84 55 St.
712 2452 326 68 Anthony’s
1071 2452 183 69 guild,
1289 2452 348 53 Franciscan
1670 2458 344 63 monastery,
2074 2455 149 50 ᶜ1928.

386 2533 1016 49 4 p. l., iii, 367 p. front., illus. 12 ᶜᵐ .
319 2589 51 51 ©
406 2592 117 47 July
555 2592 71 47 23,
660 2591 141 47 1928;
838 2591 68 41 2c.
942 2592 115 47 July
1090 2592 84 46 27;
1211 2591 85 41 aff.
1329 2592 121 47 Aug.
1485 2592 83 46 17;
1605 2592 40 39 A
1680 2591 231 48 1083948;
1951 2591 68 41 St.
2055 2592 271 48 Anthony’s

385 2649 149 48 guild.
602 2648 281 50 (28-22941)

313 2744 210 64 Scovil,
558 2743 311 53 Elisabeth
899 2742 320 65 Robinson,
1255 2747 169 49 1849-

391 2822 218 55 Stories
638 2821 65 53 of
728 2822 96 52 the
853 2821 213 68 angels,
1094 2821 60 51 in
1184 2821 189 52 words
1402 2820 64 53 of
1495 2839 105 34 one
1628 2821 258 69 syllable,
1914 2822 76 69 by
2022 2822 303 53 Elizabeth

317 2899 296 54 Robinson
648 2898 208 56 Scovil.
927 2899 431 67 Philadelphia,
1392 2898 78 53 H.
1505 2899 265 53 Altemus
1804 2917 284 52 company
2169 2903 152 64 [ᶜ1928]

389 2980 1045 49 64 p. incl. col. front., col. illus. 14½ ᶜᵐ .
320 3036 51 51 ©
403 3040 104 40 Oct.
534 3040 41 46 2,
604 3039 118 40 1928;
776 3039 69 41 2c.
875 3038 104 41 Oct.
1006 3039 27 38 4;
1092 3037 83 43 aff.
1205 3038 104 40 Oct.
1338 3039 26 39 3;
1423 3038 41 39 A
1494 3038 204 41 1053707;
1757 3040 219 39 Howard
2006 3040 54 39 E.
2090 3040 236 41 Altemus.

397 3095 283 50 (28-22939)

318 3191 225 63 Sellew,
575 3190 226 55 Walter
834 3189 242 64 Ashbel,
1114 3191 108 68 bp.,
1259 3193 171 50 1844-

391 3268 369 69 Obligations
787 3267 65 53 of
877 3267 354 53 civilization
1257 3273 60 47 to
1345 3267 387 69 Christianity;
1790 3286 81 49 or,
1899 3268 122 52 The
2049 3268 277 53 influence

320 3346 65 52 of
420 3345 388 70 Christianity
841 3363 153 50 upon
1032 3344 355 54 civilization
1429 3345 93 69 [by]
1580 3346 221 67 Bishop
1836 3346 226 53 Walter
2097 3347 70 51 A.

321 3344 1981 132 Sellew.
520 3422 271 69 Chicago,
818 3423 114 67 Ill.,
958 3423 181 69 Light
1168 3424 113 51 and
1312 3422 105 54 life
1446 3441 157 51 press
1680 3427 135 50 [ᶜ1928]

391 3503 862 51 58 p. incl. front. (port.) 15½ ᶜᵐ .
322 3559 51 51 ©
409 3563 120 48 Aug.
563 3563 70 47 25,
669 3562 114 41 1928;
847 3563 68 41 2c.
952 3562 130 49 Sept.
1116 3562 25 40 8;
1206 3561 83 41 aff.
1328 3562 129 49 Sept.
1492 3564 26 39 7;
1582 3564 42 38 A
1658 3562 203 41 1054150;
1926 3563 149 48 Light
2109 3565 96 38 and
2239 3564 89 39 life

388 3630 152 38 press.
607 3619 283 49 (28-22940)

317 3714 294 63 Simpson,
647 3713 279 54 Clarence
960 3714 66 53 O.

387 3793 122 52 The
547 3792 223 52 technic
808 3791 64 53 of
909 3792 123 52 oral
1071 3792 413 68 radiography,
1522 3792 76 69 by
1638 3791 271 55 Clarence
1949 3791 67 55 O.
2060 3791 267 69 Simpson

377 3869 1950 68 … With one hundred sixty-five illustrations. 2d ed. St.
315 3950 194 62 Louis,
536 3949 120 53 The
684 3947 60 56 C.
834 3993 8 8 V.
871 3948 204 69 Mosby
1101 3966 300 50 company,
1432 3951 149 50 1928.
