2498 4384
1108 4089 101 53 713

131 440 594 64 Manning-Sanders,
761 437 184 53 Ruth.

201 507 1942 77 Waste corner, by Ruth Manning-Sanders … New York,
135 594 755 67 E. J. Clode, inc. [ ᶜ1 928]
202 678 277 49 312 p. 19½ ᶜᵐ.
144 744 52 52 ©
227 749 77 38 May
370 748 24 38 1,
440 746 84 40 1928;
612 746 66 40 2c.
710 746 95 39 and
835 744 82 41 aff.
949 745 113 46 May
1091 744 82 43 12;
1207 743 41 39 A
1278 741 230 43 1077213;
1542 741 212 39 Edward
1785 740 44 39 J.
1861 739 160 46 Clode,
2052 739 93 40 inc.

223 804 282 48 (28-12545)

133 900 225 60 Marsh,
394 899 164 53 Alice
591 897 313 63 McBryde.

266 970 1878 73 … Patchwork, by Alice McBryde Marsh. Boston, The
137 1054 848 67 Stratford company [ ᶜ1 928 ]
203 1133 1237 52 4 p. l., 7-29 p. 25 ᶜᵐ. (The Stratford poets)
207 1208 72 41 On
308 1218 142 30 cover
468 1219 8 28 :
509 1207 101 39 The
642 1205 252 41 Stratford
923 1204 233 40 booklets.

147 1273 52 52 ©
226 1278 115 45 May
365 1276 27 40 3,
435 1274 140 42 1928:
605 1274 65 40 2c.
699 1274 114 47 May
842 1275 24 38 7;
924 1272 82 40 aff.
1035 1273 113 46 May
1177 1271 25 41 8;
1261 1272 40 38 A
1330 1270 204 42 1074408;
1594 1271 251 41 Stratford
1874 1282 83 35 co.,
1985 1271 164 48 pubrs.

225 1332 284 49 (28-12572)

142 1429 333 63 Maryland.
554 1427 178 52 Court
766 1426 62 68 of
859 1424 250 69 appeals.

145 1502 2007 151 Reports of cases argued and adjudged … Herbert T. Tiffany, state reporter, v. 151, containing cases of the April and
145 1658 1840 70 October terms, 1926 … Baltimore, King brothers, 1927.
214 1742 400 50 xix, 781 p. 23 ᶜᵐ.
149 1809 52 52 ©
231 1813 101 41 Oct.
360 1812 70 48 29,
460 1811 141 47 1927;
632 1812 68 40 2c.
775 1822 72 29 Nov.
876 1811 82 46 30;
991 1811 82 40 aff.
1103 1811 113 47 Apr.
1248 1811 68 47 11,
1348 1810 142 47 1928;
1522 1810 42 38 A
1593 1810 230 48 1074601;
1856 1811 213 40 Herbert
2101 1812 51 40 T.

217 1870 211 47 Tiffany,
461 1869 79 40 for
575 1870 82 39 the
691 1870 129 38 state
855 1868 51 39 of
941 1869 274 46 Maryland,
1252 1867 285 40 Baltimore.

138 1966 251 60 Massee,
423 1964 213 62 Jasper
671 1963 311 62 Cortenus,
1018 1960 173 55 1871-

211 2039 1942 70 Revival sermons, by J. C. Massee … New York, Chicago
146 2118 1330 70 [etc.] Fleming H. Revell company [ ᶜ1 928]
211 2203 284 48 156 p. 19½ ᶜᵐ.
151 2255 52 52 ©
234 2260 113 47 Apr.
375 2258 70 47 21,
474 2257 115 41 1928;
646 2257 68 40 2c.
744 2258 96 39 and
870 2256 82 41 aff.
983 2258 113 46 May
1124 2257 27 38 4;
1210 2256 41 39 A
1281 2256 204 41 1077155;
1545 2256 222 49 Fleming
1797 2257 61 41 H.
1889 2258 168 39 Revell
2088 2268 69 30 co.

230 2314 283 50 (28-12452)

146 2414 305 51 Montana.
526 2411 184 66 Laws,
741 2415 256 62 statutes,
1029 2416 100 47 etc.

280 2487 1878 70 … Supplement [1927] to The revised codes of Montana of
152 2571 151 64 1921,
343 2567 327 66 annotated,
710 2566 261 69 showing
1011 2567 393 52 amendments
1444 2571 59 48 to
1542 2567 98 52 the
1679 2567 376 54 constitution
2096 2569 64 51 of

149 2646 280 53 Montana
466 2645 150 53 since
654 2645 97 52 the
789 2643 357 69 publication
1184 2643 66 53 of
1286 2645 96 52 the
1423 2645 222 53 revised
1685 2646 164 53 codes
1890 2647 64 52 of
151 2647 1983 129 Montana
321 2723 63 52 of
424 2727 151 63 1921,
611 2723 113 52 and
760 2723 79 51 all
875 2728 240 47 statutes
1151 2721 65 54 of
1253 2742 31 33 a
1321 2724 231 68 general
1586 2729 205 48 nature
1829 2726 234 52 enacted
2101 2732 58 46 at

150 2803 95 51 the
273 2802 240 52 sessions
541 2801 64 53 of
635 2803 151 65 1923,
818 2803 151 65 1925,
999 2801 113 52 and
1145 2801 152 67 1927,
1327 2803 312 52 annotated
1668 2808 59 47 to
1755 2804 95 52 the
1881 2804 279 54 decisions

150 2880 60 52 in
239 2881 254 51 volumes
524 2883 63 49 59
616 2884 59 48 to
704 2879 84 66 77,
818 2879 294 69 inclusive,
1140 2880 282 53 Montana
1453 2886 242 64 reports,
1724 2883 263 68 together
2018 2883 143 53 with

152 2958 317 52 references
502 2964 58 46 to
594 2963 158 47 notes
787 2957 59 52 in
881 2957 309 53 American
1224 2960 112 51 law
1371 2965 241 62 reports,
1647 2961 514 68 cross-references,

150 3035 2010 147 index, etc. By I. W. Choate … San Francisco, Bancroft-Whitney company, 1928.
222 3194 561 48 lxxxviii, 1196 p. 26 ᶜᵐ.
158 3247 52 53 ©
239 3253 114 46 May
381 3251 40 48 5,
448 3251 117 40 1928;
619 3251 67 41 2c.
714 3253 115 46 May
856 3253 56 38 14;
970 3252 82 41 aff.
1082 3254 114 46 May
1223 3253 56 39 12;
1337 3255 41 38 A
1407 3255 202 41 1074481;
1671 3257 492 50 Bancroft-Whitney

227 3319 68 29 co.

159 3404 272 67 [Morton,
465 3404 133 62 Guy
628 3403 414 69 Mainwaring]
1082 3409 172 49 1896-

229 3481 165 55 Some
428 3482 130 53 take
594 3501 30 33 a
659 3484 174 66 lover,
867 3483 76 69 by
976 3484 172 53 Peter
1183 3485 218 53 Traille
1468 3487 209 67 [pseud.]
1754 3488 261 69 London,
154 3491 1982 121 Faber
277 3562 46 49 &
345 3559 210 69 Gwyer
585 3563 171 64 [1928]

225 3641 604 49 2 p. l., 7-316 p. 19½ᶜᵐ.
163 3693 2000 63 © 1c. May 11, 1928; A ad int. 11056; pubd. Mar. 15; G. M. Morton,
231 3755 214 40 London.
515 3755 281 49 (28-13298)

158 3849 307 62 Mottram,
497 3849 190 65 Ralph
718 3851 167 63 Hale,
920 3855 171 49 1883-

226 3928 120 52 The
384 3928 247 70 English
667 3929 161 70 Miss,
863 3930 76 70 by
975 3932 68 52 R.
1082 3932 76 54 H.
1197 3932 296 54 Mottram.
1568 3935 258 69 London,
1867 3936 212 55 Chatto
2118 3940 44 51 &

155 4005 264 69 Windus,
452 4011 149 50 1928.
