2498 4384
1347 4092 98 49 150

359 445 271 62 Dunnell,
663 444 172 53 Mark
867 442 294 63 Boothby.

433 523 325 53 Minnesota
792 521 212 69 digest;
1041 539 31 33 a
1108 519 188 69 digest
1327 518 64 53 of
1420 519 97 52 the
1549 517 277 53 decisions
1859 515 66 54 of
1955 516 100 53 the
2089 515 278 69 Supreme

362 606 164 49 court
555 599 65 55 of
649 601 97 52 the
777 605 145 47 state
953 598 64 53 of
1046 598 344 66 Minnesota,
1418 596 76 68 by
1525 595 173 53 Mark
1729 595 67 52 B.
1828 594 272 53 Dunnell.
2174 595 73 52 2d
2278 595 85 53 ed.

361 701 53 33 v.
453 684 45 49 6.
575 679 339 65 Owatonna,
949 677 202 66 Minn.,
1186 675 326 53 Minnesota
1547 675 110 51 law
1691 672 149 54 book
1872 691 98 49 co.,
2005 675 153 51 1928.

430 773 487 52 1 p. l ., 1051 p. 26 ᶜᵐ.
367 845 53 52 ©
453 849 110 40 Jan.
593 848 70 47 27,
696 845 115 40 1928;
871 845 68 40 2c.
972 844 111 40 Feb.
1116 842 83 48 18;
1235 841 82 42 aff.
1352 842 113 41 Feb.
1495 842 84 47 17;
1613 841 42 40 A
1686 840 230 48 1018843;
1953 841 64 40 M.
2050 841 56 41 B.
2140 840 226 49 Dunnell,

437 905 285 46 Owatonna,
750 902 152 40 Minn.

362 998 306 61 Eleanore,
703 997 187 52 Sister
921 995 198 62 M[ary]
1180 995 173 51 1890-

365 1068 2008 150 Through the lane of stars, by Sister M. Eleanore … foreword and afterword by Daniel A. Lord, S. J., illustrated by
364 1231 149 53 Karl
549 1230 56 56 S.
640 1231 292 53 Woerner.
1002 1228 139 53 New
1177 1227 165 53 York
1375 1227 115 53 and
1524 1227 259 67 London,
1817 1227 73 52 D.
1926 1225 298 69 Appleton
2259 1226 114 52 and

364 1327 299 50 company,
695 1310 152 51 1928.

438 1400 959 53 xvi p., 2 l., 3-266, [1] p. illus. 19½ ᶜᵐ.
372 1471 52 53 ©
455 1475 111 40 Feb.
595 1474 40 48 3,
666 1472 140 48 1928;
838 1472 67 41 2c.
936 1473 94 39 and
1062 1471 83 42 aff.
1177 1472 112 40 Feb.
1363 1481 9 37 6;
1405 1472 40 39 A
1476 1472 16 38 3
1505 1470 200 49 063559;
1739 1471 58 42 D.
1826 1471 240 48 Appleton
2098 1470 37 41 &
2165 1480 69 31 co.

453 1530 254 51 (28-4499)

367 1626 219 62 Evans,
623 1624 209 53 Daniel
867 1622 247 63 Luther,
1154 1626 171 49 1895-

444 1704 138 52 New
618 1702 230 53 realism
883 1702 113 52 and
1032 1701 96 53 old
1165 1701 225 69 reality,
1427 1719 32 34 a
1496 1701 222 52 critical
1755 1700 393 53 introduction
2184 1705 59 47 to
2282 1700 97 52 the

374 1778 2006 71 philosophy of the realists, by D. Luther Evans … Princeton,
374 1859 308 52 Princeton
707 1857 320 69 university
1053 1875 176 51 press,
1259 1859 151 52 1928.

482 1951 310 51 x, 214 p. 20½ ᶜᵐ.
448 2023 284 42 “Classified
761 2022 367 49 bibliography”:
1188 2033 42 38 p.
1263 2022 251 50 [203]-209.

377 2091 52 52 ©
460 2096 109 40 Jan.
600 2096 68 47 17,
699 2094 141 48 1928;
871 2095 68 40 2c.
970 2095 96 39 and
1097 2094 82 41 aff.
1211 2093 112 42 Feb.
1354 2094 53 47 9;
1438 2094 45 39 A
1510 2093 231 48 1018728;
1773 2093 262 41 Princeton
2067 2094 131 41 univ.
2228 2104 152 38 press.

456 2151 252 50 (28-4894)

375 2246 247 52 Federal
655 2246 187 69 digest
873 2246 269 68 covering
1177 2245 279 54 decisions
1488 2244 64 53 of
1583 2246 98 51 the
1712 2245 219 54 United
1966 2244 191 56 States
2192 2251 192 48 courts

445 2324 267 69 reported
741 2324 59 52 in
832 2325 48 51 F
885 2324 190 52 ederal
1106 2328 276 65 reporter,
1412 2324 138 52 vols.
1583 2326 171 50 1-300;
1816 2323 279 71 Supreme
2116 2330 162 47 court
447 2343 1911 129 reporter,
694 2406 162 64 1-44;
892 2403 218 54 United
1146 2402 190 55 States
1369 2407 239 66 reports,
1644 2405 267 66 106-265;
1945 2403 288 70 Lawyers’
447 2403 1911 147 edition,
616 2482 218 54 United
867 2480 189 55 States
1085 2486 241 62 reports,
1354 2480 172 54 27-68;
1586 2481 232 69 Appeal
1845 2500 169 50 cases,
2044 2481 249 55 District
2319 2481 65 54 of

450 2559 301 55 Columbia
779 2564 240 63 reports,
1047 2559 207 52 49-*55;
1317 2557 223 55 Circuit
1567 2564 192 49 courts
1785 2559 66 54 of
1878 2561 237 68 appeals
2143 2565 241 64 reports,

451 2635 1937 60 1-171 … v. 11 . Patents*-Public sentiment. *Divisions IX-
567 2760 10 9 XIII.
654 2716 214 52 Edited
904 2716 76 67 by
1014 2716 97 52 the
1148 2715 267 53 editorial
1451 2715 135 53 staff
1622 2715 65 54 of
1721 2717 97 52 the
1853 2717 309 53 American
2200 2717 188 70 digest

446 2792 1524 72 system … St. Paul, West publishing co., 1928.
452 2889 664 49 xvii, 11733-13056 p. 26 ᶜᵐ.
385 2956 52 53 ©
467 2961 111 40 Jan.
606 2960 70 48 20,
705 2960 115 40 1928;
877 2961 67 40 2c.
974 2960 112 41 Feb.
1115 2959 56 41 18;
1228 2959 83 42 aff.
1341 2961 112 40 Feb.
1482 2961 55 40 17;
1595 2960 42 40 A
1665 2960 203 42 1018846;
1927 2963 137 40 West
2092 2963 109 48 pub.
2232 2973 68 31 co.

380 3068 270 63 Feulner,
687 3068 199 64 Adolf,
925 3073 172 49 1884-

451 3146 520 69 Kunstgeschichte
1011 3147 97 53 des
1147 3147 214 53 möbels
1403 3147 108 53 seit
1550 3147 129 53 dem
1719 3148 288 69 altertum,
2049 3167 114 35 von
2202 3150 188 53 Adolf

382 3223 1367 71 Feulner. Berlin, Propyläen-verlag [ ᶜ 1927]
452 3307 99 49 654,
587 3308 55 50 [1]
675 3318 44 38 p.
778 3307 131 42 illus.
968 3307 58 41 28½ᶜᵐ.

455 3364 532 48 “Literaturangaben”:
1050 3375 43 38 p.
1128 3363 236 51 613-[617]

389 3415 2001 56 © Sept. 8, 1927; 1c. Nov. 8; A —Foreign 36483; Propyläen-verlag, g. m.
457 3477 41 40 b.
526 3477 46 41 h.
642 3475 251 49 (28-4644)

385 3569 205 63 Forde,
623 3569 162 64 Cyril
812 3569 224 64 Daryll.

456 3647 250 53 Ancient
741 3649 296 66 mariners,
1071 3649 97 51 the
1204 3654 156 63 story
1398 3649 64 53 of
1497 3650 159 68 ships
1692 3651 113 52 and
1841 3669 92 35 sea
1970 3657 207 63 routes,
2212 3653 74 69 by
2324 3652 63 56 C.

388 3726 208 68 Daryll
627 3727 204 51 Forde.
906 3725 257 69 London,
1192 3726 70 55 G.
1292 3727 182 53 Howe
1502 3728 103 52 ltd.
1661 3728 152 68 [1927]

509 3808 1882 54 vi, [2], 88 p. illus. (incl. map) 17 ᶜᵐ. (Half-title: The beginning of
391 3865 175 48 things.
623 3865 208 40 General
857 3865 159 40 editor:
1073 3865 53 42 G.
1155 3867 54 39 E.
1237 3865 173 42 Smith.
1486 3866 70 50 [4])

459 3920 378 49 Bibliography:
867 3932 45 38 p.
940 3921 64 41 vi.

394 3972 52 53 ©
476 3977 68 41 1c.
571 3977 110 41 Jan.
707 3977 71 48 24,
808 3977 141 47 1928;
979 3977 41 40 A
1081 3978 27 39 ad
1139 3977 85 42 int.
1255 3977 171 49 30583;
1457 3978 142 49 pubd.
1629 3979 117 42 Nov.
1775 3979 70 50 29,
1876 3980 141 48 1927;
2050 3981 52 43 C.
2132 3981 57 43 D.
2220 3981 170 49 Forde,

465 4034 211 41 London.
745 4034 252 49 (28-5008)
