2542 4417
1042 4142 103 57 117

155 565 747 51 2 p. l., iii-xii, 164 p. 19 ½ᶜᵐ .
160 638 145 40 “This
333 638 124 40 book
484 638 277 47 represents
788 637 168 39 eleven
981 638 137 46 poets
1146 637 109 39 who
1282 636 81 40 for
1388 637 116 40 four
1531 647 144 38 years
1702 637 164 41 issued
1896 641 128 38 most
2048 638 51 40 of

89 696 127 41 their
239 706 139 30 verse
404 695 53 39 in
481 705 29 29 a
537 695 197 46 journal
763 693 51 41 of
838 695 172 47 poetry
1034 694 157 40 called
1219 694 84 40 the
1328 694 613 48 Fugitive.”—Foreword.

92 765 51 52 ©
171 769 110 40 Jan.
309 768 69 47 26,
407 767 116 41 1928;
580 767 67 40 2c.
675 767 97 39 and
799 765 84 41 aff.
912 765 111 41 Feb.
1052 766 25 38 1;
1137 766 41 38 A
1205 763 205 42 1061501;
1469 765 263 49 Harcourt,
1764 767 157 39 Brace
1949 766 36 40 &
2015 777 81 37 co.,

158 825 91 40 inc.
320 823 253 50 (28-3959)

87 919 285 62 Gehman,
403 919 209 62 Henry
642 918 67 52 E.

157 996 104 56 Sin
290 998 114 52 and
434 997 131 68 evil,
593 996 151 53 their
772 996 209 69 origin,
1008 996 287 68 meaning,
1324 1015 182 49 cause,
1534 997 250 69 remedy,
1814 997 187 67 doom,
2027 997 76 69 by

86 1074 2017 72 Henry E. Gehman … Harrisburg, Pa., The Evangelical press,
88 1159 149 51 1928.

155 1254 55 40 55
230 1265 43 37 p.
334 1253 117 41 18ᶜᵐ.

123 1322 52 52 ©
216 1327 111 39 Jan.
366 1324 70 47 19,
477 1323 117 41 1928;
660 1324 69 39 2c.
771 1324 97 38 and
907 1321 82 42 aff.
1031 1323 111 39 Jan.
1181 1321 84 48 28;
1307 1322 42 39 A
1389 1321 232 48 1018603;
1665 1322 61 41 H.
1769 1322 53 41 E.
1865 1321 232 51 Gehman,

158 1383 234 48 Ephrata,
423 1382 85 40 Pa.
578 1380 253 49 (28-3813)

85 1477 259 65 Gjerset,
376 1476 186 63 Knut,
600 1477 172 51 1865-

156 1555 348 69 Norwegian
537 1553 204 54 sailors
775 1570 74 36 on
883 1553 96 53 the
1012 1551 182 56 Great
1228 1551 214 68 Lakes;
1481 1572 32 33 a
1548 1552 175 70 study
1759 1552 62 53 in
1854 1552 98 54 the
88 1552 1988 151 history
251 1633 65 53 of

351 1629 1686 71 American inland transportation, by Knut Gjerset …
87 1711 343 68 Northfield,
469 1711 206 68 Minn.,
715 1711 124 52 The
879 1709 687 70 Norwegian-American
1608 1709 300 54 historical
86 1729 1990 129 association,
345 1792 150 51 1928.

156 1882 1945 52 xii p., 1 l., 211 p. incl. front, plates, ports., fold. map. 23 ᶜᵐ . (Half-
89 1944 129 40 title:
245 1941 336 41 Publications
611 1942 62 47 by
702 1941 83 40 the
815 1940 575 49 Norwegian-American
1421 1941 257 41 historical
1712 1940 325 49 association)

89 2011 50 53 ©
174 2015 110 41 Jan.
315 2015 41 48 3,
389 2013 143 48 1928;
566 2014 69 41 2c.
668 2014 97 39 and
797 2012 84 42 aff.
915 2014 111 41 Jan.
1058 2013 54 47 5;
1147 2013 42 39 A
1222 2013 231 48 1018205;
1491 2013 475 49 Norwegian-Amer.
156 2013 1924 99 historical
361 2081 130 31 assn.
564 2069 253 51 (28-3976)

84 2167 209 62 Grove,
324 2166 100 54 Sir
457 2165 248 65 George,
737 2165 84 54 ed.

154 2244 236 56 Grove’s
427 2245 326 67 dictionary
789 2243 65 54 of
889 2244 179 54 music
1105 2244 114 53 and
1253 2244 326 54 musicians.
1655 2246 73 52 3d
1764 2245 105 68 ed.,
1904 2245 192 54 edited

85 2321 2014 72 by H. C. Colles … v. 5. [Song-Z] New York, The Macmillan
84 2420 297 51 company,
414 2404 150 51 1928.

257 2531 8 17 xxv,
298 2499 84 41 791
415 2510 43 37 p.
518 2500 87 39 col.
637 2498 164 48 front.,
835 2498 130 40 illus.
993 2497 135 49 (incl.
1160 2497 181 49 music)
1382 2498 159 49 plates
1570 2497 137 49 (part
1739 2498 114 49 col.)
1921 2499 120 41 24ᶜᵐ.

88 2567 50 53 ©
168 2572 112 40 Feb.
309 2572 40 47 7,
379 2570 116 41 1928;
552 2570 68 40 2c.
649 2571 97 38 and
776 2569 83 41 aff.
890 2569 111 41 Feb.
1031 2568 26 41 8;
1114 2569 42 39 A
1185 2568 206 41 1061604;
1451 2568 289 42 Macmillan
1766 2580 69 31 co.

88 2667 258 69 [Guerin,
379 2666 205 68 Eddie]

154 2744 341 57 Confidence
522 2743 296 54 tricksters
849 2743 253 69 actually
1131 2742 137 54 took
1297 2761 89 35 me
1426 2743 221 69 (Eddie
1676 2743 238 70 Guerin,
1941 2744 157 54 bank

84 2825 203 53 bandit
326 2825 113 52 and
478 2824 97 52 the
612 2841 134 34 man
786 2823 129 51 who
953 2822 238 67 escaped
1231 2820 154 54 from
1422 2822 220 54 Devil’s
1682 2822 267 71 Island!)
2001 2823 96 55 for

86 2922 31 34 a
144 2922 138 51 mug
307 2903 236 53 because
572 2899 64 55 of
663 2920 96 50 my
786 2899 338 53 benevolent
1153 2898 156 55 face!
1390 2899 184 71 ([You
1604 2901 152 55 can’t
1784 2902 168 70 win])

163 3001 83 49 (In
280 2996 203 44 London
519 2993 208 54 People)

89 3067 2007 54 © 1c. Feb. 4, 1928; A ad int. 10628; pubd. Jan. 15; Sydney Theodore
157 3129 241 47 Felstead,
429 3129 151 46 Hove,
613 3127 194 47 Sussex,
839 3126 238 48 England.

155 3223 189 53 Eddie
378 3221 220 55 Guerin
633 3219 283 55 confesses
950 3220 129 53 that
1109 3221 97 52 the
1238 3238 135 34 man
1407 3220 143 52 with
1583 3241 32 33 a
1646 3220 114 54 bad
1792 3239 167 35 name
1992 3222 107 53 has

86 3320 31 34 a
143 3303 101 51 hot
270 3301 138 53 time
436 3300 261 69 dodging
726 3298 323 54 detectives.
1134 3298 185 69 ([You
1350 3299 150 53 can’t
1530 3298 166 70 win])

167 3399 83 49 (In
281 3394 202 44 London
516 3391 209 54 People)

90 3465 2007 53 © 1c. Jan. 28, 1928; A ad int. 10596; pubd. Jan. 8; Sydney Theodore
159 3528 239 47 Felstead,
426 3527 150 47 Hove,
608 3525 194 47 Sussex,
832 3524 237 49 England.

86 3623 249 64 Harper,
364 3625 139 51 Mrs.
538 3623 213 51 Emma
791 3620 273 66 (Parvis)
1104 3620 173 54 1867-

154 3703 203 52 Poems
393 3701 64 53 of
493 3702 137 52 auld
665 3702 139 67 lang
839 3718 154 51 syne,
1028 3699 76 69 by
1141 3699 207 53 Emma
1386 3698 208 54 Parvis
1632 3699 251 69 Harper.
1958 3699 140 53 New

88 3780 176 69 York,
293 3781 65 52 F.
389 3780 77 54 H.
498 3778 339 69 Hitchcock,
870 3776 151 57 1927.

153 3862 100 49 viii,
284 3863 55 39 51
369 3874 44 37 p.
610 3894 10 9 19½ᶜᵐ.

158 3919 153 49 “Only
345 3919 94 41 five
473 3919 223 40 hundred
732 3918 161 48 copies
930 3918 51 40 of
1018 3917 100 41 this
1154 3918 124 40 book
1313 3918 125 40 have
1475 3918 121 39 been
1630 3917 210 49 printed,
1878 3918 97 39 and
2014 3917 84 41 the

88 3981 111 43 type
231 3976 90 41 has
355 3977 120 40 been
511 3975 338 42 distributed.”

93 4027 50 53 ©
177 4034 126 39 June
336 4034 39 48 6,
410 4033 140 41 1927:
587 4034 68 40 2c.
689 4034 97 39 and
819 4032 83 42 aff.
937 4033 110 41 Jan.
1080 4033 70 47 31,
1187 4032 141 47 1928;
1366 4032 40 39 A
1440 4031 77 40 303
1530 4031 141 47 8631;
1709 4033 54 40 E.
1798 4031 52 41 P.
1885 4032 210 48 Harper,

161 4089 213 43 Chester.
403 4091 85 41 Pa.
558 4090 281 42 (28-26095)
