2498 4384
1050 4129 99 51 135

168 543 366 51 303 p. 20 ½ᶜᵐ .
105 597 51 53 ©
183 601 111 40 Dec.
321 600 69 48 20,
420 599 141 47 1927;
589 600 68 40 2c.
687 599 110 41 Feb.
826 599 38 47 1,
893 597 142 49 1928;
1065 597 83 41 aff.
1176 597 112 41 Jan.
1315 597 49 40 31;
1429 597 39 39 A
1497 596 167 40 1061516;
1760 597 49 40 L.
1840 595 49 42 C.
1920 595 187 48 Hiegel,

173 657 95 41 San
297 657 165 47 Diego,
493 657 145 41 Calif.
711 653 252 52 (28-4357)

100 737 379 63 Holderness,
509 737 100 53 Sir
636 737 220 51 Ernest
884 735 257 55 William
1174 734 263 53 Elmslie.

166 816 345 69 Theorising
536 821 61 48 at
623 814 142 71 golf.

201 900 61 39 (In
283 895 296 44 Illustrated
602 894 231 53 sporting
858 894 97 43 and
979 893 246 44 dramatic
1249 907 136 30 news
1411 892 279 53 magazine,
1715 892 114 43 Dec.
1857 893 71 50 31,
1957 892 146 45 1927)

102 952 2006 53 © 1c. Feb. 25, 1928; A ad int. 10685; pubd. Dec. 30, 1927; Sir E. W. E.
168 1014 314 47 Holderness,
511 1011 507 49 Walton-on-the-hill,
1051 1011 195 49 Surrey,
1277 1011 238 48 England.

94 1092 266 65 Hughes,
391 1092 214 64 Philip.

165 1170 304 71 Together,
512 1170 76 70 by
627 1170 203 69 Philip
873 1170 260 69 Hughes.
1207 1170 262 67 London,
1510 1168 369 54 Hutchinson
1922 1171 46 50 &
2009 1185 100 51 co.,

96 1250 102 53 ltd.
232 1252 172 65 [1928]

162 1332 629 49 2 p. l., 7-288 p. 19½ᶜᵐ.
100 1386 2007 52 © 1c. Feb. 3, 1928; A ad int. 10616; pubd. Jan. 10; D. Appleton and co.,
167 1447 118 41 New
313 1446 146 41 York.
529 1445 254 49 (28-4661)

98 1527 119 53 The
250 1526 315 53 Humorist.
659 1544 51 35 v.
746 1528 82 65 12,
857 1543 89 35 no.
979 1524 263 68 287-289,
1272 1525 136 52 Feb.
1438 1527 51 66 4,
1522 1528 82 65 11,
1637 1528 82 67 18,
1752 1528 151 50 1928.

162 1610 28 41 3
255 1641 10 11 v.

99 1662 2008 53 © 1c. Feb. 4, 11, 21, 1928; A ad int. 10631, 10649, 10672; pubd. Jan. 28,
166 1724 112 41 Feb.
310 1725 41 47 4,
385 1725 55 38 11;
506 1723 187 49 George
724 1724 220 48 Newnes,
978 1724 103 47 ltd.,
1116 1723 215 40 London.

91 1802 341 65 Kleinberg,
464 1802 232 65 Alfred,
732 1806 172 50 1881-

95 1880 1987 149 … Die deutsche dichtung in ihren sozialen, zeit- und geistesgeschichtlichen
619 1961 425 69 bedingungen,
1089 1960 123 53 eine
1255 1960 202 53 skizze.
1533 1960 221 68 Berlin,
1794 1960 56 54 J.
1893 1960 79 53 H.
2015 1959 91 56 W.

95 2038 948 71 Dietz nachf. g. m. b. h. [ ᶜ 1927]
164 2122 1372 49 2 p. l., vii-xv, 447, [1] p. plates, facsim. 22 ½ᶜᵐ .
165 2180 352 48 Bibliography
535 2190 9 30 :
573 2192 43 37 p.
644 2180 220 41 441-443.

164 2237 318 48 Advertising
504 2239 181 39 matter
703 2248 10 29 :
738 2249 44 37 p.
806 2238 220 41 444-447.

98 2291 51 53 ©
183 2296 129 48 Sept.
344 2296 39 48 9,
417 2294 115 43 1927;
594 2297 67 40 1c.
692 2296 120 41 Nov.
844 2296 27 40 8;
932 2295 315 49 A—Foreign
1277 2295 146 41 36466;
1487 2296 44 41 J.
1565 2296 61 41 H.
1660 2296 71 41 W.
1765 2295 143 39 Dietz
1941 2294 166 42 nachf.

174 2352 253 52 (28-4127)

88 2433 238 64 Kniffin,
362 2434 257 55 William
655 2435 226 64 Henry,
920 2434 172 55 1873-

162 2512 120 54 The
308 2512 232 70 savings
566 2512 155 54 bank
747 2513 115 53 and
889 2513 74 53 its
990 2513 280 69 practical
1296 2512 159 54 work;
1513 2531 32 35 a
1572 2512 278 69 practical
1874 2511 234 54 treatise

91 2607 72 36 on
207 2591 233 69 savings
484 2590 276 71 banking,
805 2591 271 69 covering
1118 2591 96 54 the
1260 2591 243 68 history,
1545 2595 404 65 management
1991 2590 115 53 and

90 2669 259 54 methods
388 2669 67 53 of
492 2669 303 69 operation
829 2669 66 53 of
931 2670 224 52 mutual
1192 2669 235 70 savings
1463 2668 201 70 banks,
1703 2669 114 53 and
1854 2669 252 68 adapted

90 2752 59 48 to
188 2747 232 70 savings
460 2748 392 68 departments
892 2747 62 54 in
990 2747 182 54 banks
1211 2747 68 54 of
1316 2747 264 54 discount
1618 2747 116 54 and
1769 2752 153 48 trust
92 2766 1991 128 companies,

92 2825 1992 133 by Wm. H. Kniffin … 4th ed. New York, The Bankers
207 2903 340 71 publishing
576 2921 300 52 company,
908 2906 151 51 1928.

159 2988 97 49 xiv,
287 2989 85 41 531
402 2999 46 39 p.
476 2987 113 43 incl.
616 2987 145 49 illus.,
791 2987 172 41 forms,
1022 2989 173 47 plates.
1256 2987 119 43 24ᶜᵐ.

97 3039 51 53 ©
177 3045 110 41 Jan.
315 3045 69 47 31,
415 3044 117 41 1928;
586 3045 68 40 2c.
684 3044 113 41 Feb.
825 3044 54 48 2;
911 3043 83 42 aff.
1024 3044 112 41 Feb.
1166 3044 54 47 3;
1253 3044 41 39 A
1321 3044 231 47 1061536;
1586 3045 223 40 Bankers
1838 3044 111 49 pub.
1979 3055 69 30 co.

173 3101 254 50 (28-4245)

91 3182 378 64 Langsdorff,
505 3181 196 65 Georg
735 3180 306 64 Heinrich,
1074 3181 255 70 freiherr
1360 3197 134 47 von,
1533 3181 313 55 1774-1852

159 3260 396 70 Langsdorff’s
578 3261 309 53 Narrative
911 3260 65 54 of
995 3260 98 53 the
1115 3261 270 52 Rezanov
1409 3279 219 51 voyage
1650 3267 61 47 to
1730 3262 202 53 Nueva
95 3261 1989 131 California

323 3340 60 52 in
425 3343 153 64 1806,
616 3339 172 70 being
825 3339 131 53 that
995 3339 251 54 division
1285 3338 66 54 of
1389 3339 217 53 Doctor
1647 3339 193 70 Georg
1878 3341 77 52 H.
1995 3359 108 35 von

91 3417 396 69 Langsdorff’s
518 3417 439 70 Bemerkungen
990 3417 105 54 auf
1129 3418 158 53 einer
1317 3418 143 53 reise
1489 3436 98 34 um
1619 3419 92 52 die
1743 3419 150 67 welt,
1925 3419 183 68 when,

94 3513 58 36 as
179 3497 265 68 personal
473 3497 320 69 physician,
818 3497 71 53 he
914 3497 406 67 accompanied
1348 3497 270 53 Rezanov
1641 3502 63 48 to
1725 3498 201 53 Nueva
96 3498 1987 130 California

323 3575 154 53 from
514 3574 185 70 Sitka,
732 3575 239 68 Alaska,
1006 3576 114 53 and
1154 3575 175 68 back;
1367 3594 73 34 an
1476 3575 250 70 English
1759 3577 348 53 translation

94 3654 238 68 revised,
375 3655 143 52 with
560 3655 100 53 the
700 3654 363 53 Teutonisms
1106 3653 65 54 of
1212 3655 98 53 the
1353 3654 250 69 original
1645 3655 463 68 Hispaniolized,

94 3732 394 68 Russianized,
518 3751 64 35 or
613 3733 362 68 Anglicized,
1004 3733 76 69 by
1110 3732 252 54 Thomas
1394 3732 63 55 C.
1488 3733 256 68 Russell;
1778 3733 328 54 illustrated

97 3811 138 52 with
260 3812 278 67 portraits
566 3812 114 53 and
709 3830 31 34 a
765 3829 153 51 map.
996 3810 118 56 San
1141 3811 328 68 Francisco,
1497 3811 196 69 Calif.,
1719 3812 125 53 The
1867 3812 238 54 Private

99 3907 152 50 press
276 3889 64 53 of
365 3891 66 52 T.
459 3889 63 55 C.
548 3890 245 68 Russell,
820 3890 152 54 1927.

162 3954 1942 70 4 p. l., vii-xiv, 158 p., 1 l. front., plates (1 double) ports., fold. map,
93 4028 214 44 facsims.
367 4031 147 40 26½ᶜᵐ.
578 4031 115 50 [The
728 4032 194 39 Russell
956 4031 275 41 California
1266 4031 230 50 reprints]
