2498 4384
1343 4090 137 49 1984

382 511 218 55 Sevilla
632 511 81 52 ’26
741 511 141 68 May
913 509 152 69 1371,
1095 510 365 68 Manuscript
1490 510 49 51 B
1571 514 30 49 8
1632 509 190 53 edited
1850 509 77 69 by
1957 509 71 53 A.
2061 509 72 53 D.
2168 507 226 71 Savage

443 586 1711 71 … New York, Printed by order of the trustees, 1928.
452 669 1942 51 3 p. l. , 32 p. front., plates. 16½ ᶜᵐ. (Half-title: Hispanic notes, &
381 729 327 48 monographs;
771 738 182 38 essays,
987 728 200 47 studies,
1223 728 98 38 and
1354 726 129 40 brief
1515 727 325 48 biographies,
1874 727 165 39 issued
2072 727 61 47 by
2168 726 82 40 the
381 726 1996 109 Hispanic
554 785 183 48 society
767 784 52 42 of
846 784 251 51 America)

386 851 52 53 ©
472 856 130 48 Sept.
630 856 71 48 21,
731 855 114 41 1928;
905 856 68 40 2c.
1004 856 96 39 and
1130 855 84 41 aff.
1248 855 129 47 Sept.
1407 855 58 38 24;
1524 855 44 40 A
1595 854 206 40 1053526;
1859 854 241 48 Hispanic
2130 854 184 49 society
2344 854 52 40 of

453 912 240 49 America,
725 913 118 40 New
875 913 145 40 York.

381 1023 255 63 Hoover,
671 1021 260 54 Herbert
967 1020 195 66 Clark,
1200 1021 174 55 1874-

454 1102 124 52 The
608 1120 123 34 new
765 1102 142 69 day;
944 1100 308 69 campaign
1283 1101 263 67 speeches
1577 1100 65 54 of
1672 1100 254 54 Herbert
1956 1100 253 69 Hoover,
2244 1103 151 51 1928.

385 1177 2007 72 Stanford University, Calif., Stanford university press [ ᶜ1 928]
454 1259 930 50 xiv, 230 p. incl. front. (port.) 23 ᶜᵐ.
389 1328 52 53 ©
471 1332 120 41 Nov.
619 1333 71 46 27,
719 1331 142 47 1928;
892 1332 69 39 2c.
992 1332 96 39 and
1118 1331 85 41 aff.
1234 1332 114 39 Dec.
1378 1332 26 39 7;
1463 1332 43 38 A
1533 1331 116 40 2117;
1710 1332 164 39 Board
1906 1332 52 39 of
1989 1333 213 39 trustees
2235 1332 52 40 of
2318 1332 82 40 the

456 1389 186 40 Leland
674 1388 237 41 Stanford
940 1388 165 48 junior
1136 1388 146 48 univ.,
1317 1387 236 41 Stanford
1585 1388 299 49 University,
1917 1388 146 42 Calif.

469 1444 282 51 (28-30432)

386 1556 152 64 Ives,
576 1555 278 53 Frederic
890 1556 262 64 Eugene,
1192 1560 174 50 1856-

458 1634 122 52 The
612 1634 464 68 autobiography
1108 1632 64 54 of
1205 1652 73 34 an
1311 1638 258 48 amateur
1601 1634 283 67 inventor,
1916 1633 77 69 by
2027 1634 273 53 Frederic
2334 1634 67 53 E.

386 1712 147 53 Ives.
609 1712 447 68 [Philadelphia]
1094 1712 160 52 Priv.
1287 1712 195 68 print.,
1519 1714 150 51 1928.

458 1794 1222 49 98 p. front., illus. (incl. ports.) diagrs. 22½ ᶜᵐ.
392 1861 53 52 ©
473 1866 119 40 Nov.
620 1865 41 48 1,
689 1865 115 40 1928;
860 1865 69 40 2c.
958 1866 97 39 and
1082 1864 85 40 aff.
1195 1865 114 40 Dec.
1339 1864 26 40 5;
1423 1865 43 38 A
1492 1865 115 40 3113;
1667 1865 53 40 F.
1750 1866 54 40 E.
1834 1866 124 47 Ives,
1990 1864 359 48 Philadelphia.

471 1919 282 52 (28-30441)

388 2017 223 64 James,
651 2016 229 65 George
915 2016 311 64 Wharton,
1267 2021 328 50 1858-1923.

464 2099 122 52 The
612 2098 129 53 lake
766 2097 65 54 of
856 2098 97 53 the
978 2095 122 72 sky,
1125 2097 158 53 Lake
1309 2097 194 53 Tahoe
1528 2096 62 53 in
1614 2098 98 52 the
1736 2096 143 70 high
1910 2096 224 55 Sierras
2160 2096 66 55 of
395 2095 1988 135 California

633 2177 115 53 and
792 2176 265 68 Nevada;
1103 2176 74 53 its
1221 2176 241 69 history,
1506 2173 262 72 Indians,
1811 2176 300 70 discovery
2151 2177 78 68 by
390 2175 1994 150 Fremont,

592 2256 313 68 legendary
928 2256 135 68 lore,
1088 2255 231 53 various
1341 2255 283 68 namings,
1650 2254 263 71 physical
1937 2255 473 69 characteristics,

392 2332 212 72 glacial
644 2335 373 69 phenomena,
1057 2334 261 72 geology,
1357 2332 186 71 single
1580 2333 196 71 outlet,
1817 2334 349 53 automobile
2202 2338 210 65 routes,

391 2413 239 54 historic
655 2419 199 63 towns,
882 2414 158 69 early
1066 2413 227 69 mining
1319 2412 382 70 excitements,
1729 2418 243 49 steamer
1998 2413 142 71 ride,
2166 2414 244 53 mineral

392 2492 250 70 springs,
689 2491 301 54 mountain
1037 2493 114 52 and
1198 2492 129 53 lake
1372 2498 226 63 resorts,
1646 2492 138 53 trail
1831 2493 115 53 and
1992 2491 272 71 camping
2310 2495 101 52 out

390 2571 168 70 trips,
591 2589 248 35 summer
873 2569 331 70 residences,
1240 2569 229 71 fishing,
1504 2570 267 71 hunting,
1805 2569 237 71 flowers,
2076 2569 177 72 birds,
392 2571 1993 150 animals,

589 2655 164 63 trees,
792 2650 114 52 and
944 2649 325 70 chaparral,
1306 2649 141 56 with
1486 2669 32 33 a
1557 2649 114 53 full
1708 2655 240 49 account
1983 2649 65 55 of
2083 2650 98 54 the
2216 2651 194 54 Tahoe

394 2728 261 54 national
684 2727 197 69 forest,
910 2728 96 53 the
1034 2728 195 68 public
1258 2746 96 35 use
1381 2727 65 55 of
1472 2728 97 53 the
1596 2734 178 48 water
1801 2728 65 54 of
1891 2728 158 54 Lake
2076 2730 195 53 Tahoe
2297 2731 114 53 and

394 2805 1955 71 much other interesting matter, by George Wharton James …
397 2885 138 55 Rev.
560 2886 77 69 by
660 2886 182 52 Edith
868 2885 67 54 E.
961 2885 392 54 Farnsworth.
1428 2885 166 54 With
1619 2905 32 34 a
1673 2904 152 51 map,
1849 2887 116 53 and
1987 2887 200 70 eighty
2211 2889 200 67 plates,

397 2964 301 69 including
739 2984 32 33 a
813 2963 233 70 folding
1086 2982 317 50 panorama
1441 2963 162 55 view.
1679 2965 235 70 Boston,
1954 2965 65 53 L.
2064 2964 63 57 C.
2168 2966 159 70 Page
2366 2968 48 52 &

392 3061 283 50 company
713 3044 174 65 [1928]

466 3123 1947 53 xxii, 351 p. front., plates (1 fold.) fold. map. 23 ᶜᵐ. [“See America
395 3181 137 41 first”
559 3181 166 49 series]

402 3249 52 53 ©
488 3253 102 40 Oct.
619 3252 71 48 29,
722 3252 114 40 1928;
895 3253 70 39 2c.
995 3252 113 40 Dec.
1140 3251 55 39 10;
1257 3251 83 41 aff.
1371 3253 114 40 Dec.
1516 3254 26 39 7;
1602 3253 42 39 A
1673 3254 115 40 3136;
1851 3255 149 39 Edith
2033 3256 171 39 Emma
470 3255 1925 103 Farnsworth,

671 3310 271 39 Pasadena.
1009 3308 282 49 (28-30431)

400 3404 255 54 Judicial
694 3406 113 52 and
846 3411 287 62 statutory
1171 3403 330 56 definitions
1538 3405 64 54 of
1639 3406 188 54 words
1865 3408 115 52 and
2016 3407 252 69 phrases.
2342 3408 70 53 3d

470 3484 186 54 series.
725 3483 307 69 Collected,
1059 3482 210 70 edited,
1299 3484 114 53 and
1442 3483 285 69 compiled
1753 3485 79 69 by
1858 3486 97 53 the
1983 3486 269 55 editorial
2279 3484 136 56 staff

472 3559 64 54 of
572 3561 96 52 the
706 3561 276 52 National
1020 3565 261 63 reporter
1318 3565 210 64 system.
1619 3581 51 33 v.
1714 3565 46 65 1,
1800 3565 47 49 2.
1927 3561 83 56 St.
2049 3563 168 68 Paul,
2256 3562 158 56 West

471 3639 338 69 publishing
838 3657 98 49 co.,
970 3641 151 51 1928.

470 3721 222 41 2 v. 26 ᶜᵐ.
475 3791 263 42 “Contains
772 3792 83 40 the
887 3791 207 47 judicial
1127 3791 381 49 interpretation
1542 3793 96 40 and
1671 3793 335 40 construction
2038 3793 54 41 of
2124 3795 161 39 words
2315 3795 98 39 and

401 3850 205 47 phrases
650 3849 155 39 found
851 3848 50 40 in
948 3849 82 39 the
1077 3849 228 47 reported
1350 3848 241 41 decisions
1638 3850 52 40 of
1734 3850 83 39 the
1862 3849 261 41 American
2169 3851 245 47 appellate

401 3905 1956 49 courts from January 1, 1913 … down to January 1, 1928.”—Pref. v. 1.
407 3971 52 54 ©
485 3975 120 42 Nov.
628 3975 41 49 2,
695 3975 39 49 9,
761 3975 114 40 1928;
930 3976 69 40 2c.
1024 3975 118 41 each
1169 3976 113 41 Dec.
1308 3976 25 41 8;
1390 3973 109 44 affs.
1525 3975 114 41 Dec.
1665 3977 26 39 7;
1748 3975 41 40 A
1813 3976 130 50 3074,
1970 3976 116 42 3075;
2142 3977 139 42 West
2304 3977 111 48 pub.

475 4044 68 29 co.
610 4032 281 50 (28-30180)
