2498 4384
1344 4074 100 49 656

381 426 197 61 Wade,
609 427 223 61 Henry.

380 501 1973 144 The missing partners, by Henry Wade … London, (Jonstable & co., ltd., 1928.
450 662 1006 49 vii, 310 p. incl. front. (mnp) 19 ½ᶜᵐ .
390 730 1987 51 © 1c. Apr. 30, 1928; A ad int. 10993; pubd. Apr. 26; Payson & Clarke,
458 792 100 47 ltd.,
587 791 117 39 New
733 790 144 40 York.
948 788 280 49 (28-12553)

380 885 326 61 Waldman,
739 884 228 62 Milton,
1003 887 170 49 1895-

455 962 95 55 Sir
577 963 222 53 Walter
825 961 265 69 Raleigh,
1116 962 76 68 by
1218 962 214 52 Milton
1460 962 327 54 Waldman.
1851 962 140 52 New
2020 961 182 68 York,
382 962 1978 146 Harper
506 1043 45 49 &
573 1040 277 67 brothers,
877 1043 149 49 1928.

488 1121 1899 49 viii p., 3 l., 255 p. front., ports., maps (1 double) 22 ½ᶜᵐ . ( Half-title :
383 1180 102 38 The
511 1180 182 40 Golden
717 1179 118 39 hind
858 1178 164 48 series,
1048 1180 72 39 ed.
1144 1179 60 46 by
1231 1180 63 39 M.
1322 1178 282 47 Waldman)

455 1250 139 47 Maps
617 1261 60 28 on
700 1249 364 48 lining-papers.

456 1306 349 48 Bibliography
823 1317 8 28 :
859 1317 40 37 p.
925 1306 217 40 239-244.

391 1375 52 51 ©
474 1379 114 47 Apr.
618 1379 69 46 19,
720 1378 113 40 1928;
892 1378 68 40 2c.
991 1378 113 47 Apr.
1135 1378 59 39 19;
1251 1376 82 41 aff.
1365 1377 114 48 Apr.
1510 1377 55 39 21;
1627 1378 41 38 A
1698 1377 205 40 1069867;
1962 1378 194 48 Harper
2189 1378 36 40 &
2256 1379 125 40 bros.

472 1435 281 48 (28-11640)

384 1530 274 62 Wallace,
692 1530 219 63 Edgar.

459 1608 277 55 Children
766 1607 65 53 of
860 1607 95 52 the
986 1626 157 49 poor.
1218 1607 148 52 Mar.
1400 1610 85 64 31,
1518 1610 148 50 1928.

494 1692 60 37 (In
584 1688 161 41 Home
772 1686 117 43 chat
920 1685 286 53 magazine)

391 1758 1974 101 © 1c. May 29, 1928; A ad int. 11154; pubd. Mar. 31; E. Wallace, London.
553 1913 406 68 Children of the poor. Apr. 7, 1928.
469 1996 81 47 (In
582 1993 157 42 Home
771 1992 117 43 chat
918 1990 287 53 magazine)

393 2064 1991 51 © 1c. June 5, 1928; A ad int. 11181; pubd. Apr. 7; E. Wallace, London.
460 2218 119 52 The
620 2219 182 67 flying
841 2218 194 67 squad,
1112 2217 163 67 chap.
1319 2220 64 48 35
1435 2216 376 68 (contd.)-38.
1895 2216 379 67 [Conclusion.
2356 2224 28 47 5

389 2297 376 65 instalments]

473 2379 80 48 (In
585 2375 201 43 London
814 2373 148 53 Daily
993 2374 143 51 mail)

393 2447 1990 51 © 1c. each May 26, 1928; A ad int. 11149; pubd. Mar. 28-31, Apr. 2;
463 2509 53 39 E.
548 2508 227 45 Wallace,
808 2507 212 39 London.

384 2601 254 61 Walton,
671 2600 222 53 Robert
923 2599 217 63 Petrie,
1176 2603 172 49 1905-
1529 2601 83 51 ed.

461 2677 1924 71 A comprehensive survey of starch chemistry … compiled
386 2755 1980 305 and edited by Robert P. Walton, in collaboration with the following authorities: Jerome Alexander, Carl L. Alsberg, Victor G. Bloede … [and others] New York, The Chemical catalog company, inc., 1928.
462 3075 87 39 360
577 3085 42 37 p.
680 3073 143 48 illus.,
855 3073 180 48 diagrs.
1096 3073 118 41 26ᶜᵐ.

460 3130 252 40 Classified
766 3129 351 48 bibliography,
1172 3129 118 40 with
1345 3130 179 39 author
1577 3131 95 39 and
1724 3130 190 48 subject
1965 3129 202 42 indexes
2230 3131 67 45 (v.
2381 3163 9 15 1,

391 3189 65 45 pt.
494 3187 73 45 2),
604 3186 233 48 compiled
880 3188 152 37 under
1071 3186 81 40 the
1190 3186 223 48 auspices
1453 3187 50 38 of
1545 3188 80 39 the
1664 3188 116 38 New
1821 3188 128 39 York
1989 3187 161 48 public
2191 3188 199 47 library,

390 3254 167 30 covers
596 3243 262 48 periodical
901 3243 257 40 literature
1197 3254 59 28 on
1299 3244 81 39 the
1420 3244 188 47 subject
1649 3244 52 40 of
1741 3245 233 43 starches,
2017 3244 235 48 dextrius,
2296 3246 92 39 and

389 3301 243 47 amylases
656 3301 79 39 for
762 3301 80 39 the
866 3300 165 48 period
1058 3300 276 40 1811-1925.

463 3357 349 40 “References”
850 3361 49 36 at
937 3359 89 37 end
1065 3357 51 39 of
1153 3360 125 36 most
1316 3357 51 39 of
1406 3357 79 39 the
1521 3357 227 47 chapters
1787 3357 50 41 of
1879 3358 79 40 the
1996 3358 295 48 symposium
2330 3370 59 28 on

389 3415 166 38 starch
578 3414 263 46 chemistry
865 3415 96 38 and
986 3414 285 47 technology
1307 3413 66 48 (v.
1398 3414 39 46 1,
1463 3416 65 46 pt.
1590 3414 15 47 1)

398 3468 51 52 ©
476 3472 113 48 Apr.
616 3472 69 48 18,
712 3472 140 46 1928;
880 3473 68 40 2c.
976 3471 113 48 Apr.
1116 3472 81 46 19;
1228 3470 83 42 aff.
1339 3471 113 48 Apr.
1479 3472 83 46 23;
1593 3472 40 39 A
1660 3471 230 49 1074113;
1922 3472 245 41 Chemical
2197 3473 191 48 catalog

469 3540 81 36 co.,
582 3529 91 40 inc.
746 3529 281 48 (28-11729)

390 3622 325 63 Warshow,
745 3621 222 54 Robert
996 3621 223 65 Irving.

459 3699 116 69 Jay
610 3699 220 66 Gould;
866 3700 94 52 the
993 3705 158 63 story
1184 3699 65 52 of
1281 3718 32 34 a
1347 3698 248 69 fortune,
1627 3699 75 70 by
1737 3699 215 53 Robert
1984 3700 208 68 Irving
388 3699 1978 131 Warshow.
636 3777 139 53 New
812 3776 180 68 York,
1029 3777 329 69 Greenberg
1397 3780 192 64 [ᶜ1928]

457 3861 85 39 200
580 3872 43 36 p.
682 3861 165 47 front.,
884 3861 171 47 plates,
1093 3862 150 46 ports.
1302 3861 146 40 23½ᶜᵐ.

399 3912 51 52 ©
477 3916 113 40 Apr.
616 3916 69 46 20,
712 3917 115 39 1928;
882 3917 67 39 2c.
975 3915 114 48 Apr.
1115 3916 56 39 25;
1228 3915 83 41 aff.
1338 3915 113 48 Apr.
1479 3916 56 39 24;
1590 3917 41 38 A
1659 3916 200 40 1074191;
1919 3916 287 48 Greenberg,
2235 3916 150 48 pubr.,

470 3973 90 41 inc.
632 3973 280 49 (28-11513)
