2498 4384
1118 4067 139 51 2141

148 400 169 63 Ross,
347 398 257 54 William
634 395 252 64 Arthur,
919 399 172 50 1896-

219 477 371 66 Elementary
618 472 351 70 agriculture
996 470 65 55 of
1086 469 343 70 Wyoming;
1461 487 31 34 a
1521 466 272 54 textbook
1820 465 59 54 in
150 465 1980 141 agriculture
324 552 94 53 for

464 551 174 67 sixth,
687 550 234 54 seventh
971 549 113 53 and
1135 547 200 70 eighth
1387 546 222 70 grades,
1660 545 75 70 by
1784 545 92 54 W.
1928 543 228 54 Arthur

149 625 1673 72 Ross … Sheridan, Wy., The Mills company, ᶜ1928.
218 713 87 39 216
337 723 43 37 p.
413 711 110 42 incl.
555 711 164 46 front.,
752 709 130 41 illus.
942 709 117 41 23ᶜᵐ.

223 781 350 43 “References”
603 783 51 39 at
680 781 91 40 end
799 780 51 40 of
876 790 131 31 some
1032 778 53 42 of
1111 778 83 41 the
1220 778 243 49 chapters.

151 852 51 53 ©
235 856 119 39 Nov.
385 854 70 47 15,
487 854 85 39 1928;
659 853 69 41 2c.
759 853 114 40 Dec.
903 851 56 40 22;
1021 850 84 42 aff.
1137 851 113 40 Dec.
1282 850 57 40 26;
1398 850 41 39 A
1469 849 115 41 3372;
1647 850 72 40 W.
1751 849 54 41 A.
1839 849 137 47 Ross,
219 848 1924 118 Cheyenne,
384 919 105 46 Wy.
560 914 252 51 (29-1493)

148 1018 253 64 Russell,
435 1019 203 62 Harry
671 1017 250 63 Luman,
960 1020 173 50 1866-

221 1097 265 56 Outlines
529 1096 65 53 of
636 1096 167 68 dairy
846 1094 410 69 bacteriology,
1297 1093 231 53 written
1574 1091 94 54 for
1711 1092 98 53 the
1852 1091 312 69 producers

150 1177 114 52 and
294 1176 370 53 distributors
694 1173 64 54 of
785 1173 145 53 milk
960 1173 112 52 and
1104 1173 97 52 the
1229 1170 463 54 manufacturers
1723 1169 66 54 of
1817 1170 145 53 milk
151 1169 1987 153 products,

330 1248 1834 75 by H. L. Russell … and E. G. Hastings … 12th ed.
150 1333 287 67 Madison,
467 1332 161 66 Wis.,
658 1331 78 53 H.
768 1331 66 52 L.
865 1330 245 68 Russell,
1144 1332 153 51 1928.

220 1412 825 51 ix, 238 p. illus., diagr. 20 ᶜᵐ .
156 1468 52 53 ©
234 1473 113 40 Dec.
373 1473 70 43 28,
470 1472 115 40 1928;
640 1472 68 39 2c.
735 1472 111 39 Jan.
872 1471 40 46 2,
940 1470 115 40 1929;
1111 1469 83 40 aff.
1223 1470 114 40 Dec.
1363 1469 70 47 31,
1462 1468 115 40 1928;
1635 1467 41 40 A
1703 1467 117 40 2556;

1875 1467 61 41 H.
1964 1467 52 40 L.
224 1467 1926 103 Russell
338 1530 97 40 and
461 1530 53 39 E.
542 1529 53 40 G.
622 1528 252 48 Hastings,
903 1527 239 47 Madison,
1169 1526 119 41 Wis.
1360 1524 253 50 (29-1108)

151 1624 266 63 Sautter,
452 1623 164 65 Karl,
654 1623 173 54 1872-

225 1703 339 55 Geschichte
612 1704 101 52 der
764 1702 308 53 deutschen
1122 1706 147 64 post,
1319 1702 154 68 hrsg.
1524 1701 118 53 und
1691 1701 188 52 bearb.
1930 1719 112 34 von
2094 1699 76 52 K.

161 1778 1788 69 Sautter … t. 1. Geschichte der preussischen post, nach
159 1778 1986 136 amtlichen
331 1861 225 67 quellen
586 1860 88 52 bis
708 1861 134 50 1858
874 1858 189 53 bearb.
1096 1876 112 34 von
1241 1858 83 52 dr.
1359 1857 77 53 H.
1511 1901 9 9 V.
1558 1856 278 69 Stephan,
1866 1856 303 54 neubearb.

159 1934 2011 73 und fortgeführt bis 1868 von K. Sautter. [ Berlin] R. V.
154 2017 222 53 Decker
436 2019 97 49 [1928]

225 2095 911 51 xvi, 747 p. front. (port.) 25 ᶜᵐ .
230 2155 260 49 “Quellen”:
550 2166 43 29 v.
619 2156 40 46 1,
687 2166 45 36 p.
759 2154 100 41 747.

161 2210 2012 53 © July 25, 1928; 1c. Oct. 11; A —Foreign 470; R. V. Decker’s vertag,
231 2271 52 40 G.
322 2270 231 42 Schenck.
627 2268 253 50 (29-1834)

159 2365 232 65 Schinz,
424 2366 171 53 Hans
626 2365 52 52 R
970 2368 173 51 1891-

229 2443 304 54 Lehrbuch
587 2443 100 52 der
740 2440 600 71 röntgendiagnostik,
1390 2441 108 54 mit
1549 2442 341 54 besonderer

159 2442 1996 150 berücksichtigung
528 2523 100 52 der
665 2522 319 69 chirurgie;
1023 2522 155 68 hrsg.
1216 2540 114 34 von
1365 2522 79 52 H.
1482 2523 68 51 R.
1593 2521 209 55 Schinz
1841 2527 167 48 unter

166 2522 1990 148 mitwirkung
462 2619 112 34 von
607 2601 89 53 W.
734 2600 260 53 Baensch
1026 2600 119 53 und
1180 2600 71 53 E.
1286 2599 219 69 Friedl,
1538 2600 164 54 nebst
1733 2599 298 70 beitragen
2068 2619 112 34 von

162 2678 2017 70 A. Hotz, O. Jüngling [u. a.] … mit einem geleitwort von
164 2759 63 53 P.
264 2757 325 57 Clairmont
625 2758 115 52 und
773 2756 68 54 E.
876 2758 186 68 Payr;
1098 2757 108 53 mit
1240 2757 153 67 1722,
1426 2757 270 53 teilweise
1731 2756 269 70 farbigen
163 2763 1993 142 textabbildungen

609 2836 118 52 und
786 2839 29 49 5
871 2835 569 69 photographischen
1496 2834 204 55 tafeln.
1792 2835 260 70 Leipzig,
2111 2837 69 54 G.

167 2915 251 68 Thieme,
455 2917 152 50 1928.

233 2997 1162 49 xviii, 1131 p. illus., v pl., diagrs. 27 ½ ᶜᵐ .
236 3053 1947 51 Plates I -II accompanied by guard sheets with descriptive letterpress
167 3114 94 39 and
288 3112 186 41 outline
504 3111 262 49 drawings.

237 3169 237 42 Contains
506 3167 395 50 bibliographies.

169 3223 1661 52 © Jan. 1, 1928; 1c. Oct. 11; A—Foreign 428; Georg Thieme.
248 3283 254 49 (29-2122)

172 3377 519 55 Schwenckfelder
720 3374 243 57 church.
1037 3377 446 68 Pennsylvania.

244 3456 164 53 Book
438 3456 65 54 of
532 3457 253 67 worship
818 3455 94 54 for
941 3456 212 53 church
1185 3456 115 54 and
1328 3456 184 68 home,
1540 3455 142 55 with
1711 3457 196 54 orders
1938 3455 66 55 of
174 3475 1987 127 service,
301 3553 255 50 prayers,

584 3535 113 53 and
726 3535 163 53 other
918 3535 125 53 aids
1070 3541 59 47 to
1158 3535 289 66 devotion,
1476 3536 285 68 prepared
1787 3536 76 69 by
1889 3536 99 53 the
174 3534 1986 132 Committee

398 3613 65 53 of
488 3614 290 53 ministers
808 3613 65 54 of
899 3614 98 52 the
1024 3613 248 54 General
1300 3612 335 55 conference
1662 3613 66 54 of
1751 3615 99 55 the
175 3613 1986 132 Schwenkfelder

395 3692 229 53 church.
694 3692 359 69 Pennsburg,
1086 3692 122 67 Pa.,
1243 3692 124 52 The
1401 3693 196 53 Board
1633 3693 65 53 of
1729 3692 359 70 publication
2120 3693 67 55 of

172 3770 97 53 the
303 3769 471 55 Schwenkfelder
806 3771 211 54 church
1098 3773 135 50 [ᶜ1928
1239 3804 12 33 ]

242 3852 337 49 200 p. 17 ᶜᵐ .
177 3904 51 53 ©
258 3909 102 41 Oct.
387 3909 69 43 19,
485 3910 117 40 1928;
655 3910 68 41 2c.
751 3911 113 40 Dec.
892 3911 83 45 11;
1005 3910 83 41 aff.
1116 3911 114 40 Dec.
1258 3911 83 47 12;
1371 3911 42 40 A
1440 3912 142 46 2216;
1613 3913 164 40 Board
1806 3913 52 40 of
1885 3913 303 49 publication

245 3966 51 41 of
322 3967 82 41 the
436 3967 399 42 Schwenkfelder
860 3968 196 49 church,
1084 3968 360 50 Philadelphia.
1512 3969 253 52 (29-2791)
