<alto xmlns="http://www.loc.gov/standards/alto/ns-v3#" xmlns:xlink="http://www.w3.org/1999/xlink" xmlns:xsi="http://www.w3.org/2001/XMLSchema-instance" xsi:schemaLocation="http://www.loc.gov/standards/alto/ns-v3# http://www.loc.gov/alto/v3/alto-3-0.xsd"><Description>
<MeasurementUnit>pixel</MeasurementUnit>
<sourceImageInformation>
<fileName>1928_v25_part001.pdf</fileName>
</sourceImageInformation>
<OCRProcessing ID="IdOcr">
<ocrProcessingStep>
<processingDateTime>2019-04-12</processingDateTime>
<processingSoftware>
<softwareCreator>ABBYY</softwareCreator>
<softwareName>ABBYY Recognition Server</softwareName>
<softwareVersion>4.0</softwareVersion>
</processingSoftware>
</ocrProcessingStep>
</OCRProcessing>
</Description>
<Styles>
<ParagraphStyle ID="StyleId-FFFFFFFF-FFFF-FFFF-FFFF-FFFFFFFFFFFF-" ALIGN="Left" LEFT="0." RIGHT="0." FIRSTLINE="0."/>
<ParagraphStyle ID="StyleId-0ECAC0CE-E1F0-4C69-A1B9-95E16886343B-" ALIGN="Left" LEFT="0." RIGHT="0." FIRSTLINE="0." LINESPACE="8.300000191"/>
<ParagraphStyle ID="StyleId-5C6F7A30-EC6F-4250-A8D3-0AE106DCDB5D-" ALIGN="Left" LEFT="0." RIGHT="0." FIRSTLINE="-13." LINESPACE="11.22999954"/>
<ParagraphStyle ID="StyleId-B258737E-7AF8-4B71-A0BF-0A1420B951F9-" ALIGN="Left" LEFT="0." RIGHT="0." FIRSTLINE="-13." LINESPACE="8.210000038"/>
<ParagraphStyle ID="StyleId-35C0EFA5-E89E-4731-B16E-5D3895F12270-" ALIGN="Block" LEFT="0." RIGHT="0." FIRSTLINE="-12." LINESPACE="11.22999954"/>
<ParagraphStyle ID="StyleId-7BD1F9B4-14BB-4AAF-864B-FED8FEA7DC43-" ALIGN="Left" LEFT="0." RIGHT="0." FIRSTLINE="0."/>
<ParagraphStyle ID="StyleId-CD2DA0E5-536D-42AE-AE16-8D9F5C008D5A-" ALIGN="Block" LEFT="0." RIGHT="0." FIRSTLINE="-12." LINESPACE="10."/>
<ParagraphStyle ID="StyleId-AF408F88-EED5-4CE2-A229-3F852C18D9BD-" ALIGN="Block" LEFT="0." RIGHT="0." FIRSTLINE="-14." LINESPACE="10."/>
<ParagraphStyle ID="StyleId-829CD741-943D-4B7B-9638-57AB73DE2567-" ALIGN="Center" LEFT="0." RIGHT="0." FIRSTLINE="0." LINESPACE="9.399999619"/>
<ParagraphStyle ID="StyleId-B271BDFA-6037-4875-BA99-885A067668E9-" ALIGN="Left" LEFT="0." RIGHT="0." FIRSTLINE="-14." LINESPACE="11.21000004"/>
<ParagraphStyle ID="StyleId-64F9C1D8-EA12-4F65-AD18-B72A4C6B556F-" ALIGN="Center" LEFT="0." RIGHT="0." FIRSTLINE="0." LINESPACE="11.60000038"/>
<ParagraphStyle ID="StyleId-44DA2756-E57B-4EF3-9BA4-FC1C14776DE3-" ALIGN="Left" LEFT="0." RIGHT="0." FIRSTLINE="-12." LINESPACE="12.19999981"/>
<ParagraphStyle ID="StyleId-D1D9AF19-8CA6-4F74-9AEC-1B4545205AD7-" ALIGN="Center" LEFT="0." RIGHT="0." FIRSTLINE="0." LINESPACE="11.60000038"/>
<ParagraphStyle ID="StyleId-3ADA1556-6D19-417D-8046-68449BF368BA-" ALIGN="Left" LEFT="0." RIGHT="0." FIRSTLINE="-13." LINESPACE="12.19999981"/>
<ParagraphStyle ID="StyleId-7443A930-B325-44B5-9AB8-B42B4EC78C89-" ALIGN="Block" LEFT="0." RIGHT="0." FIRSTLINE="13." LINESPACE="8.619999886"/>
<ParagraphStyle ID="StyleId-C9A9E480-E448-4934-9AF8-3D252792E396-" ALIGN="Left" LEFT="0." RIGHT="0." FIRSTLINE="-12." LINESPACE="11.38000011"/>
<ParagraphStyle ID="StyleId-73039842-464C-49B9-9440-4C0D0E749DFE-" ALIGN="Center" LEFT="0." RIGHT="0." FIRSTLINE="0." LINESPACE="11.10000038"/>
<ParagraphStyle ID="StyleId-C51F6AC2-80DA-4C65-849C-6E2D5F548EA4-" ALIGN="Left" LEFT="0." RIGHT="0." FIRSTLINE="0." LINESPACE="7.699999809"/>
<ParagraphStyle ID="StyleId-494190D9-BDDC-4834-A745-6AF520F91CD0-" ALIGN="Block" LEFT="0." RIGHT="0." FIRSTLINE="-12." LINESPACE="11.22999954"/>
<ParagraphStyle ID="StyleId-68D39D31-3386-4B28-8C90-DA9420961D78-" ALIGN="Left" LEFT="0." RIGHT="0." FIRSTLINE="0." LINESPACE="11.60000038"/>
<ParagraphStyle ID="StyleId-DF0CE7C7-E73E-44FE-8867-C904BD7F3F42-" ALIGN="Block" LEFT="0." RIGHT="0." FIRSTLINE="0." LINESPACE="12.19999981"/>
</Styles>
<Layout>
<Page ID="Page110" PHYSICAL_IMG_NR="110" HEIGHT="4432" WIDTH="2547">
<TopMargin HEIGHT="406" WIDTH="2547" VPOS="0" HPOS="0">
</TopMargin>
<LeftMargin HEIGHT="3730" WIDTH="402" VPOS="406" HPOS="0">
</LeftMargin>
<RightMargin HEIGHT="3730" WIDTH="107" VPOS="406" HPOS="2440">
</RightMargin>
<BottomMargin HEIGHT="296" WIDTH="2547" VPOS="4136" HPOS="0">
</BottomMargin>
<PrintSpace HEIGHT="3730" WIDTH="2038" VPOS="406" HPOS="402">
<TextBlock ID="Page110_Block1" HEIGHT="72" WIDTH="120" VPOS="4064" HPOS="1372" LANG="ru" CS="1" STYLEREFS="StyleId-0592AA00-B7DC-4805-9F61-B14AB56E3FF2-">
<TextLine HEIGHT="0" WIDTH="0" VPOS="0" HPOS="0" CS="1">
<String CS="1" CONTENT="110"/>
</TextLine>
</TextBlock>
<TextBlock ID="Page110_Block2" HEIGHT="3622" WIDTH="2038" VPOS="406" HPOS="402" LANG="en-US" CS="1" STYLEREFS="StyleId-547544A2-2F29-4FF7-8710-4ADE0809A9F2-">
<TextLine HEIGHT="50" WIDTH="514" VPOS="500" HPOS="488" LANG="de" CS="1">
<String CONTENT="xxxi," HEIGHT="47" WIDTH="134" VPOS="501" HPOS="488"/>
<SP HEIGHT="47" WIDTH="20" VPOS="501" HPOS="623"/>
<String CONTENT="224" HEIGHT="40" WIDTH="87" VPOS="501" HPOS="644"/>
<SP HEIGHT="48" WIDTH="18" VPOS="502" HPOS="732"/>
<String LANG="fr" CONTENT="p." HEIGHT="38" WIDTH="43" VPOS="512" HPOS="751"/>
<SP HEIGHT="41" WIDTH="59" VPOS="501" HPOS="795"/>
<String CONTENT="22" HEIGHT="41" WIDTH="56" VPOS="500" HPOS="855"/>
<String LANG="en-US" CS="1" CONTENT="&#189;"/>
<String STYLE="superscript" CONTENT="&#7580;&#7504;" HEIGHT="21" WIDTH="44" VPOS="504" HPOS="944"/>
<String CONTENT="." HEIGHT="10" WIDTH="9" VPOS="533" HPOS="993"/>
</TextLine>
<TextLine HEIGHT="49" WIDTH="1312" VPOS="557" HPOS="492">
<String CONTENT="&#8220;Authorized" HEIGHT="41" WIDTH="327" VPOS="557" HPOS="492"/>
<SP HEIGHT="39" WIDTH="23" VPOS="559" HPOS="820"/>
<String CONTENT="translation," HEIGHT="47" WIDTH="312" VPOS="558" HPOS="844"/>
<SP HEIGHT="36" WIDTH="26" VPOS="569" HPOS="1157"/>
<String CONTENT="edited" HEIGHT="40" WIDTH="163" VPOS="559" HPOS="1184"/>
<SP HEIGHT="39" WIDTH="25" VPOS="559" HPOS="1348"/>
<String CONTENT="by" HEIGHT="47" WIDTH="61" VPOS="559" HPOS="1374"/>
<SP HEIGHT="47" WIDTH="23" VPOS="559" HPOS="1436"/>
<String CONTENT="H." HEIGHT="41" WIDTH="61" VPOS="559" HPOS="1460"/>
<SP HEIGHT="41" WIDTH="24" VPOS="559" HPOS="1522"/>
<String CONTENT="Collison.&#8221;" HEIGHT="42" WIDTH="257" VPOS="558" HPOS="1547"/>
</TextLine>
<TextLine HEIGHT="54" WIDTH="2002" VPOS="609" HPOS="424" CS="1">
<String CONTENT="&#169;" HEIGHT="53" WIDTH="57" VPOS="609" HPOS="424"/>
<SP/>
<String CS="1" CONTENT="1c."/>
<SP/>
<String CONTENT="Dec." HEIGHT="40" WIDTH="112" VPOS="615" HPOS="601"/>
<SP HEIGHT="40" WIDTH="28" VPOS="615" HPOS="714"/>
<String CONTENT="23," HEIGHT="41" WIDTH="71" VPOS="615" HPOS="743"/>
<SP HEIGHT="41" WIDTH="29" VPOS="615" HPOS="815"/>
<String CS="1" CONTENT="1927;" HEIGHT="40" WIDTH="115" VPOS="615" HPOS="845"/>
<SP HEIGHT="46" WIDTH="31" VPOS="616" HPOS="987"/>
<!-- cceid 14DB65C8-6CB2-1014-A20E-B9D6251C946A --><String CONTENT="A" HEIGHT="38" WIDTH="41" VPOS="616" HPOS="1019"/>
<SP HEIGHT="39" WIDTH="27" VPOS="616" HPOS="1061"/>
<String CONTENT="ad" HEIGHT="39" WIDTH="61" VPOS="616" HPOS="1089"/>
<SP HEIGHT="40" WIDTH="28" VPOS="615" HPOS="1151"/>
<String CONTENT="int." HEIGHT="40" WIDTH="86" VPOS="615" HPOS="1180"/>
<SP HEIGHT="40" WIDTH="31" VPOS="615" HPOS="1267"/>
<String CS="1" CONTENT="10530;" HEIGHT="41" WIDTH="145" VPOS="614" HPOS="1299"/>
<SP HEIGHT="38" WIDTH="29" VPOS="625" HPOS="1472"/>
<String CONTENT="pubd." HEIGHT="48" WIDTH="142" VPOS="615" HPOS="1502"/>
<SP HEIGHT="41" WIDTH="30" VPOS="615" HPOS="1645"/>
<String CONTENT="Oct." HEIGHT="41" WIDTH="104" VPOS="615" HPOS="1676"/>
<SP HEIGHT="41" WIDTH="27" VPOS="615" HPOS="1781"/>
<String CS="1" CONTENT="25;" HEIGHT="41" WIDTH="57" VPOS="613" HPOS="1809"/>
<SP HEIGHT="48" WIDTH="31" VPOS="614" HPOS="1895"/>
<String CONTENT="Henry" HEIGHT="48" WIDTH="169" VPOS="614" HPOS="1927"/>
<SP HEIGHT="47" WIDTH="29" VPOS="615" HPOS="2097"/>
<String CONTENT="B." HEIGHT="40" WIDTH="54" VPOS="615" HPOS="2127"/>
<SP HEIGHT="39" WIDTH="33" VPOS="616" HPOS="2182"/>
<String LANG="de" CONTENT="Monges," HEIGHT="46" WIDTH="210" VPOS="616" HPOS="2216"/>
</TextLine>
<TextLine HEIGHT="49" WIDTH="617" VPOS="671" HPOS="488">
<String CONTENT="New" HEIGHT="40" WIDTH="119" VPOS="672" HPOS="488"/>
<SP HEIGHT="39" WIDTH="27" VPOS="673" HPOS="608"/>
<String CONTENT="York." HEIGHT="40" WIDTH="145" VPOS="672" HPOS="636"/>
<SP HEIGHT="49" WIDTH="69" VPOS="671" HPOS="782"/>
<String CONTENT="(28-3036)" HEIGHT="49" WIDTH="253" VPOS="671" HPOS="852"/>
</TextLine>
<TextLine HEIGHT="64" WIDTH="951" VPOS="765" HPOS="412" STYLEREFS="StyleId-3650B95F-C3A1-4E09-98FD-7D4EF4640319-">
<String CONTENT="Swift," HEIGHT="63" WIDTH="196" VPOS="766" HPOS="412"/>
<SP HEIGHT="63" WIDTH="30" VPOS="766" HPOS="609"/>
<String CONTENT="Louis" HEIGHT="54" WIDTH="184" VPOS="765" HPOS="640"/>
<SP HEIGHT="52" WIDTH="26" VPOS="767" HPOS="825"/>
<String CONTENT="Franklin," HEIGHT="63" WIDTH="304" VPOS="766" HPOS="852"/>
<SP HEIGHT="59" WIDTH="33" VPOS="770" HPOS="1157"/>
<String CONTENT="1861-" HEIGHT="51" WIDTH="172" VPOS="769" HPOS="1191"/>
</TextLine>
<TextLine HEIGHT="73" WIDTH="1935" VPOS="842" HPOS="489" STYLEREFS="StyleId-73FC3AAF-E043-4006-937F-2C0AC7B04AC0-">
<String CONTENT="The" HEIGHT="52" WIDTH="120" VPOS="846" HPOS="489"/>
<SP HEIGHT="52" WIDTH="53" VPOS="846" HPOS="610"/>
<String CONTENT="Yankee" HEIGHT="53" WIDTH="234" VPOS="845" HPOS="664"/>
<SP HEIGHT="34" WIDTH="51" VPOS="864" HPOS="899"/>
<String CONTENT="of" HEIGHT="53" WIDTH="65" VPOS="845" HPOS="951"/>
<SP HEIGHT="53" WIDTH="47" VPOS="845" HPOS="1017"/>
<String CONTENT="the" HEIGHT="53" WIDTH="96" VPOS="845" HPOS="1065"/>
<SP HEIGHT="54" WIDTH="52" VPOS="844" HPOS="1162"/>
<String CONTENT="Yards;" HEIGHT="68" WIDTH="222" VPOS="844" HPOS="1215"/>
<SP HEIGHT="63" WIDTH="52" VPOS="849" HPOS="1438"/>
<String CONTENT="the" HEIGHT="55" WIDTH="96" VPOS="843" HPOS="1491"/>
<SP HEIGHT="55" WIDTH="50" VPOS="843" HPOS="1588"/>
<String CONTENT="biography" HEIGHT="72" WIDTH="327" VPOS="843" HPOS="1639"/>
<SP HEIGHT="51" WIDTH="50" VPOS="862" HPOS="1967"/>
<String CONTENT="of" HEIGHT="54" WIDTH="65" VPOS="842" HPOS="2018"/>
<SP HEIGHT="57" WIDTH="49" VPOS="842" HPOS="2084"/>
<String CONTENT="Gustavus" HEIGHT="57" WIDTH="290" VPOS="842" HPOS="2134"/>
</TextLine>
<TextLine HEIGHT="134" WIDTH="1983" VPOS="922" HPOS="418" STYLEREFS="StyleId-73FC3AAF-E043-4006-937F-2C0AC7B04AC0-" CS="1">
<String CONTENT="Franklin" HEIGHT="53" WIDTH="283" VPOS="924" HPOS="419"/>
<SP HEIGHT="57" WIDTH="33" VPOS="923" HPOS="703"/>
<String CONTENT="Swift," HEIGHT="68" WIDTH="195" VPOS="923" HPOS="737"/>
<SP HEIGHT="67" WIDTH="29" VPOS="924" HPOS="933"/>
<String CONTENT="by" HEIGHT="70" WIDTH="77" VPOS="924" HPOS="963"/>
<SP HEIGHT="70" WIDTH="29" VPOS="924" HPOS="1041"/>
<String CONTENT="Louis" HEIGHT="54" WIDTH="175" VPOS="923" HPOS="1071"/>
<SP HEIGHT="53" WIDTH="32" VPOS="924" HPOS="1247"/>
<String CONTENT="F." HEIGHT="52" WIDTH="67" VPOS="924" HPOS="1280"/>
<SP HEIGHT="57" WIDTH="37" VPOS="922" HPOS="1348"/>
<String CONTENT="Swift" HEIGHT="57" WIDTH="177" VPOS="922" HPOS="1386"/>
<SP HEIGHT="53" WIDTH="32" VPOS="923" HPOS="1564"/>
<String CONTENT="in" HEIGHT="54" WIDTH="60" VPOS="923" HPOS="1597"/>
<SP HEIGHT="35" WIDTH="32" VPOS="942" HPOS="1658"/>
<String CONTENT="collaboration" HEIGHT="55" WIDTH="412" VPOS="922" HPOS="1691"/>
<SP HEIGHT="34" WIDTH="34" VPOS="941" HPOS="2104"/>
<String CONTENT="with" HEIGHT="54" WIDTH="141" VPOS="923" HPOS="2139"/>
<SP HEIGHT="54" WIDTH="32" VPOS="922" HPOS="2281"/>
<String CONTENT="Arthur" HEIGHT="134" WIDTH="1983" VPOS="922" HPOS="418"/>
</TextLine>
<TextLine HEIGHT="71" WIDTH="1843" VPOS="1000" HPOS="583" STYLEREFS="StyleId-73FC3AAF-E043-4006-937F-2C0AC7B04AC0-">
<String CONTENT="Van" HEIGHT="53" WIDTH="132" VPOS="1003" HPOS="583"/>
<SP HEIGHT="54" WIDTH="29" VPOS="1003" HPOS="716"/>
<String CONTENT="Vlissingen," HEIGHT="69" WIDTH="351" VPOS="1002" HPOS="746"/>
<SP HEIGHT="69" WIDTH="29" VPOS="1001" HPOS="1098"/>
<String CONTENT="jr." HEIGHT="69" WIDTH="71" VPOS="1001" HPOS="1128"/>
<SP HEIGHT="57" WIDTH="76" VPOS="1000" HPOS="1200"/>
<String CONTENT="Chicago" HEIGHT="71" WIDTH="254" VPOS="1000" HPOS="1277"/>
<SP HEIGHT="51" WIDTH="30" VPOS="1004" HPOS="1532"/>
<String CONTENT="&amp;" HEIGHT="50" WIDTH="46" VPOS="1004" HPOS="1563"/>
<SP HEIGHT="53" WIDTH="28" VPOS="1002" HPOS="1610"/>
<String CONTENT="New" HEIGHT="53" WIDTH="140" VPOS="1002" HPOS="1639"/>
<SP HEIGHT="53" WIDTH="30" VPOS="1002" HPOS="1780"/>
<String CONTENT="York," HEIGHT="68" WIDTH="182" VPOS="1001" HPOS="1811"/>
<SP HEIGHT="68" WIDTH="28" VPOS="1001" HPOS="1994"/>
<String CONTENT="A." HEIGHT="54" WIDTH="73" VPOS="1001" HPOS="2023"/>
<SP HEIGHT="54" WIDTH="29" VPOS="1002" HPOS="2097"/>
<String CONTENT="W." HEIGHT="54" WIDTH="90" VPOS="1002" HPOS="2127"/>
<SP HEIGHT="57" WIDTH="34" VPOS="1000" HPOS="2218"/>
<String CONTENT="Shaw" HEIGHT="57" WIDTH="173" VPOS="1000" HPOS="2253"/>
</TextLine>
<TextLine HEIGHT="71" WIDTH="1973" VPOS="1079" HPOS="418" STYLEREFS="StyleId-73FC3AAF-E043-4006-937F-2C0AC7B04AC0-" CS="1">
<String CS="1" CONTENT="company;" HEIGHT="52" WIDTH="281" VPOS="1097" HPOS="418"/>
<SP HEIGHT="66" WIDTH="30" VPOS="1080" HPOS="729"/>
<String CONTENT="London," HEIGHT="67" WIDTH="261" VPOS="1080" HPOS="760"/>
<SP HEIGHT="68" WIDTH="29" VPOS="1079" HPOS="1022"/>
<String CONTENT="A." HEIGHT="54" WIDTH="73" VPOS="1079" HPOS="1052"/>
<SP HEIGHT="55" WIDTH="27" VPOS="1080" HPOS="1126"/>
<String CONTENT="W." HEIGHT="55" WIDTH="91" VPOS="1080" HPOS="1154"/>
<SP HEIGHT="56" WIDTH="33" VPOS="1079" HPOS="1246"/>
<String CONTENT="Shaw" HEIGHT="56" WIDTH="173" VPOS="1079" HPOS="1280"/>
<SP HEIGHT="34" WIDTH="29" VPOS="1099" HPOS="1454"/>
<String CONTENT="and" HEIGHT="52" WIDTH="114" VPOS="1081" HPOS="1484"/>
<SP HEIGHT="52" WIDTH="29" VPOS="1081" HPOS="1599"/>
<String CONTENT="company," HEIGHT="52" WIDTH="301" VPOS="1098" HPOS="1629"/>
<SP HEIGHT="67" WIDTH="27" VPOS="1080" HPOS="1931"/>
<String CONTENT="limited," HEIGHT="68" WIDTH="244" VPOS="1079" HPOS="1959"/>
<SP HEIGHT="65" WIDTH="33" VPOS="1082" HPOS="2204"/>
<String CONTENT="1927." HEIGHT="55" WIDTH="153" VPOS="1079" HPOS="2238"/>
</TextLine>
<TextLine HEIGHT="51" WIDTH="1684" VPOS="1160" HPOS="490" CS="1">
<String CONTENT="2" HEIGHT="39" WIDTH="27" VPOS="1162" HPOS="490"/>
<SP HEIGHT="49" WIDTH="28" VPOS="1162" HPOS="518"/>
<String LANG="fr" CONTENT="p." HEIGHT="38" WIDTH="44" VPOS="1173" HPOS="547"/>
<SP/>
<String LANG="fr" CS="1" CONTENT="l.,"/>
<SP/>
<String CONTENT="iii-viii" HEIGHT="41" WIDTH="177" VPOS="1161" HPOS="699"/>
<SP HEIGHT="50" WIDTH="29" VPOS="1161" HPOS="877"/>
<String CONTENT="p.," HEIGHT="39" WIDTH="58" VPOS="1172" HPOS="907"/>
<SP HEIGHT="48" WIDTH="29" VPOS="1162" HPOS="966"/>
<String CONTENT="2" HEIGHT="39" WIDTH="27" VPOS="1162" HPOS="996"/>
<SP/>
<String CS="1" CONTENT="l.,"/>
<SP/>
<String CONTENT="3-218" HEIGHT="41" WIDTH="146" VPOS="1162" HPOS="1130"/>
<SP HEIGHT="48" WIDTH="29" VPOS="1162" HPOS="1277"/>
<String CONTENT="p." HEIGHT="37" WIDTH="44" VPOS="1173" HPOS="1307"/>
<SP HEIGHT="40" WIDTH="57" VPOS="1162" HPOS="1352"/>
<String CONTENT="front.," HEIGHT="47" WIDTH="165" VPOS="1162" HPOS="1410"/>
<SP HEIGHT="39" WIDTH="32" VPOS="1172" HPOS="1576"/>
<String CONTENT="plates," HEIGHT="47" WIDTH="171" VPOS="1164" HPOS="1609"/>
<SP HEIGHT="38" WIDTH="33" VPOS="1173" HPOS="1781"/>
<String CONTENT="ports." HEIGHT="46" WIDTH="152" VPOS="1165" HPOS="1815"/>
<SP HEIGHT="43" WIDTH="56" VPOS="1160" HPOS="1968"/>
<String CS="1" CONTENT="23&#189;" HEIGHT="42" WIDTH="58" VPOS="1160" HPOS="2025"/>
<String STYLE="superscript" CONTENT="&#7580;&#7504;" HEIGHT="22" WIDTH="46" VPOS="1164" HPOS="2114"/>
<String CONTENT="." HEIGHT="9" WIDTH="10" VPOS="1194" HPOS="2164"/>
</TextLine>
<TextLine HEIGHT="54" WIDTH="2005" VPOS="1213" HPOS="424" CS="1">
<String CONTENT="&#169;" HEIGHT="53" WIDTH="52" VPOS="1213" HPOS="424"/>
<SP HEIGHT="53" WIDTH="25" VPOS="1213" HPOS="477"/>
<String CONTENT="Nov." HEIGHT="39" WIDTH="119" VPOS="1220" HPOS="503"/>
<SP HEIGHT="39" WIDTH="22" VPOS="1220" HPOS="623"/>
<String CONTENT="30," HEIGHT="48" WIDTH="70" VPOS="1218" HPOS="646"/>
<SP HEIGHT="46" WIDTH="24" VPOS="1220" HPOS="717"/>
<String CS="1" CONTENT="1927;" HEIGHT="41" WIDTH="116" VPOS="1218" HPOS="742"/>
<SP HEIGHT="47" WIDTH="25" VPOS="1219" HPOS="885"/>
<String CONTENT="2c." HEIGHT="40" WIDTH="69" VPOS="1219" HPOS="911"/>
<SP HEIGHT="39" WIDTH="23" VPOS="1220" HPOS="981"/>
<String CONTENT="Dec." HEIGHT="39" WIDTH="112" VPOS="1220" HPOS="1005"/>
<SP HEIGHT="40" WIDTH="24" VPOS="1219" HPOS="1118"/>
<String CS="1" CONTENT="14;" HEIGHT="39" WIDTH="56" VPOS="1219" HPOS="1143"/>
<SP HEIGHT="37" WIDTH="27" VPOS="1230" HPOS="1227"/>
<String LANG="de" CONTENT="aff." HEIGHT="43" WIDTH="82" VPOS="1218" HPOS="1255"/>
<SP HEIGHT="41" WIDTH="25" VPOS="1220" HPOS="1338"/>
<String CONTENT="Jan." HEIGHT="40" WIDTH="110" VPOS="1220" HPOS="1364"/>
<SP HEIGHT="41" WIDTH="26" VPOS="1219" HPOS="1475"/>
<String CONTENT="14," HEIGHT="48" WIDTH="69" VPOS="1219" HPOS="1502"/>
<SP HEIGHT="47" WIDTH="25" VPOS="1220" HPOS="1572"/>
<String CS="1" CONTENT="1928;" HEIGHT="42" WIDTH="116" VPOS="1218" HPOS="1598"/>
<SP HEIGHT="48" WIDTH="27" VPOS="1219" HPOS="1740"/>
<!-- cceid 14DC33D5-6CB2-1014-A20E-B9D6251C946A --><String CONTENT="A" HEIGHT="39" WIDTH="41" VPOS="1219" HPOS="1768"/>
<SP HEIGHT="39" WIDTH="26" VPOS="1219" HPOS="1810"/>
<String CS="1" CONTENT="1061212;" HEIGHT="41" WIDTH="205" VPOS="1218" HPOS="1837"/>
<SP HEIGHT="49" WIDTH="28" VPOS="1218" HPOS="2069"/>
<String CONTENT="A." HEIGHT="41" WIDTH="55" VPOS="1218" HPOS="2098"/>
<SP HEIGHT="39" WIDTH="27" VPOS="1220" HPOS="2154"/>
<String CONTENT="W." HEIGHT="39" WIDTH="72" VPOS="1220" HPOS="2182"/>
<SP HEIGHT="41" WIDTH="27" VPOS="1218" HPOS="2255"/>
<String CONTENT="Shaw" HEIGHT="41" WIDTH="146" VPOS="1218" HPOS="2283"/>
</TextLine>
<TextLine HEIGHT="49" WIDTH="392" VPOS="1275" HPOS="487">
<String LANG="ru" CONTENT="co." HEIGHT="30" WIDTH="66" VPOS="1286" HPOS="487"/>
<SP HEIGHT="48" WIDTH="70" VPOS="1276" HPOS="554"/>
<String LANG="en-US" CONTENT="(28-3572)" HEIGHT="49" WIDTH="254" VPOS="1275" HPOS="625"/>
</TextLine>
<TextLine HEIGHT="64" WIDTH="973" VPOS="1370" HPOS="413" STYLEREFS="StyleId-3650B95F-C3A1-4E09-98FD-7D4EF4640319-">
<String CONTENT="Thompson," HEIGHT="63" WIDTH="356" VPOS="1371" HPOS="413"/>
<SP HEIGHT="62" WIDTH="30" VPOS="1371" HPOS="770"/>
<String CONTENT="Seymour" HEIGHT="63" WIDTH="290" VPOS="1371" HPOS="801"/>
<SP HEIGHT="51" WIDTH="28" VPOS="1372" HPOS="1092"/>
<String CONTENT="Dwight." HEIGHT="64" WIDTH="265" VPOS="1370" HPOS="1121"/>
</TextLine>
<TextLine HEIGHT="72" WIDTH="1936" VPOS="1447" HPOS="492" STYLEREFS="StyleId-73FC3AAF-E043-4006-937F-2C0AC7B04AC0-">
<String CONTENT="Commentaries" HEIGHT="55" WIDTH="448" VPOS="1449" HPOS="492"/>
<SP HEIGHT="34" WIDTH="52" VPOS="1468" HPOS="941"/>
<String CONTENT="on" HEIGHT="33" WIDTH="72" VPOS="1468" HPOS="994"/>
<SP HEIGHT="47" WIDTH="51" VPOS="1455" HPOS="1067"/>
<String CONTENT="the" HEIGHT="52" WIDTH="96" VPOS="1450" HPOS="1119"/>
<SP HEIGHT="52" WIDTH="52" VPOS="1450" HPOS="1216"/>
<String CONTENT="law" HEIGHT="51" WIDTH="111" VPOS="1450" HPOS="1269"/>
<SP HEIGHT="34" WIDTH="52" VPOS="1468" HPOS="1381"/>
<String CONTENT="of" HEIGHT="54" WIDTH="64" VPOS="1448" HPOS="1434"/>
<SP HEIGHT="54" WIDTH="51" VPOS="1448" HPOS="1499"/>
<String CONTENT="corporations," HEIGHT="68" WIDTH="412" VPOS="1449" HPOS="1551"/>
<SP HEIGHT="66" WIDTH="50" VPOS="1450" HPOS="1964"/>
<String CONTENT="by" HEIGHT="69" WIDTH="76" VPOS="1450" HPOS="2015"/>
<SP HEIGHT="72" WIDTH="56" VPOS="1447" HPOS="2092"/>
<String CONTENT="Seymour" HEIGHT="71" WIDTH="279" VPOS="1447" HPOS="2149"/>
</TextLine>
<TextLine HEIGHT="68" WIDTH="2010" VPOS="1528" HPOS="419" STYLEREFS="StyleId-73FC3AAF-E043-4006-937F-2C0AC7B04AC0-" CS="1">
<String CONTENT="Dwight" HEIGHT="68" WIDTH="241" VPOS="1528" HPOS="419"/>
<SP HEIGHT="52" WIDTH="33" VPOS="1528" HPOS="661"/>
<String CONTENT="Thompson" HEIGHT="67" WIDTH="333" VPOS="1528" HPOS="695"/>
<SP HEIGHT="33" WIDTH="35" VPOS="1546" HPOS="1029"/>
<String CONTENT="and" HEIGHT="52" WIDTH="113" VPOS="1528" HPOS="1065"/>
<SP HEIGHT="54" WIDTH="35" VPOS="1528" HPOS="1179"/>
<String CONTENT="Joseph" HEIGHT="67" WIDTH="218" VPOS="1528" HPOS="1215"/>
<SP HEIGHT="53" WIDTH="30" VPOS="1528" HPOS="1434"/>
<String CONTENT="W." HEIGHT="53" WIDTH="91" VPOS="1528" HPOS="1465"/>
<SP HEIGHT="51" WIDTH="37" VPOS="1529" HPOS="1557"/>
<String CONTENT="Thompson." HEIGHT="67" WIDTH="349" VPOS="1528" HPOS="1595"/>
<SP HEIGHT="50" WIDTH="71" VPOS="1530" HPOS="1945"/>
<String CONTENT="3d" HEIGHT="52" WIDTH="73" VPOS="1528" HPOS="2017"/>
<SP HEIGHT="52" WIDTH="34" VPOS="1528" HPOS="2091"/>
<String CONTENT="ed." HEIGHT="52" WIDTH="85" VPOS="1529" HPOS="2126"/>
<SP HEIGHT="9" WIDTH="42" VPOS="1570" HPOS="2212"/>
<String CS="1" CONTENT="&#8230;"/>
<SP HEIGHT="52" WIDTH="39" VPOS="1528" HPOS="2311"/>
<String CONTENT="by" HEIGHT="67" WIDTH="78" VPOS="1528" HPOS="2351"/>
</TextLine>
<TextLine HEIGHT="70" WIDTH="2007" VPOS="1605" HPOS="420" STYLEREFS="StyleId-73FC3AAF-E043-4006-937F-2C0AC7B04AC0-">
<String CONTENT="Edward" HEIGHT="52" WIDTH="254" VPOS="1607" HPOS="420"/>
<SP HEIGHT="52" WIDTH="36" VPOS="1607" HPOS="675"/>
<String CONTENT="F." HEIGHT="51" WIDTH="65" VPOS="1607" HPOS="712"/>
<SP HEIGHT="53" WIDTH="38" VPOS="1606" HPOS="778"/>
<String CONTENT="White," HEIGHT="66" WIDTH="214" VPOS="1606" HPOS="817"/>
<SP HEIGHT="48" WIDTH="40" VPOS="1624" HPOS="1032"/>
<String CONTENT="assisted" HEIGHT="53" WIDTH="237" VPOS="1606" HPOS="1073"/>
<SP HEIGHT="53" WIDTH="37" VPOS="1606" HPOS="1311"/>
<String CONTENT="by" HEIGHT="69" WIDTH="76" VPOS="1606" HPOS="1349"/>
<SP HEIGHT="64" WIDTH="36" VPOS="1611" HPOS="1426"/>
<String CONTENT="the" HEIGHT="53" WIDTH="95" VPOS="1606" HPOS="1463"/>
<SP HEIGHT="49" WIDTH="40" VPOS="1625" HPOS="1559"/>
<String CONTENT="publishers&#8217;" HEIGHT="69" WIDTH="341" VPOS="1605" HPOS="1600"/>
<SP HEIGHT="53" WIDTH="40" VPOS="1605" HPOS="1942"/>
<String CONTENT="editorial" HEIGHT="54" WIDTH="267" VPOS="1605" HPOS="1983"/>
<SP HEIGHT="53" WIDTH="40" VPOS="1606" HPOS="2251"/>
<String CONTENT="staff" HEIGHT="54" WIDTH="135" VPOS="1605" HPOS="2292"/>
</TextLine>
<TextLine HEIGHT="70" WIDTH="1872" VPOS="1683" HPOS="478" STYLEREFS="StyleId-73FC3AAF-E043-4006-937F-2C0AC7B04AC0-" CS="1">
<String CS="1" CONTENT="&#8230;"/>
<SP HEIGHT="33" WIDTH="72" VPOS="1703" HPOS="478"/>
<String LANG="fr" CONTENT="v." HEIGHT="33" WIDTH="51" VPOS="1703" HPOS="551"/>
<SP HEIGHT="49" WIDTH="30" VPOS="1687" HPOS="603"/>
<String CONTENT="9." HEIGHT="49" WIDTH="46" VPOS="1687" HPOS="634"/>
<SP HEIGHT="52" WIDTH="65" VPOS="1684" HPOS="681"/>
<String CONTENT="Indianapolis," HEIGHT="68" WIDTH="422" VPOS="1683" HPOS="747"/>
<SP HEIGHT="67" WIDTH="30" VPOS="1684" HPOS="1170"/>
<String CONTENT="The" HEIGHT="53" WIDTH="121" VPOS="1684" HPOS="1201"/>
<SP HEIGHT="52" WIDTH="33" VPOS="1685" HPOS="1323"/>
<String CONTENT="Bobbs-Merrill" HEIGHT="53" WIDTH="446" VPOS="1684" HPOS="1357"/>
<SP HEIGHT="53" WIDTH="31" VPOS="1684" HPOS="1804"/>
<String CONTENT="company" HEIGHT="51" WIDTH="283" VPOS="1702" HPOS="1836"/>
<SP HEIGHT="50" WIDTH="36" VPOS="1703" HPOS="2120"/>
<String CS="1" CONTENT="[&#7580;1927]" HEIGHT="68" WIDTH="152" VPOS="1683" HPOS="2198"/>
</TextLine>
<TextLine HEIGHT="49" WIDTH="655" VPOS="1764" HPOS="490" CS="1">
<String LANG="en-US" CONTENT="1" HEIGHT="38" WIDTH="24" VPOS="1766" HPOS="490"/>
<SP HEIGHT="47" WIDTH="26" VPOS="1766" HPOS="515"/>
<String LANG="fr" CONTENT="p." HEIGHT="37" WIDTH="42" VPOS="1776" HPOS="542"/>
<SP/>
<String LANG="fr" CS="1" CONTENT="l.,"/>
<SP/>
<String LANG="en-US" CONTENT="808," HEIGHT="49" WIDTH="99" VPOS="1764" HPOS="684"/>
<SP HEIGHT="46" WIDTH="28" VPOS="1767" HPOS="784"/>
<String LANG="en-US" CONTENT="758" HEIGHT="42" WIDTH="85" VPOS="1765" HPOS="813"/>
<SP HEIGHT="47" WIDTH="25" VPOS="1766" HPOS="899"/>
<String LANG="en-US" CONTENT="p." HEIGHT="38" WIDTH="44" VPOS="1775" HPOS="925"/>
<SP HEIGHT="41" WIDTH="58" VPOS="1765" HPOS="970"/>
<String LANG="en-US" CS="1" CONTENT="26&#7580;&#7504;." HEIGHT="42" WIDTH="116" VPOS="1765" HPOS="1029"/>
</TextLine>
<TextLine HEIGHT="53" WIDTH="2006" VPOS="1818" HPOS="424" CS="1">
<String CONTENT="&#169;" HEIGHT="52" WIDTH="52" VPOS="1818" HPOS="424"/>
<SP HEIGHT="52" WIDTH="26" VPOS="1818" HPOS="477"/>
<String CONTENT="Jan." HEIGHT="41" WIDTH="110" VPOS="1822" HPOS="504"/>
<SP HEIGHT="40" WIDTH="24" VPOS="1823" HPOS="615"/>
<String CONTENT="20," HEIGHT="48" WIDTH="70" VPOS="1822" HPOS="640"/>
<SP HEIGHT="47" WIDTH="25" VPOS="1823" HPOS="711"/>
<String CS="1" CONTENT="1928;" HEIGHT="40" WIDTH="117" VPOS="1822" HPOS="737"/>
<SP HEIGHT="47" WIDTH="28" VPOS="1823" HPOS="881"/>
<String CONTENT="2c." HEIGHT="40" WIDTH="67" VPOS="1823" HPOS="910"/>
<SP HEIGHT="40" WIDTH="29" VPOS="1823" HPOS="978"/>
<String CONTENT="Jan." HEIGHT="40" WIDTH="110" VPOS="1823" HPOS="1008"/>
<SP HEIGHT="40" WIDTH="26" VPOS="1823" HPOS="1119"/>
<String CONTENT="26;" HEIGHT="47" WIDTH="83" VPOS="1823" HPOS="1146"/>
<SP HEIGHT="37" WIDTH="30" VPOS="1833" HPOS="1230"/>
<String LANG="de" CONTENT="aff." HEIGHT="41" WIDTH="83" VPOS="1822" HPOS="1261"/>
<SP HEIGHT="39" WIDTH="29" VPOS="1824" HPOS="1345"/>
<String CONTENT="Jan." HEIGHT="39" WIDTH="110" VPOS="1824" HPOS="1375"/>
<SP HEIGHT="41" WIDTH="27" VPOS="1822" HPOS="1486"/>
<String CONTENT="25;" HEIGHT="48" WIDTH="83" VPOS="1822" HPOS="1514"/>
<SP HEIGHT="47" WIDTH="28" VPOS="1823" HPOS="1598"/>
<!-- cceid 14DCFFB2-6CB2-1014-A20E-B9D6251C946A --><String CONTENT="A" HEIGHT="39" WIDTH="41" VPOS="1823" HPOS="1627"/>
<SP HEIGHT="39" WIDTH="26" VPOS="1823" HPOS="1669"/>
<String CONTENT="1018570;" HEIGHT="49" WIDTH="232" VPOS="1822" HPOS="1696"/>
<SP HEIGHT="48" WIDTH="29" VPOS="1823" HPOS="1929"/>
<String CONTENT="Bobbs-Merrill" HEIGHT="41" WIDTH="370" VPOS="1822" HPOS="1959"/>
<SP HEIGHT="39" WIDTH="29" VPOS="1824" HPOS="2330"/>
<String LANG="ru" CONTENT="co." HEIGHT="30" WIDTH="70" VPOS="1834" HPOS="2360"/>
</TextLine>
<TextLine HEIGHT="64" WIDTH="789" VPOS="1932" HPOS="414" STYLEREFS="StyleId-3650B95F-C3A1-4E09-98FD-7D4EF4640319-">
<String CONTENT="Thorndike," HEIGHT="63" WIDTH="357" VPOS="1932" HPOS="414"/>
<SP HEIGHT="63" WIDTH="30" VPOS="1932" HPOS="772"/>
<String CONTENT="Lynn," HEIGHT="64" WIDTH="190" VPOS="1932" HPOS="803"/>
<SP HEIGHT="59" WIDTH="37" VPOS="1936" HPOS="994"/>
<String CONTENT="1882-" HEIGHT="51" WIDTH="171" VPOS="1935" HPOS="1032"/>
</TextLine>
<TextLine HEIGHT="70" WIDTH="1878" VPOS="2010" HPOS="489" STYLEREFS="StyleId-73FC3AAF-E043-4006-937F-2C0AC7B04AC0-" CS="1">
<String CONTENT="The" HEIGHT="52" WIDTH="121" VPOS="2012" HPOS="489"/>
<SP HEIGHT="53" WIDTH="41" VPOS="2011" HPOS="611"/>
<String CONTENT="history" HEIGHT="69" WIDTH="225" VPOS="2011" HPOS="653"/>
<SP HEIGHT="50" WIDTH="40" VPOS="2030" HPOS="879"/>
<String CONTENT="of" HEIGHT="54" WIDTH="66" VPOS="2010" HPOS="920"/>
<SP HEIGHT="53" WIDTH="39" VPOS="2010" HPOS="987"/>
<String CONTENT="medieval" HEIGHT="54" WIDTH="281" VPOS="2010" HPOS="1027"/>
<SP HEIGHT="52" WIDTH="46" VPOS="2011" HPOS="1309"/>
<String CONTENT="Europe," HEIGHT="68" WIDTH="250" VPOS="2011" HPOS="1356"/>
<SP HEIGHT="67" WIDTH="41" VPOS="2012" HPOS="1607"/>
<String CONTENT="by" HEIGHT="68" WIDTH="75" VPOS="2012" HPOS="1649"/>
<SP HEIGHT="68" WIDTH="42" VPOS="2012" HPOS="1725"/>
<String CONTENT="Lynn" HEIGHT="67" WIDTH="170" VPOS="2012" HPOS="1768"/>
<SP HEIGHT="52" WIDTH="44" VPOS="2012" HPOS="1939"/>
<String CONTENT="Thorndike" HEIGHT="53" WIDTH="334" VPOS="2011" HPOS="1984"/>
<SP HEIGHT="34" WIDTH="48" VPOS="2030" HPOS="2319"/>
<String CS="1" CONTENT="&#8230;"/>
</TextLine>
<TextLine HEIGHT="70" WIDTH="2012" VPOS="2089" HPOS="417" STYLEREFS="StyleId-73FC3AAF-E043-4006-937F-2C0AC7B04AC0-" CS="1">
<String CONTENT="Rev." HEIGHT="52" WIDTH="138" VPOS="2090" HPOS="417"/>
<SP HEIGHT="34" WIDTH="31" VPOS="2108" HPOS="556"/>
<String CONTENT="ed." HEIGHT="53" WIDTH="84" VPOS="2089" HPOS="588"/>
<SP HEIGHT="51" WIDTH="75" VPOS="2090" HPOS="673"/>
<String CONTENT="Boston," HEIGHT="67" WIDTH="235" VPOS="2090" HPOS="749"/>
<SP HEIGHT="67" WIDTH="30" VPOS="2090" HPOS="985"/>
<String CONTENT="New" HEIGHT="53" WIDTH="138" VPOS="2090" HPOS="1016"/>
<SP HEIGHT="53" WIDTH="29" VPOS="2089" HPOS="1155"/>
<String CONTENT="York" HEIGHT="53" WIDTH="166" VPOS="2089" HPOS="1185"/>
<SP HEIGHT="68" WIDTH="32" VPOS="2089" HPOS="1352"/>
<String CS="1" CONTENT="[etc.]" HEIGHT="62" WIDTH="119" VPOS="2094" HPOS="1404"/>
<SP HEIGHT="67" WIDTH="34" VPOS="2089" HPOS="1524"/>
<String CONTENT="Houghton" HEIGHT="70" WIDTH="322" VPOS="2089" HPOS="1559"/>
<SP HEIGHT="52" WIDTH="30" VPOS="2090" HPOS="1882"/>
<String CONTENT="Mifflin" HEIGHT="53" WIDTH="203" VPOS="2089" HPOS="1913"/>
<SP HEIGHT="34" WIDTH="31" VPOS="2108" HPOS="2117"/>
<String CONTENT="company" HEIGHT="50" WIDTH="280" VPOS="2108" HPOS="2149"/>
</TextLine>
<TextLine HEIGHT="64" WIDTH="151" VPOS="2171" HPOS="464" STYLEREFS="StyleId-73FC3AAF-E043-4006-937F-2C0AC7B04AC0-" CS="1">
<String CS="1" CONTENT="[&#7580;1928]" HEIGHT="64" WIDTH="151" VPOS="2171" HPOS="464"/>
</TextLine>
<TextLine HEIGHT="49" WIDTH="1940" VPOS="2251" HPOS="486" CS="1">
<String CONTENT="3" HEIGHT="40" WIDTH="27" VPOS="2251" HPOS="486"/>
<SP HEIGHT="48" WIDTH="29" VPOS="2251" HPOS="514"/>
<String CONTENT="p." HEIGHT="37" WIDTH="44" VPOS="2262" HPOS="544"/>
<SP/>
<String CS="1" CONTENT="l.,"/>
<SP/>
<String CS="1" CONTENT="[v]-xx" HEIGHT="38" WIDTH="162" VPOS="2262" HPOS="698"/>
<SP HEIGHT="37" WIDTH="30" VPOS="2262" HPOS="861"/>
<String CONTENT="p.," HEIGHT="37" WIDTH="58" VPOS="2262" HPOS="892"/>
<SP HEIGHT="45" WIDTH="29" VPOS="2252" HPOS="951"/>
<String CONTENT="1" HEIGHT="38" WIDTH="24" VPOS="2252" HPOS="981"/>
<SP/>
<String CS="1" CONTENT="l.,"/>
<SP/>
<String CONTENT="682" HEIGHT="41" WIDTH="85" VPOS="2251" HPOS="1116"/>
<SP HEIGHT="48" WIDTH="28" VPOS="2251" HPOS="1202"/>
<String CONTENT="p." HEIGHT="37" WIDTH="42" VPOS="2262" HPOS="1231"/>
<SP HEIGHT="41" WIDTH="58" VPOS="2251" HPOS="1274"/>
<String CONTENT="illus." HEIGHT="40" WIDTH="131" VPOS="2251" HPOS="1333"/>
<SP HEIGHT="48" WIDTH="30" VPOS="2251" HPOS="1465"/>
<String CONTENT="(maps," HEIGHT="48" WIDTH="175" VPOS="2251" HPOS="1496"/>
<SP HEIGHT="37" WIDTH="31" VPOS="2262" HPOS="1672"/>
<String CONTENT="plans)" HEIGHT="48" WIDTH="166" VPOS="2251" HPOS="1704"/>
<SP HEIGHT="48" WIDTH="29" VPOS="2251" HPOS="1871"/>
<String CONTENT="maps" HEIGHT="38" WIDTH="138" VPOS="2261" HPOS="1901"/>
<SP HEIGHT="48" WIDTH="28" VPOS="2251" HPOS="2040"/>
<String CONTENT="(part" HEIGHT="48" WIDTH="137" VPOS="2251" HPOS="2069"/>
<SP HEIGHT="39" WIDTH="30" VPOS="2252" HPOS="2207"/>
<String CONTENT="double," HEIGHT="46" WIDTH="188" VPOS="2252" HPOS="2238"/>
</TextLine>
<TextLine HEIGHT="49" WIDTH="689" VPOS="2308" HPOS="416" CS="1">
<String CONTENT="incl." HEIGHT="41" WIDTH="110" VPOS="2308" HPOS="416"/>
<SP HEIGHT="40" WIDTH="20" VPOS="2309" HPOS="527"/>
<String CONTENT="double" HEIGHT="40" WIDTH="174" VPOS="2309" HPOS="548"/>
<SP HEIGHT="40" WIDTH="18" VPOS="2309" HPOS="723"/>
<String CONTENT="frpnt.)" HEIGHT="48" WIDTH="177" VPOS="2309" HPOS="742"/>
<SP HEIGHT="48" WIDTH="66" VPOS="2309" HPOS="920"/>
<String CS="1" CONTENT="21&#7580;&#7504;." HEIGHT="40" WIDTH="118" VPOS="2309" HPOS="987"/>
</TextLine>
<TextLine HEIGHT="49" WIDTH="967" VPOS="2365" HPOS="489">
<String CONTENT="Edited" HEIGHT="40" WIDTH="177" VPOS="2366" HPOS="489"/>
<SP HEIGHT="40" WIDTH="23" VPOS="2366" HPOS="667"/>
<String CONTENT="by" HEIGHT="48" WIDTH="60" VPOS="2366" HPOS="691"/>
<SP HEIGHT="48" WIDTH="21" VPOS="2366" HPOS="752"/>
<String CONTENT="J." HEIGHT="41" WIDTH="45" VPOS="2366" HPOS="774"/>
<SP HEIGHT="40" WIDTH="22" VPOS="2367" HPOS="820"/>
<String CONTENT="T." HEIGHT="40" WIDTH="53" VPOS="2367" HPOS="843"/>
<SP HEIGHT="41" WIDTH="25" VPOS="2366" HPOS="897"/>
<String CONTENT="Shotwell." HEIGHT="42" WIDTH="247" VPOS="2365" HPOS="923"/>
<SP HEIGHT="31" WIDTH="57" VPOS="2376" HPOS="1171"/>
<String CONTENT="cf." HEIGHT="48" WIDTH="63" VPOS="2365" HPOS="1229"/>
<SP HEIGHT="40" WIDTH="30" VPOS="2366" HPOS="1293"/>
<String CONTENT="Pref." HEIGHT="41" WIDTH="132" VPOS="2366" HPOS="1324"/>
</TextLine>
<TextLine HEIGHT="107" WIDTH="1989" VPOS="2421" HPOS="418" CS="1">
<String CONTENT="&#8220;List" HEIGHT="42" WIDTH="134" VPOS="2422" HPOS="492"/>
<SP HEIGHT="38" WIDTH="31" VPOS="2426" HPOS="627"/>
<String CONTENT="of" HEIGHT="41" WIDTH="52" VPOS="2423" HPOS="659"/>
<SP HEIGHT="48" WIDTH="31" VPOS="2423" HPOS="712"/>
<String CONTENT="guides" HEIGHT="48" WIDTH="171" VPOS="2423" HPOS="744"/>
<SP HEIGHT="40" WIDTH="31" VPOS="2423" HPOS="916"/>
<String CONTENT="in" HEIGHT="39" WIDTH="51" VPOS="2423" HPOS="948"/>
<SP HEIGHT="38" WIDTH="30" VPOS="2424" HPOS="1000"/>
<String CONTENT="historical" HEIGHT="41" WIDTH="256" VPOS="2422" HPOS="1031"/>
<SP HEIGHT="38" WIDTH="31" VPOS="2424" HPOS="1288"/>
<String CS="1" CONTENT="reading&#8221;:" HEIGHT="49" WIDTH="232" VPOS="2422" HPOS="1320"/>
<SP HEIGHT="38" WIDTH="34" VPOS="2433" HPOS="1582"/>
<String CONTENT="p." HEIGHT="38" WIDTH="44" VPOS="2433" HPOS="1617"/>
<SP HEIGHT="30" WIDTH="34" VPOS="2442" HPOS="1662"/>
<String CS="1" CONTENT="[xi];" HEIGHT="50" WIDTH="81" VPOS="2422" HPOS="1697"/>
<SP HEIGHT="48" WIDTH="36" VPOS="2422" HPOS="1808"/>
<String CONTENT="&#8220;Exercises" HEIGHT="42" WIDTH="286" VPOS="2421" HPOS="1845"/>
<SP HEIGHT="29" WIDTH="32" VPOS="2433" HPOS="2132"/>
<String CONTENT="and" HEIGHT="39" WIDTH="95" VPOS="2423" HPOS="2165"/>
<SP HEIGHT="39" WIDTH="30" VPOS="2423" HPOS="2261"/>
<String CONTENT="readings&#8221;" HEIGHT="105" WIDTH="1989" VPOS="2423" HPOS="418"/>
<SP HEIGHT="40" WIDTH="23" VPOS="2480" HPOS="554"/>
<String CONTENT="at" HEIGHT="38" WIDTH="54" VPOS="2483" HPOS="578"/>
<SP HEIGHT="38" WIDTH="20" VPOS="2483" HPOS="633"/>
<String CONTENT="end" HEIGHT="39" WIDTH="93" VPOS="2481" HPOS="654"/>
<SP HEIGHT="40" WIDTH="23" VPOS="2481" HPOS="748"/>
<String CONTENT="of" HEIGHT="41" WIDTH="54" VPOS="2480" HPOS="772"/>
<SP HEIGHT="41" WIDTH="21" VPOS="2480" HPOS="827"/>
<String CONTENT="each" HEIGHT="40" WIDTH="118" VPOS="2481" HPOS="849"/>
<SP HEIGHT="40" WIDTH="24" VPOS="2481" HPOS="968"/>
<String CONTENT="chapter." HEIGHT="48" WIDTH="217" VPOS="2480" HPOS="993"/>
</TextLine>
<TextLine HEIGHT="52" WIDTH="2004" VPOS="2533" HPOS="424" CS="1">
<String CONTENT="&#169;" HEIGHT="52" WIDTH="52" VPOS="2533" HPOS="424"/>
<SP HEIGHT="52" WIDTH="34" VPOS="2533" HPOS="477"/>
<String CONTENT="Jan." HEIGHT="39" WIDTH="110" VPOS="2538" HPOS="512"/>
<SP HEIGHT="40" WIDTH="34" VPOS="2537" HPOS="623"/>
<String CONTENT="25," HEIGHT="48" WIDTH="69" VPOS="2537" HPOS="658"/>
<SP HEIGHT="47" WIDTH="34" VPOS="2538" HPOS="728"/>
<String CS="1" CONTENT="1928;" HEIGHT="40" WIDTH="117" VPOS="2537" HPOS="763"/>
<SP HEIGHT="47" WIDTH="34" VPOS="2537" HPOS="906"/>
<String CONTENT="2c." HEIGHT="40" WIDTH="68" VPOS="2537" HPOS="941"/>
<SP HEIGHT="39" WIDTH="33" VPOS="2538" HPOS="1010"/>
<String CONTENT="Jan." HEIGHT="39" WIDTH="110" VPOS="2538" HPOS="1044"/>
<SP HEIGHT="41" WIDTH="34" VPOS="2536" HPOS="1155"/>
<String CS="1" CONTENT="28;" HEIGHT="41" WIDTH="57" VPOS="2536" HPOS="1190"/>
<SP HEIGHT="37" WIDTH="35" VPOS="2547" HPOS="1274"/>
<String LANG="de" CONTENT="aff." HEIGHT="41" WIDTH="84" VPOS="2536" HPOS="1310"/>
<SP HEIGHT="40" WIDTH="35" VPOS="2537" HPOS="1395"/>
<String CONTENT="Jan." HEIGHT="41" WIDTH="110" VPOS="2537" HPOS="1431"/>
<SP HEIGHT="42" WIDTH="33" VPOS="2536" HPOS="1542"/>
<String CS="1" CONTENT="27;" HEIGHT="40" WIDTH="58" VPOS="2536" HPOS="1576"/>
<SP HEIGHT="47" WIDTH="36" VPOS="2536" HPOS="1660"/>
<!-- cceid 14DDC369-6CB2-1014-A20E-B9D6251C946A --><String CONTENT="A" HEIGHT="39" WIDTH="41" VPOS="2536" HPOS="1697"/>
<SP HEIGHT="39" WIDTH="34" VPOS="2536" HPOS="1739"/>
<String CS="1" CONTENT="1018597;" HEIGHT="42" WIDTH="206" VPOS="2535" HPOS="1774"/>
<SP HEIGHT="48" WIDTH="36" VPOS="2535" HPOS="2007"/>
<String CONTENT="L." HEIGHT="40" WIDTH="50" VPOS="2535" HPOS="2044"/>
<SP HEIGHT="39" WIDTH="37" VPOS="2536" HPOS="2095"/>
<String CONTENT="Thorndike," HEIGHT="49" WIDTH="295" VPOS="2534" HPOS="2133"/>
</TextLine>
<TextLine HEIGHT="50" WIDTH="619" VPOS="2593" HPOS="492">
<String CONTENT="New" HEIGHT="40" WIDTH="118" VPOS="2595" HPOS="492"/>
<SP HEIGHT="40" WIDTH="29" VPOS="2595" HPOS="611"/>
<String CONTENT="York." HEIGHT="40" WIDTH="145" VPOS="2595" HPOS="641"/>
<SP HEIGHT="49" WIDTH="70" VPOS="2594" HPOS="787"/>
<String CONTENT="(28-3470)" HEIGHT="50" WIDTH="253" VPOS="2593" HPOS="858"/>
</TextLine>
<TextLine HEIGHT="69" WIDTH="911" VPOS="2688" HPOS="424" STYLEREFS="StyleId-3650B95F-C3A1-4E09-98FD-7D4EF4640319-">
<String CONTENT="[Vance," HEIGHT="68" WIDTH="235" VPOS="2689" HPOS="424"/>
<SP HEIGHT="64" WIDTH="33" VPOS="2689" HPOS="660"/>
<String CONTENT="James" HEIGHT="54" WIDTH="206" VPOS="2689" HPOS="694"/>
<SP HEIGHT="55" WIDTH="31" VPOS="2689" HPOS="901"/>
<String CONTENT="Scott]" HEIGHT="68" WIDTH="186" VPOS="2689" HPOS="933"/>
<SP HEIGHT="65" WIDTH="42" VPOS="2692" HPOS="1120"/>
<String CONTENT="1875-" HEIGHT="54" WIDTH="172" VPOS="2688" HPOS="1163"/>
</TextLine>
<TextLine HEIGHT="151" WIDTH="1984" VPOS="2763" HPOS="421" STYLEREFS="StyleId-73FC3AAF-E043-4006-937F-2C0AC7B04AC0-" CS="1">
<String CONTENT="Proof" HEIGHT="53" WIDTH="185" VPOS="2767" HPOS="490"/>
<SP HEIGHT="53" WIDTH="25" VPOS="2767" HPOS="676"/>
<String CONTENT="of" HEIGHT="53" WIDTH="66" VPOS="2767" HPOS="702"/>
<SP HEIGHT="53" WIDTH="23" VPOS="2767" HPOS="769"/>
<String CONTENT="Rome&#8217;s" HEIGHT="55" WIDTH="225" VPOS="2766" HPOS="793"/>
<SP HEIGHT="51" WIDTH="29" VPOS="2785" HPOS="1019"/>
<String CONTENT="political" HEIGHT="70" WIDTH="261" VPOS="2766" HPOS="1049"/>
<SP HEIGHT="52" WIDTH="23" VPOS="2767" HPOS="1311"/>
<String CONTENT="meddling" HEIGHT="69" WIDTH="300" VPOS="2766" HPOS="1335"/>
<SP HEIGHT="68" WIDTH="26" VPOS="2767" HPOS="1636"/>
<String CONTENT="in" HEIGHT="51" WIDTH="59" VPOS="2767" HPOS="1663"/>
<SP HEIGHT="53" WIDTH="26" VPOS="2765" HPOS="1723"/>
<String CONTENT="America." HEIGHT="54" WIDTH="287" VPOS="2765" HPOS="1750"/>
<SP HEIGHT="34" WIDTH="66" VPOS="2798" HPOS="2038"/>
<String CONTENT="[Washington," HEIGHT="151" WIDTH="1984" VPOS="2763" HPOS="421"/>
</TextLine>
<TextLine HEIGHT="71" WIDTH="1144" VPOS="2843" HPOS="566" STYLEREFS="StyleId-73FC3AAF-E043-4006-937F-2C0AC7B04AC0-" CS="1">
<String CONTENT="D." HEIGHT="53" WIDTH="71" VPOS="2846" HPOS="566"/>
<SP HEIGHT="56" WIDTH="29" VPOS="2845" HPOS="638"/>
<String CONTENT="C.," HEIGHT="69" WIDTH="82" VPOS="2845" HPOS="668"/>
<SP HEIGHT="68" WIDTH="27" VPOS="2846" HPOS="751"/>
<String CONTENT="The" HEIGHT="54" WIDTH="121" VPOS="2845" HPOS="779"/>
<SP HEIGHT="54" WIDTH="28" VPOS="2845" HPOS="901"/>
<String CONTENT="Fellowship" HEIGHT="68" WIDTH="351" VPOS="2845" HPOS="930"/>
<SP HEIGHT="70" WIDTH="28" VPOS="2843" HPOS="1282"/>
<String CONTENT="forum," HEIGHT="69" WIDTH="213" VPOS="2843" HPOS="1311"/>
<SP HEIGHT="62" WIDTH="25" VPOS="2850" HPOS="1525"/>
<String CS="1" CONTENT="&#7580;1927]" HEIGHT="53" WIDTH="136" VPOS="2845" HPOS="1574"/>
</TextLine>
<TextLine HEIGHT="53" WIDTH="1882" VPOS="2927" HPOS="488" CS="1">
<String CONTENT="4" HEIGHT="38" WIDTH="28" VPOS="2931" HPOS="488"/>
<SP HEIGHT="47" WIDTH="25" VPOS="2931" HPOS="517"/>
<String CONTENT="p." HEIGHT="37" WIDTH="44" VPOS="2941" HPOS="543"/>
<SP/>
<String CS="1" CONTENT="l.,"/>
<SP/>
<String CONTENT="[7]-125" HEIGHT="51" WIDTH="177" VPOS="2929" HPOS="690"/>
<SP HEIGHT="48" WIDTH="28" VPOS="2929" HPOS="868"/>
<String CONTENT="p." HEIGHT="37" WIDTH="43" VPOS="2940" HPOS="897"/>
<SP HEIGHT="42" WIDTH="26" VPOS="2928" HPOS="941"/>
<String CONTENT="incl." HEIGHT="41" WIDTH="112" VPOS="2928" HPOS="968"/>
<SP HEIGHT="37" WIDTH="26" VPOS="2939" HPOS="1081"/>
<String CONTENT="plates," HEIGHT="47" WIDTH="172" VPOS="2929" HPOS="1108"/>
<SP HEIGHT="37" WIDTH="26" VPOS="2939" HPOS="1281"/>
<String CONTENT="ports.," HEIGHT="46" WIDTH="166" VPOS="2930" HPOS="1308"/>
<SP HEIGHT="47" WIDTH="27" VPOS="2929" HPOS="1475"/>
<String CONTENT="double" HEIGHT="40" WIDTH="175" VPOS="2928" HPOS="1503"/>
<SP HEIGHT="30" WIDTH="25" VPOS="2938" HPOS="1679"/>
<String CONTENT="map." HEIGHT="38" WIDTH="126" VPOS="2938" HPOS="1705"/>
<SP HEIGHT="41" WIDTH="58" VPOS="2927" HPOS="1832"/>
<String CONTENT="fold," HEIGHT="41" WIDTH="120" VPOS="2927" HPOS="1891"/>
<SP HEIGHT="40" WIDTH="27" VPOS="2928" HPOS="2012"/>
<String CONTENT="diagr." HEIGHT="49" WIDTH="154" VPOS="2927" HPOS="2040"/>
<SP HEIGHT="40" WIDTH="57" VPOS="2927" HPOS="2195"/>
<String CS="1" CONTENT="20&#7580;&#7504;." HEIGHT="41" WIDTH="117" VPOS="2927" HPOS="2253"/>
</TextLine>
<TextLine HEIGHT="50" WIDTH="1937" VPOS="2983" HPOS="491">
<String CONTENT="&#8220;The" HEIGHT="39" WIDTH="130" VPOS="2987" HPOS="491"/>
<SP HEIGHT="29" WIDTH="36" VPOS="2997" HPOS="622"/>
<String CONTENT="national" HEIGHT="41" WIDTH="222" VPOS="2985" HPOS="659"/>
<SP HEIGHT="42" WIDTH="39" VPOS="2984" HPOS="882"/>
<String CONTENT="Catholic" HEIGHT="42" WIDTH="222" VPOS="2984" HPOS="922"/>
<SP HEIGHT="28" WIDTH="38" VPOS="2997" HPOS="1145"/>
<String CONTENT="welfare" HEIGHT="40" WIDTH="204" VPOS="2985" HPOS="1184"/>
<SP HEIGHT="30" WIDTH="38" VPOS="2995" HPOS="1389"/>
<String CONTENT="council." HEIGHT="42" WIDTH="204" VPOS="2984" HPOS="1428"/>
<SP HEIGHT="41" WIDTH="57" VPOS="2985" HPOS="1633"/>
<String CONTENT="Reports" HEIGHT="48" WIDTH="211" VPOS="2985" HPOS="1691"/>
<SP HEIGHT="30" WIDTH="36" VPOS="2994" HPOS="1903"/>
<String CONTENT="of" HEIGHT="41" WIDTH="53" VPOS="2983" HPOS="1940"/>
<SP HEIGHT="41" WIDTH="35" VPOS="2983" HPOS="1994"/>
<String CONTENT="administrative" HEIGHT="41" WIDTH="398" VPOS="2983" HPOS="2030"/>
</TextLine>
<TextLine HEIGHT="50" WIDTH="2010" VPOS="3040" HPOS="419">
<String CONTENT="committee" HEIGHT="41" WIDTH="276" VPOS="3043" HPOS="419"/>
<SP HEIGHT="30" WIDTH="35" VPOS="3053" HPOS="696"/>
<String CONTENT="and" HEIGHT="40" WIDTH="98" VPOS="3043" HPOS="732"/>
<SP HEIGHT="39" WIDTH="35" VPOS="3043" HPOS="831"/>
<String CONTENT="departments" HEIGHT="47" WIDTH="335" VPOS="3043" HPOS="867"/>
<SP HEIGHT="30" WIDTH="35" VPOS="3052" HPOS="1203"/>
<String CONTENT="made" HEIGHT="40" WIDTH="141" VPOS="3042" HPOS="1239"/>
<SP HEIGHT="30" WIDTH="34" VPOS="3052" HPOS="1381"/>
<String CONTENT="at" HEIGHT="38" WIDTH="53" VPOS="3044" HPOS="1416"/>
<SP HEIGHT="39" WIDTH="34" VPOS="3043" HPOS="1470"/>
<String CONTENT="the" HEIGHT="41" WIDTH="83" VPOS="3041" HPOS="1505"/>
<SP HEIGHT="42" WIDTH="35" VPOS="3041" HPOS="1589"/>
<String CONTENT="Conference" HEIGHT="42" WIDTH="299" VPOS="3041" HPOS="1625"/>
<SP HEIGHT="30" WIDTH="35" VPOS="3051" HPOS="1925"/>
<String CONTENT="of" HEIGHT="41" WIDTH="53" VPOS="3040" HPOS="1961"/>
<SP HEIGHT="41" WIDTH="32" VPOS="3040" HPOS="2015"/>
<String CONTENT="the" HEIGHT="40" WIDTH="84" VPOS="3041" HPOS="2048"/>
<SP HEIGHT="39" WIDTH="32" VPOS="3041" HPOS="2133"/>
<String CONTENT="hierarchy" HEIGHT="48" WIDTH="263" VPOS="3040" HPOS="2166"/>
</TextLine>
<TextLine HEIGHT="51" WIDTH="1977" VPOS="3095" HPOS="420" CS="1">
<String CONTENT="of" HEIGHT="39" WIDTH="52" VPOS="3101" HPOS="420"/>
<SP HEIGHT="39" WIDTH="45" VPOS="3101" HPOS="473"/>
<String CONTENT="the" HEIGHT="40" WIDTH="82" VPOS="3100" HPOS="519"/>
<SP HEIGHT="41" WIDTH="48" VPOS="3099" HPOS="602"/>
<String CONTENT="United" HEIGHT="41" WIDTH="181" VPOS="3099" HPOS="651"/>
<SP HEIGHT="42" WIDTH="47" VPOS="3097" HPOS="833"/>
<String CONTENT="States," HEIGHT="48" WIDTH="179" VPOS="3097" HPOS="881"/>
<SP HEIGHT="47" WIDTH="46" VPOS="3098" HPOS="1061"/>
<String CONTENT="Washington," HEIGHT="49" WIDTH="339" VPOS="3097" HPOS="1108"/>
<SP HEIGHT="49" WIDTH="46" VPOS="3097" HPOS="1448"/>
<String CONTENT="D." HEIGHT="41" WIDTH="58" VPOS="3097" HPOS="1495"/>
<SP HEIGHT="42" WIDTH="49" VPOS="3097" HPOS="1554"/>
<String CONTENT="C.," HEIGHT="47" WIDTH="64" VPOS="3097" HPOS="1604"/>
<SP HEIGHT="47" WIDTH="49" VPOS="3097" HPOS="1669"/>
<String CONTENT="September" HEIGHT="48" WIDTH="282" VPOS="3097" HPOS="1719"/>
<SP HEIGHT="39" WIDTH="43" VPOS="3097" HPOS="2002"/>
<String CONTENT="22-23," HEIGHT="48" WIDTH="160" VPOS="3097" HPOS="2046"/>
<SP HEIGHT="48" WIDTH="45" VPOS="3097" HPOS="2207"/>
<String CS="1" CONTENT="1920&#8221;:" HEIGHT="42" WIDTH="144" VPOS="3095" HPOS="2253"/>
</TextLine>
<TextLine HEIGHT="50" WIDTH="293" VPOS="3155" HPOS="422">
<String CONTENT="p." HEIGHT="37" WIDTH="40" VPOS="3167" HPOS="422"/>
<SP HEIGHT="30" WIDTH="31" VPOS="3175" HPOS="463"/>
<String CONTENT="[31]-105." HEIGHT="50" WIDTH="220" VPOS="3155" HPOS="495"/>
</TextLine>
<TextLine HEIGHT="53" WIDTH="2004" VPOS="3207" HPOS="426" CS="1">
<String CONTENT="&#169;" HEIGHT="53" WIDTH="52" VPOS="3207" HPOS="426"/>
<SP HEIGHT="53" WIDTH="24" VPOS="3207" HPOS="479"/>
<String CONTENT="Dec." HEIGHT="40" WIDTH="111" VPOS="3212" HPOS="504"/>
<SP HEIGHT="40" WIDTH="22" VPOS="3212" HPOS="616"/>
<String CONTENT="30," HEIGHT="48" WIDTH="70" VPOS="3211" HPOS="639"/>
<SP HEIGHT="47" WIDTH="25" VPOS="3212" HPOS="710"/>
<String CONTENT="1927:" HEIGHT="42" WIDTH="142" VPOS="3210" HPOS="736"/>
<SP HEIGHT="41" WIDTH="26" VPOS="3211" HPOS="879"/>
<String CONTENT="2c." HEIGHT="40" WIDTH="67" VPOS="3211" HPOS="906"/>
<SP HEIGHT="30" WIDTH="24" VPOS="3221" HPOS="974"/>
<String CONTENT="and" HEIGHT="39" WIDTH="97" VPOS="3211" HPOS="999"/>
<SP HEIGHT="39" WIDTH="24" VPOS="3211" HPOS="1097"/>
<String LANG="de" CONTENT="aff." HEIGHT="41" WIDTH="82" VPOS="3209" HPOS="1122"/>
<SP HEIGHT="40" WIDTH="25" VPOS="3210" HPOS="1205"/>
<String CONTENT="Jan." HEIGHT="40" WIDTH="111" VPOS="3210" HPOS="1231"/>
<SP HEIGHT="41" WIDTH="25" VPOS="3209" HPOS="1343"/>
<String CONTENT="5," HEIGHT="48" WIDTH="39" VPOS="3209" HPOS="1369"/>
<SP HEIGHT="47" WIDTH="25" VPOS="3210" HPOS="1409"/>
<String CS="1" CONTENT="1928;" HEIGHT="42" WIDTH="115" VPOS="3208" HPOS="1435"/>
<SP HEIGHT="48" WIDTH="25" VPOS="3209" HPOS="1578"/>
<!-- cceid 14DE82DA-6CB2-1014-A20E-B9D6251C946A --><String CONTENT="A" HEIGHT="39" WIDTH="41" VPOS="3209" HPOS="1604"/>
<SP HEIGHT="39" WIDTH="25" VPOS="3209" HPOS="1646"/>
<String CS="1" CONTENT="1018223;" HEIGHT="41" WIDTH="205" VPOS="3208" HPOS="1672"/>
<SP HEIGHT="41" WIDTH="27" VPOS="3209" HPOS="1904"/>
<String CONTENT="Fellowship" HEIGHT="48" WIDTH="296" VPOS="3209" HPOS="1932"/>
<SP HEIGHT="48" WIDTH="22" VPOS="3209" HPOS="2229"/>
<String CONTENT="forum." HEIGHT="41" WIDTH="178" VPOS="3209" HPOS="2252"/>
</TextLine>
<TextLine HEIGHT="49" WIDTH="252" VPOS="3268" HPOS="503">
<String CONTENT="(28-3320)" HEIGHT="49" WIDTH="252" VPOS="3268" HPOS="503"/>
</TextLine>
<TextLine HEIGHT="63" WIDTH="573" VPOS="3362" HPOS="418" STYLEREFS="StyleId-3650B95F-C3A1-4E09-98FD-7D4EF4640319-">
<String LANG="fr" CONTENT="Venner," HEIGHT="63" WIDTH="255" VPOS="3362" HPOS="418"/>
<SP HEIGHT="63" WIDTH="29" VPOS="3362" HPOS="674"/>
<String LANG="en-US" CONTENT="Norman." HEIGHT="52" WIDTH="287" VPOS="3362" HPOS="704"/>
</TextLine>
<TextLine HEIGHT="71" WIDTH="1935" VPOS="3436" HPOS="494" STYLEREFS="StyleId-73FC3AAF-E043-4006-937F-2C0AC7B04AC0-">
<String CONTENT="The" HEIGHT="52" WIDTH="122" VPOS="3441" HPOS="494"/>
<SP HEIGHT="34" WIDTH="43" VPOS="3459" HPOS="617"/>
<String CONTENT="careers" HEIGHT="34" WIDTH="217" VPOS="3459" HPOS="661"/>
<SP HEIGHT="35" WIDTH="45" VPOS="3458" HPOS="879"/>
<String CONTENT="of" HEIGHT="52" WIDTH="64" VPOS="3439" HPOS="925"/>
<SP HEIGHT="52" WIDTH="45" VPOS="3439" HPOS="990"/>
<String CONTENT="Bertram" HEIGHT="50" WIDTH="266" VPOS="3441" HPOS="1036"/>
<SP HEIGHT="51" WIDTH="47" VPOS="3439" HPOS="1303"/>
<String CONTENT="Barrington," HEIGHT="69" WIDTH="372" VPOS="3438" HPOS="1351"/>
<SP HEIGHT="33" WIDTH="82" VPOS="3457" HPOS="1724"/>
<String CONTENT="no." HEIGHT="36" WIDTH="89" VPOS="3455" HPOS="1807"/>
<SP HEIGHT="48" WIDTH="50" VPOS="3441" HPOS="1897"/>
<String CONTENT="1." HEIGHT="49" WIDTH="44" VPOS="3441" HPOS="1948"/>
<SP HEIGHT="52" WIDTH="47" VPOS="3438" HPOS="1993"/>
<String CONTENT="The" HEIGHT="52" WIDTH="122" VPOS="3438" HPOS="2041"/>
<SP HEIGHT="55" WIDTH="44" VPOS="3436" HPOS="2164"/>
<String CONTENT="bottom" HEIGHT="55" WIDTH="220" VPOS="3436" HPOS="2209"/>
</TextLine>
<TextLine HEIGHT="51" WIDTH="164" VPOS="3537" HPOS="422" STYLEREFS="StyleId-73FC3AAF-E043-4006-937F-2C0AC7B04AC0-">
<String CONTENT="rung." HEIGHT="51" WIDTH="164" VPOS="3537" HPOS="422"/>
</TextLine>
<TextLine HEIGHT="53" WIDTH="1098" VPOS="3595" HPOS="504">
<String CONTENT="(In" HEIGHT="48" WIDTH="83" VPOS="3600" HPOS="504"/>
<SP HEIGHT="43" WIDTH="31" VPOS="3597" HPOS="588"/>
<String CONTENT="Story-teller" HEIGHT="52" WIDTH="323" VPOS="3596" HPOS="620"/>
<SP HEIGHT="28" WIDTH="32" VPOS="3610" HPOS="944"/>
<String CONTENT="magazine," HEIGHT="52" WIDTH="277" VPOS="3595" HPOS="977"/>
<SP HEIGHT="51" WIDTH="34" VPOS="3595" HPOS="1255"/>
<String CONTENT="Dec.," HEIGHT="51" WIDTH="130" VPOS="3595" HPOS="1290"/>
<SP HEIGHT="50" WIDTH="35" VPOS="3596" HPOS="1421"/>
<String CONTENT="1927)" HEIGHT="50" WIDTH="145" VPOS="3595" HPOS="1457"/>
</TextLine>
<TextLine HEIGHT="53" WIDTH="1999" VPOS="3653" HPOS="429" CS="1">
<String CONTENT="&#169;" HEIGHT="53" WIDTH="51" VPOS="3653" HPOS="429"/>
<SP/>
<String CS="1" CONTENT="1c."/>
<SP/>
<String CONTENT="Jan." HEIGHT="39" WIDTH="110" VPOS="3658" HPOS="617"/>
<SP HEIGHT="40" WIDTH="32" VPOS="3657" HPOS="728"/>
<String CONTENT="6," HEIGHT="46" WIDTH="39" VPOS="3657" HPOS="761"/>
<SP HEIGHT="46" WIDTH="35" VPOS="3657" HPOS="801"/>
<String CONTENT="1928;" HEIGHT="47" WIDTH="140" VPOS="3656" HPOS="837"/>
<SP HEIGHT="46" WIDTH="35" VPOS="3657" HPOS="978"/>
<!-- cceid 14DF6347-6CB2-1014-A20E-B9D6251C946A --><String CONTENT="A" HEIGHT="38" WIDTH="42" VPOS="3657" HPOS="1014"/>
<SP HEIGHT="38" WIDTH="30" VPOS="3657" HPOS="1057"/>
<String CONTENT="ad" HEIGHT="39" WIDTH="62" VPOS="3657" HPOS="1088"/>
<SP HEIGHT="41" WIDTH="31" VPOS="3655" HPOS="1151"/>
<String CONTENT="int." HEIGHT="41" WIDTH="87" VPOS="3655" HPOS="1183"/>
<SP HEIGHT="41" WIDTH="33" VPOS="3655" HPOS="1271"/>
<String CONTENT="10503;" HEIGHT="48" WIDTH="174" VPOS="3655" HPOS="1305"/>
<SP HEIGHT="38" WIDTH="33" VPOS="3666" HPOS="1480"/>
<String CONTENT="pubd." HEIGHT="47" WIDTH="143" VPOS="3657" HPOS="1514"/>
<SP HEIGHT="39" WIDTH="33" VPOS="3657" HPOS="1658"/>
<String CONTENT="Nov." HEIGHT="39" WIDTH="119" VPOS="3657" HPOS="1692"/>
<SP HEIGHT="40" WIDTH="34" VPOS="3656" HPOS="1812"/>
<String CONTENT="14," HEIGHT="47" WIDTH="69" VPOS="3655" HPOS="1847"/>
<SP HEIGHT="46" WIDTH="35" VPOS="3656" HPOS="1917"/>
<String CONTENT="1927;" HEIGHT="47" WIDTH="140" VPOS="3654" HPOS="1953"/>
<SP HEIGHT="46" WIDTH="35" VPOS="3655" HPOS="2094"/>
<String CONTENT="N." HEIGHT="41" WIDTH="56" VPOS="3655" HPOS="2130"/>
<SP HEIGHT="40" WIDTH="36" VPOS="3656" HPOS="2187"/>
<String LANG="fr" CONTENT="Venner," HEIGHT="44" WIDTH="204" VPOS="3656" HPOS="2224"/>
</TextLine>
<TextLine HEIGHT="40" WIDTH="213" VPOS="3713" HPOS="495">
<String CONTENT="London." HEIGHT="40" WIDTH="213" VPOS="3713" HPOS="495"/>
</TextLine>
<TextLine HEIGHT="64" WIDTH="737" VPOS="3793" HPOS="422" STYLEREFS="StyleId-3650B95F-C3A1-4E09-98FD-7D4EF4640319-">
<String CONTENT="Wallace," HEIGHT="63" WIDTH="272" VPOS="3793" HPOS="422"/>
<SP HEIGHT="61" WIDTH="35" VPOS="3795" HPOS="695"/>
<String CONTENT="Edgar," HEIGHT="63" WIDTH="220" VPOS="3794" HPOS="731"/>
<SP HEIGHT="58" WIDTH="35" VPOS="3797" HPOS="952"/>
<String CONTENT="1875-" HEIGHT="54" WIDTH="171" VPOS="3793" HPOS="988"/>
</TextLine>
<TextLine HEIGHT="71" WIDTH="1934" VPOS="3869" HPOS="495" STYLEREFS="StyleId-73FC3AAF-E043-4006-937F-2C0AC7B04AC0-">
<String CONTENT="The" HEIGHT="54" WIDTH="121" VPOS="3871" HPOS="495"/>
<SP HEIGHT="36" WIDTH="50" VPOS="3889" HPOS="617"/>
<String CONTENT="squealer," HEIGHT="69" WIDTH="274" VPOS="3871" HPOS="668"/>
<SP HEIGHT="68" WIDTH="49" VPOS="3870" HPOS="943"/>
<String CONTENT="by" HEIGHT="70" WIDTH="76" VPOS="3870" HPOS="993"/>
<SP HEIGHT="69" WIDTH="52" VPOS="3871" HPOS="1070"/>
<String CONTENT="Edgar" HEIGHT="69" WIDTH="202" VPOS="3871" HPOS="1123"/>
<SP HEIGHT="54" WIDTH="51" VPOS="3870" HPOS="1326"/>
<String CONTENT="Wallace." HEIGHT="54" WIDTH="268" VPOS="3870" HPOS="1378"/>
<SP HEIGHT="55" WIDTH="74" VPOS="3870" HPOS="1647"/>
<String CONTENT="Garden" HEIGHT="55" WIDTH="233" VPOS="3870" HPOS="1722"/>
<SP HEIGHT="55" WIDTH="51" VPOS="3869" HPOS="1956"/>
<String CONTENT="City," HEIGHT="71" WIDTH="154" VPOS="3869" HPOS="2008"/>
<SP HEIGHT="67" WIDTH="49" VPOS="3870" HPOS="2163"/>
<String CONTENT="N." HEIGHT="52" WIDTH="70" VPOS="3870" HPOS="2213"/>
<SP HEIGHT="53" WIDTH="54" VPOS="3869" HPOS="2284"/>
<String CONTENT="Y.," HEIGHT="68" WIDTH="90" VPOS="3869" HPOS="2339"/>
</TextLine>
<TextLine HEIGHT="70" WIDTH="1325" VPOS="3947" HPOS="424" STYLEREFS="StyleId-73FC3AAF-E043-4006-937F-2C0AC7B04AC0-">
<String CONTENT="Doubleday," HEIGHT="69" WIDTH="357" VPOS="3948" HPOS="424"/>
<SP HEIGHT="69" WIDTH="27" VPOS="3947" HPOS="782"/>
<String CONTENT="Doran" HEIGHT="53" WIDTH="199" VPOS="3947" HPOS="810"/>
<SP HEIGHT="51" WIDTH="28" VPOS="3949" HPOS="1010"/>
<String CONTENT="&amp;" HEIGHT="51" WIDTH="46" VPOS="3949" HPOS="1039"/>
<SP HEIGHT="51" WIDTH="24" VPOS="3949" HPOS="1086"/>
<String CONTENT="company," HEIGHT="51" WIDTH="300" VPOS="3965" HPOS="1111"/>
<SP HEIGHT="68" WIDTH="28" VPOS="3947" HPOS="1412"/>
<String CONTENT="inc.," HEIGHT="68" WIDTH="126" VPOS="3947" HPOS="1441"/>
<SP HEIGHT="64" WIDTH="30" VPOS="3951" HPOS="1568"/>
<String CONTENT="1928." HEIGHT="49" WIDTH="150" VPOS="3951" HPOS="1599"/>
</TextLine>
</TextBlock>
</PrintSpace>
</Page>
</Layout>
</alto>