2498 4384
1277 4064 135 51 1412

340 428 315 64 Priestley,
688 429 261 53 Herbert
982 430 261 64 Ingram,
1280 430 172 54 1875-
1668 432 84 53 ed.
1787 433 116 52 and
1936 437 69 48 tr.

410 507 123 52 The
567 507 165 53 Luna
768 525 207 50 papers:
1040 509 332 52 documents
1406 508 252 69 relating
1690 514 60 47 to
1785 509 99 53 the
1918 508 332 69 expedition
2285 507 65 54 of

340 585 134 52 Don
501 586 235 52 Tristán
766 586 69 52 de
862 587 165 51 Luna
1056 605 37 49 y
1121 585 277 53 Arellano
1429 585 94 52 for
1552 586 97 52 the
1678 592 268 62 conquest
1976 585 64 54 of
2070 587 84 51 La
340 587 1986 127 Florida

474 662 61 53 in
573 666 325 49 1559-1561.
972 683 50 33 v.
1062 666 47 49 2.
1183 664 346 52 Translated
1565 664 115 52 and
1718 664 190 52 edited
1945 664 143 52 with
2127 682 75 34 an
338 664 1987 128 historical

596 740 1755 70 introduction by Herbert Ingram Priestley … De
338 819 185 66 Land,
554 820 121 51 The
706 820 239 51 Florida
977 825 145 47 state
1152 819 300 52 historical
1480 820 230 69 society,
1745 823 152 50 1928.

479 932 8 17 xv,
518 900 99 49 383,
651 902 54 49 [1]
737 912 43 37 p.
838 901 59 40 25½ᶜᵐ.
1054 901 193 49 (Added
1278 903 121 47 t.-p.:
1427 902 335 41 Publications
1795 902 51 40 of
1877 901 82 41 the
1990 900 200 41 Florida
2222 905 129 37 state

337 958 257 40 historical
624 958 195 48 society,
850 969 75 30 no.
956 958 38 48 8,
1025 970 44 29 v.
1097 958 52 49 2)

342 1022 52 52 ©
428 1027 102 41 Oct.
560 1028 38 47 1,
630 1028 141 46 1928;
804 1028 68 41 2c.
902 1028 97 39 and
1029 1027 83 42 aff.
1143 1028 104 41 Oct.
1279 1028 52 47 6;
1364 1028 42 39 A
1435 1028 231 48 1054800;
1702 1028 199 41 Florida
1934 1030 130 39 state
2093 1027 257 41 historical

412 1094 108 38 soc.,
554 1084 216 40 Takoma
804 1085 144 48 Park,
985 1086 96 39 Md.

340 1193 314 64 Priestley,
688 1191 156 55 John
878 1193 295 64 Boynton,
1211 1198 170 49 1894-

477 1270 1874 69 … Too many people, and other reflections. New York and
342 1349 261 67 London,
632 1348 236 69 Harper
895 1351 46 50 &
967 1348 281 69 brothers,
1281 1352 152 51 1928.

416 1429 601 49 5 p. l., 224 p., 1 l. 20 ᶜᵐ.
417 1500 64 40 At
507 1500 125 40 head
660 1499 51 40 of
739 1500 110 39 title:
908 1500 43 40 J.
981 1500 54 41 B.
1063 1500 256 46 Priestley.

344 1568 52 52 ©
428 1572 127 48 Sept.
582 1572 69 47 21,
679 1571 141 47 1928;
850 1572 68 41 2c.
950 1572 128 47 Sept.
1106 1572 83 47 20;
1220 1572 84 41 aff.
1335 1572 130 49 Sept.
1492 1573 84 47 24;
1605 1573 42 39 A
1673 1572 233 48 1054482;
1938 1573 45 42 J.
2011 1574 57 40 B.
2096 1572 256 51 Priestley,

412 1628 192 41 Church
641 1628 347 48 Hanborough,
1027 1628 151 49 Oxon,
1216 1630 240 47 England.
1527 1629 282 50 (28-22246)

339 1737 225 54 Punch.
641 1758 50 34 V.
725 1737 117 69 175,
870 1756 90 35 no.
991 1740 155 66 4546,
1176 1737 153 70 Aug.
1361 1741 85 66 22,
1479 1741 152 51 1928.

343 1817 2008 53 © 1c. Oct. 18, 1928; A ad int. 11791; pubd. Aug. 22; Herbert Heather,
412 1878 213 40 London.

341 1969 318 64 Reynolds,
691 1969 222 64 Joseph
945 1969 255 64 Benson,
1235 1974 171 50 1881-

412 2047 1943 70 Elementary mechanics, by Joseph B. Reynolds … New
344 2125 178 68 York,
552 2125 454 68 Prentice-Hall,
1036 2125 126 68 inc.,
1194 2128 152 51 1928.

410 2210 100 48 viii,
544 2209 88 42 250
665 2220 43 38 p.
769 2209 181 48 diagrs.
1010 2209 56 40 23½ᶜᵐ.

344 2276 1953 52 © Sept. 18, 1928; 2c. and aff. Sept. 20; A 1053445; Prentice-Hall, inc.
424 2335 282 50 (28-22096)

342 2445 159 64 Rice,
536 2444 284 55 Rebecca.

413 2524 157 55 Giles
610 2522 65 54 of
710 2524 96 52 the
844 2528 137 62 star,
1018 2523 96 53 the
1151 2523 112 68 boy
1303 2523 127 52 who
1469 2523 190 53 would
1696 2523 67 53 be
1802 2542 31 33 a
1869 2522 230 70 knight,
2136 2523 74 69 by
340 2524 1993 132 Rebecca

546 2601 156 68 Rice,
744 2601 328 53 illustrated
1114 2601 76 68 by
1230 2601 91 54 W.
1364 2601 80 52 M.
1489 2602 234 68 Berger.
1799 2602 237 66 Boston,
2078 2600 279 70 Lothrop,

340 2682 112 52 Lee
479 2682 46 51 &
554 2679 264 69 Shepard
848 2697 79 35 co.
1108 2682 47 63 [ᶜ1928]

410 2763 88 40 350
526 2773 44 38 p.
631 2763 87 40 col.
748 2761 165 48 front.,
946 2762 87 40 col.
1063 2762 176 47 plates.
1297 2761 57 39 22½ᶜᵐ.

346 2829 1993 101 © Sept. 15, 1928; 2c. and aff. Sept. 19; A 1054594; Lothrop, Lee & Shepard
535 2900 68 30 co.
674 2888 282 50 (28-22147)

335 2982 265 64 Rickert,
647 2981 204 65 Edith,
899 2982 172 54 1871-

414 3061 123 52 The
570 3059 346 54 blacksmith
952 3060 113 52 and
1099 3059 97 53 the
1229 3057 348 69 blackbirds,
1611 3058 75 69 by
1720 3057 185 53 Edith
1936 3056 267 68 Rickert;

343 3055 1991 137 pictures
531 3138 76 69 by
641 3138 195 54 James
870 3137 360 69 Daugherty.
1306 3135 235 55 Garden
1577 3135 153 70 City,
1765 3136 70 53 N.
1873 3135 91 68 Y.,
1997 3134 359 70 Doubleday,

343 3216 201 53 Doran
575 3218 46 51 &
652 3233 298 51 company,
983 3215 126 67 inc.,
1143 3217 152 49 1928.

412 3297 763 52 4 p. l., 46 p., 1 l. illus. 19½ᶜᵐ.
348 3366 2008 53 © Aug. 24, 1928; 2c. and aff. Sept. 19; A 1053375; Doubleday, Doran &
415 3439 82 36 co.,
524 3427 92 40 inc.
686 3425 282 49 (28-21939)

346 3521 242 63 Rodick,
620 3519 286 64 Burleigh
940 3517 285 65 Cushing,
1261 3521 171 50 1889-

422 3599 123 53 The
575 3597 258 54 doctrine
864 3596 66 54 of
957 3596 279 68 necessity
1267 3595 62 53 in
1360 3595 413 53 international
1804 3595 130 67 law,
1963 3594 77 69 by
2073 3594 281 69 Burleigh

353 3677 261 68 Cushing
640 3675 239 53 Rodick.
941 3675 140 52 New
1108 3672 181 67 York,
1318 3672 302 55 Columbia
1647 3672 321 70 university
1996 3689 177 51 press,
2202 3675 152 51 1928.

424 3755 489 51 ix, 195 p., 1 l. 21 ᶜᵐ.
426 3827 264 40 Published
716 3827 104 39 also
845 3836 55 30 as
926 3825 154 41 thesis
1117 3824 110 48 (PH.
1286 3824 34 48 D.)
1355 3823 253 41 Columbia
1635 3823 287 49 university,
1949 3823 132 41 1928.

425 3883 350 48 Bibliography:
832 3894 43 37 p.
904 3881 217 42 147-155.

350 3951 52 54 ©
435 3956 127 40 June
593 3955 39 43 9.
666 3955 141 46 1928;
841 3954 68 42 2c.
941 3952 117 49 July
1090 3953 81 47 11;
1208 3952 83 41 aff.
1326 3952 117 48 July
1474 3952 82 47 17;
1591 3951 42 40 A
1665 3951 230 49 1083227;
1933 3951 254 42 Columbia
2221 3949 131 42 univ.

419 4023 150 35 press.
640 4011 281 47 (28-21951)
