2498 4384
1063 4082 134 54 1773

135 499 99 51 448
271 495 386 68 abbildungen
693 493 77 53 im
806 498 121 47 text
960 493 116 51 und
1112 494 67 49 22
1215 490 201 53 tafeln.
1493 489 218 67 Berlin,
1745 489 55 54 J.
1841 488 298 70 Springer.

139 576 146 50 1928.

204 651 1376 53 xi, 461, [1] p. illus., XXII fold. pl., diagrs. 27 ½ᶜᵐ .
206 711 412 48 Bibliographical
657 710 278 40 foot-notes.

143 763 1722 55 © May 3, 1928; 1c. Sept. 19; A— Foreign 30; Julius Springer.
220 824 280 50 (28-28838)

137 919 261 62 Sackett,
434 918 221 52 Robert
691 915 257 65 Lemuel,
985 916 172 55 1867-

210 996 120 53 The
357 996 283 69 engineer,
664 995 89 53 his
779 994 159 53 work
963 994 113 53 and
1101 993 89 54 his
1218 993 320 67 education,
1564 993 76 67 by
1667 991 216 54 Robert
1906 992 235 53 Lemuel

142 1070 1995 70 Sackett … Boston, New York [etc.] Ginn and company [ ᶜ1928 ]
212 1155 80 46 vii,
330 1154 86 40 196
453 1165 42 37 p.
556 1154 164 47 front.,
759 1154 171 48 plates,
971 1156 163 45 ports.,
1172 1153 182 47 diagrs.
1415 1152 116 40 21ᶜᵐ.
1595 1151 342 50 [Engineering
1977 1152 164 48 series,

141 1213 70 38 ed.
240 1211 60 47 by
328 1211 55 40 A.
412 1211 54 42 A.
495 1212 168 39 Potter]

210 1267 1135 49 Bibliography at end of chapters I and II .
145 1322 50 52 ©
232 1326 128 47 Sept.
393 1327 28 39 7,
467 1325 139 47 1928;
641 1325 68 40 2c.
742 1325 119 41 Nov.
894 1325 52 46 1;
984 1324 82 41 aff.
1101 1324 103 41 Oct.
1237 1324 83 47 30;
1356 1324 41 39 A
1429 1323 112 48 379;
1580 1324 55 40 R.
1668 1324 51 40 L.
1756 1324 212 47 Sackett,
2006 1323 138 41 State

212 1382 204 48 College,
449 1382 83 40 Pa.
603 1380 280 50 (28-25763)

138 1463 307 62 Sampson,
476 1461 235 53 Arthur
741 1461 275 65 William,
1053 1466 171 49 1884-

207 1540 304 53 Livestock
547 1540 334 68 husbandry
918 1557 72 35 on
1029 1558 175 50 range
1243 1540 112 52 and
1393 1544 249 63 pasture,
1679 1539 76 69 by
1792 1538 226 53 Arthur
2055 1539 89 53 W.

139 1616 1982 133 Sampson … New York, J. Wiley & sons, inc.; London, Chapman
300 1698 45 50 &
375 1695 144 54 Hall
547 1696 242 67 limited,
823 1698 149 51 1928.

208 1778 1356 49 3 p. l., v-xxi, 411 p. front., illus., diagrs. 23½ᶜᵐ.
210 1837 67 38 “A
310 1836 288 48 companion
630 1836 191 39 volume
855 1837 49 38 to
941 1836 95 49 [the
1072 1834 235 50 author’s]
1344 1836 181 46 ‘Range
1559 1836 94 39 and
1689 1837 200 46 pasture
139 1845 1988 88 management’
312 1894 96 39 and

442 1892 189 41 ‘Native
663 1892 257 40 American
949 1891 171 48 forage
1151 1890 417 49 plants’.”—Pref.

210 1950 350 47 Bibliography
590 1952 52 37 at
669 1950 92 39 end
792 1948 51 40 of
871 1958 130 30 some
1029 1948 52 39 of
1109 1949 82 39 the
1220 1948 243 47 chapters.

145 2002 51 53 ©
225 2006 101 41 Oct.
352 2006 69 43 26,
450 2006 84 39 1928;
618 2006 67 39 2c.
714 2006 95 39 and
836 2004 82 41 aff.
947 2004 102 42 Oct.
1076 2004 55 40 31;
1189 2004 41 40 A
1258 2004 114 41 1367;
1429 2004 54 40 A.
1512 2004 72 40 W.
1615 2003 250 49 Sampson,
1894 2004 253 48 Berkeley,

212 2063 144 41 Calif.
427 2062 280 49 (28-25678)

139 2144 213 63 Saxon,
393 2142 164 64 Lyle.

207 2220 291 54 Fabulous
528 2221 138 52 New
697 2220 260 69 Orleans,
985 2220 74 69 by
1086 2220 142 70 Lyle
1260 2219 220 69 Saxon;
1511 2219 328 54 illustrated
1866 2221 75 69 by
1972 2220 67 55 E.
2069 2220 77 53 H.

141 2298 272 69 Suydam.
489 2299 140 53 New
661 2299 180 68 York,
871 2299 260 68 London,
1160 2299 123 53 The
1316 2297 256 70 Century
1601 2316 79 36 co.
1719 2301 192 66 [ᶜ1928]

206 2383 84 49 xii,
323 2383 86 42 330
442 2395 43 37 p.
546 2384 86 40 col.
664 2383 164 48 front.,
862 2383 144 48 illus.,
1041 2382 171 50 plates.
1273 2382 148 42 23½ᶜᵐ.
1537 2381 131 51 $5.00

208 2442 288 40 Illustrated
528 2441 367 48 lining-papers.

208 2497 378 49 Bibliography:
623 2509 43 37 p.
700 2497 218 41 329-330.

145 2550 51 53 ©
225 2555 102 41 Oct.
354 2555 70 46 26,
453 2555 114 39 1928;
624 2555 68 41 2c.
720 2555 95 39 and
845 2552 81 42 aff.
955 2553 119 41 Nov.
1102 2553 28 40 6;
1184 2553 42 39 A
1255 2553 114 40 1529;
1427 2553 216 48 Century
1671 2564 68 30 co.

222 2612 281 48 (28-25742)

132 2690 217 65 Scheff,
379 2692 265 63 Werner,
679 2695 172 51 1888-

268 2768 1882 72 … Im tal des Schweigens. München, Arbeitsgemeinschaft
140 2848 956 68 für kultur und aufbau [ ᶜ 1928]
211 2929 362 49 320 p. 19 ½ᶜᵐ .
146 2982 2004 55 © June 1, 1928; 1c. July 18; A —Foreign 39668; Kultur-verlag, g. m.
211 3044 42 40 b.
282 3044 45 40 h.
399 3044 281 49 (28-28622)

139 3123 371 64 Seidemann,
543 3124 206 62 Henry
778 3123 196 65 Peter,
1010 3129 171 49 1883-

269 3200 1880 72 … Manual of accounting, reporting, and business procedure
141 3277 92 54 for
262 3279 96 53 the
388 3278 317 54 territorial
736 3285 373 63 government
1139 3279 64 54 of
1233 3280 253 69 Hawaii,
1513 3281 76 68 by
1619 3282 205 68 Henry
1855 3283 66 52 P.
138 3281 1987 129 Seidemann

402 3357 1647 71 … Baltimore, Md., The Johns Hopkins press, 1928.
206 3441 168 47 xxviii,
403 3441 86 40 570
516 3452 43 37 p.
587 3441 109 40 incl.
725 3441 143 47 illus.,
896 3441 169 48 forms,
1094 3441 180 49 diagrs.
1336 3442 56 38 22½
1425 3445 44 21 ᶜᵐ
1475 3474 8 8 .
1553 3443 261 46 (Institute
1842 3443 79 41 for
138 3455 1989 82 government
299 3499 239 39 research.

603 3497 195 41 Studies
828 3498 50 38 in
909 3497 428 49 administration)

145 3549 50 52 ©
225 3553 100 41 Oct.
355 3555 69 47 18,
453 3554 140 47 1928;
624 3555 68 39 2c.
723 3554 102 41 Oct.
854 3555 82 47 31;
969 3554 82 40 aff.
1082 3554 103 41 Oct.
1214 3554 84 48 30;
1330 3555 41 39 A
1400 3555 141 47 1357;
1575 3555 236 41 Institute
1839 3555 80 42 for
209 3567 1919 83 government
370 3611 239 47 research,

643 3611 282 41 Baltimore.
997 3610 283 50 (28-25669)

144 3688 442 68 [Shakespeare,
616 3689 277 69 William]
930 3695 329 50 1564-1616.

203 3766 264 55 Macbeth;
552 3788 31 33 a
632 3788 123 34 new
803 3769 263 70 working
1114 3770 236 68 edition,
1399 3771 139 52 with
1589 3771 124 69 plot
1761 3772 219 53 scheme
2031 3774 114 52 and

135 3846 1948 72 questions for intensive study by Mary Duffy Thompson …
135 3922 2010 76 Rev. ed. by Harry G. Paul … Chicago, New York, Lyons &
137 3998 305 57 Carnahan
479 4006 191 64 [ᶜ1928]
