2498 4384
1230 4126 103 50 216

275 467 259 64 Kellock,
569 465 241 64 Harold,
848 464 172 55 1879-

346 548 225 52 Parson
598 546 227 53 Weems
856 543 64 53 of
951 543 95 54 the
1080 543 377 67 cherry-tree;
1491 538 173 70 being
1696 556 31 35 a
1759 538 161 52 short
1953 541 239 50 account
2225 535 64 54 of

278 614 1987 157 the eventful life of the Reverend M. L. Weems … first biographer of
623 700 68 55 G.
728 698 403 70 Washington.
1208 694 335 72 Faithfully
1581 701 82 48 set
1702 696 170 52 down
1905 693 78 69 by
2021 713 30 33 a
278 693 1987 157 latterday

420 779 285 54 scrivener
733 778 113 53 and
876 776 195 55 writer
1100 775 63 54 of
1191 774 361 71 noteworthy
1581 774 161 68 lives,
1769 771 231 55 Harold
2027 770 263 71 Kellock,

278 858 368 54 embellished
689 857 141 52 with
874 856 216 53 several
1133 855 209 67 superb
1386 852 384 56 illustrations
1815 854 46 50 &
1904 852 186 68 plates
2136 850 155 53 from

278 936 96 54 the
399 935 177 53 books
603 937 46 50 &
674 940 178 47 tracts
879 934 65 53 of
971 933 96 53 the
1096 933 299 52 Reverend
1425 932 215 54 doctor.
1704 931 140 53 New
1873 930 165 54 York
2067 933 45 49 &
278 929 1987 152 London,
437 1014 122 51 The
587 1012 258 69 Century
872 1030 79 35 co.
986 1014 175 64 [1928]

350 1094 65 50 ix,
444 1094 87 40 212
559 1105 45 38 p.
664 1094 171 47 plates,
864 1095 27 39 2
920 1095 124 47 port.
1073 1092 134 48 (incl.
1236 1092 177 49 front.)
1451 1091 218 43 facsims.
1729 1091 148 41 20½ᶜᵐ.
1993 1089 132 51 $2.00

281 1163 53 53 ©
366 1166 113 42 Feb.
511 1167 69 46 17,
613 1165 141 47 1928;
789 1166 68 40 2c.
890 1165 95 40 and
1018 1163 84 43 aff.
1134 1164 113 41 Feb.
1278 1164 83 47 20;
1397 1164 41 40 A
1469 1163 231 49 1061818;
1737 1164 215 47 Century
1985 1174 69 30 co.

361 1222 253 51 (28-5887)

276 1316 345 66 Kleinlogel,
652 1316 199 63 Adolf,
885 1316 172 56 1877-

346 1396 396 70 Mehrstielige
776 1394 265 69 rahmen;
1080 1392 531 72 gebrauchsfertige
1647 1394 247 53 formein
1928 1413 101 34 zur
280 1393 1983 151 berechnung

489 1473 301 53 mehrfach
845 1473 237 54 statisch
1135 1472 435 54 unbestimmter
1624 1473 459 68 rahmenartiger
2136 1472 149 54 stab-

278 1558 260 65 systeme,
579 1554 84 52 als
701 1551 335 55 hilfsmittel
1076 1552 98 53 für
1214 1553 112 52 den
1364 1550 432 56 entwerfenden
1832 1551 302 69 Ingenieur
2170 1552 120 52 und

281 1628 1947 75 für den konstruktionstisch, von prof, dr.-ing. A. Kleinlogel …
278 1714 67 50 21
382 1709 471 54 rahmenformen
887 1709 106 54 mit
1033 1710 100 53 117
1170 1708 431 69 einflusslinien,
1635 1712 102 49 436
1772 1707 520 71 belastungsfällen

278 1790 118 54 und
465 1793 33 49 2
567 1787 436 55 ausführlichen
1107 1787 500 69 zahlenbeispielen,
1674 1788 170 53 sowie
1914 1786 378 72 reichhaltige

279 1869 326 69 Sammlung
669 1868 100 52 der
834 1866 695 54 kreuzlinienabschnitte.
1605 1869 68 65 2.,
1737 1866 356 69 vollständig
278 1885 1988 117 neubearb.

514 1948 118 52 und
675 1945 319 54 bedeutend
1042 1946 315 52 erweiterte
1402 1945 128 52 aufl.
1625 1946 220 67 Berlin,
1887 1946 90 54 W.
2024 1945 181 54 Ernst
2246 1947 47 51 &

278 2026 162 69 sohn,
471 2025 149 54 1927.

348 2106 842 52 xix, [1], 448 p. diagrs. 23 ½ᶜᵐ .
283 2158 2009 57 © Aug. 26, 1927; 1c. Nov. 8; A —Foreign 36475; Wilhelm Ernst & sohn.
363 2223 254 50 (28-5915)

277 2318 246 64 Larsen,
553 2318 217 52 Hanna
799 2316 248 65 Astrup,
1077 2317 85 53 ed.

350 2398 150 53 Told
530 2397 63 53 in
621 2397 280 66 Norway;
937 2414 74 35 an
1040 2395 396 53 introduction
1465 2401 59 48 to
1555 2397 238 52 modern
1823 2396 348 71 Norwegian
279 2397 1990 147 fiction,
445 2475 374 53 translations
844 2475 76 69 by
946 2474 228 54 Anders
1201 2473 244 68 Orbeck,
1470 2493 32 34 a
1526 2475 270 53 selection
1819 2474 63 54 of
1908 2475 163 53 short
2093 2475 201 54 stories

279 2554 75 69 by
377 2554 309 69 Björnson,
709 2554 181 54 Jonas
912 2552 120 69 Lie,
1056 2552 296 68 Kielland,
1377 2551 285 71 Garborg,
1686 2552 226 68 Skram,
1934 2553 182 54 Jacob
2140 2553 155 67 Bull,

278 2633 283 67 Hamsun,
585 2633 250 51 Thomas
859 2630 184 71 Krag,
1066 2630 213 68 Kinck,
1299 2630 264 68 Aanrud,
1585 2630 290 68 Hilditch,
1897 2631 183 70 Egge,
2102 2632 108 70 Bojer
2219 2652 76 47 ,

283 2710 179 70 Scott,
504 2712 196 67 Duun,
740 2709 369 70 Falkberget,
1149 2709 255 67 Fönhus,
1445 2709 243 69 Undset,
1729 2710 190 53 edited
1963 2711 77 68 by
2080 2711 212 54 Hanna

278 2789 224 70 Astrup
523 2790 231 52 Larsen.
827 2788 140 55 New
990 2787 181 69 York,
1191 2788 124 52 The
1334 2786 773 58 American-Scandinavian
280 2789 1991 148 foundation;

545 2867 260 68 London,
837 2868 78 52 H.
946 2866 269 69 Milford,
1249 2865 232 56 Oxford
1511 2866 320 70 university
1862 2885 175 50 press,
2072 2866 150 56 1927.

350 2947 1941 55 xvii, 374 p. front. (port.) 19 ᶜᵐ . (Half-title: Scandinavian classics,
279 3010 91 41 VOl.
527 3011 13 47 XXIX)

350 3066 230 42 Lettered
602 3076 61 30 on
684 3075 141 31 cover:
886 3063 277 43 1857-1927.

286 3120 51 53 ©
369 3123 113 42 Dec.
512 3123 69 47 15,
613 3122 114 40 1927;
786 3122 68 40 2c.
886 3121 111 42 Feb.
1027 3121 70 48 20,
1128 3120 143 47 1928;
1304 3119 82 42 aff.
1419 3121 112 41 Feb.
1561 3120 82 47 21;
1676 3121 44 39 A
1749 3120 231 49 1018908;
2013 3121 278 42 American-

356 3179 363 43 Scandinavian
752 3177 309 43 foundation.
1131 3177 253 49 (28-5982.)

279 3275 81 51 Le
403 3273 224 64 Clercq,
670 3273 255 63 Jacques
969 3272 265 63 Georges
1276 3269 403 66 Clemenceau,
1724 3275 172 67 1928-

355 3350 174 58 Show
582 3370 170 49 cases,
799 3351 77 68 by
926 3350 246 69 Jacques
1223 3350 81 53 Le
1358 3348 218 71 Clercq.
1665 3350 141 53 New
1860 3349 182 70 York,
281 3351 2007 147 Macy-Masius,
557 3433 149 50 1928.

353 3509 666 52 5 p. l., [9]-198 p. 19½ᶜᵐ.
624 3568 171 39 CONTENTS.—The
830 3577 110 30 case
975 3566 52 41 of
1061 3567 228 47 Artemys
1323 3566 346 48 Lynne.—The
1705 3578 109 29 case
1851 3568 50 40 of
1937 3567 211 42 Bedrieh
2186 3569 105 39 Zat-

285 3625 344 42 loukal.—The
668 3635 110 29 case
816 3624 51 40 of
906 3623 157 42 Helen
1101 3623 343 41 White.—The
1484 3633 109 31 case
1633 3624 52 40 of
1724 3623 136 44 Fritz
1898 3624 392 43 Lavater.—The

284 3692 110 32 case
423 3683 52 39 of
500 3681 218 41 Aristide
746 3682 58 39 de
834 3680 139 41 Saint
1001 3681 217 39 Hemme.
1219 3680 165 40 —The
1411 3691 109 30 case
1549 3680 52 41 of
1627 3680 198 41 Rosalie
1854 3681 193 48 Dwyer.

288 3736 51 53 ©
369 3739 113 42 Feb.
508 3739 69 47 23,
606 3738 141 46 1928;
776 3738 69 40 2c.
872 3737 95 41 and
996 3737 82 40 aff.
1108 3737 111 41 Feb.
1248 3737 82 47 25;
1362 3737 42 39 A
1431 3736 229 49 1061981;
1693 3739 367 48 Macy-Masius,
2089 3738 91 43 inc.

366 3795 252 49 (28-6088)

283 3887 77 53 Le
397 3889 228 62 Queux,
657 3888 275 62 William,
969 3889 325 53 1864-1927.

353 3962 1938 78 The crime code, by William Le Queux … New York, The
283 4043 306 71 Macaulay
616 4062 281 51 company
931 4047 194 66 [ᶜ1928]
