2498 4384
1249 4115 105 51 264

310 455 176 52 Iowa.
561 453 371 64 University.
1007 453 275 53 Institute
1326 453 63 69 of
1427 453 294 53 character
1756 452 276 53 research.

382 529 1936 72 A guide to literature for character training … v. 1. By
310 609 212 54 Edwin
558 609 73 53 D.
671 607 303 70 Starbuck,
1011 609 240 52 assisted
1285 608 77 69 by
1398 608 200 53 Frank
1632 608 76 53 K.
1748 606 420 56 Shuttleworth
2208 607 107 53 and

307 684 1990 137 Bernice Bauercamper, Frederic S. Beebee [ and others] … Institute
541 764 66 55 of
636 765 293 54 character
963 764 278 69 research,
1272 763 340 71 University
1642 764 65 55 of
1738 764 188 68 Iowa;
1962 763 148 54 done
2140 762 61 55 in
308 781 1989 132 cooperation

648 844 141 53 with
826 843 97 54 the
959 843 277 54 Institute
1271 843 65 53 of
1372 842 174 54 social
1583 843 115 53 and
1735 842 272 70 religious
2045 842 277 67 research,

313 924 140 52 New
482 922 163 53 York
673 923 132 67 city.
872 922 138 52 New
1041 921 180 67 York,
1252 922 121 52 The
1401 922 313 52 Macmilan
1741 939 300 52 company,
2073 924 150 50 1928.

380 1006 389 49 xiii, 389 p. 20½ ᶜᵐ.
380 1064 250 41 “Selected
661 1062 340 48 bibliography
1031 1062 53 40 of
1114 1061 250 40 reference
1394 1061 258 41 material”:
1712 1073 44 30 v.
1788 1062 40 46 1,
1861 1072 43 37 p.
1933 1060 220 41 309-312.

315 1116 52 52 ©
396 1120 112 40 Feb.
535 1120 69 47 21,
633 1118 116 40 1928;
804 1118 68 41 2c.
901 1119 96 38 and
1026 1117 82 40 aff.
1138 1117 112 41 Feb.
1278 1118 55 39 23;
1392 1118 41 39 A
1460 1117 204 42 1061856;
1724 1117 283 40 Macmillan
2035 1128 69 31 co.

393 1175 252 51 (28-6567)

331 1269 200 63 [Jones,
566 1269 257 54 William
861 1268 294 68 Fenwick]
1196 1272 173 49 1890-

378 1346 351 54 Instructive
780 1346 348 53 counterfeit
1174 1364 206 51 money
1427 1347 189 68 guide.
1726 1347 140 53 [New
1917 1346 181 68 York,
2146 1346 176 53 Jones

310 1425 265 69 printing
606 1443 97 49 co.,
739 1427 153 64 1928]

377 1508 638 48 cover-title, p. 9-58. 23 ᶜᵐ.
379 1562 916 51 “Copyright … by Wm. F. Jones.”
314 1617 52 52 ©
401 1622 111 40 Feb.
546 1621 69 48 16,
650 1621 141 46 1928;
827 1621 69 40 2c.
931 1621 96 38 and
1061 1619 83 42 aff.
1179 1621 113 40 Feb.
1327 1620 82 47 23;
1447 1620 41 39 A
1522 1620 230 47 1061925;
1790 1622 73 40 W.
1899 1621 51 41 F.
1986 1621 163 47 Jones,
2185 1622 136 40 West

385 1678 207 49 Orange,
622 1678 56 40 N.
708 1678 44 40 J.
823 1677 253 49 (28-6630)

307 1772 235 63 Junius,
574 1772 197 68 pseud.

377 1850 124 53 The
530 1850 196 53 letters
756 1849 65 53 of
850 1850 230 68 Junius,
1110 1850 192 53 edited
1331 1850 141 53 with
1504 1868 73 35 an
1606 1850 393 53 introduction
2030 1850 77 69 by
2135 1849 64 55 C.
2229 1850 91 54 W.

308 1927 1406 68 Everett … London, Faber & Gwyer [1927]
375 2010 1462 50 2 p. l., vii-lviii, 410 p. fronts., ports., fold. tab. 22½ᶜᵐ.
379 2067 149 42 “This
565 2068 186 40 edition
788 2068 43 40 is
867 2078 63 29 an
969 2071 142 38 exact
1150 2068 189 48 reprint
1375 2068 54 40 of
1465 2068 82 40 the
1586 2068 169 48 Henry
1796 2067 238 49 Sampson
2071 2068 247 41 Woodfall

304 2124 187 41 edition
522 2125 53 40 of
606 2123 436 42 1772.”—Editor’s
1074 2124 122 49 pref.

312 2176 2008 53 © 1c. Feb. 11, 1928; A ad int. 10664; pubd. Jan. 26; Charles Warren
381 2238 214 47 Everett,
626 2238 117 39 New
770 2238 145 39 York.
987 2237 253 48 (28-6635)

304 2331 203 64 Keith,
538 2331 102 54 Sir
670 2331 253 65 Arthur,
959 2335 171 50 1866-

377 2409 364 70 Concerning
789 2410 181 53 man’s
1020 2410 221 69 origin;
1293 2410 172 70 being
1513 2411 95 53 the
1659 2411 376 69 presidential
2085 2412 234 54 address

304 2488 172 69 given
511 2493 59 48 at
602 2488 96 53 the
732 2487 250 70 meeting
1016 2488 64 53 of
1113 2488 95 53 the
1242 2488 225 54 British
1503 2489 342 53 association
1875 2489 136 54 held
2044 2489 62 54 in
2139 2490 180 54 Leeds

306 2584 72 35 on
409 2565 232 70 August
671 2569 83 65 31,
788 2565 152 69 1927,
969 2566 264 68 together
1263 2565 141 54 with
1435 2573 189 47 recent
1653 2585 187 51 essays
1872 2586 72 34 on
1974 2567 345 54 Darwinian

305 2643 2012 72 subjects, by Sir Arthur Keith … New York, London, G. P.
305 2721 299 54 Putnam’s
634 2740 148 50 sons,
813 2725 152 50 1928.

374 2804 977 50 xi, 188 p. front. (port.) diagr. 22 ᶜᵐ.
374 2863 103 39 The
505 2862 108 40 first
642 2873 146 29 seven
816 2872 169 37 essays
1014 2861 256 48 published
1301 2863 155 39 under
1485 2863 83 39 the
1595 2873 134 31 same
1757 2864 109 40 title
1894 2874 56 30 as
1978 2876 76 29 no.
2082 2865 27 40 5
2135 2865 53 40 of
2214 2866 101 40 The

305 2919 163 40 forum
497 2918 166 48 series,
693 2918 213 48 London,
940 2917 129 41 1927.

311 2971 52 52 ©
394 2975 112 41 Feb.
534 2975 70 46 24,
634 2974 141 47 1928;
807 2974 68 41 2c.
905 2975 95 38 and
1031 2973 83 41 aff.
1145 2973 112 41 Feb.
1286 2973 82 47 27;
1403 2974 40 38 A
1473 2974 230 48 1018970;
1735 2976 55 40 A.
1821 2976 165 49 Keith,
2017 2978 215 41 London.

388 3031 253 49 (28-6575)

305 3125 245 63 Kinsey,
585 3124 212 54 Alfred
834 3125 61 54 C.

377 3203 168 52 Field
594 3204 112 51 and
755 3203 331 68 laboratory
1134 3204 232 51 manual
1433 3203 59 52 in
1557 3204 248 70 biology.
1882 3206 430 70 Philadelphia,

305 3282 56 53 J.
395 3283 66 50 B.
494 3281 338 67 Lippincott
862 3300 97 47 co.,
991 3281 150 53 1927.

377 3364 26 39 1
441 3374 44 30 v.

309 3416 52 52 ©
395 3420 103 41 Oct.
531 3421 39 47 7,
603 3420 141 47 1927;
778 3420 68 41 2c.
879 3421 119 40 Nov.
1030 3420 56 40 29;
1148 3420 82 41 aff.
1264 3421 113 40 Dec.
1410 3421 82 46 12;
1528 3422 39 38 A
1599 3421 230 49 1010838;
1866 3424 44 40 J.
1945 3425 54 40 B.
2033 3423 279 50 Lippincott

378 3487 69 31 co.

302 3569 456 64 Kleinschmidt,
790 3571 161 63 Otto,
984 3574 173 50 1880-

376 3647 410 71 Chirurgische
823 3649 505 69 operationslehre,
1367 3650 91 53 ein
1495 3651 275 54 lehrbuch
1811 3651 100 55 für
1950 3653 365 55 studierende

305 3726 2007 68 und ärzte, von professor dr. O. Kleinschmidt … Mit 705 zum
304 3803 102 53 teil
435 3803 267 69 farbigen
729 3803 405 71 abbildungen.
1198 3806 221 68 Berlin,
1445 3807 56 54 J.
1533 3806 299 71 Springer,
1863 3809 151 55 1927.

375 3885 1259 51 xv p., 1 l., 1269, [1] p. illus. (part col.) 25 ᶜᵐ .
377 3941 613 42 “Schriftenverzeichnis”:
1050 3954 42 39 p.
1125 3943 310 52 [1150]-1197.

307 3995 1807 60 © July 12, 1927; 1c. Nov. 8; A— Foreign 36413; Julius Springer.
385 4056 252 50 (28-6815)
