<alto xmlns="http://www.loc.gov/standards/alto/ns-v3#" xmlns:xlink="http://www.w3.org/1999/xlink" xmlns:xsi="http://www.w3.org/2001/XMLSchema-instance" xsi:schemaLocation="http://www.loc.gov/standards/alto/ns-v3# http://www.loc.gov/alto/v3/alto-3-0.xsd"><Description>
<MeasurementUnit>pixel</MeasurementUnit>
<sourceImageInformation>
<fileName>1928_v25_part001.pdf</fileName>
</sourceImageInformation>
<OCRProcessing ID="IdOcr">
<ocrProcessingStep>
<processingDateTime>2019-04-12</processingDateTime>
<processingSoftware>
<softwareCreator>ABBYY</softwareCreator>
<softwareName>ABBYY Recognition Server</softwareName>
<softwareVersion>4.0</softwareVersion>
</processingSoftware>
</ocrProcessingStep>
</OCRProcessing>
</Description>
<Styles>
<ParagraphStyle ID="StyleId-FFFFFFFF-FFFF-FFFF-FFFF-FFFFFFFFFFFF-" ALIGN="Left" LEFT="0." RIGHT="0." FIRSTLINE="0."/>
<ParagraphStyle ID="StyleId-0ECAC0CE-E1F0-4C69-A1B9-95E16886343B-" ALIGN="Left" LEFT="0." RIGHT="0." FIRSTLINE="0." LINESPACE="8.300000191"/>
<ParagraphStyle ID="StyleId-5C6F7A30-EC6F-4250-A8D3-0AE106DCDB5D-" ALIGN="Left" LEFT="0." RIGHT="0." FIRSTLINE="-13." LINESPACE="11.22999954"/>
<ParagraphStyle ID="StyleId-B258737E-7AF8-4B71-A0BF-0A1420B951F9-" ALIGN="Left" LEFT="0." RIGHT="0." FIRSTLINE="-13." LINESPACE="8.210000038"/>
<ParagraphStyle ID="StyleId-35C0EFA5-E89E-4731-B16E-5D3895F12270-" ALIGN="Block" LEFT="0." RIGHT="0." FIRSTLINE="-12." LINESPACE="11.22999954"/>
<ParagraphStyle ID="StyleId-7BD1F9B4-14BB-4AAF-864B-FED8FEA7DC43-" ALIGN="Left" LEFT="0." RIGHT="0." FIRSTLINE="0."/>
<ParagraphStyle ID="StyleId-CD2DA0E5-536D-42AE-AE16-8D9F5C008D5A-" ALIGN="Block" LEFT="0." RIGHT="0." FIRSTLINE="-12." LINESPACE="10."/>
<ParagraphStyle ID="StyleId-AF408F88-EED5-4CE2-A229-3F852C18D9BD-" ALIGN="Block" LEFT="0." RIGHT="0." FIRSTLINE="-14." LINESPACE="10."/>
<ParagraphStyle ID="StyleId-829CD741-943D-4B7B-9638-57AB73DE2567-" ALIGN="Center" LEFT="0." RIGHT="0." FIRSTLINE="0." LINESPACE="9.399999619"/>
<ParagraphStyle ID="StyleId-B271BDFA-6037-4875-BA99-885A067668E9-" ALIGN="Left" LEFT="0." RIGHT="0." FIRSTLINE="-14." LINESPACE="11.21000004"/>
<ParagraphStyle ID="StyleId-64F9C1D8-EA12-4F65-AD18-B72A4C6B556F-" ALIGN="Center" LEFT="0." RIGHT="0." FIRSTLINE="0." LINESPACE="11.60000038"/>
<ParagraphStyle ID="StyleId-44DA2756-E57B-4EF3-9BA4-FC1C14776DE3-" ALIGN="Left" LEFT="0." RIGHT="0." FIRSTLINE="-12." LINESPACE="12.19999981"/>
<ParagraphStyle ID="StyleId-D1D9AF19-8CA6-4F74-9AEC-1B4545205AD7-" ALIGN="Center" LEFT="0." RIGHT="0." FIRSTLINE="0." LINESPACE="11.60000038"/>
<ParagraphStyle ID="StyleId-3ADA1556-6D19-417D-8046-68449BF368BA-" ALIGN="Left" LEFT="0." RIGHT="0." FIRSTLINE="-13." LINESPACE="12.19999981"/>
<ParagraphStyle ID="StyleId-7443A930-B325-44B5-9AB8-B42B4EC78C89-" ALIGN="Block" LEFT="0." RIGHT="0." FIRSTLINE="13." LINESPACE="8.619999886"/>
<ParagraphStyle ID="StyleId-C9A9E480-E448-4934-9AF8-3D252792E396-" ALIGN="Left" LEFT="0." RIGHT="0." FIRSTLINE="-12." LINESPACE="11.38000011"/>
<ParagraphStyle ID="StyleId-73039842-464C-49B9-9440-4C0D0E749DFE-" ALIGN="Center" LEFT="0." RIGHT="0." FIRSTLINE="0." LINESPACE="11.10000038"/>
<ParagraphStyle ID="StyleId-C51F6AC2-80DA-4C65-849C-6E2D5F548EA4-" ALIGN="Left" LEFT="0." RIGHT="0." FIRSTLINE="0." LINESPACE="7.699999809"/>
<ParagraphStyle ID="StyleId-494190D9-BDDC-4834-A745-6AF520F91CD0-" ALIGN="Block" LEFT="0." RIGHT="0." FIRSTLINE="-12." LINESPACE="11.22999954"/>
<ParagraphStyle ID="StyleId-68D39D31-3386-4B28-8C90-DA9420961D78-" ALIGN="Left" LEFT="0." RIGHT="0." FIRSTLINE="0." LINESPACE="11.60000038"/>
<ParagraphStyle ID="StyleId-DF0CE7C7-E73E-44FE-8867-C904BD7F3F42-" ALIGN="Block" LEFT="0." RIGHT="0." FIRSTLINE="0." LINESPACE="12.19999981"/>
</Styles>
<Layout>
<Page ID="Page739" PHYSICAL_IMG_NR="739" HEIGHT="4384" WIDTH="2498">
<TopMargin HEIGHT="448" WIDTH="2498" VPOS="0" HPOS="0">
</TopMargin>
<LeftMargin HEIGHT="3669" WIDTH="58" VPOS="448" HPOS="0">
</LeftMargin>
<RightMargin HEIGHT="3669" WIDTH="410" VPOS="448" HPOS="2088">
</RightMargin>
<BottomMargin HEIGHT="267" WIDTH="2498" VPOS="4117" HPOS="0">
<TextBlock ID="Page739_Block1" HEIGHT="79" WIDTH="157" VPOS="4118" HPOS="1005" LANG="el" CS="1" STYLEREFS="StyleId-26FA7ED8-4416-4320-8C2E-F7816EBC80E8-">
<TextLine HEIGHT="47" WIDTH="65" VPOS="4118" HPOS="1061" CS="1">
<String CS="1" CONTENT="739" HEIGHT="47" WIDTH="65" VPOS="4118" HPOS="1061"/>
</TextLine>
</TextBlock>
</BottomMargin>
<PrintSpace HEIGHT="3669" WIDTH="2030" VPOS="448" HPOS="58">
<TextBlock ID="Page739_Block2" HEIGHT="3669" WIDTH="2030" VPOS="448" HPOS="58" LANG="en-US" CS="1" STYLEREFS="StyleId-0EDD709F-24FE-4A66-8C4D-8AF4C5366A77-">
<TextLine HEIGHT="66" WIDTH="939" VPOS="458" HPOS="75" STYLEREFS="StyleId-248132BE-21EB-4C1C-AAE1-D8305A7516DC-">
<String LANG="de" CONTENT="Browne," HEIGHT="60" WIDTH="266" VPOS="464" HPOS="75"/>
<SP HEIGHT="62" WIDTH="33" VPOS="462" HPOS="342"/>
<String LANG="en-US" CONTENT="Frances," HEIGHT="60" WIDTH="276" VPOS="462" HPOS="376"/>
<SP HEIGHT="59" WIDTH="36" VPOS="463" HPOS="653"/>
<String LANG="en-US" CONTENT="1816-1879." HEIGHT="53" WIDTH="324" VPOS="458" HPOS="690"/>
</TextLine>
<TextLine HEIGHT="77" WIDTH="1934" VPOS="531" HPOS="142">
<String CONTENT="Granny&#8217;s" HEIGHT="68" WIDTH="286" VPOS="540" HPOS="142"/>
<SP HEIGHT="34" WIDTH="33" VPOS="558" HPOS="429"/>
<String CONTENT="wonderful" HEIGHT="54" WIDTH="322" VPOS="537" HPOS="463"/>
<SP HEIGHT="51" WIDTH="32" VPOS="538" HPOS="786"/>
<String CONTENT="chair" HEIGHT="53" WIDTH="157" VPOS="536" HPOS="819"/>
<SP HEIGHT="34" WIDTH="34" VPOS="554" HPOS="977"/>
<String CONTENT="and" HEIGHT="53" WIDTH="113" VPOS="535" HPOS="1012"/>
<SP HEIGHT="53" WIDTH="32" VPOS="535" HPOS="1126"/>
<String CONTENT="the" HEIGHT="54" WIDTH="97" VPOS="534" HPOS="1159"/>
<SP HEIGHT="49" WIDTH="30" VPOS="539" HPOS="1257"/>
<String CONTENT="tales" HEIGHT="53" WIDTH="143" VPOS="534" HPOS="1288"/>
<SP HEIGHT="55" WIDTH="32" VPOS="532" HPOS="1432"/>
<String CONTENT="it" HEIGHT="54" WIDTH="46" VPOS="532" HPOS="1465"/>
<SP HEIGHT="48" WIDTH="31" VPOS="538" HPOS="1512"/>
<String CONTENT="told," HEIGHT="68" WIDTH="141" VPOS="532" HPOS="1544"/>
<SP HEIGHT="69" WIDTH="30" VPOS="531" HPOS="1686"/>
<String CONTENT="by" HEIGHT="69" WIDTH="75" VPOS="531" HPOS="1717"/>
<SP HEIGHT="68" WIDTH="34" VPOS="532" HPOS="1793"/>
<String CONTENT="Frances" HEIGHT="52" WIDTH="248" VPOS="532" HPOS="1828"/>
</TextLine>
<TextLine HEIGHT="155" WIDTH="1983" VPOS="608" HPOS="71" CS="1">
<String CONTENT="Browne," HEIGHT="66" WIDTH="260" VPOS="619" HPOS="73"/>
<SP HEIGHT="49" WIDTH="27" VPOS="636" HPOS="334"/>
<String CONTENT="with" HEIGHT="52" WIDTH="142" VPOS="617" HPOS="362"/>
<SP HEIGHT="51" WIDTH="27" VPOS="617" HPOS="505"/>
<String CONTENT="illustrations" HEIGHT="53" WIDTH="381" VPOS="615" HPOS="533"/>
<SP HEIGHT="53" WIDTH="28" VPOS="614" HPOS="915"/>
<String CONTENT="by" HEIGHT="68" WIDTH="76" VPOS="614" HPOS="944"/>
<SP HEIGHT="68" WIDTH="29" VPOS="614" HPOS="1021"/>
<String CONTENT="Florence" HEIGHT="51" WIDTH="274" VPOS="614" HPOS="1051"/>
<SP HEIGHT="54" WIDTH="26" VPOS="612" HPOS="1326"/>
<String CONTENT="White" HEIGHT="55" WIDTH="197" VPOS="611" HPOS="1353"/>
<SP HEIGHT="54" WIDTH="30" VPOS="610" HPOS="1551"/>
<String CONTENT="Williams." HEIGHT="55" WIDTH="305" VPOS="609" HPOS="1582"/>
<SP HEIGHT="54" WIDTH="67" VPOS="608" HPOS="1888"/>
<String CONTENT="Akron," HEIGHT="155" WIDTH="1983" VPOS="608" HPOS="71"/>
</TextLine>
<TextLine HEIGHT="74" WIDTH="1846" VPOS="689" HPOS="225" CS="1">
<String CONTENT="O.," HEIGHT="68" WIDTH="86" VPOS="695" HPOS="225"/>
<SP HEIGHT="68" WIDTH="28" VPOS="695" HPOS="312"/>
<String CONTENT="New" HEIGHT="53" WIDTH="139" VPOS="695" HPOS="341"/>
<SP HEIGHT="51" WIDTH="32" VPOS="695" HPOS="481"/>
<String CONTENT="York," HEIGHT="67" WIDTH="181" VPOS="694" HPOS="514"/>
<SP HEIGHT="67" WIDTH="28" VPOS="694" HPOS="696"/>
<String CONTENT="The" HEIGHT="52" WIDTH="121" VPOS="694" HPOS="725"/>
<SP HEIGHT="56" WIDTH="33" VPOS="691" HPOS="847"/>
<String CONTENT="Saalfield" HEIGHT="56" WIDTH="272" VPOS="691" HPOS="881"/>
<SP HEIGHT="68" WIDTH="31" VPOS="691" HPOS="1154"/>
<String CONTENT="publishing" HEIGHT="70" WIDTH="337" VPOS="689" HPOS="1186"/>
<SP HEIGHT="50" WIDTH="32" VPOS="708" HPOS="1524"/>
<String CONTENT="company" HEIGHT="50" WIDTH="279" VPOS="706" HPOS="1557"/>
<SP HEIGHT="50" WIDTH="40" VPOS="706" HPOS="1837"/>
<String STYLE="subscript" CONTENT="[" HEIGHT="34" WIDTH="12" VPOS="720" HPOS="1878"/>
<String STYLE="superscript" CS="1" CONTENT="&#7580;19"/>
<String CONTENT="28" HEIGHT="50" WIDTH="65" VPOS="690" HPOS="1986"/>
<String STYLE="subscript" CONTENT="]" HEIGHT="34" WIDTH="13" VPOS="720" HPOS="2058"/>
</TextLine>
<TextLine HEIGHT="56" WIDTH="1936" VPOS="770" HPOS="140" CS="1">
<String CONTENT="247" HEIGHT="41" WIDTH="86" VPOS="778" HPOS="140"/>
<SP HEIGHT="47" WIDTH="36" VPOS="779" HPOS="227"/>
<String CONTENT="p." HEIGHT="38" WIDTH="44" VPOS="788" HPOS="264"/>
<SP HEIGHT="41" WIDTH="40" VPOS="776" HPOS="309"/>
<String CONTENT="incl." HEIGHT="41" WIDTH="110" VPOS="776" HPOS="350"/>
<SP HEIGHT="42" WIDTH="39" VPOS="775" HPOS="461"/>
<String CONTENT="front.," HEIGHT="49" WIDTH="163" VPOS="775" HPOS="501"/>
<SP HEIGHT="48" WIDTH="40" VPOS="776" HPOS="665"/>
<String CONTENT="illus.," HEIGHT="47" WIDTH="142" VPOS="776" HPOS="706"/>
<SP HEIGHT="38" WIDTH="41" VPOS="785" HPOS="849"/>
<String CONTENT="plates." HEIGHT="48" WIDTH="172" VPOS="775" HPOS="891"/>
<SP HEIGHT="40" WIDTH="68" VPOS="774" HPOS="1064"/>
<String CS="1" CONTENT="19&#189;&#7580;&#7504;." HEIGHT="41" WIDTH="147" VPOS="772" HPOS="1133"/>
<SP HEIGHT="49" WIDTH="79" VPOS="771" HPOS="1281"/>
<String CONTENT="(Half-title:" HEIGHT="50" WIDTH="301" VPOS="771" HPOS="1361"/>
<SP HEIGHT="41" WIDTH="40" VPOS="770" HPOS="1663"/>
<String CONTENT="Every" HEIGHT="48" WIDTH="158" VPOS="770" HPOS="1704"/>
<SP HEIGHT="38" WIDTH="41" VPOS="780" HPOS="1863"/>
<String CONTENT="child&#8217;s" HEIGHT="40" WIDTH="171" VPOS="770" HPOS="1905"/>
</TextLine>
<TextLine HEIGHT="47" WIDTH="210" VPOS="835" HPOS="70">
<String CONTENT="library)" HEIGHT="47" WIDTH="210" VPOS="835" HPOS="70"/>
</TextLine>
<TextLine HEIGHT="52" WIDTH="1239" VPOS="900" HPOS="141" STYLEREFS="StyleId-96C1AEF3-6678-4779-9C50-9B2CC88B8D59-" CS="1">
<String CONTENT="&#8220;Something" HEIGHT="49" WIDTH="312" VPOS="903" HPOS="141"/>
<SP HEIGHT="38" WIDTH="22" VPOS="914" HPOS="454"/>
<String CONTENT="about" HEIGHT="39" WIDTH="147" VPOS="904" HPOS="477"/>
<SP HEIGHT="38" WIDTH="27" VPOS="905" HPOS="625"/>
<String CS="1" CONTENT="&#8230;"/>
<SP HEIGHT="36" WIDTH="27" VPOS="906" HPOS="699"/>
<String CONTENT="the" HEIGHT="40" WIDTH="83" VPOS="903" HPOS="727"/>
<SP HEIGHT="30" WIDTH="21" VPOS="913" HPOS="811"/>
<String CS="1" CONTENT="author&#8221;:" HEIGHT="42" WIDTH="205" VPOS="900" HPOS="833"/>
<SP/>
<String CONTENT="p." HEIGHT="37" WIDTH="44" VPOS="912" HPOS="1093"/>
<SP HEIGHT="41" WIDTH="23" VPOS="900" HPOS="1138"/>
<String CONTENT="243-247." HEIGHT="44" WIDTH="218" VPOS="900" HPOS="1162"/>
</TextLine>
<TextLine HEIGHT="55" WIDTH="1884" VPOS="970" HPOS="75" STYLEREFS="StyleId-96C1AEF3-6678-4779-9C50-9B2CC88B8D59-" CS="1">
<String CONTENT="&#169;" HEIGHT="52" WIDTH="52" VPOS="973" HPOS="75"/>
<SP HEIGHT="52" WIDTH="29" VPOS="973" HPOS="128"/>
<String CONTENT="May" HEIGHT="47" WIDTH="113" VPOS="977" HPOS="158"/>
<SP HEIGHT="47" WIDTH="29" VPOS="977" HPOS="272"/>
<String CONTENT="1," HEIGHT="45" WIDTH="38" VPOS="977" HPOS="302"/>
<SP HEIGHT="45" WIDTH="30" VPOS="977" HPOS="341"/>
<String CS="1" CONTENT="1928:" HEIGHT="40" WIDTH="113" VPOS="976" HPOS="401"/>
<SP HEIGHT="40" WIDTH="31" VPOS="976" HPOS="515"/>
<String CONTENT="2c." HEIGHT="39" WIDTH="67" VPOS="976" HPOS="547"/>
<SP HEIGHT="30" WIDTH="30" VPOS="985" HPOS="615"/>
<String CONTENT="and" HEIGHT="38" WIDTH="94" VPOS="976" HPOS="646"/>
<SP HEIGHT="38" WIDTH="30" VPOS="976" HPOS="741"/>
<String CONTENT="aff." HEIGHT="41" WIDTH="83" VPOS="973" HPOS="772"/>
<SP HEIGHT="39" WIDTH="30" VPOS="975" HPOS="856"/>
<String CONTENT="May" HEIGHT="45" WIDTH="114" VPOS="975" HPOS="887"/>
<SP HEIGHT="47" WIDTH="28" VPOS="973" HPOS="1002"/>
<String CONTENT="14;" HEIGHT="45" WIDTH="83" VPOS="973" HPOS="1031"/>
<SP HEIGHT="46" WIDTH="31" VPOS="972" HPOS="1115"/>
<!-- cceid 1FFCE6D8-6CB2-1014-A20E-B9D6251C946A --><String CONTENT="A" HEIGHT="39" WIDTH="43" VPOS="972" HPOS="1147"/>
<SP HEIGHT="39" WIDTH="27" VPOS="972" HPOS="1191"/>
<String CONTENT="1074477;" HEIGHT="44" WIDTH="231" VPOS="972" HPOS="1219"/>
<SP HEIGHT="45" WIDTH="35" VPOS="971" HPOS="1451"/>
<String CONTENT="Saalfield" HEIGHT="41" WIDTH="230" VPOS="970" HPOS="1487"/>
<SP HEIGHT="47" WIDTH="29" VPOS="971" HPOS="1718"/>
<String CONTENT="pub." HEIGHT="47" WIDTH="110" VPOS="971" HPOS="1748"/>
<SP HEIGHT="30" WIDTH="32" VPOS="981" HPOS="1859"/>
<String CONTENT="co." HEIGHT="29" WIDTH="67" VPOS="981" HPOS="1892"/>
</TextLine>
<TextLine HEIGHT="56" WIDTH="1447" VPOS="1027" HPOS="145" STYLEREFS="StyleId-96C1AEF3-6678-4779-9C50-9B2CC88B8D59-">
<String CONTENT="[&#169;" HEIGHT="54" WIDTH="69" VPOS="1029" HPOS="145"/>
<SP HEIGHT="52" WIDTH="33" VPOS="1029" HPOS="215"/>
<String CONTENT="illustrations" HEIGHT="41" WIDTH="329" VPOS="1032" HPOS="249"/>
<SP HEIGHT="30" WIDTH="32" VPOS="1042" HPOS="579"/>
<String CONTENT="and" HEIGHT="39" WIDTH="95" VPOS="1032" HPOS="612"/>
<SP HEIGHT="39" WIDTH="33" VPOS="1032" HPOS="708"/>
<String CONTENT="cover" HEIGHT="30" WIDTH="139" VPOS="1041" HPOS="742"/>
<SP HEIGHT="39" WIDTH="33" VPOS="1030" HPOS="882"/>
<String CONTENT="illustration]" HEIGHT="49" WIDTH="319" VPOS="1029" HPOS="916"/>
<SP HEIGHT="49" WIDTH="75" VPOS="1029" HPOS="1236"/>
<String CONTENT="(28-13027)" HEIGHT="50" WIDTH="280" VPOS="1027" HPOS="1312"/>
</TextLine>
<TextLine HEIGHT="65" WIDTH="913" VPOS="1125" HPOS="74" STYLEREFS="StyleId-248132BE-21EB-4C1C-AAE1-D8305A7516DC-">
<String CONTENT="Brumbaugh," HEIGHT="64" WIDTH="408" VPOS="1126" HPOS="74"/>
<SP HEIGHT="62" WIDTH="31" VPOS="1126" HPOS="483"/>
<String CONTENT="Gaius" HEIGHT="54" WIDTH="183" VPOS="1125" HPOS="515"/>
<SP HEIGHT="52" WIDTH="30" VPOS="1125" HPOS="699"/>
<String CONTENT="Marcus." HEIGHT="51" WIDTH="257" VPOS="1125" HPOS="730"/>
</TextLine>
<TextLine HEIGHT="70" WIDTH="1936" VPOS="1199" HPOS="139" CS="1">
<String CS="1" CONTENT="Maryland" HEIGHT="52" WIDTH="311" VPOS="1205" HPOS="139"/>
<SP HEIGHT="51" WIDTH="69" VPOS="1206" HPOS="451"/>
<String CONTENT="records," HEIGHT="65" WIDTH="242" VPOS="1204" HPOS="521"/>
<SP HEIGHT="48" WIDTH="69" VPOS="1221" HPOS="764"/>
<String CONTENT="colonial," HEIGHT="56" WIDTH="261" VPOS="1202" HPOS="834"/>
<SP HEIGHT="37" WIDTH="67" VPOS="1221" HPOS="1096"/>
<String CONTENT="revolutionary," HEIGHT="69" WIDTH="448" VPOS="1200" HPOS="1164"/>
<SP HEIGHT="47" WIDTH="68" VPOS="1220" HPOS="1613"/>
<String CONTENT="county" HEIGHT="63" WIDTH="210" VPOS="1205" HPOS="1682"/>
<SP HEIGHT="50" WIDTH="68" VPOS="1218" HPOS="1893"/>
<String CONTENT="and" HEIGHT="53" WIDTH="113" VPOS="1199" HPOS="1962"/>
</TextLine>
<TextLine HEIGHT="74" WIDTH="2005" VPOS="1276" HPOS="70">
<String CONTENT="church," HEIGHT="64" WIDTH="228" VPOS="1284" HPOS="70"/>
<SP HEIGHT="66" WIDTH="39" VPOS="1282" HPOS="299"/>
<String CONTENT="from" HEIGHT="53" WIDTH="153" VPOS="1282" HPOS="339"/>
<SP HEIGHT="34" WIDTH="36" VPOS="1300" HPOS="493"/>
<String CONTENT="original" HEIGHT="68" WIDTH="248" VPOS="1282" HPOS="530"/>
<SP HEIGHT="51" WIDTH="37" VPOS="1282" HPOS="779"/>
<String CONTENT="sources," HEIGHT="49" WIDTH="239" VPOS="1298" HPOS="817"/>
<SP HEIGHT="67" WIDTH="35" VPOS="1280" HPOS="1057"/>
<String CONTENT="by" HEIGHT="68" WIDTH="76" VPOS="1280" HPOS="1093"/>
<SP HEIGHT="69" WIDTH="37" VPOS="1279" HPOS="1170"/>
<String CONTENT="Gaius" HEIGHT="55" WIDTH="180" VPOS="1279" HPOS="1208"/>
<SP HEIGHT="52" WIDTH="37" VPOS="1280" HPOS="1389"/>
<String CONTENT="Marcus" HEIGHT="51" WIDTH="230" VPOS="1280" HPOS="1427"/>
<SP HEIGHT="51" WIDTH="38" VPOS="1280" HPOS="1658"/>
<String CONTENT="Brumbaugh" HEIGHT="71" WIDTH="378" VPOS="1276" HPOS="1697"/>
</TextLine>
<TextLine HEIGHT="67" WIDTH="1609" VPOS="1358" HPOS="132" CS="1">
<String CS="1" CONTENT="&#8230;"/>
<SP HEIGHT="32" WIDTH="66" VPOS="1381" HPOS="132"/>
<String LANG="fr" CONTENT="v." HEIGHT="32" WIDTH="49" VPOS="1381" HPOS="199"/>
<SP HEIGHT="49" WIDTH="27" VPOS="1364" HPOS="249"/>
<String CONTENT="2." HEIGHT="49" WIDTH="47" VPOS="1364" HPOS="277"/>
<SP HEIGHT="52" WIDTH="62" VPOS="1361" HPOS="325"/>
<String CONTENT="Lancaster," HEIGHT="64" WIDTH="326" VPOS="1361" HPOS="388"/>
<SP HEIGHT="65" WIDTH="26" VPOS="1360" HPOS="715"/>
<String CONTENT="Pa.," HEIGHT="65" WIDTH="121" VPOS="1360" HPOS="742"/>
<SP HEIGHT="66" WIDTH="25" VPOS="1359" HPOS="864"/>
<String CONTENT="Lancaster" HEIGHT="52" WIDTH="310" VPOS="1359" HPOS="890"/>
<SP HEIGHT="49" WIDTH="27" VPOS="1376" HPOS="1201"/>
<String CONTENT="press," HEIGHT="49" WIDTH="174" VPOS="1376" HPOS="1229"/>
<SP HEIGHT="66" WIDTH="28" VPOS="1358" HPOS="1404"/>
<String CONTENT="inc.," HEIGHT="67" WIDTH="127" VPOS="1358" HPOS="1433"/>
<SP HEIGHT="64" WIDTH="29" VPOS="1361" HPOS="1561"/>
<String CONTENT="1928." HEIGHT="50" WIDTH="150" VPOS="1360" HPOS="1591"/>
</TextLine>
<TextLine HEIGHT="50" WIDTH="975" VPOS="1440" HPOS="139" CS="1">
<String CONTENT="xvi," HEIGHT="46" WIDTH="96" VPOS="1444" HPOS="139"/>
<SP HEIGHT="47" WIDTH="33" VPOS="1443" HPOS="236"/>
<String CS="1" CONTENT="688" HEIGHT="40" WIDTH="85" VPOS="1443" HPOS="270"/>
<SP HEIGHT="47" WIDTH="32" VPOS="1443" HPOS="356"/>
<String CONTENT="p." HEIGHT="37" WIDTH="43" VPOS="1453" HPOS="389"/>
<SP HEIGHT="41" WIDTH="58" VPOS="1441" HPOS="433"/>
<String CONTENT="front.," HEIGHT="47" WIDTH="164" VPOS="1441" HPOS="492"/>
<SP HEIGHT="47" WIDTH="33" VPOS="1441" HPOS="657"/>
<String CONTENT="facsims." HEIGHT="40" WIDTH="216" VPOS="1441" HPOS="691"/>
<SP HEIGHT="39" WIDTH="58" VPOS="1441" HPOS="908"/>
<String CS="1" CONTENT="26&#189;" HEIGHT="40" WIDTH="58" VPOS="1440" HPOS="967"/>
<String STYLE="superscript" CS="1" CONTENT="&#7580;&#7504;"/>
<String CONTENT="." HEIGHT="8" WIDTH="9" VPOS="1473" HPOS="1105"/>
</TextLine>
<TextLine HEIGHT="54" WIDTH="2000" VPOS="1495" HPOS="73" STYLEREFS="StyleId-96C1AEF3-6678-4779-9C50-9B2CC88B8D59-" CS="1">
<String CONTENT="&#169;" HEIGHT="52" WIDTH="52" VPOS="1497" HPOS="73"/>
<SP HEIGHT="52" WIDTH="28" VPOS="1497" HPOS="126"/>
<String CONTENT="June" HEIGHT="39" WIDTH="126" VPOS="1502" HPOS="155"/>
<SP HEIGHT="39" WIDTH="26" VPOS="1501" HPOS="282"/>
<String CS="1" CONTENT="1," HEIGHT="38" WIDTH="23" VPOS="1501" HPOS="309"/>
<SP/>
<String CS="1" CONTENT="1928;" HEIGHT="45" WIDTH="83" VPOS="1499" HPOS="434"/>
<SP HEIGHT="45" WIDTH="27" VPOS="1499" HPOS="518"/>
<String CONTENT="2c." HEIGHT="40" WIDTH="68" VPOS="1499" HPOS="546"/>
<SP HEIGHT="40" WIDTH="27" VPOS="1499" HPOS="615"/>
<String CONTENT="June" HEIGHT="40" WIDTH="128" VPOS="1499" HPOS="643"/>
<SP HEIGHT="41" WIDTH="23" VPOS="1498" HPOS="772"/>
<String CONTENT="2;" HEIGHT="46" WIDTH="54" VPOS="1498" HPOS="796"/>
<SP HEIGHT="36" WIDTH="30" VPOS="1508" HPOS="851"/>
<String CONTENT="aff." HEIGHT="40" WIDTH="82" VPOS="1497" HPOS="882"/>
<SP HEIGHT="39" WIDTH="28" VPOS="1498" HPOS="965"/>
<String CONTENT="June" HEIGHT="40" WIDTH="127" VPOS="1498" HPOS="994"/>
<SP HEIGHT="40" WIDTH="24" VPOS="1498" HPOS="1122"/>
<String CONTENT="4;" HEIGHT="44" WIDTH="53" VPOS="1498" HPOS="1147"/>
<SP HEIGHT="44" WIDTH="31" VPOS="1498" HPOS="1201"/>
<!-- cceid 1FFD7D15-6CB2-1014-A20E-B9D6251C946A --><String CONTENT="A" HEIGHT="38" WIDTH="40" VPOS="1498" HPOS="1233"/>
<SP HEIGHT="38" WIDTH="28" VPOS="1498" HPOS="1274"/>
<String CONTENT="1077574;" HEIGHT="45" WIDTH="229" VPOS="1497" HPOS="1303"/>
<SP HEIGHT="45" WIDTH="32" VPOS="1497" HPOS="1533"/>
<String LANG="fr" CONTENT="G." HEIGHT="40" WIDTH="53" VPOS="1497" HPOS="1566"/>
<SP HEIGHT="39" WIDTH="29" VPOS="1498" HPOS="1620"/>
<String CONTENT="M." HEIGHT="38" WIDTH="62" VPOS="1498" HPOS="1650"/>
<SP HEIGHT="38" WIDTH="28" VPOS="1498" HPOS="1713"/>
<String CONTENT="Brumbaugh," HEIGHT="49" WIDTH="331" VPOS="1495" HPOS="1742"/>
</TextLine>
<TextLine HEIGHT="48" WIDTH="337" VPOS="1557" HPOS="142" STYLEREFS="StyleId-96C1AEF3-6678-4779-9C50-9B2CC88B8D59-">
<String CONTENT="Washington." HEIGHT="48" WIDTH="337" VPOS="1557" HPOS="142"/>
</TextLine>
<TextLine HEIGHT="63" WIDTH="603" VPOS="1648" HPOS="72" STYLEREFS="StyleId-248132BE-21EB-4C1C-AAE1-D8305A7516DC-">
<String CONTENT="Burke," HEIGHT="61" WIDTH="216" VPOS="1650" HPOS="72"/>
<SP HEIGHT="60" WIDTH="29" VPOS="1651" HPOS="289"/>
<String CONTENT="Edmund" HEIGHT="53" WIDTH="273" VPOS="1650" HPOS="319"/>
<SP HEIGHT="55" WIDTH="28" VPOS="1648" HPOS="593"/>
<String CONTENT="J." HEIGHT="55" WIDTH="53" VPOS="1648" HPOS="622"/>
</TextLine>
<TextLine HEIGHT="71" WIDTH="1933" VPOS="1726" HPOS="142" CS="1">
<String CONTENT="Lectures" HEIGHT="52" WIDTH="265" VPOS="1729" HPOS="142"/>
<SP HEIGHT="52" WIDTH="42" VPOS="1729" HPOS="408"/>
<String CONTENT="in" HEIGHT="51" WIDTH="59" VPOS="1729" HPOS="451"/>
<SP HEIGHT="52" WIDTH="38" VPOS="1729" HPOS="511"/>
<String CONTENT="biology," HEIGHT="69" WIDTH="249" VPOS="1728" HPOS="550"/>
<SP HEIGHT="47" WIDTH="41" VPOS="1746" HPOS="800"/>
<String CONTENT="zoology," HEIGHT="68" WIDTH="255" VPOS="1728" HPOS="842"/>
<SP HEIGHT="68" WIDTH="40" VPOS="1726" HPOS="1098"/>
<String CONTENT="by" HEIGHT="69" WIDTH="75" VPOS="1726" HPOS="1139"/>
<SP HEIGHT="68" WIDTH="42" VPOS="1727" HPOS="1215"/>
<String CONTENT="E." HEIGHT="51" WIDTH="66" VPOS="1727" HPOS="1258"/>
<SP HEIGHT="53" WIDTH="43" VPOS="1727" HPOS="1325"/>
<String CONTENT="J." HEIGHT="53" WIDTH="54" VPOS="1727" HPOS="1369"/>
<SP HEIGHT="51" WIDTH="44" VPOS="1727" HPOS="1424"/>
<String CONTENT="Burke," HEIGHT="65" WIDTH="211" VPOS="1726" HPOS="1469"/>
<SP HEIGHT="47" WIDTH="42" VPOS="1744" HPOS="1681"/>
<String CS="1" CONTENT="S."/>
<SP/>
<String CS="1" CONTENT="J."/>
<SP HEIGHT="52" WIDTH="79" VPOS="1726" HPOS="1857"/>
<String CONTENT="New" HEIGHT="52" WIDTH="138" VPOS="1726" HPOS="1937"/>
</TextLine>
<TextLine HEIGHT="67" WIDTH="1279" VPOS="1806" HPOS="71" CS="1">
<String CONTENT="York," HEIGHT="66" WIDTH="180" VPOS="1807" HPOS="71"/>
<SP HEIGHT="66" WIDTH="29" VPOS="1807" HPOS="252"/>
<String CONTENT="Fordham" HEIGHT="52" WIDTH="294" VPOS="1807" HPOS="282"/>
<SP HEIGHT="34" WIDTH="30" VPOS="1824" HPOS="577"/>
<String CONTENT="university" HEIGHT="67" WIDTH="320" VPOS="1806" HPOS="608"/>
<SP HEIGHT="49" WIDTH="30" VPOS="1824" HPOS="929"/>
<String CONTENT="press" HEIGHT="49" WIDTH="157" VPOS="1824" HPOS="960"/>
<SP HEIGHT="47" WIDTH="37" VPOS="1825" HPOS="1118"/>
<String CONTENT="[" HEIGHT="33" WIDTH="12" VPOS="1839" HPOS="1156"/>
<String STYLE="superscript" CS="1" CONTENT="&#7580;19"/>
<String CONTENT="28]" HEIGHT="63" WIDTH="85" VPOS="1808" HPOS="1265"/>
</TextLine>
<TextLine HEIGHT="49" WIDTH="871" VPOS="1888" HPOS="142" CS="1">
<String CONTENT="ix," HEIGHT="46" WIDTH="63" VPOS="1890" HPOS="142"/>
<SP HEIGHT="46" WIDTH="28" VPOS="1890" HPOS="206"/>
<String CONTENT="223" HEIGHT="39" WIDTH="84" VPOS="1890" HPOS="235"/>
<SP HEIGHT="47" WIDTH="27" VPOS="1890" HPOS="320"/>
<String CONTENT="p." HEIGHT="37" WIDTH="44" VPOS="1900" HPOS="348"/>
<SP HEIGHT="41" WIDTH="58" VPOS="1888" HPOS="393"/>
<String CONTENT="illus.," HEIGHT="47" WIDTH="143" VPOS="1888" HPOS="452"/>
<SP HEIGHT="45" WIDTH="29" VPOS="1890" HPOS="596"/>
<String CONTENT="diagrs." HEIGHT="49" WIDTH="181" VPOS="1888" HPOS="626"/>
<SP HEIGHT="41" WIDTH="57" VPOS="1888" HPOS="808"/>
<String CS="1" CONTENT="21&#189;" HEIGHT="39" WIDTH="54" VPOS="1888" HPOS="866"/>
<String STYLE="superscript" CS="1" CONTENT="&#7580;&#7504;"/>
<String CONTENT="." HEIGHT="9" WIDTH="9" VPOS="1919" HPOS="1004"/>
</TextLine>
<TextLine HEIGHT="50" WIDTH="658" VPOS="1944" HPOS="140" STYLEREFS="StyleId-96C1AEF3-6678-4779-9C50-9B2CC88B8D59-">
<String CONTENT="Contains" HEIGHT="41" WIDTH="233" VPOS="1946" HPOS="140"/>
<SP HEIGHT="39" WIDTH="28" VPOS="1947" HPOS="374"/>
<String CONTENT="bibliographies." HEIGHT="50" WIDTH="395" VPOS="1944" HPOS="403"/>
</TextLine>
<TextLine HEIGHT="52" WIDTH="2000" VPOS="1999" HPOS="72" STYLEREFS="StyleId-96C1AEF3-6678-4779-9C50-9B2CC88B8D59-" CS="1">
<String CONTENT="&#169;" HEIGHT="52" WIDTH="52" VPOS="1999" HPOS="72"/>
<SP HEIGHT="52" WIDTH="27" VPOS="1999" HPOS="125"/>
<String CONTENT="Feb." HEIGHT="39" WIDTH="110" VPOS="2004" HPOS="153"/>
<SP HEIGHT="39" WIDTH="26" VPOS="2004" HPOS="264"/>
<String CONTENT="1," HEIGHT="46" WIDTH="38" VPOS="2004" HPOS="291"/>
<SP HEIGHT="46" WIDTH="27" VPOS="2004" HPOS="330"/>
<String CS="1" CONTENT="1928;" HEIGHT="41" WIDTH="116" VPOS="2003" HPOS="358"/>
<SP/>
<String CONTENT="2c." HEIGHT="39" WIDTH="68" VPOS="2004" HPOS="530"/>
<SP HEIGHT="29" WIDTH="26" VPOS="2014" HPOS="599"/>
<String CONTENT="and" HEIGHT="39" WIDTH="95" VPOS="2003" HPOS="626"/>
<SP HEIGHT="39" WIDTH="26" VPOS="2003" HPOS="722"/>
<String CONTENT="aff." HEIGHT="42" WIDTH="82" VPOS="2002" HPOS="749"/>
<SP HEIGHT="42" WIDTH="26" VPOS="2002" HPOS="832"/>
<String CONTENT="Apr." HEIGHT="49" WIDTH="115" VPOS="2002" HPOS="859"/>
<SP HEIGHT="41" WIDTH="26" VPOS="2002" HPOS="975"/>
<String CS="1" CONTENT="25;" HEIGHT="39" WIDTH="55" VPOS="2002" HPOS="1002"/>
<SP/>
<!-- cceid 1FFE036C-6CB2-1014-A20E-B9D6251C946A --><String CONTENT="A" HEIGHT="39" WIDTH="41" VPOS="2002" HPOS="1116"/>
<SP HEIGHT="39" WIDTH="25" VPOS="2002" HPOS="1158"/>
<String CS="1" CONTENT="1077114;" HEIGHT="40" WIDTH="204" VPOS="2002" HPOS="1184"/>
<SP/>
<String CONTENT="E." HEIGHT="40" WIDTH="53" VPOS="2003" HPOS="1447"/>
<SP HEIGHT="40" WIDTH="26" VPOS="2003" HPOS="1501"/>
<String CONTENT="J." HEIGHT="40" WIDTH="44" VPOS="2003" HPOS="1528"/>
<SP HEIGHT="40" WIDTH="29" VPOS="2003" HPOS="1573"/>
<String CONTENT="Burke," HEIGHT="47" WIDTH="178" VPOS="2002" HPOS="1603"/>
<SP HEIGHT="46" WIDTH="30" VPOS="2003" HPOS="1782"/>
<String CONTENT="Fordham," HEIGHT="47" WIDTH="259" VPOS="2003" HPOS="1813"/>
</TextLine>
<TextLine HEIGHT="49" WIDTH="493" VPOS="2059" HPOS="143" STYLEREFS="StyleId-96C1AEF3-6678-4779-9C50-9B2CC88B8D59-">
<String LANG="fr" CONTENT="N." HEIGHT="40" WIDTH="56" VPOS="2060" HPOS="143"/>
<SP HEIGHT="39" WIDTH="30" VPOS="2061" HPOS="200"/>
<String CONTENT="Y." HEIGHT="40" WIDTH="53" VPOS="2061" HPOS="231"/>
<SP HEIGHT="47" WIDTH="69" VPOS="2061" HPOS="285"/>
<String CONTENT="(28-12978)" HEIGHT="49" WIDTH="281" VPOS="2059" HPOS="355"/>
</TextLine>
<TextLine HEIGHT="68" WIDTH="574" VPOS="2153" HPOS="77" STYLEREFS="StyleId-248132BE-21EB-4C1C-AAE1-D8305A7516DC-">
<String CONTENT="[Burns," HEIGHT="67" WIDTH="232" VPOS="2154" HPOS="77"/>
<SP HEIGHT="60" WIDTH="29" VPOS="2155" HPOS="310"/>
<String CONTENT="Harrison]" HEIGHT="67" WIDTH="311" VPOS="2153" HPOS="340"/>
</TextLine>
<TextLine HEIGHT="69" WIDTH="1935" VPOS="2232" HPOS="140">
<String CONTENT="Digest" HEIGHT="69" WIDTH="205" VPOS="2232" HPOS="140"/>
<SP HEIGHT="47" WIDTH="32" VPOS="2238" HPOS="346"/>
<String CONTENT="to" HEIGHT="46" WIDTH="58" VPOS="2238" HPOS="379"/>
<SP HEIGHT="46" WIDTH="34" VPOS="2238" HPOS="438"/>
<String CONTENT="the" HEIGHT="52" WIDTH="94" VPOS="2233" HPOS="473"/>
<SP HEIGHT="54" WIDTH="39" VPOS="2232" HPOS="568"/>
<String CONTENT="Supreme" HEIGHT="68" WIDTH="274" VPOS="2232" HPOS="608"/>
<SP HEIGHT="33" WIDTH="36" VPOS="2251" HPOS="883"/>
<String CONTENT="and" HEIGHT="52" WIDTH="113" VPOS="2233" HPOS="920"/>
<SP HEIGHT="53" WIDTH="35" VPOS="2232" HPOS="1034"/>
<String CONTENT="Appellate" HEIGHT="67" WIDTH="312" VPOS="2232" HPOS="1070"/>
<SP HEIGHT="34" WIDTH="35" VPOS="2250" HPOS="1383"/>
<String CONTENT="court" HEIGHT="47" WIDTH="163" VPOS="2237" HPOS="1419"/>
<SP HEIGHT="46" WIDTH="35" VPOS="2237" HPOS="1583"/>
<String CONTENT="reports" HEIGHT="61" WIDTH="222" VPOS="2238" HPOS="1619"/>
<SP HEIGHT="34" WIDTH="36" VPOS="2251" HPOS="1842"/>
<String CONTENT="of" HEIGHT="53" WIDTH="63" VPOS="2232" HPOS="1879"/>
<SP HEIGHT="53" WIDTH="36" VPOS="2232" HPOS="1943"/>
<String CONTENT="the" HEIGHT="53" WIDTH="95" VPOS="2233" HPOS="1980"/>
</TextLine>
<TextLine HEIGHT="70" WIDTH="2008" VPOS="2308" HPOS="69" CS="1">
<String CONTENT="state" HEIGHT="47" WIDTH="145" VPOS="2315" HPOS="69"/>
<SP HEIGHT="34" WIDTH="26" VPOS="2328" HPOS="215"/>
<String CONTENT="of" HEIGHT="52" WIDTH="63" VPOS="2310" HPOS="242"/>
<SP HEIGHT="52" WIDTH="26" VPOS="2310" HPOS="306"/>
<String CONTENT="Indiana," HEIGHT="66" WIDTH="268" VPOS="2311" HPOS="333"/>
<SP HEIGHT="48" WIDTH="26" VPOS="2329" HPOS="602"/>
<String CONTENT="covering" HEIGHT="68" WIDTH="269" VPOS="2310" HPOS="629"/>
<SP HEIGHT="67" WIDTH="26" VPOS="2311" HPOS="899"/>
<String CONTENT="decisions" HEIGHT="53" WIDTH="278" VPOS="2310" HPOS="926"/>
<SP HEIGHT="33" WIDTH="29" VPOS="2329" HPOS="1205"/>
<String CONTENT="rendered" HEIGHT="53" WIDTH="274" VPOS="2309" HPOS="1235"/>
<SP HEIGHT="53" WIDTH="28" VPOS="2309" HPOS="1510"/>
<String CONTENT="since" HEIGHT="52" WIDTH="149" VPOS="2310" HPOS="1539"/>
<SP/>
<String CONTENT="publication" HEIGHT="70" WIDTH="357" VPOS="2308" HPOS="1720"/>
</TextLine>
<TextLine HEIGHT="148" WIDTH="1981" VPOS="2388" HPOS="69" CS="1">
<String CONTENT="of" HEIGHT="52" WIDTH="64" VPOS="2388" HPOS="69"/>
<SP HEIGHT="53" WIDTH="31" VPOS="2388" HPOS="134"/>
<String CONTENT="the" HEIGHT="54" WIDTH="96" VPOS="2388" HPOS="166"/>
<SP HEIGHT="49" WIDTH="33" VPOS="2393" HPOS="263"/>
<String CONTENT="1923" HEIGHT="49" WIDTH="132" VPOS="2392" HPOS="297"/>
<SP HEIGHT="49" WIDTH="32" VPOS="2392" HPOS="430"/>
<String CONTENT="supplement" HEIGHT="68" WIDTH="362" VPOS="2389" HPOS="463"/>
<SP HEIGHT="47" WIDTH="30" VPOS="2394" HPOS="826"/>
<String CONTENT="to" HEIGHT="46" WIDTH="57" VPOS="2395" HPOS="857"/>
<SP HEIGHT="52" WIDTH="35" VPOS="2389" HPOS="915"/>
<String CONTENT="Burns&#8217;" HEIGHT="54" WIDTH="207" VPOS="2388" HPOS="951"/>
<SP HEIGHT="54" WIDTH="32" VPOS="2388" HPOS="1159"/>
<String CONTENT="digest" HEIGHT="69" WIDTH="187" VPOS="2388" HPOS="1192"/>
<SP HEIGHT="52" WIDTH="34" VPOS="2389" HPOS="1380"/>
<String CONTENT="down" HEIGHT="52" WIDTH="167" VPOS="2389" HPOS="1415"/>
<SP HEIGHT="44" WIDTH="31" VPOS="2397" HPOS="1583"/>
<String CONTENT="to" HEIGHT="44" WIDTH="57" VPOS="2397" HPOS="1615"/>
<SP HEIGHT="33" WIDTH="34" VPOS="2408" HPOS="1673"/>
<String CONTENT="and" HEIGHT="53" WIDTH="113" VPOS="2389" HPOS="1708"/>
<SP HEIGHT="53" WIDTH="32" VPOS="2389" HPOS="1822"/>
<String CONTENT="including" HEIGHT="147" WIDTH="1977" VPOS="2389" HPOS="73"/>
</TextLine>
<TextLine HEIGHT="131" WIDTH="1979" VPOS="2467" HPOS="70" CS="1">
<String CONTENT="volumes" HEIGHT="52" WIDTH="252" VPOS="2467" HPOS="204"/>
<SP HEIGHT="47" WIDTH="32" VPOS="2472" HPOS="457"/>
<String CONTENT="198" HEIGHT="49" WIDTH="97" VPOS="2471" HPOS="490"/>
<SP HEIGHT="54" WIDTH="31" VPOS="2467" HPOS="588"/>
<String CONTENT="Supreme" HEIGHT="68" WIDTH="278" VPOS="2467" HPOS="620"/>
<SP HEIGHT="48" WIDTH="27" VPOS="2472" HPOS="899"/>
<String CONTENT="86" HEIGHT="49" WIDTH="65" VPOS="2471" HPOS="927"/>
<SP HEIGHT="51" WIDTH="27" VPOS="2468" HPOS="993"/>
<String CONTENT="Appellate" HEIGHT="67" WIDTH="310" VPOS="2468" HPOS="1021"/>
<SP HEIGHT="34" WIDTH="32" VPOS="2486" HPOS="1332"/>
<String CONTENT="and" HEIGHT="52" WIDTH="112" VPOS="2468" HPOS="1365"/>
<SP HEIGHT="52" WIDTH="33" VPOS="2468" HPOS="1478"/>
<String CONTENT="158" HEIGHT="49" WIDTH="97" VPOS="2471" HPOS="1512"/>
<SP HEIGHT="49" WIDTH="30" VPOS="2471" HPOS="1610"/>
<String CONTENT="of" HEIGHT="53" WIDTH="64" VPOS="2467" HPOS="1641"/>
<SP HEIGHT="53" WIDTH="28" VPOS="2467" HPOS="1706"/>
<String CONTENT="the" HEIGHT="52" WIDTH="96" VPOS="2468" HPOS="1735"/>
<SP HEIGHT="51" WIDTH="30" VPOS="2469" HPOS="1832"/>
<String CONTENT="Northeastern" HEIGHT="129" WIDTH="1979" VPOS="2469" HPOS="70"/>
</TextLine>
<TextLine HEIGHT="70" WIDTH="1747" VPOS="2544" HPOS="329">
<String CONTENT="reporter." HEIGHT="62" WIDTH="272" VPOS="2551" HPOS="329"/>
<SP HEIGHT="55" WIDTH="77" VPOS="2544" HPOS="602"/>
<String CONTENT="Supplement," HEIGHT="68" WIDTH="393" VPOS="2544" HPOS="680"/>
<SP HEIGHT="32" WIDTH="76" VPOS="2565" HPOS="1074"/>
<String CONTENT="v." HEIGHT="32" WIDTH="49" VPOS="2565" HPOS="1151"/>
<SP HEIGHT="48" WIDTH="41" VPOS="2549" HPOS="1201"/>
<String CONTENT="3," HEIGHT="62" WIDTH="47" VPOS="2549" HPOS="1243"/>
<SP HEIGHT="65" WIDTH="38" VPOS="2546" HPOS="1291"/>
<String CONTENT="being" HEIGHT="69" WIDTH="173" VPOS="2545" HPOS="1330"/>
<SP HEIGHT="49" WIDTH="35" VPOS="2565" HPOS="1504"/>
<String CONTENT="volume" HEIGHT="52" WIDTH="224" VPOS="2546" HPOS="1540"/>
<SP HEIGHT="48" WIDTH="41" VPOS="2551" HPOS="1765"/>
<String CONTENT="5" HEIGHT="48" WIDTH="28" VPOS="2551" HPOS="1807"/>
<SP HEIGHT="48" WIDTH="40" VPOS="2551" HPOS="1836"/>
<String CONTENT="of" HEIGHT="54" WIDTH="63" VPOS="2545" HPOS="1877"/>
<SP HEIGHT="54" WIDTH="37" VPOS="2545" HPOS="1941"/>
<String CONTENT="the" HEIGHT="52" WIDTH="97" VPOS="2547" HPOS="1979"/>
</TextLine>
<TextLine HEIGHT="70" WIDTH="2007" VPOS="2623" HPOS="69">
<String CONTENT="Digest." HEIGHT="69" WIDTH="219" VPOS="2623" HPOS="69"/>
<SP HEIGHT="50" WIDTH="71" VPOS="2625" HPOS="289"/>
<String CONTENT="By" HEIGHT="66" WIDTH="90" VPOS="2625" HPOS="361"/>
<SP HEIGHT="62" WIDTH="32" VPOS="2629" HPOS="452"/>
<String CONTENT="the" HEIGHT="51" WIDTH="94" VPOS="2624" HPOS="485"/>
<SP HEIGHT="49" WIDTH="34" VPOS="2642" HPOS="580"/>
<String CONTENT="publishers" HEIGHT="68" WIDTH="322" VPOS="2623" HPOS="615"/>
<SP HEIGHT="34" WIDTH="34" VPOS="2642" HPOS="938"/>
<String CONTENT="editorial" HEIGHT="53" WIDTH="267" VPOS="2623" HPOS="973"/>
<SP HEIGHT="52" WIDTH="34" VPOS="2624" HPOS="1241"/>
<String CONTENT="staff." HEIGHT="53" WIDTH="149" VPOS="2623" HPOS="1276"/>
<SP HEIGHT="52" WIDTH="71" VPOS="2624" HPOS="1426"/>
<String CONTENT="Indianapolis," HEIGHT="69" WIDTH="420" VPOS="2624" HPOS="1498"/>
<SP HEIGHT="66" WIDTH="35" VPOS="2626" HPOS="1919"/>
<String CONTENT="The" HEIGHT="53" WIDTH="121" VPOS="2625" HPOS="1955"/>
</TextLine>
<TextLine HEIGHT="69" WIDTH="965" VPOS="2700" HPOS="70">
<String CONTENT="Bobbs-Merrill" HEIGHT="54" WIDTH="444" VPOS="2700" HPOS="70"/>
<SP HEIGHT="52" WIDTH="34" VPOS="2702" HPOS="515"/>
<String CONTENT="company," HEIGHT="50" WIDTH="300" VPOS="2719" HPOS="550"/>
<SP HEIGHT="64" WIDTH="34" VPOS="2705" HPOS="851"/>
<String CONTENT="1928." HEIGHT="50" WIDTH="149" VPOS="2704" HPOS="886"/>
</TextLine>
<TextLine HEIGHT="48" WIDTH="542" VPOS="2783" HPOS="142" STYLEREFS="StyleId-96C1AEF3-6678-4779-9C50-9B2CC88B8D59-" CS="1">
<String CONTENT="2" HEIGHT="38" WIDTH="28" VPOS="2784" HPOS="142"/>
<SP HEIGHT="47" WIDTH="26" VPOS="2784" HPOS="171"/>
<String CONTENT="p." HEIGHT="36" WIDTH="43" VPOS="2795" HPOS="198"/>
<SP HEIGHT="39" WIDTH="29" VPOS="2785" HPOS="242"/>
<String CS="1" CONTENT="l.," HEIGHT="15" WIDTH="8" VPOS="2815" HPOS="308"/>
<SP HEIGHT="47" WIDTH="30" VPOS="2783" HPOS="317"/>
<String CONTENT="879" HEIGHT="40" WIDTH="88" VPOS="2783" HPOS="348"/>
<SP HEIGHT="48" WIDTH="26" VPOS="2783" HPOS="437"/>
<String CONTENT="p." HEIGHT="37" WIDTH="43" VPOS="2794" HPOS="464"/>
<SP HEIGHT="40" WIDTH="57" VPOS="2784" HPOS="508"/>
<String CONTENT="26" HEIGHT="40" WIDTH="58" VPOS="2783" HPOS="566"/>
<String STYLE="superscript" CS="1" CONTENT="&#7580;&#7504;"/>
<String CONTENT="." HEIGHT="8" WIDTH="8" VPOS="2816" HPOS="676"/>
</TextLine>
<TextLine HEIGHT="53" WIDTH="2002" VPOS="2835" HPOS="73" STYLEREFS="StyleId-96C1AEF3-6678-4779-9C50-9B2CC88B8D59-" CS="1">
<String CONTENT="&#169;" HEIGHT="53" WIDTH="51" VPOS="2835" HPOS="73"/>
<SP HEIGHT="53" WIDTH="29" VPOS="2835" HPOS="125"/>
<String CONTENT="May" HEIGHT="46" WIDTH="113" VPOS="2841" HPOS="155"/>
<SP HEIGHT="46" WIDTH="27" VPOS="2841" HPOS="269"/>
<String CONTENT="3," HEIGHT="47" WIDTH="40" VPOS="2841" HPOS="297"/>
<SP HEIGHT="47" WIDTH="29" VPOS="2841" HPOS="338"/>
<String CS="1" CONTENT="1928;" HEIGHT="40" WIDTH="118" VPOS="2840" HPOS="368"/>
<SP/>
<String CONTENT="2c." HEIGHT="41" WIDTH="68" VPOS="2840" HPOS="540"/>
<SP HEIGHT="40" WIDTH="28" VPOS="2841" HPOS="609"/>
<String CONTENT="May" HEIGHT="47" WIDTH="114" VPOS="2841" HPOS="638"/>
<SP HEIGHT="47" WIDTH="27" VPOS="2841" HPOS="753"/>
<String CS="1" CONTENT="31;" HEIGHT="39" WIDTH="54" VPOS="2841" HPOS="781"/>
<SP/>
<String CONTENT="aff." HEIGHT="41" WIDTH="82" VPOS="2840" HPOS="897"/>
<SP HEIGHT="39" WIDTH="29" VPOS="2842" HPOS="980"/>
<String CONTENT="May" HEIGHT="46" WIDTH="113" VPOS="2842" HPOS="1010"/>
<SP HEIGHT="47" WIDTH="26" VPOS="2841" HPOS="1124"/>
<String CS="1" CONTENT="28;" HEIGHT="41" WIDTH="57" VPOS="2841" HPOS="1151"/>
<SP/>
<!-- cceid 1FFE8AB3-6CB2-1014-A20E-B9D6251C946A --><String CONTENT="A" HEIGHT="40" WIDTH="42" VPOS="2841" HPOS="1268"/>
<SP HEIGHT="40" WIDTH="30" VPOS="2841" HPOS="1311"/>
<String CS="1" CONTENT="1077584;" HEIGHT="40" WIDTH="202" VPOS="2842" HPOS="1342"/>
<SP/>
<String CONTENT="Bobbs-Merrill" HEIGHT="42" WIDTH="372" VPOS="2842" HPOS="1604"/>
<SP HEIGHT="39" WIDTH="28" VPOS="2845" HPOS="1977"/>
<String CONTENT="co." HEIGHT="30" WIDTH="69" VPOS="2855" HPOS="2006"/>
</TextLine>
<TextLine HEIGHT="64" WIDTH="938" VPOS="2948" HPOS="71" STYLEREFS="StyleId-248132BE-21EB-4C1C-AAE1-D8305A7516DC-">
<String CONTENT="Burroughs," HEIGHT="64" WIDTH="371" VPOS="2948" HPOS="71"/>
<SP HEIGHT="63" WIDTH="31" VPOS="2948" HPOS="443"/>
<String CONTENT="John," HEIGHT="64" WIDTH="174" VPOS="2948" HPOS="475"/>
<SP HEIGHT="58" WIDTH="32" VPOS="2954" HPOS="650"/>
<String CONTENT="1837-1921." HEIGHT="54" WIDTH="326" VPOS="2949" HPOS="683"/>
</TextLine>
<TextLine HEIGHT="132" WIDTH="1984" VPOS="3027" HPOS="68" CS="1">
<String CONTENT="My" HEIGHT="69" WIDTH="104" VPOS="3027" HPOS="137"/>
<SP HEIGHT="68" WIDTH="30" VPOS="3028" HPOS="242"/>
<String CONTENT="dog" HEIGHT="66" WIDTH="113" VPOS="3028" HPOS="273"/>
<SP HEIGHT="67" WIDTH="32" VPOS="3027" HPOS="387"/>
<String CONTENT="friends," HEIGHT="67" WIDTH="238" VPOS="3027" HPOS="420"/>
<SP HEIGHT="65" WIDTH="31" VPOS="3029" HPOS="659"/>
<String CONTENT="by" HEIGHT="67" WIDTH="75" VPOS="3029" HPOS="691"/>
<SP HEIGHT="67" WIDTH="28" VPOS="3029" HPOS="767"/>
<String CONTENT="John" HEIGHT="54" WIDTH="153" VPOS="3029" HPOS="796"/>
<SP HEIGHT="51" WIDTH="38" VPOS="3030" HPOS="950"/>
<String CONTENT="Burroughs;" HEIGHT="68" WIDTH="368" VPOS="3030" HPOS="989"/>
<SP HEIGHT="47" WIDTH="34" VPOS="3049" HPOS="1358"/>
<String CONTENT="edited" HEIGHT="53" WIDTH="188" VPOS="3031" HPOS="1393"/>
<SP HEIGHT="52" WIDTH="32" VPOS="3032" HPOS="1582"/>
<String CONTENT="by" HEIGHT="68" WIDTH="74" VPOS="3032" HPOS="1615"/>
<SP HEIGHT="69" WIDTH="34" VPOS="3031" HPOS="1690"/>
<String CONTENT="Clara" HEIGHT="55" WIDTH="171" VPOS="3031" HPOS="1725"/>
<SP HEIGHT="49" WIDTH="38" VPOS="3035" HPOS="1897"/>
<String CONTENT="Barrus" HEIGHT="124" WIDTH="1984" VPOS="3035" HPOS="68"/>
<SP HEIGHT="33" WIDTH="47" VPOS="3126" HPOS="164"/>
<String CS="1" CONTENT="&#8230;"/>
<SP HEIGHT="51" WIDTH="79" VPOS="3107" HPOS="268"/>
<String CONTENT="Boston" HEIGHT="52" WIDTH="217" VPOS="3107" HPOS="348"/>
</TextLine>
<TextLine HEIGHT="72" WIDTH="1468" VPOS="3108" HPOS="608">
<String CONTENT="and" HEIGHT="52" WIDTH="112" VPOS="3108" HPOS="608"/>
<SP HEIGHT="52" WIDTH="41" VPOS="3108" HPOS="721"/>
<String CONTENT="New" HEIGHT="52" WIDTH="138" VPOS="3108" HPOS="763"/>
<SP HEIGHT="51" WIDTH="40" VPOS="3109" HPOS="902"/>
<String CONTENT="York," HEIGHT="66" WIDTH="180" VPOS="3108" HPOS="943"/>
<SP HEIGHT="65" WIDTH="41" VPOS="3109" HPOS="1124"/>
<String CONTENT="Houghton" HEIGHT="70" WIDTH="322" VPOS="3108" HPOS="1166"/>
<SP HEIGHT="51" WIDTH="38" VPOS="3111" HPOS="1489"/>
<String CONTENT="Mifflin" HEIGHT="52" WIDTH="206" VPOS="3110" HPOS="1528"/>
<SP HEIGHT="34" WIDTH="41" VPOS="3129" HPOS="1735"/>
<String CONTENT="company," HEIGHT="51" WIDTH="299" VPOS="3129" HPOS="1777"/>
</TextLine>
<TextLine HEIGHT="51" WIDTH="149" VPOS="3187" HPOS="71">
<String CONTENT="1928." HEIGHT="51" WIDTH="149" VPOS="3187" HPOS="71"/>
</TextLine>
<TextLine HEIGHT="51" WIDTH="1264" VPOS="3267" HPOS="139" STYLEREFS="StyleId-96C1AEF3-6678-4779-9C50-9B2CC88B8D59-" CS="1">
<String CONTENT="ix," HEIGHT="43" WIDTH="63" VPOS="3267" HPOS="139"/>
<SP/>
<String CONTENT="[1]" HEIGHT="48" WIDTH="54" VPOS="3269" HPOS="235"/>
<SP HEIGHT="38" WIDTH="28" VPOS="3279" HPOS="290"/>
<String LANG="fr" CONTENT="p.," HEIGHT="37" WIDTH="56" VPOS="3279" HPOS="319"/>
<SP HEIGHT="47" WIDTH="28" VPOS="3269" HPOS="376"/>
<String CONTENT="1" HEIGHT="38" WIDTH="25" VPOS="3269" HPOS="405"/>
<SP HEIGHT="39" WIDTH="27" VPOS="3269" HPOS="431"/>
<String CS="1" CONTENT="l.," HEIGHT="16" WIDTH="9" VPOS="3299" HPOS="494"/>
<SP HEIGHT="46" WIDTH="28" VPOS="3269" HPOS="504"/>
<String CONTENT="103," HEIGHT="47" WIDTH="97" VPOS="3268" HPOS="533"/>
<SP HEIGHT="31" WIDTH="32" VPOS="3287" HPOS="631"/>
<String CONTENT="[1]" HEIGHT="48" WIDTH="54" VPOS="3270" HPOS="664"/>
<SP HEIGHT="38" WIDTH="28" VPOS="3280" HPOS="719"/>
<String CONTENT="p." HEIGHT="37" WIDTH="44" VPOS="3280" HPOS="748"/>
<SP HEIGHT="40" WIDTH="71" VPOS="3269" HPOS="793"/>
<String CS="1" CONTENT="front."/>
<SP HEIGHT="47" WIDTH="26" VPOS="3270" HPOS="1017"/>
<String CONTENT="(port.)" HEIGHT="49" WIDTH="173" VPOS="3269" HPOS="1044"/>
<SP HEIGHT="49" WIDTH="68" VPOS="3269" HPOS="1218"/>
<String CONTENT="19" HEIGHT="42" WIDTH="56" VPOS="3270" HPOS="1287"/>
<String STYLE="superscript" CS="1" CONTENT="&#7580;&#7504;"/>
<String CONTENT="." HEIGHT="9" WIDTH="8" VPOS="3303" HPOS="1395"/>
</TextLine>
<TextLine HEIGHT="55" WIDTH="1934" VPOS="3325" HPOS="142" STYLEREFS="StyleId-96C1AEF3-6678-4779-9C50-9B2CC88B8D59-">
<String CONTENT="&#8220;This" HEIGHT="40" WIDTH="145" VPOS="3326" HPOS="142"/>
<SP HEIGHT="39" WIDTH="33" VPOS="3327" HPOS="288"/>
<String CONTENT="little" HEIGHT="42" WIDTH="132" VPOS="3325" HPOS="322"/>
<SP HEIGHT="39" WIDTH="30" VPOS="3327" HPOS="455"/>
<String CONTENT="book" HEIGHT="40" WIDTH="124" VPOS="3327" HPOS="486"/>
<SP HEIGHT="39" WIDTH="34" VPOS="3327" HPOS="611"/>
<String CONTENT="of" HEIGHT="41" WIDTH="51" VPOS="3325" HPOS="646"/>
<SP HEIGHT="41" WIDTH="33" VPOS="3325" HPOS="698"/>
<String CONTENT="his" HEIGHT="41" WIDTH="77" VPOS="3326" HPOS="732"/>
<SP HEIGHT="39" WIDTH="35" VPOS="3329" HPOS="810"/>
<String CONTENT="tributes" HEIGHT="41" WIDTH="210" VPOS="3327" HPOS="846"/>
<SP HEIGHT="38" WIDTH="34" VPOS="3331" HPOS="1057"/>
<String CONTENT="to" HEIGHT="38" WIDTH="50" VPOS="3331" HPOS="1092"/>
<SP HEIGHT="40" WIDTH="32" VPOS="3329" HPOS="1143"/>
<String CONTENT="his" HEIGHT="41" WIDTH="79" VPOS="3328" HPOS="1176"/>
<SP HEIGHT="40" WIDTH="33" VPOS="3329" HPOS="1256"/>
<String CONTENT="dog" HEIGHT="48" WIDTH="93" VPOS="3329" HPOS="1290"/>
<SP HEIGHT="48" WIDTH="32" VPOS="3329" HPOS="1384"/>
<String CONTENT="friends" HEIGHT="41" WIDTH="192" VPOS="3329" HPOS="1417"/>
<SP HEIGHT="41" WIDTH="32" VPOS="3329" HPOS="1610"/>
<String CONTENT="is" HEIGHT="41" WIDTH="43" VPOS="3329" HPOS="1643"/>
<SP HEIGHT="31" WIDTH="33" VPOS="3340" HPOS="1687"/>
<String CONTENT="compiled" HEIGHT="49" WIDTH="236" VPOS="3331" HPOS="1721"/>
<SP HEIGHT="41" WIDTH="35" VPOS="3331" HPOS="1958"/>
<String CONTENT="for" HEIGHT="42" WIDTH="82" VPOS="3331" HPOS="1994"/>
</TextLine>
<TextLine HEIGHT="47" WIDTH="937" VPOS="3383" HPOS="70" STYLEREFS="StyleId-96C1AEF3-6678-4779-9C50-9B2CC88B8D59-">
<String CONTENT="other" HEIGHT="40" WIDTH="139" VPOS="3383" HPOS="70"/>
<SP HEIGHT="37" WIDTH="25" VPOS="3386" HPOS="210"/>
<String CONTENT="lovers" HEIGHT="38" WIDTH="159" VPOS="3386" HPOS="236"/>
<SP HEIGHT="29" WIDTH="31" VPOS="3395" HPOS="396"/>
<String CONTENT="of" HEIGHT="41" WIDTH="52" VPOS="3383" HPOS="428"/>
<SP HEIGHT="41" WIDTH="26" VPOS="3383" HPOS="481"/>
<String CONTENT="dogs.&#8221;&#8212;Foreword." HEIGHT="47" WIDTH="499" VPOS="3383" HPOS="508"/>
</TextLine>
<TextLine HEIGHT="59" WIDTH="1999" VPOS="3436" HPOS="73" STYLEREFS="StyleId-96C1AEF3-6678-4779-9C50-9B2CC88B8D59-" CS="1">
<String CONTENT="&#169;" HEIGHT="52" WIDTH="52" VPOS="3436" HPOS="73"/>
<SP HEIGHT="52" WIDTH="32" VPOS="3436" HPOS="126"/>
<String CONTENT="Mar." HEIGHT="39" WIDTH="122" VPOS="3442" HPOS="159"/>
<SP HEIGHT="38" WIDTH="29" VPOS="3443" HPOS="282"/>
<String CONTENT="16," HEIGHT="47" WIDTH="69" VPOS="3441" HPOS="312"/>
<SP HEIGHT="46" WIDTH="31" VPOS="3442" HPOS="382"/>
<String CS="1" CONTENT="1928;" HEIGHT="41" WIDTH="115" VPOS="3441" HPOS="414"/>
<SP HEIGHT="40" WIDTH="30" VPOS="3442" HPOS="556"/>
<String CONTENT="2c." HEIGHT="40" WIDTH="71" VPOS="3442" HPOS="587"/>
<SP HEIGHT="38" WIDTH="30" VPOS="3443" HPOS="659"/>
<String CONTENT="Mar." HEIGHT="39" WIDTH="122" VPOS="3443" HPOS="690"/>
<SP HEIGHT="39" WIDTH="32" VPOS="3443" HPOS="813"/>
<String CONTENT="21;" HEIGHT="45" WIDTH="82" VPOS="3443" HPOS="846"/>
<SP HEIGHT="35" WIDTH="32" VPOS="3453" HPOS="929"/>
<String CONTENT="aff." HEIGHT="40" WIDTH="83" VPOS="3443" HPOS="962"/>
<SP HEIGHT="39" WIDTH="30" VPOS="3444" HPOS="1046"/>
<String CONTENT="Mar." HEIGHT="40" WIDTH="123" VPOS="3444" HPOS="1077"/>
<SP HEIGHT="40" WIDTH="31" VPOS="3444" HPOS="1201"/>
<String CONTENT="20;" HEIGHT="48" WIDTH="83" VPOS="3443" HPOS="1233"/>
<SP HEIGHT="47" WIDTH="34" VPOS="3444" HPOS="1317"/>
<!-- cceid 1FFF10FC-6CB2-1014-A20E-B9D6251C946A --><String CONTENT="A" HEIGHT="39" WIDTH="40" VPOS="3444" HPOS="1352"/>
<SP HEIGHT="40" WIDTH="30" VPOS="3444" HPOS="1393"/>
<String CONTENT="1074458;" HEIGHT="47" WIDTH="230" VPOS="3445" HPOS="1424"/>
<SP HEIGHT="46" WIDTH="34" VPOS="3446" HPOS="1655"/>
<String CONTENT="Clara" HEIGHT="40" WIDTH="147" VPOS="3446" HPOS="1690"/>
<SP HEIGHT="38" WIDTH="32" VPOS="3448" HPOS="1838"/>
<String LANG="la" CONTENT="Barrus," HEIGHT="47" WIDTH="201" VPOS="3448" HPOS="1871"/>
</TextLine>
<TextLine HEIGHT="49" WIDTH="767" VPOS="3497" HPOS="142" STYLEREFS="StyleId-96C1AEF3-6678-4779-9C50-9B2CC88B8D59-">
<String CONTENT="Roxbury," HEIGHT="49" WIDTH="245" VPOS="3497" HPOS="142"/>
<SP HEIGHT="48" WIDTH="30" VPOS="3498" HPOS="388"/>
<String CONTENT="N." HEIGHT="40" WIDTH="58" VPOS="3498" HPOS="419"/>
<SP HEIGHT="39" WIDTH="25" VPOS="3499" HPOS="478"/>
<String CONTENT="Y." HEIGHT="39" WIDTH="54" VPOS="3499" HPOS="504"/>
<SP HEIGHT="47" WIDTH="70" VPOS="3498" HPOS="559"/>
<String CONTENT="(28-12908)" HEIGHT="48" WIDTH="279" VPOS="3498" HPOS="630"/>
</TextLine>
<TextLine HEIGHT="64" WIDTH="704" VPOS="3591" HPOS="74" STYLEREFS="StyleId-248132BE-21EB-4C1C-AAE1-D8305A7516DC-">
<String CONTENT="Burton," HEIGHT="63" WIDTH="247" VPOS="3591" HPOS="74"/>
<SP HEIGHT="62" WIDTH="28" VPOS="3592" HPOS="322"/>
<String CONTENT="Harley" HEIGHT="64" WIDTH="226" VPOS="3591" HPOS="351"/>
<SP HEIGHT="62" WIDTH="26" VPOS="3593" HPOS="578"/>
<String CONTENT="True." HEIGHT="52" WIDTH="173" VPOS="3593" HPOS="605"/>
</TextLine>
<TextLine HEIGHT="143" WIDTH="1981" VPOS="3669" HPOS="70" CS="1">
<String CONTENT="A" HEIGHT="51" WIDTH="54" VPOS="3669" HPOS="139"/>
<SP HEIGHT="52" WIDTH="24" VPOS="3669" HPOS="194"/>
<String CONTENT="history" HEIGHT="68" WIDTH="224" VPOS="3669" HPOS="219"/>
<SP HEIGHT="50" WIDTH="21" VPOS="3687" HPOS="444"/>
<String CONTENT="of" HEIGHT="53" WIDTH="63" VPOS="3669" HPOS="466"/>
<SP HEIGHT="53" WIDTH="23" VPOS="3669" HPOS="530"/>
<String CONTENT="the" HEIGHT="53" WIDTH="96" VPOS="3670" HPOS="554"/>
<SP HEIGHT="54" WIDTH="25" VPOS="3671" HPOS="651"/>
<String LANG="de" CONTENT="JA" HEIGHT="55" WIDTH="97" VPOS="3670" HPOS="677"/>
<SP HEIGHT="53" WIDTH="24" VPOS="3670" HPOS="775"/>
<String CONTENT="ranch," HEIGHT="67" WIDTH="195" VPOS="3671" HPOS="800"/>
<SP HEIGHT="66" WIDTH="22" VPOS="3672" HPOS="996"/>
<String CONTENT="by" HEIGHT="69" WIDTH="75" VPOS="3672" HPOS="1019"/>
<SP HEIGHT="68" WIDTH="24" VPOS="3673" HPOS="1095"/>
<String CONTENT="Harley" HEIGHT="68" WIDTH="225" VPOS="3673" HPOS="1120"/>
<SP HEIGHT="67" WIDTH="22" VPOS="3674" HPOS="1346"/>
<String CONTENT="True" HEIGHT="52" WIDTH="152" VPOS="3674" HPOS="1369"/>
<SP HEIGHT="51" WIDTH="25" VPOS="3675" HPOS="1522"/>
<String CONTENT="Burton" HEIGHT="53" WIDTH="226" VPOS="3675" HPOS="1548"/>
<SP HEIGHT="34" WIDTH="29" VPOS="3694" HPOS="1775"/>
<String CS="1" CONTENT="&#8230;"/>
<SP HEIGHT="51" WIDTH="68" VPOS="3677" HPOS="1861"/>
<String CONTENT="Austin," HEIGHT="135" WIDTH="1981" VPOS="3677" HPOS="70"/>
</TextLine>
<TextLine HEIGHT="73" WIDTH="1485" VPOS="3747" HPOS="197">
<String CONTENT="Tex.," HEIGHT="66" WIDTH="154" VPOS="3747" HPOS="197"/>
<SP HEIGHT="65" WIDTH="23" VPOS="3748" HPOS="352"/>
<String CONTENT="Press" HEIGHT="52" WIDTH="168" VPOS="3748" HPOS="376"/>
<SP HEIGHT="33" WIDTH="23" VPOS="3767" HPOS="545"/>
<String CONTENT="of" HEIGHT="53" WIDTH="65" VPOS="3747" HPOS="569"/>
<SP HEIGHT="55" WIDTH="20" VPOS="3747" HPOS="635"/>
<String CONTENT="Yon" HEIGHT="53" WIDTH="130" VPOS="3749" HPOS="656"/>
<SP HEIGHT="51" WIDTH="24" VPOS="3750" HPOS="787"/>
<String CONTENT="Boeckmann-Jones" HEIGHT="56" WIDTH="570" VPOS="3749" HPOS="812"/>
<SP HEIGHT="35" WIDTH="23" VPOS="3770" HPOS="1383"/>
<String CONTENT="co.," HEIGHT="51" WIDTH="99" VPOS="3769" HPOS="1407"/>
<SP HEIGHT="64" WIDTH="25" VPOS="3756" HPOS="1507"/>
<String CONTENT="1928." HEIGHT="52" WIDTH="149" VPOS="3754" HPOS="1533"/>
</TextLine>
<TextLine HEIGHT="54" WIDTH="1681" VPOS="3828" HPOS="142" CS="1">
<String CONTENT="vii" HEIGHT="38" WIDTH="67" VPOS="3828" HPOS="142"/>
<SP HEIGHT="48" WIDTH="26" VPOS="3828" HPOS="210"/>
<String LANG="la" CONTENT="p.," HEIGHT="37" WIDTH="57" VPOS="3839" HPOS="237"/>
<SP HEIGHT="46" WIDTH="28" VPOS="3829" HPOS="295"/>
<String LANG="la" CS="1" CONTENT="1"/>
<SP HEIGHT="38" WIDTH="30" VPOS="3829" HPOS="349"/>
<String CS="1" CONTENT="l.," HEIGHT="16" WIDTH="9" VPOS="3859" HPOS="416"/>
<SP HEIGHT="45" WIDTH="29" VPOS="3830" HPOS="426"/>
<String CONTENT="147" HEIGHT="39" WIDTH="85" VPOS="3830" HPOS="456"/>
<SP HEIGHT="47" WIDTH="25" VPOS="3830" HPOS="542"/>
<String CONTENT="p." HEIGHT="36" WIDTH="44" VPOS="3841" HPOS="568"/>
<SP HEIGHT="41" WIDTH="57" VPOS="3830" HPOS="613"/>
<String CS="1" CONTENT="front."/>
<SP HEIGHT="47" WIDTH="39" VPOS="3831" HPOS="822"/>
<String CONTENT="(port.)" HEIGHT="48" WIDTH="173" VPOS="3831" HPOS="862"/>
<SP HEIGHT="45" WIDTH="38" VPOS="3831" HPOS="1036"/>
<String CONTENT="illus." HEIGHT="41" WIDTH="129" VPOS="3832" HPOS="1075"/>
<SP HEIGHT="47" WIDTH="39" VPOS="3832" HPOS="1205"/>
<String CONTENT="(map)" HEIGHT="50" WIDTH="161" VPOS="3832" HPOS="1245"/>
<SP HEIGHT="49" WIDTH="38" VPOS="3833" HPOS="1407"/>
<String CONTENT="plates." HEIGHT="48" WIDTH="172" VPOS="3834" HPOS="1446"/>
<SP HEIGHT="40" WIDTH="58" VPOS="3835" HPOS="1619"/>
<String CS="1" CONTENT="23&#189;" HEIGHT="40" WIDTH="55" VPOS="3835" HPOS="1678"/>
<String STYLE="superscript" CS="1" CONTENT="&#7580;&#7504;"/>
<String CONTENT="." HEIGHT="9" WIDTH="8" VPOS="3869" HPOS="1815"/>
</TextLine>
<TextLine HEIGHT="51" WIDTH="1171" VPOS="3885" HPOS="141" STYLEREFS="StyleId-96C1AEF3-6678-4779-9C50-9B2CC88B8D59-" CS="1">
<String CONTENT="Thesis" HEIGHT="40" WIDTH="174" VPOS="3885" HPOS="141"/>
<SP HEIGHT="47" WIDTH="32" VPOS="3886" HPOS="316"/>
<String CS="1" CONTENT="(M."/>
<SP/>
<String CS="1" CONTENT="A.)&#8212;University" HEIGHT="48" WIDTH="347" VPOS="3887" HPOS="536"/>
<SP HEIGHT="36" WIDTH="22" VPOS="3899" HPOS="884"/>
<String CONTENT="of" HEIGHT="40" WIDTH="52" VPOS="3888" HPOS="907"/>
<SP HEIGHT="40" WIDTH="22" VPOS="3888" HPOS="960"/>
<String CONTENT="Texas," HEIGHT="47" WIDTH="173" VPOS="3889" HPOS="983"/>
<SP HEIGHT="46" WIDTH="24" VPOS="3890" HPOS="1157"/>
<String CONTENT="1927." HEIGHT="41" WIDTH="130" VPOS="3889" HPOS="1182"/>
</TextLine>
<TextLine HEIGHT="51" WIDTH="689" VPOS="3941" HPOS="143" STYLEREFS="StyleId-96C1AEF3-6678-4779-9C50-9B2CC88B8D59-" CS="1">
<String CS="1" CONTENT="Bibliography:" HEIGHT="50" WIDTH="350" VPOS="3941" HPOS="143"/>
<SP/>
<String CONTENT="p." HEIGHT="39" WIDTH="43" VPOS="3953" HPOS="546"/>
<SP HEIGHT="39" WIDTH="24" VPOS="3944" HPOS="590"/>
<String CONTENT="138-141." HEIGHT="41" WIDTH="217" VPOS="3943" HPOS="615"/>
</TextLine>
<TextLine HEIGHT="110" WIDTH="1981" VPOS="3995" HPOS="77" STYLEREFS="StyleId-96C1AEF3-6678-4779-9C50-9B2CC88B8D59-" CS="1">
<String CONTENT="&#169;" HEIGHT="52" WIDTH="52" VPOS="3995" HPOS="77"/>
<SP HEIGHT="52" WIDTH="25" VPOS="3995" HPOS="130"/>
<String CONTENT="May" HEIGHT="46" WIDTH="114" VPOS="4001" HPOS="156"/>
<SP HEIGHT="46" WIDTH="25" VPOS="4001" HPOS="271"/>
<String CONTENT="12," HEIGHT="45" WIDTH="68" VPOS="4001" HPOS="297"/>
<SP HEIGHT="45" WIDTH="27" VPOS="4001" HPOS="366"/>
<String CONTENT="1928;" HEIGHT="45" WIDTH="140" VPOS="4001" HPOS="394"/>
<SP HEIGHT="44" WIDTH="26" VPOS="4002" HPOS="535"/>
<String CONTENT="2c." HEIGHT="40" WIDTH="68" VPOS="4002" HPOS="562"/>
<SP HEIGHT="29" WIDTH="25" VPOS="4013" HPOS="631"/>
<String CONTENT="and" HEIGHT="39" WIDTH="94" VPOS="4003" HPOS="657"/>
<SP HEIGHT="40" WIDTH="28" VPOS="4003" HPOS="752"/>
<String CONTENT="aff." HEIGHT="41" WIDTH="83" VPOS="4002" HPOS="781"/>
<SP HEIGHT="38" WIDTH="28" VPOS="4005" HPOS="865"/>
<String CONTENT="May" HEIGHT="46" WIDTH="113" VPOS="4005" HPOS="894"/>
<SP HEIGHT="45" WIDTH="23" VPOS="4006" HPOS="1008"/>
<String CS="1" CONTENT="15;" HEIGHT="35" WIDTH="8" VPOS="4016" HPOS="1107"/>
<SP HEIGHT="46" WIDTH="29" VPOS="4005" HPOS="1116"/>
<!-- cceid 1FFF96E4-6CB2-1014-A20E-B9D6251C946A --><String CONTENT="A" HEIGHT="38" WIDTH="41" VPOS="4005" HPOS="1146"/>
<SP HEIGHT="39" WIDTH="25" VPOS="4005" HPOS="1188"/>
<String CONTENT="1077256;" HEIGHT="48" WIDTH="230" VPOS="4005" HPOS="1214"/>
<SP HEIGHT="45" WIDTH="31" VPOS="4008" HPOS="1445"/>
<String LANG="el" CONTENT="&#919;." HEIGHT="39" WIDTH="60" VPOS="4008" HPOS="1477"/>
<SP HEIGHT="39" WIDTH="26" VPOS="4008" HPOS="1538"/>
<String CONTENT="T." HEIGHT="41" WIDTH="52" VPOS="4008" HPOS="1565"/>
<SP HEIGHT="40" WIDTH="28" VPOS="4009" HPOS="1618"/>
<String CONTENT="Burton," HEIGHT="47" WIDTH="202" VPOS="4009" HPOS="1647"/>
<SP HEIGHT="48" WIDTH="30" VPOS="4008" HPOS="1850"/>
<String CONTENT="Clarendon," HEIGHT="97" WIDTH="1915" VPOS="4008" HPOS="143"/>
</TextLine>
<TextLine HEIGHT="50" WIDTH="470" VPOS="4057" HPOS="282" STYLEREFS="StyleId-96C1AEF3-6678-4779-9C50-9B2CC88B8D59-">
<String CONTENT="Tex." HEIGHT="40" WIDTH="115" VPOS="4057" HPOS="282"/>
<SP HEIGHT="49" WIDTH="73" VPOS="4057" HPOS="398"/>
<String CONTENT="(28-13114)" HEIGHT="50" WIDTH="280" VPOS="4057" HPOS="472"/>
</TextLine>
</TextBlock>
</PrintSpace>
</Page>
</Layout>
</alto>