2498 4384
1129 4103 68 54 749

224 521 764 49 4 p. l., 278 p. illus. 23½ᶜᵐ.
162 571 2000 56 © May 1, 1928; 2c. and aff. May 11; A 1074467; Cenacle of St. Regis in
230 636 83 40 the
344 638 131 37 state
506 635 52 39 of
589 635 118 39 New
740 634 142 40 York.
918 633 117 39 New
1068 632 144 40 York.
1285 630 280 48 (28-13137)

161 715 350 59 Robertson,
544 713 355 60 Alexander,
936 715 169 49 1846-

228 791 303 55 Mussolini
573 792 114 53 and
723 792 96 53 the
856 809 124 35 new
1018 790 186 68 Italy;
1247 789 144 53 head
1433 788 63 54 of
1535 788 95 53 the
1669 787 218 54 Italian
158 806 1985 132 government,

367 866 1799 71 duce of the fascisti, by Alexander Robertson … New
159 946 1834 71 York, Chicago [etc.] Fleming H. Revell company [ ᶜ19 28]
229 1028 944 50 156 p. front., plates, ports. 21 ᶜᵐ .
163 1084 52 52 ©
243 1089 114 47 Apr.
387 1089 69 41 21,
488 1088 138 42 1928;
658 1088 66 40 2c.
756 1087 95 40 and
881 1087 82 41 aff.
994 1088 114 46 May
1136 1088 54 44 4;
1221 1087 43 38 A
1292 1086 203 40 1077157;
1556 1085 221 47 Fleming
1807 1085 61 40 H.
1899 1086 167 38 Revell
2098 1095 67 30 co.

241 1144 282 49 (28-13119)

162 1225 319 60 Robinson,
513 1224 254 53 William
802 1224 222 62 Henry,
1061 1225 169 50 1867-

229 1303 202 54 Under
462 1302 288 68 turquoise
784 1301 175 67 skies;
995 1300 377 70 outstanding
1406 1300 252 53 features
1691 1300 63 53 of
1786 1300 96 53 the
1916 1304 159 64 story
2109 1299 63 53 of

164 1380 313 53 America’s
509 1379 324 56 Southwest
865 1380 152 52 from
1049 1380 95 53 the
1176 1380 142 68 days
1350 1378 64 53 of
1445 1380 95 52 the
1572 1378 225 54 ancient
161 1377 1986 135 cliff-dwellers

275 1456 1897 72 to modern times, by Will H. Robinson … New York, The
160 1537 336 54 Macmillan
521 1555 298 51 company,
847 1540 149 50 1928.

231 1619 95 46 xvi,
354 1620 86 39 538
465 1631 41 36 p.
534 1619 109 40 incl.
669 1619 163 43 front.,
861 1619 128 40 illus.
1050 1618 147 41 22½ᶜᵐ.

166 1673 52 52 ©
249 1679 114 46 May
391 1678 57 39 15,
491 1678 113 40 1928;
661 1677 67 41 2c.
759 1678 96 39 and
884 1676 82 41 aff.
998 1678 112 46 May
1140 1676 56 40 16;
1255 1676 41 39 A
1326 1676 204 41 1074538;
1589 1675 283 41 Macmillan
1903 1686 67 31 co.

244 1734 281 48 (28-13111)

166 1814 232 62 Rorem,
431 1814 278 53 Clarence
739 1813 216 53 Rufus.

234 1892 121 53 The
383 1892 198 53 bank’s
611 1892 246 69 English;
919 1911 30 33 a
979 1892 170 53 series
1178 1890 65 54 of
1269 1891 272 53 bulletins
1571 1910 72 34 on
1672 1910 151 35 some
1854 1892 316 67 important

164 1968 1980 149 aspects of bank correspondence, by C. Rufus Rorem … [Chicago,
359 2047 254 70 Chicago
650 2048 236 68 chapter
922 2047 65 53 of
1022 2048 94 53 the
1153 2047 309 53 American
1500 2047 262 54 institute
1800 2047 64 53 of
1898 2047 276 70 banking,

255 2130 84 63 ᶜ19 28]
232 2209 28 39 2
287 2220 42 37 p.
393 2240 9 14 l.,
430 2208 55 40 43
515 2219 43 37 p.
619 2208 115 41 19ᶜᵐ.

168 2261 52 52 ©
247 2266 110 41 Jan.
383 2266 29 38 2,
510 2265 55 40 1928;
620 2266 66 40 2c.
715 2267 95 38 and
837 2265 82 40 aff.
947 2267 114 45 May
1087 2266 54 38 14:
1198 2265 42 39 A
1267 2264 202 41 1074507;
1528 2265 209 48 Chicago
1766 2265 214 48 chapter,
236 2267 1919 96 American

377 2322 228 40 institute
637 2322 51 39 of
721 2322 225 48 banking.
1018 2321 282 48 (28-13097)

167 2404 172 61 Rose,
370 2403 211 53 Milton
613 2403 58 54 S.

235 2483 221 52 Poems,
484 2482 76 68 by
587 2482 213 52 Milton
832 2481 56 55 S.
922 2483 162 52 Rose.
1162 2484 213 50 Boston
1410 2483 112 52 and
1554 2483 138 52 New
1723 2483 181 66 York,
163 2484 1985 128 Houghton

291 2561 203 52 Mifflin
527 2579 298 50 company,
856 2563 150 50 1928.

235 2643 610 51 vi, [1], 67, [1] p. 20 ᶜᵐ .
171 2697 52 53 ©
254 2703 113 46 May
395 2703 69 46 11,
495 2702 140 46 1928;
667 2703 67 39 2c.
764 2703 93 38 and
888 2702 83 40 aff.
1001 2704 114 45 May
1144 2702 81 41 14;
1259 2702 40 38 A
1327 2702 230 46 1074483;
1592 2704 61 39 M.
1688 2703 44 40 S.
1764 2704 138 46 Rose,
1935 2703 239 41 Colorado

242 2759 215 49 Springs,
491 2759 98 40 Col.
662 2758 281 50 (28-12901)

173 2839 252 59 Russell,
458 2839 239 63 Sydney
728 2838 178 64 King.

238 2917 121 52 The
403 2916 210 70 golden
655 2935 182 49 snare,
880 2917 76 69 by
1002 2917 234 69 Sydney
1280 2917 163 70 King
1487 2918 243 53 Russell.
1811 2919 139 53 New
1997 2918 181 56 York,

166 2994 78 52 H.
266 2995 196 67 Vinal,
484 2995 242 68 limited,
752 2998 149 51 1928.

238 3076 697 49 xi p., 1 l., 88 p., 1 l. 21 ᶜᵐ .
173 3130 52 52 ©
254 3135 112 47 Apr.
395 3135 56 39 24,
494 3135 116 40 1928;
665 3136 66 41 2c.
761 3137 114 46 May
902 3137 51 45 5;
985 3135 82 41 aff.
1097 3138 113 46 May
1239 3137 81 45 11;
1351 3137 42 39 A
1421 3136 229 47 1077216;
1682 3138 189 40 Harold
1900 3138 144 39 Vinal,
2089 3140 86 40 ltd.

252 3192 281 47 (28-13015)

173 3272 277 61 Schmitt,
483 3273 119 53 Leo
633 3273 264 63 Francis,
932 3277 172 49 1891-

242 3351 1937 71 Grief; 18 years as a middle western country banker … by
172 3429 1981 148 Leo F. Schmitt … [Chicago, International printing & publishing co.,
635 3511 84 64 ᶜ19 28]
239 3591 1126 49 312 p., 1 l. front. (port.) 1 illus. 19½ᶜᵐ.
177 3643 52 53 ©
258 3648 113 48 Apr.
402 3648 69 47 19,
502 3648 116 41 1928;
673 3649 68 40 2c.
771 3650 95 39 and
896 3649 83 42 aff.
1008 3650 113 48 Apr.
1152 3650 58 40 25;
1268 3652 41 37 A
1337 3650 203 41 1074189;
1602 3651 50 40 L.
1685 3651 50 41 F.
1771 3651 220 42 Schmitt.
243 3653 1917 100 Bellevue,

412 3716 42 29 Ia.
528 3705 281 48 (28-13090)

177 3784 278 62 Seydlitz,
492 3786 185 52 Ernst
711 3785 306 54 Friedrich
1053 3804 131 45 von,
1221 3788 326 52 1784-1849.

248 3863 66 52 E.
355 3882 110 34 von
510 3863 407 66 Seydlitz’sche
956 3866 349 68 geographie
1345 3865 100 53 für
1484 3866 209 53 höhere
1734 3867 412 53 lehranstalten;

177 3941 2000 74 unter mitwirkung von K. Heck [u. a.] hrsg. von A. Rohrmann.
177 4020 257 68 Breslau,
467 4021 63 53 F.
563 4021 159 68 Hirt,
756 4021 149 54 1927.
