2498 4384
1045 4107 133 51 1831

199 529 1800 56 x. 95 p. 17 ᶜᵐ . (Half-title: The treasury of the faith series: 18)
96 589 1691 55 © Nov. 13, 1928; 2c. and aff. Nov. 14; A 608; Macmillan co.
171 651 282 50 (28-28692)

93 732 282 63 Fowlkes,
413 731 155 53 John
605 731 149 63 Guy.

162 814 120 51 The
341 813 237 52 modern
639 810 106 54 life
789 808 369 55 arithmetics.
1236 808 163 53 Book
1459 814 130 62 two,
1630 807 77 69 by
1749 806 156 55 John
1966 804 134 70 Guy

91 885 2010 67 Fowlkes … and Thomas Theodore Goff … New York, The
88 969 333 53 Macmillan
455 986 297 49 company,
790 969 149 51 1928.

163 1047 866 50 xvi, 402 p. illus., tables. 20 ᶜᵐ .
98 1103 51 52 ©
179 1108 118 39 Nov.
326 1108 38 42 7,
395 1105 142 46 1928;
569 1105 68 40 2c.
666 1105 95 39 and
793 1103 83 41 aff.
906 1104 120 41 Nov.
1100 1115 8 31 8;
1142 1104 40 38 A
1212 1104 143 45 1573;
1390 1102 282 40 Macmillan
1703 1113 68 29 co.

90 1185 269 63 Georgia.
435 1188 280 64 Supreme
749 1191 175 46 court.

161 1260 1940 72 Reports of cases decided … at the October term, 1927, and
92 1344 197 52 March
332 1350 163 51 term,
539 1345 148 49 1928.
763 1361 51 33 v.
859 1344 114 49 166.
1052 1340 239 55 Stevens
1331 1342 110 51 and
1484 1339 274 70 Graham,
1797 1344 303 63 reporters.

90 1423 258 66 Atlanta,
382 1422 122 52 The
536 1418 285 56 Harrison
857 1437 298 55 company,
1191 1422 150 51 1928.

163 1502 573 49 xxviii, 974 p. 22½ ᶜᵐ .
100 1556 51 52 ©
177 1560 119 41 Nov.
321 1560 69 47 17,
418 1558 141 47 1928;
588 1558 69 41 2c.
683 1559 96 39 and
806 1558 81 41 aff.
915 1558 120 41 Nov.
1062 1557 82 48 19;
1174 1559 41 37 A
1242 1557 112 47 680;
1385 1557 142 41 State
1551 1557 53 41 of
1631 1556 222 49 Georgia,
1881 1557 221 41 Atlanta.

92 1639 243 64 Gerard,
370 1638 233 54 Louise.

162 1718 208 54 Winds
399 1718 65 53 of
493 1718 199 53 desire.
774 1717 390 67 [Instalments
1198 1720 47 65 1,
1276 1717 50 66 2]

179 1801 83 47 (In
291 1796 203 43 London
523 1795 207 53 People)

99 1852 1989 108 © 1c. Dec. 4, 11, 1928; A ad int. 12069, 12070; pubd. Oct. 7, 14; L. Gerard, London.
101 1994 223 58 Glazer,
356 1992 222 60 Simon,
614 1993 172 54 1878-

165 2072 121 52 The
321 2070 402 53 Bar-mitzvah
758 2070 208 68 pulpit.

1495 2083 250 62 דרשות
1303 2067 146 78 לבר
1051 2085 210 60 מצורו.

97 2068 1988 135 Sermonettes

267 2148 94 53 for
394 2149 402 52 Bar-mitzvah
828 2149 139 68 boys
1001 2148 114 53 and
1149 2149 208 65 others,
1391 2148 285 69 arranged
1711 2148 307 67 according
2049 2154 60 46 to

99 2225 2012 70 the sidroth of the Torah by Rabbi Simon Glazer … New
99 2305 179 68 York,
307 2306 124 52 The
461 2304 135 56 Star
623 2304 248 53 Hebrew
900 2304 149 53 book
1076 2323 79 34 co.
1235 2307 151 64 [ᶜ1928]

165 2388 598 50 3 p. l., 5-222 p. 20 ᶜᵐ .
107 2443 51 52 ©
186 2447 120 48 Aug.
333 2448 39 46 1,
400 2446 143 47 1928;
572 2447 67 39 2c.
668 2448 97 38 and
792 2445 82 42 aff.
906 2445 129 49 Sept.
1062 2446 84 47 28;
1176 2445 42 39 A
1245 2444 233 48 1053605;
1511 2445 113 41 Star
1653 2446 211 40 Hebrew
1891 2446 123 40 book
2042 2456 68 30 co.

185 2503 282 50 (28-28548)

105 2584 264 69 [Graves,
402 2583 248 55 Clotilde
681 2585 135 51 Inez
848 2585 177 63 Mary]
1078 2588 174 50 1863-

169 2664 121 52 The
321 2663 188 53 lovers
543 2662 65 53 of
637 2663 98 53 the
765 2662 430 68 market-place,
1226 2662 77 69 by
1338 2662 256 53 Richard
1629 2663 205 51 Dehan
1893 2663 196 67 [pseud.]

104 2743 231 65 Boston,
369 2741 196 67 Little,
600 2741 231 67 Brown,
867 2741 113 52 and
1015 2757 300 51 company,
1353 2743 150 49 1928.

171 2823 627 49 5 p. l., [3]-359 p. 20 ᶜᵐ .
111 2876 53 52 ©
194 2881 119 40 Nov.
344 2881 69 47 17,
445 2880 117 41 1928;
620 2881 68 40 2c.
720 2881 119 39 Nov.
871 2879 83 47 20;
989 2879 83 41 aff.
1103 2880 120 41 Nov.
1255 2880 84 46 21;
1373 2879 43 40 A
1446 2879 113 48 702;
1594 2880 164 47 Little,
1792 2881 192 45 Brown,
2019 2880 96 39 and

178 2947 251 39 company.
499 2936 282 49 (28-28677)

105 3018 151 63 Hall,
286 3016 217 54 Justus
530 3017 175 61 Otho,
738 3020 171 51 1870-

111 3093 1979 143 An outline of United States history, by J. O. Hall … Chicago,
293 3172 70 53 A.
394 3173 303 63 Flanagan
727 3190 299 46 company,
1057 3175 151 51 1928.

182 3252 624 50 1 p. l., [5]-202 p. 18 ᶜᵐ .
115 3307 51 52 ©
195 3312 120 40 Nov.
343 3311 39 48 6,
412 3310 141 47 1928;
584 3311 69 41 2c.
680 3311 120 41 Nov.
828 3311 83 48 10;
945 3311 83 42 aff.
1056 3313 121 40 Nov.
1207 3313 53 46 8;
1292 3313 42 38 A
1364 3313 141 47 1663;
1537 3313 55 40 A.
1625 3313 255 48 Flanagan
1909 3323 70 30 co.

186 3364 68 53 [©
281 3379 106 29 new
412 3367 245 50 material]
724 3368 281 49 (28-28393)

109 3433 225 64 Hardy,
367 3435 139 52 Mrs.
543 3433 278 54 Florence
856 3434 199 64 Emily
1095 3434 332 65 (Dugdale)

178 3510 122 53 The
357 3510 158 70 early
572 3511 106 53 life
735 3511 65 53 of
856 3513 250 53 Thomas
1161 3513 229 69 Hardy,
1451 3516 328 65 1840-1891,
1837 3513 284 69 compiled

110 3588 220 70 largely
381 3588 155 54 from
585 3595 439 65 contemporary
1070 3596 179 62 notes,
1298 3592 213 67 letters,
1562 3591 229 69 diaries,
1839 3593 109 52 and
110 3592 1987 143 biographical

435 3668 386 68 memoranda,
847 3687 60 34 as
932 3669 128 53 well
1086 3687 61 35 as
1173 3668 155 54 from
1352 3671 123 51 oral
1501 3670 381 53 information
1911 3671 56 51 in
112 3689 1986 109 conversations

477 3746 312 69 extending
838 3766 134 34 over
1021 3765 174 51 many
1245 3766 181 50 years,
1473 3748 77 69 by
1599 3749 275 53 Florence
1925 3749 198 69 Emily

112 3821 223 71 Hardy.
412 3823 137 53 New
588 3823 180 68 York,
804 3825 121 53 The
959 3824 337 54 Macmillan
1332 3844 299 51 company,
1669 3830 151 50 1928.

181 3905 1649 50 xii, 327 p. front., plates, ports., facsims. (1 fold.) 24½ ᶜᵐ .
119 3957 51 53 ©
196 3962 118 43 Nov.
338 3963 41 49 2,
405 3963 117 41 1928;
575 3963 69 42 2c.
670 3966 96 39 and
792 3963 84 43 aff.
902 3965 119 41 Nov.
1047 3965 26 41 3;
1130 3965 41 40 A
1194 3965 90 41 437;
1340 3966 233 41 Florence
1601 3967 161 48 Emily
1788 3967 186 48 Hardy,

190 3966 1916 103 Dorchester,
423 4020 193 49 Dorset,
646 4022 237 47 England.
952 4022 283 51 (28-28538)
