2498 4384
1284 4088 137 55 1774

379 505 1994 103 143 p., 1 l. front., plates. 17 ᶜᵐ . ( Lettered on cover: Stratford classics)
450 619 161 40 Blank
638 630 121 37 page
787 619 80 40 for
896 620 207 40 “Notes”
1129 621 52 39 at
1208 622 108 39 end.

386 672 53 52 ©
464 677 102 40 Oct.
589 677 69 47 25,
683 677 114 40 1928;
848 678 68 39 2c.
940 679 98 38 and
1060 677 83 41 aff.
1169 678 103 40 Oct.
1295 678 56 40 29;
1405 678 41 39 A
1468 678 114 48 439;
1608 679 161 48 Lyons
1794 680 36 41 &
1856 678 276 45 Carnahan.
2206 678 52 52 [©
2283 693 106 30 new

453 734 243 48 material]
768 734 281 49 (28-25648)

379 800 176 64 Snell,
588 801 292 53 Edmund.

379 878 1984 147 Kontrol, by Edmund Snell … Philadelphia, J. B. Lippincott company, 1928.
446 1039 87 40 306
560 1050 44 37 p.
659 1038 60 41 20
719 1042 45 21 ᶜᵐ
769 1072 8 9 .

382 1091 53 52 ©
464 1096 102 41 Oct.
592 1096 40 48 3,
661 1096 115 41 1928;
832 1097 68 40 2c.
928 1099 98 39 and
1053 1096 82 42 aff.
1164 1098 119 40 Nov.
1311 1098 27 40 8;
1394 1098 42 39 A
1463 1098 113 41 1563;
1635 1099 45 42 J.
1708 1100 55 40 B.
1791 1099 282 49 Lippincott
2100 1111 68 30 co.

460 1152 279 49 (28-25626)

373 1219 302 54 Southern
708 1219 215 54 Pacific
954 1236 84 38 co.

447 1296 1939 74 New Orleans, “the crescent city”, copyright … by Southern
373 1374 1240 69 Pacific lines … [New Orleans] ᶜ1928.
442 1458 57 40 40
538 1470 44 36 p.
642 1458 130 41 illus.
800 1458 50 48 (1
891 1459 111 47 col.)
1071 1459 118 41 23ᶜᵐ.

443 1517 115 46 Map
586 1526 60 30 on
675 1526 44 37 p.
747 1516 26 39 3
804 1515 53 40 of
884 1526 156 30 cover.

378 1568 53 52 ©
470 1572 103 41 Oct.
608 1572 70 47 20,
717 1572 141 46 1928;
898 1573 68 39 2c.
1004 1573 97 39 and
1138 1571 82 42 aff.
1261 1573 118 39 Nov.
1417 1574 54 46 7;
1511 1572 42 39 A
1589 1573 113 47 493;
1747 1573 243 42 Southern
2028 1575 179 40 Pacific
2246 1576 136 48 lines,

444 1630 118 39 New
594 1629 219 40 Orleans.
885 1629 281 48 (28-25743)

370 1695 305 62 Stedman,
709 1693 262 54 Thomas
1001 1694 287 64 Lathrop,
1325 1699 173 49 1853-

368 1771 1990 132 A practical medical dictionary … by Thomas Lathrop Stedman …
673 1850 1710 73 10th rev. ed. … New York, W. Wood and company,
371 1932 152 49 1928.

438 2011 1484 49 2 p. l., iii-xi, 1194 p. illus., XV pl. (part col.) 24½ᶜᵐ.
374 2065 53 52 ©
455 2070 119 47 Aug.
602 2070 68 46 15,
699 2069 114 39 1928;
868 2069 67 40 2c.
964 2068 103 40 Oct.
1093 2068 58 40 27;
1207 2067 84 42 aff.
1320 2068 103 41 Oct.
1450 2068 56 40 26;
1562 2068 42 39 A
1628 2069 86 39 411;
1762 2069 228 41 .William
2018 2072 153 39 Wood
2198 2072 36 40 &
2260 2084 68 29 co.

452 2126 281 49 (28-25676)

368 2193 277 63 Strange,
682 2191 273 54 Michael.

439 2271 256 55 Selected
743 2289 211 50 poems,
999 2270 77 69 by
1121 2270 251 53 Michael
1424 2269 263 71 Strange.
1780 2272 142 53 New
1971 2273 183 67 York,
362 2275 1994 143 Brentano’s,
599 2352 149 51 1928.

435 2431 1059 51 6 p. l., 3-150 p. front. (port.) 19½ᶜᵐ.
371 2488 53 52 ©
453 2492 118 39 Nov.
599 2492 40 46 1,
668 2490 141 47 1928;
839 2490 68 40 2c.
936 2491 118 40 Nov.
1082 2490 54 47 2;
1168 2489 83 42 aff.
1280 2490 120 40 Nov.
1429 2490 53 47 3;
1513 2490 42 39 A
1583 2490 142 48 1435;
1757 2491 307 50 Brentano’s,
2094 2492 91 41 inc.

449 2547 280 50 (28-25645)

363 2613 381 65 Symposium
817 2629 74 36 on
964 2611 205 55 colloid
1244 2611 348 65 chemistry.
1716 2614 118 68 6th,
1910 2614 334 70 University
2314 2615 65 70 of

435 2695 273 67 Toronto,
742 2695 150 51 1928.

437 2770 227 56 Colloid
714 2770 354 69 symposium
1116 2769 391 69 monograph;
1559 2788 209 50 papers
1818 2772 302 67 presented
2171 2777 60 49 at
2279 2774 96 52 the

364 2850 155 52 sixth
550 2848 371 70 Symposium
947 2866 72 34 on
1047 2848 211 53 colloid
1285 2848 327 69 chemistry,
1640 2849 341 69 University
2009 2849 66 53 of
2104 2851 273 68 Toronto,

362 2925 2013 72 June, 1928, edited by Harry Boyer Weiser … New York,
363 3005 165 53 Book
560 3006 381 67 department,
975 3005 122 51 The
1132 3003 294 55 Chemical
1460 3005 226 68 catalog
1721 3022 299 52 company,
2057 3005 128 69 inc.,
2223 3009 150 52 1928.

430 3088 87 40 346
543 3099 44 37 p.
643 3087 146 48 illus.,
817 3087 182 48 diagrs.
1054 3087 117 40 24ᶜᵐ.

430 3145 229 39 Lettered
686 3155 61 29 on
774 3154 140 30 cover;
973 3144 93 40 vol.
1147 3175 9 10 VI.

366 3197 53 52 ©
446 3202 119 40 Nov.
594 3202 44 46 1;
662 3200 116 41 1928;
833 3200 69 40 2c.
931 3201 97 39 and
1056 3199 83 41 aff.
1168 3201 120 39 Nov.
1316 3200 27 39 2;
1402 3199 40 40 A
1470 3200 84 40 371;
1616 3199 245 42 Chemical
1891 3201 195 48 catalog
2114 3212 82 37 co.,
2226 3201 91 41 inc.

443 3257 281 50 (28-25694)

356 3322 234 64 Taylor,
621 3322 354 64 Katharine,
1012 3327 171 49 1888-

428 3404 121 51 The
582 3401 201 70 Shady
810 3402 106 52 hill
949 3402 140 68 play
1115 3401 167 67 book,
1312 3401 77 69 by
1419 3401 327 53 Katharine
1775 3401 216 69 Taylor
2021 3402 115 52 and
2166 3402 206 69 Henry

358 3479 218 69 Copley
628 3479 248 67 Greene;
929 3479 329 53 illustrated
1309 3479 75 69 by
1435 3480 229 52 Harold
1715 3480 68 52 R.
1839 3478 297 55 Shurtleff.
2231 3480 139 52 New

355 3558 183 66 York,
563 3558 121 52 The
711 3558 337 52 Macmillan
1075 3575 301 51 company,
1404 3559 151 50 1928.

427 3638 1143 50 xxvi p., 1 l., 168 p. illus., diagrs. 20½ᶜᵐ.
426 3696 235 41 Contains
690 3695 169 41 music.

425 3754 42 39 A
507 3753 255 40 collection
801 3753 53 40 of
894 3754 140 47 plays
1075 3753 246 48 produced
1362 3753 62 47 by
1466 3753 82 40 the
1589 3751 220 42 children
1852 3752 52 40 of
1946 3753 81 39 the
2073 3752 164 48 Shady
2278 3751 85 40 hill

355 3811 178 46 school,
579 3810 304 47 Cambridge,
930 3811 148 39 Mass.
1152 3809 122 40 Part
1317 3808 53 42 of
1410 3809 83 40 the
1536 3809 140 47 plays
1720 3819 84 30 are
1847 3808 195 48 printed
2086 3808 121 40 with
2251 3808 114 40 both

353 3867 204 48 English
589 3866 96 40 and
716 3866 188 40 French
935 3867 145 39 texts.

425 3923 350 40 “References”
805 3925 51 38 at
884 3923 93 39 end
1005 3923 53 39 of
1084 3923 120 39 each
1230 3923 130 47 play.

359 3976 53 53 ©
444 3980 102 41 Oct.
575 3980 57 41 30,
674 3980 115 41 1928;
846 3980 68 41 2c.
944 3981 96 39 and
1071 3979 82 43 aff.
1185 3980 103 41 Oct.
1318 3980 83 46 31;
1434 3979 42 40 A
1503 3979 113 48 348;
1649 3978 284 42 Macmillan
1963 3990 68 31 co.

436 4038 280 48 (28-25646)
