2498 4384
1317 4060 134 49 1190

375 415 283 60 Hanmer,
692 412 114 52 Lee
841 411 283 53 Franklin,
1182 410 171 55 1871-

447 490 205 53 Public
682 489 343 67 recreation;
1059 508 31 34 a
1120 490 174 69 study
1325 489 65 53 of
1419 488 193 69 parks,
1642 489 395 69 playgrounds
2070 490 113 52 and
2217 490 162 53 other

377 567 1977 131 outdoor recreation facilities … by Lee F. Hanmer … in collaboration
751 646 141 52 with
942 646 250 52 Thomas
1241 645 237 67 Adams,
1528 644 313 54 Frederick
1889 646 91 54 W.
2031 645 207 68 Loede,
2289 646 92 69 jr.,

379 723 238 55 Charles
650 723 55 54 J.
740 723 223 69 Storey,
997 723 200 53 Frank
1230 724 68 51 B.
1330 723 308 54 Williams.
1707 723 140 54 New
1882 723 182 68 York,
2098 723 282 70 Regional

378 802 139 69 plan
544 801 65 54 of
637 802 138 53 New
805 802 164 53 York
996 802 115 53 and
1138 802 74 52 its
1240 801 284 69 environs,
1555 805 153 51 1928.

379 883 2002 99 256 p. front., illus. (incl. plans) maps (1 fold.) diagrs. 28½ ᶜᵐ . (Half-title:
535 941 236 47 Regional
798 951 176 36 survey
1002 940 52 40 of
1078 941 118 39 New
1222 941 132 39 York
1381 942 96 39 and
1505 940 67 41 its
1597 941 242 48 environs,
1865 942 94 39 vol.
1984 940 53 48 v)

451 997 1930 48 “The data in this volume … represent a summary of some fourteen
379 1054 2003 50 studies … each of which has been reported upon separately, in more
379 1112 166 47 detail,
575 1115 49 37 to
652 1113 83 38 the
761 1112 132 39 office
919 1110 51 41 of
998 1112 82 39 the
1109 1110 509 43 Plan.”—Foreword.

451 1169 248 40 “Selected
726 1167 367 49 bibliography”
1112 1179 9 29 :
1150 1179 45 37 p.
1220 1168 222 43 243-247.

452 1225 1929 51 “Text reference notes for chapter XVI [Law of land under water]”:
378 1295 44 37 p.
449 1283 220 41 228-235.

381 1336 52 53 ©
458 1342 116 46 July
596 1341 70 48 18,
692 1340 140 47 1928;
858 1340 68 41 2c.
952 1341 96 39 and
1074 1339 82 41 aff.
1183 1340 117 47 July
1324 1340 82 47 31;
1434 1340 41 39 A
1500 1339 230 48 1083472;
1761 1340 291 42 Committee
2076 1353 61 29 on
2162 1341 218 48 regional

449 1399 115 46 plan
590 1397 50 40 of
664 1398 117 39 New
806 1397 132 39 York
964 1400 96 38 and
1086 1396 66 41 its
1177 1396 242 49 environs,
1446 1397 119 40 New
1591 1397 144 42 York.
1802 1398 283 50 (28-19540)

375 1477 363 64 Hardeman,
768 1478 73 51 N.
1128 1478 66 53 B.

451 1555 385 53 Hardeman’s
866 1556 324 52 tabernacle
1220 1574 267 34 sermons,
1559 1575 51 33 v.
1643 1558 47 49 3.
1757 1554 58 53 A
1847 1556 170 53 series
2048 1555 66 54 of
379 1560 2005 126 twenty-one

525 1652 251 34 sermons
816 1634 288 61 delivered
1145 1634 63 52 in
1248 1634 98 52 the
1385 1634 227 67 Ryman
1656 1633 369 68 auditorium,
2068 1632 316 70 Nashville,

380 1710 1939 71 Tenn., March 18 to April 1, 1928, by N. B. Hardeman …
377 1791 317 61 Nashville,
724 1792 195 58 Tenn.,
947 1789 339 63 McQuiddy
1314 1790 265 62 printing
1607 1808 298 44 company,
1937 1793 151 50 1928.

449 1874 85 39 251
571 1884 43 37 p.
674 1874 172 47 plates.
905 1873 147 40 23½ᶜᵐ.

381 1926 52 52 ©
464 1931 116 46 July
606 1930 70 47 24,
706 1929 140 45 1928;
877 1930 68 39 2c.
975 1930 116 47 July
1119 1928 83 48 30;
1235 1928 82 41 aff.
1347 1929 116 48 July
1491 1930 83 47 28;
1604 1930 42 38 A
1674 1929 230 47 1082901;
1939 1929 176 49 Gospel
2145 1930 235 41 advocate

452 1997 82 38 co.,
564 1986 267 48 Nashville,
862 1986 149 40 Tenn.

376 2053 335 62 Harraden,
742 2051 292 63 Beatrice,
1071 2055 173 48 1864-

447 2129 1937 70 Search will find it out, by Beatrice Harraden … London,
373 2207 162 55 Mills
562 2211 47 50 &
637 2209 162 51 Boon
828 2208 224 52 limited
1088 2210 173 65 [1928]

442 2291 601 49 2 p. l. , 7-254 p. 20 ᶜᵐ .
384 2345 1459 53 © 1c. July 16, 1928; A ad int. 11411; pubd. May 18;
1875 2349 54 39 B.
1958 2348 276 49 Harraden,
451 2352 1916 95 London.
630 2404 281 51 (28-18286)

378 2472 307 63 Hawkins,
719 2471 328 53 Richmond
1080 2470 242 64 Laurin,
1359 2472 83 53 ed.

458 2550 330 67 [Exercises,
823 2550 75 68 by
935 2549 323 53 Richmond
1295 2550 219 52 Laurin
1550 2549 300 69 Hawkins,
1886 2551 62 51 in
1981 2551 100 52 the

2113 2551 147 53 book
382 2571 1979 124 entitled]
609 2628 274 53 Tartarin
920 2629 67 51 de
1023 2629 307 69 Tarascon,
1368 2646 105 49 par

380 2627 1983 148 Alphonse Daudet … Boston, New York [etc.] D.
1173 2705 978 71 C. Heath and company [ ᶜ192 8]
450 2787 1089 50 vii, 184 p. front. (port.) plates. 17 ᶜᵐ .
385 2842 53 52 ©
467 2847 115 46 July
610 2846 69 46 30,
708 2845 142 46 1928;
878 2845 69 40 2c.
975 2844 121 48 Aug.
1123 2845 54 45 4;
1209 2844 84 42 aff.
1321 2845 121 48 Aug.
1471 2845 53 47 3;
1555 2845 42 39 A
1623 2845 232 48 1083487;
1888 2846 58 41 D.
1976 2846 49 41 C.
2056 2847 165 40 Heath
2251 2848 36 40 &
2316 2860 67 30 co.

380 2913 154 62 Hay,
568 2911 338 52 Alexander
939 2911 278 61 Rattray.

454 2991 121 52 The
598 2989 244 53 Indians
867 2987 64 54 of
957 2987 182 55 South
1163 2987 268 54 America
1459 2989 112 52 and
1596 2989 97 52 the
1717 2990 214 67 gospel,
1955 2989 78 69 by
2058 2992 138 52 Rev.
2222 2990 164 54 Alex.

381 3065 2007 72 Rattray Hay … with foreword by P. W. Philpott … New
381 3145 1635 70 York, Chicago, Fleming H. Revell company [ ᶜ192 8]
448 3228 1230 50 3 p. l., 5-167 p. front., plates, ports. 19½ ᶜᵐ .
449 3287 40 39 A
514 3285 299 49 description
836 3285 51 39 of
912 3285 83 40 the
1019 3294 230 29 manners
1272 3285 96 38 and
1394 3287 214 37 customs
1633 3284 52 40 of
1709 3286 83 39 the
1817 3284 218 48 Indians,
2063 3286 321 48 particularly

378 3345 82 40 the
487 3343 186 40 Tereno
700 3341 217 46 Indians,
944 3341 93 39 and
1066 3351 61 29 an
1152 3339 317 49 explanation
1497 3340 52 40 of
1574 3342 82 38 the
1681 3341 135 40 work
1840 3340 52 41 of
1917 3342 82 39 the
2026 3341 173 40 Inland
2231 3341 150 42 South

377 3399 224 41 America
631 3397 294 48 missionary
954 3396 148 41 union
1131 3406 176 38 among
1335 3397 135 40 these
1501 3396 217 42 Indians.

385 3452 53 52 ©
465 3456 116 46 July
604 3455 70 47 28,
702 3454 140 47 1928;
870 3454 68 40 2c.
965 3454 95 39 and
1087 3452 81 40 aff.
1194 3452 122 48 Aug.
1342 3452 82 46 15;
1453 3452 41 39 A
1520 3452 230 48 1083740;
1781 3453 221 49 Fleming
2028 3454 61 40 H.
2118 3454 168 40 Revell
2314 3465 67 29 co.

467 3511 280 49 (28-19795)

383 3576 411 64 Hemingway,
826 3575 238 54 Wilfrid
1098 3574 252 53 Hubert.

384 3653 1980 132 The National financial statement interpreter. “Reference index” …
719 3731 136 67 [San
897 3731 324 67 Francisco,
1266 3729 196 68 Calif.,
1504 3731 123 52 The
1667 3732 220 51 Beaver
1931 3731 267 70 printing
376 3750 1985 129 company,
582 3809 125 69 inc.,
742 3812 151 64 1928]

455 3891 640 48 Various pagings. 24 ᶜᵐ .
389 3944 52 53 ©
475 3949 126 41 June
632 3947 70 49 20,
736 3947 140 43 1928;
912 3948 67 42 2c.
1013 3948 120 48 Aug.
1167 3949 52 45 7;
1256 3947 83 41 aff.
1372 3947 120 48 Aug.
1525 3947 52 47 6;
1614 3948 40 39 A
1687 3947 229 48 1083891;
1953 3948 72 41 W.
2060 3948 61 41 H.
455 3947 1910 106 Hemingway,

611 4005 97 40 San
738 4005 274 41 Francisco.
