2498 4384
1067 4102 102 54 753

108 442 188 62 Allen,
331 441 238 62 Gladys.

179 521 160 67 Peggy
414 519 159 53 takes
605 538 30 33 a
671 519 173 67 hand,
877 518 75 69 by
987 517 220 68 Gladys
1241 517 190 65 Allen,
1467 515 325 53 illustrated
1826 515 76 69 by
1935 514 69 56 G.
2040 516 69 51 B.

112 596 182 55 Cutts.
373 596 233 55 Garden
650 596 153 69 City,
846 597 70 51 N.
963 596 90 66 Y.,
1095 595 359 67 Doubleday,
1497 594 199 52 Doran
1740 595 46 51 &
1829 611 282 51 company

109 675 126 68 inc.,
261 678 151 50 1928.

177 756 777 49 4 p. l., 226 p. col. front. 21½ ᶜᵐ.
112 826 52 51 ©
194 831 112 46 Apr.
336 829 69 43 20,
436 829 84 40 1928
569 841 7 29 :
609 830 68 40 2c.
708 831 94 37 and
834 829 82 40 aff.
948 830 114 46 May
1092 829 83 45 21;
1207 828 41 39 A
1279 827 229 46 1074626;
1543 827 299 47 Doubleday,
1876 827 165 39 Doran
2074 827 36 40 &

180 897 80 36 co.,
293 886 90 40 inc.
455 886 280 48 (28-13297)

108 993 318 54 American
455 995 358 52 association
841 994 63 52 of
931 992 258 64 hospital
1218 992 178 54 social
1424 992 282 52 workers.

236 1070 1874 55 … Medical social case records submitted in the 1927 case
105 1150 370 66 competition
526 1150 63 51 of
637 1150 97 52 the
781 1148 307 53 American
1138 1149 338 53 association
1526 1147 64 53 of
1638 1147 251 69 hospital
1937 1147 175 53 social

105 1224 1945 72 workers; introduction by Sophonisba P. Breckinridge …
107 1304 271 70 Chicago,
415 1306 113 57 Ill.,
565 1305 121 52 The
722 1304 338 69 University
1098 1303 64 54 of
1199 1304 254 69 Chicago
1489 1322 157 50 press
1688 1306 172 65 [1928]

174 1387 1475 50 xi. 176 p. 22½ ᶜᵐ. (Social service monograph, no. 3)
112 1456 52 51 ©
194 1460 109 39 Jan.
332 1460 68 42 31,
433 1459 140 42 1928;
604 1459 67 40 2c.
702 1459 113 46 May
844 1459 52 44 7;
930 1457 81 41 aff.
1043 1459 113 46 May
1186 1458 54 45 4;
1273 1458 43 39 A
1344 1457 229 43 1074361;
1608 1458 282 48 University
1921 1458 51 40 of
181 1458 1911 105 Chicago,
346 1515 224 46 Chicago.
642 1514 281 49 (28-13289)

109 1623 317 52 American
458 1623 247 63 railway
735 1622 378 54 association.
1188 1622 358 53 Mechanical
1579 1622 264 53 division.

177 1700 113 55 Car
330 1701 271 53 builders’
641 1701 330 68 cyclopedia
1012 1700 64 52 of
1115 1701 309 52 American
1465 1700 276 68 practice;
1786 1699 329 54 definitions

106 1780 113 51 and
257 1778 219 69 typical
515 1779 381 52 illustrations
935 1778 63 52 of
1036 1797 139 48 cars,
1212 1778 154 53 their
1404 1783 160 63 parts
1602 1779 113 52 and
1754 1778 356 68 equipment;

106 1857 378 68 descriptions
519 1857 113 52 and
668 1857 382 52 illustrations
1085 1856 63 53 of
1182 1857 173 67 shops
1391 1857 113 52 and
1539 1857 145 52 tools
1720 1857 298 68 employed
2055 1857 59 52 in

105 1935 150 52 their
282 1935 387 53 construction
698 1935 112 52 and
840 1934 220 68 repair:
1090 1953 123 34 cars
1240 1934 150 53 built
1417 1934 60 52 in
1504 1934 267 53 America
1799 1934 94 53 for
106 1935 1984 130 industrial
289 2013 327 68 operations
662 2013 113 52 and
823 2012 94 52 for
963 2011 228 70 foreign
1238 2012 299 53 railroads.
1623 2013 129 52 12th
1800 2014 313 51 ed.—1928.

107 2090 301 69 Compiled
446 2091 112 52 and
594 2090 187 53 edited
823 2089 94 54 for
950 2090 96 52 the
1083 2089 307 53 American
1427 2089 241 70 railway
1705 2091 410 52 association—

105 2168 2008 148 Mechanical division (formerly Master car builders’ association) editor, Roy V. Wright … managing editor, Robert C.
105 2324 2011 71 Augur … associate editor, H. P. Foster … New York, N. Y.,
115 2406 269 69 Chicago,
428 2407 94 51 Ill.
590 2411 120 60 [etc.]
762 2403 646 55 Simmons-Boardman
1454 2404 335 70 publishing
1834 2424 282 50 company

119 2487 192 65 [ ᶜ1 928]
187 2564 719 50 1288 p. illus., diagrs. 30 ᶜᵐ.
117 2634 52 52 ©
199 2639 112 47 Apr.
341 2639 68 39 17,
439 2637 114 40 1928;
611 2637 66 39 2c.
707 2636 113 48 Apr.
848 2636 56 38 24;
963 2635 82 41 aff.
1077 2637 114 46 May
1220 2635 56 40 19;
1336 2636 42 38 A
1406 2635 202 42 1077321;
187 2637 1910 97 Simmons-Boardman
331 2695 109 48 pub.
472 2705 67 29 co.
611 2694 280 48 (28-13282)

113 2789 249 62 Arendt,
396 2789 256 61 Morton,
691 2787 170 54 1877-

113 2865 1979 227 Storage batteries; theory, manufacture, care and application, by Morton Arendt … New York, D. Van Nostrand company, inc., 1928.
214 3102 1075 52 v, 285 p. illus., diagrs. 23½ ᶜᵐ. $4.50
119 3173 51 53 ©
199 3178 113 47 Apr.
339 3177 68 41 27,
437 3176 114 41 1928;
606 3177 67 39 2c.
702 3178 113 45 May
843 3176 80 41 16;
954 3175 82 41 aff.
1067 3177 112 46 May
1208 3176 81 40 17:
1320 3176 41 39 A
1388 3177 229 41 1077266;
1649 3178 55 40 D.
1735 3179 104 39 Van
1867 3180 248 42 Nostrand

187 3246 82 34 co.,
299 3235 91 39 inc.
462 3233 280 49 (28-13176)

116 3328 329 61 Arendzen,
478 3327 154 53 John
667 3327 194 62 Peter,
898 3325 169 54 1873-

191 3405 1864 68 Eternal punishment, by the Reverend J. P. Arendzen …
118 3485 259 66 London,
406 3486 209 65 Burns,
642 3483 173 55 Oates
842 3486 45 50 &
989 3484 319 52 Washbourne
1332 3485 103 52 ltd.
1469 3488 171 64 [1928]

187 3566 1922 51 v, 87 p. 16½ ᶜᵐ. (Half-title: The treasury of the faith series … XXXIII)
122 3635 52 52 ©
202 3641 66 38 1c.
297 3641 112 45 May
436 3639 69 40 26,
534 3638 140 41 1928;
704 3639 40 37 A
772 3639 61 38 ad
861 3637 86 41 int.
977 3637 169 46 11128;
1178 3638 144 47 pubd.
1351 3637 113 49 Apr.
1492 3639 53 45 2;
1577 3640 282 40 Macmillan
1888 3653 66 29 co.,
2000 3643 117 41 New

190 3697 144 39 York.
406 3695 281 48 (28-14265)

119 3788 614 62 Ashmead-Bartlett,
766 3787 163 63 Ellis,
965 3791 170 49 1881-

187 3869 120 51 The
375 3868 346 52 uncensored
789 3867 394 56 Dardanelles,
1252 3867 73 68 by
1394 3867 66 51 E.
1530 3867 591 65 Ashmead-Bartlett,

117 3945 1976 147 C. B. E.; with 25 illustrations and 2 maps. London, Hutchinson & co. ltd. [ ᶜ1 928]
