2498 4384
1079 4090 138 51 2091

145 420 233 63 Brown,
415 419 138 53 Lew
587 419 68 54 B.

212 499 57 53 A
308 498 87 54 bit
437 499 65 53 of
542 499 136 56 lace,
720 499 114 53 and
879 498 164 53 other
1083 513 211 53 poems,
1455 495 134 51 Lew
1634 495 66 52 B.
1746 495 231 51 Brown.
2073 491 83 57 St.

142 579 366 68 Petersburg,
535 579 144 64 Fla.,
705 577 121 53 The
854 577 224 66 author,
1107 577 152 51 1928.

211 659 507 50 2 p. l., 7-67 p. 21 ᶜᵐ.
147 727 52 53 ©
237 731 129 48 Sept.
400 731 70 47 25,
506 729 141 48 1928;
683 729 68 41 2c.
787 729 97 40 and
920 728 83 41 aff.
1041 728 129 48 Sept.
1205 727 84 47 28;
1328 726 41 40 A
1403 725 231 47 1054681;
1674 726 51 41 L.
1761 727 55 40 B.
1853 726 193 40 Brown.
2087 724 69 41 St.

213 787 310 50 Petersburg,
551 787 103 41 Fla.
720 785 223 51 (29-496)

142 898 233 62 Brown,
409 896 232 56 Sharon
674 895 285 63 Osborne,
992 895 84 54 ed.

216 970 1878 74 Poetry of our times, selected and edited by Sharon Brown …
147 1050 1916 71 Chicago, Atlanta [etc.] Scott, Foresman and company [ ᶜ19 28]
216 1133 478 50 1 p. l., 551 p. 20½ᶜᵐ.
145 1202 53 53 ©
226 1206 113 41 Dec.
367 1206 70 48 19,
465 1205 142 48 1928;
636 1205 68 41 2c.
732 1205 97 40 and
857 1204 83 41 aff.
968 1205 114 41 Dec.
1109 1204 84 48 22;
1222 1204 43 39 A
1292 1203 142 48 3300;
1469 1204 148 48 Scott,
1647 1204 267 40 Foresman
1943 1204 36 40 &
2006 1215 70 30 co.

223 1262 224 50 (29-490)

139 1370 262 64 Bullard,
435 1370 252 57 Arthur,
725 1370 173 56 1879-

210 1447 310 55 American
555 1449 329 68 diplomacy
917 1449 59 52 in
1011 1449 96 52 the
1140 1449 238 52 modern
1413 1448 201 56 world,
1646 1446 76 70 by
1757 1447 226 53 Arthur

140 1446 1995 149 Bullard,
330 1528 142 52 with
514 1546 32 34 a
591 1527 288 53 foreword
920 1527 77 68 by
1039 1527 229 53 Roland
1315 1526 57 55 S.
1416 1526 230 54 Morris.
1728 1524 432 71 Philadelphia,

138 1606 343 69 University
514 1605 67 54 of
613 1605 430 69 Pennsylvania
1079 1624 177 49 press,
1295 1608 151 51 1928.

211 1664 677 75 vi p., 1 l., [9]-127 p. 21½ ᶜᵐ.
211 1759 256 42 Half-title:
526 1760 102 40 The
659 1760 170 48 Henry
860 1760 217 40 Labarre
1109 1759 159 48 Jayne
1299 1759 311 41 foundation.

493 1854 60 5 CONTENTS.—
569 1831 339 40 Foreword.—
923 1830 224 41 America
1182 1832 96 39 and
1312 1830 82 41 the
1428 1841 107 30 new
1567 1829 593 50 diplomacy.—America

142 1888 96 40 and
272 1888 85 41 the
389 1888 340 49 organization
763 1888 52 41 of
847 1887 450 50 peace.—America
1334 1888 97 40 and
1465 1887 83 41 the
1583 1888 217 48 problem
1835 1887 52 41 of
138 1887 2003 100 disarmament.

145 2011 53 53 ©
232 2015 104 42 Oct.
367 2016 71 48 26,
470 2016 142 48 1928;
647 2017 69 41 2c.
750 2017 96 40 and
880 2016 83 42 aff.
995 2017 121 40 Nov.
1148 2016 85 47 20;
1267 2016 42 39 A
1342 2017 143 45 1771;
1522 2015 286 49 University
1842 2016 51 41 of
211 2016 1929 97 Pennsylvania
390 2083 152 38 press.
612 2073 282 49 (28-24597)

140 2182 260 64 Bunker,
439 2182 200 53 Frank
677 2183 231 65 Forest,
948 2184 173 55 1873-

140 2259 2021 152 … China and Japan, by Frank F. Bunker … 149 illustrations. Philadelphia, London & Chicago, J. B. Lippincott
140 2422 513 66 company [ ᶜ19 28]
211 2502 1494 51 viii p., 1 l., 253 p. illus. 20 ᶜᵐ. (Lands and peoples)
144 2569 53 53 ©
223 2575 119 42 Nov.
369 2575 40 43 8.
438 2575 116 41 1928;
609 2575 69 41 2c.
704 2578 97 40 and
829 2575 83 41 aff.
939 2576 114 40 Dec.
1080 2576 54 39 12;
1191 2574 43 41 A
1260 2575 115 41 2381;
1435 2575 44 42 J.
1507 2576 55 41 B.
1591 2575 280 49 Lippincott
1898 2587 68 31 co.

222 2631 225 51 (29-609)

139 2740 227 64 Butler,
404 2742 166 53 Ruth
608 2742 290 65 Lapham.

208 2821 219 54 Doctor
453 2821 304 64 Franklin,
784 2828 344 58 postmaster
1155 2825 251 67 general,
1430 2824 78 68 by
1535 2824 162 53 Ruth
1724 2823 265 69 Lapham
139 2825 1997 128 Butler.

314 2900 233 55 Garden
583 2901 153 62 City,
769 2902 69 53 Ν.
875 2902 91 58 Y.,
999 2901 361 71 Doubleday,
1392 2903 200 53 Doran
1625 2904 46 51 &
1702 2920 299 50 company,
2032 2903 128 55 inc.,

138 2981 151 51 1928.

211 3060 1941 52 vii p., 1 l., 200 p. 22½ ᶜᵐ. (Lettered on cover: Franklin monographs)
212 3131 163 41 “First
401 3131 230 43 edition.”

211 3189 381 49 Bibliography:
623 3201 44 38 p.
697 3189 219 43 189-196.

145 3254 52 54 ©
224 3261 119 41 Nov.
371 3261 71 49 30,
471 3262 116 41 1928;
643 3262 69 41 2c.
741 3264 96 39 and
865 3262 84 42 aff.
977 3263 113 41 Dec.
1119 3264 55 40 31;
1235 3264 42 39 A
1303 3264 117 40 2524;
1479 3264 301 48 Doubleday,
1811 3264 168 42 Doran
2009 3264 37 40 &
2076 3274 68 30 co.,

213 3317 91 42 inc.
371 3318 224 50 (29-584)

144 3426 286 66 Carbone,
464 3428 131 65 inc.,
626 3429 235 53 Boston.

211 3509 121 53 The
360 3508 241 54 interior
630 3513 119 50 arts
777 3509 64 54 of
868 3511 281 53 romantic
1175 3510 207 66 Italia;
1415 3531 31 33 a
1477 3511 403 68 compendium

1905 3511 67 55 of
139 3512 1997 128 decoration
376 3587 236 54 evolved
657 3585 155 56 from
856 3589 356 53 renaissance
1256 3589 170 55 villas
1469 3589 94 54 for
1606 3591 208 68 stately
1858 3588 302 72 dwellings

141 3662 2019 77 of the present day and age. 1st ed. … Compiled by the
140 3742 138 54 staff
318 3745 115 53 and
475 3743 305 69 published
826 3745 94 53 for
962 3765 31 34 a
1035 3745 179 55 wider
1257 3746 399 68 appreciation
1697 3748 65 53 of
1801 3748 97 53 the
1939 3747 218 54 Italian

140 3823 1658 73 styles … Boston, New York [etc.] Carbone, inc., 1928;
210 3903 56 40 32
301 3914 44 38 p.
405 3903 132 41 illus.
595 3903 148 41 30½ᶜᵐ.

146 3967 52 55 ©
225 3973 120 41 Nov.
371 3974 70 48 12,
470 3974 115 43 1928;
640 3975 69 41 2c.
737 3976 97 41 and
860 3975 84 43 aff.
971 3977 120 42 Nov.
1117 3975 59 42 30;
1230 3977 43 40 A
1299 3977 117 42 3258;
1474 3977 234 51 Carbone,
1737 3978 92 42 inc.

224 4030 223 49 (29-564)
