2498 4384
0 0 0 0 406
434 554 1177 49 xxxi, 401 p. front., illus. (incl. plans) 24 ᶜᵐ.
436 624 349 49 Bibliography:
845 637 41 35 p.
915 624 218 41 379-401.

366 677 52 53 ©
453 683 122 41 Mar.
608 683 40 47 2,
682 683 140 44 1928;
857 683 69 39 2c.
959 683 122 39 Mar.
1114 682 83 46 22;
1235 681 81 42 aff.
1352 683 121 40 Mar.
1507 681 84 47 20;
1626 682 42 38 A
1702 681 229 47 1069385;
1970 682 228 49 Charles.
434 682 1911 97 Scribner’s
590 750 125 30 sons.
787 739 250 48 (28-8477)

360 834 307 61 Emerson,
706 833 225 60 Edwin,
971 836 171 48 1869-

435 911 419 53 Incunabulum
914 910 490 53 incunabulorum.
1498 911 120 52 The
1677 909 333 70 Gutenberg
2070 911 165 52 Bible
2293 928 72 35 on

365 991 211 51 vellum
608 990 59 51 in
699 990 95 51 the
826 988 280 55 Vollbehr
1136 989 313 52 collection.
1527 989 94 52 An
1655 988 293 53 authentic
1981 994 159 64 story
2173 988 64 54 of
2269 989 94 53 the

365 1068 243 52 choicest
640 1067 146 52 book
818 1066 64 53 of
917 1066 405 54 Christendom
1353 1067 123 53 told
1510 1086 177 47 anew,
1717 1066 76 69 by
1827 1067 210 53 Edwin
2073 1067 282 54 Emerson

366 1146 138 52 New
532 1144 180 68 York,
738 1145 196 52 Tudor
959 1163 158 50 press
1258 1148 85 64 [ᶜ1928]

436 1226 1420 50 3 p. l., 9-54, [1] p. incl. front., illus., ports., tab. 22½ᶜᵐ.
439 1285 176 40 “Table
651 1284 51 40 of
737 1286 67 38 all
841 1284 80 41 the
956 1285 174 39 known
1169 1285 278 48 Gutenberg
1483 1286 163 40 Bibles
1684 1297 59 30 on
1779 1287 179 38 vellum
1997 1286 101 40 still
2137 1288 170 37 extant":

363 1353 43 38 p.
429 1344 56 48 [8]

369 1396 52 51 ©
458 1401 122 38 Mar.
614 1399 69 48 20,
720 1399 114 40 1928;
897 1399 67 41 2c.
1002 1401 123 39 Mar.
1160 1400 54 38 21;
1283 1399 81 41 aff.
1402 1401 123 40 Mar.
1560 1401 55 38 22;
1682 1401 42 38 A
1757 1400 205 40 1069404;
2028 1401 53 40 B.
2119 1401 247 40 Emerson.

437 1457 118 40 New
583 1456 144 40 York.
801 1456 251 49 (28-8335)

363 1550 247 61 Fantus,
645 1550 286 62 Bernard,
967 1550 169 53 1874-

435 1628 83 52 La
549 1628 216 52 tecnica
799 1629 67 51 de
899 1629 53 51 la
985 1628 379 67 medicacion;
1399 1647 193 34 reseña
1626 1631 67 51 de
1725 1630 83 51 los
1837 1629 256 52 métodos
2126 1629 68 52 de
366 1647 1979 110 recetar

491 1723 35 50 y
563 1724 293 48 preparar,
888 1724 38 51 y
961 1706 67 52 de
1064 1707 84 52 las
1182 1704 380 55 indicaciones
1596 1726 37 49 y
1668 1706 375 69 aplicaciones
2081 1707 67 53 de
2182 1708 188 51 varios

366 1783 1978 146 medicamentos, por el Dr. Bernard Fantus … Chicago, Imprenta
600 1861 1352 68 de la American medical association [ ᶜ19 28 ]
436 1944 637 49 2 p. l., [7]-284 p. 19 ᶜᵐ .
372 1996 52 52 ©
451 2002 122 39 Mar.
599 2000 38 48 8,
664 1999 114 41 1928;
831 2001 68 39 2c.
924 2001 122 40 Mar.
1073 2000 55 38 12;
1184 1999 83 42 aff.
1295 2001 121 40 Mar.
1444 2000 56 40 15;
1554 2001 42 38 A
1621 2000 203 41 1068327;
1880 2001 260 41 American
2166 2002 206 40 medical

441 2067 128 31 assn.
641 2056 251 49 (28-8505)

365 2150 247 53 Federal
649 2153 289 61 reporter.
1013 2150 224 54 Second
1275 2151 206 52 series.

444 2227 169 55 Cases
652 2230 214 67 argued
906 2230 112 51 and
1056 2230 353 52 determined
1448 2230 60 51 in
1547 2230 95 52 the
1683 2229 224 54 Circuit
1943 2236 189 48 courts
2173 2231 63 53 of
372 2250 1977 123 appeals

563 2307 112 51 and
709 2306 246 52 District
987 2313 188 46 courts
1209 2306 65 53 of
1306 2308 96 52 the
1436 2308 216 53 United
1691 2307 192 55 States
1915 2311 113 51 and
2063 2310 95 52 the
2195 2309 180 55 Court

371 2383 2002 151 of appeals of the District of Columbia, with key-number annotations … v. 22 (2d) December, 1927-February, 1928. St.
371 2540 167 66 Paul,
565 2540 161 54 West
754 2540 339 70 publishing
1120 2559 98 49 co.,
1251 2544 150 51 1928.

444 2621 901 50 xxvii, 1081 p. front. (map) 26½ᶜᵐ.
376 2674 52 51 ©
459 2679 122 39 Mar.
611 2679 68 46 23,
710 2678 114 40 1928;
882 2679 67 41 2c.
980 2680 114 47 Apr.
1124 2681 54 37 11;
1239 2680 83 40 aff.
1351 2681 114 47 Apr.
1496 2681 26 40 9;
1581 2683 42 38 A
1653 2682 202 41 1068877;
1916 2684 135 40 West
2082 2685 109 47 pub.
2223 2696 68 29 co.

370 2785 300 64 Fishbein,
707 2787 236 63 Morris,
981 2792 171 49 1889-
1333 2791 84 53 ed.

441 2865 1929 71 Why men fail, edited by Morris Fishbein … and William
373 2943 1899 74 A. White … New York, London, The Century co. [ᶜ1928 ]
444 3026 60 40 vi.
534 3026 85 40 344
646 3037 42 36 p.
750 3026 54 40 19½ᶜᵐ.
1012 3027 129 47 $2.00

446 3083 161 40 “First
635 3083 218 47 printing
879 3085 183 45 March,
1091 3085 158 41 1928.”

379 3136 52 51 ©
462 3141 123 39 Mar.
614 3141 70 46 23,
715 3140 114 41 1928;
887 3142 68 40 2c.
987 3143 95 39 and
1114 3142 80 42 aff.
1228 3145 123 39 Mar.
1381 3144 58 39 26;
1497 3145 42 38 A
1569 3145 203 41 1068577;
1835 3146 214 49 Century
2082 3158 66 30 co.

458 3196 250 48 (28-8539)

373 3290 233 62 Follett,
640 3291 269 54 Barbara
945 3293 286 63 Newhall,
1270 3298 171 49 1914-

446 3368 120 52 The
608 3386 218 51 voyage
866 3369 64 52 of
971 3370 95 53 the
1108 3371 257 53 Norman
1408 3373 89 60 D.,
1540 3392 60 34 as
1641 3375 122 51 told
1804 3374 77 69 by
1918 3375 97 53 the
2057 3376 321 70 cabin-boy,

377 3445 259 53 Barbara
668 3445 263 54 Newhall
964 3447 229 54 Follett.
1271 3449 139 53 New
1443 3449 180 68 York,
1655 3451 259 68 London,
1946 3452 70 53 A.
2049 3452 72 53 A.
2153 3453 226 69 Knopf,

377 3525 150 51 1928.

445 3605 742 51 vii, 255, [1] p. facsim. 20 ᶜᵐ.
448 3663 129 40 “The
603 3663 288 47 end-papers
918 3663 183 42 consist
1125 3665 54 40 of
1205 3675 28 30 a
1259 3665 257 41 document
1542 3665 49 41 in
1617 3668 116 40 code
1757 3668 121 40 with
1904 3669 159 41 which
2090 3671 82 39 the
2199 3672 178 40 author

377 3720 200 39 amused
607 3718 335 50 herself.”—p.
972 3732 42 28 v.

448 3775 229 41 Author’s
712 3776 147 40 letter
891 3778 49 38 to
974 3787 23 29 a
1036 3776 178 45 friend,
1248 3777 48 40 in
1332 3777 159 41 which
1523 3779 86 40 she
1643 3780 243 41 describes
1919 3782 87 39 her
2038 3781 110 41 first
2179 3793 196 37 voyage,

378 3842 24 29 a
443 3831 99 49 trip
577 3842 60 30 on
674 3841 27 30 a
740 3832 233 40 schooner
1010 3832 128 40 from
1175 3833 117 40 New
1331 3834 171 40 Haven
1541 3835 49 39 to
1627 3835 135 41 Nova
1802 3835 177 42 Scotia.
2039 3837 119 41 This
2194 3849 183 37 voyage

379 3898 100 30 was
516 3888 147 40 taken
700 3889 96 39 and
832 3889 66 39 its
934 3891 205 39 account
1177 3890 197 40 written
1410 3891 61 48 by
1509 3892 81 39 the
1626 3893 178 39 author
1841 3895 53 39 at
1929 3894 82 40 the
2047 3904 88 38 age
2173 3894 52 40 of
378 3894 1981 90 thirteen.
561 3943 62 47 cf.
659 3944 150 42 “Note
844 3945 61 47 by
940 3945 293 49 publisher”.

385 3996 52 52 ©
462 4002 121 39 Mar.
610 4001 68 48 16,
704 4001 117 40 1928;
872 4003 68 39 2c.
966 4003 121 40 Mar.
1114 4002 81 47 19;
1224 4002 82 42 aff.
1335 4004 120 40 Mar.
1481 4005 56 38 21;
1593 4005 40 38 A
1659 4005 228 48 1068437;
1916 4007 175 40 Alfred
2116 4008 54 40 A.
2197 4007 180 47 Knopf,

453 4057 89 40 inc.
614 4058 249 46 (28-8376)
