2498 4384
1331 4100 135 53 1074

366 457 420 65 Daingerfield,
823 457 265 54 Foxhall.

433 546 352 57 Wilderness
840 548 191 68 house,
1088 548 76 70 by
1219 544 250 57 Foxhall
1524 547 412 70 Daingerfield.
2011 548 140 52 New
2208 548 163 53 York

364 627 115 53 and
504 627 259 67 London,
789 627 73 53 D.
890 621 297 73 Appleton
1214 626 114 53 and
1357 644 297 51 company,
1684 629 150 50 1928.

434 709 578 51 3 p. l., 269, [1] p. 19½ ᶜᵐ.
377 776 52 53 ©
456 780 117 48 July
598 780 70 49 20,
696 780 115 41 1928;
866 781 68 41 2c.
961 781 96 40 and
1084 779 82 42 aff.
1192 779 119 49 July
1336 779 56 41 25;
1448 779 43 41 A
1516 778 230 50 1082673;
1777 780 58 41 D.
1863 780 242 50 Appleton
2132 781 37 41 &
2196 790 68 32 co.

454 838 282 49 (28-17811)

368 945 312 64 Diamond,
712 946 259 53 Herbert
1004 947 313 63 Maynard.

440 1038 268 70 Religion
754 1038 113 53 and
912 1038 97 53 the
1054 1038 432 67 commonweal;
1535 1057 73 34 an
1654 1038 251 69 analysis
1950 1038 64 53 of
2060 1038 97 54 the
2202 1038 172 55 social

366 1115 2008 71 economy of religion, by Herbert Maynard Diamond … New
368 1195 166 53 York
566 1196 114 52 and
714 1195 260 68 London,
1006 1195 236 69 Harper
1276 1197 45 50 &
1351 1194 279 69 brothers,
1667 1197 150 51 1928.

512 1277 413 50 xx, 305, [1] p. 21½ ᶜᵐ.
443 1345 189 45 “Serial
663 1347 354 50 publications”
1037 1359 9 28 :
1080 1359 44 38 p.
1157 1348 88 40 288;
1305 1347 351 49 Bibliography
1674 1358 9 29 :
1719 1359 45 38 p.
1794 1347 218 41 289-301.

380 1416 53 53 ©
463 1420 127 41 June
617 1420 69 48 15,
715 1419 117 41 1928;
885 1420 70 41 2c.
983 1419 129 40 June
1136 1419 55 40 15;
1251 1418 83 43 aff.
1362 1420 130 39 June
1518 1420 81 47 18;
1631 1419 42 39 A
1701 1418 205 41 1077837;
1962 1419 199 48 Harper
2187 1418 36 41 &
2250 1419 127 40 bros.

458 1475 281 51 (28-18011)

372 1584 375 65 Dougherty,
780 1585 177 63 Mary
985 1584 265 64 Lorette,
1286 1585 171 54 1874-

503 1674 1876 71 … A comparative study of nine group tests of intelligence
371 1754 97 54 for
497 1754 261 70 primary
787 1755 222 68 grades,
1039 1754 76 69 by
1143 1754 174 70 Mary
1345 1754 231 54 Lorette
1605 1754 359 69 Dougherty,
2082 1797 10 10 PH.
2160 1796 10 10 D.
369 1755 1987 146 Baltimore,
623 1833 121 53 The
773 1832 185 55 Johns
986 1832 273 69 Hopkins
1287 1850 174 51 press,
1492 1834 151 52 1928.

443 1917 82 48 vii,
566 1917 85 40 112
693 1928 44 37 p.
797 1916 180 48 diagrs.
1036 1916 148 41 24½ᶜᵐ.
1255 1915 126 48 (The
1421 1916 155 40 Johns
1613 1913 227 51 Hopkins
1880 1915 274 48 university
2192 1916 187 41 studies

371 1973 53 42 in
450 1973 273 48 education,
751 1984 76 31 no.
855 1972 81 48 10)

444 2043 265 41 Published
742 2044 104 39 also
882 2053 54 30 as
972 2042 153 41 thesis
1170 2042 109 48 (PH.
1348 2041 33 48 D.)
1425 2042 154 41 Johns
1614 2042 224 49 Hopkins
1873 2042 288 50 university,
2196 2044 129 41 1928.

444 2100 379 48 Bibliography:
854 2110 45 38 p.
927 2098 219 42 110-112.

385 2166 53 53 ©
469 2170 126 41 June
621 2170 71 48 29,
722 2170 141 46 1928;
893 2170 69 40 2c.
991 2170 97 39 and
1116 2169 84 43 aff.
1228 2170 117 47 July
1373 2170 54 47 3;
1458 2170 42 39 A
1528 2170 231 47 1083220;
1792 2171 154 40 Johns
1977 2171 224 48 Hopkins
2231 2182 150 37 press.

463 2226 281 50 (28-17808)

380 2336 153 65 Fite,
562 2335 257 55 William
852 2334 338 67 Benjamin,
1227 2340 173 49 1869-

446 2429 1875 70 New first course in algebra, by William Benjamin Fite …
379 2507 2006 69 and Frank J. McMackin … Boston, New York [etc.] D. C.
377 2586 874 68 Heath and company [ ᶜ1 928 ]
482 2666 722 51 v, 393 p. illus., diagrs. 19½ ᶜᵐ.
389 2735 53 53 ©
469 2741 117 46 July
609 2740 69 47 14,
704 2739 142 48 1928;
871 2740 69 39 2c.
966 2739 116 47 July
1104 2739 56 39 21;
1215 2738 85 42 aff.
1326 2739 116 48 July
1467 2739 82 47 19;
1577 2739 42 39 A
1643 2739 202 41 1083301;
1902 2740 58 42 D.
1987 2739 49 42 C.
2063 2740 166 40 Heath
2255 2744 38 40 &
2316 2750 68 31 co.

468 2795 281 51 (28-17992)

383 2904 205 64 Gaige,
620 2904 205 55 Grace.

456 2998 56 52 A
535 2998 97 68 log
656 2996 93 54 for
774 3015 92 35 sea
890 2998 114 52 and
1028 2998 138 52 land;
1222 3016 34 34 a
1281 2997 167 70 diary
1474 2997 96 54 for
1592 3015 114 51 you
1727 2998 166 53 when
1915 3016 114 52 you
2055 3016 73 52 go
2153 2997 231 69 abroad,

385 3076 77 69 by
500 3074 183 56 Grace
723 3074 200 71 Gaige.
999 3075 139 54 New
1180 3076 181 69 York,
1401 3076 259 69 London,
1700 3078 73 52 D.
1814 3076 299 69 Appleton
2153 3078 47 52 &
386 3095 1975 128 company,
590 3156 151 51 1928.

458 3235 663 50 xii p., 1 l. , 156, [1] p. 18½ ᶜᵐ.
460 3306 1787 51 “Contains many blank pages … for the traveler’s notes.”—Pref.
393 3374 53 53 ©
474 3379 116 47 July
616 3379 69 48 11,
712 3379 142 49 1928;
881 3381 69 40 2c.
976 3381 97 39 and
1098 3379 83 43 aff.
1207 3381 118 48 July
1352 3382 55 39 17;
1462 3381 43 40 A
1530 3381 231 48 1083230;
1791 3382 58 41 D.
1876 3383 241 47 Appleton
2145 3381 36 41 &
2207 3392 70 32 co.

471 3435 281 50 (28-17866)

388 3544 273 64 Georgia.
734 3545 279 68 Supreme
1050 3552 175 47 court.

463 3636 1925 70 Reports of cases … at the March and October terms, 1927.
434 3756 10 10 v.
477 3717 115 49 165.
660 3713 236 55 Stevens
925 3716 114 52 and
1068 3715 275 68 Graham,
1373 3722 300 62 reporters.
1739 3717 262 68 Atlanta,
2031 3719 122 51 The
393 3717 1974 127 Harrison
523 3810 297 51 company,
850 3795 150 50 1928.

462 3873 455 49 xxvii, 986 p. 22½ ᶜᵐ.
398 3939 52 53 ©
477 3944 126 39 June
628 3944 70 49 27,
725 3944 140 49 1928;
893 3946 68 42 2c.
988 3946 127 40 June
1140 3945 82 49 30;
1252 3946 83 42 aff.
1362 3947 121 49 Aug.
1510 3948 25 39 1;
1592 3947 41 41 A
1660 3947 230 50 1082316;
1922 3949 140 41 State
2086 3949 54 41 of
2167 3948 221 50 Georgia,

465 4001 216 41 Atlanta.
