2498 4384
1041 4143 102 48 293

103 548 140 52 with
277 548 234 68 leading
541 548 257 52 business
829 546 112 53 and
976 545 385 69 professional
1393 565 130 33 men
1556 546 66 53 of
1656 546 187 55 Cedar
1875 547 243 68 Rapids,

103 627 175 65 Iowa,
305 626 305 68 published
639 626 159 68 daily
826 625 60 52 in
912 625 97 52 the
1036 625 269 68 Evening
1332 630 223 63 gazette
1583 625 113 53 and
1725 625 99 52 the
1852 625 266 69 Evening

98 709 223 62 gazette
342 705 113 51 and
478 703 334 68 republican
836 701 153 54 from
1011 702 193 68 April,
1230 705 152 65 1926,
1404 708 58 47 to
1484 703 170 56 June,
1679 704 151 53 1927.
1929 703 188 55 [Cedar

101 782 240 69 Rapids,
409 802 68 47 Ia.,
508 782 124 53 The
662 781 193 69 Rapid
888 800 175 50 press,
1097 780 154 69 1927]

167 863 1104 51 4 p. l., 364. [2] p. illus. (ports.) 23½ ᶜᵐ .
103 931 51 52 ©
186 936 112 41 Dec.
328 937 68 42 11,
428 936 115 40 1927;
601 936 67 41 2c.
699 936 95 39 and
824 935 83 42 aff.
938 937 123 40 Mar.
1091 936 40 47 2,
1163 936 141 46 1928;
1339 936 40 39 A
1410 936 230 47 1068088;
1676 938 54 40 R.
1762 938 61 40 H.
1856 937 259 49 Clements,

172 993 158 40 Cedar
361 993 200 48 Rapids,
622 1004 42 31 Ia.
735 992 253 50 (28-6972)

96 1117 225 62 Colton,
357 1116 201 53 Ethan
590 1116 323 63 Theodore,
950 1115 172 55 1872-

165 1195 125 53 Her
323 1195 240 53 father’s
593 1194 243 69 tribute;
872 1214 32 34 a
934 1195 300 53 memorial
1263 1196 65 53 of
1359 1196 304 54 Elizabeth
1697 1196 258 56 Graham

98 1198 1994 143 Colton,
237 1275 75 69 by
337 1275 67 53 E.
431 1275 66 52 T.
523 1273 225 69 Colton,
772 1274 143 53 with
938 1274 396 54 introduction
1358 1276 76 68 by
1457 1276 157 54 John
1638 1276 69 53 R.
1731 1276 169 53 Mott.
1978 1278 137 53 New

100 1353 177 68 York,
308 1352 254 70 Chicago
616 1358 121 62 [etc.]
774 1353 269 69 Fleming
1070 1354 79 53 H.
1178 1354 202 53 Revell
1410 1373 284 50 company
1770 1358 151 65 [ᶜ1928]

165 1436 1004 49 2 p. l., 3-52 p. front. (port.) 18½ ᶜᵐ .
100 1505 51 52 ©
183 1509 110 39 Feb.
383 1540 7 16 18,
421 1507 141 43 1928;
593 1507 68 42 2c.
691 1508 95 39 and
816 1507 83 41 aff.
930 1509 123 40 Mar.
1082 1508 53 46 6;
1167 1509 41 38 A
1238 1508 198 40 1069121;
1503 1508 221 49 Fleming
1755 1510 60 40 H.
1847 1509 166 40 Revell
2047 1521 68 32 co.

177 1565 254 50 (28-6975)

92 1688 342 54 Commerce
466 1687 263 64 clearing
760 1686 205 55 house.

167 1768 133 50 1928
346 1765 353 53 everyman’s
745 1765 221 54 income
1009 1771 129 62 tax;
1187 1765 384 54 information
1617 1785 170 50 every
1833 1773 284 64 taxpayer

91 1844 208 53 should
338 1845 147 52 have
525 1844 60 52 in
627 1843 319 70 preparing
985 1848 99 49 tax
1127 1850 257 61 returns;
1428 1844 142 53 with
1612 1863 73 34 an
1727 1844 173 54 index
1942 1846 172 54 based

92 1940 74 35 on
201 1922 268 53 Revenue
505 1927 92 48 act
632 1920 65 55 of
735 1924 136 51 1926
905 1921 115 54 and
1055 1940 125 35 new
1216 1922 372 69 regulations.
1662 1922 274 71 Chicago,
1973 1925 139 53 New

102 2000 155 54 York
312 2005 122 62 [etc.]
476 1999 327 55 Commerce
836 2000 257 70 clearing
1123 2001 175 53 house
1379 2003 153 66 [ᶜ1928]

160 2083 785 50 cover-title, 24 p. 23½ × 91 ᶜᵐ .
97 2151 52 52 ©
186 2156 112 40 Feb.
334 2155 69 47 10,
441 2154 141 47 1928;
619 2154 68 41 2c.
724 2155 97 38 and
857 2153 83 42 aff.
979 2155 122 40 Mar.
1138 2155 53 46 5;
1230 2155 43 39 A
1309 2154 231 49 1068125;
1581 2156 278 43 Commerce
165 2158 1947 102 clearinghouse,
362 2212 91 41 inc.
528 2211 253 49 (28-7158)

164 2323 135 50 1928
343 2320 220 55 United
611 2319 190 57 States
844 2320 220 54 income
1108 2322 115 52 and
1269 2340 119 34 war
1430 2327 101 48 tax
1573 2322 202 70 guide;
1823 2323 173 54 based
2039 2342 74 35 on

91 2401 266 52 Revenue
400 2405 92 48 act
533 2399 65 53 of
642 2402 136 50 1926
818 2401 115 52 and
975 2400 374 70 regulations,
1391 2400 242 71 rulings,
1676 2403 115 53 and
1832 2403 283 55 decisions

94 2479 178 53 under
314 2484 231 63 present
584 2479 115 52 and
740 2478 163 69 prior
942 2478 158 65 laws,
1139 2497 79 51 up
1259 2484 60 48 to
1364 2482 152 51 1928.
1593 2481 296 69 Prepared
1931 2482 183 54 under

89 2557 97 54 the
235 2557 270 53 editorial
555 2555 362 69 supervision
965 2556 65 53 of
1080 2556 330 55 Commerce
1458 2557 257 72 clearing
1762 2560 192 61 house,
2004 2561 107 54 inc.

95 2634 293 71 [Chicago,
422 2635 140 53 New
597 2634 182 70 York,
834 2637 136 51 ᶜ1928]

160 2719 84 41 192
279 2731 43 38 p.
383 2719 118 42 19ᶜᵐ.

96 2786 51 52 ©
185 2790 111 41 Feb.
333 2789 69 49 10,
439 2789 116 41 1928;
618 2789 69 41 2c.
724 2789 96 40 and
856 2788 83 42 aff.
977 2790 123 40 Mar.
1137 2789 52 48 5;
1230 2790 41 39 A
1307 2790 231 48 1068124;
1579 2791 278 41 Commerce
1894 2795 217 47 clearing

163 2848 164 48 house,
360 2847 92 41 inc.
524 2846 253 50 (28-7157)

88 2955 288 63 Durham,
408 2955 259 54 William
701 2955 219 63 Frank,
956 2955 173 55 1870-
1309 2957 84 53 ed.

161 3034 122 52 The
317 3033 266 53 criminal
617 3034 140 52 laws
791 3033 66 53 of
888 3033 97 54 the
1019 3039 146 48 state
1199 3034 67 53 of
1299 3034 343 70 Oklahoma,
1675 3037 284 69 compiled
1995 3040 113 52 and

90 3111 2021 73 annotated by W. F. Durham … Guthrie, Okla., Co-operative
89 3189 339 70 publishing
457 3207 300 52 company,
788 3193 176 65 192[8]

160 3273 337 49 567 p. 22 ᶜᵐ .
162 3344 103 39 “An
297 3343 299 48 assembling
628 3343 52 40 of
711 3343 83 41 the
826 3343 118 41 Acts
974 3355 56 30 as
1061 3344 155 41 found
1248 3344 51 41 in
1331 3346 83 40 the
1446 3347 164 48 Comp.
1642 3350 59 38 st.
1733 3347 129 49 1921,
1894 3350 97 39 and
2024 3351 82 39 the

91 3400 196 41 Session
322 3402 123 38 laws
481 3400 52 40 of
568 3399 128 49 1923,
733 3399 188 49 1923-4,
956 3400 129 49 1925,
1120 3402 97 40 and
1253 3401 502 45 1927.”—Foreword.

94 3467 51 52 ©
179 3472 122 39 Mar.
333 3471 39 46 1,
405 3469 141 46 1928;
581 3470 68 40 2c.
682 3470 122 41 Mar.
836 3471 53 45 7;
925 3469 83 43 aff.
1041 3472 123 40 Mar.
1196 3471 28 40 6;
1287 3472 39 38 A
1358 3472 231 48 1069161;
1627 3473 337 50 Co-operative
1998 3477 111 47 pub.

162 3539 67 30 co.
300 3527 254 49 (28-7045)

88 3636 213 63 Eaton,
335 3635 227 56 Walter
594 3636 308 64 Prichard,
937 3638 171 53 1878-

160 3715 341 68 Hawkeye’s
527 3721 341 63 roommate;
900 3735 31 34 a
957 3723 159 63 story
1142 3717 65 53 of
1233 3719 356 68 Hampshire
1613 3721 211 65 school,
1848 3722 76 68 by
90 3722 1989 124 Walter

211 3794 286 54 Prichard
537 3796 208 68 Eaton,
780 3796 328 53 illustrated
1144 3797 77 69 by
1257 3799 66 51 P.
1359 3798 65 53 L.
1462 3798 221 53 Martin
1724 3801 113 52 and
1875 3801 226 53 Harold

92 3871 133 55 Cue.
301 3874 237 64 Boston,
568 3874 192 67 Mass.,
792 3875 90 53 W.
913 3875 72 53 A.
1017 3875 193 54 Wilde
1241 3893 283 53 company
1602 3879 152 66 [ᶜ1927]

159 3954 763 51 viii, 9-316 p. front. 19½ ᶜᵐ .
94 4022 51 52 ©
175 4026 128 48 Sept.
330 4028 68 41 10,
426 4028 114 40 1927;
594 4028 68 41 2c.
689 4030 94 38 and
812 4028 82 42 aff.
922 4030 122 40 Mar.
1071 4030 70 44 26,
1169 4031 142 42 1928;
1341 4031 39 39 A
1408 4031 230 48 1068526;
1670 4034 70 40 W.
1768 4034 54 41 A.
1851 4033 159 40 Wilde
2037 4044 69 31 co.

172 4083 283 50 (28-28085)
