2498 4384
1123 4096 100 50 941

138 526 200 55 stories
369 527 75 67 by
473 525 289 68 Topelius,
795 521 360 70 Strindberg,
1187 518 281 70 Ahlgren,
1500 516 363 70 Geijerstam,
138 514 1981 159 Heidenstam,

348 603 291 68 Levertin,
686 600 294 69 Lagerlöf,
1028 598 343 67 Hallström,
1419 596 204 68 Molin,
1672 591 340 70 Söderberg,
2061 593 85 51 Bo

142 669 2006 83 Bergman, Engström, Nordström, Elgström, SBvertz, Sill é n,
141 761 187 53 edited
361 760 74 68 by
469 758 212 53 Hanna
714 757 222 67 Astrup
970 755 229 53 Larsen.
1277 753 138 53 New
1451 751 178 65 York,
1661 751 124 53 The
1816 750 331 54 American-

143 837 427 57 Scandinavian
622 834 372 66 foundation;
1045 833 89 55 W.
1186 833 90 52 W.
1326 830 223 54 Norton
1597 831 46 50 &
1692 846 298 51 company,
2040 828 108 52 inc.

221 920 29 50 [ᶜ1 928]
212 988 1932 59 xxiii, 365 p. front. (port.) 19 ᶜᵐ . ( Half-title : Scandinavian classics,
143 1069 90 29 Vol.
383 1055 12 44 XXX)

153 1108 51 52 ©
234 1112 115 48 May
376 1111 69 47 23,
475 1110 141 45 1928;
646 1108 67 42 2c.
744 1108 125 40 June
898 1106 82 46 19;
1012 1104 82 43 aff.
1124 1105 127 40 June
1280 1104 83 47 20;
1395 1105 40 38 A
1464 1102 230 48 1077918;
221 1100 1913 109 American-Scandiuavian

495 1165 309 42 foundation.
874 1161 281 51 (28-15631)

148 1247 206 65 Leigh,
384 1246 259 52 Blanche
672 1243 290 55 Winfield.

216 1324 247 70 History
491 1323 63 53 of
581 1323 95 53 the
712 1321 210 54 United
951 1319 313 70 daughters
1293 1318 64 53 of
1385 1317 95 55 the
1509 1315 376 70 confederacy
1915 1317 111 51 and
2058 1316 95 51 the

147 1393 1905 153 Florida division, by Mrs. Townes Randolph Leigh, v. l. Gainesville. Fla. [ ᶜ1 927 ]
222 1556 1270 56 1 p. l., 34, 58 numb. l. 27ᶜᵐ. [Mimeographed]
157 1617 51 52 ©
235 1619 101 43 Oct.
363 1619 68 47 19,
458 1618 141 43 1927;
625 1617 67 41 2c.
718 1617 128 40 June
869 1618 40 44 4,
937 1615 141 47 1928;
1106 1614 83 42 aff.
1216 1615 129 40 June
1369 1614 81 42 15:
1480 1615 42 38 A
1547 1613 230 47 1077822;
1808 1613 55 39 B.
1890 1614 71 39 W.
1990 1612 164 49 Leigh,

227 1679 25 39 i.
282 1688 36 31 e.
348 1676 117 40 Mrs.
494 1675 203 40 Townes
727 1673 256 47 Randolph
1013 1672 163 50 Leigh,
1208 1670 312 49 Gainesville,
1553 1671 102 40 Fla.

152 1755 201 62 Little,
385 1755 247 53 Charles
661 1754 220 63 Edgar,
916 1755 169 50 1865-

284 1827 1874 75 … Second Latin lessons, by Charles Edgar Little … and
153 1906 2005 74 Carrie Ambrose Parsons … New York state ed. by Alvah T.
154 1984 2005 75 Otis … Boston, New York [etc.] D. C. Heath and company
199 2071 149 66 [ᶜ1928]

222 2151 98 50 xvi,
344 2152 85 40 685
455 2162 43 37 p.
549 2149 166 49 front.,
739 2150 145 47 illus.,
906 2160 140 38 maps
1073 2148 137 49 (part
1235 2149 200 49 double)
1496 2148 116 40 19ᶜᵐ.
1676 2147 126 48 (The
1827 2146 163 41 Heath
2015 2147 143 40 Latin

152 2210 177 49 series)

161 2263 51 52 ©
240 2267 126 41 June
393 2266 39 48 9,
460 2265 141 43 1928;
630 2265 66 42 2c.
724 2265 129 40 June
877 2264 83 47 15;
989 2262 82 44 aff.
1100 2264 126 39 June
1253 2263 84 47 20;
1366 2262 276 48 A1077950;
1672 2262 58 41 D.
1759 2261 50 43 C.
1836 2262 167 40 Heath
2030 2262 37 40 &
2092 2272 69 30 co.

242 2323 280 49 (28-15897)

156 2403 182 64 Loyd,
369 2402 255 63 Samuel,
658 2402 171 54 1873-

232 2480 134 57 Sam
415 2481 163 69 Loyd
628 2481 112 53 and
788 2480 90 53 his
926 2479 253 68 puzzles;
1234 2497 71 34 an
1354 2477 536 71 autobiographical
1939 2479 222 51 review.

162 2560 138 53 New
329 2560 183 65 York,
538 2560 71 51 N.
640 2558 91 59 Y.,
758 2558 266 66 Newark,
1053 2557 71 54 N.
1153 2557 75 67 J.,
1258 2558 181 53 Barse
1467 2559 46 49 &
1540 2575 79 34 co.
1675 2559 153 63 [1928]

225 2640 757 51 3 p. l., 122 p. illus. 22½ᶜᵐ.
163 2696 51 52 ©
242 2700 114 48 May
378 2700 69 47 31,
474 2699 141 46 1928;
642 2698 67 42 2c.
735 2699 96 39 and
856 2697 82 42 aff.
966 2697 126 42 June
1118 2698 19 38 1;
1198 2698 43 39 A
1266 2696 231 49 1074818;
1526 2698 156 40 Barse
1706 2697 38 40 &
1768 2707 69 31 co.

244 2755 282 50 (28-16039)

161 2835 266 64 Ludwig,
460 2835 172 59 Emil,
668 2838 171 50 1881-

296 2908 1875 74 … The Son of man, the story of Jesus, translated from the
165 2990 252 56 German
456 2991 75 69 by
574 2991 162 53 Eden
778 2992 112 52 and
933 2988 186 56 Cedar
1161 2991 165 59 Paul,
1366 2988 140 55 with
1548 2989 199 53 fifteen
1787 2989 382 55 illustrations

164 3068 152 54 after
342 3068 372 54 Rembrandt.
791 3069 138 52 New
959 3068 178 66 York,
1167 3069 148 52 Boni
1341 3071 46 50 &
1412 3068 320 70 Liveright,
1760 3070 150 52 1928.

229 3149 1269 54 xiv, [1] p., 1 l., 19-315 p. front., plates. 23ᶜᵐ.
233 3207 129 42 “The
406 3209 212 40 German
661 3209 209 48 original
914 3208 53 40 of
1011 3208 99 41 this
1153 3209 149 46 work,
1347 3206 257 50 published
1645 3209 62 47 by
1751 3209 150 41 Ernst
1945 3209 224 41 Rowohlt

162 3266 179 49 verlag,
387 3265 181 44 Berlin,
615 3263 128 50 1928,
789 3266 41 40 is
876 3264 204 42 entitled
1123 3265 100 40 Der
1268 3265 401 48 Mensehensohn,
1715 3265 277 49 geschichte
2037 3266 133 40 eines

163 3323 309 48 Propheten.”

170 3376 52 52 ©
248 3380 126 41 June
397 3380 71 46 20,
495 3380 117 40 1928;
662 3379 69 42 2c.
757 3380 127 39 June
909 3379 51 46 6;
990 3378 82 41 aff.
1099 3380 126 39 June
1251 3379 84 48 26;
1364 3381 40 37 A
1431 3379 230 48 1082256;
1689 3381 125 39 Boni
1840 3379 37 41 &
1901 3379 267 49 Liveright,

237 3436 91 43 inc.
399 3434 281 51 (28-16050)

166 3516 226 61 March,
422 3516 219 63 Joseph
673 3517 134 52 Mon
816 3533 155 36 cure.

240 3594 121 54 The
396 3595 137 52 wild
571 3599 189 65 party,
792 3595 77 68 by
904 3594 218 70 Joseph
1157 3595 275 53 Moncure
1468 3595 233 67 March;
1740 3595 142 54 with
170 3595 1978 131 illustrations

345 3671 78 69 by
446 3671 286 69 Reginald
758 3672 217 54 Marsh.
1052 3670 274 73 Chicago,
1351 3673 64 52 P.
1447 3671 217 70 Covici,
1691 3674 152 53 1928.

239 3752 101 48 viii,
373 3754 71 48 [1],
474 3753 97 47 113,
604 3755 53 47 [1]
690 3764 43 37 p.
791 3754 165 48 front.,
986 3754 130 41 illus.
1175 3754 119 41 24ᶜᵐ.

246 3806 1927 57 “This first edition … is published for subscribers only and is limited
174 3868 49 38 to
248 3876 143 31 seven
419 3867 221 39 hundred
666 3867 111 48 fifty
803 3867 263 41 numbered
1095 3868 173 47 copies,
1297 3868 52 40 of
1375 3867 159 42 which
1561 3868 100 41 this
1687 3869 43 40 is
1757 3880 74 30 no.
1859 3869 69 41 9.”

243 3923 57 40 In
329 3934 151 30 verse.

176 3975 52 53 ©
263 3980 120 42 Mar.
420 3981 67 48 10,
522 3981 141 42 1928:
697 3981 67 42 2c.
798 3984 95 40 and
927 3982 82 42 aff.
1044 3982 126 42 June
1204 3984 53 47 7;
1293 3983 42 39 A
1368 3981 230 51 1074920;
1635 3984 175 41 Pascal
1845 3983 177 49 Covici,
241 3986 1913 101 publisher,
425 4039 92 40 inc.
586 4038 281 50 (28-15287)
