2498 4384
1355 4133 99 50 802

389 463 196 64 Baldt,
614 464 199 53 Laura
842 464 189 53 Irene.

457 542 1933 69 Dressmaking made easy, by Laura I. Baldt … New York,
386 620 1396 68 London [etc.] The McCall company [ ᶜ 1928]
459 702 902 51 vii, [1], 181 p. illus., port. 19 ᶜᵐ .
396 757 53 53 ©
480 763 114 47 May
623 762 37 48 1,
691 761 114 41 1928;
863 761 69 42 2c.
961 761 96 40 and
1087 760 83 42 aff.
1201 762 115 47 May
1345 761 56 40 14;
1460 762 41 39 A
1530 760 202 42 1074681;
1794 761 186 42 McCall
2011 772 69 31 co.

475 818 280 49 (28-13660)

391 899 232 64 Baugh,
654 899 259 53 Herbert
944 899 53 54 J.

524 976 1807 72 … Poems and horoscopes for every month in the year …
388 1056 2003 70 2d ed., rev. By Herbert J. Baugh … Chicago, International
389 1136 201 68 purity
618 1135 358 68 association,
1004 1142 18 21 ᶜ
1027 1138 150 50 1928.

460 1219 57 39 64
546 1230 43 37 p.
619 1218 110 42 incl.
758 1218 165 49 front.,
951 1217 130 42 illus.
1141 1218 148 41 20½ᶜᵐ.

462 1276 173 40 “Press
669 1275 231 41 reviews”:
964 1286 44 37 p.
1042 1275 157 41 63-64.

399 1330 52 51 ©
488 1335 115 46 May
638 1334 68 47 12,
742 1333 114 41 1928;
920 1334 68 39 2c.
1024 1334 115 47 May
1174 1334 82 45 14;
1295 1333 82 41 aff.
1414 1335 115 46 May
1563 1334 82 47 25;
1683 1334 42 39 A
1759 1334 229 48 1074700;
2028 1336 61 39 H.
2126 1335 43 41 J.
2206 1335 186 48 Baugh,

469 1390 224 48 Chicago.
767 1389 280 50 (28-13817)

392 1456 148 63 Bax,
574 1456 263 63 Clifford,
870 1459 172 50 1886-

467 1536 217 52 Bianca
715 1534 298 69 Cappello,
1039 1535 77 69 by
1148 1534 248 55 Clifford
1428 1537 142 51 Bax.
1646 1536 140 52 New
1817 1536 181 68 York,
2026 1537 124 52 The
2176 1536 221 67 Viking

394 1632 177 49 press,
600 1616 150 50 1928.

464 1696 1821 53 168 p. front. (port.) 19½ᶜᵐ. (Half-title: Representative women)
471 1754 129 40 “The
628 1754 318 48 frontispiece
974 1754 213 49 portrait
1216 1755 171 39 drawn
1416 1754 61 48 by
1507 1754 43 41 J.
1582 1754 173 41 Gower
1783 1755 156 40 Parks
1969 1754 130 41 from
396 1756 1983 103 contemporary

543 1810 238 42 sources.”

402 1863 52 53 ©
492 1869 115 46 May
642 1869 55 38 14,
805 1868 56 40 1928;
925 1869 69 39 2c.
1030 1869 96 38 and
1163 1868 83 41 aff.
1283 1870 115 46 May
1433 1868 55 40 26;
1555 1869 41 38 A
1631 1868 204 41 1077485;
1901 1868 181 49 Viking
2116 1878 150 39 press,
2305 1868 91 41 inc.

480 1924 281 50 (28-14031)

395 1990 213 64 Belloc,
638 1990 245 64 Hilaire,
918 1990 171 54 1870-

461 2068 1936 70 How the reformation happened, by Hilaire Belloc … New
393 2146 181 68 York,
603 2147 69 52 R.
703 2147 79 52 M.
813 2146 278 54 McBride
1119 2149 46 50 &
1192 2165 300 51 company,
1525 2150 149 50 1928.

460 2231 26 40 3
519 2241 44 37 p.
631 2262 8 16 l.,
672 2230 144 40 9-290
847 2242 44 36 p.
951 2231 147 40 22½ᶜᵐ.

462 2287 286 40 Illustrated
785 2287 365 48 lining-papers.

403 2339 1994 54 © May 12, 1928; 1c. and aff. May 19; 1c. May 25; A 1077471; H. Belloc,
471 2402 213 40 London.
758 2401 279 48 (28-13799)

399 2467 379 63 Bergendoff,
812 2468 230 53 Conrad
1075 2467 158 53 John
1265 2467 347 62 Immanuel,
1647 2470 170 50 1895-

471 2546 109 55 Ola
585 2565 102 35 vus
711 2547 161 53 Petri
897 2547 114 52 and
1034 2547 96 52 the
1155 2547 400 52 ecclesiastical
1577 2545 480 54 transformation
2080 2547 60 52 in
2165 2546 236 55 Sweden

399 2629 384 63 <1521-1552>;
854 2644 31 34 a
917 2626 172 68 study
1121 2626 61 51 in
1211 2626 101 52 the
1344 2623 259 56 Swedish
1637 2624 397 68 reformation,
2063 2625 76 69 by
2172 2624 228 56 Conrad

401 2704 365 70 Bergendoff.
841 2705 141 53 New
1010 2704 181 68 York,
1218 2705 123 51 The
1367 2704 336 52 Macmillan
1733 2722 299 50 company,
2064 2707 149 49 1928.

471 2788 26 41 6
523 2799 43 37 p.
628 2819 8 17 l.,
664 2788 86 40 264
775 2799 44 37 p.
879 2788 146 40 19½ᶜᵐ.

471 2846 351 48 Bibliography:
883 2856 43 38 p.
950 2845 218 40 252-257.

406 2897 53 54 ©
491 2905 114 46 May
635 2904 69 47 22,
737 2903 114 41 1928:
910 2903 68 40 2c.
1010 2903 96 39 and
1136 2902 83 41 aff.
1252 2904 114 46 May
1396 2903 55 40 23;
1513 2902 42 40 A
1584 2902 203 40 1077407;
1849 2901 284 41 Macmillan
2163 2912 69 30 co.

485 2960 279 49 (28-14024)

400 3026 245 64 Berger,
676 3027 207 62 Henry
913 3025 223 64 Irving,
1171 3025 171 54 1887-

473 3104 419 69 Encyclopedic
924 3103 292 69 diagnosis
1247 3103 65 54 of
1340 3122 242 35 nervous
1615 3104 114 53 and
1761 3104 215 53 mental
2007 3103 244 54 diseases
2306 3103 93 69 [by]

399 3181 2005 70 Henry Irving Berger … St. Louis, Peacock chemical co., 1928.
474 3264 1112 50 1 p. l., [1], 165, [4] p. illus., diagr. 19 ᶜᵐ .
475 3321 181 41 “Third
684 3321 227 41 edition.”

409 3374 1993 53 © May 17, 1928; 2c. and aff. May 28; A 1074727; Peacock chemical co.
487 3436 280 48 (28-13766)

406 3500 330 63 Bernhard,
766 3501 256 55 William
1053 3501 174 53 John.

470 3579 120 52 The
627 3578 162 68 jewel
826 3579 340 65 merchants,
1202 3579 62 52 in
1300 3579 288 67 lino-cuts,
1622 3579 75 68 by
1732 3579 260 53 William
2031 3578 158 54 John
398 3579 1976 129 Bernhard.

660 3656 138 52 [New
832 3655 180 67 York]
1049 3656 158 52 Priv.
1243 3656 194 68 print.,
1472 3659 150 50 1928.

468 3739 1141 49 4 p. l., 6 col. pl. col. front. (port.) 33 ᶜᵐ .
472 3796 230 39 “Printed
737 3796 128 40 from
903 3796 81 39 the
1020 3795 209 48 original
1267 3796 164 39 blocks
1466 3796 97 39 and
1598 3797 131 38 hand
1764 3796 206 39 colored.
2029 3795 120 40 This
2183 3805 88 30 one
2306 3796 92 39 and

400 3854 113 45 only
556 3852 185 40 edition
785 3852 43 40 is
874 3852 193 47 strictly
1111 3852 191 39 limited
1346 3853 49 38 to
1440 3852 55 40 75
1540 3852 159 48 copies
1743 3852 167 48 signed
1956 3854 95 38 and
2095 3850 305 42 numbered.”

398 3909 120 40 This
548 3919 119 37 copy
695 3909 85 40 not
809 3909 264 39 numbered
1102 3920 88 28 nor
1221 3908 183 48 signed.

472 3965 99 41 One
597 3965 167 47 signed
791 3967 131 46 plate
949 3966 49 39 in
1025 3965 141 41 black
1193 3965 96 40 and
1316 3965 149 40 white
1491 3965 101 40 laid
1619 3965 64 40 in.

413 4017 52 52 ©
494 4024 113 45 May
634 4022 67 45 10,
731 4022 139 45 1928;
900 4023 68 38 2c.
996 4023 95 38 and
1118 4021 81 41 aff.
1230 4023 114 46 May
1372 4021 81 47 19;
1483 4022 41 38 A
1551 4021 229 47 1077350;
1811 4022 72 40 W.
1913 4022 44 40 J.
1985 4021 271 47 Bernhard,
2286 4021 117 40 New

480 4079 145 39 York.
696 4078 280 49 (28-13539)
