2498 4384
1330 4095 135 52 1098

361 448 228 62 Butler,
618 446 205 53 James
851 444 265 64 Ramsay
1143 443 309 61 Montagu,
1486 442 171 50 1889-

430 526 1874 80 A history of England, 1815-1918, by J. R. M. Butler …
359 616 260 68 London,
649 616 66 52 T.
748 613 412 68 Butterworth,
1187 611 230 52 limited
1452 610 173 68 [1928]

429 688 1940 60 252 p. 17 ᶜᵐ . (Half-title: The Home university library of modern
361 757 297 50 knowledge,
722 765 89 41 (no.
841 754 128 50 135])

434 827 379 50 Bibliography:
846 837 44 39 p.
921 824 218 42 243-246.

373 888 1995 60 © 1c. July 11, 1928 ; A ad int. 11437; pubd. June 7; Henry Holt and co.,
442 957 118 39 New
588 955 146 41 York.
804 951 281 52 (28-19081)

366 1050 196 64 Chait,
593 1049 191 65 Ralph
815 1047 229 63 Milton,
1078 1049 169 50 1892-

440 1128 58 53 A
531 1126 426 71 chronological
990 1130 404 64 arrangement
1428 1121 66 55 of
1525 1122 98 53 the
1655 1139 195 35 names
1885 1117 67 55 of
1987 1119 79 53 all

2101 1118 97 54 the
369 1116 1978 145 Chinese
531 1224 288 51 emperors
849 1204 114 53 and
992 1203 97 55 the
1121 1204 160 52 dates
1312 1200 64 55 of
1406 1199 151 56 their
1587 1200 164 69 reign
1781 1198 261 70 together
2074 1197 143 53 with
2247 1196 126 55 lists

372 1284 66 55 of
476 1283 243 56 Chinese
756 1283 133 68 seal,
926 1282 294 53 character
1258 1281 114 53 and
1411 1278 275 72 symbolic
1725 1277 211 69 marks,
1975 1275 285 70 compiled
2297 1275 77 70 by

372 1356 1542 75 Ralph M. Chait. New York, Priv. print. [ ᶜ192 8]
442 1441 600 56 47, [1] p. illus. 18 ᶜᵐ .
446 1515 72 41 On
544 1524 169 32 cover:
744 1512 207 44 Chinese
977 1512 308 49 chronology.

380 1579 53 53 ©
470 1584 115 47 Apr.
621 1583 41 48 2,
700 1582 141 47 1928;
880 1582 68 41 2c.
984 1581 97 41 and
1118 1580 83 41 aff.
1240 1580 117 47 July
1393 1579 84 48 21;
1516 1579 42 39 A
1594 1578 229 47 1083322;
1865 1577 57 43 R.
1961 1579 62 40 M.
2063 1576 159 48 Chait,
2260 1576 118 41 New

447 1640 145 41 York.
662 1638 282 49 (28-18306)

373 1732 263 65 Cortina,
666 1733 214 53 Rafael
909 1730 142 55 Diez
1081 1732 69 52 de
1180 1731 76 63 la,
1288 1733 171 51 1859-

448 1805 1932 75 “El int é rprete”, diccionario Cortina no. 3, de las diez mil
374 1887 271 72 palabras
672 1908 123 35 mas
822 1888 225 54 usuales
1077 1907 67 34 en
1174 1888 234 68 español
1438 1906 38 50 y
1508 1906 67 34 en
1607 1886 201 69 inglés,
1841 1885 293 70 ampliado
2166 1904 103 34 con
2301 1903 79 35 un

372 1968 359 68 suplemento
757 1968 69 52 de
850 1966 273 55 materias
1148 1966 294 69 escogidas
1470 1984 143 49 para
1641 1963 259 55 facilitar
1928 1964 52 53 el
376 1962 1981 137 conocimiento

466 2066 38 49 y
534 2046 56 53 la
622 2045 254 70 practica
909 2046 68 53 de
1010 2044 194 55 ambos
1237 2043 261 69 idiomas,
1531 2062 39 51 y
1603 2042 153 56 Guía
1790 2043 68 53 de
1890 2043 57 53 la
1980 2041 401 55 conversacion

441 2119 1939 74 … Por R. Diez de la Cortina … l. ed. Nueva York, R. D.
379 2200 467 70 Cortina [ ᶜ192 8]
450 2282 739 51 1 p. l., 540 p. front. 17 ᶜᵐ .
386 2351 54 54 ©
476 2356 117 48 July
630 2355 70 50 10,
736 2356 143 48 1928;
917 2357 69 41 2c.
1025 2355 116 50 July
1178 2356 84 48 14;
1301 2355 83 43 aff.
1423 2356 117 49 July
1575 2354 84 50 18;
1699 2355 41 41 A
1774 2353 232 50 1082569;
2047 2355 57 41 R.
2143 2355 60 41 D.
2239 2356 59 41 de
2333 2355 48 41 la

456 2412 216 43 Cortina.
742 2413 283 50 (28-18315)

381 2508 228 64 Coster,
641 2508 235 53 Arthur
907 2507 264 66 Yennell,
1208 2512 172 50 1864-

453 2580 121 60 The
601 2586 126 55 love
753 2592 159 64 story
937 2586 65 54 of
1027 2586 192 55 Adam
1247 2587 114 53 and
1388 2586 138 69 Eve,
1556 2587 113 55 and
1697 2587 163 54 other
1887 2586 258 69 episodes

381 2584 1978 153 of primeval life, by A. Yennell Colter, F. R. G. S. ; illustrated
2152 2665 77 69 by
378 2664 1981 133 Hyman
544 2742 89 57 W.
654 2744 334 70 Perlzweig.
1056 2744 261 69 London,
1338 2742 285 72 Simpkin,
1641 2743 300 69 Marshall,
1959 2743 225 57 limited
2208 2746 171 68 [1928]

453 2825 87 41 256
570 2837 45 38 p.
674 2827 87 40 col.
790 2826 164 49 front.,
986 2827 174 49 plates.
1218 2826 148 42 19½ᶜᵐ.

390 2889 1845 61 © 1c. June 7, 1928; A ad int. 11187; pubd. Apr. 11; A. V. Coster,
459 2897 1909 99 London.
638 2955 282 49 (28-19274)

382 3048 209 59 Crook,
626 3047 306 54 Thurman
969 3049 264 59 Charles,
1271 3053 170 50 1891-

455 3123 324 70 Simplified
822 3125 351 55 mechanical
1218 3126 265 71 drawing,
1544 3146 31 34 a
1617 3126 272 55 textbook
1933 3125 94 55 for
2068 3126 319 71 beginners,

380 3196 2007 138 by Thurman C. Crook … 1st ed. New York [etc. ] McGraw-Hill
539 3280 148 54 book
714 3299 297 51 company,
1041 3280 125 71 inc.,
1198 3284 151 51 1928.

385 3360 1987 102 x p., 1 l., 153 p. diagrs. 18×23½ᶜᵐ. (Half-title: McGraw-Hill industrial
526 3423 105 40 arts
652 3423 156 47 texts)
932 3419 131 52 $1.25

460 3491 1256 54 In IV parts; parts II-IV are each preceded by
1744 3495 26 38 2
1798 3504 149 39 pages
1974 3496 86 39 not
2086 3493 226 42 included
2339 3494 55 40 in

387 3550 83 40 the
495 3549 298 50 pagination,
820 3561 88 29 one
934 3551 51 39 of
1008 3551 82 41 the
1116 3561 148 38 pages
1288 3551 149 40 blank
1463 3553 97 38 and
1583 3551 82 41 the
1691 3552 138 39 other
1854 3551 282 50 containing
2160 3553 81 39 the
383 3551 2006 97 half-title.

394 3659 55 53 ©
477 3665 117 47 July
618 3663 42 50 9,
687 3664 142 47 1928;
857 3665 67 40 2c.
953 3665 96 41 and
1076 3664 82 42 aff.
1187 3665 116 48 July
1332 3666 81 47 11;
1444 3665 42 40 A
1512 3665 230 48 1082464;
1773 3665 354 42 McGraw-Hill
2154 3667 124 39 book
2306 3675 83 33 co.,

463 3721 91 40 inc.
625 3721 280 49 (28-18385)

386 3813 87 55 De
509 3813 256 66 Bogory,
801 3815 260 64 Eugene,
1100 3819 174 49 1880-

458 3887 1932 80 Roaring dusk, by Eugene De Bogory … Dallas, Tex.,
386 3967 365 58 Kenilworth
784 3969 336 73 publishing
1153 3991 282 50 company
1474 3975 171 66 [1928]
