2498 4384
1337 4047 100 50 164

376 420 295 62 Coleman,
703 421 138 53 Mrs.
876 420 163 57 Satis
1071 420 75 53 N.

445 498 175 67 Bells,
652 497 152 53 their
838 497 240 69 history,
1111 497 251 69 legends,
1394 497 255 69 making,
1684 497 113 52 and
1832 514 143 49 uses,
2007 495 77 69 by
2121 494 154 56 Satis
2308 494 71 54 N.

375 570 1981 151 Coleman … with a foreword by Otis W. Caldwell … Chicago,
566 651 140 54 New
739 652 181 67 York,
953 652 188 67 Rand,
1173 651 276 69 McNally
1482 654 46 50 &
1561 669 282 51 company
1880 653 194 65 [ᶜ1928]

445 734 1042 51 ix, [1], 462 p. incl. front., illus. 18½ ᶜᵐ .
446 791 236 43 Contains
710 791 169 42 music.

447 848 379 49 Bibliography:
854 858 45 38 p.
925 847 221 42 442-448.

378 900 53 52 ©
460 905 111 41 Feb.
600 905 39 45 8,
668 904 114 41 1928;
838 904 67 40 2c.
933 905 96 38 and
1056 903 83 41 aff.
1166 903 112 40 Feb.
1304 904 54 38 11;
1415 904 40 39 A
1480 903 202 41 1061681;
1739 904 155 46 Rand,
1923 903 225 48 McNally
2175 903 38 40 &
2236 913 68 30 co.

458 961 253 49 (28-5256)

377 1055 265 54 Collier’s
665 1074 123 34 new
813 1055 402 69 encyclopedia;
1274 1073 31 34 a
1330 1053 393 70 self-revising
1746 1053 288 54 reference
2059 1054 159 53 work
2243 1053 138 53 with

448 1132 1911 149 loose-leaf features … profusely illustrated, color frontispieces,
695 1210 1691 71 ninety-six maps … Anniversary ed. New York,
449 1292 67 52 P.
543 1292 66 52 F.
639 1290 214 55 Collier
878 1293 46 50 &
949 1309 101 35 son
1078 1308 284 51 company
1435 1293 151 64 [ᶜ1928]

450 1374 56 39 10
568 1406 8 8 v.
638 1374 86 40 col.
755 1373 190 48 fronts.,
976 1373 129 40 illus.
1134 1372 135 47 (incl.
1303 1373 174 48 ports.)
1517 1374 171 47 plates,
1721 1383 138 38 maps
1886 1372 138 49 (part
2056 1372 143 46 fold.)
2269 1371 117 41 24ᶜᵐ.

381 1427 53 52 ©
460 1432 111 40 Jan.
595 1431 69 48 24,
692 1431 141 47 1928;
860 1430 67 41 2c.
955 1432 118 39 each
1100 1431 111 40 Feb.
1237 1431 82 46 13;
1347 1431 82 40 aff.
1455 1431 111 41 Feb.
1591 1432 52 46 8;
1669 1431 41 40 A
1735 1430 229 47 1061696;
1993 1431 50 40 P.
2070 1430 51 41 F.
2147 1430 180 41 Collier
2350 1430 38 40 &

450 1499 88 30 son
558 1500 68 29 co.
697 1488 252 49 (28-5276)

378 1582 486 65 Coolidge-Rask,
896 1582 207 53 Marie.

448 1660 241 53 London
726 1659 154 54 after
914 1660 312 69 midnight,
1261 1659 76 70 by
1370 1659 187 54 Marie
1593 1658 481 71 Coolidge-Rask,
2109 1658 171 53 based
2314 1676 74 35 on

376 1738 98 53 the
501 1738 255 53 scenario
786 1737 65 53 of
876 1738 97 53 the
1000 1738 126 53 Tod
1155 1737 321 70 Browning
1501 1737 362 69 production,
1889 1737 329 53 illustrated
2247 1736 138 53 with

377 1834 188 35 scenes
605 1815 153 54 from
794 1816 97 53 the
928 1814 338 70 photoplay,
1304 1834 32 35 a
1375 1814 736 71 Metro-Goldwyn-Mayer
2149 1815 240 68 picture,

377 1894 258 69 starring
668 1893 126 52 Lon
833 1892 253 70 Chaney.
1161 1893 140 54 New
1339 1892 181 69 York,
1557 1892 236 55 Grosset
1828 1895 47 51 &
1908 1892 239 69 Dunlap
2232 1895 133 50 [ᶜ1928]

449 1976 890 50 vi, 261 p. front., plates. 19½ ᶜᵐ .
381 2029 53 52 ©
465 2034 110 40 Feb.
602 2034 68 47 10,
700 2032 114 42 1928;
870 2033 68 40 2c.
964 2033 97 40 and
1088 2033 82 40 aff.
1199 2033 111 40 Feb.
1337 2032 81 48 15;
1448 2033 38 39 A
1512 2032 230 47 1061705;
1772 2033 201 40 Grosset
1997 2033 36 39 &
2060 2034 196 46 Dunlap,
2297 2032 91 41 inc.

462 2090 252 50 (28-5168)

380 2183 313 64 Copeland,
726 2183 247 55 Charles
1005 2184 349 63 Townsend,
1391 2187 171 50 1860-
1740 2184 84 53 ed.

453 2263 344 68 Copeland’s
826 2268 262 64 treasury
1120 2262 93 53 for
1243 2262 364 68 booklovers;
1640 2281 32 34 a
1703 2280 315 50 panorama
2047 2261 66 54 of
2142 2262 246 70 English

383 2342 112 53 and
526 2341 309 54 American
867 2347 201 63 poetry
1099 2342 113 53 and
1244 2360 166 50 prose
1442 2340 153 55 from
1624 2342 95 53 the
1751 2339 227 56 earliest
2006 2340 167 56 times
2203 2346 60 49 to
2293 2341 96 54 the

383 2425 247 64 present,
668 2421 239 53 selected
950 2421 113 52 and
1105 2421 191 53 edited
1336 2420 77 70 by
1452 2420 239 54 Charles
1730 2420 320 53 Townsend
2095 2419 296 70 Copeland

445 2497 1235 70 … New York, C. Scribner’s sons, 1927.
450 2581 1100 50 5 v. fronts. (incl. ports.) plates. 24 ᶜᵐ .
383 2634 53 52 ©
469 2639 128 47 Sept.
626 2640 38 46 1,
696 2638 141 46 1927;
868 2638 67 41 2c.
964 2639 117 39 each
1113 2638 111 41 Feb.
1254 2638 68 48 10,
1351 2638 141 46 1928;
1523 2638 82 41 aff.
1634 2639 110 39 Feb.
1775 2640 52 45 7;
1859 2638 39 40 A
1925 2637 231 48 1061622;
2188 2639 204 40 Charles

457 2696 266 40 Scribner’s
745 2707 127 30 sons.
943 2695 252 48 (28-4996)

384 2790 266 63 Corbett,
683 2789 312 54 Elizabeth
1026 2790 66 53 F.

451 2869 188 65 Walt;
675 2869 96 53 the
806 2869 148 69 good
988 2887 144 50 gray
1165 2874 135 62 poet
1331 2868 204 68 speaks
1569 2867 93 55 for
1693 2867 253 69 himself,
1977 2868 77 69 by
2088 2868 304 54 Elizabeth

384 2946 1934 70 Corbett … New York, Frederick A. Stokes company, 1928.
453 3029 665 51 7 p. l., 330, [1] p. 19½ᶜᵐ.
385 3081 54 53 ©
468 3086 111 41 Feb.
607 3087 40 46 9,
674 3085 116 41 1928;
848 3086 67 41 2c.
943 3088 96 38 and
1066 3086 83 41 aff.
1178 3086 112 41 Feb.
1318 3086 53 39 11;
1428 3087 39 38 A
1494 3086 203 41 1018744;
1754 3085 261 42 Frederick
2041 3086 55 41 A.
2126 3087 171 41 Stokes
2324 3097 67 31 co.

466 3142 251 49 (28-5000)

383 3223 226 63 Cotter,
641 3223 284 53 Arundel.

454 3300 1937 70 The Gary I knew, by Arundel Cotter … with a preface by
386 3378 63 54 C.
481 3379 91 54 W.
608 3379 243 52 Barron.
920 3380 237 64 Boston,
1188 3379 193 67 Mass.,
1413 3380 122 52 The
1571 3378 300 56 Stratford
1904 3396 300 50 company,
2240 3382 150 50 1928.

455 3461 1118 49 vi p., 1 l., 9-136 p. front., ports. 24½ᶜᵐ.
456 3518 129 40 “The
614 3517 237 48 principal
885 3520 113 45 part
1026 3517 51 41 of
1106 3518 99 40 this
1235 3519 135 39 work
1398 3518 210 41 consists
1637 3518 52 40 of
1715 3529 27 29 a
1773 3517 150 41 series
1952 3518 53 40 of
2032 3518 201 41 articles

384 3518 1989 95 written
496 3574 79 40 for
606 3573 571 41 Barron’s.”—Author’s
1207 3573 260 41 foreword.

387 3625 54 53 ©
467 3629 111 41 Feb.
602 3631 40 46 7,
668 3629 114 41 1928;
835 3629 67 40 2c.
928 3629 111 41 Feb.
1063 3630 52 38 11;
1171 3629 83 41 aff.
1279 3629 111 42 Feb.
1415 3630 55 40 13;
1524 3631 40 39 A
1587 3630 202 41 1061673;
1847 3629 251 42 Stratford
2123 3641 82 36 co.,
2228 3632 163 47 pubrs.

469 3686 251 49 (28-5395)

386 3765 337 64 Crobaugh,
755 3765 181 64 Clyde
966 3766 52 53 J.

457 3841 1933 74 Casualty insurance, by Clyde J. Crobaugh … and Amos E.
385 3919 1599 63 Redding … New York, Prentice-Hall, inc., 1928.
