2498 4384
1196 4056 137 56 1700

338 500 282 42 “Founders
652 498 226 42 edition.”

339 570 104 41 Vol.
472 570 25 39 1
528 569 337 49 autographed
893 569 61 48 by
984 568 232 42 Nicholas
1247 569 204 47 Murray
1482 568 188 41 Butler.

273 637 51 53 ©
354 640 130 50 Sept.
508 641 41 47 4,
577 640 117 41 1928;
747 640 67 41 2c.
842 640 119 41 each
988 642 96 39 and
1112 639 109 42 affs.
1252 639 129 49 Sept.
1408 639 56 41 17;
1519 637 42 42 A
1589 638 440 41 1054758-1054763;

339 635 1920 106 Columbia
446 697 130 41 univ.
604 708 151 37 press.
820 695 281 52 (28-22718)

269 792 243 64 Cooper,
547 790 155 55 John
737 792 437 65 Montgomery.

338 870 271 69 Religion
656 870 244 53 outlines
949 868 93 55 for
1089 870 258 69 colleges.
1433 869 214 56 Course
1693 873 49 49 4.
1789 869 136 54 Life
1972 868 302 71 problems.

266 943 1986 155 John M. Cooper … Washington, D. C., The Catholic education press, 1928.
406 1141 9 17 xv,
446 1109 88 41 207
563 1121 44 37 p.
666 1108 117 43 20ᶜᵐ.

273 1175 51 54 ©
352 1179 104 43 Oct.
481 1180 41 48 2,
548 1180 116 40 1928;
718 1180 68 41 2c.
814 1182 96 38 and
937 1178 84 43 aff.
1048 1179 104 41 Oct.
1177 1180 28 39 4;
1261 1179 42 40 A
1327 1178 208 42 1053710;
1589 1180 44 41 J.
1661 1180 64 40 M.
1754 1179 196 49 Cooper,
1980 1179 297 42 Brookland.

340 1236 61 43 D.
429 1236 52 42 C.

271 1331 243 64 Cooper,
543 1330 147 54 Paul
720 1330 330 65 Fenimore,
1081 1349 181 52 comp.
1293 1333 117 53 and
1440 1339 69 47 tr.

338 1407 203 55 Tricks
589 1407 66 54 of
700 1426 236 50 women,
983 1411 52 50 &
1082 1409 165 53 other
1293 1408 295 55 Albanian
1634 1410 161 67 tales,
1840 1410 315 54 translated
2204 1410 77 70 by

268 1486 149 55 Paul
451 1486 304 54 Fenimore
790 1486 240 70 Cooper,
1065 1486 141 54 with
1240 1506 74 33 an
1346 1486 394 55 introduction
1770 1488 77 69 by
1880 1489 228 52 Burton

266 1486 1990 151 Rascoe;
433 1566 290 53 woodcuts
759 1564 78 70 by
934 1584 58 34 Ilse
1028 1566 80 52 M.
1149 1565 277 54 Bischoff.
1499 1565 142 55 New
1679 1565 184 69 York,
1897 1567 92 54 W.
2028 1567 254 53 Morrow

267 1646 51 50 &
351 1661 300 51 company,
685 1645 152 52 1928.

335 1724 1216 59 xvi p., 1 l., 204, [1] p. front., plates. 23 ᶜᵐ .
337 1798 293 41 Illustrated
665 1796 353 51 lining-papers;
1081 1798 125 39 head
1243 1798 96 39 and
1375 1798 90 40 tail
1501 1797 173 50 pieces.

337 1855 103 40 The
470 1854 177 41 stories
676 1854 51 39 in
756 1854 99 40 this
883 1854 193 41 volume
1105 1865 83 29 are
1218 1854 53 40 of
1300 1854 82 40 the
1413 1855 248 48 southern,
1691 1867 53 29 or
1773 1856 169 48 Torsk,
1973 1857 181 42 dialect
2182 1859 98 40 and

266 1921 133 32 come
428 1911 131 40 from
590 1914 95 37 two
716 1910 307 48 collections;
1056 1911 92 40 five
1179 1911 131 40 from
1339 1912 83 40 the
1453 1910 315 51 compilation
1799 1914 140 39 made
1969 1913 62 48 by
2061 1913 219 51 Auguste

267 1969 180 47 Dozon,
480 1969 97 39 and
606 1968 83 40 the
720 1968 165 40 others
916 1967 130 42 from
1077 1968 82 40 the
1189 1968 136 40 work
1355 1968 53 41 of
1437 1968 183 50 Holger
1652 1969 242 41 Pedersen.
1968 1971 62 48 cf.
2062 1971 131 41 Pref.

274 2033 52 54 ©
359 2037 130 51 Sept.
518 2038 70 49 20,
619 2038 117 41 1928;
792 2038 70 40 2c.
892 2038 97 41 and
1020 2037 82 42 aff.
1136 2038 132 48 Sept.
1297 2038 57 39 22;
1414 2038 42 40 A
1485 2038 206 43 1053467;
1750 2040 219 41 William
2001 2042 213 41 Morrow
2245 2047 37 40 &

342 2106 82 39 co.,
455 2095 92 41 inc.
614 2095 282 50 (28-25039)

271 2188 233 65 Craine,
531 2187 186 54 Edith
743 2188 55 55 J.

343 2265 214 69 David,
580 2267 96 54 the
699 2265 387 73 incorrigible,
1110 2267 76 70 by
1211 2268 68 53 E.
1304 2268 57 55 J.
1387 2267 227 57 Craine.
1689 2269 141 54 New
1855 2270 182 69 York,
2062 2272 121 55 Rae
2207 2274 71 53 D.

272 2343 230 56 Henkle
530 2362 99 51 co.,
659 2345 108 53 inc.
846 2347 153 67 [ᶜ1928]

343 2425 623 52 5 p. l., 3-246 p. 19½ ᶜᵐ .
275 2495 52 53 ©
357 2497 105 43 Oct.
486 2499 70 48 31,
585 2499 114 41 1928;
755 2499 68 41 2c.
850 2501 97 39 and
975 2500 83 42 aff.
1086 2501 118 41 Nov.
1233 2501 25 39 1;
1316 2501 42 40 A
1385 2500 118 42 1410;
1603 2514 56 29 Rae
1688 2504 58 41 D.
1775 2505 191 41 Henkle
1993 2515 84 38 co.,
2107 2506 92 42 inc.

352 2554 282 52 (28-25345)

271 2650 273 65 Cressey,
583 2650 184 65 Clyde
800 2650 59 56 S.

339 2727 415 71 Bookkeeping
791 2729 235 69 applied
1063 2736 59 47 to
1158 2737 420 65 management,
1611 2733 79 69 by
1724 2734 184 70 Clyde
1946 2735 57 56 S.
2042 2736 238 72 Cressey

331 2805 1951 74 … Philadelphia, Peirce school of business administration
314 2886 135 52 [ᶜ1928
454 2918 13 34 ]

335 2966 1737 59 386 p. incl. forms. 23½ ᶜᵐ . (Lettered on cover: Peirce series)
274 3033 52 53 ©
361 3036 130 50 Sept.
520 3039 42 47 4,
595 3038 115 41 1928;
770 3039 70 41 2c.
872 3039 96 41 and
1000 3038 84 44 aff.
1118 3040 103 42 Oct.
1254 3041 58 41 27;
1372 3042 42 39 A
1445 3042 118 43 1282;
1623 3044 171 42 Peirce
1824 3046 178 43 school.
2086 3042 52 55 [©
2172 3059 107 31 new

340 3094 245 51 material]
658 3095 282 50 (28-25275)

268 3186 343 57 Critchfield
651 3189 53 53 &
743 3206 309 49 company.

338 3264 57 54 A
434 3284 123 34 new
596 3267 224 53 market
862 3269 251 70 analysis
1152 3271 77 69 by
1270 3273 270 53 counties.
1617 3275 139 53 New
1799 3276 182 69 York,
2022 3277 254 72 Chicago

294 3348 122 63 [etc.]
451 3343 340 56 Critchfield
821 3348 47 50 &
895 3364 300 53 company,
1249 3349 153 55 ᶜ1927.

342 3424 985 55 [32] p. illus. (maps) diagrs. 32½ ᶜᵐ .
275 3490 51 52 ©
352 3494 115 42 Dec.
491 3495 69 49 19,
586 3496 116 41 1927;
755 3497 69 41 2c.
851 3498 103 43 Oct.
980 3499 69 49 15,
1075 3500 117 42 1928;
1247 3501 83 43 aff.
1357 3502 103 42 Oct.
1486 3504 56 42 13;
1597 3505 42 40 A
1665 3506 115 40 1194;
1836 3508 283 42 Critchfield
2147 3511 38 40 &
2208 3523 69 29 co.

351 3550 283 52 (28-25158)

265 3643 295 67 Dekobra,
590 3646 284 67 Maurice,
908 3654 172 52 1885-

265 3720 1989 153 … Sérénade au bourreau, roman cosmopolite. Paris, Bau dinière [ᶜ 1928 ]
335 3881 784 54 3 p. l., [9]-317 p., 1 l. 18½ᶜᵐ.
271 3932 2003 74 © May 18, 1928; 1c. Aug. 8; A—Foreign 39680; Ernest Maurice Tessier,
341 3995 157 43 Paris.
566 3998 282 51 (28-25998)
