2498 4384
1281 4086 135 53 1170

338 423 221 64 Bemis,
597 423 238 55 Samuel
873 423 207 64 Flagg,
1121 425 82 52 ed.

417 503 121 51 The
588 502 308 53 American
947 501 328 53 secretaries
1324 500 65 52 of
1439 504 148 48 state
1636 500 112 52 and
1800 499 154 52 their
2002 500 346 70 diplomacy,

349 580 231 55 Samuel
607 581 191 68 Flagg
824 580 211 67 Bemis,
1063 579 204 66 editor,
1293 578 55 54 J.
1378 577 284 52 Franklin
1690 577 288 68 Jameson,
2006 577 78 54 H.
2115 579 234 52 Barrett

344 659 279 67 Learned,
666 658 196 54 James
904 659 213 51 Brown
1163 656 179 67 Scott,
1386 656 270 68 advisory
1699 656 196 52 board.
2000 675 51 33 [v.
2100 659 45 49 6.
2193 656 158 54 John

343 736 330 53 Middleton
716 736 266 69 Clayton,
1025 735 76 69 by
1144 735 172 68 Mary
1359 733 371 55 Wilhelmine
1773 732 319 71 Williams;
2140 734 210 53 Daniel

344 815 264 54 Webster
642 814 229 70 (second
894 813 203 69 term),
1119 814 77 68 by
1220 813 182 68 Clyde
1425 812 299 70 Augustus
1748 813 318 68 Duniway;
2095 814 256 52 Edward

346 893 256 67 Everett,
638 893 76 69 by
750 893 202 52 Foster
993 891 264 68 Stearns;
1298 891 262 54 William
1599 891 260 52 Learned
1898 891 221 68 Marcy,
2156 892 76 68 by
2270 892 78 52 H.

346 972 237 51 Barrett
622 971 287 66 Learned;
952 969 185 53 Lewis
1180 968 158 64 Cass,
1377 969 77 68 by
1491 969 185 53 Lewis
1719 969 292 68 Einstein;
2056 969 294 54 Jeremiah

347 1049 266 55 Sullivan
656 1049 199 68 Black,
894 1049 75 68 by
1010 1048 127 68 Roy
1176 1048 66 53 F.
1286 1048 253 66 Nichols]
1622 1047 142 53 New
1802 1048 182 70 York,
2023 1047 215 54 Alfred
2278 1049 71 52 A.

344 1127 228 69 Knopf,
606 1131 151 63 1928]

452 1242 9 17 x,
499 1210 101 48 457,
642 1210 55 48 [1]
738 1220 44 37 p.
842 1210 124 47 port.
1024 1209 149 42 21½ᶜᵐ.

350 1262 52 53 ©
430 1268 121 47 Aug.
578 1267 69 48 17,
674 1266 115 40 1928;
844 1266 68 41 2c.
940 1266 96 39 and
1064 1265 83 42 aff.
1174 1266 122 48 Aug.
1324 1266 55 40 23;
1435 1265 42 40 A
1504 1264 203 41 1083921;
1764 1266 173 40 Alfred
1965 1266 55 41 A.
2048 1266 181 48 Knopf,
2259 1267 91 40 inc.

343 1376 210 63 Berry,
587 1374 198 54 Erick.

416 1453 158 55 Girls
600 1453 61 53 in
685 1452 227 69 Africa,
939 1453 75 69 by
1042 1453 178 53 Erick
1246 1454 186 69 Berry;
1489 1452 382 54 illustrations
1897 1453 76 70 by
2001 1454 97 53 the
2126 1454 222 53 author.

343 1531 141 54 New
513 1532 180 68 York,
722 1531 122 54 The
871 1532 337 53 Macmillan
1238 1550 299 51 company,
1569 1534 151 51 1928.

417 1613 1452 49 6 p. l., 3-128 p. incl. illus., plates, col. front. 21½ᶜᵐ.
351 1667 51 53 ©
435 1673 116 46 July
580 1672 69 47 31,
681 1672 118 39 1928;
855 1672 68 40 2c.
955 1673 97 39 and
1082 1672 83 41 aff.
1194 1673 122 47 Aug.
1348 1673 52 46 1;
1432 1673 41 38 A
1504 1672 231 48 1082792;
1768 1673 284 40 Macmillan
2085 1686 67 28 co.

429 1728 281 49 (28-19470)

342 1822 166 63 Betz,
544 1822 337 64 Frederick,
921 1826 168 50 1884-

473 1901 1880 70 … Modern German reader; Deutschland in wort und bild,
338 1980 2012 68 by Frederick Betz … and Gottlieb A. Betz … Boston, New
342 2057 165 54 York
544 2064 138 61 [etc.]
720 2059 71 51 D.
828 2058 62 54 C.
926 2059 195 52 Heath
1156 2059 113 52 and
1302 2076 282 51 company
1621 2062 192 64 [ᶜ1928]

410 2140 102 48 viii,
544 2140 86 41 285
658 2151 44 38 p.
776 2141 165 46 front.,
971 2141 128 40 illus.
1128 2140 136 49 (incl.
1294 2144 164 45 ports.,
1490 2141 218 47 facsim.)
1777 2142 116 41 19ᶜᵐ.
1962 2141 232 49 (Heath's
339 2144 1995 93 modern
458 2199 241 47 language
732 2198 176 47 series)

350 2250 52 53 ©
433 2256 116 47 July
576 2255 70 48 28,
674 2255 119 40 1928;
845 2256 69 40 2c.
941 2256 121 47 Aug.
1090 2255 26 39 4;
1174 2255 83 41 aff.
1285 2255 122 49 Aug.
1436 2256 25 40 3;
1520 2255 42 40 A
1590 2256 207 41 1083489;
1853 2257 57 40 D.
1942 2256 49 41 C.
2020 2258 168 39 Heath
2218 2258 36 40 &
2282 2269 68 29 co.

429 2312 281 48 (28-19462)

344 2404 299 65 Brennan,
678 2407 156 53 John
869 2406 276 64 William,
1184 2411 172 49 1894-

416 2489 121 53 The
587 2490 232 52 student
869 2489 242 67 abroad;
1165 2491 358 67 experiences
1575 2491 114 53 and
1739 2491 370 68 impressions
2161 2492 65 53 of
2277 2511 73 34 an

343 2567 311 53 American
685 2568 232 53 student
949 2568 59 52 in
1042 2568 232 69 Europe
1308 2569 114 53 and
1453 2570 97 53 the
1582 2569 154 54 Near
1769 2570 160 68 East,
1961 2570 76 70 by
2068 2570 159 55 John
2256 2571 91 54 W.

343 2645 1930 74 Brennan … Boston, Mass., The Stratford company [ᶜ1928]
416 2727 1228 51 3 p. l., ii p., 1 l., 442 p. front., plates. 24ᶜᵐ.
348 2781 52 54 ©
436 2787 117 47 July
585 2787 71 48 27,
691 2787 117 40 1928;
867 2787 70 41 2c.
973 2787 116 49 July
1121 2788 84 48 28;
1242 2788 83 43 aff.
1361 2789 117 48 July
1510 2789 83 48 31;
1630 2789 42 40 A
1704 2789 231 49 1082806;
1976 2790 253 42 Stratford
2265 2802 81 39 co.,

415 2843 291 48 publishers.
776 2844 282 50 (28-19249)

348 2922 402 69 [Bronshteĭn,
786 2924 123 53 Lev
944 2924 387 69 Davidovich]
1375 2930 172 49 1880-

476 3002 1869 74 … The real situation in Russia, translated by Max Eastman.
342 3078 141 54 New
514 3080 180 68 York,
725 3081 311 68 Harcourt,
1067 3083 182 53 Brace
1280 3084 114 52 and
1425 3103 281 51 company
1745 3088 193 65 [ᶜ1928]

415 3161 789 51 2 p. l., iii-xxv, 364 p. 19½ᶜᵐ.
415 3218 230 41 Author’s
674 3217 179 50 pseud.,
884 3220 128 41 Leon
1040 3222 226 46 Trotsky,
1294 3224 51 38 at
1373 3223 126 40 head
1526 3223 53 41 of
1606 3223 124 43 title.

349 3272 52 53 ©
432 3277 117 48 July
578 3277 69 49 19,
677 3278 142 47 1928;
851 3278 68 41 2c.
949 3280 121 47 Aug.
1098 3279 54 47 2;
1185 3279 84 41 aff.
1300 3280 116 48 July
1445 3282 83 46 31;
1560 3283 42 38 A
1632 3281 230 50 1083452;
1896 3284 263 48 Harcourt,
2193 3286 155 41 Brace

417 3337 38 40 &
481 3346 81 35 co.,
592 3334 91 40 inc.
754 3334 282 49 (28-19471)

339 3411 267 66 Broster,
645 3415 273 63 Dorothy
955 3415 316 54 Kathleen.

415 3491 121 52 The
565 3492 164 52 heart
758 3499 58 46 at
845 3511 134 35 war.
1055 3495 303 68 Prologue.

424 3572 84 49 (In
542 3570 192 44 British
768 3571 205 53 weekly,
1009 3573 116 52 July
1162 3575 41 50 5,
1243 3575 144 50 1928)

348 3623 1980 104 © 1c. Sept. 1, 1928; A ad int. 11575; pubd. July 4; D. K. Broster, London.
341 3763 234 63 Brown,
606 3765 232 54 Sharon
868 3769 283 59 Osborne,
1183 3771 83 53 ed.

409 3843 211 53 Essays
655 3844 65 53 of
752 3864 104 34 our
892 3846 183 68 times,
1109 3850 239 52 selected
1385 3852 112 52 and
1534 3852 188 53 edited
1757 3853 77 68 by
1872 3853 225 55 Sharon
2133 3857 212 51 Brown

482 3921 1864 81 … Chicago, New York [etc.] Scott, Foresman and company
342 4002 194 65 [ᶜ1928]
