2498 4384
1334 4131 102 51 804

391 467 222 64 Bryan,
642 468 155 52 John
826 467 247 64 Albury,
1102 467 85 53 ed.

453 545 319 53 Missouri’s
806 545 389 53 contribution
1226 551 60 47 to
1319 545 308 52 American
1660 545 404 65 architecture;
2103 562 31 33 a
2165 542 222 68 history

384 623 66 52 of
482 623 97 53 the
614 623 404 52 architectural
1054 622 414 54 achievements
1504 623 61 52 in
1599 623 116 52 this
1751 628 146 47 state
1933 622 154 51 from
2121 622 97 52 the
2251 621 138 52 time

384 700 67 53 of
488 701 97 53 the
626 700 227 53 earliest
892 701 350 53 settlements
1284 700 167 53 down
1491 706 59 47 to
1590 702 97 51 the
1727 706 227 62 present
1993 718 153 50 year.
385 698 1980 149 Compiled

572 776 1817 72 and edited by John Albury Bryan … [St. Louis, Saint
383 857 175 53 Louis
591 857 405 53 architectural
1025 856 145 67 club]
1211 859 151 51 1928.

453 942 27 38 2
515 952 44 36 p.
631 972 8 16 l.,
680 940 175 49 [7]-286
890 951 44 37 p.
971 940 111 40 incl.
1117 941 25 38 1
1180 940 144 42 illus.,
1360 941 171 46 plates,
1569 943 163 45 ports.,
1768 951 126 36 map.
1953 940 147 40 33½ᶜᵐ.

397 993 52 52 ©
486 998 115 46 May
636 997 68 48 18,
742 996 117 41 1928;
920 996 69 41 2c.
1026 997 114 47 May
1176 996 82 47 18;
1297 996 82 41 aff.
1416 997 114 47 May
1566 996 83 47 28;
1688 996 42 39 A
1765 996 229 46 1074768;
2035 996 44 41 J.
2116 997 55 40 A.
2208 998 180 46 Bryan,

466 1053 69 41 St.
570 1054 161 39 Louis.
802 1053 280 49 (28-13981)

389 1134 344 63 Buchanan,
766 1134 224 53 Robert
1024 1132 194 65 Earle,
1257 1137 171 49 1883-

462 1212 1927 70 Physiology and biochemistry of bacteria … by R. E.
394 1291 1994 69 Buchanan … and Ellis I. Fulmer … v. 1. Growth phases;
391 1368 377 69 composition
804 1369 113 52 and
950 1368 384 69 bio-physical
1368 1370 307 68 chemistry
1710 1369 63 53 of
1806 1368 253 55 bacteria
2094 1370 112 52 and
2241 1368 150 53 their

393 1448 424 66 environment;
874 1447 111 52 and
1039 1446 327 70 energetics.
1443 1448 334 67 Baltimore,
1831 1449 122 57 The
2004 1447 290 54 Williams
2346 1450 44 49 &

388 1525 253 54 Wilkins
670 1544 296 50 company,
998 1528 150 50 1928.

466 1608 64 48 xi,
565 1608 85 40 516
683 1619 43 37 p.
786 1608 142 49 illus.,
965 1608 181 49 diagrs.
1204 1609 149 41 23½ᶜᵐ.

465 1665 1924 49 “The present volumes … constitute essentially a combination and
393 1722 214 40 revision
642 1722 51 40 of
728 1722 85 40 the
845 1724 211 39 lectures
1093 1734 60 29 on
1190 1722 286 49 physiology
1513 1723 52 41 of
1600 1724 218 40 bacteria
1857 1725 97 39 and
1991 1735 61 30 on
2088 1724 301 48 biophysical

393 1780 265 47 chemistry
683 1780 141 48 given
850 1783 51 37 at
927 1781 82 39 the
1035 1781 132 40 Iowa
1194 1782 130 39 state
1351 1781 179 48 college
1556 1782 48 40 to
1631 1782 224 40 students
1882 1781 52 41 of
390 1780 2004 105 bacteriology.”—Pref.,
565 1850 44 28 v.
637 1838 40 40 1.

465 1895 309 40 “Literature
802 1895 156 40 cited”:
1018 1907 44 30 v.
1091 1896 39 47 1,
1161 1906 45 38 p.
1235 1895 219 43 463-493.

397 1947 52 52 ©
482 1953 114 46 May
624 1952 70 47 22,
726 1952 116 40 1928;
899 1953 68 40 2c.
998 1953 97 39 and
1126 1952 82 41 aff.
1242 1954 114 46 May
1387 1952 56 40 29;
1502 1953 42 38 A
1574 1952 203 41 1077513;
1837 1953 245 40 Williams
2114 1957 37 40 &
2181 1954 210 40 Wilkins

464 2019 68 30 co.
602 2008 280 49 (28-13929)

391 2089 251 63 Bürger,
674 2089 161 63 Otto,
870 2092 170 50 1865-

454 2166 301 69 Uruguay,
797 2167 157 68 land,
995 2167 135 52 volk
1170 2168 120 52 und
1333 2175 166 60 Staat,
1542 2168 327 53 Wirtschaft
1909 2170 119 52 und
383 2169 1983 143 einwanderung,

578 2262 111 34 von
718 2244 153 68 prof.
901 2246 85 51 dr.
1017 2244 139 55 Otto
1187 2247 242 67 Bürger.
1493 2246 113 53 Mit
1636 2248 131 51 acht
1795 2247 384 68 graphischen
2206 2247 180 53 tafeln

383 2322 120 52 und
534 2322 153 53 einer
715 2322 180 53 karte.
969 2323 259 70 Leipzig,
1259 2324 312 68 Dieterich,
1604 2327 150 50 1928.

454 2406 884 49 vii, 186 p. map, diagrs. 22 ½ᶜᵐ .
457 2463 358 40 “Literarische
848 2463 221 49 quellen”:
1134 2475 43 37 p.
1229 2464 236 48 [178]-179.

397 2515 1994 54 © Oct. 25, 1927; 1c. Jan. 25, 1928; A —Foreign 37539; Dieterich’sche
495 2577 555 48 verlagsbuchhandlung.
1122 2577 280 48 (28-13917)

391 2656 154 63 Carl,
575 2657 208 64 Henry
809 2657 80 53 M.

460 2733 276 69 Analytic
760 2735 261 69 physical
1046 2736 221 53 culture
1292 2736 129 69 golf;
1474 2737 166 53 home
1665 2737 270 54 exercises
1962 2737 96 54 for
2084 2739 309 54 automatic

389 2812 1980 145 correct form and greater golf, by Henry M. Carl … Chickasha,
573 2889 149 69 Okl.,
752 2889 135 57 Star
913 2891 133 69 pub.
1074 2910 80 35 co.
1208 2894 153 66 [1928]

460 2971 56 43 88
544 2982 42 37 p.
647 2973 157 46 plates
832 2971 136 49 (part
997 2973 145 49 fold.)
1210 2975 148 40 21½ᶜᵐ.

395 3024 1992 59 © Apr. 24, 1928; 2c. May 12; aff. May 21; A 1077384; H. M. Carl,
465 3085 287 50 Chickasha,
799 3087 106 41 Okl.
975 3088 279 48 (28-13520)

390 3165 244 63 Carroll,
666 3166 201 53 Frank
898 3167 74 53 H.

455 3244 179 54 What
673 3251 58 46 to
773 3246 171 52 think
983 3246 172 53 about
1196 3247 164 53 when
1399 3248 219 69 buying
1660 3268 31 33 a
1731 3251 182 66 home,
1955 3250 75 69 by
2072 3251 199 53 Frank
2309 3252 77 52 H.

387 3320 243 55 Carroll.
712 3323 264 69 [Denver,
1004 3331 18 21 ᶜ
1028 3328 150 64 1928]

456 3405 332 48 128 p. 20 ᶜᵐ .
395 3458 1990 61 © May 12, 1928; 2c. and aff. May 19; A 1077314; Wepf printing co.
473 3519 280 50 (28-13656)

391 3584 209 64 Chase,
630 3587 175 62 Mary
833 3587 184 63 Ellen,
1048 3589 83 53 ed.

454 3663 1931 75 The writing of informal essays, by Mary Ellen Chase … and
381 3738 1977 148 Margaret Eliot Macgregor … New York, H. Holt and company [ ᶜ 1928]
452 3900 81 48 vii,
565 3901 86 41 357
682 3913 45 37 p.
786 3902 146 42 19½ᶜᵐ.

452 3956 234 43 Contains
718 3958 393 51 bibliographies.

394 4008 1988 63 © May 22, 1928; 2c. May 29; aff. May 28; A 1077495; Henry Holt & co.
474 4069 279 51 (28-13878)
