2498 4384
1233 4015 135 50 1256

267 385 153 62 Hall,
452 384 327 64 Radclyffe.

270 471 1978 152 The well of loneliness, by Radclyffe Hall … with a commentary by Havelock Ellis. London, J. Cape [1928]
342 636 385 49 511, [1] p. 23 ᶜᵐ.
274 702 1999 52 © 1c. Aug. 23, 1928; A ad int. 11541; pubd. July 27; Alfred A. Knopf,
342 763 107 49 inc.,
479 764 118 40 New
625 763 146 41 York.
842 761 280 50 (28-21196)

268 872 386 63 Hawthorne,
688 871 378 64 Hildegarde,
1100 872 84 53 ed.

351 965 283 68 [Editing,
670 964 76 69 by
783 963 360 68 Hildegarde
1180 963 378 54 Hawthorne,
1596 962 61 51 in
1694 962 98 51 the
1828 960 149 53 book
2014 961 259 67 entitled]

274 1043 261 52 Arabian
568 1043 215 68 nights,
816 1042 189 51 edited
1038 1041 77 68 by
1146 1040 365 68 Hildegarde
1540 1039 378 68 Hawthorne,
1952 1039 327 52 illustrated

275 1121 76 69 by
384 1120 272 69 Virginia
693 1120 249 51 Frances
980 1118 262 54 Sterrett.
1315 1118 431 68 Philadelphia,
1781 1118 125 52 The
1939 1118 164 51 Penn
276 1116 1980 151 publishing
534 1216 281 49 company
863 1199 170 64 [1928]

346 1280 87 41 308
464 1291 43 37 p.
568 1281 86 39 col.
686 1279 165 48 front.,
884 1278 143 49 illus.,
1061 1280 87 39 col.
1182 1279 173 48 plates.
1415 1278 147 41 28½ᶜᵐ.

281 1347 1862 52 © Aug. 1, 1928; 2c. Aug. 9; aff. Aug. 23; A 1083956; Penn pub. co.
274 1474 251 61 Hodam,
557 1472 221 64 Joseph
812 1472 212 61 Adam,
1060 1472 171 54 1872-

348 1566 122 51 The
498 1565 295 68 mysteries
823 1564 64 54 of
914 1583 105 34 our
1049 1564 287 53 unknown
1365 1565 179 52 world;
1608 1584 32 33 a
1667 1566 170 52 series
1866 1563 65 54 of
1959 1582 188 49 essays
279 1563 1984 149 discussing

534 1644 96 52 the
658 1643 183 53 veiled
872 1644 112 52 and
1012 1643 159 53 often
1202 1643 412 53 misconstrued
1648 1642 148 54 facts
1824 1642 250 69 relating
2101 1649 58 46 to
2187 1661 102 34 our

279 1722 291 53 universal
604 1721 295 68 existence,
930 1721 77 69 by
1039 1722 219 67 Joseph
1292 1721 71 54 A.
1397 1722 233 52 Hodam
1669 1766 9 9 .…
1805 1720 104 68 [St.
1943 1721 194 65 Louis,
2170 1722 119 51 The

281 1800 1085 68 Union research association, ᶜ1 928.
348 1882 231 41 1 v. 18 ᶜᵐ.
285 1949 2001 52 © Mar. 12, 1928; 2c. and aff. Mar. 14; A 1069281; J. A. Hodam, St.
353 2010 162 40 Louis.
586 2010 282 51 (28-20152)

280 2115 257 63 Hodder,
572 2115 214 53 Muriel
817 2115 295 54 Winifred
1146 2116 326 63 Sylvester.

349 2208 143 66 Pax,
527 2206 98 53 the
662 2207 386 53 adventurous
1084 2207 183 67 horse,
1302 2207 76 70 by
1413 2207 214 54 Muriel
1660 2208 260 67 Hodder,
1957 2207 141 53 with
279 2207 1990 130 illustrations

560 2285 75 68 by
672 2284 128 69 Ray
838 2284 262 69 Garnett,
1137 2286 114 52 and
1290 2304 31 34 a
1357 2285 231 69 preface
1623 2287 76 68 by
1735 2286 255 53 Edward
2029 2285 262 56 Garnett.

279 2362 260 69 London,
572 2362 187 54 Faber
791 2364 47 52 &
870 2361 209 72 Gwyer
1120 2366 172 66 [1928]

351 2447 1193 50 xi, 13-127, [1] p. incl. front., illus. 22½ ᶜᵐ. .
353 2517 130 40 “The
513 2517 179 40 author
720 2527 101 30 was
850 2517 167 40 eleven
1048 2518 140 39 when
1218 2518 86 39 she
1335 2519 152 38 wrote
1517 2517 343 41 Pax.”—Pref.

292 2584 2001 52 © 1c. July 9. 1928; A ad int. 11511; pubd. June 14; M. W. S. Hodder,
359 2645 214 40 London.
644 2644 282 49 (28-21168)

286 2752 242 63 Howell,
566 2753 194 52 Mabel
796 2751 353 55 Katharine.

353 2844 242 55 Women
631 2844 113 52 and
780 2844 97 52 the
909 2843 306 70 kingdom;
1255 2843 135 70 fifty
1425 2863 163 50 years
1621 2844 65 54 of
1718 2844 278 69 kingdom
2031 2845 266 69 building

285 2922 74 69 by
384 2922 98 53 the
506 2940 217 35 women
748 2921 65 53 of
837 2923 97 52 the
957 2922 320 53 Methodist
1301 2922 312 69 Episcopal
1641 2924 229 64 church,
1898 2922 201 66 South,
289 2925 2010 128 1878-1928

289 3000 1989 147 [by] Mabel Katharine Howell … Nashville, Tenn., Cokesbury press, 1928.
356 3161 700 49 283 p. front. (port.) 18½ ᶜᵐ.
358 3231 352 48 Bibliography
728 3242 8 28 :
772 3242 41 37 p.
845 3231 218 41 281-283.

296 3297 51 52 ©
378 3302 117 46 July
523 3301 70 47 27,
623 3301 115 40 1928;
795 3301 67 40 2c.
894 3301 95 39 and
1020 3300 82 41 aff.
1132 3301 121 47 Aug.
1284 3301 81 46 17;
1399 3301 41 38 A
1471 3301 230 47 1083902;
1734 3303 180 39 Lamar
1944 3302 36 40 &
2010 3301 285 48 Whitmore,

366 3358 267 47 Nashville,
664 3358 148 39 Tenn.
884 3357 281 48 (28-20326)

295 3454 122 51 The
446 3451 331 53 Humorist,
853 3472 49 32 v.
935 3456 81 64 13,
1042 3471 89 35 no.
1160 3454 120 66 321,
1311 3451 157 69 Sept.
1497 3455 83 67 29,
1611 3456 151 49 1928.

302 3529 1997 56 © 1c. Oct. 4, 1928; A ad int. 11727; pubd. Sept. 22; George Newnes, ltd.,
369 3591 212 41 London.

296 3683 200 64 Jacob,
532 3683 175 54 Anna
743 3684 312 64 Gertrude,
1095 3685 173 54 1872-

431 3775 1869 70 … Personal hygiene, by A. Gertrude Jacob … pen sketches
299 3852 2002 71 by Anna M. Cowlin … Boston, The Christopher publishing
298 3930 400 69 house [ ᶜ1 928]
