2498 4384
1209 4080 138 50 2208

269 493 127 31 man.
425 483 258 48 Japanese,
713 483 389 46 Mohammedan,
1131 482 178 48 Keltic,
1340 481 174 48 Slavic,
1546 480 273 48 Germanic,
1848 479 263 48 maritime,
270 480 1996 106 ecclesiastical,

540 540 351 48 Romanesque,
923 537 580 51 Anglican.’’—Author’s
1535 540 126 38 note.

343 597 235 40 “Sources
611 597 52 40 of
692 597 332 40 illustrations:
1085 607 197 30 sources
1315 597 52 39 of
1399 597 284 39 documents
1715 595 179 48 quoted
1925 594 51 40 in
2008 596 106 39 text;
270 605 1996 90 general

401 654 304 40 references”
734 657 53 38 at
812 655 93 39 end
932 654 52 40 of
1010 654 120 40 each
1156 654 217 48 chapter.

343 711 357 48 “Reading-list
729 712 52 39 of
810 712 160 40 works
1020 724 31 27 in
1080 712 84 39 the
1193 711 204 48 English
1428 708 270 50 language”:
1759 721 44 29 v.
1834 711 38 40 1.
1904 719 43 38 p.
1977 709 196 40 xiv-xv.

273 777 51 53 ©
352 782 105 41 Oct.
483 782 70 48 27,
581 782 114 41 1928;
752 783 68 41 2c.
848 783 119 41 Nov.
995 783 54 40 23;
1109 782 82 41 aff.
1220 782 114 41 Dec.
1363 781 55 41 13:
1477 781 40 39 A
1544 779 116 42 3348;
1719 780 44 42 J.
1792 780 62 41 H.
1884 779 259 48 Wigmore,
341 778 1925 110 Chicago.

265 934 177 64 Wolf,
473 934 214 66 Julius,
722 942 173 49 1862-

333 1016 111 53 Die
498 1035 140 34 neue
691 1018 380 51 sexualmoral
1127 1017 119 52 und
1302 1017 101 52 das
1458 1012 540 71 geburtenproblem
2054 1032 234 35 unserer

265 1100 147 64 tage,
447 1115 111 33 von
592 1095 195 54 Julius
820 1095 181 54 Wolf.
1077 1096 167 66 Jena,
1280 1094 69 55 G.
1385 1094 255 69 Fischer,
1679 1096 150 51 1928.

333 1177 377 48 vi, 182 p. 24 ᶜᵐ.
273 1246 1816 52 © Sept. 15, 1928; 1c. Dec. 4; A —Foreign 1087; Gustav Fischer.
352 1306 253 50 (29-5790)

268 1403 235 64 Woods,
534 1404 140 53 Mrs.
710 1403 229 53 Bertha
975 1402 316 55 Gerneaux
1334 1400 248 66 (Davis)
1626 1401 172 55 1873-

334 1484 236 52 Patient
620 1482 302 59 scientists,
975 1484 110 52 and
1142 1484 164 53 other
1356 1501 176 49 verse,
1582 1482 74 67 by
1710 1482 219 53 Bertha
1980 1480 306 55 Gerneaux

263 1563 233 54 Woods.
574 1563 231 69 College
843 1562 176 69 Park,
1058 1562 141 68 Md.,
1238 1563 122 52 The
1398 1560 303 55 University
1777 1580 177 50 press,
1994 1564 152 51 1928.

335 1621 591 72 3 p. l., 9-55 p. 18 ½ᶜᵐ .
268 1713 51 52 ©
349 1718 115 40 Dec.
491 1718 69 46 28,
590 1717 141 47 1928;
761 1717 67 40 2c.
857 1718 97 39 and
983 1716 83 41 aff.
1095 1716 113 41 Dec.
1235 1716 84 47 28;
1351 1715 42 40 A
1420 1715 143 48 2470;
1596 1715 287 49 University
1912 1726 152 38 press.

350 1773 253 49 (29-1020)

263 1870 313 64 Woodson,
608 1870 212 54 Carter
853 1868 265 65 Godwin,
1152 1868 174 56 1875-

339 1948 250 53 African
632 1948 212 69 myths,
888 1947 262 69 together
1194 1947 143 52 with
1383 1947 303 68 proverbs;
1735 1965 32 34 a
1813 1947 474 69 supplementary

270 2027 200 52 reader
507 2026 302 68 composed
847 2025 64 54 of
948 2025 127 53 folk
1110 2027 143 52 tales
1294 2025 154 54 from
1484 2026 231 53 various
1755 2030 162 64 parts
1956 2024 66 55 of
2059 2025 227 57 Africa,

269 2104 252 69 adapted
555 2109 59 48 to
646 2104 96 53 the
776 2122 96 35 use
906 2103 65 54 of
1004 2104 263 53 children
1301 2104 61 53 in
1396 2105 98 53 the
1528 2104 196 69 public
1758 2105 240 68 schools,
2030 2104 79 71 by
267 2104 1995 131 Carter

385 2182 1898 71 Godwin Woodson … Washington, D. C., The Associated
268 2261 709 68 publishers, inc. [ ᶜ19 28]
407 2375 9 17 xv,
447 2344 86 40 184
563 2354 43 38 p.
636 2342 112 41 incl.
779 2342 165 50 front.,
976 2342 129 41 illus.
1166 2342 57 41 19½ᶜᵐ.

273 2413 53 51 ©
359 2418 113 39 Dec.
505 2417 39 46 8,
576 2416 115 40 1928;
751 2417 69 40 2c.
853 2417 113 40 Dec.
998 2416 60 40 10;
1117 2416 83 41 aff.
1233 2417 113 41 Dec.
1378 2416 57 40 20;
1497 2417 41 39 A
1569 2417 116 41 2407;
1748 2418 288 41 Associated
341 2420 1925 101 publishers,
463 2473 92 40 inc.
622 2473 253 49 (29-1210)

263 2568 240 65 Wyeth,
533 2568 156 54 John
720 2568 174 54 Allan
924 2568 304 65 Benedict,
1263 2575 173 49 1894-

335 2649 142 53 This
524 2648 180 54 man’s
752 2667 191 51 army;
997 2669 30 34 a
1076 2668 119 34 war
1244 2650 62 52 in
1353 2649 279 69 fifty-odd
1681 2656 228 50 sonnets
1980 2652 95 71 [by]
2130 2654 159 54 John

263 2727 180 54 Allan
476 2728 229 67 Wyeth.
782 2728 139 52 New
958 2728 181 58 York,
1174 2728 79 52 H.
1290 2729 196 66 Vinal,
1521 2731 124 66 ltd.,
1683 2733 151 52 1928.

334 2810 444 48 5 p. l., 60 p. 24½ᶜᵐ.
273 2875 52 53 ©
350 2881 120 39 Nov.
496 2881 68 47 14,
590 2880 116 40 1928;
759 2881 68 40 2c.
853 2882 119 39 Nov.
997 2881 55 38 21;
1109 2880 82 41 aff.
1218 2881 120 40 Nov.
1365 2881 55 38 22;
1476 2882 41 38 A
1542 2882 141 47 1836;
1713 2884 190 40 Harold
1931 2884 160 47 Vinal,
2118 2884 87 42 ltd.

353 2937 224 50 (29-493)

264 3033 234 63 Young,
536 3032 171 53 Edna
740 3032 140 54 Hill.

264 3109 1998 147 Help for you who stutter, by Edna Hill Young … Minneapolis, Minn.,
735 3189 121 53 The
888 3189 376 68 Hill-Young
1295 3189 193 53 school
1635 3193 84 64 [ᶜ1928]

371 3244 846 76 x, 142 p. illus. (part col.) 20 ᶜᵐ.
275 3339 51 52 ©
354 3343 114 41 Dec.
495 3344 68 47 13,
592 3343 118 41 1928;
762 3343 67 40 2c.
858 3343 113 41 Dec.
999 3344 54 39 18;
1110 3342 82 42 aff.
1222 3343 113 40 Dec.
1364 3344 55 38 17:
1475 3343 41 39 A
1542 3343 116 40 2320:
1717 3347 53 38 E.
1798 3347 61 39 H.
1888 3347 185 47 Young,
343 3346 1925 102 Minneapolis.
585 3400 283 48 (28-31002)

265 3495 234 64 Young,
532 3495 229 64 George
791 3494 239 64 Orville,
1064 3495 174 55 1873-

338 3574 262 54 Alaskan
637 3575 257 68 trophies
932 3593 127 34 won
1098 3576 114 52 and
1251 3576 128 66 lost,
1415 3575 77 67 by
1529 3574 69 55 G.
1639 3574 68 56 O.
1747 3577 229 69 Young.
2051 3579 237 66 Boston,

266 3654 1323 69 The Christopher publishing house [ ᶜ19 28]
338 3736 1154 48 248 p. front., plates, plan, fold. map. 20½ ᶜᵐ.
338 3794 76 38 An
439 3796 206 37 account
674 3793 51 40 of
751 3805 26 29 a
808 3793 211 47 hunting
1045 3793 309 48 “expedition
1383 3794 142 39 made
1551 3794 102 40 into
1681 3794 82 40 the
1789 3794 208 41 interior
2024 3796 52 40 of
2101 3796 184 40 Alaska

268 3851 97 39 and
395 3851 85 39 the
508 3851 174 39 Yukon
709 3851 256 47 Territory
995 3852 61 46 by
1085 3861 28 30 a
1142 3853 146 45 party
1319 3851 52 40 of
1400 3851 139 40 three
1568 3861 122 36 men,
1721 3851 52 40 of
1804 3852 158 40 which
1995 3853 85 39 the
2106 3854 183 39 author

266 3918 101 29 was
397 3907 330 42 one.”—Pref.

275 3960 51 53 ©
353 3964 114 43 Dec.
495 3967 39 46 1,
562 3965 114 42 1928;
731 3966 69 41 2c.
828 3966 112 42 Dec.
968 3967 27 40 7;
1051 3965 83 42 aff.
1162 3966 115 41 Dec.
1305 3965 26 42 6;
1387 3965 41 40 A
1455 3965 116 42 3088;
1629 3965 321 50 Christopher
1978 3967 111 48 pub.
2117 3967 166 42 house.

352 4022 284 50 (28-31077)
