<alto xmlns="http://www.loc.gov/standards/alto/ns-v3#" xmlns:xlink="http://www.w3.org/1999/xlink" xmlns:xsi="http://www.w3.org/2001/XMLSchema-instance" xsi:schemaLocation="http://www.loc.gov/standards/alto/ns-v3# http://www.loc.gov/alto/v3/alto-3-0.xsd"><Description>
<MeasurementUnit>pixel</MeasurementUnit>
<sourceImageInformation>
<fileName>1928_v25_part001.pdf</fileName>
</sourceImageInformation>
<OCRProcessing ID="IdOcr">
<ocrProcessingStep>
<processingDateTime>2019-04-12</processingDateTime>
<processingSoftware>
<softwareCreator>ABBYY</softwareCreator>
<softwareName>ABBYY Recognition Server</softwareName>
<softwareVersion>4.0</softwareVersion>
</processingSoftware>
</ocrProcessingStep>
</OCRProcessing>
</Description>
<Styles>
<ParagraphStyle ID="StyleId-FFFFFFFF-FFFF-FFFF-FFFF-FFFFFFFFFFFF-" ALIGN="Left" LEFT="0." RIGHT="0." FIRSTLINE="0."/>
<ParagraphStyle ID="StyleId-0ECAC0CE-E1F0-4C69-A1B9-95E16886343B-" ALIGN="Left" LEFT="0." RIGHT="0." FIRSTLINE="0." LINESPACE="8.300000191"/>
<ParagraphStyle ID="StyleId-5C6F7A30-EC6F-4250-A8D3-0AE106DCDB5D-" ALIGN="Left" LEFT="0." RIGHT="0." FIRSTLINE="-13." LINESPACE="11.22999954"/>
<ParagraphStyle ID="StyleId-B258737E-7AF8-4B71-A0BF-0A1420B951F9-" ALIGN="Left" LEFT="0." RIGHT="0." FIRSTLINE="-13." LINESPACE="8.210000038"/>
<ParagraphStyle ID="StyleId-35C0EFA5-E89E-4731-B16E-5D3895F12270-" ALIGN="Block" LEFT="0." RIGHT="0." FIRSTLINE="-12." LINESPACE="11.22999954"/>
<ParagraphStyle ID="StyleId-7BD1F9B4-14BB-4AAF-864B-FED8FEA7DC43-" ALIGN="Left" LEFT="0." RIGHT="0." FIRSTLINE="0."/>
<ParagraphStyle ID="StyleId-CD2DA0E5-536D-42AE-AE16-8D9F5C008D5A-" ALIGN="Block" LEFT="0." RIGHT="0." FIRSTLINE="-12." LINESPACE="10."/>
<ParagraphStyle ID="StyleId-AF408F88-EED5-4CE2-A229-3F852C18D9BD-" ALIGN="Block" LEFT="0." RIGHT="0." FIRSTLINE="-14." LINESPACE="10."/>
<ParagraphStyle ID="StyleId-829CD741-943D-4B7B-9638-57AB73DE2567-" ALIGN="Center" LEFT="0." RIGHT="0." FIRSTLINE="0." LINESPACE="9.399999619"/>
<ParagraphStyle ID="StyleId-B271BDFA-6037-4875-BA99-885A067668E9-" ALIGN="Left" LEFT="0." RIGHT="0." FIRSTLINE="-14." LINESPACE="11.21000004"/>
<ParagraphStyle ID="StyleId-64F9C1D8-EA12-4F65-AD18-B72A4C6B556F-" ALIGN="Center" LEFT="0." RIGHT="0." FIRSTLINE="0." LINESPACE="11.60000038"/>
<ParagraphStyle ID="StyleId-44DA2756-E57B-4EF3-9BA4-FC1C14776DE3-" ALIGN="Left" LEFT="0." RIGHT="0." FIRSTLINE="-12." LINESPACE="12.19999981"/>
<ParagraphStyle ID="StyleId-D1D9AF19-8CA6-4F74-9AEC-1B4545205AD7-" ALIGN="Center" LEFT="0." RIGHT="0." FIRSTLINE="0." LINESPACE="11.60000038"/>
<ParagraphStyle ID="StyleId-3ADA1556-6D19-417D-8046-68449BF368BA-" ALIGN="Left" LEFT="0." RIGHT="0." FIRSTLINE="-13." LINESPACE="12.19999981"/>
<ParagraphStyle ID="StyleId-7443A930-B325-44B5-9AB8-B42B4EC78C89-" ALIGN="Block" LEFT="0." RIGHT="0." FIRSTLINE="13." LINESPACE="8.619999886"/>
<ParagraphStyle ID="StyleId-C9A9E480-E448-4934-9AF8-3D252792E396-" ALIGN="Left" LEFT="0." RIGHT="0." FIRSTLINE="-12." LINESPACE="11.38000011"/>
<ParagraphStyle ID="StyleId-73039842-464C-49B9-9440-4C0D0E749DFE-" ALIGN="Center" LEFT="0." RIGHT="0." FIRSTLINE="0." LINESPACE="11.10000038"/>
<ParagraphStyle ID="StyleId-C51F6AC2-80DA-4C65-849C-6E2D5F548EA4-" ALIGN="Left" LEFT="0." RIGHT="0." FIRSTLINE="0." LINESPACE="7.699999809"/>
<ParagraphStyle ID="StyleId-494190D9-BDDC-4834-A745-6AF520F91CD0-" ALIGN="Block" LEFT="0." RIGHT="0." FIRSTLINE="-12." LINESPACE="11.22999954"/>
<ParagraphStyle ID="StyleId-68D39D31-3386-4B28-8C90-DA9420961D78-" ALIGN="Left" LEFT="0." RIGHT="0." FIRSTLINE="0." LINESPACE="11.60000038"/>
<ParagraphStyle ID="StyleId-DF0CE7C7-E73E-44FE-8867-C904BD7F3F42-" ALIGN="Block" LEFT="0." RIGHT="0." FIRSTLINE="0." LINESPACE="12.19999981"/>
</Styles>
<Layout>
<Page ID="Page1077" PHYSICAL_IMG_NR="1077" HEIGHT="4384" WIDTH="2498">
<TopMargin HEIGHT="442" WIDTH="2498" VPOS="0" HPOS="0">
</TopMargin>
<LeftMargin HEIGHT="3614" WIDTH="80" VPOS="442" HPOS="0">
</LeftMargin>
<RightMargin HEIGHT="3614" WIDTH="380" VPOS="442" HPOS="2118">
</RightMargin>
<BottomMargin HEIGHT="328" WIDTH="2498" VPOS="4056" HPOS="0">
<TextBlock ID="Page1077_Block1" HEIGHT="129" WIDTH="275" VPOS="4074" HPOS="1014" LANG="en-US" STYLEREFS="StyleId-0CF4C9A0-E913-47C3-AB63-7FBE117DBE62-">
<TextLine HEIGHT="55" WIDTH="136" VPOS="4094" HPOS="1047">
<String CONTENT="1077" HEIGHT="55" WIDTH="136" VPOS="4094" HPOS="1047"/>
</TextLine>
</TextBlock>
</BottomMargin>
<PrintSpace HEIGHT="3614" WIDTH="2038" VPOS="442" HPOS="80">
<TextBlock ID="Page1077_Block2" HEIGHT="3614" WIDTH="2038" VPOS="442" HPOS="80" LANG="en-US" CS="1" STYLEREFS="StyleId-6B79F3B8-996C-439D-99E2-36E4FF7C7DE5-">
<TextLine HEIGHT="66" WIDTH="884" VPOS="452" HPOS="92" STYLEREFS="StyleId-0CA91D08-0684-4C56-8F3F-D72DA7FB6E67-">
<String LANG="de" CONTENT="Michigan." HEIGHT="64" WIDTH="320" VPOS="452" HPOS="92"/>
<SP HEIGHT="52" WIDTH="73" VPOS="452" HPOS="413"/>
<String LANG="la" CONTENT="Supreme" HEIGHT="66" WIDTH="277" VPOS="452" HPOS="487"/>
<SP HEIGHT="35" WIDTH="35" VPOS="468" HPOS="765"/>
<String LANG="en-US" CONTENT="court." HEIGHT="47" WIDTH="175" VPOS="456" HPOS="801"/>
</TextLine>
<TextLine HEIGHT="150" WIDTH="1972" VPOS="524" HPOS="96" STYLEREFS="StyleId-1D25A3BF-AC51-44BB-A8F0-075DD9DD8FCA-" CS="1">
<String CONTENT="Michigan" HEIGHT="68" WIDTH="299" VPOS="530" HPOS="165"/>
<SP HEIGHT="33" WIDTH="22" VPOS="548" HPOS="465"/>
<String CONTENT="reports." HEIGHT="62" WIDTH="237" VPOS="534" HPOS="488"/>
<SP HEIGHT="55" WIDTH="63" VPOS="527" HPOS="726"/>
<String CONTENT="Cases" HEIGHT="55" WIDTH="170" VPOS="527" HPOS="790"/>
<SP HEIGHT="53" WIDTH="22" VPOS="527" HPOS="961"/>
<String CONTENT="decided" HEIGHT="53" WIDTH="235" VPOS="527" HPOS="984"/>
<SP HEIGHT="52" WIDTH="30" VPOS="527" HPOS="1220"/>
<String CS="1" CONTENT="&#8230;"/>
<SP HEIGHT="54" WIDTH="31" VPOS="524" HPOS="1307"/>
<String CONTENT="from" HEIGHT="53" WIDTH="151" VPOS="524" HPOS="1339"/>
<SP HEIGHT="53" WIDTH="24" VPOS="525" HPOS="1491"/>
<String CONTENT="July" HEIGHT="68" WIDTH="142" VPOS="525" HPOS="1516"/>
<SP HEIGHT="65" WIDTH="24" VPOS="528" HPOS="1659"/>
<String CONTENT="29" HEIGHT="49" WIDTH="65" VPOS="527" HPOS="1684"/>
<SP HEIGHT="49" WIDTH="25" VPOS="527" HPOS="1750"/>
<String CONTENT="to" HEIGHT="47" WIDTH="58" VPOS="530" HPOS="1776"/>
<SP HEIGHT="52" WIDTH="25" VPOS="525" HPOS="1835"/>
<String CONTENT="December" HEIGHT="135" WIDTH="1972" VPOS="525" HPOS="96"/>
<SP HEIGHT="48" WIDTH="32" VPOS="612" HPOS="195"/>
<String CONTENT="1," HEIGHT="62" WIDTH="46" VPOS="612" HPOS="228"/>
</TextLine>
<TextLine HEIGHT="68" WIDTH="1787" VPOS="604" HPOS="308" STYLEREFS="StyleId-1D25A3BF-AC51-44BB-A8F0-075DD9DD8FCA-">
<String CONTENT="1927." HEIGHT="53" WIDTH="148" VPOS="607" HPOS="308"/>
<SP HEIGHT="52" WIDTH="68" VPOS="606" HPOS="457"/>
<String CONTENT="Richard" HEIGHT="53" WIDTH="255" VPOS="606" HPOS="526"/>
<SP HEIGHT="53" WIDTH="29" VPOS="606" HPOS="782"/>
<String CONTENT="W." HEIGHT="53" WIDTH="91" VPOS="606" HPOS="812"/>
<SP HEIGHT="55" WIDTH="34" VPOS="604" HPOS="904"/>
<String CONTENT="Cooper," HEIGHT="68" WIDTH="239" VPOS="604" HPOS="939"/>
<SP HEIGHT="48" WIDTH="30" VPOS="623" HPOS="1179"/>
<String CONTENT="state" HEIGHT="49" WIDTH="145" VPOS="607" HPOS="1210"/>
<SP HEIGHT="34" WIDTH="31" VPOS="622" HPOS="1356"/>
<String CONTENT="reporter," HEIGHT="63" WIDTH="272" VPOS="608" HPOS="1388"/>
<SP HEIGHT="33" WIDTH="71" VPOS="621" HPOS="1661"/>
<String CONTENT="v." HEIGHT="33" WIDTH="50" VPOS="621" HPOS="1733"/>
<SP HEIGHT="49" WIDTH="33" VPOS="605" HPOS="1784"/>
<String CONTENT="240." HEIGHT="49" WIDTH="117" VPOS="605" HPOS="1818"/>
<SP HEIGHT="48" WIDTH="72" VPOS="606" HPOS="1936"/>
<String CONTENT="1st" HEIGHT="49" WIDTH="86" VPOS="606" HPOS="2009"/>
</TextLine>
<TextLine HEIGHT="89" WIDTH="1350" VPOS="664" HPOS="97" STYLEREFS="StyleId-1D25A3BF-AC51-44BB-A8F0-075DD9DD8FCA-">
<String CONTENT="ed." HEIGHT="52" WIDTH="83" VPOS="686" HPOS="97"/>
<SP HEIGHT="55" WIDTH="64" VPOS="684" HPOS="181"/>
<String CONTENT="Chicago," HEIGHT="69" WIDTH="270" VPOS="684" HPOS="246"/>
<SP HEIGHT="66" WIDTH="27" VPOS="685" HPOS="517"/>
<String CONTENT="(Callaghan" HEIGHT="88" WIDTH="323" VPOS="664" HPOS="545"/>
<SP HEIGHT="49" WIDTH="24" VPOS="685" HPOS="869"/>
<String CONTENT="&amp;" HEIGHT="49" WIDTH="46" VPOS="685" HPOS="894"/>
<SP HEIGHT="49" WIDTH="25" VPOS="685" HPOS="941"/>
<String CONTENT="company," HEIGHT="50" WIDTH="300" VPOS="700" HPOS="967"/>
<SP HEIGHT="64" WIDTH="28" VPOS="685" HPOS="1268"/>
<String CONTENT="1928." HEIGHT="50" WIDTH="150" VPOS="684" HPOS="1297"/>
</TextLine>
<TextLine HEIGHT="51" WIDTH="311" VPOS="765" HPOS="268" CS="1">
<String CS="1" CONTENT="xxx," HEIGHT="17" WIDTH="9" VPOS="799" HPOS="268"/>
<SP HEIGHT="48" WIDTH="29" VPOS="768" HPOS="278"/>
<String CS="1" CONTENT="780" HEIGHT="42" WIDTH="84" VPOS="766" HPOS="308"/>
<SP HEIGHT="49" WIDTH="28" VPOS="766" HPOS="393"/>
<String CONTENT="p." HEIGHT="38" WIDTH="42" VPOS="777" HPOS="422"/>
<SP HEIGHT="43" WIDTH="58" VPOS="765" HPOS="465"/>
<String CONTENT="23" HEIGHT="42" WIDTH="55" VPOS="765" HPOS="524"/>
<String STYLE="superscript" CS="1" CONTENT="&#7580;&#7504;."/>
</TextLine>
<TextLine HEIGHT="109" WIDTH="1977" VPOS="830" HPOS="100" CS="1">
<String CONTENT="&#169;" HEIGHT="53" WIDTH="51" VPOS="831" HPOS="100"/>
<SP HEIGHT="53" WIDTH="26" VPOS="831" HPOS="152"/>
<String CONTENT="July" HEIGHT="46" WIDTH="116" VPOS="836" HPOS="179"/>
<SP HEIGHT="47" WIDTH="22" VPOS="835" HPOS="296"/>
<String CONTENT="26," HEIGHT="48" WIDTH="70" VPOS="834" HPOS="319"/>
<SP HEIGHT="47" WIDTH="25" VPOS="835" HPOS="390"/>
<String CS="1" CONTENT="1928;" HEIGHT="41" WIDTH="117" VPOS="834" HPOS="416"/>
<SP HEIGHT="46" WIDTH="26" VPOS="834" HPOS="559"/>
<String CONTENT="2c." HEIGHT="39" WIDTH="67" VPOS="834" HPOS="586"/>
<SP HEIGHT="29" WIDTH="25" VPOS="844" HPOS="654"/>
<String CONTENT="and" HEIGHT="39" WIDTH="95" VPOS="834" HPOS="680"/>
<SP HEIGHT="39" WIDTH="26" VPOS="834" HPOS="776"/>
<String CONTENT="aff." HEIGHT="41" WIDTH="82" VPOS="832" HPOS="803"/>
<SP HEIGHT="41" WIDTH="25" VPOS="832" HPOS="886"/>
<String CONTENT="Aug." HEIGHT="48" WIDTH="120" VPOS="832" HPOS="912"/>
<SP HEIGHT="41" WIDTH="26" VPOS="832" HPOS="1033"/>
<String CS="1" CONTENT="1;" HEIGHT="39" WIDTH="23" VPOS="832" HPOS="1060"/>
<SP HEIGHT="46" WIDTH="28" VPOS="832" HPOS="1114"/>
<!-- cceid 2441A755-6CB2-1014-A20E-B9D6251C946A --><String CONTENT="A" HEIGHT="39" WIDTH="41" VPOS="832" HPOS="1143"/>
<SP HEIGHT="39" WIDTH="24" VPOS="832" HPOS="1185"/>
<String CONTENT="1082819;" HEIGHT="47" WIDTH="231" VPOS="831" HPOS="1210"/>
<SP HEIGHT="46" WIDTH="28" VPOS="832" HPOS="1442"/>
<String CONTENT="John" HEIGHT="40" WIDTH="129" VPOS="831" HPOS="1471"/>
<SP HEIGHT="42" WIDTH="28" VPOS="830" HPOS="1601"/>
<String CONTENT="S." HEIGHT="43" WIDTH="44" VPOS="830" HPOS="1630"/>
<SP HEIGHT="42" WIDTH="27" VPOS="831" HPOS="1675"/>
<String CONTENT="Haggerty," HEIGHT="48" WIDTH="265" VPOS="831" HPOS="1703"/>
<SP HEIGHT="33" WIDTH="29" VPOS="841" HPOS="1969"/>
<String CONTENT="secretary" HEIGHT="98" WIDTH="1910" VPOS="841" HPOS="167"/>
</TextLine>
<TextLine HEIGHT="51" WIDTH="1387" VPOS="886" HPOS="361">
<String CONTENT="of" HEIGHT="40" WIDTH="53" VPOS="891" HPOS="361"/>
<SP HEIGHT="40" WIDTH="26" VPOS="891" HPOS="415"/>
<String CONTENT="state" HEIGHT="37" WIDTH="128" VPOS="894" HPOS="442"/>
<SP HEIGHT="41" WIDTH="25" VPOS="890" HPOS="571"/>
<String CONTENT="for" HEIGHT="40" WIDTH="82" VPOS="890" HPOS="597"/>
<SP HEIGHT="37" WIDTH="25" VPOS="893" HPOS="680"/>
<String CONTENT="the" HEIGHT="41" WIDTH="81" VPOS="890" HPOS="706"/>
<SP HEIGHT="31" WIDTH="27" VPOS="900" HPOS="788"/>
<String CONTENT="state" HEIGHT="38" WIDTH="129" VPOS="892" HPOS="816"/>
<SP HEIGHT="30" WIDTH="26" VPOS="900" HPOS="946"/>
<String CONTENT="of" HEIGHT="41" WIDTH="51" VPOS="888" HPOS="973"/>
<SP HEIGHT="40" WIDTH="27" VPOS="888" HPOS="1025"/>
<String CONTENT="Michigan," HEIGHT="48" WIDTH="262" VPOS="889" HPOS="1053"/>
<SP HEIGHT="48" WIDTH="28" VPOS="888" HPOS="1316"/>
<String CONTENT="Lansing," HEIGHT="48" WIDTH="228" VPOS="888" HPOS="1345"/>
<SP HEIGHT="46" WIDTH="29" VPOS="889" HPOS="1574"/>
<String CONTENT="Mich." HEIGHT="42" WIDTH="144" VPOS="886" HPOS="1604"/>
</TextLine>
<TextLine HEIGHT="69" WIDTH="1911" VPOS="1010" HPOS="91" STYLEREFS="StyleId-572791D9-6F82-4956-86B7-5C897E690726-">
<String LANG="en-US" CONTENT="Munich." HEIGHT="53" WIDTH="259" VPOS="1014" HPOS="91"/>
<SP HEIGHT="51" WIDTH="73" VPOS="1015" HPOS="351"/>
<String LANG="de" CONTENT="Technische" HEIGHT="54" WIDTH="363" VPOS="1012" HPOS="425"/>
<SP HEIGHT="52" WIDTH="28" VPOS="1012" HPOS="789"/>
<String LANG="en-US" CONTENT="hochschule." HEIGHT="55" WIDTH="377" VPOS="1010" HPOS="818"/>
<SP HEIGHT="52" WIDTH="73" VPOS="1011" HPOS="1196"/>
<String LANG="de" CONTENT="Hydraulisches" HEIGHT="68" WIDTH="456" VPOS="1011" HPOS="1270"/>
<SP HEIGHT="52" WIDTH="25" VPOS="1012" HPOS="1727"/>
<String LANG="fr" CONTENT="institut." HEIGHT="52" WIDTH="249" VPOS="1011" HPOS="1753"/>
</TextLine>
<TextLine HEIGHT="73" WIDTH="1935" VPOS="1087" HPOS="165" STYLEREFS="StyleId-1D25A3BF-AC51-44BB-A8F0-075DD9DD8FCA-" LANG="de">
<String CONTENT="Mitteilungen" HEIGHT="68" WIDTH="411" VPOS="1092" HPOS="165"/>
<SP HEIGHT="52" WIDTH="39" VPOS="1091" HPOS="577"/>
<String CONTENT="des" HEIGHT="52" WIDTH="96" VPOS="1091" HPOS="617"/>
<SP HEIGHT="52" WIDTH="39" VPOS="1091" HPOS="714"/>
<String CONTENT="Hydraulischen" HEIGHT="69" WIDTH="468" VPOS="1090" HPOS="754"/>
<SP HEIGHT="51" WIDTH="41" VPOS="1090" HPOS="1223"/>
<String LANG="fr" CONTENT="instituts" HEIGHT="53" WIDTH="263" VPOS="1089" HPOS="1265"/>
<SP HEIGHT="53" WIDTH="36" VPOS="1089" HPOS="1529"/>
<String CONTENT="der" HEIGHT="52" WIDTH="99" VPOS="1089" HPOS="1566"/>
<SP HEIGHT="53" WIDTH="41" VPOS="1088" HPOS="1666"/>
<String CONTENT="Technischen" HEIGHT="54" WIDTH="392" VPOS="1087" HPOS="1708"/>
</TextLine>
<TextLine HEIGHT="151" WIDTH="1981" VPOS="1166" HPOS="95" STYLEREFS="StyleId-1D25A3BF-AC51-44BB-A8F0-075DD9DD8FCA-" CS="1">
<String LANG="de" CONTENT="hochschule" HEIGHT="52" WIDTH="340" VPOS="1171" HPOS="97"/>
<SP HEIGHT="53" WIDTH="19" VPOS="1170" HPOS="438"/>
<String LANG="de" CONTENT="M&#252;nchen" HEIGHT="52" WIDTH="289" VPOS="1169" HPOS="458"/>
<SP HEIGHT="33" WIDTH="27" VPOS="1187" HPOS="748"/>
<String LANG="de" CS="1" CONTENT="&#8230;"/>
<SP HEIGHT="52" WIDTH="62" VPOS="1168" HPOS="832"/>
<String LANG="de" CONTENT="hft." HEIGHT="53" WIDTH="112" VPOS="1167" HPOS="895"/>
<SP HEIGHT="35" WIDTH="23" VPOS="1185" HPOS="1008"/>
<String LANG="de" CS="1" CONTENT="II." HEIGHT="9" WIDTH="9" VPOS="1210" HPOS="1085"/>
<SP HEIGHT="51" WIDTH="57" VPOS="1168" HPOS="1095"/>
<String LANG="de" CONTENT="M&#252;nchen" HEIGHT="53" WIDTH="293" VPOS="1167" HPOS="1153"/>
<SP HEIGHT="34" WIDTH="20" VPOS="1185" HPOS="1447"/>
<String LANG="de" CONTENT="u." HEIGHT="34" WIDTH="53" VPOS="1185" HPOS="1468"/>
<SP HEIGHT="51" WIDTH="25" VPOS="1168" HPOS="1522"/>
<String LANG="de" CONTENT="Berlin," HEIGHT="68" WIDTH="219" VPOS="1166" HPOS="1548"/>
<SP HEIGHT="67" WIDTH="21" VPOS="1167" HPOS="1768"/>
<String LANG="fr" CONTENT="R." HEIGHT="52" WIDTH="67" VPOS="1167" HPOS="1790"/>
<SP HEIGHT="55" WIDTH="27" VPOS="1166" HPOS="1858"/>
<String LANG="fr" CONTENT="Oldenbourg," HEIGHT="151" WIDTH="1981" VPOS="1166" HPOS="95"/>
<SP HEIGHT="62" WIDTH="34" VPOS="1253" HPOS="296"/>
<String LANG="de" CONTENT="1928." HEIGHT="52" WIDTH="151" VPOS="1249" HPOS="331"/>
</TextLine>
<TextLine HEIGHT="53" WIDTH="973" VPOS="1326" HPOS="166" LANG="de" CS="1">
<String CONTENT="3" HEIGHT="39" WIDTH="26" VPOS="1332" HPOS="166"/>
<SP/>
<String CS="1" CONTENT="p."/>
<SP/>
<String CS="1" CONTENT="l.," HEIGHT="18" WIDTH="9" VPOS="1361" HPOS="331"/>
<SP HEIGHT="48" WIDTH="29" VPOS="1331" HPOS="341"/>
<String CONTENT="71," HEIGHT="47" WIDTH="70" VPOS="1330" HPOS="371"/>
<SP HEIGHT="30" WIDTH="31" VPOS="1348" HPOS="442"/>
<String CONTENT="[2]" HEIGHT="49" WIDTH="55" VPOS="1329" HPOS="474"/>
<SP HEIGHT="39" WIDTH="30" VPOS="1339" HPOS="530"/>
<String CONTENT="p." HEIGHT="38" WIDTH="43" VPOS="1339" HPOS="561"/>
<SP HEIGHT="41" WIDTH="58" VPOS="1328" HPOS="605"/>
<String CONTENT="illus.," HEIGHT="49" WIDTH="144" VPOS="1328" HPOS="664"/>
<SP HEIGHT="48" WIDTH="31" VPOS="1329" HPOS="809"/>
<String CONTENT="diagrs." HEIGHT="49" WIDTH="180" VPOS="1327" HPOS="841"/>
<SP HEIGHT="43" WIDTH="55" VPOS="1326" HPOS="1022"/>
<String CONTENT="28" HEIGHT="42" WIDTH="61" VPOS="1326" HPOS="1078"/>
<String LANG="en-US" CS="1" CONTENT="&#189;"/>
<String STYLE="superscript" CS="1" CONTENT="&#7580;&#7504;."/>
</TextLine>
<TextLine HEIGHT="49" WIDTH="671" VPOS="1399" HPOS="98" LANG="de">
<String CONTENT="Editor" HEIGHT="40" WIDTH="172" VPOS="1402" HPOS="98"/>
<SP HEIGHT="30" WIDTH="16" VPOS="1411" HPOS="271"/>
<String CONTENT=":" HEIGHT="30" WIDTH="9" VPOS="1411" HPOS="288"/>
<SP HEIGHT="40" WIDTH="27" VPOS="1401" HPOS="298"/>
<String CONTENT="1928," HEIGHT="49" WIDTH="129" VPOS="1399" HPOS="326"/>
<SP HEIGHT="48" WIDTH="27" VPOS="1400" HPOS="456"/>
<String CONTENT="D." HEIGHT="41" WIDTH="57" VPOS="1400" HPOS="484"/>
<SP HEIGHT="41" WIDTH="26" VPOS="1400" HPOS="542"/>
<String CONTENT="Thoma." HEIGHT="42" WIDTH="200" VPOS="1399" HPOS="569"/>
</TextLine>
<TextLine HEIGHT="53" WIDTH="1750" VPOS="1467" HPOS="101" CS="1">
<String LANG="de" CONTENT="&#169;" HEIGHT="53" WIDTH="52" VPOS="1467" HPOS="101"/>
<SP HEIGHT="53" WIDTH="26" VPOS="1467" HPOS="154"/>
<String LANG="de" CONTENT="Jan." HEIGHT="41" WIDTH="111" VPOS="1472" HPOS="181"/>
<SP HEIGHT="42" WIDTH="21" VPOS="1471" HPOS="293"/>
<String LANG="de" CONTENT="2," HEIGHT="49" WIDTH="42" VPOS="1471" HPOS="315"/>
<SP HEIGHT="49" WIDTH="24" VPOS="1471" HPOS="358"/>
<String LANG="de" CONTENT="1928;" HEIGHT="47" WIDTH="143" VPOS="1470" HPOS="383"/>
<SP/>
<String LANG="de" CS="1" CONTENT="1c."/>
<SP/>
<String LANG="en-US" CONTENT="Apr." HEIGHT="48" WIDTH="114" VPOS="1470" HPOS="649"/>
<SP HEIGHT="42" WIDTH="24" VPOS="1469" HPOS="764"/>
<String LANG="de" CONTENT="23;" HEIGHT="48" WIDTH="83" VPOS="1469" HPOS="789"/>
<SP HEIGHT="48" WIDTH="27" VPOS="1469" HPOS="873"/>
<!-- cceid 244212A5-6CB2-1014-A20E-B9D6251C946A --><String LANG="en-US" CONTENT="A" HEIGHT="39" WIDTH="42" VPOS="1469" HPOS="901"/>
<String LANG="de" CONTENT="&#8212;Foreign" HEIGHT="49" WIDTH="272" VPOS="1468" HPOS="943"/>
<SP HEIGHT="40" WIDTH="23" VPOS="1468" HPOS="1216"/>
<String LANG="de" CONTENT="38602;" HEIGHT="47" WIDTH="173" VPOS="1468" HPOS="1240"/>
<SP HEIGHT="47" WIDTH="29" VPOS="1468" HPOS="1414"/>
<String LANG="fr" CONTENT="R." HEIGHT="42" WIDTH="56" VPOS="1468" HPOS="1444"/>
<SP HEIGHT="42" WIDTH="27" VPOS="1468" HPOS="1501"/>
<String LANG="fr" CONTENT="Oldenbourg." HEIGHT="49" WIDTH="322" VPOS="1468" HPOS="1529"/>
</TextLine>
<TextLine HEIGHT="134" WIDTH="1983" VPOS="1619" HPOS="96" STYLEREFS="StyleId-572791D9-6F82-4956-86B7-5C897E690726-" CS="1">
<String LANG="de" CONTENT="National" HEIGHT="53" WIDTH="281" VPOS="1621" HPOS="96"/>
<SP HEIGHT="53" WIDTH="43" VPOS="1621" HPOS="378"/>
<String CONTENT="congress" HEIGHT="50" WIDTH="282" VPOS="1635" HPOS="422"/>
<SP HEIGHT="37" WIDTH="40" VPOS="1636" HPOS="705"/>
<String CONTENT="of" HEIGHT="53" WIDTH="64" VPOS="1620" HPOS="746"/>
<SP HEIGHT="52" WIDTH="39" VPOS="1620" HPOS="811"/>
<String CONTENT="mothers" HEIGHT="53" WIDTH="269" VPOS="1619" HPOS="851"/>
<SP HEIGHT="37" WIDTH="39" VPOS="1635" HPOS="1121"/>
<String CONTENT="and" HEIGHT="53" WIDTH="117" VPOS="1619" HPOS="1161"/>
<SP HEIGHT="63" WIDTH="41" VPOS="1619" HPOS="1279"/>
<String CONTENT="parent-teacher" HEIGHT="62" WIDTH="484" VPOS="1620" HPOS="1321"/>
<SP HEIGHT="36" WIDTH="40" VPOS="1636" HPOS="1806"/>
<String CONTENT="associations." HEIGHT="133" WIDTH="1913" VPOS="1620" HPOS="166"/>
</TextLine>
<TextLine HEIGHT="71" WIDTH="1944" VPOS="1774" HPOS="159" STYLEREFS="StyleId-1D25A3BF-AC51-44BB-A8F0-075DD9DD8FCA-" CS="1">
<String CONTENT="Parents" HEIGHT="53" WIDTH="243" VPOS="1777" HPOS="159"/>
<SP HEIGHT="34" WIDTH="32" VPOS="1795" HPOS="403"/>
<String CONTENT="and" HEIGHT="54" WIDTH="114" VPOS="1775" HPOS="436"/>
<SP HEIGHT="54" WIDTH="29" VPOS="1775" HPOS="551"/>
<String CONTENT="teachers;" HEIGHT="68" WIDTH="282" VPOS="1775" HPOS="581"/>
<SP HEIGHT="49" WIDTH="35" VPOS="1794" HPOS="864"/>
<String CONTENT="a" HEIGHT="33" WIDTH="31" VPOS="1794" HPOS="900"/>
<SP HEIGHT="34" WIDTH="30" VPOS="1794" HPOS="932"/>
<String CONTENT="survey" HEIGHT="50" WIDTH="207" VPOS="1794" HPOS="963"/>
<SP HEIGHT="51" WIDTH="29" VPOS="1793" HPOS="1171"/>
<String CONTENT="of" HEIGHT="54" WIDTH="66" VPOS="1774" HPOS="1201"/>
<SP HEIGHT="54" WIDTH="29" VPOS="1774" HPOS="1268"/>
<String CONTENT="organized" HEIGHT="70" WIDTH="310" VPOS="1775" HPOS="1298"/>
<SP HEIGHT="53" WIDTH="30" VPOS="1775" HPOS="1609"/>
<String CS="1" CONTENT="co&#246;peration" HEIGHT="68" WIDTH="364" VPOS="1776" HPOS="1640"/>
<SP HEIGHT="34" WIDTH="31" VPOS="1795" HPOS="2005"/>
<String CONTENT="of" HEIGHT="53" WIDTH="66" VPOS="1776" HPOS="2037"/>
</TextLine>
<TextLine HEIGHT="69" WIDTH="2013" VPOS="1853" HPOS="90" STYLEREFS="StyleId-1D25A3BF-AC51-44BB-A8F0-075DD9DD8FCA-">
<String CONTENT="home," HEIGHT="66" WIDTH="180" VPOS="1855" HPOS="90"/>
<SP HEIGHT="48" WIDTH="29" VPOS="1873" HPOS="271"/>
<String CONTENT="school," HEIGHT="66" WIDTH="210" VPOS="1855" HPOS="301"/>
<SP HEIGHT="49" WIDTH="31" VPOS="1872" HPOS="512"/>
<String CONTENT="and" HEIGHT="53" WIDTH="112" VPOS="1854" HPOS="544"/>
<SP HEIGHT="52" WIDTH="31" VPOS="1854" HPOS="657"/>
<String CONTENT="community," HEIGHT="68" WIDTH="371" VPOS="1853" HPOS="689"/>
<SP HEIGHT="50" WIDTH="29" VPOS="1871" HPOS="1061"/>
<String CONTENT="prepared" HEIGHT="67" WIDTH="285" VPOS="1854" HPOS="1091"/>
<SP HEIGHT="52" WIDTH="29" VPOS="1854" HPOS="1377"/>
<String CONTENT="under" HEIGHT="52" WIDTH="182" VPOS="1854" HPOS="1407"/>
<SP HEIGHT="46" WIDTH="29" VPOS="1860" HPOS="1590"/>
<String CONTENT="the" HEIGHT="53" WIDTH="97" VPOS="1854" HPOS="1620"/>
<SP HEIGHT="34" WIDTH="30" VPOS="1873" HPOS="1718"/>
<String CONTENT="auspices" HEIGHT="68" WIDTH="257" VPOS="1854" HPOS="1749"/>
<SP HEIGHT="35" WIDTH="30" VPOS="1872" HPOS="2007"/>
<String CONTENT="of" HEIGHT="53" WIDTH="65" VPOS="1854" HPOS="2038"/>
</TextLine>
<TextLine HEIGHT="72" WIDTH="2011" VPOS="1930" HPOS="91" STYLEREFS="StyleId-1D25A3BF-AC51-44BB-A8F0-075DD9DD8FCA-">
<String CONTENT="the" HEIGHT="53" WIDTH="94" VPOS="1933" HPOS="91"/>
<SP HEIGHT="53" WIDTH="37" VPOS="1933" HPOS="186"/>
<String CONTENT="National" HEIGHT="53" WIDTH="276" VPOS="1932" HPOS="224"/>
<SP HEIGHT="52" WIDTH="33" VPOS="1932" HPOS="501"/>
<String CONTENT="congress" HEIGHT="54" WIDTH="262" VPOS="1946" HPOS="535"/>
<SP HEIGHT="36" WIDTH="36" VPOS="1948" HPOS="798"/>
<String CONTENT="of" HEIGHT="53" WIDTH="65" VPOS="1930" HPOS="835"/>
<SP HEIGHT="69" WIDTH="33" VPOS="1930" HPOS="901"/>
<String CONTENT="parents" HEIGHT="62" WIDTH="232" VPOS="1937" HPOS="935"/>
<SP HEIGHT="34" WIDTH="36" VPOS="1950" HPOS="1168"/>
<String CONTENT="and" HEIGHT="53" WIDTH="115" VPOS="1931" HPOS="1205"/>
<SP HEIGHT="53" WIDTH="34" VPOS="1931" HPOS="1321"/>
<String CONTENT="teachers" HEIGHT="53" WIDTH="255" VPOS="1932" HPOS="1356"/>
<SP HEIGHT="35" WIDTH="35" VPOS="1950" HPOS="1612"/>
<String CONTENT="and" HEIGHT="53" WIDTH="114" VPOS="1932" HPOS="1648"/>
<SP HEIGHT="53" WIDTH="34" VPOS="1932" HPOS="1763"/>
<String CONTENT="edited" HEIGHT="54" WIDTH="191" VPOS="1932" HPOS="1798"/>
<SP HEIGHT="54" WIDTH="33" VPOS="1932" HPOS="1990"/>
<String CONTENT="by" HEIGHT="70" WIDTH="78" VPOS="1932" HPOS="2024"/>
</TextLine>
<TextLine HEIGHT="69" WIDTH="2013" VPOS="2009" HPOS="90" STYLEREFS="StyleId-1D25A3BF-AC51-44BB-A8F0-075DD9DD8FCA-" CS="1">
<String CONTENT="Martha" HEIGHT="53" WIDTH="236" VPOS="2011" HPOS="90"/>
<SP HEIGHT="56" WIDTH="35" VPOS="2009" HPOS="327"/>
<String CONTENT="Sprague" HEIGHT="69" WIDTH="263" VPOS="2009" HPOS="363"/>
<SP HEIGHT="53" WIDTH="34" VPOS="2009" HPOS="627"/>
<String CONTENT="Mason." HEIGHT="53" WIDTH="220" VPOS="2009" HPOS="662"/>
<SP HEIGHT="52" WIDTH="75" VPOS="2009" HPOS="883"/>
<String CONTENT="Boston," HEIGHT="65" WIDTH="235" VPOS="2009" HPOS="959"/>
<SP HEIGHT="65" WIDTH="34" VPOS="2009" HPOS="1195"/>
<String CONTENT="New" HEIGHT="53" WIDTH="142" VPOS="2009" HPOS="1230"/>
<SP HEIGHT="53" WIDTH="34" VPOS="2009" HPOS="1373"/>
<String CONTENT="York" HEIGHT="53" WIDTH="165" VPOS="2009" HPOS="1408"/>
<SP HEIGHT="68" WIDTH="39" VPOS="2009" HPOS="1574"/>
<String CS="1" CONTENT="[etc.]" HEIGHT="62" WIDTH="121" VPOS="2015" HPOS="1631"/>
<SP HEIGHT="67" WIDTH="41" VPOS="2010" HPOS="1753"/>
<String CONTENT="Ginn" HEIGHT="55" WIDTH="158" VPOS="2010" HPOS="1795"/>
<SP HEIGHT="34" WIDTH="33" VPOS="2030" HPOS="1954"/>
<String CONTENT="and" HEIGHT="53" WIDTH="115" VPOS="2012" HPOS="1988"/>
</TextLine>
<TextLine HEIGHT="68" WIDTH="512" VPOS="2089" HPOS="91" STYLEREFS="StyleId-1D25A3BF-AC51-44BB-A8F0-075DD9DD8FCA-" CS="1">
<String CONTENT="company" HEIGHT="52" WIDTH="281" VPOS="2105" HPOS="91"/>
<SP HEIGHT="50" WIDTH="35" VPOS="2107" HPOS="373"/>
<String CONTENT="[" HEIGHT="34" WIDTH="14" VPOS="2121" HPOS="409"/>
<String STYLE="superscript" CS="1" CONTENT="&#7580;1"/>
<String CONTENT="928]" HEIGHT="65" WIDTH="118" VPOS="2089" HPOS="485"/>
</TextLine>
<TextLine HEIGHT="53" WIDTH="1274" VPOS="2168" HPOS="229" CS="1">
<String CS="1" CONTENT="xv," HEIGHT="17" WIDTH="9" VPOS="2204" HPOS="229"/>
<SP HEIGHT="49" WIDTH="27" VPOS="2172" HPOS="239"/>
<String CONTENT="317" HEIGHT="41" WIDTH="86" VPOS="2172" HPOS="267"/>
<SP HEIGHT="47" WIDTH="26" VPOS="2173" HPOS="354"/>
<String CONTENT="p." HEIGHT="38" WIDTH="45" VPOS="2182" HPOS="381"/>
<SP HEIGHT="43" WIDTH="25" VPOS="2170" HPOS="427"/>
<String CONTENT="incl." HEIGHT="42" WIDTH="112" VPOS="2170" HPOS="453"/>
<SP HEIGHT="42" WIDTH="27" VPOS="2170" HPOS="566"/>
<String CONTENT="illus.," HEIGHT="48" WIDTH="144" VPOS="2170" HPOS="594"/>
<SP HEIGHT="49" WIDTH="28" VPOS="2169" HPOS="739"/>
<String CONTENT="2" HEIGHT="40" WIDTH="27" VPOS="2169" HPOS="768"/>
<SP HEIGHT="49" WIDTH="25" VPOS="2169" HPOS="796"/>
<String CONTENT="port." HEIGHT="47" WIDTH="124" VPOS="2171" HPOS="822"/>
<SP HEIGHT="49" WIDTH="26" VPOS="2168" HPOS="947"/>
<String CONTENT="(incl." HEIGHT="49" WIDTH="136" VPOS="2168" HPOS="974"/>
<SP HEIGHT="42" WIDTH="27" VPOS="2168" HPOS="1111"/>
<String CONTENT="front.)" HEIGHT="49" WIDTH="178" VPOS="2168" HPOS="1139"/>
<SP HEIGHT="48" WIDTH="64" VPOS="2169" HPOS="1318"/>
<String CS="1" CONTENT="20&#7580;&#7504;." HEIGHT="41" WIDTH="120" VPOS="2170" HPOS="1383"/>
</TextLine>
<TextLine HEIGHT="51" WIDTH="1939" VPOS="2240" HPOS="163">
<String CONTENT="Bibliography:" HEIGHT="49" WIDTH="379" VPOS="2242" HPOS="163"/>
<SP HEIGHT="37" WIDTH="37" VPOS="2252" HPOS="543"/>
<String CONTENT="p." HEIGHT="37" WIDTH="44" VPOS="2252" HPOS="581"/>
<SP HEIGHT="41" WIDTH="35" VPOS="2241" HPOS="626"/>
<String CONTENT="307-311," HEIGHT="48" WIDTH="219" VPOS="2240" HPOS="662"/>
<SP HEIGHT="36" WIDTH="37" VPOS="2252" HPOS="882"/>
<String CONTENT="and" HEIGHT="39" WIDTH="97" VPOS="2242" HPOS="920"/>
<SP HEIGHT="39" WIDTH="36" VPOS="2242" HPOS="1018"/>
<String CONTENT="at" HEIGHT="38" WIDTH="51" VPOS="2243" HPOS="1055"/>
<SP HEIGHT="38" WIDTH="36" VPOS="2243" HPOS="1107"/>
<String CONTENT="end" HEIGHT="39" WIDTH="92" VPOS="2242" HPOS="1144"/>
<SP HEIGHT="39" WIDTH="36" VPOS="2242" HPOS="1237"/>
<String CONTENT="of" HEIGHT="40" WIDTH="52" VPOS="2241" HPOS="1274"/>
<SP HEIGHT="40" WIDTH="35" VPOS="2241" HPOS="1327"/>
<String CONTENT="each" HEIGHT="39" WIDTH="119" VPOS="2243" HPOS="1363"/>
<SP HEIGHT="38" WIDTH="35" VPOS="2243" HPOS="1483"/>
<String CONTENT="chapter" HEIGHT="48" WIDTH="203" VPOS="2242" HPOS="1519"/>
<SP HEIGHT="29" WIDTH="36" VPOS="2253" HPOS="1723"/>
<String CONTENT="of" HEIGHT="39" WIDTH="52" VPOS="2243" HPOS="1760"/>
<SP HEIGHT="48" WIDTH="33" VPOS="2243" HPOS="1813"/>
<String CONTENT="part" HEIGHT="46" WIDTH="112" VPOS="2245" HPOS="1847"/>
<SP HEIGHT="40" WIDTH="37" VPOS="2245" HPOS="1960"/>
<String CONTENT="one." HEIGHT="31" WIDTH="104" VPOS="2255" HPOS="1998"/>
</TextLine>
<TextLine HEIGHT="53" WIDTH="1660" VPOS="2310" HPOS="442" CS="1">
<String CS="1" CONTENT="CONTENTS.&#8212;pt." HEIGHT="49" WIDTH="133" VPOS="2310" HPOS="442"/>
<SP HEIGHT="34" WIDTH="36" VPOS="2317" HPOS="576"/>
<String CS="1" CONTENT="I." HEIGHT="10" WIDTH="11" VPOS="2341" HPOS="635"/>
<SP HEIGHT="39" WIDTH="38" VPOS="2312" HPOS="647"/>
<String CONTENT="Education" HEIGHT="40" WIDTH="274" VPOS="2311" HPOS="686"/>
<SP HEIGHT="29" WIDTH="37" VPOS="2322" HPOS="961"/>
<String CONTENT="and" HEIGHT="39" WIDTH="96" VPOS="2312" HPOS="999"/>
<SP HEIGHT="39" WIDTH="36" VPOS="2312" HPOS="1096"/>
<String CONTENT="educational" HEIGHT="40" WIDTH="312" VPOS="2312" HPOS="1133"/>
<SP HEIGHT="39" WIDTH="35" VPOS="2312" HPOS="1446"/>
<String CONTENT="factors" HEIGHT="41" WIDTH="189" VPOS="2312" HPOS="1482"/>
<SP HEIGHT="29" WIDTH="16" VPOS="2324" HPOS="1672"/>
<String CONTENT=":" HEIGHT="28" WIDTH="8" VPOS="2324" HPOS="1689"/>
<SP HEIGHT="39" WIDTH="41" VPOS="2314" HPOS="1698"/>
<String CONTENT="Principles" HEIGHT="50" WIDTH="271" VPOS="2313" HPOS="1740"/>
<SP HEIGHT="30" WIDTH="38" VPOS="2326" HPOS="2012"/>
<String CONTENT="of" HEIGHT="40" WIDTH="51" VPOS="2316" HPOS="2051"/>
</TextLine>
<TextLine HEIGHT="54" WIDTH="2010" VPOS="2367" HPOS="92">
<String CONTENT="education," HEIGHT="49" WIDTH="274" VPOS="2368" HPOS="92"/>
<SP HEIGHT="48" WIDTH="31" VPOS="2369" HPOS="367"/>
<String CONTENT="by" HEIGHT="48" WIDTH="64" VPOS="2369" HPOS="399"/>
<SP HEIGHT="49" WIDTH="30" VPOS="2368" HPOS="464"/>
<String LANG="fr" CONTENT="H." HEIGHT="41" WIDTH="61" VPOS="2368" HPOS="495"/>
<SP HEIGHT="42" WIDTH="32" VPOS="2367" HPOS="557"/>
<String CONTENT="C." HEIGHT="42" WIDTH="49" VPOS="2367" HPOS="590"/>
<SP HEIGHT="40" WIDTH="33" VPOS="2368" HPOS="640"/>
<String CONTENT="Morrison." HEIGHT="42" WIDTH="258" VPOS="2367" HPOS="674"/>
<SP HEIGHT="42" WIDTH="61" VPOS="2367" HPOS="933"/>
<String CONTENT="Contribution" HEIGHT="42" WIDTH="346" VPOS="2367" HPOS="995"/>
<SP HEIGHT="31" WIDTH="30" VPOS="2379" HPOS="1342"/>
<String CONTENT="of" HEIGHT="42" WIDTH="52" VPOS="2368" HPOS="1373"/>
<SP HEIGHT="42" WIDTH="31" VPOS="2368" HPOS="1426"/>
<String CONTENT="the" HEIGHT="40" WIDTH="82" VPOS="2370" HPOS="1458"/>
<SP HEIGHT="40" WIDTH="31" VPOS="2370" HPOS="1541"/>
<String CONTENT="home" HEIGHT="41" WIDTH="139" VPOS="2370" HPOS="1573"/>
<SP HEIGHT="36" WIDTH="31" VPOS="2375" HPOS="1713"/>
<String CONTENT="to" HEIGHT="36" WIDTH="49" VPOS="2375" HPOS="1745"/>
<SP HEIGHT="30" WIDTH="30" VPOS="2381" HPOS="1795"/>
<String CONTENT="education," HEIGHT="50" WIDTH="276" VPOS="2371" HPOS="1826"/>
</TextLine>
<TextLine HEIGHT="52" WIDTH="2008" VPOS="2424" HPOS="94">
<String CONTENT="by" HEIGHT="47" WIDTH="61" VPOS="2429" HPOS="94"/>
<SP HEIGHT="49" WIDTH="39" VPOS="2427" HPOS="156"/>
<String CONTENT="Sarah" HEIGHT="41" WIDTH="157" VPOS="2427" HPOS="196"/>
<SP HEIGHT="40" WIDTH="38" VPOS="2426" HPOS="354"/>
<String CONTENT="L." HEIGHT="40" WIDTH="51" VPOS="2426" HPOS="393"/>
<SP HEIGHT="41" WIDTH="37" VPOS="2425" HPOS="445"/>
<String CONTENT="Arnold." HEIGHT="41" WIDTH="199" VPOS="2425" HPOS="483"/>
<SP HEIGHT="41" WIDTH="68" VPOS="2424" HPOS="683"/>
<String CONTENT="Contribution" HEIGHT="41" WIDTH="342" VPOS="2424" HPOS="752"/>
<SP HEIGHT="29" WIDTH="34" VPOS="2436" HPOS="1095"/>
<String CONTENT="of" HEIGHT="40" WIDTH="54" VPOS="2425" HPOS="1130"/>
<SP HEIGHT="40" WIDTH="37" VPOS="2425" HPOS="1185"/>
<String CONTENT="the" HEIGHT="39" WIDTH="82" VPOS="2426" HPOS="1223"/>
<SP HEIGHT="30" WIDTH="40" VPOS="2436" HPOS="1306"/>
<String CONTENT="school" HEIGHT="40" WIDTH="160" VPOS="2427" HPOS="1347"/>
<SP HEIGHT="40" WIDTH="40" VPOS="2427" HPOS="1508"/>
<String CONTENT="to" HEIGHT="38" WIDTH="49" VPOS="2429" HPOS="1549"/>
<SP HEIGHT="30" WIDTH="36" VPOS="2437" HPOS="1599"/>
<String CONTENT="education," HEIGHT="46" WIDTH="274" VPOS="2428" HPOS="1636"/>
<SP HEIGHT="45" WIDTH="37" VPOS="2429" HPOS="1911"/>
<String CONTENT="by" HEIGHT="47" WIDTH="61" VPOS="2429" HPOS="1949"/>
<SP HEIGHT="45" WIDTH="38" VPOS="2431" HPOS="2011"/>
<String CONTENT="P." HEIGHT="40" WIDTH="52" VPOS="2431" HPOS="2050"/>
</TextLine>
<TextLine HEIGHT="109" WIDTH="2007" VPOS="2481" HPOS="95" CS="1">
<String CONTENT="Smith." HEIGHT="42" WIDTH="171" VPOS="2483" HPOS="97"/>
<SP HEIGHT="42" WIDTH="63" VPOS="2482" HPOS="269"/>
<String CONTENT="Contribution" HEIGHT="42" WIDTH="346" VPOS="2482" HPOS="333"/>
<SP HEIGHT="30" WIDTH="30" VPOS="2492" HPOS="680"/>
<String CONTENT="of" HEIGHT="41" WIDTH="53" VPOS="2481" HPOS="711"/>
<SP HEIGHT="40" WIDTH="31" VPOS="2481" HPOS="765"/>
<String CONTENT="the" HEIGHT="40" WIDTH="83" VPOS="2482" HPOS="797"/>
<SP HEIGHT="31" WIDTH="31" VPOS="2491" HPOS="881"/>
<String CONTENT="community" HEIGHT="48" WIDTH="298" VPOS="2481" HPOS="913"/>
<SP HEIGHT="46" WIDTH="35" VPOS="2483" HPOS="1212"/>
<String CONTENT="to" HEIGHT="39" WIDTH="49" VPOS="2483" HPOS="1248"/>
<SP HEIGHT="30" WIDTH="33" VPOS="2492" HPOS="1298"/>
<String CONTENT="education," HEIGHT="48" WIDTH="274" VPOS="2483" HPOS="1332"/>
<SP HEIGHT="47" WIDTH="33" VPOS="2484" HPOS="1607"/>
<String CONTENT="by" HEIGHT="48" WIDTH="62" VPOS="2484" HPOS="1641"/>
<SP HEIGHT="48" WIDTH="32" VPOS="2484" HPOS="1704"/>
<String CONTENT="J." HEIGHT="41" WIDTH="44" VPOS="2484" HPOS="1737"/>
<SP HEIGHT="40" WIDTH="32" VPOS="2485" HPOS="1782"/>
<String CONTENT="Lee." HEIGHT="41" WIDTH="108" VPOS="2485" HPOS="1815"/>
<SP HEIGHT="42" WIDTH="59" VPOS="2485" HPOS="1924"/>
<String CONTENT="Contribution" HEIGHT="96" WIDTH="1990" VPOS="2485" HPOS="95"/>
<SP HEIGHT="30" WIDTH="33" VPOS="2549" HPOS="335"/>
<String CONTENT="of" HEIGHT="40" WIDTH="52" VPOS="2539" HPOS="369"/>
<SP HEIGHT="39" WIDTH="35" VPOS="2539" HPOS="422"/>
<String CONTENT="religion" HEIGHT="49" WIDTH="206" VPOS="2537" HPOS="458"/>
<SP HEIGHT="38" WIDTH="34" VPOS="2540" HPOS="665"/>
<String CONTENT="to" HEIGHT="38" WIDTH="48" VPOS="2540" HPOS="700"/>
<SP HEIGHT="30" WIDTH="35" VPOS="2548" HPOS="749"/>
<String CONTENT="education," HEIGHT="47" WIDTH="273" VPOS="2538" HPOS="785"/>
<SP HEIGHT="47" WIDTH="34" VPOS="2538" HPOS="1059"/>
<String CONTENT="by" HEIGHT="47" WIDTH="61" VPOS="2538" HPOS="1094"/>
<SP HEIGHT="47" WIDTH="34" VPOS="2538" HPOS="1156"/>
<String CONTENT="L." HEIGHT="40" WIDTH="51" VPOS="2538" HPOS="1191"/>
<SP HEIGHT="40" WIDTH="36" VPOS="2538" HPOS="1243"/>
<String CONTENT="A." HEIGHT="40" WIDTH="54" VPOS="2538" HPOS="1280"/>
<SP HEIGHT="40" WIDTH="36" VPOS="2539" HPOS="1335"/>
<String CONTENT="Weigle.&#8212;pt." HEIGHT="50" WIDTH="333" VPOS="2539" HPOS="1372"/>
<SP HEIGHT="33" WIDTH="32" VPOS="2547" HPOS="1706"/>
<String CS="1" CONTENT="II." HEIGHT="10" WIDTH="11" VPOS="2570" HPOS="1782"/>
<SP HEIGHT="41" WIDTH="36" VPOS="2541" HPOS="1794"/>
<String CONTENT="Organized" HEIGHT="49" WIDTH="271" VPOS="2541" HPOS="1831"/>
</TextLine>
<TextLine HEIGHT="50" WIDTH="1256" VPOS="2594" HPOS="94">
<String CONTENT="cooperation" HEIGHT="49" WIDTH="312" VPOS="2595" HPOS="94"/>
<SP HEIGHT="29" WIDTH="28" VPOS="2606" HPOS="407"/>
<String CONTENT="of" HEIGHT="40" WIDTH="52" VPOS="2595" HPOS="436"/>
<SP HEIGHT="39" WIDTH="27" VPOS="2595" HPOS="489"/>
<String CONTENT="home," HEIGHT="47" WIDTH="153" VPOS="2595" HPOS="517"/>
<SP HEIGHT="38" WIDTH="30" VPOS="2604" HPOS="671"/>
<String CONTENT="school," HEIGHT="48" WIDTH="178" VPOS="2594" HPOS="702"/>
<SP HEIGHT="37" WIDTH="29" VPOS="2605" HPOS="881"/>
<String CONTENT="and" HEIGHT="39" WIDTH="95" VPOS="2595" HPOS="911"/>
<SP HEIGHT="39" WIDTH="29" VPOS="2595" HPOS="1007"/>
<String CONTENT="community." HEIGHT="49" WIDTH="313" VPOS="2594" HPOS="1037"/>
</TextLine>
<TextLine HEIGHT="53" WIDTH="1834" VPOS="2661" HPOS="107">
<String CONTENT="&#169;" HEIGHT="53" WIDTH="52" VPOS="2661" HPOS="107"/>
<SP HEIGHT="53" WIDTH="27" VPOS="2661" HPOS="160"/>
<String CONTENT="June" HEIGHT="39" WIDTH="125" VPOS="2667" HPOS="188"/>
<SP HEIGHT="39" WIDTH="25" VPOS="2667" HPOS="314"/>
<String CONTENT="16," HEIGHT="47" WIDTH="69" VPOS="2666" HPOS="340"/>
<SP HEIGHT="47" WIDTH="26" VPOS="2666" HPOS="410"/>
<String CONTENT="1928;" HEIGHT="47" WIDTH="141" VPOS="2665" HPOS="437"/>
<SP HEIGHT="47" WIDTH="26" VPOS="2665" HPOS="579"/>
<String CONTENT="2c." HEIGHT="40" WIDTH="68" VPOS="2665" HPOS="606"/>
<SP HEIGHT="40" WIDTH="26" VPOS="2665" HPOS="675"/>
<String CONTENT="July" HEIGHT="47" WIDTH="117" VPOS="2665" HPOS="702"/>
<SP HEIGHT="47" WIDTH="25" VPOS="2665" HPOS="820"/>
<String CONTENT="19;" HEIGHT="48" WIDTH="82" VPOS="2664" HPOS="846"/>
<SP HEIGHT="37" WIDTH="28" VPOS="2675" HPOS="929"/>
<String CONTENT="aff." HEIGHT="40" WIDTH="82" VPOS="2664" HPOS="958"/>
<SP HEIGHT="39" WIDTH="27" VPOS="2665" HPOS="1041"/>
<String CONTENT="July" HEIGHT="48" WIDTH="117" VPOS="2665" HPOS="1069"/>
<SP HEIGHT="47" WIDTH="25" VPOS="2666" HPOS="1187"/>
<String CONTENT="18;" HEIGHT="47" WIDTH="83" VPOS="2665" HPOS="1213"/>
<SP HEIGHT="46" WIDTH="28" VPOS="2666" HPOS="1297"/>
<!-- cceid 24427A4A-6CB2-1014-A20E-B9D6251C946A --><String CONTENT="A" HEIGHT="38" WIDTH="43" VPOS="2666" HPOS="1326"/>
<SP HEIGHT="38" WIDTH="23" VPOS="2666" HPOS="1370"/>
<String CONTENT="1082603;" HEIGHT="49" WIDTH="231" VPOS="2665" HPOS="1394"/>
<SP HEIGHT="46" WIDTH="30" VPOS="2668" HPOS="1626"/>
<String CONTENT="Ginn" HEIGHT="40" WIDTH="128" VPOS="2668" HPOS="1657"/>
<SP HEIGHT="40" WIDTH="24" VPOS="2669" HPOS="1786"/>
<String CONTENT="&amp;" HEIGHT="40" WIDTH="37" VPOS="2669" HPOS="1811"/>
<SP HEIGHT="41" WIDTH="24" VPOS="2669" HPOS="1849"/>
<String CONTENT="co." HEIGHT="31" WIDTH="67" VPOS="2679" HPOS="1874"/>
</TextLine>
<TextLine HEIGHT="50" WIDTH="282" VPOS="2722" HPOS="185">
<String CONTENT="(28-17810)" HEIGHT="50" WIDTH="282" VPOS="2722" HPOS="185"/>
</TextLine>
<TextLine HEIGHT="72" WIDTH="2007" VPOS="2816" HPOS="101" STYLEREFS="StyleId-1D25A3BF-AC51-44BB-A8F0-075DD9DD8FCA-">
<String CONTENT="New" HEIGHT="52" WIDTH="147" VPOS="2817" HPOS="101"/>
<SP HEIGHT="52" WIDTH="20" VPOS="2817" HPOS="249"/>
<String CONTENT="York" HEIGHT="52" WIDTH="164" VPOS="2817" HPOS="270"/>
<SP HEIGHT="53" WIDTH="21" VPOS="2817" HPOS="435"/>
<String CONTENT="digest," HEIGHT="69" WIDTH="202" VPOS="2817" HPOS="457"/>
<SP HEIGHT="49" WIDTH="22" VPOS="2835" HPOS="660"/>
<String CONTENT="all" HEIGHT="50" WIDTH="76" VPOS="2818" HPOS="683"/>
<SP HEIGHT="51" WIDTH="22" VPOS="2817" HPOS="760"/>
<String CONTENT="New" HEIGHT="51" WIDTH="139" VPOS="2817" HPOS="783"/>
<SP HEIGHT="51" WIDTH="22" VPOS="2817" HPOS="923"/>
<String CONTENT="York" HEIGHT="52" WIDTH="164" VPOS="2816" HPOS="946"/>
<SP HEIGHT="52" WIDTH="20" VPOS="2816" HPOS="1111"/>
<String CONTENT="cases" HEIGHT="35" WIDTH="152" VPOS="2834" HPOS="1132"/>
<SP HEIGHT="33" WIDTH="21" VPOS="2836" HPOS="1285"/>
<String CONTENT="reported" HEIGHT="66" WIDTH="266" VPOS="2819" HPOS="1307"/>
<SP HEIGHT="54" WIDTH="23" VPOS="2817" HPOS="1574"/>
<String CONTENT="from" HEIGHT="54" WIDTH="153" VPOS="2817" HPOS="1598"/>
<SP HEIGHT="55" WIDTH="23" VPOS="2819" HPOS="1752"/>
<String CONTENT="September" HEIGHT="69" WIDTH="332" VPOS="2819" HPOS="1776"/>
</TextLine>
<TextLine HEIGHT="69" WIDTH="1928" VPOS="2895" HPOS="178" STYLEREFS="StyleId-1D25A3BF-AC51-44BB-A8F0-075DD9DD8FCA-" CS="1">
<String CONTENT="14," HEIGHT="63" WIDTH="81" VPOS="2899" HPOS="178"/>
<SP HEIGHT="62" WIDTH="36" VPOS="2900" HPOS="260"/>
<String CONTENT="1925" HEIGHT="49" WIDTH="132" VPOS="2899" HPOS="297"/>
<SP HEIGHT="48" WIDTH="33" VPOS="2900" HPOS="430"/>
<String CONTENT="to" HEIGHT="47" WIDTH="59" VPOS="2901" HPOS="464"/>
<SP HEIGHT="53" WIDTH="32" VPOS="2895" HPOS="524"/>
<String CONTENT="February" HEIGHT="67" WIDTH="298" VPOS="2895" HPOS="557"/>
<SP HEIGHT="65" WIDTH="33" VPOS="2897" HPOS="856"/>
<String CONTENT="6," HEIGHT="65" WIDTH="48" VPOS="2897" HPOS="890"/>
<SP HEIGHT="64" WIDTH="33" VPOS="2898" HPOS="939"/>
<String CONTENT="1928" HEIGHT="51" WIDTH="133" VPOS="2897" HPOS="973"/>
<SP HEIGHT="49" WIDTH="40" VPOS="2899" HPOS="1107"/>
<String CS="1" CONTENT="&#8230;"/>
<SP HEIGHT="52" WIDTH="76" VPOS="2895" HPOS="1204"/>
<String CONTENT="Ed." HEIGHT="53" WIDTH="108" VPOS="2895" HPOS="1281"/>
<SP HEIGHT="53" WIDTH="34" VPOS="2895" HPOS="1390"/>
<String CONTENT="by" HEIGHT="69" WIDTH="76" VPOS="2895" HPOS="1425"/>
<SP HEIGHT="61" WIDTH="32" VPOS="2903" HPOS="1502"/>
<String CONTENT="the" HEIGHT="53" WIDTH="99" VPOS="2897" HPOS="1535"/>
<SP HEIGHT="34" WIDTH="31" VPOS="2916" HPOS="1635"/>
<String CONTENT="editorial" HEIGHT="54" WIDTH="266" VPOS="2898" HPOS="1667"/>
<SP HEIGHT="52" WIDTH="35" VPOS="2901" HPOS="1934"/>
<String CONTENT="staff" HEIGHT="53" WIDTH="136" VPOS="2900" HPOS="1970"/>
</TextLine>
<TextLine HEIGHT="72" WIDTH="1933" VPOS="2973" HPOS="176" STYLEREFS="StyleId-1D25A3BF-AC51-44BB-A8F0-075DD9DD8FCA-" CS="1">
<String CONTENT="of" HEIGHT="53" WIDTH="66" VPOS="2973" HPOS="176"/>
<SP HEIGHT="53" WIDTH="32" VPOS="2973" HPOS="243"/>
<String CONTENT="the" HEIGHT="52" WIDTH="95" VPOS="2974" HPOS="276"/>
<SP HEIGHT="53" WIDTH="34" VPOS="2973" HPOS="372"/>
<String CONTENT="American" HEIGHT="52" WIDTH="311" VPOS="2973" HPOS="407"/>
<SP HEIGHT="52" WIDTH="35" VPOS="2973" HPOS="719"/>
<String CONTENT="digest" HEIGHT="68" WIDTH="189" VPOS="2973" HPOS="755"/>
<SP HEIGHT="48" WIDTH="32" VPOS="2977" HPOS="945"/>
<String CONTENT="system," HEIGHT="62" WIDTH="226" VPOS="2978" HPOS="978"/>
<SP HEIGHT="33" WIDTH="74" VPOS="2993" HPOS="1205"/>
<String CONTENT="v." HEIGHT="33" WIDTH="51" VPOS="2993" HPOS="1280"/>
<SP HEIGHT="48" WIDTH="40" VPOS="2978" HPOS="1332"/>
<String CONTENT="15" HEIGHT="48" WIDTH="63" VPOS="2978" HPOS="1373"/>
<SP HEIGHT="48" WIDTH="43" VPOS="2978" HPOS="1437"/>
<String CS="1" CONTENT="&#8230;"/>
<SP HEIGHT="56" WIDTH="81" VPOS="2974" HPOS="1537"/>
<String CONTENT="St." HEIGHT="56" WIDTH="83" VPOS="2974" HPOS="1619"/>
<SP HEIGHT="52" WIDTH="38" VPOS="2977" HPOS="1703"/>
<String CONTENT="Paul," HEIGHT="68" WIDTH="167" VPOS="2977" HPOS="1742"/>
<SP HEIGHT="67" WIDTH="35" VPOS="2978" HPOS="1910"/>
<String CONTENT="West" HEIGHT="54" WIDTH="163" VPOS="2978" HPOS="1946"/>
</TextLine>
<TextLine HEIGHT="69" WIDTH="650" VPOS="3051" HPOS="176" STYLEREFS="StyleId-1D25A3BF-AC51-44BB-A8F0-075DD9DD8FCA-">
<String CONTENT="publishing" HEIGHT="69" WIDTH="336" VPOS="3051" HPOS="176"/>
<SP HEIGHT="51" WIDTH="28" VPOS="3069" HPOS="513"/>
<String CONTENT="co.," HEIGHT="49" WIDTH="99" VPOS="3069" HPOS="542"/>
<SP HEIGHT="64" WIDTH="31" VPOS="3054" HPOS="642"/>
<String CONTENT="1928." HEIGHT="50" WIDTH="152" VPOS="3054" HPOS="674"/>
</TextLine>
<TextLine HEIGHT="49" WIDTH="400" VPOS="3133" HPOS="176" STYLEREFS="StyleId-1D25A3BF-AC51-44BB-A8F0-075DD9DD8FCA-" CS="1">
<String CONTENT="iii," HEIGHT="49" WIDTH="69" VPOS="3133" HPOS="176"/>
<SP HEIGHT="47" WIDTH="25" VPOS="3135" HPOS="246"/>
<String CONTENT="1004" HEIGHT="41" WIDTH="116" VPOS="3133" HPOS="272"/>
<SP HEIGHT="47" WIDTH="24" VPOS="3134" HPOS="389"/>
<String CONTENT="p." HEIGHT="38" WIDTH="44" VPOS="3143" HPOS="414"/>
<SP HEIGHT="41" WIDTH="57" VPOS="3133" HPOS="459"/>
<String CONTENT="26" HEIGHT="40" WIDTH="59" VPOS="3133" HPOS="517"/>
<String STYLE="superscript" CS="1" CONTENT="&#7580;&#7504;."/>
</TextLine>
<TextLine HEIGHT="56" WIDTH="1858" VPOS="3201" HPOS="109" CS="1">
<String CONTENT="&#169;" HEIGHT="52" WIDTH="53" VPOS="3201" HPOS="109"/>
<SP HEIGHT="52" WIDTH="27" VPOS="3201" HPOS="163"/>
<String CONTENT="July" HEIGHT="47" WIDTH="116" VPOS="3205" HPOS="191"/>
<SP HEIGHT="47" WIDTH="22" VPOS="3205" HPOS="308"/>
<String CONTENT="24," HEIGHT="47" WIDTH="71" VPOS="3205" HPOS="331"/>
<SP HEIGHT="48" WIDTH="25" VPOS="3204" HPOS="403"/>
<String CS="1" CONTENT="1928;" HEIGHT="41" WIDTH="117" VPOS="3204" HPOS="429"/>
<SP HEIGHT="46" WIDTH="27" VPOS="3205" HPOS="571"/>
<String CONTENT="2c." HEIGHT="41" WIDTH="68" VPOS="3205" HPOS="599"/>
<SP HEIGHT="42" WIDTH="25" VPOS="3204" HPOS="668"/>
<String CONTENT="Aug." HEIGHT="48" WIDTH="120" VPOS="3204" HPOS="694"/>
<SP HEIGHT="40" WIDTH="26" VPOS="3205" HPOS="815"/>
<String CS="1" CONTENT="7;" HEIGHT="40" WIDTH="27" VPOS="3205" HPOS="842"/>
<SP HEIGHT="38" WIDTH="29" VPOS="3215" HPOS="895"/>
<String CONTENT="aff." HEIGHT="43" WIDTH="82" VPOS="3204" HPOS="925"/>
<SP HEIGHT="42" WIDTH="26" VPOS="3205" HPOS="1008"/>
<String CONTENT="Aug." HEIGHT="48" WIDTH="120" VPOS="3205" HPOS="1035"/>
<SP HEIGHT="41" WIDTH="27" VPOS="3205" HPOS="1156"/>
<String CONTENT="6;" HEIGHT="48" WIDTH="53" VPOS="3205" HPOS="1184"/>
<SP HEIGHT="47" WIDTH="27" VPOS="3206" HPOS="1238"/>
<!-- cceid 2442F2A3-6CB2-1014-A20E-B9D6251C946A --><String CONTENT="A" HEIGHT="39" WIDTH="43" VPOS="3206" HPOS="1266"/>
<SP HEIGHT="39" WIDTH="25" VPOS="3206" HPOS="1310"/>
<String CONTENT="1082949;" HEIGHT="49" WIDTH="230" VPOS="3205" HPOS="1336"/>
<SP HEIGHT="45" WIDTH="29" VPOS="3209" HPOS="1567"/>
<String CONTENT="West" HEIGHT="39" WIDTH="138" VPOS="3209" HPOS="1597"/>
<SP HEIGHT="47" WIDTH="23" VPOS="3210" HPOS="1736"/>
<String CONTENT="pub." HEIGHT="48" WIDTH="110" VPOS="3209" HPOS="1760"/>
<SP HEIGHT="29" WIDTH="27" VPOS="3220" HPOS="1871"/>
<String CONTENT="co." HEIGHT="31" WIDTH="68" VPOS="3220" HPOS="1899"/>
</TextLine>
<TextLine HEIGHT="68" WIDTH="1877" VPOS="3356" HPOS="169" STYLEREFS="StyleId-1D25A3BF-AC51-44BB-A8F0-075DD9DD8FCA-" CS="1">
<String CS="1" CONTENT="&#8230;"/>
<SP HEIGHT="52" WIDTH="47" VPOS="3356" HPOS="169"/>
<String CONTENT="The" HEIGHT="53" WIDTH="121" VPOS="3356" HPOS="217"/>
<SP HEIGHT="53" WIDTH="40" VPOS="3356" HPOS="339"/>
<String CONTENT="North" HEIGHT="52" WIDTH="197" VPOS="3356" HPOS="380"/>
<SP HEIGHT="52" WIDTH="41" VPOS="3357" HPOS="578"/>
<String CONTENT="eastern" HEIGHT="47" WIDTH="222" VPOS="3363" HPOS="620"/>
<SP HEIGHT="34" WIDTH="41" VPOS="3375" HPOS="843"/>
<String CONTENT="reporter," HEIGHT="61" WIDTH="272" VPOS="3363" HPOS="885"/>
<SP HEIGHT="34" WIDTH="75" VPOS="3376" HPOS="1158"/>
<String CONTENT="v." HEIGHT="34" WIDTH="51" VPOS="3376" HPOS="1234"/>
<SP HEIGHT="49" WIDTH="46" VPOS="3361" HPOS="1286"/>
<String CONTENT="160." HEIGHT="49" WIDTH="115" VPOS="3361" HPOS="1333"/>
<SP HEIGHT="52" WIDTH="73" VPOS="3358" HPOS="1449"/>
<String CONTENT="Permanent" HEIGHT="55" WIDTH="349" VPOS="3358" HPOS="1523"/>
<SP HEIGHT="47" WIDTH="40" VPOS="3367" HPOS="1873"/>
<String CONTENT="ed." HEIGHT="52" WIDTH="83" VPOS="3362" HPOS="1914"/>
<SP HEIGHT="10" WIDTH="48" VPOS="3404" HPOS="1998"/>
<String CS="1" CONTENT="&#8230;"/>
</TextLine>
<TextLine HEIGHT="73" WIDTH="1927" VPOS="3433" HPOS="178" STYLEREFS="StyleId-1D25A3BF-AC51-44BB-A8F0-075DD9DD8FCA-">
<String CONTENT="With" HEIGHT="54" WIDTH="163" VPOS="3433" HPOS="178"/>
<SP HEIGHT="53" WIDTH="26" VPOS="3433" HPOS="342"/>
<String CONTENT="key-number" HEIGHT="68" WIDTH="373" VPOS="3434" HPOS="369"/>
<SP HEIGHT="34" WIDTH="28" VPOS="3453" HPOS="743"/>
<String CONTENT="annotations." HEIGHT="52" WIDTH="380" VPOS="3436" HPOS="772"/>
<SP HEIGHT="53" WIDTH="64" VPOS="3435" HPOS="1153"/>
<String CONTENT="March" HEIGHT="54" WIDTH="204" VPOS="3435" HPOS="1218"/>
<SP HEIGHT="52" WIDTH="29" VPOS="3437" HPOS="1423"/>
<String CONTENT="6-May" HEIGHT="68" WIDTH="207" VPOS="3438" HPOS="1453"/>
<SP HEIGHT="64" WIDTH="29" VPOS="3442" HPOS="1661"/>
<String CONTENT="15," HEIGHT="64" WIDTH="82" VPOS="3442" HPOS="1691"/>
<SP HEIGHT="63" WIDTH="28" VPOS="3443" HPOS="1774"/>
<String CONTENT="1928." HEIGHT="50" WIDTH="151" VPOS="3442" HPOS="1803"/>
<SP HEIGHT="56" WIDTH="65" VPOS="3439" HPOS="1955"/>
<String CONTENT="St." HEIGHT="56" WIDTH="84" VPOS="3439" HPOS="2021"/>
</TextLine>
<TextLine HEIGHT="70" WIDTH="1025" VPOS="3512" HPOS="179" STYLEREFS="StyleId-1D25A3BF-AC51-44BB-A8F0-075DD9DD8FCA-">
<String CONTENT="Paul," HEIGHT="66" WIDTH="165" VPOS="3512" HPOS="179"/>
<SP HEIGHT="66" WIDTH="25" VPOS="3512" HPOS="345"/>
<String CONTENT="West" HEIGHT="53" WIDTH="161" VPOS="3512" HPOS="371"/>
<SP HEIGHT="62" WIDTH="26" VPOS="3518" HPOS="533"/>
<String CONTENT="publishing" HEIGHT="70" WIDTH="337" VPOS="3512" HPOS="560"/>
<SP HEIGHT="51" WIDTH="25" VPOS="3531" HPOS="898"/>
<String CONTENT="co.," HEIGHT="50" WIDTH="100" VPOS="3531" HPOS="924"/>
<SP HEIGHT="64" WIDTH="28" VPOS="3517" HPOS="1025"/>
<String CONTENT="1928." HEIGHT="51" WIDTH="150" VPOS="3516" HPOS="1054"/>
</TextLine>
<TextLine HEIGHT="49" WIDTH="432" VPOS="3593" HPOS="179" CS="1">
<String CONTENT="xix," HEIGHT="49" WIDTH="100" VPOS="3593" HPOS="179"/>
<SP HEIGHT="48" WIDTH="26" VPOS="3594" HPOS="280"/>
<String CONTENT="1011" HEIGHT="41" WIDTH="115" VPOS="3593" HPOS="307"/>
<SP HEIGHT="47" WIDTH="25" VPOS="3595" HPOS="423"/>
<String CONTENT="p." HEIGHT="38" WIDTH="43" VPOS="3604" HPOS="449"/>
<SP HEIGHT="40" WIDTH="57" VPOS="3594" HPOS="493"/>
<String CONTENT="26" HEIGHT="41" WIDTH="60" VPOS="3593" HPOS="551"/>
<String STYLE="superscript" CS="1" CONTENT="&#7580;&#7504;."/>
</TextLine>
<TextLine HEIGHT="60" WIDTH="1879" VPOS="3658" HPOS="115" CS="1">
<String CONTENT="&#169;" HEIGHT="53" WIDTH="52" VPOS="3658" HPOS="115"/>
<SP HEIGHT="53" WIDTH="28" VPOS="3658" HPOS="168"/>
<String CONTENT="July" HEIGHT="47" WIDTH="115" VPOS="3664" HPOS="197"/>
<SP HEIGHT="46" WIDTH="27" VPOS="3665" HPOS="313"/>
<String CONTENT="16," HEIGHT="49" WIDTH="69" VPOS="3663" HPOS="341"/>
<SP HEIGHT="47" WIDTH="28" VPOS="3665" HPOS="411"/>
<String CONTENT="1928;" HEIGHT="49" WIDTH="141" VPOS="3663" HPOS="440"/>
<SP HEIGHT="47" WIDTH="28" VPOS="3665" HPOS="582"/>
<String CONTENT="2c." HEIGHT="41" WIDTH="67" VPOS="3665" HPOS="611"/>
<SP HEIGHT="41" WIDTH="27" VPOS="3665" HPOS="679"/>
<String CONTENT="Aug." HEIGHT="48" WIDTH="120" VPOS="3665" HPOS="707"/>
<SP HEIGHT="40" WIDTH="27" VPOS="3667" HPOS="828"/>
<String CS="1" CONTENT="7;" HEIGHT="39" WIDTH="29" VPOS="3667" HPOS="856"/>
<SP HEIGHT="37" WIDTH="30" VPOS="3676" HPOS="910"/>
<String CONTENT="aff." HEIGHT="42" WIDTH="82" VPOS="3665" HPOS="941"/>
<SP HEIGHT="41" WIDTH="27" VPOS="3666" HPOS="1024"/>
<String CONTENT="Aug." HEIGHT="48" WIDTH="121" VPOS="3666" HPOS="1052"/>
<SP HEIGHT="41" WIDTH="28" VPOS="3667" HPOS="1174"/>
<String CONTENT="6;" HEIGHT="47" WIDTH="53" VPOS="3667" HPOS="1203"/>
<SP HEIGHT="47" WIDTH="30" VPOS="3667" HPOS="1257"/>
<!-- cceid 2443600C-6CB2-1014-A20E-B9D6251C946A --><String CONTENT="A" HEIGHT="39" WIDTH="42" VPOS="3667" HPOS="1288"/>
<SP HEIGHT="39" WIDTH="26" VPOS="3667" HPOS="1331"/>
<String CONTENT="1082948;" HEIGHT="49" WIDTH="230" VPOS="3667" HPOS="1358"/>
<SP HEIGHT="47" WIDTH="31" VPOS="3669" HPOS="1589"/>
<String CONTENT="West" HEIGHT="41" WIDTH="135" VPOS="3669" HPOS="1621"/>
<SP HEIGHT="47" WIDTH="27" VPOS="3671" HPOS="1757"/>
<String CONTENT="pub." HEIGHT="47" WIDTH="109" VPOS="3671" HPOS="1785"/>
<SP HEIGHT="30" WIDTH="30" VPOS="3681" HPOS="1895"/>
<String CONTENT="co." HEIGHT="29" WIDTH="68" VPOS="3681" HPOS="1926"/>
</TextLine>
<TextLine HEIGHT="71" WIDTH="1874" VPOS="3814" HPOS="173" STYLEREFS="StyleId-1D25A3BF-AC51-44BB-A8F0-075DD9DD8FCA-" CS="1">
<String CS="1" CONTENT="&#8230;"/>
<SP HEIGHT="51" WIDTH="44" VPOS="3815" HPOS="173"/>
<String CONTENT="The" HEIGHT="52" WIDTH="119" VPOS="3815" HPOS="218"/>
<SP HEIGHT="53" WIDTH="39" VPOS="3814" HPOS="338"/>
<String CONTENT="North" HEIGHT="53" WIDTH="197" VPOS="3814" HPOS="378"/>
<SP HEIGHT="51" WIDTH="40" VPOS="3815" HPOS="576"/>
<String CONTENT="western" HEIGHT="47" WIDTH="239" VPOS="3822" HPOS="617"/>
<SP HEIGHT="34" WIDTH="37" VPOS="3835" HPOS="857"/>
<String CONTENT="reporter," HEIGHT="63" WIDTH="273" VPOS="3822" HPOS="895"/>
<SP HEIGHT="33" WIDTH="74" VPOS="3837" HPOS="1169"/>
<String CONTENT="v." HEIGHT="34" WIDTH="51" VPOS="3837" HPOS="1244"/>
<SP HEIGHT="50" WIDTH="38" VPOS="3821" HPOS="1296"/>
<String CONTENT="218." HEIGHT="50" WIDTH="118" VPOS="3821" HPOS="1335"/>
<SP HEIGHT="52" WIDTH="73" VPOS="3820" HPOS="1454"/>
<String CONTENT="Permanent" HEIGHT="53" WIDTH="348" VPOS="3820" HPOS="1528"/>
<SP HEIGHT="49" WIDTH="30" VPOS="3825" HPOS="1877"/>
<String CS="1" CONTENT="ed." HEIGHT="52" WIDTH="53" VPOS="3822" HPOS="1947"/>
<SP HEIGHT="11" WIDTH="46" VPOS="3863" HPOS="2001"/>
<String CS="1" CONTENT="&#8230;"/>
</TextLine>
<TextLine HEIGHT="76" WIDTH="1925" VPOS="3892" HPOS="181" STYLEREFS="StyleId-1D25A3BF-AC51-44BB-A8F0-075DD9DD8FCA-" CS="1">
<String CONTENT="With" HEIGHT="53" WIDTH="163" VPOS="3892" HPOS="181"/>
<SP HEIGHT="51" WIDTH="36" VPOS="3893" HPOS="345"/>
<String CONTENT="key-number" HEIGHT="69" WIDTH="373" VPOS="3893" HPOS="382"/>
<SP HEIGHT="33" WIDTH="37" VPOS="3913" HPOS="756"/>
<String CONTENT="annotations" HEIGHT="53" WIDTH="363" VPOS="3896" HPOS="794"/>
<SP HEIGHT="33" WIDTH="43" VPOS="3916" HPOS="1158"/>
<String CS="1" CONTENT="&#8230;"/>
<SP HEIGHT="52" WIDTH="77" VPOS="3896" HPOS="1260"/>
<String CONTENT="March" HEIGHT="54" WIDTH="203" VPOS="3896" HPOS="1338"/>
<SP HEIGHT="52" WIDTH="38" VPOS="3897" HPOS="1542"/>
<String CONTENT="23-May" HEIGHT="70" WIDTH="244" VPOS="3898" HPOS="1581"/>
<SP HEIGHT="65" WIDTH="37" VPOS="3903" HPOS="1826"/>
<String CONTENT="4," HEIGHT="64" WIDTH="50" VPOS="3903" HPOS="1864"/>
<SP HEIGHT="63" WIDTH="39" VPOS="3904" HPOS="1915"/>
<String CONTENT="1928." HEIGHT="51" WIDTH="151" VPOS="3903" HPOS="1955"/>
</TextLine>
<TextLine HEIGHT="75" WIDTH="1149" VPOS="3968" HPOS="185" STYLEREFS="StyleId-1D25A3BF-AC51-44BB-A8F0-075DD9DD8FCA-">
<String CONTENT="St." HEIGHT="56" WIDTH="82" VPOS="3968" HPOS="185"/>
<SP HEIGHT="52" WIDTH="31" VPOS="3971" HPOS="268"/>
<String CONTENT="Paul," HEIGHT="67" WIDTH="166" VPOS="3971" HPOS="300"/>
<SP HEIGHT="66" WIDTH="27" VPOS="3972" HPOS="467"/>
<String CONTENT="West" HEIGHT="54" WIDTH="158" VPOS="3972" HPOS="495"/>
<SP HEIGHT="63" WIDTH="31" VPOS="3978" HPOS="654"/>
<String CONTENT="publishing" HEIGHT="71" WIDTH="336" VPOS="3972" HPOS="686"/>
<SP HEIGHT="50" WIDTH="28" VPOS="3993" HPOS="1023"/>
<String CONTENT="co.," HEIGHT="49" WIDTH="99" VPOS="3993" HPOS="1052"/>
<SP HEIGHT="64" WIDTH="31" VPOS="3978" HPOS="1152"/>
<String CONTENT="1928." HEIGHT="52" WIDTH="150" VPOS="3977" HPOS="1184"/>
</TextLine>
</TextBlock>
</PrintSpace>
</Page>
</Layout>
</alto>