2498 4384
1071 4066 101 54 937

143 419 188 61 Allen,
357 421 139 52 Mrs.
524 420 172 61 Mary
731 418 241 65 (Wood)
1010 421 324 50 1841-1908.

268 496 1869 69 … What a young woman ought to know, by Mrs. Mary
135 576 385 52 Wood-Allen
589 618 32 8 ..
702 575 427 67 Philadelphia,
1166 575 102 51 Pa.
1332 580 119 60 [etc.]
1497 575 123 51 The
1659 574 106 55 Vir
1804 574 332 68 publishing

135 655 510 66 company [ ᶜ1 928]
205 736 87 39 272
314 747 44 37 p.
412 736 146 39 17½ᶜᵐ.
623 735 250 48 (Lettered
901 745 62 30 on
987 745 163 29 cover:
1175 735 104 40 Self
1301 736 96 39 and
1420 746 85 30 sex
1531 734 151 41 series
1708 734 93 49 [for
1825 744 227 39 women])

206 808 62 39 At
293 808 124 39 head
444 807 51 40 of
519 807 134 40 title:
687 808 131 46 New,
842 808 269 47 up-to-date
1135 806 199 41 edition.

139 874 52 52 ©
217 879 127 39 June
368 879 39 45 7,
435 878 140 40 1928:
605 878 66 40 2c.
699 878 94 40 and
821 877 82 41 aff.
930 878 127 41 June
1084 878 54 38 12;
1194 877 42 39 A
1263 876 230 48 1074999;
1524 876 186 41 Fannie
1738 876 227 41 Caroline
1991 877 143 47 Cash,

206 934 357 49 Philadelphia.
626 930 69 54 [©
719 946 107 29 new
849 936 195 47 matter]
1117 933 282 50 (28-15902)

135 1071 236 62 Berlitz,
409 1070 369 53 Maximilian
818 1071 345 63 Delphinus,
1206 1073 325 50 1852-1921.

201 1150 223 53 French
473 1150 139 52 with
659 1169 63 33 or
769 1150 241 52 without
1059 1169 30 32 a
1137 1155 237 61 master;
1427 1169 31 32 a
1506 1150 286 68 thorough
1844 1150 113 52 and
2004 1168 132 51 easy

132 1226 1943 69 course for self-instruction or schools, by M. D. Berlitz …
131 1306 140 53 New
308 1306 179 58 York,
525 1307 200 51 Estate
760 1305 63 53 of
856 1306 80 51 M.
972 1307 71 50 D.
1080 1306 248 64 Berlitz;
1373 1311 137 61 [etc.,
1545 1310 120 62 etc.]
1709 1308 149 49 1928.

200 1358 620 79 3 p. l., 3-237 p. 19½ᶜᵐ.
130 1456 1986 108 CONTENTS.—v. 1, pt. l. French text.— v. 1, pt. 2. English and grammatical explanations.
135 1583 52 52 ©
212 1587 127 40 June
363 1588 39 46 5,
430 1586 140 47 1928;
598 1586 67 41 2c.
692 1588 95 38 and
814 1586 82 40 aff.
922 1588 127 39 June
1074 1586 53 45 9;
1155 1586 42 39 A
1222 1586 230 47 1077718;
1483 1586 172 41 Estate
1681 1587 54 41 of
1759 1588 63 40 M.
1849 1587 57 41 D.
1933 1587 199 48 Berlitz,

201 1644 53 41 V.
283 1643 463 48 Harrison-Berlitz,
776 1645 243 39 executor.
1094 1643 282 49 (28-15813)

128 1736 359 63 Bloomfield,
526 1738 288 62 Leonard,
856 1737 171 53 1887-

257 1815 1877 69 … First German book, by Leonard Bloomfield … New
125 1894 1359 69 York and London, The Century co. [ ᶜ1 928]
195 1977 102 42 xiii,
329 1976 86 41 397
447 1989 42 35 p.
549 1977 164 47 front.,
746 1977 142 48 illus.,
921 1978 171 47 plates,
1125 1979 123 46 port.
1310 1976 146 42 19½ᶜᵐ.
1526 1977 126 48 (The
1685 1977 216 48 Century
1933 1979 165 40 modern

123 2034 241 48 language
395 2033 177 48 series)
696 2032 130 51 $1.85

131 2101 52 52 ©
212 2106 127 39 June
365 2106 40 47 4,
436 2105 117 41 1928;
607 2106 68 40 2c.
703 2106 96 39 and
829 2104 82 41 aff.
942 2106 128 40 June
1097 2105 81 46 13;
1210 2104 42 39 A
1281 2104 230 48 1077732;
1544 2105 216 48 Century
1789 2116 69 30 co.
1939 2100 52 53 [©
200 2116 1914 86 general
330 2162 228 49 revision]
631 2162 281 49 (28-15814)

126 2258 244 61 Bonser,
405 2258 140 51 Mrs.
583 2257 168 52 Edna
785 2255 272 53 Madison
1100 2255 425 65 (MacDonald)

253 2334 1876 72 … Child life and religious growth, a second primary course
123 2413 94 55 for
244 2415 95 53 the
366 2415 264 52 vacation
659 2415 211 52 church
899 2414 191 53 school
1117 2414 174 53 based
1319 2433 70 33 on
1419 2414 302 67 activities,
1747 2416 76 67 by
1852 2416 166 52 Edna
2048 2417 81 52 M.

120 2494 236 66 Bonser,
388 2493 283 68 prepared
704 2493 59 51 in
795 2492 389 68 co-operation
1219 2492 141 52 with
1393 2492 96 53 the
1521 2492 425 54 International
120 2512 1985 112 association

356 2571 65 53 of
442 2572 157 68 daily
623 2571 263 52 vacation
911 2571 166 52 Bible
1099 2571 236 52 schools.
1410 2571 140 51 New
1575 2570 180 68 York,
1781 2570 350 70 Cincinnati,

119 2650 876 69 The Abingdon press [ ᶜ1 928]
188 2733 85 41 380
295 2744 42 37 p.
397 2732 165 47 front.,
587 2732 173 48 plates.
820 2730 117 42 20ᶜᵐ.
1008 2730 125 48 (The
1153 2730 256 47 Abingdon
1434 2730 230 48 religious
1685 2730 260 42 education
1970 2732 158 47 texts;

113 2791 58 41 D.
197 2791 53 40 G.
272 2791 231 46 Downey,
525 2789 198 47 general
744 2787 172 42 editor.
977 2786 147 49 Daily
1147 2787 230 41 vacation
1399 2788 182 40 church
1602 2789 164 39 school
1787 2788 150 40 series;
1991 2789 53 41 G.
2068 2789 62 41 H.

119 2849 154 47 Betts,
310 2847 184 47 editor)

190 2905 234 41 Contains
451 2901 395 51 bibliographies.

126 2959 52 52 ©
217 2964 127 39 June
380 2962 41 47 9,
460 2961 114 40 1928;
640 2961 68 40 2c.
747 2961 95 38 and
881 2959 83 42 aff.
1003 2961 127 39 June
1168 2959 84 47 22;
1293 2960 41 39 A
1372 2959 230 48 1077978;
1644 2960 137 40 Edna
1821 2962 63 40 M.
1924 2961 201 48 Bonser,

193 3020 195 47 Leonia,
414 3018 57 40 N.
498 3019 43 39 J.
614 3017 282 48 (28-15877)

120 3113 371 62 Brouillette,
524 3111 221 63 Joseph
776 3110 245 55 Walter.

188 3193 150 52 How
377 3196 59 48 to
477 3190 161 53 teach
680 3188 537 70 foreign-speaking
1256 3189 302 69 beginners
1599 3195 59 47 to
1698 3190 175 68 speak
1914 3192 109 52 and
2068 3197 59 47 to

117 3271 135 52 read
280 3269 266 66 English,
574 3287 25 33 a
631 3268 232 52 manual
892 3266 95 54 for
1013 3286 96 34 use
1138 3267 140 52 with
1307 3268 96 52 the
1430 3268 178 53 Elson
1635 3268 157 53 hand
1821 3268 163 53 chart
2012 3269 115 53 and

118 3345 2006 72 primer,by J. Walter Brouillette … Irving P. Foote … Edward
116 3423 1986 135 Bane Robert … and Linus P. Terrebonne … Chicago, Atlanta
323 3501 1347 69 [etc.] Scott, Foresman and company [ ᶜ1 928]
186 3589 56 38 42
273 3599 43 37 p.
376 3587 147 40 18½ᶜᵐ.

124 3642 52 52 ©
203 3646 126 39 June
355 3645 39 42 7,
423 3643 142 47 1928;
592 3644 67 38 2c.
687 3643 95 39 and
809 3641 83 42 aff.
920 3641 128 41 June
1074 3641 82 47 11;
1186 3641 41 39 A
1255 3641 230 47 1077717;
1520 3641 146 48 Scott,
1696 3641 266 41 Foresman
1991 3642 36 40 &
2055 3653 68 30 co.

201 3699 281 51 (28-15815)

119 3795 231 62 Brown,
380 3793 235 53 Arthur
643 3791 375 65 Wellington,
1054 3795 169 48 1852-

191 3871 120 54 The
342 3871 173 69 spirit
547 3870 64 54 of
644 3869 199 56 Oliver
875 3869 239 53 Hazard
1146 3870 186 67 Perry
1363 3869 113 53 and
1509 3868 89 54 his
1632 3869 169 54 “Men
1834 3869 65 54 of
1931 3870 193 54 iron”:

119 3946 2003 72 their aspiration, their consecration, their insmration. … By
