2498 4384
1037 4048 133 50 1999

113 415 277 62 Furman,
425 413 246 54 Charles
703 411 217 55 Elmer.

111 501 1980 134 … Arista, the trail of a lost child, by Charles Elmer Furman.
336 579 1263 69 Boston, The Stratford company [ ᶜ1 928]
183 660 1237 51 3 p. l ., 3-42 p. 25 ᶜᵐ. (The Stratford poets)
185 734 72 40 On
282 743 142 30 cover
442 743 8 29 :
478 733 100 39 The
604 732 253 40 Stratford
880 732 233 39 booklets.

113 802 52 53 ©
199 806 112 40 Dec.
346 806 39 45 5,
422 805 114 40 1928;
601 805 67 39 2c.
706 804 112 41 Dec.
853 805 26 38 5;
944 803 82 40 aff.
1062 803 113 41 Dec.
1212 803 55 40 13;
1334 803 39 38 A
1409 802 114 41 3191;
1593 803 251 40 Stratford
1881 814 82 36 co.,
179 804 1917 98 publishers.
438 860 280 49 (28-30542)

107 999 243 65 George,
386 998 232 53 Marian
653 999 61 52 M
1008 1002 172 50 1865-

182 1091 55 52 A
261 1090 151 53 little
441 1090 241 69 journey
710 1096 58 46 to
797 1088 187 56 China
1014 1090 113 52 and
1156 1090 214 67 Japan,
1396 1088 77 70 by
1500 1088 232 53 Marian
1761 1089 80 53 M.
1872 1088 241 71 George.

114 1167 269 70 Chicago,
412 1168 70 52 A.
515 1167 302 69 Flanagan
846 1185 298 51 company,
1179 1169 150 51 1928.

182 1248 1924 49 2 p. l ., 3-166 p. illus. 19½ᶜᵐ. (Lettered on cover: Library of travel)
182 1320 266 47 Composed
478 1319 52 40 of
561 1320 81 39 the
672 1318 220 41 author’s
923 1320 41 38 A
994 1319 129 40 little
1156 1319 208 47 journey
1395 1320 48 39 to
1475 1318 156 41 China
1665 1319 96 40 and
1793 1320 87 39 her
1912 1319 41 39 A
1986 1320 129 41 little

114 1378 202 46 journey
348 1379 47 37 to
427 1376 176 48 Japan.

109 1444 52 52 ©
191 1449 112 39 Dec.
329 1449 39 46 4,
401 1447 139 47 1928;
570 1448 68 39 2c.
668 1448 112 39 Dec.
808 1447 83 41 10;
923 1447 83 41 aff.
1036 1448 111 40 Dec.
1176 1450 26 35 6;
1261 1447 40 39 A
1330 1447 141 46 3132;
1505 1447 53 41 A.
1589 1447 255 48 Flanagan
1871 1447 36 40 &
1935 1459 68 28 co.

179 1500 69 55 [©
277 1516 106 29 new
413 1504 243 49 material]
727 1502 281 51 (28-30459)

105 1643 245 65 Gilbert,
381 1645 139 53 Mrs.
553 1643 169 52 Anne
763 1641 305 66 (Kelledy)

180 1737 122 52 The
331 1736 168 68 angel
529 1734 65 53 of
621 1735 96 52 the
746 1734 317 53 battlefield
1093 1735 113 52 and
1237 1734 163 53 other
1431 1753 211 50 poems,
1670 1735 77 69 by
1776 1735 169 54 Anne
106 1734 1983 148 Kelledy

266 1812 243 55 Gilbert.
584 1813 141 52 New
756 1812 180 67 York,
964 1812 78 52 H.
1074 1812 198 67 Vinal,
1299 1813 124 67 ltd.,
1456 1815 151 51 1928.

180 1893 610 50 8 p. l ., 109 p., 1 l. 21 ᶜᵐ.
107 1962 52 53 ©
186 1968 119 39 Nov.
332 1967 70 39 24,
431 1966 141 46 1928;
603 1966 67 39 2c.
701 1966 111 39 Dec.
842 1965 51 46 6;
926 1965 83 40 aff.
1042 1965 108 40 Dec.
1181 1967 52 44 7;
1266 1966 39 38 A
1333 1966 143 45 3166;
1509 1967 189 39 Harold
1729 1967 157 47 Vinal,
1918 1968 86 40 ltd.

185 2023 281 49 (28-30541)

106 2161 315 64 Gobrecht,
452 2160 228 55 Walter
708 2160 178 54 Roth.

107 2251 1982 135 The gospel message in great poems, by Rev. Walter R. Gobrecht …
435 2329 1682 71 introduction by George L. Omwake … New York
107 2413 112 52 and
249 2412 260 66 London,
540 2411 172 52 Funk
744 2411 113 52 and
886 2410 304 69 Wagnalls
1222 2428 301 51 company,
1558 2413 150 51 1928.

240 2526 9 16 xv,
279 2494 88 40 284
396 2505 45 37 p.
500 2493 58 40 19½ᶜᵐ.

174 2567 41 39 A
247 2565 151 41 series
431 2565 52 40 of
514 2574 231 36 sermons,
779 2563 119 41 each
929 2564 237 47 preceded
1199 2562 63 49 by
1295 2564 82 42 the
1410 2573 139 39 poem
1583 2575 54 29 or
1670 2564 185 40 section
1890 2565 51 40 of
1975 2575 137 38 poem

107 2623 154 40 which
292 2622 216 48 supplies
537 2621 65 41 its
631 2621 314 48 background.
1018 2621 61 48 cf.
1110 2620 133 42 Pref.

106 2689 52 53 ©
185 2695 119 39 Nov.
329 2693 69 47 30,
428 2693 115 40 1928;
598 2694 67 39 2c.
694 2693 96 39 and
817 2691 82 41 aff.
928 2692 112 40 Dec.
1068 2692 55 38 12;
1181 2692 41 38 A
1249 2691 118 41 3168;
1423 2692 142 40 Funk
1591 2692 37 40 &
1655 2693 252 48 Wagnalls
1936 2704 67 30 co.

183 2749 282 50 (28-30546)

101 2889 224 65 Goyau,
372 2888 281 64 Georges,
703 2893 172 49 1869-

231 2979 1884 69 … Saint Louis, Louis de Poissy—Louis de France, par
101 3058 2013 70 Georges Goyau … avec deux gravures hors texte. Paris, Plon
106 3141 172 64 [1928]

169 3219 1942 50 126 p., 1 l. front. (port.) pl. 19½ ᶜᵐ. (Nobles vies·— grandes œuvres,
171 3278 129 49 [n° 13])
105 3345 51 51 ©
185 3349 126 40 June
337 3349 39 46 1,
404 3348 115 40 1928;
606 3359 37 29 1c.
674 3347 102 41 Oct.
805 3347 82 47 19;
917 3346 313 49 A—Foreign
1257 3347 114 46 312;
1402 3347 242 40 Librairie
1675 3349 133 39 Plon.

182 3404 282 50 (28-30694)

100 3543 177 65 Gray,
314 3542 130 54 Lila
478 3541 253 56 Sadelia.

238 3632 1872 70 … A Christmas letter, by Lila Sadelia Gray. Boston, The
107 3710 846 70 Stratford company [ ᶜ1 928]
175 3792 997 50 16 p. 25 ᶜᵐ. (The Stratford poets)
179 3863 72 41 On
275 3873 142 31 cover
435 3873 9 29 :
471 3863 101 40 The
598 3862 253 42 Stratford
874 3863 233 41 booklets.

109 3930 47 52 ©
186 3936 111 40 Dec.
325 3935 39 46 5,
394 3934 115 40 1928;
568 3935 66 41 2c.
663 3935 114 40 Dec.
805 3935 24 39 5;
889 3934 82 41 aff.
1001 3935 113 41 Dec.
1144 3934 81 47 13;
1259 3935 40 39 A
1327 3934 142 48 3190;
1503 3935 253 41 Stratford
1785 3946 82 37 co.,
172 3934 1920 99 publishers.
332 3992 282 49 (28-30543)
