<alto xmlns="http://www.loc.gov/standards/alto/ns-v3#" xmlns:xlink="http://www.w3.org/1999/xlink" xmlns:xsi="http://www.w3.org/2001/XMLSchema-instance" xsi:schemaLocation="http://www.loc.gov/standards/alto/ns-v3# http://www.loc.gov/alto/v3/alto-3-0.xsd"><Description>
<MeasurementUnit>pixel</MeasurementUnit>
<sourceImageInformation>
<fileName>1928_v25_part001.pdf</fileName>
</sourceImageInformation>
<OCRProcessing ID="IdOcr">
<ocrProcessingStep>
<processingDateTime>2019-04-12</processingDateTime>
<processingSoftware>
<softwareCreator>ABBYY</softwareCreator>
<softwareName>ABBYY Recognition Server</softwareName>
<softwareVersion>4.0</softwareVersion>
</processingSoftware>
</ocrProcessingStep>
</OCRProcessing>
</Description>
<Styles>
<ParagraphStyle ID="StyleId-FFFFFFFF-FFFF-FFFF-FFFF-FFFFFFFFFFFF-" ALIGN="Left" LEFT="0." RIGHT="0." FIRSTLINE="0."/>
<ParagraphStyle ID="StyleId-0ECAC0CE-E1F0-4C69-A1B9-95E16886343B-" ALIGN="Left" LEFT="0." RIGHT="0." FIRSTLINE="0." LINESPACE="8.300000191"/>
<ParagraphStyle ID="StyleId-5C6F7A30-EC6F-4250-A8D3-0AE106DCDB5D-" ALIGN="Left" LEFT="0." RIGHT="0." FIRSTLINE="-13." LINESPACE="11.22999954"/>
<ParagraphStyle ID="StyleId-B258737E-7AF8-4B71-A0BF-0A1420B951F9-" ALIGN="Left" LEFT="0." RIGHT="0." FIRSTLINE="-13." LINESPACE="8.210000038"/>
<ParagraphStyle ID="StyleId-35C0EFA5-E89E-4731-B16E-5D3895F12270-" ALIGN="Block" LEFT="0." RIGHT="0." FIRSTLINE="-12." LINESPACE="11.22999954"/>
<ParagraphStyle ID="StyleId-7BD1F9B4-14BB-4AAF-864B-FED8FEA7DC43-" ALIGN="Left" LEFT="0." RIGHT="0." FIRSTLINE="0."/>
<ParagraphStyle ID="StyleId-CD2DA0E5-536D-42AE-AE16-8D9F5C008D5A-" ALIGN="Block" LEFT="0." RIGHT="0." FIRSTLINE="-12." LINESPACE="10."/>
<ParagraphStyle ID="StyleId-AF408F88-EED5-4CE2-A229-3F852C18D9BD-" ALIGN="Block" LEFT="0." RIGHT="0." FIRSTLINE="-14." LINESPACE="10."/>
<ParagraphStyle ID="StyleId-829CD741-943D-4B7B-9638-57AB73DE2567-" ALIGN="Center" LEFT="0." RIGHT="0." FIRSTLINE="0." LINESPACE="9.399999619"/>
<ParagraphStyle ID="StyleId-B271BDFA-6037-4875-BA99-885A067668E9-" ALIGN="Left" LEFT="0." RIGHT="0." FIRSTLINE="-14." LINESPACE="11.21000004"/>
<ParagraphStyle ID="StyleId-64F9C1D8-EA12-4F65-AD18-B72A4C6B556F-" ALIGN="Center" LEFT="0." RIGHT="0." FIRSTLINE="0." LINESPACE="11.60000038"/>
<ParagraphStyle ID="StyleId-44DA2756-E57B-4EF3-9BA4-FC1C14776DE3-" ALIGN="Left" LEFT="0." RIGHT="0." FIRSTLINE="-12." LINESPACE="12.19999981"/>
<ParagraphStyle ID="StyleId-D1D9AF19-8CA6-4F74-9AEC-1B4545205AD7-" ALIGN="Center" LEFT="0." RIGHT="0." FIRSTLINE="0." LINESPACE="11.60000038"/>
<ParagraphStyle ID="StyleId-3ADA1556-6D19-417D-8046-68449BF368BA-" ALIGN="Left" LEFT="0." RIGHT="0." FIRSTLINE="-13." LINESPACE="12.19999981"/>
<ParagraphStyle ID="StyleId-7443A930-B325-44B5-9AB8-B42B4EC78C89-" ALIGN="Block" LEFT="0." RIGHT="0." FIRSTLINE="13." LINESPACE="8.619999886"/>
<ParagraphStyle ID="StyleId-C9A9E480-E448-4934-9AF8-3D252792E396-" ALIGN="Left" LEFT="0." RIGHT="0." FIRSTLINE="-12." LINESPACE="11.38000011"/>
<ParagraphStyle ID="StyleId-73039842-464C-49B9-9440-4C0D0E749DFE-" ALIGN="Center" LEFT="0." RIGHT="0." FIRSTLINE="0." LINESPACE="11.10000038"/>
<ParagraphStyle ID="StyleId-C51F6AC2-80DA-4C65-849C-6E2D5F548EA4-" ALIGN="Left" LEFT="0." RIGHT="0." FIRSTLINE="0." LINESPACE="7.699999809"/>
<ParagraphStyle ID="StyleId-494190D9-BDDC-4834-A745-6AF520F91CD0-" ALIGN="Block" LEFT="0." RIGHT="0." FIRSTLINE="-12." LINESPACE="11.22999954"/>
<ParagraphStyle ID="StyleId-68D39D31-3386-4B28-8C90-DA9420961D78-" ALIGN="Left" LEFT="0." RIGHT="0." FIRSTLINE="0." LINESPACE="11.60000038"/>
<ParagraphStyle ID="StyleId-DF0CE7C7-E73E-44FE-8867-C904BD7F3F42-" ALIGN="Block" LEFT="0." RIGHT="0." FIRSTLINE="0." LINESPACE="12.19999981"/>
</Styles>
<Layout>
<Page ID="Page127" PHYSICAL_IMG_NR="127" HEIGHT="4384" WIDTH="2498">
<TopMargin HEIGHT="390" WIDTH="2498" VPOS="0" HPOS="0">
</TopMargin>
<LeftMargin HEIGHT="3817" WIDTH="94" VPOS="390" HPOS="0">
</LeftMargin>
<RightMargin HEIGHT="3817" WIDTH="356" VPOS="390" HPOS="2142">
</RightMargin>
<BottomMargin HEIGHT="177" WIDTH="2498" VPOS="4207" HPOS="0">
</BottomMargin>
<PrintSpace HEIGHT="3817" WIDTH="2048" VPOS="390" HPOS="94">
<TextBlock ID="Page127_Block1" HEIGHT="142" WIDTH="219" VPOS="4065" HPOS="1050" LANG="en-US" STYLEREFS="StyleId-83BE5C7A-5E86-48EA-9066-1D0B2D35F224-">
<TextLine HEIGHT="56" WIDTH="102" VPOS="4086" HPOS="1075">
<String CONTENT="127" HEIGHT="56" WIDTH="102" VPOS="4086" HPOS="1075"/>
</TextLine>
</TextBlock>
<TextBlock ID="Page127_Block2" HEIGHT="3762" WIDTH="2048" VPOS="390" HPOS="94" LANG="en-US" CS="1" STYLEREFS="StyleId-19B3ACF5-812C-4F2D-ADFE-F2EFC55D8B6A-">
<Shape>
<Polygon POINTS="94,390 2142,390 2142,4152 94,4152 94,390"/>
</Shape>
<TextLine HEIGHT="50" WIDTH="298" VPOS="484" HPOS="176" CS="1">
<String LANG="en-US" CONTENT="95" HEIGHT="41" WIDTH="56" VPOS="486" HPOS="176"/>
<SP HEIGHT="48" WIDTH="19" VPOS="486" HPOS="233"/>
<String LANG="fr" CONTENT="p." HEIGHT="37" WIDTH="43" VPOS="497" HPOS="253"/>
<SP HEIGHT="39" WIDTH="59" VPOS="486" HPOS="297"/>
<String LANG="fr" CONTENT="19" HEIGHT="42" WIDTH="56" VPOS="484" HPOS="357"/>
<String LANG="en-US" CS="1" CONTENT="&#7580;&#7504;"/>
<String LANG="fr" CONTENT="." HEIGHT="9" WIDTH="8" VPOS="517" HPOS="466"/>
</TextLine>
<TextLine HEIGHT="53" WIDTH="2009" VPOS="539" HPOS="114" CS="1">
<String CONTENT="&#169;" HEIGHT="53" WIDTH="51" VPOS="539" HPOS="114"/>
<SP HEIGHT="53" WIDTH="25" VPOS="539" HPOS="166"/>
<String CONTENT="Jan." HEIGHT="40" WIDTH="109" VPOS="543" HPOS="192"/>
<SP HEIGHT="39" WIDTH="26" VPOS="543" HPOS="302"/>
<String CONTENT="19," HEIGHT="47" WIDTH="68" VPOS="541" HPOS="329"/>
<SP HEIGHT="46" WIDTH="27" VPOS="542" HPOS="398"/>
<String CONTENT="1928;" HEIGHT="48" WIDTH="141" VPOS="541" HPOS="426"/>
<SP HEIGHT="47" WIDTH="28" VPOS="542" HPOS="568"/>
<String CONTENT="2c." HEIGHT="40" WIDTH="67" VPOS="542" HPOS="597"/>
<SP HEIGHT="40" WIDTH="28" VPOS="542" HPOS="665"/>
<String CONTENT="Jan." HEIGHT="40" WIDTH="109" VPOS="542" HPOS="694"/>
<SP HEIGHT="41" WIDTH="25" VPOS="541" HPOS="804"/>
<String CONTENT="27:" HEIGHT="40" WIDTH="82" VPOS="541" HPOS="830"/>
<SP HEIGHT="29" WIDTH="29" VPOS="551" HPOS="913"/>
<String CONTENT="aff." HEIGHT="41" WIDTH="82" VPOS="540" HPOS="943"/>
<SP HEIGHT="40" WIDTH="27" VPOS="541" HPOS="1026"/>
<String CONTENT="Jan." HEIGHT="40" WIDTH="111" VPOS="541" HPOS="1054"/>
<SP HEIGHT="40" WIDTH="25" VPOS="541" HPOS="1166"/>
<String CONTENT="26;" HEIGHT="47" WIDTH="84" VPOS="540" HPOS="1192"/>
<SP HEIGHT="47" WIDTH="29" VPOS="540" HPOS="1277"/>
<!-- cceid 1537656A-6CB2-1014-A20E-B9D6251C946A --><String CS="1" CONTENT="A"/>
<SP HEIGHT="39" WIDTH="25" VPOS="540" HPOS="1349"/>
<String CONTENT="1061443;" HEIGHT="47" WIDTH="230" VPOS="539" HPOS="1375"/>
<SP HEIGHT="45" WIDTH="31" VPOS="541" HPOS="1606"/>
<String CONTENT="Board" HEIGHT="39" WIDTH="163" VPOS="541" HPOS="1638"/>
<SP HEIGHT="39" WIDTH="29" VPOS="541" HPOS="1802"/>
<String CONTENT="of" HEIGHT="40" WIDTH="52" VPOS="540" HPOS="1832"/>
<SP HEIGHT="48" WIDTH="26" VPOS="540" HPOS="1885"/>
<String CONTENT="publ." HEIGHT="48" WIDTH="130" VPOS="540" HPOS="1912"/>
<SP HEIGHT="29" WIDTH="28" VPOS="551" HPOS="2043"/>
<String CONTENT="of" HEIGHT="39" WIDTH="51" VPOS="540" HPOS="2072"/>
</TextLine>
<TextLine HEIGHT="50" WIDTH="1503" VPOS="596" HPOS="184" CS="1">
<String CS="1" CONTENT="the" HEIGHT="37" WIDTH="80" VPOS="604" HPOS="184"/>
<SP HEIGHT="39" WIDTH="25" VPOS="601" HPOS="265"/>
<String CONTENT="United" HEIGHT="41" WIDTH="180" VPOS="599" HPOS="291"/>
<SP HEIGHT="40" WIDTH="24" VPOS="599" HPOS="472"/>
<String CONTENT="Lutheran" HEIGHT="41" WIDTH="252" VPOS="598" HPOS="497"/>
<SP HEIGHT="29" WIDTH="22" VPOS="609" HPOS="750"/>
<String CONTENT="church" HEIGHT="41" WIDTH="184" VPOS="597" HPOS="773"/>
<SP HEIGHT="41" WIDTH="23" VPOS="597" HPOS="958"/>
<String CONTENT="in" HEIGHT="40" WIDTH="50" VPOS="598" HPOS="982"/>
<SP HEIGHT="39" WIDTH="26" VPOS="598" HPOS="1033"/>
<String CONTENT="America," HEIGHT="49" WIDTH="240" VPOS="597" HPOS="1060"/>
<SP HEIGHT="49" WIDTH="26" VPOS="597" HPOS="1301"/>
<String CONTENT="Philadelphia." HEIGHT="49" WIDTH="359" VPOS="596" HPOS="1328"/>
</TextLine>
<TextLine HEIGHT="50" WIDTH="253" VPOS="656" HPOS="191">
<String CONTENT="(28-3815)" HEIGHT="50" WIDTH="253" VPOS="656" HPOS="191"/>
</TextLine>
<TextLine HEIGHT="67" WIDTH="1035" VPOS="736" HPOS="108" STYLEREFS="StyleId-3BA075BC-30A3-4CDE-9E6C-5F9934A9615A-">
<String CONTENT="Updegraff," HEIGHT="67" WIDTH="348" VPOS="736" HPOS="108"/>
<SP HEIGHT="65" WIDTH="30" VPOS="737" HPOS="457"/>
<String CONTENT="Clarence" HEIGHT="55" WIDTH="279" VPOS="737" HPOS="488"/>
<SP HEIGHT="52" WIDTH="28" VPOS="738" HPOS="768"/>
<String CONTENT="Milton," HEIGHT="64" WIDTH="230" VPOS="736" HPOS="797"/>
<SP HEIGHT="45" WIDTH="30" VPOS="755" HPOS="1028"/>
<String CONTENT="ed." HEIGHT="53" WIDTH="84" VPOS="737" HPOS="1059"/>
</TextLine>
<TextLine HEIGHT="70" WIDTH="1945" VPOS="814" HPOS="180" STYLEREFS="StyleId-7189B642-C4B2-4C8D-B776-351A8ECD9BCA-">
<String CONTENT="Iowa" HEIGHT="53" WIDTH="158" VPOS="817" HPOS="180"/>
<SP HEIGHT="34" WIDTH="44" VPOS="836" HPOS="339"/>
<String CONTENT="cases" HEIGHT="36" WIDTH="153" VPOS="835" HPOS="384"/>
<SP HEIGHT="35" WIDTH="43" VPOS="836" HPOS="538"/>
<String CONTENT="on" HEIGHT="34" WIDTH="74" VPOS="836" HPOS="582"/>
<SP HEIGHT="34" WIDTH="44" VPOS="835" HPOS="657"/>
<String CONTENT="constitutional" HEIGHT="54" WIDTH="435" VPOS="815" HPOS="702"/>
<SP HEIGHT="53" WIDTH="44" VPOS="815" HPOS="1138"/>
<String CONTENT="law," HEIGHT="68" WIDTH="131" VPOS="815" HPOS="1183"/>
<SP HEIGHT="49" WIDTH="43" VPOS="834" HPOS="1315"/>
<String CONTENT="selected" HEIGHT="54" WIDTH="243" VPOS="815" HPOS="1359"/>
<SP HEIGHT="54" WIDTH="45" VPOS="815" HPOS="1603"/>
<String CONTENT="and" HEIGHT="54" WIDTH="115" VPOS="815" HPOS="1649"/>
<SP HEIGHT="54" WIDTH="44" VPOS="815" HPOS="1765"/>
<String CONTENT="edited" HEIGHT="55" WIDTH="192" VPOS="814" HPOS="1810"/>
<SP HEIGHT="55" WIDTH="44" VPOS="814" HPOS="2003"/>
<String CONTENT="by" HEIGHT="70" WIDTH="77" VPOS="814" HPOS="2048"/>
</TextLine>
<TextLine HEIGHT="72" WIDTH="2014" VPOS="892" HPOS="112" STYLEREFS="StyleId-7189B642-C4B2-4C8D-B776-351A8ECD9BCA-" CS="1">
<String CONTENT="Clarence" HEIGHT="56" WIDTH="271" VPOS="894" HPOS="112"/>
<SP HEIGHT="53" WIDTH="41" VPOS="895" HPOS="384"/>
<String CONTENT="Milton" HEIGHT="53" WIDTH="214" VPOS="895" HPOS="426"/>
<SP HEIGHT="54" WIDTH="41" VPOS="895" HPOS="641"/>
<String CONTENT="Updegraff" HEIGHT="71" WIDTH="329" VPOS="893" HPOS="683"/>
<SP HEIGHT="54" WIDTH="47" VPOS="893" HPOS="1013"/>
<String CS="1" CONTENT="&#8230;"/>
<SP HEIGHT="53" WIDTH="83" VPOS="894" HPOS="1118"/>
<String CONTENT="Iowa" HEIGHT="53" WIDTH="160" VPOS="894" HPOS="1202"/>
<SP HEIGHT="57" WIDTH="46" VPOS="892" HPOS="1363"/>
<String CONTENT="City," HEIGHT="71" WIDTH="154" VPOS="892" HPOS="1410"/>
<SP HEIGHT="69" WIDTH="44" VPOS="892" HPOS="1565"/>
<String CS="1" CONTENT="Ia.," HEIGHT="49" WIDTH="67" VPOS="912" HPOS="1647"/>
<SP HEIGHT="68" WIDTH="43" VPOS="893" HPOS="1715"/>
<String CONTENT="Printed" HEIGHT="55" WIDTH="245" VPOS="892" HPOS="1759"/>
<SP HEIGHT="54" WIDTH="42" VPOS="893" HPOS="2005"/>
<String CONTENT="by" HEIGHT="70" WIDTH="78" VPOS="893" HPOS="2048"/>
</TextLine>
<TextLine HEIGHT="71" WIDTH="1325" VPOS="972" HPOS="111" STYLEREFS="StyleId-7189B642-C4B2-4C8D-B776-351A8ECD9BCA-">
<String CONTENT="University" HEIGHT="70" WIDTH="338" VPOS="973" HPOS="111"/>
<SP HEIGHT="51" WIDTH="26" VPOS="992" HPOS="450"/>
<String CONTENT="multigraph" HEIGHT="69" WIDTH="362" VPOS="973" HPOS="477"/>
<SP HEIGHT="53" WIDTH="28" VPOS="972" HPOS="840"/>
<String CONTENT="department," HEIGHT="69" WIDTH="383" VPOS="972" HPOS="869"/>
<SP HEIGHT="65" WIDTH="31" VPOS="975" HPOS="1253"/>
<String CONTENT="1928." HEIGHT="51" WIDTH="151" VPOS="975" HPOS="1285"/>
</TextLine>
<TextLine HEIGHT="49" WIDTH="785" VPOS="1054" HPOS="181" CS="1">
<String CONTENT="1" HEIGHT="39" WIDTH="24" VPOS="1056" HPOS="181"/>
<SP/>
<String LANG="fr" CS="1" CONTENT="p."/>
<SP/>
<String LANG="fr" CS="1" CONTENT="l."/>
<String CONTENT="," HEIGHT="17" WIDTH="9" VPOS="1086" HPOS="335"/>
<SP HEIGHT="48" WIDTH="22" VPOS="1055" HPOS="345"/>
<String CONTENT="iii," HEIGHT="49" WIDTH="70" VPOS="1054" HPOS="368"/>
<SP HEIGHT="47" WIDTH="23" VPOS="1056" HPOS="439"/>
<String CONTENT="186" HEIGHT="42" WIDTH="87" VPOS="1054" HPOS="463"/>
<SP HEIGHT="41" WIDTH="19" VPOS="1054" HPOS="551"/>
<String CONTENT="numb." HEIGHT="41" WIDTH="163" VPOS="1055" HPOS="571"/>
<SP HEIGHT="41" WIDTH="21" VPOS="1055" HPOS="735"/>
<String CONTENT="1." HEIGHT="41" WIDTH="29" VPOS="1055" HPOS="757"/>
<SP HEIGHT="42" WIDTH="60" VPOS="1054" HPOS="787"/>
<String CS="1" CONTENT="27&#7580;&#7504;." HEIGHT="42" WIDTH="118" VPOS="1054" HPOS="848"/>
</TextLine>
<TextLine HEIGHT="51" WIDTH="1030" VPOS="1110" HPOS="181">
<String CONTENT="Autographed" HEIGHT="49" WIDTH="349" VPOS="1112" HPOS="181"/>
<SP HEIGHT="40" WIDTH="25" VPOS="1112" HPOS="531"/>
<String CONTENT="from" HEIGHT="39" WIDTH="128" VPOS="1112" HPOS="557"/>
<SP HEIGHT="37" WIDTH="27" VPOS="1115" HPOS="686"/>
<String CONTENT="type-written" HEIGHT="50" WIDTH="333" VPOS="1110" HPOS="714"/>
<SP HEIGHT="30" WIDTH="25" VPOS="1122" HPOS="1048"/>
<String CONTENT="copy." HEIGHT="39" WIDTH="137" VPOS="1121" HPOS="1074"/>
</TextLine>
<TextLine HEIGHT="52" WIDTH="2010" VPOS="1166" HPOS="114" CS="1">
<String CONTENT="&#169;" HEIGHT="52" WIDTH="50" VPOS="1166" HPOS="114"/>
<SP HEIGHT="52" WIDTH="31" VPOS="1166" HPOS="165"/>
<String CONTENT="Jan." HEIGHT="41" WIDTH="109" VPOS="1170" HPOS="197"/>
<SP HEIGHT="41" WIDTH="29" VPOS="1170" HPOS="307"/>
<String CONTENT="26," HEIGHT="45" WIDTH="69" VPOS="1170" HPOS="337"/>
<SP HEIGHT="44" WIDTH="31" VPOS="1171" HPOS="407"/>
<String CS="1" CONTENT="1928;" HEIGHT="41" WIDTH="115" VPOS="1170" HPOS="439"/>
<SP HEIGHT="41" WIDTH="32" VPOS="1170" HPOS="581"/>
<String CONTENT="2c." HEIGHT="40" WIDTH="68" VPOS="1170" HPOS="614"/>
<SP HEIGHT="30" WIDTH="30" VPOS="1180" HPOS="683"/>
<String CONTENT="and" HEIGHT="38" WIDTH="96" VPOS="1171" HPOS="714"/>
<SP HEIGHT="38" WIDTH="30" VPOS="1171" HPOS="811"/>
<String CONTENT="aff." HEIGHT="41" WIDTH="82" VPOS="1169" HPOS="842"/>
<SP HEIGHT="41" WIDTH="30" VPOS="1169" HPOS="925"/>
<String CONTENT="Jan." HEIGHT="41" WIDTH="111" VPOS="1169" HPOS="956"/>
<SP HEIGHT="41" WIDTH="29" VPOS="1169" HPOS="1068"/>
<String CONTENT="30;" HEIGHT="47" WIDTH="83" VPOS="1169" HPOS="1098"/>
<SP HEIGHT="47" WIDTH="32" VPOS="1169" HPOS="1182"/>
<!-- cceid 15383245-6CB2-1014-A20E-B9D6251C946A --><String CONTENT="A" HEIGHT="39" WIDTH="43" VPOS="1169" HPOS="1215"/>
<SP HEIGHT="39" WIDTH="28" VPOS="1169" HPOS="1259"/>
<String CONTENT="1061466;" HEIGHT="42" WIDTH="231" VPOS="1169" HPOS="1288"/>
<SP HEIGHT="41" WIDTH="36" VPOS="1170" HPOS="1520"/>
<String CONTENT="State" HEIGHT="40" WIDTH="138" VPOS="1170" HPOS="1557"/>
<SP HEIGHT="30" WIDTH="31" VPOS="1180" HPOS="1696"/>
<String CONTENT="univ." HEIGHT="40" WIDTH="131" VPOS="1170" HPOS="1728"/>
<SP HEIGHT="30" WIDTH="32" VPOS="1181" HPOS="1860"/>
<String CONTENT="of" HEIGHT="41" WIDTH="51" VPOS="1170" HPOS="1893"/>
<SP HEIGHT="39" WIDTH="30" VPOS="1170" HPOS="1945"/>
<String CONTENT="Iowa." HEIGHT="42" WIDTH="148" VPOS="1171" HPOS="1976"/>
</TextLine>
<TextLine HEIGHT="49" WIDTH="706" VPOS="1227" HPOS="181" CS="1">
<String CONTENT="Iowa" HEIGHT="39" WIDTH="130" VPOS="1228" HPOS="181"/>
<SP HEIGHT="41" WIDTH="29" VPOS="1227" HPOS="312"/>
<String CONTENT="City," HEIGHT="49" WIDTH="125" VPOS="1227" HPOS="342"/>
<SP HEIGHT="48" WIDTH="28" VPOS="1228" HPOS="468"/>
<String CS="1" CONTENT="Ia." HEIGHT="30" WIDTH="43" VPOS="1238" HPOS="525"/>
<SP HEIGHT="48" WIDTH="64" VPOS="1228" HPOS="569"/>
<String CS="1" CONTENT="(28-3983)" HEIGHT="49" WIDTH="253" VPOS="1227" HPOS="634"/>
<SP/>
</TextLine>
<TextLine HEIGHT="65" WIDTH="886" VPOS="1307" HPOS="106" STYLEREFS="StyleId-3BA075BC-30A3-4CDE-9E6C-5F9934A9615A-">
<String CONTENT="Vachell," HEIGHT="64" WIDTH="259" VPOS="1307" HPOS="106"/>
<SP HEIGHT="62" WIDTH="35" VPOS="1309" HPOS="366"/>
<String CONTENT="Horace" HEIGHT="53" WIDTH="231" VPOS="1309" HPOS="402"/>
<SP HEIGHT="53" WIDTH="35" VPOS="1308" HPOS="634"/>
<String CONTENT="Annesley." HEIGHT="64" WIDTH="322" VPOS="1308" HPOS="670"/>
</TextLine>
<TextLine HEIGHT="54" WIDTH="638" VPOS="1386" HPOS="177" STYLEREFS="StyleId-7189B642-C4B2-4C8D-B776-351A8ECD9BCA-">
<String CONTENT="Too" HEIGHT="53" WIDTH="120" VPOS="1387" HPOS="177"/>
<SP HEIGHT="34" WIDTH="26" VPOS="1406" HPOS="298"/>
<String CONTENT="much" HEIGHT="53" WIDTH="170" VPOS="1387" HPOS="325"/>
<SP HEIGHT="52" WIDTH="25" VPOS="1387" HPOS="496"/>
<String CONTENT="Mummie." HEIGHT="54" WIDTH="293" VPOS="1386" HPOS="522"/>
</TextLine>
<TextLine HEIGHT="53" WIDTH="1051" VPOS="1466" HPOS="213" STYLEREFS="StyleId-E57DEE43-CA30-495C-BFC4-F43700BE3F8D-" CS="1">
<String CS="1" CONTENT="(In" HEIGHT="39" WIDTH="61" VPOS="1471" HPOS="213"/>
<SP HEIGHT="45" WIDTH="23" VPOS="1466" HPOS="275"/>
<String CONTENT="Story-teller" HEIGHT="52" WIDTH="324" VPOS="1466" HPOS="299"/>
<SP HEIGHT="30" WIDTH="26" VPOS="1480" HPOS="624"/>
<String CONTENT="magazine," HEIGHT="53" WIDTH="279" VPOS="1466" HPOS="651"/>
<SP HEIGHT="51" WIDTH="26" VPOS="1467" HPOS="931"/>
<String CONTENT="Dec.," HEIGHT="50" WIDTH="132" VPOS="1467" HPOS="958"/>
<SP HEIGHT="50" WIDTH="26" VPOS="1467" HPOS="1091"/>
<String CONTENT="1927)" HEIGHT="50" WIDTH="146" VPOS="1467" HPOS="1118"/>
</TextLine>
<TextLine HEIGHT="55" WIDTH="2012" VPOS="1522" HPOS="114" CS="1">
<String CONTENT="&#169;" HEIGHT="53" WIDTH="51" VPOS="1522" HPOS="114"/>
<SP/>
<String CS="1" CONTENT="1c."/>
<SP HEIGHT="41" WIDTH="25" VPOS="1528" HPOS="257"/>
<String CONTENT="Jan." HEIGHT="40" WIDTH="111" VPOS="1528" HPOS="283"/>
<SP HEIGHT="40" WIDTH="23" VPOS="1528" HPOS="395"/>
<String CONTENT="11," HEIGHT="47" WIDTH="68" VPOS="1528" HPOS="419"/>
<SP HEIGHT="47" WIDTH="25" VPOS="1528" HPOS="488"/>
<String CONTENT="1928;" HEIGHT="48" WIDTH="141" VPOS="1527" HPOS="514"/>
<SP HEIGHT="47" WIDTH="27" VPOS="1528" HPOS="656"/>
<!-- cceid 15390358-6CB2-1014-A20E-B9D6251C946A --><String CONTENT="A" HEIGHT="39" WIDTH="41" VPOS="1528" HPOS="684"/>
<SP HEIGHT="40" WIDTH="23" VPOS="1528" HPOS="726"/>
<String CONTENT="ad" HEIGHT="39" WIDTH="60" VPOS="1529" HPOS="750"/>
<SP HEIGHT="40" WIDTH="25" VPOS="1528" HPOS="811"/>
<String CONTENT="int." HEIGHT="40" WIDTH="88" VPOS="1528" HPOS="837"/>
<SP HEIGHT="39" WIDTH="25" VPOS="1529" HPOS="926"/>
<String CONTENT="10532;" HEIGHT="46" WIDTH="171" VPOS="1528" HPOS="952"/>
<SP HEIGHT="38" WIDTH="27" VPOS="1538" HPOS="1124"/>
<String CONTENT="pubd." HEIGHT="48" WIDTH="145" VPOS="1528" HPOS="1152"/>
<SP HEIGHT="40" WIDTH="25" VPOS="1528" HPOS="1298"/>
<String CONTENT="Nov." HEIGHT="40" WIDTH="120" VPOS="1528" HPOS="1324"/>
<SP HEIGHT="39" WIDTH="25" VPOS="1529" HPOS="1445"/>
<String CONTENT="15," HEIGHT="50" WIDTH="69" VPOS="1526" HPOS="1471"/>
<SP HEIGHT="47" WIDTH="25" VPOS="1529" HPOS="1541"/>
<String CONTENT="1927;" HEIGHT="47" WIDTH="142" VPOS="1528" HPOS="1567"/>
<SP HEIGHT="46" WIDTH="29" VPOS="1529" HPOS="1710"/>
<String CONTENT="H." HEIGHT="40" WIDTH="60" VPOS="1529" HPOS="1740"/>
<SP HEIGHT="41" WIDTH="26" VPOS="1528" HPOS="1801"/>
<String CONTENT="A." HEIGHT="41" WIDTH="55" VPOS="1528" HPOS="1828"/>
<SP HEIGHT="39" WIDTH="25" VPOS="1530" HPOS="1884"/>
<String CONTENT="Vachell," HEIGHT="48" WIDTH="216" VPOS="1529" HPOS="1910"/>
</TextLine>
<TextLine HEIGHT="49" WIDTH="402" VPOS="1585" HPOS="180">
<String CONTENT="Bath," HEIGHT="48" WIDTH="143" VPOS="1585" HPOS="180"/>
<SP HEIGHT="47" WIDTH="19" VPOS="1586" HPOS="324"/>
<String CONTENT="England." HEIGHT="48" WIDTH="238" VPOS="1586" HPOS="344"/>
</TextLine>
<TextLine HEIGHT="65" WIDTH="742" VPOS="1666" HPOS="163" STYLEREFS="StyleId-3BA075BC-30A3-4CDE-9E6C-5F9934A9615A-" CS="1">
<String CS="1" CONTENT="Vandegrift," HEIGHT="65" WIDTH="330" VPOS="1666" HPOS="163"/>
<SP HEIGHT="62" WIDTH="30" VPOS="1668" HPOS="494"/>
<String LANG="fr" CONTENT="F." HEIGHT="52" WIDTH="65" VPOS="1668" HPOS="525"/>
<SP HEIGHT="53" WIDTH="28" VPOS="1667" HPOS="591"/>
<String CONTENT="B.," HEIGHT="62" WIDTH="87" VPOS="1667" HPOS="620"/>
<SP HEIGHT="63" WIDTH="31" VPOS="1666" HPOS="708"/>
<String CONTENT="&amp;" HEIGHT="55" WIDTH="52" VPOS="1666" HPOS="740"/>
<SP HEIGHT="55" WIDTH="27" VPOS="1666" HPOS="793"/>
<String CONTENT="co." HEIGHT="38" WIDTH="84" VPOS="1683" HPOS="821"/>
</TextLine>
<TextLine HEIGHT="74" WIDTH="1955" VPOS="1744" HPOS="177" STYLEREFS="StyleId-7189B642-C4B2-4C8D-B776-351A8ECD9BCA-">
<String CONTENT="Hand" HEIGHT="53" WIDTH="178" VPOS="1745" HPOS="177"/>
<SP HEIGHT="54" WIDTH="26" VPOS="1744" HPOS="356"/>
<String CONTENT="book" HEIGHT="55" WIDTH="149" VPOS="1744" HPOS="383"/>
<SP HEIGHT="53" WIDTH="26" VPOS="1745" HPOS="533"/>
<String CONTENT="of" HEIGHT="53" WIDTH="65" VPOS="1745" HPOS="560"/>
<SP HEIGHT="53" WIDTH="23" VPOS="1745" HPOS="626"/>
<String CONTENT="the" HEIGHT="53" WIDTH="97" VPOS="1746" HPOS="650"/>
<SP HEIGHT="54" WIDTH="26" VPOS="1746" HPOS="748"/>
<String CONTENT="United" HEIGHT="54" WIDTH="220" VPOS="1746" HPOS="775"/>
<SP HEIGHT="56" WIDTH="30" VPOS="1745" HPOS="996"/>
<String CONTENT="States" HEIGHT="56" WIDTH="190" VPOS="1745" HPOS="1027"/>
<SP HEIGHT="49" WIDTH="26" VPOS="1751" HPOS="1218"/>
<String CONTENT="tariff," HEIGHT="68" WIDTH="180" VPOS="1746" HPOS="1245"/>
<SP HEIGHT="48" WIDTH="26" VPOS="1766" HPOS="1426"/>
<String CONTENT="containing" HEIGHT="71" WIDTH="339" VPOS="1747" HPOS="1453"/>
<SP HEIGHT="64" WIDTH="22" VPOS="1754" HPOS="1793"/>
<String CONTENT="the" HEIGHT="53" WIDTH="97" VPOS="1748" HPOS="1816"/>
<SP HEIGHT="52" WIDTH="26" VPOS="1749" HPOS="1914"/>
<String CONTENT="Tariff" HEIGHT="54" WIDTH="191" VPOS="1747" HPOS="1941"/>
</TextLine>
<TextLine HEIGHT="73" WIDTH="2020" VPOS="1824" HPOS="111" STYLEREFS="StyleId-7189B642-C4B2-4C8D-B776-351A8ECD9BCA-">
<String CONTENT="act" HEIGHT="48" WIDTH="89" VPOS="1829" HPOS="111"/>
<SP HEIGHT="48" WIDTH="30" VPOS="1829" HPOS="201"/>
<String CONTENT="of" HEIGHT="53" WIDTH="65" VPOS="1824" HPOS="232"/>
<SP HEIGHT="53" WIDTH="31" VPOS="1824" HPOS="298"/>
<String CONTENT="1922," HEIGHT="65" WIDTH="153" VPOS="1827" HPOS="330"/>
<SP HEIGHT="49" WIDTH="31" VPOS="1843" HPOS="484"/>
<String CONTENT="with" HEIGHT="53" WIDTH="143" VPOS="1824" HPOS="516"/>
<SP HEIGHT="52" WIDTH="29" VPOS="1825" HPOS="660"/>
<String CONTENT="complete" HEIGHT="68" WIDTH="279" VPOS="1825" HPOS="690"/>
<SP HEIGHT="34" WIDTH="31" VPOS="1844" HPOS="970"/>
<String CONTENT="schedules" HEIGHT="54" WIDTH="296" VPOS="1825" HPOS="1002"/>
<SP HEIGHT="35" WIDTH="29" VPOS="1844" HPOS="1299"/>
<String CONTENT="of" HEIGHT="55" WIDTH="65" VPOS="1824" HPOS="1329"/>
<SP HEIGHT="55" WIDTH="31" VPOS="1824" HPOS="1395"/>
<String CONTENT="articles," HEIGHT="68" WIDTH="245" VPOS="1826" HPOS="1427"/>
<SP HEIGHT="48" WIDTH="32" VPOS="1846" HPOS="1673"/>
<String CONTENT="rates" HEIGHT="48" WIDTH="151" VPOS="1832" HPOS="1706"/>
<SP HEIGHT="34" WIDTH="30" VPOS="1846" HPOS="1858"/>
<String CONTENT="of" HEIGHT="54" WIDTH="65" VPOS="1826" HPOS="1889"/>
<SP HEIGHT="55" WIDTH="29" VPOS="1826" HPOS="1955"/>
<String CONTENT="duty" HEIGHT="70" WIDTH="146" VPOS="1827" HPOS="1985"/>
</TextLine>
<TextLine HEIGHT="72" WIDTH="2021" VPOS="1902" HPOS="110" STYLEREFS="StyleId-7189B642-C4B2-4C8D-B776-351A8ECD9BCA-">
<String CONTENT="and" HEIGHT="53" WIDTH="111" VPOS="1903" HPOS="110"/>
<SP HEIGHT="53" WIDTH="37" VPOS="1903" HPOS="222"/>
<String CONTENT="applicable" HEIGHT="69" WIDTH="325" VPOS="1902" HPOS="260"/>
<SP HEIGHT="49" WIDTH="33" VPOS="1922" HPOS="586"/>
<String CONTENT="paragraphs" HEIGHT="70" WIDTH="365" VPOS="1903" HPOS="620"/>
<SP HEIGHT="34" WIDTH="33" VPOS="1923" HPOS="986"/>
<String CONTENT="of" HEIGHT="54" WIDTH="65" VPOS="1903" HPOS="1020"/>
<SP HEIGHT="54" WIDTH="33" VPOS="1903" HPOS="1086"/>
<String CONTENT="the" HEIGHT="53" WIDTH="100" VPOS="1904" HPOS="1120"/>
<SP HEIGHT="34" WIDTH="34" VPOS="1923" HPOS="1221"/>
<String CONTENT="act;" HEIGHT="61" WIDTH="118" VPOS="1910" HPOS="1256"/>
<SP HEIGHT="47" WIDTH="39" VPOS="1924" HPOS="1375"/>
<String CONTENT="also" HEIGHT="53" WIDTH="120" VPOS="1906" HPOS="1415"/>
<SP HEIGHT="50" WIDTH="34" VPOS="1924" HPOS="1536"/>
<String CONTENT="provisions" HEIGHT="69" WIDTH="326" VPOS="1905" HPOS="1571"/>
<SP HEIGHT="34" WIDTH="35" VPOS="1926" HPOS="1898"/>
<String CONTENT="of" HEIGHT="55" WIDTH="65" VPOS="1905" HPOS="1934"/>
<SP HEIGHT="54" WIDTH="32" VPOS="1905" HPOS="2000"/>
<String CONTENT="the" HEIGHT="53" WIDTH="98" VPOS="1907" HPOS="2033"/>
</TextLine>
<TextLine HEIGHT="147" WIDTH="1998" VPOS="1982" HPOS="107" STYLEREFS="StyleId-7189B642-C4B2-4C8D-B776-351A8ECD9BCA-" CS="1">
<String CONTENT="act" HEIGHT="48" WIDTH="91" VPOS="1987" HPOS="107"/>
<SP HEIGHT="48" WIDTH="19" VPOS="1987" HPOS="199"/>
<String CONTENT="applicable" HEIGHT="68" WIDTH="325" VPOS="1982" HPOS="219"/>
<SP HEIGHT="48" WIDTH="19" VPOS="1987" HPOS="545"/>
<String CONTENT="to" HEIGHT="48" WIDTH="60" VPOS="1987" HPOS="565"/>
<SP HEIGHT="47" WIDTH="18" VPOS="1988" HPOS="626"/>
<String CS="1" CONTENT="the" HEIGHT="53" WIDTH="64" VPOS="1982" HPOS="645"/>
<SP HEIGHT="50" WIDTH="20" VPOS="1986" HPOS="745"/>
<String CONTENT="administration" HEIGHT="53" WIDTH="471" VPOS="1983" HPOS="766"/>
<SP HEIGHT="34" WIDTH="23" VPOS="2002" HPOS="1238"/>
<String CONTENT="of" HEIGHT="53" WIDTH="65" VPOS="1983" HPOS="1262"/>
<SP HEIGHT="54" WIDTH="18" VPOS="1983" HPOS="1328"/>
<String CONTENT="the" HEIGHT="53" WIDTH="96" VPOS="1984" HPOS="1347"/>
<SP HEIGHT="34" WIDTH="21" VPOS="2003" HPOS="1444"/>
<String CONTENT="customs" HEIGHT="48" WIDTH="246" VPOS="1990" HPOS="1466"/>
<SP HEIGHT="53" WIDTH="20" VPOS="1985" HPOS="1713"/>
<String CONTENT="laws" HEIGHT="53" WIDTH="140" VPOS="1985" HPOS="1734"/>
<SP HEIGHT="34" WIDTH="25" VPOS="2004" HPOS="1875"/>
<String CS="1" CONTENT="&#8230;"/>
<SP HEIGHT="35" WIDTH="27" VPOS="2004" HPOS="1957"/>
<String CONTENT="compiled" HEIGHT="125" WIDTH="1994" VPOS="2004" HPOS="111"/>
<SP HEIGHT="53" WIDTH="24" VPOS="2062" HPOS="267"/>
</TextLine>
<TextLine HEIGHT="147" WIDTH="1997" VPOS="2061" HPOS="109" STYLEREFS="StyleId-7189B642-C4B2-4C8D-B776-351A8ECD9BCA-" CS="1">
<String CONTENT="and" HEIGHT="53" WIDTH="113" VPOS="2062" HPOS="292"/>
<SP HEIGHT="53" WIDTH="24" VPOS="2062" HPOS="406"/>
<String CONTENT="edited" HEIGHT="54" WIDTH="190" VPOS="2061" HPOS="431"/>
<SP HEIGHT="54" WIDTH="21" VPOS="2061" HPOS="622"/>
<String CONTENT="by" HEIGHT="69" WIDTH="77" VPOS="2061" HPOS="644"/>
<SP HEIGHT="68" WIDTH="18" VPOS="2062" HPOS="722"/>
<String CONTENT="Wm." HEIGHT="54" WIDTH="151" VPOS="2062" HPOS="741"/>
<SP HEIGHT="54" WIDTH="22" VPOS="2062" HPOS="893"/>
<String CONTENT="W." HEIGHT="54" WIDTH="90" VPOS="2062" HPOS="916"/>
<SP HEIGHT="53" WIDTH="22" VPOS="2062" HPOS="1007"/>
<String CONTENT="Rich" HEIGHT="53" WIDTH="147" VPOS="2062" HPOS="1030"/>
<SP HEIGHT="53" WIDTH="29" VPOS="2062" HPOS="1178"/>
<String CS="1" CONTENT="&#8230;"/>
<SP HEIGHT="52" WIDTH="80" VPOS="2063" HPOS="1265"/>
<String CONTENT="New" HEIGHT="53" WIDTH="139" VPOS="2063" HPOS="1346"/>
<SP HEIGHT="53" WIDTH="23" VPOS="2063" HPOS="1486"/>
<String CONTENT="York," HEIGHT="68" WIDTH="182" VPOS="2063" HPOS="1510"/>
<SP HEIGHT="67" WIDTH="22" VPOS="2064" HPOS="1693"/>
<String LANG="fr" CONTENT="F." HEIGHT="52" WIDTH="65" VPOS="2064" HPOS="1716"/>
<SP HEIGHT="51" WIDTH="25" VPOS="2065" HPOS="1782"/>
<String CONTENT="B." HEIGHT="52" WIDTH="69" VPOS="2065" HPOS="1808"/>
<SP HEIGHT="53" WIDTH="21" VPOS="2066" HPOS="1878"/>
<String CONTENT="Vandegrift" HEIGHT="143" WIDTH="1997" VPOS="2065" HPOS="109"/>
<SP HEIGHT="51" WIDTH="28" VPOS="2142" HPOS="259"/>
<String CONTENT="&amp;" HEIGHT="51" WIDTH="46" VPOS="2142" HPOS="288"/>
<SP HEIGHT="51" WIDTH="29" VPOS="2142" HPOS="335"/>
<String CONTENT="co." HEIGHT="34" WIDTH="79" VPOS="2159" HPOS="365"/>
<SP HEIGHT="34" WIDTH="38" VPOS="2174" HPOS="445"/>
<String CS="1" CONTENT="[&#7580;1928]" HEIGHT="66" WIDTH="194" VPOS="2142" HPOS="484"/>
</TextLine>
<TextLine HEIGHT="51" WIDTH="454" VPOS="2223" HPOS="180" STYLEREFS="StyleId-7189B642-C4B2-4C8D-B776-351A8ECD9BCA-" CS="1">
<String CONTENT="xi," HEIGHT="48" WIDTH="65" VPOS="2223" HPOS="180"/>
<SP HEIGHT="48" WIDTH="19" VPOS="2223" HPOS="246"/>
<String CONTENT="912," HEIGHT="48" WIDTH="99" VPOS="2223" HPOS="266"/>
<SP HEIGHT="30" WIDTH="24" VPOS="2244" HPOS="366"/>
<String CONTENT="[1]" HEIGHT="50" WIDTH="57" VPOS="2224" HPOS="391"/>
<SP HEIGHT="38" WIDTH="22" VPOS="2235" HPOS="449"/>
<String CONTENT="p." HEIGHT="37" WIDTH="43" VPOS="2235" HPOS="472"/>
<SP HEIGHT="41" WIDTH="59" VPOS="2224" HPOS="516"/>
<String CS="1" CONTENT="19&#189;&#7580;&#7504;." HEIGHT="41" WIDTH="58" VPOS="2224" HPOS="576"/>
</TextLine>
<TextLine HEIGHT="42" WIDTH="433" VPOS="2281" HPOS="182">
<String CONTENT="&#8220;Third" HEIGHT="40" WIDTH="182" VPOS="2281" HPOS="182"/>
<SP HEIGHT="40" WIDTH="18" VPOS="2282" HPOS="365"/>
<String CONTENT="edition.&#8221;" HEIGHT="42" WIDTH="231" VPOS="2281" HPOS="384"/>
</TextLine>
<TextLine HEIGHT="56" WIDTH="2014" VPOS="2334" HPOS="115">
<String CONTENT="&#169;" HEIGHT="53" WIDTH="51" VPOS="2334" HPOS="115"/>
<SP HEIGHT="53" WIDTH="28" VPOS="2334" HPOS="167"/>
<String CONTENT="Jan." HEIGHT="40" WIDTH="109" VPOS="2340" HPOS="196"/>
<SP HEIGHT="40" WIDTH="26" VPOS="2340" HPOS="306"/>
<String CONTENT="31," HEIGHT="48" WIDTH="69" VPOS="2339" HPOS="333"/>
<SP HEIGHT="47" WIDTH="29" VPOS="2340" HPOS="403"/>
<String CONTENT="1928;" HEIGHT="46" WIDTH="142" VPOS="2339" HPOS="433"/>
<SP HEIGHT="46" WIDTH="28" VPOS="2339" HPOS="576"/>
<String CONTENT="2c." HEIGHT="40" WIDTH="69" VPOS="2339" HPOS="605"/>
<SP HEIGHT="29" WIDTH="26" VPOS="2350" HPOS="675"/>
<String CONTENT="and" HEIGHT="38" WIDTH="96" VPOS="2341" HPOS="702"/>
<SP HEIGHT="38" WIDTH="29" VPOS="2341" HPOS="799"/>
<String CONTENT="aff." HEIGHT="40" WIDTH="82" VPOS="2339" HPOS="829"/>
<SP HEIGHT="39" WIDTH="29" VPOS="2340" HPOS="912"/>
<String CONTENT="Feb." HEIGHT="40" WIDTH="111" VPOS="2340" HPOS="942"/>
<SP HEIGHT="40" WIDTH="28" VPOS="2340" HPOS="1054"/>
<String CONTENT="1;" HEIGHT="46" WIDTH="53" VPOS="2340" HPOS="1083"/>
<SP HEIGHT="46" WIDTH="29" VPOS="2340" HPOS="1137"/>
<!-- cceid 1539CD29-6CB2-1014-A20E-B9D6251C946A --><String CONTENT="A" HEIGHT="39" WIDTH="42" VPOS="2340" HPOS="1167"/>
<SP HEIGHT="39" WIDTH="27" VPOS="2340" HPOS="1210"/>
<String CONTENT="1061485;" HEIGHT="49" WIDTH="231" VPOS="2339" HPOS="1238"/>
<SP HEIGHT="47" WIDTH="32" VPOS="2341" HPOS="1470"/>
<String LANG="fr" CONTENT="F." HEIGHT="40" WIDTH="51" VPOS="2341" HPOS="1503"/>
<SP HEIGHT="39" WIDTH="29" VPOS="2342" HPOS="1555"/>
<String CONTENT="B." HEIGHT="39" WIDTH="54" VPOS="2342" HPOS="1585"/>
<SP HEIGHT="39" WIDTH="29" VPOS="2342" HPOS="1640"/>
<String CONTENT="Vandegrift" HEIGHT="48" WIDTH="294" VPOS="2342" HPOS="1670"/>
<SP HEIGHT="40" WIDTH="28" VPOS="2343" HPOS="1965"/>
<String CONTENT="&amp;" HEIGHT="40" WIDTH="36" VPOS="2343" HPOS="1994"/>
<SP HEIGHT="40" WIDTH="27" VPOS="2343" HPOS="2031"/>
<String CONTENT="co." HEIGHT="28" WIDTH="70" VPOS="2355" HPOS="2059"/>
</TextLine>
<TextLine HEIGHT="50" WIDTH="253" VPOS="2397" HPOS="192">
<String CONTENT="(28-3968)" HEIGHT="50" WIDTH="253" VPOS="2397" HPOS="192"/>
</TextLine>
<TextLine HEIGHT="64" WIDTH="573" VPOS="2478" HPOS="108" STYLEREFS="StyleId-3BA075BC-30A3-4CDE-9E6C-5F9934A9615A-">
<String CONTENT="Venner," HEIGHT="64" WIDTH="255" VPOS="2478" HPOS="108"/>
<SP HEIGHT="63" WIDTH="28" VPOS="2479" HPOS="364"/>
<String CONTENT="Norman." HEIGHT="54" WIDTH="288" VPOS="2479" HPOS="393"/>
</TextLine>
<TextLine HEIGHT="72" WIDTH="1948" VPOS="2557" HPOS="183" STYLEREFS="StyleId-7189B642-C4B2-4C8D-B776-351A8ECD9BCA-">
<String CONTENT="The" HEIGHT="54" WIDTH="121" VPOS="2557" HPOS="183"/>
<SP HEIGHT="35" WIDTH="50" VPOS="2576" HPOS="305"/>
<String CONTENT="careers" HEIGHT="36" WIDTH="219" VPOS="2575" HPOS="356"/>
<SP HEIGHT="34" WIDTH="51" VPOS="2577" HPOS="576"/>
<String CONTENT="of" HEIGHT="53" WIDTH="65" VPOS="2558" HPOS="628"/>
<SP HEIGHT="52" WIDTH="49" VPOS="2558" HPOS="694"/>
<String CONTENT="Bertram" HEIGHT="52" WIDTH="269" VPOS="2559" HPOS="744"/>
<SP HEIGHT="52" WIDTH="50" VPOS="2559" HPOS="1014"/>
<String CONTENT="Barrington." HEIGHT="70" WIDTH="377" VPOS="2559" HPOS="1065"/>
<SP HEIGHT="34" WIDTH="80" VPOS="2593" HPOS="1443"/>
<String STYLE="subscript" CONTENT="[" HEIGHT="34" WIDTH="13" VPOS="2593" HPOS="1524"/>
<String CONTENT="no." HEIGHT="34" WIDTH="90" VPOS="2579" HPOS="1541"/>
<SP HEIGHT="49" WIDTH="50" VPOS="2563" HPOS="1632"/>
<String CONTENT="2]" HEIGHT="65" WIDTH="50" VPOS="2563" HPOS="1683"/>
<SP HEIGHT="68" WIDTH="55" VPOS="2560" HPOS="1734"/>
<String CONTENT="In" HEIGHT="54" WIDTH="75" VPOS="2560" HPOS="1790"/>
<SP HEIGHT="35" WIDTH="47" VPOS="2579" HPOS="1866"/>
<String CONTENT="aid" HEIGHT="54" WIDTH="98" VPOS="2561" HPOS="1914"/>
<SP HEIGHT="54" WIDTH="50" VPOS="2561" HPOS="2013"/>
<String CONTENT="of" HEIGHT="55" WIDTH="67" VPOS="2560" HPOS="2064"/>
</TextLine>
<TextLine HEIGHT="54" WIDTH="219" VPOS="2636" HPOS="108" STYLEREFS="StyleId-7189B642-C4B2-4C8D-B776-351A8ECD9BCA-">
<String CONTENT="Lionel." HEIGHT="54" WIDTH="219" VPOS="2636" HPOS="108"/>
</TextLine>
<TextLine HEIGHT="54" WIDTH="1077" VPOS="2715" HPOS="192" STYLEREFS="StyleId-E57DEE43-CA30-495C-BFC4-F43700BE3F8D-">
<String CONTENT="(In" HEIGHT="48" WIDTH="83" VPOS="2720" HPOS="192"/>
<SP HEIGHT="45" WIDTH="26" VPOS="2715" HPOS="276"/>
<String CONTENT="Story-teller" HEIGHT="53" WIDTH="324" VPOS="2715" HPOS="303"/>
<SP HEIGHT="29" WIDTH="28" VPOS="2731" HPOS="628"/>
<String CONTENT="magazine," HEIGHT="52" WIDTH="280" VPOS="2717" HPOS="657"/>
<SP HEIGHT="51" WIDTH="24" VPOS="2717" HPOS="938"/>
<String CONTENT="Jan.," HEIGHT="51" WIDTH="130" VPOS="2717" HPOS="963"/>
<SP HEIGHT="50" WIDTH="28" VPOS="2718" HPOS="1094"/>
<String CONTENT="1928)" HEIGHT="50" WIDTH="146" VPOS="2718" HPOS="1123"/>
</TextLine>
<TextLine HEIGHT="57" WIDTH="2013" VPOS="2772" HPOS="116" CS="1">
<String CONTENT="&#169;" HEIGHT="53" WIDTH="51" VPOS="2772" HPOS="116"/>
<SP/>
<String CS="1" CONTENT="1c."/>
<SP HEIGHT="41" WIDTH="33" VPOS="2777" HPOS="271"/>
<String CONTENT="Feb." HEIGHT="42" WIDTH="113" VPOS="2777" HPOS="305"/>
<SP HEIGHT="41" WIDTH="32" VPOS="2778" HPOS="419"/>
<String CONTENT="9," HEIGHT="48" WIDTH="40" VPOS="2778" HPOS="452"/>
<SP HEIGHT="48" WIDTH="33" VPOS="2778" HPOS="493"/>
<String CONTENT="1928;" HEIGHT="47" WIDTH="143" VPOS="2778" HPOS="527"/>
<SP HEIGHT="47" WIDTH="35" VPOS="2778" HPOS="671"/>
<!-- cceid 153A8B91-6CB2-1014-A20E-B9D6251C946A --><String CONTENT="A" HEIGHT="40" WIDTH="41" VPOS="2778" HPOS="707"/>
<SP HEIGHT="40" WIDTH="32" VPOS="2778" HPOS="749"/>
<String CONTENT="ad" HEIGHT="39" WIDTH="62" VPOS="2779" HPOS="782"/>
<SP HEIGHT="40" WIDTH="32" VPOS="2778" HPOS="845"/>
<String CONTENT="int." HEIGHT="41" WIDTH="88" VPOS="2778" HPOS="878"/>
<SP HEIGHT="41" WIDTH="34" VPOS="2778" HPOS="967"/>
<String CONTENT="10642;" HEIGHT="48" WIDTH="170" VPOS="2778" HPOS="1002"/>
<SP HEIGHT="38" WIDTH="36" VPOS="2789" HPOS="1173"/>
<String CONTENT="pubd." HEIGHT="47" WIDTH="146" VPOS="2780" HPOS="1210"/>
<SP HEIGHT="40" WIDTH="34" VPOS="2780" HPOS="1357"/>
<String CONTENT="Dec." HEIGHT="41" WIDTH="112" VPOS="2780" HPOS="1392"/>
<SP HEIGHT="41" WIDTH="37" VPOS="2780" HPOS="1505"/>
<String CONTENT="14," HEIGHT="48" WIDTH="68" VPOS="2780" HPOS="1543"/>
<SP HEIGHT="47" WIDTH="35" VPOS="2781" HPOS="1612"/>
<String CONTENT="1927;" HEIGHT="48" WIDTH="142" VPOS="2780" HPOS="1648"/>
<SP HEIGHT="47" WIDTH="37" VPOS="2781" HPOS="1791"/>
<String LANG="fr" CONTENT="N." HEIGHT="40" WIDTH="56" VPOS="2781" HPOS="1829"/>
<SP HEIGHT="39" WIDTH="36" VPOS="2782" HPOS="1886"/>
<String LANG="fr" CONTENT="Venner," HEIGHT="47" WIDTH="206" VPOS="2782" HPOS="1923"/>
</TextLine>
<TextLine HEIGHT="42" WIDTH="214" VPOS="2835" HPOS="182">
<String CONTENT="London." HEIGHT="42" WIDTH="214" VPOS="2835" HPOS="182"/>
</TextLine>
<TextLine HEIGHT="66" WIDTH="530" VPOS="2915" HPOS="109" STYLEREFS="StyleId-3BA075BC-30A3-4CDE-9E6C-5F9934A9615A-">
<String CONTENT="Wallace," HEIGHT="65" WIDTH="273" VPOS="2915" HPOS="109"/>
<SP HEIGHT="64" WIDTH="33" VPOS="2916" HPOS="383"/>
<String CONTENT="Edgar." HEIGHT="65" WIDTH="222" VPOS="2916" HPOS="417"/>
</TextLine>
<TextLine HEIGHT="72" WIDTH="888" VPOS="2993" HPOS="183" STYLEREFS="StyleId-7189B642-C4B2-4C8D-B776-351A8ECD9BCA-">
<String CONTENT="Case" HEIGHT="56" WIDTH="142" VPOS="2993" HPOS="183"/>
<SP HEIGHT="35" WIDTH="26" VPOS="3013" HPOS="326"/>
<String CONTENT="of" HEIGHT="54" WIDTH="66" VPOS="2994" HPOS="353"/>
<SP HEIGHT="54" WIDTH="27" VPOS="2994" HPOS="420"/>
<String CONTENT="the" HEIGHT="52" WIDTH="98" VPOS="2996" HPOS="448"/>
<SP HEIGHT="52" WIDTH="27" VPOS="2996" HPOS="547"/>
<String CONTENT="home" HEIGHT="53" WIDTH="166" VPOS="2996" HPOS="575"/>
<SP HEIGHT="35" WIDTH="27" VPOS="3015" HPOS="742"/>
<String CONTENT="secretary." HEIGHT="64" WIDTH="301" VPOS="3001" HPOS="770"/>
</TextLine>
<TextLine HEIGHT="54" WIDTH="833" VPOS="3074" HPOS="192" STYLEREFS="StyleId-E57DEE43-CA30-495C-BFC4-F43700BE3F8D-">
<String CONTENT="(In" HEIGHT="49" WIDTH="85" VPOS="3077" HPOS="192"/>
<SP HEIGHT="44" WIDTH="23" VPOS="3074" HPOS="278"/>
<String CONTENT="London" HEIGHT="44" WIDTH="204" VPOS="3074" HPOS="302"/>
<SP HEIGHT="43" WIDTH="24" VPOS="3075" HPOS="507"/>
<String CONTENT="Weekly" HEIGHT="53" WIDTH="208" VPOS="3075" HPOS="532"/>
<SP HEIGHT="53" WIDTH="25" VPOS="3075" HPOS="741"/>
<String CONTENT="dispatch)" HEIGHT="53" WIDTH="258" VPOS="3075" HPOS="767"/>
</TextLine>
<TextLine HEIGHT="58" WIDTH="2011" VPOS="3130" HPOS="118" CS="1">
<String CONTENT="&#169;" HEIGHT="53" WIDTH="51" VPOS="3130" HPOS="118"/>
<SP/>
<String CS="1" CONTENT="1c."/>
<SP HEIGHT="41" WIDTH="29" VPOS="3135" HPOS="266"/>
<String CONTENT="Jan." HEIGHT="41" WIDTH="111" VPOS="3135" HPOS="296"/>
<SP HEIGHT="40" WIDTH="29" VPOS="3136" HPOS="408"/>
<String CONTENT="18," HEIGHT="47" WIDTH="69" VPOS="3136" HPOS="438"/>
<SP HEIGHT="46" WIDTH="30" VPOS="3137" HPOS="508"/>
<String CS="1" CONTENT="1928;" HEIGHT="40" WIDTH="115" VPOS="3136" HPOS="539"/>
<SP HEIGHT="47" WIDTH="31" VPOS="3136" HPOS="681"/>
<!-- cceid 153B5012-6CB2-1014-A20E-B9D6251C946A --><String CONTENT="A" HEIGHT="40" WIDTH="43" VPOS="3136" HPOS="713"/>
<SP HEIGHT="40" WIDTH="27" VPOS="3136" HPOS="757"/>
<String CONTENT="ad" HEIGHT="38" WIDTH="63" VPOS="3138" HPOS="785"/>
<SP HEIGHT="40" WIDTH="28" VPOS="3136" HPOS="849"/>
<String CONTENT="int." HEIGHT="41" WIDTH="89" VPOS="3136" HPOS="878"/>
<SP HEIGHT="40" WIDTH="28" VPOS="3137" HPOS="968"/>
<String CS="1" CONTENT="10562;" HEIGHT="40" WIDTH="145" VPOS="3137" HPOS="997"/>
<SP HEIGHT="39" WIDTH="34" VPOS="3147" HPOS="1169"/>
<String CONTENT="pubd." HEIGHT="49" WIDTH="144" VPOS="3137" HPOS="1204"/>
<SP HEIGHT="40" WIDTH="30" VPOS="3138" HPOS="1349"/>
<String CONTENT="Nov." HEIGHT="42" WIDTH="119" VPOS="3138" HPOS="1380"/>
<SP HEIGHT="41" WIDTH="30" VPOS="3139" HPOS="1500"/>
<String CONTENT="20," HEIGHT="50" WIDTH="69" VPOS="3137" HPOS="1531"/>
<SP HEIGHT="48" WIDTH="31" VPOS="3139" HPOS="1601"/>
<String CS="1" CONTENT="1927;" HEIGHT="41" WIDTH="116" VPOS="3138" HPOS="1633"/>
<SP HEIGHT="46" WIDTH="34" VPOS="3140" HPOS="1776"/>
<String CONTENT="E." HEIGHT="40" WIDTH="53" VPOS="3140" HPOS="1811"/>
<SP HEIGHT="39" WIDTH="31" VPOS="3141" HPOS="1865"/>
<String CONTENT="Wallace," HEIGHT="47" WIDTH="232" VPOS="3141" HPOS="1897"/>
</TextLine>
<TextLine HEIGHT="41" WIDTH="213" VPOS="3193" HPOS="184">
<String CONTENT="London." HEIGHT="41" WIDTH="213" VPOS="3193" HPOS="184"/>
</TextLine>
<TextLine HEIGHT="71" WIDTH="985" VPOS="3274" HPOS="181" STYLEREFS="StyleId-2071F5CF-4A5F-44AB-9E76-37DBD339C047-">
<String CONTENT="The" HEIGHT="53" WIDTH="121" VPOS="3274" HPOS="181"/>
<SP HEIGHT="34" WIDTH="27" VPOS="3293" HPOS="303"/>
<String CONTENT="murderer" HEIGHT="53" WIDTH="297" VPOS="3275" HPOS="331"/>
<SP HEIGHT="34" WIDTH="29" VPOS="3294" HPOS="629"/>
<String CONTENT="of" HEIGHT="54" WIDTH="65" VPOS="3274" HPOS="659"/>
<SP HEIGHT="54" WIDTH="26" VPOS="3274" HPOS="725"/>
<String CONTENT="many" HEIGHT="51" WIDTH="175" VPOS="3294" HPOS="752"/>
<SP HEIGHT="51" WIDTH="27" VPOS="3294" HPOS="928"/>
<String CONTENT="names." HEIGHT="37" WIDTH="210" VPOS="3293" HPOS="956"/>
</TextLine>
<TextLine HEIGHT="55" WIDTH="832" VPOS="3353" HPOS="194" STYLEREFS="StyleId-65AFEF16-2A0F-4B4F-8D57-4F149B7F2BE3-">
<String CONTENT="(In" HEIGHT="48" WIDTH="83" VPOS="3357" HPOS="194"/>
<SP HEIGHT="44" WIDTH="25" VPOS="3353" HPOS="278"/>
<String CONTENT="London" HEIGHT="45" WIDTH="202" VPOS="3353" HPOS="304"/>
<SP HEIGHT="44" WIDTH="24" VPOS="3354" HPOS="507"/>
<String CONTENT="Weekly" HEIGHT="54" WIDTH="209" VPOS="3354" HPOS="532"/>
<SP HEIGHT="53" WIDTH="24" VPOS="3355" HPOS="742"/>
<String CONTENT="dispatch)" HEIGHT="53" WIDTH="259" VPOS="3355" HPOS="767"/>
</TextLine>
<TextLine HEIGHT="57" WIDTH="2010" VPOS="3409" HPOS="119" STYLEREFS="StyleId-9C1C7E03-B1A7-4C0B-9E8E-F2FC127A4808-" CS="1">
<String CONTENT="&#169;" HEIGHT="53" WIDTH="51" VPOS="3409" HPOS="119"/>
<SP/>
<String CS="1" CONTENT="1c."/>
<SP HEIGHT="41" WIDTH="29" VPOS="3415" HPOS="268"/>
<String CONTENT="Jan." HEIGHT="40" WIDTH="111" VPOS="3415" HPOS="298"/>
<SP HEIGHT="40" WIDTH="29" VPOS="3415" HPOS="410"/>
<String CONTENT="24," HEIGHT="49" WIDTH="70" VPOS="3415" HPOS="440"/>
<SP HEIGHT="48" WIDTH="29" VPOS="3416" HPOS="511"/>
<String CONTENT="1928;" HEIGHT="48" WIDTH="141" VPOS="3415" HPOS="541"/>
<SP HEIGHT="48" WIDTH="32" VPOS="3415" HPOS="683"/>
<!-- cceid 153C20E7-6CB2-1014-A20E-B9D6251C946A --><String CONTENT="A" HEIGHT="40" WIDTH="41" VPOS="3415" HPOS="716"/>
<SP HEIGHT="41" WIDTH="29" VPOS="3415" HPOS="758"/>
<String CONTENT="ad" HEIGHT="39" WIDTH="62" VPOS="3417" HPOS="788"/>
<SP HEIGHT="39" WIDTH="28" VPOS="3417" HPOS="851"/>
<String CONTENT="int." HEIGHT="41" WIDTH="88" VPOS="3417" HPOS="880"/>
<SP HEIGHT="41" WIDTH="29" VPOS="3417" HPOS="969"/>
<String CS="1" CONTENT="10587;" HEIGHT="41" WIDTH="145" VPOS="3416" HPOS="999"/>
<SP HEIGHT="37" WIDTH="31" VPOS="3428" HPOS="1172"/>
<String CONTENT="pubd." HEIGHT="48" WIDTH="146" VPOS="3417" HPOS="1204"/>
<SP HEIGHT="41" WIDTH="30" VPOS="3418" HPOS="1351"/>
<String CONTENT="Nov." HEIGHT="41" WIDTH="119" VPOS="3418" HPOS="1382"/>
<SP HEIGHT="40" WIDTH="30" VPOS="3419" HPOS="1502"/>
<String CONTENT="27," HEIGHT="44" WIDTH="69" VPOS="3419" HPOS="1533"/>
<SP HEIGHT="44" WIDTH="31" VPOS="3419" HPOS="1603"/>
<String CS="1" CONTENT="1927;" HEIGHT="40" WIDTH="116" VPOS="3419" HPOS="1635"/>
<SP HEIGHT="45" WIDTH="34" VPOS="3421" HPOS="1777"/>
<String CONTENT="E." HEIGHT="39" WIDTH="54" VPOS="3421" HPOS="1812"/>
<SP HEIGHT="39" WIDTH="30" VPOS="3421" HPOS="1867"/>
<String CONTENT="Wallace," HEIGHT="41" WIDTH="231" VPOS="3421" HPOS="1898"/>
</TextLine>
<TextLine HEIGHT="42" WIDTH="212" VPOS="3472" HPOS="185" STYLEREFS="StyleId-9C1C7E03-B1A7-4C0B-9E8E-F2FC127A4808-">
<String CONTENT="London." HEIGHT="42" WIDTH="212" VPOS="3472" HPOS="185"/>
</TextLine>
<TextLine HEIGHT="57" WIDTH="671" VPOS="3551" HPOS="181" STYLEREFS="StyleId-2071F5CF-4A5F-44AB-9E76-37DBD339C047-">
<String CONTENT="A" HEIGHT="54" WIDTH="57" VPOS="3551" HPOS="181"/>
<SP HEIGHT="55" WIDTH="25" VPOS="3551" HPOS="239"/>
<String CONTENT="servant" HEIGHT="49" WIDTH="232" VPOS="3558" HPOS="265"/>
<SP HEIGHT="49" WIDTH="26" VPOS="3558" HPOS="498"/>
<String CONTENT="of" HEIGHT="55" WIDTH="65" VPOS="3552" HPOS="525"/>
<SP HEIGHT="54" WIDTH="27" VPOS="3552" HPOS="591"/>
<String CONTENT="women." HEIGHT="36" WIDTH="233" VPOS="3572" HPOS="619"/>
</TextLine>
<TextLine HEIGHT="56" WIDTH="830" VPOS="3631" HPOS="195" STYLEREFS="StyleId-65AFEF16-2A0F-4B4F-8D57-4F149B7F2BE3-">
<String CONTENT="(In" HEIGHT="48" WIDTH="83" VPOS="3636" HPOS="195"/>
<SP HEIGHT="45" WIDTH="23" VPOS="3631" HPOS="279"/>
<String CONTENT="London" HEIGHT="46" WIDTH="204" VPOS="3631" HPOS="303"/>
<SP HEIGHT="44" WIDTH="24" VPOS="3633" HPOS="508"/>
<String CONTENT="Weekly" HEIGHT="53" WIDTH="208" VPOS="3633" HPOS="533"/>
<SP HEIGHT="52" WIDTH="25" VPOS="3634" HPOS="742"/>
<String CONTENT="dispatch)" HEIGHT="53" WIDTH="257" VPOS="3634" HPOS="768"/>
</TextLine>
<TextLine HEIGHT="59" WIDTH="1996" VPOS="3687" HPOS="120" STYLEREFS="StyleId-9C1C7E03-B1A7-4C0B-9E8E-F2FC127A4808-" CS="1">
<String CONTENT="&#169;" HEIGHT="53" WIDTH="51" VPOS="3687" HPOS="120"/>
<SP/>
<String CS="1" CONTENT="1c."/>
<SP HEIGHT="40" WIDTH="31" VPOS="3694" HPOS="272"/>
<String CONTENT="Jan." HEIGHT="40" WIDTH="112" VPOS="3694" HPOS="304"/>
<SP HEIGHT="40" WIDTH="30" VPOS="3694" HPOS="417"/>
<String CONTENT="31," HEIGHT="48" WIDTH="69" VPOS="3694" HPOS="448"/>
<SP HEIGHT="47" WIDTH="32" VPOS="3695" HPOS="518"/>
<String CS="1" CONTENT="1928;" HEIGHT="41" WIDTH="115" VPOS="3694" HPOS="551"/>
<SP HEIGHT="40" WIDTH="34" VPOS="3695" HPOS="693"/>
<!-- cceid 153CEA6F-6CB2-1014-A20E-B9D6251C946A --><String CONTENT="A" HEIGHT="39" WIDTH="41" VPOS="3695" HPOS="728"/>
<SP HEIGHT="40" WIDTH="31" VPOS="3695" HPOS="770"/>
<String CONTENT="ad" HEIGHT="39" WIDTH="62" VPOS="3698" HPOS="802"/>
<SP HEIGHT="41" WIDTH="32" VPOS="3696" HPOS="865"/>
<String CONTENT="int." HEIGHT="42" WIDTH="87" VPOS="3696" HPOS="898"/>
<SP HEIGHT="41" WIDTH="32" VPOS="3697" HPOS="986"/>
<String CONTENT="10607;" HEIGHT="48" WIDTH="171" VPOS="3696" HPOS="1019"/>
<SP HEIGHT="38" WIDTH="35" VPOS="3707" HPOS="1191"/>
<String CONTENT="pubd." HEIGHT="48" WIDTH="145" VPOS="3697" HPOS="1227"/>
<SP HEIGHT="40" WIDTH="34" VPOS="3698" HPOS="1373"/>
<String CONTENT="Dec." HEIGHT="41" WIDTH="112" VPOS="3698" HPOS="1408"/>
<SP HEIGHT="41" WIDTH="31" VPOS="3698" HPOS="1521"/>
<String CONTENT="4," HEIGHT="48" WIDTH="41" VPOS="3698" HPOS="1553"/>
<SP HEIGHT="47" WIDTH="33" VPOS="3699" HPOS="1595"/>
<String CONTENT="1927;" HEIGHT="46" WIDTH="143" VPOS="3699" HPOS="1629"/>
<SP HEIGHT="45" WIDTH="36" VPOS="3700" HPOS="1773"/>
<String CONTENT="E." HEIGHT="40" WIDTH="52" VPOS="3700" HPOS="1810"/>
<SP HEIGHT="39" WIDTH="33" VPOS="3701" HPOS="1863"/>
<String CONTENT="Wallace" HEIGHT="39" WIDTH="219" VPOS="3701" HPOS="1897"/>
</TextLine>
<TextLine HEIGHT="42" WIDTH="213" VPOS="3750" HPOS="186" STYLEREFS="StyleId-9C1C7E03-B1A7-4C0B-9E8E-F2FC127A4808-">
<String CONTENT="London." HEIGHT="42" WIDTH="213" VPOS="3750" HPOS="186"/>
</TextLine>
<TextLine HEIGHT="71" WIDTH="1042" VPOS="3831" HPOS="183" STYLEREFS="StyleId-2071F5CF-4A5F-44AB-9E76-37DBD339C047-">
<String LANG="en-US" CONTENT="The" HEIGHT="53" WIDTH="121" VPOS="3831" HPOS="183"/>
<SP HEIGHT="47" WIDTH="28" VPOS="3837" HPOS="305"/>
<String LANG="en-US" CONTENT="trimming" HEIGHT="69" WIDTH="304" VPOS="3833" HPOS="334"/>
<SP HEIGHT="50" WIDTH="28" VPOS="3852" HPOS="639"/>
<String LANG="en-US" CONTENT="of" HEIGHT="55" WIDTH="65" VPOS="3833" HPOS="668"/>
<SP HEIGHT="54" WIDTH="29" VPOS="3833" HPOS="734"/>
<String LANG="en-US" CONTENT="Paul" HEIGHT="52" WIDTH="149" VPOS="3835" HPOS="764"/>
<SP HEIGHT="52" WIDTH="28" VPOS="3835" HPOS="914"/>
<String LANG="fr" CONTENT="Lumi&#232;re." HEIGHT="54" WIDTH="282" VPOS="3835" HPOS="943"/>
</TextLine>
<TextLine HEIGHT="55" WIDTH="829" VPOS="3911" HPOS="197" STYLEREFS="StyleId-65AFEF16-2A0F-4B4F-8D57-4F149B7F2BE3-">
<String CONTENT="(In" HEIGHT="47" WIDTH="83" VPOS="3913" HPOS="197"/>
<SP HEIGHT="43" WIDTH="24" VPOS="3911" HPOS="281"/>
<String CONTENT="London" HEIGHT="44" WIDTH="202" VPOS="3911" HPOS="306"/>
<SP HEIGHT="43" WIDTH="25" VPOS="3913" HPOS="509"/>
<String CONTENT="Weekly" HEIGHT="51" WIDTH="207" VPOS="3913" HPOS="535"/>
<SP HEIGHT="51" WIDTH="26" VPOS="3913" HPOS="743"/>
<String CONTENT="dispatch)" HEIGHT="53" WIDTH="256" VPOS="3913" HPOS="770"/>
</TextLine>
<TextLine HEIGHT="65" WIDTH="2009" VPOS="3965" HPOS="122" STYLEREFS="StyleId-9C1C7E03-B1A7-4C0B-9E8E-F2FC127A4808-" CS="1">
<String CONTENT="&#169;" HEIGHT="53" WIDTH="51" VPOS="3965" HPOS="122"/>
<SP/>
<String CS="1" CONTENT="1c."/>
<SP HEIGHT="40" WIDTH="31" VPOS="3972" HPOS="274"/>
<String CONTENT="Feb." HEIGHT="42" WIDTH="112" VPOS="3972" HPOS="306"/>
<SP HEIGHT="41" WIDTH="31" VPOS="3973" HPOS="419"/>
<String CONTENT="7," HEIGHT="49" WIDTH="39" VPOS="3973" HPOS="451"/>
<SP HEIGHT="49" WIDTH="32" VPOS="3973" HPOS="491"/>
<String CONTENT="1928;" HEIGHT="48" WIDTH="142" VPOS="3973" HPOS="524"/>
<SP HEIGHT="47" WIDTH="34" VPOS="3974" HPOS="667"/>
<!-- cceid 153DABCC-6CB2-1014-A20E-B9D6251C946A --><String CONTENT="A" HEIGHT="40" WIDTH="40" VPOS="3974" HPOS="702"/>
<SP HEIGHT="41" WIDTH="30" VPOS="3974" HPOS="743"/>
<String CONTENT="ad" HEIGHT="40" WIDTH="62" VPOS="3976" HPOS="774"/>
<SP HEIGHT="41" WIDTH="32" VPOS="3975" HPOS="837"/>
<String CONTENT="int." HEIGHT="42" WIDTH="87" VPOS="3975" HPOS="870"/>
<SP HEIGHT="41" WIDTH="32" VPOS="3976" HPOS="958"/>
<String CONTENT="10638;" HEIGHT="47" WIDTH="171" VPOS="3976" HPOS="991"/>
<SP HEIGHT="39" WIDTH="35" VPOS="3987" HPOS="1163"/>
<String CONTENT="pubd." HEIGHT="48" WIDTH="145" VPOS="3978" HPOS="1199"/>
<SP HEIGHT="41" WIDTH="33" VPOS="3978" HPOS="1345"/>
<String CONTENT="Dec." HEIGHT="41" WIDTH="112" VPOS="3978" HPOS="1379"/>
<SP HEIGHT="40" WIDTH="33" VPOS="3979" HPOS="1492"/>
<String CONTENT="11," HEIGHT="50" WIDTH="69" VPOS="3978" HPOS="1526"/>
<SP HEIGHT="49" WIDTH="33" VPOS="3979" HPOS="1596"/>
<String CONTENT="1927;" HEIGHT="50" WIDTH="141" VPOS="3979" HPOS="1630"/>
<SP HEIGHT="48" WIDTH="37" VPOS="3981" HPOS="1772"/>
<String CONTENT="E." HEIGHT="41" WIDTH="53" VPOS="3981" HPOS="1810"/>
<SP HEIGHT="41" WIDTH="33" VPOS="3981" HPOS="1864"/>
<String CONTENT="Wallace," HEIGHT="49" WIDTH="233" VPOS="3981" HPOS="1898"/>
</TextLine>
<TextLine HEIGHT="42" WIDTH="212" VPOS="4029" HPOS="189" STYLEREFS="StyleId-9C1C7E03-B1A7-4C0B-9E8E-F2FC127A4808-">
<String CONTENT="London." HEIGHT="42" WIDTH="212" VPOS="4029" HPOS="189"/>
</TextLine>
</TextBlock>
</PrintSpace>
</Page>
</Layout>
</alto>