2498 4384
1250 4087 94 49 888

285 434 299 63 Hohlfeld,
618 434 320 64 Johannes,
974 438 172 49 1888-
1327 435 83 52 ed.

354 513 285 53 Deutsche
665 513 506 69 reichsgeschichte
1196 512 61 52 in
1283 511 380 54 dokumenten
1693 514 327 65 1849-1926,
2050 529 110 34 von
285 511 1975 133 Johannes

543 588 1743 71 Hohlfeld; mit 8 ganzseitigen bildtafeln … Berlin,
286 669 285 53 Deutsche
619 667 596 71 Verlagsgesellschaft
1267 667 97 54 für
1415 668 211 68 politik
1672 668 119 52 und
1841 667 321 70 geschichte
2212 686 73 34 m.

284 746 53 54 b.
363 747 75 68 h.,
468 746 150 55 1927.

357 828 1343 49 2 v . 6 pl. (incl. fold. map, fold, facsim.) 24½ ᶜᵐ .
420 918 7 8 “1.
460 885 233 49 auflage.”

357 942 164 48 Paged
549 942 354 48 continuously.

290 996 1997 52 © Nov. 10, 1927; 1c. Mar. 2, 1928; A—Foreign 37928; Deutsche verlags-
357 1058 317 47 gesellschaft
698 1057 85 39 für
807 1056 175 49 politik
1007 1058 99 38 und
1132 1056 276 49 geschichte
1435 1067 60 30 m.
1522 1057 43 40 b.
1591 1056 45 41 h.
1708 1056 281 47 (28-15274)

288 1138 183 61 Horn,
507 1137 212 52 Alfred
756 1137 298 63 Aloysius,
1091 1138 194 68 pseud.

354 1215 261 53 “Harold
655 1216 95 53 the
789 1216 258 65 webbed;
1090 1234 82 48 or,
1212 1216 122 52 The
1371 1233 195 51 young
1605 1215 311 69 vykings”:
1958 1215 172 69 being
284 1214 1978 132 volume

444 1290 1843 56 two of the life and works of Trader Horn … the works
285 1372 229 52 written
545 1371 75 69 by
650 1370 213 54 Alfred
894 1372 272 68 Aloysius
1198 1372 170 52 Horn
1401 1378 59 46 at
1491 1372 95 52 the
1620 1388 102 51 age
1755 1370 65 54 of
1851 1372 438 67 seventy-three,

286 1451 50 51 &
362 1450 97 52 the
483 1448 105 54 life
614 1450 140 51 with
780 1450 136 53 such
941 1448 64 54 of
1029 1450 90 52 his
1146 1450 346 68 philosophy
1522 1468 59 34 as
1608 1450 47 52 is
1682 1450 96 52 the
1806 1448 118 70 gift
1950 1448 66 54 of
2043 1468 104 49 age
2174 1449 114 53 and

286 1528 346 67 experience,
667 1527 171 52 taken
875 1527 165 53 down
1080 1528 113 52 and
1228 1527 134 53 here
1399 1528 189 53 edited
1624 1526 76 70 by
1736 1528 313 52 Ethelreda
2088 1527 199 53 Lewis.

284 1605 164 54 With
480 1625 31 33 a
544 1604 286 54 foreword
860 1606 75 68 by
965 1605 261 54 William
1257 1605 227 53 McFee.
1612 1624 79 34 New
1725 1604 181 69 York,
1942 1604 199 56 Simon
2175 1606 114 52 and

287 1682 288 67 Schuster,
610 1685 150 51 1928.

357 1766 983 49 3 p. l., 275 p. front. (port.) 23½ᶜᵐ.
356 1824 140 47 Maps
526 1835 60 28 on
616 1823 364 48 lining-papers.

356 1879 229 42 Lettered
619 1891 60 29 on
712 1891 168 29 cover:
916 1881 188 39 Trader
1137 1881 153 47 Horn,
1324 1883 191 38 volume
1549 1887 95 37 two
1681 1881 217 42 “Harold
1932 1881 83 40 the
2049 1880 242 42 webbed”.

359 1936 340 47 “Lancashire,
738 1938 81 39 the
860 1938 175 45 States,
1075 1938 313 40 London—so
1429 1940 183 38 travels
1650 1940 81 38 the
1771 1941 209 45 vagrant
2017 1938 186 40 shuttle
2241 1939 50 39 of

286 1994 77 40 his
389 1994 548 41 memories.”—Introd.

295 2047 51 52 ©
373 2052 127 39 June
526 2052 39 47 8,
591 2051 118 40 1928;
760 2052 68 40 2c.
856 2052 127 40 June
1009 2052 82 47 12;
1121 2052 82 41 aff.
1233 2053 125 40 June
1386 2053 82 42 14;
1497 2052 42 39 A
1565 2052 229 42 1082022;
1825 2053 265 39 Ethelreda
2119 2052 171 48 Lewis,

363 2108 386 48 Johannesburg,
789 2108 152 41 South
977 2109 184 40 Africa.
1237 2109 280 48 (28-15037)

285 2189 267 62 Houben,
587 2188 283 54 Heinrich
904 2190 251 61 Hubert,
1190 2190 172 52 1875-

360 2266 1931 56 J. P. Eckermann, sein leben für Goethe … nach seinen neu
290 2344 103 54 auf
397 2344 363 71 gefundenen
791 2346 383 69 tagebüchern
1202 2347 119 53 und
1350 2346 153 54 brief
1507 2365 66 34 en
1605 2347 103 53 dar
1713 2347 227 69 gestellt
1968 2365 111 34 von
2108 2346 76 53 H.
2215 2346 76 53 H.

288 2425 262 52 Houben.
615 2428 49 49 2.
691 2431 39 46 t.
794 2425 257 69 Leipzig,
1078 2426 76 52 H.
1185 2425 257 67 Haessel,
1474 2429 148 49 1928.

363 2507 812 49 xxii p., 1 l., 806 p., 1 p. 18 ᶜᵐ .
298 2560 1993 54 © Dec. 12, 1927; 1c. Apr. 11, 1928; A—Foreign 38321; H. Haessel,
363 2623 182 46 verlag.

292 2701 254 62 Hunter,
581 2701 203 53 James
817 2701 252 62 Theron,
1108 2703 171 52 1897-

358 2779 1767 70 Health record for women, by J. Theron Hunter, M. D.
289 2858 334 67 Baltimore,
652 2858 120 52 The
799 2858 290 54 Williams
1118 2860 45 50 &
1189 2858 252 54 Wilkins
1472 2877 298 51 company,
1800 2862 150 50 1928.

358 2941 906 49 5 p. l., 9-64 p. incl. forms. 21ᶜᵐ.
300 2993 51 53 ©
379 2997 116 48 Apr.
522 2997 40 48 5,
590 2997 141 47 1928;
759 2998 69 40 2c.
856 2998 96 39 and
980 2997 82 41 aff.
1091 2998 115 47 May
1235 2998 52 46 5;
1318 2998 42 38 A
1387 2997 230 48 1077709;
1648 2998 243 40 Williams
1920 2999 36 39 &
1986 2998 209 40 Wilkins
2226 3010 67 29 co.

377 3054 281 48 (28-15020)

294 3133 175 63 John,
500 3135 208 63 Henry
740 3134 193 63 Jerry,
974 3137 169 49 1885-

360 3211 1932 71 Diabetic manual for patients, by Henry J. John … St.
290 3289 193 67 Louis,
512 3290 121 52 The
666 3289 61 54 C.
758 3291 69 54 V.
859 3289 206 69 Mosby
1095 3307 298 51 company,
1425 3294 148 49 1928.

361 3373 86 40 202
477 3384 42 37 p.
550 3373 109 40 incl.
688 3373 163 46 front.,
882 3373 129 40 illus.
1039 3372 136 48 (part
1204 3373 112 47 col.)
1356 3374 179 48 diagrs.
1596 3375 116 40 20ᶜᵐ.

370 3428 181 42 “Other
578 3428 210 41 diabetic
813 3429 225 39 manuals
1066 3428 79 41 for
1172 3428 273 48 patients”:
1475 3440 43 37 p.
1547 3430 216 40 147-148.

302 3482 51 52 ©
383 3487 129 40 June
538 3487 40 47 8,
606 3486 117 41 1928;
776 3487 67 40 2c.
873 3487 129 39 June
1028 3487 82 46 12;
1142 3486 82 41 aff.
1256 3486 128 40 June
1412 3488 81 41 11;
1525 3488 43 38 A
1596 3487 230 48 1074990;
1859 3488 49 40 Ο.
1939 3488 53 40 V.
2024 3488 171 43 Mosby
2224 3499 68 29 co.

380 3543 280 48 (28-15019)

298 3621 156 53 John
491 3622 253 64 Gabriel,
779 3623 201 66 Sister,
1018 3624 169 52 1874-

363 3700 323 68 Principles
716 3699 64 53 of
810 3701 266 69 teaching
1105 3701 58 52 in
1195 3701 219 53 schools
1444 3701 64 53 of
1535 3702 259 70 nursing,
1821 3703 75 67 by
1928 3701 182 55 Sister
2148 3702 145 54 John

294 3776 1742 72 Gabriel … Yew York, The Macmillan company, 1928.
397 3860 788 49 x p., 2 l., 128 p. diagr. 22ᶜᵐ.
367 3917 248 41 “Selected
645 3917 302 41 references”
979 3920 52 37 at
1059 3919 90 39 end
1181 3918 53 39 of
1261 3920 126 37 most
1417 3918 52 40 of
1498 3919 81 38 the
1609 3919 240 47 chapters.

306 3969 1871 53 © May 29, 1928; 2c. and aff. May 31; A 1079620; Macmillan co.
382 4030 281 49 (28-15023)
