2498 4384
0 0 0 0 326
311 472 254 61 Donder,
599 470 322 64 Théophile
955 471 89 53 de.

384 547 1878 70 The mathematical theory of relativity by Th. de Donder …
317 632 84 48 1st
448 626 86 53 ed.
616 624 365 69 Cambridge,
1026 625 191 68 Mass.,
1266 625 444 54 Massachusetts
1756 626 261 52 institute
2064 624 65 54 of
314 626 1980 146 technology,
578 702 151 55 1927.

422 785 555 51 x, 102 p. diagrs. 23 ᶜᵐ.
316 856 1989 106 “Ten lectures … delivered at the Massachusetts institute of technology
523 913 177 48 during
735 913 81 40 the
851 912 168 48 spring
1052 915 124 37 term
1212 913 53 39 of
1298 914 81 39 the
1413 913 247 40 academic
1694 924 116 37 year
1844 913 306 41 1925-1920.”

322 980 52 52 ©
412 984 115 47 July
563 983 39 47 1,
638 981 142 43 1927;
817 983 68 40 2c.
922 983 95 38 and
1054 982 82 40 aff.
1173 983 123 40 Mar.
1333 983 39 46 7,
1409 982 85 40 1928;
1590 983 39 39 A
1666 982 137 40 1069160;
1938 985 388 38 Massachusetts

393 1040 228 40 institute
655 1039 52 41 of
740 1039 300 48 technology.
1111 1038 253 49 (28-7406)

317 1148 306 63 Edwards,
658 1148 228 63 Lyford
920 1148 310 62 Paterson,
1267 1151 171 50 1882-

391 1227 123 53 The
548 1227 230 52 natural
818 1227 222 68 history
1079 1225 65 54 of
1181 1226 341 68 revolution,
1559 1227 76 69 by
1672 1226 228 70 Lyford
1940 1228 65 52 P.
2046 1228 285 52 Edwards

383 1304 1810 70 … Chicago, Ill., The University of Chicago press [1927]
394 1385 1935 50 xvii, 229 p. 20 ᶜᵐ. (Half-title: The University of Chicago sociological
323 1443 177 48 series)

395 1513 249 40 “Selected
673 1512 302 41 references”
1004 1515 53 39 at
1084 1514 90 39 end
1205 1513 53 40 of
1285 1514 119 39 each
1433 1514 215 48 chapter.

327 1581 51 52 ©
416 1586 116 46 July
564 1585 71 48 23,
671 1585 140 46 1927;
848 1585 68 41 2c.
951 1585 95 39 and
1083 1584 83 41 aff.
1202 1586 123 39 Mar.
1360 1586 40 47 7,
1436 1585 84 39 1928:
1616 1586 39 38 A
1691 1585 229 48 1068165;
1961 1586 283 41 University
2282 1588 51 39 of

395 1642 225 48 Chicago.
691 1641 252 49 (28-7526)

329 1752 306 61 Eekhoud,
670 1751 278 63 Georges.

398 1830 430 67 Servokapabla
849 1830 10 51 !
887 1830 230 51 Marcus
1140 1828 246 69 Tybout.
1463 1830 73 51 El
1559 1830 56 51 la
1637 1830 223 52 flandra
1897 1830 425 71 (franclingva)

327 1909 286 68 originalo
658 1908 263 52 tradukis
973 1908 91 68 [by]
1131 1908 156 51 Léon
1334 1906 283 70 Bergiers.
1693 1907 258 70 Leipzig,
1998 1910 334 53 Ferdinand

326 1987 142 52 Hirt
497 1989 44 50 &
569 1987 159 66 sohn,
758 1985 149 54 1927.

399 2071 70 46 70,
502 2070 55 49 [1]
589 2080 44 37 p.
693 2068 55 41 19ᶜᵐ.

331 2137 51 52 ©
412 2141 110 40 Jan.
550 2140 39 47 6,
617 2140 113 40 1927;
846 2173 8 8 1c.
884 2141 113 46 May
1024 2140 55 40 17;
1138 2139 311 48 A—Foreign
1477 2139 171 47 34509;
1681 2140 279 40 Ferdinand
1991 2141 116 41 Hirt
2137 2142 36 39 &
2202 2142 134 41 sohn.

325 2263 294 62 Fairfield,
654 2263 257 52 Howard
944 2262 245 63 Parker,
1226 2266 172 50 1858-
1576 2264 85 52 ed.

331 2340 1982 135 The Starrett data book for machinists … collaborating editors:
512 2421 1825 71 H. P. Fairfield … J. N. Bethel … H. H. Edge … J. C.
332 2498 1931 72 Spence … Athol, Mass., The L. S. Starrett company [ ᶜ1 928]
399 2582 979 50 180 p. incl. illus., tables, diagrs. 18 ᶜᵐ.
400 2654 927 41 “Volume II of the Starrett books.”
401 2713 112 40 “5th
534 2712 198 47 edition,
755 2712 172 47 5,000.”

337 2780 51 52 ©
422 2785 110 39 Feb.
562 2784 70 41 24,
662 2783 141 42 1928;
835 2784 68 39 2c.
934 2783 95 39 and
1060 2782 83 41 aff.
1176 2783 123 40 Mar.
1329 2782 53 43 2;
1416 2783 39 38 A
1487 2781 229 48 1068084;
1751 2783 49 41 L.
1835 2783 44 41 S.
1914 2783 216 40 Starrett
2161 2795 68 30 co.

415 2840 251 50 (28-7685)

333 2949 326 63 Ferguson,
683 2949 155 53 John
865 2948 223 62 Calvin,
1119 2951 167 49 1866-

407 3029 241 54 Chinese
674 3028 285 68 painting,
986 3028 74 67 by
1085 3027 157 53 John
1271 3025 61 55 C.
1363 3027 311 68 Ferguson.
1753 3026 271 68 Chicago,
2051 3029 121 51 The
335 3029 1978 146 University

579 3104 744 70 of Chicago press [ ᶜ1 927]
406 3187 1072 49 ix, 199 p. plates (part col.) port. 28 ᶜᵐ.
408 3261 236 41 “Sources
673 3260 51 40 of
752 3259 349 40 information”:
1162 3270 41 37 p.
1236 3259 157 40 14-27.

341 3329 51 52 ©
423 3334 110 40 Jan.
560 3333 69 46 10,
658 3332 140 45 1928;
827 3333 67 39 2c.
924 3333 94 38 and
1048 3331 82 42 aff.
1159 3333 123 39 Mar.
1311 3333 26 38 7;
1395 3332 39 38 A
1463 3331 229 47 1068170;
1726 3332 283 58 University
2038 3332 51 40 of
2119 3332 224 48 Chicago,

410 3389 225 48 Chicago.
706 3389 251 49 (28-7612)

339 3483 398 63 Galsworthy,
770 3483 174 63 John,
981 3483 170 53 1867-

471 3561 1874 68 … Der silberne löffel, roman; autorisierte ü bersetzung aus
339 3642 128 52 dem
509 3640 324 69 englischen
874 3658 111 34 von
1025 3640 153 52 Leon
1225 3638 237 56 Schalit.
1540 3639 199 52 Berlin
1788 3645 137 61 [etc.]
1973 3641 65 51 P.
2084 3640 262 61 Zsolnay,

343 3720 149 52 1927.

410 3800 1936 50 406, [1] p., 1 l. 20 ᶜᵐ. ( Added t.-p.: John Galsworthy. Gesammelte
343 3858 184 48 werke)

414 3928 170 42 “1.-30.
616 3927 251 42 tausend.”

348 3997 51 52 ©
428 4002 126 39 June
580 4002 68 42 17,
675 4001 85 39 1927;
875 4012 37 29 1c.
940 4002 109 38 Jan.
1077 4001 38 42 5,
1144 4000 84 39 1928;
1316 4000 40 39 A
1358 4000 269 46 —Foreign
1655 4000 171 47 36942;
1858 4001 121 38 Paul
2010 4000 207 46 Zsolnay
416 4009 1913 97 verlag,

538 4068 96 38 ges.
663 4069 59 28 m.
750 4058 42 40 b.
822 4058 45 40 h.
941 4057 251 48 (28-7554)
