2547 4432
1435 4091 67 50 66

509 535 559 49 xxvii, 282, 57 p. 23½ ᶜᵐ .
513 604 102 49 “By
641 604 185 41 Robert
852 604 165 48 Edgar
1045 601 183 43 Beall.”

513 661 297 41 “Reference
837 659 334 50 supplement”:
1228 659 56 41 57
1311 670 44 38 p.
1384 660 53 40 at
1463 659 107 41 end.

447 727 51 52 ©
531 730 110 42 Jan.
671 730 69 48 10,
771 730 142 40 1928:
945 730 67 40 2c.
1044 729 96 40 and
1171 728 83 41 aff.
1285 728 112 41 Jan.
1428 728 84 47 18;
1545 727 44 42 A
1617 727 231 47 1061273;
1883 727 182 40 Robert
2097 727 164 48 Edgar
2292 726 155 48 Beall,

518 787 316 47 Sherbrooke,
866 786 204 48 Quebec.
1139 784 253 50 (28-2834)

442 881 198 64 Birch,
672 881 53 54 A
1018 879 68 57 G.

512 961 123 54 The
657 979 171 35 moon
850 966 203 61 terror,
1076 959 76 69 by
1175 959 73 53 A.
1275 957 71 57 G.
1373 958 196 68 Birch,
1594 958 114 54 and
1734 957 202 54 stories
1962 956 76 70 by
2063 956 280 68 Anthony
2368 954 80 57 M.

442 1039 151 67 Bud,
617 1039 250 54 Vincent
895 1036 251 56 Starrett
1172 1038 113 52 and
1312 1036 375 54 Farnsworth
1713 1035 252 69 Wright.
2030 1032 422 71 Indianapolis,

441 1117 258 68 Popular
732 1115 197 54 fiction
961 1114 338 70 publishing
1332 1132 81 35 co.
1526 1111 104 58 [ᶜ1927]

512 1197 369 50 192 p. 19½ ᶜᵐ .
515 1269 183 41 “These
724 1268 178 41 stories
928 1279 84 30 are
1038 1268 249 48 reprinted
1314 1268 129 39 from
1470 1268 137 47 early
1632 1267 156 41 issues
1816 1266 54 42 of
1896 1266 82 43 the
2005 1264 252 50 magazine
2286 1264 163 42 Weird

444 1326 167 41 tales.”

450 1392 53 53 ©
532 1398 112 39 Dec.
673 1397 69 48 15,
772 1397 116 40 1927;
943 1397 69 40 2c.
1042 1396 113 41 Dec.
1183 1397 57 40 27;
1298 1395 83 42 aff.
1411 1396 110 40 Jan.
1552 1395 40 48 5,
1623 1395 118 41 1928;
1797 1395 41 39 A
1867 1393 207 42 1061030;
2132 1394 214 47 Popular
519 1392 1917 102 fiction
650 1454 110 48 pub.
790 1464 68 30 co.
932 1452 251 50 (28-2374)

446 1557 260 64 Blumer,
743 1558 247 64 George,
1031 1557 173 55 1872-
1381 1558 85 53 ed.

517 1633 247 53 Bedside
799 1632 312 70 diagnosis,
1143 1632 76 69 by
1252 1631 310 55 American
1597 1632 264 67 authors;
1897 1629 191 56 edited
2120 1630 78 71 by
2232 1630 224 70 George

448 1708 2008 72 Blumer … containing 890 illustrations … Philadelphia and
447 1789 259 67 London,
734 1789 91 54 W.
857 1788 70 53 B.
959 1787 289 56 Saunders
1276 1805 300 51 company,
1608 1790 152 51 1928.

518 1872 27 40 3
608 1903 9 8 v.
676 1870 146 49 illus.,
851 1871 88 40 col.
968 1871 77 48 pl.,
1077 1870 181 48 diagrs.
1317 1869 120 42 25ᶜᵐ.

519 1940 236 43 Contains
784 1940 398 49 bibliographies.

454 2007 53 53 ©
536 2012 109 40 Jan.
674 2011 39 47 6,
743 2011 143 46 1928;
915 2011 68 40 2c.
1012 2010 119 40 each
1161 2010 110 41 Jan.
1301 2010 83 46 12;
1417 2009 82 42 aff.
1528 2010 111 41 Jan.
1668 2009 83 48 16;
1783 2010 41 39 A
1851 2009 232 47 1061236;
2115 2010 73 40 W.
2218 2011 54 40 B.
522 2010 1917 99 Saunders
659 2079 68 30 co.
798 2066 252 50 (28-2133)

628 2159 1832 58 — General index to volumes I to III of Blumer’s Bedside
451 2240 309 70 diagnosis.
836 2239 411 69 Philadelphia
1288 2240 115 52 and
1442 2238 261 69 London,
1739 2238 91 55 W.
1871 2239 71 53 B.
1985 2237 291 57 Saunders
451 2256 1988 131 company,
652 2320 153 51 1928.

520 2400 521 50 1 p. l., 143 p. 25ᶜᵐ.
457 2452 53 53 ©
541 2457 111 41 Jan.
683 2457 40 47 6,
756 2456 142 47 1928;
931 2457 69 41 2c.
1033 2456 110 41 Jan.
1176 2457 83 46 12;
1293 2455 84 42 aff.
1410 2456 111 41 Jan.
1554 2455 82 47 16;
1672 2455 41 39 A
1746 2454 232 49 1061236;
2013 2456 73 41 W.
2121 2456 54 41 B.
2211 2455 251 42 Saunders

525 2524 68 31 co.
663 2512 253 50 (28-2133)

453 2606 244 63 Bullett,
728 2607 215 54 Gerald
973 2606 276 64 William,
1281 2610 174 50 1894-

525 2687 244 54 Modern
813 2686 246 71 English
1102 2684 213 71 fiction,
1357 2705 32 34 a
1433 2685 265 69 personal
1740 2685 163 69 view,
1944 2684 77 72 by
2063 2685 215 57 Gerald
455 2687 1960 131 Bullett.

650 2766 261 67 London,
942 2764 78 53 H.
1053 2765 245 54 Jenkins
1329 2764 245 68 limited,
1610 2767 149 50 1926.

526 2848 85 40 128
640 2859 43 37 p.
744 2848 56 40 17½
832 2850 44 21 ᶜᵐ
882 2879 8 8 .
961 2847 300 48 (Half-title:
1291 2847 104 40 The
1424 2847 167 47 to-day
1619 2846 212 49 library)

460 2901 2002 52 © 1c. July 24, 1926; A ad int. 8357; pubd. June 15; Herbert Jenkins,
529 2963 87 40 ltd.
687 2961 252 49 (27-6675)

452 3055 319 63 Buranelli,
803 3056 274 64 Prosper,
1110 3056 86 53 ed.

525 3132 123 54 The
690 3150 152 36 cross
885 3134 157 52 word
1086 3133 199 68 puzzle
1326 3132 165 53 book.
1566 3132 185 53 Ninth
1795 3132 187 54 series.
2056 3132 57 54 A
2152 3132 171 54 ninth
455 3151 1986 129 anthology

730 3209 67 54 of
831 3209 138 70 fifty
1004 3228 125 36 new
1167 3228 151 35 cross
1356 3211 158 52 word
1552 3209 244 69 puzzles,
1833 3210 241 54 selected
2112 3230 62 34 as
2208 3210 100 54 the
2343 3209 124 56 best

456 3288 65 53 of
546 3287 97 55 the
666 3288 316 53 thousands
1007 3287 311 54 submitted
1346 3293 59 47 to
1431 3288 97 52 the
1554 3288 138 53 New
1720 3287 167 53 York
1909 3288 224 68 World,
2159 3288 305 69 published

456 3366 133 53 here
615 3364 345 70 exclusively
986 3364 95 54 for
1103 3365 97 53 the
1222 3364 128 54 first
1373 3365 154 66 time,
1553 3366 113 52 and
1692 3364 190 54 edited
1906 3364 77 70 by
2005 3366 252 69 Prosper
457 3368 1983 141 Buranelli,
657 3444 66 52 F.
771 3442 263 70 Gregory
1078 3442 351 68 Hartswick,
1474 3442 298 68 Margaret
1817 3442 434 72 Petherbridge.
2326 3445 141 53 New

460 3521 179 67 York,
673 3520 201 56 Simon
904 3521 114 52 and
1052 3519 287 68 Schuster,
1370 3520 126 67 inc.,
1530 3522 151 51 1928.

527 3602 784 51 3 p. l., 5-128 p. diagrs. 19½ᶜᵐ.
465 3658 51 52 ©
549 3661 111 41 Jan.
690 3660 70 48 20,
792 3660 118 41 1928;
968 3660 68 41 2c.
1069 3659 110 41 Jan.
1212 3660 55 38 21;
1330 3659 83 41 aff.
1447 3659 110 41 Jan.
1589 3659 56 40 25;
1707 3660 40 38 A
1780 3659 204 41 1061389;
2050 3660 164 43 Simon
2248 3662 36 41 &
533 3661 1914 104 Schuster,

675 3717 92 41 inc.
838 3715 252 50 (28-2825)

459 3810 346 56 California.
879 3811 246 53 District
1162 3817 189 47 courts
1388 3811 63 67 of
1484 3810 222 69 appeal.

533 3888 1936 72 Reports of cases determined … from May 7,1926, to July 23,
467 3970 150 50 1926.
698 3967 312 68 Randolph
1054 3968 74 53 V.
1170 3966 290 70 Whiting,
1504 3972 276 63 reporter,
1824 3967 206 69 Henry
2075 3967 67 53 F.
2187 3967 282 71 Wrigley,
