2498 4384
1313 4065 133 49 1802

442 499 351 47 Bibliography:
854 510 43 36 p.
929 500 218 40 319-337.

376 551 2003 53 © Oct. 10, 1928; 2c. Nov. 9; aff. Nov. 6: A 1616; Longmans, Green & co.
452 611 281 49 (28-27781)

370 692 379 63 McKittrick,
782 691 222 55 Leland
1038 692 284 64 Sterling,
1357 697 170 49 1892-

441 769 1940 71 Diabetic surgery, by Leland S. McKittrick … and Howard
372 848 2007 70 F. Root … With a foreword by Daniel F. Jones, M. D. and
370 927 212 52 Elliott
624 927 65 52 P.
734 926 209 68 Joslin,
1038 969 10 10 M.
1130 969 10 10 D.;
1217 925 328 55 illustrated
1588 927 141 53 with
1770 929 66 52 79
1880 928 348 69 engravings
2270 929 110 52 and

370 1009 31 48 2
434 1005 225 53 colored
691 1006 200 66 plates.
960 1004 432 68 Philadelphia,
1422 1004 114 53 Lea
1569 1007 46 50 &
1645 1005 263 69 Febiger,
1941 1009 151 50 1928.

440 1086 1829 51 ix (i. e. xi), 269 p. illus., II col. pl. (incl. front.) diagrs. 24½ᶜᵐ.
441 1146 128 47 Page
598 1144 51 40 xi
679 1144 218 48 wrongly
926 1144 266 39 numbered
1221 1144 66 41 ix.

442 1200 418 49 Bibliographical
895 1200 281 41 foot-notes.

375 1255 52 52 ©
459 1258 103 41 Oct.
589 1258 70 46 30,
690 1257 141 46 1928;
862 1257 68 40 2c.
960 1256 103 40 Oct.
1092 1257 83 47 31;
1208 1256 84 41 aff.
1321 1257 119 39 Nov.
1471 1256 51 42 8;
1556 1257 40 38 A
1626 1255 141 49 1557;
1801 1258 93 39 Lea
1928 1258 38 40 &
1995 1257 219 49 Febiger.

454 1314 282 50 (28-27559)

370 1395 384 63 McPherson,
785 1393 275 65 William,
1094 1398 173 49 1864-

444 1473 361 68 Laboratory
844 1473 233 51 manual
1121 1472 285 68 arranged
1448 1478 58 46 to
1551 1490 347 51 accompany
1940 1474 97 53 the
2078 1475 74 52 3d
2194 1474 83 53 ed.
2321 1473 65 54 of

375 1551 90 53 “A
490 1570 194 34 course
710 1552 59 51 in
797 1552 230 67 general
1056 1549 363 68 chemistry”,
1446 1550 75 68 by
1547 1550 264 54 William

1838 1551 377 68 McPherson,
375 1552 1986 130 William
543 1630 284 52 Edwards
857 1629 341 52 Henderson
1229 1628 111 52 and
1373 1628 264 54 William

375 1628 1986 147 Lloyd Evans … Boston, New York [etc.] Ginn and company [ ᶜ19 28 ]
443 1789 572 50 vii, 165 p. illus. 24 ᶜᵐ.
442 1848 177 39 Tables
652 1858 60 29 on
744 1846 367 48 lining-papers.

377 1901 52 52 ©
464 1904 129 48 Sept.
621 1904 70 47 21,
722 1903 115 40 1928;
895 1904 68 39 2c.
992 1903 120 40 Nov.
1142 1903 27 38 2;
1228 1902 84 41 aff.
1342 1903 119 39 Nov.
1492 1903 25 38 1;
1577 1902 41 39 A
1649 1902 115 40 1463;
1824 1903 72 40 W.
1928 1903 312 48 McPherson,
444 1903 1924 98 William

591 1962 53 39 E.
673 1961 289 39 Henderson
990 1960 96 39 and
1115 1959 219 40 William
1363 1960 153 47 Lloyd
1545 1960 178 47 Evans,
1753 1959 277 49 Columbus,
2062 1959 53 42 O.

456 2018 281 49 (28-27665)

370 2099 201 62 Mann,
603 2096 306 65 Heinrich,
946 2096 171 55 1871-

507 2172 1881 70 … Mother Mary, translated by Whittaker Chambers. New
376 2253 181 67 York,
591 2251 200 57 Simon
822 2253 114 52 and
970 2249 291 70 Schuster,
1295 2254 150 51 1928.

444 2332 478 51 3 p. l., 335 p. 19½ ᶜᵐ.
379 2389 52 53 ©
457 2395 119 39 Nov.
603 2394 38 46 1,
668 2393 115 39 1928;
837 2393 67 39 2c.
930 2393 119 40 Nov.
1075 2392 54 39 12:
1186 2390 84 42 aff.
1295 2393 120 40 Nov.
1441 2392 82 47 10;
1553 2393 42 39 A
1619 2393 84 40 573;
1764 2393 162 41 Simon
1957 2393 36 40 &
2021 2393 247 48 Schuster,
2296 2394 91 40 inc.

457 2450 282 49 (28-27591)

371 2530 334 64 Maryland.
783 2531 180 52 Court
994 2531 64 69 of
1087 2547 252 51 appeals.

376 2608 1991 150 Reports of cases argued and adjudged … Herbert T. Tiffany, state
742 2694 273 62 reporter,
1092 2706 50 34 v.
1176 2691 116 49 153.
1325 2686 356 70 Containing
1711 2706 150 36 cases
1892 2688 64 53 of
1982 2689 98 52 the
2108 2690 283 68 January,

372 2765 2020 72 April and October terms, 1927 … Baltimore, King brothers,
372 2850 151 51 1928.

446 2927 441 49 xxiv, 771 p. 23 ᶜᵐ.
381 2982 52 52 ©
465 2986 127 39 June
622 2984 69 47 29,
724 2983 141 46 1928;
898 2984 69 39 2c.
1000 2983 103 40 Oct.
1134 2983 84 46 25;
1254 2982 83 42 aff.
1371 2983 104 40 Oct.
1506 2984 83 46 27;
1624 2983 42 39 A
1697 2983 113 48 510;
1845 2983 217 41 Herbert
2091 2985 53 40 T.
2177 2984 212 49 Tiffany,

448 3042 80 40 for
554 3041 82 41 the
664 3042 128 38 state
821 3039 51 40 of
900 3040 274 47 Maryland,
1204 3039 285 42 Baltimore.

376 3122 229 63 Mason,
636 3119 212 54 Alfred
880 3119 256 53 Edward
1165 3119 300 65 Woodley,
1501 3124 170 53 1865-

450 3199 123 52 The
599 3199 262 67 prisoner
886 3198 59 51 in
972 3198 97 52 the
1095 3198 153 67 opal,
1274 3196 75 70 by
1375 3197 71 53 A.
1474 3199 66 51 E.
1569 3198 89 54 W.
1687 3199 221 53 Mason.
1975 3199 233 55 Garden
2239 3200 154 69 City,

379 3278 71 53 N.
482 3278 92 67 Y.,
602 3277 144 52 Pub.
779 3275 94 53 for
904 3276 123 52 The
1058 3274 193 55 Crime
1281 3276 147 67 club,
1459 3277 128 67 inc.,
1616 3277 76 68 by
1724 3276 361 70 Doubleday,
2116 3279 198 51 Doran
2347 3280 45 50 &

379 3373 300 50 company,
710 3355 127 66 inc.,
868 3357 150 49 1928.

450 3435 580 50 vi p., 1 l., 354 p. 19½ ᶜᵐ.
384 3491 52 52 ©
471 3494 104 40 Oct.
608 3493 69 47 19,
710 3492 140 47 1928;
886 3493 68 39 2c.
987 3495 95 39 and
1116 3491 83 42 aff.
1233 3493 119 40 Nov.
1387 3493 52 46 8;
1475 3493 41 39 A
1550 3493 111 48 526;
1700 3494 300 48 Doubleday,
2035 3494 169 39 Doran
2238 3494 36 40 &
2307 3504 83 39 co.,

452 3551 92 41 inc.
613 3549 282 49 (28-25962)

380 3628 342 64 Matthews,
752 3628 280 53 Florence
1063 3628 242 64 Esther,
1335 3630 84 53 ed.

450 3707 136 67 City
624 3707 201 53 stories
865 3707 124 52 told
1027 3707 75 69 by
1143 3707 119 68 city
1300 3707 260 53 children
1602 3727 59 34 as
1700 3709 137 67 they
1877 3727 71 50 go
1990 3707 305 69 exploring
2332 3707 61 53 in

377 3785 140 53 New
556 3785 181 64 York,
772 3785 271 52 recorded
1081 3785 114 52 and
1233 3786 285 67 arranged
1553 3786 76 68 by
1668 3787 274 52 Florence
1980 3787 67 51 E.
2085 3785 307 53 Matthews

377 3864 114 52 and
538 3863 251 53 Rebecca
834 3864 56 53 J.
942 3862 206 59 Coffin;
1196 3863 323 53 illustrated
1568 3863 76 70 by
1689 3864 220 53 Helene
1959 3864 219 54 Carter.
2255 3863 139 52 New

383 3941 176 68 York,
585 3942 122 53 The
732 3941 336 53 Macmillan
1095 3959 301 52 company,
1424 3943 153 53 1928.
