2498 4384
1172 4105 99 52 571

206 519 276 55 National
529 518 362 54 educational
936 516 221 54 council
1203 515 65 53 of
1313 516 96 52 the
1454 514 337 54 Associated

206 513 1989 149 master barbers of America … [Chicago, 1928]
279 681 100 49 [25],
412 680 144 40 5-243
588 691 43 37 p.
663 680 111 40 incl.
806 679 144 47 illus.,
983 680 164 46 ports.,
1179 677 171 41 forms.
1409 676 148 41 23½ᶜᵐ.

275 737 195 41 Earlier
500 737 211 40 editions
741 737 124 39 have
896 735 109 41 title
1022 746 9 29 :
1063 735 102 39 The
1193 732 218 41 barber’s
1443 734 214 39 manual.

216 790 52 53 ©
296 795 124 40 Mar.
448 793 69 42 21,
546 792 116 43 1928;
716 792 68 42 2c.
813 793 122 40 Mar.
962 790 59 41 26;
1077 789 82 43 aff.
1187 791 115 48 Apr.
1331 788 26 42 9;
1415 789 42 40 A
1482 787 204 42 1068837;
1743 789 55 41 A.
1827 789 55 41 B.
1912 789 168 47 Moler,
287 787 1914 112 Chicago.
490 850 282 49 (28-10507)

207 944 427 54 Munchausen.
710 943 265 68 English.

277 1024 194 52 Baron
503 1021 439 54 Munchausen’s
971 1020 295 53 narrative
1297 1019 64 53 of
1391 1019 89 53 his
1510 1019 322 53 marvelous
1862 1018 215 53 travels
2110 1018 110 52 and

206 1101 335 68 campaigns
582 1101 58 51 in
682 1100 225 66 Russia,
946 1099 141 52 with
1129 1105 161 62 parts
1330 1098 65 53 of
1433 1098 97 53 the
1569 1097 392 68 supplements
1999 1097 223 52 thereto

207 1180 113 52 and
346 1186 160 45 notes
532 1179 75 69 by
637 1177 210 56 Steven
876 1178 65 53 T.
971 1178 329 69 Byington;
1332 1177 327 53 illustrated
1689 1176 77 69 by
1794 1176 158 53 Leon
1980 1174 243 54 D’Emo.

207 1258 237 67 Boston,
475 1257 139 53 New
647 1256 165 53 York
868 1262 119 61 [etc.]
1025 1254 159 57 Ginn
1214 1257 115 52 and
1361 1273 284 51 company
1723 1256 153 66 [ᶜ1928]

278 1339 174 46 xxxiii,
478 1339 85 40 134
588 1350 41 37 p.
654 1340 110 39 incl.
932 1371 21 11 front..,
982 1339 129 40 illus.
1167 1338 117 41 18ᶜᵐ.

215 1393 52 52 ©
299 1398 124 40 Mar.
452 1397 71 47 20,
555 1396 117 41 1928;
729 1396 68 41 2c.
827 1397 116 47 Apr.
973 1395 82 47 19;
1090 1395 82 42 aff.
1204 1397 116 47 Apr.
1353 1394 81 49 18;
1469 1397 41 38 A
1541 1394 204 41 1069819;
1809 1395 127 41 Ginn
1969 1394 37 41 &
2036 1406 69 30 co.

285 1450 70 54 [©
391 1454 211 48 preface,
640 1454 346 47 introduction,
1025 1455 152 45 notes,
1216 1452 336 49 pronouncing
1587 1453 298 47 vocabulary
1922 1453 96 39 and
2058 1452 161 49 index]

295 1510 282 50 (28-10795)

206 1592 268 62 Murray,
505 1591 274 54 William.

207 1682 1993 147 The Messiah, a problem, by Rev. William Murray … London,
364 1762 71 52 A.
465 1761 78 53 H.
576 1760 324 69 Stockwell,
928 1761 104 53 ltd.
1067 1761 173 67 [1927]

278 1845 335 49 112 p. 19 ᶜᵐ .
279 1902 147 40 “This
458 1904 135 45 story
623 1902 43 40 is
698 1900 210 42 fiction.”

217 1954 1987 110 © 1c. Dec. 30, 1927; A ad int. 10890; pubd. Nov. 1; TV. Murray, Ashtonunder-Lyne,
638 2014 313 49 Lancashire,
984 2014 238 48 England.
1297 2013 283 50 (28-10626)

207 2097 124 52 The
363 2095 244 62 Nation,
636 2096 140 52 New
812 2097 178 51 York.

278 2190 186 67 Pages
506 2187 153 52 from
700 2188 96 52 the
838 2188 244 65 Nation;
1128 2187 298 53 selections
1471 2186 152 53 from
1665 2188 96 53 the
1804 2188 419 54 contributions

209 2267 64 52 of
306 2268 96 52 the
436 2267 267 53 editorial
737 2266 135 53 staff
907 2266 94 53 for
1036 2267 97 52 the
1165 2266 209 53 decade
1413 2268 268 55 1918-28;
1719 2267 328 54 illustrated
2082 2268 142 53 with

208 2351 262 49 cartoons
513 2346 113 54 and
668 2346 163 53 other
872 2345 308 70 drawings.
1258 2345 139 54 New
1442 2346 180 66 York,
1664 2346 124 54 The
1830 2347 188 53 Tenth

209 2348 1986 146 anniversary
470 2425 321 53 committee
816 2424 66 54 of
909 2425 216 54 Nation
1152 2426 247 67 readers,
1429 2428 151 50 1928.

280 2508 1123 48 1 p. l., 184 p. front., illus., ports. 16½ᶜᵐ.
280 2567 187 39 “Tenth
504 2566 322 47 anniversary
862 2565 277 41 committee
1175 2566 53 40 of
1265 2565 182 41 Nation
1486 2568 199 39 readers
1722 2567 261 48 organized
2021 2567 51 41 in
2109 2568 116 41 1928

209 2623 50 41 in
295 2625 154 39 honor
484 2624 52 40 of
574 2624 195 40 Oswald
810 2623 236 41 Garrison
1083 2624 234 40 Villard’s
1354 2626 82 38 ten
1470 2624 159 48 years’
1665 2625 185 40 service
1886 2635 55 30 as
1977 2626 159 40 editor
2174 2626 51 41 of

210 2683 82 39 the
326 2682 197 40 Nation.
584 2681 266 41 Chairman
868 2692 9 29 :
916 2681 217 40 William
1168 2682 142 39 Allen
1346 2681 192 41 White”
1558 2693 9 29 :
1604 2693 44 37 p.
1686 2683 250 49 [163]-166.

219 2735 51 53 ©
299 2741 123 39 Mar.
450 2740 69 46 12,
549 2738 116 41 1928;
719 2739 69 41 2c.
815 2740 115 47 Apr.
956 2739 27 39 2;
1042 2739 83 42 aff.
1153 2740 116 47 Apr.
1297 2740 55 40 13;
1411 2741 41 38 A
1480 2739 206 42 1069706;
1743 2740 197 50 Nation,
1969 2741 106 47 inc.,
2106 2742 119 40 New

285 2797 146 41 York.
505 2796 282 49 (28-10656)

211 2876 283 54 National
527 2877 206 63 safety
765 2876 244 54 council.

285 2954 1792 72 Safety poems, both serious and otherwise … Chicago,
211 2958 1989 129 National
426 3034 190 68 safety
647 3033 240 68 council,
919 3040 18 21 ᶜ
942 3037 151 51 1928.

279 3117 337 48 40 p. 22½ ᶜᵐ .
219 3170 52 52 ©
297 3174 111 41 Jan.
433 3174 70 48 23,
530 3173 141 47 1928;
698 3174 69 40 2c.
794 3174 110 41 Jan.
929 3173 84 48 26;
1043 3173 82 42 aff.
1152 3174 112 41 Jan.
1289 3174 84 48 25;
1403 3173 42 41 A
1469 3174 231 48 1018572;
1730 3175 117 40 Natl.
1890 3175 164 48 safety
287 3187 1919 85 council.
435 3231 281 48 (28-10608)

214 3311 289 53 Nouveau
533 3312 174 53 traité
736 3312 67 52 de
835 3311 332 70 pathologie
1196 3312 240 67 interne,
1467 3311 197 69 publié
1696 3331 128 35 sous
1856 3315 55 51 la
1944 3313 281 54 direction

288 3388 1875 72 de Ed. Enriquez, A. Laffitte, Ch. Laubry, Clovis Vincent …
339 3468 1886 70 II . (Première [ et] deuxième partie) Paris, G. Doin et cie.,
289 3550 151 50 1928.

285 3629 27 39 2
376 3661 8 8 v.
446 3628 142 48 illus.,
620 3629 158 47 plates
806 3628 135 49 (part
973 3631 113 47 col.)
1126 3629 182 48 diagrs.
1370 3629 118 42 28ᶜᵐ.

286 3681 1907 55 1 ʳᵉ ptie. © Sept. 6, 1927; 2ᵉ ptie. © Dec. 16; 1c. each Feb. 24, 1928;
288 3743 314 48 A—Foreign
630 3743 158 48 37671,
820 3743 145 41 37672;
1027 3744 186 40 Gaston
1244 3744 129 40 Doin
1403 3745 37 40 &
1470 3745 86 41 cie.

219 3820 282 68 [Oldfield,
539 3823 242 53 Reuben
819 3824 299 68 Bertram]
1162 3824 172 54 1878-

344 3901 1879 73 … Exciting adventures of Mister Jim Crow, by Ben Field
240 3979 1655 59 [pseud.] … New York, A. L. Burt company [ᶜ1928]
