<alto xmlns="http://www.loc.gov/standards/alto/ns-v3#" xmlns:xlink="http://www.w3.org/1999/xlink" xmlns:xsi="http://www.w3.org/2001/XMLSchema-instance" xsi:schemaLocation="http://www.loc.gov/standards/alto/ns-v3# http://www.loc.gov/alto/v3/alto-3-0.xsd"><Description>
<MeasurementUnit>pixel</MeasurementUnit>
<sourceImageInformation>
<fileName>1928_v25_part001.pdf</fileName>
</sourceImageInformation>
<OCRProcessing ID="IdOcr">
<ocrProcessingStep>
<processingDateTime>2019-04-12</processingDateTime>
<processingSoftware>
<softwareCreator>ABBYY</softwareCreator>
<softwareName>ABBYY Recognition Server</softwareName>
<softwareVersion>4.0</softwareVersion>
</processingSoftware>
</ocrProcessingStep>
</OCRProcessing>
</Description>
<Styles>
<ParagraphStyle ID="StyleId-FFFFFFFF-FFFF-FFFF-FFFF-FFFFFFFFFFFF-" ALIGN="Left" LEFT="0." RIGHT="0." FIRSTLINE="0."/>
<ParagraphStyle ID="StyleId-0ECAC0CE-E1F0-4C69-A1B9-95E16886343B-" ALIGN="Left" LEFT="0." RIGHT="0." FIRSTLINE="0." LINESPACE="8.300000191"/>
<ParagraphStyle ID="StyleId-5C6F7A30-EC6F-4250-A8D3-0AE106DCDB5D-" ALIGN="Left" LEFT="0." RIGHT="0." FIRSTLINE="-13." LINESPACE="11.22999954"/>
<ParagraphStyle ID="StyleId-B258737E-7AF8-4B71-A0BF-0A1420B951F9-" ALIGN="Left" LEFT="0." RIGHT="0." FIRSTLINE="-13." LINESPACE="8.210000038"/>
<ParagraphStyle ID="StyleId-35C0EFA5-E89E-4731-B16E-5D3895F12270-" ALIGN="Block" LEFT="0." RIGHT="0." FIRSTLINE="-12." LINESPACE="11.22999954"/>
<ParagraphStyle ID="StyleId-7BD1F9B4-14BB-4AAF-864B-FED8FEA7DC43-" ALIGN="Left" LEFT="0." RIGHT="0." FIRSTLINE="0."/>
<ParagraphStyle ID="StyleId-CD2DA0E5-536D-42AE-AE16-8D9F5C008D5A-" ALIGN="Block" LEFT="0." RIGHT="0." FIRSTLINE="-12." LINESPACE="10."/>
<ParagraphStyle ID="StyleId-AF408F88-EED5-4CE2-A229-3F852C18D9BD-" ALIGN="Block" LEFT="0." RIGHT="0." FIRSTLINE="-14." LINESPACE="10."/>
<ParagraphStyle ID="StyleId-829CD741-943D-4B7B-9638-57AB73DE2567-" ALIGN="Center" LEFT="0." RIGHT="0." FIRSTLINE="0." LINESPACE="9.399999619"/>
<ParagraphStyle ID="StyleId-B271BDFA-6037-4875-BA99-885A067668E9-" ALIGN="Left" LEFT="0." RIGHT="0." FIRSTLINE="-14." LINESPACE="11.21000004"/>
<ParagraphStyle ID="StyleId-64F9C1D8-EA12-4F65-AD18-B72A4C6B556F-" ALIGN="Center" LEFT="0." RIGHT="0." FIRSTLINE="0." LINESPACE="11.60000038"/>
<ParagraphStyle ID="StyleId-44DA2756-E57B-4EF3-9BA4-FC1C14776DE3-" ALIGN="Left" LEFT="0." RIGHT="0." FIRSTLINE="-12." LINESPACE="12.19999981"/>
<ParagraphStyle ID="StyleId-D1D9AF19-8CA6-4F74-9AEC-1B4545205AD7-" ALIGN="Center" LEFT="0." RIGHT="0." FIRSTLINE="0." LINESPACE="11.60000038"/>
<ParagraphStyle ID="StyleId-3ADA1556-6D19-417D-8046-68449BF368BA-" ALIGN="Left" LEFT="0." RIGHT="0." FIRSTLINE="-13." LINESPACE="12.19999981"/>
<ParagraphStyle ID="StyleId-7443A930-B325-44B5-9AB8-B42B4EC78C89-" ALIGN="Block" LEFT="0." RIGHT="0." FIRSTLINE="13." LINESPACE="8.619999886"/>
<ParagraphStyle ID="StyleId-C9A9E480-E448-4934-9AF8-3D252792E396-" ALIGN="Left" LEFT="0." RIGHT="0." FIRSTLINE="-12." LINESPACE="11.38000011"/>
<ParagraphStyle ID="StyleId-73039842-464C-49B9-9440-4C0D0E749DFE-" ALIGN="Center" LEFT="0." RIGHT="0." FIRSTLINE="0." LINESPACE="11.10000038"/>
<ParagraphStyle ID="StyleId-C51F6AC2-80DA-4C65-849C-6E2D5F548EA4-" ALIGN="Left" LEFT="0." RIGHT="0." FIRSTLINE="0." LINESPACE="7.699999809"/>
<ParagraphStyle ID="StyleId-494190D9-BDDC-4834-A745-6AF520F91CD0-" ALIGN="Block" LEFT="0." RIGHT="0." FIRSTLINE="-12." LINESPACE="11.22999954"/>
<ParagraphStyle ID="StyleId-68D39D31-3386-4B28-8C90-DA9420961D78-" ALIGN="Left" LEFT="0." RIGHT="0." FIRSTLINE="0." LINESPACE="11.60000038"/>
<ParagraphStyle ID="StyleId-DF0CE7C7-E73E-44FE-8867-C904BD7F3F42-" ALIGN="Block" LEFT="0." RIGHT="0." FIRSTLINE="0." LINESPACE="12.19999981"/>
</Styles>
<Layout>
<Page ID="Page855" PHYSICAL_IMG_NR="855" HEIGHT="4384" WIDTH="2498">
<TopMargin HEIGHT="420" WIDTH="2498" VPOS="0" HPOS="0">
</TopMargin>
<LeftMargin HEIGHT="3824" WIDTH="54" VPOS="420" HPOS="0">
</LeftMargin>
<RightMargin HEIGHT="3824" WIDTH="394" VPOS="420" HPOS="2104">
</RightMargin>
<BottomMargin HEIGHT="140" WIDTH="2498" VPOS="4244" HPOS="0">
</BottomMargin>
<PrintSpace HEIGHT="3824" WIDTH="2050" VPOS="420" HPOS="54">
<TextBlock ID="Page855_Block1" HEIGHT="133" WIDTH="252" VPOS="4111" HPOS="968" LANG="en-US" CS="1" STYLEREFS="StyleId-9B252B5A-D5F4-4924-815A-6F629C85825F-">
<TextLine HEIGHT="47" WIDTH="30" VPOS="4111" HPOS="1018" CS="1">
<String CS="1" CONTENT="855" HEIGHT="47" WIDTH="30" VPOS="4111" HPOS="1018"/>
</TextLine>
</TextBlock>
<TextBlock ID="Page855_Block2" HEIGHT="3686" WIDTH="2050" VPOS="420" HPOS="54" LANG="en-US" CS="1" STYLEREFS="StyleId-9467EB65-0F85-4E89-AE1C-D0C9EF87AF10-">
<TextLine HEIGHT="48" WIDTH="553" VPOS="515" HPOS="163" STYLEREFS="StyleId-CD79BA4B-DFAB-4BE9-8C44-1B3D324CAD5F-">
<String CONTENT="Bibliography" HEIGHT="47" WIDTH="349" VPOS="516" HPOS="163"/>
<SP HEIGHT="36" WIDTH="17" VPOS="526" HPOS="513"/>
<String CONTENT=":" HEIGHT="28" WIDTH="8" VPOS="526" HPOS="531"/>
<SP HEIGHT="37" WIDTH="33" VPOS="526" HPOS="540"/>
<String CONTENT="p." HEIGHT="36" WIDTH="42" VPOS="527" HPOS="574"/>
<SP HEIGHT="38" WIDTH="29" VPOS="517" HPOS="617"/>
<String CONTENT="12." HEIGHT="40" WIDTH="69" VPOS="515" HPOS="647"/>
</TextLine>
<TextLine HEIGHT="52" WIDTH="1994" VPOS="568" HPOS="99" CS="1">
<String CONTENT="&#169;" HEIGHT="52" WIDTH="52" VPOS="568" HPOS="99"/>
<SP HEIGHT="52" WIDTH="38" VPOS="568" HPOS="152"/>
<String CONTENT="Jan." HEIGHT="40" WIDTH="109" VPOS="573" HPOS="191"/>
<SP HEIGHT="39" WIDTH="37" VPOS="574" HPOS="301"/>
<String CONTENT="11," HEIGHT="45" WIDTH="68" VPOS="574" HPOS="339"/>
<SP HEIGHT="45" WIDTH="39" VPOS="574" HPOS="408"/>
<String CS="1" CONTENT="1928;" HEIGHT="39" WIDTH="83" VPOS="572" HPOS="448"/>
<SP HEIGHT="41" WIDTH="40" VPOS="573" HPOS="589"/>
<String CONTENT="2c." HEIGHT="39" WIDTH="68" VPOS="573" HPOS="630"/>
<SP HEIGHT="30" WIDTH="38" VPOS="582" HPOS="699"/>
<String CONTENT="and" HEIGHT="38" WIDTH="94" VPOS="573" HPOS="738"/>
<SP HEIGHT="38" WIDTH="38" VPOS="573" HPOS="833"/>
<String CONTENT="aff." HEIGHT="40" WIDTH="81" VPOS="571" HPOS="872"/>
<SP HEIGHT="38" WIDTH="40" VPOS="573" HPOS="954"/>
<String CONTENT="May" HEIGHT="46" WIDTH="113" VPOS="573" HPOS="995"/>
<SP HEIGHT="47" WIDTH="36" VPOS="572" HPOS="1109"/>
<String CS="1" CONTENT="28;" HEIGHT="38" WIDTH="26" VPOS="572" HPOS="1146"/>
<SP HEIGHT="42" WIDTH="43" VPOS="573" HPOS="1230"/>
<!-- cceid 218D2770-6CB2-1014-A20E-B9D6251C946A --><String CONTENT="A" HEIGHT="37" WIDTH="38" VPOS="573" HPOS="1274"/>
<SP HEIGHT="37" WIDTH="40" VPOS="573" HPOS="1313"/>
<String CONTENT="1074733;" HEIGHT="47" WIDTH="229" VPOS="571" HPOS="1354"/>
<SP HEIGHT="45" WIDTH="43" VPOS="573" HPOS="1584"/>
<String CONTENT="Hispanic" HEIGHT="49" WIDTH="237" VPOS="571" HPOS="1628"/>
<SP HEIGHT="29" WIDTH="39" VPOS="582" HPOS="1866"/>
<String CONTENT="soc." HEIGHT="31" WIDTH="92" VPOS="582" HPOS="1906"/>
<SP HEIGHT="29" WIDTH="41" VPOS="584" HPOS="1999"/>
<String CONTENT="of" HEIGHT="40" WIDTH="52" VPOS="572" HPOS="2041"/>
</TextLine>
<TextLine HEIGHT="48" WIDTH="915" VPOS="628" HPOS="165" CS="1">
<String CONTENT="America," HEIGHT="45" WIDTH="235" VPOS="629" HPOS="165"/>
<SP HEIGHT="45" WIDTH="34" VPOS="629" HPOS="401"/>
<String CONTENT="New" HEIGHT="39" WIDTH="116" VPOS="629" HPOS="436"/>
<SP HEIGHT="38" WIDTH="30" VPOS="630" HPOS="553"/>
<String CONTENT="York." HEIGHT="39" WIDTH="145" VPOS="629" HPOS="584"/>
<SP HEIGHT="47" WIDTH="68" VPOS="629" HPOS="730"/>
<String CS="1" CONTENT="(28-14256)" HEIGHT="48" WIDTH="281" VPOS="628" HPOS="799"/>
</TextLine>
<TextLine HEIGHT="68" WIDTH="1928" VPOS="722" HPOS="164" STYLEREFS="StyleId-E295378A-F12F-431B-901D-A47471889C2F-">
<String CONTENT="Pereda" HEIGHT="52" WIDTH="218" VPOS="723" HPOS="164"/>
<SP HEIGHT="51" WIDTH="29" VPOS="723" HPOS="383"/>
<String CONTENT="in" HEIGHT="51" WIDTH="60" VPOS="723" HPOS="413"/>
<SP HEIGHT="47" WIDTH="26" VPOS="728" HPOS="474"/>
<String CONTENT="the" HEIGHT="52" WIDTH="94" VPOS="723" HPOS="501"/>
<SP HEIGHT="34" WIDTH="28" VPOS="741" HPOS="596"/>
<String CONTENT="collection" HEIGHT="53" WIDTH="299" VPOS="722" HPOS="625"/>
<SP HEIGHT="34" WIDTH="23" VPOS="741" HPOS="925"/>
<String CONTENT="of" HEIGHT="53" WIDTH="65" VPOS="722" HPOS="949"/>
<SP HEIGHT="53" WIDTH="23" VPOS="722" HPOS="1015"/>
<String CONTENT="the" HEIGHT="52" WIDTH="95" VPOS="723" HPOS="1039"/>
<SP HEIGHT="52" WIDTH="27" VPOS="723" HPOS="1135"/>
<String CONTENT="Hispanic" HEIGHT="68" WIDTH="287" VPOS="722" HPOS="1163"/>
<SP HEIGHT="33" WIDTH="26" VPOS="742" HPOS="1451"/>
<String CONTENT="society" HEIGHT="53" WIDTH="211" VPOS="723" HPOS="1478"/>
<SP HEIGHT="35" WIDTH="28" VPOS="741" HPOS="1690"/>
<String CONTENT="of" HEIGHT="54" WIDTH="64" VPOS="722" HPOS="1719"/>
<SP HEIGHT="52" WIDTH="24" VPOS="722" HPOS="1784"/>
<String CONTENT="America." HEIGHT="52" WIDTH="283" VPOS="723" HPOS="1809"/>
</TextLine>
<TextLine HEIGHT="68" WIDTH="1632" VPOS="801" HPOS="91" STYLEREFS="StyleId-E295378A-F12F-431B-901D-A47471889C2F-">
<String CONTENT="New" HEIGHT="52" WIDTH="139" VPOS="802" HPOS="91"/>
<SP HEIGHT="51" WIDTH="33" VPOS="802" HPOS="231"/>
<String CONTENT="York," HEIGHT="66" WIDTH="179" VPOS="802" HPOS="265"/>
<SP HEIGHT="65" WIDTH="30" VPOS="803" HPOS="445"/>
<String CONTENT="Printed" HEIGHT="53" WIDTH="243" VPOS="802" HPOS="476"/>
<SP HEIGHT="54" WIDTH="30" VPOS="801" HPOS="720"/>
<String CONTENT="by" HEIGHT="68" WIDTH="75" VPOS="801" HPOS="751"/>
<SP HEIGHT="49" WIDTH="32" VPOS="820" HPOS="827"/>
<String CONTENT="order" HEIGHT="52" WIDTH="168" VPOS="802" HPOS="860"/>
<SP HEIGHT="33" WIDTH="30" VPOS="820" HPOS="1029"/>
<String CONTENT="of" HEIGHT="52" WIDTH="65" VPOS="801" HPOS="1060"/>
<SP HEIGHT="52" WIDTH="29" VPOS="801" HPOS="1126"/>
<String CONTENT="the" HEIGHT="52" WIDTH="95" VPOS="802" HPOS="1156"/>
<SP HEIGHT="47" WIDTH="30" VPOS="807" HPOS="1252"/>
<String CONTENT="trustees," HEIGHT="61" WIDTH="257" VPOS="807" HPOS="1283"/>
<SP HEIGHT="62" WIDTH="33" VPOS="806" HPOS="1541"/>
<String CONTENT="1928." HEIGHT="50" WIDTH="148" VPOS="804" HPOS="1575"/>
</TextLine>
<TextLine HEIGHT="106" WIDTH="2001" VPOS="883" HPOS="88" CS="1">
<String CS="1" CONTENT="v," HEIGHT="16" WIDTH="9" VPOS="915" HPOS="193"/>
<SP HEIGHT="45" WIDTH="46" VPOS="886" HPOS="203"/>
<String CONTENT="10" HEIGHT="40" WIDTH="57" VPOS="884" HPOS="250"/>
<SP HEIGHT="48" WIDTH="42" VPOS="884" HPOS="308"/>
<String LANG="fr" CONTENT="p." HEIGHT="37" WIDTH="42" VPOS="895" HPOS="351"/>
<SP HEIGHT="38" WIDTH="61" VPOS="886" HPOS="394"/>
<String LANG="fr" CS="1" CONTENT="1"/>
<SP HEIGHT="39" WIDTH="44" VPOS="884" HPOS="481"/>
<String CONTENT="illus.," HEIGHT="46" WIDTH="143" VPOS="884" HPOS="526"/>
<SP/>
<String CS="1" CONTENT="pl."/>
<SP/>
<String CS="1" CONTENT="16&#189;&#7580;&#7504;." HEIGHT="40" WIDTH="146" VPOS="884" HPOS="839"/>
<SP/>
<String CONTENT="(Half-title:" HEIGHT="48" WIDTH="301" VPOS="883" HPOS="1056"/>
<SP HEIGHT="39" WIDTH="31" VPOS="885" HPOS="1358"/>
<String CONTENT="Hispanic" HEIGHT="49" WIDTH="238" VPOS="883" HPOS="1390"/>
<SP HEIGHT="29" WIDTH="42" VPOS="895" HPOS="1629"/>
<String CONTENT="notes" HEIGHT="36" WIDTH="137" VPOS="888" HPOS="1672"/>
<SP HEIGHT="40" WIDTH="42" VPOS="884" HPOS="1810"/>
<String CONTENT="&amp;" HEIGHT="40" WIDTH="36" VPOS="884" HPOS="1853"/>
<SP HEIGHT="40" WIDTH="42" VPOS="884" HPOS="1890"/>
<String CS="1" CONTENT="monographs;" HEIGHT="93" WIDTH="1984" VPOS="896" HPOS="88"/>
<SP HEIGHT="35" WIDTH="37" VPOS="952" HPOS="295"/>
<String CONTENT="essays," HEIGHT="36" WIDTH="182" VPOS="952" HPOS="333"/>
<SP HEIGHT="36" WIDTH="38" VPOS="952" HPOS="516"/>
<String CONTENT="studies," HEIGHT="45" WIDTH="200" VPOS="941" HPOS="555"/>
<SP HEIGHT="35" WIDTH="36" VPOS="951" HPOS="756"/>
<String CONTENT="and" HEIGHT="38" WIDTH="95" VPOS="943" HPOS="793"/>
<SP HEIGHT="39" WIDTH="36" VPOS="942" HPOS="889"/>
<String CONTENT="brief" HEIGHT="40" WIDTH="128" VPOS="941" HPOS="926"/>
<SP HEIGHT="39" WIDTH="34" VPOS="941" HPOS="1055"/>
<String CONTENT="biographies" HEIGHT="48" WIDTH="309" VPOS="941" HPOS="1090"/>
<SP HEIGHT="40" WIDTH="34" VPOS="941" HPOS="1400"/>
<String CONTENT="issued" HEIGHT="40" WIDTH="162" VPOS="941" HPOS="1435"/>
<SP HEIGHT="39" WIDTH="38" VPOS="942" HPOS="1598"/>
<String CONTENT="by" HEIGHT="47" WIDTH="61" VPOS="942" HPOS="1637"/>
<SP HEIGHT="45" WIDTH="35" VPOS="944" HPOS="1699"/>
<String CONTENT="the" HEIGHT="39" WIDTH="81" VPOS="942" HPOS="1735"/>
<SP HEIGHT="39" WIDTH="34" VPOS="942" HPOS="1817"/>
<String CONTENT="Hispanic" HEIGHT="47" WIDTH="237" VPOS="942" HPOS="1852"/>
</TextLine>
<TextLine HEIGHT="49" WIDTH="536" VPOS="998" HPOS="87">
<String CONTENT="society" HEIGHT="47" WIDTH="182" VPOS="999" HPOS="87"/>
<SP HEIGHT="37" WIDTH="25" VPOS="1009" HPOS="270"/>
<String CONTENT="of" HEIGHT="41" WIDTH="53" VPOS="998" HPOS="296"/>
<SP HEIGHT="39" WIDTH="22" VPOS="998" HPOS="350"/>
<String CONTENT="America)" HEIGHT="49" WIDTH="250" VPOS="998" HPOS="373"/>
</TextLine>
<TextLine HEIGHT="49" WIDTH="550" VPOS="1055" HPOS="159">
<String CONTENT="&#8220;References&#8221;" HEIGHT="41" WIDTH="349" VPOS="1055" HPOS="159"/>
<SP HEIGHT="40" WIDTH="18" VPOS="1055" HPOS="509"/>
<String CONTENT=":" HEIGHT="29" WIDTH="9" VPOS="1066" HPOS="528"/>
<SP HEIGHT="38" WIDTH="31" VPOS="1066" HPOS="538"/>
<String CONTENT="p." HEIGHT="38" WIDTH="43" VPOS="1066" HPOS="570"/>
<SP HEIGHT="40" WIDTH="24" VPOS="1056" HPOS="614"/>
<String CONTENT="10." HEIGHT="40" WIDTH="70" VPOS="1056" HPOS="639"/>
</TextLine>
<TextLine HEIGHT="49" WIDTH="1653" VPOS="1112" HPOS="434" CS="1">
<String CS="1" CONTENT="CONTENTS.&#8212;Biographical" HEIGHT="49" WIDTH="409" VPOS="1112" HPOS="434"/>
<SP HEIGHT="47" WIDTH="31" VPOS="1114" HPOS="844"/>
<String CONTENT="preface.&#8212;Saint" HEIGHT="49" WIDTH="419" VPOS="1112" HPOS="876"/>
<SP HEIGHT="40" WIDTH="31" VPOS="1113" HPOS="1296"/>
<String CONTENT="Anthony" HEIGHT="47" WIDTH="229" VPOS="1113" HPOS="1328"/>
<SP HEIGHT="37" WIDTH="32" VPOS="1123" HPOS="1558"/>
<String CONTENT="of" HEIGHT="40" WIDTH="50" VPOS="1113" HPOS="1591"/>
<SP HEIGHT="39" WIDTH="33" VPOS="1113" HPOS="1642"/>
<String CONTENT="Padua" HEIGHT="40" WIDTH="168" VPOS="1113" HPOS="1676"/>
<SP HEIGHT="30" WIDTH="31" VPOS="1122" HPOS="1845"/>
<String CONTENT="and" HEIGHT="39" WIDTH="94" VPOS="1114" HPOS="1877"/>
<SP HEIGHT="39" WIDTH="31" VPOS="1114" HPOS="1972"/>
<String CONTENT="the" HEIGHT="39" WIDTH="83" VPOS="1114" HPOS="2004"/>
</TextLine>
<TextLine HEIGHT="41" WIDTH="566" VPOS="1170" HPOS="86">
<String CONTENT="Christ" HEIGHT="41" WIDTH="167" VPOS="1170" HPOS="86"/>
<SP HEIGHT="40" WIDTH="25" VPOS="1171" HPOS="254"/>
<String CONTENT="child.&#8212;Notes." HEIGHT="41" WIDTH="372" VPOS="1170" HPOS="280"/>
</TextLine>
<TextLine HEIGHT="52" WIDTH="1996" VPOS="1223" HPOS="90">
<String CONTENT="&#169;" HEIGHT="52" WIDTH="52" VPOS="1223" HPOS="90"/>
<SP HEIGHT="52" WIDTH="40" VPOS="1223" HPOS="143"/>
<String CONTENT="Mar." HEIGHT="40" WIDTH="122" VPOS="1228" HPOS="184"/>
<SP HEIGHT="40" WIDTH="39" VPOS="1228" HPOS="307"/>
<String CONTENT="1," HEIGHT="43" WIDTH="38" VPOS="1228" HPOS="347"/>
<SP HEIGHT="42" WIDTH="42" VPOS="1229" HPOS="386"/>
<String CONTENT="1928;" HEIGHT="42" WIDTH="139" VPOS="1227" HPOS="429"/>
<SP HEIGHT="42" WIDTH="41" VPOS="1227" HPOS="569"/>
<String CONTENT="2c." HEIGHT="40" WIDTH="68" VPOS="1227" HPOS="611"/>
<SP HEIGHT="31" WIDTH="39" VPOS="1236" HPOS="680"/>
<String CONTENT="and" HEIGHT="39" WIDTH="95" VPOS="1228" HPOS="720"/>
<SP HEIGHT="39" WIDTH="40" VPOS="1228" HPOS="816"/>
<String CONTENT="aff." HEIGHT="41" WIDTH="82" VPOS="1226" HPOS="857"/>
<SP HEIGHT="39" WIDTH="41" VPOS="1228" HPOS="940"/>
<String CONTENT="May" HEIGHT="47" WIDTH="113" VPOS="1228" HPOS="982"/>
<SP HEIGHT="48" WIDTH="38" VPOS="1227" HPOS="1096"/>
<String CONTENT="28;" HEIGHT="46" WIDTH="83" VPOS="1227" HPOS="1135"/>
<SP HEIGHT="45" WIDTH="43" VPOS="1228" HPOS="1219"/>
<!-- cceid 218DA322-6CB2-1014-A20E-B9D6251C946A --><String CONTENT="A" HEIGHT="38" WIDTH="41" VPOS="1228" HPOS="1263"/>
<SP HEIGHT="38" WIDTH="38" VPOS="1228" HPOS="1305"/>
<String CONTENT="1074737;" HEIGHT="47" WIDTH="230" VPOS="1226" HPOS="1344"/>
<SP HEIGHT="46" WIDTH="43" VPOS="1227" HPOS="1575"/>
<String CONTENT="Hispanic" HEIGHT="48" WIDTH="238" VPOS="1226" HPOS="1619"/>
<SP HEIGHT="29" WIDTH="40" VPOS="1238" HPOS="1858"/>
<String CONTENT="soc." HEIGHT="29" WIDTH="93" VPOS="1238" HPOS="1899"/>
<SP HEIGHT="28" WIDTH="40" VPOS="1239" HPOS="1993"/>
<String CONTENT="of" HEIGHT="39" WIDTH="52" VPOS="1228" HPOS="2034"/>
</TextLine>
<TextLine HEIGHT="50" WIDTH="906" VPOS="1283" HPOS="158">
<String CONTENT="America," HEIGHT="47" WIDTH="237" VPOS="1284" HPOS="158"/>
<SP HEIGHT="47" WIDTH="28" VPOS="1284" HPOS="396"/>
<String CONTENT="New" HEIGHT="40" WIDTH="117" VPOS="1284" HPOS="425"/>
<SP HEIGHT="40" WIDTH="23" VPOS="1284" HPOS="543"/>
<String CONTENT="York." HEIGHT="40" WIDTH="144" VPOS="1284" HPOS="567"/>
<SP HEIGHT="48" WIDTH="69" VPOS="1283" HPOS="712"/>
<String CONTENT="(28-14260)" HEIGHT="50" WIDTH="282" VPOS="1283" HPOS="782"/>
</TextLine>
<TextLine HEIGHT="70" WIDTH="1932" VPOS="1363" HPOS="157" STYLEREFS="StyleId-E295378A-F12F-431B-901D-A47471889C2F-">
<String LANG="la" CONTENT="Pompeo" HEIGHT="68" WIDTH="251" VPOS="1365" HPOS="157"/>
<SP HEIGHT="53" WIDTH="37" VPOS="1364" HPOS="409"/>
<String LANG="de" CONTENT="Leoni" HEIGHT="53" WIDTH="177" VPOS="1364" HPOS="447"/>
<SP HEIGHT="52" WIDTH="37" VPOS="1364" HPOS="625"/>
<String LANG="en-US" CONTENT="in" HEIGHT="52" WIDTH="60" VPOS="1364" HPOS="663"/>
<SP HEIGHT="46" WIDTH="35" VPOS="1370" HPOS="724"/>
<String LANG="en-US" CONTENT="the" HEIGHT="53" WIDTH="98" VPOS="1364" HPOS="760"/>
<SP HEIGHT="35" WIDTH="32" VPOS="1382" HPOS="859"/>
<String LANG="en-US" CONTENT="collection" HEIGHT="52" WIDTH="296" VPOS="1365" HPOS="892"/>
<SP HEIGHT="35" WIDTH="36" VPOS="1382" HPOS="1189"/>
<String LANG="en-US" CONTENT="of" HEIGHT="54" WIDTH="65" VPOS="1363" HPOS="1226"/>
<SP HEIGHT="53" WIDTH="33" VPOS="1363" HPOS="1292"/>
<String LANG="en-US" CONTENT="the" HEIGHT="52" WIDTH="95" VPOS="1364" HPOS="1326"/>
<SP HEIGHT="52" WIDTH="33" VPOS="1364" HPOS="1422"/>
<String LANG="en-US" CONTENT="Hispanic" HEIGHT="68" WIDTH="285" VPOS="1364" HPOS="1456"/>
<SP HEIGHT="34" WIDTH="35" VPOS="1383" HPOS="1742"/>
<String LANG="en-US" CONTENT="society" HEIGHT="67" WIDTH="211" VPOS="1365" HPOS="1778"/>
<SP HEIGHT="50" WIDTH="34" VPOS="1382" HPOS="1990"/>
<String LANG="en-US" CONTENT="of" HEIGHT="53" WIDTH="64" VPOS="1363" HPOS="2025"/>
</TextLine>
<TextLine HEIGHT="70" WIDTH="2003" VPOS="1441" HPOS="83" STYLEREFS="StyleId-E295378A-F12F-431B-901D-A47471889C2F-" CS="1">
<String CONTENT="America" HEIGHT="52" WIDTH="265" VPOS="1443" HPOS="83"/>
<SP HEIGHT="33" WIDTH="17" VPOS="1462" HPOS="349"/>
<String CONTENT=":" HEIGHT="32" WIDTH="10" VPOS="1462" HPOS="367"/>
<SP HEIGHT="33" WIDTH="34" VPOS="1462" HPOS="378"/>
<String CONTENT="effigies" HEIGHT="69" WIDTH="204" VPOS="1442" HPOS="413"/>
<SP HEIGHT="35" WIDTH="29" VPOS="1460" HPOS="618"/>
<String CONTENT="of" HEIGHT="53" WIDTH="65" VPOS="1442" HPOS="648"/>
<SP HEIGHT="53" WIDTH="25" VPOS="1442" HPOS="714"/>
<String CONTENT="Don" HEIGHT="51" WIDTH="136" VPOS="1444" HPOS="740"/>
<SP HEIGHT="56" WIDTH="28" VPOS="1441" HPOS="877"/>
<String LANG="la" CONTENT="Suero" HEIGHT="56" WIDTH="177" VPOS="1441" HPOS="906"/>
<SP HEIGHT="52" WIDTH="31" VPOS="1443" HPOS="1084"/>
<String LANG="de" CONTENT="de" HEIGHT="52" WIDTH="68" VPOS="1443" HPOS="1116"/>
<SP HEIGHT="63" WIDTH="32" VPOS="1442" HPOS="1185"/>
<String CS="1" CONTENT="Qui&#241;ones" HEIGHT="63" WIDTH="292" VPOS="1442" HPOS="1218"/>
<SP HEIGHT="34" WIDTH="29" VPOS="1461" HPOS="1511"/>
<String CONTENT="and" HEIGHT="52" WIDTH="113" VPOS="1443" HPOS="1541"/>
<SP HEIGHT="52" WIDTH="28" VPOS="1443" HPOS="1655"/>
<String CS="1" CONTENT="Do&#241;a" HEIGHT="52" WIDTH="167" VPOS="1443" HPOS="1684"/>
<SP HEIGHT="51" WIDTH="31" VPOS="1443" HPOS="1852"/>
<String CONTENT="Elvira" HEIGHT="51" WIDTH="202" VPOS="1443" HPOS="1884"/>
</TextLine>
<TextLine HEIGHT="70" WIDTH="2001" VPOS="1520" HPOS="86" STYLEREFS="StyleId-E295378A-F12F-431B-901D-A47471889C2F-" CS="1">
<String LANG="de" CONTENT="de" HEIGHT="52" WIDTH="67" VPOS="1522" HPOS="86"/>
<SP HEIGHT="51" WIDTH="35" VPOS="1523" HPOS="154"/>
<String CS="1" CONTENT="Zu&#241;iga" HEIGHT="68" WIDTH="219" VPOS="1522" HPOS="190"/>
<SP HEIGHT="68" WIDTH="48" VPOS="1521" HPOS="410"/>
<String CONTENT="(attributed)" HEIGHT="68" WIDTH="372" VPOS="1521" HPOS="459"/>
<SP HEIGHT="67" WIDTH="84" VPOS="1521" HPOS="832"/>
<String CONTENT="New" HEIGHT="52" WIDTH="139" VPOS="1521" HPOS="917"/>
<SP HEIGHT="52" WIDTH="33" VPOS="1521" HPOS="1057"/>
<String CONTENT="York," HEIGHT="67" WIDTH="182" VPOS="1521" HPOS="1091"/>
<SP HEIGHT="66" WIDTH="32" VPOS="1522" HPOS="1274"/>
<String CONTENT="Printed" HEIGHT="51" WIDTH="243" VPOS="1522" HPOS="1307"/>
<SP HEIGHT="53" WIDTH="32" VPOS="1520" HPOS="1551"/>
<String CONTENT="by" HEIGHT="70" WIDTH="76" VPOS="1520" HPOS="1584"/>
<SP HEIGHT="50" WIDTH="32" VPOS="1540" HPOS="1661"/>
<String CONTENT="order" HEIGHT="51" WIDTH="169" VPOS="1522" HPOS="1694"/>
<SP HEIGHT="34" WIDTH="30" VPOS="1540" HPOS="1864"/>
<String CONTENT="of" HEIGHT="54" WIDTH="64" VPOS="1520" HPOS="1895"/>
<SP HEIGHT="52" WIDTH="30" VPOS="1520" HPOS="1960"/>
<String CONTENT="the" HEIGHT="52" WIDTH="96" VPOS="1521" HPOS="1991"/>
</TextLine>
<TextLine HEIGHT="64" WIDTH="443" VPOS="1603" HPOS="83" STYLEREFS="StyleId-E295378A-F12F-431B-901D-A47471889C2F-">
<String CONTENT="trustees," HEIGHT="60" WIDTH="257" VPOS="1607" HPOS="83"/>
<SP HEIGHT="63" WIDTH="32" VPOS="1604" HPOS="341"/>
<String CONTENT="1928." HEIGHT="50" WIDTH="152" VPOS="1603" HPOS="374"/>
</TextLine>
<TextLine HEIGHT="107" WIDTH="1988" VPOS="1682" HPOS="79" CS="1">
<String CS="1" CONTENT="v," HEIGHT="17" WIDTH="9" VPOS="1714" HPOS="184"/>
<SP HEIGHT="47" WIDTH="44" VPOS="1684" HPOS="194"/>
<String CONTENT="19" HEIGHT="41" WIDTH="58" VPOS="1682" HPOS="239"/>
<SP HEIGHT="49" WIDTH="39" VPOS="1682" HPOS="298"/>
<String LANG="fr" CONTENT="p." HEIGHT="37" WIDTH="43" VPOS="1694" HPOS="338"/>
<SP HEIGHT="40" WIDTH="59" VPOS="1683" HPOS="382"/>
<String CONTENT="illus.," HEIGHT="47" WIDTH="144" VPOS="1683" HPOS="442"/>
<SP HEIGHT="37" WIDTH="43" VPOS="1693" HPOS="587"/>
<String CS="1" CONTENT="II"/>
<SP/>
<String CS="1" CONTENT="pl."/>
<SP/>
<String CS="1" CONTENT="16&#189;" HEIGHT="40" WIDTH="58" VPOS="1683" HPOS="835"/>
<String STYLE="superscript" CS="1" CONTENT="&#7580;&#7504;."/>
<SP HEIGHT="48" WIDTH="69" VPOS="1682" HPOS="983"/>
<String CONTENT="(Half-title:" HEIGHT="48" WIDTH="300" VPOS="1682" HPOS="1053"/>
<SP HEIGHT="38" WIDTH="32" VPOS="1684" HPOS="1354"/>
<String CONTENT="Hispanic" HEIGHT="49" WIDTH="241" VPOS="1682" HPOS="1387"/>
<SP HEIGHT="29" WIDTH="37" VPOS="1693" HPOS="1629"/>
<String CONTENT="notes" HEIGHT="38" WIDTH="138" VPOS="1684" HPOS="1667"/>
<SP HEIGHT="40" WIDTH="42" VPOS="1683" HPOS="1806"/>
<String CONTENT="&amp;" HEIGHT="40" WIDTH="35" VPOS="1683" HPOS="1849"/>
<SP HEIGHT="40" WIDTH="39" VPOS="1683" HPOS="1885"/>
<String CS="1" CONTENT="monographs;" HEIGHT="96" WIDTH="1988" VPOS="1693" HPOS="79"/>
<SP HEIGHT="36" WIDTH="37" VPOS="1751" HPOS="287"/>
<String CONTENT="essays," HEIGHT="37" WIDTH="183" VPOS="1751" HPOS="325"/>
<SP HEIGHT="37" WIDTH="36" VPOS="1751" HPOS="509"/>
<String CONTENT="studies," HEIGHT="48" WIDTH="202" VPOS="1740" HPOS="546"/>
<SP HEIGHT="37" WIDTH="34" VPOS="1751" HPOS="749"/>
<String CONTENT="and" HEIGHT="39" WIDTH="95" VPOS="1742" HPOS="784"/>
</TextLine>
<TextLine HEIGHT="106" WIDTH="2005" VPOS="1740" HPOS="80" CS="1">
<String CONTENT="brief" HEIGHT="40" WIDTH="127" VPOS="1740" HPOS="918"/>
<SP HEIGHT="40" WIDTH="32" VPOS="1740" HPOS="1046"/>
<String CONTENT="biographies" HEIGHT="48" WIDTH="312" VPOS="1740" HPOS="1079"/>
<SP HEIGHT="40" WIDTH="35" VPOS="1740" HPOS="1392"/>
<String CONTENT="issued" HEIGHT="40" WIDTH="164" VPOS="1740" HPOS="1428"/>
<SP HEIGHT="39" WIDTH="36" VPOS="1741" HPOS="1593"/>
<String CONTENT="by" HEIGHT="46" WIDTH="60" VPOS="1741" HPOS="1630"/>
<SP HEIGHT="44" WIDTH="36" VPOS="1743" HPOS="1691"/>
<String CONTENT="the" HEIGHT="38" WIDTH="81" VPOS="1741" HPOS="1728"/>
<SP HEIGHT="39" WIDTH="35" VPOS="1740" HPOS="1810"/>
<String CONTENT="Hispanic" HEIGHT="48" WIDTH="239" VPOS="1740" HPOS="1846"/>
<SP/>
<String CONTENT="society" HEIGHT="47" WIDTH="183" VPOS="1799" HPOS="80"/>
<SP HEIGHT="36" WIDTH="23" VPOS="1810" HPOS="264"/>
<String CONTENT="of" HEIGHT="40" WIDTH="51" VPOS="1798" HPOS="288"/>
<SP HEIGHT="39" WIDTH="25" VPOS="1798" HPOS="340"/>
<String CONTENT="America)" HEIGHT="47" WIDTH="249" VPOS="1798" HPOS="366"/>
</TextLine>
<TextLine HEIGHT="50" WIDTH="636" VPOS="1854" HPOS="149">
<String CONTENT="&#8220;References&#8221;" HEIGHT="41" WIDTH="350" VPOS="1855" HPOS="149"/>
<SP HEIGHT="40" WIDTH="18" VPOS="1855" HPOS="500"/>
<String CONTENT=":" HEIGHT="29" WIDTH="9" VPOS="1866" HPOS="519"/>
<SP HEIGHT="38" WIDTH="31" VPOS="1866" HPOS="529"/>
<String CONTENT="p." HEIGHT="38" WIDTH="43" VPOS="1866" HPOS="561"/>
<SP HEIGHT="40" WIDTH="21" VPOS="1856" HPOS="605"/>
<String CONTENT="18-19." HEIGHT="42" WIDTH="158" VPOS="1854" HPOS="627"/>
</TextLine>
<TextLine HEIGHT="53" WIDTH="1996" VPOS="1908" HPOS="87" CS="1">
<String CONTENT="&#169;" HEIGHT="53" WIDTH="51" VPOS="1908" HPOS="87"/>
<SP HEIGHT="53" WIDTH="41" VPOS="1908" HPOS="139"/>
<String CONTENT="Mar." HEIGHT="39" WIDTH="121" VPOS="1914" HPOS="181"/>
<SP HEIGHT="39" WIDTH="38" VPOS="1914" HPOS="303"/>
<String CONTENT="1," HEIGHT="47" WIDTH="40" VPOS="1914" HPOS="342"/>
<SP HEIGHT="47" WIDTH="40" VPOS="1914" HPOS="383"/>
<String CS="1" CONTENT="1928;" HEIGHT="41" WIDTH="115" VPOS="1912" HPOS="424"/>
<SP HEIGHT="41" WIDTH="40" VPOS="1913" HPOS="566"/>
<String CONTENT="2c." HEIGHT="41" WIDTH="68" VPOS="1913" HPOS="607"/>
<SP HEIGHT="31" WIDTH="40" VPOS="1923" HPOS="676"/>
<String CONTENT="and" HEIGHT="40" WIDTH="96" VPOS="1913" HPOS="717"/>
<SP HEIGHT="40" WIDTH="38" VPOS="1913" HPOS="814"/>
<String CONTENT="aff." HEIGHT="41" WIDTH="83" VPOS="1912" HPOS="853"/>
<SP HEIGHT="39" WIDTH="41" VPOS="1914" HPOS="937"/>
<String CONTENT="May" HEIGHT="46" WIDTH="114" VPOS="1914" HPOS="979"/>
<SP HEIGHT="47" WIDTH="37" VPOS="1913" HPOS="1094"/>
<String CS="1" CONTENT="28;" HEIGHT="41" WIDTH="59" VPOS="1912" HPOS="1132"/>
<SP HEIGHT="45" WIDTH="43" VPOS="1913" HPOS="1216"/>
<!-- cceid 218E2CF3-6CB2-1014-A20E-B9D6251C946A --><String CONTENT="A" HEIGHT="38" WIDTH="41" VPOS="1913" HPOS="1260"/>
<SP HEIGHT="38" WIDTH="38" VPOS="1913" HPOS="1302"/>
<String CS="1" CONTENT="1074732;" HEIGHT="40" WIDTH="203" VPOS="1912" HPOS="1341"/>
<SP HEIGHT="47" WIDTH="43" VPOS="1912" HPOS="1572"/>
<String CONTENT="Hispanic" HEIGHT="47" WIDTH="239" VPOS="1912" HPOS="1616"/>
<SP HEIGHT="29" WIDTH="40" VPOS="1923" HPOS="1856"/>
<String CONTENT="soc." HEIGHT="29" WIDTH="93" VPOS="1923" HPOS="1897"/>
<SP HEIGHT="29" WIDTH="40" VPOS="1923" HPOS="1991"/>
<String CONTENT="of" HEIGHT="39" WIDTH="51" VPOS="1912" HPOS="2032"/>
</TextLine>
<TextLine HEIGHT="51" WIDTH="916" VPOS="1968" HPOS="156">
<String CONTENT="America," HEIGHT="47" WIDTH="236" VPOS="1970" HPOS="156"/>
<SP HEIGHT="49" WIDTH="32" VPOS="1968" HPOS="393"/>
<String CONTENT="New" HEIGHT="41" WIDTH="118" VPOS="1968" HPOS="426"/>
<SP HEIGHT="39" WIDTH="29" VPOS="1970" HPOS="545"/>
<String CONTENT="York." HEIGHT="40" WIDTH="145" VPOS="1970" HPOS="575"/>
<SP HEIGHT="48" WIDTH="69" VPOS="1970" HPOS="721"/>
<String CONTENT="(28-14258)" HEIGHT="50" WIDTH="281" VPOS="1969" HPOS="791"/>
</TextLine>
<TextLine HEIGHT="63" WIDTH="763" VPOS="2049" HPOS="78" STYLEREFS="StyleId-CD79BA4B-DFAB-4BE9-8C44-1B3D324CAD5F-">
<String CONTENT="Holwick," HEIGHT="63" WIDTH="282" VPOS="2049" HPOS="78"/>
<SP HEIGHT="62" WIDTH="31" VPOS="2050" HPOS="361"/>
<String CONTENT="Earl" HEIGHT="52" WIDTH="141" VPOS="2050" HPOS="393"/>
<SP HEIGHT="51" WIDTH="31" VPOS="2050" HPOS="535"/>
<String CONTENT="Edward." HEIGHT="54" WIDTH="274" VPOS="2049" HPOS="567"/>
</TextLine>
<TextLine HEIGHT="68" WIDTH="1938" VPOS="2127" HPOS="144" STYLEREFS="StyleId-E295378A-F12F-431B-901D-A47471889C2F-">
<String CONTENT="Patterns" HEIGHT="52" WIDTH="270" VPOS="2128" HPOS="144"/>
<SP HEIGHT="34" WIDTH="38" VPOS="2146" HPOS="415"/>
<String CONTENT="and" HEIGHT="52" WIDTH="113" VPOS="2128" HPOS="454"/>
<SP HEIGHT="52" WIDTH="38" VPOS="2128" HPOS="568"/>
<String CONTENT="directions" HEIGHT="52" WIDTH="307" VPOS="2128" HPOS="607"/>
<SP HEIGHT="53" WIDTH="37" VPOS="2127" HPOS="915"/>
<String CONTENT="for" HEIGHT="53" WIDTH="93" VPOS="2127" HPOS="953"/>
<SP HEIGHT="33" WIDTH="36" VPOS="2146" HPOS="1047"/>
<String CONTENT="making" HEIGHT="68" WIDTH="240" VPOS="2127" HPOS="1084"/>
<SP HEIGHT="62" WIDTH="33" VPOS="2133" HPOS="1325"/>
<String CONTENT="true" HEIGHT="46" WIDTH="129" VPOS="2133" HPOS="1359"/>
<SP HEIGHT="45" WIDTH="34" VPOS="2134" HPOS="1489"/>
<String CONTENT="to" HEIGHT="45" WIDTH="59" VPOS="2134" HPOS="1524"/>
<SP HEIGHT="33" WIDTH="36" VPOS="2146" HPOS="1584"/>
<String CONTENT="nature" HEIGHT="45" WIDTH="204" VPOS="2134" HPOS="1621"/>
<SP HEIGHT="52" WIDTH="36" VPOS="2127" HPOS="1826"/>
<String CONTENT="flowers" HEIGHT="52" WIDTH="219" VPOS="2127" HPOS="1863"/>
</TextLine>
<TextLine HEIGHT="70" WIDTH="2006" VPOS="2204" HPOS="74" STYLEREFS="StyleId-E295378A-F12F-431B-901D-A47471889C2F-" CS="1">
<String CONTENT="of" HEIGHT="53" WIDTH="64" VPOS="2204" HPOS="74"/>
<SP HEIGHT="52" WIDTH="25" VPOS="2204" HPOS="139"/>
<String CONTENT="felt" HEIGHT="53" WIDTH="107" VPOS="2204" HPOS="165"/>
<SP HEIGHT="46" WIDTH="24" VPOS="2211" HPOS="273"/>
<String CONTENT="and" HEIGHT="52" WIDTH="114" VPOS="2206" HPOS="298"/>
<SP HEIGHT="52" WIDTH="24" VPOS="2206" HPOS="413"/>
<String CONTENT="other" HEIGHT="53" WIDTH="162" VPOS="2205" HPOS="438"/>
<SP HEIGHT="33" WIDTH="22" VPOS="2224" HPOS="601"/>
<String CONTENT="material." HEIGHT="51" WIDTH="279" VPOS="2206" HPOS="624"/>
<SP HEIGHT="55" WIDTH="77" VPOS="2204" HPOS="904"/>
<String CONTENT="Copyright" HEIGHT="70" WIDTH="327" VPOS="2204" HPOS="982"/>
<SP HEIGHT="46" WIDTH="31" VPOS="2211" HPOS="1310"/>
<String CS="1" CONTENT="&#8230;"/>
<SP HEIGHT="52" WIDTH="29" VPOS="2206" HPOS="1398"/>
<String CONTENT="by" HEIGHT="68" WIDTH="76" VPOS="2206" HPOS="1428"/>
<SP HEIGHT="68" WIDTH="26" VPOS="2206" HPOS="1505"/>
<String CONTENT="Earl" HEIGHT="51" WIDTH="141" VPOS="2206" HPOS="1532"/>
<SP HEIGHT="51" WIDTH="26" VPOS="2206" HPOS="1674"/>
<String CONTENT="E." HEIGHT="51" WIDTH="65" VPOS="2206" HPOS="1701"/>
<SP HEIGHT="52" WIDTH="27" VPOS="2205" HPOS="1767"/>
<String CONTENT="Holwick." HEIGHT="53" WIDTH="285" VPOS="2204" HPOS="1795"/>
</TextLine>
<TextLine HEIGHT="68" WIDTH="1743" VPOS="2282" HPOS="97" STYLEREFS="StyleId-E295378A-F12F-431B-901D-A47471889C2F-" CS="1">
<String CS="1" CONTENT="[La" HEIGHT="52" WIDTH="83" VPOS="2283" HPOS="97"/>
<SP HEIGHT="55" WIDTH="33" VPOS="2282" HPOS="181"/>
<String CONTENT="Crescenta," HEIGHT="68" WIDTH="320" VPOS="2282" HPOS="215"/>
<SP HEIGHT="68" WIDTH="33" VPOS="2282" HPOS="536"/>
<String CONTENT="Calif.," HEIGHT="68" WIDTH="196" VPOS="2282" HPOS="570"/>
<SP HEIGHT="66" WIDTH="30" VPOS="2284" HPOS="767"/>
<String CONTENT="True" HEIGHT="51" WIDTH="151" VPOS="2284" HPOS="798"/>
<SP HEIGHT="47" WIDTH="29" VPOS="2288" HPOS="950"/>
<String CONTENT="to" HEIGHT="47" WIDTH="59" VPOS="2288" HPOS="980"/>
<SP HEIGHT="33" WIDTH="29" VPOS="2302" HPOS="1040"/>
<String CONTENT="nature" HEIGHT="47" WIDTH="204" VPOS="2288" HPOS="1070"/>
<SP HEIGHT="52" WIDTH="32" VPOS="2283" HPOS="1275"/>
<String CONTENT="flower" HEIGHT="52" WIDTH="190" VPOS="2283" HPOS="1308"/>
<SP HEIGHT="33" WIDTH="30" VPOS="2302" HPOS="1499"/>
<String CONTENT="co.]" HEIGHT="49" WIDTH="98" VPOS="2301" HPOS="1530"/>
<SP HEIGHT="61" WIDTH="37" VPOS="2289" HPOS="1629"/>
<String STYLE="superscript" CS="1" CONTENT="&#7580;1"/>
<String CONTENT="928." HEIGHT="49" WIDTH="116" VPOS="2286" HPOS="1724"/>
</TextLine>
<TextLine HEIGHT="50" WIDTH="978" VPOS="2366" HPOS="143" CS="1">
<String CONTENT="cover-title," HEIGHT="47" WIDTH="284" VPOS="2367" HPOS="143"/>
<SP HEIGHT="46" WIDTH="27" VPOS="2368" HPOS="428"/>
<String CONTENT="48" HEIGHT="41" WIDTH="58" VPOS="2367" HPOS="456"/>
<SP HEIGHT="49" WIDTH="28" VPOS="2367" HPOS="515"/>
<String CONTENT="p." HEIGHT="38" WIDTH="43" VPOS="2378" HPOS="544"/>
<SP HEIGHT="41" WIDTH="59" VPOS="2367" HPOS="588"/>
<String CONTENT="illus.," HEIGHT="48" WIDTH="144" VPOS="2367" HPOS="648"/>
<SP HEIGHT="47" WIDTH="32" VPOS="2368" HPOS="793"/>
<String CONTENT="diagrs." HEIGHT="49" WIDTH="179" VPOS="2367" HPOS="826"/>
<SP HEIGHT="41" WIDTH="57" VPOS="2366" HPOS="1006"/>
<String CS="1" CONTENT="23&#189;" HEIGHT="41" WIDTH="57" VPOS="2366" HPOS="1064"/>
<String STYLE="superscript" CS="1" CONTENT="&#7580;&#7504;."/>
</TextLine>
<TextLine HEIGHT="53" WIDTH="1996" VPOS="2419" HPOS="83">
<String CONTENT="&#169;" HEIGHT="53" WIDTH="51" VPOS="2419" HPOS="83"/>
<SP HEIGHT="53" WIDTH="31" VPOS="2419" HPOS="135"/>
<String CONTENT="Apr." HEIGHT="47" WIDTH="114" VPOS="2425" HPOS="167"/>
<SP HEIGHT="39" WIDTH="31" VPOS="2425" HPOS="282"/>
<String CONTENT="7," HEIGHT="47" WIDTH="40" VPOS="2425" HPOS="314"/>
<SP HEIGHT="48" WIDTH="31" VPOS="2424" HPOS="355"/>
<String CONTENT="1928;" HEIGHT="47" WIDTH="142" VPOS="2424" HPOS="387"/>
<SP HEIGHT="47" WIDTH="32" VPOS="2424" HPOS="530"/>
<String CONTENT="2c." HEIGHT="40" WIDTH="69" VPOS="2424" HPOS="563"/>
<SP HEIGHT="40" WIDTH="32" VPOS="2424" HPOS="633"/>
<String CONTENT="Apr." HEIGHT="48" WIDTH="114" VPOS="2424" HPOS="666"/>
<SP HEIGHT="39" WIDTH="31" VPOS="2425" HPOS="781"/>
<String CONTENT="14;" HEIGHT="45" WIDTH="82" VPOS="2425" HPOS="813"/>
<SP HEIGHT="36" WIDTH="35" VPOS="2434" HPOS="896"/>
<String CONTENT="aff." HEIGHT="41" WIDTH="83" VPOS="2423" HPOS="932"/>
<SP HEIGHT="40" WIDTH="31" VPOS="2424" HPOS="1016"/>
<String CONTENT="Apr." HEIGHT="48" WIDTH="116" VPOS="2424" HPOS="1048"/>
<SP HEIGHT="38" WIDTH="31" VPOS="2424" HPOS="1165"/>
<String CONTENT="16;" HEIGHT="47" WIDTH="84" VPOS="2423" HPOS="1197"/>
<SP HEIGHT="46" WIDTH="34" VPOS="2424" HPOS="1282"/>
<!-- cceid 218EE93F-6CB2-1014-A20E-B9D6251C946A --><String CONTENT="A" HEIGHT="38" WIDTH="41" VPOS="2424" HPOS="1317"/>
<SP HEIGHT="38" WIDTH="32" VPOS="2424" HPOS="1359"/>
<String CONTENT="1008923;" HEIGHT="47" WIDTH="231" VPOS="2423" HPOS="1392"/>
<SP HEIGHT="45" WIDTH="36" VPOS="2425" HPOS="1624"/>
<String LANG="la" CONTENT="E." HEIGHT="39" WIDTH="53" VPOS="2425" HPOS="1661"/>
<SP HEIGHT="39" WIDTH="35" VPOS="2425" HPOS="1715"/>
<String CONTENT="E." HEIGHT="39" WIDTH="53" VPOS="2425" HPOS="1751"/>
<SP HEIGHT="39" WIDTH="34" VPOS="2425" HPOS="1805"/>
<String CONTENT="Holwick," HEIGHT="47" WIDTH="239" VPOS="2425" HPOS="1840"/>
</TextLine>
<TextLine HEIGHT="50" WIDTH="911" VPOS="2479" HPOS="149">
<String CONTENT="La" HEIGHT="40" WIDTH="68" VPOS="2481" HPOS="149"/>
<SP HEIGHT="41" WIDTH="33" VPOS="2481" HPOS="218"/>
<String CONTENT="Crescenta," HEIGHT="47" WIDTH="275" VPOS="2481" HPOS="252"/>
<SP HEIGHT="49" WIDTH="33" VPOS="2479" HPOS="528"/>
<String CONTENT="Calif." HEIGHT="42" WIDTH="145" VPOS="2479" HPOS="562"/>
<SP HEIGHT="48" WIDTH="69" VPOS="2481" HPOS="708"/>
<String CONTENT="(28-13277)" HEIGHT="48" WIDTH="282" VPOS="2481" HPOS="778"/>
</TextLine>
<TextLine HEIGHT="62" WIDTH="716" VPOS="2561" HPOS="71" STYLEREFS="StyleId-CD79BA4B-DFAB-4BE9-8C44-1B3D324CAD5F-">
<String CONTENT="Hull," HEIGHT="62" WIDTH="155" VPOS="2561" HPOS="71"/>
<SP HEIGHT="62" WIDTH="28" VPOS="2561" HPOS="227"/>
<String CONTENT="Osman" HEIGHT="54" WIDTH="223" VPOS="2561" HPOS="256"/>
<SP HEIGHT="52" WIDTH="27" VPOS="2562" HPOS="480"/>
<String CONTENT="Ransom." HEIGHT="52" WIDTH="279" VPOS="2562" HPOS="508"/>
</TextLine>
<TextLine HEIGHT="70" WIDTH="1870" VPOS="2638" HPOS="209" STYLEREFS="StyleId-E295378A-F12F-431B-901D-A47471889C2F-" CS="1">
<String CS="1" CONTENT="&#8230;"/>
<SP HEIGHT="56" WIDTH="34" VPOS="2638" HPOS="209"/>
<String CONTENT="Survey" HEIGHT="70" WIDTH="223" VPOS="2638" HPOS="244"/>
<SP HEIGHT="50" WIDTH="23" VPOS="2658" HPOS="468"/>
<String CONTENT="of" HEIGHT="53" WIDTH="64" VPOS="2639" HPOS="492"/>
<SP HEIGHT="53" WIDTH="22" VPOS="2639" HPOS="557"/>
<String CONTENT="the" HEIGHT="53" WIDTH="96" VPOS="2639" HPOS="580"/>
<SP HEIGHT="52" WIDTH="25" VPOS="2640" HPOS="677"/>
<String CONTENT="Alhambra" HEIGHT="53" WIDTH="320" VPOS="2639" HPOS="703"/>
<SP HEIGHT="50" WIDTH="28" VPOS="2657" HPOS="1024"/>
<String CONTENT="public" HEIGHT="68" WIDTH="195" VPOS="2639" HPOS="1053"/>
<SP HEIGHT="35" WIDTH="25" VPOS="2657" HPOS="1249"/>
<String CONTENT="schools" HEIGHT="53" WIDTH="219" VPOS="2639" HPOS="1275"/>
<SP HEIGHT="34" WIDTH="17" VPOS="2658" HPOS="1495"/>
<String CONTENT=":" HEIGHT="32" WIDTH="10" VPOS="2658" HPOS="1513"/>
<SP HEIGHT="50" WIDTH="26" VPOS="2640" HPOS="1524"/>
<String CONTENT="housing," HEIGHT="68" WIDTH="264" VPOS="2640" HPOS="1551"/>
<SP HEIGHT="67" WIDTH="25" VPOS="2639" HPOS="1816"/>
<String CONTENT="finance," HEIGHT="67" WIDTH="237" VPOS="2639" HPOS="1842"/>
</TextLine>
<TextLine HEIGHT="70" WIDTH="2000" VPOS="2716" HPOS="78" STYLEREFS="StyleId-E295378A-F12F-431B-901D-A47471889C2F-">
<String CONTENT="business" HEIGHT="53" WIDTH="252" VPOS="2717" HPOS="78"/>
<SP HEIGHT="34" WIDTH="22" VPOS="2736" HPOS="331"/>
<String CONTENT="management," HEIGHT="62" WIDTH="417" VPOS="2724" HPOS="354"/>
<SP HEIGHT="67" WIDTH="24" VPOS="2717" HPOS="772"/>
<String CONTENT="by" HEIGHT="69" WIDTH="75" VPOS="2717" HPOS="797"/>
<SP HEIGHT="70" WIDTH="26" VPOS="2716" HPOS="873"/>
<String CONTENT="Osman" HEIGHT="56" WIDTH="215" VPOS="2716" HPOS="900"/>
<SP HEIGHT="51" WIDTH="25" VPOS="2718" HPOS="1116"/>
<String CONTENT="R." HEIGHT="51" WIDTH="68" VPOS="2718" HPOS="1142"/>
<SP HEIGHT="52" WIDTH="27" VPOS="2717" HPOS="1211"/>
<String CONTENT="Hull" HEIGHT="53" WIDTH="147" VPOS="2717" HPOS="1239"/>
<SP HEIGHT="52" WIDTH="26" VPOS="2718" HPOS="1387"/>
<String CONTENT="and" HEIGHT="51" WIDTH="113" VPOS="2719" HPOS="1414"/>
<SP HEIGHT="53" WIDTH="23" VPOS="2718" HPOS="1528"/>
<String CONTENT="Willard" HEIGHT="53" WIDTH="253" VPOS="2718" HPOS="1552"/>
<SP HEIGHT="56" WIDTH="28" VPOS="2716" HPOS="1806"/>
<String CONTENT="S." HEIGHT="56" WIDTH="56" VPOS="2716" HPOS="1835"/>
<SP HEIGHT="50" WIDTH="27" VPOS="2719" HPOS="1892"/>
<String CONTENT="Ford" HEIGHT="53" WIDTH="158" VPOS="2718" HPOS="1920"/>
</TextLine>
<TextLine HEIGHT="70" WIDTH="1866" VPOS="2794" HPOS="138" STYLEREFS="StyleId-E295378A-F12F-431B-901D-A47471889C2F-" CS="1">
<String CS="1" CONTENT="&#8230;"/>
<SP HEIGHT="52" WIDTH="74" VPOS="2796" HPOS="138"/>
<String CONTENT="Los" HEIGHT="53" WIDTH="112" VPOS="2796" HPOS="213"/>
<SP HEIGHT="53" WIDTH="32" VPOS="2796" HPOS="326"/>
<String CONTENT="Angeles," HEIGHT="68" WIDTH="268" VPOS="2796" HPOS="359"/>
<SP HEIGHT="64" WIDTH="34" VPOS="2797" HPOS="628"/>
<String CONTENT="University" HEIGHT="68" WIDTH="340" VPOS="2796" HPOS="663"/>
<SP HEIGHT="50" WIDTH="33" VPOS="2814" HPOS="1004"/>
<String CONTENT="of" HEIGHT="54" WIDTH="65" VPOS="2794" HPOS="1038"/>
<SP HEIGHT="56" WIDTH="37" VPOS="2794" HPOS="1104"/>
<String CONTENT="Southern" HEIGHT="56" WIDTH="288" VPOS="2794" HPOS="1142"/>
<SP HEIGHT="55" WIDTH="38" VPOS="2794" HPOS="1431"/>
<String CONTENT="California," HEIGHT="68" WIDTH="345" VPOS="2794" HPOS="1470"/>
<SP HEIGHT="62" WIDTH="39" VPOS="2800" HPOS="1816"/>
<String CONTENT="1928." HEIGHT="50" WIDTH="148" VPOS="2799" HPOS="1856"/>
</TextLine>
<TextLine HEIGHT="49" WIDTH="1931" VPOS="2877" HPOS="146" CS="1">
<String CONTENT="107" HEIGHT="41" WIDTH="85" VPOS="2877" HPOS="146"/>
<SP HEIGHT="47" WIDTH="30" VPOS="2879" HPOS="232"/>
<String CONTENT="p." HEIGHT="38" WIDTH="44" VPOS="2888" HPOS="263"/>
<SP HEIGHT="39" WIDTH="60" VPOS="2879" HPOS="308"/>
<String CONTENT="diagrs." HEIGHT="49" WIDTH="180" VPOS="2877" HPOS="369"/>
<SP HEIGHT="41" WIDTH="57" VPOS="2877" HPOS="550"/>
<String CS="1" CONTENT="24&#7580;&#7504;." HEIGHT="41" WIDTH="118" VPOS="2877" HPOS="608"/>
<SP HEIGHT="47" WIDTH="72" VPOS="2878" HPOS="727"/>
<String CONTENT="(University" HEIGHT="48" WIDTH="308" VPOS="2877" HPOS="800"/>
<SP HEIGHT="37" WIDTH="33" VPOS="2888" HPOS="1109"/>
<String CONTENT="of" HEIGHT="41" WIDTH="52" VPOS="2877" HPOS="1143"/>
<SP HEIGHT="41" WIDTH="34" VPOS="2877" HPOS="1196"/>
<String CONTENT="Southern" HEIGHT="40" WIDTH="244" VPOS="2878" HPOS="1231"/>
<SP HEIGHT="42" WIDTH="34" VPOS="2877" HPOS="1476"/>
<String CONTENT="California." HEIGHT="42" WIDTH="289" VPOS="2877" HPOS="1511"/>
<SP HEIGHT="41" WIDTH="65" VPOS="2878" HPOS="1801"/>
<String CONTENT="Studies." HEIGHT="42" WIDTH="210" VPOS="2878" HPOS="1867"/>
</TextLine>
<TextLine HEIGHT="48" WIDTH="374" VPOS="2935" HPOS="74">
<String CONTENT="2d" HEIGHT="39" WIDTH="61" VPOS="2935" HPOS="74"/>
<SP HEIGHT="38" WIDTH="24" VPOS="2936" HPOS="136"/>
<String CONTENT="ser.," HEIGHT="38" WIDTH="106" VPOS="2945" HPOS="161"/>
<SP HEIGHT="38" WIDTH="24" VPOS="2945" HPOS="268"/>
<String CONTENT="no." HEIGHT="30" WIDTH="76" VPOS="2945" HPOS="293"/>
<SP HEIGHT="40" WIDTH="25" VPOS="2935" HPOS="370"/>
<String CONTENT="5)" HEIGHT="47" WIDTH="52" VPOS="2935" HPOS="396"/>
</TextLine>
<TextLine HEIGHT="110" WIDTH="1979" VPOS="2987" HPOS="79" CS="1">
<String CONTENT="&#169;" HEIGHT="53" WIDTH="51" VPOS="2987" HPOS="79"/>
<SP HEIGHT="53" WIDTH="27" VPOS="2987" HPOS="131"/>
<String CONTENT="Apr." HEIGHT="48" WIDTH="115" VPOS="2992" HPOS="159"/>
<SP HEIGHT="40" WIDTH="26" VPOS="2992" HPOS="275"/>
<String CONTENT="29," HEIGHT="48" WIDTH="69" VPOS="2991" HPOS="302"/>
<SP HEIGHT="47" WIDTH="28" VPOS="2992" HPOS="372"/>
<String CS="1" CONTENT="1928;" HEIGHT="40" WIDTH="117" VPOS="2992" HPOS="401"/>
<SP HEIGHT="46" WIDTH="29" VPOS="2992" HPOS="544"/>
<String CONTENT="2c." HEIGHT="40" WIDTH="69" VPOS="2992" HPOS="574"/>
<SP HEIGHT="29" WIDTH="28" VPOS="3003" HPOS="644"/>
<String CONTENT="and" HEIGHT="39" WIDTH="95" VPOS="2993" HPOS="673"/>
<SP HEIGHT="39" WIDTH="29" VPOS="2993" HPOS="769"/>
<String CONTENT="aff." HEIGHT="41" WIDTH="82" VPOS="2992" HPOS="799"/>
<SP HEIGHT="40" WIDTH="29" VPOS="2993" HPOS="882"/>
<String CONTENT="May" HEIGHT="47" WIDTH="114" VPOS="2993" HPOS="912"/>
<SP HEIGHT="47" WIDTH="28" VPOS="2993" HPOS="1027"/>
<String CS="1" CONTENT="14;" HEIGHT="38" WIDTH="56" VPOS="2993" HPOS="1056"/>
<SP HEIGHT="46" WIDTH="29" VPOS="2992" HPOS="1140"/>
<!-- cceid 218F7BD7-6CB2-1014-A20E-B9D6251C946A --><String CONTENT="A" HEIGHT="39" WIDTH="42" VPOS="2992" HPOS="1170"/>
<SP HEIGHT="39" WIDTH="27" VPOS="2992" HPOS="1213"/>
<String CS="1" CONTENT="1074612;" HEIGHT="41" WIDTH="204" VPOS="2991" HPOS="1241"/>
<SP HEIGHT="45" WIDTH="33" VPOS="2993" HPOS="1472"/>
<String CONTENT="University" HEIGHT="47" WIDTH="284" VPOS="2993" HPOS="1506"/>
<SP HEIGHT="37" WIDTH="29" VPOS="3003" HPOS="1791"/>
<String CONTENT="of" HEIGHT="40" WIDTH="51" VPOS="2993" HPOS="1821"/>
<SP HEIGHT="40" WIDTH="31" VPOS="2993" HPOS="1873"/>
<String CONTENT="Southern" HEIGHT="95" WIDTH="1911" VPOS="2993" HPOS="147"/>
<SP HEIGHT="41" WIDTH="33" VPOS="3049" HPOS="234"/>
<String CONTENT="California," HEIGHT="47" WIDTH="288" VPOS="3049" HPOS="268"/>
<SP HEIGHT="47" WIDTH="34" VPOS="3049" HPOS="557"/>
<String CONTENT="Los" HEIGHT="40" WIDTH="93" VPOS="3049" HPOS="592"/>
<SP HEIGHT="39" WIDTH="32" VPOS="3050" HPOS="686"/>
<String CONTENT="Angeles." HEIGHT="47" WIDTH="221" VPOS="3050" HPOS="719"/>
<SP HEIGHT="47" WIDTH="73" VPOS="3050" HPOS="941"/>
<String CONTENT="(28-14107)" HEIGHT="49" WIDTH="281" VPOS="3048" HPOS="1015"/>
</TextLine>
<TextLine HEIGHT="64" WIDTH="923" VPOS="3128" HPOS="74" STYLEREFS="StyleId-CD79BA4B-DFAB-4BE9-8C44-1B3D324CAD5F-">
<String CONTENT="Irish," HEIGHT="62" WIDTH="174" VPOS="3129" HPOS="74"/>
<SP HEIGHT="61" WIDTH="28" VPOS="3130" HPOS="249"/>
<String CONTENT="William" HEIGHT="55" WIDTH="256" VPOS="3128" HPOS="278"/>
<SP HEIGHT="51" WIDTH="31" VPOS="3130" HPOS="535"/>
<String CONTENT="Edwin," HEIGHT="64" WIDTH="225" VPOS="3128" HPOS="567"/>
<SP HEIGHT="58" WIDTH="31" VPOS="3134" HPOS="793"/>
<String CONTENT="1845-" HEIGHT="49" WIDTH="172" VPOS="3133" HPOS="825"/>
</TextLine>
<TextLine HEIGHT="71" WIDTH="1931" VPOS="3208" HPOS="145" STYLEREFS="StyleId-E295378A-F12F-431B-901D-A47471889C2F-">
<String CONTENT="Key-way" HEIGHT="68" WIDTH="284" VPOS="3208" HPOS="145"/>
<SP HEIGHT="68" WIDTH="39" VPOS="3208" HPOS="430"/>
<String CONTENT="English" HEIGHT="69" WIDTH="246" VPOS="3208" HPOS="470"/>
<SP HEIGHT="52" WIDTH="41" VPOS="3208" HPOS="717"/>
<String CONTENT="as" HEIGHT="35" WIDTH="60" VPOS="3227" HPOS="759"/>
<SP HEIGHT="35" WIDTH="41" VPOS="3227" HPOS="820"/>
<String CONTENT="a" HEIGHT="34" WIDTH="31" VPOS="3227" HPOS="862"/>
<SP HEIGHT="34" WIDTH="40" VPOS="3227" HPOS="894"/>
<String CONTENT="world" HEIGHT="53" WIDTH="182" VPOS="3209" HPOS="935"/>
<SP HEIGHT="53" WIDTH="40" VPOS="3209" HPOS="1118"/>
<String CONTENT="language;" HEIGHT="68" WIDTH="313" VPOS="3210" HPOS="1159"/>
<SP HEIGHT="48" WIDTH="46" VPOS="3228" HPOS="1473"/>
<String CONTENT="a" HEIGHT="33" WIDTH="31" VPOS="3229" HPOS="1520"/>
<SP HEIGHT="33" WIDTH="42" VPOS="3229" HPOS="1552"/>
<String CONTENT="simple" HEIGHT="69" WIDTH="202" VPOS="3209" HPOS="1595"/>
<SP HEIGHT="33" WIDTH="42" VPOS="3229" HPOS="1798"/>
<String CONTENT="way" HEIGHT="50" WIDTH="127" VPOS="3229" HPOS="1841"/>
<SP HEIGHT="51" WIDTH="42" VPOS="3228" HPOS="1969"/>
<String CONTENT="of" HEIGHT="52" WIDTH="64" VPOS="3211" HPOS="2012"/>
</TextLine>
<TextLine HEIGHT="147" WIDTH="1975" VPOS="3285" HPOS="74" STYLEREFS="StyleId-E295378A-F12F-431B-901D-A47471889C2F-" CS="1">
<String CONTENT="teaching" HEIGHT="70" WIDTH="267" VPOS="3285" HPOS="75"/>
<SP HEIGHT="50" WIDTH="25" VPOS="3305" HPOS="343"/>
<String CONTENT="and" HEIGHT="52" WIDTH="114" VPOS="3286" HPOS="369"/>
<SP HEIGHT="52" WIDTH="24" VPOS="3286" HPOS="484"/>
<String CONTENT="using" HEIGHT="69" WIDTH="170" VPOS="3286" HPOS="509"/>
<SP HEIGHT="63" WIDTH="24" VPOS="3292" HPOS="680"/>
<String CONTENT="the" HEIGHT="52" WIDTH="94" VPOS="3287" HPOS="705"/>
<SP HEIGHT="52" WIDTH="28" VPOS="3287" HPOS="800"/>
<String CONTENT="English" HEIGHT="68" WIDTH="247" VPOS="3287" HPOS="829"/>
<SP HEIGHT="51" WIDTH="26" VPOS="3287" HPOS="1077"/>
<String CONTENT="language," HEIGHT="68" WIDTH="303" VPOS="3288" HPOS="1104"/>
<SP HEIGHT="49" WIDTH="27" VPOS="3305" HPOS="1408"/>
<String CONTENT="originated" HEIGHT="69" WIDTH="325" VPOS="3287" HPOS="1436"/>
<SP HEIGHT="52" WIDTH="28" VPOS="3288" HPOS="1762"/>
<String CONTENT="and" HEIGHT="52" WIDTH="112" VPOS="3289" HPOS="1791"/>
<SP HEIGHT="67" WIDTH="29" VPOS="3289" HPOS="1904"/>
<String CONTENT="published" HEIGHT="128" WIDTH="1975" VPOS="3288" HPOS="74"/>
<SP HEIGHT="52" WIDTH="23" VPOS="3364" HPOS="259"/>
<String CONTENT="by" HEIGHT="68" WIDTH="77" VPOS="3364" HPOS="283"/>
<SP HEIGHT="68" WIDTH="23" VPOS="3364" HPOS="361"/>
<String LANG="la" CONTENT="W." HEIGHT="54" WIDTH="92" VPOS="3364" HPOS="385"/>
<SP HEIGHT="52" WIDTH="29" VPOS="3364" HPOS="478"/>
<String CONTENT="E." HEIGHT="52" WIDTH="67" VPOS="3364" HPOS="508"/>
<SP HEIGHT="52" WIDTH="28" VPOS="3364" HPOS="576"/>
<String CONTENT="Irish." HEIGHT="53" WIDTH="173" VPOS="3364" HPOS="605"/>
<SP HEIGHT="55" WIDTH="67" VPOS="3363" HPOS="779"/>
<String CONTENT="Cleveland," HEIGHT="69" WIDTH="328" VPOS="3363" HPOS="847"/>
<SP HEIGHT="68" WIDTH="29" VPOS="3364" HPOS="1176"/>
<String CONTENT="O.," HEIGHT="68" WIDTH="88" VPOS="3364" HPOS="1206"/>
<SP HEIGHT="62" WIDTH="28" VPOS="3370" HPOS="1295"/>
<String STYLE="superscript" CS="1" CONTENT="&#7580;1"/>
<String CONTENT="928." HEIGHT="50" WIDTH="117" VPOS="3368" HPOS="1381"/>
</TextLine>
<TextLine HEIGHT="49" WIDTH="798" VPOS="3445" HPOS="146" CS="1">
<String CONTENT="1" HEIGHT="37" WIDTH="24" VPOS="3447" HPOS="146"/>
<SP HEIGHT="46" WIDTH="27" VPOS="3447" HPOS="171"/>
<String LANG="la" CS="1" CONTENT="p."/>
<SP/>
<String LANG="la" CS="1" CONTENT="l.,"/>
<SP HEIGHT="48" WIDTH="28" VPOS="3445" HPOS="316"/>
<String CONTENT="5-62" HEIGHT="41" WIDTH="114" VPOS="3445" HPOS="345"/>
<SP HEIGHT="48" WIDTH="27" VPOS="3446" HPOS="460"/>
<String CONTENT="p." HEIGHT="37" WIDTH="43" VPOS="3457" HPOS="488"/>
<SP HEIGHT="40" WIDTH="58" VPOS="3446" HPOS="532"/>
<String CONTENT="illus.," HEIGHT="48" WIDTH="143" VPOS="3446" HPOS="591"/>
<SP/>
<String CS="1" CONTENT="pl."/>
<SP/>
<String CS="1" CONTENT="25&#189;" HEIGHT="40" WIDTH="58" VPOS="3446" HPOS="886"/>
<String STYLE="superscript" CS="1" CONTENT="&#7580;&#7504;."/>
</TextLine>
<TextLine HEIGHT="51" WIDTH="1146" VPOS="3502" HPOS="148">
<String CONTENT="Cover-title" HEIGHT="41" WIDTH="283" VPOS="3502" HPOS="148"/>
<SP HEIGHT="30" WIDTH="16" VPOS="3513" HPOS="432"/>
<String CONTENT=":" HEIGHT="29" WIDTH="9" VPOS="3513" HPOS="449"/>
<SP HEIGHT="38" WIDTH="28" VPOS="3504" HPOS="459"/>
<String CONTENT="English" HEIGHT="48" WIDTH="204" VPOS="3503" HPOS="488"/>
<SP HEIGHT="39" WIDTH="25" VPOS="3504" HPOS="693"/>
<String CONTENT="as" HEIGHT="30" WIDTH="55" VPOS="3514" HPOS="719"/>
<SP HEIGHT="30" WIDTH="26" VPOS="3514" HPOS="775"/>
<String CONTENT="a" HEIGHT="28" WIDTH="27" VPOS="3515" HPOS="802"/>
<SP HEIGHT="28" WIDTH="29" VPOS="3515" HPOS="830"/>
<String CONTENT="world" HEIGHT="39" WIDTH="152" VPOS="3505" HPOS="860"/>
<SP HEIGHT="39" WIDTH="25" VPOS="3505" HPOS="1013"/>
<String CONTENT="language." HEIGHT="47" WIDTH="255" VPOS="3506" HPOS="1039"/>
</TextLine>
<TextLine HEIGHT="57" WIDTH="1994" VPOS="3554" HPOS="77" CS="1">
<String CONTENT="&#169;" HEIGHT="52" WIDTH="52" VPOS="3554" HPOS="77"/>
<SP HEIGHT="52" WIDTH="36" VPOS="3554" HPOS="130"/>
<String CONTENT="May" HEIGHT="46" WIDTH="113" VPOS="3561" HPOS="167"/>
<SP HEIGHT="46" WIDTH="34" VPOS="3561" HPOS="281"/>
<String CS="1" CONTENT="14," HEIGHT="38" WIDTH="55" VPOS="3560" HPOS="316"/>
<SP HEIGHT="40" WIDTH="37" VPOS="3561" HPOS="385"/>
<String CS="1" CONTENT="1928;" HEIGHT="41" WIDTH="114" VPOS="3559" HPOS="423"/>
<SP HEIGHT="45" WIDTH="37" VPOS="3561" HPOS="565"/>
<String CONTENT="2c." HEIGHT="40" WIDTH="67" VPOS="3561" HPOS="603"/>
<SP HEIGHT="40" WIDTH="36" VPOS="3561" HPOS="671"/>
<String CONTENT="May" HEIGHT="47" WIDTH="113" VPOS="3561" HPOS="708"/>
<SP HEIGHT="45" WIDTH="36" VPOS="3563" HPOS="822"/>
<String CONTENT="17;" HEIGHT="45" WIDTH="81" VPOS="3562" HPOS="859"/>
<SP HEIGHT="36" WIDTH="38" VPOS="3571" HPOS="941"/>
<String CONTENT="aff." HEIGHT="41" WIDTH="83" VPOS="3561" HPOS="980"/>
<SP HEIGHT="40" WIDTH="36" VPOS="3562" HPOS="1064"/>
<String CONTENT="May" HEIGHT="47" WIDTH="114" VPOS="3562" HPOS="1101"/>
<SP HEIGHT="46" WIDTH="36" VPOS="3563" HPOS="1216"/>
<String CONTENT="15;" HEIGHT="41" WIDTH="81" VPOS="3562" HPOS="1253"/>
<SP HEIGHT="40" WIDTH="39" VPOS="3563" HPOS="1335"/>
<!-- cceid 21900768-6CB2-1014-A20E-B9D6251C946A --><String CONTENT="A" HEIGHT="37" WIDTH="39" VPOS="3563" HPOS="1375"/>
<SP HEIGHT="38" WIDTH="37" VPOS="3563" HPOS="1415"/>
<String CS="1" CONTENT="1074578;" HEIGHT="40" WIDTH="203" VPOS="3562" HPOS="1453"/>
<SP HEIGHT="38" WIDTH="40" VPOS="3564" HPOS="1683"/>
<String LANG="la" CONTENT="W." HEIGHT="39" WIDTH="71" VPOS="3564" HPOS="1724"/>
<SP HEIGHT="38" WIDTH="37" VPOS="3565" HPOS="1796"/>
<String CONTENT="E." HEIGHT="39" WIDTH="53" VPOS="3565" HPOS="1834"/>
<SP HEIGHT="39" WIDTH="38" VPOS="3565" HPOS="1888"/>
<String CONTENT="Irish," HEIGHT="47" WIDTH="144" VPOS="3564" HPOS="1927"/>
</TextLine>
<TextLine HEIGHT="52" WIDTH="715" VPOS="3615" HPOS="146">
<String CONTENT="Cleveland," HEIGHT="50" WIDTH="274" VPOS="3615" HPOS="146"/>
<SP HEIGHT="49" WIDTH="31" VPOS="3616" HPOS="421"/>
<String CONTENT="O." HEIGHT="41" WIDTH="52" VPOS="3616" HPOS="453"/>
<SP HEIGHT="48" WIDTH="72" VPOS="3617" HPOS="506"/>
<String CONTENT="(28-14108)" HEIGHT="50" WIDTH="282" VPOS="3617" HPOS="579"/>
</TextLine>
<TextLine HEIGHT="64" WIDTH="700" VPOS="3696" HPOS="65" STYLEREFS="StyleId-CD79BA4B-DFAB-4BE9-8C44-1B3D324CAD5F-">
<String CONTENT="Janoske," HEIGHT="64" WIDTH="277" VPOS="3696" HPOS="65"/>
<SP HEIGHT="62" WIDTH="31" VPOS="3698" HPOS="343"/>
<String CONTENT="Felix," HEIGHT="62" WIDTH="183" VPOS="3697" HPOS="375"/>
<SP HEIGHT="57" WIDTH="35" VPOS="3702" HPOS="559"/>
<String CONTENT="1872-" HEIGHT="54" WIDTH="170" VPOS="3697" HPOS="595"/>
</TextLine>
<TextLine HEIGHT="74" WIDTH="1873" VPOS="3774" HPOS="199" STYLEREFS="StyleId-E295378A-F12F-431B-901D-A47471889C2F-" CS="1">
<String LANG="en-US" CS="1" CONTENT="&#8230;"/>
<SP HEIGHT="56" WIDTH="49" VPOS="3774" HPOS="199"/>
<String LANG="de" CONTENT="Onkel" HEIGHT="56" WIDTH="187" VPOS="3774" HPOS="249"/>
<SP HEIGHT="52" WIDTH="42" VPOS="3775" HPOS="437"/>
<String LANG="en-US" CONTENT="Elias," HEIGHT="67" WIDTH="179" VPOS="3775" HPOS="480"/>
<SP HEIGHT="46" WIDTH="42" VPOS="3796" HPOS="660"/>
<String LANG="de" CONTENT="ein" HEIGHT="53" WIDTH="91" VPOS="3776" HPOS="703"/>
<SP HEIGHT="33" WIDTH="42" VPOS="3795" HPOS="795"/>
<String LANG="en-US" CONTENT="roman" HEIGHT="34" WIDTH="199" VPOS="3795" HPOS="838"/>
<SP HEIGHT="52" WIDTH="42" VPOS="3778" HPOS="1038"/>
<String LANG="de" CONTENT="der" HEIGHT="52" WIDTH="99" VPOS="3778" HPOS="1081"/>
<SP HEIGHT="52" WIDTH="42" VPOS="3778" HPOS="1181"/>
<String LANG="en-US" CONTENT="lebensfreude" HEIGHT="55" WIDTH="396" VPOS="3776" HPOS="1224"/>
<SP HEIGHT="33" WIDTH="51" VPOS="3798" HPOS="1621"/>
<String LANG="en-US" CS="1" CONTENT="&#8230;"/>
<SP HEIGHT="52" WIDTH="83" VPOS="3779" HPOS="1729"/>
<String LANG="en-US" CONTENT="Leipzig," HEIGHT="70" WIDTH="259" VPOS="3778" HPOS="1813"/>
</TextLine>
<TextLine HEIGHT="69" WIDTH="702" VPOS="3852" HPOS="73" STYLEREFS="StyleId-E295378A-F12F-431B-901D-A47471889C2F-" CS="1">
<String LANG="fr" CONTENT="F." HEIGHT="52" WIDTH="65" VPOS="3852" HPOS="73"/>
<SP HEIGHT="53" WIDTH="28" VPOS="3853" HPOS="139"/>
<String CONTENT="W." HEIGHT="53" WIDTH="90" VPOS="3853" HPOS="168"/>
<SP HEIGHT="55" WIDTH="31" VPOS="3852" HPOS="259"/>
<String CONTENT="Grunow" HEIGHT="55" WIDTH="254" VPOS="3852" HPOS="291"/>
<SP HEIGHT="49" WIDTH="35" VPOS="3871" HPOS="546"/>
<String CS="1" CONTENT="["/>
<String STYLE="superscript" CS="1" CONTENT="&#7580;1"/>
<String CONTENT="927]" HEIGHT="68" WIDTH="119" VPOS="3853" HPOS="656"/>
</TextLine>
<TextLine HEIGHT="48" WIDTH="321" VPOS="3935" HPOS="139">
<String CONTENT="223" HEIGHT="41" WIDTH="85" VPOS="3935" HPOS="139"/>
<SP HEIGHT="48" WIDTH="27" VPOS="3935" HPOS="225"/>
<String CONTENT="p" HEIGHT="38" WIDTH="31" VPOS="3945" HPOS="253"/>
<SP HEIGHT="47" WIDTH="70" VPOS="3936" HPOS="285"/>
<String CONTENT="19" HEIGHT="40" WIDTH="57" VPOS="3935" HPOS="356"/>
<String STYLE="superscript" CONTENT="&#7580;&#7504;" HEIGHT="21" WIDTH="45" VPOS="3938" HPOS="415"/>
</TextLine>
<TextLine HEIGHT="56" WIDTH="1993" VPOS="3988" HPOS="76" CS="1">
<String CONTENT="&#169;" HEIGHT="52" WIDTH="52" VPOS="3988" HPOS="76"/>
<SP HEIGHT="52" WIDTH="40" VPOS="3988" HPOS="129"/>
<String CONTENT="Oct." HEIGHT="41" WIDTH="102" VPOS="3992" HPOS="170"/>
<SP HEIGHT="39" WIDTH="38" VPOS="3994" HPOS="273"/>
<String CONTENT="15," HEIGHT="48" WIDTH="70" VPOS="3993" HPOS="312"/>
<SP HEIGHT="46" WIDTH="40" VPOS="3995" HPOS="383"/>
<String CONTENT="1927;" HEIGHT="47" WIDTH="141" VPOS="3993" HPOS="424"/>
<SP/>
<String CS="1" CONTENT="1c."/>
<SP/>
<String CONTENT="Mar." HEIGHT="39" WIDTH="122" VPOS="3996" HPOS="718"/>
<SP HEIGHT="39" WIDTH="39" VPOS="3996" HPOS="841"/>
<String CONTENT="2," HEIGHT="46" WIDTH="41" VPOS="3996" HPOS="881"/>
<SP HEIGHT="45" WIDTH="40" VPOS="3997" HPOS="923"/>
<String CONTENT="1928;" HEIGHT="47" WIDTH="141" VPOS="3995" HPOS="964"/>
<SP HEIGHT="46" WIDTH="42" VPOS="3996" HPOS="1106"/>
<!-- cceid 21909F83-6CB2-1014-A20E-B9D6251C946A --><String CONTENT="A&#8212;Foreign" HEIGHT="48" WIDTH="314" VPOS="3996" HPOS="1149"/>
<SP HEIGHT="41" WIDTH="37" VPOS="3996" HPOS="1464"/>
<String CONTENT="37829;" HEIGHT="47" WIDTH="172" VPOS="3996" HPOS="1502"/>
<SP HEIGHT="46" WIDTH="44" VPOS="3997" HPOS="1675"/>
<String LANG="de" CONTENT="Fr." HEIGHT="38" WIDTH="78" VPOS="3997" HPOS="1720"/>
<SP HEIGHT="40" WIDTH="40" VPOS="3997" HPOS="1799"/>
<String LANG="de" CS="1" CONTENT="Wilheim" HEIGHT="40" WIDTH="229" VPOS="3997" HPOS="1840"/>
</TextLine>
<TextLine HEIGHT="49" WIDTH="576" VPOS="4049" HPOS="146">
<String CONTENT="Grunow." HEIGHT="41" WIDTH="224" VPOS="4049" HPOS="146"/>
<SP HEIGHT="48" WIDTH="70" VPOS="4050" HPOS="371"/>
<String CONTENT="(28-14467)" HEIGHT="48" WIDTH="280" VPOS="4050" HPOS="442"/>
</TextLine>
</TextBlock>
</PrintSpace>
</Page>
</Layout>
</alto>