2498 4384
1070 4072 135 51 1873

149 414 315 63 Abdullah,
498 414 285 63 Achmed,
820 418 170 50 1881-
1201 420 69 47 tr.

226 493 147 53 Lute
425 493 111 52 and
588 492 274 55 scimitar,
913 491 171 69 being
1134 507 195 51 poems
1381 490 112 51 and
1545 488 225 53 ballads
1821 486 64 54 of
1937 487 217 53 central

156 569 160 68 Asia,
352 569 318 53 translated
707 574 100 48 out
841 568 64 53 of
939 569 95 52 the
1071 567 264 69 Afghan,
1371 568 98 52 the
1504 566 259 67 Persian,
1799 566 99 52 the
155 564 1974 150 Turkoman,

335 647 97 52 the
464 647 80 51 Ta
553 646 245 64 rantchi,
827 647 96 51 the
955 645 332 67 Bokharan,
1317 645 95 52 the
1445 643 261 67 Balochi,
1739 643 112 53 and
1884 644 97 52 the
156 643 1973 134 Tartar

275 729 258 64 tongues,
563 724 261 69 together
856 724 141 52 with
1031 742 72 34 an
1136 722 393 53 introduction
1564 721 113 53 and
1711 720 297 54 historical
2040 721 113 53 and

156 803 373 68 philological
572 802 384 68 annotations,
996 803 76 67 by
1114 801 259 53 Achmed
1418 800 317 68 Abdullah,
1777 800 114 53 and
1937 800 140 53 with
2124 819 31 34 a

155 880 231 68 preface
417 881 76 53 by
522 880 235 68 Hervey
787 879 189 52 Allen.
1045 879 139 53 New
1217 878 182 68 York,
1429 879 232 68 Payson
1692 880 46 51 &
1772 877 226 68 Clarke,
2032 878 104 54 ltd.,

156 961 150 50 1928.

223 1038 247 49 86 p. 28 ᶜᵐ.
227 1109 146 41 “This
398 1109 184 40 edition
609 1108 209 42 consists
844 1109 53 40 of
922 1108 92 41 five
1039 1109 224 40 hundred
1291 1108 160 49 copies
1479 1108 155 48 only.”

150 1177 2005 52 © Nov. 17, 1928; 2c. Nov. 21; aff. Nov. 20; A 1820; Payson & Clarke,
214 1239 87 39 ltd.
370 1237 282 49 (28-29449)

146 1332 347 65 Aldington,
532 1331 278 65 Richard,
852 1336 172 50 1892-

274 1409 1706 69 … Collected poems. New York, Covici, Friede, 1928.
213 1492 634 49 xii p., 2 l., 3-234 p. 24½ ᶜᵐ.
215 1564 444 48 “Bibliographical
686 1563 139 40 note”:
884 1564 25 39 1
936 1563 103 41 leaf
1063 1563 255 48 following
1345 1575 43 37 p.
1417 1564 85 40 xii.

148 1631 1926 52 © Nov. 21, 1928; 2c. Nov. 30; aff. Dec. 1; A 910; Covici, Friede, inc.
225 1691 282 50 (28-29525)

146 1786 319 54 American
495 1787 228 63 society
750 1787 65 52 of
843 1786 134 54 civil
1006 1786 334 65 engineers.

212 1864 1882 71 Transactions of the American society of civil engineers …
141 1942 2016 71 V. 92, 1928. Ed. by the secretary … New York, The Society,
143 2024 150 52 1928.

213 2104 1459 49 xviii, 1839 p. illus., plates, maps, tables, diagrs. 23 ᶜᵐ.
147 2171 1991 110 © Sept. 26, 1928; 2c. Dec. 1; aff. Dec. 6; A 979; Amer. soc. of civil engineers,
400 2233 120 40 New
550 2233 146 40 York.

142 2328 291 65 Aschner,
473 2328 203 55 Berta.

273 2405 1884 72 … Konstitutionspathologie in der orthopädie; erbbiologie
141 2485 1954 69 des peripheren bewegungsapparates, von dr. Berta Aschner …
140 2563 2010 71 und dr. Guido Engelmann … mit 80 abbildungen. Wien und
142 2643 219 68 Berlin,
394 2643 56 55 J.
488 2642 301 70 Springer,
858 2645 117 51 1928.

212 2725 1938 51 vii, 312 p. illus., diagrs. 24 ᶜᵐ. (Konstitutionspathologie in den
141 2782 1343 50 medizinischen Spezialwissenschaften … 3. hft.)
212 2854 310 42 “Literatur”:
588 2865 44 38 p.
674 2854 251 50 [276]-307.

145 2908 53 52 ©
222 2912 115 48 Apr.
361 2912 72 48 27,
459 2912 141 47 1928;
659 2923 37 29 1c.
725 2911 129 49 Sept.
880 2911 82 47 19;
991 2910 314 49 A—Foreign
1329 2911 85 47 42;
1444 2911 165 41 Julius
1639 2911 245 49 Springer.

223 2968 282 50 (28-29435)

141 3062 225 65 Bailey,
400 3062 256 65 Carolyn
687 3062 289 64 Sherwin,
1012 3063 171 54 1875-

218 3142 223 64 Forest,
477 3140 133 54 field
648 3141 113 53 and
799 3145 211 48 stream
1045 3139 222 68 stories,
1302 3141 77 68 by
1418 3137 254 73 Carolyn
1713 3140 265 56 Sherwin
148 3143 1981 145 Bailey;

316 3219 329 52 illustrated
689 3219 76 68 by
810 3218 267 69 Dorothy
1122 3217 201 53 Dulin.
1406 3217 274 71 Chicago,
1726 3219 72 53 A.
1849 3221 303 71 Flanagan

147 3314 302 50 company,
479 3299 150 50 1928.

217 3378 86 41 128
329 3389 44 37 p.
435 3379 87 39 col.
549 3377 130 41 illus.
739 3377 57 41 18½ᶜᵐ.

144 3432 53 52 ©
228 3436 119 40 Nov.
378 3437 40 45 7,
452 3435 141 47 1928;
625 3435 68 40 2c.
725 3435 119 41 Nov.
876 3435 82 41 12:
992 3434 83 42 aff.
1107 3435 119 41 Nov.
1260 3435 52 41 9:
1348 3436 40 38 A
1421 3435 142 48 1664;
1597 3437 56 41 A.
1686 3437 254 50 Flanagan
1973 3451 68 29 co.

221 3491 282 51 (28-29453)

140 3586 290 65 Barbour,
458 3585 193 64 Ralph
679 3586 225 64 Henry,
938 3586 170 54 1870-

138 3663 1994 132 The boy’s book of dogs, by Ralph Henry Barbour … illustrations
415 3743 77 68 by
523 3743 249 68 Morgan
805 3741 236 54 Dennis.
1118 3742 141 53 New
1292 3743 181 66 York,
1504 3743 191 68 Dodd,
1728 3746 172 54 Mead
1931 3751 43 49 &
140 3767 1989 123 company,
352 3823 152 50 1928.

208 3903 1046 50 xiii p., 1 l., 238 p. front., plates. 19½ ᶜᵐ.
144 3958 53 53 ©
221 3962 119 41 Nov.
365 3962 70 47 17,
463 3960 115 42 1928;
632 3961 68 41 2c.
726 3961 96 40 and
848 3970 82 32 aff.
956 3961 118 40 Nov.
1101 3960 55 40 22;
1214 3960 42 40 A
1280 3960 116 42 1860;
1452 3961 154 50 Dodd,
1636 3963 144 42 Mead
1808 3965 36 42 &
1870 3977 81 38 co.,
1980 3967 79 42 inc

223 4018 281 50 (28-29319)
