2498 4384
1204 4154 103 50 492

250 476 462 64 Nordenskjöld,
749 477 161 63 Otto,
950 481 170 49 1869-

388 554 1713 71 … The geography of the polar regions, consisting of a
254 573 1986 111 general
414 632 511 53 characterization
962 632 65 53 of
1064 635 166 66 polar
1266 639 221 62 nature,
1522 633 76 69 by
1638 632 141 55 Otto
1818 632 446 69 Nordenskjöld,

256 711 131 66 and,
419 729 32 33 a
479 710 257 68 regional
766 711 336 68 geography
1129 710 65 53 of
1222 711 96 53 the
1347 710 198 53 Arctic
1575 711 113 52 and
1717 711 96 52 the
1841 710 319 68 Antarctic,
2188 711 74 69 by

254 787 250 70 Ludwig
531 787 286 70 Mecking.
883 788 139 53 New
1052 788 181 69 York,
1261 788 307 54 American
1597 788 408 70 geographical
2034 789 230 70 society,

258 869 149 50 1928.

323 949 1940 50 2 p. l., [iii]-vi p., 2 l., 3-359 p. illus. (incl. maps) diagrs. 26 ᶜᵐ .
263 1007 283 50 (American
581 1006 341 48 geographical
958 1005 196 48 society.
1218 1006 190 48 Special
1442 1006 302 49 publication
1776 1016 75 31 no.
1886 1006 51 48 8)

324 1062 1819 48 Part I is a translation by Ernst Antevs of Otto Nordenskjöld’s
251 1063 1993 104 Polarnaturen,
594 1119 293 48 Stockholm,
923 1117 140 48 1918;
1101 1119 66 47 pt.
1201 1128 43 29 n
1275 1118 42 40 is
1351 1129 25 29 a
1413 1118 297 40 translation
1743 1120 60 47 by
1836 1119 72 41 W.
1942 1118 51 41 L.
2027 1118 54 42 G.
2116 1119 147 49 Joerg

252 1177 97 40 and
380 1176 194 40 Marion
605 1176 126 39 Hale
762 1175 52 41 of
844 1175 205 48 Ludwig
1078 1174 264 49 Mecking’s
1372 1175 90 40 Die
1495 1174 334 41 Polarländer.
1891 1174 209 49 Leipzig,
2133 1175 129 40 1925.

323 1233 379 48 Bibliography;
729 1234 66 46 pt.
843 1263 9 16 I,
879 1242 42 37 p.
948 1231 171 47 89-90;
1148 1234 67 45 pt.
1285 1262 8 17 II,
1320 1242 43 37 p.
1388 1231 219 41 326-338.

258 1285 2004 52 © Mar. 30, 1928; 2c. and aff. Apr. 2; A 1068713; Amer. geographical
325 1346 184 47 society
541 1345 52 40 of
623 1346 117 39 New
771 1345 145 40 York.
990 1343 254 49 (28-9518)

248 1410 270 63 O’Brien,
552 1410 253 54 Michael
839 1410 241 63 Joseph,
1119 1408 173 54 1870-

324 1492 71 51 In
427 1491 95 52 old
556 1491 139 52 New
726 1490 191 60 York;
951 1490 96 51 the
1079 1488 157 53 Irish
1268 1489 145 52 dead
1445 1489 60 51 in
1537 1488 235 69 Trinity
1803 1489 113 52 and
1951 1488 83 55 St.
2069 1489 194 53 Paul’s

253 1566 2011 71 churchyards, by Michael J. O’Brien … New York, The
252 1647 310 53 American
585 1647 159 52 Irish
765 1646 296 53 historical
1089 1646 231 67 society,
1348 1648 150 50 1928.

322 1731 27 38 4
375 1741 44 37 p.
484 1761 9 16 l.,
519 1729 87 40 262
634 1740 43 37 p.
738 1729 163 47 front.,
930 1730 171 46 plates,
1129 1728 191 40 facsim.
1381 1728 146 41 24½ᶜᵐ.

324 1788 261 47 Marriage,
631 1787 225 47 baptism,
902 1787 95 39 and
1044 1787 139 39 other
1230 1787 357 47 testamentary
1634 1787 196 40 records
1874 1786 53 40 of
1969 1787 118 39 New
2132 1788 131 39 York

253 1845 217 47 County:
503 1856 43 36 p.
573 1842 217 42 154-247.

257 1899 52 52 ©
339 1905 123 39 Mar.
491 1904 68 46 17,
588 1902 116 40 1928
721 1913 8 35 ;
759 1902 68 40 2c.
857 1902 95 39 and
982 1900 82 42 aff.
1093 1900 114 48 Apr.
1236 1901 26 39 2
1282 1912 8 35 ;
1322 1901 40 39 A
1391 1901 230 47 1068718;
1653 1902 161 40 Amer.
1845 1902 130 40 Irish
2005 1902 256 40 historical

324 1960 199 47 society.
593 1958 252 49 (28-9549)

248 2025 162 63 Olde,
440 2024 300 54 Nicholas.

324 2105 123 51 The
487 2102 311 54 incredible
838 2103 342 52 adventures
1220 2101 66 54 of
1326 2102 284 53 Rowland
1651 2103 183 67 Hern,
1873 2103 78 69 by
1991 2103 274 54 Nicholas

254 2183 164 54 Olde.
494 2182 260 65 London,
777 2180 90 55 W.
896 2180 366 53 Heinemann
1290 2180 104 53 ltd.
1448 2183 154 65 [1928]

324 2264 62 48 vi,
420 2264 86 40 285
538 2275 43 37 p.
642 2264 146 39 19½ᶜᵐ.

257 2317 2003 53 © 1c. Mar. 1, 1928; A ad int. 10691; pubd. Feb. 9; A. L. Champneys,
324 2379 214 41 London.
609 2377 252 50 (28-9389)

249 2445 262 63 Oursler,
547 2444 235 53 Fulton.

320 2525 154 51 Poor
513 2523 150 53 little
702 2522 139 67 fool,
880 2523 76 68 by
993 2523 215 51 Fulton
1248 2522 252 55 Oursler.
1577 2523 140 52 New
1756 2523 165 53 York
1959 2524 114 52 and
250 2525 1986 146 Lon-Harper
510 2605 45 49 &
579 2601 280 64 brothers,
887 2603 149 50 1928.

318 2683 556 50 4 p. l., 236 p. 19½ ᶜᵐ .
255 2739 52 52 ©
337 2743 117 47 Apr.
485 2743 39 46 5,
556 2741 141 46 1928;
730 2742 68 40 2c.
830 2741 114 48 Apr.
976 2741 52 46 5;
1063 2740 83 42 aff.
1177 2741 116 47 Apr.
1325 2742 53 46 7;
1412 2741 40 39 A
1484 2741 231 48 1069653;
1750 2742 195 48 Harper
1978 2742 37 40 &
2045 2743 127 40 bros.

335 2799 254 49 (28-9657)

253 2865 267 63 Phillips,
546 2865 89 54 W.
664 2865 86 61 E.,
779 2879 307 47 company,
1114 2863 108 53 ltd.

323 2943 173 53 Ultra
535 2943 175 53 violet
747 2943 245 67 therapy
1031 2942 113 52 and
1182 2942 99 52 the
1317 2960 97 35 use
1452 2942 65 52 of
1554 2942 212 67 special
1806 2943 245 53 window
2091 2943 168 69 glass.

257 3022 291 65 [Toronto,
581 3020 254 67 Canada,
868 3020 304 69 Brigdens,
1203 3019 244 68 limited,
1482 3023 134 50 1928]

320 3102 286 47 cover-title,
637 3102 58 40 26
726 3113 42 37 p.
829 3102 143 47 illus.,
1004 3101 118 41 fold,
1222 3133 8 16 pl.,
1265 3101 180 49 diagrs.
1504 3103 148 40 25½ᶜᵐ.

255 3156 1972 52 © 1c. May 7, 1928; A ad int. 11034; pubd. Apr. 26; W. E. Phillips co.,
321 3218 102 45 ltd.,
453 3216 224 47 Oshawa,
709 3215 218 48 Ontario,
959 3215 215 41 Canada.

243 3281 256 63 Pickett,
535 3281 227 64 George
796 3281 274 63 Edward,
1107 3280 327 54 1825-1875.

322 3359 229 56 Soldier
589 3359 65 53 of
690 3361 95 51 the
828 3359 212 67 South;
1082 3358 246 55 General
1367 3360 275 52 Pickett’s
1679 3379 119 33 war
1836 3362 194 51 letters
2070 3367 58 45 to
2169 3360 90 52 his

249 3437 2007 70 wife, edited by Arthur Crew Inman … Boston and New
249 3517 182 68 York,
460 3517 321 68 Houghton
808 3516 205 52 Mifflin
1044 3534 299 50 company,
1376 3519 150 50 1928.

318 3598 1518 50 xii p., 2 l., 157, [1] p. col. front., ports., facsim. 21 ᶜᵐ .
319 3657 264 40 Published
610 3657 114 40 1913
754 3657 153 39 under
934 3657 135 40 title:
1102 3657 103 39 The
1231 3658 142 38 heart
1401 3656 51 40 of
1478 3667 27 29 a
1534 3656 194 42 soldier.

254 3711 52 51 ©
342 3716 121 38 Mar.
498 3714 68 47 16,
601 3714 140 46 1928;
777 3715 68 39 2c.
880 3715 121 40 Mar.
1035 3714 83 46 21;
1156 3713 83 42 aff.
1275 3715 122 39 Mar.
1430 3713 83 47 20;
1550 3714 40 39 A
1625 3712 230 49 1069605;
1893 3715 187 39 Arthur
2117 3715 139 40 Crew

322 3772 188 46 Inman,
543 3771 198 40 Boston.
811 3771 252 48 (28-9551)

242 3836 256 62 Pickett,
534 3837 268 52 Leander
838 3837 330 63 Lycurgus,
1210 3839 171 49 1859-

319 3915 122 53 The
474 3915 326 53 Antichrist
832 3916 111 52 and
977 3933 150 35 some
1159 3915 270 53 mistakes
1461 3915 342 69 concerning
1835 3915 139 66 him,
2006 3915 77 68 by
2114 3915 137 53 Rev.

248 3993 1981 147 L. L. Pickett … Louisville, Ky., Pentecostal publishing company [ ᶜ19 28]
