2498 4384
1012 4143 101 55 679

76 556 274 53 feminine
399 557 337 68 perversity,
786 556 294 68 preferred
1133 575 32 33 a
1212 557 204 51 demon
1463 562 59 46 to
1572 574 32 34 a
1651 557 208 51 mortal
1907 556 174 52 lover.

72 634 156 52 Here
264 635 47 51 is
349 635 118 51 also
504 634 122 53 told
662 635 127 51 how
828 635 110 52 and
978 634 131 68 why
1146 653 31 33 a
1218 634 291 68 righteous
1545 634 112 52 and
1693 640 146 46 most
1877 633 204 52 awfull

71 712 303 68 judgment
407 711 175 53 befell
620 713 116 65 her,
773 711 334 69 destroying
1139 712 138 52 both
1313 712 294 67 corporeal
1641 711 151 68 body
1828 712 110 52 and
74 712 1981 131 immortal

327 790 140 53 soul.
545 791 90 68 By
683 790 210 53 Esther
940 789 231 68 Forbes,
1219 789 140 54 with
1407 790 282 53 woodcuts
1744 789 75 69 by
1865 789 216 54 Robert

72 867 299 70 Gibbings.
450 869 215 52 Boston
718 868 109 52 and
884 868 139 52 New
1076 868 181 67 York,
1307 868 318 68 Houghton
1679 867 201 53 Mifflin
70 887 1984 126 company,

279 948 149 51 1928:

138 1028 1336 50 4 p. l., 3-213, [1] p. front., illus., plates. 23½ ᶜᵐ .
141 1086 145 39 “This
317 1086 108 40 first
457 1085 184 40 edition
674 1085 207 40 consists
915 1086 52 38 of
999 1088 94 37 two
1126 1086 223 39 hundred
1382 1086 96 39 and
1508 1087 187 46 twenty
1725 1085 160 48 copies
1918 1086 157 40 bound

69 1145 162 43 uncut,
270 1143 335 48 autographed
644 1142 62 47 by
741 1143 82 38 the
861 1142 192 42 author,
1092 1143 95 38 and
1226 1142 279 48 numbered,
1543 1143 52 39 of
1631 1142 157 39 which
1827 1145 95 38 two
68 1144 1994 95 hundred

213 1208 83 30 are
323 1199 79 40 for
430 1200 116 38 sale.
606 1199 119 38 This
754 1198 40 39 is
823 1198 201 40 number
1050 1198 129 41 220.”

74 1250 51 53 ©
157 1255 114 48 Apr.
302 1256 69 42 27,
405 1254 114 41 1928;
578 1255 68 40 2c.
677 1255 96 39 and
805 1254 83 41 aff.
919 1254 115 48 Apr.
1066 1254 58 40 30;
1183 1255 41 38 A
1257 1254 203 40 1074255;
1522 1256 53 40 E.
1609 1256 51 40 F.
1695 1254 230 45 Hoskins,
1961 1256 120 40 New

143 1312 144 40 York.
362 1310 281 49 (28-12074)

72 1392 192 61 Foule,
300 1392 288 61 Edmond,
621 1393 53 52 d.
710 1395 151 49 1916.

205 1470 1874 70 … La collection Foulc, objets d’art du moyen âge et de la
70 1548 2007 68 renaissance … Paris, Les Beaux-arts, édition d’études et de
71 1627 345 67 documents,
446 1626 150 54 1927.

135 1709 905 49 2 v. plates (part double) 38 ½ᶜᵐ .
135 1766 64 41 At
221 1767 125 40 head
371 1768 53 39 of
447 1767 109 40 title:
610 1767 155 40 Henri
790 1768 195 40 Leman.

68 1823 1993 98 “Cet ouvrage … a été tiré sur papier d’Arches à 250 exemplaires numérotés.
341 1881 311 48 Exemplaire
676 1883 54 38 n°
752 1881 101 41 40.”

404 1946 121 41 CONTENTS.—[I]
552 1940 300 48 Texte.—[II]
880 1940 253 40 Planches.

69 1991 2006 55 © Nov. 30, 1927; 1c. Feb. 24, 1928; A— Foreign 37666; Editions Les
134 2053 300 40 beaux-arts.
508 2054 282 49 (28-12206)

63 2118 301 62 Franklin,
399 2120 337 64 Benjamin,
778 2121 327 54 1706-1790.

134 2198 152 51 Poor
336 2198 302 53 Richard’s
689 2199 327 68 almanack;
1066 2200 173 67 being
1287 2200 95 53 the
1432 2200 327 53 almanacks
1807 2200 65 53 of
1923 2202 153 54 1733,

67 2275 149 68 1749,
247 2274 150 69 1756,
430 2276 151 68 1757,
613 2277 151 67 1758,
793 2276 125 55 first
945 2278 228 52 written
1202 2279 183 52 under
1412 2279 96 52 the
1534 2298 164 33 name
1726 2277 65 54 of
1817 2279 255 52 Richard

65 2352 305 70 Saunders,
406 2354 77 70 by
523 2354 307 70 Benjamin
869 2355 313 67 Franklin;
1225 2356 138 53 with
1405 2375 31 35 a
1475 2356 286 55 foreword
1800 2356 76 71 by
64 2357 1985 143 Phillips

218 2433 244 67 Russell,
507 2453 30 33 a
582 2433 232 69 preface
856 2435 75 68 by
976 2435 95 53 the
1116 2435 343 68 publishers,
1502 2436 95 52 the
1643 2437 326 53 almanacks
2014 2437 61 52 in

66 2509 295 62 facsimile,
395 2512 216 52 certain
647 2517 120 48 text
800 2520 82 45 set
916 2531 78 49 up
1029 2513 61 52 in
1124 2520 154 62 type,
1313 2514 112 53 and
1459 2533 303 35 numerous
1798 2516 112 52 and
61 2534 1987 124 sundry

203 2590 382 53 illustrations
620 2591 113 52 and
768 2591 498 53 embellishments.
1343 2592 139 53 New
1518 2592 181 69 York,
1731 2593 340 70 Rimington

61 2669 45 51 &
133 2667 255 69 Hooper,
421 2671 149 50 1928.

128 2751 1943 50 xxvii, 55, [59] p. incl. front. (port.) illus. (coat of arms) facsims. 24½ ᶜᵐ .
132 2809 127 39 “The
300 2809 135 47 holly
474 2808 225 48 editions,
741 2809 131 40 issue
915 2810 202 39 number
1158 2812 111 38 two.
1331 2810 119 40 This
1490 2811 42 40 is
1574 2812 203 39 number
1816 2812 58 40 49
1915 2812 52 41 of
2006 2824 62 29 an

60 2865 182 40 edition
273 2866 52 39 of
353 2865 86 40 350
468 2866 263 39 numbered
760 2866 160 47 copies
950 2867 125 46 only,
1105 2867 52 39 of
1184 2866 162 40 which
1374 2867 161 48 copies
1563 2869 228 40 numbers
1820 2869 56 40 50
1906 2872 48 38 to
1984 2870 55 40 350

59 2932 84 29 are
167 2922 79 40 for
273 2921 145 41 sale.”

132 2979 101 38 “An
266 2978 316 48 explanation
617 2979 53 39 of
701 2979 81 39 the
818 2978 238 40 Franklin
1090 2979 161 40 arms”
1285 2979 169 48 signed:
1520 2981 179 48 Sidney
1731 2982 55 40 A.
1821 2982 234 40 Merriam.

65 3029 51 53 ©
145 3035 113 47 Apr.
287 3034 67 44 10,
385 3034 141 41 1928:
556 3035 67 40 2c.
654 3036 96 39 and
779 3034 82 41 aff.
890 3036 113 46 Apr.
1033 3036 56 39 27:
1147 3036 40 39 A
1217 3036 203 40 1077003;
1482 3037 283 48 Rimington
1795 3039 35 39 &
1859 3040 210 48 Hooper.

135 3087 68 53 [©
232 3092 245 40 foreword
507 3093 96 39 and
631 3103 63 28 an
722 3092 317 48 explanation
1068 3094 52 39 of
1149 3094 84 39 the
1261 3093 239 41 Franklin
1530 3105 146 39 arms]

142 3149 281 48 (28-12037)

65 3215 198 63 Gibbs,
294 3216 101 53 Sir
422 3216 193 63 Philip
646 3215 323 64 Hamilton,
1005 3218 171 52 1877-

131 3295 121 51 The
288 3296 113 66 day
438 3293 155 53 after
626 3301 360 61 to-morrow;
1025 3296 155 52 what
1217 3296 49 53 is
1301 3297 178 69 going
1513 3303 59 47 to
1608 3298 231 69 happen
1875 3304 59 48 to
1971 3300 96 52 the

60 3372 214 53 world?
354 3373 92 68 By
483 3373 202 68 Philip
725 3372 197 55 Gibbs.
998 3373 232 55 Garden
1274 3374 153 69 City,
1466 3375 69 53 N.
1578 3378 91 65 Y.,
1708 3377 360 69 Doubleday,

59 3450 198 52 Doran
284 3452 46 49 &
357 3468 299 50 company,
685 3451 126 67 inc.,
842 3454 151 50 1928.

129 3532 629 48 vii p., 1 l., 240 p. 20 ᶜᵐ .
399 3589 172 40 CONTENTS.—The
610 3590 171 40 search
821 3591 52 39 of
911 3591 185 40 science
1134 3592 79 40 for
1254 3593 82 39 the
1374 3603 188 38 powers
1601 3594 52 40 of
1690 3594 268 41 life.—The
60 3606 1988 88 remaking

291 3647 52 39 of
375 3657 110 30 men
520 3648 95 38 and
649 3649 366 39 women.—The
1048 3649 191 48 coming
1274 3652 217 46 struggle
1526 3651 79 39 for
1642 3651 425 42 existence—The

59 3703 169 41 future
252 3704 51 39 of
327 3704 209 48 thought
559 3706 96 38 and
680 3706 84 39 the
786 3708 217 46 mastery
1028 3707 52 39 of
1104 3707 313 40 mind.—The
1443 3707 192 41 conflict
1662 3709 53 39 of
1740 3709 81 40 the
60 3709 2009 91 spirit.—The

184 3760 196 41 nations
404 3762 53 39 of
481 3762 81 41 the
588 3763 166 40 world.

63 3811 51 53 ©
138 3817 114 48 Apr.
278 3817 39 48 6,
343 3817 142 48 1928;
513 3819 67 40 2c.
607 3820 95 39 and
730 3819 82 41 aff.
840 3821 114 47 May
979 3821 52 45 3;
1061 3822 42 38 A
1128 3821 231 47 1074327;
1390 3822 163 48 Philip
1580 3823 161 49 Gibbs,
1771 3824 212 41 London.

141 3874 280 49 (28-12173)

64 3938 189 65 Giese,
288 3941 181 64 Fritz,
507 3945 170 50 1890-
859 3945 84 53 ed.

189 4020 1874 73 … Handwörterbuch der arbeitswissenschaft, unter mitwirk-
