2498 4384
1361 4096 137 51 2048

430 434 368 65 Romagnoli,
835 436 231 63 Ettore,
1105 436 173 54 1871-

562 512 1879 70 … Il libro della poesia greca per i fanciulli; illustrazioni di
429 590 1595 69 D. Tofani. Firenze, R. Bemporad & figlio [ ᶜ1 928]
499 675 939 48 107 p., 1 l. illus., col. plates. 21½ᶜᵐ.
498 744 344 41 Translations
868 744 130 40 from
1027 745 306 46 Theocritus,
1362 745 184 39 Homer
1584 744 278 48 (Hymmus,
1894 744 217 47 Odyssea
2142 745 96 39 and
428 745 1992 105 Batrachomyomachia
836 802 14 49 )
897 803 97 40 and
1032 802 141 42 Bion.

432 871 1847 52 © June 16, 1928; 1c. July 28; A—Foreign 273; R. Bemporad & fᵒ.
509 931 282 49 (28-30933)

428 1041 358 63 Thompson,
815 1041 209 63 Henry
1048 1040 304 64 Tazewell,
1383 1044 172 50 1859-

498 1118 206 69 Henry
744 1118 258 67 Timrod,
1043 1118 255 53 laureate
1338 1117 65 53 of
1441 1118 98 53 the
1578 1117 396 68 confederacy,
2012 1117 78 69 by
2129 1117 205 68 Henry
2376 1118 66 51 T.

428 1195 1882 70 Thompson … Columbia, S. C., The State company, 1928.
502 1278 1306 50 147 p. front., 1 illus. (music) plates, port. 20 ᶜᵐ.
505 1350 267 41 Selections
798 1350 129 40 from
955 1351 82 39 the
1064 1350 161 40 works
1256 1350 51 40 of
1335 1349 199 40 Timrod:
1593 1359 43 38 p.
1665 1349 189 41 81-137.

502 1407 353 49 Bibliography
882 1408 52 39 of
961 1408 81 39 the
1071 1407 162 40 works
1262 1407 52 40 of
1339 1405 198 41 Timrod:
1595 1417 43 37 p.
1667 1405 159 41 70-72.

502 1463 352 42 “References”:
915 1475 45 37 p.
990 1464 160 41 73-78.

429 1534 52 52 ©
510 1537 114 41 Dec.
651 1537 69 48 15,
749 1536 115 41 1928;
921 1537 69 40 2c.
1019 1537 96 39 and
1144 1535 82 41 aff.
1257 1536 113 41 Dec.
1400 1536 55 39 19;
1513 1536 42 39 A
1582 1536 116 40 2324;
1757 1536 61 41 H.
1847 1536 53 40 T.
1929 1536 292 48 Thompson,
496 1535 1926 108 Columbia,

624 1594 44 41 S.
701 1594 49 41 C.
820 1593 282 49 (28-31123)

423 1704 261 63 Trautzl,
716 1703 234 65 Viktor,
986 1708 172 50 1888-

500 1782 190 52 Franz
739 1780 311 56 Schuberts
1094 1783 171 51 letzte
1309 1781 162 67 liebe,
1517 1798 199 35 roman
1765 1799 111 34 von
1923 1780 215 54 Viktor
2183 1781 257 52 Trautzl.

425 1859 367 69 Reutlingen,
828 1859 235 53 Ensslin
1097 1861 46 51 &
1174 1859 235 53 Laiblin
1471 1861 152 65 [1928]

499 1941 565 50 3 p. l ., 11-300 p. 16 ᶜᵐ.
427 2011 1996 110 © July 5, 1928; 1c. Sept. 19; A—Foreign 130; Ensslin & Laiblins verlagsbuchhandlung.
1068 2071 283 50 (28-31115)

422 2181 73 54 U.
532 2180 58 55 S.
665 2181 168 54 Laws
840 2225 11 24 ,
884 2188 259 61 statutes,
1179 2188 102 48 ete.

424 2258 1993 134 … United States Code annotated. Title 26. Internal revenue
574 2340 98 67 §§1
712 2343 58 49 to
810 2341 116 51 930.
1028 2338 369 55 [Cumulative
1435 2339 211 53 annual
1687 2338 205 69 pocket
1931 2343 152 65 part,
2125 2341 150 51 1928.
2356 2336 84 58 St.

424 2418 166 67 Paul,
620 2418 163 54 West
816 2417 337 70 publishing
1186 2436 301 51 company,
1523 2421 152 64 1928]

490 2501 224 57 4 p. 24 ᶜᵐ.
494 2572 119 41 This
636 2573 250 48 pamphlet
910 2572 42 41 is
977 2575 49 38 to
1051 2573 57 40 be
1132 2572 140 41 fitted
1296 2572 105 41 into
1427 2573 81 40 the
1533 2573 173 48 pocket
1731 2574 52 39 at
1808 2573 82 40 the
1915 2572 124 40 back
2065 2572 52 40 of
2142 2572 82 40 the
2249 2572 191 40 volume

422 2630 53 39 of
506 2630 82 40 the
622 2632 73 39 set
729 2632 49 38 to
811 2629 161 41 which
1004 2630 40 40 it
1078 2630 214 49 belongs.

426 2697 52 52 ©
504 2701 120 41 Nov.
650 2701 70 49 19,
746 2701 143 46 1928;
916 2701 69 41 2c.
1010 2700 114 42 Dec.
1150 2701 53 48 8;
1234 2700 82 42 aff.
1343 2701 113 41 Dec.
1483 2702 27 40 7;
1566 2701 40 39 A
1632 2701 143 44 3070;
1804 2701 136 41 West
1967 2701 111 49 pub.
2106 2711 83 38 co.,
2219 2700 68 41 St.
2315 2700 124 40 Paul

494 2761 96 39 and
618 2759 213 40 Edward
860 2759 276 47 Thompson
1165 2769 82 38 co.,
1276 2759 286 48 Northport,
1592 2759 51 41 L.
1674 2759 52 48 I.,
1755 2759 59 41 N.
1842 2759 55 40 Y.

417 2867 270 65 Weaver,
727 2868 229 64 George
993 2869 93 63 H.,
1126 2869 83 54 ed.

424 2945 1990 132 … General medicine, ed. by George H. Weaver, M. D., Lawrason
633 3025 1744 69 Brown, M. D., George R. Minot, M. D. [and others] …
424 3102 1385 70 Chicago, The Year book publishers [ ᶜ1 928]
422 3186 2001 107 832 p. illus., plates (part double) tables, diagrs. 18½ ᶜᵐ. (The practical medicine series … Series 1928)
425 3309 52 52 ©
505 3314 120 40 Nov.
653 3314 69 43 14,
751 3314 118 41 1928;
924 3315 68 40 2c.
1020 3315 97 39 and
1145 3313 82 43 aff.
1256 3314 114 42 Dec.
1398 3315 84 46 26;
1512 3315 42 39 A
1581 3315 143 46 2448;
1755 3315 129 39 Year
1911 3315 125 40 book
2065 3314 292 48 publishers.

420 3435 243 64 Wilson,
692 3436 196 64 Philip
918 3438 268 62 Duncan,
1219 3442 174 50 1886-

495 3515 306 53 Fractures
843 3516 113 52 and
997 3516 399 58 dislocations;
1439 3517 330 53 immediate
1805 3521 419 63 management,
425 3515 1992 144 aftercare,

599 3594 113 52 and
743 3595 392 51 convalescent
1164 3599 326 53 treatment,
1522 3595 141 52 with
1694 3595 212 68 special
1937 3594 292 53 reference
2255 3599 60 47 to
2345 3593 98 53 the

425 3672 396 52 conservation
852 3673 114 52 and
997 3673 345 52 restoration
1371 3672 66 54 of
1466 3673 283 64 function,
1776 3673 77 68 by
1882 3673 203 64 Philip
2115 3673 72 52 D.
2216 3672 225 53 Wilson

487 3750 1953 66 … and William A. Cochrane … 2d ed., rev. 1029 illustrations.
425 3829 1900 69 Philadelphia and London, J. B. Lippincott company [ ᶜ1 928]
495 3911 117 46 xvii,
641 3911 85 41 789
754 3922 43 37 p.
859 3911 130 41 illus.
1018 3912 136 48 (part
1180 3913 114 47 col.)
1331 3913 159 47 plates
1527 3913 48 48 (1
1603 3914 113 43 col.)
1785 3912 55 41 23½
1890 3915 28 21 m
1923 3945 9 8 .

425 3977 53 54 ©
505 3982 104 42 Oct.
635 3983 70 48 25,
731 3983 115 42 1928;
899 3984 69 41 2c.
995 3986 96 39 and
1117 3983 83 42 aff.
1226 3984 115 41 Dec.
1367 3984 56 40 13;
1479 3983 42 41 A
1544 3983 117 42 2385;
1719 3984 43 41 J.
1789 3984 55 41 B.
1871 3979 286 54 Lippincott
2181 3994 66 29 co.

504 4040 283 50 (28-31194)
