2498 4384
1190 4050 136 51 1854

356 480 27 38 2
419 490 43 28 V.
522 479 128 40 illus.
711 479 55 40 15½ᶜᵐ.

358 551 64 39 At
450 551 125 38 head
604 550 51 40 of
682 550 135 41 title:
851 550 288 48 Curnonsky
1172 553 196 47 [pseud.]
1401 551 36 41 &
1467 553 182 39 Marcel
1680 552 160 40 Rouff.

291 603 1697 53 © Aug. 25, 1928; 1c. each Oct. 19; A—Foreign 296; F. Rouff.
288 701 246 63 Sanger,
576 702 139 52 Mrs.
756 702 309 63 Margaret
1114 701 321 65 (Higgins)
1484 707 172 49 1883-

354 778 384 54 Motherhood
774 779 59 53 in
869 779 278 70 bondage,
1181 779 77 70 by
1291 779 298 70 Margaret
1625 779 237 70 Sanger.
1938 781 142 53 New
2114 781 178 59 York,

285 857 356 68 Brentano’s,
676 859 149 52 1928.

351 940 549 50 xviii, [1], 446 p. 21 ᶜᵐ.
355 1011 268 41 Selections
659 1012 130 39 from
826 1013 83 38 the
946 1013 172 39 letters
1156 1014 108 38 sent
1303 1014 49 38 to
1391 1013 115 40 Mrs.
1545 1013 185 47 Sanger
1767 1013 62 47 by
1866 1014 216 39 mothers
2118 1014 50 39 in
2206 1015 83 40 the

283 1068 179 40 United
497 1068 163 40 States
692 1070 95 38 and
821 1068 214 41 Canada,
1096 1068 62 48 cf.
1193 1070 186 39 Introd.

286 1136 51 52 ©
368 1141 119 40 Nov.
517 1141 68 43 12,
616 1141 117 39 1928;
789 1141 67 40 2c.
887 1142 95 38 and
1013 1140 82 41 aff.
1127 1142 120 39 Nov.
1277 1141 56 39 15;
1393 1141 41 38 A
1464 1140 113 41 1701;
1639 1140 304 49 Brentano’s,
1974 1141 92 41 inc.

363 1197 282 50 (28-28778)

277 1294 406 64 Schwimmer,
717 1293 240 64 Rosika,
996 1294 170 53 1871-

355 1373 169 53 Tisza
561 1373 160 66 tales,
756 1372 75 68 by
870 1371 215 54 Rosika
1126 1371 402 65 Schwimmer;
1569 1371 383 54 illustrations
1989 1371 77 69 by
2104 1372 184 69 Willy

283 1449 1979 148 Pog á ny. Garden City, N. Y., Doubleday, Doran and company, inc. [ ᶜ1 928]
387 1608 1553 51 x p., 1 l., 225 p. col. front., illus., plates (part col.) 23½ᶜᵐ.
282 1665 51 52 ©
363 1670 120 39 Nov.
512 1669 39 46 9,
582 1669 140 45 1928;
755 1669 67 39 2c.
853 1669 95 38 and
980 1666 82 42 aff.
1092 1668 120 39 Nov.
1245 1666 54 40 19;
1359 1667 41 39 A
1430 1667 140 47 1800;
1604 1668 301 47 Doubleday,
1937 1668 168 39 Doran
2137 1669 36 39 &
2203 1680 82 35 co.,

348 1726 93 40 inc.
509 1725 282 48 (28-28704)

274 1820 179 64 Seitz,
489 1821 129 52 Don
656 1819 223 63 Carlos,
918 1824 170 49 1862-

353 1899 122 52 The
501 1899 195 53 James
725 1896 238 56 Gordon
993 1898 296 66 Bennetts,
1319 1896 194 54 father
1542 1897 113 52 and
1685 1915 119 45 son,
1834 1896 358 69 proprietors
2222 1896 64 54 of

278 1973 2006 71 the New York herald, by Don C. Seitz … Indianapolis, The
277 2053 993 69 Bobbs-Merrill company [ ᶜ1 928]
346 2134 1122 49 405 p. front., plates, ports., facsim. 23 ᶜᵐ.
277 2189 51 52 ©
358 2194 119 39 Nov.
506 2193 68 46 14,
604 2193 115 40 1928;
776 2193 68 39 2c.
873 2193 118 40 Nov.
1022 2193 55 39 17;
1137 2192 82 40 aff.
1251 2193 118 40 Nov.
1400 2193 59 39 19;
1514 2192 41 39 A
1584 2193 85 40 668;
1729 2193 372 40 Bobbs-Merrill
2131 2204 69 30 co.

355 2249 282 49 (28-28880)

269 2345 329 64 Shepherd,
638 2344 184 54 Edith
864 2343 330 55 Elizabeth.

271 2422 1987 148 … Unit studies in grammar, by Edith E. Shepherd … Indianapolis,
646 2501 1530 69 New York, The Bobbs-Merrill company [ ᶜ1 928]
341 2583 1563 50 xiv, 271 p. 19 ᶜᵐ. (Shepherd-Parkman language series)
346 2642 228 40 Lettered
602 2652 59 29 on
688 2652 169 29 cover:
889 2641 263 47 Language
1181 2641 96 39 and
1307 2651 261 36 grammar.

273 2695 52 52 ©
353 2701 119 39 Nov.
500 2701 38 45 1,
566 2700 115 40 1928;
737 2700 68 40 2c.
832 2700 119 39 Nov.
980 2700 52 45 7;
1064 2698 83 41 aff.
1175 2699 120 39 Nov.
1324 2698 28 40 8;
1407 2699 41 38 A
1475 2698 141 47 1556;
1649 2699 370 40 Bobbs-Merrill
2049 2710 68 29 co.

351 2756 282 49 (28-28701)

266 2851 338 63 Sherwood,
636 2852 208 62 Henry
874 2851 206 64 Noble,
1114 2856 173 49 1882-
1497 2852 85 53 ed.

405 2929 1873 69 … Manual of character education, edited by Henry Noble
273 3006 1998 71 Sherwood … and Charles William Shumway … [Chicago?]
269 3085 314 69 Auxiliary
607 3085 362 53 educational
993 3085 217 69 league,
1239 3084 151 55 1927.

342 3166 1934 50 3 p. l., 194 p. 20½ ᶜᵐ. (Added t.-p.: Young folks’ library … 3d ed.
274 3243 56 31 [v.
359 3223 101 49 21])

345 3280 160 41 Series
531 3280 110 41 title
667 3282 103 39 also
796 3283 52 37 at
873 3281 126 40 head
1027 3281 53 40 of
1105 3282 99 47 t.-p.

342 3338 134 39 Each
507 3338 203 47 chapter
741 3337 223 40 contains
999 3337 276 40 references
1309 3339 49 39 to
1393 3338 82 40 the
1507 3339 173 45 Young
1709 3338 133 40 folks
1875 3337 203 49 library.

340 3394 229 40 Lettered
595 3405 60 29 on
679 3404 142 30 cover
839 3405 8 28 :
876 3395 102 40 The
1002 3395 93 47 key
1121 3396 49 38 to
1198 3395 83 40 the
1309 3397 224 38 treasure
1560 3395 165 40 house.

340 3451 136 40 With
506 3451 99 40 this
634 3451 43 40 is
705 3452 159 39 bound
884 3462 8 29 :
925 3452 180 46 Welsh,
1137 3451 220 41 Charles.
1413 3452 102 39 The
1543 3452 94 47 key
1666 3453 50 39 to
1745 3452 82 40 the
1856 3453 225 39 treasure
2109 3452 165 41 house.

271 3507 272 50 [Chicago?]
575 3507 130 43 1927.

267 3561 51 51 ©
353 3566 129 47 Sept.
512 3566 40 42 3,
583 3566 115 39 1927;
757 3567 67 39 2c.
856 3567 96 39 and
982 3566 84 40 aff.
1099 3566 103 40 Oct.
1235 3566 69 48 10,
1336 3566 115 41 1928;
1511 3566 42 39 A
1583 3566 115 41 1667;
1760 3566 203 41 Charles
1996 3568 53 39 E.
2082 3567 190 47 Knapp,

336 3622 225 49 Chicago.
627 3622 281 48 (28-28705)

271 3716 218 69 [Small,
524 3718 221 53 Austin
777 3718 72 67 J.]

333 3796 185 52 Down
546 3796 171 66 river,
742 3795 76 69 by
848 3795 277 55 Seamark
1175 3797 196 67 [pseud.
1439 3799 29 48 6
1495 3796 379 67 instalments]

341 3879 84 47 (In
457 3875 202 43 London
693 3875 147 51 Daily
874 3875 233 52 express)

265 3930 2005 56 © 1c. each Dec. 18, 1928; A ad int. 12103; pubd. Oct. 22-27; A. J.
335 3993 166 50 Small,
531 3993 213 40 London.
