2498 4384
1285 4084 101 51 626

335 434 361 63 Arensberg,
727 432 226 55 Walter
983 433 251 61 Conrad,
1271 431 171 54 1878-

409 513 120 52 The
567 512 296 52 Baconian
900 512 155 66 keys,
1093 511 75 68 by
1206 511 223 52 Walter
1470 509 230 55 Conrad
1740 510 343 69 Arensberg.
336 511 1977 147 Pittsburgh,

568 590 120 65 Pa.,
719 591 151 51 1928.

407 673 27 38 5
461 683 44 37 p.
568 702 9 15 l.,
606 670 115 40 5-59
748 681 44 37 p.
851 671 27 38 2
906 669 191 42 facsim.
1156 669 56 41 31½
1245 671 45 22 ᶜᵐ
1295 701 9 10 .

344 739 50 51 ©
422 743 114 46 Apr.
562 741 69 48 16,
658 740 115 41 1928;
828 741 68 40 2c.
922 740 114 48 Apr.
1063 741 56 39 23;
1176 740 84 41 aff.
1287 740 113 48 Apr.
1427 740 55 39 21;
1540 740 42 39 A
1608 740 205 40 1074112;
1868 741 71 40 W.
1969 740 49 41 C.
2046 740 287 50 Arensberg,

416 800 301 47 Pittsburgh.
787 798 281 49 (28-11425)

337 893 411 62 Armentrout,
775 892 205 53 James
1006 892 59 54 S.

405 971 464 68 Administering
906 971 96 52 the
1042 970 265 53 vacation
1345 969 211 53 church
1596 970 219 67 school;
1857 990 31 33 a
1928 972 173 67 study
2139 971 64 53 of
2241 973 96 50 the

334 1050 160 66 aims,
524 1048 414 70 organization,
970 1049 112 52 and
1114 1048 467 53 administration
1612 1048 64 53 of
1703 1049 96 52 the
1829 1049 266 52 vacation
2125 1050 210 52 church

335 1127 2001 70 school, by J. S. Armentrout … a textbook in the Standard
333 1206 325 68 leadership
690 1206 258 69 training
980 1206 365 67 curriculum,
1375 1206 255 52 outlined
1664 1206 112 53 and
1810 1206 293 68 approved
2136 1207 76 68 by
2242 1208 94 52 the

333 1283 2004 70 International council of religious education … Philadelphia,
335 1362 243 54 Printed
625 1362 94 53 for
761 1363 94 52 the
900 1363 252 52 Teacher
1195 1362 260 69 training
1498 1362 336 70 publishing
1881 1362 339 54 association
2262 1363 75 68 by

335 1442 95 52 the
460 1441 398 55 Westminster
888 1459 174 50 press,
1097 1443 150 50 1928.

404 1524 87 40 208
519 1535 44 36 p.
623 1524 145 40 19½ᶜᵐ.
838 1522 404 49 (Specialization
1270 1522 175 48 series)

407 1595 171 40 “Some
604 1594 189 48 helpful
820 1593 178 41 books”:
1058 1605 43 37 p.
1129 1593 219 42 204-205.

343 1663 51 52 ©
431 1667 115 48 Apr.
581 1667 68 47 18,
685 1666 141 47 1928;
862 1666 69 41 2c.
968 1667 96 38 and
1100 1665 83 42 aff.
1217 1666 116 48 Apr.
1370 1666 82 47 19;
1490 1666 42 39 A
1566 1666 231 47 1074065;
1837 1667 44 41 J.
1922 1666 44 41 S.
2003 1666 331 49 Armentrout,

410 1724 357 47 Philadelphia.
838 1723 281 48 (28-11224)

337 1816 381 64 Bomberger,
750 1815 306 55 Christian
1085 1816 225 53 Martin
1341 1817 174 62 Hess,
1549 1820 171 50 1884-

405 1896 121 52 The
562 1896 178 52 battle
776 1894 65 53 of
876 1896 202 68 Bushy
1114 1896 152 67 Run,
1301 1896 94 52 the
1433 1900 148 48 most
1617 1894 245 54 decisive
1900 1895 222 70 victory
2161 1895 62 52 in
2261 1897 78 51 all

334 1973 225 69 history
592 1974 208 68 gained
835 1974 77 68 by
947 1974 95 52 the
1079 1974 174 53 white
1288 1992 134 34 man
1460 1993 133 34 over
1629 1973 96 54 the
1761 1973 310 54 American
2107 1973 232 68 Indian,

333 2052 76 68 by
453 2050 61 55 C.
556 2052 80 52 M.
682 2052 364 68 Bomberger.
1125 2052 323 67 Jeannette,
1491 2054 121 66 Pa.,
1655 2052 303 54 Jeannette
2003 2052 337 69 publishing

334 2147 298 52 company,
659 2132 150 51 1928.

404 2211 56 40 64
484 2222 44 37 p.
587 2211 142 48 illus.,
755 2213 171 47 plates,
951 2215 164 45 ports.,
1140 2214 142 46 plans
1309 2212 50 49 (1
1383 2212 144 49 fold.)
1595 2213 56 41 23½
1684 2215 45 21 ᶜᵐ
1733 2244 10 9 .

342 2279 51 51 ©
422 2283 115 48 Apr.
566 2284 67 46 17,
662 2283 141 47 1928;
833 2284 68 40 2c.
930 2285 96 38 and
1055 2283 83 41 aff.
1166 2283 115 49 Apr.
1309 2284 83 47 20;
1423 2284 42 39 A
1493 2283 230 47 1074066;
1755 2285 261 40 Jeannette
2045 2285 110 48 pub.
2185 2296 67 29 co.

424 2340 281 49 (28-11324)

333 2434 183 64 Boyd,
548 2435 223 53 Robert
804 2435 293 64 Knowles,
1132 2439 173 49 1845-

401 2513 139 52 Two
571 2513 215 52 Indian
813 2513 236 53 battles:
1078 2514 179 53 battle
1289 2514 64 53 of
1381 2514 95 53 the
1504 2515 178 53 Little
1714 2516 114 68 Big
1856 2515 186 68 Horn,
2073 2515 151 54 June
2253 2518 84 64 25,

335 2589 163 69 1876;
546 2591 181 53 battle
771 2590 65 53 of
882 2591 177 53 Birch
1107 2591 225 68 Coulee,
1379 2591 156 69 Sept.
1580 2593 114 52 2nd
1740 2593 113 53 and
1898 2593 121 68 3rd,
2066 2596 152 65 1862,
2260 2594 76 68 by

332 2668 1472 68 Robert K. Boyd … [Eau Claire, Wis.] ᶜ 1928.
401 2753 308 48 18 p. 20 ᶜᵐ .
401 2822 42 39 A
469 2822 302 40 vindication
796 2822 52 40 of
874 2823 160 46 Major
1061 2823 198 40 Marcus
1283 2823 55 41 A.
1364 2823 134 40 Reno
1525 2826 96 38 and
1647 2824 210 48 Captain
1882 2824 177 40 Hiram
2084 2825 51 41 P.
2163 2825 169 41 Grant.

401 2879 102 39 The
536 2879 154 39 battle
724 2879 51 39 of
809 2879 149 39 Little
991 2879 92 48 Big
1114 2880 140 39 Horn
1287 2880 41 40 is
1361 2881 177 47 mostly
1569 2881 237 47 compiled
1838 2881 130 40 from
2001 2882 83 39 the
2116 2883 135 39 work
2282 2883 52 40 of

336 2934 152 41 Lieut.
518 2935 99 41 Col.
643 2935 72 40 W.
740 2935 55 40 A.
824 2935 229 40 Graham,
1114 2936 62 47 cf.
1205 2947 44 38 p.
1274 2937 41 40 3.

341 3000 51 52 ©
430 3006 123 39 Mar.
587 3005 70 47 28,
694 3005 141 46 1928;
873 3006 68 39 2c.
977 3007 96 37 and
1109 3005 82 42 aff.
1227 3006 116 48 Apr.
1381 3007 81 46 16;
1501 3007 42 39 A
1578 3007 230 48 1068954;
1847 3009 57 40 R.
1940 3009 60 41 K.
2037 3011 151 46 Boyd,
2226 3011 106 38 Eau

409 3061 176 49 Claire,
618 3062 118 40 Wis.
806 3062 281 49 (28-11201)

332 3154 233 63 Brown,
597 3155 257 54 William
888 3156 244 64 Adams,
1170 3161 172 49 1865-

402 3233 220 55 Beliefs
668 3235 127 51 that
841 3240 235 61 matter;
1126 3255 32 32 a
1203 3236 231 67 theology
1521 3236 95 53 for
1660 3239 243 67 laymen,
1948 3239 78 68 by
2071 3240 259 53 William

337 3311 1821 73 Adams Brown … New York, C. Scribner’s sons, 1928.
400 3393 104 47 xiii,
535 3394 86 40 333
649 3405 44 37 p.
752 3395 147 41 20½ᶜᵐ.

400 3463 351 50 Bibliography:
808 3477 44 37 p.
886 3467 247 48 [305]-321.

339 3530 51 52 ©
425 3535 114 48 Apr.
572 3536 68 47 10,
674 3537 117 40 1928;
850 3538 68 40 2c.
951 3538 113 48 Apr.
1097 3539 83 46 23;
1217 3538 83 42 aff.
1334 3539 114 48 Apr.
1482 3541 82 46 17;
1601 3540 42 39 A
1675 3542 229 47 1074096;
1941 3543 71 40 W.
2047 3543 56 40 A.
2137 3544 191 47 Brown,

405 3593 120 39 New
555 3593 145 39 York.
774 3594 280 48 (28-11222)

329 3684 431 65 Buckingham,
794 3689 289 53 Burdette
1117 3691 169 52 Ross.

405 3763 120 52 The
570 3765 661 69 Buckingham-Osburn
1276 3769 350 69 searchlight
1669 3771 368 53 arithmetics.
336 3772 1969 120 Teachers’

477 3841 1790 77 manual for grades III and IV, by B. R. Buckingham …
333 3917 1971 149 and W. J. Osburn … Boston, New York [etc.] Ginn and company
564 4000 151 66 [ᶜ1928]
