<alto xmlns="http://www.loc.gov/standards/alto/ns-v3#" xmlns:xlink="http://www.w3.org/1999/xlink" xmlns:xsi="http://www.w3.org/2001/XMLSchema-instance" xsi:schemaLocation="http://www.loc.gov/standards/alto/ns-v3# http://www.loc.gov/alto/v3/alto-3-0.xsd"><Description>
<MeasurementUnit>pixel</MeasurementUnit>
<sourceImageInformation>
<fileName>1928_v25_part001.pdf</fileName>
</sourceImageInformation>
<OCRProcessing ID="IdOcr">
<ocrProcessingStep>
<processingDateTime>2019-04-12</processingDateTime>
<processingSoftware>
<softwareCreator>ABBYY</softwareCreator>
<softwareName>ABBYY Recognition Server</softwareName>
<softwareVersion>4.0</softwareVersion>
</processingSoftware>
</ocrProcessingStep>
</OCRProcessing>
</Description>
<Styles>
<ParagraphStyle ID="StyleId-FFFFFFFF-FFFF-FFFF-FFFF-FFFFFFFFFFFF-" ALIGN="Left" LEFT="0." RIGHT="0." FIRSTLINE="0."/>
<ParagraphStyle ID="StyleId-0ECAC0CE-E1F0-4C69-A1B9-95E16886343B-" ALIGN="Left" LEFT="0." RIGHT="0." FIRSTLINE="0." LINESPACE="8.300000191"/>
<ParagraphStyle ID="StyleId-5C6F7A30-EC6F-4250-A8D3-0AE106DCDB5D-" ALIGN="Left" LEFT="0." RIGHT="0." FIRSTLINE="-13." LINESPACE="11.22999954"/>
<ParagraphStyle ID="StyleId-B258737E-7AF8-4B71-A0BF-0A1420B951F9-" ALIGN="Left" LEFT="0." RIGHT="0." FIRSTLINE="-13." LINESPACE="8.210000038"/>
<ParagraphStyle ID="StyleId-35C0EFA5-E89E-4731-B16E-5D3895F12270-" ALIGN="Block" LEFT="0." RIGHT="0." FIRSTLINE="-12." LINESPACE="11.22999954"/>
<ParagraphStyle ID="StyleId-7BD1F9B4-14BB-4AAF-864B-FED8FEA7DC43-" ALIGN="Left" LEFT="0." RIGHT="0." FIRSTLINE="0."/>
<ParagraphStyle ID="StyleId-CD2DA0E5-536D-42AE-AE16-8D9F5C008D5A-" ALIGN="Block" LEFT="0." RIGHT="0." FIRSTLINE="-12." LINESPACE="10."/>
<ParagraphStyle ID="StyleId-AF408F88-EED5-4CE2-A229-3F852C18D9BD-" ALIGN="Block" LEFT="0." RIGHT="0." FIRSTLINE="-14." LINESPACE="10."/>
<ParagraphStyle ID="StyleId-829CD741-943D-4B7B-9638-57AB73DE2567-" ALIGN="Center" LEFT="0." RIGHT="0." FIRSTLINE="0." LINESPACE="9.399999619"/>
<ParagraphStyle ID="StyleId-B271BDFA-6037-4875-BA99-885A067668E9-" ALIGN="Left" LEFT="0." RIGHT="0." FIRSTLINE="-14." LINESPACE="11.21000004"/>
<ParagraphStyle ID="StyleId-64F9C1D8-EA12-4F65-AD18-B72A4C6B556F-" ALIGN="Center" LEFT="0." RIGHT="0." FIRSTLINE="0." LINESPACE="11.60000038"/>
<ParagraphStyle ID="StyleId-44DA2756-E57B-4EF3-9BA4-FC1C14776DE3-" ALIGN="Left" LEFT="0." RIGHT="0." FIRSTLINE="-12." LINESPACE="12.19999981"/>
<ParagraphStyle ID="StyleId-D1D9AF19-8CA6-4F74-9AEC-1B4545205AD7-" ALIGN="Center" LEFT="0." RIGHT="0." FIRSTLINE="0." LINESPACE="11.60000038"/>
<ParagraphStyle ID="StyleId-3ADA1556-6D19-417D-8046-68449BF368BA-" ALIGN="Left" LEFT="0." RIGHT="0." FIRSTLINE="-13." LINESPACE="12.19999981"/>
<ParagraphStyle ID="StyleId-7443A930-B325-44B5-9AB8-B42B4EC78C89-" ALIGN="Block" LEFT="0." RIGHT="0." FIRSTLINE="13." LINESPACE="8.619999886"/>
<ParagraphStyle ID="StyleId-C9A9E480-E448-4934-9AF8-3D252792E396-" ALIGN="Left" LEFT="0." RIGHT="0." FIRSTLINE="-12." LINESPACE="11.38000011"/>
<ParagraphStyle ID="StyleId-73039842-464C-49B9-9440-4C0D0E749DFE-" ALIGN="Center" LEFT="0." RIGHT="0." FIRSTLINE="0." LINESPACE="11.10000038"/>
<ParagraphStyle ID="StyleId-C51F6AC2-80DA-4C65-849C-6E2D5F548EA4-" ALIGN="Left" LEFT="0." RIGHT="0." FIRSTLINE="0." LINESPACE="7.699999809"/>
<ParagraphStyle ID="StyleId-494190D9-BDDC-4834-A745-6AF520F91CD0-" ALIGN="Block" LEFT="0." RIGHT="0." FIRSTLINE="-12." LINESPACE="11.22999954"/>
<ParagraphStyle ID="StyleId-68D39D31-3386-4B28-8C90-DA9420961D78-" ALIGN="Left" LEFT="0." RIGHT="0." FIRSTLINE="0." LINESPACE="11.60000038"/>
<ParagraphStyle ID="StyleId-DF0CE7C7-E73E-44FE-8867-C904BD7F3F42-" ALIGN="Block" LEFT="0." RIGHT="0." FIRSTLINE="0." LINESPACE="12.19999981"/>
</Styles>
<Layout>
<Page ID="Page2017" PHYSICAL_IMG_NR="2017" HEIGHT="4384" WIDTH="2498">
<TopMargin HEIGHT="370" WIDTH="2498" VPOS="0" HPOS="0">
</TopMargin>
<LeftMargin HEIGHT="3824" WIDTH="104" VPOS="370" HPOS="0">
</LeftMargin>
<RightMargin HEIGHT="3824" WIDTH="352" VPOS="370" HPOS="2146">
</RightMargin>
<BottomMargin HEIGHT="190" WIDTH="2498" VPOS="4194" HPOS="0">
</BottomMargin>
<PrintSpace HEIGHT="3824" WIDTH="2042" VPOS="370" HPOS="104">
<TextBlock ID="Page2017_Block1" HEIGHT="114" WIDTH="286" VPOS="4080" HPOS="1009" LANG="en-US" STYLEREFS="StyleId-34D6EAFA-3B11-4B02-9811-3D793580E5A2-">
<TextLine HEIGHT="57" WIDTH="141" VPOS="4087" HPOS="1052">
<String CONTENT="2017" HEIGHT="57" WIDTH="141" VPOS="4087" HPOS="1052"/>
</TextLine>
</TextBlock>
<TextBlock ID="Page2017_Block2" HEIGHT="3668" WIDTH="2042" VPOS="370" HPOS="104" LANG="en-US" CS="1" STYLEREFS="StyleId-C68CB193-1B4B-4FA8-BD7C-99FC82509675-">
<TextLine HEIGHT="65" WIDTH="516" VPOS="403" HPOS="127" STYLEREFS="StyleId-826FB483-2BA5-43E5-90AC-7527E2967D12-" LANG="de">
<String CONTENT="Arien," HEIGHT="63" WIDTH="200" VPOS="405" HPOS="127"/>
<SP HEIGHT="63" WIDTH="42" VPOS="405" HPOS="328"/>
<String CONTENT="Michael." HEIGHT="55" WIDTH="272" VPOS="403" HPOS="371"/>
</TextLine>
<TextLine HEIGHT="74" WIDTH="1942" VPOS="477" HPOS="192" STYLEREFS="StyleId-1B51ECFE-A3FD-44DE-BB0F-F1F92390A3E7-" CS="1">
<String LANG="en-US" CONTENT="Lily" HEIGHT="68" WIDTH="133" VPOS="483" HPOS="192"/>
<SP HEIGHT="70" WIDTH="27" VPOS="481" HPOS="326"/>
<String LANG="de" CS="1" CONTENT="Christine;" HEIGHT="55" WIDTH="293" VPOS="481" HPOS="354"/>
<SP HEIGHT="50" WIDTH="29" VPOS="499" HPOS="676"/>
<String LANG="en-US" CONTENT="a" HEIGHT="34" WIDTH="32" VPOS="500" HPOS="706"/>
<SP HEIGHT="34" WIDTH="26" VPOS="500" HPOS="739"/>
<String LANG="en-US" CONTENT="romance," HEIGHT="49" WIDTH="278" VPOS="499" HPOS="766"/>
<SP HEIGHT="68" WIDTH="24" VPOS="480" HPOS="1045"/>
<String LANG="en-US" CONTENT="by" HEIGHT="68" WIDTH="76" VPOS="480" HPOS="1070"/>
<SP HEIGHT="68" WIDTH="24" VPOS="480" HPOS="1147"/>
<String LANG="en-US" CONTENT="Michael" HEIGHT="53" WIDTH="252" VPOS="479" HPOS="1172"/>
<SP HEIGHT="53" WIDTH="25" VPOS="478" HPOS="1425"/>
<String LANG="de" CONTENT="Arien." HEIGHT="54" WIDTH="198" VPOS="478" HPOS="1451"/>
<SP HEIGHT="56" WIDTH="65" VPOS="477" HPOS="1650"/>
<String LANG="en-US" CONTENT="Garden" HEIGHT="56" WIDTH="232" VPOS="477" HPOS="1716"/>
<SP HEIGHT="55" WIDTH="30" VPOS="477" HPOS="1949"/>
<String LANG="en-US" CONTENT="City," HEIGHT="71" WIDTH="154" VPOS="477" HPOS="1980"/>
</TextLine>
<TextLine HEIGHT="70" WIDTH="1555" VPOS="558" HPOS="125" STYLEREFS="StyleId-1B51ECFE-A3FD-44DE-BB0F-F1F92390A3E7-">
<String CONTENT="N." HEIGHT="53" WIDTH="68" VPOS="562" HPOS="125"/>
<SP HEIGHT="53" WIDTH="30" VPOS="561" HPOS="194"/>
<String CONTENT="Y.," HEIGHT="67" WIDTH="91" VPOS="561" HPOS="225"/>
<SP HEIGHT="67" WIDTH="28" VPOS="561" HPOS="317"/>
<String CONTENT="Doubleday," HEIGHT="68" WIDTH="359" VPOS="560" HPOS="346"/>
<SP HEIGHT="66" WIDTH="27" VPOS="560" HPOS="706"/>
<String CONTENT="Doran" HEIGHT="52" WIDTH="199" VPOS="560" HPOS="734"/>
<SP HEIGHT="51" WIDTH="28" VPOS="560" HPOS="934"/>
<String CONTENT="&amp;" HEIGHT="50" WIDTH="47" VPOS="560" HPOS="963"/>
<SP HEIGHT="51" WIDTH="26" VPOS="560" HPOS="1011"/>
<String CONTENT="company," HEIGHT="51" WIDTH="300" VPOS="575" HPOS="1038"/>
<SP HEIGHT="67" WIDTH="28" VPOS="558" HPOS="1339"/>
<String CONTENT="inc.," HEIGHT="67" WIDTH="128" VPOS="558" HPOS="1368"/>
<SP HEIGHT="64" WIDTH="31" VPOS="561" HPOS="1497"/>
<String CONTENT="1928." HEIGHT="50" WIDTH="151" VPOS="560" HPOS="1529"/>
</TextLine>
<TextLine HEIGHT="50" WIDTH="537" VPOS="642" HPOS="192" CS="1">
<String CONTENT="4" HEIGHT="37" WIDTH="28" VPOS="646" HPOS="192"/>
<SP HEIGHT="46" WIDTH="26" VPOS="646" HPOS="221"/>
<String CONTENT="p." HEIGHT="37" WIDTH="44" VPOS="655" HPOS="248"/>
<SP HEIGHT="39" WIDTH="25" VPOS="645" HPOS="293"/>
<String CONTENT="l.," HEIGHT="46" WIDTH="45" VPOS="645" HPOS="319"/>
<SP HEIGHT="48" WIDTH="28" VPOS="643" HPOS="365"/>
<String CONTENT="307" HEIGHT="40" WIDTH="87" VPOS="643" HPOS="394"/>
<SP HEIGHT="47" WIDTH="28" VPOS="644" HPOS="482"/>
<String CONTENT="p." HEIGHT="38" WIDTH="43" VPOS="653" HPOS="511"/>
<SP HEIGHT="41" WIDTH="54" VPOS="642" HPOS="555"/>
<String CS="1" CONTENT="20&#7580;&#7504;." HEIGHT="41" WIDTH="119" VPOS="642" HPOS="610"/>
</TextLine>
<TextLine HEIGHT="54" WIDTH="2005" VPOS="710" HPOS="127" CS="1">
<String CONTENT="&#169;" HEIGHT="53" WIDTH="51" VPOS="711" HPOS="127"/>
<SP HEIGHT="53" WIDTH="27" VPOS="711" HPOS="179"/>
<String CONTENT="Nov." HEIGHT="39" WIDTH="117" VPOS="716" HPOS="207"/>
<SP HEIGHT="39" WIDTH="26" VPOS="716" HPOS="325"/>
<String CONTENT="16," HEIGHT="42" WIDTH="70" VPOS="714" HPOS="352"/>
<SP HEIGHT="42" WIDTH="27" VPOS="714" HPOS="423"/>
<String CS="1" CONTENT="1928;" HEIGHT="39" WIDTH="84" VPOS="713" HPOS="451"/>
<SP HEIGHT="48" WIDTH="27" VPOS="713" HPOS="594"/>
<String CONTENT="2c." HEIGHT="41" WIDTH="69" VPOS="713" HPOS="622"/>
<SP HEIGHT="31" WIDTH="26" VPOS="723" HPOS="692"/>
<String CONTENT="and" HEIGHT="39" WIDTH="95" VPOS="714" HPOS="719"/>
<SP HEIGHT="38" WIDTH="28" VPOS="714" HPOS="815"/>
<String CONTENT="aff." HEIGHT="42" WIDTH="82" VPOS="712" HPOS="844"/>
<SP HEIGHT="42" WIDTH="28" VPOS="712" HPOS="927"/>
<String CONTENT="Dec." HEIGHT="40" WIDTH="113" VPOS="712" HPOS="956"/>
<SP HEIGHT="40" WIDTH="26" VPOS="712" HPOS="1070"/>
<String CS="1" CONTENT="31;" HEIGHT="40" WIDTH="54" VPOS="712" HPOS="1097"/>
<SP HEIGHT="45" WIDTH="29" VPOS="713" HPOS="1180"/>
<!-- cceid 2A755F3A-6CB2-1014-A20E-B9D6251C946A --><String CONTENT="A" HEIGHT="38" WIDTH="42" VPOS="713" HPOS="1210"/>
<SP HEIGHT="41" WIDTH="27" VPOS="710" HPOS="1253"/>
<String CS="1" CONTENT="2522;" HEIGHT="41" WIDTH="113" VPOS="710" HPOS="1281"/>
<SP HEIGHT="47" WIDTH="29" VPOS="711" HPOS="1424"/>
<String CONTENT="Doubleday," HEIGHT="47" WIDTH="301" VPOS="711" HPOS="1454"/>
<SP HEIGHT="47" WIDTH="28" VPOS="711" HPOS="1756"/>
<String CONTENT="Doran" HEIGHT="40" WIDTH="167" VPOS="711" HPOS="1785"/>
<SP HEIGHT="40" WIDTH="29" VPOS="710" HPOS="1953"/>
<String CONTENT="&amp;" HEIGHT="40" WIDTH="36" VPOS="710" HPOS="1983"/>
<SP HEIGHT="40" WIDTH="27" VPOS="710" HPOS="2020"/>
<String LANG="ru" CONTENT="co.," HEIGHT="38" WIDTH="84" VPOS="721" HPOS="2048"/>
</TextLine>
<TextLine HEIGHT="42" WIDTH="92" VPOS="771" HPOS="193">
<String CONTENT="inc." HEIGHT="42" WIDTH="92" VPOS="771" HPOS="193"/>
</TextLine>
<TextLine HEIGHT="73" WIDTH="1198" VPOS="864" HPOS="128" STYLEREFS="StyleId-58CDDEDF-3BBA-44E4-9092-7FC940660C57-">
<String CONTENT="[Bond," HEIGHT="71" WIDTH="200" VPOS="866" HPOS="128"/>
<SP HEIGHT="64" WIDTH="32" VPOS="867" HPOS="329"/>
<String CONTENT="Paul" HEIGHT="53" WIDTH="147" VPOS="866" HPOS="362"/>
<SP HEIGHT="55" WIDTH="34" VPOS="866" HPOS="510"/>
<String CONTENT="Stanley]" HEIGHT="69" WIDTH="264" VPOS="864" HPOS="545"/>
<SP HEIGHT="63" WIDTH="42" VPOS="870" HPOS="810"/>
<String CONTENT="1879-" HEIGHT="54" WIDTH="171" VPOS="866" HPOS="853"/>
<SP HEIGHT="33" WIDTH="216" VPOS="884" HPOS="1025"/>
<String CONTENT="ed." HEIGHT="53" WIDTH="84" VPOS="866" HPOS="1242"/>
</TextLine>
<TextLine HEIGHT="71" WIDTH="1938" VPOS="942" HPOS="195" STYLEREFS="StyleId-1B51ECFE-A3FD-44DE-BB0F-F1F92390A3E7-">
<String CONTENT="Infantry" HEIGHT="69" WIDTH="278" VPOS="944" HPOS="195"/>
<SP HEIGHT="68" WIDTH="31" VPOS="945" HPOS="474"/>
<String CONTENT="drill" HEIGHT="53" WIDTH="137" VPOS="944" HPOS="506"/>
<SP HEIGHT="51" WIDTH="28" VPOS="945" HPOS="644"/>
<String CONTENT="manual." HEIGHT="51" WIDTH="249" VPOS="945" HPOS="673"/>
<SP HEIGHT="48" WIDTH="69" VPOS="948" HPOS="923"/>
<String CONTENT="11th" HEIGHT="52" WIDTH="131" VPOS="944" HPOS="993"/>
<SP HEIGHT="52" WIDTH="31" VPOS="944" HPOS="1125"/>
<String CONTENT="ed." HEIGHT="52" WIDTH="84" VPOS="944" HPOS="1157"/>
<SP HEIGHT="53" WIDTH="67" VPOS="942" HPOS="1242"/>
<String CONTENT="Annapolis," HEIGHT="68" WIDTH="343" VPOS="942" HPOS="1310"/>
<SP HEIGHT="66" WIDTH="29" VPOS="942" HPOS="1654"/>
<String CONTENT="Md.," HEIGHT="67" WIDTH="140" VPOS="942" HPOS="1684"/>
<SP HEIGHT="67" WIDTH="30" VPOS="942" HPOS="1825"/>
<String CONTENT="National" HEIGHT="53" WIDTH="277" VPOS="942" HPOS="1856"/>
</TextLine>
<TextLine HEIGHT="69" WIDTH="1123" VPOS="1022" HPOS="124" STYLEREFS="StyleId-1B51ECFE-A3FD-44DE-BB0F-F1F92390A3E7-" CS="1">
<String CONTENT="service" HEIGHT="53" WIDTH="212" VPOS="1024" HPOS="124"/>
<SP HEIGHT="49" WIDTH="27" VPOS="1041" HPOS="337"/>
<String CONTENT="publishing" HEIGHT="69" WIDTH="339" VPOS="1022" HPOS="365"/>
<SP HEIGHT="51" WIDTH="28" VPOS="1040" HPOS="705"/>
<String CONTENT="company" HEIGHT="51" WIDTH="282" VPOS="1039" HPOS="734"/>
<SP HEIGHT="51" WIDTH="35" VPOS="1039" HPOS="1017"/>
<String CS="1" CONTENT="[&#7580;1928]" HEIGHT="64" WIDTH="194" VPOS="1024" HPOS="1053"/>
</TextLine>
<TextLine HEIGHT="49" WIDTH="746" VPOS="1104" HPOS="193" CS="1">
<String CONTENT="274" HEIGHT="39" WIDTH="86" VPOS="1107" HPOS="193"/>
<SP HEIGHT="46" WIDTH="26" VPOS="1107" HPOS="280"/>
<String CONTENT="p." HEIGHT="37" WIDTH="43" VPOS="1116" HPOS="307"/>
<SP HEIGHT="40" WIDTH="57" VPOS="1106" HPOS="351"/>
<String CONTENT="illus.," HEIGHT="46" WIDTH="145" VPOS="1106" HPOS="409"/>
<SP HEIGHT="46" WIDTH="27" VPOS="1106" HPOS="555"/>
<String CONTENT="diagrs." HEIGHT="49" WIDTH="181" VPOS="1104" HPOS="583"/>
<SP HEIGHT="41" WIDTH="55" VPOS="1104" HPOS="765"/>
<String CS="1" CONTENT="23&#7580;&#7504;." HEIGHT="42" WIDTH="118" VPOS="1104" HPOS="821"/>
</TextLine>
<TextLine HEIGHT="49" WIDTH="1772" VPOS="1174" HPOS="195">
<String CONTENT="Published" HEIGHT="41" WIDTH="264" VPOS="1176" HPOS="195"/>
<SP HEIGHT="39" WIDTH="26" VPOS="1177" HPOS="460"/>
<String CONTENT="also" HEIGHT="40" WIDTH="105" VPOS="1176" HPOS="487"/>
<SP HEIGHT="30" WIDTH="26" VPOS="1186" HPOS="593"/>
<String CONTENT="as" HEIGHT="29" WIDTH="54" VPOS="1186" HPOS="620"/>
<SP HEIGHT="29" WIDTH="27" VPOS="1186" HPOS="675"/>
<String CONTENT="chap." HEIGHT="48" WIDTH="138" VPOS="1175" HPOS="703"/>
<SP HEIGHT="40" WIDTH="27" VPOS="1175" HPOS="842"/>
<String CONTENT="1," HEIGHT="48" WIDTH="39" VPOS="1175" HPOS="870"/>
<SP HEIGHT="37" WIDTH="28" VPOS="1186" HPOS="910"/>
<String CONTENT="v." HEIGHT="30" WIDTH="44" VPOS="1186" HPOS="939"/>
<SP HEIGHT="41" WIDTH="26" VPOS="1175" HPOS="984"/>
<String CONTENT="1" HEIGHT="39" WIDTH="25" VPOS="1175" HPOS="1011"/>
<SP HEIGHT="40" WIDTH="29" VPOS="1175" HPOS="1037"/>
<String CONTENT="of" HEIGHT="39" WIDTH="52" VPOS="1176" HPOS="1067"/>
<SP HEIGHT="39" WIDTH="27" VPOS="1176" HPOS="1120"/>
<String CONTENT="the" HEIGHT="41" WIDTH="81" VPOS="1174" HPOS="1148"/>
<SP HEIGHT="39" WIDTH="29" VPOS="1175" HPOS="1230"/>
<String LANG="fr" CONTENT="R." HEIGHT="40" WIDTH="56" VPOS="1175" HPOS="1260"/>
<SP HEIGHT="42" WIDTH="29" VPOS="1174" HPOS="1317"/>
<String LANG="fr" CONTENT="O." HEIGHT="42" WIDTH="53" VPOS="1174" HPOS="1347"/>
<SP HEIGHT="40" WIDTH="26" VPOS="1175" HPOS="1401"/>
<String LANG="fr" CONTENT="T." HEIGHT="41" WIDTH="54" VPOS="1175" HPOS="1428"/>
<SP HEIGHT="42" WIDTH="29" VPOS="1174" HPOS="1483"/>
<String CONTENT="C." HEIGHT="42" WIDTH="49" VPOS="1174" HPOS="1513"/>
<SP HEIGHT="30" WIDTH="28" VPOS="1186" HPOS="1563"/>
<String CONTENT="manual," HEIGHT="48" WIDTH="214" VPOS="1174" HPOS="1592"/>
<SP HEIGHT="47" WIDTH="29" VPOS="1175" HPOS="1807"/>
<String CONTENT="1928." HEIGHT="41" WIDTH="130" VPOS="1174" HPOS="1837"/>
</TextLine>
<TextLine HEIGHT="53" WIDTH="1955" VPOS="1244" HPOS="125" CS="1">
<String CONTENT="&#169;" HEIGHT="53" WIDTH="51" VPOS="1244" HPOS="125"/>
<SP HEIGHT="53" WIDTH="24" VPOS="1244" HPOS="177"/>
<String CONTENT="Aug." HEIGHT="44" WIDTH="120" VPOS="1248" HPOS="202"/>
<SP HEIGHT="40" WIDTH="23" VPOS="1248" HPOS="323"/>
<String CONTENT="3." HEIGHT="42" WIDTH="41" VPOS="1248" HPOS="347"/>
<SP HEIGHT="42" WIDTH="26" VPOS="1248" HPOS="389"/>
<String CONTENT="1928;" HEIGHT="47" WIDTH="142" VPOS="1246" HPOS="416"/>
<SP HEIGHT="47" WIDTH="24" VPOS="1246" HPOS="559"/>
<String CONTENT="2c." HEIGHT="41" WIDTH="69" VPOS="1246" HPOS="584"/>
<SP HEIGHT="30" WIDTH="25" VPOS="1257" HPOS="654"/>
<String CONTENT="and" HEIGHT="38" WIDTH="96" VPOS="1248" HPOS="680"/>
<SP HEIGHT="38" WIDTH="24" VPOS="1248" HPOS="777"/>
<String CONTENT="aff." HEIGHT="41" WIDTH="83" VPOS="1246" HPOS="802"/>
<SP HEIGHT="40" WIDTH="24" VPOS="1247" HPOS="886"/>
<String CONTENT="Aug." HEIGHT="45" WIDTH="122" VPOS="1247" HPOS="911"/>
<SP HEIGHT="40" WIDTH="24" VPOS="1247" HPOS="1034"/>
<String CONTENT="16;" HEIGHT="47" WIDTH="83" VPOS="1246" HPOS="1059"/>
<SP HEIGHT="46" WIDTH="27" VPOS="1247" HPOS="1143"/>
<!-- cceid 2A7574C9-6CB2-1014-A20E-B9D6251C946A --><String CONTENT="A" HEIGHT="38" WIDTH="41" VPOS="1247" HPOS="1171"/>
<SP HEIGHT="38" WIDTH="26" VPOS="1247" HPOS="1213"/>
<String CONTENT="1083760;" HEIGHT="47" WIDTH="231" VPOS="1246" HPOS="1240"/>
<SP HEIGHT="48" WIDTH="27" VPOS="1245" HPOS="1472"/>
<String CS="1" CONTENT="Natl." HEIGHT="41" WIDTH="117" VPOS="1245" HPOS="1500"/>
<SP HEIGHT="30" WIDTH="26" VPOS="1256" HPOS="1633"/>
<String CONTENT="service" HEIGHT="41" WIDTH="184" VPOS="1245" HPOS="1660"/>
<SP HEIGHT="38" WIDTH="26" VPOS="1256" HPOS="1845"/>
<String CONTENT="pub." HEIGHT="48" WIDTH="110" VPOS="1246" HPOS="1872"/>
<SP HEIGHT="30" WIDTH="27" VPOS="1256" HPOS="1983"/>
<String LANG="ru" CONTENT="co." HEIGHT="30" WIDTH="69" VPOS="1256" HPOS="2011"/>
</TextLine>
<TextLine HEIGHT="48" WIDTH="283" VPOS="1303" HPOS="199">
<String CONTENT="(28-30952)" HEIGHT="48" WIDTH="283" VPOS="1303" HPOS="199"/>
</TextLine>
<TextLine HEIGHT="65" WIDTH="886" VPOS="1397" HPOS="120" STYLEREFS="StyleId-58CDDEDF-3BBA-44E4-9092-7FC940660C57-">
<String CONTENT="Brooks-Bright" HEIGHT="65" WIDTH="475" VPOS="1397" HPOS="120"/>
<SP HEIGHT="52" WIDTH="34" VPOS="1398" HPOS="596"/>
<String CONTENT="foundation." HEIGHT="54" WIDTH="375" VPOS="1397" HPOS="631"/>
</TextLine>
<TextLine HEIGHT="133" WIDTH="1994" VPOS="1474" HPOS="117" STYLEREFS="StyleId-1B51ECFE-A3FD-44DE-BB0F-F1F92390A3E7-" CS="1">
<String CONTENT="Aspects" HEIGHT="70" WIDTH="245" VPOS="1474" HPOS="187"/>
<SP HEIGHT="37" WIDTH="40" VPOS="1492" HPOS="433"/>
<String CONTENT="of" HEIGHT="54" WIDTH="66" VPOS="1474" HPOS="474"/>
<SP HEIGHT="53" WIDTH="36" VPOS="1474" HPOS="541"/>
<String CONTENT="Anglo-American" HEIGHT="69" WIDTH="532" VPOS="1474" HPOS="578"/>
<SP HEIGHT="33" WIDTH="42" VPOS="1494" HPOS="1111"/>
<String CONTENT="relations." HEIGHT="54" WIDTH="288" VPOS="1475" HPOS="1154"/>
<SP HEIGHT="51" WIDTH="75" VPOS="1476" HPOS="1443"/>
<String CONTENT="The" HEIGHT="53" WIDTH="121" VPOS="1476" HPOS="1519"/>
<SP HEIGHT="53" WIDTH="41" VPOS="1476" HPOS="1641"/>
<String CONTENT="historical" HEIGHT="54" WIDTH="297" VPOS="1475" HPOS="1683"/>
<SP HEIGHT="53" WIDTH="39" VPOS="1476" HPOS="1981"/>
<String CONTENT="significance" HEIGHT="132" WIDTH="1994" VPOS="1475" HPOS="117"/>
<SP HEIGHT="34" WIDTH="39" VPOS="1572" HPOS="392"/>
<String CONTENT="of" HEIGHT="54" WIDTH="65" VPOS="1552" HPOS="432"/>
</TextLine>
<TextLine HEIGHT="70" WIDTH="1599" VPOS="1552" HPOS="536" STYLEREFS="StyleId-1B51ECFE-A3FD-44DE-BB0F-F1F92390A3E7-">
<String CONTENT="the" HEIGHT="54" WIDTH="97" VPOS="1553" HPOS="536"/>
<SP HEIGHT="55" WIDTH="38" VPOS="1552" HPOS="634"/>
<String CONTENT="American" HEIGHT="54" WIDTH="309" VPOS="1552" HPOS="673"/>
<SP HEIGHT="33" WIDTH="42" VPOS="1572" HPOS="983"/>
<String CONTENT="revolution" HEIGHT="52" WIDTH="322" VPOS="1554" HPOS="1026"/>
<SP HEIGHT="52" WIDTH="41" VPOS="1554" HPOS="1349"/>
<String CONTENT="in" HEIGHT="52" WIDTH="59" VPOS="1554" HPOS="1391"/>
<SP HEIGHT="47" WIDTH="41" VPOS="1559" HPOS="1451"/>
<String CONTENT="the" HEIGHT="53" WIDTH="98" VPOS="1554" HPOS="1493"/>
<SP HEIGHT="53" WIDTH="37" VPOS="1554" HPOS="1592"/>
<String CONTENT="development" HEIGHT="68" WIDTH="397" VPOS="1554" HPOS="1630"/>
<SP HEIGHT="47" WIDTH="42" VPOS="1560" HPOS="2028"/>
<String CONTENT="of" HEIGHT="53" WIDTH="64" VPOS="1554" HPOS="2071"/>
</TextLine>
<TextLine HEIGHT="133" WIDTH="1992" VPOS="1631" HPOS="117" STYLEREFS="StyleId-1B51ECFE-A3FD-44DE-BB0F-F1F92390A3E7-" CS="1">
<String CONTENT="the" HEIGHT="53" WIDTH="96" VPOS="1632" HPOS="117"/>
<SP HEIGHT="52" WIDTH="43" VPOS="1633" HPOS="214"/>
<String CONTENT="British" HEIGHT="54" WIDTH="223" VPOS="1631" HPOS="258"/>
<SP HEIGHT="53" WIDTH="44" VPOS="1632" HPOS="482"/>
<String CONTENT="commonwealth" HEIGHT="53" WIDTH="470" VPOS="1632" HPOS="527"/>
<SP HEIGHT="52" WIDTH="44" VPOS="1632" HPOS="998"/>
<String CONTENT="of" HEIGHT="53" WIDTH="65" VPOS="1631" HPOS="1043"/>
<SP HEIGHT="52" WIDTH="39" VPOS="1631" HPOS="1109"/>
<String CONTENT="nations," HEIGHT="63" WIDTH="248" VPOS="1632" HPOS="1149"/>
<SP HEIGHT="63" WIDTH="40" VPOS="1632" HPOS="1398"/>
<String CONTENT="by" HEIGHT="69" WIDTH="77" VPOS="1632" HPOS="1439"/>
<SP HEIGHT="69" WIDTH="40" VPOS="1632" HPOS="1517"/>
<String CONTENT="K." HEIGHT="53" WIDTH="75" VPOS="1632" HPOS="1558"/>
<SP HEIGHT="55" WIDTH="46" VPOS="1631" HPOS="1634"/>
<String CONTENT="Capper" HEIGHT="70" WIDTH="232" VPOS="1631" HPOS="1681"/>
<SP HEIGHT="55" WIDTH="35" VPOS="1632" HPOS="1914"/>
<String CONTENT="Johnson" HEIGHT="132" WIDTH="1992" VPOS="1632" HPOS="117"/>
<SP HEIGHT="35" WIDTH="50" VPOS="1728" HPOS="219"/>
<String CS="1" CONTENT="&#8230;"/>
<SP HEIGHT="53" WIDTH="78" VPOS="1710" HPOS="328"/>
<String CONTENT="The" HEIGHT="54" WIDTH="122" VPOS="1709" HPOS="407"/>
</TextLine>
<TextLine HEIGHT="146" WIDTH="2016" VPOS="1709" HPOS="117" STYLEREFS="StyleId-1B51ECFE-A3FD-44DE-BB0F-F1F92390A3E7-" CS="1">
<String CONTENT="influence" HEIGHT="53" WIDTH="277" VPOS="1710" HPOS="576"/>
<SP HEIGHT="35" WIDTH="44" VPOS="1728" HPOS="854"/>
<String CONTENT="of" HEIGHT="54" WIDTH="66" VPOS="1709" HPOS="899"/>
<SP HEIGHT="53" WIDTH="42" VPOS="1709" HPOS="966"/>
<String CONTENT="international" HEIGHT="54" WIDTH="415" VPOS="1709" HPOS="1009"/>
<SP HEIGHT="52" WIDTH="43" VPOS="1711" HPOS="1425"/>
<String CONTENT="trade" HEIGHT="53" WIDTH="166" VPOS="1710" HPOS="1469"/>
<SP HEIGHT="34" WIDTH="43" VPOS="1729" HPOS="1636"/>
<String CONTENT="upon" HEIGHT="51" WIDTH="155" VPOS="1728" HPOS="1680"/>
<SP HEIGHT="51" WIDTH="46" VPOS="1712" HPOS="1836"/>
<String CONTENT="British-American" HEIGHT="132" WIDTH="2016" VPOS="1710" HPOS="117"/>
<SP HEIGHT="34" WIDTH="37" VPOS="1807" HPOS="426"/>
<String CONTENT="relations," HEIGHT="68" WIDTH="290" VPOS="1787" HPOS="464"/>
</TextLine>
<TextLine HEIGHT="147" WIDTH="2018" VPOS="1787" HPOS="117" STYLEREFS="StyleId-1B51ECFE-A3FD-44DE-BB0F-F1F92390A3E7-" CS="1">
<String CONTENT="by" HEIGHT="67" WIDTH="77" VPOS="1788" HPOS="792"/>
<SP HEIGHT="67" WIDTH="37" VPOS="1788" HPOS="870"/>
<String CONTENT="John" HEIGHT="54" WIDTH="157" VPOS="1788" HPOS="908"/>
<SP HEIGHT="52" WIDTH="36" VPOS="1788" HPOS="1066"/>
<String CONTENT="Middleton" HEIGHT="54" WIDTH="329" VPOS="1787" HPOS="1103"/>
<SP HEIGHT="53" WIDTH="38" VPOS="1788" HPOS="1433"/>
<String LANG="de" CONTENT="Frankland" HEIGHT="55" WIDTH="339" VPOS="1787" HPOS="1472"/>
<SP HEIGHT="53" WIDTH="45" VPOS="1789" HPOS="1812"/>
<String CS="1" CONTENT="&#8230;"/>
<SP HEIGHT="52" WIDTH="77" VPOS="1790" HPOS="1915"/>
<String CONTENT="New" HEIGHT="53" WIDTH="142" VPOS="1790" HPOS="1993"/>
<SP/>
<String CONTENT="Haven," HEIGHT="67" WIDTH="225" VPOS="1867" HPOS="117"/>
<SP HEIGHT="67" WIDTH="51" VPOS="1867" HPOS="343"/>
<String CONTENT="Yale" HEIGHT="53" WIDTH="148" VPOS="1866" HPOS="395"/>
<SP HEIGHT="35" WIDTH="47" VPOS="1884" HPOS="544"/>
<String CONTENT="university" HEIGHT="68" WIDTH="323" VPOS="1865" HPOS="592"/>
<SP HEIGHT="49" WIDTH="47" VPOS="1885" HPOS="916"/>
<String CONTENT="press," HEIGHT="50" WIDTH="175" VPOS="1884" HPOS="964"/>
</TextLine>
<TextLine HEIGHT="151" WIDTH="2016" VPOS="1864" HPOS="119" STYLEREFS="StyleId-1B51ECFE-A3FD-44DE-BB0F-F1F92390A3E7-" CS="1">
<String CONTENT="pub." HEIGHT="70" WIDTH="135" VPOS="1864" HPOS="1190"/>
<SP HEIGHT="54" WIDTH="48" VPOS="1865" HPOS="1326"/>
<String CONTENT="for" HEIGHT="54" WIDTH="96" VPOS="1865" HPOS="1375"/>
<SP HEIGHT="47" WIDTH="46" VPOS="1872" HPOS="1472"/>
<String CONTENT="the" HEIGHT="53" WIDTH="97" VPOS="1866" HPOS="1519"/>
<SP HEIGHT="51" WIDTH="48" VPOS="1868" HPOS="1617"/>
<String CONTENT="Brooks-Bright" HEIGHT="70" WIDTH="469" VPOS="1867" HPOS="1666"/>
<SP/>
<String CONTENT="foundation;" HEIGHT="67" WIDTH="375" VPOS="1944" HPOS="119"/>
<SP HEIGHT="67" WIDTH="50" VPOS="1944" HPOS="495"/>
<String CONTENT="London," HEIGHT="67" WIDTH="261" VPOS="1944" HPOS="546"/>
<SP HEIGHT="67" WIDTH="47" VPOS="1944" HPOS="808"/>
<String CONTENT="H." HEIGHT="52" WIDTH="78" VPOS="1944" HPOS="856"/>
<SP HEIGHT="53" WIDTH="49" VPOS="1943" HPOS="935"/>
<String CONTENT="Milford," HEIGHT="68" WIDTH="269" VPOS="1943" HPOS="985"/>
<SP HEIGHT="68" WIDTH="50" VPOS="1943" HPOS="1255"/>
<String CONTENT="Oxford" HEIGHT="56" WIDTH="231" VPOS="1943" HPOS="1306"/>
<SP HEIGHT="52" WIDTH="47" VPOS="1945" HPOS="1538"/>
<String CONTENT="university" HEIGHT="70" WIDTH="323" VPOS="1945" HPOS="1586"/>
<SP HEIGHT="51" WIDTH="46" VPOS="1964" HPOS="1910"/>
<String CONTENT="press." HEIGHT="50" WIDTH="178" VPOS="1965" HPOS="1957"/>
</TextLine>
<TextLine HEIGHT="51" WIDTH="152" VPOS="2026" HPOS="118" STYLEREFS="StyleId-1B51ECFE-A3FD-44DE-BB0F-F1F92390A3E7-">
<String CONTENT="1928." HEIGHT="51" WIDTH="152" VPOS="2026" HPOS="118"/>
</TextLine>
<TextLine HEIGHT="50" WIDTH="1034" VPOS="2105" HPOS="254" CS="1">
<String CS="1" CONTENT="xv," HEIGHT="17" WIDTH="10" VPOS="2138" HPOS="254"/>
<SP HEIGHT="47" WIDTH="30" VPOS="2108" HPOS="265"/>
<String CONTENT="111" HEIGHT="40" WIDTH="84" VPOS="2107" HPOS="296"/>
<SP HEIGHT="48" WIDTH="28" VPOS="2107" HPOS="381"/>
<String LANG="fr" CONTENT="p.," HEIGHT="37" WIDTH="59" VPOS="2118" HPOS="410"/>
<SP HEIGHT="47" WIDTH="31" VPOS="2107" HPOS="470"/>
<String CONTENT="1" HEIGHT="39" WIDTH="25" VPOS="2107" HPOS="502"/>
<SP HEIGHT="39" WIDTH="31" VPOS="2107" HPOS="528"/>
<String CONTENT="1." HEIGHT="40" WIDTH="31" VPOS="2107" HPOS="560"/>
<SP HEIGHT="41" WIDTH="58" VPOS="2106" HPOS="592"/>
<String CONTENT="front.," HEIGHT="47" WIDTH="165" VPOS="2106" HPOS="651"/>
<SP HEIGHT="38" WIDTH="31" VPOS="2116" HPOS="817"/>
<String CS="1" CONTENT="pl.," HEIGHT="38" WIDTH="77" VPOS="2116" HPOS="849"/>
<SP HEIGHT="38" WIDTH="31" VPOS="2116" HPOS="927"/>
<String CONTENT="ports." HEIGHT="47" WIDTH="151" VPOS="2107" HPOS="959"/>
<SP HEIGHT="42" WIDTH="57" VPOS="2105" HPOS="1111"/>
<String CS="1" CONTENT="21&#7580;&#7504;." HEIGHT="42" WIDTH="119" VPOS="2105" HPOS="1169"/>
</TextLine>
<TextLine HEIGHT="51" WIDTH="1944" VPOS="2175" HPOS="188">
<String CONTENT="&#8220;The" HEIGHT="40" WIDTH="129" VPOS="2178" HPOS="188"/>
<SP HEIGHT="42" WIDTH="34" VPOS="2176" HPOS="318"/>
<String CONTENT="Oxford" HEIGHT="42" WIDTH="189" VPOS="2176" HPOS="353"/>
<SP HEIGHT="48" WIDTH="44" VPOS="2176" HPOS="543"/>
<String CONTENT="(1926)" HEIGHT="49" WIDTH="164" VPOS="2175" HPOS="588"/>
<SP HEIGHT="47" WIDTH="42" VPOS="2176" HPOS="753"/>
<String CONTENT="and" HEIGHT="39" WIDTH="96" VPOS="2177" HPOS="796"/>
<SP HEIGHT="40" WIDTH="32" VPOS="2176" HPOS="893"/>
<String CONTENT="Yale" HEIGHT="40" WIDTH="120" VPOS="2176" HPOS="926"/>
<SP HEIGHT="47" WIDTH="44" VPOS="2176" HPOS="1047"/>
<String CONTENT="(1927)" HEIGHT="48" WIDTH="165" VPOS="2175" HPOS="1092"/>
<SP HEIGHT="49" WIDTH="42" VPOS="2176" HPOS="1258"/>
<String CONTENT="prize" HEIGHT="49" WIDTH="132" VPOS="2176" HPOS="1301"/>
<SP HEIGHT="30" WIDTH="31" VPOS="2187" HPOS="1434"/>
<String CONTENT="essays," HEIGHT="38" WIDTH="182" VPOS="2187" HPOS="1466"/>
<SP HEIGHT="38" WIDTH="33" VPOS="2188" HPOS="1649"/>
<String CONTENT="published" HEIGHT="48" WIDTH="259" VPOS="2178" HPOS="1683"/>
<SP HEIGHT="39" WIDTH="33" VPOS="2180" HPOS="1943"/>
<String CONTENT="under" HEIGHT="41" WIDTH="155" VPOS="2180" HPOS="1977"/>
</TextLine>
<TextLine HEIGHT="107" WIDTH="2017" VPOS="2233" HPOS="116" CS="1">
<String CONTENT="the" HEIGHT="41" WIDTH="80" VPOS="2236" HPOS="117"/>
<SP HEIGHT="30" WIDTH="42" VPOS="2246" HPOS="198"/>
<String CONTENT="award" HEIGHT="40" WIDTH="169" VPOS="2235" HPOS="241"/>
<SP HEIGHT="40" WIDTH="41" VPOS="2235" HPOS="411"/>
<String CONTENT="offered" HEIGHT="42" WIDTH="184" VPOS="2233" HPOS="453"/>
<SP HEIGHT="40" WIDTH="39" VPOS="2233" HPOS="638"/>
<String CONTENT="by" HEIGHT="48" WIDTH="63" VPOS="2233" HPOS="678"/>
<SP HEIGHT="48" WIDTH="40" VPOS="2233" HPOS="742"/>
<String CONTENT="Florence" HEIGHT="40" WIDTH="231" VPOS="2233" HPOS="783"/>
<SP HEIGHT="39" WIDTH="41" VPOS="2234" HPOS="1015"/>
<String CONTENT="Brooks-Aten," HEIGHT="47" WIDTH="351" VPOS="2233" HPOS="1057"/>
<SP HEIGHT="46" WIDTH="41" VPOS="2234" HPOS="1409"/>
<String CONTENT="founder" HEIGHT="40" WIDTH="211" VPOS="2234" HPOS="1451"/>
<SP HEIGHT="29" WIDTH="41" VPOS="2246" HPOS="1663"/>
<String CONTENT="of" HEIGHT="40" WIDTH="52" VPOS="2235" HPOS="1705"/>
<SP HEIGHT="41" WIDTH="40" VPOS="2235" HPOS="1758"/>
<String CONTENT="the" HEIGHT="40" WIDTH="82" VPOS="2236" HPOS="1799"/>
<SP HEIGHT="40" WIDTH="41" VPOS="2236" HPOS="1882"/>
<String CONTENT="Brooks-Bright" HEIGHT="104" WIDTH="2017" VPOS="2236" HPOS="116"/>
<SP HEIGHT="41" WIDTH="28" VPOS="2291" HPOS="293"/>
<String CONTENT="foundation.&#8221;" HEIGHT="43" WIDTH="340" VPOS="2289" HPOS="322"/>
</TextLine>
<TextLine HEIGHT="50" WIDTH="961" VPOS="2347" HPOS="186" CS="1">
<String CONTENT="Bibliography" HEIGHT="49" WIDTH="354" VPOS="2348" HPOS="186"/>
<SP HEIGHT="38" WIDTH="27" VPOS="2358" HPOS="541"/>
<String CONTENT="at" HEIGHT="39" WIDTH="53" VPOS="2349" HPOS="569"/>
<SP HEIGHT="39" WIDTH="28" VPOS="2349" HPOS="623"/>
<String CONTENT="end" HEIGHT="39" WIDTH="92" VPOS="2348" HPOS="652"/>
<SP HEIGHT="39" WIDTH="30" VPOS="2348" HPOS="745"/>
<String CONTENT="of" HEIGHT="40" WIDTH="52" VPOS="2347" HPOS="776"/>
<SP HEIGHT="40" WIDTH="28" VPOS="2347" HPOS="829"/>
<String CONTENT="chapter" HEIGHT="48" WIDTH="204" VPOS="2347" HPOS="858"/>
<SP HEIGHT="30" WIDTH="28" VPOS="2356" HPOS="1063"/>
<String CS="1" CONTENT="II." HEIGHT="9" WIDTH="10" VPOS="2378" HPOS="1137"/>
</TextLine>
<TextLine HEIGHT="53" WIDTH="1876" VPOS="2417" HPOS="121" CS="1">
<String CONTENT="&#169;" HEIGHT="53" WIDTH="51" VPOS="2417" HPOS="121"/>
<SP HEIGHT="53" WIDTH="25" VPOS="2417" HPOS="173"/>
<String CONTENT="Dec." HEIGHT="40" WIDTH="113" VPOS="2421" HPOS="199"/>
<SP HEIGHT="40" WIDTH="24" VPOS="2421" HPOS="313"/>
<String CONTENT="7." HEIGHT="40" WIDTH="40" VPOS="2421" HPOS="338"/>
<SP HEIGHT="40" WIDTH="24" VPOS="2421" HPOS="379"/>
<String CS="1" CONTENT="1928;" HEIGHT="41" WIDTH="117" VPOS="2419" HPOS="404"/>
<SP HEIGHT="47" WIDTH="25" VPOS="2419" HPOS="549"/>
<String CONTENT="2c." HEIGHT="41" WIDTH="68" VPOS="2419" HPOS="575"/>
<SP HEIGHT="31" WIDTH="26" VPOS="2429" HPOS="644"/>
<String CONTENT="and" HEIGHT="39" WIDTH="97" VPOS="2419" HPOS="671"/>
<SP HEIGHT="39" WIDTH="24" VPOS="2419" HPOS="769"/>
<String CONTENT="aff." HEIGHT="42" WIDTH="82" VPOS="2417" HPOS="794"/>
<SP HEIGHT="41" WIDTH="26" VPOS="2418" HPOS="877"/>
<String CONTENT="Dec." HEIGHT="41" WIDTH="113" VPOS="2418" HPOS="904"/>
<SP HEIGHT="41" WIDTH="25" VPOS="2418" HPOS="1018"/>
<String CS="1" CONTENT="11;" HEIGHT="39" WIDTH="55" VPOS="2418" HPOS="1044"/>
<SP HEIGHT="47" WIDTH="27" VPOS="2418" HPOS="1128"/>
<!-- cceid 2A758C41-6CB2-1014-A20E-B9D6251C946A --><String CONTENT="A" HEIGHT="39" WIDTH="42" VPOS="2418" HPOS="1156"/>
<SP HEIGHT="41" WIDTH="23" VPOS="2418" HPOS="1199"/>
<String CS="1" CONTENT="3142;" HEIGHT="41" WIDTH="116" VPOS="2418" HPOS="1223"/>
<SP HEIGHT="37" WIDTH="12" VPOS="2429" HPOS="1368"/>
<String CONTENT="Yale" HEIGHT="39" WIDTH="120" VPOS="2419" HPOS="1395"/>
<SP HEIGHT="30" WIDTH="27" VPOS="2429" HPOS="1516"/>
<String CONTENT="university" HEIGHT="50" WIDTH="275" VPOS="2419" HPOS="1544"/>
<SP HEIGHT="38" WIDTH="24" VPOS="2432" HPOS="1820"/>
<String CONTENT="press." HEIGHT="38" WIDTH="152" VPOS="2432" HPOS="1845"/>
</TextLine>
<TextLine HEIGHT="51" WIDTH="283" VPOS="2476" HPOS="197">
<String CONTENT="(28-30992)" HEIGHT="51" WIDTH="283" VPOS="2476" HPOS="197"/>
</TextLine>
<TextLine HEIGHT="69" WIDTH="1193" VPOS="2569" HPOS="117" STYLEREFS="StyleId-58CDDEDF-3BBA-44E4-9092-7FC940660C57-">
<String LANG="en-US" CONTENT="Cochrane" HEIGHT="55" WIDTH="303" VPOS="2571" HPOS="117"/>
<SP HEIGHT="37" WIDTH="31" VPOS="2587" HPOS="421"/>
<String LANG="en-US" CONTENT="corporation," HEIGHT="65" WIDTH="395" VPOS="2569" HPOS="453"/>
<SP HEIGHT="61" WIDTH="31" VPOS="2571" HPOS="849"/>
<String LANG="fr" CONTENT="Philadelphia." HEIGHT="68" WIDTH="429" VPOS="2570" HPOS="881"/>
</TextLine>
<TextLine HEIGHT="134" WIDTH="1995" VPOS="2647" HPOS="115" STYLEREFS="StyleId-1B51ECFE-A3FD-44DE-BB0F-F1F92390A3E7-" CS="1">
<String CONTENT="Finding" HEIGHT="71" WIDTH="261" VPOS="2647" HPOS="186"/>
<SP HEIGHT="52" WIDTH="29" VPOS="2666" HPOS="448"/>
<String CONTENT="and" HEIGHT="54" WIDTH="115" VPOS="2648" HPOS="478"/>
<SP HEIGHT="54" WIDTH="29" VPOS="2648" HPOS="594"/>
<String CONTENT="stopping" HEIGHT="69" WIDTH="278" VPOS="2647" HPOS="624"/>
<SP HEIGHT="51" WIDTH="27" VPOS="2665" HPOS="903"/>
<String CONTENT="waste" HEIGHT="50" WIDTH="176" VPOS="2651" HPOS="931"/>
<SP HEIGHT="54" WIDTH="24" VPOS="2647" HPOS="1108"/>
<String CONTENT="in" HEIGHT="53" WIDTH="61" VPOS="2647" HPOS="1133"/>
<SP HEIGHT="35" WIDTH="28" VPOS="2665" HPOS="1195"/>
<String CONTENT="modern" HEIGHT="53" WIDTH="238" VPOS="2648" HPOS="1224"/>
<SP HEIGHT="53" WIDTH="28" VPOS="2648" HPOS="1463"/>
<String CONTENT="boiler" HEIGHT="54" WIDTH="184" VPOS="2648" HPOS="1492"/>
<SP HEIGHT="32" WIDTH="26" VPOS="2670" HPOS="1677"/>
<String CS="1" CONTENT="rooms;" HEIGHT="36" WIDTH="189" VPOS="2668" HPOS="1704"/>
<SP HEIGHT="49" WIDTH="33" VPOS="2669" HPOS="1921"/>
<String CONTENT="a" HEIGHT="35" WIDTH="31" VPOS="2669" HPOS="1955"/>
<SP HEIGHT="35" WIDTH="28" VPOS="2669" HPOS="1987"/>
<String CONTENT="reference" HEIGHT="131" WIDTH="1995" VPOS="2650" HPOS="115"/>
</TextLine>
<TextLine HEIGHT="149" WIDTH="1994" VPOS="2726" HPOS="115" STYLEREFS="StyleId-1B51ECFE-A3FD-44DE-BB0F-F1F92390A3E7-" CS="1">
<String CONTENT="manual" HEIGHT="52" WIDTH="235" VPOS="2727" HPOS="340"/>
<SP HEIGHT="51" WIDTH="31" VPOS="2727" HPOS="576"/>
<String CONTENT="to" HEIGHT="48" WIDTH="59" VPOS="2730" HPOS="608"/>
<SP HEIGHT="36" WIDTH="32" VPOS="2743" HPOS="668"/>
<String CONTENT="aid" HEIGHT="53" WIDTH="95" VPOS="2726" HPOS="701"/>
<SP HEIGHT="53" WIDTH="31" VPOS="2726" HPOS="797"/>
<String CONTENT="the" HEIGHT="53" WIDTH="97" VPOS="2726" HPOS="829"/>
<SP HEIGHT="35" WIDTH="31" VPOS="2744" HPOS="927"/>
<String CONTENT="owner," HEIGHT="50" WIDTH="208" VPOS="2743" HPOS="959"/>
<SP HEIGHT="49" WIDTH="30" VPOS="2744" HPOS="1168"/>
<String CONTENT="manager" HEIGHT="51" WIDTH="278" VPOS="2744" HPOS="1199"/>
<SP HEIGHT="35" WIDTH="30" VPOS="2745" HPOS="1478"/>
<String CONTENT="and" HEIGHT="54" WIDTH="114" VPOS="2727" HPOS="1509"/>
<SP HEIGHT="54" WIDTH="31" VPOS="2727" HPOS="1624"/>
<String CONTENT="operator" HEIGHT="62" WIDTH="270" VPOS="2734" HPOS="1656"/>
<SP HEIGHT="52" WIDTH="29" VPOS="2730" HPOS="1927"/>
<String CONTENT="in" HEIGHT="53" WIDTH="60" VPOS="2730" HPOS="1957"/>
<SP HEIGHT="35" WIDTH="32" VPOS="2749" HPOS="2018"/>
<String CONTENT="securing" HEIGHT="126" WIDTH="1994" VPOS="2749" HPOS="115"/>
<SP HEIGHT="52" WIDTH="30" VPOS="2823" HPOS="320"/>
<String CONTENT="and" HEIGHT="53" WIDTH="114" VPOS="2805" HPOS="351"/>
</TextLine>
<TextLine HEIGHT="72" WIDTH="1635" VPOS="2803" HPOS="497" STYLEREFS="StyleId-1B51ECFE-A3FD-44DE-BB0F-F1F92390A3E7-" CS="1">
<String CONTENT="maintaining" HEIGHT="70" WIDTH="391" VPOS="2803" HPOS="497"/>
<SP HEIGHT="70" WIDTH="27" VPOS="2803" HPOS="889"/>
<String CONTENT="boiler" HEIGHT="53" WIDTH="184" VPOS="2803" HPOS="917"/>
<SP HEIGHT="49" WIDTH="29" VPOS="2823" HPOS="1102"/>
<String CONTENT="plant" HEIGHT="69" WIDTH="170" VPOS="2803" HPOS="1132"/>
<SP HEIGHT="48" WIDTH="28" VPOS="2809" HPOS="1303"/>
<String CONTENT="economy" HEIGHT="52" WIDTH="272" VPOS="2823" HPOS="1332"/>
<SP HEIGHT="51" WIDTH="34" VPOS="2824" HPOS="1605"/>
<String CS="1" CONTENT="&#8230;"/>
<SP HEIGHT="49" WIDTH="79" VPOS="2810" HPOS="1697"/>
<String CONTENT="3d" HEIGHT="53" WIDTH="72" VPOS="2808" HPOS="1777"/>
<SP HEIGHT="53" WIDTH="29" VPOS="2808" HPOS="1850"/>
<String CONTENT="ed.," HEIGHT="65" WIDTH="104" VPOS="2808" HPOS="1880"/>
<SP HEIGHT="45" WIDTH="30" VPOS="2828" HPOS="1985"/>
<String CONTENT="rev." HEIGHT="36" WIDTH="116" VPOS="2827" HPOS="2016"/>
</TextLine>
<TextLine HEIGHT="73" WIDTH="1873" VPOS="2881" HPOS="116" STYLEREFS="StyleId-1B51ECFE-A3FD-44DE-BB0F-F1F92390A3E7-" CS="1">
<String CONTENT="and" HEIGHT="52" WIDTH="111" VPOS="2885" HPOS="116"/>
<SP HEIGHT="52" WIDTH="33" VPOS="2885" HPOS="228"/>
<String CONTENT="enl." HEIGHT="52" WIDTH="108" VPOS="2885" HPOS="262"/>
<SP HEIGHT="54" WIDTH="73" VPOS="2883" HPOS="371"/>
<String CONTENT="Philadelphia," HEIGHT="68" WIDTH="431" VPOS="2882" HPOS="445"/>
<SP HEIGHT="54" WIDTH="31" VPOS="2883" HPOS="877"/>
<String CONTENT="Pa.," HEIGHT="67" WIDTH="121" VPOS="2883" HPOS="909"/>
<SP HEIGHT="69" WIDTH="34" VPOS="2881" HPOS="1031"/>
<String CONTENT="Cochrane" HEIGHT="55" WIDTH="295" VPOS="2881" HPOS="1066"/>
<SP HEIGHT="35" WIDTH="28" VPOS="2901" HPOS="1362"/>
<String CONTENT="corporation" HEIGHT="68" WIDTH="368" VPOS="2884" HPOS="1391"/>
<SP HEIGHT="49" WIDTH="36" VPOS="2904" HPOS="1760"/>
<String CS="1" CONTENT="[&#7580;1928]" HEIGHT="66" WIDTH="192" VPOS="2888" HPOS="1797"/>
</TextLine>
<TextLine HEIGHT="52" WIDTH="801" VPOS="2964" HPOS="185" CS="1">
<String CONTENT="788" HEIGHT="41" WIDTH="89" VPOS="2968" HPOS="185"/>
<SP HEIGHT="48" WIDTH="30" VPOS="2968" HPOS="275"/>
<String CONTENT="p." HEIGHT="38" WIDTH="45" VPOS="2978" HPOS="306"/>
<SP HEIGHT="42" WIDTH="57" VPOS="2966" HPOS="352"/>
<String CONTENT="illus.," HEIGHT="48" WIDTH="147" VPOS="2966" HPOS="410"/>
<SP HEIGHT="47" WIDTH="38" VPOS="2967" HPOS="558"/>
<String CONTENT="diagrs." HEIGHT="49" WIDTH="181" VPOS="2965" HPOS="597"/>
<SP HEIGHT="42" WIDTH="57" VPOS="2964" HPOS="779"/>
<String CS="1" CONTENT="18&#189;&#7580;&#7504;." HEIGHT="42" WIDTH="149" VPOS="2964" HPOS="837"/>
</TextLine>
<TextLine HEIGHT="45" WIDTH="794" VPOS="3020" HPOS="186">
<String CONTENT="&#8220;Publication" HEIGHT="42" WIDTH="339" VPOS="3023" HPOS="186"/>
<SP HEIGHT="30" WIDTH="42" VPOS="3034" HPOS="526"/>
<String CONTENT="number" HEIGHT="40" WIDTH="205" VPOS="3023" HPOS="569"/>
<SP HEIGHT="40" WIDTH="43" VPOS="3022" HPOS="775"/>
<String CONTENT="1600.&#8221;" HEIGHT="43" WIDTH="161" VPOS="3020" HPOS="819"/>
</TextLine>
<TextLine HEIGHT="57" WIDTH="2011" VPOS="3077" HPOS="120">
<String CONTENT="&#169;" HEIGHT="53" WIDTH="51" VPOS="3077" HPOS="120"/>
<SP HEIGHT="53" WIDTH="27" VPOS="3077" HPOS="172"/>
<String CONTENT="Aug." HEIGHT="47" WIDTH="120" VPOS="3082" HPOS="200"/>
<SP HEIGHT="40" WIDTH="26" VPOS="3082" HPOS="321"/>
<String CONTENT="31," HEIGHT="47" WIDTH="71" VPOS="3081" HPOS="348"/>
<SP HEIGHT="47" WIDTH="28" VPOS="3081" HPOS="420"/>
<String CONTENT="1928;" HEIGHT="47" WIDTH="142" VPOS="3080" HPOS="449"/>
<SP HEIGHT="46" WIDTH="28" VPOS="3081" HPOS="592"/>
<String CONTENT="2c." HEIGHT="39" WIDTH="68" VPOS="3081" HPOS="621"/>
<SP HEIGHT="41" WIDTH="30" VPOS="3079" HPOS="690"/>
<String CONTENT="Sept." HEIGHT="48" WIDTH="129" VPOS="3079" HPOS="721"/>
<SP HEIGHT="40" WIDTH="27" VPOS="3079" HPOS="851"/>
<String CONTENT="14;" HEIGHT="46" WIDTH="84" VPOS="3079" HPOS="879"/>
<SP HEIGHT="36" WIDTH="30" VPOS="3089" HPOS="964"/>
<String CONTENT="aff." HEIGHT="43" WIDTH="82" VPOS="3077" HPOS="995"/>
<SP HEIGHT="42" WIDTH="31" VPOS="3078" HPOS="1078"/>
<String CONTENT="Sept." HEIGHT="49" WIDTH="130" VPOS="3078" HPOS="1110"/>
<SP HEIGHT="40" WIDTH="29" VPOS="3079" HPOS="1241"/>
<String CONTENT="13;" HEIGHT="47" WIDTH="82" VPOS="3079" HPOS="1271"/>
<SP HEIGHT="47" WIDTH="31" VPOS="3079" HPOS="1354"/>
<!-- cceid 2A75A21E-6CB2-1014-A20E-B9D6251C946A --><String CONTENT="A" HEIGHT="39" WIDTH="42" VPOS="3079" HPOS="1386"/>
<SP HEIGHT="39" WIDTH="26" VPOS="3079" HPOS="1429"/>
<String CONTENT="1053486;" HEIGHT="49" WIDTH="232" VPOS="3080" HPOS="1456"/>
<SP HEIGHT="48" WIDTH="31" VPOS="3081" HPOS="1689"/>
<String CONTENT="Cochrane" HEIGHT="43" WIDTH="253" VPOS="3081" HPOS="1721"/>
<SP HEIGHT="30" WIDTH="26" VPOS="3095" HPOS="1975"/>
<String CONTENT="corp." HEIGHT="38" WIDTH="129" VPOS="3096" HPOS="2002"/>
</TextLine>
<TextLine HEIGHT="51" WIDTH="282" VPOS="3137" HPOS="197">
<String CONTENT="(28-31000)" HEIGHT="51" WIDTH="282" VPOS="3137" HPOS="197"/>
</TextLine>
<TextLine HEIGHT="65" WIDTH="864" VPOS="3230" HPOS="114" STYLEREFS="StyleId-58CDDEDF-3BBA-44E4-9092-7FC940660C57-">
<String CONTENT="Daniel," HEIGHT="64" WIDTH="227" VPOS="3231" HPOS="114"/>
<SP HEIGHT="63" WIDTH="34" VPOS="3232" HPOS="342"/>
<String CONTENT="Hawthorne," HEIGHT="63" WIDTH="389" VPOS="3230" HPOS="377"/>
<SP HEIGHT="58" WIDTH="38" VPOS="3235" HPOS="767"/>
<String CONTENT="1890-" HEIGHT="51" WIDTH="172" VPOS="3234" HPOS="806"/>
</TextLine>
<TextLine HEIGHT="77" WIDTH="1944" VPOS="3308" HPOS="189" STYLEREFS="StyleId-1B51ECFE-A3FD-44DE-BB0F-F1F92390A3E7-" CS="1">
<String CONTENT="The" HEIGHT="53" WIDTH="123" VPOS="3311" HPOS="189"/>
<SP HEIGHT="35" WIDTH="37" VPOS="3329" HPOS="313"/>
<String CONTENT="clipper" HEIGHT="67" WIDTH="224" VPOS="3310" HPOS="351"/>
<SP HEIGHT="33" WIDTH="37" VPOS="3329" HPOS="576"/>
<String CONTENT="ship," HEIGHT="69" WIDTH="150" VPOS="3308" HPOS="614"/>
<SP HEIGHT="59" WIDTH="38" VPOS="3308" HPOS="765"/>
<String CONTENT="by" HEIGHT="69" WIDTH="76" VPOS="3308" HPOS="804"/>
<SP HEIGHT="69" WIDTH="38" VPOS="3308" HPOS="881"/>
<String CONTENT="Hawthorne" HEIGHT="54" WIDTH="364" VPOS="3308" HPOS="920"/>
<SP HEIGHT="52" WIDTH="37" VPOS="3310" HPOS="1285"/>
<String CONTENT="Daniel" HEIGHT="52" WIDTH="211" VPOS="3310" HPOS="1323"/>
<SP HEIGHT="52" WIDTH="47" VPOS="3311" HPOS="1535"/>
<String CS="1" CONTENT="&#8230;"/>
<SP HEIGHT="52" WIDTH="45" VPOS="3313" HPOS="1639"/>
<String CONTENT="illustrated" HEIGHT="56" WIDTH="327" VPOS="3313" HPOS="1685"/>
<SP HEIGHT="55" WIDTH="43" VPOS="3315" HPOS="2013"/>
<String CONTENT="by" HEIGHT="70" WIDTH="76" VPOS="3315" HPOS="2057"/>
</TextLine>
<TextLine HEIGHT="76" WIDTH="2011" VPOS="3386" HPOS="119" STYLEREFS="StyleId-1B51ECFE-A3FD-44DE-BB0F-F1F92390A3E7-">
<String CONTENT="Frank" HEIGHT="54" WIDTH="199" VPOS="3388" HPOS="119"/>
<SP HEIGHT="55" WIDTH="29" VPOS="3388" HPOS="319"/>
<String CONTENT="J." HEIGHT="54" WIDTH="55" VPOS="3389" HPOS="349"/>
<SP HEIGHT="52" WIDTH="32" VPOS="3388" HPOS="405"/>
<String CONTENT="Rigney." HEIGHT="69" WIDTH="244" VPOS="3388" HPOS="438"/>
<SP HEIGHT="52" WIDTH="66" VPOS="3387" HPOS="683"/>
<String CONTENT="New" HEIGHT="52" WIDTH="141" VPOS="3387" HPOS="750"/>
<SP HEIGHT="52" WIDTH="30" VPOS="3387" HPOS="892"/>
<String CONTENT="York," HEIGHT="66" WIDTH="182" VPOS="3386" HPOS="923"/>
<SP HEIGHT="65" WIDTH="28" VPOS="3387" HPOS="1106"/>
<String CONTENT="Dodd," HEIGHT="57" WIDTH="193" VPOS="3387" HPOS="1135"/>
<SP HEIGHT="57" WIDTH="29" VPOS="3387" HPOS="1329"/>
<String CONTENT="Mead" HEIGHT="54" WIDTH="172" VPOS="3387" HPOS="1359"/>
<SP HEIGHT="52" WIDTH="32" VPOS="3389" HPOS="1532"/>
<String CONTENT="&amp;" HEIGHT="50" WIDTH="46" VPOS="3391" HPOS="1565"/>
<SP HEIGHT="51" WIDTH="31" VPOS="3391" HPOS="1612"/>
<String CONTENT="company," HEIGHT="54" WIDTH="300" VPOS="3408" HPOS="1644"/>
<SP HEIGHT="59" WIDTH="34" VPOS="3398" HPOS="1945"/>
<String CONTENT="1928." HEIGHT="51" WIDTH="150" VPOS="3398" HPOS="1980"/>
</TextLine>
<TextLine HEIGHT="52" WIDTH="1118" VPOS="3468" HPOS="189" CS="1">
<String CONTENT="5" HEIGHT="40" WIDTH="27" VPOS="3472" HPOS="189"/>
<SP HEIGHT="48" WIDTH="22" VPOS="3472" HPOS="217"/>
<String LANG="fr" CONTENT="p." HEIGHT="38" WIDTH="44" VPOS="3482" HPOS="240"/>
<SP/>
<String LANG="fr" CS="1" CONTENT="l.,"/>
<SP/>
<String CONTENT="277" HEIGHT="40" WIDTH="87" VPOS="3471" HPOS="383"/>
<SP HEIGHT="47" WIDTH="24" VPOS="3471" HPOS="471"/>
<String CONTENT="p." HEIGHT="37" WIDTH="44" VPOS="3481" HPOS="496"/>
<SP HEIGHT="42" WIDTH="51" VPOS="3468" HPOS="541"/>
<String CONTENT="front.," HEIGHT="47" WIDTH="167" VPOS="3468" HPOS="593"/>
<SP HEIGHT="46" WIDTH="25" VPOS="3469" HPOS="761"/>
<String CONTENT="illus.," HEIGHT="43" WIDTH="145" VPOS="3469" HPOS="787"/>
<SP HEIGHT="38" WIDTH="25" VPOS="3479" HPOS="933"/>
<String CONTENT="plates." HEIGHT="47" WIDTH="174" VPOS="3470" HPOS="959"/>
<SP HEIGHT="41" WIDTH="53" VPOS="3469" HPOS="1134"/>
<String CS="1" CONTENT="21&#7580;&#7504;." HEIGHT="42" WIDTH="119" VPOS="3469" HPOS="1188"/>
</TextLine>
<TextLine HEIGHT="48" WIDTH="692" VPOS="3526" HPOS="188">
<String CONTENT="Illustrated" HEIGHT="41" WIDTH="291" VPOS="3527" HPOS="188"/>
<SP HEIGHT="40" WIDTH="31" VPOS="3527" HPOS="480"/>
<String CONTENT="lining-papers." HEIGHT="48" WIDTH="368" VPOS="3526" HPOS="512"/>
</TextLine>
<TextLine HEIGHT="56" WIDTH="1998" VPOS="3581" HPOS="119" CS="1">
<String CONTENT="&#169;" HEIGHT="53" WIDTH="52" VPOS="3581" HPOS="119"/>
<SP HEIGHT="53" WIDTH="26" VPOS="3581" HPOS="172"/>
<String CONTENT="Oct." HEIGHT="41" WIDTH="104" VPOS="3585" HPOS="199"/>
<SP HEIGHT="41" WIDTH="23" VPOS="3585" HPOS="304"/>
<String CONTENT="12," HEIGHT="42" WIDTH="70" VPOS="3585" HPOS="328"/>
<SP HEIGHT="43" WIDTH="26" VPOS="3584" HPOS="399"/>
<String CS="1" CONTENT="1928;" HEIGHT="41" WIDTH="115" VPOS="3583" HPOS="426"/>
<SP HEIGHT="46" WIDTH="26" VPOS="3584" HPOS="568"/>
<String CONTENT="2c." HEIGHT="40" WIDTH="69" VPOS="3584" HPOS="595"/>
<SP HEIGHT="42" WIDTH="26" VPOS="3582" HPOS="665"/>
<String CONTENT="Oct." HEIGHT="42" WIDTH="102" VPOS="3582" HPOS="692"/>
<SP HEIGHT="42" WIDTH="26" VPOS="3582" HPOS="795"/>
<String CS="1" CONTENT="17:" HEIGHT="41" WIDTH="56" VPOS="3582" HPOS="822"/>
<SP HEIGHT="31" WIDTH="27" VPOS="3593" HPOS="906"/>
<String CONTENT="aff." HEIGHT="41" WIDTH="83" VPOS="3582" HPOS="934"/>
<SP HEIGHT="42" WIDTH="27" VPOS="3582" HPOS="1018"/>
<String CONTENT="Oct." HEIGHT="42" WIDTH="103" VPOS="3582" HPOS="1046"/>
<SP HEIGHT="40" WIDTH="25" VPOS="3584" HPOS="1150"/>
<String CS="1" CONTENT="20;" HEIGHT="40" WIDTH="58" VPOS="3584" HPOS="1176"/>
<SP HEIGHT="46" WIDTH="27" VPOS="3584" HPOS="1261"/>
<!-- cceid 2A75B808-6CB2-1014-A20E-B9D6251C946A --><String CONTENT="A" HEIGHT="39" WIDTH="42" VPOS="3584" HPOS="1289"/>
<SP HEIGHT="39" WIDTH="23" VPOS="3584" HPOS="1332"/>
<String CS="1" CONTENT="2203;" HEIGHT="40" WIDTH="114" VPOS="3585" HPOS="1356"/>
<SP HEIGHT="46" WIDTH="28" VPOS="3586" HPOS="1500"/>
<String CONTENT="H." HEIGHT="41" WIDTH="61" VPOS="3586" HPOS="1529"/>
<SP HEIGHT="40" WIDTH="27" VPOS="3587" HPOS="1591"/>
<String CONTENT="Daniel," HEIGHT="50" WIDTH="191" VPOS="3587" HPOS="1619"/>
<SP HEIGHT="47" WIDTH="26" VPOS="3590" HPOS="1811"/>
<String CONTENT="New" HEIGHT="41" WIDTH="119" VPOS="3590" HPOS="1838"/>
<SP HEIGHT="39" WIDTH="25" VPOS="3593" HPOS="1958"/>
<String CONTENT="York" HEIGHT="41" WIDTH="133" VPOS="3593" HPOS="1984"/>
</TextLine>
<TextLine HEIGHT="50" WIDTH="284" VPOS="3641" HPOS="197">
<String CONTENT="(28-30951)" HEIGHT="50" WIDTH="284" VPOS="3641" HPOS="197"/>
</TextLine>
<TextLine HEIGHT="70" WIDTH="586" VPOS="3734" HPOS="114" STYLEREFS="StyleId-58CDDEDF-3BBA-44E4-9092-7FC940660C57-">
<String CONTENT="Dell," HEIGHT="63" WIDTH="146" VPOS="3735" HPOS="114"/>
<SP HEIGHT="63" WIDTH="31" VPOS="3735" HPOS="261"/>
<String CONTENT="John," HEIGHT="64" WIDTH="176" VPOS="3734" HPOS="293"/>
<SP HEIGHT="50" WIDTH="35" VPOS="3754" HPOS="470"/>
<String CONTENT="pseud." HEIGHT="68" WIDTH="194" VPOS="3736" HPOS="506"/>
</TextLine>
<TextLine HEIGHT="78" WIDTH="1949" VPOS="3811" HPOS="184" STYLEREFS="StyleId-1B51ECFE-A3FD-44DE-BB0F-F1F92390A3E7-">
<String CONTENT="Layouts" HEIGHT="67" WIDTH="256" VPOS="3813" HPOS="184"/>
<SP HEIGHT="55" WIDTH="36" VPOS="3811" HPOS="441"/>
<String CONTENT="for" HEIGHT="53" WIDTH="96" VPOS="3811" HPOS="478"/>
<SP HEIGHT="33" WIDTH="35" VPOS="3831" HPOS="575"/>
<String CONTENT="advertising:" HEIGHT="67" WIDTH="385" VPOS="3811" HPOS="611"/>
<SP HEIGHT="34" WIDTH="42" VPOS="3830" HPOS="997"/>
<String CONTENT="a" HEIGHT="34" WIDTH="32" VPOS="3830" HPOS="1040"/>
<SP HEIGHT="34" WIDTH="37" VPOS="3830" HPOS="1073"/>
<String CONTENT="useful" HEIGHT="54" WIDTH="192" VPOS="3811" HPOS="1111"/>
<SP HEIGHT="52" WIDTH="36" VPOS="3813" HPOS="1304"/>
<String CONTENT="handbook" HEIGHT="55" WIDTH="310" VPOS="3813" HPOS="1341"/>
<SP HEIGHT="54" WIDTH="36" VPOS="3815" HPOS="1652"/>
<String CONTENT="of" HEIGHT="53" WIDTH="66" VPOS="3816" HPOS="1689"/>
<SP HEIGHT="56" WIDTH="34" VPOS="3816" HPOS="1756"/>
<String CONTENT="700" HEIGHT="54" WIDTH="103" VPOS="3818" HPOS="1791"/>
<SP HEIGHT="53" WIDTH="37" VPOS="3819" HPOS="1895"/>
<String CONTENT="layout" HEIGHT="70" WIDTH="200" VPOS="3819" HPOS="1933"/>
</TextLine>
<TextLine HEIGHT="75" WIDTH="2018" VPOS="3889" HPOS="115" STYLEREFS="StyleId-1B51ECFE-A3FD-44DE-BB0F-F1F92390A3E7-">
<String CONTENT="suggestions" HEIGHT="71" WIDTH="360" VPOS="3889" HPOS="115"/>
<SP HEIGHT="35" WIDTH="32" VPOS="3908" HPOS="476"/>
<String CONTENT="used" HEIGHT="53" WIDTH="138" VPOS="3889" HPOS="509"/>
<SP HEIGHT="53" WIDTH="36" VPOS="3889" HPOS="648"/>
<String CONTENT="in" HEIGHT="52" WIDTH="60" VPOS="3889" HPOS="685"/>
<SP HEIGHT="34" WIDTH="34" VPOS="3907" HPOS="746"/>
<String CONTENT="magazines," HEIGHT="69" WIDTH="344" VPOS="3889" HPOS="781"/>
<SP HEIGHT="39" WIDTH="35" VPOS="3908" HPOS="1126"/>
<String CONTENT="newspapers," HEIGHT="50" WIDTH="383" VPOS="3908" HPOS="1162"/>
<SP HEIGHT="65" WIDTH="34" VPOS="3893" HPOS="1546"/>
<String CONTENT="booklets," HEIGHT="69" WIDTH="275" VPOS="3893" HPOS="1581"/>
<SP HEIGHT="65" WIDTH="38" VPOS="3897" HPOS="1857"/>
<String CONTENT="folders," HEIGHT="67" WIDTH="237" VPOS="3897" HPOS="1896"/>
</TextLine>
<TextLine HEIGHT="71" WIDTH="2019" VPOS="3967" HPOS="114" STYLEREFS="StyleId-1B51ECFE-A3FD-44DE-BB0F-F1F92390A3E7-" CS="1">
<String CONTENT="broadsides," HEIGHT="69" WIDTH="350" VPOS="3968" HPOS="114"/>
<SP HEIGHT="68" WIDTH="43" VPOS="3969" HPOS="465"/>
<String CONTENT="letterheads" HEIGHT="55" WIDTH="346" VPOS="3967" HPOS="509"/>
<SP HEIGHT="35" WIDTH="43" VPOS="3986" HPOS="856"/>
<String CONTENT="and" HEIGHT="54" WIDTH="113" VPOS="3967" HPOS="900"/>
<SP HEIGHT="68" WIDTH="44" VPOS="3967" HPOS="1014"/>
<String CONTENT="posters," HEIGHT="64" WIDTH="239" VPOS="3973" HPOS="1059"/>
<SP HEIGHT="49" WIDTH="42" VPOS="3988" HPOS="1299"/>
<String CONTENT="with" HEIGHT="57" WIDTH="143" VPOS="3968" HPOS="1342"/>
<SP HEIGHT="56" WIDTH="42" VPOS="3969" HPOS="1486"/>
<String CONTENT="specimens" HEIGHT="66" WIDTH="314" VPOS="3972" HPOS="1529"/>
<SP HEIGHT="39" WIDTH="41" VPOS="3995" HPOS="1844"/>
<String CONTENT="of" HEIGHT="58" WIDTH="66" VPOS="3976" HPOS="1886"/>
<SP HEIGHT="57" WIDTH="40" VPOS="3976" HPOS="1953"/>
<String CS="1" CONTENT="type" HEIGHT="54" WIDTH="139" VPOS="3984" HPOS="1994"/>
</TextLine>
</TextBlock>
</PrintSpace>
</Page>
</Layout>
</alto>