2498 4384
1175 4016 135 52 1662

339 437 1936 50 1 v . 15 ½ ᶜᵐ. (Das drama der gegen wart, analysen zeitgenössischer
263 493 194 41 bühnen
461 494 185 50 werke)

336 551 73 41 On
434 561 168 30 cover:
631 552 225 40 Reclaims
883 552 248 40 universal
1156 552 285 40 bibliothek.
1500 563 73 30 nr.
1599 553 129 41 6846.

273 603 51 52 ©
352 609 124 39 Mar.
503 608 68 47 13,
600 608 140 47 1928;
771 609 67 40 1c.
867 609 117 48 July
1010 609 83 47 18;
1122 609 42 39 A
1164 609 272 48 —Foreign
1463 609 171 47 39637;
1666 609 197 49 Philipp
1890 611 199 40 Reclam
2118 612 103 46 jun.

350 664 282 50 (28-25191)

262 744 204 65 Hicks,
505 745 203 54 James
745 745 66 55 L.

333 823 123 54 The
501 823 301 69 Aquarian
848 842 121 51 age,
1016 830 330 63 astronomy
1392 826 114 51 and
1553 826 320 67 astrology;
1923 844 31 33 a
2002 825 273 54 scientific

261 901 174 68 study
474 901 128 52 that
639 907 262 47 connects
939 920 135 34 man
1113 902 141 53 with
1292 903 97 52 the
1427 903 279 67 universe,
1744 922 64 33 or
1846 904 315 68 planetary,
261 904 1989 132 influences

551 997 157 50 upon
756 979 97 54 the
901 980 261 69 physical
1212 980 115 53 and
1371 981 215 52 mental
1635 986 203 47 nature
1887 980 65 54 of
1997 1000 153 49 man,
2198 982 76 69 by

260 1056 1939 71 James L. Hicks … Culver City, Calif., J. L. Hicks [1928]
331 1141 1221 49 125 p. front. (port.) plates. 20 ᶜᵐ. $1.00
268 1193 52 52 ©
349 1198 121 48 Aug.
502 1198 67 47 13,
600 1197 142 47 1928;
773 1198 69 39 2c.
872 1200 94 39 and
998 1197 82 40 aff.
1112 1197 103 41 Oct.
1247 1198 82 46 13;
1362 1197 39 39 A
1434 1197 231 48 1053963;
1698 1198 44 41 J.
1772 1200 52 38 L.
1855 1198 167 49 Hicks,
2056 1200 93 39 Los
334 1200 1919 100 Angeles.

551 1253 281 48 (28-24611)

261 1336 121 51 The
409 1333 148 64 high
586 1336 190 53 school
806 1335 294 54 Standard
1128 1335 324 67 dictionary
1482 1333 65 54 of
1573 1334 96 53 the
1695 1334 249 70 English
1969 1336 303 70 language,

329 1413 273 68 designed
639 1418 58 47 to
734 1413 131 68 give
900 1414 96 54 the
1033 1412 417 69 orthography,
1489 1411 461 69 pronunciation,
1986 1415 288 69 meaning,

329 1491 114 52 and
486 1491 288 68 etymology
855 1490 65 53 of
962 1491 174 52 about
1179 1494 189 63 83,000
1412 1491 187 53 words
1642 1491 114 52 and
1797 1491 235 68 phrases
2074 1492 61 53 in
2177 1495 96 51 the

327 1570 202 67 speech
588 1570 114 52 and
760 1570 299 52 literature
1117 1568 65 54 of
1240 1569 97 52 the
1395 1568 557 70 English-speaking
2010 1570 232 69 peoples;

330 1651 154 63 1,200
533 1648 268 67 pictorial
852 1647 412 67 illustrations;
1317 1646 279 70 abridged
1647 1646 155 54 from
1849 1648 97 52 the
1997 1648 174 53 Funk
2219 1651 51 50 &

325 1726 302 69 Wagnalls
656 1744 123 34 new
812 1725 294 55 Standard
1136 1725 325 68 dictionary
1492 1724 65 54 of
1583 1726 97 52 the
1708 1724 247 70 English
1986 1726 287 70 language

324 1803 1924 148 by James C. Fernald … New ed., augmented and carefully
324 1881 1924 147 rev. by Frank H. Vizetelly … New York and London,
485 1960 173 53 Funk
684 1962 44 50 &
756 1960 303 68 Wagnalls
1087 1978 300 50 company,
1420 1962 149 50 1929.

325 2041 602 50 viii, 894 p. illus. 22½ ᶜᵐ.
325 2100 267 40 Published
620 2099 130 41 1928.

326 2157 265 40 Published
634 2157 105 40 also
784 2157 154 39 under
982 2155 110 41 title:
1164 2156 104 39 The
1313 2156 119 40 desk
1480 2155 247 41 Standard
1771 2156 276 48 dictionary
2091 2155 53 41 of
2188 2157 82 40 the

254 2214 206 48 English
483 2215 258 46 language.

262 2267 52 52 ©
343 2271 103 41 Oct.
473 2271 39 43 6.
540 2271 141 46 1928;
710 2271 69 40 2c.
806 2271 96 39 and
930 2269 82 42 aff.
1041 2269 103 41 Oct.
1170 2271 85 45 24;
1285 2270 41 38 A
1353 2269 140 48 1255;
1525 2270 141 41 Funk
1693 2270 37 41 &
1756 2270 252 49 Wagnalls
2064 2281 41 30 co.

339 2328 284 49 (28-24642)

254 2410 232 63 Hogan,
524 2409 154 53 Inez.

326 2486 217 70 Sandy,
572 2485 147 69 Skip
745 2487 114 52 and
885 2486 96 53 the
1006 2485 141 53 Man
1172 2485 62 53 in
1256 2486 97 53 the
1378 2503 186 50 moon,
1588 2485 76 70 by
1689 2486 137 53 Inez
1851 2486 233 69 Hogan,
251 2485 1992 134 illustrated

489 2565 115 54 and
650 2565 302 53 decorated
997 2565 76 69 by
1118 2565 96 53 the
1263 2565 223 53 author.
1561 2563 429 70 Philadelphia,
2036 2565 232 53 Macrae

254 2643 736 70 Smith company [ ᶜ1 928]
319 2726 1167 52 3 p. l. , [1], 93, [2] p. illus. (part col.) 19½ ᶜᵐ.
322 2786 291 40 Illustrated
645 2787 98 45 t.-p.

258 2838 52 52 ©
343 2842 129 48 Sept.
501 2840 69 48 24,
600 2841 116 40 1928;
774 2841 67 41 2c.
872 2842 96 38 and
998 2840 84 41 aff.
1114 2839 102 42 Oct.
1247 2840 57 40 25;
1363 2841 41 38 A
1434 2839 118 41 1269;
1608 2841 198 39 Macrae
1839 2839 158 42 Smith
2028 2851 68 30 co.

335 2898 282 49 (28-24749)

250 2979 341 63 Hollander,
625 2977 272 55 Walther
932 2977 195 64 Georg
1157 2976 287 54 Heinrich
1477 2992 133 49 von,
1645 2982 172 50 1892-

321 3055 159 55 Jetzt
511 3056 138 52 oder
679 3055 110 68 nie,
822 3073 201 34 roman
1055 3073 109 35 von
1196 3055 267 53 Walther
1492 3074 109 33 von
1636 3055 340 53 Hollander.
2054 3056 210 66 Berlin,

251 3133 486 68 Ullstein [ ᶜ1 928]
319 3217 641 49 1 p. l. , 5-266, [1] p. 19 ᶜᵐ.
256 3270 52 52 ©
339 3275 124 39 Mar.
492 3274 69 47 29,
592 3273 115 41 1928;
767 3274 67 40 1c.
865 3273 117 48 July
1011 3273 56 40 18;
1126 3272 315 49 A—Foreign
1471 3273 144 40 39684;
1678 3273 211 40 Ullstein
1920 3285 42 28 a.
1994 3284 42 37 g.

332 3330 284 49 (28-25498)

249 3395 159 64 Holt,
448 3395 213 53 Annon
701 3394 415 65 Washington,
1158 3400 172 49 1891-

319 3474 335 53 Automatic
679 3474 269 69 building
975 3478 145 48 costs;
1180 3493 31 33 a
1239 3474 149 52 book
1413 3473 65 53 of
1504 3474 181 53 tables
1711 3474 129 52 that
1867 3475 130 68 give
2024 3474 236 54 reliable

248 3557 146 47 costs
430 3550 65 54 of
530 3553 79 51 all
643 3557 165 63 types
843 3552 115 53 and
992 3551 140 54 sizes
1168 3550 66 54 of
1269 3551 276 69 ordinary
1581 3552 218 66 houses,
1837 3551 255 68 porches,
247 3553 1988 143 dormers,

449 3635 120 60 etc.,
604 3630 205 52 almost
845 3629 521 68 “automatically”,
1402 3629 76 69 by
1513 3630 70 52 A.
1621 3629 90 53 W.
1748 3629 163 53 Holt.
1986 3628 272 71 Chicago,

247 3707 114 66 Ill.,
391 3707 334 53 Automatic
754 3706 268 71 building
1052 3712 147 48 costs
1230 3725 80 34 co.
1369 3710 152 64 [1928]

313 3789 1208 48 255 p. incl. illus., tables, diagrs., forms. 18½ ᶜᵐ.
316 3846 181 40 “Third
530 3846 197 42 edition.
764 3848 182 45 March,
981 3845 159 42 1928.”

252 3898 52 50 ©
331 3903 115 47 May
470 3903 69 42 23,
566 3903 115 41 1928;
733 3904 68 40 2c.
829 3903 102 41 Oct.
957 3903 81 42 19;
1069 3903 83 40 aff.
1179 3903 103 41 Oct.
1310 3903 81 46 17;
1421 3903 40 39 A
1487 3903 111 41 162;
1628 3902 54 42 A.
1709 3904 72 39 W.
1809 3904 133 40 Holt.
1971 3902 282 42 Oceanside.

320 3959 147 42 Calif.
535 3960 282 49 (28-24603)
