<alto xmlns="http://www.loc.gov/standards/alto/ns-v3#" xmlns:xlink="http://www.w3.org/1999/xlink" xmlns:xsi="http://www.w3.org/2001/XMLSchema-instance" xsi:schemaLocation="http://www.loc.gov/standards/alto/ns-v3# http://www.loc.gov/alto/v3/alto-3-0.xsd"><Description>
<MeasurementUnit>pixel</MeasurementUnit>
<sourceImageInformation>
<fileName>1928_v25_part001.pdf</fileName>
</sourceImageInformation>
<OCRProcessing ID="IdOcr">
<ocrProcessingStep>
<processingDateTime>2019-04-12</processingDateTime>
<processingSoftware>
<softwareCreator>ABBYY</softwareCreator>
<softwareName>ABBYY Recognition Server</softwareName>
<softwareVersion>4.0</softwareVersion>
</processingSoftware>
</ocrProcessingStep>
</OCRProcessing>
</Description>
<Styles>
<ParagraphStyle ID="StyleId-FFFFFFFF-FFFF-FFFF-FFFF-FFFFFFFFFFFF-" ALIGN="Left" LEFT="0." RIGHT="0." FIRSTLINE="0."/>
<ParagraphStyle ID="StyleId-0ECAC0CE-E1F0-4C69-A1B9-95E16886343B-" ALIGN="Left" LEFT="0." RIGHT="0." FIRSTLINE="0." LINESPACE="8.300000191"/>
<ParagraphStyle ID="StyleId-5C6F7A30-EC6F-4250-A8D3-0AE106DCDB5D-" ALIGN="Left" LEFT="0." RIGHT="0." FIRSTLINE="-13." LINESPACE="11.22999954"/>
<ParagraphStyle ID="StyleId-B258737E-7AF8-4B71-A0BF-0A1420B951F9-" ALIGN="Left" LEFT="0." RIGHT="0." FIRSTLINE="-13." LINESPACE="8.210000038"/>
<ParagraphStyle ID="StyleId-35C0EFA5-E89E-4731-B16E-5D3895F12270-" ALIGN="Block" LEFT="0." RIGHT="0." FIRSTLINE="-12." LINESPACE="11.22999954"/>
<ParagraphStyle ID="StyleId-7BD1F9B4-14BB-4AAF-864B-FED8FEA7DC43-" ALIGN="Left" LEFT="0." RIGHT="0." FIRSTLINE="0."/>
<ParagraphStyle ID="StyleId-CD2DA0E5-536D-42AE-AE16-8D9F5C008D5A-" ALIGN="Block" LEFT="0." RIGHT="0." FIRSTLINE="-12." LINESPACE="10."/>
<ParagraphStyle ID="StyleId-AF408F88-EED5-4CE2-A229-3F852C18D9BD-" ALIGN="Block" LEFT="0." RIGHT="0." FIRSTLINE="-14." LINESPACE="10."/>
<ParagraphStyle ID="StyleId-829CD741-943D-4B7B-9638-57AB73DE2567-" ALIGN="Center" LEFT="0." RIGHT="0." FIRSTLINE="0." LINESPACE="9.399999619"/>
<ParagraphStyle ID="StyleId-B271BDFA-6037-4875-BA99-885A067668E9-" ALIGN="Left" LEFT="0." RIGHT="0." FIRSTLINE="-14." LINESPACE="11.21000004"/>
<ParagraphStyle ID="StyleId-64F9C1D8-EA12-4F65-AD18-B72A4C6B556F-" ALIGN="Center" LEFT="0." RIGHT="0." FIRSTLINE="0." LINESPACE="11.60000038"/>
<ParagraphStyle ID="StyleId-44DA2756-E57B-4EF3-9BA4-FC1C14776DE3-" ALIGN="Left" LEFT="0." RIGHT="0." FIRSTLINE="-12." LINESPACE="12.19999981"/>
<ParagraphStyle ID="StyleId-D1D9AF19-8CA6-4F74-9AEC-1B4545205AD7-" ALIGN="Center" LEFT="0." RIGHT="0." FIRSTLINE="0." LINESPACE="11.60000038"/>
<ParagraphStyle ID="StyleId-3ADA1556-6D19-417D-8046-68449BF368BA-" ALIGN="Left" LEFT="0." RIGHT="0." FIRSTLINE="-13." LINESPACE="12.19999981"/>
<ParagraphStyle ID="StyleId-7443A930-B325-44B5-9AB8-B42B4EC78C89-" ALIGN="Block" LEFT="0." RIGHT="0." FIRSTLINE="13." LINESPACE="8.619999886"/>
<ParagraphStyle ID="StyleId-C9A9E480-E448-4934-9AF8-3D252792E396-" ALIGN="Left" LEFT="0." RIGHT="0." FIRSTLINE="-12." LINESPACE="11.38000011"/>
<ParagraphStyle ID="StyleId-73039842-464C-49B9-9440-4C0D0E749DFE-" ALIGN="Center" LEFT="0." RIGHT="0." FIRSTLINE="0." LINESPACE="11.10000038"/>
<ParagraphStyle ID="StyleId-C51F6AC2-80DA-4C65-849C-6E2D5F548EA4-" ALIGN="Left" LEFT="0." RIGHT="0." FIRSTLINE="0." LINESPACE="7.699999809"/>
<ParagraphStyle ID="StyleId-494190D9-BDDC-4834-A745-6AF520F91CD0-" ALIGN="Block" LEFT="0." RIGHT="0." FIRSTLINE="-12." LINESPACE="11.22999954"/>
<ParagraphStyle ID="StyleId-68D39D31-3386-4B28-8C90-DA9420961D78-" ALIGN="Left" LEFT="0." RIGHT="0." FIRSTLINE="0." LINESPACE="11.60000038"/>
<ParagraphStyle ID="StyleId-DF0CE7C7-E73E-44FE-8867-C904BD7F3F42-" ALIGN="Block" LEFT="0." RIGHT="0." FIRSTLINE="0." LINESPACE="12.19999981"/>
</Styles>
<Layout>
<Page ID="Page252" PHYSICAL_IMG_NR="252" HEIGHT="4384" WIDTH="2498">
<TopMargin HEIGHT="432" WIDTH="2498" VPOS="0" HPOS="0">
</TopMargin>
<LeftMargin HEIGHT="3716" WIDTH="158" VPOS="432" HPOS="0">
</LeftMargin>
<RightMargin HEIGHT="3716" WIDTH="228" VPOS="432" HPOS="2270">
</RightMargin>
<BottomMargin HEIGHT="236" WIDTH="2498" VPOS="4148" HPOS="0">
</BottomMargin>
<PrintSpace HEIGHT="3716" WIDTH="2112" VPOS="432" HPOS="158">
<TextBlock ID="Page252_Block1" HEIGHT="70" WIDTH="124" VPOS="4078" HPOS="1184" LANG="en-US" STYLEREFS="StyleId-57929057-5EA3-4DC1-A509-2C6C8E818A57-">
<TextLine HEIGHT="50" WIDTH="105" VPOS="4088" HPOS="1193">
<String CONTENT="252" HEIGHT="50" WIDTH="105" VPOS="4088" HPOS="1193"/>
</TextLine>
</TextBlock>
<TextBlock ID="Page252_Block2" HEIGHT="3654" WIDTH="2040" VPOS="432" HPOS="230" LANG="en-US" CS="1" STYLEREFS="StyleId-0C8ED4F2-C633-443A-8693-226F1DCD07C7-">
<TextLine HEIGHT="65" WIDTH="935" VPOS="443" HPOS="243">
<String CONTENT="Rocheleau," HEIGHT="64" WIDTH="352" VPOS="444" HPOS="243"/>
<SP HEIGHT="63" WIDTH="28" VPOS="445" HPOS="596"/>
<String CONTENT="William" HEIGHT="55" WIDTH="256" VPOS="444" HPOS="625"/>
<SP HEIGHT="52" WIDTH="30" VPOS="445" HPOS="882"/>
<String CONTENT="Francis." HEIGHT="55" WIDTH="265" VPOS="443" HPOS="913"/>
</TextLine>
<TextLine HEIGHT="135" WIDTH="1979" VPOS="520" HPOS="249" CS="1">
<String CONTENT="Manufactures;" HEIGHT="68" WIDTH="464" VPOS="522" HPOS="317"/>
<SP HEIGHT="61" WIDTH="43" VPOS="529" HPOS="782"/>
<String CONTENT="the" HEIGHT="52" WIDTH="96" VPOS="523" HPOS="826"/>
<SP HEIGHT="47" WIDTH="37" VPOS="528" HPOS="923"/>
<String CONTENT="third" HEIGHT="52" WIDTH="160" VPOS="523" HPOS="961"/>
<SP HEIGHT="52" WIDTH="38" VPOS="523" HPOS="1122"/>
<String CONTENT="book" HEIGHT="53" WIDTH="150" VPOS="523" HPOS="1161"/>
<SP HEIGHT="52" WIDTH="40" VPOS="523" HPOS="1312"/>
<String CONTENT="of" HEIGHT="53" WIDTH="64" VPOS="522" HPOS="1353"/>
<SP HEIGHT="53" WIDTH="38" VPOS="522" HPOS="1418"/>
<String CONTENT="the" HEIGHT="53" WIDTH="100" VPOS="522" HPOS="1457"/>
<SP HEIGHT="55" WIDTH="36" VPOS="521" HPOS="1558"/>
<String CONTENT="Great" HEIGHT="55" WIDTH="181" VPOS="521" HPOS="1595"/>
<SP HEIGHT="53" WIDTH="36" VPOS="521" HPOS="1777"/>
<String CONTENT="American" HEIGHT="55" WIDTH="311" VPOS="520" HPOS="1814"/>
<SP HEIGHT="53" WIDTH="37" VPOS="521" HPOS="2126"/>
<String CONTENT="industries" HEIGHT="134" WIDTH="1979" VPOS="521" HPOS="249"/>
</TextLine>
<TextLine HEIGHT="70" WIDTH="1715" VPOS="599" HPOS="536">
<String CONTENT="series," HEIGHT="68" WIDTH="187" VPOS="601" HPOS="536"/>
<SP HEIGHT="68" WIDTH="34" VPOS="601" HPOS="724"/>
<String CONTENT="by" HEIGHT="68" WIDTH="77" VPOS="601" HPOS="759"/>
<SP HEIGHT="68" WIDTH="35" VPOS="601" HPOS="837"/>
<String CONTENT="W." HEIGHT="54" WIDTH="90" VPOS="601" HPOS="873"/>
<SP HEIGHT="51" WIDTH="40" VPOS="602" HPOS="964"/>
<String CONTENT="F." HEIGHT="51" WIDTH="66" VPOS="602" HPOS="1005"/>
<SP HEIGHT="52" WIDTH="39" VPOS="601" HPOS="1072"/>
<String CONTENT="Rocheleau." HEIGHT="54" WIDTH="339" VPOS="599" HPOS="1112"/>
<SP HEIGHT="52" WIDTH="74" VPOS="601" HPOS="1452"/>
<String CONTENT="Rev." HEIGHT="52" WIDTH="139" VPOS="601" HPOS="1527"/>
<SP HEIGHT="35" WIDTH="40" VPOS="618" HPOS="1667"/>
<String CONTENT="ed." HEIGHT="53" WIDTH="84" VPOS="599" HPOS="1708"/>
<SP HEIGHT="55" WIDTH="75" VPOS="599" HPOS="1793"/>
<String CONTENT="Chicago," HEIGHT="70" WIDTH="272" VPOS="599" HPOS="1869"/>
<SP HEIGHT="68" WIDTH="36" VPOS="600" HPOS="2142"/>
<String CONTENT="A." HEIGHT="52" WIDTH="72" VPOS="600" HPOS="2179"/>
</TextLine>
<TextLine HEIGHT="68" WIDTH="820" VPOS="681" HPOS="243">
<String CONTENT="Flanagan" HEIGHT="68" WIDTH="305" VPOS="681" HPOS="243"/>
<SP HEIGHT="34" WIDTH="30" VPOS="698" HPOS="549"/>
<String CONTENT="company," HEIGHT="50" WIDTH="298" VPOS="698" HPOS="580"/>
<SP HEIGHT="63" WIDTH="33" VPOS="683" HPOS="879"/>
<String CONTENT="1928." HEIGHT="51" WIDTH="150" VPOS="681" HPOS="913"/>
</TextLine>
<TextLine HEIGHT="51" WIDTH="478" VPOS="761" HPOS="313" STYLEREFS="StyleId-C1A423DC-1A01-45DC-9466-B98277F7AB6C-" CS="1">
<String CONTENT="222" HEIGHT="40" WIDTH="89" VPOS="763" HPOS="313"/>
<SP HEIGHT="49" WIDTH="32" VPOS="763" HPOS="403"/>
<String CONTENT="p." HEIGHT="39" WIDTH="43" VPOS="773" HPOS="436"/>
<SP HEIGHT="43" WIDTH="62" VPOS="762" HPOS="480"/>
<String CONTENT="illus." HEIGHT="42" WIDTH="130" VPOS="762" HPOS="543"/>
<SP HEIGHT="41" WIDTH="57" VPOS="763" HPOS="674"/>
<String CS="1" CONTENT="18&#189;" HEIGHT="42" WIDTH="59" VPOS="761" HPOS="732"/>
<String STYLE="superscript" CS="1" CONTENT="&#7580;&#7504;."/>
</TextLine>
<TextLine HEIGHT="53" WIDTH="1922" VPOS="830" HPOS="249" STYLEREFS="StyleId-C1A423DC-1A01-45DC-9466-B98277F7AB6C-" CS="1">
<String CONTENT="&#169;" HEIGHT="53" WIDTH="52" VPOS="830" HPOS="249"/>
<SP HEIGHT="53" WIDTH="25" VPOS="830" HPOS="302"/>
<String CONTENT="Feb." HEIGHT="41" WIDTH="113" VPOS="834" HPOS="328"/>
<SP HEIGHT="41" WIDTH="25" VPOS="834" HPOS="442"/>
<String CONTENT="29," HEIGHT="49" WIDTH="71" VPOS="833" HPOS="468"/>
<SP HEIGHT="47" WIDTH="24" VPOS="835" HPOS="540"/>
<String CS="1" CONTENT="1928;" HEIGHT="40" WIDTH="116" VPOS="833" HPOS="565"/>
<SP HEIGHT="47" WIDTH="26" VPOS="834" HPOS="708"/>
<String CONTENT="2c." HEIGHT="41" WIDTH="68" VPOS="834" HPOS="735"/>
<SP HEIGHT="41" WIDTH="23" VPOS="834" HPOS="804"/>
<String CONTENT="Mar." HEIGHT="40" WIDTH="124" VPOS="834" HPOS="828"/>
<SP HEIGHT="40" WIDTH="24" VPOS="834" HPOS="953"/>
<String CS="1" CONTENT="5;" HEIGHT="39" WIDTH="26" VPOS="834" HPOS="978"/>
<SP HEIGHT="37" WIDTH="28" VPOS="843" HPOS="1032"/>
<String CONTENT="aff." HEIGHT="41" WIDTH="83" VPOS="832" HPOS="1061"/>
<SP HEIGHT="39" WIDTH="26" VPOS="834" HPOS="1145"/>
<String CONTENT="Mar." HEIGHT="40" WIDTH="124" VPOS="834" HPOS="1172"/>
<SP HEIGHT="40" WIDTH="26" VPOS="834" HPOS="1297"/>
<String CS="1" CONTENT="2;" HEIGHT="39" WIDTH="27" VPOS="834" HPOS="1324"/>
<SP HEIGHT="47" WIDTH="28" VPOS="833" HPOS="1379"/>
<!-- cceid 17B1BDEB-6CB2-1014-A20E-B9D6251C946A --><String CONTENT="A" HEIGHT="40" WIDTH="42" VPOS="833" HPOS="1408"/>
<SP HEIGHT="40" WIDTH="24" VPOS="833" HPOS="1451"/>
<String CS="1" CONTENT="1069184;" HEIGHT="41" WIDTH="205" VPOS="832" HPOS="1476"/>
<SP HEIGHT="48" WIDTH="27" VPOS="832" HPOS="1707"/>
<String CONTENT="A." HEIGHT="41" WIDTH="55" VPOS="832" HPOS="1735"/>
<SP HEIGHT="41" WIDTH="27" VPOS="832" HPOS="1791"/>
<String CONTENT="Flanagan" HEIGHT="49" WIDTH="256" VPOS="832" HPOS="1819"/>
<SP HEIGHT="29" WIDTH="26" VPOS="843" HPOS="2076"/>
<String CONTENT="co." HEIGHT="30" WIDTH="68" VPOS="843" HPOS="2103"/>
</TextLine>
<TextLine HEIGHT="65" WIDTH="680" VPOS="955" HPOS="243">
<String LANG="de" CONTENT="R&#246;ttger," HEIGHT="63" WIDTH="274" VPOS="957" HPOS="243"/>
<SP HEIGHT="63" WIDTH="31" VPOS="957" HPOS="518"/>
<String LANG="en-US" CONTENT="Karl," HEIGHT="63" WIDTH="164" VPOS="956" HPOS="550"/>
<SP HEIGHT="59" WIDTH="35" VPOS="960" HPOS="715"/>
<String LANG="en-US" CONTENT="1877-" HEIGHT="54" WIDTH="172" VPOS="955" HPOS="751"/>
</TextLine>
<TextLine HEIGHT="68" WIDTH="1873" VPOS="1034" HPOS="380" CS="1">
<String LANG="en-US" CS="1" CONTENT="&#8230;"/>
<SP HEIGHT="52" WIDTH="49" VPOS="1035" HPOS="380"/>
<String LANG="de" CONTENT="Das" HEIGHT="53" WIDTH="120" VPOS="1035" HPOS="430"/>
<SP HEIGHT="52" WIDTH="44" VPOS="1036" HPOS="551"/>
<String LANG="de" CONTENT="herz" HEIGHT="51" WIDTH="133" VPOS="1036" HPOS="596"/>
<SP HEIGHT="52" WIDTH="46" VPOS="1034" HPOS="730"/>
<String LANG="en-US" CONTENT="in" HEIGHT="52" WIDTH="62" VPOS="1034" HPOS="777"/>
<SP HEIGHT="51" WIDTH="43" VPOS="1035" HPOS="840"/>
<String LANG="de" CONTENT="der" HEIGHT="51" WIDTH="101" VPOS="1035" HPOS="884"/>
<SP HEIGHT="52" WIDTH="43" VPOS="1034" HPOS="986"/>
<String LANG="en-US" CONTENT="kelter," HEIGHT="68" WIDTH="199" VPOS="1034" HPOS="1030"/>
<SP HEIGHT="49" WIDTH="48" VPOS="1053" HPOS="1230"/>
<String LANG="en-US" CONTENT="roman;" HEIGHT="49" WIDTH="229" VPOS="1052" HPOS="1279"/>
<SP HEIGHT="49" WIDTH="47" VPOS="1052" HPOS="1509"/>
<String LANG="en-US" CONTENT="vorwort" HEIGHT="49" WIDTH="253" VPOS="1038" HPOS="1557"/>
<SP HEIGHT="48" WIDTH="42" VPOS="1038" HPOS="1811"/>
<String LANG="en-US" CONTENT="von" HEIGHT="34" WIDTH="112" VPOS="1052" HPOS="1854"/>
<SP HEIGHT="54" WIDTH="41" VPOS="1034" HPOS="1967"/>
<String LANG="en-US" CONTENT="Werner" HEIGHT="54" WIDTH="244" VPOS="1034" HPOS="2009"/>
</TextLine>
<TextLine HEIGHT="70" WIDTH="2005" VPOS="1111" HPOS="245">
<String LANG="de" CONTENT="Mahrholz." HEIGHT="53" WIDTH="322" VPOS="1113" HPOS="245"/>
<SP HEIGHT="52" WIDTH="75" VPOS="1113" HPOS="568"/>
<String CONTENT="Berlin," HEIGHT="66" WIDTH="217" VPOS="1113" HPOS="644"/>
<SP HEIGHT="66" WIDTH="44" VPOS="1113" HPOS="862"/>
<String CONTENT="Deutsche" HEIGHT="52" WIDTH="287" VPOS="1113" HPOS="907"/>
<SP HEIGHT="52" WIDTH="43" VPOS="1113" HPOS="1195"/>
<String CONTENT="buch-gemeinschaft" HEIGHT="70" WIDTH="596" VPOS="1111" HPOS="1239"/>
<SP HEIGHT="64" WIDTH="42" VPOS="1117" HPOS="1836"/>
<String CONTENT="g." HEIGHT="51" WIDTH="53" VPOS="1130" HPOS="1879"/>
<SP HEIGHT="34" WIDTH="44" VPOS="1130" HPOS="1933"/>
<String CONTENT="m." HEIGHT="34" WIDTH="73" VPOS="1130" HPOS="1978"/>
<SP HEIGHT="52" WIDTH="45" VPOS="1112" HPOS="2052"/>
<String CONTENT="b." HEIGHT="53" WIDTH="52" VPOS="1112" HPOS="2098"/>
<SP HEIGHT="52" WIDTH="43" VPOS="1113" HPOS="2151"/>
<String CONTENT="h." HEIGHT="51" WIDTH="55" VPOS="1113" HPOS="2195"/>
</TextLine>
<TextLine HEIGHT="69" WIDTH="194" VPOS="1190" HPOS="251" CS="1">
<String STYLE="subscript" CONTENT="[" HEIGHT="34" WIDTH="13" VPOS="1225" HPOS="251"/>
<String STYLE="superscript" CS="1" CONTENT="&#7580;19"/>
<String CONTENT="27" HEIGHT="54" WIDTH="69" VPOS="1190" HPOS="359"/>
<String STYLE="subscript" CONTENT="]" HEIGHT="34" WIDTH="13" VPOS="1224" HPOS="432"/>
</TextLine>
<TextLine HEIGHT="50" WIDTH="527" VPOS="1273" HPOS="312" STYLEREFS="StyleId-C1A423DC-1A01-45DC-9466-B98277F7AB6C-" CS="1">
<String CONTENT="376," HEIGHT="49" WIDTH="101" VPOS="1273" HPOS="312"/>
<SP HEIGHT="30" WIDTH="35" VPOS="1293" HPOS="414"/>
<String CONTENT="[1]" HEIGHT="50" WIDTH="56" VPOS="1273" HPOS="450"/>
<SP HEIGHT="39" WIDTH="33" VPOS="1284" HPOS="507"/>
<String CS="1" CONTENT="p.,"/>
<SP/>
<String CS="1" CONTENT="1"/>
<SP/>
<String CS="1" CONTENT="l."/>
<SP HEIGHT="40" WIDTH="57" VPOS="1275" HPOS="724"/>
<String CONTENT="19" HEIGHT="41" WIDTH="57" VPOS="1273" HPOS="782"/>
<String STYLE="superscript" CS="1" CONTENT="&#7580;&#7504;."/>
</TextLine>
<TextLine HEIGHT="110" WIDTH="1990" VPOS="1339" HPOS="248" STYLEREFS="StyleId-C1A423DC-1A01-45DC-9466-B98277F7AB6C-" CS="1">
<String CONTENT="&#169;" HEIGHT="53" WIDTH="52" VPOS="1339" HPOS="248"/>
<SP HEIGHT="53" WIDTH="29" VPOS="1339" HPOS="301"/>
<String CONTENT="Aug." HEIGHT="48" WIDTH="122" VPOS="1344" HPOS="331"/>
<SP HEIGHT="39" WIDTH="29" VPOS="1344" HPOS="454"/>
<String CONTENT="1," HEIGHT="48" WIDTH="41" VPOS="1344" HPOS="484"/>
<SP HEIGHT="47" WIDTH="29" VPOS="1345" HPOS="526"/>
<String CS="1" CONTENT="1927;" HEIGHT="41" WIDTH="115" VPOS="1343" HPOS="556"/>
<SP/>
<String CS="1" CONTENT="1c."/>
<SP/>
<String CONTENT="Nov." HEIGHT="40" WIDTH="120" VPOS="1344" HPOS="831"/>
<SP HEIGHT="40" WIDTH="31" VPOS="1344" HPOS="952"/>
<String CS="1" CONTENT="8;" HEIGHT="40" WIDTH="30" VPOS="1344" HPOS="984"/>
<SP HEIGHT="47" WIDTH="33" VPOS="1344" HPOS="1038"/>
<!-- cceid 17B26FBF-6CB2-1014-A20E-B9D6251C946A --><String CONTENT="A&#8212;Foreign" HEIGHT="48" WIDTH="313" VPOS="1343" HPOS="1072"/>
<SP HEIGHT="40" WIDTH="29" VPOS="1343" HPOS="1386"/>
<String CS="1" CONTENT="36430;" HEIGHT="41" WIDTH="149" VPOS="1343" HPOS="1416"/>
<SP HEIGHT="47" WIDTH="34" VPOS="1344" HPOS="1590"/>
<String CONTENT="Deutsche" HEIGHT="40" WIDTH="245" VPOS="1343" HPOS="1625"/>
<SP HEIGHT="39" WIDTH="31" VPOS="1343" HPOS="1871"/>
<String CONTENT="buch-gemeinschaft," HEIGHT="108" WIDTH="1923" VPOS="1341" HPOS="315"/>
<SP HEIGHT="38" WIDTH="25" VPOS="1411" HPOS="495"/>
<String CONTENT="g." HEIGHT="38" WIDTH="43" VPOS="1411" HPOS="521"/>
<SP HEIGHT="29" WIDTH="23" VPOS="1412" HPOS="565"/>
<String CONTENT="m." HEIGHT="29" WIDTH="61" VPOS="1412" HPOS="589"/>
<SP HEIGHT="41" WIDTH="25" VPOS="1400" HPOS="651"/>
<String CONTENT="b." HEIGHT="42" WIDTH="42" VPOS="1400" HPOS="677"/>
<SP HEIGHT="42" WIDTH="22" VPOS="1400" HPOS="720"/>
<String CONTENT="h." HEIGHT="42" WIDTH="46" VPOS="1400" HPOS="743"/>
<SP HEIGHT="49" WIDTH="69" VPOS="1400" HPOS="790"/>
<String CONTENT="(28-6683)" HEIGHT="49" WIDTH="252" VPOS="1400" HPOS="860"/>
</TextLine>
<TextLine HEIGHT="64" WIDTH="777" VPOS="1509" HPOS="242">
<String CONTENT="Rogers," HEIGHT="64" WIDTH="247" VPOS="1509" HPOS="242"/>
<SP HEIGHT="63" WIDTH="30" VPOS="1509" HPOS="490"/>
<String CONTENT="James" HEIGHT="53" WIDTH="207" VPOS="1509" HPOS="521"/>
<SP HEIGHT="52" WIDTH="27" VPOS="1510" HPOS="729"/>
<String CONTENT="Harvey." HEIGHT="63" WIDTH="262" VPOS="1510" HPOS="757"/>
</TextLine>
<TextLine HEIGHT="71" WIDTH="1934" VPOS="1586" HPOS="317">
<String CONTENT="Stock" HEIGHT="55" WIDTH="177" VPOS="1587" HPOS="317"/>
<SP HEIGHT="52" WIDTH="32" VPOS="1588" HPOS="495"/>
<String CONTENT="speculation" HEIGHT="67" WIDTH="356" VPOS="1588" HPOS="528"/>
<SP HEIGHT="34" WIDTH="32" VPOS="1605" HPOS="885"/>
<String CONTENT="and" HEIGHT="52" WIDTH="109" VPOS="1588" HPOS="918"/>
<SP HEIGHT="52" WIDTH="40" VPOS="1588" HPOS="1028"/>
<String CONTENT="the" HEIGHT="52" WIDTH="97" VPOS="1588" HPOS="1069"/>
<SP HEIGHT="34" WIDTH="35" VPOS="1606" HPOS="1167"/>
<String CONTENT="money" HEIGHT="51" WIDTH="203" VPOS="1606" HPOS="1203"/>
<SP HEIGHT="51" WIDTH="35" VPOS="1606" HPOS="1407"/>
<String CONTENT="market." HEIGHT="52" WIDTH="238" VPOS="1588" HPOS="1443"/>
<SP HEIGHT="54" WIDTH="76" VPOS="1587" HPOS="1682"/>
<String CONTENT="Columbia," HEIGHT="69" WIDTH="321" VPOS="1586" HPOS="1759"/>
<SP HEIGHT="69" WIDTH="34" VPOS="1586" HPOS="2081"/>
<String CONTENT="Mo.," HEIGHT="68" WIDTH="135" VPOS="1586" HPOS="2116"/>
</TextLine>
<TextLine HEIGHT="68" WIDTH="676" VPOS="1665" HPOS="242">
<String CONTENT="Lucas" HEIGHT="52" WIDTH="183" VPOS="1667" HPOS="242"/>
<SP HEIGHT="52" WIDTH="29" VPOS="1667" HPOS="426"/>
<String CONTENT="brothers," HEIGHT="67" WIDTH="277" VPOS="1666" HPOS="456"/>
<SP HEIGHT="64" WIDTH="32" VPOS="1669" HPOS="734"/>
<String CONTENT="1927." HEIGHT="54" WIDTH="151" VPOS="1665" HPOS="767"/>
</TextLine>
<TextLine HEIGHT="42" WIDTH="106" VPOS="1749" HPOS="311" STYLEREFS="StyleId-C1A423DC-1A01-45DC-9466-B98277F7AB6C-" CS="1">
<String CONTENT="1" HEIGHT="40" WIDTH="27" VPOS="1749" HPOS="311"/>
<SP/>
<String CONTENT="v." HEIGHT="31" WIDTH="46" VPOS="1760" HPOS="371"/>
</TextLine>
<TextLine HEIGHT="53" WIDTH="1721" VPOS="1815" HPOS="248" STYLEREFS="StyleId-C1A423DC-1A01-45DC-9466-B98277F7AB6C-" CS="1">
<String CONTENT="&#169;" HEIGHT="53" WIDTH="52" VPOS="1815" HPOS="248"/>
<SP HEIGHT="53" WIDTH="24" VPOS="1815" HPOS="301"/>
<String CONTENT="Nov." HEIGHT="41" WIDTH="121" VPOS="1820" HPOS="326"/>
<SP HEIGHT="41" WIDTH="23" VPOS="1820" HPOS="448"/>
<String CONTENT="21," HEIGHT="47" WIDTH="71" VPOS="1820" HPOS="472"/>
<SP HEIGHT="47" WIDTH="24" VPOS="1820" HPOS="544"/>
<String CS="1" CONTENT="1927;" HEIGHT="41" WIDTH="115" VPOS="1819" HPOS="569"/>
<SP HEIGHT="48" WIDTH="27" VPOS="1819" HPOS="712"/>
<String CONTENT="2c." HEIGHT="40" WIDTH="68" VPOS="1819" HPOS="740"/>
<SP HEIGHT="29" WIDTH="25" VPOS="1830" HPOS="809"/>
<String CONTENT="and" HEIGHT="39" WIDTH="96" VPOS="1820" HPOS="835"/>
<SP HEIGHT="39" WIDTH="25" VPOS="1820" HPOS="932"/>
<String CONTENT="aff." HEIGHT="40" WIDTH="84" VPOS="1819" HPOS="958"/>
<SP HEIGHT="39" WIDTH="25" VPOS="1820" HPOS="1043"/>
<String CONTENT="Nov." HEIGHT="41" WIDTH="118" VPOS="1820" HPOS="1069"/>
<SP HEIGHT="41" WIDTH="25" VPOS="1820" HPOS="1188"/>
<String CS="1" CONTENT="25;" HEIGHT="40" WIDTH="57" VPOS="1819" HPOS="1214"/>
<SP HEIGHT="47" WIDTH="27" VPOS="1819" HPOS="1299"/>
<!-- cceid 17B32599-6CB2-1014-A20E-B9D6251C946A --><String CONTENT="A" HEIGHT="39" WIDTH="42" VPOS="1819" HPOS="1327"/>
<SP HEIGHT="39" WIDTH="24" VPOS="1819" HPOS="1370"/>
<String CS="1" CONTENT="1010551;" HEIGHT="41" WIDTH="203" VPOS="1818" HPOS="1395"/>
<SP HEIGHT="47" WIDTH="28" VPOS="1820" HPOS="1627"/>
<String CONTENT="Lucas" HEIGHT="40" WIDTH="158" VPOS="1820" HPOS="1656"/>
<SP HEIGHT="39" WIDTH="26" VPOS="1820" HPOS="1815"/>
<String CONTENT="bros." HEIGHT="40" WIDTH="127" VPOS="1820" HPOS="1842"/>
</TextLine>
<TextLine HEIGHT="64" WIDTH="610" VPOS="1927" HPOS="241">
<String CONTENT="Roloff," HEIGHT="64" WIDTH="212" VPOS="1927" HPOS="241"/>
<SP HEIGHT="63" WIDTH="32" VPOS="1928" HPOS="454"/>
<String CONTENT="Bernard" HEIGHT="54" WIDTH="269" VPOS="1927" HPOS="487"/>
<SP HEIGHT="55" WIDTH="31" VPOS="1927" HPOS="757"/>
<String CONTENT="C." HEIGHT="55" WIDTH="62" VPOS="1927" HPOS="789"/>
</TextLine>
<TextLine HEIGHT="149" WIDTH="1989" VPOS="2005" HPOS="243" CS="1">
<String CONTENT="Common-sense" HEIGHT="55" WIDTH="464" VPOS="2006" HPOS="316"/>
<SP HEIGHT="35" WIDTH="34" VPOS="2024" HPOS="781"/>
<String CONTENT="sex" HEIGHT="35" WIDTH="97" VPOS="2024" HPOS="816"/>
<SP HEIGHT="52" WIDTH="39" VPOS="2005" HPOS="914"/>
<String CONTENT="for" HEIGHT="52" WIDTH="95" VPOS="2005" HPOS="954"/>
<SP HEIGHT="50" WIDTH="35" VPOS="2024" HPOS="1050"/>
<String CONTENT="young" HEIGHT="50" WIDTH="197" VPOS="2024" HPOS="1086"/>
<SP HEIGHT="50" WIDTH="32" VPOS="2024" HPOS="1284"/>
<String CONTENT="men" HEIGHT="34" WIDTH="130" VPOS="2024" HPOS="1317"/>
<SP HEIGHT="69" WIDTH="47" VPOS="2006" HPOS="1448"/>
<String CONTENT="(for" HEIGHT="70" WIDTH="124" VPOS="2005" HPOS="1496"/>
<SP HEIGHT="51" WIDTH="35" VPOS="2007" HPOS="1621"/>
<String CONTENT="lads" HEIGHT="53" WIDTH="125" VPOS="2006" HPOS="1657"/>
<SP HEIGHT="35" WIDTH="37" VPOS="2024" HPOS="1783"/>
<String CONTENT="of" HEIGHT="53" WIDTH="65" VPOS="2006" HPOS="1821"/>
<SP HEIGHT="53" WIDTH="34" VPOS="2006" HPOS="1887"/>
<String CONTENT="over" HEIGHT="35" WIDTH="137" VPOS="2024" HPOS="1922"/>
<SP HEIGHT="53" WIDTH="36" VPOS="2006" HPOS="2060"/>
<String CONTENT="fourteen)" HEIGHT="148" WIDTH="1989" VPOS="2006" HPOS="243"/>
</TextLine>
<TextLine HEIGHT="69" WIDTH="1807" VPOS="2084" HPOS="448">
<String CONTENT="how" HEIGHT="52" WIDTH="129" VPOS="2085" HPOS="448"/>
<SP HEIGHT="47" WIDTH="38" VPOS="2090" HPOS="578"/>
<String CONTENT="to" HEIGHT="47" WIDTH="59" VPOS="2090" HPOS="617"/>
<SP HEIGHT="33" WIDTH="38" VPOS="2104" HPOS="677"/>
<String CONTENT="avoid" HEIGHT="52" WIDTH="171" VPOS="2085" HPOS="716"/>
<SP HEIGHT="52" WIDTH="37" VPOS="2085" HPOS="888"/>
<String CONTENT="venereal" HEIGHT="52" WIDTH="262" VPOS="2085" HPOS="926"/>
<SP HEIGHT="52" WIDTH="37" VPOS="2085" HPOS="1189"/>
<String CONTENT="disease" HEIGHT="53" WIDTH="218" VPOS="2084" HPOS="1227"/>
<SP HEIGHT="34" WIDTH="37" VPOS="2103" HPOS="1446"/>
<String CONTENT="and" HEIGHT="52" WIDTH="114" VPOS="2085" HPOS="1484"/>
<SP HEIGHT="52" WIDTH="38" VPOS="2085" HPOS="1599"/>
<String CONTENT="what" HEIGHT="53" WIDTH="157" VPOS="2085" HPOS="1638"/>
<SP HEIGHT="47" WIDTH="37" VPOS="2091" HPOS="1796"/>
<String CONTENT="to" HEIGHT="47" WIDTH="61" VPOS="2091" HPOS="1834"/>
<SP HEIGHT="52" WIDTH="39" VPOS="2086" HPOS="1896"/>
<String CONTENT="do" HEIGHT="52" WIDTH="73" VPOS="2086" HPOS="1936"/>
<SP HEIGHT="52" WIDTH="37" VPOS="2086" HPOS="2010"/>
<String CONTENT="if" HEIGHT="53" WIDTH="55" VPOS="2084" HPOS="2048"/>
<SP HEIGHT="69" WIDTH="37" VPOS="2084" HPOS="2104"/>
<String CONTENT="you" HEIGHT="51" WIDTH="113" VPOS="2102" HPOS="2142"/>
</TextLine>
<TextLine HEIGHT="71" WIDTH="1662" VPOS="2162" HPOS="243" CS="1">
<String CONTENT="have" HEIGHT="52" WIDTH="144" VPOS="2165" HPOS="243"/>
<SP HEIGHT="53" WIDTH="32" VPOS="2164" HPOS="388"/>
<String CONTENT="it," HEIGHT="68" WIDTH="64" VPOS="2164" HPOS="421"/>
<SP HEIGHT="68" WIDTH="30" VPOS="2164" HPOS="486"/>
<String CONTENT="by" HEIGHT="69" WIDTH="75" VPOS="2164" HPOS="517"/>
<SP HEIGHT="68" WIDTH="32" VPOS="2165" HPOS="593"/>
<String CONTENT="Bernard" HEIGHT="52" WIDTH="263" VPOS="2164" HPOS="626"/>
<SP HEIGHT="54" WIDTH="35" VPOS="2163" HPOS="890"/>
<String CONTENT="C." HEIGHT="54" WIDTH="62" VPOS="2163" HPOS="926"/>
<SP HEIGHT="52" WIDTH="34" VPOS="2164" HPOS="989"/>
<String CONTENT="Roloff" HEIGHT="54" WIDTH="192" VPOS="2162" HPOS="1024"/>
<SP HEIGHT="53" WIDTH="38" VPOS="2162" HPOS="1217"/>
<String CS="1" CONTENT="&#8230;"/>
<SP HEIGHT="34" WIDTH="84" VPOS="2196" HPOS="1313"/>
<String CONTENT="[Chicago]" HEIGHT="71" WIDTH="292" VPOS="2162" HPOS="1398"/>
<SP/>
<String CS="1" CONTENT="&#7580;1927." HEIGHT="55" WIDTH="84" VPOS="2163" HPOS="1821"/>
</TextLine>
<TextLine HEIGHT="49" WIDTH="261" VPOS="2246" HPOS="312" STYLEREFS="StyleId-C1A423DC-1A01-45DC-9466-B98277F7AB6C-" CS="1">
<String CONTENT="48" HEIGHT="40" WIDTH="58" VPOS="2248" HPOS="312"/>
<SP HEIGHT="47" WIDTH="40" VPOS="2248" HPOS="371"/>
<String CONTENT="p." HEIGHT="38" WIDTH="45" VPOS="2257" HPOS="412"/>
<SP HEIGHT="40" WIDTH="57" VPOS="2248" HPOS="458"/>
<String CONTENT="15" HEIGHT="40" WIDTH="57" VPOS="2246" HPOS="516"/>
<String STYLE="superscript" CS="1" CONTENT="&#7580;&#7504;."/>
</TextLine>
<TextLine HEIGHT="55" WIDTH="2008" VPOS="2311" HPOS="249" STYLEREFS="StyleId-C1A423DC-1A01-45DC-9466-B98277F7AB6C-" CS="1">
<String CONTENT="&#169;" HEIGHT="53" WIDTH="52" VPOS="2311" HPOS="249"/>
<SP HEIGHT="53" WIDTH="26" VPOS="2311" HPOS="302"/>
<String CONTENT="Dec." HEIGHT="40" WIDTH="114" VPOS="2316" HPOS="329"/>
<SP HEIGHT="41" WIDTH="25" VPOS="2315" HPOS="444"/>
<String CONTENT="29," HEIGHT="48" WIDTH="70" VPOS="2315" HPOS="470"/>
<SP HEIGHT="47" WIDTH="25" VPOS="2316" HPOS="541"/>
<String CS="1" CONTENT="1927;" HEIGHT="41" WIDTH="116" VPOS="2314" HPOS="567"/>
<SP HEIGHT="48" WIDTH="27" VPOS="2315" HPOS="711"/>
<String CONTENT="2c." HEIGHT="40" WIDTH="69" VPOS="2315" HPOS="739"/>
<SP HEIGHT="41" WIDTH="25" VPOS="2314" HPOS="809"/>
<String CONTENT="Feb." HEIGHT="41" WIDTH="113" VPOS="2314" HPOS="835"/>
<SP HEIGHT="41" WIDTH="24" VPOS="2314" HPOS="949"/>
<String CONTENT="9," HEIGHT="49" WIDTH="41" VPOS="2314" HPOS="974"/>
<SP HEIGHT="47" WIDTH="27" VPOS="2316" HPOS="1016"/>
<String CS="1" CONTENT="1928;" HEIGHT="41" WIDTH="116" VPOS="2314" HPOS="1044"/>
<SP HEIGHT="38" WIDTH="29" VPOS="2325" HPOS="1187"/>
<String CONTENT="aff." HEIGHT="42" WIDTH="84" VPOS="2314" HPOS="1217"/>
<SP HEIGHT="42" WIDTH="26" VPOS="2314" HPOS="1302"/>
<String CONTENT="Feb." HEIGHT="42" WIDTH="112" VPOS="2314" HPOS="1329"/>
<SP HEIGHT="41" WIDTH="26" VPOS="2315" HPOS="1442"/>
<String CS="1" CONTENT="20;" HEIGHT="41" WIDTH="58" VPOS="2314" HPOS="1469"/>
<SP HEIGHT="49" WIDTH="28" VPOS="2315" HPOS="1554"/>
<!-- cceid 17B3E95B-6CB2-1014-A20E-B9D6251C946A --><String CONTENT="A" HEIGHT="39" WIDTH="42" VPOS="2315" HPOS="1583"/>
<SP HEIGHT="40" WIDTH="26" VPOS="2315" HPOS="1626"/>
<String CS="1" CONTENT="1061839;" HEIGHT="42" WIDTH="205" VPOS="2315" HPOS="1653"/>
<SP HEIGHT="47" WIDTH="30" VPOS="2317" HPOS="1885"/>
<String CONTENT="B." HEIGHT="40" WIDTH="54" VPOS="2317" HPOS="1916"/>
<SP HEIGHT="41" WIDTH="27" VPOS="2316" HPOS="1971"/>
<String CONTENT="O." HEIGHT="41" WIDTH="50" VPOS="2316" HPOS="1999"/>
<SP HEIGHT="40" WIDTH="30" VPOS="2317" HPOS="2050"/>
<String CONTENT="Roloff," HEIGHT="50" WIDTH="176" VPOS="2316" HPOS="2081"/>
</TextLine>
<TextLine HEIGHT="50" WIDTH="712" VPOS="2372" HPOS="315" STYLEREFS="StyleId-C1A423DC-1A01-45DC-9466-B98277F7AB6C-">
<String CONTENT="Oak" HEIGHT="42" WIDTH="108" VPOS="2373" HPOS="315"/>
<SP HEIGHT="40" WIDTH="25" VPOS="2374" HPOS="424"/>
<String CONTENT="Park," HEIGHT="47" WIDTH="145" VPOS="2374" HPOS="450"/>
<SP HEIGHT="47" WIDTH="28" VPOS="2374" HPOS="596"/>
<String CONTENT="Ill." HEIGHT="41" WIDTH="78" VPOS="2374" HPOS="625"/>
<SP HEIGHT="50" WIDTH="68" VPOS="2372" HPOS="704"/>
<String CONTENT="(28-6290)" HEIGHT="50" WIDTH="254" VPOS="2372" HPOS="773"/>
</TextLine>
<TextLine HEIGHT="70" WIDTH="1942" VPOS="2481" HPOS="315">
<String CONTENT="&#8220;The" HEIGHT="53" WIDTH="158" VPOS="2483" HPOS="315"/>
<SP HEIGHT="35" WIDTH="37" VPOS="2501" HPOS="474"/>
<String CONTENT="open" HEIGHT="50" WIDTH="147" VPOS="2501" HPOS="512"/>
<SP HEIGHT="52" WIDTH="39" VPOS="2483" HPOS="660"/>
<String CONTENT="door&#8221;" HEIGHT="53" WIDTH="175" VPOS="2482" HPOS="700"/>
<SP HEIGHT="53" WIDTH="39" VPOS="2482" HPOS="876"/>
<String CONTENT="to" HEIGHT="47" WIDTH="59" VPOS="2488" HPOS="916"/>
<SP HEIGHT="33" WIDTH="42" VPOS="2501" HPOS="976"/>
<String CONTENT="a" HEIGHT="33" WIDTH="31" VPOS="2501" HPOS="1019"/>
<SP HEIGHT="35" WIDTH="39" VPOS="2500" HPOS="1051"/>
<String CONTENT="clean" HEIGHT="53" WIDTH="161" VPOS="2482" HPOS="1091"/>
<SP HEIGHT="34" WIDTH="40" VPOS="2501" HPOS="1253"/>
<String CONTENT="sex" HEIGHT="34" WIDTH="96" VPOS="2501" HPOS="1294"/>
<SP HEIGHT="52" WIDTH="38" VPOS="2483" HPOS="1391"/>
<String CONTENT="life;" HEIGHT="69" WIDTH="135" VPOS="2481" HPOS="1430"/>
<SP HEIGHT="48" WIDTH="45" VPOS="2502" HPOS="1566"/>
<String CONTENT="a" HEIGHT="33" WIDTH="31" VPOS="2502" HPOS="1612"/>
<SP HEIGHT="33" WIDTH="42" VPOS="2502" HPOS="1644"/>
<String CONTENT="real" HEIGHT="53" WIDTH="118" VPOS="2483" HPOS="1687"/>
<SP HEIGHT="53" WIDTH="38" VPOS="2483" HPOS="1806"/>
<String CONTENT="sex-book" HEIGHT="55" WIDTH="274" VPOS="2481" HPOS="1845"/>
<SP HEIGHT="54" WIDTH="40" VPOS="2482" HPOS="2120"/>
<String CONTENT="for" HEIGHT="53" WIDTH="96" VPOS="2483" HPOS="2161"/>
</TextLine>
<TextLine HEIGHT="71" WIDTH="1612" VPOS="2560" HPOS="244" CS="1">
<String CONTENT="adults," HEIGHT="67" WIDTH="209" VPOS="2563" HPOS="244"/>
<SP HEIGHT="68" WIDTH="27" VPOS="2562" HPOS="454"/>
<String CONTENT="by" HEIGHT="69" WIDTH="76" VPOS="2562" HPOS="482"/>
<SP HEIGHT="68" WIDTH="30" VPOS="2563" HPOS="559"/>
<String CONTENT="Bernard" HEIGHT="52" WIDTH="263" VPOS="2562" HPOS="590"/>
<SP HEIGHT="54" WIDTH="32" VPOS="2561" HPOS="854"/>
<String CONTENT="C." HEIGHT="54" WIDTH="62" VPOS="2561" HPOS="887"/>
<SP HEIGHT="52" WIDTH="32" VPOS="2561" HPOS="950"/>
<String CONTENT="Roloff" HEIGHT="53" WIDTH="194" VPOS="2560" HPOS="983"/>
<SP HEIGHT="54" WIDTH="35" VPOS="2560" HPOS="1178"/>
<String CS="1" CONTENT="&#8230;"/>
<SP HEIGHT="34" WIDTH="85" VPOS="2594" HPOS="1271"/>
<String CS="1" CONTENT="[Chicago," HEIGHT="69" WIDTH="274" VPOS="2561" HPOS="1357"/>
<SP/>
<String CS="1" CONTENT="&#7580;1927]" HEIGHT="68" WIDTH="86" VPOS="2562" HPOS="1770"/>
</TextLine>
<TextLine HEIGHT="51" WIDTH="249" VPOS="2643" HPOS="312" STYLEREFS="StyleId-C1A423DC-1A01-45DC-9466-B98277F7AB6C-" CS="1">
<String CONTENT="48" HEIGHT="41" WIDTH="57" VPOS="2645" HPOS="312"/>
<SP HEIGHT="49" WIDTH="29" VPOS="2645" HPOS="370"/>
<String CONTENT="p." HEIGHT="39" WIDTH="45" VPOS="2655" HPOS="400"/>
<SP HEIGHT="40" WIDTH="57" VPOS="2646" HPOS="446"/>
<String CONTENT="15" HEIGHT="41" WIDTH="57" VPOS="2643" HPOS="504"/>
<String STYLE="superscript" CS="1" CONTENT="&#7580;&#7504;."/>
</TextLine>
<TextLine HEIGHT="53" WIDTH="2008" VPOS="2713" HPOS="247" STYLEREFS="StyleId-C1A423DC-1A01-45DC-9466-B98277F7AB6C-" CS="1">
<String CONTENT="&#169;" HEIGHT="52" WIDTH="53" VPOS="2713" HPOS="247"/>
<SP HEIGHT="52" WIDTH="26" VPOS="2713" HPOS="301"/>
<String CONTENT="Dec." HEIGHT="40" WIDTH="114" VPOS="2717" HPOS="328"/>
<SP HEIGHT="40" WIDTH="24" VPOS="2717" HPOS="443"/>
<String CONTENT="29," HEIGHT="48" WIDTH="71" VPOS="2716" HPOS="468"/>
<SP HEIGHT="47" WIDTH="26" VPOS="2717" HPOS="540"/>
<String CS="1" CONTENT="1927;" HEIGHT="40" WIDTH="114" VPOS="2716" HPOS="567"/>
<SP HEIGHT="47" WIDTH="27" VPOS="2716" HPOS="710"/>
<String CONTENT="2c." HEIGHT="41" WIDTH="69" VPOS="2716" HPOS="738"/>
<SP HEIGHT="42" WIDTH="26" VPOS="2715" HPOS="808"/>
<String CONTENT="Feb." HEIGHT="41" WIDTH="113" VPOS="2715" HPOS="835"/>
<SP HEIGHT="41" WIDTH="25" VPOS="2715" HPOS="949"/>
<String CONTENT="9," HEIGHT="49" WIDTH="40" VPOS="2715" HPOS="975"/>
<SP HEIGHT="48" WIDTH="26" VPOS="2716" HPOS="1016"/>
<String CS="1" CONTENT="1928;" HEIGHT="40" WIDTH="117" VPOS="2715" HPOS="1043"/>
<SP HEIGHT="37" WIDTH="28" VPOS="2726" HPOS="1186"/>
<String CONTENT="aff." HEIGHT="41" WIDTH="85" VPOS="2715" HPOS="1215"/>
<SP HEIGHT="41" WIDTH="26" VPOS="2715" HPOS="1301"/>
<String CONTENT="Feb." HEIGHT="41" WIDTH="113" VPOS="2715" HPOS="1328"/>
<SP HEIGHT="40" WIDTH="25" VPOS="2716" HPOS="1442"/>
<String CS="1" CONTENT="20;" HEIGHT="41" WIDTH="60" VPOS="2715" HPOS="1468"/>
<SP HEIGHT="47" WIDTH="29" VPOS="2716" HPOS="1553"/>
<!-- cceid 17B49882-6CB2-1014-A20E-B9D6251C946A --><String CONTENT="A" HEIGHT="39" WIDTH="42" VPOS="2716" HPOS="1583"/>
<SP HEIGHT="39" WIDTH="25" VPOS="2716" HPOS="1626"/>
<String CS="1" CONTENT="1061840;" HEIGHT="42" WIDTH="207" VPOS="2714" HPOS="1652"/>
<SP HEIGHT="47" WIDTH="29" VPOS="2717" HPOS="1884"/>
<String LANG="fr" CONTENT="B." HEIGHT="40" WIDTH="55" VPOS="2717" HPOS="1914"/>
<SP HEIGHT="41" WIDTH="28" VPOS="2716" HPOS="1970"/>
<String CONTENT="C." HEIGHT="41" WIDTH="49" VPOS="2716" HPOS="1999"/>
<SP HEIGHT="40" WIDTH="28" VPOS="2717" HPOS="2049"/>
<String CONTENT="Roloff," HEIGHT="50" WIDTH="177" VPOS="2716" HPOS="2078"/>
</TextLine>
<TextLine HEIGHT="51" WIDTH="712" VPOS="2771" HPOS="315" STYLEREFS="StyleId-C1A423DC-1A01-45DC-9466-B98277F7AB6C-">
<String CONTENT="Oak" HEIGHT="40" WIDTH="108" VPOS="2774" HPOS="315"/>
<SP HEIGHT="39" WIDTH="27" VPOS="2774" HPOS="424"/>
<String CONTENT="Park," HEIGHT="49" WIDTH="144" VPOS="2773" HPOS="452"/>
<SP HEIGHT="48" WIDTH="30" VPOS="2774" HPOS="597"/>
<String CONTENT="Ill." HEIGHT="38" WIDTH="77" VPOS="2774" HPOS="628"/>
<SP HEIGHT="49" WIDTH="68" VPOS="2772" HPOS="706"/>
<String CONTENT="(28-6291)" HEIGHT="50" WIDTH="252" VPOS="2771" HPOS="775"/>
</TextLine>
<TextLine HEIGHT="66" WIDTH="1125" VPOS="2880" HPOS="241">
<String CONTENT="Sheppard," HEIGHT="64" WIDTH="328" VPOS="2882" HPOS="241"/>
<SP HEIGHT="63" WIDTH="32" VPOS="2882" HPOS="570"/>
<String CONTENT="Hugh" HEIGHT="64" WIDTH="182" VPOS="2881" HPOS="603"/>
<SP HEIGHT="53" WIDTH="33" VPOS="2881" HPOS="786"/>
<String CONTENT="Richard" HEIGHT="55" WIDTH="260" VPOS="2880" HPOS="820"/>
<SP HEIGHT="54" WIDTH="33" VPOS="2880" HPOS="1081"/>
<String CONTENT="Lawrie." HEIGHT="54" WIDTH="251" VPOS="2881" HPOS="1115"/>
</TextLine>
<TextLine HEIGHT="73" WIDTH="1945" VPOS="2958" HPOS="313">
<String CONTENT="The" HEIGHT="52" WIDTH="124" VPOS="2961" HPOS="313"/>
<SP HEIGHT="53" WIDTH="28" VPOS="2960" HPOS="438"/>
<String CONTENT="impatience" HEIGHT="69" WIDTH="344" VPOS="2959" HPOS="467"/>
<SP HEIGHT="35" WIDTH="26" VPOS="2977" HPOS="812"/>
<String CONTENT="of" HEIGHT="54" WIDTH="65" VPOS="2958" HPOS="839"/>
<SP HEIGHT="54" WIDTH="28" VPOS="2958" HPOS="905"/>
<String CONTENT="a" HEIGHT="35" WIDTH="32" VPOS="2977" HPOS="934"/>
<SP HEIGHT="50" WIDTH="28" VPOS="2977" HPOS="967"/>
<String CONTENT="parson," HEIGHT="50" WIDTH="227" VPOS="2977" HPOS="996"/>
<SP HEIGHT="48" WIDTH="29" VPOS="2979" HPOS="1224"/>
<String CONTENT="a" HEIGHT="33" WIDTH="31" VPOS="2979" HPOS="1254"/>
<SP HEIGHT="50" WIDTH="29" VPOS="2978" HPOS="1286"/>
<String CONTENT="plea" HEIGHT="68" WIDTH="128" VPOS="2960" HPOS="1316"/>
<SP HEIGHT="54" WIDTH="30" VPOS="2959" HPOS="1445"/>
<String CONTENT="for" HEIGHT="53" WIDTH="95" VPOS="2959" HPOS="1476"/>
<SP HEIGHT="47" WIDTH="24" VPOS="2966" HPOS="1572"/>
<String CONTENT="the" HEIGHT="52" WIDTH="97" VPOS="2961" HPOS="1597"/>
<SP HEIGHT="34" WIDTH="27" VPOS="2979" HPOS="1695"/>
<String CONTENT="recovery" HEIGHT="52" WIDTH="269" VPOS="2979" HPOS="1723"/>
<SP HEIGHT="51" WIDTH="25" VPOS="2980" HPOS="1993"/>
<String CONTENT="of" HEIGHT="54" WIDTH="67" VPOS="2961" HPOS="2019"/>
<SP HEIGHT="54" WIDTH="26" VPOS="2961" HPOS="2087"/>
<String CONTENT="vital" HEIGHT="53" WIDTH="144" VPOS="2962" HPOS="2114"/>
</TextLine>
<TextLine HEIGHT="71" WIDTH="2014" VPOS="3036" HPOS="244" CS="1">
<String CONTENT="Christianity," HEIGHT="69" WIDTH="404" VPOS="3037" HPOS="244"/>
<SP HEIGHT="68" WIDTH="33" VPOS="3038" HPOS="649"/>
<String CONTENT="by" HEIGHT="69" WIDTH="76" VPOS="3038" HPOS="683"/>
<SP HEIGHT="69" WIDTH="33" VPOS="3038" HPOS="760"/>
<String LANG="fr" CONTENT="H." HEIGHT="52" WIDTH="78" VPOS="3038" HPOS="794"/>
<SP HEIGHT="53" WIDTH="36" VPOS="3038" HPOS="873"/>
<String LANG="fr" CONTENT="R." HEIGHT="53" WIDTH="69" VPOS="3038" HPOS="910"/>
<SP HEIGHT="52" WIDTH="36" VPOS="3038" HPOS="980"/>
<String CONTENT="L." HEIGHT="52" WIDTH="65" VPOS="3038" HPOS="1017"/>
<SP HEIGHT="56" WIDTH="38" VPOS="3036" HPOS="1083"/>
<String CONTENT="Sheppard" HEIGHT="70" WIDTH="309" VPOS="3036" HPOS="1122"/>
<SP HEIGHT="52" WIDTH="42" VPOS="3039" HPOS="1432"/>
<String CS="1" CONTENT="&#8230;"/>
<SP HEIGHT="34" WIDTH="42" VPOS="3058" HPOS="1532"/>
<String CONTENT="with" HEIGHT="52" WIDTH="141" VPOS="3040" HPOS="1575"/>
<SP HEIGHT="51" WIDTH="35" VPOS="3041" HPOS="1717"/>
<String CONTENT="an" HEIGHT="33" WIDTH="74" VPOS="3059" HPOS="1753"/>
<SP HEIGHT="52" WIDTH="36" VPOS="3040" HPOS="1828"/>
<String CONTENT="introduction" HEIGHT="54" WIDTH="393" VPOS="3040" HPOS="1865"/>
</TextLine>
<TextLine HEIGHT="74" WIDTH="2017" VPOS="3115" HPOS="242" CS="1">
<String CONTENT="by" HEIGHT="68" WIDTH="74" VPOS="3117" HPOS="242"/>
<SP HEIGHT="67" WIDTH="27" VPOS="3118" HPOS="317"/>
<String CONTENT="Professor" HEIGHT="54" WIDTH="306" VPOS="3116" HPOS="345"/>
<SP HEIGHT="52" WIDTH="25" VPOS="3117" HPOS="652"/>
<String CONTENT="E." HEIGHT="52" WIDTH="68" VPOS="3117" HPOS="678"/>
<SP HEIGHT="52" WIDTH="28" VPOS="3117" HPOS="747"/>
<String CONTENT="D." HEIGHT="52" WIDTH="73" VPOS="3117" HPOS="776"/>
<SP HEIGHT="56" WIDTH="30" VPOS="3115" HPOS="850"/>
<String CONTENT="Soper" HEIGHT="69" WIDTH="184" VPOS="3115" HPOS="881"/>
<SP HEIGHT="33" WIDTH="30" VPOS="3136" HPOS="1066"/>
<String CS="1" CONTENT="&#8230;"/>
<SP HEIGHT="55" WIDTH="80" VPOS="3115" HPOS="1154"/>
<String CONTENT="Garden" HEIGHT="55" WIDTH="234" VPOS="3115" HPOS="1235"/>
<SP HEIGHT="55" WIDTH="27" VPOS="3117" HPOS="1470"/>
<String CONTENT="City," HEIGHT="70" WIDTH="153" VPOS="3117" HPOS="1498"/>
<SP HEIGHT="68" WIDTH="27" VPOS="3118" HPOS="1652"/>
<String LANG="fr" CONTENT="N." HEIGHT="54" WIDTH="71" VPOS="3118" HPOS="1680"/>
<SP HEIGHT="54" WIDTH="27" VPOS="3118" HPOS="1752"/>
<String CONTENT="Y.," HEIGHT="68" WIDTH="91" VPOS="3118" HPOS="1780"/>
<SP HEIGHT="67" WIDTH="25" VPOS="3119" HPOS="1872"/>
<String CONTENT="Doubleday," HEIGHT="71" WIDTH="361" VPOS="3118" HPOS="1898"/>
</TextLine>
<TextLine HEIGHT="68" WIDTH="951" VPOS="3195" HPOS="242">
<String CONTENT="Doran" HEIGHT="52" WIDTH="201" VPOS="3196" HPOS="242"/>
<SP HEIGHT="51" WIDTH="28" VPOS="3197" HPOS="444"/>
<String CONTENT="&amp;" HEIGHT="49" WIDTH="46" VPOS="3197" HPOS="473"/>
<SP HEIGHT="51" WIDTH="28" VPOS="3197" HPOS="520"/>
<String CONTENT="company," HEIGHT="50" WIDTH="297" VPOS="3213" HPOS="549"/>
<SP HEIGHT="67" WIDTH="31" VPOS="3195" HPOS="847"/>
<String CONTENT="inc.," HEIGHT="68" WIDTH="127" VPOS="3195" HPOS="879"/>
<SP HEIGHT="65" WIDTH="32" VPOS="3198" HPOS="1007"/>
<String CONTENT="1928." HEIGHT="51" WIDTH="153" VPOS="3197" HPOS="1040"/>
</TextLine>
<TextLine HEIGHT="50" WIDTH="428" VPOS="3277" HPOS="312" CS="1">
<String CONTENT="xviii," HEIGHT="48" WIDTH="137" VPOS="3279" HPOS="312"/>
<SP HEIGHT="48" WIDTH="19" VPOS="3279" HPOS="450"/>
<String CONTENT="227" HEIGHT="40" WIDTH="87" VPOS="3279" HPOS="470"/>
<SP HEIGHT="48" WIDTH="19" VPOS="3279" HPOS="558"/>
<String CONTENT="p." HEIGHT="38" WIDTH="44" VPOS="3289" HPOS="578"/>
<SP HEIGHT="42" WIDTH="57" VPOS="3278" HPOS="623"/>
<String CS="1" CONTENT="19&#189;" HEIGHT="41" WIDTH="59" VPOS="3277" HPOS="681"/>
<String STYLE="superscript" CS="1" CONTENT="&#7580;&#7504;."/>
</TextLine>
<TextLine HEIGHT="53" WIDTH="2009" VPOS="3347" HPOS="248" STYLEREFS="StyleId-C1A423DC-1A01-45DC-9466-B98277F7AB6C-">
<String CONTENT="&#169;" HEIGHT="53" WIDTH="52" VPOS="3347" HPOS="248"/>
<SP HEIGHT="53" WIDTH="29" VPOS="3347" HPOS="301"/>
<String CONTENT="Jan." HEIGHT="41" WIDTH="112" VPOS="3351" HPOS="331"/>
<SP HEIGHT="41" WIDTH="29" VPOS="3351" HPOS="444"/>
<String CONTENT="13," HEIGHT="47" WIDTH="69" VPOS="3351" HPOS="474"/>
<SP HEIGHT="47" WIDTH="27" VPOS="3351" HPOS="544"/>
<String CONTENT="1928;" HEIGHT="47" WIDTH="141" VPOS="3350" HPOS="572"/>
<SP HEIGHT="47" WIDTH="30" VPOS="3350" HPOS="714"/>
<String CONTENT="2c." HEIGHT="40" WIDTH="70" VPOS="3350" HPOS="745"/>
<SP HEIGHT="30" WIDTH="28" VPOS="3360" HPOS="816"/>
<String CONTENT="and" HEIGHT="39" WIDTH="96" VPOS="3351" HPOS="845"/>
<SP HEIGHT="39" WIDTH="30" VPOS="3351" HPOS="942"/>
<String CONTENT="aff." HEIGHT="42" WIDTH="83" VPOS="3349" HPOS="973"/>
<SP HEIGHT="41" WIDTH="30" VPOS="3350" HPOS="1057"/>
<String CONTENT="Feb." HEIGHT="42" WIDTH="111" VPOS="3349" HPOS="1088"/>
<SP HEIGHT="41" WIDTH="29" VPOS="3350" HPOS="1200"/>
<String CONTENT="24;" HEIGHT="47" WIDTH="85" VPOS="3350" HPOS="1230"/>
<SP HEIGHT="47" WIDTH="31" VPOS="3350" HPOS="1316"/>
<!-- cceid 17B54CC1-6CB2-1014-A20E-B9D6251C946A --><String CONTENT="A" HEIGHT="39" WIDTH="43" VPOS="3350" HPOS="1348"/>
<SP HEIGHT="39" WIDTH="27" VPOS="3350" HPOS="1392"/>
<String CONTENT="3061951;" HEIGHT="48" WIDTH="230" VPOS="3350" HPOS="1420"/>
<SP HEIGHT="46" WIDTH="33" VPOS="3352" HPOS="1651"/>
<String CONTENT="Doubleday," HEIGHT="48" WIDTH="301" VPOS="3352" HPOS="1685"/>
<SP HEIGHT="47" WIDTH="32" VPOS="3353" HPOS="1987"/>
<String CONTENT="Doran" HEIGHT="40" WIDTH="167" VPOS="3353" HPOS="2020"/>
<SP HEIGHT="40" WIDTH="31" VPOS="3353" HPOS="2188"/>
<String CONTENT="&amp;" HEIGHT="40" WIDTH="37" VPOS="3353" HPOS="2220"/>
</TextLine>
<TextLine HEIGHT="51" WIDTH="530" VPOS="3406" HPOS="316" STYLEREFS="StyleId-C1A423DC-1A01-45DC-9466-B98277F7AB6C-">
<String CONTENT="co.," HEIGHT="38" WIDTH="81" VPOS="3419" HPOS="316"/>
<SP HEIGHT="50" WIDTH="29" VPOS="3407" HPOS="398"/>
<String CONTENT="inc." HEIGHT="42" WIDTH="92" VPOS="3407" HPOS="428"/>
<SP HEIGHT="49" WIDTH="72" VPOS="3407" HPOS="521"/>
<String CONTENT="(28-6313)" HEIGHT="50" WIDTH="252" VPOS="3406" HPOS="594"/>
</TextLine>
<TextLine HEIGHT="65" WIDTH="995" VPOS="3515" HPOS="241">
<String CONTENT="Smiley," HEIGHT="65" WIDTH="241" VPOS="3515" HPOS="241"/>
<SP HEIGHT="64" WIDTH="34" VPOS="3516" HPOS="483"/>
<String CONTENT="Dean" HEIGHT="53" WIDTH="166" VPOS="3516" HPOS="518"/>
<SP HEIGHT="52" WIDTH="34" VPOS="3516" HPOS="685"/>
<String CONTENT="Franklin," HEIGHT="63" WIDTH="303" VPOS="3515" HPOS="720"/>
<SP HEIGHT="59" WIDTH="38" VPOS="3519" HPOS="1024"/>
<String CONTENT="1895-" HEIGHT="49" WIDTH="173" VPOS="3519" HPOS="1063"/>
</TextLine>
<TextLine HEIGHT="73" WIDTH="1942" VPOS="3593" HPOS="316">
<String CONTENT="A" HEIGHT="53" WIDTH="57" VPOS="3594" HPOS="316"/>
<SP HEIGHT="53" WIDTH="41" VPOS="3594" HPOS="374"/>
<String CONTENT="college" HEIGHT="67" WIDTH="215" VPOS="3595" HPOS="416"/>
<SP HEIGHT="47" WIDTH="36" VPOS="3599" HPOS="632"/>
<String CONTENT="textbook" HEIGHT="53" WIDTH="273" VPOS="3593" HPOS="669"/>
<SP HEIGHT="53" WIDTH="39" VPOS="3593" HPOS="943"/>
<String CONTENT="of" HEIGHT="52" WIDTH="65" VPOS="3593" HPOS="983"/>
<SP HEIGHT="53" WIDTH="37" VPOS="3593" HPOS="1049"/>
<String CONTENT="hygiene," HEIGHT="68" WIDTH="263" VPOS="3594" HPOS="1087"/>
<SP HEIGHT="67" WIDTH="38" VPOS="3595" HPOS="1351"/>
<String CONTENT="by" HEIGHT="67" WIDTH="76" VPOS="3595" HPOS="1390"/>
<SP HEIGHT="67" WIDTH="38" VPOS="3595" HPOS="1467"/>
<String CONTENT="Dean" HEIGHT="53" WIDTH="166" VPOS="3595" HPOS="1506"/>
<SP HEIGHT="52" WIDTH="37" VPOS="3596" HPOS="1673"/>
<String CONTENT="Franklin" HEIGHT="53" WIDTH="287" VPOS="3596" HPOS="1711"/>
<SP HEIGHT="55" WIDTH="39" VPOS="3597" HPOS="1999"/>
<String CONTENT="Smiley" HEIGHT="69" WIDTH="219" VPOS="3597" HPOS="2039"/>
</TextLine>
<TextLine HEIGHT="70" WIDTH="1950" VPOS="3671" HPOS="308" CS="1">
<String CS="1" CONTENT="&#8230;"/>
<SP HEIGHT="36" WIDTH="40" VPOS="3690" HPOS="308"/>
<String CONTENT="and" HEIGHT="53" WIDTH="115" VPOS="3673" HPOS="349"/>
<SP HEIGHT="54" WIDTH="31" VPOS="3672" HPOS="465"/>
<String CONTENT="Adrian" HEIGHT="53" WIDTH="229" VPOS="3672" HPOS="497"/>
<SP HEIGHT="55" WIDTH="32" VPOS="3671" HPOS="727"/>
<String CONTENT="Gordon" HEIGHT="55" WIDTH="238" VPOS="3671" HPOS="760"/>
<SP HEIGHT="55" WIDTH="31" VPOS="3671" HPOS="999"/>
<String CONTENT="Gould" HEIGHT="55" WIDTH="195" VPOS="3671" HPOS="1031"/>
<SP HEIGHT="53" WIDTH="35" VPOS="3673" HPOS="1227"/>
<String CS="1" CONTENT="&#8230;"/>
<SP HEIGHT="52" WIDTH="78" VPOS="3673" HPOS="1320"/>
<String CONTENT="New" HEIGHT="52" WIDTH="140" VPOS="3673" HPOS="1399"/>
<SP HEIGHT="53" WIDTH="32" VPOS="3673" HPOS="1540"/>
<String CONTENT="York," HEIGHT="68" WIDTH="182" VPOS="3673" HPOS="1573"/>
<SP HEIGHT="61" WIDTH="32" VPOS="3680" HPOS="1756"/>
<String CONTENT="the" HEIGHT="53" WIDTH="98" VPOS="3675" HPOS="1789"/>
<SP HEIGHT="53" WIDTH="30" VPOS="3675" HPOS="1888"/>
<String CONTENT="Macmillan" HEIGHT="53" WIDTH="339" VPOS="3675" HPOS="1919"/>
</TextLine>
<TextLine HEIGHT="68" WIDTH="484" VPOS="3752" HPOS="246">
<String CONTENT="company," HEIGHT="51" WIDTH="297" VPOS="3769" HPOS="246"/>
<SP HEIGHT="65" WIDTH="33" VPOS="3753" HPOS="544"/>
<String CONTENT="1928." HEIGHT="52" WIDTH="152" VPOS="3752" HPOS="578"/>
</TextLine>
<TextLine HEIGHT="49" WIDTH="1277" VPOS="3833" HPOS="314" STYLEREFS="StyleId-C1A423DC-1A01-45DC-9466-B98277F7AB6C-" CS="1">
<String CONTENT="xiv" HEIGHT="41" WIDTH="84" VPOS="3833" HPOS="314"/>
<SP HEIGHT="38" WIDTH="21" VPOS="3844" HPOS="399"/>
<String LANG="fr" CONTENT="p.," HEIGHT="38" WIDTH="58" VPOS="3844" HPOS="421"/>
<SP HEIGHT="46" WIDTH="23" VPOS="3835" HPOS="480"/>
<String CONTENT="1" HEIGHT="38" WIDTH="25" VPOS="3835" HPOS="504"/>
<SP HEIGHT="39" WIDTH="23" VPOS="3834" HPOS="530"/>
<String CS="1" CONTENT="l.,"/>
<SP HEIGHT="47" WIDTH="21" VPOS="3833" HPOS="600"/>
<String CONTENT="333" HEIGHT="40" WIDTH="85" VPOS="3833" HPOS="622"/>
<SP HEIGHT="48" WIDTH="22" VPOS="3833" HPOS="708"/>
<String CONTENT="p." HEIGHT="38" WIDTH="43" VPOS="3843" HPOS="731"/>
<SP HEIGHT="40" WIDTH="59" VPOS="3833" HPOS="775"/>
<String CONTENT="illus." HEIGHT="41" WIDTH="130" VPOS="3833" HPOS="835"/>
<SP HEIGHT="49" WIDTH="26" VPOS="3833" HPOS="966"/>
<String CONTENT="(part" HEIGHT="49" WIDTH="138" VPOS="3833" HPOS="993"/>
<SP HEIGHT="38" WIDTH="18" VPOS="3835" HPOS="1132"/>
<String CONTENT="col.)" HEIGHT="48" WIDTH="114" VPOS="3833" HPOS="1151"/>
<SP HEIGHT="48" WIDTH="24" VPOS="3833" HPOS="1266"/>
<String CONTENT="diagrs." HEIGHT="48" WIDTH="182" VPOS="3833" HPOS="1291"/>
<SP HEIGHT="40" WIDTH="57" VPOS="3834" HPOS="1474"/>
<String CS="1" CONTENT="20&#189;" HEIGHT="40" WIDTH="59" VPOS="3834" HPOS="1532"/>
<String STYLE="superscript" CS="1" CONTENT="&#7580;&#7504;."/>
</TextLine>
<TextLine HEIGHT="51" WIDTH="1475" VPOS="3903" HPOS="316" STYLEREFS="StyleId-C1A423DC-1A01-45DC-9466-B98277F7AB6C-">
<String CONTENT="&#8220;Bibliography" HEIGHT="48" WIDTH="380" VPOS="3903" HPOS="316"/>
<SP HEIGHT="37" WIDTH="20" VPOS="3914" HPOS="697"/>
<String CONTENT="and" HEIGHT="38" WIDTH="96" VPOS="3905" HPOS="718"/>
<SP HEIGHT="38" WIDTH="23" VPOS="3905" HPOS="815"/>
<String CONTENT="references&#8221;" HEIGHT="41" WIDTH="303" VPOS="3903" HPOS="839"/>
<SP HEIGHT="40" WIDTH="23" VPOS="3904" HPOS="1143"/>
<String CONTENT="at" HEIGHT="38" WIDTH="52" VPOS="3907" HPOS="1167"/>
<SP HEIGHT="38" WIDTH="21" VPOS="3907" HPOS="1220"/>
<String CONTENT="end" HEIGHT="40" WIDTH="93" VPOS="3905" HPOS="1242"/>
<SP HEIGHT="40" WIDTH="22" VPOS="3905" HPOS="1336"/>
<String CONTENT="of" HEIGHT="40" WIDTH="52" VPOS="3905" HPOS="1359"/>
<SP HEIGHT="41" WIDTH="20" VPOS="3905" HPOS="1412"/>
<String CONTENT="each" HEIGHT="40" WIDTH="119" VPOS="3906" HPOS="1433"/>
<SP HEIGHT="40" WIDTH="20" VPOS="3906" HPOS="1553"/>
<String CONTENT="chapter." HEIGHT="47" WIDTH="217" VPOS="3907" HPOS="1574"/>
</TextLine>
<TextLine HEIGHT="56" WIDTH="1810" VPOS="3969" HPOS="251" STYLEREFS="StyleId-C1A423DC-1A01-45DC-9466-B98277F7AB6C-">
<String CONTENT="&#169;" HEIGHT="54" WIDTH="52" VPOS="3969" HPOS="251"/>
<SP HEIGHT="54" WIDTH="29" VPOS="3969" HPOS="304"/>
<String CONTENT="Feb." HEIGHT="41" WIDTH="112" VPOS="3975" HPOS="334"/>
<SP HEIGHT="41" WIDTH="26" VPOS="3975" HPOS="447"/>
<String CONTENT="28," HEIGHT="48" WIDTH="71" VPOS="3975" HPOS="474"/>
<SP HEIGHT="47" WIDTH="28" VPOS="3976" HPOS="546"/>
<String CONTENT="1928;" HEIGHT="49" WIDTH="140" VPOS="3974" HPOS="575"/>
<SP HEIGHT="48" WIDTH="31" VPOS="3975" HPOS="716"/>
<String CONTENT="2c." HEIGHT="41" WIDTH="68" VPOS="3975" HPOS="748"/>
<SP HEIGHT="30" WIDTH="27" VPOS="3986" HPOS="817"/>
<String CONTENT="and" HEIGHT="40" WIDTH="96" VPOS="3977" HPOS="845"/>
<SP HEIGHT="40" WIDTH="28" VPOS="3977" HPOS="942"/>
<String CONTENT="aff." HEIGHT="43" WIDTH="83" VPOS="3974" HPOS="971"/>
<SP HEIGHT="42" WIDTH="29" VPOS="3975" HPOS="1055"/>
<String CONTENT="Feb." HEIGHT="42" WIDTH="112" VPOS="3975" HPOS="1085"/>
<SP HEIGHT="41" WIDTH="27" VPOS="3976" HPOS="1198"/>
<String CONTENT="29;" HEIGHT="49" WIDTH="84" VPOS="3975" HPOS="1226"/>
<SP HEIGHT="49" WIDTH="31" VPOS="3975" HPOS="1311"/>
<!-- cceid 17B603A9-6CB2-1014-A20E-B9D6251C946A --><String CONTENT="A" HEIGHT="40" WIDTH="42" VPOS="3975" HPOS="1343"/>
<SP HEIGHT="40" WIDTH="27" VPOS="3975" HPOS="1386"/>
<String CONTENT="3068017;" HEIGHT="51" WIDTH="230" VPOS="3974" HPOS="1414"/>
<SP HEIGHT="48" WIDTH="33" VPOS="3977" HPOS="1645"/>
<String CONTENT="Macmillan" HEIGHT="42" WIDTH="283" VPOS="3976" HPOS="1679"/>
<SP HEIGHT="30" WIDTH="26" VPOS="3989" HPOS="1963"/>
<String CONTENT="co." HEIGHT="31" WIDTH="71" VPOS="3989" HPOS="1990"/>
</TextLine>
<TextLine HEIGHT="50" WIDTH="253" VPOS="4032" HPOS="328" STYLEREFS="StyleId-C1A423DC-1A01-45DC-9466-B98277F7AB6C-">
<String CONTENT="(28-6409)" HEIGHT="50" WIDTH="253" VPOS="4032" HPOS="328"/>
</TextLine>
</TextBlock>
</PrintSpace>
</Page>
</Layout>
</alto>