2498 4384
1315 4106 134 53 1974

444 522 57 39 46
534 533 44 36 p.
638 521 56 40 23½ᶜᵐ.

449 593 118 40 This
592 593 249 47 pamphlet
865 593 42 38 is
931 595 50 37 to
1006 593 55 39 be
1086 592 140 40 fitted
1251 592 103 40 into
1380 592 81 40 the
1487 593 172 46 pocket
1683 591 51 39 in
1759 592 81 40 the
1865 591 123 40 back
2013 591 51 41 of
2089 592 81 38 the
2196 592 191 40 volume

376 649 53 40 of
457 651 82 39 the
569 653 73 37 set
671 652 51 37 to
750 649 160 40 which
939 649 39 41 it
1007 650 212 47 belongs.

381 716 52 52 ©
462 721 118 41 Nov.
608 721 40 46 2,
677 720 140 46 1928;
848 721 68 39 2c.
946 721 112 39 Dec.
1087 721 52 47 8;
1170 720 83 40 aff.
1284 720 111 40 Dec.
1425 721 25 39 7;
1509 720 41 38 A
1578 719 143 46 3010;
1754 720 138 39 West
1918 719 110 48 pub.
2060 730 82 36 co.,
2175 719 210 39 Edward

448 778 275 48 Thompson
756 788 82 37 co.,
872 778 283 48 Northport,
1190 777 136 47 Long
1357 777 182 48 Island,
1574 777 56 41 N.
1664 777 54 41 Y.

508 872 1879 67 … United States Code annotated. Titles 1-25. [Cumulative
380 956 214 52 annual
638 954 205 68 pocket
884 959 149 63 part,
1078 956 149 49 1928.
1313 952 81 54 St.
1438 953 166 57 Paul,
1645 953 217 66 Mann.,
1901 953 161 52 West
2104 954 134 66 pub.
2282 971 99 48 co.]

436 1036 117 50 ᶜ1 928.
444 1117 57 39 24
567 1150 7 7 v.
633 1116 56 40 23½ᶜᵐ.

447 1188 155 40 These
632 1187 275 48 pamphlets
938 1197 83 31 are
1051 1189 48 37 to
1129 1186 57 39 be
1215 1185 141 40 fitted
1386 1185 102 40 into
1521 1185 81 40 the
1633 1186 198 47 pockets
1862 1185 50 40 in
1942 1186 125 39 back
2097 1185 51 40 of
2180 1186 81 40 the
374 1186 1997 99 volumes

540 1244 51 41 of
620 1245 81 39 the
730 1245 74 38 set
833 1246 48 37 to
912 1243 159 40 which
1101 1243 114 47 they
1246 1243 185 47 belong.

379 1312 52 52 ©
462 1317 118 39 Nov.
611 1316 38 42 2,
681 1315 114 41 1928;
853 1315 68 41 2c.
952 1315 118 39 each
1102 1314 111 41 Dec.
1246 1315 26 39 8;
1331 1312 108 42 affs.
1472 1315 111 39 Dec.
1615 1315 26 39 7;
1701 1315 41 38 A
1772 1314 129 48 3009,
1933 1314 278 47 3011-3029,
446 1314 1944 104 3061-3064;

622 1374 134 38 West
788 1373 109 46 pub.
929 1382 82 37 co.,
1046 1372 212 39 Edward
1292 1371 277 48 Thompson
1602 1382 81 36 co.,
1718 1370 284 48 Northport,
2038 1372 134 46 Long
2206 1371 182 41 Island,

446 1429 56 42 N.
530 1430 52 40 Y.

369 1524 467 65 Vaidianathan,
875 1524 55 56 S.

451 1603 151 53 How
643 1608 59 48 to
745 1602 219 69 change
1004 1621 145 50 your
1193 1601 296 54 condition
1532 1601 75 69 by
1653 1600 374 70 re-directing
2071 1620 145 51 your
379 1601 1983 148 subconscious;

735 1681 126 52 how
897 1686 60 47 to
993 1680 247 53 dissolve
1274 1679 397 54 subconscious
1707 1679 345 53 hindrances
2089 1681 114 52 and
380 1698 1984 130 complexes

602 1760 115 52 and
746 1764 136 47 turn
909 1776 144 51 your
1083 1776 214 51 energy
1323 1758 123 53 into
1477 1757 224 54 desired
1731 1758 288 68 channels,
2049 1758 77 69 by
2160 1757 56 56 S.
380 1758 1983 133 Vaidianathan.

790 1836 286 69 Holyoke,
1109 1836 193 68 Mass.,
1337 1836 124 53 The
1497 1835 304 54 Elizabeth
1837 1837 213 53 Towne
2087 1854 79 36 co.
381 1836 1983 142 incorporated:

682 1914 1314 64 London, L. N. Fowler & company [ ᶜ1 928]
450 1997 541 48 2 p. l., 7-245 p. 17ᶜᵐ.
378 2066 52 52 ©
458 2070 129 48 Sept.
611 2071 69 46 17,
705 2070 141 46 1928;
872 2070 67 40 2c.
967 2069 129 48 Sept.
1119 2070 83 46 22;
1230 2068 83 42 aff.
1341 2069 129 48 Sept.
1495 2069 83 47 20;
1605 2068 41 40 A
1670 2068 231 44 1054518;
1929 2070 257 41 Elizabeth
2210 2070 179 41 Towne

445 2139 81 36 co.,
558 2128 91 39 inc.
718 2126 282 50 (28-30527)

374 2222 226 64 Vanity
637 2222 139 55 fair.

449 2300 177 55 Short
656 2301 199 53 stories
890 2300 154 54 from
1072 2301 223 68 Vanity
1327 2299 135 69 fair,
1496 2300 329 69 1926-1927,
1858 2301 141 52 with
2031 2320 32 34 a
2096 2299 288 56 foreword

373 2378 1934 72 by Frank Crowninshielcl. New York, H. Liveright [ ᶜ1 928]
443 2463 408 50 xiv, 410 p. 20 ᶜᵐ.
377 2530 52 54 ©
457 2535 119 41 Nov.
601 2534 70 48 26,
700 2534 113 41 1928;
869 2535 68 41 2c.
966 2536 94 39 and
1089 2534 83 42 aff.
1200 2535 119 41 Nov.
1347 2536 83 45 30;
1461 2535 41 40 A
1528 2534 116 42 3097;
1701 2535 163 42 Condé
1891 2536 124 40 Nast
2044 2536 342 48 publications,

444 2592 91 40 inc.
604 2591 282 49 (28-29962)

371 2686 255 64 Verona,
660 2686 191 55 Guido
880 2687 93 55 da.

374 2766 1993 146 … Azyadèh, la donna pallida; romanzo. Firenze, R. Bemporad
590 2843 341 69 e fᵒ [ ᶜ1 927]
444 2928 86 40 245
551 2939 44 37 p.
655 2927 59 41 19½ᶜᵐ.

377 2994 1845 56 © Jan. 23, 1928; 1c. July 28; A—Foreign 245; R. Bemporad & fᵒ.
455 3056 282 49 (28-30292)

371 3150 235 66 Vivian,
646 3151 228 66 Evelyn
915 3152 248 55 Charles
1202 3153 74 54 H.

444 3229 284 71 Shooting
760 3237 165 61 stars,
958 3231 152 53 from
1139 3232 99 53 the
1266 3232 122 52 film
1419 3233 75 68 by
1524 3233 280 69 Anthony
1833 3233 272 69 Asquith,
2138 3233 250 69 adapted

369 3309 77 69 by
473 3311 67 51 E.
574 3309 238 55 Charles
841 3310 231 53 Vivian.
1155 3311 279 67 [London]
1468 3311 190 53 Hurst
1684 3314 46 50 &
1758 3312 284 68 Blackett,
2071 3313 104 52 ltd.
2212 3315 171 64 [1928]

441 3392 663 50 3 p. l. , 11-254, [1] p. 19½ᶜᵐ.
377 3460 2008 54 © 1c. Dec. 4, 1928; A ad int. 12012; pubd. Oct. 5; E. C. Vivian, London.
455 3521 281 48 (28-30851)

372 3615 271 64 Wallace,
679 3616 221 64 Edgar,
938 3617 171 54 1875-

442 3694 122 54 The
597 3694 223 68 double,
855 3695 74 69 by
965 3695 200 69 Edgar
1197 3695 273 54 Wallace.
1547 3695 235 56 Garden
1820 3696 153 70 City,
2006 3697 70 53 N.
2116 3698 91 66 Y.,
2243 3697 145 53 Pub.

376 3771 91 53 for
506 3772 123 53 The
669 3771 193 56 Crime
900 3773 146 68 club,
1086 3773 127 68 inc.,
1251 3775 77 67 by
1365 3773 360 69 Doubleday,
1765 3776 201 52 Doran
2004 3777 46 51 &
2090 3793 300 51 company,

371 3849 126 69 inc.,
531 3853 150 50 1928.

442 3933 473 48 3 p. l. , 309 p. 19½ᶜᵐ.
377 3988 53 52 ©
459 3992 112 41 Dec.
599 3993 39 46 7,
667 3992 115 40 1928;
837 3993 68 40 2c.
933 3994 96 39 and
1056 3993 82 41 aff.
1168 3994 114 40 Dec.
1312 3994 55 39 14;
1423 3994 42 39 A
1491 3995 117 40 2248;
1667 3996 52 39 E.
1749 3996 229 47 Wallace,
2009 3996 214 40 London.

456 4049 280 49 (28-30338)
