2498 4384
1295 4077 106 56 784

406 510 1400 52 iv p., 1 l., 158 p. illus. (incl. forms) diagrs. 24 ᶜᵐ .
346 567 1996 53 © Sept. 20, 1927; 1c. Feb. 27, 1928; A—Foreign 37532; R. Oldenbourg.
424 626 281 49 (28-33666)

338 694 276 62 Tinayre,
644 694 171 52 Mme.
848 693 293 63 Marcelle,
1177 693 172 53 1877-

472 771 1615 70 … Une provinciale en 1830. [Paris] P. Lafitte [1927]
410 854 1392 50 3 p. l., [9]-124, [1] p., 1 l. 17½ᶜᵐ. (Il y a cent ans)
346 909 51 52 ©
434 914 118 39 Nov.
587 913 69 43 30,
694 913 140 42 1927;
902 925 37 29 1c.
976 913 110 41 Jan.
1122 913 56 40 27,
1286 913 83 42 1928;
1408 913 101 39 A—
1513 912 207 47 Foreign
1757 912 170 42 37316;
1967 913 242 42 Librairie
414 914 1908 104 Hachette,

620 970 156 40 Paris.
848 969 281 50 (28-13700)

346 1037 248 70 [Treich,
626 1037 179 67 Léon]
844 1037 83 53 ed.

470 1114 1696 70 … L’esprit d’Henry Becque. Paris, Gallimard [1927]
407 1197 1938 51 3 p. l., [9]-158 p., 1 l. 17 ᶜᵐ . (Collection d’anas sous la direction de
337 1256 129 41 Léon
498 1256 189 40 Treich.
751 1257 68 48 [n°
849 1255 99 50 28])

346 1310 1981 101 © Sept. 17, 1927; 1c. Feb. 10, 1928; A— Foreign 37462; Librairie Gallimard.
639 1370 282 49 (28-13897)

340 1437 308 62 Vickland,
682 1436 167 53 Ellen
881 1436 329 53 Elizabeth.

406 1514 1941 71 Women of Assam, by E. Elizabeth Vickland … edited by
336 1597 97 53 the
463 1597 382 67 Department
876 1594 64 53 of
969 1595 344 66 missionary
1343 1594 301 53 education
1673 1594 65 53 of
1766 1595 96 52 the
1894 1595 194 52 Board
2119 1594 65 53 of
338 1596 1984 131 education

566 1674 1782 68 of the Northern Baptist convention … Philadelphia,
338 1753 1212 68 Boston [etc.] The Judson press [ ᶜ19 28 ]
409 1834 1155 50 8 p. l., 179 p. front., plates, ports. 20 ᶜᵐ .
409 1894 351 47 Bibliography:
822 1904 42 37 p.
896 1893 217 41 177-179.

348 1948 51 52 ©
433 1954 113 38 May
577 1952 67 43 11,
676 1951 141 46 1928;
848 1952 68 41 2c.
946 1952 97 38 and
1073 1949 82 42 aff.
1187 1952 115 46 May
1332 1950 82 47 19;
1447 1950 41 39 A
1518 1950 229 47 1077340;
1781 1950 190 40 Judson
2000 1960 151 38 press.

426 2007 282 49 (28-18229)

338 2076 200 61 Ward,
572 2074 409 63 Christopher.

416 2154 123 52 The
578 2172 133 50 saga
757 2152 64 53 of
864 2152 184 69 Cap’n
1087 2153 149 52 lohn
1282 2151 189 56 Smith;
1545 2152 171 66 being
1758 2170 73 34 an
1873 2156 238 48 account
2153 2150 63 54 of
2257 2152 90 53 his

346 2231 213 54 service
593 2231 59 52 in
690 2231 92 52 the
819 2250 180 33 warre
1035 2231 61 52 in
1130 2230 308 69 Hungaria
1475 2230 137 52 with
1652 2230 95 52 the
1783 2230 216 65 Turks;
2038 2229 91 53 his
2166 2230 182 68 single

346 2310 252 52 combats
636 2310 135 51 with
813 2310 160 52 three
1008 2309 250 52 Turkish
1299 2308 352 68 champions,
1688 2308 249 52 wherein
1974 2308 70 53 he
2083 2327 114 33 was
346 2308 1977 147 victorious,

610 2388 111 53 and
750 2388 127 52 how
948 2408 25 32 he
1003 2407 114 33 was
1146 2387 167 53 taken
1347 2387 257 68 prisoner
1632 2387 76 69 by
1737 2386 97 53 the
1862 2386 189 54 Turks
2082 2386 112 53 and
2224 2387 123 53 sold

348 2467 94 52 for
475 2486 28 32 a
538 2468 152 52 slave
724 2467 113 52 and
870 2466 64 51 of
966 2466 88 52 his
1088 2485 195 48 escape
1315 2465 333 53 therefrom.
1718 2464 141 53 Also
1893 2465 90 53 his
2016 2465 332 68 expedition

346 2545 123 53 into
507 2545 271 68 Virginia-
818 2545 109 51 and
971 2544 88 53 his
1099 2545 341 51 adventures
1478 2544 158 52 there
1678 2562 209 50 among
1923 2544 96 52 the
2060 2544 284 68 salvages;

344 2623 173 69 being
558 2623 57 51 in
658 2621 145 69 peril
844 2621 64 53 of
946 2622 89 52 his
1076 2621 122 68 life,
1238 2621 102 53 but
1381 2621 170 54 saved
1592 2620 75 70 by
1708 2641 73 33 an
1821 2621 214 53 Indian
2078 2621 268 69 princess.

347 2701 411 52 Furthermore
790 2700 91 52 his
916 2700 390 52 observations
1344 2700 59 52 in
1440 2700 138 52 New
1617 2700 288 68 England.
1979 2699 102 53 All
2119 2700 229 53 written

346 2779 76 68 by
447 2779 379 68 Christopher
848 2778 199 67 Ward,
1072 2778 112 52 and
1210 2778 253 52 adorned
1488 2777 140 52 with
1654 2779 317 67 sculptures
1995 2777 77 71 by
2097 2779 64 51 F.
2191 2778 61 54 C.
2281 2780 66 51 B.

347 2858 139 52 New
516 2857 163 52 York
708 2857 112 51 and
849 2855 259 68 London,
1137 2856 235 66 Harper
1400 2858 50 50 &
1480 2855 279 67 brothers,
1791 2859 149 50 1928.

421 2936 1434 52 6 p. l., 3-168 p., 3 l. incl. front., illus., plates. 21½ᶜᵐ.
418 2999 57 37 In
502 3006 151 31 verse.

351 3049 51 53 ©
433 3055 114 46 May
575 3054 67 45 17,
670 3052 141 46 1928;
842 3052 67 41 2c.
939 3052 95 39 and
1064 3051 83 41 aff.
1177 3053 115 46 May
1321 3052 81 45 19;
1435 3052 40 38 A
1503 3052 230 47 1077323;
1766 3053 194 47 Harper
1989 3055 36 41 &
2055 3052 125 42 bros.

432 3109 282 48 (28-13390)

346 3177 266 60 Watson,
640 3174 156 55 John
826 3175 289 61 Broadus,
1149 3172 171 55 1878-

417 3252 1934 70 The ways of behaviorism, by John B. Watson … New York
345 3332 112 52 and
482 3332 260 67 London,
766 3332 234 68 Harper
1025 3333 46 51 &
1091 3330 281 69 brothers,
1399 3334 151 51 1928.

417 3415 28 39 4
468 3425 42 37 p.
570 3445 9 16 l.,
604 3414 84 39 144
714 3424 41 38 p.
815 3413 148 41 22½ᶜᵐ.

352 3468 51 52 ©
435 3474 113 45 May
576 3473 68 44 17,
674 3471 140 42 1928;
845 3472 67 39 2c.
941 3472 96 39 and
1067 3470 81 41 aff.
1180 3472 114 46 May
1323 3472 81 46 19;
1437 3472 40 38 A
1507 3472 229 46 1077325;
1768 3473 195 47 Harper
1990 3473 37 40 &
2057 3473 125 40 bros.

431 3527 281 49 (28-33456)

349 3594 198 63 Wells,
577 3594 292 62 Webster,
906 3596 327 51 1851-1916.

420 3671 1927 70 Modern first year algebra. Rev. By Webster Wells … and
349 3749 1993 68 Walter W. Hart … Boston, New York [etc.] D. C. Heath and
349 3830 512 65 company [ ᶜ19 28]
455 3941 7 14 x,
494 3909 87 41 340
611 3920 42 37 p.
714 3909 143 47 illus.,
890 3909 180 49 diagrs.
1131 3909 146 41 19½ᶜᵐ.

354 3963 52 52 ©
436 3968 113 46 May
578 3967 67 46 14,
674 3966 140 48 1928;
845 3967 67 40 2c.
942 3968 96 39 and
1067 3966 82 42 aff.
1180 3968 114 47 May
1325 3966 80 48 19;
1436 3967 44 40 A
1506 3967 230 49 1077303;
1768 3968 57 41 D.
1857 3967 48 43 C.
1936 3967 165 42 Heath
2131 3968 36 40 &
2194 3978 69 31 co.

436 4024 280 49 (28-13435)
