2498 4384
1346 4065 100 53 660

441 499 85 41 815
554 512 42 36 p.
657 500 143 47 illus.,
827 502 86 38 col.
942 511 75 36 pl.,
1046 499 179 48 diagrs.
1286 499 117 41 25ᶜᵐ.

443 557 348 40 “References”
819 559 51 38 at
899 559 92 38 end
1020 557 52 40 of
1096 559 125 38 most
1249 557 53 39 of
1327 558 82 39 the
1437 557 242 47 chapters.

375 610 52 52 ©
458 615 113 47 Apr.
599 615 70 47 26,
700 614 114 40 1928;
871 615 68 40 2c.
969 615 96 39 and
1094 613 82 42 aff.
1205 614 115 48 Apr.
1349 614 59 40 30;
1465 615 41 38 A
1535 614 206 40 1077020;
1798 614 50 40 C.
1879 615 54 39 V.
1964 613 171 48 Mosby
2165 623 67 31 co.

455 671 280 48 (28-11988)

374 764 177 64 Cobb,
583 765 334 63 Stanwood,
952 768 171 51 1881-

443 844 120 51 The
599 862 124 33 new
759 844 225 66 leaven;
1024 844 359 67 progressive
1419 843 300 53 education
1758 843 114 52 and
1908 843 74 52 its
2019 842 166 53 effect
2219 860 156 49 upon

371 921 97 52 the
509 920 156 53 child
707 922 113 51 and
862 921 228 68 society,
1130 920 76 68 by
1251 920 309 55 Stanwood
1604 920 174 54 Cobb.
1852 921 139 52 New
2032 919 180 68 York,
2254 919 121 53 The

372 998 157 53 John
564 999 131 68 Day
730 1016 298 50 company,
1064 1001 149 49 1928.

480 1081 532 48 x, 340 p., 1 l. 19½ᶜᵐ.
377 1133 52 52 ©
460 1138 114 47 Apr.
606 1137 67 47 19,
705 1137 141 46 1928;
879 1137 67 40 2c.
978 1137 114 47 Apr.
1123 1137 83 46 26;
1240 1136 83 42 aff.
1353 1136 115 49 Apr.
1498 1137 83 47 25;
1615 1138 41 38 A
1687 1136 230 48 1069929;
1955 1137 45 40 S.
2034 1135 142 49 Cobb,
2211 1136 163 48 Chevy

448 1194 168 47 Chase,
650 1195 97 39 Md.
817 1193 283 49 (28-11839)

376 1273 237 64 Coulon,
644 1272 237 64 Marcel,
916 1273 172 54 1873-

508 1352 1870 65 … Raoul Ponchon. Préface de Charles Maurras. Paris,
376 1433 67 51 B.
476 1431 251 68 Grasset,
757 1431 150 53 1927.

446 1513 1071 49 xxxii, 213 p., 3 l. fold, facsim. 19½ᶜᵐ.
381 1567 1997 52 © Dec. 5, 1927; 1c. Feb. 10, 1928; A—Foreign 37400; Bernard Grasset.
460 1628 280 49 (28-11767)

378 1707 327 63 Dearborn,
734 1707 226 54 Walter
988 1708 218 62 Fenno,
1240 1706 171 54 1878-

450 1787 374 68 Intelligence
861 1792 155 62 tests,
1053 1787 149 52 their
1243 1786 363 69 significance
1644 1786 93 53 for
1774 1787 191 52 school
2003 1787 115 52 and
2154 1787 229 69 society,

377 1864 1998 70 by Walter Fenno Dearborn … Boston, New York [etc.]
379 1944 1090 69 Houghton Mifflin company [ ᶜ 1928]
450 2026 131 47 xxiv,
623 2027 86 40 336
749 2037 44 37 p.
852 2026 143 48 illus.,
1040 2027 157 47 plates
1225 2026 50 49 (1
1317 2026 145 48 fold.)
1512 2026 180 48 diagrs.
1719 2027 51 48 (1
1813 2026 198 47 double)
2064 2026 156 40 tables
2248 2027 134 48 (part

379 2084 113 46 col.)
561 2083 146 41 19½ᶜᵐ.

453 2141 176 48 “Eight
662 2142 210 39 lectures
905 2141 159 40 which
1098 2151 126 29 were
1259 2140 140 49 given
1434 2142 52 39 at
1521 2141 82 40 the
1637 2141 180 40 Lowell
1851 2140 228 41 institute
2114 2140 50 40 in
2201 2142 181 39 Boston

380 2199 51 39 in
460 2200 251 46 February
740 2200 96 38 and
866 2199 183 47 March,
1079 2197 158 42 1925.”

451 2256 350 48 Bibliography
819 2266 9 29 :
863 2267 43 36 p.
944 2255 248 49 [317]-327.

386 2310 52 52 ©
466 2315 114 47 Apr.
607 2314 70 46 25,
706 2313 115 40 1928;
876 2313 68 40 2c.
973 2313 113 47 Apr.
1116 2312 58 41 30;
1229 2312 84 41 aff.
1342 2313 114 47 Apr.
1485 2313 57 40 27;
1599 2313 41 38 A
1669 2312 203 41 1074227;
1931 2314 71 40 W.
2033 2313 52 40 F.
2116 2312 266 49 Dearborn,

455 2370 301 49 Cambridge,
787 2371 147 40 Mass.
1005 2369 282 50 (28-11993)

386 2452 147 62 Dell,
563 2452 177 52 Ethel
767 2453 158 61 May.

454 2530 121 52 The
606 2535 130 63 gate
766 2529 235 52 marked
1033 2529 241 67 private.
1349 2528 389 67 [Instalments
1772 2532 117 62 1-8]

468 2613 82 47 (In
580 2609 159 42 Home
770 2612 142 39 notes
947 2607 288 52 magazine)

388 2665 1996 52 © 1c. each June 12, 1928; A ad int. 11216; pubd. Apr. 14, 21, 28, May 5,
456 2726 69 47 12,
551 2726 68 47 19,
644 2725 70 47 26,
738 2726 128 39 June
888 2725 54 47 2;
971 2725 143 39 Ethel
1138 2726 143 46 Mary
1308 2725 201 47 Savage,
1540 2725 25 40 i.
1593 2736 37 30 e.
1657 2726 116 40 Mrs.
1801 2724 179 41 Gerald
2008 2724 201 48 Savage,
2237 2725 150 41 Little

456 2782 226 48 Woolpit,
717 2783 244 46 Ewhurst,
999 2782 193 47 Surrey,
1227 2783 237 47 England.

389 2864 302 68 [Donelan,
726 2864 208 52 Daniel
969 2864 277 66 Dermod]
1289 2866 172 50 1866-

456 2942 214 68 Figaro
698 2942 59 52 in
785 2943 76 50 all
891 2960 149 50 ages,
1066 2942 223 68 history
1315 2941 64 52 of
1403 2941 230 53 barbers
1661 2942 113 52 and
1799 2941 261 69 barbery,
2086 2942 76 67 by
2188 2941 201 52 Bresal

387 3019 192 53 Maine
633 3019 214 67 [pseud.]
928 3020 138 52 New
1098 3019 181 67 York,
1309 3020 121 51 The
1462 3019 266 54 Varriale
1760 3019 373 68 publication,
2168 3018 150 53 1927.

455 3103 570 47 4 p. l., 104 p. 17½ᶜᵐ.
391 3156 52 52 ©
472 3160 111 40 Dec.
611 3159 69 48 30,
708 3159 141 45 1927;
877 3160 68 39 2c.
974 3160 95 38 and
1096 3158 83 41 aff.
1207 3159 111 40 Jan.
1345 3159 69 47 14,
1443 3159 140 47 1928;
1614 3159 42 39 A
1682 3159 230 46 1018414;
1942 3158 178 40 Daniel
2148 3159 57 40 D.
462 3159 1909 105 Donelan,
589 3217 118 40 New
739 3217 143 39 York.
956 3216 282 48 (28-11889)

388 3298 351 61 Estornelle,
773 3296 260 56 Camille.

456 3374 313 69 Watching
803 3379 59 47 at
898 3374 307 69 Golgotha,
1242 3375 368 52 meditations
1645 3394 72 33 on
1750 3375 96 52 the
1883 3375 187 52 words
2107 3373 152 53 from
2294 3375 96 51 the

388 3471 167 48 cross,
589 3452 76 68 by
701 3451 241 55 Camille
978 3452 338 66 Estornelle,
1383 3495 9 9 S.
1466 3496 9 9 T.
1550 3494 9 9 D.
1635 3452 428 68 Philadelphia,
2098 3453 293 51 Dorrance

389 3531 650 67 and company [ ᶜ 1928]
460 3612 1929 49 5 p. l., 15-87 p. front. 19½ᶜᵐ. (Half-title: Contemporary religious
390 3670 221 48 thought.
670 3669 52 48 9)

395 3720 52 54 ©
475 3726 122 40 Mar.
621 3725 70 47 20,
719 3724 140 47 1928;
887 3725 68 40 2c.
981 3725 95 39 and
1103 3724 82 41 aff.
1212 3725 114 47 Apr.
1352 3724 83 47 26;
1464 3724 40 39 A
1531 3725 228 46 1074206;
1790 3726 248 40 Dorrance
2067 3725 36 40 &
2130 3735 81 36 co.,
2240 3725 91 40 inc.

474 3782 281 48 (28-11740)

393 3861 391 63 Fabre-Luce,
818 3861 230 53 Alfred.

461 3939 275 67 Locarno,
788 3939 95 54 the
934 3940 207 69 reality
1198 3939 109 70 [by]
1365 3939 213 55 Alfred
1628 3940 391 68 Fabre-Luce;
2074 3940 311 54 translated
