2498 4384
1299 4072 101 58 320

372 502 1965 70 verfasser … 1, t. Allgemeine thermostatik. Leipzig, J. A.
333 585 204 67 Barth,
573 584 149 52 1927.

404 664 647 49 xvi, 390 p. diagrs. 24 ᶜᵐ.
337 734 51 52 ©
430 739 116 40 July
586 737 69 47 12,
697 736 140 46 1927;
911 747 36 29 1c.
988 736 119 39 Nov.
1192 745 10 36 8;
1246 735 313 48 A—Foreign
1599 734 171 47 36597;
1815 734 194 40 Johann
2052 733 287 41 Ambrosius

405 795 171 41 Barth.
647 792 252 51 (28-7270)

328 890 406 62 Warrington,
766 888 155 53 John
955 889 69 52 R.

401 969 123 52 The
555 968 234 52 harness
819 966 242 53 maker’s
1093 967 261 66 manual;
1389 985 32 33 a
1453 966 277 68 practical
1761 966 172 69 guide
1969 965 94 53 for
333 984 1984 132 measuring

465 1047 112 52 and
611 1045 225 69 cutting
870 1046 76 52 all
978 1045 171 53 kinds
1182 1043 65 55 of
1279 1045 268 69 saddlery
1583 1044 356 69 equipment;
1975 1045 119 52 also
2129 1064 32 33 a
332 1051 1984 127 treatise

479 1144 72 33 on
594 1125 120 53 side
754 1124 160 67 lines,
955 1124 133 53 shoe
1128 1123 315 68 repairing,
1485 1128 132 47 auto
1660 1122 188 53 fabric
1891 1123 177 66 work,
2107 1123 233 54 harness

332 1204 200 68 oiling,
579 1201 482 70 merchandising,
1108 1202 113 52 and
1270 1201 359 69 suggestions
1677 1201 93 53 for
1820 1201 260 70 winning
2127 1220 214 36 success

336 1282 56 53 in
431 1283 94 52 the
563 1282 165 53 retail
768 1281 217 53 leather
1022 1281 178 69 goods
1239 1279 272 67 business,
1548 1281 72 68 by
1658 1281 156 52 John
1855 1281 67 52 R.
1961 1280 376 67 Warrington

480 1358 1702 70 … [Cincinnati, The Spokesman printing company, ᶜ1928]
401 1442 378 50 307, [7] p. 18 ᶜᵐ.
338 1511 51 52 ©
420 1518 120 37 Mar.
569 1516 38 45 1,
635 1515 140 46 1928;
804 1515 67 40 2c.
900 1516 122 39 Mar.
1049 1516 52 43 3;
1132 1514 82 41 aff.
1244 1515 122 39 Mar.
1394 1515 52 45 2;
1477 1514 40 39 A
1546 1514 229 46 1069054;
1808 1514 299 48 Spokesman
2138 1515 105 47 pub.
2274 1527 67 28 co.

416 1572 253 49 (28-7260)

329 1666 302 64 Whitney,
665 1668 138 52 Mrs.
839 1666 295 54 Gertrude
1169 1666 218 63 Capen.

404 1746 122 51 The
580 1746 371 66 interpreter;
1007 1763 29 33 a
1092 1746 185 66 novel,
1330 1744 75 69 by
1459 1744 285 55 Gertrude
1801 1744 192 69 Capen
2049 1746 292 67 Whitney.

336 1824 1229 62 Boston, The Four seas company [ ᶜ1 925]
405 1907 86 40 212
521 1919 44 36 p.
625 1907 56 40 19½ᶜᵐ.

338 1974 51 53 ©
421 1980 111 38 Dec.
560 1978 70 41 28,
659 1977 114 40 1927;
832 1978 67 40 2c.
930 1978 122 39 Mar.
1082 1977 69 47 10,
1182 1976 141 46 1928;
1356 1976 82 42 aff.
1470 1978 122 40 Mar.
1623 1978 55 39 12;
1738 1976 42 41 A
1808 1978 230 44 1068241;
2075 1978 128 40 Four
2235 1990 107 28 seas

406 2046 68 30 co.
545 2035 252 48 (28-7328)

330 2130 243 53 Willard
607 2131 243 62 storage
883 2129 243 63 battery
1158 2144 309 48 company.

335 2207 1981 133 The starting and lighting battery … Cleveland, O., Willard
491 2287 1023 69 storage battery company [ ᶜ1 928]
404 2368 1057 51 2 p. l. , 3-113. [1] p. illus., diagrs. 23 ᶜᵐ.
340 2425 51 52 ©
427 2430 110 39 Feb.
569 2429 69 42 23,
671 2429 114 38 1928;
846 2429 66 40 2c.
945 2429 94 39 and
1074 2428 83 41 aff.
1190 2429 124 40 Mar.
1346 2429 53 46 7;
1435 2429 39 38 A
1507 2429 203 41 1068176;
1774 2429 207 41 Willard
2014 2431 195 44 storage
410 2431 1913 103 battery

546 2498 67 28 co.
684 2485 252 49 (28-7261)

332 2580 283 62 Winters,
650 2579 180 53 Yvor.

407 2659 122 52 The
557 2658 134 52 bare
720 2658 164 67 hills;
919 2677 31 33 a
980 2658 148 53 book
1157 2657 64 54 of
1252 2677 193 49 poems
1472 2658 76 70 by
1580 2659 162 52 Yvor
1772 2658 269 54 Winters.
2114 2660 234 65 Boston,

337 2735 993 70 The Four seas company [ ᶜ1 927]
408 2817 385 49 62 p., 1 l. 20 ᶜᵐ.
413 2875 146 40 “Five
584 2875 221 41 hundred
834 2875 160 49 copies
1020 2876 112 48 only
1160 2875 51 41 of
1240 2875 99 41 this
1366 2876 191 40 volume
1587 2877 121 39 have
1736 2877 116 39 been
1882 2875 193 49 printed
2106 2887 59 30 on
340 2877 1989 94 Flemish

443 2933 122 39 book
591 2943 164 37 paper,
783 2934 95 38 and
906 2933 82 40 the
1016 2934 113 47 type
1156 2932 341 41 distributed.”

343 2985 51 52 ©
429 2990 111 40 Dec.
574 2991 38 46 7,
645 2990 141 45 1927;
822 2991 67 40 2c.
923 2991 112 40 Dec.
1069 2990 81 46 15;
1186 2989 84 42 aff.
1305 2991 111 40 Feb.
1449 2990 70 48 29,
1553 2991 141 46 1928;
1729 2991 43 39 A
1804 2990 229 47 1068029;
2072 2992 132 39 Four
2237 3003 108 29 seas

410 3058 69 28 co.
550 3046 251 48 (28-7168)

336 3139 257 65 Wright,
624 3140 156 53 John
814 3140 299 54 Kirtland.

340 3218 1981 132 … The Leardo map of the world, 1452 or 1453, in the collections
609 3295 65 54 of
705 3298 96 54 the
834 3297 308 53 American
1178 3297 408 70 geographical
1623 3299 229 69 society,
1884 3299 75 68 by
1991 3299 159 55 John
340 3299 1980 128 Kirtland

507 3375 1840 71 Wright … with a note on the reproduction of the map,
339 3452 76 69 by
452 3452 70 52 A.
563 3454 65 50 B.
667 3453 184 53 Hoen.
928 3454 139 52 New
1105 3454 182 67 York,
1324 3454 308 53 American
1670 3456 408 68 geographical
2116 3457 231 67 society,

343 3533 149 50 1928.

410 3612 1847 52 2 p. l. , [iii]-iv p., 1 l., 74 p., 1 l. front., illus. (facsim.) maps. 19½ ᶜᵐ.
350 3669 283 47 (American
664 3671 341 47 geographical
1039 3671 198 48 society.
1298 3671 207 48 Library
1540 3672 151 40 series
1725 3684 75 29 no.
1834 3674 52 46 4)

341 3727 1986 97 “The Society has … undertaken the publication of a full-sized colored
485 3784 243 41 facsimile
760 3785 66 49 [of
854 3786 81 39 the
967 3786 187 40 Leardo
1185 3796 127 39 map]
1345 3786 50 39 in
1424 3786 317 49 explanation
1770 3788 52 39 of
1851 3788 159 40 which
2039 3790 84 39 the
2152 3791 196 46 present

341 3843 122 39 book
492 3853 102 29 was
623 3842 389 49 prepared.”—p.
1046 3843 55 50 [1]

414 3899 133 40 “List
577 3899 52 40 of
658 3899 302 41 references”;
1021 3911 44 37 p.
1098 3900 190 50 [63]-67.

347 3952 51 53 ©
427 3957 111 42 Feb.
563 3958 70 43 27,
659 3957 114 41 1928;
827 3958 68 41 2c.
923 3959 121 40 Mar.
1071 3958 26 40 5;
1152 3958 83 42 aff.
1263 3960 121 40 Mar.
1410 3959 26 41 3;
1492 3959 41 40 A
1560 3959 202 42 1068093;
1819 3962 144 39 Amer.
2005 3959 342 52 geographical

415 4026 93 36 soc,
539 4015 51 40 of
619 4016 117 43 New
767 4016 143 45 York.
982 4015 251 50 (28-7386)
