2498 4384
1325 4097 100 50 650

378 464 123 51 The
526 463 145 52 New
696 463 408 52 international
1130 482 136 49 year
1291 462 174 67 book;
1495 482 31 34 a
1553 465 398 66 compendium
1963 465 62 52 of
2036 465 95 51 the
2149 462 226 54 world’s

451 559 262 50 progress
764 540 94 53 for
906 542 95 51 the
1051 560 134 49 year
1240 542 147 53 1927.
1477 543 226 66 Editor,
1752 543 251 52 Herbert
2054 541 320 53 Treadwell

450 619 196 53 Wade.
714 619 138 52 New
882 618 181 67 York,
1092 620 192 66 Dodd,
1313 620 171 52 Mead
1516 620 113 52 and
1662 637 296 51 company,
1992 623 151 49 1928.

449 700 1156 48 4 p. l., 836 p. plates, maps, tables. 26ᶜᵐ.
378 752 53 53 ©
455 758 114 47 May
593 757 69 48 15,
688 756 116 40 1928;
854 757 68 42 2c.
949 758 112 47 May
1086 757 82 48 18;
1196 757 84 42 aff.
1307 758 112 49 May
1445 759 81 46 17;
1555 759 41 39 A
1621 758 228 47 1074574;
1879 758 153 48 Dodd,
2061 759 142 39 Mead
2230 757 36 41 &
2291 767 81 40 co.,

445 814 91 41 inc.

376 909 122 52 The
527 909 145 52 New
704 909 354 52 world-wide
1090 910 359 67 cyclopedia;
1482 929 30 33 a
1546 910 277 67 complete
1851 909 223 69 library
2102 908 64 53 of
444 909 1904 143 refererence,
685 986 270 69 superbly
987 987 112 51 and
1132 987 300 69 profusely
1460 988 327 51 illustrated
1820 988 140 51 with
1991 987 291 51 hundreds
2313 985 65 53 of

443 1063 246 69 subjects
725 1064 60 52 in
826 1064 112 52 full
976 1065 170 66 color,
1182 1070 305 48 monotone
1523 1067 113 51 and
1674 1070 121 47 text
1833 1070 139 61 cuts,
2009 1065 143 52 with
2189 1083 31 33 a
443 1064 1909 130 valuable
653 1141 292 68 appendix
990 1141 65 53 of
1099 1142 523 68 often-sought-for
1664 1142 148 53 facts
1855 1143 60 52 in
1961 1143 205 51 almost
2210 1160 168 51 every

444 1221 361 66 department
849 1218 65 53 of
957 1220 213 52 human
1213 1220 353 69 knowledge,
1611 1239 31 33 a
1687 1219 424 70 chronological
2154 1219 222 69 history

443 1297 1935 68 of the world … the most comprehensive narrative of the
444 1376 178 52 world
656 1394 119 33 war
803 1375 206 69 briefly
1037 1376 172 51 noted
1243 1375 114 68 day
1383 1375 77 68 by
1491 1377 112 67 day;
1667 1374 458 54 editor-in-chief
2155 1374 222 70 George

442 1452 1935 146 J. Hagar … assisted by Francis J. Reynolds and many associate editors, special contributors, and United States and
444 1608 299 55 Canadian
774 1613 372 64 government
1177 1607 245 54 officials.
1490 1607 271 70 Chicago,
1794 1608 408 55 Consolidated
2232 1610 147 52 book

442 1687 340 68 publishers,
813 1686 108 53 inc.
1001 1688 152 65 [ᶜ1928]

442 1772 26 39 8
512 1782 44 29 v.
629 1772 87 39 col.
761 1771 164 46 front.,
971 1769 144 47 illus.,
1160 1770 159 47 plates
1346 1769 138 48 (part
1526 1770 102 46 col.,
1672 1772 114 46 part
1829 1770 145 47 fold.)
2028 1772 166 46 ports.,
2238 1781 137 38 maps

380 1827 443 48 (1 fold.) 21 ½ᶜᵐ .
381 1880 53 52 ©
471 1885 115 47 Apr.
622 1884 40 47 2,
701 1882 115 41 1928;
881 1883 68 40 2c.
988 1883 95 38 and
1122 1881 82 41 aff.
1244 1881 113 48 Apr.
1395 1881 55 40 25;
1518 1881 41 39 A
1597 1881 202 41 1074181;
1870 1881 345 41 Consolidated
2253 1884 122 39 book

451 1940 289 48 publishers,
777 1939 91 41 inc.
942 1938 280 49 (28-11526)

374 2036 146 52 New
550 2034 163 53 York
757 2033 217 69 (State)
1059 2033 185 68 Laws,
1276 2038 256 62 statutes,
1563 2038 100 47 etc.

440 2115 139 51 New
617 2112 164 53 York
818 2112 135 53 civil
990 2111 267 68 practice,
1294 2111 335 68 containing
1662 2111 99 52 the
1796 2110 154 55 Civil
1985 2112 250 67 practice
2272 2116 106 62 act,

370 2194 151 51 rules
550 2191 65 53 of
647 2192 135 51 civil
812 2190 266 68 practice,
1110 2188 360 69 Surrogate’s
1502 2194 160 47 court
1693 2194 107 62 act,
1829 2190 222 53 Justice
2081 2195 164 47 court
2272 2195 106 61 act,

370 2271 182 53 Court
596 2269 64 53 of
703 2269 197 52 claims
946 2274 106 62 act,
1096 2268 325 67 Municipal
1465 2272 160 47 court
1670 2268 153 67 code,
1868 2268 139 52 New
2052 2268 165 52 York
2261 2268 116 69 city

369 2354 163 48 court
561 2354 107 61 act,
698 2348 150 53 rules
877 2346 64 54 of
970 2346 233 54 various
1230 2351 190 48 courts
1452 2347 113 52 and
1595 2346 198 67 tables,
1822 2346 352 70 thoroughly
369 2364 1984 117 annotated
555 2427 154 52 from
733 2427 95 52 the
853 2427 138 51 time
1015 2425 65 53 of
1104 2431 338 61 enactment,
1469 2444 60 34 as
1554 2426 276 52 amended
1855 2430 57 47 to
1939 2427 112 51 and
2079 2426 299 67 including

369 2502 2006 70 the 1928 session of the Legislature, by Ja mes C. Cahill … 5th
369 2586 104 67 ed.,
500 2586 76 67 by
605 2585 161 51 Basil
793 2583 192 67 Jones,
1016 2585 150 50 1928.
1233 2582 140 53 New
1402 2582 179 67 York,
1612 2581 270 70 Chicago,
1912 2581 322 69 Callaghan
2265 2583 108 51 and

369 2682 298 49 company,
695 2665 151 49 1928.

440 2744 843 49 2 p. l., 979 p. incl. tables. 27ᶜᵐ.
441 2805 176 38 “Table
646 2803 51 40 of
724 2801 249 41 contents”
1004 2812 59 29 on
1091 2801 340 47 lining-paper.

443 2861 214 39 “Future
694 2860 355 47 supplemental
1086 2857 184 41 service
1306 2858 100 38 will
1443 2859 56 38 be
1535 2859 61 46 by
1633 2858 82 39 the
1750 2857 224 39 issuance
2013 2857 52 40 of
2100 2857 274 47 pamphlets

370 2922 49 37 to
454 2919 56 39 be
544 2918 215 39 inserted
796 2917 65 49 [in
895 2916 173 48 pocket
1100 2917 54 38 at
1185 2915 108 49 end]
1329 2915 191 40 instead
1554 2915 52 39 of
1638 2915 81 39 the
1753 2914 223 40 issuance
2010 2914 52 39 of
2094 2924 26 29 a
2156 2925 107 28 new
367 2924 1990 92 annual.”—Pref.

380 3029 52 52 ©
460 3034 114 46 Apr.
600 3032 70 47 21,
698 3031 115 40 1928;
867 3032 68 40 2c.
963 3031 96 39 and
1086 3028 82 42 aff.
1196 3031 115 46 Apr.
1337 3029 57 39 26;
1451 3029 40 39 A
1519 3028 202 40 1069941;
1781 3028 271 48 Callaghan
2081 3028 37 40 &
2145 3028 68 40 co

458 3088 280 51 (28-11558)

372 3182 375 63 Newmayer,
781 3181 271 55 Solomon
1083 3179 179 63 Weir,
1298 3179 170 54 1877-

500 3257 1813 70 … The human body and its care, by S. Weir Newmayer …
367 3332 1984 152 and Edwin C. Broome … New York, Cincinnati [etc.] American book company [ c 1928]
444 3500 62 45 vi,
535 3500 87 39 314
648 3510 43 37 p.
719 3499 112 40 incl.
859 3499 164 46 front.,
1053 3499 129 39 illus.
1221 3498 135 48 (part
1384 3498 113 47 col.)
1535 3497 154 48 diagr.
1745 3496 116 40 19ᶜᵐ.
1928 3494 124 48 (The
2081 3494 168 39 health
2277 3495 94 38 and

370 3557 263 48 happiness
662 3557 175 47 series)

447 3615 187 39 “Books
663 3614 156 39 worth
848 3612 230 48 reading”
1107 3615 52 37 at
1186 3613 92 38 end
1307 3612 51 39 of
1384 3613 126 38 most
1537 3612 52 39 of
1616 3611 83 40 the
1726 3611 240 46 chapters.

380 3666 1799 53 © Apr. 19, 1928; 2c. and aff. Apr. 21; A 1069844; Amer. book co.
458 3727 280 49 (28-11431)

373 3820 206 62 Nicoll,
609 3820 332 63 Allardyce,
976 3823 170 49 1894-

444 3890 1929 75 Studies in Shakespeare, by Allardyce Nicoll … New York,
371 3975 309 68 Harcourt,
718 3975 180 54 Brace
933 3974 114 54 and
1084 3992 282 51 company
1448 3975 152 66 [ᶜ1928]
