2547 4432
1379 4112 69 50 92

477 546 264 41 Published
770 545 115 40 1926
915 547 153 39 under
1097 546 108 40 title:
1265 546 148 40 Owen
1442 546 160 40 A-B-G
1632 546 286 47 shorthand,
1949 545 160 41 which
2137 545 108 41 title
2277 546 42 40 is
2348 557 60 29 on

406 615 141 30 cover
570 604 53 40 of
647 603 99 41 this
769 603 199 41 edition.

410 658 51 52 ©
494 662 110 40 Jan.
636 661 70 47 15,
739 660 142 48 1928;
915 662 68 40 2c.
1016 661 119 40 each
1167 661 97 39 and
1296 660 111 41 affs.
1439 660 112 42 Jan.
1582 660 83 48 19;
1700 661 42 39 A
1774 659 467 48 1061322-1061329;
2279 661 45 41 J.
2357 661 52 41 P.

481 718 161 48 Owen,
678 718 118 40 New
831 717 144 41 York.
1047 717 252 49 (28-3188)

402 798 266 63 Parrish,
700 798 239 54 Samuel
969 797 389 64 Longstreth,
1393 800 170 50 1849-

476 874 1939 73 Early reminiscences, by Samuel L. Parrish … [New York,
405 955 243 54 Printed
672 956 76 68 by
774 956 69 52 B.
869 954 78 55 H.
974 954 225 70 Tyrrel,
1223 954 129 67 inc.,
1401 952 153 69 ᶜ1927]

474 1034 1574 51 3 p. l., 3-92 p. incl. front., illus. (incl. ports.) pl. 23½ ᶜᵐ .
478 1090 1938 51 “Early reminiscences associated with the life and family of … Sarah
407 1151 243 40 Redwood
678 1150 248 41 Parrish.”

409 1204 52 52 ©
493 1208 114 41 Dec.
637 1208 70 48 30,
739 1208 115 40 1927;
915 1208 68 40 2c.
1015 1208 97 39 and
1145 1206 83 41 aff.
1262 1207 112 40 Jan.
1406 1206 68 49 19,
1508 1206 115 41 1928;
1684 1207 42 40 A
1756 1206 204 42 1018475;
2026 1207 45 41 S.
2106 1207 51 40 L.
2193 1206 218 49 Parrish,

479 1265 369 48 Southampton,
880 1265 57 40 N.
969 1265 53 40 Y.
1097 1263 253 48 (28-3218)

402 1345 254 63 Paxson,
689 1344 279 54 Frederic
996 1345 224 63 Logan,
1255 1344 174 54 1877-

473 1423 214 54 Recent
716 1421 225 71 history
969 1421 66 54 of
1062 1422 98 53 the
1191 1421 218 55 United
1441 1421 207 69 States,
1679 1422 330 69 1865-1927,
2036 1421 76 70 by
2142 1421 272 54 Frederic

402 1498 2006 70 L. Paxson … Rev. and enl. ed. Boston, New York [etc.]
402 1577 1111 72 Houghton Mifflin company [ c 1928]
472 1662 65 49 xi,
568 1662 98 48 665,
696 1661 85 41 xvi
811 1672 44 38 p.
914 1672 139 37 maps
1080 1660 51 49 (2
1160 1660 201 49 double)
1427 1661 57 40 21
1487 1663 45 22 ᶜᵐ
1537 1693 9 9 .

474 1718 447 49 “Bibliographical
956 1716 141 42 note”
1133 1720 54 37 at
1220 1718 93 39 end
1348 1718 53 39 of
1435 1718 120 39 each
1587 1718 216 48 chapter.

409 1771 51 52 ©
497 1776 111 40 Jan.
641 1774 70 48 25,
746 1774 142 47 1928;
924 1775 68 40 2c.
1027 1774 110 40 Jan.
1172 1773 82 47 28;
1293 1773 84 41 aff.
1413 1773 111 40 Jan.
1559 1774 81 46 27;
1679 1773 42 39 A
1754 1773 231 48 1018596;
2025 1774 52 41 F.
2112 1774 51 41 L.
2202 1775 209 47 Paxson,

476 1832 238 48 Madison,
745 1831 118 41 Wis.
937 1830 253 49 (28-3337)

400 1898 317 63 Plummer,
753 1896 190 54 Nellie
979 1897 243 63 Arnold,
1262 1899 174 51 1860-

474 1975 120 56 Out
627 1974 66 54 of
724 1975 99 53 the
856 1974 234 69 depths;
1128 1993 82 49 or,
1242 1975 123 52 The
1399 1974 260 68 triumph
1690 1974 67 53 of
1786 1975 98 52 the
1917 1993 171 50 cross,
2117 1974 78 69 by
2228 1973 188 55 Nellie

402 2052 1452 69 Arnold Plummer … Hyattsville, Md., 1927.
470 2138 86 39 412
587 2148 44 37 p.
691 2136 130 41 illus.
850 2136 136 49 (incl.
1016 2136 176 48 ports.)
1260 2135 120 42 22ᶜᵐ.

474 2191 1824 50 “The story of a colored American … Adam Francis Plummer.”
410 2246 52 53 ©
504 2251 111 40 Jan.
654 2249 71 48 20,
767 2249 119 40 1928;
952 2249 68 40 2c.
1060 2249 97 39 and
1199 2248 83 41 aff.
1323 2248 112 41 Jan.
1475 2248 84 47 20;
1601 2248 42 39 A
1682 2247 232 49 1061336;
1957 2249 56 40 N.
2054 2248 55 41 A.
2152 2249 260 42 Plummer.

475 2306 315 49 Hyattsville,
821 2306 96 41 Md.
988 2305 253 49 (28-3324)

400 2373 226 63 Potter,
659 2372 242 54 Pitman
936 2371 339 64 Benjamin,
1313 2374 173 51 1892-

472 2450 99 53 An
601 2449 395 54 introduction
1027 2455 60 47 to
1119 2449 97 54 the
1249 2450 174 69 study
1456 2448 66 54 of
1552 2449 413 53 international
1997 2449 419 70 organization,

402 2526 2014 73 by Pitman B. Potter … 3d ed., completely rev. and enl. New
404 2606 181 69 York,
614 2606 124 53 The
769 2605 258 69 Century
1056 2622 283 52 company
1417 2607 152 65 [ᶜ1928]

540 2688 1874 52 xv, 587 p. 23ᶜᵐ. [ Th e Century political science series, ed. by F. G.
402 2748 116 49 Ogg]
636 2746 134 50 $4.00

473 2805 326 41 “Documents
835 2802 308 49 illustrating
1177 2802 356 41 international
1567 2801 368 50 organization”:
2001 2812 45 39 p.
2078 2802 221 42 447-560.

473 2861 352 48 Bibliography:
885 2870 45 38 p.
961 2858 219 42 561-580.

409 2913 52 53 ©
490 2918 111 40 Jan.
628 2917 70 48 20,
727 2916 142 47 1928;
899 2917 68 39 2c.
997 2917 96 38 and
1122 2915 82 41 aff.
1234 2915 111 41 Jan.
1374 2915 83 47 23;
1489 2914 42 40 A
1559 2914 229 48 1061382;
1822 2913 216 49 Century
2067 2925 68 31 co.

490 2974 251 49 (28-3183)

401 3040 205 63 Raine,
637 3039 259 55 William
929 3039 311 63 MacLeod,
1277 3039 173 54 1871-

476 3118 303 68 Colorado,
805 3117 76 69 by
906 3117 264 56 William
1196 3116 293 54 MacLeod
1514 3116 201 53 Raine.
1778 3115 235 56 Garden
2041 3114 155 71 City,
2223 3115 70 54 N.
2322 3116 94 68 Y.,

403 3195 360 63 Doubleday,
789 3195 201 53 Doran
1019 3196 46 51 &
1093 3212 301 46 company,
1422 3193 128 65 inc.,
1580 3196 151 51 1928.

474 3279 101 49 viii,
606 3279 86 41 316
723 3289 43 39 p.
827 3278 147 42 19½ᶜᵐ.

409 3331 52 53 ©
493 3337 111 39 Jan.
638 3335 39 48 6,
710 3334 119 40 1928;
887 3336 69 39 2c.
989 3335 96 39 and
1119 3333 83 41 aff.
1235 3334 111 40 Jan.
1379 3334 83 47 27;
1498 3334 42 38 A
1572 3333 230 47 1061432;
1839 3333 301 48 Doubleday,
2176 3333 167 41 Doran
2377 3336 38 42 &

477 3404 82 37 co.,
587 3392 92 41 inc.
750 3391 252 49 (28-3167)

402 3457 215 64 Reath,
644 3458 213 63 Nancy
885 3457 310 53 Andrews.

477 3536 123 54 The
632 3554 218 34 weaves
881 3534 66 54 of
976 3535 336 53 hand-loom
1347 3533 244 67 fabrics;
1628 3554 31 33 a
1692 3532 401 55 classification
2126 3533 141 54 with
403 3534 1987 133 historical

641 3619 160 48 notes
841 3613 109 69 [by]
991 3613 203 69 Nancy
1228 3612 286 53 Andrews
1545 3612 203 53 Reath.
1823 3611 430 69 Philadelphia,
2288 3612 123 53 The

402 3691 428 69 Pennsylvania
860 3708 274 50 museum,
1165 3690 150 54 1927.

479 3774 56 40 64
560 3784 45 38 p.
664 3772 130 41 illus.
854 3771 148 42 25½ᶜᵐ.

480 3831 130 40 “The
634 3828 332 41 illustrations
991 3839 83 30 are
1099 3828 130 40 from
1254 3829 81 39 the
1363 3828 171 40 textile
1560 3827 281 42 collections
1866 3827 53 41 of
1944 3827 84 41 the
2054 3827 361 49 Pennsylvania

408 3885 265 43 museum.”

411 3940 52 52 ©
497 3945 113 40 Dec.
642 3945 71 47 27,
746 3943 118 41 1927;
923 3944 70 40 2c.
1026 3943 112 41 Dec.
1173 3943 48 40 31;
1292 3942 84 41 aff.
1411 3943 112 41 Jan.
1557 3943 69 47 17,
1661 3942 115 40 1928;
1839 3942 43 39 A
1915 3941 204 42 1018440;
478 3942 1916 99 Pennsylvania

654 4011 220 29 museum
904 4000 36 40 &
968 4000 164 40 school
1160 4000 52 40 of
1239 3999 268 41 industrial
1535 4001 92 46 art,
1658 3998 358 49 Philadelphia.
491 4057 251 50 (28-3052)
