<alto xmlns="http://www.loc.gov/standards/alto/ns-v3#" xmlns:xlink="http://www.w3.org/1999/xlink" xmlns:xsi="http://www.w3.org/2001/XMLSchema-instance" xsi:schemaLocation="http://www.loc.gov/standards/alto/ns-v3# http://www.loc.gov/alto/v3/alto-3-0.xsd"><Description>
<MeasurementUnit>pixel</MeasurementUnit>
<sourceImageInformation>
<fileName>1928_v25_part001.pdf</fileName>
</sourceImageInformation>
<OCRProcessing ID="IdOcr">
<ocrProcessingStep>
<processingDateTime>2019-04-12</processingDateTime>
<processingSoftware>
<softwareCreator>ABBYY</softwareCreator>
<softwareName>ABBYY Recognition Server</softwareName>
<softwareVersion>4.0</softwareVersion>
</processingSoftware>
</ocrProcessingStep>
</OCRProcessing>
</Description>
<Styles>
<ParagraphStyle ID="StyleId-FFFFFFFF-FFFF-FFFF-FFFF-FFFFFFFFFFFF-" ALIGN="Left" LEFT="0." RIGHT="0." FIRSTLINE="0."/>
<ParagraphStyle ID="StyleId-0ECAC0CE-E1F0-4C69-A1B9-95E16886343B-" ALIGN="Left" LEFT="0." RIGHT="0." FIRSTLINE="0." LINESPACE="8.300000191"/>
<ParagraphStyle ID="StyleId-5C6F7A30-EC6F-4250-A8D3-0AE106DCDB5D-" ALIGN="Left" LEFT="0." RIGHT="0." FIRSTLINE="-13." LINESPACE="11.22999954"/>
<ParagraphStyle ID="StyleId-B258737E-7AF8-4B71-A0BF-0A1420B951F9-" ALIGN="Left" LEFT="0." RIGHT="0." FIRSTLINE="-13." LINESPACE="8.210000038"/>
<ParagraphStyle ID="StyleId-35C0EFA5-E89E-4731-B16E-5D3895F12270-" ALIGN="Block" LEFT="0." RIGHT="0." FIRSTLINE="-12." LINESPACE="11.22999954"/>
<ParagraphStyle ID="StyleId-7BD1F9B4-14BB-4AAF-864B-FED8FEA7DC43-" ALIGN="Left" LEFT="0." RIGHT="0." FIRSTLINE="0."/>
<ParagraphStyle ID="StyleId-CD2DA0E5-536D-42AE-AE16-8D9F5C008D5A-" ALIGN="Block" LEFT="0." RIGHT="0." FIRSTLINE="-12." LINESPACE="10."/>
<ParagraphStyle ID="StyleId-AF408F88-EED5-4CE2-A229-3F852C18D9BD-" ALIGN="Block" LEFT="0." RIGHT="0." FIRSTLINE="-14." LINESPACE="10."/>
<ParagraphStyle ID="StyleId-829CD741-943D-4B7B-9638-57AB73DE2567-" ALIGN="Center" LEFT="0." RIGHT="0." FIRSTLINE="0." LINESPACE="9.399999619"/>
<ParagraphStyle ID="StyleId-B271BDFA-6037-4875-BA99-885A067668E9-" ALIGN="Left" LEFT="0." RIGHT="0." FIRSTLINE="-14." LINESPACE="11.21000004"/>
<ParagraphStyle ID="StyleId-64F9C1D8-EA12-4F65-AD18-B72A4C6B556F-" ALIGN="Center" LEFT="0." RIGHT="0." FIRSTLINE="0." LINESPACE="11.60000038"/>
<ParagraphStyle ID="StyleId-44DA2756-E57B-4EF3-9BA4-FC1C14776DE3-" ALIGN="Left" LEFT="0." RIGHT="0." FIRSTLINE="-12." LINESPACE="12.19999981"/>
<ParagraphStyle ID="StyleId-D1D9AF19-8CA6-4F74-9AEC-1B4545205AD7-" ALIGN="Center" LEFT="0." RIGHT="0." FIRSTLINE="0." LINESPACE="11.60000038"/>
<ParagraphStyle ID="StyleId-3ADA1556-6D19-417D-8046-68449BF368BA-" ALIGN="Left" LEFT="0." RIGHT="0." FIRSTLINE="-13." LINESPACE="12.19999981"/>
<ParagraphStyle ID="StyleId-7443A930-B325-44B5-9AB8-B42B4EC78C89-" ALIGN="Block" LEFT="0." RIGHT="0." FIRSTLINE="13." LINESPACE="8.619999886"/>
<ParagraphStyle ID="StyleId-C9A9E480-E448-4934-9AF8-3D252792E396-" ALIGN="Left" LEFT="0." RIGHT="0." FIRSTLINE="-12." LINESPACE="11.38000011"/>
<ParagraphStyle ID="StyleId-73039842-464C-49B9-9440-4C0D0E749DFE-" ALIGN="Center" LEFT="0." RIGHT="0." FIRSTLINE="0." LINESPACE="11.10000038"/>
<ParagraphStyle ID="StyleId-C51F6AC2-80DA-4C65-849C-6E2D5F548EA4-" ALIGN="Left" LEFT="0." RIGHT="0." FIRSTLINE="0." LINESPACE="7.699999809"/>
<ParagraphStyle ID="StyleId-494190D9-BDDC-4834-A745-6AF520F91CD0-" ALIGN="Block" LEFT="0." RIGHT="0." FIRSTLINE="-12." LINESPACE="11.22999954"/>
<ParagraphStyle ID="StyleId-68D39D31-3386-4B28-8C90-DA9420961D78-" ALIGN="Left" LEFT="0." RIGHT="0." FIRSTLINE="0." LINESPACE="11.60000038"/>
<ParagraphStyle ID="StyleId-DF0CE7C7-E73E-44FE-8867-C904BD7F3F42-" ALIGN="Block" LEFT="0." RIGHT="0." FIRSTLINE="0." LINESPACE="12.19999981"/>
</Styles>
<Layout>
<Page ID="Page505" PHYSICAL_IMG_NR="505" HEIGHT="4384" WIDTH="2498">
<TopMargin HEIGHT="422" WIDTH="2498" VPOS="0" HPOS="0">
</TopMargin>
<LeftMargin HEIGHT="3714" WIDTH="118" VPOS="422" HPOS="0">
</LeftMargin>
<RightMargin HEIGHT="3714" WIDTH="336" VPOS="422" HPOS="2162">
</RightMargin>
<BottomMargin HEIGHT="248" WIDTH="2498" VPOS="4136" HPOS="0">
</BottomMargin>
<PrintSpace HEIGHT="3714" WIDTH="2044" VPOS="422" HPOS="118">
<TextBlock ID="Page505_Block1" HEIGHT="72" WIDTH="120" VPOS="4064" HPOS="1084" LANG="en-US" STYLEREFS="StyleId-31D201AB-66F9-4ED4-ABC9-CC5BB7BBC992-">
<TextLine HEIGHT="50" WIDTH="99" VPOS="4075" HPOS="1095">
<String CONTENT="505" HEIGHT="50" WIDTH="99" VPOS="4075" HPOS="1095"/>
</TextLine>
</TextBlock>
<TextBlock ID="Page505_Block2" HEIGHT="3650" WIDTH="2044" VPOS="422" HPOS="118" LANG="en-US" CS="1" STYLEREFS="StyleId-5337ADE8-A29E-4E10-A51C-180B85F3A083-">
<TextLine HEIGHT="61" WIDTH="463" VPOS="433" HPOS="129" STYLEREFS="StyleId-41F3F687-7C38-4665-A6C4-40F41B134AF2-" CS="1">
<String LANG="en-US" CONTENT="Larsen," HEIGHT="60" WIDTH="245" VPOS="434" HPOS="129"/>
<SP HEIGHT="61" WIDTH="26" VPOS="433" HPOS="375"/>
<String LANG="fi" CS="1" CONTENT="Nella." HEIGHT="51" WIDTH="190" VPOS="433" HPOS="402"/>
</TextLine>
<TextLine HEIGHT="75" WIDTH="1943" VPOS="504" HPOS="204" STYLEREFS="StyleId-AB061D4F-6122-420A-806B-F5152CB85862-" CS="1">
<String CONTENT="Quicksand," HEIGHT="66" WIDTH="350" VPOS="511" HPOS="204"/>
<SP HEIGHT="66" WIDTH="34" VPOS="511" HPOS="555"/>
<String CONTENT="by" HEIGHT="68" WIDTH="76" VPOS="511" HPOS="590"/>
<SP HEIGHT="68" WIDTH="35" VPOS="511" HPOS="667"/>
<String LANG="fi" CS="1" CONTENT="Nella" HEIGHT="51" WIDTH="84" VPOS="511" HPOS="703"/>
<SP HEIGHT="52" WIDTH="33" VPOS="510" HPOS="869"/>
<String CONTENT="Larsen." HEIGHT="51" WIDTH="232" VPOS="510" HPOS="903"/>
<SP HEIGHT="53" WIDTH="75" VPOS="507" HPOS="1136"/>
<String CONTENT="New" HEIGHT="53" WIDTH="140" VPOS="507" HPOS="1212"/>
<SP HEIGHT="52" WIDTH="33" VPOS="506" HPOS="1353"/>
<String CONTENT="York" HEIGHT="52" WIDTH="166" VPOS="506" HPOS="1387"/>
<SP HEIGHT="51" WIDTH="32" VPOS="506" HPOS="1554"/>
<String CONTENT="&amp;" HEIGHT="49" WIDTH="44" VPOS="508" HPOS="1587"/>
<SP HEIGHT="51" WIDTH="35" VPOS="506" HPOS="1632"/>
<String CONTENT="London," HEIGHT="66" WIDTH="260" VPOS="505" HPOS="1668"/>
<SP HEIGHT="67" WIDTH="34" VPOS="504" HPOS="1929"/>
<String CONTENT="A." HEIGHT="53" WIDTH="71" VPOS="504" HPOS="1964"/>
<SP HEIGHT="53" WIDTH="37" VPOS="504" HPOS="2036"/>
<String CONTENT="A." HEIGHT="52" WIDTH="73" VPOS="504" HPOS="2074"/>
</TextLine>
<TextLine HEIGHT="70" WIDTH="412" VPOS="588" HPOS="131" STYLEREFS="StyleId-AB061D4F-6122-420A-806B-F5152CB85862-">
<String CONTENT="Knopf," HEIGHT="70" WIDTH="225" VPOS="588" HPOS="131"/>
<SP HEIGHT="63" WIDTH="34" VPOS="593" HPOS="357"/>
<String CONTENT="1928." HEIGHT="50" WIDTH="151" VPOS="592" HPOS="392"/>
</TextLine>
<TextLine HEIGHT="51" WIDTH="783" VPOS="669" HPOS="202" CS="1">
<String CONTENT="4" HEIGHT="37" WIDTH="27" VPOS="673" HPOS="202"/>
<SP/>
<String CONTENT="p." HEIGHT="37" WIDTH="42" VPOS="683" HPOS="256"/>
<SP/>
<String CS="1" CONTENT="l.," HEIGHT="16" WIDTH="8" VPOS="703" HPOS="360"/>
<SP HEIGHT="48" WIDTH="25" VPOS="671" HPOS="369"/>
<String CONTENT="301," HEIGHT="48" WIDTH="100" VPOS="671" HPOS="395"/>
<SP HEIGHT="30" WIDTH="30" VPOS="690" HPOS="496"/>
<String CONTENT="[1]" HEIGHT="48" WIDTH="54" VPOS="672" HPOS="527"/>
<SP HEIGHT="39" WIDTH="28" VPOS="681" HPOS="582"/>
<String CONTENT="p.," HEIGHT="38" WIDTH="57" VPOS="681" HPOS="611"/>
<SP HEIGHT="46" WIDTH="26" VPOS="671" HPOS="669"/>
<String CONTENT="1" HEIGHT="39" WIDTH="25" VPOS="671" HPOS="696"/>
<SP/>
<String CS="1" CONTENT="l."/>
<SP HEIGHT="38" WIDTH="59" VPOS="672" HPOS="779"/>
<String CS="1" CONTENT="19&#189;" HEIGHT="41" WIDTH="56" VPOS="669" HPOS="839"/>
<String STYLE="superscript" CS="1" CONTENT="&#7580;&#7504;"/>
<String CONTENT="." HEIGHT="9" WIDTH="9" VPOS="701" HPOS="976"/>
</TextLine>
<TextLine HEIGHT="53" WIDTH="1499" VPOS="738" HPOS="134" CS="1">
<String CONTENT="&#169;" HEIGHT="52" WIDTH="52" VPOS="739" HPOS="134"/>
<SP HEIGHT="52" WIDTH="31" VPOS="739" HPOS="187"/>
<String CONTENT="Mar." HEIGHT="39" WIDTH="121" VPOS="745" HPOS="219"/>
<SP HEIGHT="41" WIDTH="29" VPOS="743" HPOS="341"/>
<String CONTENT="30," HEIGHT="44" WIDTH="70" VPOS="742" HPOS="371"/>
<SP HEIGHT="42" WIDTH="32" VPOS="744" HPOS="442"/>
<String CONTENT="1928:" HEIGHT="42" WIDTH="142" VPOS="742" HPOS="475"/>
<SP HEIGHT="41" WIDTH="29" VPOS="743" HPOS="618"/>
<String CONTENT="2c." HEIGHT="39" WIDTH="68" VPOS="743" HPOS="648"/>
<SP HEIGHT="39" WIDTH="29" VPOS="743" HPOS="717"/>
<String CONTENT="Apr." HEIGHT="47" WIDTH="114" VPOS="743" HPOS="747"/>
<SP HEIGHT="41" WIDTH="30" VPOS="741" HPOS="862"/>
<String CONTENT="9;" HEIGHT="44" WIDTH="54" VPOS="741" HPOS="893"/>
<SP HEIGHT="34" WIDTH="31" VPOS="751" HPOS="948"/>
<String CONTENT="aff." HEIGHT="42" WIDTH="84" VPOS="740" HPOS="980"/>
<SP HEIGHT="41" WIDTH="29" VPOS="741" HPOS="1065"/>
<String CONTENT="Apr." HEIGHT="47" WIDTH="113" VPOS="741" HPOS="1095"/>
<SP HEIGHT="39" WIDTH="32" VPOS="741" HPOS="1209"/>
<String CONTENT="7;" HEIGHT="45" WIDTH="53" VPOS="741" HPOS="1242"/>
<SP HEIGHT="46" WIDTH="32" VPOS="740" HPOS="1296"/>
<!-- cceid 1C5A18ED-6CB2-1014-A20E-B9D6251C946A --><String CONTENT="A" HEIGHT="38" WIDTH="40" VPOS="740" HPOS="1329"/>
<SP HEIGHT="38" WIDTH="31" VPOS="740" HPOS="1370"/>
<String CONTENT="1068823" HEIGHT="42" WIDTH="203" VPOS="738" HPOS="1402"/>
<SP HEIGHT="41" WIDTH="18" VPOS="739" HPOS="1606"/>
<String CONTENT=":" HEIGHT="30" WIDTH="8" VPOS="750" HPOS="1625"/>
</TextLine>
<TextLine HEIGHT="48" WIDTH="476" VPOS="738" HPOS="1668">
<String CONTENT="Alfred" HEIGHT="40" WIDTH="172" VPOS="738" HPOS="1668"/>
<SP HEIGHT="39" WIDTH="33" VPOS="739" HPOS="1841"/>
<String CONTENT="A." HEIGHT="40" WIDTH="53" VPOS="739" HPOS="1875"/>
<SP HEIGHT="41" WIDTH="33" VPOS="738" HPOS="1929"/>
<String CONTENT="Knopf," HEIGHT="48" WIDTH="181" VPOS="738" HPOS="1963"/>
</TextLine>
<TextLine HEIGHT="49" WIDTH="415" VPOS="800" HPOS="201">
<String CONTENT="inc." HEIGHT="39" WIDTH="91" VPOS="802" HPOS="201"/>
<SP HEIGHT="47" WIDTH="69" VPOS="802" HPOS="293"/>
<String CONTENT="(28-9740)" HEIGHT="49" WIDTH="253" VPOS="800" HPOS="363"/>
</TextLine>
<TextLine HEIGHT="62" WIDTH="751" VPOS="909" HPOS="129" STYLEREFS="StyleId-41F3F687-7C38-4665-A6C4-40F41B134AF2-">
<String CONTENT="Laws," HEIGHT="60" WIDTH="189" VPOS="910" HPOS="129"/>
<SP HEIGHT="61" WIDTH="36" VPOS="909" HPOS="319"/>
<String CONTENT="Gertrude," HEIGHT="62" WIDTH="314" VPOS="909" HPOS="356"/>
<SP HEIGHT="57" WIDTH="37" VPOS="914" HPOS="671"/>
<String CONTENT="1886-" HEIGHT="49" WIDTH="171" VPOS="912" HPOS="709"/>
</TextLine>
<TextLine HEIGHT="71" WIDTH="1941" VPOS="984" HPOS="204" STYLEREFS="StyleId-AB061D4F-6122-420A-806B-F5152CB85862-">
<String CONTENT="Parent-child" HEIGHT="53" WIDTH="400" VPOS="988" HPOS="204"/>
<SP HEIGHT="52" WIDTH="50" VPOS="988" HPOS="605"/>
<String CONTENT="relationships;" HEIGHT="68" WIDTH="436" VPOS="987" HPOS="656"/>
<SP HEIGHT="47" WIDTH="51" VPOS="1005" HPOS="1093"/>
<String CONTENT="a" HEIGHT="34" WIDTH="29" VPOS="1005" HPOS="1145"/>
<SP HEIGHT="34" WIDTH="50" VPOS="1005" HPOS="1175"/>
<String CONTENT="study" HEIGHT="68" WIDTH="174" VPOS="987" HPOS="1226"/>
<SP HEIGHT="51" WIDTH="46" VPOS="1004" HPOS="1401"/>
<String CONTENT="of" HEIGHT="54" WIDTH="64" VPOS="984" HPOS="1448"/>
<SP HEIGHT="53" WIDTH="45" VPOS="984" HPOS="1513"/>
<String CONTENT="the" HEIGHT="52" WIDTH="96" VPOS="986" HPOS="1559"/>
<SP HEIGHT="35" WIDTH="48" VPOS="1003" HPOS="1656"/>
<String CONTENT="attitudes" HEIGHT="54" WIDTH="277" VPOS="984" HPOS="1705"/>
<SP HEIGHT="35" WIDTH="47" VPOS="1003" HPOS="1983"/>
<String CONTENT="and" HEIGHT="53" WIDTH="114" VPOS="984" HPOS="2031"/>
</TextLine>
<TextLine HEIGHT="73" WIDTH="2014" VPOS="1062" HPOS="130" STYLEREFS="StyleId-AB061D4F-6122-420A-806B-F5152CB85862-">
<String CONTENT="practices" HEIGHT="68" WIDTH="277" VPOS="1067" HPOS="130"/>
<SP HEIGHT="36" WIDTH="31" VPOS="1084" HPOS="408"/>
<String CONTENT="of" HEIGHT="54" WIDTH="64" VPOS="1065" HPOS="440"/>
<SP HEIGHT="69" WIDTH="29" VPOS="1065" HPOS="505"/>
<String CONTENT="parents" HEIGHT="63" WIDTH="232" VPOS="1071" HPOS="535"/>
<SP HEIGHT="35" WIDTH="31" VPOS="1084" HPOS="768"/>
<String CONTENT="concerning" HEIGHT="70" WIDTH="345" VPOS="1065" HPOS="800"/>
<SP HEIGHT="50" WIDTH="29" VPOS="1085" HPOS="1146"/>
<String CONTENT="social" HEIGHT="53" WIDTH="174" VPOS="1065" HPOS="1176"/>
<SP HEIGHT="52" WIDTH="31" VPOS="1065" HPOS="1351"/>
<String CONTENT="adjustment" HEIGHT="69" WIDTH="355" VPOS="1064" HPOS="1383"/>
<SP HEIGHT="48" WIDTH="28" VPOS="1069" HPOS="1739"/>
<String CONTENT="of" HEIGHT="55" WIDTH="65" VPOS="1062" HPOS="1768"/>
<SP HEIGHT="54" WIDTH="29" VPOS="1062" HPOS="1834"/>
<String CONTENT="children," HEIGHT="68" WIDTH="280" VPOS="1063" HPOS="1864"/>
</TextLine>
<TextLine HEIGHT="74" WIDTH="2016" VPOS="1140" HPOS="127" STYLEREFS="StyleId-AB061D4F-6122-420A-806B-F5152CB85862-" CS="1">
<String CONTENT="by" HEIGHT="68" WIDTH="76" VPOS="1146" HPOS="127"/>
<SP HEIGHT="70" WIDTH="49" VPOS="1144" HPOS="204"/>
<String CONTENT="Gertrude" HEIGHT="55" WIDTH="287" VPOS="1144" HPOS="254"/>
<SP HEIGHT="53" WIDTH="49" VPOS="1144" HPOS="542"/>
<String CONTENT="Laws" HEIGHT="53" WIDTH="166" VPOS="1144" HPOS="592"/>
<SP HEIGHT="33" WIDTH="54" VPOS="1164" HPOS="759"/>
<String CS="1" CONTENT="&#8230;"/>
<SP HEIGHT="52" WIDTH="80" VPOS="1144" HPOS="869"/>
<String CONTENT="New" HEIGHT="53" WIDTH="138" VPOS="1144" HPOS="950"/>
<SP HEIGHT="51" WIDTH="51" VPOS="1144" HPOS="1089"/>
<String CONTENT="York" HEIGHT="53" WIDTH="166" VPOS="1143" HPOS="1141"/>
<SP HEIGHT="53" WIDTH="66" VPOS="1143" HPOS="1308"/>
<String CONTENT="city," HEIGHT="70" WIDTH="135" VPOS="1142" HPOS="1375"/>
<SP HEIGHT="67" WIDTH="49" VPOS="1143" HPOS="1511"/>
<String CONTENT="Teachers" HEIGHT="54" WIDTH="283" VPOS="1142" HPOS="1561"/>
<SP HEIGHT="37" WIDTH="65" VPOS="1159" HPOS="1845"/>
<String CONTENT="college," HEIGHT="71" WIDTH="232" VPOS="1140" HPOS="1911"/>
</TextLine>
<TextLine HEIGHT="69" WIDTH="859" VPOS="1222" HPOS="128" STYLEREFS="StyleId-AB061D4F-6122-420A-806B-F5152CB85862-">
<String CONTENT="Columbia" HEIGHT="55" WIDTH="304" VPOS="1223" HPOS="128"/>
<SP HEIGHT="35" WIDTH="31" VPOS="1241" HPOS="433"/>
<String CONTENT="university," HEIGHT="69" WIDTH="337" VPOS="1222" HPOS="465"/>
<SP HEIGHT="61" WIDTH="34" VPOS="1228" HPOS="803"/>
<String CONTENT="1927." HEIGHT="51" WIDTH="149" VPOS="1224" HPOS="838"/>
</TextLine>
<TextLine HEIGHT="102" WIDTH="2000" VPOS="1301" HPOS="134" CS="1">
<String CONTENT="3" HEIGHT="41" WIDTH="26" VPOS="1306" HPOS="203"/>
<SP/>
<String CONTENT="p." HEIGHT="39" WIDTH="42" VPOS="1316" HPOS="258"/>
<SP/>
<String CS="1" CONTENT="l.," HEIGHT="16" WIDTH="8" VPOS="1338" HPOS="365"/>
<SP HEIGHT="50" WIDTH="28" VPOS="1304" HPOS="374"/>
<String CONTENT="57" HEIGHT="42" WIDTH="56" VPOS="1304" HPOS="403"/>
<SP HEIGHT="46" WIDTH="25" VPOS="1307" HPOS="460"/>
<String CONTENT="p." HEIGHT="38" WIDTH="42" VPOS="1315" HPOS="486"/>
<SP HEIGHT="42" WIDTH="59" VPOS="1304" HPOS="529"/>
<String CS="1" CONTENT="23&#189;" HEIGHT="42" WIDTH="55" VPOS="1304" HPOS="589"/>
<String STYLE="superscript" CS="1" CONTENT="&#7580;&#7504;"/>
<String CONTENT="." HEIGHT="7" WIDTH="6" VPOS="1338" HPOS="729"/>
<SP HEIGHT="47" WIDTH="70" VPOS="1305" HPOS="736"/>
<String CONTENT="(Teachers" HEIGHT="47" WIDTH="268" VPOS="1305" HPOS="807"/>
<SP HEIGHT="30" WIDTH="27" VPOS="1315" HPOS="1076"/>
<String CONTENT="college," HEIGHT="48" WIDTH="194" VPOS="1305" HPOS="1104"/>
<SP HEIGHT="48" WIDTH="29" VPOS="1304" HPOS="1299"/>
<String CONTENT="Columbia" HEIGHT="41" WIDTH="253" VPOS="1304" HPOS="1329"/>
<SP HEIGHT="30" WIDTH="30" VPOS="1315" HPOS="1583"/>
<String CONTENT="university." HEIGHT="49" WIDTH="289" VPOS="1302" HPOS="1614"/>
<SP HEIGHT="42" WIDTH="58" VPOS="1302" HPOS="1904"/>
<String CONTENT="Contributions" HEIGHT="102" WIDTH="2000" VPOS="1301" HPOS="134"/>
</TextLine>
<TextLine HEIGHT="47" WIDTH="584" VPOS="1362" HPOS="356">
<String CONTENT="to" HEIGHT="37" WIDTH="48" VPOS="1366" HPOS="356"/>
<SP HEIGHT="29" WIDTH="22" VPOS="1374" HPOS="405"/>
<String CONTENT="education," HEIGHT="47" WIDTH="274" VPOS="1362" HPOS="428"/>
<SP HEIGHT="36" WIDTH="24" VPOS="1373" HPOS="703"/>
<String CONTENT="no." HEIGHT="31" WIDTH="76" VPOS="1372" HPOS="728"/>
<SP HEIGHT="40" WIDTH="23" VPOS="1363" HPOS="805"/>
<String CONTENT="283)" HEIGHT="47" WIDTH="111" VPOS="1362" HPOS="829"/>
</TextLine>
<TextLine HEIGHT="49" WIDTH="1714" VPOS="1430" HPOS="204" CS="1">
<String CONTENT="Published" HEIGHT="39" WIDTH="265" VPOS="1434" HPOS="204"/>
<SP HEIGHT="39" WIDTH="30" VPOS="1434" HPOS="470"/>
<String CONTENT="also" HEIGHT="38" WIDTH="104" VPOS="1435" HPOS="501"/>
<SP HEIGHT="30" WIDTH="33" VPOS="1443" HPOS="606"/>
<String CONTENT="as" HEIGHT="30" WIDTH="53" VPOS="1443" HPOS="640"/>
<SP HEIGHT="31" WIDTH="32" VPOS="1442" HPOS="694"/>
<String CONTENT="thesis" HEIGHT="40" WIDTH="154" VPOS="1433" HPOS="727"/>
<SP HEIGHT="43" WIDTH="41" VPOS="1433" HPOS="882"/>
<String CS="1" CONTENT="(PH." HEIGHT="43" WIDTH="109" VPOS="1433" HPOS="924"/>
<SP HEIGHT="31" WIDTH="30" VPOS="1444" HPOS="1034"/>
<String CS="1" CONTENT="D.)" HEIGHT="47" WIDTH="33" VPOS="1432" HPOS="1098"/>
<SP HEIGHT="47" WIDTH="42" VPOS="1432" HPOS="1132"/>
<String CONTENT="Columbia" HEIGHT="41" WIDTH="253" VPOS="1432" HPOS="1175"/>
<SP HEIGHT="30" WIDTH="35" VPOS="1442" HPOS="1429"/>
<String CONTENT="university," HEIGHT="48" WIDTH="289" VPOS="1431" HPOS="1465"/>
<SP HEIGHT="46" WIDTH="33" VPOS="1433" HPOS="1755"/>
<String CONTENT="1927." HEIGHT="42" WIDTH="129" VPOS="1430" HPOS="1789"/>
</TextLine>
<TextLine HEIGHT="50" WIDTH="1946" VPOS="1487" HPOS="205">
<String CONTENT="&#8220;This" HEIGHT="40" WIDTH="147" VPOS="1491" HPOS="205"/>
<SP HEIGHT="29" WIDTH="33" VPOS="1502" HPOS="353"/>
<String CONTENT="study" HEIGHT="45" WIDTH="147" VPOS="1492" HPOS="387"/>
<SP HEIGHT="35" WIDTH="34" VPOS="1502" HPOS="535"/>
<String CONTENT="was" HEIGHT="29" WIDTH="101" VPOS="1501" HPOS="570"/>
<SP HEIGHT="29" WIDTH="34" VPOS="1501" HPOS="672"/>
<String CONTENT="made" HEIGHT="40" WIDTH="142" VPOS="1491" HPOS="707"/>
<SP HEIGHT="37" WIDTH="34" VPOS="1494" HPOS="850"/>
<String CONTENT="through" HEIGHT="47" WIDTH="212" VPOS="1490" HPOS="885"/>
<SP HEIGHT="40" WIDTH="37" VPOS="1490" HPOS="1098"/>
<String CONTENT="the" HEIGHT="39" WIDTH="83" VPOS="1491" HPOS="1136"/>
<SP HEIGHT="39" WIDTH="37" VPOS="1490" HPOS="1220"/>
<String CONTENT="Monmouth" HEIGHT="40" WIDTH="288" VPOS="1490" HPOS="1258"/>
<SP HEIGHT="42" WIDTH="35" VPOS="1488" HPOS="1547"/>
<String CONTENT="County" HEIGHT="49" WIDTH="190" VPOS="1488" HPOS="1583"/>
<SP HEIGHT="38" WIDTH="36" VPOS="1499" HPOS="1774"/>
<String CONTENT="organization" HEIGHT="50" WIDTH="340" VPOS="1487" HPOS="1811"/>
</TextLine>
<TextLine HEIGHT="49" WIDTH="684" VPOS="1546" HPOS="133">
<String CONTENT="for" HEIGHT="41" WIDTH="79" VPOS="1548" HPOS="133"/>
<SP HEIGHT="29" WIDTH="22" VPOS="1559" HPOS="213"/>
<String CONTENT="social" HEIGHT="40" WIDTH="152" VPOS="1548" HPOS="236"/>
<SP HEIGHT="39" WIDTH="24" VPOS="1549" HPOS="389"/>
<String CONTENT="service.&#8221;&#8212;p." HEIGHT="49" WIDTH="337" VPOS="1546" HPOS="414"/>
<SP HEIGHT="41" WIDTH="23" VPOS="1547" HPOS="752"/>
<String CONTENT="3." HEIGHT="40" WIDTH="41" VPOS="1547" HPOS="776"/>
</TextLine>
<TextLine HEIGHT="49" WIDTH="555" VPOS="1604" HPOS="205">
<String CONTENT="Bibliography:" HEIGHT="49" WIDTH="379" VPOS="1604" HPOS="205"/>
<SP HEIGHT="37" WIDTH="32" VPOS="1616" HPOS="585"/>
<String CONTENT="p." HEIGHT="37" WIDTH="41" VPOS="1616" HPOS="618"/>
<SP HEIGHT="42" WIDTH="29" VPOS="1604" HPOS="660"/>
<String CONTENT="57." HEIGHT="42" WIDTH="70" VPOS="1604" HPOS="690"/>
</TextLine>
<TextLine HEIGHT="52" WIDTH="2014" VPOS="1673" HPOS="134">
<String CONTENT="&#169;" HEIGHT="52" WIDTH="52" VPOS="1673" HPOS="134"/>
<SP HEIGHT="52" WIDTH="24" VPOS="1673" HPOS="187"/>
<String CONTENT="Dec." HEIGHT="40" WIDTH="112" VPOS="1677" HPOS="212"/>
<SP HEIGHT="39" WIDTH="26" VPOS="1678" HPOS="325"/>
<String CONTENT="13," HEIGHT="44" WIDTH="68" VPOS="1677" HPOS="352"/>
<SP HEIGHT="42" WIDTH="26" VPOS="1679" HPOS="421"/>
<String CONTENT="1927:" HEIGHT="42" WIDTH="140" VPOS="1677" HPOS="448"/>
<SP HEIGHT="41" WIDTH="27" VPOS="1678" HPOS="589"/>
<String CONTENT="2c." HEIGHT="40" WIDTH="67" VPOS="1678" HPOS="617"/>
<SP HEIGHT="31" WIDTH="25" VPOS="1687" HPOS="685"/>
<String CONTENT="and" HEIGHT="39" WIDTH="95" VPOS="1678" HPOS="711"/>
<SP HEIGHT="39" WIDTH="27" VPOS="1678" HPOS="807"/>
<String CONTENT="aff." HEIGHT="41" WIDTH="82" VPOS="1676" HPOS="835"/>
<SP HEIGHT="40" WIDTH="26" VPOS="1677" HPOS="918"/>
<String CONTENT="Jan." HEIGHT="40" WIDTH="110" VPOS="1677" HPOS="945"/>
<SP HEIGHT="40" WIDTH="26" VPOS="1677" HPOS="1056"/>
<String CONTENT="13," HEIGHT="47" WIDTH="68" VPOS="1676" HPOS="1083"/>
<SP HEIGHT="47" WIDTH="27" VPOS="1676" HPOS="1152"/>
<String CONTENT="1928;" HEIGHT="46" WIDTH="142" VPOS="1676" HPOS="1180"/>
<SP HEIGHT="47" WIDTH="28" VPOS="1675" HPOS="1323"/>
<!-- cceid 1C5AB3BF-6CB2-1014-A20E-B9D6251C946A --><String CONTENT="A" HEIGHT="40" WIDTH="40" VPOS="1675" HPOS="1352"/>
<SP HEIGHT="40" WIDTH="25" VPOS="1675" HPOS="1393"/>
<String CONTENT="1018663;" HEIGHT="47" WIDTH="232" VPOS="1675" HPOS="1419"/>
<SP HEIGHT="46" WIDTH="28" VPOS="1676" HPOS="1652"/>
<String CONTENT="Teachers" HEIGHT="40" WIDTH="244" VPOS="1675" HPOS="1681"/>
<SP HEIGHT="30" WIDTH="26" VPOS="1685" HPOS="1926"/>
<String CONTENT="college," HEIGHT="47" WIDTH="195" VPOS="1675" HPOS="1953"/>
</TextLine>
<TextLine HEIGHT="48" WIDTH="743" VPOS="1733" HPOS="203">
<String CONTENT="Columbia" HEIGHT="41" WIDTH="251" VPOS="1733" HPOS="203"/>
<SP HEIGHT="29" WIDTH="35" VPOS="1745" HPOS="455"/>
<String CONTENT="univ." HEIGHT="41" WIDTH="131" VPOS="1734" HPOS="491"/>
<SP HEIGHT="47" WIDTH="70" VPOS="1734" HPOS="623"/>
<String CONTENT="(28-9744)" HEIGHT="48" WIDTH="252" VPOS="1733" HPOS="694"/>
</TextLine>
<TextLine HEIGHT="62" WIDTH="587" VPOS="1844" HPOS="132" STYLEREFS="StyleId-41F3F687-7C38-4665-A6C4-40F41B134AF2-" CS="1">
<String CONTENT="Lemonnier," HEIGHT="62" WIDTH="373" VPOS="1844" HPOS="132"/>
<SP HEIGHT="62" WIDTH="36" VPOS="1844" HPOS="506"/>
<String CS="1" CONTENT="L&#233;on." HEIGHT="53" WIDTH="176" VPOS="1844" HPOS="543"/>
</TextLine>
<TextLine HEIGHT="69" WIDTH="1892" VPOS="1921" HPOS="259" STYLEREFS="StyleId-AB061D4F-6122-420A-806B-F5152CB85862-" CS="1">
<String CS="1" CONTENT="&#8230;"/>
<SP HEIGHT="52" WIDTH="39" VPOS="1922" HPOS="259"/>
<String CONTENT="L&#8217;amour" HEIGHT="52" WIDTH="273" VPOS="1922" HPOS="299"/>
<SP HEIGHT="34" WIDTH="30" VPOS="1940" HPOS="573"/>
<String LANG="fi" CONTENT="et" HEIGHT="46" WIDTH="55" VPOS="1928" HPOS="604"/>
<SP HEIGHT="52" WIDTH="30" VPOS="1922" HPOS="660"/>
<String LANG="fi" CONTENT="les" HEIGHT="53" WIDTH="78" VPOS="1922" HPOS="691"/>
<SP HEIGHT="33" WIDTH="31" VPOS="1942" HPOS="770"/>
<String CS="1" CONTENT="soup&#231;ons," HEIGHT="50" WIDTH="298" VPOS="1940" HPOS="802"/>
<SP HEIGHT="49" WIDTH="32" VPOS="1941" HPOS="1101"/>
<String CONTENT="roman." HEIGHT="35" WIDTH="217" VPOS="1940" HPOS="1134"/>
<SP HEIGHT="51" WIDTH="75" VPOS="1923" HPOS="1352"/>
<String CONTENT="Paris," HEIGHT="55" WIDTH="187" VPOS="1922" HPOS="1428"/>
<SP HEIGHT="55" WIDTH="32" VPOS="1922" HPOS="1616"/>
<String CONTENT="E." HEIGHT="52" WIDTH="69" VPOS="1922" HPOS="1649"/>
<SP HEIGHT="52" WIDTH="32" VPOS="1922" HPOS="1719"/>
<String CONTENT="Flammarion" HEIGHT="53" WIDTH="399" VPOS="1921" HPOS="1752"/>
</TextLine>
<TextLine HEIGHT="64" WIDTH="175" VPOS="2003" HPOS="153" STYLEREFS="StyleId-AB061D4F-6122-420A-806B-F5152CB85862-" CS="1">
<String CS="1" CONTENT="["/>
<String STYLE="superscript" CONTENT="c" HEIGHT="22" WIDTH="17" VPOS="2005" HPOS="153"/>
<String CONTENT="1928" HEIGHT="50" WIDTH="133" VPOS="2003" HPOS="176"/>
<String STYLE="subscript" CONTENT="]" HEIGHT="34" WIDTH="12" VPOS="2033" HPOS="316"/>
</TextLine>
<TextLine HEIGHT="49" WIDTH="474" VPOS="2084" HPOS="198" CS="1">
<String LANG="en-US" CONTENT="246" HEIGHT="41" WIDTH="87" VPOS="2084" HPOS="198"/>
<SP HEIGHT="49" WIDTH="29" VPOS="2084" HPOS="286"/>
<String LANG="en-US" CONTENT="p.," HEIGHT="38" WIDTH="57" VPOS="2095" HPOS="316"/>
<SP HEIGHT="48" WIDTH="30" VPOS="2084" HPOS="374"/>
<String LANG="en-US" CONTENT="2" HEIGHT="40" WIDTH="27" VPOS="2084" HPOS="405"/>
<SP/>
<String LANG="en-US" CS="1" CONTENT="l."/>
<SP HEIGHT="39" WIDTH="59" VPOS="2086" HPOS="495"/>
<String LANG="el" CONTENT="19" HEIGHT="41" WIDTH="56" VPOS="2084" HPOS="555"/>
<String LANG="en-US" CS="1" CONTENT="&#7580;&#7504;"/>
<String LANG="el" CONTENT="." HEIGHT="10" WIDTH="10" VPOS="2116" HPOS="662"/>
</TextLine>
<TextLine HEIGHT="52" WIDTH="1958" VPOS="2151" HPOS="134" CS="1">
<String CONTENT="&#169;" HEIGHT="52" WIDTH="52" VPOS="2151" HPOS="134"/>
<SP HEIGHT="52" WIDTH="31" VPOS="2151" HPOS="187"/>
<String CONTENT="Feb." HEIGHT="40" WIDTH="110" VPOS="2156" HPOS="219"/>
<SP HEIGHT="40" WIDTH="29" VPOS="2156" HPOS="330"/>
<String CONTENT="23," HEIGHT="45" WIDTH="71" VPOS="2155" HPOS="360"/>
<SP HEIGHT="44" WIDTH="29" VPOS="2156" HPOS="432"/>
<String CONTENT="1928;" HEIGHT="47" WIDTH="142" VPOS="2155" HPOS="462"/>
<SP/>
<String CS="1" CONTENT="1c."/>
<SP HEIGHT="40" WIDTH="30" VPOS="2156" HPOS="706"/>
<String CONTENT="Mar." HEIGHT="40" WIDTH="123" VPOS="2156" HPOS="737"/>
<SP HEIGHT="41" WIDTH="29" VPOS="2155" HPOS="861"/>
<String CONTENT="8;" HEIGHT="47" WIDTH="52" VPOS="2155" HPOS="891"/>
<SP HEIGHT="46" WIDTH="32" VPOS="2156" HPOS="944"/>
<!-- cceid 1C5B5F5E-6CB2-1014-A20E-B9D6251C946A --><String CONTENT="A&#8212;Foreign" HEIGHT="48" WIDTH="315" VPOS="2155" HPOS="977"/>
<SP HEIGHT="40" WIDTH="29" VPOS="2155" HPOS="1293"/>
<String CONTENT="37196;" HEIGHT="47" WIDTH="173" VPOS="2155" HPOS="1323"/>
<SP HEIGHT="46" WIDTH="34" VPOS="2156" HPOS="1497"/>
<String CONTENT="Ernest" HEIGHT="39" WIDTH="178" VPOS="2156" HPOS="1532"/>
<SP HEIGHT="40" WIDTH="31" VPOS="2155" HPOS="1711"/>
<String CONTENT="Flammarion." HEIGHT="40" WIDTH="349" VPOS="2155" HPOS="1743"/>
</TextLine>
<TextLine HEIGHT="48" WIDTH="254" VPOS="2212" HPOS="212">
<String CONTENT="(28-9640)" HEIGHT="48" WIDTH="254" VPOS="2212" HPOS="212"/>
</TextLine>
<TextLine HEIGHT="62" WIDTH="866" VPOS="2321" HPOS="127" STYLEREFS="StyleId-41F3F687-7C38-4665-A6C4-40F41B134AF2-">
<String CONTENT="Lenin," HEIGHT="61" WIDTH="207" VPOS="2322" HPOS="127"/>
<SP HEIGHT="61" WIDTH="33" VPOS="2322" HPOS="335"/>
<String CONTENT="Nikolai," HEIGHT="62" WIDTH="256" VPOS="2321" HPOS="369"/>
<SP HEIGHT="57" WIDTH="39" VPOS="2326" HPOS="626"/>
<String CONTENT="1870-1924." HEIGHT="54" WIDTH="327" VPOS="2321" HPOS="666"/>
</TextLine>
<TextLine HEIGHT="69" WIDTH="1887" VPOS="2400" HPOS="262" STYLEREFS="StyleId-AB061D4F-6122-420A-806B-F5152CB85862-" CS="1">
<String CS="1" CONTENT="&#8230;"/>
<SP HEIGHT="56" WIDTH="52" VPOS="2400" HPOS="262"/>
<String CONTENT="Speeches" HEIGHT="69" WIDTH="279" VPOS="2400" HPOS="315"/>
<SP HEIGHT="35" WIDTH="42" VPOS="2419" HPOS="595"/>
<String CONTENT="of" HEIGHT="51" WIDTH="65" VPOS="2402" HPOS="638"/>
<SP/>
<String CS="1" CONTENT="v."/>
<SP HEIGHT="52" WIDTH="45" VPOS="2402" HPOS="817"/>
<String CONTENT="I." HEIGHT="52" WIDTH="48" VPOS="2402" HPOS="863"/>
<SP HEIGHT="52" WIDTH="44" VPOS="2402" HPOS="912"/>
<String CONTENT="Lenin," HEIGHT="66" WIDTH="202" VPOS="2402" HPOS="957"/>
<SP HEIGHT="47" WIDTH="44" VPOS="2421" HPOS="1160"/>
<String CONTENT="with" HEIGHT="53" WIDTH="141" VPOS="2402" HPOS="1205"/>
<SP HEIGHT="53" WIDTH="47" VPOS="2402" HPOS="1347"/>
<String CONTENT="a" HEIGHT="34" WIDTH="31" VPOS="2421" HPOS="1395"/>
<SP HEIGHT="34" WIDTH="43" VPOS="2421" HPOS="1427"/>
<String CONTENT="critical" HEIGHT="53" WIDTH="222" VPOS="2402" HPOS="1471"/>
<SP HEIGHT="52" WIDTH="43" VPOS="2402" HPOS="1694"/>
<String CONTENT="introduction." HEIGHT="54" WIDTH="411" VPOS="2402" HPOS="1738"/>
</TextLine>
<TextLine HEIGHT="69" WIDTH="1396" VPOS="2479" HPOS="130" STYLEREFS="StyleId-AB061D4F-6122-420A-806B-F5152CB85862-" CS="1">
<String CONTENT="New" HEIGHT="52" WIDTH="139" VPOS="2480" HPOS="130"/>
<SP HEIGHT="52" WIDTH="30" VPOS="2480" HPOS="270"/>
<String CONTENT="York," HEIGHT="68" WIDTH="181" VPOS="2479" HPOS="301"/>
<SP HEIGHT="67" WIDTH="28" VPOS="2480" HPOS="483"/>
<String CONTENT="International" HEIGHT="53" WIDTH="427" VPOS="2480" HPOS="512"/>
<SP HEIGHT="67" WIDTH="29" VPOS="2481" HPOS="940"/>
<String CONTENT="publishers" HEIGHT="68" WIDTH="325" VPOS="2480" HPOS="970"/>
<SP HEIGHT="46" WIDTH="36" VPOS="2501" HPOS="1296"/>
<String CS="1" CONTENT="["/>
<String STYLE="superscript" CS="1" CONTENT="&#7580;1" HEIGHT="21" WIDTH="17" VPOS="2487" HPOS="1351"/>
<String CONTENT="928]" HEIGHT="66" WIDTH="117" VPOS="2482" HPOS="1409"/>
</TextLine>
<TextLine HEIGHT="49" WIDTH="1159" VPOS="2563" HPOS="199" CS="1">
<String CONTENT="94" HEIGHT="41" WIDTH="56" VPOS="2563" HPOS="199"/>
<SP HEIGHT="47" WIDTH="28" VPOS="2565" HPOS="256"/>
<String CONTENT="p." HEIGHT="37" WIDTH="43" VPOS="2575" HPOS="285"/>
<SP HEIGHT="40" WIDTH="60" VPOS="2565" HPOS="329"/>
<String CONTENT="19" HEIGHT="41" WIDTH="58" VPOS="2563" HPOS="390"/>
<String STYLE="superscript" CS="1" CONTENT="&#7580;&#7504;"/>
<String CONTENT="." HEIGHT="8" WIDTH="9" VPOS="2596" HPOS="499"/>
<SP HEIGHT="48" WIDTH="69" VPOS="2564" HPOS="509"/>
<String CONTENT="(Voices" HEIGHT="48" WIDTH="195" VPOS="2564" HPOS="579"/>
<SP HEIGHT="29" WIDTH="29" VPOS="2575" HPOS="775"/>
<String CONTENT="of" HEIGHT="40" WIDTH="51" VPOS="2564" HPOS="805"/>
<SP HEIGHT="39" WIDTH="29" VPOS="2564" HPOS="857"/>
<String CONTENT="revolt," HEIGHT="40" WIDTH="170" VPOS="2565" HPOS="887"/>
<SP HEIGHT="29" WIDTH="59" VPOS="2576" HPOS="1058"/>
<String CONTENT="vol." HEIGHT="39" WIDTH="93" VPOS="2566" HPOS="1118"/>
<SP HEIGHT="32" WIDTH="28" VPOS="2573" HPOS="1212"/>
<String CS="1" CONTENT="VIII)" HEIGHT="47" WIDTH="14" VPOS="2565" HPOS="1344"/>
</TextLine>
<TextLine HEIGHT="41" WIDTH="496" VPOS="2634" HPOS="199">
<String CONTENT="Portrait" HEIGHT="40" WIDTH="223" VPOS="2634" HPOS="199"/>
<SP HEIGHT="38" WIDTH="26" VPOS="2636" HPOS="423"/>
<String CONTENT="on" HEIGHT="30" WIDTH="60" VPOS="2644" HPOS="450"/>
<SP HEIGHT="30" WIDTH="27" VPOS="2644" HPOS="511"/>
<String CONTENT="cover." HEIGHT="31" WIDTH="156" VPOS="2644" HPOS="539"/>
</TextLine>
<TextLine HEIGHT="53" WIDTH="1946" VPOS="2690" HPOS="202">
<String CONTENT="&#8220;The" HEIGHT="40" WIDTH="129" VPOS="2691" HPOS="202"/>
<SP HEIGHT="29" WIDTH="23" VPOS="2702" HPOS="332"/>
<String CONTENT="speeches" HEIGHT="48" WIDTH="229" VPOS="2691" HPOS="356"/>
<SP HEIGHT="41" WIDTH="23" VPOS="2690" HPOS="586"/>
<String CONTENT="included" HEIGHT="41" WIDTH="227" VPOS="2690" HPOS="610"/>
<SP HEIGHT="40" WIDTH="23" VPOS="2690" HPOS="838"/>
<String CONTENT="in" HEIGHT="39" WIDTH="50" VPOS="2690" HPOS="862"/>
<SP HEIGHT="37" WIDTH="24" VPOS="2693" HPOS="913"/>
<String CONTENT="this" HEIGHT="41" WIDTH="100" VPOS="2690" HPOS="938"/>
<SP HEIGHT="30" WIDTH="24" VPOS="2701" HPOS="1039"/>
<String CONTENT="selection" HEIGHT="41" WIDTH="233" VPOS="2691" HPOS="1064"/>
<SP HEIGHT="29" WIDTH="26" VPOS="2702" HPOS="1298"/>
<String CONTENT="are" HEIGHT="29" WIDTH="85" VPOS="2702" HPOS="1325"/>
<SP HEIGHT="30" WIDTH="23" VPOS="2702" HPOS="1411"/>
<String CONTENT="a" HEIGHT="29" WIDTH="25" VPOS="2703" HPOS="1435"/>
<SP HEIGHT="38" WIDTH="25" VPOS="2702" HPOS="1461"/>
<String CONTENT="part" HEIGHT="45" WIDTH="113" VPOS="2695" HPOS="1487"/>
<SP HEIGHT="37" WIDTH="24" VPOS="2695" HPOS="1601"/>
<String CONTENT="of" HEIGHT="39" WIDTH="50" VPOS="2693" HPOS="1626"/>
<SP HEIGHT="39" WIDTH="23" VPOS="2693" HPOS="1677"/>
<String CONTENT="a" HEIGHT="29" WIDTH="25" VPOS="2703" HPOS="1701"/>
<SP HEIGHT="39" WIDTH="25" VPOS="2693" HPOS="1727"/>
<String CONTENT="larger" HEIGHT="48" WIDTH="164" VPOS="2693" HPOS="1753"/>
<SP HEIGHT="29" WIDTH="23" VPOS="2705" HPOS="1918"/>
<String CONTENT="volume," HEIGHT="48" WIDTH="206" VPOS="2695" HPOS="1942"/>
</TextLine>
<TextLine HEIGHT="50" WIDTH="2020" VPOS="2748" HPOS="129">
<String CONTENT="which" HEIGHT="40" WIDTH="159" VPOS="2748" HPOS="129"/>
<SP HEIGHT="38" WIDTH="26" VPOS="2749" HPOS="289"/>
<String CONTENT="will" HEIGHT="39" WIDTH="101" VPOS="2748" HPOS="316"/>
<SP HEIGHT="40" WIDTH="26" VPOS="2748" HPOS="418"/>
<String CONTENT="be" HEIGHT="40" WIDTH="57" VPOS="2748" HPOS="445"/>
<SP HEIGHT="38" WIDTH="26" VPOS="2758" HPOS="503"/>
<String CONTENT="published" HEIGHT="48" WIDTH="257" VPOS="2748" HPOS="530"/>
<SP HEIGHT="40" WIDTH="26" VPOS="2748" HPOS="788"/>
<String CONTENT="in" HEIGHT="39" WIDTH="51" VPOS="2748" HPOS="815"/>
<SP HEIGHT="38" WIDTH="26" VPOS="2749" HPOS="867"/>
<String CONTENT="1928" HEIGHT="40" WIDTH="115" VPOS="2748" HPOS="894"/>
<SP HEIGHT="40" WIDTH="27" VPOS="2748" HPOS="1010"/>
<String CONTENT="under" HEIGHT="39" WIDTH="154" VPOS="2749" HPOS="1038"/>
<SP HEIGHT="37" WIDTH="25" VPOS="2751" HPOS="1193"/>
<String CONTENT="the" HEIGHT="40" WIDTH="83" VPOS="2749" HPOS="1219"/>
<SP HEIGHT="38" WIDTH="26" VPOS="2751" HPOS="1303"/>
<String CONTENT="title" HEIGHT="40" WIDTH="110" VPOS="2749" HPOS="1330"/>
<SP HEIGHT="40" WIDTH="26" VPOS="2749" HPOS="1441"/>
<String CONTENT="Lenin" HEIGHT="40" WIDTH="151" VPOS="2749" HPOS="1468"/>
<SP HEIGHT="30" WIDTH="27" VPOS="2759" HPOS="1620"/>
<String CONTENT="speaks.&#8221;&#8212;Editor&#8217;s" HEIGHT="49" WIDTH="501" VPOS="2749" HPOS="1648"/>
</TextLine>
<TextLine HEIGHT="39" WIDTH="126" VPOS="2807" HPOS="129">
<String CONTENT="note." HEIGHT="39" WIDTH="126" VPOS="2807" HPOS="129"/>
</TextLine>
<TextLine HEIGHT="55" WIDTH="2014" VPOS="2872" HPOS="135">
<String CONTENT="&#169;" HEIGHT="52" WIDTH="52" VPOS="2872" HPOS="135"/>
<SP HEIGHT="52" WIDTH="29" VPOS="2872" HPOS="188"/>
<String CONTENT="Mar." HEIGHT="39" WIDTH="121" VPOS="2877" HPOS="218"/>
<SP HEIGHT="40" WIDTH="26" VPOS="2876" HPOS="340"/>
<String CONTENT="24," HEIGHT="46" WIDTH="72" VPOS="2876" HPOS="367"/>
<SP HEIGHT="46" WIDTH="28" VPOS="2876" HPOS="440"/>
<String CONTENT="1928;" HEIGHT="43" WIDTH="141" VPOS="2875" HPOS="469"/>
<SP HEIGHT="42" WIDTH="29" VPOS="2876" HPOS="611"/>
<String CONTENT="2c." HEIGHT="40" WIDTH="67" VPOS="2876" HPOS="641"/>
<SP HEIGHT="31" WIDTH="28" VPOS="2885" HPOS="709"/>
<String CONTENT="and" HEIGHT="39" WIDTH="97" VPOS="2876" HPOS="738"/>
<SP HEIGHT="39" WIDTH="27" VPOS="2876" HPOS="836"/>
<String CONTENT="aff." HEIGHT="41" WIDTH="82" VPOS="2875" HPOS="864"/>
<SP HEIGHT="39" WIDTH="29" VPOS="2877" HPOS="947"/>
<String CONTENT="Mar." HEIGHT="40" WIDTH="122" VPOS="2877" HPOS="977"/>
<SP HEIGHT="40" WIDTH="27" VPOS="2877" HPOS="1100"/>
<String CONTENT="27:" HEIGHT="40" WIDTH="83" VPOS="2877" HPOS="1128"/>
<SP HEIGHT="40" WIDTH="32" VPOS="2877" HPOS="1212"/>
<!-- cceid 1C5C02ED-6CB2-1014-A20E-B9D6251C946A --><String CONTENT="A" HEIGHT="38" WIDTH="40" VPOS="2877" HPOS="1245"/>
<SP HEIGHT="38" WIDTH="28" VPOS="2877" HPOS="1286"/>
<String CONTENT="1068780;" HEIGHT="47" WIDTH="231" VPOS="2876" HPOS="1315"/>
<SP HEIGHT="44" WIDTH="32" VPOS="2879" HPOS="1547"/>
<String LANG="la" CONTENT="Internati," HEIGHT="41" WIDTH="260" VPOS="2879" HPOS="1580"/>
<SP HEIGHT="38" WIDTH="28" VPOS="2889" HPOS="1841"/>
<String CONTENT="publishers" HEIGHT="48" WIDTH="279" VPOS="2879" HPOS="1870"/>
</TextLine>
<TextLine HEIGHT="48" WIDTH="529" VPOS="2932" HPOS="206">
<String CONTENT="co.," HEIGHT="37" WIDTH="81" VPOS="2943" HPOS="206"/>
<SP HEIGHT="47" WIDTH="30" VPOS="2933" HPOS="288"/>
<String CONTENT="inc." HEIGHT="41" WIDTH="91" VPOS="2933" HPOS="319"/>
<SP HEIGHT="47" WIDTH="70" VPOS="2933" HPOS="411"/>
<String CONTENT="(28-9677)" HEIGHT="48" WIDTH="253" VPOS="2932" HPOS="482"/>
</TextLine>
<TextLine HEIGHT="62" WIDTH="859" VPOS="3027" HPOS="131" STYLEREFS="StyleId-41F3F687-7C38-4665-A6C4-40F41B134AF2-">
<String CONTENT="Leonard," HEIGHT="61" WIDTH="291" VPOS="3028" HPOS="131"/>
<SP HEIGHT="61" WIDTH="33" VPOS="3028" HPOS="423"/>
<String CONTENT="Jonathan," HEIGHT="62" WIDTH="323" VPOS="3027" HPOS="457"/>
<SP HEIGHT="57" WIDTH="36" VPOS="3032" HPOS="781"/>
<String CONTENT="1875-" HEIGHT="53" WIDTH="172" VPOS="3028" HPOS="818"/>
</TextLine>
<TextLine HEIGHT="71" WIDTH="1943" VPOS="3106" HPOS="208" STYLEREFS="StyleId-AB061D4F-6122-420A-806B-F5152CB85862-">
<String CONTENT="Back" HEIGHT="53" WIDTH="156" VPOS="3107" HPOS="208"/>
<SP HEIGHT="52" WIDTH="34" VPOS="3107" HPOS="365"/>
<String CONTENT="to" HEIGHT="46" WIDTH="61" VPOS="3114" HPOS="400"/>
<SP HEIGHT="35" WIDTH="36" VPOS="3125" HPOS="462"/>
<String CONTENT="stay," HEIGHT="64" WIDTH="145" VPOS="3112" HPOS="499"/>
<SP HEIGHT="68" WIDTH="33" VPOS="3106" HPOS="645"/>
<String CONTENT="by" HEIGHT="70" WIDTH="77" VPOS="3106" HPOS="679"/>
<SP HEIGHT="69" WIDTH="36" VPOS="3107" HPOS="757"/>
<String CONTENT="Jonathan" HEIGHT="55" WIDTH="298" VPOS="3107" HPOS="794"/>
<SP HEIGHT="52" WIDTH="35" VPOS="3108" HPOS="1093"/>
<String CONTENT="Leonard." HEIGHT="53" WIDTH="284" VPOS="3108" HPOS="1129"/>
<SP HEIGHT="56" WIDTH="77" VPOS="3107" HPOS="1414"/>
<String CONTENT="Sandwich," HEIGHT="70" WIDTH="329" VPOS="3107" HPOS="1492"/>
<SP HEIGHT="67" WIDTH="37" VPOS="3110" HPOS="1822"/>
<String CONTENT="Mass.," HEIGHT="67" WIDTH="195" VPOS="3110" HPOS="1860"/>
<SP HEIGHT="66" WIDTH="38" VPOS="3111" HPOS="2056"/>
<String CONTENT="J." HEIGHT="54" WIDTH="56" VPOS="3111" HPOS="2095"/>
</TextLine>
<TextLine HEIGHT="67" WIDTH="477" VPOS="3185" HPOS="132" STYLEREFS="StyleId-AB061D4F-6122-420A-806B-F5152CB85862-" CS="1">
<String CONTENT="Leonard" HEIGHT="53" WIDTH="264" VPOS="3185" HPOS="132"/>
<SP HEIGHT="66" WIDTH="36" VPOS="3186" HPOS="397"/>
<String CS="1" CONTENT="["/>
<String STYLE="superscript" CS="1" CONTENT="&#7580;"/>
<String CS="1" CONTENT="1928]" HEIGHT="51" WIDTH="133" VPOS="3188" HPOS="476"/>
</TextLine>
<TextLine HEIGHT="49" WIDTH="552" VPOS="3267" HPOS="203" STYLEREFS="StyleId-AB061D4F-6122-420A-806B-F5152CB85862-" CS="1">
<String LANG="en-US" CONTENT="3" HEIGHT="41" WIDTH="27" VPOS="3267" HPOS="203"/>
<SP HEIGHT="49" WIDTH="24" VPOS="3267" HPOS="231"/>
<String LANG="la" CONTENT="p." HEIGHT="37" WIDTH="42" VPOS="3279" HPOS="256"/>
<SP/>
<String LANG="la" CS="1" CONTENT="l."/>
<String LANG="en-US" CONTENT="," HEIGHT="16" WIDTH="8" VPOS="3299" HPOS="359"/>
<SP HEIGHT="47" WIDTH="22" VPOS="3268" HPOS="368"/>
<String LANG="en-US" CONTENT="330" HEIGHT="41" WIDTH="91" VPOS="3267" HPOS="391"/>
<SP HEIGHT="49" WIDTH="20" VPOS="3267" HPOS="483"/>
<String LANG="en-US" CONTENT="p." HEIGHT="37" WIDTH="43" VPOS="3279" HPOS="504"/>
<SP HEIGHT="39" WIDTH="59" VPOS="3269" HPOS="548"/>
<String LANG="en-US" CS="1" CONTENT="19&#189;" HEIGHT="41" WIDTH="57" VPOS="3267" HPOS="608"/>
<String STYLE="superscript" LANG="en-US" CS="1" CONTENT="&#7580;&#7504;"/>
<String LANG="en-US" CONTENT="." HEIGHT="8" WIDTH="9" VPOS="3301" HPOS="746"/>
</TextLine>
<TextLine HEIGHT="53" WIDTH="1674" VPOS="3335" HPOS="137" CS="1">
<String CONTENT="&#169;" HEIGHT="52" WIDTH="51" VPOS="3335" HPOS="137"/>
<SP HEIGHT="52" WIDTH="26" VPOS="3335" HPOS="189"/>
<String CONTENT="Apr." HEIGHT="48" WIDTH="115" VPOS="3340" HPOS="216"/>
<SP HEIGHT="40" WIDTH="26" VPOS="3340" HPOS="332"/>
<String CONTENT="2," HEIGHT="46" WIDTH="39" VPOS="3340" HPOS="359"/>
<SP HEIGHT="46" WIDTH="29" VPOS="3340" HPOS="399"/>
<String CONTENT="1928;" HEIGHT="48" WIDTH="142" VPOS="3339" HPOS="429"/>
<SP HEIGHT="46" WIDTH="28" VPOS="3341" HPOS="572"/>
<String CONTENT="2c." HEIGHT="40" WIDTH="68" VPOS="3341" HPOS="601"/>
<SP HEIGHT="31" WIDTH="28" VPOS="3350" HPOS="670"/>
<String CONTENT="and" HEIGHT="38" WIDTH="95" VPOS="3343" HPOS="699"/>
<SP HEIGHT="38" WIDTH="28" VPOS="3343" HPOS="795"/>
<String CONTENT="aff." HEIGHT="42" WIDTH="83" VPOS="3339" HPOS="824"/>
<SP HEIGHT="40" WIDTH="27" VPOS="3341" HPOS="908"/>
<String CONTENT="Apr." HEIGHT="47" WIDTH="113" VPOS="3341" HPOS="936"/>
<SP HEIGHT="39" WIDTH="28" VPOS="3342" HPOS="1050"/>
<String CONTENT="4;" HEIGHT="46" WIDTH="54" VPOS="3342" HPOS="1079"/>
<SP HEIGHT="47" WIDTH="29" VPOS="3341" HPOS="1134"/>
<!-- cceid 1C5CA609-6CB2-1014-A20E-B9D6251C946A --><String CONTENT="A" HEIGHT="39" WIDTH="41" VPOS="3341" HPOS="1164"/>
<SP HEIGHT="39" WIDTH="28" VPOS="3341" HPOS="1206"/>
<String CONTENT="1068749;" HEIGHT="44" WIDTH="230" VPOS="3341" HPOS="1235"/>
<SP HEIGHT="42" WIDTH="32" VPOS="3343" HPOS="1466"/>
<String CONTENT="J." HEIGHT="40" WIDTH="43" VPOS="3343" HPOS="1499"/>
<SP HEIGHT="40" WIDTH="29" VPOS="3343" HPOS="1543"/>
<String CONTENT="Leonard." HEIGHT="42" WIDTH="238" VPOS="3343" HPOS="1573"/>
</TextLine>
<TextLine HEIGHT="50" WIDTH="254" VPOS="3396" HPOS="214">
<String CONTENT="(28-9851)" HEIGHT="50" WIDTH="254" VPOS="3396" HPOS="214"/>
</TextLine>
<TextLine HEIGHT="65" WIDTH="892" VPOS="3499" HPOS="136" STYLEREFS="StyleId-41F3F687-7C38-4665-A6C4-40F41B134AF2-">
<String CONTENT="Leroux," HEIGHT="64" WIDTH="251" VPOS="3499" HPOS="136"/>
<SP HEIGHT="62" WIDTH="33" VPOS="3501" HPOS="388"/>
<String CONTENT="Gaston," HEIGHT="63" WIDTH="245" VPOS="3501" HPOS="422"/>
<SP HEIGHT="57" WIDTH="33" VPOS="3507" HPOS="668"/>
<String CONTENT="1868-1927." HEIGHT="54" WIDTH="326" VPOS="3503" HPOS="702"/>
</TextLine>
<TextLine HEIGHT="76" WIDTH="1945" VPOS="3577" HPOS="206" STYLEREFS="StyleId-AB061D4F-6122-420A-806B-F5152CB85862-" CS="1">
<String CONTENT="The" HEIGHT="53" WIDTH="121" VPOS="3577" HPOS="206"/>
<SP HEIGHT="34" WIDTH="24" VPOS="3596" HPOS="328"/>
<String CONTENT="son" HEIGHT="34" WIDTH="101" VPOS="3596" HPOS="353"/>
<SP HEIGHT="34" WIDTH="24" VPOS="3596" HPOS="455"/>
<String CONTENT="of" HEIGHT="53" WIDTH="66" VPOS="3577" HPOS="480"/>
<SP HEIGHT="53" WIDTH="23" VPOS="3577" HPOS="547"/>
<String CONTENT="three" HEIGHT="53" WIDTH="158" VPOS="3578" HPOS="571"/>
<SP HEIGHT="52" WIDTH="27" VPOS="3578" HPOS="730"/>
<String CONTENT="fathers," HEIGHT="67" WIDTH="238" VPOS="3578" HPOS="758"/>
<SP HEIGHT="66" WIDTH="24" VPOS="3579" HPOS="997"/>
<String CONTENT="by" HEIGHT="69" WIDTH="77" VPOS="3579" HPOS="1022"/>
<SP HEIGHT="69" WIDTH="26" VPOS="3579" HPOS="1100"/>
<String CONTENT="Gaston" HEIGHT="54" WIDTH="219" VPOS="3579" HPOS="1127"/>
<SP HEIGHT="51" WIDTH="28" VPOS="3581" HPOS="1347"/>
<String CONTENT="Leroux" HEIGHT="52" WIDTH="228" VPOS="3581" HPOS="1376"/>
<SP HEIGHT="33" WIDTH="31" VPOS="3600" HPOS="1605"/>
<String CS="1" CONTENT="&#8230;"/>
<SP HEIGHT="47" WIDTH="30" VPOS="3587" HPOS="1694"/>
<String CONTENT="translated" HEIGHT="55" WIDTH="321" VPOS="3582" HPOS="1725"/>
<SP HEIGHT="53" WIDTH="27" VPOS="3584" HPOS="2047"/>
<String CONTENT="by" HEIGHT="69" WIDTH="76" VPOS="3584" HPOS="2075"/>
</TextLine>
<TextLine HEIGHT="78" WIDTH="2016" VPOS="3654" HPOS="136" STYLEREFS="StyleId-AB061D4F-6122-420A-806B-F5152CB85862-">
<String CONTENT="Hannaford" HEIGHT="55" WIDTH="353" VPOS="3654" HPOS="136"/>
<SP HEIGHT="52" WIDTH="53" VPOS="3657" HPOS="490"/>
<String CONTENT="Bennett." HEIGHT="52" WIDTH="263" VPOS="3658" HPOS="544"/>
<SP HEIGHT="52" WIDTH="90" VPOS="3658" HPOS="808"/>
<String CONTENT="New" HEIGHT="52" WIDTH="139" VPOS="3658" HPOS="899"/>
<SP HEIGHT="52" WIDTH="54" VPOS="3659" HPOS="1039"/>
<String CONTENT="York," HEIGHT="65" WIDTH="182" VPOS="3659" HPOS="1094"/>
<SP HEIGHT="65" WIDTH="53" VPOS="3659" HPOS="1277"/>
<String CONTENT="The" HEIGHT="53" WIDTH="122" VPOS="3659" HPOS="1331"/>
<SP HEIGHT="52" WIDTH="52" VPOS="3660" HPOS="1454"/>
<String CONTENT="Macaulay" HEIGHT="70" WIDTH="307" VPOS="3660" HPOS="1507"/>
<SP HEIGHT="51" WIDTH="52" VPOS="3679" HPOS="1815"/>
<String CONTENT="company" HEIGHT="53" WIDTH="284" VPOS="3679" HPOS="1868"/>
</TextLine>
<TextLine HEIGHT="65" WIDTH="193" VPOS="3735" HPOS="143" STYLEREFS="StyleId-AB061D4F-6122-420A-806B-F5152CB85862-" CS="1">
<String CONTENT="[" HEIGHT="34" WIDTH="11" VPOS="3765" HPOS="143"/>
<String STYLE="superscript" CS="1" CONTENT="&#7580;"/>
<String CONTENT="1928]" HEIGHT="65" WIDTH="152" VPOS="3735" HPOS="184"/>
</TextLine>
<TextLine HEIGHT="49" WIDTH="368" VPOS="3814" HPOS="208" CS="1">
<String CONTENT="320" HEIGHT="41" WIDTH="87" VPOS="3814" HPOS="208"/>
<SP HEIGHT="49" WIDTH="28" VPOS="3814" HPOS="296"/>
<String CONTENT="p." HEIGHT="37" WIDTH="44" VPOS="3826" HPOS="325"/>
<SP HEIGHT="40" WIDTH="58" VPOS="3816" HPOS="370"/>
<String CS="1" CONTENT="19&#189;" HEIGHT="40" WIDTH="56" VPOS="3816" HPOS="429"/>
<String STYLE="superscript" CS="1" CONTENT="&#7580;&#7504;"/>
<String CONTENT="." HEIGHT="9" WIDTH="9" VPOS="3849" HPOS="567"/>
</TextLine>
<TextLine HEIGHT="44" WIDTH="990" VPOS="3886" HPOS="210" CS="1">
<String CONTENT="I." HEIGHT="30" WIDTH="31" VPOS="3895" HPOS="210"/>
<SP HEIGHT="39" WIDTH="24" VPOS="3886" HPOS="242"/>
<String CONTENT="Bennett," HEIGHT="44" WIDTH="224" VPOS="3886" HPOS="267"/>
<SP HEIGHT="43" WIDTH="26" VPOS="3887" HPOS="492"/>
<String CONTENT="Hannaford," HEIGHT="43" WIDTH="308" VPOS="3887" HPOS="519"/>
<SP HEIGHT="39" WIDTH="27" VPOS="3891" HPOS="828"/>
<String CONTENT="tr." HEIGHT="38" WIDTH="60" VPOS="3891" HPOS="856"/>
<SP HEIGHT="30" WIDTH="58" VPOS="3899" HPOS="917"/>
<String CS="1" CONTENT="II." HEIGHT="8" WIDTH="7" VPOS="3921" HPOS="1023"/>
<SP HEIGHT="39" WIDTH="25" VPOS="3890" HPOS="1031"/>
<String CONTENT="Title." HEIGHT="41" WIDTH="143" VPOS="3889" HPOS="1057"/>
</TextLine>
<TextLine HEIGHT="61" WIDTH="1775" VPOS="3953" HPOS="139">
<String CONTENT="&#169;" HEIGHT="53" WIDTH="52" VPOS="3953" HPOS="139"/>
<SP HEIGHT="53" WIDTH="29" VPOS="3953" HPOS="192"/>
<String CONTENT="Apr." HEIGHT="49" WIDTH="114" VPOS="3956" HPOS="222"/>
<SP HEIGHT="41" WIDTH="28" VPOS="3957" HPOS="337"/>
<String CONTENT="9," HEIGHT="45" WIDTH="40" VPOS="3957" HPOS="366"/>
<SP HEIGHT="44" WIDTH="31" VPOS="3958" HPOS="407"/>
<String CONTENT="1928;" HEIGHT="49" WIDTH="140" VPOS="3957" HPOS="439"/>
<SP HEIGHT="47" WIDTH="30" VPOS="3959" HPOS="580"/>
<String CONTENT="2c." HEIGHT="41" WIDTH="69" VPOS="3959" HPOS="611"/>
<SP HEIGHT="31" WIDTH="29" VPOS="3969" HPOS="681"/>
<String CONTENT="and" HEIGHT="39" WIDTH="96" VPOS="3961" HPOS="711"/>
<SP HEIGHT="40" WIDTH="29" VPOS="3961" HPOS="808"/>
<String CONTENT="aff." HEIGHT="42" WIDTH="83" VPOS="3960" HPOS="838"/>
<SP HEIGHT="40" WIDTH="29" VPOS="3962" HPOS="922"/>
<String CONTENT="Apr." HEIGHT="48" WIDTH="113" VPOS="3962" HPOS="952"/>
<SP HEIGHT="39" WIDTH="31" VPOS="3963" HPOS="1066"/>
<String CONTENT="11;" HEIGHT="44" WIDTH="83" VPOS="3962" HPOS="1098"/>
<SP HEIGHT="44" WIDTH="31" VPOS="3962" HPOS="1182"/>
<!-- cceid 1C5D4510-6CB2-1014-A20E-B9D6251C946A --><String CONTENT="A" HEIGHT="39" WIDTH="41" VPOS="3962" HPOS="1214"/>
<SP HEIGHT="39" WIDTH="30" VPOS="3962" HPOS="1256"/>
<String CONTENT="1068846;" HEIGHT="48" WIDTH="231" VPOS="3961" HPOS="1287"/>
<SP HEIGHT="44" WIDTH="33" VPOS="3965" HPOS="1519"/>
<String CONTENT="Macaulay" HEIGHT="49" WIDTH="262" VPOS="3965" HPOS="1553"/>
<SP HEIGHT="37" WIDTH="30" VPOS="3977" HPOS="1816"/>
<String CONTENT="co." HEIGHT="30" WIDTH="67" VPOS="3977" HPOS="1847"/>
</TextLine>
<TextLine HEIGHT="49" WIDTH="253" VPOS="4014" HPOS="218">
<String CONTENT="(28-9841)" HEIGHT="49" WIDTH="253" VPOS="4014" HPOS="218"/>
</TextLine>
</TextBlock>
</PrintSpace>
</Page>
</Layout>
</alto>