2498 4384
1295 4086 136 51 1436

422 511 378 48 “Bibliography
832 511 52 41 of
915 512 83 40 the
1030 510 225 49 writings
1287 511 52 40 of
1370 511 251 40 Theodore
1653 510 170 41 Hook”:
1886 521 44 38 p.
1965 509 251 51 [365]-372.

353 563 52 53 ©
438 567 129 49 Sept.
597 569 39 46 1,
666 567 115 42 1928;
840 569 68 39 2c.
941 568 128 48 Sept.
1099 569 27 38 4;
1186 567 84 41 aff.
1303 567 129 48 Sept.
1462 567 59 40 10;
1576 567 42 39 A
1647 567 204 41 1054184;
1912 567 257 41 President
2201 567 37 40 &
418 566 1917 99 fellows

571 624 52 40 of
654 625 232 39 Harvard
919 626 192 47 college,
1148 624 303 48 Cambridge,
1487 625 148 39 Mass.
1710 623 280 50 (28-22483)

350 718 210 63 Bruce,
588 718 208 63 Henry
825 717 345 65 Addington
1198 716 244 65 Bayley,
1476 717 171 55 1874-

419 794 245 56 Woman
692 795 60 53 in
780 795 96 54 the
904 795 238 70 making
1169 794 66 55 of
1261 794 286 70 America,
1573 795 76 70 by
1674 795 78 53 H.
1781 794 345 70 Addington
2156 795 200 53 Bruce.

349 873 2009 70 New and rev. ed. … Boston. Little, Brown, and company,
352 954 151 51 1928.

420 1034 1168 49 xi p., 2 l., 347 p. front., plates, ports. 20 ᶜᵐ.
355 1086 52 53 ©
442 1090 129 49 Sept.
601 1092 69 47 22,
702 1091 114 41 1928;
877 1091 67 41 2c.
976 1092 97 39 and
1106 1090 82 42 aff.
1222 1090 130 49 Sept.
1383 1091 60 40 26;
1499 1090 43 41 A
1571 1090 203 41 1054621;
1835 1090 164 49 Little,
2034 1092 192 45 Brown,
2260 1093 97 40 and

423 1157 249 39 company.
744 1147 280 50 (28-22395)

355 1241 348 64 Carpenter,
733 1241 201 52 Frank
965 1240 247 65 George,
1247 1244 326 51 1855-1924.

424 1317 365 69 Carpenter’s
835 1337 125 34 new
1008 1319 409 69 geographical
1465 1318 227 69 reader;
1744 1318 250 69 Europe,
2039 1318 79 70 by
2164 1318 199 53 Frank

351 1395 2012 70 G. Carpenter … New York, Cincinnati [etc. ] American book
351 1493 283 50 company
780 1477 67 50 [ᶜ1928]

422 1557 1371 49 508 p. col. front., illus. (incl. maps) diagrs. 18½ ᶜᵐ.
357 1610 52 53 ©
441 1614 128 48 Sept.
596 1615 69 46 12,
693 1614 114 41 1928;
863 1615 69 40 2c.
962 1614 129 49 Sept.
1120 1616 56 38 14;
1234 1614 83 41 aff.
1348 1614 129 49 Sept.
1505 1614 55 40 15;
1618 1612 43 41 A
1687 1613 203 41 1054465;
1949 1614 161 42 Amer,
2138 1614 125 41 book
2291 1625 69 30 co.

435 1670 280 49 (28-22442)

359 1764 245 63 Choate,
637 1764 298 60 Florence,
969 1784 178 50 comp.

423 1844 123 52 The
584 1844 152 53 little
775 1844 202 68 people
1017 1844 64 53 of
1117 1845 96 54 the
1251 1844 154 66 hills,
1445 1845 283 68 arranged
1770 1844 113 53 and
1923 1843 328 55 illustrated
2288 1843 76 71 by

351 1922 274 53 Florence
659 1921 217 55 Choate
905 1923 112 52 and
1049 1922 304 53 Elizabeth
1385 1921 212 56 Curtis.
1673 1922 140 53 New
1843 1922 181 68 York,
2052 1922 313 69 Harcourt,

353 2000 865 69 Brace and company [ ᶜ19 28]
426 2082 1427 49 2 p. l., iii-v p., 3 l., 3-234 p. incl. illus., plates. 22½ᶜᵐ.
425 2140 145 40 Tales
612 2140 229 39 collected
887 2140 93 39 and
1025 2139 241 45 arranged
1308 2139 128 40 from
1478 2140 198 46 legends
1717 2138 51 43 of
1812 2140 197 39 Ireland
2051 2140 97 39 and
2190 2139 175 47 Wales,

354 2196 127 41 from
522 2197 360 40 Scandinavian
923 2197 274 46 mythology
1235 2197 94 39 and
1367 2196 208 40 German
1610 2196 242 41 folk-lore.

359 2250 53 53 ©
447 2254 129 49 Sept.
607 2255 69 48 31,
738 2254 84 39 1928;
884 2255 26 38 2c.
983 2256 97 39 and
1110 2253 84 43 aff.
1228 2254 130 49 Sept.
1389 2254 83 47 26;
1505 2254 42 39 A
1578 2253 230 47 1054572;
1844 2254 262 48 Harcourt,
2141 2254 156 39 Brace
2327 2252 37 40 &

428 2323 81 36 co.,
547 2311 92 41 inc.
710 2311 280 49 (28-22372)

361 2406 306 56 Columbia
698 2405 353 64 university.

426 2483 93 53 An
559 2484 351 53 introductio
927 2502 23 34 l
990 2489 56 47 to
1082 2489 439 63 contemporary
1558 2482 354 55 civilization
1949 2483 59 53 in
2044 2482 98 54 the
2175 2483 190 67 West;

356 2581 28 34 a
425 2562 269 67 syllabus.
769 2561 98 55 7th
908 2562 103 68 ed.,
1049 2562 343 68 completely
1429 2580 113 34 rev.
1617 2561 296 68 Prepared
1948 2561 78 69 by
2067 2559 301 56 Columbia

356 2640 213 70 college
612 2640 300 54 associates
956 2640 60 52 in
1059 2639 331 67 economics,
1432 2645 374 63 government
1848 2640 112 52 and
2004 2638 197 70 public
2241 2639 128 68 law,

357 2718 223 70 history
635 2719 114 53 and
804 2718 365 69 philosophy.
1263 2717 141 54 New
1458 2717 180 67 York,
1695 2717 301 55 Columbia
2048 2716 321 70 university

358 2816 174 50 press,
565 2800 150 50 1928.

531 2878 1216 50 xxv, 330 p., 1 l. illus. (incl. maps) diagrs. 23 ᶜᵐ.
430 2937 192 41 Earlier
648 2937 211 41 editions
887 2937 125 39 have
1039 2936 136 40 title:
1207 2936 339 40 Introduction
1577 2937 49 38 to
1654 2937 372 46 contemporary
2054 2935 314 41 civilization.

363 2989 53 53 ©
444 2994 128 48 Sept.
597 2993 69 45 26,
721 2993 112 46 1928;
859 2994 68 40 2c.
952 2993 97 40 and
1074 2991 83 41 aff.
1186 2991 130 49 Sept.
1340 2991 56 41 28;
1451 2991 42 39 A
1517 2991 202 41 1054771;
1778 2991 253 41 Columbia
2058 2991 131 41 univ.
2216 3002 151 37 press.

441 3050 281 49 (28-22430)

362 3129 243 64 Cowles,
634 3128 280 54 Florence
945 3128 72 55 A.

437 3206 182 56 Seven
641 3207 263 53 hundred
930 3205 370 68 sandwiches,
1325 3206 284 68 compiled
1634 3206 76 69 by
1734 3206 274 54 Florence
2032 3206 73 54 A.
2133 3205 235 56 Cowles.

364 3287 236 64 Boston,
626 3285 197 64 Little,
852 3285 232 67 Brown,
1113 3284 112 52 and
1257 3302 300 52 company,
1589 3287 151 51 1928.

434 3367 65 46 ix,
531 3366 88 40 246
647 3377 44 37 p.
751 3366 56 40 19½ᶜᵐ.

366 3421 53 53 ©
453 3425 128 48 Sept.
611 3424 71 48 22,
714 3424 115 40 1928;
888 3424 68 40 2c.
988 3425 96 38 and
1116 3423 83 42 aff.
1234 3423 129 48 Sept.
1395 3424 83 46 27;
1512 3424 41 39 A
1584 3424 230 47 1053590;
1849 3424 163 49 Little,
2047 3425 192 41 Brown,
2273 3426 96 38 and

434 3490 250 39 company.
754 3480 281 50 (28-22411)

365 3558 302 64 Crichton,
694 3559 151 63 Kyle
872 3558 39 56 S.

432 3636 140 53 Law
598 3637 113 52 and
738 3637 179 52 order,
949 3637 133 61 ltd.;
1111 3637 96 53 the
1235 3636 237 70 rousing
1497 3637 108 54 life
1628 3637 65 54 of
1720 3636 212 71 Elfego
1961 3640 156 51 Baca
2143 3637 65 54 of
2233 3638 140 53 New

362 3713 243 68 Mexico,
639 3714 76 69 by
750 3713 153 69 Kyle
940 3713 55 56 S.
1037 3714 292 55 Crichton.
1405 3714 180 56 Santa
1621 3715 98 69 Fe,
1755 3716 139 53 New
1928 3715 267 54 Mexican
362 3715 1986 145 publishing

615 3792 383 68 corporation,
1036 3795 150 51 1928.

434 3874 100 45 viii,
565 3875 86 41 219
679 3886 43 38 p.
783 3876 171 47 plates,
986 3878 150 45 ports.
1195 3875 57 39 22½ᶜᵐ.

368 3925 54 54 ©
454 3931 117 48 July
601 3930 69 47 23,
703 3931 141 47 1928;
877 3932 68 40 2c.
976 3932 121 48 Aug.
1127 3932 83 46 24;
1245 3931 83 41 aff.
1359 3931 122 49 Aug.
1511 3931 83 47 25;
1629 3932 41 40 A
1701 3932 230 49 1053346;
1965 3933 60 42 K.
2062 3933 44 41 S.
2140 3933 230 41 Crichton

437 3989 97 42 and
565 3989 172 49 Elfego
770 3989 144 48 Baca,
948 3989 355 48 Albuquerque,
1338 3990 56 40 N.
1427 3990 63 40 M.
1561 3990 281 49 (28-22307)
