2498 4384
1267 4088 132 53 1278

375 527 1647 51 6 p. l., ix-xii, 491 p. 21 ᶜᵐ . (Lippincott’s nursing manuals)
308 582 51 52 ©
388 588 122 40 Mar.
538 587 68 47 29,
633 587 141 47 1928;
802 587 68 41 2c.
898 588 96 38 and
1021 585 83 42 aff.
1131 585 120 48 Aug.
1278 585 83 42 31;
1391 585 41 39 A
1459 585 229 47 1053114;
1719 585 44 40 J.
1793 586 53 40 B.
1874 584 280 48 Lippincott
2182 595 67 29 co.

386 643 282 49 (28-2.0633)

305 736 202 65 Gibbs,
535 737 101 53 Sir
661 737 193 65 Philip
883 736 325 65 Hamilton,
1243 735 171 55 1877-

376 817 122 52 The
528 835 103 50 age
662 816 64 53 of
755 836 217 49 reason,
1002 836 31 33 a
1062 817 185 67 novel,
1275 816 78 69 by
1381 816 202 68 Philip
1617 814 195 55 Gibbs.
1889 814 235 55 Garden
2157 815 153 69 City,

305 894 69 54 N.
406 896 92 68 Y.,
525 894 357 69 Doubleday,
910 895 199 52 Doran
1139 896 46 50 &
1213 912 298 51 company,
1539 894 127 69 inc.,
1695 895 150 53 1928.

376 976 432 48 3 p 1 320 p 20ᶜᵐ
309 1028 51 52 ©
390 1033 128 39 June
544 1033 70 47 29,
643 1033 139 46 1928;
813 1033 68 40 2c.
911 1033 96 39 and
1036 1031 83 42 aff.
1147 1032 122 48 Aug.
1297 1032 83 47 27;
1411 1032 41 39 A
1480 1032 230 47 1083991;
1743 1032 300 47 Doubleday,
2075 1032 167 40 Doran
2273 1033 37 39 &

379 1100 83 37 co.,
492 1088 91 41 inc.

310 1181 325 64 Goldstein,
664 1182 258 53 Herbert
953 1181 255 65 Samuel,
1242 1186 172 49 1890-
1654 1183 84 53 ed.

381 1262 184 68 Forty
601 1278 163 51 years
804 1261 64 53 of
906 1262 257 68 struggle
1203 1261 95 53 for
1335 1281 31 33 a
1404 1259 312 70 principle;
1756 1262 96 52 the
1888 1261 328 68 biography
2253 1259 65 55 of

308 1339 202 69 Harry
533 1340 244 67 Fischel,
803 1339 189 54 edited
1014 1340 76 69 by
1114 1339 189 53 Rabbi
1325 1339 252 53 Herbert
1604 1338 55 56 S.
1688 1338 318 71 Goldstein,
2033 1339 283 68 compiled

309 1417 154 54 from
486 1418 112 53 Mr.
626 1418 272 54 Fischel’s
925 1418 159 68 daily
1111 1418 185 68 diary,
1321 1436 336 50 newspaper
1685 1418 290 69 clippings
2004 1418 314 67 editorials,

310 1498 115 52 and
453 1498 292 51 addresses
774 1497 288 52 delivered
1088 1497 76 67 by
1188 1496 122 52 him
1338 1496 213 69 during
1576 1496 90 53 his
1695 1497 161 68 forty
1882 1515 164 50 years
2076 1496 65 53 of
309 1514 1984 114 service
430 1580 59 47 to
527 1575 98 52 the
657 1574 220 54 Jewish
915 1574 368 69 community.
1359 1574 140 53 New
1539 1574 181 69 York,
1759 1576 181 52 Bloch
1980 1572 339 72 publishing

303 1670 298 51 company,
633 1654 149 51 1928.

383 1733 1557 50 xvii p., 1 l., 404 p. front., plates, ports., facsims. 24½ᶜᵐ.
318 1787 51 52 ©
400 1792 127 39 June
556 1790 70 48 20,
657 1791 141 45 1928;
830 1791 67 40 2c.
928 1792 96 39 and
1054 1790 82 42 aff.
1167 1791 118 48 July
1314 1791 83 48 28;
1429 1792 41 39 A
1501 1792 230 47 1083993;
1764 1793 167 47 Harry
1963 1792 207 46 Fischel,
2202 1793 118 39 New

384 1848 147 40 York.
601 1847 282 49 (28-20529)

315 1941 206 62 Gould,
554 1942 228 63 George
814 1941 237 63 Milbry,
1088 1945 327 51 1848-1922.

385 2020 57 52 A
475 2020 204 67 pocket
710 2020 241 52 medical
987 2020 342 69 dictionary,
1363 2021 205 69 giving
1598 2021 97 53 the
1729 2021 442 68 pronunciation
2208 2022 112 52 and

316 2097 301 54 definition
659 2097 63 53 of
764 2098 96 52 the
902 2098 289 67 principal
1235 2099 186 53 words
1464 2100 137 52 used
1643 2100 61 51 in
1748 2099 276 53 medicine
2069 2100 114 52 and
2228 2100 92 52 the

318 2175 1943 71 collateral sciences … by George M. Gould … 9th ed. rev. …
318 2254 1465 68 Philadelphia, P. Blakiston’s son & co. [ ᶜ1 928]
393 2336 144 49 [1030]
573 2348 42 37 p.
648 2336 111 41 incl.
791 2337 170 40 tables.
1024 2336 115 41 16ᶜᵐ.

324 2390 50 52 ©
405 2395 117 47 July
549 2395 40 47 2,
618 2394 141 46 1928;
790 2395 67 39 2c.
886 2394 120 48 Aug.
1035 2395 82 47 30;
1149 2393 84 41 aff.
1263 2395 116 47 July
1407 2395 53 47 3;
1491 2395 41 39 A
1561 2395 231 49 1054033;
1823 2396 52 40 P.
1906 2395 301 41 Blakiston’s
2238 2407 86 29 son

392 2451 37 40 &
458 2462 68 30 co.
597 2451 281 48 (28-20632)

319 2545 232 63 Greinz,
583 2543 221 54 Rudolf
833 2544 304 63 Heinrich,
1174 2549 172 49 1866-

389 2624 120 52 Das
566 2623 265 68 paradies
887 2623 100 52 der
1041 2623 297 67 Philister,
1393 2641 198 35 roman
1649 2643 113 34 von
1817 2624 225 53 Rudolf
2096 2624 227 54 Greinz.

321 2705 44 49 6.
398 2702 88 52 bis
518 2704 78 49 10.
627 2702 256 52 tausend.
960 2701 257 69 Leipzig,
1249 2702 63 51 L.
1347 2701 406 69 Staackmann,
1784 2705 149 50 1928.

387 2785 87 40 373
507 2795 43 37 p.
720 2817 7 7 19ᶜᵐ.

326 2838 2001 52 © Nov. 10, 1927; 1c. Apr. 11, 1928; A—Foreign 38428; L. Staackmann
393 2900 182 46 verlag,
608 2909 42 37 g.
684 2909 60 29 m.
777 2898 42 42 b.
854 2898 44 40 h.
970 2898 282 48 (28-20475)

324 2992 386 61 Grossmann,
744 2991 233 64 Stefan,
1014 2992 171 53 1875-

453 3068 1873 71 … Chefredakteur Roth führt krieg, roman. Berlin, AVien
325 3153 140 61 [etc.]
503 3148 64 52 P.
602 3147 259 69 Zsolnay,
898 3150 151 50 1928.

389 3232 102 48 407,
529 3232 54 49 [1]
618 3242 45 37 p.
722 3231 147 43 20½ᶜᵐ.

393 3289 69 40 “1.
492 3288 72 40 bis
596 3288 39 40 5.
667 3288 251 40 tausend.”

331 3341 1997 51 © Feb. 29, 1928; 1c. May 29; A—Foreign 38910; Paul Zsolnay verlag,
399 3411 96 38 ges.
524 3411 59 31 m.
611 3401 42 39 b.
682 3401 45 40 h.
799 3400 281 49 (28-20468)

328 3494 292 62 Hankins,
652 3494 199 51 Frank
882 3493 327 63 Hamilton,
1244 3494 170 53 1877-

395 3572 97 51 An
526 3571 391 52 introduction
951 3576 59 48 to
1044 3571 95 53 the
1173 3571 173 68 study
1381 3571 64 52 of
1479 3572 239 68 society;
1757 3590 74 34 an
1865 3572 218 52 outline
2118 3572 64 51 of
325 3572 1982 146 primary

326 3648 1979 147 factors and fundamental institutions, by Frank Hamilton Hankins … New York, The Macmillan company, 1928.
395 3809 1462 49 xiii p., 1 l., 760 p. illus. (incl. maps) diagrs. 22½ᶜᵐ.
400 3866 294 49 “Suggested
737 3865 256 49 readings”
1032 3868 51 38 at
1122 3867 91 39 end
1253 3866 51 40 of
1343 3866 118 40 each
1499 3867 228 47 chapter;
1770 3866 315 40 “Additional
2122 3867 209 40 selected

328 3923 303 40 references”
660 3925 51 38 at
739 3924 91 38 end
860 3923 52 39 of
940 3925 125 37 most
1094 3922 52 40 of
1174 3923 82 39 the
1284 3923 241 47 chapters.

338 3975 51 52 ©
421 3980 82 40 July
563 3980 69 46 31,
661 3979 118 41 1928;
832 3979 68 41 2c.
930 3979 95 40 and
1054 3978 83 42 aff.
1165 3978 121 49 Aug.
1316 3979 52 46 1;
1400 3978 41 40 A
1469 3978 229 47 1083848;
1731 3978 282 41 Macmillan
2042 3989 70 30 co.

417 4036 256 48 (28-20456)
