2498 4384
1051 4067 136 50 1995

194 494 139 46 Maps
361 503 61 29 on
449 491 365 49 lining-papers.

196 549 92 41 “Of
320 549 99 41 this
451 548 199 46 edition,
682 547 194 49 printed
908 557 61 30 on
1003 545 236 41 Aurelian
1273 555 89 38 rag
1395 554 163 38 paper,
1595 545 94 38 and
1724 543 189 41 limited
1949 545 49 39 to
2033 544 92 40 five

126 607 217 39 hundred
371 605 161 47 copies
562 604 99 41 this
690 604 221 47 example
941 603 42 40 is
1017 604 97 48 [not
1144 600 310 50 numbered]”

195 663 71 41 On
292 672 142 30 cover
452 673 9 29 :
489 662 101 39 The
619 660 330 48 Chippendale
976 670 132 30 room
1136 662 52 37 at
1218 659 80 40 the
1326 659 223 39 Museum
1577 656 52 41 of
1655 657 94 40 fine
1778 659 118 46 arts,
1927 658 198 47 Boston,

124 719 401 40 Massachusetts.

192 775 351 49 Bibliography
561 785 8 29 :
604 775 54 50 [1]
689 785 43 38 p.
765 775 51 40 at
844 773 107 41 end.

121 845 52 53 ©
198 849 117 40 Nov.
342 848 68 43 14,
570 857 9 36 1928;
607 847 68 39 2c.
703 846 111 41 Dec.
841 846 52 38 11;
953 845 82 40 aff.
1062 845 113 40 Dec.
1202 844 82 41 10;
1315 843 40 40 A
1381 843 114 40 2211;
1555 845 221 38 Museum
1805 843 52 40 of
1883 843 93 40 fine
2005 845 120 38 arts.

198 902 280 52 (28-30687)

119 999 218 64 Brand,
370 997 248 55 Neville.

187 1072 1938 72 The shadow dance, by Neville Brand … London, E. Nash
115 1158 45 49 &
191 1154 283 69 Grayson,
506 1154 242 66 limited,
784 1156 150 50 1928.

184 1236 277 49 285 p. 19 ᶜᵐ.
119 1304 51 52 ©
229 1318 37 29 1c.
297 1308 111 39 Dec.
439 1307 68 46 14,
538 1307 142 43 1928;
711 1307 40 37 A
779 1306 61 39 ad
869 1305 87 41 int.
987 1305 143 39 12074;
1190 1306 143 47 pubd.
1364 1304 102 41 Oct.
1498 1304 82 46 19;
1613 1305 56 39 N.
1700 1305 180 47 Brand,
1913 1304 212 40 London.

196 1362 223 50 (29-240)

112 1459 256 63 Brewer,
407 1457 231 54 Luther
675 1457 305 64 Albertus,
1020 1462 172 50 1858-

184 1536 123 52 The
348 1535 128 70 joys
522 1536 114 52 and
681 1553 242 36 sorrows
968 1534 64 54 of
1077 1553 31 34 a
1151 1535 150 53 book
1345 1536 283 66 collector,
1670 1534 76 69 by
1788 1534 222 53 Luther
2052 1533 74 54 A.

114 1614 246 52 Brewer.
440 1612 185 55 Cedar
667 1613 241 68 Rapids,
988 1632 67 49 Ia.,
1096 1613 161 53 Priv.
1300 1613 162 68 print.
1522 1612 95 53 for
1656 1613 98 52 the
1798 1611 221 54 friends
2062 1611 66 54 of

113 1692 219 53 Luther
361 1692 275 53 Albertus
668 1692 113 53 and
815 1690 237 54 Elinore
1080 1692 218 68 Taylor
1329 1691 249 68 Brewer,
1611 1693 151 51 1928.

184 1775 245 49 65 p. 20½ ᶜᵐ.
186 1846 183 39 “Three
401 1846 223 40 hundred
656 1845 160 49 copies
847 1844 239 50 printed.”

118 1912 52 53 ©
199 1917 111 41 Dec.
340 1916 38 48 8,
409 1916 117 41 1928;
582 1917 69 40 2c.
680 1916 113 41 Dec.
822 1916 55 40 13;
938 1915 82 42 aff.
1049 1916 114 39 Dec.
1193 1915 56 39 12;
1309 1915 40 39 A
1379 1915 112 40 3161;
1554 1916 51 39 L.
1637 1916 54 40 A.
1723 1916 212 44 Brewer,
1968 1916 159 41 Cedar

184 1973 199 48 Rapids,
443 1984 42 29 Ia.
553 1972 281 49 (28-30628)

117 2068 322 69 [Burnand,
472 2068 243 68 Robert]
754 2073 172 50 1882-

247 2147 1882 70 … Le gourmand vagabond; promenades gastronomiques.
111 2226 184 73 Paris,
328 2227 68 53 B.
429 2226 252 70 Grasset,
714 2229 151 52 1928.

181 2308 689 50 2 p. l ., [7]-310 p., 2 l. 19 ᶜᵐ.
182 2379 232 41 Author’s
447 2380 182 48 pseud.,
663 2379 400 49 Robert-Robert,
1097 2382 52 39 at
1185 2380 127 41 head
1346 2379 53 43 of
1431 2380 124 42 title.

116 2448 52 53 ©
196 2453 116 47 .July
338 2453 70 41 30,
570 2464 9 32 1928;
639 2464 37 30 1c.
708 2453 128 48 Sept.
864 2453 83 46 21;
978 2452 313 50 A—Foreign
1320 2453 111 47 187;
1464 2454 223 40 Bernard
1718 2453 215 42 Grasset.

193 2509 282 48 (28-30448)

115 2605 315 65 Callaway,
463 2604 206 56 Curtis
696 2604 337 67 Frederick,
1068 2605 172 56 1879-

185 2685 122 53 The
336 2689 92 49 art
455 2683 65 54 of
547 2683 231 55 funeral
806 2684 314 70 directing;
1152 2702 31 35 a
1214 2684 280 69 practical
1523 2685 234 53 manual
1786 2704 74 35 on
1887 2685 240 54 modern

117 2761 228 55 funeral
387 2763 288 69 directing
714 2762 279 68 methods,
1035 2762 265 55 valuable
1343 2767 59 50 to
1444 2763 99 54 the
1585 2762 231 55 funeral
1859 2764 268 69 director,

117 2841 95 53 the
249 2841 272 54 assistant
559 2842 113 53 and
711 2843 100 52 the
847 2842 250 68 student,
1133 2841 79 69 by
1252 2840 64 57 C.
1356 2842 66 53 F.
1464 2841 312 71 Callaway.
1854 2842 274 72 Chicago,

115 2919 1122 69 Ill., Undertakers’ supply co. [ ᶜ1 928]
183 3001 733 49 240 p. incl. illus., port. 21 ᶜᵐ.
116 3052 51 52 ©
195 3058 118 40 Nov.
339 3058 41 40 4.
409 3057 117 41 1928;
582 3058 68 40 2c.
679 3059 96 39 and
803 3058 83 42 aff.
914 3059 119 41 Nov.
1061 3059 57 40 28;
1175 3059 41 39 A
1245 3059 114 40 1944;
1417 3061 353 41 Undertakers’
1800 3063 174 47 supply
2004 3074 68 30 co.

192 3114 282 49 (28-30554)

113 3207 313 66 Chandler,
457 3208 121 54 Leo
607 3209 88 55 St.
729 3209 177 64 Clair,
942 3211 172 54 1878-

178 3286 1950 74 Why men buy life insurance, by Leo S. Chandler … [Los
110 3364 1329 64 Angeles, California trust company, ᶜ1 928]
205 3447 425 48 1 p. l., 50 p. 17½ᶜᵐ.
116 3499 52 53 ©
198 3505 118 40 Nov.
345 3505 72 47 25,
447 3505 116 41 1928;
622 3506 68 40 2c.
722 3507 97 39 and
850 3506 83 40 aff.
963 3507 113 41 Dec.
1107 3508 55 38 11;
1224 3508 43 39 A
1297 3508 118 40 3139;
1474 3508 276 42 California
1781 3512 132 40 trust
1944 3522 68 31 co.

192 3561 282 48 (28-30607)

115 3655 376 63 Chesterton,
528 3656 227 55 Gilbert
789 3657 203 60 Keith,
1028 3659 173 54 1874-

182 3735 271 55 Generally
525 3736 308 70 speaking;
870 3758 31 33 a
932 3738 150 53 book
1115 3738 64 54 of
1211 3758 207 54 essays,
1449 3739 75 70 by
1557 3741 69 55 G.
1659 3742 76 52 K.
1769 3743 358 55 Chesterton.

111 3812 258 68 London,
394 3815 276 53 Methuen
698 3817 51 50 &
776 3835 79 34 co.
883 3817 102 53 ltd.
1020 3818 173 66 [1928]

180 3895 555 50 V, [1], 249, [1] p. 17½ ᶜᵐ.
117 3947 52 54 ©
226 3964 38 31 1c.
292 3953 113 42 Dec.
435 3954 68 48 14,
533 3953 115 42 1928;
707 3954 40 40 A
776 3955 62 40 ad
867 3953 88 42 int.
984 3954 144 41 12064;
1188 3956 145 48 pubd.
1366 3956 102 43 Oct.
1499 3958 57 41 18;
1615 3959 154 51 Dodd,
1801 3962 142 41 Mead
1976 3962 36 41 &
2042 3973 84 39 co.,

182 4010 104 49 inc.,
314 4012 120 39 New
463 4012 145 39 York.
676 4012 223 48 (29-384)
