2498 4384
1287 4076 101 51 398

353 423 429 64 Shakespeare,
816 424 275 64 William,
1128 429 327 51 1564-1616.

431 500 389 70 Shakespeare
850 521 60 34 as
941 521 32 34 a
1003 504 392 53 letter-writer
1425 505 113 53 and
1570 504 168 54 artist
1767 505 61 53 in
1859 524 195 51 prose;
2087 526 32 34 a
357 507 1981 139 disquisition,

578 585 113 47 two
722 580 356 68 anthologies
1111 582 113 52 and
1258 600 32 34 a
1323 582 234 68 ramble,
1585 583 76 69 by
1693 584 68 52 R.
1795 584 65 52 L.
1893 584 252 69 Mégroz.
358 586 1978 139 London,
514 658 261 53 Wishart
803 659 114 52 and
946 677 98 49 co.,
1075 658 151 55 1927.

429 739 525 49 5 p. l., 3-223 p. 19 ᶜᵐ.
357 809 1983 109 © 1c. Mar. 15, 1928; A ad int. 10753; pubd. Jan. 19; R. L. Mégroz. London. (28-8961)
351 964 286 61 Siemsen,
670 965 186 51 Hans.

424 1043 321 53 Verbotene
773 1043 158 52 liebe.
999 1042 199 53 Briefe
1228 1044 151 53 eines
1408 1044 418 53 unbekannten.
1894 1046 219 67 Berlin,
2142 1048 219 69 Verlag

353 1120 143 52 “Die
528 1121 336 67 schmiede”,
899 1119 150 56 1927.

424 1204 17 37 1
514 1236 7 7 v.
592 1202 252 48 (Berichte
875 1213 89 30 aus
994 1206 86 39 der
1156 1203 298 42 wirklichkeit,
1519 1205 74 41 bd.
1624 1205 52 50 5)

353 1270 2002 54 © Apr. 30, 1927; 1c. July 14; A —Foreign 35614; Verlag “Die schmiede”.
345 1383 195 62 Sloan,
575 1382 222 53 Harold
830 1383 166 53 Paul.

419 1461 121 52 The
571 1461 197 54 Christ
797 1460 64 53 of
887 1461 95 53 the
1010 1480 149 48 ages,
1187 1461 77 69 by
1291 1461 96 53 the
1414 1462 297 53 Reverend
1739 1462 228 54 Harold
1997 1464 150 52 Paul
2178 1464 174 55 Sloan

413 1538 1944 73 … Garden City, N. Y., Doubleday, Doran & company, inc.,
346 1621 151 49 1928.

417 1700 466 49 3 p. l., 184 p. 19½ᶜᵐ .
349 1769 51 51 ©
432 1774 111 39 Feb.
575 1773 67 47 10,
672 1773 55 39 1928;
845 1774 67 39 2c.
942 1774 96 39 and
1068 1772 82 42 aff.
1182 1774 123 39 Mar.
1336 1772 81 46 12;
1451 1772 40 39 A
1522 1771 230 47 1068416;
1787 1773 299 49 Doubleday,
2119 1775 167 40 Doran
2318 1777 35 40 &

416 1842 82 35 co.,
531 1830 90 41 inc.
692 1830 252 48 (28-8152)

344 1925 309 64 Spinning,
685 1925 205 53 James
919 1925 77 52 M.

479 2001 1875 71 … [Biographical sketch, notes and editorial equipment] by
347 2083 195 51 James
650 2124 9 9 M.
704 2080 291 70 Spinning
1058 2081 60 52 [in
1156 2081 98 52 the
1292 2080 148 53 book
1480 2080 257 66 entitled]
1782 2080 122 52 The
1944 2080 111 53 rise
2095 2080 66 53 of
2202 2081 150 54 Silas

345 2158 2008 70 Lapham, by William Dean Howells. New ed. … Boston,
345 2240 140 51 New
519 2238 163 52 York
720 2243 138 61 [etc.]
897 2236 322 69 Houghton
1252 2236 205 52 Mifflin
1492 2254 282 51 company
1813 2239 174 64 [ᶜ1928]

410 2319 404 48 xiv, 546 p. 18½ ᶜᵐ.
345 2374 51 52 ©
425 2378 121 41 Mar.
573 2378 67 46 12,
667 2376 55 41 1928;
835 2376 67 41 2c.
930 2377 122 40 Mar.
1078 2375 82 49 19;
1189 2374 83 43 aff.
1300 2376 122 41 Mar.
1449 2376 80 47 17;
1560 2376 41 40 A
1626 2375 230 47 1068377;
1887 2375 266 49 Houghton
2180 2376 168 43 Mifflin

413 2447 67 30 co.

338 2528 1940 79 The spirit of Greece in art. Tò ἑλληνικò ν π ν ϵυ̑ μα ἐv τῂ
619 2620 1133 72 τϵχνῃ New York, Atlantis, inc. [ᶜ1928]
405 2733 1070 49 4 p. l., 118, [1] p. incl. front., illus. 31 ᶜᵐ.
407 2790 205 48 English
640 2791 97 39 and
768 2790 172 41 Greek.

407 2846 389 48 Reproductions
830 2847 53 40 of
916 2846 250 50 paintings
1198 2847 120 41 with
1356 2849 216 48 subjects
1605 2849 148 40 taken
1785 2848 130 41 from
1950 2848 157 41 Greek
336 2849 1988 102 mythology

455 2904 96 39 and
581 2902 204 49 history.

341 2956 51 51 ©
423 2961 121 39 Mar.
574 2959 68 45 10,
671 2959 54 39 1928;
841 2960 67 41 2c.
938 2961 95 38 and
1061 2959 83 42 aff.
1174 2961 123 40 Mar.
1326 2961 55 39 15:
1439 2961 40 38 A
1508 2960 200 40 1069291;
1769 2960 232 49 Atlantis,
2031 2961 93 41 inc.

420 3015 251 49 (28-8175)

335 3113 285 62 Stauffer,
650 3112 210 54 Milton
889 3113 317 64 Theobald,
1241 3118 171 49 1885-
1590 3115 84 52 ed.

469 3191 1878 71 … An Indian approach to India; chapters by a group of
334 3270 287 52 nationals
651 3270 386 70 interpreting
1063 3271 97 53 the
1191 3270 298 54 Christian
1518 3275 338 62 movement,
1887 3270 314 54 assembled
2232 3270 114 53 and

334 3346 2011 71 edited by Milton Stauffer … New York, Pub. for the Student
335 3427 295 51 volunteer
667 3432 320 47 movement
1029 3426 93 53 for
1164 3426 230 69 foreign
1435 3426 263 54 missions
1739 3426 78 68 by
1856 3426 96 53 the
1992 3425 353 69 Missionary

333 3503 303 53 education
666 3509 320 47 movement
1019 3503 65 54 of
1112 3505 97 53 the
1241 3505 220 53 United
1496 3504 189 56 States
1719 3504 115 54 and
1868 3504 238 54 Canada
2253 3503 86 68 [ᶜ1927]

403 3584 1575 50 xvii, 186 p. 19½ ᶜᵐ. (Christian voices around the world)
337 3639 51 51 ©
418 3644 116 38 Nov.
561 3643 70 46 21,
659 3643 115 39 1927;
828 3644 67 40 2c.
924 3645 95 38 and
1047 3643 82 41 aff.
1159 3645 122 39 Mar.
1310 3644 39 48 8,
1378 3644 141 47 1928;
1549 3645 41 39 A
1617 3643 229 48 1069166;
1879 3643 129 40 John
2035 3644 54 39 A.
2120 3644 217 48 Murray,

406 3699 78 48 Jr.,
515 3700 117 39 New
663 3700 145 40 York.
879 3700 252 49 (28-8084)

331 3792 1985 149 … Japan speaks for herself; chapters by a group of nationals interpreting the
976 3873 298 54 Christian
1300 3878 338 63 movement,
1665 3872 311 54 assembled
2006 3872 115 53 and
2149 3871 187 54 edited

329 3948 2008 72 by Milton Stauffer … New York, Pub. for the Student vol-
