2498 4384
1248 4073 134 50 1882

304 423 329 53 Methodist
672 423 312 64 Episcopal
1023 423 242 56 church.

382 501 305 53 Doctrines
713 501 114 53 and
854 501 303 67 discipline
1184 500 66 54 of
1274 501 96 53 the
1397 500 318 53 Methodist
1742 501 315 68 Episcopal
2084 500 229 67 church,

312 577 1978 146 1928. New York, Cincinnati [etc.] The Methodist book concern [ ᶜ192 8]
383 737 372 50 [736] p. 16 ᶜᵐ .
380 793 163 42 Blank
568 804 148 38 pages
740 793 81 41 for
849 793 205 42 “Notes”
1094 792 81 51 (10
1201 794 53 40 at
1282 792 118 49 end)

384 850 1931 49 “Edited by John W. Langdale … Bishop Ernest G. Richardson and
311 908 129 40 John
470 909 65 40 M.
562 907 215 41 Arters.”

307 961 2010 52 © Oct. 19, 1928; 2c. and aff. Nov. 10; A 1781; Methodist book concern.
385 1020 282 51 (28-29460)

303 1117 262 62 Monroe,
604 1115 172 54 Anne
815 1116 301 55 Shannon.

372 1194 122 53 The
526 1194 181 52 world
737 1195 31 50 I
796 1212 133 49 saw,
956 1194 76 67 by
1061 1193 168 53 Anne
1263 1192 275 55 Shannon
1567 1194 256 52 Monroe.
1899 1192 235 55 Garden
2166 1192 154 69 City,

304 1273 69 52 N.
410 1274 91 66 Y.,
536 1272 359 68 Doubleday,
928 1272 202 51 Doran
1164 1274 51 49 &
1252 1289 300 50 company,
1587 1272 127 67 inc.,
1753 1273 150 51 1928.

375 1353 863 50 vii p., 1 l., 331 p. front. 20 ᶜᵐ .
308 1408 52 52 ©
387 1413 120 40 Nov.
535 1412 69 47 16,
633 1412 141 41 1928;
804 1412 68 39 2c.
901 1413 95 38 and
1026 1411 82 41 aff.
1136 1412 120 40 Nov.
1285 1410 56 41 30
1359 1423 8 30 ;
1400 1412 39 38 A
1468 1411 140 47 1980;
1642 1412 300 47 Doubleday,
1973 1411 168 40 Doran
2171 1410 36 41 &
2236 1421 81 38 co.,

376 1469 93 41 inc.
536 1468 283 50 (28-29529)

305 1565 271 63 Morgan,
605 1562 260 54 Thomas
897 1563 187 63 Hunt,
1119 1567 173 50 1866-

383 1639 1937 71 The theory of the gene, by Thomas Hunt Morgan … Enl.
313 1720 114 52 and
459 1738 114 33 rev.
607 1719 84 53 ed.
761 1719 139 52 New
932 1718 226 67 Haven,
1190 1718 147 53 Yale
1371 1718 321 69 university
1726 1736 186 50 press;
1947 1718 262 67 London,
2242 1717 80 53 H.

312 1796 269 69 Milford,
609 1795 232 56 Oxford
869 1796 322 69 university
1220 1814 177 49 press,
1429 1798 150 51 1928.

382 1876 1940 51 xviii, 358 p. illus., diagrs. 23½ ᶜᵐ . (Half-title: Yale university.
315 1936 118 41 Mrs.
462 1935 165 48 Hepsa
658 1936 90 45 Ely
781 1933 225 42 Silliman
1035 1934 257 40 memorial
1319 1934 237 48 lectures)

384 1991 352 48 Bibliography:
794 2002 44 37 p.
870 1990 250 50 [322]-351.

311 2046 1929 52 © Nov. 23, 1928; 2c. and aff. Nov. 26; A 837; Yale university press.
387 2106 283 49 (28-29510)

311 2201 286 65 Moulton,
632 2200 284 55 Nathalie
952 2200 241 55 Forbes.

316 2278 1984 134 Adventures in health, by Nathalie Forbes Moulton … illustrated
552 2357 77 71 by
673 2357 193 54 Eloise
913 2358 209 52 Burns.
1205 2357 237 68 Boston,
1488 2356 198 70 Little,
1734 2358 232 68 Brown,
2015 2357 115 55 and
315 2376 1984 129 company,
521 2439 151 50 1928.

420 2516 1053 50 x p., 1 l., 140 p. col. front., illus. 19 ᶜᵐ .
312 2572 1862 52 © Nov. 27, 1928; 2c. and aff. Nov. 30; A 1989 ; Little, Brown, and
379 2587 1929 95 company.
590 2632 282 50 (28-29511)

303 2728 234 63 Munro,
573 2726 279 64 Thomas,
893 2726 171 55 1897-

388 2804 1938 70 Scientific method in aesthetics, by Thomas Munro … New
318 2883 1428 69 York, W. W. Norton & company, inc. [ ᶜ192 8]
387 2964 66 48 xi,
482 2963 174 42 13-101
686 2975 44 37 p.
791 2965 147 39 19½ᶜᵐ.
1002 2964 88 49 [An
1122 2964 187 40 outline
1339 2963 53 41 of
1462 2965 218 47 æsthetics,
1711 2965 74 41 ed.
1816 2965 122 41 with
1967 2965 360 42 introductions

318 3022 61 47 by
405 3022 53 40 P.
484 3021 58 40 N.
567 3021 171 48 Youtz]

391 3076 207 42 “Notes”:
658 3088 30 38 p
729 3076 56 42 99
818 3076 85 41 101

315 3132 2011 52 © Oct. 24, 1928; 2c. and aff. Nov. 14; A 623; W. W. Norton & co., inc.
393 3192 283 49 (28-29346)

313 3273 284 53 National
623 3272 280 54 research
930 3271 244 55 council.
1249 3273 272 53 Division
1547 3273 64 69 of
1639 3273 309 69 chemistry
1976 3275 117 52 and
386 3273 1918 132 chemical
508 3352 356 68 technology.

383 3430 237 52 Annual
648 3447 206 50 survey
880 3429 65 53 of
970 3429 310 52 American
1308 3430 310 68 chemistry.
1698 3450 52 32 v.
1779 3434 48 49 3.
1856 3431 143 68 July
2029 3435 48 64 1,
2108 3429 134 55 1927
2269 3436 59 48 to

314 3508 144 68 July
491 3513 47 63 1,
571 3511 150 50 1928.
789 3508 294 67 Prepared
1113 3508 184 51 under
1327 3508 98 52 the
1455 3508 257 68 auspices
1741 3508 65 53 of
1836 3509 96 52 the
1965 3509 270 52 Division
2265 3508 66 54 of

314 3587 310 67 chemistry
654 3587 114 51 and
798 3586 273 52 chemical
1101 3585 361 69 technology,
1492 3586 277 52 National
1800 3585 260 54 research
2091 3586 239 68 council,

315 3663 1952 69 Frank C. Whitmore, chairman. Ed. by Clarence J. West …
315 3743 141 52 New
500 3742 181 67 York,
723 3741 316 54 Published
1085 3741 94 53 for
1224 3742 276 52 National
1544 3741 259 53 research
1849 3742 221 52 council
2113 3741 77 70 by
2233 3743 97 53 the

317 3820 292 54 Chemical
643 3820 227 69 catalog
902 3838 299 50 company,
1237 3820 127 67 inc.,
1401 3823 150 51 1928.

383 3903 88 40 395
503 3913 45 38 p.
607 3902 182 48 diagrs.
847 3902 149 41 21½ᶜᵐ.

319 3956 52 53 ©
401 3959 105 42 Oct.
534 3958 69 49 20,
635 3959 114 41 1928
767 3969 9 37 ;
807 3959 69 40 2c.
906 3959 95 40 and
1031 3958 83 42 aff.
1146 3959 114 42 Dec.
1289 3959 52 48 4;
1375 3959 41 40 A
1445 3958 113 49 960;
1591 3959 118 41 Natl.
1754 3959 234 49 academy
2018 3958 53 42 of
2101 3958 225 50 sciences,

387 4016 340 49 Washington.
