2542 4417
1147 4110 64 52 13

190 442 2007 70 The Ohio nisi prius reports. New series, v. 26 … Vinton
254 524 66 52 R.
374 522 283 69 Shepard,
707 522 201 53 editor.
996 520 351 69 Cincinnati,
1397 521 125 53 The
1571 520 153 56 Ohio
1775 522 110 51 law
1937 527 259 62 reporter

253 618 298 51 company,
584 599 152 55 1927.

254 696 42 35 v,
326 683 87 40 627
440 693 44 38 p.
546 682 148 42 23½ᶜᵐ.

187 750 51 53 ©
264 755 111 39 Jan.
399 753 71 49 25,
496 753 118 41 1928;
666 753 68 41 2c.
761 753 112 41 Jan.
898 753 81 47 27;
1010 752 83 42 aff.
1121 753 111 41 Jan.
1258 752 84 48 26;
1371 752 43 40 A
1439 751 231 44 1061423;
1702 752 123 42 Ohio
1852 755 97 38 law
1976 755 221 46 reporter

252 821 68 31 co.

184 904 384 66 Oppenheim,
609 905 256 53 Edward
904 903 269 66 Phillips,
1214 906 171 52 1866-

254 984 122 53 The
396 984 152 69 light
567 983 243 70 beyond,
830 983 76 69 by
927 983 67 52 E.
1016 983 256 68 Phillips
1294 982 382 69 Oppenheim.
1747 985 236 66 Boston,
2005 984 118 52 Little
2191 1026 11 12 .

185 1065 229 65 Brown,
446 1063 115 53 and
592 1080 300 52 company,
927 1065 151 51 1928.

252 1146 48 41 vi
321 1157 58 38 p.,
401 1146 25 40 1
470 1177 23 17 l.,
514 1146 85 41 311
621 1157 45 38 p.
726 1145 148 43 19½ᶜᵐ.

185 1214 52 52 ©
265 1218 111 40 Jan.
403 1217 41 48 3,
471 1217 143 48 1928;
642 1217 70 41 2c.
741 1218 96 39 and
866 1216 83 41 aff.
977 1217 111 40 Jan.
1118 1217 53 46 7;
1201 1216 43 40 A
1272 1215 231 48 1018260;
1537 1218 53 39 E.
1620 1217 52 41 P.
1703 1215 314 50 Oppenheim,
250 1217 1930 105 Reepham,
413 1275 222 47 Norfolk,

670 1275 240 47 England.
983 1273 224 49 (28-672)

183 1369 187 63 Paris,
403 1369 257 55 William
693 1368 358 65 Francklyn,
1084 1368 173 55 1871-

252 1448 345 69 Napoleon’s
642 1448 239 70 Legion,
926 1449 34 53 by
1046 1449 89 53 W.
1184 1448 336 68 Francklyn
1567 1448 185 54 Paris.
1847 1448 140 53 New
2034 1447 165 54 York

183 1528 113 53 and
330 1528 261 67 London,
625 1526 174 54 Funk
832 1528 114 52 and
979 1528 303 69 Wagnalls
1318 1545 301 51 company,
1657 1526 154 54 1927.

285 1610 1911 49 x p., 1 l., 13-240 p. col. front., plates (1 col.) ports., coat of arms,
182 1668 215 41 facsims.
425 1667 138 49 (part
585 1667 199 48 double)
814 1667 144 41 form.
1018 1668 118 41 24ᶜᵐ.

253 1739 334 49 Frontispiece
630 1741 96 38 and
767 1740 192 40 colored
1001 1740 134 47 plate
1177 1739 346 48 accompanied
1565 1739 62 48 by
1670 1739 155 48 guard
1869 1739 163 40 sheets
2077 1738 121 41 with

182 1796 292 49 descriptive
497 1798 302 47 letterpress.

183 1851 51 52 ©
262 1855 112 41 Dec.
400 1856 70 46 24,
498 1855 143 47 1927;
668 1855 69 41 2c.
764 1856 97 39 and
889 1854 81 41 aff.
998 1855 111 41 Jan.
1138 1855 39 47 5,
1206 1855 142 47 1928;
1377 1855 42 39 A
1447 1854 231 47 1018177;
1710 1855 143 39 Funk
1881 1858 37 40 &
1944 1855 255 47 Wagnalls

248 1923 67 30 co.
387 1911 223 50 (28-841)

178 2006 247 65 Pascoli,
459 2006 312 64 Giovanni,
805 2010 327 51 1855-1912.

180 2084 1995 133 Poems of Giovanni Pascoli, selected and translated by Arietta M. Abbott …
859 2164 140 53 New
1030 2163 183 69 York,
1243 2164 79 53 H.
1353 2164 198 67 Vinal,
1581 2163 126 69 ltd.,
1738 2164 152 53 1927.

248 2248 97 49 xiv,
372 2248 86 41 108
484 2259 59 37 p.,
571 2249 26 38 1
645 2280 9 9 l.
714 2248 117 41 21ᶜᵐ.

181 2300 51 52 ©
265 2305 112 40 Dec.
408 2304 69 48 30,
509 2304 142 47 1927;
684 2305 68 40 2c.
785 2305 96 39 and
914 2303 81 42 aff.
1029 2305 112 40 Dec.
1174 2304 83 41 31:
1292 2305 42 38 A
1365 2303 231 43 1018067;
1632 2305 191 40 Harold
1856 2305 160 48 Vinal,
2050 2305 88 41 ltd.

260 2361 222 50 (28-943)

178 2454 189 66 Pearl,
396 2456 332 64 Raymond,
759 2455 173 56 1879-

247 2534 123 54 The
405 2539 125 49 rate
563 2534 67 54 of
661 2535 206 69 living,
901 2535 173 69 being
1109 2554 75 34 an
1219 2541 240 47 account
1493 2534 66 55 of
1592 2553 153 36 some
1781 2535 416 69 experimental

177 2612 1958 71 studies on the biology of life duration, by Raymond Pearl …
177 2690 139 55 New
346 2691 181 68 York,
554 2691 74 54 A.
656 2691 72 54 A.
758 2691 227 69 Knopf,
1014 2695 153 50 1928.

246 2775 1251 51 8 p. l., 185, [1] p. illus., plates, diagrs. 21ᶜᵐ.
247 2833 147 41 “This
426 2833 125 41 book
583 2833 91 41 has
707 2836 49 38 to
789 2834 60 40 do
883 2833 187 48 mainly
1100 2833 123 40 with
1256 2832 202 42 various
1491 2836 193 46 aspects
1718 2834 53 41 of
1803 2835 83 40 the
1918 2834 194 50 biology
2143 2835 52 41 of

175 2890 82 40 the
281 2889 129 41 fruit
437 2890 79 48 fly,
542 2888 450 50 Drosophila”.—p.
1020 2888 71 43 19.

247 2947 129 40 “The
410 2947 262 41 substance
707 2947 51 40 of
793 2947 100 41 this
929 2947 124 40 book
1085 2957 103 30 was
1222 2948 260 47 presented
1516 2946 51 41 in
1601 2947 274 41 condensed
1908 2948 131 40 form
2074 2959 56 30 as
2165 2959 25 30 a

175 3003 150 41 series
364 3003 53 41 of
456 3005 139 39 three
631 3005 214 39 lectures
883 3006 54 38 at
976 3002 288 49 University
1302 3005 195 46 college,
1537 3004 215 48 London,
1790 3004 53 40 in
1880 3005 142 48 June,
2063 3005 130 44 1927,

175 3061 152 39 under
358 3061 83 40 the
473 3061 110 40 title
615 3060 383 49 ‘Experimental
1029 3060 125 40 vital
1184 3059 304 42 statistics’.”

243 3117 381 49 Bibliography:
657 3129 44 37 p.
732 3117 220 41 168-180.

178 3168 51 52 ©
255 3174 110 40 Jan.
391 3174 40 48 3,
457 3173 143 48 1927;
627 3173 69 42 2c.
723 3174 112 40 Jan.
862 3172 53 48 6;
944 3172 82 42 aff.
1054 3173 112 41 Jan.
1193 3174 53 46 7;
1276 3173 42 39 A
1344 3173 231 48 1018226;
1604 3174 176 42 Alfred
1807 3174 55 42 A.
1890 3174 182 48 Knopf,
2101 3175 93 42 inc.

253 3230 222 49 (28-834)

173 3322 334 64 Pettersen,
539 3324 276 55 Wilhelm
849 3325 280 63 Mauritz,
1164 3328 174 51 1860-

305 3401 1825 73 … Siegten i Vaagefjorden; en saga fra Norges sørland …
173 3479 404 70 Minneapolis,
615 3481 206 68 Minn.,
860 3480 316 71 Augsburg
1215 3481 339 71 publishing
1590 3482 193 69 house,
1825 3483 153 54 1927.

241 3564 86 41 341
355 3575 45 39 p.
459 3564 119 42 20ᶜᵐ.

242 3622 64 40 At
333 3622 125 40 head
485 3621 53 41 of
566 3621 137 41 title:
734 3622 229 41 Wilhelm
993 3622 272 41 Pettersen.

175 3673 51 52 ©
260 3677 112 41 Dec.
405 3678 69 48 10,
509 3677 142 46 1927;
686 3678 69 41 2c.
789 3679 96 39 and
920 3677 83 42 aff.
1037 3678 112 42 Jan.
1184 3679 40 47 3,
1260 3678 142 48 1928;
1439 3679 42 39 A
1515 3679 232 48 1018133;
1785 3680 261 50 Augsburg
2079 3682 110 48 pub.

239 3733 166 42 house.
478 3735 224 49 (28-944)

171 3825 320 67 Pinckney,
523 3828 342 65 Josephine.

246 3903 415 74 Sea-drinking
700 3908 188 68 cities;
933 3927 210 50 poems,
1183 3908 78 69 by
1301 3909 317 69 Josephine
1656 3909 316 73 Pinckney.
2050 3911 141 54 New

176 3981 163 56 York
365 3986 113 53 and
503 3985 262 69 London,
790 3986 235 69 Harper
1050 3989 47 50 &
1121 3987 282 69 brothers,
1432 3987 152 55 1927.
