2498 4384
1081 4073 138 51 2005

126 410 250 62 Palmer,
417 407 234 53 Arthur
689 406 53 55 J.

203 488 121 52 The
366 485 105 53 life
514 484 64 54 of
621 485 248 51 Thomas
914 483 70 52 A.
1033 481 218 53 Edison
1296 481 61 51 in
1402 479 157 53 word
1606 479 113 52 and
1766 477 240 69 picture,
2049 477 77 69 by

130 565 225 51 Arthur
382 563 57 54 J.
471 563 230 52 Palmer;
760 560 326 54 illustrated
1115 559 76 68 by
1222 557 199 53 Frank
1449 555 475 55 Kuchenmeister;

132 555 1975 154 edited by William H. Meadowcroft … [West Orange, N. J.]
131 720 247 52 Thomas
406 718 72 52 A.
510 717 237 66 Edison,
775 716 127 67 inc.,
953 718 151 50 ᶜ1928.

203 801 84 50 [51]
321 811 43 38 p.
425 800 129 39 illus.
615 799 146 40 25½ᶜᵐ.

205 872 250 47 “Adapted
495 871 128 39 from
664 871 81 39 the
785 869 147 40 serial
971 868 205 41 entitled
1218 868 113 39 ‘The
1372 866 87 41 life
1499 866 53 41 of
1589 867 212 39 Thomas
1841 867 54 39 A.
1937 865 196 41 Edison’

135 928 157 40 which
317 928 244 47 appeared
587 927 48 39 in
663 927 134 46 daily
823 935 310 38 newspapers
1158 924 53 40 of
1239 925 82 39 the
1350 923 179 41 United
1560 922 164 41 States
1752 922 49 40 in
1829 924 83 39 the
1939 924 196 39 months

134 985 51 39 of
209 986 205 46 August,
443 984 292 47 September,
766 983 205 41 October
999 983 95 39 and
1121 981 284 47 November,
1434 979 157 41 1927.”

133 1052 51 53 ©
211 1057 119 40 Nov.
356 1057 70 42 30,
455 1055 140 41 1928:
623 1056 68 39 2c.
718 1056 95 38 and
841 1054 82 40 aff.
951 1054 112 39 Dec.
1091 1054 52 39 6:
1174 1054 40 38 A
1241 1052 141 41 2135:
1413 1052 213 40 Thomas
1652 1052 55 40 A.
1737 1051 195 43 Edison,
1963 1051 92 40 inc.

210 1113 281 49 (28-30682)

127 1222 238 60 Patton,
403 1221 309 54 Cornelius
745 1220 278 64 Howard,
1060 1224 169 50 1860-

203 1299 251 68 Foreign
489 1298 262 53 missions
784 1299 183 52 under
1000 1297 129 66 fire;
1167 1297 252 68 straight
1452 1296 151 53 talks
1637 1295 139 52 with
1814 1295 96 53 the
1946 1294 191 54 critics

134 1372 1979 151 of missions [by] Cornelius Howard Patton … Boston, Chicago,
319 1455 122 52 The
471 1455 249 69 Pilgrim
752 1473 157 50 press
987 1456 151 65 [ᶜ1928]

204 1536 86 41 180
325 1548 43 36 p.
429 1536 145 40 19½ᶜᵐ.

134 1603 53 52 ©
224 1608 111 40 Dec.
370 1609 38 41 8,
445 1608 140 40 1928:
623 1608 66 40 2c.
723 1609 96 38 and
854 1607 83 41 aff.
971 1608 113 40 Dec.
1118 1607 82 41 13:
1239 1608 39 37 A
1312 1607 142 40 3187:
1495 1606 179 48 Sidney
1708 1607 182 40 Adams
1926 1607 213 46 Weston,

203 1664 198 41 Boston.
473 1664 281 48 (28-30692)

131 1773 376 63 Pemberton,
542 1775 100 54 Sir
675 1776 159 62 Max,
872 1779 171 50 1863-

202 1850 1943 71 The mad king dies; the story of the mad king, Ludwig II of
134 1931 249 52 Bavaria:
453 1929 64 53 of
553 1930 89 53 his
679 1930 338 53 association
1057 1930 138 52 with
1236 1930 113 52 and
1389 1928 329 70 friendship
1757 1929 93 54 for
1886 1930 258 54 Richard

131 2008 284 69 Wagner:
453 2009 110 52 and
604 2008 64 53 of
705 2026 151 36 some
894 2007 65 54 of
998 2008 93 53 the
1128 2026 218 35 women
1385 2026 71 34 on
1492 2008 97 53 the
1628 2007 281 70 footsteps
1947 2008 64 53 of
2047 2010 97 52 the

132 2084 2012 69 throne, by Max Pemberton … London [etc.] Cassell and
133 2182 300 52 company,
466 2166 102 51 ltd.
631 2167 152 64 [1928].

203 2248 84 48 xii,
319 2249 176 40 13-318
525 2260 42 37 p.
628 2248 118 41 20ᶜᵐ.

137 2314 2008 53 © 1c. Nov. 30, 1928; A ad int. 11998; pubd. Oct. 4; Sir M. Pemberton,
206 2376 214 41 London.
489 2376 282 49 (28-30711)

133 2472 223 53 Peraza
387 2472 70 53 de
489 2471 137 65 Zell,
659 2472 158 53 Rosa
847 2471 66 56 L.

210 2551 1937 72 El cacique de Mari é n, por Rosa L. Peraza de Zell; pr ó logo
140 2629 67 53 de
241 2629 135 55 José
412 2629 70 53 A.
519 2630 328 69 Rodriguez
884 2629 229 55 Garcia.
1186 2629 269 69 Habana,
1490 2631 301 69 Imprenta
1828 2630 197 57 “Cuba
139 2633 1984 142 intelectual”,
491 2711 149 50 1926.

208 2790 85 41 113
321 2800 57 39 p.,
409 2791 26 39 1
487 2824 9 8 l.
556 2790 147 42 20½ᶜᵐ.

209 2862 58 40 In
295 2871 154 31 verse.

211 2917 265 42 “Sálvense
502 2920 74 39 las
606 2919 266 49 siguientes
903 2920 221 40 erratas”:
1185 2921 24 39 1
1242 2921 102 40 leaf
1372 2921 230 43 inserted.

143 2977 2006 59 © Sept. 1, 1926; 1c. July 23, 1928; 1c. Aug. 13; A—Foreign 39681;
212 3039 128 39 Rosa
369 3040 51 38 L.
448 3041 183 39 Peraza
661 3042 57 38 de
745 3042 99 38 Zell
883 3041 140 49 (Mrs.
1053 3042 44 41 J.
1125 3042 57 42 R.
1211 3043 147 48 Zell),
1389 3044 224 48 Habana,
1645 3044 149 42 Cuba.

221 3095 282 49 (28-30478)

134 3190 229 65 Peters,
398 3191 258 54 William
695 3194 67 53 E.

209 3268 57 52 A
297 3268 216 55 Seattle
544 3271 293 53 merchant
869 3272 253 54 borrows
1153 3274 97 52 the
1283 3276 244 66 expert’s
1559 3276 324 68 yardstick;
1919 3296 32 34 a
1982 3278 171 54 series

141 3345 63 53 of
250 3349 424 52 conversations
723 3351 268 66 reported
1039 3351 76 69 by
1161 3351 263 55 William
1475 3354 66 52 E.
1591 3355 215 53 Peters.
1899 3354 255 70 [Seattle,

140 3424 213 68 Wash.,
383 3425 264 53 Western
680 3428 264 69 printing
977 3448 99 48 co.,
1112 3432 152 66 1928]

210 3507 55 40 35
298 3519 43 37 p.
402 3508 131 41 illus.
594 3509 55 40 21
653 3512 44 21 ᶜᵐ
703 3543 9 8 .

147 3572 51 53 ©
230 3578 113 48 May
372 3579 70 42 28,
474 3580 142 43 1928:
646 3581 68 41 2c.
745 3583 96 39 and
871 3582 83 41 aff.
985 3584 128 40 June
1143 3585 53 46 5;
1230 3585 42 39 A
1301 3585 231 48 1074830;
1567 3587 473 48 Post-intelligencer
2072 3600 82 38 co.,

217 3634 199 42 Seattle.

137 3726 264 67 Piérard,
437 3729 199 67 Louis,
673 3738 172 49 1886-

280 3807 1877 81 … La maison des serpents et autres lieux étranges. Paris,
150 3883 972 75 Les Éditions de France, ᶜ 1928.
219 3965 1789 66 3 p. l., [3]-268 p., 1 1. 19 ᶜᵐ . (Collection “Notre temps” … [15])
