2498 4384
1274 4118 133 49 1606

383 539 711 51 206, [1] p. plates. 19 ½ᶜᵐ .
313 601 2006 53 © Mar. 22, 1928; 1c. June 13; A—Foreign 39144; August Scherl, g. m.
381 663 44 40 b.
453 661 46 41 h.
565 661 281 49 (28-24296)

309 784 155 64 Hay,
495 784 208 63 Henry
730 782 236 65 Hanby.

313 859 1985 150 The great Elizabeth: a play by Henry Hanby Hay … Boston, R. G. Badger [ ᶜ1 928 ]
386 1021 91 40 245
507 1032 45 38 p.
749 1053 10 9 19½ᶜᵐ.

319 1089 51 52 ©
402 1094 129 47 Sept.
559 1092 71 49 26,
658 1093 142 46 1928;
829 1093 69 40 2c.
927 1092 96 39 and
1052 1091 83 41 aff.
1164 1092 104 40 Oct.
1297 1091 83 48 18;
1410 1092 41 38 A
1478 1091 111 47 110;
1622 1090 217 41 Richard
1871 1090 53 41 G.
1953 1091 210 47 Badger.

395 1150 284 49 (28-24288)

315 1258 172 65 Hills,
524 1259 202 63 Elijah
761 1258 299 64 Clarence,
1096 1258 173 55 1867-

452 1335 1877 72 … A Spanish grammar for colleges, by E. C. Hills and J. D.
311 1414 1996 150 M. Ford … Boston, New York [etc.] D. C. Heath and company [ ᶜ1 928]
390 1578 62 47 vi,
483 1577 88 40 330
598 1588 42 37 p.
699 1577 165 46 front.,
895 1587 153 38 maps.
1108 1577 117 40 19ᶜᵐ.
1296 1576 231 49 (Heath’s
1557 1578 202 39 modern
1788 1578 242 46 language
2062 1576 176 48 series)

325 1644 51 52 ©
405 1649 104 40 Oct.
537 1648 38 48 6,
604 1648 141 47 1928;
773 1649 67 39 2c.
869 1648 96 39 and
993 1647 82 42 aff.
1104 1647 103 40 Oct.
1236 1647 81 47 15;
1348 1647 42 39 A
1415 1647 231 48 1053997;
1678 1647 58 41 D.
1766 1647 50 41 C.
1844 1648 167 40 Heath
2039 1647 39 40 &
2103 1658 68 30 co.

400 1705 283 50 (28-24122)

320 1813 292 64 Hocking,
646 1813 241 64 Joseph,
924 1818 171 49 1860-

391 1894 122 52 The
543 1892 216 53 eternal
791 1892 314 69 challenge,
1132 1892 77 68 by
1241 1892 218 68 Joseph
1490 1892 290 68 Hocking.
1862 1892 278 67 [London]
321 1892 1992 132 Hodder

454 1971 114 53 and
602 1970 329 69 Stoughton
962 1970 105 53 ltd.
1106 1973 175 64 [1928]

387 2054 88 41 332
504 2065 43 37 p.
609 2053 145 40 19½ᶜᵐ.

328 2122 2009 52 © 1c. Oct. 11, 1928; A ad int. 11767; pubd. Aug. 16; J. Hocking, Hayle,
397 2183 259 47 Cornwall,
691 2182 239 47 England.
1003 2180 283 50 (28-24572)

323 2288 2019 71 Hutten zum Stolzenberg, Betsey (Riddle) f reif rau von, 1874-
392 2380 174 70 Eddy
598 2380 114 54 and
799 2380 241 70 Édouard,
1068 2380 76 68 by
1175 2380 97 53 the
1305 2380 283 54 Baroness
1619 2399 113 35 von
1760 2378 243 56 Hutten.
2080 2379 259 70 London,

326 2457 370 53 Hutchinson
730 2458 45 50 &
808 2474 79 35 co.
923 2456 104 53 ltd.
1088 2459 153 64 [1928]

397 2539 669 49 3 p. l., 11-287 p. 19½ᶜᵐ.
332 2606 2011 53 © 1c. Aug. 24, 1928; A ad int. 11737; pubd. June 29; Doubleday, Doran
399 2668 37 40 &
464 2678 82 37 co.,
575 2667 105 47 inc.,
713 2666 196 40 Garden
939 2666 124 48 City,
1092 2666 57 41 N.
1179 2666 54 40 Y.
1302 2665 282 50 (28-24067)

329 2776 352 64 Josephson,
722 2775 312 54 Matthew.

402 2857 137 53 Zola
573 2858 113 51 and
719 2855 91 55 his
843 2856 166 67 time;
1047 2856 96 52 the
1176 2854 225 70 history
1435 2854 66 54 of
1534 2855 90 54 his
1658 2855 235 54 martial
1925 2874 191 35 career
2150 2855 62 53 in
331 2857 1992 131 letters:

511 2935 141 53 with
689 2953 74 35 an
798 2942 237 45 account
1068 2933 65 54 of
1165 2934 92 54 his
1291 2933 169 54 circle
1493 2933 64 54 of
1591 2933 241 71 friends,
1865 2934 91 54 his
1989 2933 359 55 remarkable

332 3013 261 69 enemies,
628 3014 308 68 cyclopean
974 3012 207 69 labors,
1220 3012 196 68 public
1453 3011 352 72 campaigns,
1840 3013 184 69 trials,
2063 3013 114 54 and
331 3012 1992 134 ultimate

522 3091 404 70 glorification,
966 3091 74 68 by
1083 3091 282 53 Matthew
1405 3090 340 69 Josephson.
1821 3091 141 54 New
2002 3091 183 72 York,
2226 3092 123 53 The

325 3171 307 69 Macaulay
665 3188 299 51 company,
999 3172 150 51 1928.

407 3253 86 41 558
530 3264 58 37 p.,
626 3253 26 38 1
690 3254 29 39 1.
785 3252 166 48 front.,
990 3252 145 47 illus.,
1175 3253 172 47 plates,
1388 3255 165 46 ports.,
1591 3252 232 49 facsims.,
1864 3253 119 41 fold,
2023 3254 186 47 geneal.
2248 3254 99 42 tab.

334 3311 149 40 24½ᶜᵐ.

409 3380 250 41 “Selected
695 3378 397 49 bibliography”:
1130 3390 45 37 p.
1211 3379 220 42 551-552.

339 3446 52 53 ©
422 3452 103 40 Oct.
552 3451 69 48 15,
649 3450 142 47 1928;
820 3450 68 41 2c.
917 3451 95 39 and
1040 3450 83 41 aff.
1152 3450 103 41 Oct.
1284 3452 82 46 17;
1397 3450 42 39 A
1465 3450 83 48 90;
1580 3452 261 47 Macaulay
1869 3462 69 32 co.

419 3508 282 49 (28-24120)

335 3617 308 63 Kennedy,
676 3616 183 64 Hugh
891 3616 279 53 Anketeil
1202 3616 309 64 Studdert,
1547 3617 172 54 1877-

408 3695 123 52 The
560 3693 343 69 impatience
934 3694 65 53 of
1029 3713 31 34 a
1092 3695 262 68 layman;
1387 3694 172 70 being
1589 3713 152 35 some
1770 3694 278 70 thoughts
2080 3695 272 68 impelled

337 3772 1992 148 by “The impatience of a parson”, by Hugh A. Studdert Kennedy. New York, London, The Century co. C ᶜ1 928]
409 3935 65 47 ix,
505 3934 89 41 200
623 3945 45 38 p.
728 3934 148 42 19½ᶜᵐ.
992 3932 132 50 $2.00

346 4002 51 52 ©
429 4006 128 47 Sept.
582 4005 70 48 28,
679 4006 114 39 1928;
847 4006 68 41 2c.
943 4006 96 39 and
1066 4005 83 40 aff.
1176 4005 103 42 Oct.
1306 4007 53 46 1;
1387 4005 43 40 A
1455 4005 231 48 1054728;
1716 4006 215 49 Century
1959 4017 68 30 co.

423 4062 282 50 (28-24261)
