2498 4384
1034 4098 98 51 829

100 446 227 63 Clarke,
360 447 352 63 Covington.

168 524 117 52 For
314 525 178 66 valor,
524 525 74 67 by
631 524 326 69 Covington
992 523 223 55 Clarke.
1287 524 271 70 Chicago,
1589 526 139 52 New
1763 525 179 67 York,
1976 526 122 52 The

98 602 734 67 Reilly & Lee co. [ ᶜ1 928 ]
169 696 1050 50 4 p. l., 13-264 p. VIII pl. on 4 l. 20 ᶜᵐ .
101 764 52 53 ©
194 769 114 47 May
347 769 39 46 7,
428 768 141 44 1928;
611 768 68 42 2c.
720 769 94 40 and
856 767 82 44 aff.
980 769 113 48 May
1133 768 82 47 31;
1260 769 40 38 A
1341 768 228 41 1074757;
1615 769 159 41 Reillv
1817 772 34 41 &
1893 769 91 40 Lee
2027 780 67 30 co.

177 825 283 49 (28-14007)

95 917 151 64 Cole,
279 919 224 53 Robert
535 918 323 63 Danforth,
895 922 170 50 1889-

166 996 234 54 Private
436 999 309 68 secondary
782 998 301 53 education
1121 998 93 52 for
1249 998 138 68 boys
1423 998 59 52 in
1517 998 95 53 the
1648 999 218 54 United
1907 998 189 55 States

95 1074 1976 148 [by] Robert Danforth Cole … Philadelphia, Westbrook publishing co., 1928.
163 1247 411 48 xiii, 353 p. 23 ᶜᵐ.
165 1318 265 41 Published
459 1319 103 41 also
592 1329 54 30 as
676 1319 153 40 thesis
866 1319 107 48 (PH.
1036 1320 33 46 D.)
1107 1319 285 48 University
1421 1320 53 40 of
1502 1319 375 49 Pennsylvania,
1909 1320 128 42 1927.

164 1374 248 41 “Selected
443 1375 367 49 bibliography”
829 1386 10 29 :
872 1387 43 37 p.
946 1375 219 42 334-342.

96 1441 52 52 ©
175 1446 115 47 May
316 1446 38 47 6,
383 1446 115 41 1928;
553 1447 68 40 2c.
649 1448 115 47 May
788 1448 55 39 23;
901 1446 82 41 aff.
1014 1448 113 47 May
1154 1448 55 38 21;
1267 1448 41 39 A
1336 1447 229 47 1074676;
1597 1449 55 40 R.
1682 1449 56 40 D.
1769 1449 126 47 Cole,
1927 1449 166 40 Grand

165 1502 168 48 Forks,
364 1503 57 41 N.
453 1503 57 40 D.
584 1503 282 49 (28-14106)

90 1596 355 54 Committee
472 1614 72 35 on
571 1597 103 52 the
702 1598 255 64 grading
984 1598 65 52 of
1074 1598 255 64 nursing
1356 1598 249 53 schools.

154 1674 230 67 Nurses,
418 1674 268 68 patients,
719 1676 113 52 and
864 1674 409 69 pocketbooks;
1310 1681 195 63 report
1537 1676 64 53 of
1635 1695 30 33 a
1697 1677 172 68 study
1901 1676 65 53 of
1997 1677 97 52 the

84 1752 310 53 economics
422 1752 64 52 of
510 1752 242 69 nursing
777 1753 313 53 conducted
1115 1753 77 69 by
1216 1754 96 52 the
1340 1753 339 54 Committee
1704 1773 72 33 on
1801 1755 95 52 the
85 1756 1983 142 grading
227 1830 63 51 of

331 1830 1761 70 nursing schools, May Ayres Burgess, director. New
84 1907 163 53 York
274 1908 133 68 city,
441 1911 151 50 1928.

151 2005 642 48 xii, 618 p. diagrs. 20½ ᶜᵐ.
155 2076 128 39 “The
312 2077 165 46 report
505 2086 60 29 on
593 2086 25 28 a
650 2075 316 40 nation-wide
992 2077 148 46 study
1167 2076 51 40 of
1247 2077 174 47 supply
1449 2078 95 38 and
1573 2078 207 39 demand
1808 2077 50 39 in
1887 2079 205 48 nursing

82 2131 227 41 service.”

95 2197 52 52 ©
185 2203 114 46 May
332 2202 70 47 29,
441 2201 114 41 1928;
620 2202 67 41 2c.
724 2203 96 39 and
858 2201 83 42 aff.
979 2203 128 40 June
1142 2202 25 40 5;
1236 2202 42 39 A
1313 2202 204 42 1074828;
1586 2203 286 41 Committee
1911 2216 60 29 on
2009 2206 82 39 the

160 2258 207 49 grading
400 2258 52 41 of
484 2259 206 48 nursing
722 2259 202 48 schools,
960 2260 117 39 New
1112 2260 145 40 York.
1329 2260 281 48 (28-14379)

91 2352 208 63 Crane,
333 2352 219 64 Frank,
587 2355 170 51 1861-

153 2430 309 69 Everyday
504 2431 254 67 wisdom,
799 2450 31 34 a
871 2450 146 50 page
1059 2431 94 53 for
1194 2451 169 50 every
1405 2433 112 69 day
1559 2433 61 53 in
1660 2433 95 53 the
1795 2453 154 50 year,
1991 2438 100 50 365

84 2508 131 52 four
245 2509 218 52 minute
495 2528 187 50 essays
711 2510 113 52 and
855 2513 65 48 52
949 2510 149 52 little
1128 2510 151 53 talks
1309 2530 71 33 on
1409 2511 128 53 how
1564 2518 59 46 to
1653 2511 130 67 live,
1814 2512 153 52 from
1998 2514 94 51 the

83 2586 2010 71 writings of Dr. Frank Crane … New York, W. H. Wise &
83 2683 78 35 co.
197 2666 171 67 [1927]

149 2749 991 49 4 p. l. , 365, [6] p. front. (port.) 27½ ᶜᵐ.
93 2815 52 52 ©
172 2820 118 40 Nov.
316 2820 41 47 4,
385 2819 143 46 1927;
557 2820 68 39 2c.
654 2819 126 41 June
806 2820 55 46 4;
892 2818 82 42 aff.
1004 2820 127 41 June
1157 2820 30 38 2;
1243 2820 42 39 A
1312 2820 229 48 1077558;
1576 2822 166 39 Frank
1772 2821 170 42 Crane.
1973 2824 118 39 New

160 2877 146 39 York.
377 2876 282 48 (28-14157)

85 2969 255 63 Denker,
370 2969 232 63 Alfred,
637 2972 169 50 1863-
951 2971 83 52 ed.

155 3047 329 54 Handbuch
509 3049 100 51 der
632 3048 869 54 hals-nasen-ohren-heilkunde
1525 3049 106 53 mit
1658 3050 311 54 einschluss
1993 3051 101 52 der

81 3125 1941 70 grenzgebiete, bearb. von W. Adrion, W. Albrecht [ u. a.] …
79 3203 1991 147 Hrsg. von A. Denker … und O. Kahler … 3. bd. Die krankheiten der luftwege
648 3282 118 52 und
798 3283 100 52 der
930 3283 368 53 mundhöhle.
1390 3287 45 49 [3.
1471 3291 39 46 t.
1545 3285 193 52 Akute
1772 3287 118 51 und
87 3287 1973 125 chronische
315 3360 441 68 entzündungen
792 3361 99 52 der
924 3361 351 54 mundhöhle
1381 3396 11 32 …]

1468 3362 217 68 Berlin,
1718 3363 57 55 J.
1811 3363 282 70 Springer
112 3443 119 61 [etc.]
269 3441 150 50 1928.

154 3520 1240 51 xii, 1275, [1] p. illus. (part col.) diagrs. 26 ᶜᵐ.
89 3572 1994 57 © Dec. 15, 1927; 1c. Apr. 11, 1928; A— Foreign 38294; Julius Springer.
85 3685 235 63 Dewey,
351 3685 175 64 John,
560 3689 170 50 1859-

153 3765 119 51 The
322 3764 349 69 philosophy
720 3766 63 51 of
831 3767 157 53 John
1037 3768 230 68 Dewey,
1317 3768 239 53 selected
1608 3770 113 52 and
1771 3771 188 52 edited
2012 3771 74 68 by

81 3840 1999 76 Joseph Ratner … New York, H. Holt and company [ ᶜ1 928]
151 3923 385 49 xii, 560 p. 22½ ᶜᵐ.
91 3976 52 53 ©
172 3982 114 47 May
313 3981 69 49 26,
412 3982 113 41 1928;
583 3983 66 41 2c.
680 3983 125 41 June
832 3984 56 48 4;
919 3983 82 43 aff.
1032 3986 127 40 June
1184 3986 57 47 2;
1271 3986 42 40 A
1340 3986 229 49 1077556;
1603 3988 167 47 Henry
1801 3989 121 40 Holt
1950 3989 36 39 &
2015 4000 69 30 co.

168 4038 280 49 (28-14147)
