<alto xmlns="http://www.loc.gov/standards/alto/ns-v3#" xmlns:xlink="http://www.w3.org/1999/xlink" xmlns:xsi="http://www.w3.org/2001/XMLSchema-instance" xsi:schemaLocation="http://www.loc.gov/standards/alto/ns-v3# http://www.loc.gov/alto/v3/alto-3-0.xsd"><Description>
<MeasurementUnit>pixel</MeasurementUnit>
<sourceImageInformation>
<fileName>1928_v25_part001.pdf</fileName>
</sourceImageInformation>
<OCRProcessing ID="IdOcr">
<ocrProcessingStep>
<processingDateTime>2019-04-12</processingDateTime>
<processingSoftware>
<softwareCreator>ABBYY</softwareCreator>
<softwareName>ABBYY Recognition Server</softwareName>
<softwareVersion>4.0</softwareVersion>
</processingSoftware>
</ocrProcessingStep>
</OCRProcessing>
</Description>
<Styles>
<ParagraphStyle ID="StyleId-FFFFFFFF-FFFF-FFFF-FFFF-FFFFFFFFFFFF-" ALIGN="Left" LEFT="0." RIGHT="0." FIRSTLINE="0."/>
<ParagraphStyle ID="StyleId-0ECAC0CE-E1F0-4C69-A1B9-95E16886343B-" ALIGN="Left" LEFT="0." RIGHT="0." FIRSTLINE="0." LINESPACE="8.300000191"/>
<ParagraphStyle ID="StyleId-5C6F7A30-EC6F-4250-A8D3-0AE106DCDB5D-" ALIGN="Left" LEFT="0." RIGHT="0." FIRSTLINE="-13." LINESPACE="11.22999954"/>
<ParagraphStyle ID="StyleId-B258737E-7AF8-4B71-A0BF-0A1420B951F9-" ALIGN="Left" LEFT="0." RIGHT="0." FIRSTLINE="-13." LINESPACE="8.210000038"/>
<ParagraphStyle ID="StyleId-35C0EFA5-E89E-4731-B16E-5D3895F12270-" ALIGN="Block" LEFT="0." RIGHT="0." FIRSTLINE="-12." LINESPACE="11.22999954"/>
<ParagraphStyle ID="StyleId-7BD1F9B4-14BB-4AAF-864B-FED8FEA7DC43-" ALIGN="Left" LEFT="0." RIGHT="0." FIRSTLINE="0."/>
<ParagraphStyle ID="StyleId-CD2DA0E5-536D-42AE-AE16-8D9F5C008D5A-" ALIGN="Block" LEFT="0." RIGHT="0." FIRSTLINE="-12." LINESPACE="10."/>
<ParagraphStyle ID="StyleId-AF408F88-EED5-4CE2-A229-3F852C18D9BD-" ALIGN="Block" LEFT="0." RIGHT="0." FIRSTLINE="-14." LINESPACE="10."/>
<ParagraphStyle ID="StyleId-829CD741-943D-4B7B-9638-57AB73DE2567-" ALIGN="Center" LEFT="0." RIGHT="0." FIRSTLINE="0." LINESPACE="9.399999619"/>
<ParagraphStyle ID="StyleId-B271BDFA-6037-4875-BA99-885A067668E9-" ALIGN="Left" LEFT="0." RIGHT="0." FIRSTLINE="-14." LINESPACE="11.21000004"/>
<ParagraphStyle ID="StyleId-64F9C1D8-EA12-4F65-AD18-B72A4C6B556F-" ALIGN="Center" LEFT="0." RIGHT="0." FIRSTLINE="0." LINESPACE="11.60000038"/>
<ParagraphStyle ID="StyleId-44DA2756-E57B-4EF3-9BA4-FC1C14776DE3-" ALIGN="Left" LEFT="0." RIGHT="0." FIRSTLINE="-12." LINESPACE="12.19999981"/>
<ParagraphStyle ID="StyleId-D1D9AF19-8CA6-4F74-9AEC-1B4545205AD7-" ALIGN="Center" LEFT="0." RIGHT="0." FIRSTLINE="0." LINESPACE="11.60000038"/>
<ParagraphStyle ID="StyleId-3ADA1556-6D19-417D-8046-68449BF368BA-" ALIGN="Left" LEFT="0." RIGHT="0." FIRSTLINE="-13." LINESPACE="12.19999981"/>
<ParagraphStyle ID="StyleId-7443A930-B325-44B5-9AB8-B42B4EC78C89-" ALIGN="Block" LEFT="0." RIGHT="0." FIRSTLINE="13." LINESPACE="8.619999886"/>
<ParagraphStyle ID="StyleId-C9A9E480-E448-4934-9AF8-3D252792E396-" ALIGN="Left" LEFT="0." RIGHT="0." FIRSTLINE="-12." LINESPACE="11.38000011"/>
<ParagraphStyle ID="StyleId-73039842-464C-49B9-9440-4C0D0E749DFE-" ALIGN="Center" LEFT="0." RIGHT="0." FIRSTLINE="0." LINESPACE="11.10000038"/>
<ParagraphStyle ID="StyleId-C51F6AC2-80DA-4C65-849C-6E2D5F548EA4-" ALIGN="Left" LEFT="0." RIGHT="0." FIRSTLINE="0." LINESPACE="7.699999809"/>
<ParagraphStyle ID="StyleId-494190D9-BDDC-4834-A745-6AF520F91CD0-" ALIGN="Block" LEFT="0." RIGHT="0." FIRSTLINE="-12." LINESPACE="11.22999954"/>
<ParagraphStyle ID="StyleId-68D39D31-3386-4B28-8C90-DA9420961D78-" ALIGN="Left" LEFT="0." RIGHT="0." FIRSTLINE="0." LINESPACE="11.60000038"/>
<ParagraphStyle ID="StyleId-DF0CE7C7-E73E-44FE-8867-C904BD7F3F42-" ALIGN="Block" LEFT="0." RIGHT="0." FIRSTLINE="0." LINESPACE="12.19999981"/>
</Styles>
<Layout>
<Page ID="Page828" PHYSICAL_IMG_NR="828" HEIGHT="4384" WIDTH="2498">
<TopMargin HEIGHT="440" WIDTH="2498" VPOS="0" HPOS="0">
</TopMargin>
<LeftMargin HEIGHT="3648" WIDTH="364" VPOS="440" HPOS="0">
</LeftMargin>
<RightMargin HEIGHT="3648" WIDTH="92" VPOS="440" HPOS="2406">
</RightMargin>
<BottomMargin HEIGHT="296" WIDTH="2498" VPOS="4088" HPOS="0">
<TextBlock ID="Page828_Block1" HEIGHT="73" WIDTH="202" VPOS="4102" HPOS="1326" LANG="en-US" STYLEREFS="StyleId-78844DD1-20AA-4750-A92F-145049D5D9A1-">
<TextLine HEIGHT="45" WIDTH="99" VPOS="4102" HPOS="1345">
<String CONTENT="828" HEIGHT="45" WIDTH="99" VPOS="4102" HPOS="1345"/>
</TextLine>
</TextBlock>
</BottomMargin>
<PrintSpace HEIGHT="3648" WIDTH="2042" VPOS="440" HPOS="364">
<TextBlock ID="Page828_Block2" HEIGHT="3648" WIDTH="2042" VPOS="440" HPOS="364" LANG="en-US" CS="1" STYLEREFS="StyleId-A3B86354-4DAD-4677-A0F5-E8AA8BE218C5-">
<TextLine HEIGHT="64" WIDTH="726" VPOS="450" HPOS="379" STYLEREFS="StyleId-A3CA6207-05FC-4523-8B0E-B6C11335105B-">
<String CONTENT="Campion," HEIGHT="64" WIDTH="303" VPOS="450" HPOS="379"/>
<SP HEIGHT="62" WIDTH="28" VPOS="451" HPOS="683"/>
<String CONTENT="Raymond" HEIGHT="63" WIDTH="311" VPOS="451" HPOS="712"/>
<SP HEIGHT="54" WIDTH="26" VPOS="450" HPOS="1024"/>
<String CONTENT="J." HEIGHT="54" WIDTH="54" VPOS="450" HPOS="1051"/>
</TextLine>
<TextLine HEIGHT="150" WIDTH="2004" VPOS="541" HPOS="374" CS="1">
<String CONTENT="Religion," HEIGHT="70" WIDTH="284" VPOS="541" HPOS="446"/>
<SP HEIGHT="48" WIDTH="35" VPOS="561" HPOS="731"/>
<String CONTENT="a" HEIGHT="33" WIDTH="30" VPOS="561" HPOS="767"/>
<SP HEIGHT="34" WIDTH="34" VPOS="561" HPOS="798"/>
<String CONTENT="secondary" HEIGHT="68" WIDTH="310" VPOS="543" HPOS="833"/>
<SP HEIGHT="49" WIDTH="35" VPOS="562" HPOS="1144"/>
<String CONTENT="school" HEIGHT="52" WIDTH="191" VPOS="544" HPOS="1180"/>
<SP HEIGHT="51" WIDTH="32" VPOS="544" HPOS="1372"/>
<String CONTENT="course," HEIGHT="35" WIDTH="209" VPOS="561" HPOS="1405"/>
<SP HEIGHT="51" WIDTH="66" VPOS="544" HPOS="1615"/>
<String LANG="de" CONTENT="bk." HEIGHT="51" WIDTH="91" VPOS="544" HPOS="1682"/>
<SP HEIGHT="48" WIDTH="38" VPOS="547" HPOS="1774"/>
<String CONTENT="1." HEIGHT="49" WIDTH="44" VPOS="547" HPOS="1813"/>
<SP HEIGHT="50" WIDTH="68" VPOS="546" HPOS="1858"/>
<String CONTENT="By" HEIGHT="66" WIDTH="92" VPOS="546" HPOS="1927"/>
<SP HEIGHT="67" WIDTH="33" VPOS="545" HPOS="2020"/>
<String CONTENT="Rev." HEIGHT="51" WIDTH="138" VPOS="545" HPOS="2054"/>
<SP HEIGHT="51" WIDTH="32" VPOS="545" HPOS="2193"/>
<String CONTENT="Raymond" HEIGHT="128" WIDTH="1981" VPOS="545" HPOS="374"/>
<SP HEIGHT="54" WIDTH="40" VPOS="620" HPOS="549"/>
<String CONTENT="J." HEIGHT="54" WIDTH="55" VPOS="620" HPOS="590"/>
<SP HEIGHT="54" WIDTH="43" VPOS="620" HPOS="646"/>
<String CONTENT="Campion" HEIGHT="68" WIDTH="282" VPOS="620" HPOS="690"/>
<SP HEIGHT="32" WIDTH="45" VPOS="640" HPOS="973"/>
<String CS="1" CONTENT="&#8230;"/>
<SP HEIGHT="51" WIDTH="46" VPOS="621" HPOS="1075"/>
<String CONTENT="foreword" HEIGHT="53" WIDTH="287" VPOS="621" HPOS="1122"/>
<SP HEIGHT="52" WIDTH="37" VPOS="622" HPOS="1410"/>
<String CONTENT="by" HEIGHT="69" WIDTH="75" VPOS="622" HPOS="1448"/>
<SP HEIGHT="68" WIDTH="38" VPOS="623" HPOS="1524"/>
<String CONTENT="Very" HEIGHT="67" WIDTH="158" VPOS="623" HPOS="1563"/>
<SP HEIGHT="67" WIDTH="37" VPOS="623" HPOS="1722"/>
<String CONTENT="Rev." HEIGHT="51" WIDTH="137" VPOS="623" HPOS="1760"/>
<SP HEIGHT="51" WIDTH="40" VPOS="623" HPOS="1898"/>
<String CONTENT="Msgr." HEIGHT="67" WIDTH="181" VPOS="623" HPOS="1939"/>
<SP HEIGHT="53" WIDTH="40" VPOS="623" HPOS="2121"/>
<String CONTENT="Joseph" HEIGHT="67" WIDTH="216" VPOS="623" HPOS="2162"/>
</TextLine>
<TextLine HEIGHT="69" WIDTH="1706" VPOS="698" HPOS="377" CS="1">
<String CONTENT="V." HEIGHT="53" WIDTH="70" VPOS="700" HPOS="377"/>
<SP HEIGHT="55" WIDTH="31" VPOS="698" HPOS="448"/>
<String CONTENT="S." HEIGHT="55" WIDTH="55" VPOS="698" HPOS="480"/>
<SP HEIGHT="52" WIDTH="23" VPOS="699" HPOS="536"/>
<String CONTENT="McClancy" HEIGHT="69" WIDTH="317" VPOS="698" HPOS="560"/>
<SP HEIGHT="50" WIDTH="32" VPOS="717" HPOS="878"/>
<String CS="1" CONTENT="&#8230;"/>
<SP HEIGHT="51" WIDTH="68" VPOS="699" HPOS="966"/>
<String CONTENT="New" HEIGHT="51" WIDTH="139" VPOS="699" HPOS="1035"/>
<SP HEIGHT="51" WIDTH="24" VPOS="699" HPOS="1175"/>
<String CONTENT="York," HEIGHT="67" WIDTH="181" VPOS="699" HPOS="1200"/>
<SP HEIGHT="66" WIDTH="23" VPOS="700" HPOS="1382"/>
<String CONTENT="AY." HEIGHT="53" WIDTH="90" VPOS="700" HPOS="1406"/>
<SP HEIGHT="53" WIDTH="25" VPOS="699" HPOS="1497"/>
<String CONTENT="H." HEIGHT="52" WIDTH="75" VPOS="699" HPOS="1523"/>
<SP HEIGHT="54" WIDTH="30" VPOS="700" HPOS="1599"/>
<String CONTENT="Sadlier" HEIGHT="54" WIDTH="225" VPOS="700" HPOS="1630"/>
<SP HEIGHT="60" WIDTH="34" VPOS="707" HPOS="1856"/>
<String CS="1" CONTENT="[&#7580;1928]" HEIGHT="63" WIDTH="152" VPOS="704" HPOS="1931"/>
</TextLine>
<TextLine HEIGHT="50" WIDTH="586" VPOS="795" HPOS="452" CS="1">
<String CONTENT="xii," HEIGHT="49" WIDTH="84" VPOS="796" HPOS="452"/>
<SP HEIGHT="49" WIDTH="32" VPOS="796" HPOS="537"/>
<String CONTENT="321" HEIGHT="41" WIDTH="86" VPOS="796" HPOS="570"/>
<SP HEIGHT="48" WIDTH="31" VPOS="796" HPOS="657"/>
<String CONTENT="p." HEIGHT="37" WIDTH="44" VPOS="807" HPOS="689"/>
<SP HEIGHT="42" WIDTH="57" VPOS="795" HPOS="734"/>
<String CONTENT="illus." HEIGHT="42" WIDTH="130" VPOS="795" HPOS="792"/>
<SP HEIGHT="41" WIDTH="58" VPOS="796" HPOS="923"/>
<String CONTENT="21" HEIGHT="39" WIDTH="56" VPOS="796" HPOS="982"/>
<String STYLE="superscript" CS="1" CONTENT="&#7580;&#7504;."/>
</TextLine>
<TextLine HEIGHT="51" WIDTH="1248" VPOS="865" HPOS="448" STYLEREFS="StyleId-6FBE35CA-987F-4819-A89C-B01C85189CA4-">
<String CONTENT="&#8220;Suggested" HEIGHT="47" WIDTH="295" VPOS="868" HPOS="448"/>
<SP HEIGHT="38" WIDTH="26" VPOS="868" HPOS="744"/>
<String CONTENT="readings&#8221;" HEIGHT="49" WIDTH="256" VPOS="865" HPOS="771"/>
<SP HEIGHT="41" WIDTH="27" VPOS="865" HPOS="1028"/>
<String CONTENT="at" HEIGHT="38" WIDTH="52" VPOS="869" HPOS="1056"/>
<SP HEIGHT="38" WIDTH="24" VPOS="869" HPOS="1109"/>
<String CONTENT="end" HEIGHT="38" WIDTH="92" VPOS="869" HPOS="1134"/>
<SP HEIGHT="38" WIDTH="27" VPOS="869" HPOS="1227"/>
<String CONTENT="of" HEIGHT="40" WIDTH="51" VPOS="867" HPOS="1255"/>
<SP HEIGHT="41" WIDTH="26" VPOS="867" HPOS="1307"/>
<String CONTENT="each" HEIGHT="40" WIDTH="119" VPOS="868" HPOS="1334"/>
<SP HEIGHT="40" WIDTH="26" VPOS="868" HPOS="1454"/>
<String CONTENT="chapter." HEIGHT="48" WIDTH="215" VPOS="868" HPOS="1481"/>
</TextLine>
<TextLine HEIGHT="52" WIDTH="1996" VPOS="935" HPOS="384" STYLEREFS="StyleId-6FBE35CA-987F-4819-A89C-B01C85189CA4-" CS="1">
<String CONTENT="&#169;" HEIGHT="52" WIDTH="53" VPOS="935" HPOS="384"/>
<SP HEIGHT="52" WIDTH="31" VPOS="935" HPOS="438"/>
<String CONTENT="May" HEIGHT="46" WIDTH="115" VPOS="941" HPOS="470"/>
<SP HEIGHT="47" WIDTH="30" VPOS="940" HPOS="586"/>
<String CONTENT="5," HEIGHT="46" WIDTH="39" VPOS="940" HPOS="617"/>
<SP HEIGHT="46" WIDTH="33" VPOS="940" HPOS="657"/>
<String CS="1" CONTENT="1928;" HEIGHT="40" WIDTH="114" VPOS="938" HPOS="691"/>
<SP HEIGHT="45" WIDTH="33" VPOS="940" HPOS="833"/>
<String CONTENT="2c." HEIGHT="39" WIDTH="67" VPOS="940" HPOS="867"/>
<SP HEIGHT="29" WIDTH="33" VPOS="949" HPOS="935"/>
<String CONTENT="and" HEIGHT="39" WIDTH="99" VPOS="940" HPOS="969"/>
<SP HEIGHT="39" WIDTH="29" VPOS="940" HPOS="1069"/>
<String CONTENT="aff." HEIGHT="43" WIDTH="81" VPOS="938" HPOS="1099"/>
<SP HEIGHT="41" WIDTH="34" VPOS="940" HPOS="1181"/>
<String CONTENT="May" HEIGHT="47" WIDTH="116" VPOS="940" HPOS="1216"/>
<SP HEIGHT="47" WIDTH="29" VPOS="940" HPOS="1333"/>
<String CS="1" CONTENT="31;" HEIGHT="39" WIDTH="56" VPOS="940" HPOS="1363"/>
<SP HEIGHT="48" WIDTH="34" VPOS="939" HPOS="1447"/>
<!-- cceid 2132530A-6CB2-1014-A20E-B9D6251C946A --><String CONTENT="A" HEIGHT="39" WIDTH="43" VPOS="939" HPOS="1482"/>
<SP HEIGHT="40" WIDTH="30" VPOS="939" HPOS="1526"/>
<String CS="1" CONTENT="1074782;" HEIGHT="41" WIDTH="206" VPOS="939" HPOS="1557"/>
<SP HEIGHT="46" WIDTH="35" VPOS="941" HPOS="1787"/>
<String CONTENT="William" HEIGHT="40" WIDTH="219" VPOS="940" HPOS="1823"/>
<SP HEIGHT="39" WIDTH="32" VPOS="941" HPOS="2043"/>
<String CONTENT="H." HEIGHT="40" WIDTH="60" VPOS="941" HPOS="2076"/>
<SP HEIGHT="40" WIDTH="37" VPOS="941" HPOS="2137"/>
<String CONTENT="Sadlier." HEIGHT="41" WIDTH="205" VPOS="940" HPOS="2175"/>
</TextLine>
<TextLine HEIGHT="50" WIDTH="282" VPOS="995" HPOS="434" STYLEREFS="StyleId-6FBE35CA-987F-4819-A89C-B01C85189CA4-">
<String CONTENT="(28-14149)" HEIGHT="50" WIDTH="282" VPOS="995" HPOS="434"/>
</TextLine>
<TextLine HEIGHT="63" WIDTH="1149" VPOS="1091" HPOS="378" STYLEREFS="StyleId-A3CA6207-05FC-4523-8B0E-B6C11335105B-">
<String CONTENT="Catalina" HEIGHT="54" WIDTH="270" VPOS="1091" HPOS="378"/>
<SP HEIGHT="53" WIDTH="30" VPOS="1091" HPOS="649"/>
<String CONTENT="Sepulveda" HEIGHT="63" WIDTH="326" VPOS="1091" HPOS="680"/>
<SP HEIGHT="52" WIDTH="29" VPOS="1091" HPOS="1007"/>
<String LANG="fr" CONTENT="de" HEIGHT="52" WIDTH="69" VPOS="1091" HPOS="1037"/>
<SP HEIGHT="53" WIDTH="32" VPOS="1091" HPOS="1107"/>
<String CONTENT="Gonzales," HEIGHT="62" WIDTH="303" VPOS="1091" HPOS="1140"/>
<SP HEIGHT="62" WIDTH="29" VPOS="1091" HPOS="1444"/>
<String CONTENT="J." HEIGHT="53" WIDTH="53" VPOS="1091" HPOS="1474"/>
</TextLine>
<TextLine HEIGHT="71" WIDTH="1932" VPOS="1182" HPOS="452">
<String CONTENT="Corazones" HEIGHT="54" WIDTH="318" VPOS="1184" HPOS="452"/>
<SP HEIGHT="52" WIDTH="31" VPOS="1184" HPOS="771"/>
<String LANG="la" CONTENT="de" HEIGHT="52" WIDTH="68" VPOS="1184" HPOS="803"/>
<SP HEIGHT="33" WIDTH="29" VPOS="1202" HPOS="872"/>
<String LANG="la" CONTENT="oro" HEIGHT="33" WIDTH="99" VPOS="1202" HPOS="902"/>
<SP HEIGHT="69" WIDTH="40" VPOS="1182" HPOS="1002"/>
<String CONTENT="(Hearts" HEIGHT="69" WIDTH="242" VPOS="1182" HPOS="1043"/>
<SP HEIGHT="34" WIDTH="30" VPOS="1202" HPOS="1286"/>
<String CONTENT="of" HEIGHT="52" WIDTH="64" VPOS="1183" HPOS="1317"/>
<SP HEIGHT="69" WIDTH="28" VPOS="1183" HPOS="1382"/>
<String CONTENT="gold)" HEIGHT="70" WIDTH="163" VPOS="1182" HPOS="1411"/>
<SP HEIGHT="68" WIDTH="39" VPOS="1182" HPOS="1575"/>
<String CONTENT="Novela" HEIGHT="52" WIDTH="218" VPOS="1183" HPOS="1615"/>
<SP HEIGHT="69" WIDTH="42" VPOS="1184" HPOS="1834"/>
<String CONTENT="(A" HEIGHT="69" WIDTH="84" VPOS="1184" HPOS="1877"/>
<SP HEIGHT="53" WIDTH="24" VPOS="1184" HPOS="1962"/>
<String CONTENT="novel)" HEIGHT="68" WIDTH="195" VPOS="1184" HPOS="1987"/>
<SP HEIGHT="68" WIDTH="38" VPOS="1184" HPOS="2183"/>
<String CONTENT="by" HEIGHT="68" WIDTH="77" VPOS="1185" HPOS="2222"/>
<SP HEIGHT="68" WIDTH="27" VPOS="1185" HPOS="2300"/>
<String CONTENT="J." HEIGHT="53" WIDTH="56" VPOS="1185" HPOS="2328"/>
</TextLine>
<TextLine HEIGHT="69" WIDTH="1546" VPOS="1260" HPOS="380" CS="1">
<String CONTENT="Catalina" HEIGHT="54" WIDTH="268" VPOS="1262" HPOS="380"/>
<SP HEIGHT="55" WIDTH="38" VPOS="1261" HPOS="649"/>
<String CONTENT="Sepulveda." HEIGHT="68" WIDTH="339" VPOS="1261" HPOS="688"/>
<SP HEIGHT="32" WIDTH="81" VPOS="1296" HPOS="1028"/>
<String CONTENT="[San" HEIGHT="68" WIDTH="138" VPOS="1260" HPOS="1110"/>
<SP HEIGHT="51" WIDTH="31" VPOS="1262" HPOS="1249"/>
<String CONTENT="Pedro," HEIGHT="65" WIDTH="206" VPOS="1262" HPOS="1281"/>
<SP HEIGHT="66" WIDTH="35" VPOS="1261" HPOS="1488"/>
<String CONTENT="Calif.," HEIGHT="67" WIDTH="194" VPOS="1261" HPOS="1524"/>
<SP HEIGHT="59" WIDTH="33" VPOS="1269" HPOS="1719"/>
<String STYLE="superscript" CS="1" CONTENT="&#7580;1"/>
<String CONTENT="928]" HEIGHT="63" WIDTH="117" VPOS="1266" HPOS="1809"/>
</TextLine>
<TextLine HEIGHT="49" WIDTH="805" VPOS="1358" HPOS="451" STYLEREFS="StyleId-6FBE35CA-987F-4819-A89C-B01C85189CA4-" CS="1">
<String CONTENT="1" HEIGHT="38" WIDTH="25" VPOS="1360" HPOS="451"/>
<SP HEIGHT="47" WIDTH="28" VPOS="1360" HPOS="477"/>
<String LANG="la" CS="1" CONTENT="p."/>
<SP/>
<String LANG="la" CS="1" CONTENT="l."/>
<String CONTENT="," HEIGHT="16" WIDTH="8" VPOS="1390" HPOS="614"/>
<SP HEIGHT="47" WIDTH="29" VPOS="1359" HPOS="623"/>
<String CONTENT="325" HEIGHT="40" WIDTH="86" VPOS="1359" HPOS="653"/>
<SP HEIGHT="39" WIDTH="27" VPOS="1359" HPOS="740"/>
<String CONTENT="numb," HEIGHT="40" WIDTH="161" VPOS="1359" HPOS="768"/>
<SP HEIGHT="39" WIDTH="28" VPOS="1360" HPOS="930"/>
<String CONTENT="leaves." HEIGHT="39" WIDTH="177" VPOS="1360" HPOS="959"/>
<SP HEIGHT="41" WIDTH="61" VPOS="1358" HPOS="1137"/>
<String CONTENT="28" HEIGHT="41" WIDTH="57" VPOS="1358" HPOS="1199"/>
<String STYLE="superscript" CS="1" CONTENT="&#7580;&#7504;."/>
</TextLine>
<TextLine HEIGHT="108" WIDTH="1981" VPOS="1426" HPOS="386" STYLEREFS="StyleId-C37FA3D2-D645-4970-87E7-0F2DE95FB085-" CS="1">
<String CONTENT="&#169;" HEIGHT="52" WIDTH="52" VPOS="1426" HPOS="386"/>
<SP HEIGHT="52" WIDTH="28" VPOS="1426" HPOS="439"/>
<String CONTENT="May" HEIGHT="47" WIDTH="115" VPOS="1431" HPOS="468"/>
<SP HEIGHT="47" WIDTH="25" VPOS="1431" HPOS="584"/>
<String CONTENT="4," HEIGHT="47" WIDTH="40" VPOS="1431" HPOS="610"/>
<SP HEIGHT="48" WIDTH="28" VPOS="1430" HPOS="651"/>
<String CONTENT="1928;" HEIGHT="47" WIDTH="141" VPOS="1429" HPOS="680"/>
<SP HEIGHT="46" WIDTH="27" VPOS="1430" HPOS="822"/>
<String CONTENT="2c." HEIGHT="41" WIDTH="69" VPOS="1430" HPOS="850"/>
<SP HEIGHT="40" WIDTH="28" VPOS="1431" HPOS="920"/>
<String CONTENT="May" HEIGHT="46" WIDTH="115" VPOS="1431" HPOS="949"/>
<SP HEIGHT="47" WIDTH="26" VPOS="1430" HPOS="1065"/>
<String CONTENT="10;" HEIGHT="48" WIDTH="83" VPOS="1429" HPOS="1092"/>
<SP HEIGHT="37" WIDTH="30" VPOS="1440" HPOS="1176"/>
<String CONTENT="aff." HEIGHT="41" WIDTH="83" VPOS="1429" HPOS="1207"/>
<SP HEIGHT="39" WIDTH="29" VPOS="1431" HPOS="1291"/>
<String CONTENT="May" HEIGHT="46" WIDTH="114" VPOS="1431" HPOS="1321"/>
<SP HEIGHT="48" WIDTH="27" VPOS="1429" HPOS="1436"/>
<String CONTENT="9;" HEIGHT="48" WIDTH="52" VPOS="1429" HPOS="1464"/>
<SP HEIGHT="47" WIDTH="30" VPOS="1430" HPOS="1517"/>
<!-- cceid 2132D651-6CB2-1014-A20E-B9D6251C946A --><String CONTENT="A" HEIGHT="40" WIDTH="43" VPOS="1430" HPOS="1548"/>
<SP HEIGHT="40" WIDTH="26" VPOS="1430" HPOS="1592"/>
<String CONTENT="1077202;" HEIGHT="47" WIDTH="230" VPOS="1430" HPOS="1619"/>
<SP HEIGHT="45" WIDTH="33" VPOS="1432" HPOS="1850"/>
<String CONTENT="J." HEIGHT="39" WIDTH="43" VPOS="1432" HPOS="1884"/>
<SP HEIGHT="40" WIDTH="29" VPOS="1431" HPOS="1928"/>
<String CONTENT="Catalina" HEIGHT="40" WIDTH="231" VPOS="1431" HPOS="1958"/>
<SP HEIGHT="40" WIDTH="31" VPOS="1431" HPOS="2190"/>
<String CONTENT="Sepulveda" HEIGHT="96" WIDTH="1913" VPOS="1431" HPOS="454"/>
<SP HEIGHT="39" WIDTH="29" VPOS="1488" HPOS="578"/>
<String LANG="fr" CONTENT="de" HEIGHT="39" WIDTH="59" VPOS="1488" HPOS="608"/>
<SP HEIGHT="41" WIDTH="29" VPOS="1486" HPOS="668"/>
<String CONTENT="Gonzales," HEIGHT="48" WIDTH="251" VPOS="1486" HPOS="698"/>
<SP HEIGHT="47" WIDTH="33" VPOS="1487" HPOS="950"/>
<String CONTENT="San" HEIGHT="40" WIDTH="99" VPOS="1487" HPOS="984"/>
<SP/>
<String CONTENT="Pedro," HEIGHT="47" WIDTH="171" VPOS="1487" HPOS="1113"/>
<SP HEIGHT="47" WIDTH="32" VPOS="1487" HPOS="1285"/>
<String CONTENT="Calif." HEIGHT="41" WIDTH="145" VPOS="1487" HPOS="1318"/>
</TextLine>
<TextLine HEIGHT="69" WIDTH="1663" VPOS="1580" HPOS="441" STYLEREFS="StyleId-53DAF30D-3676-4404-8C6D-43AE40A38B10-" CS="1">
<String LANG="en-US" CS="1" CONTENT="&#8230;"/>
<SP HEIGHT="51" WIDTH="37" VPOS="1583" HPOS="441"/>
<String LANG="fr" CONTENT="Les" HEIGHT="52" WIDTH="107" VPOS="1583" HPOS="479"/>
<SP HEIGHT="36" WIDTH="31" VPOS="1599" HPOS="587"/>
<String LANG="fr" CONTENT="ch&#226;teaux" HEIGHT="54" WIDTH="296" VPOS="1581" HPOS="619"/>
<SP HEIGHT="52" WIDTH="32" VPOS="1582" HPOS="916"/>
<String LANG="fr" CONTENT="de" HEIGHT="52" WIDTH="68" VPOS="1582" HPOS="949"/>
<SP HEIGHT="51" WIDTH="29" VPOS="1582" HPOS="1018"/>
<String LANG="en-US" CONTENT="France." HEIGHT="51" WIDTH="236" VPOS="1582" HPOS="1048"/>
<SP HEIGHT="32" WIDTH="82" VPOS="1615" HPOS="1285"/>
<String LANG="en-US" CONTENT="[Paris]" HEIGHT="67" WIDTH="202" VPOS="1580" HPOS="1368"/>
<SP HEIGHT="65" WIDTH="35" VPOS="1582" HPOS="1571"/>
<String LANG="fr" CONTENT="Hachette" HEIGHT="52" WIDTH="285" VPOS="1582" HPOS="1607"/>
<SP HEIGHT="47" WIDTH="38" VPOS="1601" HPOS="1893"/>
<String STYLE="subscript" LANG="en-US" CS="1" CONTENT="&#7580;1"/>
<String LANG="en-US" CONTENT="927]" HEIGHT="68" WIDTH="119" VPOS="1581" HPOS="1985"/>
</TextLine>
<TextLine HEIGHT="50" WIDTH="1613" VPOS="1678" HPOS="456" STYLEREFS="StyleId-C37FA3D2-D645-4970-87E7-0F2DE95FB085-" CS="1">
<String LANG="en-US" CONTENT="64" HEIGHT="39" WIDTH="56" VPOS="1680" HPOS="456"/>
<SP HEIGHT="48" WIDTH="25" VPOS="1680" HPOS="513"/>
<String LANG="en-US" CONTENT="p." HEIGHT="38" WIDTH="43" VPOS="1690" HPOS="539"/>
<SP HEIGHT="41" WIDTH="28" VPOS="1679" HPOS="583"/>
<String LANG="en-US" CONTENT="incl." HEIGHT="40" WIDTH="110" VPOS="1679" HPOS="612"/>
<SP HEIGHT="40" WIDTH="27" VPOS="1679" HPOS="723"/>
<String LANG="en-US" CONTENT="front.," HEIGHT="47" WIDTH="164" VPOS="1679" HPOS="751"/>
<SP HEIGHT="48" WIDTH="30" VPOS="1678" HPOS="916"/>
<String LANG="en-US" CONTENT="illus." HEIGHT="41" WIDTH="129" VPOS="1678" HPOS="947"/>
<SP HEIGHT="40" WIDTH="58" VPOS="1679" HPOS="1077"/>
<String LANG="en-US" CONTENT="24" HEIGHT="38" WIDTH="57" VPOS="1679" HPOS="1136"/>
<String STYLE="superscript" LANG="en-US" CS="1" CONTENT="&#7580;&#7504;."/>
<SP HEIGHT="49" WIDTH="69" VPOS="1678" HPOS="1255"/>
<String LANG="fr" CONTENT="(Encyclop&#233;die" HEIGHT="49" WIDTH="379" VPOS="1678" HPOS="1325"/>
<SP HEIGHT="37" WIDTH="25" VPOS="1690" HPOS="1705"/>
<String LANG="en-US" CONTENT="par" HEIGHT="38" WIDTH="89" VPOS="1689" HPOS="1731"/>
<SP HEIGHT="39" WIDTH="28" VPOS="1679" HPOS="1821"/>
<String LANG="fr" CONTENT="l&#8217;image)" HEIGHT="49" WIDTH="219" VPOS="1678" HPOS="1850"/>
</TextLine>
<TextLine HEIGHT="101" WIDTH="1981" VPOS="1747" HPOS="386" STYLEREFS="StyleId-C37FA3D2-D645-4970-87E7-0F2DE95FB085-" CS="1">
<String LANG="en-US" CONTENT="&#169;" HEIGHT="52" WIDTH="53" VPOS="1747" HPOS="386"/>
<SP HEIGHT="52" WIDTH="36" VPOS="1747" HPOS="440"/>
<String LANG="en-US" CONTENT="Oct." HEIGHT="40" WIDTH="100" VPOS="1751" HPOS="477"/>
<SP HEIGHT="40" WIDTH="34" VPOS="1751" HPOS="578"/>
<String LANG="en-US" CONTENT="26," HEIGHT="48" WIDTH="69" VPOS="1751" HPOS="613"/>
<SP HEIGHT="48" WIDTH="35" VPOS="1751" HPOS="683"/>
<String LANG="en-US" CS="1" CONTENT="1927;" HEIGHT="39" WIDTH="115" VPOS="1751" HPOS="719"/>
<SP/>
<String LANG="en-US" CS="1" CONTENT="1c."/>
<SP/>
<String LANG="en-US" CONTENT="Mar." HEIGHT="40" WIDTH="123" VPOS="1751" HPOS="1002"/>
<SP HEIGHT="41" WIDTH="33" VPOS="1750" HPOS="1126"/>
<String LANG="en-US" CONTENT="23," HEIGHT="48" WIDTH="69" VPOS="1750" HPOS="1160"/>
<SP HEIGHT="48" WIDTH="37" VPOS="1750" HPOS="1230"/>
<String LANG="en-US" CS="1" CONTENT="1928;" HEIGHT="40" WIDTH="114" VPOS="1750" HPOS="1268"/>
<SP HEIGHT="47" WIDTH="38" VPOS="1749" HPOS="1410"/>
<!-- cceid 21336155-6CB2-1014-A20E-B9D6251C946A --><String LANG="en-US" CONTENT="A&#8212;Foreign" HEIGHT="49" WIDTH="313" VPOS="1749" HPOS="1449"/>
<SP HEIGHT="40" WIDTH="33" VPOS="1750" HPOS="1763"/>
<String LANG="en-US" CS="1" CONTENT="38253;" HEIGHT="40" WIDTH="144" VPOS="1750" HPOS="1797"/>
<SP HEIGHT="46" WIDTH="39" VPOS="1751" HPOS="1969"/>
<String LANG="fr" CONTENT="Librairie" HEIGHT="41" WIDTH="242" VPOS="1750" HPOS="2009"/>
<SP HEIGHT="38" WIDTH="36" VPOS="1752" HPOS="2252"/>
<String LANG="fr" CONTENT="Hachette." HEIGHT="96" WIDTH="1913" VPOS="1752" HPOS="454"/>
</TextLine>
<TextLine HEIGHT="63" WIDTH="881" VPOS="1901" HPOS="382" STYLEREFS="StyleId-99904111-6D6C-4D2A-B7B5-A06E15DEE3A0-">
<String CONTENT="Chesterton," HEIGHT="61" WIDTH="377" VPOS="1903" HPOS="382"/>
<SP HEIGHT="62" WIDTH="36" VPOS="1902" HPOS="760"/>
<String CONTENT="Gilbert" HEIGHT="53" WIDTH="226" VPOS="1902" HPOS="797"/>
<SP HEIGHT="53" WIDTH="35" VPOS="1901" HPOS="1024"/>
<String CONTENT="Keith." HEIGHT="53" WIDTH="203" VPOS="1901" HPOS="1060"/>
</TextLine>
<TextLine HEIGHT="70" WIDTH="950" VPOS="1993" HPOS="450" STYLEREFS="StyleId-53DAF30D-3676-4404-8C6D-43AE40A38B10-">
<String CONTENT="Advertisement" HEIGHT="52" WIDTH="465" VPOS="1996" HPOS="450"/>
<SP HEIGHT="43" WIDTH="35" VPOS="2003" HPOS="916"/>
<String CONTENT="and" HEIGHT="52" WIDTH="113" VPOS="1994" HPOS="952"/>
<SP HEIGHT="67" WIDTH="33" VPOS="1994" HPOS="1066"/>
<String CONTENT="publicity." HEIGHT="70" WIDTH="300" VPOS="1993" HPOS="1100"/>
</TextLine>
<TextLine HEIGHT="57" WIDTH="843" VPOS="2086" HPOS="466" STYLEREFS="StyleId-C37FA3D2-D645-4970-87E7-0F2DE95FB085-">
<String CONTENT="(In" HEIGHT="49" WIDTH="83" VPOS="2094" HPOS="466"/>
<SP HEIGHT="43" WIDTH="28" VPOS="2089" HPOS="550"/>
<String CONTENT="London" HEIGHT="43" WIDTH="203" VPOS="2089" HPOS="579"/>
<SP HEIGHT="44" WIDTH="31" VPOS="2088" HPOS="783"/>
<String CONTENT="Sunday" HEIGHT="53" WIDTH="202" VPOS="2088" HPOS="815"/>
<SP HEIGHT="39" WIDTH="32" VPOS="2102" HPOS="1018"/>
<String CONTENT="pictorial)" HEIGHT="55" WIDTH="258" VPOS="2086" HPOS="1051"/>
</TextLine>
<TextLine HEIGHT="52" WIDTH="1997" VPOS="2160" HPOS="389" STYLEREFS="StyleId-C37FA3D2-D645-4970-87E7-0F2DE95FB085-" CS="1">
<String CONTENT="&#169;" HEIGHT="52" WIDTH="53" VPOS="2160" HPOS="389"/>
<SP/>
<String CS="1" CONTENT="1c."/>
<SP/>
<String CONTENT="June" HEIGHT="39" WIDTH="126" VPOS="2164" HPOS="568"/>
<SP HEIGHT="39" WIDTH="25" VPOS="2164" HPOS="695"/>
<String CONTENT="28," HEIGHT="47" WIDTH="70" VPOS="2163" HPOS="721"/>
<SP HEIGHT="47" WIDTH="27" VPOS="2163" HPOS="792"/>
<String CONTENT="1928;" HEIGHT="47" WIDTH="142" VPOS="2162" HPOS="820"/>
<SP HEIGHT="46" WIDTH="28" VPOS="2163" HPOS="963"/>
<!-- cceid 21340311-6CB2-1014-A20E-B9D6251C946A --><String CONTENT="A" HEIGHT="39" WIDTH="43" VPOS="2163" HPOS="992"/>
<SP HEIGHT="39" WIDTH="25" VPOS="2163" HPOS="1036"/>
<String CONTENT="ad" HEIGHT="38" WIDTH="62" VPOS="2164" HPOS="1062"/>
<SP HEIGHT="40" WIDTH="25" VPOS="2162" HPOS="1125"/>
<String CONTENT="int." HEIGHT="41" WIDTH="88" VPOS="2162" HPOS="1151"/>
<SP HEIGHT="40" WIDTH="29" VPOS="2163" HPOS="1240"/>
<String CS="1" CONTENT="11354;" HEIGHT="40" WIDTH="144" VPOS="2162" HPOS="1270"/>
<SP HEIGHT="38" WIDTH="30" VPOS="2173" HPOS="1442"/>
<String CONTENT="pubd." HEIGHT="49" WIDTH="143" VPOS="2162" HPOS="1473"/>
<SP HEIGHT="39" WIDTH="29" VPOS="2162" HPOS="1617"/>
<String CONTENT="Apr." HEIGHT="48" WIDTH="114" VPOS="2162" HPOS="1647"/>
<SP HEIGHT="40" WIDTH="29" VPOS="2163" HPOS="1762"/>
<String CONTENT="29;" HEIGHT="47" WIDTH="82" VPOS="2162" HPOS="1792"/>
<SP HEIGHT="48" WIDTH="32" VPOS="2161" HPOS="1875"/>
<String LANG="fr" CONTENT="G." HEIGHT="41" WIDTH="53" VPOS="2161" HPOS="1908"/>
<SP HEIGHT="40" WIDTH="28" VPOS="2163" HPOS="1962"/>
<String CONTENT="K." HEIGHT="40" WIDTH="59" VPOS="2163" HPOS="1991"/>
<SP HEIGHT="40" WIDTH="32" VPOS="2163" HPOS="2051"/>
<String CONTENT="Chesterton," HEIGHT="48" WIDTH="302" VPOS="2163" HPOS="2084"/>
</TextLine>
<TextLine HEIGHT="48" WIDTH="825" VPOS="2220" HPOS="458" STYLEREFS="StyleId-C37FA3D2-D645-4970-87E7-0F2DE95FB085-">
<String CONTENT="Beaconsfield," HEIGHT="47" WIDTH="347" VPOS="2220" HPOS="458"/>
<SP HEIGHT="47" WIDTH="30" VPOS="2220" HPOS="806"/>
<String CONTENT="Bucks," HEIGHT="47" WIDTH="176" VPOS="2220" HPOS="837"/>
<SP HEIGHT="47" WIDTH="31" VPOS="2220" HPOS="1014"/>
<String CONTENT="England." HEIGHT="48" WIDTH="237" VPOS="2220" HPOS="1046"/>
</TextLine>
<TextLine HEIGHT="64" WIDTH="722" VPOS="2314" HPOS="382" STYLEREFS="StyleId-A3CA6207-05FC-4523-8B0E-B6C11335105B-">
<String CONTENT="Chicago." HEIGHT="63" WIDTH="277" VPOS="2315" HPOS="382"/>
<SP HEIGHT="53" WIDTH="73" VPOS="2315" HPOS="660"/>
<String CONTENT="University." HEIGHT="64" WIDTH="370" VPOS="2314" HPOS="734"/>
</TextLine>
<TextLine HEIGHT="54" WIDTH="1935" VPOS="2393" HPOS="456">
<String CONTENT="Abstracts" HEIGHT="52" WIDTH="302" VPOS="2395" HPOS="456"/>
<SP HEIGHT="34" WIDTH="49" VPOS="2413" HPOS="759"/>
<String CONTENT="of" HEIGHT="53" WIDTH="64" VPOS="2393" HPOS="809"/>
<SP HEIGHT="52" WIDTH="48" VPOS="2393" HPOS="874"/>
<String CONTENT="theses." HEIGHT="53" WIDTH="198" VPOS="2394" HPOS="923"/>
<SP HEIGHT="52" WIDTH="74" VPOS="2393" HPOS="1122"/>
<String CONTENT="Humanistic" HEIGHT="52" WIDTH="370" VPOS="2393" HPOS="1197"/>
<SP HEIGHT="33" WIDTH="50" VPOS="2412" HPOS="1568"/>
<String CONTENT="series," HEIGHT="52" WIDTH="186" VPOS="2393" HPOS="1619"/>
<SP HEIGHT="32" WIDTH="73" VPOS="2412" HPOS="1806"/>
<String CONTENT="v." HEIGHT="32" WIDTH="51" VPOS="2412" HPOS="1880"/>
<SP HEIGHT="48" WIDTH="50" VPOS="2396" HPOS="1932"/>
<String CONTENT="4." HEIGHT="49" WIDTH="48" VPOS="2396" HPOS="1983"/>
<SP HEIGHT="52" WIDTH="51" VPOS="2393" HPOS="2032"/>
<String CONTENT="Arts" HEIGHT="52" WIDTH="142" VPOS="2393" HPOS="2084"/>
<SP HEIGHT="34" WIDTH="50" VPOS="2411" HPOS="2227"/>
<String CONTENT="and" HEIGHT="51" WIDTH="113" VPOS="2394" HPOS="2278"/>
</TextLine>
<TextLine HEIGHT="147" WIDTH="2006" VPOS="2471" HPOS="384" CS="1">
<String CONTENT="literature," HEIGHT="65" WIDTH="315" VPOS="2473" HPOS="384"/>
<SP HEIGHT="65" WIDTH="33" VPOS="2473" HPOS="700"/>
<String CONTENT="divinity," HEIGHT="69" WIDTH="268" VPOS="2471" HPOS="734"/>
<SP HEIGHT="48" WIDTH="30" VPOS="2490" HPOS="1003"/>
<String CONTENT="commerce" HEIGHT="34" WIDTH="307" VPOS="2490" HPOS="1034"/>
<SP HEIGHT="33" WIDTH="31" VPOS="2490" HPOS="1342"/>
<String CONTENT="and" HEIGHT="51" WIDTH="112" VPOS="2473" HPOS="1374"/>
<SP HEIGHT="51" WIDTH="33" VPOS="2473" HPOS="1487"/>
<String CONTENT="administration," HEIGHT="66" WIDTH="483" VPOS="2471" HPOS="1521"/>
<SP HEIGHT="46" WIDTH="31" VPOS="2491" HPOS="2005"/>
<String CONTENT="social" HEIGHT="53" WIDTH="174" VPOS="2471" HPOS="2037"/>
<SP HEIGHT="52" WIDTH="28" VPOS="2473" HPOS="2212"/>
<String CONTENT="service" HEIGHT="112" WIDTH="1982" VPOS="2491" HPOS="385"/>
<SP HEIGHT="34" WIDTH="24" VPOS="2569" HPOS="469"/>
<String CONTENT="administration." HEIGHT="53" WIDTH="482" VPOS="2550" HPOS="494"/>
<SP HEIGHT="55" WIDTH="66" VPOS="2549" HPOS="977"/>
<String CONTENT="Submitted" HEIGHT="55" WIDTH="325" VPOS="2549" HPOS="1044"/>
<SP HEIGHT="51" WIDTH="25" VPOS="2551" HPOS="1370"/>
<String CONTENT="to" HEIGHT="47" WIDTH="58" VPOS="2555" HPOS="1396"/>
<SP HEIGHT="47" WIDTH="25" VPOS="2555" HPOS="1455"/>
<String CONTENT="the" HEIGHT="51" WIDTH="96" VPOS="2551" HPOS="1481"/>
<SP HEIGHT="53" WIDTH="25" VPOS="2549" HPOS="1578"/>
<String CONTENT="faculties" HEIGHT="54" WIDTH="266" VPOS="2549" HPOS="1604"/>
<SP HEIGHT="34" WIDTH="25" VPOS="2569" HPOS="1871"/>
<String CONTENT="of" HEIGHT="52" WIDTH="64" VPOS="2550" HPOS="1897"/>
<SP HEIGHT="52" WIDTH="24" VPOS="2550" HPOS="1962"/>
<String CONTENT="the" HEIGHT="50" WIDTH="98" VPOS="2552" HPOS="1987"/>
<SP HEIGHT="49" WIDTH="25" VPOS="2569" HPOS="2086"/>
<String CONTENT="graduate" HEIGHT="67" WIDTH="278" VPOS="2551" HPOS="2112"/>
</TextLine>
<TextLine HEIGHT="70" WIDTH="2010" VPOS="2627" HPOS="384">
<String CONTENT="schools" HEIGHT="52" WIDTH="220" VPOS="2631" HPOS="384"/>
<SP HEIGHT="33" WIDTH="26" VPOS="2649" HPOS="605"/>
<String CONTENT="of" HEIGHT="53" WIDTH="65" VPOS="2629" HPOS="632"/>
<SP HEIGHT="52" WIDTH="23" VPOS="2629" HPOS="698"/>
<String CONTENT="the" HEIGHT="50" WIDTH="96" VPOS="2631" HPOS="722"/>
<SP HEIGHT="52" WIDTH="8" VPOS="2630" HPOS="819"/>
<String CONTENT="University" HEIGHT="68" WIDTH="340" VPOS="2629" HPOS="828"/>
<SP HEIGHT="50" WIDTH="20" VPOS="2647" HPOS="1169"/>
<String CONTENT="of" HEIGHT="53" WIDTH="65" VPOS="2628" HPOS="1190"/>
<SP HEIGHT="54" WIDTH="20" VPOS="2627" HPOS="1256"/>
<String CONTENT="Chicago" HEIGHT="69" WIDTH="254" VPOS="2627" HPOS="1277"/>
<SP HEIGHT="53" WIDTH="20" VPOS="2627" HPOS="1532"/>
<String CONTENT="for" HEIGHT="53" WIDTH="94" VPOS="2627" HPOS="1553"/>
<SP HEIGHT="47" WIDTH="18" VPOS="2633" HPOS="1648"/>
<String CONTENT="the" HEIGHT="50" WIDTH="96" VPOS="2630" HPOS="1667"/>
<SP HEIGHT="52" WIDTH="20" VPOS="2628" HPOS="1764"/>
<String CONTENT="degree" HEIGHT="69" WIDTH="202" VPOS="2628" HPOS="1785"/>
<SP HEIGHT="34" WIDTH="19" VPOS="2647" HPOS="1988"/>
<String CONTENT="of" HEIGHT="53" WIDTH="65" VPOS="2628" HPOS="2008"/>
<SP HEIGHT="53" WIDTH="18" VPOS="2628" HPOS="2074"/>
<String CONTENT="Doctor" HEIGHT="52" WIDTH="216" VPOS="2630" HPOS="2093"/>
<SP HEIGHT="34" WIDTH="18" VPOS="2647" HPOS="2310"/>
<String CONTENT="of" HEIGHT="51" WIDTH="65" VPOS="2630" HPOS="2329"/>
</TextLine>
<TextLine HEIGHT="71" WIDTH="2004" VPOS="2706" HPOS="387">
<String CONTENT="philosophy," HEIGHT="67" WIDTH="365" VPOS="2708" HPOS="387"/>
<SP HEIGHT="68" WIDTH="48" VPOS="2706" HPOS="753"/>
<String CONTENT="September" HEIGHT="67" WIDTH="332" VPOS="2706" HPOS="802"/>
<SP HEIGHT="48" WIDTH="46" VPOS="2710" HPOS="1135"/>
<String CONTENT="1925-June" HEIGHT="53" WIDTH="326" VPOS="2707" HPOS="1182"/>
<SP HEIGHT="48" WIDTH="48" VPOS="2710" HPOS="1509"/>
<String CONTENT="1926." HEIGHT="48" WIDTH="150" VPOS="2710" HPOS="1558"/>
<SP HEIGHT="54" WIDTH="84" VPOS="2706" HPOS="1709"/>
<String CONTENT="Chicago," HEIGHT="70" WIDTH="272" VPOS="2706" HPOS="1794"/>
<SP HEIGHT="67" WIDTH="42" VPOS="2708" HPOS="2067"/>
<String CONTENT="Ill.," HEIGHT="69" WIDTH="113" VPOS="2708" HPOS="2110"/>
<SP HEIGHT="68" WIDTH="46" VPOS="2709" HPOS="2224"/>
<String CONTENT="The" HEIGHT="51" WIDTH="120" VPOS="2709" HPOS="2271"/>
</TextLine>
<TextLine HEIGHT="69" WIDTH="1132" VPOS="2785" HPOS="384" CS="1">
<String CONTENT="University" HEIGHT="68" WIDTH="339" VPOS="2786" HPOS="384"/>
<SP HEIGHT="51" WIDTH="29" VPOS="2803" HPOS="724"/>
<String CONTENT="of" HEIGHT="52" WIDTH="63" VPOS="2786" HPOS="754"/>
<SP HEIGHT="54" WIDTH="29" VPOS="2785" HPOS="818"/>
<String CONTENT="Chicago" HEIGHT="68" WIDTH="254" VPOS="2785" HPOS="848"/>
<SP HEIGHT="50" WIDTH="28" VPOS="2803" HPOS="1103"/>
<String CONTENT="press" HEIGHT="50" WIDTH="158" VPOS="2803" HPOS="1132"/>
<SP HEIGHT="47" WIDTH="33" VPOS="2804" HPOS="1291"/>
<String CONTENT="[" HEIGHT="32" WIDTH="11" VPOS="2819" HPOS="1325"/>
<String STYLE="superscript" CS="1" CONTENT="&#7580;1"/>
<String CONTENT="928]" HEIGHT="63" WIDTH="118" VPOS="2788" HPOS="1398"/>
</TextLine>
<TextLine HEIGHT="50" WIDTH="476" VPOS="2882" HPOS="461" STYLEREFS="StyleId-6FBE35CA-987F-4819-A89C-B01C85189CA4-" CS="1">
<String CONTENT="X," HEIGHT="36" WIDTH="45" VPOS="2896" HPOS="461"/>
<SP HEIGHT="47" WIDTH="26" VPOS="2885" HPOS="507"/>
<String CONTENT="473" HEIGHT="40" WIDTH="87" VPOS="2884" HPOS="534"/>
<SP HEIGHT="47" WIDTH="26" VPOS="2884" HPOS="622"/>
<String CS="1" CONTENT="p.,"/>
<SP/>
<String CS="1" CONTENT="2"/>
<SP/>
<String CS="1" CONTENT="l."/>
<SP HEIGHT="40" WIDTH="59" VPOS="2883" HPOS="821"/>
<String CS="1" CONTENT="23&#189;" HEIGHT="41" WIDTH="56" VPOS="2882" HPOS="881"/>
<String STYLE="superscript" CS="1" CONTENT="&#7580;&#7504;."/>
</TextLine>
<TextLine HEIGHT="52" WIDTH="1996" VPOS="2951" HPOS="393" STYLEREFS="StyleId-6FBE35CA-987F-4819-A89C-B01C85189CA4-">
<String CONTENT="&#169;" HEIGHT="52" WIDTH="53" VPOS="2951" HPOS="393"/>
<SP HEIGHT="52" WIDTH="32" VPOS="2951" HPOS="447"/>
<String CONTENT="Jan." HEIGHT="40" WIDTH="109" VPOS="2956" HPOS="480"/>
<SP HEIGHT="41" WIDTH="32" VPOS="2955" HPOS="590"/>
<String CONTENT="17," HEIGHT="47" WIDTH="69" VPOS="2955" HPOS="623"/>
<SP HEIGHT="46" WIDTH="32" VPOS="2956" HPOS="693"/>
<String CONTENT="1928;" HEIGHT="47" WIDTH="140" VPOS="2954" HPOS="726"/>
<SP HEIGHT="46" WIDTH="33" VPOS="2955" HPOS="867"/>
<String CONTENT="2c." HEIGHT="40" WIDTH="68" VPOS="2955" HPOS="901"/>
<SP HEIGHT="40" WIDTH="33" VPOS="2955" HPOS="970"/>
<String CONTENT="Mar." HEIGHT="38" WIDTH="122" VPOS="2955" HPOS="1004"/>
<SP HEIGHT="39" WIDTH="31" VPOS="2954" HPOS="1127"/>
<String CONTENT="24;" HEIGHT="47" WIDTH="84" VPOS="2954" HPOS="1159"/>
<SP HEIGHT="37" WIDTH="35" VPOS="2964" HPOS="1244"/>
<String CONTENT="aff." HEIGHT="42" WIDTH="82" VPOS="2953" HPOS="1280"/>
<SP HEIGHT="40" WIDTH="33" VPOS="2955" HPOS="1363"/>
<String CONTENT="Mar." HEIGHT="40" WIDTH="124" VPOS="2955" HPOS="1397"/>
<SP HEIGHT="40" WIDTH="32" VPOS="2955" HPOS="1522"/>
<String CONTENT="16;" HEIGHT="48" WIDTH="82" VPOS="2953" HPOS="1555"/>
<SP HEIGHT="47" WIDTH="34" VPOS="2954" HPOS="1638"/>
<!-- cceid 21347E80-6CB2-1014-A20E-B9D6251C946A --><String CONTENT="A" HEIGHT="40" WIDTH="43" VPOS="2954" HPOS="1673"/>
<SP HEIGHT="40" WIDTH="29" VPOS="2954" HPOS="1717"/>
<String CONTENT="1068540;" HEIGHT="49" WIDTH="231" VPOS="2952" HPOS="1747"/>
<SP HEIGHT="46" WIDTH="36" VPOS="2955" HPOS="1979"/>
<String CONTENT="University" HEIGHT="49" WIDTH="286" VPOS="2954" HPOS="2016"/>
<SP HEIGHT="37" WIDTH="32" VPOS="2966" HPOS="2303"/>
<String CONTENT="of" HEIGHT="41" WIDTH="53" VPOS="2955" HPOS="2336"/>
</TextLine>
<TextLine HEIGHT="49" WIDTH="488" VPOS="3011" HPOS="468" STYLEREFS="StyleId-6FBE35CA-987F-4819-A89C-B01C85189CA4-">
<String CONTENT="Chicago," HEIGHT="48" WIDTH="223" VPOS="3012" HPOS="468"/>
<SP HEIGHT="49" WIDTH="39" VPOS="3011" HPOS="692"/>
<String CONTENT="Chicago." HEIGHT="48" WIDTH="224" VPOS="3011" HPOS="732"/>
</TextLine>
<TextLine HEIGHT="56" WIDTH="1851" VPOS="3104" HPOS="541" CS="1">
<String CS="1" CONTENT="Abstracts"/>
<SP/>
<String CS="1" CONTENT="of"/>
<SP/>
<String CS="1" CONTENT="theses."/>
<SP HEIGHT="55" WIDTH="40" VPOS="3105" HPOS="541"/>
<String CONTENT="Science" HEIGHT="55" WIDTH="228" VPOS="3105" HPOS="582"/>
<SP HEIGHT="34" WIDTH="39" VPOS="3125" HPOS="811"/>
<String CONTENT="series," HEIGHT="54" WIDTH="185" VPOS="3105" HPOS="851"/>
<SP HEIGHT="32" WIDTH="73" VPOS="3125" HPOS="1037"/>
<String CONTENT="v." HEIGHT="32" WIDTH="51" VPOS="3125" HPOS="1111"/>
<SP HEIGHT="48" WIDTH="39" VPOS="3109" HPOS="1163"/>
<String CONTENT="4" HEIGHT="48" WIDTH="33" VPOS="3109" HPOS="1203"/>
<SP HEIGHT="48" WIDTH="41" VPOS="3109" HPOS="1237"/>
<String CS="1" CONTENT="&#8230;"/>
<SP HEIGHT="55" WIDTH="84" VPOS="3104" HPOS="1335"/>
<String CONTENT="Submitted" HEIGHT="55" WIDTH="326" VPOS="3104" HPOS="1420"/>
<SP HEIGHT="52" WIDTH="39" VPOS="3106" HPOS="1747"/>
<String CONTENT="to" HEIGHT="48" WIDTH="57" VPOS="3110" HPOS="1787"/>
<SP HEIGHT="52" WIDTH="40" VPOS="3106" HPOS="1845"/>
<String CONTENT="faculties" HEIGHT="53" WIDTH="266" VPOS="3106" HPOS="1886"/>
<SP HEIGHT="34" WIDTH="39" VPOS="3125" HPOS="2153"/>
<String CONTENT="of" HEIGHT="52" WIDTH="64" VPOS="3106" HPOS="2193"/>
<SP HEIGHT="52" WIDTH="36" VPOS="3106" HPOS="2258"/>
<String CONTENT="the" HEIGHT="51" WIDTH="97" VPOS="3107" HPOS="2295"/>
</TextLine>
<TextLine HEIGHT="72" WIDTH="2004" VPOS="3182" HPOS="388">
<String CONTENT="graduate" HEIGHT="68" WIDTH="279" VPOS="3186" HPOS="388"/>
<SP HEIGHT="33" WIDTH="33" VPOS="3204" HPOS="668"/>
<String CONTENT="schools" HEIGHT="52" WIDTH="218" VPOS="3185" HPOS="702"/>
<SP HEIGHT="33" WIDTH="31" VPOS="3203" HPOS="921"/>
<String CONTENT="of" HEIGHT="52" WIDTH="64" VPOS="3184" HPOS="953"/>
<SP HEIGHT="52" WIDTH="29" VPOS="3184" HPOS="1018"/>
<String CONTENT="the" HEIGHT="52" WIDTH="96" VPOS="3184" HPOS="1048"/>
<SP HEIGHT="53" WIDTH="31" VPOS="3184" HPOS="1145"/>
<String CONTENT="University" HEIGHT="70" WIDTH="341" VPOS="3182" HPOS="1177"/>
<SP HEIGHT="50" WIDTH="31" VPOS="3202" HPOS="1519"/>
<String CONTENT="of" HEIGHT="53" WIDTH="63" VPOS="3183" HPOS="1551"/>
<SP HEIGHT="54" WIDTH="32" VPOS="3183" HPOS="1615"/>
<String CONTENT="Chicago" HEIGHT="69" WIDTH="253" VPOS="3183" HPOS="1648"/>
<SP HEIGHT="53" WIDTH="31" VPOS="3183" HPOS="1902"/>
<String CONTENT="for" HEIGHT="54" WIDTH="95" VPOS="3183" HPOS="1934"/>
<SP HEIGHT="46" WIDTH="32" VPOS="3190" HPOS="2030"/>
<String CONTENT="the" HEIGHT="50" WIDTH="96" VPOS="3186" HPOS="2063"/>
<SP HEIGHT="52" WIDTH="30" VPOS="3185" HPOS="2160"/>
<String CONTENT="degree" HEIGHT="68" WIDTH="201" VPOS="3185" HPOS="2191"/>
</TextLine>
<TextLine HEIGHT="73" WIDTH="2008" VPOS="3261" HPOS="388">
<String CONTENT="of" HEIGHT="52" WIDTH="65" VPOS="3263" HPOS="388"/>
<SP HEIGHT="51" WIDTH="18" VPOS="3263" HPOS="454"/>
<String CONTENT="Doctor" HEIGHT="51" WIDTH="216" VPOS="3264" HPOS="473"/>
<SP HEIGHT="33" WIDTH="19" VPOS="3281" HPOS="690"/>
<String CONTENT="of" HEIGHT="52" WIDTH="64" VPOS="3262" HPOS="710"/>
<SP HEIGHT="68" WIDTH="18" VPOS="3262" HPOS="775"/>
<String CONTENT="philosophy," HEIGHT="68" WIDTH="365" VPOS="3262" HPOS="794"/>
<SP HEIGHT="65" WIDTH="24" VPOS="3261" HPOS="1160"/>
<String CONTENT="September" HEIGHT="68" WIDTH="331" VPOS="3261" HPOS="1185"/>
<SP HEIGHT="48" WIDTH="37" VPOS="3265" HPOS="1517"/>
<String CONTENT="1925-June" HEIGHT="53" WIDTH="323" VPOS="3262" HPOS="1555"/>
<SP HEIGHT="48" WIDTH="22" VPOS="3265" HPOS="1879"/>
<String CONTENT="1926." HEIGHT="49" WIDTH="149" VPOS="3265" HPOS="1902"/>
<SP HEIGHT="54" WIDTH="73" VPOS="3262" HPOS="2052"/>
<String CONTENT="Chicago," HEIGHT="72" WIDTH="270" VPOS="3262" HPOS="2126"/>
</TextLine>
<TextLine HEIGHT="70" WIDTH="1424" VPOS="3338" HPOS="389" CS="1">
<String CONTENT="Ill.," HEIGHT="64" WIDTH="113" VPOS="3341" HPOS="389"/>
<SP HEIGHT="64" WIDTH="29" VPOS="3341" HPOS="503"/>
<String CONTENT="The" HEIGHT="51" WIDTH="119" VPOS="3341" HPOS="533"/>
<SP HEIGHT="53" WIDTH="27" VPOS="3341" HPOS="653"/>
<String CONTENT="University" HEIGHT="68" WIDTH="339" VPOS="3340" HPOS="681"/>
<SP HEIGHT="50" WIDTH="29" VPOS="3358" HPOS="1021"/>
<String CONTENT="of" HEIGHT="53" WIDTH="62" VPOS="3339" HPOS="1051"/>
<SP HEIGHT="54" WIDTH="31" VPOS="3338" HPOS="1114"/>
<String CONTENT="Chicago" HEIGHT="70" WIDTH="255" VPOS="3338" HPOS="1146"/>
<SP HEIGHT="49" WIDTH="26" VPOS="3358" HPOS="1402"/>
<String CONTENT="press" HEIGHT="49" WIDTH="157" VPOS="3358" HPOS="1429"/>
<SP HEIGHT="46" WIDTH="35" VPOS="3360" HPOS="1587"/>
<String CONTENT="[" HEIGHT="32" WIDTH="11" VPOS="3374" HPOS="1623"/>
<String STYLE="superscript" CS="1" CONTENT="&#7580;1"/>
<String CONTENT="928]" HEIGHT="63" WIDTH="116" VPOS="3343" HPOS="1697"/>
</TextLine>
<TextLine HEIGHT="49" WIDTH="924" VPOS="3436" HPOS="464" STYLEREFS="StyleId-6FBE35CA-987F-4819-A89C-B01C85189CA4-" CS="1">
<String CONTENT="X," HEIGHT="36" WIDTH="44" VPOS="3449" HPOS="464"/>
<SP HEIGHT="47" WIDTH="27" VPOS="3438" HPOS="509"/>
<String CONTENT="440" HEIGHT="39" WIDTH="89" VPOS="3437" HPOS="537"/>
<SP HEIGHT="47" WIDTH="25" VPOS="3437" HPOS="627"/>
<String CS="1" CONTENT="p.,"/>
<SP/>
<String CS="1" CONTENT="2"/>
<SP/>
<String CS="1" CONTENT="l."/>
<SP HEIGHT="38" WIDTH="62" VPOS="3438" HPOS="828"/>
<String CONTENT="tables," HEIGHT="47" WIDTH="169" VPOS="3437" HPOS="891"/>
<SP HEIGHT="48" WIDTH="31" VPOS="3436" HPOS="1061"/>
<String CONTENT="diagrs." HEIGHT="48" WIDTH="180" VPOS="3436" HPOS="1093"/>
<SP HEIGHT="40" WIDTH="57" VPOS="3437" HPOS="1274"/>
<String CS="1" CONTENT="23&#189;" HEIGHT="40" WIDTH="56" VPOS="3436" HPOS="1332"/>
<String STYLE="superscript" CS="1" CONTENT="&#7580;&#7504;."/>
</TextLine>
<TextLine HEIGHT="53" WIDTH="1994" VPOS="3503" HPOS="398" STYLEREFS="StyleId-6FBE35CA-987F-4819-A89C-B01C85189CA4-" CS="1">
<String CONTENT="&#169;" HEIGHT="52" WIDTH="53" VPOS="3503" HPOS="398"/>
<SP HEIGHT="52" WIDTH="33" VPOS="3503" HPOS="452"/>
<String CONTENT="May" HEIGHT="46" WIDTH="115" VPOS="3509" HPOS="486"/>
<SP HEIGHT="47" WIDTH="30" VPOS="3508" HPOS="602"/>
<String CONTENT="29," HEIGHT="48" WIDTH="70" VPOS="3507" HPOS="633"/>
<SP HEIGHT="48" WIDTH="33" VPOS="3507" HPOS="704"/>
<String CONTENT="1928;" HEIGHT="47" WIDTH="142" VPOS="3507" HPOS="738"/>
<SP HEIGHT="46" WIDTH="34" VPOS="3508" HPOS="881"/>
<String CONTENT="2c." HEIGHT="40" WIDTH="68" VPOS="3508" HPOS="916"/>
<SP HEIGHT="40" WIDTH="34" VPOS="3508" HPOS="985"/>
<String CONTENT="June" HEIGHT="39" WIDTH="127" VPOS="3508" HPOS="1020"/>
<SP HEIGHT="38" WIDTH="33" VPOS="3508" HPOS="1148"/>
<String CS="1" CONTENT="11;" HEIGHT="38" WIDTH="55" VPOS="3507" HPOS="1182"/>
<SP HEIGHT="29" WIDTH="38" VPOS="3517" HPOS="1264"/>
<String CONTENT="aff." HEIGHT="41" WIDTH="81" VPOS="3506" HPOS="1303"/>
<SP HEIGHT="40" WIDTH="35" VPOS="3507" HPOS="1385"/>
<String CONTENT="June" HEIGHT="40" WIDTH="126" VPOS="3507" HPOS="1421"/>
<SP HEIGHT="40" WIDTH="34" VPOS="3507" HPOS="1548"/>
<String CONTENT="9;" HEIGHT="47" WIDTH="51" VPOS="3507" HPOS="1583"/>
<SP HEIGHT="47" WIDTH="37" VPOS="3507" HPOS="1635"/>
<!-- cceid 21350656-6CB2-1014-A20E-B9D6251C946A --><String CONTENT="A" HEIGHT="40" WIDTH="43" VPOS="3507" HPOS="1673"/>
<SP HEIGHT="40" WIDTH="31" VPOS="3507" HPOS="1717"/>
<String CONTENT="1077714;" HEIGHT="46" WIDTH="229" VPOS="3508" HPOS="1749"/>
<SP HEIGHT="45" WIDTH="40" VPOS="3509" HPOS="1979"/>
<String CONTENT="University" HEIGHT="48" WIDTH="283" VPOS="3508" HPOS="2020"/>
<SP HEIGHT="36" WIDTH="35" VPOS="3520" HPOS="2304"/>
<String CONTENT="of" HEIGHT="40" WIDTH="52" VPOS="3509" HPOS="2340"/>
</TextLine>
<TextLine HEIGHT="49" WIDTH="481" VPOS="3563" HPOS="466" STYLEREFS="StyleId-6FBE35CA-987F-4819-A89C-B01C85189CA4-">
<String CONTENT="Chicago," HEIGHT="48" WIDTH="223" VPOS="3563" HPOS="466"/>
<SP HEIGHT="47" WIDTH="32" VPOS="3564" HPOS="690"/>
<String CONTENT="Chicago." HEIGHT="49" WIDTH="224" VPOS="3563" HPOS="723"/>
</TextLine>
<TextLine HEIGHT="64" WIDTH="937" VPOS="3657" HPOS="395" STYLEREFS="StyleId-A3CA6207-05FC-4523-8B0E-B6C11335105B-">
<String CONTENT="Clark," HEIGHT="62" WIDTH="195" VPOS="3657" HPOS="395"/>
<SP HEIGHT="62" WIDTH="32" VPOS="3657" HPOS="591"/>
<String CONTENT="George" HEIGHT="64" WIDTH="226" VPOS="3657" HPOS="624"/>
<SP HEIGHT="52" WIDTH="29" VPOS="3658" HPOS="851"/>
<String CONTENT="Luther," HEIGHT="62" WIDTH="247" VPOS="3658" HPOS="881"/>
<SP HEIGHT="58" WIDTH="32" VPOS="3662" HPOS="1129"/>
<String CONTENT="1877-" HEIGHT="54" WIDTH="170" VPOS="3657" HPOS="1162"/>
</TextLine>
<TextLine HEIGHT="71" WIDTH="1871" VPOS="3735" HPOS="461" CS="1">
<String CONTENT="Fundamentals" HEIGHT="52" WIDTH="451" VPOS="3736" HPOS="461"/>
<SP HEIGHT="34" WIDTH="29" VPOS="3754" HPOS="913"/>
<String CONTENT="of" HEIGHT="52" WIDTH="65" VPOS="3736" HPOS="943"/>
<SP HEIGHT="53" WIDTH="26" VPOS="3736" HPOS="1009"/>
<String CONTENT="early" HEIGHT="67" WIDTH="158" VPOS="3737" HPOS="1036"/>
<SP HEIGHT="69" WIDTH="32" VPOS="3735" HPOS="1195"/>
<String CONTENT="Christianity," HEIGHT="70" WIDTH="403" VPOS="3735" HPOS="1228"/>
<SP HEIGHT="65" WIDTH="26" VPOS="3737" HPOS="1632"/>
<String CONTENT="by" HEIGHT="69" WIDTH="76" VPOS="3737" HPOS="1659"/>
<SP HEIGHT="69" WIDTH="29" VPOS="3737" HPOS="1736"/>
<String CONTENT="George" HEIGHT="67" WIDTH="222" VPOS="3737" HPOS="1766"/>
<SP HEIGHT="52" WIDTH="29" VPOS="3738" HPOS="1989"/>
<String CONTENT="L." HEIGHT="51" WIDTH="64" VPOS="3738" HPOS="2019"/>
<SP HEIGHT="55" WIDTH="33" VPOS="3737" HPOS="2084"/>
<String CONTENT="Clark" HEIGHT="55" WIDTH="177" VPOS="3737" HPOS="2118"/>
<SP HEIGHT="53" WIDTH="36" VPOS="3737" HPOS="2296"/>
<String CS="1" CONTENT="&#8230;"/>
</TextLine>
<TextLine HEIGHT="71" WIDTH="1791" VPOS="3813" HPOS="390" CS="1">
<String CONTENT="New" HEIGHT="54" WIDTH="141" VPOS="3813" HPOS="390"/>
<SP HEIGHT="52" WIDTH="32" VPOS="3814" HPOS="532"/>
<String CONTENT="York," HEIGHT="67" WIDTH="181" VPOS="3814" HPOS="565"/>
<SP HEIGHT="66" WIDTH="31" VPOS="3815" HPOS="747"/>
<String LANG="fr" CONTENT="N." HEIGHT="52" WIDTH="69" VPOS="3815" HPOS="779"/>
<SP HEIGHT="51" WIDTH="33" VPOS="3815" HPOS="849"/>
<String CONTENT="Y.," HEIGHT="63" WIDTH="91" VPOS="3815" HPOS="883"/>
<SP HEIGHT="63" WIDTH="31" VPOS="3815" HPOS="975"/>
<String CONTENT="Mathers" HEIGHT="53" WIDTH="259" VPOS="3815" HPOS="1007"/>
<SP HEIGHT="50" WIDTH="31" VPOS="3833" HPOS="1267"/>
<String CONTENT="publishing" HEIGHT="70" WIDTH="336" VPOS="3814" HPOS="1299"/>
<SP HEIGHT="50" WIDTH="31" VPOS="3834" HPOS="1636"/>
<String CONTENT="company" HEIGHT="50" WIDTH="281" VPOS="3834" HPOS="1668"/>
<SP HEIGHT="49" WIDTH="37" VPOS="3835" HPOS="1950"/>
<String STYLE="subscript" CONTENT="[" HEIGHT="33" WIDTH="13" VPOS="3849" HPOS="1988"/>
<String STYLE="superscript" CS="1" CONTENT="&#7580;1"/>
<String CONTENT="928" HEIGHT="48" WIDTH="100" VPOS="3819" HPOS="2063"/>
<String STYLE="subscript" CONTENT="]" HEIGHT="33" WIDTH="12" VPOS="3849" HPOS="2169"/>
</TextLine>
<TextLine HEIGHT="49" WIDTH="437" VPOS="3909" HPOS="460" CS="1">
<String CONTENT="xxxi," HEIGHT="47" WIDTH="133" VPOS="3910" HPOS="460"/>
<SP HEIGHT="47" WIDTH="28" VPOS="3910" HPOS="594"/>
<String CONTENT="901" HEIGHT="41" WIDTH="85" VPOS="3909" HPOS="623"/>
<SP HEIGHT="47" WIDTH="27" VPOS="3911" HPOS="709"/>
<String CONTENT="p." HEIGHT="38" WIDTH="45" VPOS="3920" HPOS="737"/>
<SP HEIGHT="40" WIDTH="56" VPOS="3910" HPOS="783"/>
<String CONTENT="24" HEIGHT="40" WIDTH="57" VPOS="3910" HPOS="840"/>
<String STYLE="superscript" CS="1" CONTENT="&#7580;&#7504;."/>
</TextLine>
<TextLine HEIGHT="55" WIDTH="1990" VPOS="3978" HPOS="400" STYLEREFS="StyleId-6FBE35CA-987F-4819-A89C-B01C85189CA4-" CS="1">
<String CONTENT="&#169;" HEIGHT="53" WIDTH="53" VPOS="3978" HPOS="400"/>
<SP HEIGHT="53" WIDTH="26" VPOS="3978" HPOS="454"/>
<String CONTENT="May" HEIGHT="47" WIDTH="115" VPOS="3983" HPOS="481"/>
<SP HEIGHT="48" WIDTH="21" VPOS="3982" HPOS="597"/>
<String CONTENT="22," HEIGHT="48" WIDTH="70" VPOS="3982" HPOS="619"/>
<SP HEIGHT="48" WIDTH="26" VPOS="3982" HPOS="690"/>
<String CS="1" CONTENT="1928;" HEIGHT="42" WIDTH="118" VPOS="3981" HPOS="717"/>
<SP HEIGHT="47" WIDTH="29" VPOS="3983" HPOS="859"/>
<String CONTENT="2c." HEIGHT="42" WIDTH="67" VPOS="3983" HPOS="889"/>
<SP HEIGHT="41" WIDTH="27" VPOS="3984" HPOS="957"/>
<String CONTENT="May" HEIGHT="48" WIDTH="114" VPOS="3984" HPOS="985"/>
<SP HEIGHT="48" WIDTH="24" VPOS="3984" HPOS="1100"/>
<String CONTENT="24;" HEIGHT="47" WIDTH="83" VPOS="3984" HPOS="1125"/>
<SP HEIGHT="37" WIDTH="30" VPOS="3994" HPOS="1209"/>
<String CONTENT="aff." HEIGHT="42" WIDTH="82" VPOS="3982" HPOS="1240"/>
<SP HEIGHT="38" WIDTH="27" VPOS="3986" HPOS="1323"/>
<String CONTENT="May" HEIGHT="46" WIDTH="114" VPOS="3986" HPOS="1351"/>
<SP HEIGHT="48" WIDTH="25" VPOS="3984" HPOS="1466"/>
<String CONTENT="28;" HEIGHT="47" WIDTH="83" VPOS="3984" HPOS="1492"/>
<SP HEIGHT="47" WIDTH="28" VPOS="3984" HPOS="1576"/>
<!-- cceid 2135970A-6CB2-1014-A20E-B9D6251C946A --><String CONTENT="A" HEIGHT="40" WIDTH="41" VPOS="3984" HPOS="1605"/>
<SP HEIGHT="40" WIDTH="26" VPOS="3984" HPOS="1647"/>
<String CONTENT="1074748;" HEIGHT="48" WIDTH="229" VPOS="3983" HPOS="1674"/>
<SP HEIGHT="45" WIDTH="30" VPOS="3986" HPOS="1904"/>
<String CONTENT="Mathers" HEIGHT="41" WIDTH="223" VPOS="3984" HPOS="1935"/>
<SP HEIGHT="37" WIDTH="24" VPOS="3996" HPOS="2159"/>
<String CONTENT="pub," HEIGHT="49" WIDTH="106" VPOS="3984" HPOS="2184"/>
<SP HEIGHT="30" WIDTH="31" VPOS="3995" HPOS="2291"/>
<String CONTENT="co." HEIGHT="31" WIDTH="67" VPOS="3995" HPOS="2323"/>
</TextLine>
<TextLine HEIGHT="50" WIDTH="280" VPOS="4038" HPOS="479" STYLEREFS="StyleId-6FBE35CA-987F-4819-A89C-B01C85189CA4-">
<String CONTENT="(28-14146)" HEIGHT="50" WIDTH="280" VPOS="4038" HPOS="479"/>
</TextLine>
</TextBlock>
<GraphicalElement ID="Page828_Block3" HEIGHT="6" WIDTH="152" VPOS="3140" HPOS="388"/>
</PrintSpace>
</Page>
</Layout>
</alto>