<alto xmlns="http://www.loc.gov/standards/alto/ns-v3#" xmlns:xlink="http://www.w3.org/1999/xlink" xmlns:xsi="http://www.w3.org/2001/XMLSchema-instance" xsi:schemaLocation="http://www.loc.gov/standards/alto/ns-v3# http://www.loc.gov/alto/v3/alto-3-0.xsd"><Description>
<MeasurementUnit>pixel</MeasurementUnit>
<sourceImageInformation>
<fileName>1928_v25_part001.pdf</fileName>
</sourceImageInformation>
<OCRProcessing ID="IdOcr">
<ocrProcessingStep>
<processingDateTime>2019-04-12</processingDateTime>
<processingSoftware>
<softwareCreator>ABBYY</softwareCreator>
<softwareName>ABBYY Recognition Server</softwareName>
<softwareVersion>4.0</softwareVersion>
</processingSoftware>
</ocrProcessingStep>
</OCRProcessing>
</Description>
<Styles>
<ParagraphStyle ID="StyleId-FFFFFFFF-FFFF-FFFF-FFFF-FFFFFFFFFFFF-" ALIGN="Left" LEFT="0." RIGHT="0." FIRSTLINE="0."/>
<ParagraphStyle ID="StyleId-0ECAC0CE-E1F0-4C69-A1B9-95E16886343B-" ALIGN="Left" LEFT="0." RIGHT="0." FIRSTLINE="0." LINESPACE="8.300000191"/>
<ParagraphStyle ID="StyleId-5C6F7A30-EC6F-4250-A8D3-0AE106DCDB5D-" ALIGN="Left" LEFT="0." RIGHT="0." FIRSTLINE="-13." LINESPACE="11.22999954"/>
<ParagraphStyle ID="StyleId-B258737E-7AF8-4B71-A0BF-0A1420B951F9-" ALIGN="Left" LEFT="0." RIGHT="0." FIRSTLINE="-13." LINESPACE="8.210000038"/>
<ParagraphStyle ID="StyleId-35C0EFA5-E89E-4731-B16E-5D3895F12270-" ALIGN="Block" LEFT="0." RIGHT="0." FIRSTLINE="-12." LINESPACE="11.22999954"/>
<ParagraphStyle ID="StyleId-7BD1F9B4-14BB-4AAF-864B-FED8FEA7DC43-" ALIGN="Left" LEFT="0." RIGHT="0." FIRSTLINE="0."/>
<ParagraphStyle ID="StyleId-CD2DA0E5-536D-42AE-AE16-8D9F5C008D5A-" ALIGN="Block" LEFT="0." RIGHT="0." FIRSTLINE="-12." LINESPACE="10."/>
<ParagraphStyle ID="StyleId-AF408F88-EED5-4CE2-A229-3F852C18D9BD-" ALIGN="Block" LEFT="0." RIGHT="0." FIRSTLINE="-14." LINESPACE="10."/>
<ParagraphStyle ID="StyleId-829CD741-943D-4B7B-9638-57AB73DE2567-" ALIGN="Center" LEFT="0." RIGHT="0." FIRSTLINE="0." LINESPACE="9.399999619"/>
<ParagraphStyle ID="StyleId-B271BDFA-6037-4875-BA99-885A067668E9-" ALIGN="Left" LEFT="0." RIGHT="0." FIRSTLINE="-14." LINESPACE="11.21000004"/>
<ParagraphStyle ID="StyleId-64F9C1D8-EA12-4F65-AD18-B72A4C6B556F-" ALIGN="Center" LEFT="0." RIGHT="0." FIRSTLINE="0." LINESPACE="11.60000038"/>
<ParagraphStyle ID="StyleId-44DA2756-E57B-4EF3-9BA4-FC1C14776DE3-" ALIGN="Left" LEFT="0." RIGHT="0." FIRSTLINE="-12." LINESPACE="12.19999981"/>
<ParagraphStyle ID="StyleId-D1D9AF19-8CA6-4F74-9AEC-1B4545205AD7-" ALIGN="Center" LEFT="0." RIGHT="0." FIRSTLINE="0." LINESPACE="11.60000038"/>
<ParagraphStyle ID="StyleId-3ADA1556-6D19-417D-8046-68449BF368BA-" ALIGN="Left" LEFT="0." RIGHT="0." FIRSTLINE="-13." LINESPACE="12.19999981"/>
<ParagraphStyle ID="StyleId-7443A930-B325-44B5-9AB8-B42B4EC78C89-" ALIGN="Block" LEFT="0." RIGHT="0." FIRSTLINE="13." LINESPACE="8.619999886"/>
<ParagraphStyle ID="StyleId-C9A9E480-E448-4934-9AF8-3D252792E396-" ALIGN="Left" LEFT="0." RIGHT="0." FIRSTLINE="-12." LINESPACE="11.38000011"/>
<ParagraphStyle ID="StyleId-73039842-464C-49B9-9440-4C0D0E749DFE-" ALIGN="Center" LEFT="0." RIGHT="0." FIRSTLINE="0." LINESPACE="11.10000038"/>
<ParagraphStyle ID="StyleId-C51F6AC2-80DA-4C65-849C-6E2D5F548EA4-" ALIGN="Left" LEFT="0." RIGHT="0." FIRSTLINE="0." LINESPACE="7.699999809"/>
<ParagraphStyle ID="StyleId-494190D9-BDDC-4834-A745-6AF520F91CD0-" ALIGN="Block" LEFT="0." RIGHT="0." FIRSTLINE="-12." LINESPACE="11.22999954"/>
<ParagraphStyle ID="StyleId-68D39D31-3386-4B28-8C90-DA9420961D78-" ALIGN="Left" LEFT="0." RIGHT="0." FIRSTLINE="0." LINESPACE="11.60000038"/>
<ParagraphStyle ID="StyleId-DF0CE7C7-E73E-44FE-8867-C904BD7F3F42-" ALIGN="Block" LEFT="0." RIGHT="0." FIRSTLINE="0." LINESPACE="12.19999981"/>
</Styles>
<Layout>
<Page ID="Page142" PHYSICAL_IMG_NR="142" HEIGHT="4384" WIDTH="2498">
<TopMargin HEIGHT="438" WIDTH="2498" VPOS="0" HPOS="0">
</TopMargin>
<LeftMargin HEIGHT="3732" WIDTH="370" VPOS="438" HPOS="0">
</LeftMargin>
<RightMargin HEIGHT="3732" WIDTH="92" VPOS="438" HPOS="2406">
</RightMargin>
<BottomMargin HEIGHT="214" WIDTH="2498" VPOS="4170" HPOS="0">
</BottomMargin>
<PrintSpace HEIGHT="3732" WIDTH="2036" VPOS="438" HPOS="370">
<TextBlock ID="Page142_Block1" HEIGHT="70" WIDTH="120" VPOS="4100" HPOS="1336" LANG="en-US" STYLEREFS="StyleId-4C1EF0F8-779A-4920-B8D8-78D27C16A4D7-">
<TextLine HEIGHT="50" WIDTH="99" VPOS="4110" HPOS="1347">
<String CONTENT="142" HEIGHT="50" WIDTH="99" VPOS="4110" HPOS="1347"/>
</TextLine>
</TextBlock>
<TextBlock ID="Page142_Block2" HEIGHT="3670" WIDTH="2036" VPOS="438" HPOS="370" LANG="en-US" CS="1" STYLEREFS="StyleId-1D01D27A-2489-4B02-AEEE-21ECAE31D792-">
<TextLine HEIGHT="64" WIDTH="736" VPOS="448" HPOS="383" STYLEREFS="StyleId-8D5E5DBE-AE4D-41BD-8766-3F81C121D5DD-" LANG="de">
<String CONTENT="Schreiber," HEIGHT="63" WIDTH="331" VPOS="448" HPOS="383"/>
<SP HEIGHT="63" WIDTH="34" VPOS="448" HPOS="715"/>
<String CONTENT="Carl" HEIGHT="55" WIDTH="135" VPOS="448" HPOS="750"/>
<SP HEIGHT="53" WIDTH="32" VPOS="448" HPOS="886"/>
<String LANG="fr" CONTENT="F.," HEIGHT="63" WIDTH="83" VPOS="449" HPOS="919"/>
<SP HEIGHT="45" WIDTH="33" VPOS="467" HPOS="1003"/>
<String CONTENT="ed." HEIGHT="53" WIDTH="82" VPOS="449" HPOS="1037"/>
</TextLine>
<TextLine HEIGHT="71" WIDTH="1922" VPOS="525" HPOS="461">
<String CONTENT="[Preface," HEIGHT="68" WIDTH="277" VPOS="525" HPOS="461"/>
<SP HEIGHT="66" WIDTH="47" VPOS="527" HPOS="739"/>
<String CONTENT="introduction," HEIGHT="67" WIDTH="409" VPOS="527" HPOS="787"/>
<SP HEIGHT="49" WIDTH="45" VPOS="545" HPOS="1197"/>
<String CONTENT="notes," HEIGHT="63" WIDTH="177" VPOS="531" HPOS="1243"/>
<SP HEIGHT="50" WIDTH="46" VPOS="544" HPOS="1421"/>
<String CONTENT="questions" HEIGHT="67" WIDTH="288" VPOS="527" HPOS="1468"/>
<SP HEIGHT="34" WIDTH="46" VPOS="546" HPOS="1757"/>
<String CONTENT="and" HEIGHT="53" WIDTH="113" VPOS="526" HPOS="1804"/>
<SP HEIGHT="54" WIDTH="46" VPOS="526" HPOS="1918"/>
<String CONTENT="exercises]" HEIGHT="68" WIDTH="289" VPOS="526" HPOS="1965"/>
<SP HEIGHT="67" WIDTH="51" VPOS="527" HPOS="2255"/>
<String CONTENT="by" HEIGHT="69" WIDTH="76" VPOS="527" HPOS="2307"/>
</TextLine>
<TextLine HEIGHT="69" WIDTH="1991" VPOS="603" HPOS="386" CS="1">
<String CONTENT="C." HEIGHT="55" WIDTH="63" VPOS="603" HPOS="386"/>
<SP HEIGHT="52" WIDTH="42" VPOS="605" HPOS="450"/>
<String CONTENT="F." HEIGHT="52" WIDTH="67" VPOS="605" HPOS="493"/>
<SP HEIGHT="56" WIDTH="45" VPOS="603" HPOS="561"/>
<String LANG="de" CONTENT="Schreiber" HEIGHT="56" WIDTH="299" VPOS="603" HPOS="607"/>
<SP HEIGHT="34" WIDTH="40" VPOS="624" HPOS="907"/>
<String CONTENT="and" HEIGHT="53" WIDTH="113" VPOS="605" HPOS="948"/>
<SP HEIGHT="52" WIDTH="42" VPOS="605" HPOS="1062"/>
<String CONTENT="Erich" HEIGHT="52" WIDTH="179" VPOS="605" HPOS="1105"/>
<SP HEIGHT="52" WIDTH="39" VPOS="604" HPOS="1285"/>
<String CONTENT="Hofacker" HEIGHT="55" WIDTH="298" VPOS="603" HPOS="1325"/>
<SP HEIGHT="48" WIDTH="46" VPOS="624" HPOS="1624"/>
<String CS="1" CONTENT="[in" HEIGHT="53" WIDTH="60" VPOS="603" HPOS="1689"/>
<SP HEIGHT="48" WIDTH="41" VPOS="609" HPOS="1750"/>
<String CONTENT="the" HEIGHT="52" WIDTH="97" VPOS="605" HPOS="1792"/>
<SP HEIGHT="53" WIDTH="36" VPOS="604" HPOS="1890"/>
<String CONTENT="book" HEIGHT="53" WIDTH="150" VPOS="604" HPOS="1927"/>
<SP HEIGHT="52" WIDTH="41" VPOS="604" HPOS="2078"/>
<String CONTENT="entitled]" HEIGHT="68" WIDTH="257" VPOS="604" HPOS="2120"/>
</TextLine>
<TextLine HEIGHT="148" WIDTH="1977" VPOS="681" HPOS="382" CS="1">
<String CONTENT="Germelshausen," HEIGHT="69" WIDTH="492" VPOS="681" HPOS="382"/>
<SP HEIGHT="48" WIDTH="30" VPOS="702" HPOS="875"/>
<String CONTENT="von" HEIGHT="34" WIDTH="111" VPOS="701" HPOS="906"/>
<SP HEIGHT="51" WIDTH="30" VPOS="684" HPOS="1018"/>
<String CONTENT="Friedrich" HEIGHT="54" WIDTH="304" VPOS="681" HPOS="1049"/>
<SP HEIGHT="55" WIDTH="30" VPOS="681" HPOS="1354"/>
<String LANG="de" CONTENT="Gerst&#228;cker" HEIGHT="55" WIDTH="340" VPOS="681" HPOS="1385"/>
<SP HEIGHT="33" WIDTH="35" VPOS="702" HPOS="1726"/>
<String CS="1" CONTENT="&#8230;"/>
<SP HEIGHT="52" WIDTH="74" VPOS="682" HPOS="1822"/>
<String CONTENT="New" HEIGHT="53" WIDTH="140" VPOS="682" HPOS="1897"/>
<SP HEIGHT="53" WIDTH="30" VPOS="682" HPOS="2038"/>
<String CONTENT="York," HEIGHT="68" WIDTH="181" VPOS="682" HPOS="2069"/>
<SP HEIGHT="68" WIDTH="28" VPOS="682" HPOS="2251"/>
<String CONTENT="Alfred" HEIGHT="133" WIDTH="1977" VPOS="682" HPOS="382"/>
<SP HEIGHT="55" WIDTH="26" VPOS="760" HPOS="513"/>
<String CONTENT="A." HEIGHT="53" WIDTH="70" VPOS="760" HPOS="540"/>
<SP HEIGHT="52" WIDTH="29" VPOS="761" HPOS="611"/>
<String CONTENT="Knopf," HEIGHT="69" WIDTH="226" VPOS="760" HPOS="641"/>
<SP HEIGHT="65" WIDTH="28" VPOS="764" HPOS="868"/>
<String CONTENT="1927." HEIGHT="56" WIDTH="150" VPOS="759" HPOS="897"/>
</TextLine>
<TextLine HEIGHT="50" WIDTH="993" VPOS="842" HPOS="453" STYLEREFS="StyleId-7E81C41D-35AF-4941-B9B5-2A6107B3C3E9-" CS="1">
<String CONTENT="xiii" HEIGHT="39" WIDTH="90" VPOS="844" HPOS="453"/>
<SP HEIGHT="48" WIDTH="26" VPOS="844" HPOS="544"/>
<String CONTENT="p.," HEIGHT="38" WIDTH="57" VPOS="854" HPOS="571"/>
<SP HEIGHT="46" WIDTH="26" VPOS="845" HPOS="629"/>
<String CS="1" CONTENT="1"/>
<SP/>
<String CS="1" CONTENT="l.," HEIGHT="16" WIDTH="9" VPOS="875" HPOS="745"/>
<SP HEIGHT="47" WIDTH="26" VPOS="844" HPOS="755"/>
<String CONTENT="92" HEIGHT="40" WIDTH="59" VPOS="844" HPOS="782"/>
<SP HEIGHT="48" WIDTH="24" VPOS="844" HPOS="842"/>
<String CONTENT="p." HEIGHT="37" WIDTH="42" VPOS="855" HPOS="867"/>
<SP HEIGHT="40" WIDTH="58" VPOS="844" HPOS="910"/>
<String CS="1" CONTENT="front."/>
<SP HEIGHT="48" WIDTH="27" VPOS="843" HPOS="1120"/>
<String CONTENT="(port.)" HEIGHT="49" WIDTH="174" VPOS="842" HPOS="1148"/>
<SP HEIGHT="48" WIDTH="66" VPOS="842" HPOS="1323"/>
<String CONTENT="19" HEIGHT="41" WIDTH="56" VPOS="842" HPOS="1390"/>
<String STYLE="superscript" CS="1" CONTENT="&#7580;&#7504;."/>
</TextLine>
<TextLine HEIGHT="53" WIDTH="1997" VPOS="896" HPOS="387" STYLEREFS="StyleId-7E81C41D-35AF-4941-B9B5-2A6107B3C3E9-" CS="1">
<String CONTENT="&#169;" HEIGHT="53" WIDTH="53" VPOS="896" HPOS="387"/>
<SP HEIGHT="53" WIDTH="26" VPOS="896" HPOS="441"/>
<String CONTENT="Dec." HEIGHT="41" WIDTH="113" VPOS="901" HPOS="468"/>
<SP HEIGHT="41" WIDTH="25" VPOS="901" HPOS="582"/>
<String CONTENT="24," HEIGHT="48" WIDTH="68" VPOS="901" HPOS="608"/>
<SP HEIGHT="47" WIDTH="27" VPOS="902" HPOS="677"/>
<String CS="1" CONTENT="1927;" HEIGHT="41" WIDTH="115" VPOS="900" HPOS="705"/>
<SP HEIGHT="47" WIDTH="28" VPOS="901" HPOS="847"/>
<String CONTENT="2c." HEIGHT="40" WIDTH="67" VPOS="901" HPOS="876"/>
<SP HEIGHT="40" WIDTH="27" VPOS="901" HPOS="944"/>
<String CONTENT="Dec." HEIGHT="40" WIDTH="112" VPOS="901" HPOS="972"/>
<SP HEIGHT="40" WIDTH="25" VPOS="901" HPOS="1085"/>
<String CS="1" CONTENT="29:" HEIGHT="40" WIDTH="59" VPOS="900" HPOS="1111"/>
<SP HEIGHT="31" WIDTH="29" VPOS="910" HPOS="1195"/>
<String CONTENT="aff." HEIGHT="42" WIDTH="83" VPOS="899" HPOS="1225"/>
<SP HEIGHT="41" WIDTH="27" VPOS="900" HPOS="1309"/>
<String CONTENT="Dec." HEIGHT="41" WIDTH="113" VPOS="900" HPOS="1337"/>
<SP HEIGHT="41" WIDTH="25" VPOS="900" HPOS="1451"/>
<String CS="1" CONTENT="30;" HEIGHT="41" WIDTH="57" VPOS="900" HPOS="1477"/>
<SP HEIGHT="46" WIDTH="30" VPOS="901" HPOS="1560"/>
<!-- cceid 1589419D-6CB2-1014-A20E-B9D6251C946A --><String CONTENT="A" HEIGHT="39" WIDTH="40" VPOS="901" HPOS="1591"/>
<SP HEIGHT="39" WIDTH="24" VPOS="901" HPOS="1632"/>
<String CS="1" CONTENT="1018058;" HEIGHT="41" WIDTH="205" VPOS="900" HPOS="1657"/>
<SP HEIGHT="45" WIDTH="28" VPOS="902" HPOS="1889"/>
<String CONTENT="Alfred" HEIGHT="40" WIDTH="173" VPOS="900" HPOS="1918"/>
<SP HEIGHT="40" WIDTH="27" VPOS="900" HPOS="2092"/>
<String CONTENT="A." HEIGHT="42" WIDTH="55" VPOS="900" HPOS="2120"/>
<SP HEIGHT="41" WIDTH="27" VPOS="901" HPOS="2176"/>
<String CONTENT="Knopf," HEIGHT="49" WIDTH="180" VPOS="900" HPOS="2204"/>
</TextLine>
<TextLine HEIGHT="42" WIDTH="92" VPOS="957" HPOS="458" STYLEREFS="StyleId-7E81C41D-35AF-4941-B9B5-2A6107B3C3E9-">
<String CONTENT="inc." HEIGHT="42" WIDTH="92" VPOS="957" HPOS="458"/>
</TextLine>
<TextLine HEIGHT="65" WIDTH="809" VPOS="1049" HPOS="382" STYLEREFS="StyleId-8D5E5DBE-AE4D-41BD-8766-3F81C121D5DD-">
<String CONTENT="Schwartz," HEIGHT="63" WIDTH="323" VPOS="1050" HPOS="382"/>
<SP HEIGHT="63" WIDTH="31" VPOS="1050" HPOS="706"/>
<String CONTENT="George," HEIGHT="64" WIDTH="246" VPOS="1050" HPOS="738"/>
<SP HEIGHT="59" WIDTH="33" VPOS="1054" HPOS="985"/>
<String CONTENT="1897-" HEIGHT="55" WIDTH="172" VPOS="1049" HPOS="1019"/>
</TextLine>
<TextLine HEIGHT="71" WIDTH="1936" VPOS="1126" HPOS="453">
<String CONTENT="Illustrated" HEIGHT="53" WIDTH="340" VPOS="1129" HPOS="453"/>
<SP HEIGHT="52" WIDTH="27" VPOS="1129" HPOS="794"/>
<String CONTENT="operative" HEIGHT="68" WIDTH="293" VPOS="1128" HPOS="822"/>
<SP HEIGHT="34" WIDTH="25" VPOS="1147" HPOS="1116"/>
<String CONTENT="surgery" HEIGHT="51" WIDTH="240" VPOS="1146" HPOS="1142"/>
<SP HEIGHT="69" WIDTH="30" VPOS="1128" HPOS="1383"/>
<String CONTENT="for" HEIGHT="53" WIDTH="94" VPOS="1128" HPOS="1414"/>
<SP HEIGHT="35" WIDTH="26" VPOS="1147" HPOS="1509"/>
<String CONTENT="students" HEIGHT="54" WIDTH="259" VPOS="1128" HPOS="1536"/>
<SP HEIGHT="33" WIDTH="27" VPOS="1148" HPOS="1796"/>
<String CONTENT="and" HEIGHT="53" WIDTH="116" VPOS="1128" HPOS="1824"/>
<SP HEIGHT="68" WIDTH="25" VPOS="1128" HPOS="1941"/>
<String CONTENT="practitioners," HEIGHT="70" WIDTH="422" VPOS="1126" HPOS="1967"/>
</TextLine>
<TextLine HEIGHT="148" WIDTH="1982" VPOS="1205" HPOS="382" CS="1">
<String CONTENT="by" HEIGHT="69" WIDTH="75" VPOS="1206" HPOS="382"/>
<SP HEIGHT="69" WIDTH="45" VPOS="1206" HPOS="458"/>
<String CONTENT="George" HEIGHT="70" WIDTH="223" VPOS="1206" HPOS="504"/>
<SP HEIGHT="56" WIDTH="46" VPOS="1205" HPOS="728"/>
<String CONTENT="Schwartz" HEIGHT="56" WIDTH="293" VPOS="1205" HPOS="775"/>
<SP HEIGHT="34" WIDTH="48" VPOS="1224" HPOS="1069"/>
<String CS="1" CONTENT="&#8230;"/>
<SP HEIGHT="49" WIDTH="80" VPOS="1209" HPOS="1177"/>
<String CONTENT="1st" HEIGHT="50" WIDTH="86" VPOS="1209" HPOS="1258"/>
<SP HEIGHT="48" WIDTH="42" VPOS="1211" HPOS="1345"/>
<String CONTENT="ed." HEIGHT="53" WIDTH="85" VPOS="1206" HPOS="1388"/>
<SP HEIGHT="54" WIDTH="73" VPOS="1206" HPOS="1474"/>
<String CONTENT="New" HEIGHT="54" WIDTH="140" VPOS="1206" HPOS="1548"/>
<SP HEIGHT="54" WIDTH="43" VPOS="1205" HPOS="1689"/>
<String CONTENT="York," HEIGHT="69" WIDTH="180" VPOS="1205" HPOS="1733"/>
<SP HEIGHT="68" WIDTH="42" VPOS="1206" HPOS="1914"/>
<String LANG="fr" CONTENT="N." HEIGHT="54" WIDTH="72" VPOS="1206" HPOS="1957"/>
<SP HEIGHT="54" WIDTH="47" VPOS="1206" HPOS="2030"/>
<String CONTENT="Y.," HEIGHT="68" WIDTH="91" VPOS="1206" HPOS="2078"/>
<SP HEIGHT="68" WIDTH="44" VPOS="1206" HPOS="2170"/>
<String CONTENT="Dartmouth" HEIGHT="132" WIDTH="1982" VPOS="1206" HPOS="382"/>
<SP HEIGHT="69" WIDTH="28" VPOS="1284" HPOS="583"/>
<String CONTENT="press," HEIGHT="50" WIDTH="176" VPOS="1303" HPOS="612"/>
<SP HEIGHT="69" WIDTH="27" VPOS="1283" HPOS="789"/>
<String CONTENT="inc." HEIGHT="54" WIDTH="107" VPOS="1283" HPOS="817"/>
<SP HEIGHT="34" WIDTH="37" VPOS="1317" HPOS="925"/>
<String CS="1" CONTENT="[&#7580;1928]" HEIGHT="65" WIDTH="152" VPOS="1286" HPOS="1004"/>
</TextLine>
<TextLine HEIGHT="51" WIDTH="568" VPOS="1367" HPOS="454" STYLEREFS="StyleId-7E81C41D-35AF-4941-B9B5-2A6107B3C3E9-" CS="1">
<String CONTENT="757," HEIGHT="47" WIDTH="98" VPOS="1369" HPOS="454"/>
<SP HEIGHT="30" WIDTH="31" VPOS="1388" HPOS="553"/>
<String CONTENT="[1]" HEIGHT="49" WIDTH="55" VPOS="1369" HPOS="585"/>
<SP HEIGHT="38" WIDTH="30" VPOS="1379" HPOS="641"/>
<String CONTENT="p." HEIGHT="38" WIDTH="45" VPOS="1379" HPOS="672"/>
<SP HEIGHT="40" WIDTH="57" VPOS="1368" HPOS="718"/>
<String CONTENT="illus." HEIGHT="40" WIDTH="130" VPOS="1368" HPOS="776"/>
<SP HEIGHT="38" WIDTH="58" VPOS="1368" HPOS="907"/>
<String CONTENT="26" HEIGHT="40" WIDTH="56" VPOS="1367" HPOS="966"/>
<String STYLE="superscript" CS="1" CONTENT="&#7580;&#7504;."/>
</TextLine>
<TextLine HEIGHT="52" WIDTH="1999" VPOS="1421" HPOS="388" STYLEREFS="StyleId-7E81C41D-35AF-4941-B9B5-2A6107B3C3E9-">
<String CONTENT="&#169;" HEIGHT="52" WIDTH="53" VPOS="1421" HPOS="388"/>
<SP HEIGHT="52" WIDTH="28" VPOS="1421" HPOS="442"/>
<String CONTENT="Jan." HEIGHT="40" WIDTH="110" VPOS="1425" HPOS="471"/>
<SP HEIGHT="40" WIDTH="27" VPOS="1425" HPOS="582"/>
<String CONTENT="17," HEIGHT="46" WIDTH="69" VPOS="1425" HPOS="610"/>
<SP HEIGHT="47" WIDTH="29" VPOS="1424" HPOS="680"/>
<String CONTENT="1928;" HEIGHT="46" WIDTH="141" VPOS="1424" HPOS="710"/>
<SP HEIGHT="46" WIDTH="30" VPOS="1424" HPOS="852"/>
<String CONTENT="2c." HEIGHT="41" WIDTH="67" VPOS="1424" HPOS="883"/>
<SP HEIGHT="31" WIDTH="29" VPOS="1434" HPOS="951"/>
<String CONTENT="and" HEIGHT="39" WIDTH="95" VPOS="1424" HPOS="981"/>
<SP HEIGHT="39" WIDTH="30" VPOS="1424" HPOS="1077"/>
<String CONTENT="aff." HEIGHT="42" WIDTH="82" VPOS="1422" HPOS="1108"/>
<SP HEIGHT="41" WIDTH="29" VPOS="1423" HPOS="1191"/>
<String CONTENT="Feb." HEIGHT="41" WIDTH="112" VPOS="1423" HPOS="1221"/>
<SP HEIGHT="40" WIDTH="28" VPOS="1424" HPOS="1334"/>
<String CONTENT="4;" HEIGHT="46" WIDTH="55" VPOS="1424" HPOS="1363"/>
<SP HEIGHT="47" WIDTH="30" VPOS="1423" HPOS="1419"/>
<!-- cceid 158A0355-6CB2-1014-A20E-B9D6251C946A --><String CONTENT="A" HEIGHT="40" WIDTH="42" VPOS="1423" HPOS="1450"/>
<SP HEIGHT="40" WIDTH="26" VPOS="1423" HPOS="1493"/>
<String CONTENT="1018689;" HEIGHT="42" WIDTH="229" VPOS="1423" HPOS="1520"/>
<SP HEIGHT="39" WIDTH="32" VPOS="1424" HPOS="1750"/>
<String CONTENT="Dartmouth" HEIGHT="41" WIDTH="300" VPOS="1424" HPOS="1783"/>
<SP HEIGHT="48" WIDTH="30" VPOS="1424" HPOS="2084"/>
<String CONTENT="press," HEIGHT="38" WIDTH="148" VPOS="1434" HPOS="2115"/>
<SP HEIGHT="46" WIDTH="32" VPOS="1424" HPOS="2264"/>
<String CONTENT="inc." HEIGHT="42" WIDTH="90" VPOS="1424" HPOS="2297"/>
</TextLine>
<TextLine HEIGHT="49" WIDTH="253" VPOS="1481" HPOS="466" STYLEREFS="StyleId-7E81C41D-35AF-4941-B9B5-2A6107B3C3E9-">
<String CONTENT="(28-4356)" HEIGHT="49" WIDTH="253" VPOS="1481" HPOS="466"/>
</TextLine>
<TextLine HEIGHT="65" WIDTH="1098" VPOS="1575" HPOS="381" STYLEREFS="StyleId-8D5E5DBE-AE4D-41BD-8766-3F81C121D5DD-">
<String CONTENT="Shakespeare," HEIGHT="64" WIDTH="428" VPOS="1576" HPOS="381"/>
<SP HEIGHT="62" WIDTH="31" VPOS="1577" HPOS="810"/>
<String CONTENT="William," HEIGHT="64" WIDTH="275" VPOS="1575" HPOS="842"/>
<SP HEIGHT="59" WIDTH="33" VPOS="1580" HPOS="1118"/>
<String CONTENT="1564-1616." HEIGHT="50" WIDTH="327" VPOS="1579" HPOS="1152"/>
</TextLine>
<TextLine HEIGHT="70" WIDTH="1869" VPOS="1653" HPOS="518" CS="1">
<String CS="1" CONTENT="&#8230;"/>
<SP HEIGHT="54" WIDTH="37" VPOS="1655" HPOS="518"/>
<String CONTENT="William" HEIGHT="55" WIDTH="262" VPOS="1654" HPOS="556"/>
<SP HEIGHT="56" WIDTH="36" VPOS="1653" HPOS="819"/>
<String CONTENT="Shakespeare&#8217;s" HEIGHT="70" WIDTH="436" VPOS="1653" HPOS="856"/>
<SP HEIGHT="53" WIDTH="36" VPOS="1655" HPOS="1293"/>
<String CONTENT="The" HEIGHT="52" WIDTH="122" VPOS="1655" HPOS="1330"/>
<SP HEIGHT="33" WIDTH="34" VPOS="1674" HPOS="1453"/>
<String CONTENT="merchant" HEIGHT="53" WIDTH="295" VPOS="1654" HPOS="1488"/>
<SP HEIGHT="47" WIDTH="32" VPOS="1660" HPOS="1784"/>
<String CONTENT="of" HEIGHT="54" WIDTH="66" VPOS="1653" HPOS="1817"/>
<SP HEIGHT="55" WIDTH="32" VPOS="1653" HPOS="1884"/>
<String CONTENT="Venice;" HEIGHT="67" WIDTH="242" VPOS="1654" HPOS="1917"/>
<SP HEIGHT="48" WIDTH="40" VPOS="1673" HPOS="2160"/>
<String CONTENT="edited" HEIGHT="53" WIDTH="186" VPOS="1654" HPOS="2201"/>
</TextLine>
<TextLine HEIGHT="71" WIDTH="2003" VPOS="1731" HPOS="387" CS="1">
<String CONTENT="for" HEIGHT="53" WIDTH="96" VPOS="1732" HPOS="387"/>
<SP HEIGHT="34" WIDTH="31" VPOS="1752" HPOS="484"/>
<String CONTENT="school" HEIGHT="53" WIDTH="191" VPOS="1733" HPOS="516"/>
<SP HEIGHT="52" WIDTH="31" VPOS="1733" HPOS="708"/>
<String CONTENT="use" HEIGHT="34" WIDTH="97" VPOS="1752" HPOS="740"/>
<SP HEIGHT="54" WIDTH="30" VPOS="1732" HPOS="838"/>
<String CONTENT="by" HEIGHT="69" WIDTH="78" VPOS="1732" HPOS="869"/>
<SP HEIGHT="70" WIDTH="32" VPOS="1731" HPOS="948"/>
<String LANG="fr" CONTENT="S." HEIGHT="56" WIDTH="55" VPOS="1731" HPOS="981"/>
<SP HEIGHT="52" WIDTH="36" VPOS="1733" HPOS="1037"/>
<String CONTENT="R." HEIGHT="52" WIDTH="69" VPOS="1733" HPOS="1074"/>
<SP HEIGHT="52" WIDTH="34" VPOS="1733" HPOS="1144"/>
<String CONTENT="Hadsell" HEIGHT="53" WIDTH="246" VPOS="1733" HPOS="1179"/>
<SP HEIGHT="52" WIDTH="40" VPOS="1733" HPOS="1426"/>
<String CS="1" CONTENT="&#8230;"/>
<SP HEIGHT="56" WIDTH="74" VPOS="1732" HPOS="1524"/>
<String CONTENT="Oklahoma" HEIGHT="56" WIDTH="324" VPOS="1732" HPOS="1599"/>
<SP HEIGHT="56" WIDTH="34" VPOS="1731" HPOS="1924"/>
<String CONTENT="City," HEIGHT="71" WIDTH="155" VPOS="1731" HPOS="1959"/>
<SP HEIGHT="67" WIDTH="33" VPOS="1733" HPOS="2115"/>
<String CONTENT="Harlow" HEIGHT="53" WIDTH="241" VPOS="1732" HPOS="2149"/>
</TextLine>
<TextLine HEIGHT="70" WIDTH="843" VPOS="1810" HPOS="386">
<String CONTENT="publishing" HEIGHT="70" WIDTH="337" VPOS="1810" HPOS="386"/>
<SP HEIGHT="51" WIDTH="25" VPOS="1829" HPOS="724"/>
<String CONTENT="company," HEIGHT="50" WIDTH="298" VPOS="1829" HPOS="750"/>
<SP HEIGHT="65" WIDTH="27" VPOS="1814" HPOS="1049"/>
<String CONTENT="1928." HEIGHT="51" WIDTH="152" VPOS="1813" HPOS="1077"/>
</TextLine>
<TextLine HEIGHT="98" WIDTH="1987" VPOS="1891" HPOS="388" STYLEREFS="StyleId-7E81C41D-35AF-4941-B9B5-2A6107B3C3E9-" CS="1">
<String CONTENT="2" HEIGHT="38" WIDTH="27" VPOS="1893" HPOS="457"/>
<SP/>
<String LANG="fr" CONTENT="p." HEIGHT="37" WIDTH="43" VPOS="1904" HPOS="516"/>
<SP HEIGHT="40" WIDTH="30" VPOS="1893" HPOS="560"/>
<String LANG="fr" CS="1" CONTENT="l"/>
<String CONTENT=".," HEIGHT="16" WIDTH="23" VPOS="1923" HPOS="613"/>
<SP HEIGHT="35" WIDTH="32" VPOS="1904" HPOS="637"/>
<String CONTENT="viii," HEIGHT="47" WIDTH="101" VPOS="1892" HPOS="670"/>
<SP HEIGHT="30" WIDTH="35" VPOS="1912" HPOS="772"/>
<String CONTENT="[2]," HEIGHT="49" WIDTH="71" VPOS="1893" HPOS="808"/>
<SP HEIGHT="47" WIDTH="31" VPOS="1893" HPOS="880"/>
<String CONTENT="105" HEIGHT="40" WIDTH="86" VPOS="1892" HPOS="912"/>
<SP HEIGHT="49" WIDTH="29" VPOS="1892" HPOS="999"/>
<String CONTENT="p." HEIGHT="37" WIDTH="44" VPOS="1904" HPOS="1029"/>
<SP HEIGHT="41" WIDTH="57" VPOS="1892" HPOS="1074"/>
<String CS="1" CONTENT="front."/>
<SP HEIGHT="49" WIDTH="26" VPOS="1891" HPOS="1285"/>
<String CONTENT="(port.)" HEIGHT="50" WIDTH="173" VPOS="1891" HPOS="1312"/>
<SP HEIGHT="48" WIDTH="40" VPOS="1891" HPOS="1486"/>
<String CONTENT="illus." HEIGHT="41" WIDTH="129" VPOS="1892" HPOS="1527"/>
<SP HEIGHT="40" WIDTH="59" VPOS="1893" HPOS="1657"/>
<String CONTENT="17" HEIGHT="41" WIDTH="57" VPOS="1893" HPOS="1717"/>
<String STYLE="superscript" CS="1" CONTENT="&#7580;&#7504;."/>
<SP HEIGHT="49" WIDTH="67" VPOS="1892" HPOS="1835"/>
<String CONTENT="(The" HEIGHT="49" WIDTH="126" VPOS="1892" HPOS="1903"/>
<SP HEIGHT="39" WIDTH="35" VPOS="1894" HPOS="2030"/>
<String CONTENT="Western" HEIGHT="39" WIDTH="221" VPOS="1894" HPOS="2066"/>
<SP HEIGHT="30" WIDTH="35" VPOS="1904" HPOS="2288"/>
<String CONTENT="series" HEIGHT="85" WIDTH="1987" VPOS="1904" HPOS="388"/>
</TextLine>
<TextLine HEIGHT="48" WIDTH="942" VPOS="1949" HPOS="509" STYLEREFS="StyleId-7E81C41D-35AF-4941-B9B5-2A6107B3C3E9-">
<String CONTENT="of" HEIGHT="40" WIDTH="52" VPOS="1949" HPOS="509"/>
<SP HEIGHT="40" WIDTH="24" VPOS="1949" HPOS="562"/>
<String CONTENT="English" HEIGHT="48" WIDTH="204" VPOS="1949" HPOS="587"/>
<SP HEIGHT="39" WIDTH="22" VPOS="1950" HPOS="792"/>
<String CONTENT="and" HEIGHT="39" WIDTH="97" VPOS="1950" HPOS="815"/>
<SP HEIGHT="39" WIDTH="25" VPOS="1950" HPOS="913"/>
<String CONTENT="American" HEIGHT="40" WIDTH="259" VPOS="1949" HPOS="939"/>
<SP HEIGHT="29" WIDTH="25" VPOS="1960" HPOS="1199"/>
<String CONTENT="classics)" HEIGHT="48" WIDTH="226" VPOS="1949" HPOS="1225"/>
</TextLine>
<TextLine HEIGHT="53" WIDTH="1886" VPOS="2003" HPOS="389" STYLEREFS="StyleId-7E81C41D-35AF-4941-B9B5-2A6107B3C3E9-">
<String CONTENT="&#169;" HEIGHT="52" WIDTH="53" VPOS="2003" HPOS="389"/>
<SP HEIGHT="52" WIDTH="31" VPOS="2003" HPOS="443"/>
<String CONTENT="Jan." HEIGHT="41" WIDTH="110" VPOS="2007" HPOS="475"/>
<SP HEIGHT="40" WIDTH="29" VPOS="2008" HPOS="586"/>
<String CONTENT="21," HEIGHT="47" WIDTH="68" VPOS="2007" HPOS="616"/>
<SP HEIGHT="46" WIDTH="30" VPOS="2008" HPOS="685"/>
<String CONTENT="1928;" HEIGHT="46" WIDTH="142" VPOS="2007" HPOS="716"/>
<SP HEIGHT="45" WIDTH="31" VPOS="2008" HPOS="859"/>
<String CONTENT="2c." HEIGHT="40" WIDTH="68" VPOS="2008" HPOS="891"/>
<SP HEIGHT="30" WIDTH="30" VPOS="2018" HPOS="960"/>
<String CONTENT="and" HEIGHT="39" WIDTH="96" VPOS="2010" HPOS="991"/>
<SP HEIGHT="39" WIDTH="30" VPOS="2010" HPOS="1088"/>
<String CONTENT="aff." HEIGHT="42" WIDTH="83" VPOS="2006" HPOS="1119"/>
<SP HEIGHT="40" WIDTH="31" VPOS="2008" HPOS="1203"/>
<String CONTENT="Jan." HEIGHT="40" WIDTH="110" VPOS="2008" HPOS="1235"/>
<SP HEIGHT="40" WIDTH="30" VPOS="2008" HPOS="1346"/>
<String CONTENT="30;" HEIGHT="45" WIDTH="83" VPOS="2007" HPOS="1377"/>
<SP HEIGHT="45" WIDTH="33" VPOS="2007" HPOS="1461"/>
<!-- cceid 158ACA90-6CB2-1014-A20E-B9D6251C946A --><String CONTENT="A" HEIGHT="39" WIDTH="39" VPOS="2007" HPOS="1495"/>
<SP HEIGHT="39" WIDTH="30" VPOS="2007" HPOS="1535"/>
<String CONTENT="1061471;" HEIGHT="41" WIDTH="229" VPOS="2007" HPOS="1566"/>
<SP HEIGHT="39" WIDTH="34" VPOS="2008" HPOS="1796"/>
<String CONTENT="Harlow" HEIGHT="40" WIDTH="202" VPOS="2008" HPOS="1831"/>
<SP HEIGHT="38" WIDTH="31" VPOS="2018" HPOS="2034"/>
<String CONTENT="pub." HEIGHT="48" WIDTH="110" VPOS="2008" HPOS="2066"/>
<SP HEIGHT="30" WIDTH="29" VPOS="2019" HPOS="2177"/>
<String CONTENT="co." HEIGHT="30" WIDTH="68" VPOS="2019" HPOS="2207"/>
</TextLine>
<TextLine HEIGHT="53" WIDTH="1453" VPOS="2060" HPOS="463" STYLEREFS="StyleId-7E81C41D-35AF-4941-B9B5-2A6107B3C3E9-" CS="1">
<String CONTENT="[&#169;" HEIGHT="53" WIDTH="69" VPOS="2060" HPOS="463"/>
<SP HEIGHT="52" WIDTH="30" VPOS="2060" HPOS="533"/>
<String CONTENT="introduction," HEIGHT="48" WIDTH="347" VPOS="2064" HPOS="564"/>
<SP HEIGHT="37" WIDTH="30" VPOS="2075" HPOS="912"/>
<String CONTENT="notes," HEIGHT="47" WIDTH="152" VPOS="2065" HPOS="943"/>
<SP HEIGHT="38" WIDTH="30" VPOS="2075" HPOS="1096"/>
<String CONTENT="glossary" HEIGHT="47" WIDTH="223" VPOS="2066" HPOS="1127"/>
<SP HEIGHT="37" WIDTH="30" VPOS="2075" HPOS="1351"/>
<String CONTENT="and" HEIGHT="40" WIDTH="96" VPOS="2065" HPOS="1382"/>
<SP HEIGHT="42" WIDTH="30" VPOS="2065" HPOS="1479"/>
<String CONTENT="teacher&#8217;s" HEIGHT="43" WIDTH="237" VPOS="2064" HPOS="1510"/>
<SP HEIGHT="40" WIDTH="30" VPOS="2065" HPOS="1748"/>
<String CS="1" CONTENT="helps]" HEIGHT="49" WIDTH="137" VPOS="2064" HPOS="1779"/>
</TextLine>
<TextLine HEIGHT="49" WIDTH="253" VPOS="2121" HPOS="468" STYLEREFS="StyleId-7E81C41D-35AF-4941-B9B5-2A6107B3C3E9-">
<String CONTENT="(28-3715)" HEIGHT="49" WIDTH="253" VPOS="2121" HPOS="468"/>
</TextLine>
<TextLine HEIGHT="65" WIDTH="1159" VPOS="2214" HPOS="386">
<String CONTENT="Shenton," HEIGHT="64" WIDTH="285" VPOS="2215" HPOS="386"/>
<SP HEIGHT="63" WIDTH="38" VPOS="2216" HPOS="672"/>
<String CONTENT="Herbert" HEIGHT="54" WIDTH="260" VPOS="2215" HPOS="711"/>
<SP HEIGHT="53" WIDTH="37" VPOS="2216" HPOS="972"/>
<String CONTENT="Newhard," HEIGHT="65" WIDTH="320" VPOS="2214" HPOS="1010"/>
<SP HEIGHT="60" WIDTH="42" VPOS="2219" HPOS="1331"/>
<String CONTENT="1884-" HEIGHT="50" WIDTH="171" VPOS="2219" HPOS="1374"/>
</TextLine>
<TextLine HEIGHT="70" WIDTH="1937" VPOS="2293" HPOS="456">
<String CONTENT="The" HEIGHT="53" WIDTH="122" VPOS="2294" HPOS="456"/>
<SP HEIGHT="50" WIDTH="26" VPOS="2312" HPOS="579"/>
<String CONTENT="practical" HEIGHT="68" WIDTH="276" VPOS="2294" HPOS="606"/>
<SP HEIGHT="52" WIDTH="28" VPOS="2295" HPOS="883"/>
<String CONTENT="application" HEIGHT="69" WIDTH="357" VPOS="2294" HPOS="912"/>
<SP HEIGHT="34" WIDTH="28" VPOS="2313" HPOS="1270"/>
<String CONTENT="of" HEIGHT="54" WIDTH="65" VPOS="2293" HPOS="1299"/>
<SP HEIGHT="55" WIDTH="26" VPOS="2293" HPOS="1365"/>
<String CONTENT="sociology;" HEIGHT="69" WIDTH="317" VPOS="2294" HPOS="1392"/>
<SP HEIGHT="49" WIDTH="31" VPOS="2312" HPOS="1710"/>
<String CONTENT="a" HEIGHT="34" WIDTH="32" VPOS="2313" HPOS="1742"/>
<SP HEIGHT="34" WIDTH="28" VPOS="2313" HPOS="1775"/>
<String CONTENT="study" HEIGHT="68" WIDTH="174" VPOS="2294" HPOS="1804"/>
<SP HEIGHT="49" WIDTH="27" VPOS="2313" HPOS="1979"/>
<String CONTENT="of" HEIGHT="54" WIDTH="66" VPOS="2293" HPOS="2007"/>
<SP HEIGHT="54" WIDTH="26" VPOS="2293" HPOS="2074"/>
<String CONTENT="the" HEIGHT="53" WIDTH="97" VPOS="2294" HPOS="2101"/>
<SP HEIGHT="34" WIDTH="28" VPOS="2313" HPOS="2199"/>
<String CONTENT="scope" HEIGHT="51" WIDTH="165" VPOS="2312" HPOS="2228"/>
</TextLine>
<TextLine HEIGHT="132" WIDTH="1985" VPOS="2372" HPOS="383" CS="1">
<String CONTENT="and" HEIGHT="53" WIDTH="115" VPOS="2373" HPOS="385"/>
<SP HEIGHT="68" WIDTH="27" VPOS="2373" HPOS="501"/>
<String CONTENT="purpose" HEIGHT="51" WIDTH="247" VPOS="2390" HPOS="529"/>
<SP HEIGHT="34" WIDTH="28" VPOS="2392" HPOS="777"/>
<String CONTENT="of" HEIGHT="54" WIDTH="65" VPOS="2372" HPOS="806"/>
<SP HEIGHT="54" WIDTH="27" VPOS="2372" HPOS="872"/>
<String CONTENT="applied" HEIGHT="70" WIDTH="235" VPOS="2372" HPOS="900"/>
<SP HEIGHT="54" WIDTH="28" VPOS="2373" HPOS="1136"/>
<String CONTENT="sociology," HEIGHT="69" WIDTH="308" VPOS="2373" HPOS="1165"/>
<SP HEIGHT="68" WIDTH="26" VPOS="2372" HPOS="1474"/>
<String CONTENT="by" HEIGHT="70" WIDTH="76" VPOS="2372" HPOS="1501"/>
<SP HEIGHT="69" WIDTH="29" VPOS="2373" HPOS="1578"/>
<String CONTENT="Herbert" HEIGHT="54" WIDTH="252" VPOS="2372" HPOS="1608"/>
<SP HEIGHT="53" WIDTH="27" VPOS="2373" HPOS="1861"/>
<String CONTENT="Newhard" HEIGHT="54" WIDTH="292" VPOS="2372" HPOS="1889"/>
<SP HEIGHT="56" WIDTH="32" VPOS="2372" HPOS="2182"/>
<String CONTENT="Shenton" HEIGHT="132" WIDTH="1985" VPOS="2372" HPOS="383"/>
<SP HEIGHT="34" WIDTH="34" VPOS="2470" HPOS="486"/>
<String CS="1" CONTENT="&#8230;"/>
</TextLine>
<TextLine HEIGHT="69" WIDTH="1437" VPOS="2451" HPOS="648">
<String CONTENT="New" HEIGHT="54" WIDTH="141" VPOS="2451" HPOS="648"/>
<SP HEIGHT="52" WIDTH="30" VPOS="2452" HPOS="790"/>
<String CONTENT="York," HEIGHT="68" WIDTH="181" VPOS="2451" HPOS="821"/>
<SP HEIGHT="68" WIDTH="32" VPOS="2451" HPOS="1003"/>
<String CONTENT="Columbia" HEIGHT="55" WIDTH="302" VPOS="2451" HPOS="1036"/>
<SP HEIGHT="34" WIDTH="31" VPOS="2470" HPOS="1339"/>
<String CONTENT="university" HEIGHT="69" WIDTH="321" VPOS="2451" HPOS="1371"/>
<SP HEIGHT="50" WIDTH="29" VPOS="2470" HPOS="1693"/>
<String CONTENT="press," HEIGHT="50" WIDTH="176" VPOS="2470" HPOS="1723"/>
<SP HEIGHT="64" WIDTH="32" VPOS="2455" HPOS="1900"/>
<String CONTENT="1927." HEIGHT="53" WIDTH="152" VPOS="2452" HPOS="1933"/>
</TextLine>
<TextLine HEIGHT="50" WIDTH="1005" VPOS="2533" HPOS="454" STYLEREFS="StyleId-7E81C41D-35AF-4941-B9B5-2A6107B3C3E9-" CS="1">
<String CONTENT="xviii" HEIGHT="41" WIDTH="122" VPOS="2533" HPOS="454"/>
<SP HEIGHT="49" WIDTH="26" VPOS="2533" HPOS="577"/>
<String LANG="fr" CONTENT="p.," HEIGHT="37" WIDTH="58" VPOS="2545" HPOS="604"/>
<SP HEIGHT="47" WIDTH="27" VPOS="2534" HPOS="663"/>
<String CS="1" CONTENT="1"/>
<SP/>
<String CS="1" CONTENT="l.," HEIGHT="16" WIDTH="9" VPOS="2565" HPOS="780"/>
<SP HEIGHT="30" WIDTH="31" VPOS="2552" HPOS="790"/>
<String CONTENT="[21]-259" HEIGHT="50" WIDTH="205" VPOS="2533" HPOS="822"/>
<SP HEIGHT="49" WIDTH="27" VPOS="2533" HPOS="1028"/>
<String CONTENT="p." HEIGHT="37" WIDTH="44" VPOS="2545" HPOS="1056"/>
<SP HEIGHT="40" WIDTH="61" VPOS="2535" HPOS="1101"/>
<String CONTENT="diagrs." HEIGHT="49" WIDTH="180" VPOS="2533" HPOS="1163"/>
<SP HEIGHT="39" WIDTH="58" VPOS="2535" HPOS="1344"/>
<String CS="1" CONTENT="21&#189;&#7580;&#7504;." HEIGHT="39" WIDTH="56" VPOS="2534" HPOS="1403"/>
</TextLine>
<TextLine HEIGHT="53" WIDTH="1999" VPOS="2586" HPOS="391" STYLEREFS="StyleId-6ECD4F04-1F06-4211-84CF-8D35DAD37E54-">
<String CONTENT="&#169;" HEIGHT="53" WIDTH="52" VPOS="2586" HPOS="391"/>
<SP HEIGHT="53" WIDTH="34" VPOS="2586" HPOS="444"/>
<String CONTENT="Jan." HEIGHT="41" WIDTH="110" VPOS="2591" HPOS="479"/>
<SP HEIGHT="41" WIDTH="32" VPOS="2591" HPOS="590"/>
<String CONTENT="18," HEIGHT="48" WIDTH="70" VPOS="2591" HPOS="623"/>
<SP HEIGHT="47" WIDTH="32" VPOS="2592" HPOS="694"/>
<String CONTENT="1928;" HEIGHT="46" WIDTH="142" VPOS="2591" HPOS="727"/>
<SP HEIGHT="45" WIDTH="33" VPOS="2592" HPOS="870"/>
<String CONTENT="2c." HEIGHT="41" WIDTH="68" VPOS="2592" HPOS="904"/>
<SP HEIGHT="42" WIDTH="33" VPOS="2591" HPOS="973"/>
<String CONTENT="Jan." HEIGHT="42" WIDTH="110" VPOS="2591" HPOS="1007"/>
<SP HEIGHT="41" WIDTH="33" VPOS="2592" HPOS="1118"/>
<String CONTENT="19;" HEIGHT="47" WIDTH="84" VPOS="2591" HPOS="1152"/>
<SP HEIGHT="37" WIDTH="35" VPOS="2601" HPOS="1237"/>
<String CONTENT="aff." HEIGHT="41" WIDTH="82" VPOS="2591" HPOS="1273"/>
<SP HEIGHT="42" WIDTH="34" VPOS="2590" HPOS="1356"/>
<String CONTENT="Feb." HEIGHT="42" WIDTH="112" VPOS="2590" HPOS="1391"/>
<SP HEIGHT="40" WIDTH="32" VPOS="2592" HPOS="1504"/>
<String CONTENT="3;" HEIGHT="46" WIDTH="55" VPOS="2592" HPOS="1537"/>
<SP HEIGHT="47" WIDTH="32" VPOS="2591" HPOS="1593"/>
<!-- cceid 158B8441-6CB2-1014-A20E-B9D6251C946A --><String CONTENT="A" HEIGHT="40" WIDTH="42" VPOS="2591" HPOS="1626"/>
<SP HEIGHT="40" WIDTH="32" VPOS="2591" HPOS="1669"/>
<String CONTENT="1061521;" HEIGHT="47" WIDTH="231" VPOS="2591" HPOS="1702"/>
<SP HEIGHT="47" WIDTH="35" VPOS="2591" HPOS="1934"/>
<String CONTENT="Columbia" HEIGHT="41" WIDTH="255" VPOS="2591" HPOS="1970"/>
<SP HEIGHT="30" WIDTH="33" VPOS="2602" HPOS="2226"/>
<String CONTENT="univ." HEIGHT="41" WIDTH="130" VPOS="2592" HPOS="2260"/>
</TextLine>
<TextLine HEIGHT="49" WIDTH="476" VPOS="2648" HPOS="459" STYLEREFS="StyleId-6ECD4F04-1F06-4211-84CF-8D35DAD37E54-">
<String CONTENT="press." HEIGHT="37" WIDTH="150" VPOS="2659" HPOS="459"/>
<SP HEIGHT="48" WIDTH="72" VPOS="2648" HPOS="610"/>
<String CONTENT="(28-4387)" HEIGHT="49" WIDTH="252" VPOS="2648" HPOS="683"/>
</TextLine>
<TextLine HEIGHT="64" WIDTH="1115" VPOS="2742" HPOS="385" STYLEREFS="StyleId-3B27D65B-D472-4AF7-B72B-DD3B799B6787-">
<String CONTENT="Sheppard," HEIGHT="64" WIDTH="325" VPOS="2742" HPOS="385"/>
<SP HEIGHT="62" WIDTH="31" VPOS="2743" HPOS="711"/>
<String CONTENT="Hugh" HEIGHT="64" WIDTH="182" VPOS="2742" HPOS="743"/>
<SP HEIGHT="53" WIDTH="30" VPOS="2742" HPOS="926"/>
<String CONTENT="Richard" HEIGHT="54" WIDTH="259" VPOS="2742" HPOS="957"/>
<SP HEIGHT="52" WIDTH="34" VPOS="2743" HPOS="1217"/>
<String CONTENT="Lawrie." HEIGHT="54" WIDTH="248" VPOS="2742" HPOS="1252"/>
</TextLine>
<TextLine HEIGHT="55" WIDTH="674" VPOS="2820" HPOS="454" STYLEREFS="StyleId-37C7A662-C17E-49AE-9664-7B877DC0694B-">
<String CONTENT="A" HEIGHT="51" WIDTH="57" VPOS="2821" HPOS="454"/>
<SP HEIGHT="55" WIDTH="29" VPOS="2820" HPOS="512"/>
<String CONTENT="Christmas" HEIGHT="55" WIDTH="321" VPOS="2820" HPOS="542"/>
<SP HEIGHT="34" WIDTH="26" VPOS="2841" HPOS="864"/>
<String CONTENT="sermon." HEIGHT="34" WIDTH="237" VPOS="2840" HPOS="891"/>
</TextLine>
<TextLine HEIGHT="53" WIDTH="736" VPOS="2901" HPOS="494" STYLEREFS="StyleId-35CEED65-02EE-4F55-B814-C258376B989D-" CS="1">
<String CS="1" CONTENT="(In" HEIGHT="39" WIDTH="60" VPOS="2905" HPOS="494"/>
<SP HEIGHT="43" WIDTH="31" VPOS="2901" HPOS="555"/>
<String CONTENT="London" HEIGHT="43" WIDTH="201" VPOS="2901" HPOS="587"/>
<SP HEIGHT="42" WIDTH="31" VPOS="2902" HPOS="789"/>
<String CONTENT="Morning" HEIGHT="52" WIDTH="236" VPOS="2901" HPOS="821"/>
<SP HEIGHT="40" WIDTH="33" VPOS="2914" HPOS="1058"/>
<String CONTENT="post)" HEIGHT="53" WIDTH="138" VPOS="2901" HPOS="1092"/>
</TextLine>
<TextLine HEIGHT="53" WIDTH="1998" VPOS="2956" HPOS="392" STYLEREFS="StyleId-6ECD4F04-1F06-4211-84CF-8D35DAD37E54-">
<String CONTENT="&#169;" HEIGHT="52" WIDTH="53" VPOS="2956" HPOS="392"/>
<SP HEIGHT="52" WIDTH="34" VPOS="2956" HPOS="446"/>
<String CONTENT="1c." HEIGHT="40" WIDTH="67" VPOS="2962" HPOS="481"/>
<SP HEIGHT="40" WIDTH="35" VPOS="2962" HPOS="549"/>
<String CONTENT="Feb." HEIGHT="40" WIDTH="112" VPOS="2962" HPOS="585"/>
<SP HEIGHT="40" WIDTH="34" VPOS="2962" HPOS="698"/>
<String CONTENT="16," HEIGHT="47" WIDTH="69" VPOS="2962" HPOS="733"/>
<SP HEIGHT="47" WIDTH="33" VPOS="2962" HPOS="803"/>
<String CONTENT="1928;" HEIGHT="46" WIDTH="142" VPOS="2961" HPOS="837"/>
<SP HEIGHT="45" WIDTH="36" VPOS="2962" HPOS="980"/>
<!-- cceid 158C408B-6CB2-1014-A20E-B9D6251C946A --><String CONTENT="A" HEIGHT="39" WIDTH="42" VPOS="2962" HPOS="1017"/>
<SP HEIGHT="39" WIDTH="33" VPOS="2962" HPOS="1060"/>
<String CONTENT="ad" HEIGHT="39" WIDTH="63" VPOS="2963" HPOS="1094"/>
<SP HEIGHT="40" WIDTH="33" VPOS="2962" HPOS="1158"/>
<String CONTENT="int." HEIGHT="40" WIDTH="88" VPOS="2962" HPOS="1192"/>
<SP HEIGHT="40" WIDTH="35" VPOS="2962" HPOS="1281"/>
<String CONTENT="10659;" HEIGHT="46" WIDTH="171" VPOS="2961" HPOS="1317"/>
<SP HEIGHT="37" WIDTH="37" VPOS="2972" HPOS="1489"/>
<String CONTENT="pubd." HEIGHT="48" WIDTH="142" VPOS="2961" HPOS="1527"/>
<SP HEIGHT="41" WIDTH="37" VPOS="2961" HPOS="1670"/>
<String CONTENT="Dec." HEIGHT="40" WIDTH="112" VPOS="2961" HPOS="1708"/>
<SP HEIGHT="40" WIDTH="34" VPOS="2961" HPOS="1821"/>
<String CONTENT="23," HEIGHT="46" WIDTH="70" VPOS="2961" HPOS="1856"/>
<SP HEIGHT="46" WIDTH="36" VPOS="2961" HPOS="1927"/>
<String CONTENT="1927;" HEIGHT="45" WIDTH="141" VPOS="2961" HPOS="1964"/>
<SP HEIGHT="44" WIDTH="40" VPOS="2962" HPOS="2106"/>
<String LANG="fr" CONTENT="H." HEIGHT="40" WIDTH="60" VPOS="2962" HPOS="2147"/>
<SP HEIGHT="41" WIDTH="37" VPOS="2961" HPOS="2208"/>
<String LANG="fr" CONTENT="R." HEIGHT="41" WIDTH="55" VPOS="2961" HPOS="2246"/>
<SP HEIGHT="41" WIDTH="37" VPOS="2961" HPOS="2302"/>
<String CONTENT="L." HEIGHT="41" WIDTH="50" VPOS="2961" HPOS="2340"/>
</TextLine>
<TextLine HEIGHT="49" WIDTH="1091" VPOS="3017" HPOS="463" STYLEREFS="StyleId-6ECD4F04-1F06-4211-84CF-8D35DAD37E54-">
<String CONTENT="Sheppard," HEIGHT="49" WIDTH="264" VPOS="3017" HPOS="463"/>
<SP HEIGHT="48" WIDTH="29" VPOS="3018" HPOS="728"/>
<String CONTENT="Godaiming," HEIGHT="48" WIDTH="303" VPOS="3018" HPOS="758"/>
<SP HEIGHT="48" WIDTH="30" VPOS="3018" HPOS="1062"/>
<String CONTENT="Surrey," HEIGHT="48" WIDTH="195" VPOS="3018" HPOS="1093"/>
<SP HEIGHT="46" WIDTH="27" VPOS="3020" HPOS="1289"/>
<String CONTENT="England." HEIGHT="47" WIDTH="237" VPOS="3019" HPOS="1317"/>
</TextLine>
<TextLine HEIGHT="70" WIDTH="887" VPOS="3112" HPOS="457" STYLEREFS="StyleId-37C7A662-C17E-49AE-9664-7B877DC0694B-">
<String CONTENT="Thoughts" HEIGHT="69" WIDTH="302" VPOS="3112" HPOS="457"/>
<SP HEIGHT="54" WIDTH="30" VPOS="3112" HPOS="760"/>
<String CONTENT="for" HEIGHT="53" WIDTH="93" VPOS="3112" HPOS="791"/>
<SP HEIGHT="47" WIDTH="27" VPOS="3118" HPOS="885"/>
<String CONTENT="the" HEIGHT="53" WIDTH="99" VPOS="3113" HPOS="913"/>
<SP HEIGHT="34" WIDTH="24" VPOS="3132" HPOS="1013"/>
<String CONTENT="new" HEIGHT="34" WIDTH="124" VPOS="3131" HPOS="1038"/>
<SP HEIGHT="51" WIDTH="28" VPOS="3131" HPOS="1163"/>
<String CONTENT="year." HEIGHT="50" WIDTH="152" VPOS="3132" HPOS="1192"/>
</TextLine>
<TextLine HEIGHT="55" WIDTH="727" VPOS="3191" HPOS="493" STYLEREFS="StyleId-35CEED65-02EE-4F55-B814-C258376B989D-" CS="1">
<String CS="1" CONTENT="(In" HEIGHT="38" WIDTH="58" VPOS="3196" HPOS="493"/>
<SP HEIGHT="43" WIDTH="29" VPOS="3191" HPOS="552"/>
<String CONTENT="London" HEIGHT="44" WIDTH="202" VPOS="3191" HPOS="582"/>
<SP HEIGHT="44" WIDTH="28" VPOS="3192" HPOS="785"/>
<String CONTENT="Morning" HEIGHT="53" WIDTH="236" VPOS="3192" HPOS="814"/>
<SP HEIGHT="40" WIDTH="30" VPOS="3206" HPOS="1051"/>
<String CONTENT="post)" HEIGHT="54" WIDTH="138" VPOS="3192" HPOS="1082"/>
</TextLine>
<TextLine HEIGHT="52" WIDTH="1997" VPOS="3248" HPOS="393" STYLEREFS="StyleId-6ECD4F04-1F06-4211-84CF-8D35DAD37E54-" CS="1">
<String CONTENT="&#169;" HEIGHT="52" WIDTH="53" VPOS="3248" HPOS="393"/>
<SP/>
<String CS="1" CONTENT="1c."/>
<SP HEIGHT="40" WIDTH="35" VPOS="3252" HPOS="549"/>
<String CONTENT="Feb." HEIGHT="41" WIDTH="112" VPOS="3252" HPOS="585"/>
<SP HEIGHT="41" WIDTH="33" VPOS="3252" HPOS="698"/>
<String CONTENT="25," HEIGHT="47" WIDTH="70" VPOS="3252" HPOS="732"/>
<SP HEIGHT="45" WIDTH="35" VPOS="3254" HPOS="803"/>
<String CONTENT="1928:" HEIGHT="41" WIDTH="140" VPOS="3253" HPOS="839"/>
<SP HEIGHT="41" WIDTH="38" VPOS="3253" HPOS="980"/>
<!-- cceid 158CFB10-6CB2-1014-A20E-B9D6251C946A --><String CONTENT="A" HEIGHT="39" WIDTH="42" VPOS="3253" HPOS="1019"/>
<SP HEIGHT="40" WIDTH="33" VPOS="3253" HPOS="1062"/>
<String CONTENT="ad" HEIGHT="39" WIDTH="63" VPOS="3254" HPOS="1096"/>
<SP HEIGHT="40" WIDTH="33" VPOS="3253" HPOS="1160"/>
<String CONTENT="int." HEIGHT="41" WIDTH="88" VPOS="3253" HPOS="1194"/>
<SP HEIGHT="41" WIDTH="35" VPOS="3253" HPOS="1283"/>
<String CONTENT="10683;" HEIGHT="46" WIDTH="170" VPOS="3252" HPOS="1319"/>
<SP HEIGHT="38" WIDTH="38" VPOS="3262" HPOS="1490"/>
<String CONTENT="pubd." HEIGHT="47" WIDTH="143" VPOS="3253" HPOS="1529"/>
<SP HEIGHT="40" WIDTH="35" VPOS="3253" HPOS="1673"/>
<String CONTENT="Dec." HEIGHT="39" WIDTH="112" VPOS="3253" HPOS="1709"/>
<SP HEIGHT="40" WIDTH="35" VPOS="3252" HPOS="1822"/>
<String CONTENT="30," HEIGHT="47" WIDTH="70" VPOS="3251" HPOS="1858"/>
<SP HEIGHT="46" WIDTH="36" VPOS="3252" HPOS="1929"/>
<String CONTENT="1927;" HEIGHT="46" WIDTH="141" VPOS="3252" HPOS="1966"/>
<SP HEIGHT="45" WIDTH="40" VPOS="3253" HPOS="2108"/>
<String CS="1" CONTENT="H." HEIGHT="7" WIDTH="8" VPOS="3285" HPOS="2201"/>
<SP HEIGHT="39" WIDTH="36" VPOS="3253" HPOS="2210"/>
<String LANG="fr" CONTENT="R." HEIGHT="40" WIDTH="56" VPOS="3253" HPOS="2247"/>
<SP HEIGHT="40" WIDTH="35" VPOS="3253" HPOS="2304"/>
<String CONTENT="L." HEIGHT="41" WIDTH="50" VPOS="3253" HPOS="2340"/>
</TextLine>
<TextLine HEIGHT="49" WIDTH="1090" VPOS="3309" HPOS="464" STYLEREFS="StyleId-6ECD4F04-1F06-4211-84CF-8D35DAD37E54-">
<String CONTENT="Sheppard," HEIGHT="48" WIDTH="264" VPOS="3309" HPOS="464"/>
<SP HEIGHT="47" WIDTH="28" VPOS="3310" HPOS="729"/>
<String CONTENT="Godaiming," HEIGHT="48" WIDTH="302" VPOS="3310" HPOS="758"/>
<SP HEIGHT="49" WIDTH="30" VPOS="3309" HPOS="1061"/>
<String CONTENT="Surrey," HEIGHT="49" WIDTH="195" VPOS="3309" HPOS="1092"/>
<SP HEIGHT="47" WIDTH="28" VPOS="3311" HPOS="1288"/>
<String CONTENT="England." HEIGHT="48" WIDTH="237" VPOS="3309" HPOS="1317"/>
</TextLine>
<TextLine HEIGHT="65" WIDTH="562" VPOS="3388" HPOS="386" STYLEREFS="StyleId-8D5E5DBE-AE4D-41BD-8766-3F81C121D5DD-">
<String CONTENT="Shuey," HEIGHT="64" WIDTH="220" VPOS="3388" HPOS="386"/>
<SP HEIGHT="61" WIDTH="29" VPOS="3389" HPOS="607"/>
<String CONTENT="Joseph" HEIGHT="64" WIDTH="220" VPOS="3389" HPOS="637"/>
<SP HEIGHT="55" WIDTH="31" VPOS="3389" HPOS="858"/>
<String CONTENT="S." HEIGHT="54" WIDTH="58" VPOS="3390" HPOS="890"/>
</TextLine>
<TextLine HEIGHT="72" WIDTH="1922" VPOS="3465" HPOS="462">
<String CONTENT="The" HEIGHT="52" WIDTH="122" VPOS="3468" HPOS="462"/>
<SP HEIGHT="53" WIDTH="35" VPOS="3467" HPOS="585"/>
<String CONTENT="Washington" HEIGHT="70" WIDTH="386" VPOS="3467" HPOS="621"/>
<SP HEIGHT="52" WIDTH="39" VPOS="3468" HPOS="1008"/>
<String CONTENT="law" HEIGHT="53" WIDTH="111" VPOS="3468" HPOS="1048"/>
<SP HEIGHT="34" WIDTH="38" VPOS="3486" HPOS="1160"/>
<String CONTENT="of" HEIGHT="54" WIDTH="66" VPOS="3466" HPOS="1199"/>
<SP HEIGHT="54" WIDTH="38" VPOS="3466" HPOS="1266"/>
<String CONTENT="debtor" HEIGHT="53" WIDTH="200" VPOS="3467" HPOS="1305"/>
<SP HEIGHT="35" WIDTH="39" VPOS="3484" HPOS="1506"/>
<String CONTENT="and" HEIGHT="53" WIDTH="112" VPOS="3466" HPOS="1546"/>
<SP HEIGHT="53" WIDTH="42" VPOS="3466" HPOS="1659"/>
<String CONTENT="creditor" HEIGHT="54" WIDTH="249" VPOS="3466" HPOS="1702"/>
<SP HEIGHT="70" WIDTH="50" VPOS="3465" HPOS="1952"/>
<String CONTENT="(collections)" HEIGHT="70" WIDTH="381" VPOS="3465" HPOS="2003"/>
</TextLine>
<TextLine HEIGHT="70" WIDTH="2003" VPOS="3544" HPOS="392">
<String CONTENT="for" HEIGHT="53" WIDTH="95" VPOS="3544" HPOS="392"/>
<SP HEIGHT="47" WIDTH="29" VPOS="3550" HPOS="488"/>
<String CONTENT="the" HEIGHT="52" WIDTH="97" VPOS="3545" HPOS="518"/>
<SP HEIGHT="53" WIDTH="28" VPOS="3544" HPOS="616"/>
<String CONTENT="business" HEIGHT="54" WIDTH="254" VPOS="3544" HPOS="645"/>
<SP HEIGHT="33" WIDTH="30" VPOS="3565" HPOS="900"/>
<String CONTENT="man," HEIGHT="49" WIDTH="152" VPOS="3564" HPOS="931"/>
<SP HEIGHT="48" WIDTH="32" VPOS="3565" HPOS="1084"/>
<String CONTENT="with" HEIGHT="53" WIDTH="142" VPOS="3545" HPOS="1117"/>
<SP HEIGHT="52" WIDTH="32" VPOS="3546" HPOS="1260"/>
<String CONTENT="explanatory" HEIGHT="69" WIDTH="379" VPOS="3545" HPOS="1293"/>
<SP HEIGHT="50" WIDTH="34" VPOS="3564" HPOS="1673"/>
<String CONTENT="additions" HEIGHT="54" WIDTH="291" VPOS="3544" HPOS="1708"/>
<SP HEIGHT="47" WIDTH="31" VPOS="3551" HPOS="2000"/>
<String CONTENT="to" HEIGHT="47" WIDTH="61" VPOS="3551" HPOS="2032"/>
<SP HEIGHT="47" WIDTH="31" VPOS="3551" HPOS="2094"/>
<String CONTENT="the" HEIGHT="53" WIDTH="97" VPOS="3545" HPOS="2126"/>
<SP HEIGHT="47" WIDTH="31" VPOS="3551" HPOS="2224"/>
<String CONTENT="text," HEIGHT="60" WIDTH="139" VPOS="3550" HPOS="2256"/>
</TextLine>
<TextLine HEIGHT="132" WIDTH="1979" VPOS="3620" HPOS="390" CS="1">
<String CONTENT="being" HEIGHT="70" WIDTH="171" VPOS="3622" HPOS="390"/>
<SP HEIGHT="65" WIDTH="23" VPOS="3627" HPOS="562"/>
<String CONTENT="the" HEIGHT="52" WIDTH="96" VPOS="3623" HPOS="586"/>
<SP HEIGHT="53" WIDTH="25" VPOS="3622" HPOS="683"/>
<String CONTENT="full" HEIGHT="53" WIDTH="112" VPOS="3622" HPOS="709"/>
<SP HEIGHT="53" WIDTH="23" VPOS="3623" HPOS="822"/>
<String CONTENT="text" HEIGHT="47" WIDTH="124" VPOS="3629" HPOS="846"/>
<SP HEIGHT="47" WIDTH="20" VPOS="3629" HPOS="971"/>
<String CONTENT="of" HEIGHT="53" WIDTH="65" VPOS="3623" HPOS="992"/>
<SP HEIGHT="53" WIDTH="21" VPOS="3623" HPOS="1058"/>
<String CONTENT="the" HEIGHT="53" WIDTH="97" VPOS="3623" HPOS="1080"/>
<SP HEIGHT="53" WIDTH="20" VPOS="3623" HPOS="1178"/>
<String CONTENT="Washington" HEIGHT="69" WIDTH="388" VPOS="3623" HPOS="1199"/>
<SP HEIGHT="52" WIDTH="25" VPOS="3623" HPOS="1588"/>
<String CONTENT="laws" HEIGHT="53" WIDTH="138" VPOS="3623" HPOS="1614"/>
<SP HEIGHT="35" WIDTH="24" VPOS="3641" HPOS="1753"/>
<String CONTENT="of" HEIGHT="55" WIDTH="66" VPOS="3620" HPOS="1778"/>
<SP HEIGHT="56" WIDTH="24" VPOS="3620" HPOS="1845"/>
<String CONTENT="debtor" HEIGHT="54" WIDTH="202" VPOS="3622" HPOS="1870"/>
<SP HEIGHT="34" WIDTH="24" VPOS="3642" HPOS="2073"/>
<String CONTENT="and" HEIGHT="53" WIDTH="114" VPOS="3624" HPOS="2098"/>
<SP HEIGHT="53" WIDTH="25" VPOS="3624" HPOS="2213"/>
<String CONTENT="creditor" HEIGHT="129" WIDTH="1977" VPOS="3623" HPOS="392"/>
</TextLine>
<TextLine HEIGHT="70" WIDTH="1797" VPOS="3700" HPOS="597" CS="1">
<String CS="1" CONTENT="&#8230;"/>
<SP HEIGHT="47" WIDTH="36" VPOS="3705" HPOS="597"/>
<String CONTENT="taken" HEIGHT="53" WIDTH="171" VPOS="3700" HPOS="634"/>
<SP HEIGHT="53" WIDTH="33" VPOS="3700" HPOS="806"/>
<String CONTENT="from" HEIGHT="53" WIDTH="153" VPOS="3700" HPOS="840"/>
<SP HEIGHT="47" WIDTH="30" VPOS="3706" HPOS="994"/>
<String CONTENT="the" HEIGHT="53" WIDTH="97" VPOS="3701" HPOS="1025"/>
<SP HEIGHT="34" WIDTH="30" VPOS="3720" HPOS="1123"/>
<String CONTENT="statutes" HEIGHT="49" WIDTH="241" VPOS="3705" HPOS="1154"/>
<SP HEIGHT="34" WIDTH="31" VPOS="3720" HPOS="1396"/>
<String CONTENT="and" HEIGHT="53" WIDTH="111" VPOS="3701" HPOS="1428"/>
<SP HEIGHT="53" WIDTH="34" VPOS="3701" HPOS="1540"/>
<String CONTENT="decisions" HEIGHT="54" WIDTH="278" VPOS="3700" HPOS="1575"/>
<SP HEIGHT="34" WIDTH="32" VPOS="3720" HPOS="1854"/>
<String CONTENT="of" HEIGHT="54" WIDTH="66" VPOS="3700" HPOS="1887"/>
<SP HEIGHT="54" WIDTH="29" VPOS="3700" HPOS="1954"/>
<String CONTENT="the" HEIGHT="54" WIDTH="99" VPOS="3701" HPOS="1984"/>
<SP HEIGHT="55" WIDTH="34" VPOS="3701" HPOS="2084"/>
<String CONTENT="Supreme" HEIGHT="69" WIDTH="275" VPOS="3701" HPOS="2119"/>
</TextLine>
<TextLine HEIGHT="72" WIDTH="2002" VPOS="3776" HPOS="393" CS="1">
<String CONTENT="court" HEIGHT="48" WIDTH="161" VPOS="3782" HPOS="393"/>
<SP HEIGHT="48" WIDTH="26" VPOS="3782" HPOS="555"/>
<String CONTENT="of" HEIGHT="54" WIDTH="66" VPOS="3776" HPOS="582"/>
<SP HEIGHT="55" WIDTH="24" VPOS="3776" HPOS="649"/>
<String CONTENT="Washington," HEIGHT="69" WIDTH="404" VPOS="3778" HPOS="674"/>
<SP HEIGHT="68" WIDTH="26" VPOS="3778" HPOS="1079"/>
<String CONTENT="by" HEIGHT="69" WIDTH="77" VPOS="3778" HPOS="1106"/>
<SP HEIGHT="68" WIDTH="27" VPOS="3779" HPOS="1184"/>
<String CONTENT="Joseph" HEIGHT="68" WIDTH="218" VPOS="3778" HPOS="1212"/>
<SP HEIGHT="56" WIDTH="32" VPOS="3778" HPOS="1431"/>
<String CONTENT="S." HEIGHT="56" WIDTH="57" VPOS="3778" HPOS="1464"/>
<SP HEIGHT="56" WIDTH="33" VPOS="3778" HPOS="1522"/>
<String CONTENT="Shuey" HEIGHT="69" WIDTH="193" VPOS="3778" HPOS="1556"/>
<SP HEIGHT="50" WIDTH="33" VPOS="3797" HPOS="1750"/>
<String CS="1" CONTENT="&#8230;"/>
<SP HEIGHT="56" WIDTH="73" VPOS="3778" HPOS="1842"/>
<String CONTENT="Seattle," HEIGHT="70" WIDTH="235" VPOS="3778" HPOS="1916"/>
<SP HEIGHT="68" WIDTH="27" VPOS="3780" HPOS="2152"/>
<String CONTENT="Wash.," HEIGHT="66" WIDTH="215" VPOS="3780" HPOS="2180"/>
</TextLine>
<TextLine HEIGHT="71" WIDTH="994" VPOS="3854" HPOS="392">
<String CONTENT="The" HEIGHT="53" WIDTH="122" VPOS="3855" HPOS="392"/>
<SP HEIGHT="53" WIDTH="22" VPOS="3855" HPOS="515"/>
<String CONTENT="Legal" HEIGHT="68" WIDTH="178" VPOS="3855" HPOS="538"/>
<SP HEIGHT="67" WIDTH="25" VPOS="3855" HPOS="717"/>
<String CONTENT="publishing" HEIGHT="71" WIDTH="336" VPOS="3854" HPOS="743"/>
<SP HEIGHT="51" WIDTH="26" VPOS="3874" HPOS="1080"/>
<String CONTENT="co.," HEIGHT="50" WIDTH="98" VPOS="3874" HPOS="1107"/>
<SP HEIGHT="64" WIDTH="28" VPOS="3860" HPOS="1206"/>
<String CONTENT="1928." HEIGHT="51" WIDTH="151" VPOS="3859" HPOS="1235"/>
</TextLine>
<TextLine HEIGHT="49" WIDTH="272" VPOS="3935" HPOS="462" STYLEREFS="StyleId-7E81C41D-35AF-4941-B9B5-2A6107B3C3E9-" CS="1">
<String LANG="en-US" CONTENT="102" HEIGHT="40" WIDTH="86" VPOS="3935" HPOS="462"/>
<SP HEIGHT="49" WIDTH="26" VPOS="3935" HPOS="549"/>
<String LANG="fr" CONTENT="p." HEIGHT="38" WIDTH="43" VPOS="3946" HPOS="576"/>
<SP HEIGHT="40" WIDTH="58" VPOS="3936" HPOS="620"/>
<String LANG="fr" CS="1" CONTENT="21&#7580;&#7504;." HEIGHT="40" WIDTH="55" VPOS="3936" HPOS="679"/>
</TextLine>
<TextLine HEIGHT="57" WIDTH="1939" VPOS="3990" HPOS="395" STYLEREFS="StyleId-7E81C41D-35AF-4941-B9B5-2A6107B3C3E9-" CS="1">
<String CONTENT="&#169;" HEIGHT="52" WIDTH="53" VPOS="3990" HPOS="395"/>
<SP HEIGHT="52" WIDTH="28" VPOS="3990" HPOS="449"/>
<String CONTENT="Jan." HEIGHT="40" WIDTH="110" VPOS="3995" HPOS="478"/>
<SP HEIGHT="40" WIDTH="26" VPOS="3995" HPOS="589"/>
<String CONTENT="21," HEIGHT="44" WIDTH="70" VPOS="3995" HPOS="616"/>
<SP HEIGHT="44" WIDTH="27" VPOS="3995" HPOS="687"/>
<String CS="1" CONTENT="1928;" HEIGHT="41" WIDTH="116" VPOS="3994" HPOS="715"/>
<SP HEIGHT="45" WIDTH="30" VPOS="3996" HPOS="858"/>
<String CONTENT="2c." HEIGHT="40" WIDTH="68" VPOS="3996" HPOS="889"/>
<SP HEIGHT="40" WIDTH="29" VPOS="3996" HPOS="958"/>
<String CONTENT="Jan." HEIGHT="40" WIDTH="110" VPOS="3996" HPOS="988"/>
<SP HEIGHT="39" WIDTH="27" VPOS="3997" HPOS="1099"/>
<String CS="1" CONTENT="28;" HEIGHT="40" WIDTH="59" VPOS="3996" HPOS="1127"/>
<SP HEIGHT="37" WIDTH="32" VPOS="4006" HPOS="1211"/>
<String CONTENT="aff." HEIGHT="41" WIDTH="82" VPOS="3996" HPOS="1244"/>
<SP HEIGHT="40" WIDTH="29" VPOS="3997" HPOS="1327"/>
<String CONTENT="Jan." HEIGHT="40" WIDTH="110" VPOS="3997" HPOS="1357"/>
<SP HEIGHT="41" WIDTH="28" VPOS="3997" HPOS="1468"/>
<String CS="1" CONTENT="30;" HEIGHT="42" WIDTH="60" VPOS="3996" HPOS="1497"/>
<SP HEIGHT="47" WIDTH="30" VPOS="3997" HPOS="1582"/>
<!-- cceid 158DB905-6CB2-1014-A20E-B9D6251C946A --><String CONTENT="A" HEIGHT="40" WIDTH="40" VPOS="3997" HPOS="1613"/>
<SP HEIGHT="40" WIDTH="28" VPOS="3997" HPOS="1654"/>
<String CS="1" CONTENT="1061469;" HEIGHT="41" WIDTH="206" VPOS="3997" HPOS="1683"/>
<SP HEIGHT="46" WIDTH="30" VPOS="3998" HPOS="1914"/>
<String CONTENT="Legal" HEIGHT="49" WIDTH="150" VPOS="3998" HPOS="1945"/>
<SP HEIGHT="47" WIDTH="28" VPOS="4000" HPOS="2096"/>
<String CONTENT="pub." HEIGHT="47" WIDTH="110" VPOS="4000" HPOS="2125"/>
<SP HEIGHT="29" WIDTH="29" VPOS="4010" HPOS="2236"/>
<String CONTENT="co." HEIGHT="30" WIDTH="68" VPOS="4010" HPOS="2266"/>
</TextLine>
<TextLine HEIGHT="50" WIDTH="252" VPOS="4051" HPOS="476" STYLEREFS="StyleId-7E81C41D-35AF-4941-B9B5-2A6107B3C3E9-">
<String CONTENT="(28-4101)" HEIGHT="50" WIDTH="252" VPOS="4051" HPOS="476"/>
</TextLine>
</TextBlock>
</PrintSpace>
</Page>
</Layout>
</alto>