2498 4384
1059 4116 98 49 819

159 525 362 41 “Publications
565 525 51 39 of
659 526 83 38 the
786 524 236 47 Carnegie
1066 524 305 38 endowment
1413 522 77 40 for
1535 522 350 40 international
1933 533 158 38 peace.

88 582 223 40 Division
344 582 51 40 of
429 580 352 41 international
816 580 138 41 law.”

437 661 92 17 CONTENTS.—I.
558 637 336 41 Introduction
923 637 59 47 by
1071 667 9 9 W.
1109 635 288 48 Schücking.
1453 635 357 48 Photographic
92 636 1983 100 reproduction
220 695 51 41 of
300 695 80 40 the
412 694 113 39 1682
553 694 198 40 edition.

809 694 178 38 Errata
1018 693 50 38 in
1099 691 80 41 the
1207 691 182 41 edition
1421 692 51 39 of
1501 691 244 40 1682.—II.
1776 691 317 41 Translation

99 753 83 49 (by
217 753 60 39 H.
313 752 51 39 F.
399 750 218 49 Wright)
660 750 51 40 of
747 750 80 40 the
860 748 331 40 introduction
1226 749 61 46 by
1322 749 72 39 W.
1428 747 288 49 Schücking.
1775 747 317 40 Translation

87 810 52 39 of
171 810 79 39 the
282 808 115 40 1682
429 807 183 41 edition
644 808 62 47 by
739 807 50 40 F.
822 806 53 41 G.
910 807 175 38 Moore.
1150 805 153 39 Index
1334 805 62 47 by
1427 805 60 39 H.
1520 804 50 41 F.
1605 804 207 48 Wright.

98 861 51 52 ©
179 866 113 46 Apr.
321 864 68 44 20,
422 864 112 40 1928;
591 864 68 39 2c.
689 863 117 40 each
836 863 95 39 and
962 861 82 41 aff.
1076 862 114 46 May
1219 862 27 39 7;
1306 861 40 38 A
1376 860 230 46 1077394;
1641 860 236 48 Carnegie
166 861 1910 100 endowment
339 922 79 38 for
461 922 214 38 internatl.
752 929 156 37 peace,
954 918 337 47 Washington.
1362 917 281 49 (28-13567)

94 1016 352 60 Robertson,
480 1013 315 64 Reynolds.

165 1093 311 68 Appellate
512 1092 249 68 practice
796 1091 113 52 and
946 1091 312 66 procedure
1293 1090 60 51 in
1388 1090 96 52 the
1524 1088 277 69 Supreme
1836 1096 162 47 court
2035 1088 64 55 of

95 1172 93 52 the
206 1171 218 55 United
457 1170 187 55 States
662 1188 10 36 :
706 1188 31 33 a
756 1168 423 69 chronological
1211 1168 217 53 outline
1446 1166 64 55 of
1528 1167 372 70 proceedings
95 1186 1982 126 necessary

251 1249 137 52 both
418 1248 61 52 in
505 1248 96 52 the
632 1246 275 69 Supreme
936 1251 160 48 court
1127 1247 112 52 and
1271 1247 59 51 in
1358 1247 96 52 the
1482 1247 173 52 lower
1685 1252 189 47 courts
1903 1265 73 34 on
98 1264 1978 115 petition
301 1326 94 53 for
428 1345 30 33 a
491 1326 132 52 writ

654 1324 63 53 of
748 1325 315 67 certiorari,
1098 1325 131 52 writ
1263 1324 65 54 of
1360 1342 174 50 error,
1567 1343 63 35 or
1665 1325 225 68 appeal,
1924 1331 58 47 to
97 1343 1979 114 review
276 1424 30 32 a
346 1404 248 53 decision
634 1404 58 52 in
729 1404 95 52 the
866 1402 276 69 Supreme

1181 1408 164 47 court
1382 1402 64 53 of
1483 1404 97 52 the
1617 1403 221 55 United
1879 1402 219 69 States;

97 1484 111 51 and
241 1482 65 53 of
336 1488 153 62 steps
521 1500 294 48 necessary
849 1488 58 46 to
940 1482 67 52 be
1040 1481 171 53 taken
1245 1486 58 48 to
1338 1481 93 52 file
1466 1482 114 52 and
1613 1482 260 67 conduct,
1910 1501 63 34 or
98 1483 1979 145 defend,

282 1579 31 33 a
341 1579 124 34 case
494 1562 56 50 in
580 1561 95 52 the
706 1560 276 68 Supreme
1011 1565 161 47 court
1201 1578 155 50 upon
1385 1561 96 52 the
1509 1560 277 70 granting
1816 1560 64 53 of
1908 1579 32 34 a
1970 1560 131 53 writ

97 1639 64 52 of
192 1639 315 65 certiorari,
541 1639 132 51 writ
705 1638 64 52 of
803 1656 175 49 error,
1011 1657 63 34 or
1110 1639 225 67 appeal,
1369 1656 64 35 or
1467 1656 155 50 upon
1657 1638 255 54 certified
97 1657 1982 127 questions,

289 1717 141 52 with
459 1716 180 53 forms
667 1718 112 51 and
808 1717 267 52 citations
1103 1722 58 47 to
1188 1717 97 52 the
1313 1716 323 69 applicable
1665 1722 259 64 statutes,
1953 1718 151 53 rules

98 1795 63 52 of
197 1801 176 61 court,
412 1795 112 52 and
562 1795 294 66 decisions,
892 1795 75 68 by
1003 1795 293 69 Reynolds
1332 1795 337 54 Robertson.
1744 1796 140 53 New
1923 1796 182 60 York,

95 1873 453 68 Prentice-Hall,
581 1873 125 68 inc.,
742 1875 150 51 1928.

168 1954 473 49 xxxix, 360 p. 24 ᶜᵐ.
172 2013 177 39 “Table
393 2012 52 40 of
489 2014 212 39 statutes
746 2012 156 40 cited”
923 2023 8 28 :
980 2024 43 37 p.
1067 2012 206 40 359-360;
1349 2012 182 42 “Other
1576 2013 296 41 authorities
1916 2014 159 41 cited”
2093 2025 10 30 :

100 2080 42 36 p.
168 2069 100 40 360.

103 2122 51 52 ©
190 2127 114 48 Apr.
339 2128 69 48 20,
446 2127 141 48 1928;
623 2128 69 40 2c.
728 2128 94 39 and
859 2127 83 40 aff.
978 2128 113 47 May
1127 2128 55 40 17;
1249 2128 40 38 A
1326 2126 229 49 1077296;
1595 2129 377 42 Prentice-Hall,
2010 2129 93 41 inc.

182 2184 281 49 (28-13762)

99 2263 257 64 Romier,
385 2264 240 63 Lucien,
656 2268 170 49 1855-

99 2343 1982 147 … Qui sera le maître, Europe ou Amérique? [Paris] Hachette [1927]
170 2505 664 50 3 p. l., [3]-243, [1] p. 19 ᶜᵐ.
106 2558 1998 54 © Nov. 9, 1927; 1c. Dec. 30; A— Foreign 36720; Librairie Hachette.
183 2619 280 49 (28-14253)

101 2700 169 62 Ross,
302 2699 229 64 George
562 2699 355 55 Alexander.

168 2776 114 55 Old
315 2777 195 69 glory;
545 2778 95 52 the
669 2784 158 63 story
861 2778 64 53 of
954 2797 103 34 our
1088 2780 288 68 country’s
1409 2780 130 69 flag,
1571 2781 34 52 by
1678 2781 222 69 George
98 2782 1984 125 Alexander
304 2855 160 53 Ross.
540 2856 139 52 New
710 2875 112 33 rev.
854 2857 84 53 ed.
1016 2858 137 52 New
1184 2859 180 67 York,
1394 2859 122 53 The
1546 2860 162 52 Platt
1738 2863 46 48 &
1811 2860 185 52 Munk
2026 2879 77 34 co.

99 2932 339 68 inc. [ ᶜ1 928]
166 3017 55 38 128
294 3027 44 37 p.
383 3016 111 40 incl.
540 3018 86 39 col.
670 3017 163 48 front.,
880 3018 127 40 illus.
1038 3019 135 48 (part
1215 3019 114 48 col.)
1383 3021 158 47 plates
1570 3019 135 50 (part
1749 3021 112 48 col.)
1913 3022 179 40 facsim

98 3072 55 40 19½ ᶜᵐ.
109 3124 51 52 ©
195 3129 114 48 Apr.
343 3129 70 47 23,
450 3129 83 41 1928;
627 3131 68 40 2c.
730 3132 96 38 and
861 3131 82 41 aff.
979 3133 114 46 May
1127 3132 83 47 23;
1250 3132 42 39 A
1325 3133 230 46 1074670;
1594 3134 135 40 Platt
1765 3135 36 39 &
1836 3136 152 38 Munk
2023 3146 83 38 co.,

176 3186 90 41 inc.
338 3186 280 47 (28-13805)

104 3264 322 63 Rothrock,
453 3267 138 51 Mrs.
620 3265 165 53 Alice
813 3267 167 53 Vest.

170 3342 262 52 Autumn
483 3343 289 69 garlands,
823 3345 75 68 by
948 3346 163 52 Alice
1160 3347 142 53 Vest
1351 3348 310 53 Rothrock.
1737 3350 139 52 New
1929 3350 178 68 York,

100 3420 76 52 H.
209 3420 192 68 Vinal,
434 3420 240 68 limited,
707 3425 150 50 1928.

170 3503 536 49 6 p. l., 3-118 p. 21 ᶜᵐ.
171 3560 185 41 Poems.

112 3611 51 52 ©
201 3617 112 46 May
348 3617 69 47 12,
454 3617 141 46 1928;
632 3618 67 40 2c.
736 3620 95 38 and
867 3619 82 41 aff.
985 3621 114 46 May
1133 3621 83 47 28;
1255 3621 42 39 A
1332 3621 229 48 1077498;
1601 3623 189 41 Harold
1826 3624 157 47 Vinal,
2022 3625 86 41 ltd.

192 3673 281 49 (28-13877)

108 3750 340 65 Schrepfer,
477 3753 200 53 Frank
706 3754 276 55 Andrew.

172 3827 168 54 Hardy
428 3849 347 51 evergreens,
822 3851 31 34 a
898 3835 276 66 practical
1218 3836 308 53 handbook
1570 3856 72 35 on
1683 3839 96 53 the
1823 3839 288 70 planting,

103 3907 223 66 growth
359 3908 113 52 and
504 3917 398 61 management
933 3911 64 53 of
1026 3912 78 52 all
1134 3913 188 69 hardy
1353 3933 348 51 evergreens,
1733 3917 282 53 exclusive
2046 3917 65 53 of

104 3981 2005 82 the broad-leaved species, by Frank A. Schrepfer … New
