2498 4384
1315 4091 100 50 860

434 506 1927 50 95, [1] p. incl. front. (port.) 21 ᶜᵐ . ( Half-title : Representative women)
438 564 441 51 “Bibliographical
914 563 140 41 note”;
1118 575 43 36 p.
1213 566 41 46 [7]

375 617 1993 54 © 1c. Apr. 18, 1928; A ad int. 10921; pubd. Mar. 22; Viking press, inc.,
442 679 117 39 New
588 678 144 40 York.
804 678 280 48 (28-14576)

366 756 369 63 Smallwood,
769 756 200 53 Julian
1004 756 210 64 Chase,
1253 760 171 50 1881-

442 835 325 52 Mechanics
803 834 94 53 for
932 836 313 68 engineers,
1281 836 196 53 statics
1513 837 114 52 and
1661 836 260 69 kinetics,
1957 838 74 69 by
2069 838 203 54 Julian
2309 838 61 54 C.

373 912 2000 72 Smallwood … and Frank W. Kouwenhoven … New York,
369 990 72 53 D.
473 992 128 52 Van
628 991 294 53 Nostrand
951 1009 300 51 company,
1280 992 127 68 inc.,
1440 994 151 51 1928.

476 1104 8 14 x,
517 1073 84 40 185
632 1084 43 37 p.
736 1072 142 47 illus.,
911 1073 179 48 diagrs.
1151 1073 147 41 23½ᶜᵐ.
1415 1073 130 49 $2.50

371 1126 52 52 ©
452 1132 114 46 May
591 1130 70 48 19,
689 1131 113 40 1928;
858 1131 68 41 2c.
954 1132 113 46 May
1093 1131 56 40 26;
1206 1131 83 40 aff.
1318 1132 114 47 May
1458 1131 59 40 29;
1571 1133 41 38 A
1639 1132 202 41 1077519;
1900 1133 57 40 D.
1985 1133 108 40 Van
2120 1134 247 40 Nostrand

442 1198 80 37 co.,
554 1186 91 41 inc.
716 1186 281 51 (28-14128)

439 1268 121 53 The
601 1267 176 64 spirit
819 1267 65 53 of
922 1268 399 67 Westchester,
1363 1287 73 33 an
1478 1269 378 68 explanatory
1897 1270 241 67 volume,
368 1288 1976 111 representative

696 1345 65 54 of
808 1347 314 52 America’s
1171 1352 148 48 most
1366 1346 289 53 beautiful
1703 1348 290 52 suburban
2038 1349 332 52 residential

370 1425 245 67 district,
658 1425 205 68 telling
907 1425 73 67 by
1025 1426 157 52 word
1226 1426 114 52 and
1385 1426 239 67 picture,
1667 1426 97 53 the
1804 1445 174 50 many
2020 1428 350 68 advantages

369 1504 241 69 enjoyed
650 1504 71 68 by
763 1504 159 52 those
964 1503 295 53 fortunate
1298 1504 223 69 enough
1563 1511 57 46 to
1661 1506 108 51 call
1812 1506 46 50 it
1898 1506 180 51 home.
2161 1505 210 66 [White

372 1583 1694 69 Plains, N. Y., Building and realty news, inc., ᶜ1 928]
436 1665 909 48 xxiv, 80, xxv-xlviii p. illus. 31 ᶜᵐ.
438 1723 316 47 Advertising
778 1726 179 37 matter
976 1734 9 28 :
1019 1734 43 36 p.
1087 1723 205 40 i-xlviii.

372 1776 53 52 ©
464 1781 114 47 Apr.
615 1780 69 48 20,
724 1780 140 47 1928;
903 1780 69 41 2c.
1009 1780 114 47 Apr.
1162 1779 83 48 19;
1286 1779 82 42 aff.
1407 1781 115 47 May
1559 1780 52 47 5;
1652 1781 42 38 A
1731 1780 229 47 1074373;
2002 1780 234 48 Building
2274 1782 95 39 and

439 1839 159 46 realty
628 1848 144 37 news,
805 1837 91 40 inc.
968 1837 281 48 (28-14252)

371 1918 297 67 [Stewart,
705 1917 213 53 Alfred
954 1917 245 68 Walter]
1248 1920 169 49 1880-

431 1983 1876 83 Mystery at Lynden Sands, by J. J. Connington [pseud.] …
360 2076 260 66 London,
649 2076 70 52 V.
748 2074 292 68 Gollancz,
1092 2080 100 61 ltd,
1223 2077 151 50 1928.

433 2156 576 50 288 p. 1 illus. 19ᶜᵐ.
371 2210 1998 53 © 1c. June 9, 1928; A ad int. 11192; pubd. Apr. 29; Little, Brown, and
438 2283 82 36 co.,
556 2272 198 40 Boston.
829 2271 280 49 (28-15161)

361 2352 183 64 Stott,
586 2351 181 54 Leila.

491 2429 1877 69 … Eight year old merchants, by Leila Stott; illustrations
357 2506 1740 71 by the eight year olds. New York, Greenberg [ ᶜ1 928]
427 2592 81 48 vii,
543 2591 85 40 158
660 2602 44 37 p.
764 2591 164 47 front.,
963 2592 172 46 plates.
1197 2591 118 39 20ᶜᵐ.
1386 2590 393 49 (Experimental
1811 2590 214 48 practice
2058 2590 50 39 in
2141 2592 82 38 the
2256 2591 111 47 City

356 2649 97 39 and
485 2651 204 44 country
720 2648 163 40 school
912 2647 165 46 series,
1109 2647 72 40 ed.
1212 2647 62 47 by
1306 2646 227 41 Caroline
1564 2646 167 47 Pratt)

428 2703 1240 50 Bibliographies at end of chapters III and IV.
370 2757 54 52 ©
453 2762 115 47 May
596 2761 68 47 18,
694 2760 114 40 1928;
867 2760 68 41 2c.
965 2761 94 38 and
1090 2758 83 42 aff.
1203 2760 115 46 May
1347 2759 82 46 24;
1461 2759 41 38 A
1532 2758 230 48 1074702;
1796 2759 277 48 Greenberg
2102 2758 263 49 publisher,

436 2818 92 40 inc.
598 2817 282 49 (28-14425)

365 2883 182 62 Suali,
581 2882 195 65 Luigi,
812 2885 171 50 1881-

499 2958 1871 70 … Der erleuchtete; das leben des Buddha. Frankfurt a. M.,
423 3042 161 50 Rütten
610 3041 46 50 &
680 3038 278 69 Loening,
986 3040 151 50 1928.

438 3117 1287 52 3 p. l., [ix]-xiii, [1] p., 2 l., [3]-330, [3] p. 19 ½ᶜᵐ .
439 3177 339 47 “Berechtigte
840 3177 298 47 übertragung
1166 3186 90 29 aus
1285 3178 107 38 dem
1422 3175 341 41 italienischen
1794 3188 93 28 von
1917 3177 132 40 Dora
2083 3175 227 49 Mitzky.”

370 3231 1993 52 © Nov. 23, 1927; 1c. Mar. 2, 1928; A —Foreign 37965; Riitten & Loening,
438 3293 179 47 verlag.
689 3290 280 50 (28-14562)

361 3357 203 63 Thaw,
598 3357 201 62 Harry
830 3356 268 62 Kendall,
1134 3357 170 51 1871-
1481 3357 332 66 defendant.

433 3436 122 52 The
581 3436 137 52 trial
745 3434 65 54 of
835 3435 200 68 Harry
1062 3435 198 66 Thaw,
1288 3435 189 52 edited
1505 3435 75 68 by
1608 3435 66 51 F.
1703 3435 72 51 A.
1804 3435 346 53 Mackenzie.
361 3436 1977 144 London,
521 3513 69 55 G.
620 3514 133 51 Bles
787 3516 172 63 [1928]

361 3594 2001 104 300 p., 1 l. incl. front. (port.) pl., ports. 22½ᶜᵐ. (Half-title: Famous trials series. General editor: G. Dilnot)
434 3709 134 42 First
598 3708 117 40 trial
743 3708 81 40 for
853 3708 82 40 the
964 3710 196 38 murder
1192 3707 52 41 of
1276 3707 234 41 Stanford
1542 3708 176 47 White,
1750 3720 60 28 on
1843 3709 126 40 June
1998 3707 71 48 25,
2101 3707 128 42 1906.
2262 3718 100 30 was

363 3766 112 39 held
505 3768 51 37 at
587 3765 82 42 the
699 3765 234 41 Criminal
967 3765 180 39 branch
1180 3765 51 39 of
1262 3765 81 39 the
1376 3765 230 47 Supreme
1638 3768 137 37 court
1808 3766 50 39 of
1891 3765 80 39 the
2004 3766 129 38 state
2165 3765 50 38 of
2246 3765 116 38 New

363 3823 132 40 York
523 3823 166 39 before
716 3822 189 41 Justice
934 3822 276 48 Fitzgerald
1241 3822 94 39 and
1364 3823 152 39 ended
1546 3822 135 48 April
1712 3822 70 46 12,
1810 3821 129 48 1907,
1969 3821 118 40 with
2119 3832 26 29 a
2176 3821 184 40 verdict

363 3879 53 40 of
445 3881 196 38 murder
671 3879 51 39 in
753 3879 82 39 the
865 3879 108 40 first
1004 3880 186 45 degree.
1255 3878 182 40 Second
1471 3878 113 40 trial
1621 3879 181 47 opened
1835 3879 222 46 January
2091 3879 38 42 6,
2164 3877 114 42 1908
2312 3878 49 38 in

364 3936 82 40 the
482 3935 236 41 Criminal
754 3936 181 40 branch
972 3936 52 40 of
1059 3935 81 42 the
1179 3936 231 47 Supreme
1446 3938 138 38 court
1621 3935 51 40 of
1708 3935 80 40 the
1825 3938 128 38 state
1991 3935 50 39 of
2079 3935 115 39 New
2236 3935 124 39 York

363 3993 168 41 before
564 3993 188 43 Justice
788 3994 165 39 Victor
989 3994 43 40 J.
1068 3993 226 48 Dowling
1327 3997 96 38 and
1457 3994 153 40 ended
1647 3993 221 47 January
1903 3993 71 47 29,
2011 3992 128 48 1908,
2177 3992 118 41 with
2332 4002 26 30 a
