2498 4384
1304 4086 133 49 1180

418 525 1128 49 ix, 378 p. illus., diagrs. 19½ ᶜᵐ . $2.50
357 577 52 53 ©
444 583 121 47 Aug.
598 583 69 47 13,
702 583 141 46 1928;
879 583 67 40 2c.
982 584 95 38 and
1112 582 82 40 aff.
1227 581 121 49 Aug.
1384 581 81 48 15;
1503 582 41 38 A
1578 581 229 48 1083687;
1846 582 352 40 McGraw-Hill
2233 584 124 40 book

425 649 81 37 co.,
536 639 92 41 inc.
698 637 281 51 (28-19890)

349 734 230 62 Muller,
619 734 246 54 Charles
902 734 298 64 Geoffrey.

418 812 1940 70 The baseball detective, by Charles Geoffrey Muller … with
347 891 292 69 drawings
678 892 75 68 by
792 893 148 51 Paul
977 891 238 53 Martin.
1293 891 137 53 New
1472 891 163 53 York
1675 892 112 52 and

1827 892 261 67 London,
2125 892 234 69 Harper

349 971 45 50 &
422 970 279 67 brothers,
732 972 148 49 1928.

420 1051 1102 50 6 p. l., 333, [1] p. front., plates. 19½ ᶜᵐ .
357 1106 51 51 ©
440 1110 120 47 Aug.
591 1109 68 48 10,
689 1109 141 45 1928;
861 1109 68 40 2c.
959 1109 120 48 Aug.
1110 1109 81 42 10;
1225 1108 84 41 aff.
1338 1109 120 48 Aug.
1489 1109 81 41 13:
1603 1108 41 39 A
1674 1109 230 46 1083662;
1937 1110 196 47 Harper
2165 1110 36 39 &
2229 1110 126 40 bros.

436 1166 282 49 (28-19389)

351 1260 284 53 National
666 1260 360 53 association
1058 1259 64 53 of
1153 1262 203 51 cotton
1390 1259 504 54 manufacturers.

426 1337 1937 71 Transactions … nos. 122 and 123. Semi-annual meeting,
356 1416 2008 71 no. 122 … Atlantic City, N. J., May 13, 1927. Annual meeting,
356 1494 2001 69 no. 123 … Boston, Mass., October 26 and 27, 1927. [Boston]
359 1574 121 52 The
510 1573 275 53 National
815 1570 341 55 association
1185 1571 65 54 of
1280 1578 193 47 cotton
1502 1572 480 68 manufacturers,
2015 1573 150 54 1927.

427 1655 342 48 395 p. 25 ᶜᵐ .
359 1709 51 51 ©
446 1713 116 47 July
594 1712 70 47 21,
698 1712 140 46 1928;
874 1712 67 40 2c.
974 1712 120 47 Aug.
1127 1712 57 38 24;
1248 1711 83 42 aff.
1365 1712 120 47 Aug.
1518 1712 83 47 22;
1637 1713 41 38 A
1711 1711 230 48 1083996;
1978 1712 132 41 Natl.
2144 1722 116 31 assn.
2308 1713 53 41 of

430 1771 164 38 cotton
625 1768 413 41 manufacturers.

355 1849 446 63 Niedermeyer,
836 1847 317 55 Frederick
1184 1848 212 54 David.

356 1926 2006 147 The ten commandments today [by] Frederick David Nieder-meyer …
708 2003 1482 71 Boston, Mass., The Stratford company [ c 1928]
428 2085 802 49 3 p. l., ii p., 1 l., 209 p. 20 ᶜᵐ .
363 2141 52 51 ©
442 2145 116 47 July
582 2144 70 47 28,
679 2144 139 46 1928;
846 2144 69 40 2c.
941 2144 116 48 July
1082 2144 82 47 30;
1194 2143 83 41 aff.
1303 2144 120 48 Aug.
1451 2144 52 47 1;
1533 2144 41 39 A
1599 2144 230 48 1082818;
1861 2145 253 41 Stratford

2141 2158 82 36 co.,
431 2147 1915 94 publishers.
693 2200 282 50 (28-19260)

358 2282 284 62 Osborne,
671 2283 137 51 Mrs.
839 2281 375 64 Margherita
1243 2282 230 53 Osborn
1512 2281 310 65 (Cassino)
1863 2283 171 52 1878-
2213 2284 83 52 ed.

425 2361 121 53 The
575 2360 148 54 book
752 2359 64 54 of
845 2360 328 69 happiness,
1204 2361 334 69 expressing
1568 2360 94 54 the
1694 2361 99 70 joy
1824 2360 65 54 of
1921 2368 164 64 great
2114 2362 250 69 writers;

355 2439 2012 69 edited by Margherita Osborne. Joliet, New York [etc. ] The
354 2520 64 51 P.
448 2519 64 52 F.
542 2518 253 54 Volland
824 2535 282 51 company
1140 2551 12 33 [
1157 2524 18 21 c
1181 2520 152 64 1928]

427 2600 1686 49 64 p. 15 ᶜᵐ . [The Volland good cheer series of gift books]
365 2654 52 51 ©
446 2659 115 47 July
588 2658 40 48 1,
657 2657 140 47 1928;
826 2658 67 39 2c.
921 2657 117 47 July
1064 2657 53 46 9;
1148 2656 82 42 aff.
1261 2657 115 47 July
1404 2657 53 47 5;
1487 2657 41 39 A
1555 2657 230 47 1083269;
1816 2658 50 39 P.
1897 2657 51 41 F.
1977 2657 211 41 Volland
2216 2668 67 31 co.

445 2714 281 50 (28-19101)

359 2794 178 63 Park,
571 2793 258 55 William
866 2792 263 63 Hallock,
1169 2797 172 49 1863-
1519 2794 84 53 ed.

433 2872 204 52 Public
671 2872 195 52 health
903 2872 113 52 and
1049 2871 246 69 hygiene
1328 2872 60 51 in
1422 2871 418 54 contributions
1873 2871 77 69 by
1985 2871 250 54 eminent

363 2889 1979 128 authorities, edited by William Hallock Park … 2d
2067 2950 104 67 ed.,
363 2950 1979 146 thoroughly
616 3047 114 33 rev.
804 3027 340 52 Illustrated
1181 3027 142 53 with
1362 3030 99 49 123
1500 3027 364 70 engravings.
1937 3027 430 69 Philadelphia,

362 3106 115 52 Lea
506 3107 46 51 &
580 3105 263 69 Febiger,
874 3108 151 50 1928.

433 3186 96 48 xiv,
562 3187 206 49 [17]-902
795 3197 44 37 p.
898 3187 144 47 illus.,
1072 3186 181 48 diagrs.
1312 3187 148 40 24½ᶜᵐ.

369 3241 52 51 ©
450 3245 120 47 Aug.
597 3245 40 47 3,
659 3244 148 47 1928;
836 3245 68 40 2c.
932 3245 121 47 Aug.
1082 3244 53 47 8;
1166 3243 84 42 aff.
1279 3245 120 47 Aug.
1428 3245 82 47 10;
1542 3246 41 38 A
1611 3245 230 47 1083581;
1874 3246 97 39 Lea
2000 3245 37 40 &
2067 3245 217 48 Febiger.

448 3300 281 50 (28-19255)

363 3381 135 64 Poe,
531 3382 201 64 Edgar
761 3382 193 63 Allan,
989 3384 328 52 1809-1849.

433 3465 120 52 The
594 3465 136 68 gold
771 3465 133 68 bug,
945 3465 75 68 by
1060 3465 201 69 Edgar
1300 3465 177 51 Allan
1520 3466 133 66 Poe,
1695 3464 287 53 foreword
2023 3465 76 68 by
2138 3465 233 67 Hervey

362 3544 191 66 Allen,
594 3548 160 47 notes
801 3561 71 33 on
918 3543 94 53 the
1059 3548 122 47 text
1225 3542 77 68 by
1344 3543 250 53 Thomas
1639 3541 190 55 Ollive
1875 3542 280 53 Mabbott.
2233 3542 137 54 New

361 3622 181 67 York,
571 3621 341 69 Rimington
940 3623 45 50 &
1015 3621 256 67 Hooper,
1303 3623 148 49 1928.

436 3701 1531 51 xxxv, 91 p., 1 l. front., plates, ports., facsims. 22 ᶜᵐ .
439 3761 129 39 “The
604 3761 131 46 holly
773 3759 223 48 editions,
1035 3760 130 39 issue
1199 3759 203 39 number
1438 3759 127 40 four.
1627 3759 118 40 This
1781 3759 42 40 is
1859 3760 205 38 number
2098 3758 86 40 376
2220 3759 51 39 of
2308 3769 62 29 an

365 3818 186 40 edition
580 3817 52 40 of
658 3817 85 40 377
770 3817 263 39 numbered
1062 3816 159 48 copies
1251 3817 125 46 only,
1407 3815 52 40 of
1487 3815 158 40 which
1675 3816 160 48 copies
1862 3816 230 40 numbers
2122 3816 57 39 28
2209 3818 49 37 to
2286 3816 85 40 377

365 3885 86 30 are
478 3875 80 40 for
588 3873 145 42 sale.”

373 3928 52 52 ©
455 3933 113 46 May
595 3932 69 47 22,
694 3931 140 44 1928;
863 3931 68 40 2c.
960 3931 96 38 and
1084 3929 81 41 aff.
1196 3931 115 46 May
1338 3929 82 46 26;
1451 3929 41 39 A
1519 3929 231 43 1077474;
1781 3929 284 48 Rimington
2094 3929 36 40 &
2159 3929 207 47 Hooper.

444 3984 73 53 [©
545 3989 258 44 foreword,
839 3990 104 37 text
977 3990 112 37 note
1121 3988 36 39 &
1191 3989 107 38 text
1330 3986 269 41 corrections]
1713 3986 281 46 (28-19248)
