2498 4384
1267 4094 134 49 1490

326 523 151 67 plete
515 539 245 34 answers
801 520 94 52 for
931 520 198 68 eighth
1169 518 177 69 grade
1386 515 417 55 examinations
1843 515 188 53 issued
2069 515 76 69 by
2183 533 144 50 your

325 604 147 47 state
511 598 500 68 superintendents
1053 596 63 53 of
1159 595 195 68 public
1397 593 341 53 instruction
1782 592 95 53 for
1919 592 96 53 the
2059 597 129 63 past
2231 597 95 48 ten

324 694 193 51 years;
561 676 284 67 compiled
885 675 76 68 by
1005 673 136 55 Sam
1186 672 63 55 C.
1296 671 374 69 Stephenson.
1758 671 277 67 [Lincoln]
2084 670 242 53 Lincoln

324 753 192 54 school
543 754 212 69 supply
785 770 281 51 company
1141 753 152 65 [ᶜ1928]

392 834 528 49 359 p. illus. 23 ᶜᵐ .
396 905 135 40 First
561 904 198 47 edition,
789 903 128 48 1922,
948 904 90 39 has
1070 902 108 40 title:
1242 901 343 48 Stephenson’s
1615 900 168 49 eighth
1814 901 149 47 grade
1994 900 335 41 examination

326 962 225 48 question
579 962 96 39 and
704 971 193 30 answer
926 960 161 40 books.

397 1019 228 40 Lettered
654 1028 60 29 on
744 1028 141 29 cover:
943 1016 269 40 Nebraska.

396 1076 227 39 Includes
654 1073 304 48 advertising
986 1074 195 39 matter.

328 1143 51 52 ©
417 1147 128 48 Sept.
577 1147 70 46 25,
682 1145 117 41 1928;
858 1146 68 40 2c.
960 1146 94 38 and
1090 1143 82 42 aff.
1207 1143 103 41 Oct.
1345 1145 24 37 1;
1435 1144 40 38 A
1509 1143 203 40 1054684;
1779 1143 113 40 Sam
1927 1142 49 41 C.
2014 1142 316 47 Stephenson,

396 1204 215 46 Lincoln,
642 1203 115 40 Neb.
827 1201 281 49 (28-23017)

328 1298 298 69 [Norway,
658 1296 173 53 Nevil
862 1295 189 55 Shute]
1110 1299 164 50 1899-

397 1376 123 53 The
560 1375 340 69 mysterious
945 1374 241 66 aviator,
1229 1374 75 69 by
1349 1373 165 53 Nevil
1566 1372 179 55 Shute
1812 1373 215 67 [pseud.]
2115 1374 214 51 Boston

327 1456 114 51 and
476 1454 139 53 New
650 1453 181 67 York,
865 1452 320 68 Houghton
1222 1451 204 52 Mifflin
1462 1469 299 50 company,
1799 1453 150 50 1928.

393 1535 581 50 4 p. l., 304 p. 19½ ᶜᵐ .
397 1608 199 39 London
628 1606 185 40 edition
856 1605 210 49 (Cassell
1100 1606 95 38 and
1229 1615 249 37 company,
1513 1604 112 48 ltd.)
1667 1604 89 39 has
1791 1604 136 40 title:
1966 1603 61 40 So
2062 1602 270 41 disdained.

329 1674 50 52 ©
412 1678 103 41 Oct.
544 1678 38 47 5,
613 1677 117 40 1928;
784 1677 67 40 2c.
883 1676 102 40 Oct.
1015 1676 26 40 8;
1100 1675 82 40 aff.
1215 1675 103 41 Oct.
1348 1675 26 39 6;
1433 1675 41 38 A
1503 1674 204 40 1053785;
1767 1674 265 48 Houghton
2064 1674 170 39 Mifflin
2265 1684 67 31 co.

407 1734 283 49 (28-22962)

325 1830 311 63 Nystrom,
668 1828 147 53 Paul
846 1828 226 63 Henry,
1110 1828 172 53 1878-

400 1905 1935 69 Economics of fashion, by Paul H. Nystrom … New York,
330 1985 123 53 The
485 1985 228 52 Ronald
750 2003 158 49 press
943 2002 281 50 company
1308 1985 152 64 [ᶜ1928]

396 2066 1201 49 xiii, 521 p. incl. illus., plates, diagrs. 22 ᶜᵐ .
397 2124 352 47 Bibliography:
818 2134 42 37 p.
900 2122 219 41 483-494.

330 2177 50 52 ©
412 2181 128 47 Sept.
626 2212 8 16 28,
661 2180 118 40 1928;
829 2181 69 39 2c.
924 2181 95 38 and
1046 2178 82 42 aff.
1157 2179 103 40 Oct.
1285 2180 28 38 4;
1368 2179 42 39 A
1435 2179 203 40 1053722;
1695 2179 191 40 Ronald
1914 2190 136 37 press
2078 2190 68 29 co.

407 2237 283 49 (28-22952)

322 2332 180 64 Pagé,
539 2331 206 54 Victor
780 2330 270 66 Wilfred,
1088 2335 174 49 1885-

399 2411 226 53 Models
654 2412 49 50 T
736 2412 112 51 and
879 2411 57 51 A
966 2411 157 52 Ford
1154 2429 142 49 cars,
1329 2410 118 52 also
1480 2410 261 52 Fordson
1775 2409 154 53 farm
1961 2415 244 61 tractor;
2242 2410 97 52 the

328 2494 147 48 most
503 2489 328 68 up-to-date
858 2489 113 52 and
1001 2489 276 67 complete
1307 2488 278 68 practical
1613 2488 233 52 treatise
1874 2488 339 68 explaining
2242 2489 96 51 the

330 2568 305 68 operating
661 2567 314 67 principles
1000 2566 64 53 of
1090 2567 78 51 all
1195 2572 161 62 parts
1383 2565 64 53 of
1470 2566 139 52 both
1637 2566 188 52 model
1851 2567 49 50 T
1927 2566 113 52 and
2068 2567 189 51 model
2283 2566 56 52 A

330 2646 157 52 Ford
523 2644 390 67 automobiles,
946 2645 140 51 with
1122 2645 372 52 instructions
1529 2643 95 53 for
1658 2644 252 68 driving,
1944 2645 397 51 maintenance

333 2725 114 52 and
466 2723 297 68 repairing;
813 2723 117 52 also
950 2723 277 67 complete
1245 2722 373 52 instructions
1635 2740 73 34 on
1725 2722 97 52 the
1840 2722 47 51 F
1893 2722 210 52 ordson
2120 2726 218 49 tractor

393 2799 1947 72 … by Victor W. Pagé. New rev. and enl. ed., illustrated by
330 2883 102 49 223
472 2880 275 68 specially
784 2880 165 52 made
989 2879 293 69 diagrams
1322 2880 114 51 and
1477 2879 331 53 distinctive
1846 2879 251 69 original
331 2878 1983 149 photographs

587 2957 64 53 of
689 2958 189 52 actual
915 2963 188 62 parts;
1147 2976 30 33 a
1216 2957 279 68 complete
1533 2958 363 67 supplement
1934 2976 72 34 on
2045 2958 98 52 the
2182 2957 157 53 Ford

332 3033 2008 69 model A car and model A truck is included … New York,
332 3115 124 52 The
485 3115 256 52 Norman
771 3113 90 55 W.
892 3113 227 68 Henley
1151 3112 337 70 publishing
1519 3131 98 50 co.,
1651 3116 151 50 1928.

403 3195 1624 49 1 p. l. , 11-574 p. front., illus., diagrs. (part fold.) 19½ ᶜᵐ .
403 3253 237 40 Previous
666 3253 212 40 editions
906 3253 124 40 have
1059 3253 109 39 title:
1226 3253 161 39 Model
1416 3253 39 39 T
1483 3253 129 40 Ford
1641 3264 97 30 car.

337 3306 52 52 ©
426 3311 121 47 Aug.
581 3310 70 47 27,
687 3309 141 47 1928;
865 3311 69 38 2c.
973 3309 128 48 Sept.
1137 3310 81 45 15;
1259 3309 82 41 aff.
1382 3309 129 49 Sept.
1547 3310 81 47 19;
1667 3311 41 38 A
1744 3310 230 47 1054413;
2014 3311 216 39 Norman
2267 3311 72 40 W.

406 3368 189 46 Henley
626 3367 109 47 pub.
766 3377 68 30 co.
905 3365 282 50 (28-22945)

332 3459 551 64 Paluel-Marmont,
912 3459 209 54 Albert
1149 3459 203 53 Pierre
1381 3460 320 64 Hippolyte
1729 3461 239 63 Joseph.

465 3537 1877 68 … En casoar et gants blancs. [Paris] La Nouvelle société
332 3614 492 68 d’édition [ ᶜ 1928]
401 3698 480 50 247. [1] p. 18 ½ ᶜᵐ .
404 3756 63 40 At
494 3756 125 39 head
648 3755 52 40 of
727 3755 108 40 title:
893 3756 454 40 Paluel-Marmont.

407 3811 232 42 “Préface
670 3813 64 39 du
765 3811 194 49 général
994 3811 275 41 Gouraud.”

406 3868 1934 49 “Les pages émouvantes … reflètent, dans leur tragique vérité, l’idéal
333 3925 82 47 qui
445 3925 163 40 anima
636 3926 71 39 les
735 3925 170 47 jeunes
936 3924 366 48 Saint-Cyriens
1331 3926 57 39 de
1417 3923 353 43 1914.”—Préf.

341 3977 1982 111 © Mar. 1, 1928; 1c. May 25; A— Foreign 38846; Nouvelle société d’édition. (28-22801)
