2498 4384
1360 4019 103 52 962

381 464 401 66 illustrations,
820 466 35 49 4
892 461 66 54 of
997 462 188 53 which
1227 480 96 34 are
1364 461 61 52 in
1467 461 169 53 color.
1717 460 139 54 New
1901 459 183 68 York,
2125 459 262 67 London,

379 545 72 51 D.
479 541 298 69 Appleton
805 541 114 53 and
947 558 301 51 company,
1277 542 152 50 1928.

452 620 1010 50 xxxvii, 604 p. illus., col. plates. 25 ᶜᵐ.
385 677 1915 53 © June 22, 1928; 2c. and aff. June 26; A 1082251; D. Appleton & co.
463 737 281 49 (28-16180)

382 828 246 61 Barton,
659 828 141 62 May
831 825 207 53 Hollis.

453 905 179 52 Little
663 904 143 53 Miss
841 902 314 67 Sunshine;
1190 921 82 47 or,
1304 902 122 53 The
1459 902 95 53 old
1585 900 312 54 bachelor’s
1932 902 179 67 ward,
2141 900 76 71 by
2250 901 139 69 May

381 978 2006 70 Hollis Barton … New York, Cupples & Leon company [ ᶜ19 28 ]
456 1061 683 51 2 p. l., 206 p. front. 19½ᶜᵐ.
389 1118 1916 52 © Apr. 16, 1928; 2c. and aff. June 23; A 1082212; Cupples & Leon co.
467 1176 281 51 (28-16179)

458 1259 138 51 Two
625 1258 143 68 girls
799 1257 114 53 and
942 1275 32 35 a
1004 1261 284 65 mystery;
1321 1275 82 49 or,
1433 1256 123 54 The
1585 1257 96 52 old
1713 1255 174 54 house
1918 1255 61 54 in
2008 1256 99 54 the

385 1256 2010 148 glen, by May Hollis Barton … New York, Cupples & Leon company
433 1416 152 65 [ᶜ1928]

460 1493 1449 50 2 p. l ., 204 p. front. 19½ ᶜᵐ. (Her Books for girls)
391 1549 1894 52 © Apr. 16, 1928; 2c. and aff. June 23; A 1082221; Cupples & Leon co.
473 1609 282 50 (28-16178)

386 1690 201 63 Bates,
629 1690 200 52 Frank
869 1690 244 62 Greene,
1156 1692 172 50 1868-

466 1766 1927 71 State government, by Frank G. Bates … and Oliver P. Field
456 1845 1673 69 … New York and London, Harper & brothers, 1928.
466 1927 937 49 vii p., 2 l., 584 p. fold. diagr. 22 ᶜᵐ.
466 1984 164 40 “First
660 1982 228 42 edition.”

468 2040 351 41 “References”
847 2043 53 38 at
926 2042 93 39 end
1046 2041 52 40 of
1124 2042 129 39 most
1281 2041 52 40 of
1359 2041 82 40 the
1469 2041 241 48 chapters.

396 2094 2000 55 © June 22, 1928; 2c. June 23; aff. June 26; A 1082259; Harper & bros.
474 2154 283 50 (28-16294)

388 2236 209 63 Baum,
628 2236 165 53 Pauli
827 2235 302 64 Franklin,
1162 2236 84 53 ed.

524 2314 1876 69 … [Introduction and notes] by Pauli Franklin Baum [in the
389 2394 148 52 book
575 2394 256 66 entitled]
928 2395 69 51 The
1032 2394 174 52 house
1243 2392 65 53 of
1343 2392 122 57 life,
1502 2412 32 33 a
1568 2399 497 64 sonnet-sequence
2100 2396 77 68 by
2209 2397 191 51 Dante

396 2470 2007 73 Gabriel Bossetti … Cambridge, Harvard university press,
394 2554 149 50 1928.

467 2632 831 49 xiv, 242 p. front. (port.) 20 ᶜᵐ.
399 2687 1895 52 © June 10, 1928; 2te. June 22; aff. June 25; A 1083028; President and
469 2692 1915 96 fellows
614 2747 52 41 of
692 2748 231 39 Harvard
950 2747 192 48 college,
1172 2747 304 49 Cambridge,
1505 2749 147 40 Mass.

398 2827 264 62 Benoist,
696 2827 264 62 Charles,
995 2830 170 49 1861-

535 2905 1832 72 … Les lois de la politique française. Paris, A. Fayard & c ⁱᵉ
406 2986 194 64 [ ᶜ19 28]
470 3065 280 49 319 p. 19 ᶜᵐ.
405 3118 1999 56 © Feb. 1, 1928; 1c. Mar. 23; A— Foreign 38227; Arthème Fayard & cie.
484 3179 282 49 (28-16793)

397 3244 175 62 Benz,
603 3243 277 54 Richard.

470 3321 110 53 Die
621 3322 204 52 stunde
864 3323 101 52 der
1005 3323 307 53 deutschen
1352 3324 202 52 musik.
1632 3326 129 52 Von
1801 3325 257 53 Richard
2097 3328 169 50 Benz.
2343 3345 61 34 ii.

399 3400 164 65 Jena,
594 3400 66 52 E.
690 3400 354 67 Diederichs,
1075 3400 149 54 1927.

475 3482 847 50 2 p. l., iv p., 1 l., 525, [1] p. 25 ᶜᵐ.
409 3533 1996 59 © May 31, 1927; 1c. Apr. 23, 1928; A—Foreign 38655; Eugen Diederichs
480 3595 181 48 verlag.

406 3657 358 65 Bergkamp,
796 3659 221 64 Joseph
1050 3661 223 62 Urban,
1310 3664 172 50 1900-

479 3736 151 52 Dom
669 3737 147 53 Jean
857 3737 283 54 Mabillon
1180 3740 113 52 and
1336 3740 95 52 the
1474 3741 370 53 Benedictine
1883 3741 297 54 historical
2220 3744 189 52 school

409 3811 1978 155 of Saint-Maur … by Joseph Urban Bergkamp … Washington, D. C., The Catholic university of America, 1928.
