2498 4384
1243 4081 134 54 1722

381 508 460 50 xii, 85 p. 19 ½ ᶜᵐ .
383 566 264 40 Published
681 566 129 40 1928.

385 622 235 41 Contains
649 623 345 47 reproduction
1023 623 51 40 of
1102 623 211 48 original
1343 625 98 46 t.-p.
1472 623 51 40 of
1554 624 82 40 the
1668 623 318 42 dissertation
2006 636 9 29 :
2046 626 72 40 De
2149 626 168 41 mundi

313 679 1546 49 sensibilis atque intelligibilis forma et principiis … 1770.
383 736 205 40 Preface
618 735 168 48 signed
805 747 9 29 :
845 736 217 40 Norman
1090 736 158 48 Kemp
1281 735 172 43 Smith.

725 793 672 48 CONTENTS.—Introduction.—Thoughts
1428 805 61 29 on
1519 794 82 40 the
1632 795 109 40 true
1770 794 284 42 estimation
2085 796 51 41 of
2166 795 153 50 living

313 850 162 41 forces
522 850 234 49 (selected
794 850 403 48 passages)—On
1236 851 82 39 the
1356 850 108 40 first
1502 852 188 46 ground

1730 852 52 39 of
1819 853 82 38 the
1942 852 287 42 distinction
2267 854 51 40 of

316 906 190 49 regions
535 906 49 40 in
613 906 555 48 space.—Dissertation
1196 918 62 29 on
1288 908 81 39 the
1398 907 128 39 form
1556 908 95 39 and
1682 908 263 48 principles
1975 909 51 40 of

2058 910 81 40 the
313 910 1988 93 sensible
421 964 95 39 and
550 963 289 49 intelligible
869 964 167 39 world.

313 1032 51 53 ©
393 1036 130 48 Sept.
547 1036 70 48 20,
644 1035 140 43 1928;
812 1036 68 40 2c.
910 1034 129 48 Sept.
1064 1035 83 47 24;
1175 1034 84 41 aff.
1289 1034 128 48 Sept.
1442 1034 84 47 26;
1553 1034 42 40 A
1620 1035 231 49 1054792;
1881 1037 135 48 Open
2041 1039 140 38 court
2205 1037 111 48 pub.

380 1103 68 30 co.
520 1091 281 50 (28-23812)

306 1186 191 65 Kelly,
533 1185 132 54 Ada
698 1184 209 56 Marie.

385 1265 122 52 The
544 1263 197 69 prince
778 1263 65 53 of
878 1263 96 53 the
1011 1264 138 52 land
1186 1263 67 54 of
1288 1264 97 53 the
1422 1282 127 35 rose
1582 1266 172 67 apple
1792 1268 51 50 &
1884 1267 162 52 other
2085 1267 229 68 stories;

314 1341 370 69 adaptations
731 1340 154 53 from
931 1341 294 53 Buddhist
1275 1340 266 70 folklore,
1587 1343 76 68 by
1711 1343 133 54 Ada
1890 1344 188 54 Marie
2126 1345 191 70 Kelly.

315 1418 118 56 San
459 1419 204 69 Diego,
692 1418 196 69 Calif.,
916 1419 65 52 T.
1011 1417 69 56 G.
1110 1419 271 68 Dawson,
1412 1422 151 51 1928.

383 1500 445 50 55, [1] p. 22½ ᶜᵐ .
386 1558 93 41 “Of
510 1557 100 41 this
641 1558 137 47 book,
810 1556 109 41 first
950 1556 197 48 edition,
1182 1559 260 38 seventeen
1475 1558 160 48 copies
1669 1560 112 46 only
1815 1560 124 39 have
1972 1560 118 41 been
2125 1561 193 48 printed

365 1613 1956 55 … on Fabriano Italian hand-made paper of rag pulp, this copy being
314 1682 74 31 no.
421 1670 98 44 13.”

311 1740 52 53 ©
395 1744 128 40 June
554 1743 69 47 15,
656 1742 115 40 1928;
830 1742 70 41 2c.
932 1743 95 38 and
1060 1741 83 40 aff.
1178 1742 103 40 Oct.
1315 1742 81 47 16;
1432 1743 42 38 A
1506 1743 81 47 58;
1623 1743 107 41 Ada
1764 1744 156 41 Marie
1955 1746 227 49 Dawson,
2221 1747 98 41 San

380 1801 166 48 Diego,
578 1800 145 41 Calif.
792 1799 282 49 (23-24286)

308 1894 339 65 Kingsmill,
686 1893 202 65 Hugh.

376 1972 282 54 Matthew
685 1971 246 68 Arnold,
959 1972 77 69 by
1064 1972 184 68 Hugh
1276 1972 336 69 Kingsmill.
1689 1973 140 53 New
1859 1974 181 68 York,
2070 1975 66 52 L.
306 1974 1991 146 MacVeagh,

572 2050 121 52 The
735 2050 138 52 Dial
917 2067 185 50 press;
1149 2050 273 67 Toronto,
1465 2051 347 69 Longmans,
1857 2051 187 55 Green
2087 2054 46 51 &
305 2071 1992 128 company,
514 2131 152 51 1928.

377 2211 1146 50 vi p., 2 l., 317 p. front., pl., ports. 21 ᶜᵐ .
313 2280 1844 53 © Oct. 19, 1928; 2c. Oct. 29; aff. Oct. 20; A 1336; Dial press, inc.
391 2339 283 51 (28-25396)

307 2435 263 66 Kipling,
603 2434 306 64 Rudyard.

381 2515 123 52 The
532 2532 171 35 nerve
731 2513 128 52 that
888 2530 288 50 conquers.
1243 2512 183 54 Work
1455 2512 65 53 of
1550 2513 225 53 British
1805 2513 218 55 sailors.

389 2599 85 49 (In
502 2593 204 44 London
733 2591 193 51 Times)

314 2663 1989 110 © 1c. Nov. 12, 1928; A ad int. 11944; pubd. Oct. 27; R. Kipling, Burwash,
565 2724 194 47 Sussex,
790 2722 239 48 England.

305 2818 274 64 Leblanc,
614 2816 282 64 Maurice,
936 2820 171 50 1864-

376 2894 1947 69 Jim Barnett intervenes, by Maurice Leblanc … London,
305 2977 163 53 Mills
493 2978 46 51 &
565 2976 180 66 Boon,
772 2973 225 53 limited
1050 2975 151 65 [1928]

376 3058 87 40 254
494 3069 45 37 p.
599 3057 146 40 19½ᶜᵐ.

315 3124 2004 56 © 1c. Nov. 3, 1928; A ad int. 11848; pubd. Sept. 7; Macaulay co., New
383 3187 147 41 York.
600 3184 282 50 (28-28363)

308 3281 362 65 Lippincott,
701 3280 188 53 Isaac.

377 3352 1944 72 What the farmer needs, by Isaac Lippincott … New
309 3437 181 68 York,
519 3436 260 66 London,
809 3434 73 54 D.
913 3434 298 68 Appleton
1243 3434 114 52 and
1389 3450 299 51 company,
1721 3434 151 51 1928.

377 3518 680 50 viii p., 1 l., 200 p. 21 ᶜᵐ .
317 3573 51 53 ©
398 3577 104 41 Oct.
528 3576 69 47 24,
627 3575 142 46 1928;
798 3575 67 39 2c.
893 3576 96 38 and
1017 3573 83 40 aff.
1129 3573 104 40 Oct.
1260 3572 83 48 30;
1372 3572 42 39 A
1440 3571 142 49 1345;
1613 3572 57 40 D.
1699 3571 242 48 Appleton
1968 3570 37 40 &
2032 3581 69 30 co.

395 3632 283 50 (28-25273)

309 3725 385 64 MacDonald,
729 3725 248 63 George,
1013 3728 327 50 1824-1905.

381 3804 124 53 The
544 3803 253 69 princess
836 3803 115 52 and
989 3802 96 53 the
1125 3801 215 69 goblin,
1378 3801 77 68 by
1494 3800 222 68 George
1755 3798 386 66 MacDonald,
2184 3796 136 53 with

311 3881 383 54 illustrations
731 3881 113 52 and
881 3879 358 54 decorations
1272 3879 75 68 by
1382 3878 303 52 Elizabeth
1722 3877 378 67 Mackinstry.
312 3874 1985 139 Garden

452 3959 153 70 City,
635 3959 69 54 N.
734 3959 91 67 Y.,
853 3957 360 70 Doubleday,
1241 3958 200 52 Doran
1468 3958 47 51 &
1543 3973 298 52 company,
1869 3954 126 68 inc.,
2026 3956 152 50 1928.
