2498 4384
1071 4137 104 50 295

197 556 886 52 v, 63 p. incl. tables, diagrs. 17 ᶜᵐ .
95 627 52 53 ©
180 631 111 41 Feb.
320 631 70 46 28,
423 629 116 41 1928;
598 629 68 41 2c.
699 629 96 39 and
827 627 82 41 aff.
943 628 122 39 Mar.
1098 628 24 37 1;
1184 625 43 39 A
1257 624 205 42 1069042;
1524 624 44 41 J.
1600 624 60 40 H.
1694 623 240 40 Fletcher.

172 687 255 49 (28-7064)

93 781 258 63 Gillette,
386 781 157 54 John
578 779 236 64 Morris,
853 781 171 52 1866-

160 853 1948 75 Rural sociology, by John Morris Gillette … Rev. ed.
90 940 140 53 New
262 938 181 68 York,
472 939 123 52 The
623 935 337 54 Macmillan
990 951 303 52 company,
1325 936 152 50 1928.

161 1020 749 51 xiii, 574 p. diagrs. 22½ ᶜᵐ .
163 1090 352 43 “References”
544 1092 53 39 at
624 1090 92 40 end
744 1089 53 41 of
824 1090 127 39 most
977 1088 54 41 of
1059 1089 82 40 the
1169 1088 244 48 chapters.

97 1158 52 53 ©
181 1164 122 39 Mar.
334 1162 40 47 6,
404 1161 142 47 1928;
578 1161 68 39 2c.
677 1160 96 39 and
803 1158 82 41 aff.
917 1159 123 40 Mar.
1072 1159 25 39 7;
1160 1158 38 38 A
1261 1156 201 48 1068153;
1498 1156 283 40 Macmillan
1812 1166 69 32 co.

176 1218 253 51 (28-7150)

96 1325 702 65 Godwin, Frank, il lus.
175 1406 431 67 [Illustrations]
639 1405 77 68 by
743 1403 198 53 Frank
970 1402 250 55 Godwin
1272 1403 60 52 [in
1359 1402 96 53 the
1481 1402 149 53 book
1659 1401 258 66 entitled]
1951 1400 166 69 King

97 1485 227 52 Arthur
357 1485 111 52 and
502 1484 90 52 his
623 1482 256 69 knights,
912 1482 283 67 compiled
1229 1482 113 51 and
1379 1480 286 68 arranged
1699 1480 76 68 by
1809 1479 306 52 Elizabeth

98 1564 194 52 Lodor
328 1562 321 53 Merchant.
726 1560 431 68 Philadelphia,
1199 1558 255 70 Chicago
1520 1565 102 47 [etc.]
1688 1558 121 53 The
1850 1557 157 54 John
2054 1556 62 55 C.

97 1641 269 53 Winston
402 1658 285 51 company
770 1638 153 68 [ᶜ1927]

236 1721 1228 50 xv, 260 p. col. front., illus., col. plates. 22 ᶜᵐ .
103 1790 52 53 ©
194 1794 112 41 Dec.
341 1794 71 48 28,
450 1793 116 41 1927;
632 1795 67 39 2c.
740 1794 122 40 Mar.
900 1794 41 48 2,
980 1792 142 48 1928;
1164 1793 84 41 aff.
1288 1794 124 40 Mar.
1451 1792 53 48 6;
1545 1793 43 38 A
1624 1791 204 41 1069108;
1898 1791 128 40 John
2068 1791 50 42 C.

171 1851 227 41 Winston
428 1862 68 30 co.

97 1961 208 63 Harte,
335 1960 166 63 Bret,
534 1963 328 51 1839-1902.

170 2039 123 53 The
350 2038 163 54 Luck
568 2038 67 54 of
690 2039 261 69 Roaring
1011 2038 204 69 Camp,
1273 2039 115 53 and
1445 2039 242 53 selected
1743 2038 204 53 stories
2006 2038 113 53 and

102 2136 209 49 poems,
342 2117 77 70 by
451 2118 142 52 Bret
621 2117 207 68 Harte,
859 2116 192 55 edited
1082 2116 140 54 with
1259 2136 71 34 an
1364 2116 396 54 introduction
1790 2116 74 69 by
1897 2116 226 69 George

101 2194 2019 70 R. Stewart, jr. … New York, The Macmillan company, 1928.
241 2278 1815 51 xx, 188 p. incl. front., plates. 18½ ᶜᵐ . (The modern readers’ series)
107 2346 52 54 ©
190 2352 124 40 Mar.
344 2350 39 49 6,
414 2350 115 40 1928;
587 2351 68 41 2c.
687 2350 97 39 and
814 2348 83 44 aff.
929 2351 123 41 Mar.
1082 2350 26 40 7;
1169 2350 41 39 A
1240 2349 203 40 1068151;
1507 2350 283 39 Macmillan
1821 2361 67 31 co.
1969 2345 53 54 [©
179 2350 1925 108 introduction]
548 2407 253 50 (28-7034)

106 2518 352 62 Heermans,
494 2517 241 64 Forbes,
773 2521 172 49 1856-

175 2597 122 52 The
326 2596 239 53 Rancho
593 2595 65 54 of
683 2597 98 52 the
808 2596 204 53 twelve
1041 2596 278 68 apostles;
1350 2616 32 34 a
1411 2601 159 65 story
1599 2597 65 53 of
1690 2597 139 52 New
1857 2597 266 53 Mexican

106 2674 2019 70 life, by Forbes Heermans … Boston, Mass., The Stratford
106 2771 299 51 company,
439 2756 153 50 1928.

175 2836 576 50 2 p. l., 267 p. 19½ ᶜᵐ .
113 2903 52 53 ©
192 2908 122 40 Mar.
338 2908 41 46 2,
405 2906 119 41 1928;
574 2908 68 40 2c.
668 2908 123 40 Mar.
817 2907 25 40 5;
898 2906 83 42 aff.
1008 2908 124 41 Mar.
1158 2909 25 39 7;
1241 2907 41 40 A
1308 2907 204 41 1068141;
1572 2908 252 41 Stratford
1853 2919 81 33 co.,
1963 2910 165 47 pubrs.

191 2963 255 51 (28-6927)

107 3057 164 65 Hier,
303 3058 201 53 Frank
537 3058 275 64 Judkins,
849 3062 172 50 1899-

181 3135 240 57 Outline
460 3136 65 53 of
562 3137 119 53 real
721 3143 297 64 property,
1056 3138 77 68 by
1171 3138 201 54 Frank
1409 3139 164 53 Hier.
1652 3138 350 71 Cincinnati,
2041 3140 90 69 O.,

112 3214 122 54 The
259 3215 91 55 W.
377 3215 79 52 H.
485 3214 306 54 Anderson
818 3233 300 52 company,
1148 3219 152 51 1928.

181 3299 309 48 53 p. 23 ᶜᵐ .
117 3363 52 53 ©
200 3369 122 40 Mar.
350 3369 41 46 2,
422 3368 142 47 1928;
594 3369 68 40 2c.
691 3369 97 39 and
816 3368 84 42 aff.
929 3370 124 40 Mar.
1082 3369 53 46 5;
1166 3370 40 39 A
1236 3370 231 45 1068130;
1501 3373 71 40 W.
1604 3373 60 40 H.
1695 3373 254 40 Anderson
1979 3385 67 30 co.

196 3425 254 49 (28-7046)

114 3518 304 64 Hoffman,
449 3519 205 53 James
685 3520 213 64 David,
932 3524 172 51 1868-

186 3596 1948 74 Elements of machine design, by James D. Hoffman … and
116 3674 1994 148 Lynn A. Scipio … Boston, New York [etc.] Ginn and company [ ᶜ 1928]
119 3836 1999 108 vii, 327 p. illus., plates (1 double) diagrs. 23½ ᶜᵐ . [Engineering series, ed. by A. A. Potter]
125 3958 52 54 ©
213 3963 112 42 Feb.
358 3964 72 47 27,
466 3963 117 41 1928;
643 3964 68 43 2c.
747 3965 122 41 Mar.
905 3965 52 48 5;
995 3965 83 43 aff.
1115 3967 124 42 Mar.
1273 3967 53 48 3;
1364 3968 42 39 A
1441 3967 231 50 1069094;
1711 3971 44 42 J.
1793 3971 56 41 D.
1887 3970 249 51 Hoffman,

193 4020 276 48 Lafayette,
501 4022 104 41 Ind.
636 4023 95 39 and
762 4022 137 48 Lynn
931 4025 53 40 A.
1018 4024 173 49 Scipio,
1224 4025 419 50 Constantinople,
1675 4028 209 42 Turkey.

203 4076 255 51 (28-6935)
