2498 4384
1330 4045 136 54 1354

464 477 205 40 Preface
695 477 168 48 signed:
920 478 50 40 P.
1000 477 44 40 S.
1072 478 151 46 Bond,
1251 477 44 39 J.
1323 476 54 40 B.
1408 474 169 48 Sweet,
1606 473 199 41 editors.

468 544 1928 49 Consists of the first five chapters of vol. I of the more complete
393 605 56 40 R.
483 605 52 39 O.
566 605 52 40 T.
652 604 49 40 C.
733 606 212 45 manual,
977 604 112 40 11th
1121 603 198 46 edition,
1352 601 129 41 1928.

397 670 1949 52 © Aug. 3, 1928; 2c. and aff. Aug. 16; A 1083764; Natl. service pub. co.
476 730 281 50 (28-21535)

392 825 162 63 Bott,
589 826 254 52 Edward
874 824 355 64 Alexander,
1265 824 172 54 1887-

525 900 1878 71 … Observation and training of fundamental habits in young
392 981 277 67 children,
706 980 153 53 from
894 980 96 54 the
1029 979 83 55 St.
1150 979 269 69 George’s
1455 980 191 53 school
1684 979 94 53 for
1813 979 155 53 child
2005 980 173 68 study
2214 984 58 47 at
2305 979 98 53 the

390 1058 342 69 University
775 1058 65 53 of
882 1059 272 67 Toronto,
1195 1058 78 68 by
1315 1058 68 52 E.
1427 1058 72 53 A.
1542 1059 159 66 Bott,
1738 1058 91 54 W.
1874 1058 68 52 E.
1986 1058 189 67 Blatz,
2217 1057 184 53 Nellie

392 1134 2012 70 Chant, and Helen Bott … Worcester, Mass., Clark university,
449 1216 118 52 ᶜ1 928.
390 1296 1995 107 161 p. incl. tables, diagrs., forms. 24½ ᶜᵐ. (Genetic psychology monographs … vol. IV , no. 1)
464 1410 1718 48 “References” at end of each chapter except chapters I and VI.
399 1463 52 52 ©
479 1468 117 46 July
620 1467 70 48 25,
717 1466 141 48 1928;
888 1467 67 40 2c.
983 1467 116 47 July
1125 1467 56 40 27;
1239 1466 82 41 aff.
1349 1467 117 47 July
1491 1466 83 47 26;
1603 1466 43 39 A
1671 1466 230 47 1082750;
1934 1466 149 40 Clark
2109 1466 131 41 univ.

477 1523 282 49 (28-21205)

467 1616 1936 70 The bride’s book of recipes and household hints … St.
393 1695 987 71 Paul, Minn., C. J. West, ᶜ1 928.
463 1779 467 49 112 p. illus. 23 ᶜᵐ.
464 1836 236 41 Contains
731 1836 307 49 advertising
1064 1839 197 38 matter.

397 1888 54 53 ©
476 1892 122 49 Aug.
623 1893 40 48 1,
688 1892 141 47 1928;
857 1893 68 41 2c.
950 1893 121 48 Aug.
1097 1893 83 46 28;
1209 1892 84 41 aff.
1323 1892 128 49 Sept.
1479 1893 83 46 10;
1590 1892 43 39 A
1658 1891 230 48 1053246;
1920 1892 231 41 Carleton
2179 1893 44 40 J.
2251 1893 150 41 West.

477 1949 282 49 (28-21284)

393 2042 260 64 Britton,
686 2042 257 55 William
978 2044 268 63 Everett,
1284 2043 172 55 1887-

466 2119 169 56 Cases
664 2139 73 34 on
763 2120 95 54 the
886 2122 111 52 law
1022 2121 64 53 of
1112 2121 384 68 bankruptcy,
1523 2121 300 69 including
1850 2122 96 53 the
1973 2123 112 52 law
2113 2122 65 53 of
393 2122 1989 130 fraudulent

586 2199 1820 70 conveyances, by William Everett Britton … St. Paul,
392 2276 160 56 West
583 2276 339 70 publishing
952 2296 301 50 company,
1286 2281 152 50 1928.

462 2361 1941 51 xxi, 769 p. 26 ᶜᵐ. (American casebook series. W. R. Vance, general
392 2418 184 48 editor)

400 2471 52 52 ©
480 2476 120 48 Aug.
626 2477 69 46 27,
722 2476 115 41 1928;
892 2476 69 41 2c.
988 2478 95 38 and
1110 2475 83 42 aff.
1223 2476 130 49 Sept.
1380 2476 59 41 10;
1492 2476 40 39 A
1559 2476 207 41 1053236;
1819 2478 135 40 West
1981 2477 111 49 pub.
2118 2488 69 30 co.

478 2532 281 49 (28-21560)

393 2627 234 64 Brown,
662 2627 204 64 Harry
894 2627 213 65 Philip,
1143 2628 173 55 1887-

531 2705 1874 74 … Atlas of the commercial woods of the United States, by
395 2783 1339 70 H. P. Brown … [Syracuse, N. Y., ᶜ1 928]
466 2867 27 40 6
524 2878 57 37 p.,
616 2867 57 40 60
704 2878 61 37 pl.
826 2868 55 40 23½ᶜᵐ.

399 2920 52 52 ©
485 2924 128 48 Sept.
643 2924 68 47 13,
742 2923 114 41 1928;
913 2925 68 40 2c.
1011 2925 96 39 and
1136 2924 84 41 aff.
1253 2924 129 48 Sept.
1412 2925 56 40 18;
1527 2925 42 39 A
1596 2925 204 41 1053345;
1861 2927 61 41 H.
1953 2928 51 38 P.
2035 2928 193 47 Brown,
467 2928 1917 101 Syracuse,
623 2980 57 41 N.
709 2982 54 39 Y.

395 3073 293 65 Brunner,
724 3075 274 53 Edmund
1033 3075 70 53 de
1138 3074 374 66 Schweinitz,
1550 3081 172 50 1889-

472 3152 122 53 The
628 3152 213 53 church
875 3153 113 53 and
1024 3153 95 53 the
1156 3153 378 69 agricultural
1571 3155 162 54 crisis
1789 3155 95 70 [by]
1925 3156 276 54 Edmund
2238 3159 69 53 de
2346 3157 55 56 S.

400 3229 1707 74 Brunner. Boston, Chicago, The Pilgrim press [ ᶜ1 928]
468 3310 250 49 48 p. 19½ ᶜᵐ.
472 3368 43 39 A
541 3367 158 48 digest
727 3368 52 40 of
806 3369 81 39 the
916 3370 138 39 three
1081 3371 212 39 lectures
1320 3370 142 48 given
1493 3382 54 30 as
1577 3373 82 40 the
1687 3372 369 42 Alden-Tuthill
2084 3375 212 42 lectures
2325 3376 79 41 for

398 3423 131 42 1927.
590 3425 61 48 cf.
685 3426 186 40 Introd.

752 3482 162 40 CONTENTS.—The
944 3484 182 39 church
1154 3485 96 39 and
1281 3485 82 39 the
1391 3484 324 48 agricultural
1744 3487 323 43 crisis.—The
2096 3489 182 41 church
2307 3491 96 40 and

401 3537 83 40 the
514 3538 273 40 revolution
817 3539 50 39 in
897 3542 137 37 rural
1066 3540 149 40 social
1247 3540 316 43 life.—Town
1594 3545 96 39 and
1722 3547 207 46 country
1961 3546 182 40 church
399 3545 1989 99 administration.—Bibliography.

399 3647 52 52 ©
477 3653 126 39 June
627 3653 68 48 13,
721 3653 114 40 1928;
888 3654 68 40 2c.
980 3655 120 48 Aug.
1124 3656 54 46 2;
1206 3654 84 42 aff.
1315 3657 126 39 June
1466 3657 83 47 30;
1576 3659 41 38 A
1641 3658 202 41 1083451;
1903 3660 180 49 Sidney
2107 3662 55 40 A.
2188 3663 213 47 Weston,

468 3709 197 41 Boston.
735 3709 282 51 (28-21514)

392 3798 204 67 Brust,
630 3801 230 66 Alfred,
897 3808 172 50 1891-

524 3878 1878 78 … Jutt und Jula, geschichte einer jungen liebe. Berlin-
390 3953 370 74 Grunewald,
792 3958 444 76 Horen-verlag,
1271 3965 151 51 1928.
