2498 4384
1325 4092 135 51 1838

490 496 284 43 “Minimum
801 498 249 42 reference
1078 498 282 42 collection”
1381 511 8 29 :
1421 512 42 37 p.
1492 501 204 40 628-629;
1754 500 124 42 “For
1906 503 356 47 supplemental

417 503 1988 100 reading”
553 558 52 38 at
631 555 91 41 end
752 554 52 42 of
828 555 119 41 each
973 555 215 50 chapter.

424 605 51 55 ©
504 611 119 43 Nov.
652 613 69 48 13,
751 612 117 41 1928;
924 615 66 40 2c.
1020 616 97 38 and
1145 612 83 43 aff.
1259 613 119 43 Nov.
1407 614 55 40 14;
1520 614 42 40 A
1591 614 83 41 611;
1736 614 284 41 Macmillan
2048 626 68 30 co.

502 668 281 51 (28-28688)

416 734 269 67 Speight,
714 735 222 55 Harold
968 736 208 54 Edwin
1204 735 225 68 Balme,
1461 738 172 55 1887-

486 812 122 56 The
648 814 106 54 life
794 815 113 53 and
948 815 264 70 writings
1253 816 65 53 of
1358 815 156 55 John
1556 818 267 67 Bunyan,
1861 818 75 68 by
1976 817 228 53 Harold
2245 818 67 51 E.
2354 819 67 51 B.

417 892 1831 71 Speight … with an introduction by Francis Greenwood
414 896 1984 145 Peabody … New York and London, Harper & brothers, 1928.
482 1055 1339 49 xxii p., 1 l., 224 p. front., plates, facsim. 20 ᶜᵐ .
483 1112 352 48 Bibliography
852 1124 9 29 :
895 1123 44 37 p.
971 1113 219 39 221-224.

420 1164 1838 53 © Nov. 14, 1928; 2c. Nov. 14; aff. Nov. 16; A 633; Harper & bros.
497 1225 280 48 (28-28546)

409 1292 307 65 Strickler,
747 1295 203 62 Harry
979 1293 212 65 Miller,
1224 1314 176 50 comp.

487 1371 117 55 Old
654 1372 189 53 Tenth
896 1372 191 69 legion
1136 1372 345 69 marriages;
1537 1372 314 69 marriages
1905 1371 61 54 in
2019 1371 402 70 Rockingham

418 1450 247 69 County,
706 1450 291 69 Virginia,
1039 1449 154 54 from
1237 1449 135 55 1778
1414 1455 60 48 to
1521 1453 153 64 1816,
1715 1449 172 53 taken
1932 1449 156 54 from
2130 1450 96 53 the
420 1469 1975 128 marriage

611 1528 199 67 bonds,
845 1528 284 69 compiled
1164 1528 77 69 by
1275 1528 206 69 Henry
1516 1528 81 53 M.
1637 1527 296 56 Strickler.
2004 1528 256 70 Dayton,
2295 1530 126 67 Va.,

416 1604 1162 71 Joseph K. Ruebush company [ᶜ 1928 ]
484 1688 334 48 128 p. 24 ᶜᵐ .
416 1741 51 52 ©
495 1746 119 41 Nov.
643 1747 36 41 1,
709 1746 114 40 1928;
880 1747 68 39 2c.
975 1746 96 40 and
1098 1745 83 42 aff.
1209 1746 120 40 Nov.
1357 1746 25 38 5;
1441 1746 39 38 A
1508 1746 113 40 1673;
1681 1747 182 47 Joseph
1891 1746 59 39 K.
1979 1746 231 40 Ruebush
2240 1758 68 28 co.

493 1802 282 49 (28-28559)

406 1869 208 64 Swett,
649 1869 228 64 George
910 1869 259 65 Wright.

478 1947 1881 70 Construction of alignment charts, by George W. Swett …
406 2026 140 53 New
581 2026 182 64 York,
796 2027 56 54 J.
887 2026 190 64 Wiley
1112 2029 46 50 &
1190 2044 148 46 sons,
1371 2026 107 53 inc.;
1547 2026 260 64 London,
1844 2027 303 63 Chapman
2182 2029 46 51 &
2260 2028 162 62 Hall,

403 2106 244 67 limited,
680 2107 151 52 1928.

488 2188 893 49 2 p. l., iii-vi, 92 p. diagrs. 21 ᶜᵐ .
413 2241 2002 53 © Oct. 19, 1928; 2c. and aff. Oct. 31; A 317; G. W. Swett, Cambridge,
478 2304 148 39 Mass.
695 2303 283 48 (28-28404)

396 2369 234 65 Taylor,
668 2369 242 55 Nelson.

474 2450 121 52 The
626 2449 217 53 farmer
875 2451 111 51 and
1018 2450 89 52 his
1137 2449 119 69 city
1284 2449 214 68 cousin,
1524 2450 76 68 by
1631 2449 212 53 Nelson
1873 2450 234 66 Taylor.
2182 2449 237 67 Boston,

402 2528 1335 69 The Christopher publishing house [ᶜ 1928 ]
473 2610 364 49 101 p. 20½ ᶜᵐ .
474 2669 100 39 The
606 2668 108 40 first
747 2669 203 47 chapter
982 2667 52 41 of
1066 2678 28 30 a
1129 2669 164 45 larger
1323 2668 194 40 volume
1550 2667 206 41 entitled
1790 2667 129 42 “The
1952 2667 111 41 bold
2096 2666 141 42 truth
2268 2667 149 39 about

402 2725 277 41 ourselves”
710 2728 48 38 to
787 2726 56 40 be
872 2725 257 48 published
1158 2727 128 39 later.
1362 2725 61 48 cf.
1454 2725 275 41 Foreword.

407 2778 2006 54 © Oct. 6, 1928; 2c. and aff. Oct. 13; A 1054932; Christopher pub. house.
486 2840 282 49 (28-28497)

399 2907 278 65 Thomas,
711 2907 216 53 Lowell
958 2907 278 65 Jackson,
1271 2911 172 51 1892-

470 2983 1883 71 Adventures in Afghanistan for boys, by Lowell Thomas …
399 3063 141 53 New
570 3063 182 67 York,
780 3063 261 67 London,
1070 3063 121 53 The
1224 3063 258 69 Century
1512 3081 80 35 co.
1669 3065 153 64 [ᶜ1928]

469 3145 1709 49 vi p., 2 l., 263 p. front. (port.) illus. (maps) plates. 19½ ᶜᵐ .
403 3199 52 53 ©
484 3204 102 40 Oct.
615 3204 69 47 26,
713 3203 141 47 1928;
883 3204 69 40 2c.
980 3205 96 38 and
1104 3201 83 42 aff.
1215 3203 120 41 Nov.
1363 3203 53 46 6;
1445 3203 42 39 A
1515 3202 143 48 1525;
1690 3201 216 49 Century
1934 3213 68 29 co.

481 3258 282 50 (28-28579)

398 3313 279 63 Thomas,
714 3313 146 53 Paul
898 3313 288 64 Bernard,
1226 3317 173 50 1889-

470 3391 193 55 Secret
696 3410 300 50 messages,
1029 3393 128 51 how
1194 3396 59 48 to
1290 3392 136 52 read
1462 3392 114 52 and
1611 3391 164 52 write
1809 3390 156 53 them
2021 3390 94 68 [by]
2156 3390 148 52 Paul
2343 3390 66 51 B.

395 3471 266 52 Thomas.
739 3471 139 52 New
912 3470 181 64 York,
1125 3470 262 66 London,
1419 3469 70 53 A.
1525 3469 71 53 A.
1632 3467 228 69 Knopf,
1894 3471 150 49 1928.

466 3551 694 49 6 p. 1 ., 3-137, [1] p. 19 ᶜᵐ .
401 3604 54 52 ©
485 3609 102 41 Oct.
615 3609 69 46 26,
713 3609 118 40 1928;
885 3609 68 41 2c.
982 3609 119 40 Nov.
1129 3608 25 39 1;
1213 3608 84 41 aff.
1328 3608 103 40 Oct.
1459 3608 55 40 31;
1574 3608 41 39 A
1643 3608 116 40 1587;
1816 3607 174 40 Alfred
2018 3607 56 40 A.
2104 3605 180 47 Knopf,
2316 3605 91 40 inc.

480 3666 282 48 (28-28685)

392 3730 212 61 Trask,
636 3731 155 54 John
823 3731 277 64 William,
1138 3732 172 55 1877-

526 3806 1880 73 … Essentials of physiology, hygiene and sanitation, by John
472 3885 1935 67 W. Trask … in collaboration with Belva Cuzzort, A. M. Rev.
401 3966 1884 70 Boston, New York [etc.] D. C. Heath and company [ᶜ 1928]
