2498 4384
1342 4116 100 50 806

442 518 470 47 vii, 173 p. 19 ½ᶜᵐ .
383 570 53 51 ©
466 575 114 47 May
606 573 70 48 29,
704 573 115 40 1928;
875 574 69 40 2c.
974 585 63 28 and
1098 573 82 41 aff.
1210 575 115 47 May
1353 575 54 39 31;
1467 575 41 38 A
1537 574 202 41 1079615;
1799 575 284 40 Macmillan
2111 585 68 30 co.

462 630 280 46 (28-13985)

379 709 276 64 Dickens,
690 710 263 64 Charles,
990 710 326 54 1812-1870.

506 787 1873 72 … A tale of two cities, by Charles Dickens, edited for
373 866 2005 70 schools and libraries by Geo. C. Wells … Oklahoma City,
374 943 240 53 Harlow
651 944 337 69 publishing
1023 963 299 50 company,
1360 948 149 50 1928.

373 1027 1988 98 3 p. l., xxviii, 512 p. front. (port.) illus. (incl. maps) 17 ᶜᵐ . (Western
488 1084 151 41 series
670 1084 51 40 of
750 1084 204 48 English
984 1085 95 39 and
1106 1085 262 39 American
1397 1085 223 48 classics)

447 1142 306 39 “Annotated
792 1141 338 48 bibliography
1166 1141 51 40 of
1256 1142 82 39 the
1377 1142 104 39 best
1518 1142 160 40 works
1714 1141 51 41 of
1802 1141 240 41 Dickens”:
2110 1153 44 37 p.
374 1142 2005 97 [xxiii]-xxiv.

387 1250 52 53 ©
467 1255 111 39 Jan.
608 1255 68 47 12,
707 1254 114 39 1928;
878 1254 68 39 2c.
977 1254 114 47 May
1118 1253 83 46 22;
1235 1252 82 41 aff.
1348 1254 114 47 May
1491 1254 83 47 21;
1605 1254 42 39 A
1676 1253 229 47 1077408;
1938 1255 205 38 Harlow
2172 1255 109 47 pub.
2313 1264 67 30 co.

460 1307 69 54 [©
565 1310 371 48 introductions,
971 1313 152 43 notes,
1158 1311 223 47 glossary
1415 1312 96 38 and
1546 1310 236 41 teacher’s
1819 1310 152 49 helps]

465 1366 280 50 (28-13795)

383 1448 236 62 Dublin,
652 1447 180 53 Louis
863 1447 202 62 Israel,
1101 1450 172 50 1882-

446 1526 215 52 Health
714 1527 113 51 and
874 1526 227 66 wealth,
1148 1544 29 33 a
1227 1544 207 50 survey
1480 1526 63 52 of
1588 1526 97 52 the
1733 1526 311 53 economics
2091 1525 64 53 of
2205 1527 175 52 world

377 1603 2007 70 health, by Louis I. Dublin … New York and London, Harper
376 1684 46 51 &
449 1682 279 67 brothers,
760 1684 149 49 1928.

447 1766 83 39 xiv
559 1777 57 36 p.,
647 1766 24 38 1
738 1796 8 15 l.,
775 1765 84 40 361
890 1776 44 36 p.
995 1764 179 48 diagrs.
1236 1765 146 40 21½ᶜᵐ.

450 1821 1933 48 “Fifteen essays which … have been selected from various addresses
377 1879 159 40 which
569 1880 22 38 I
622 1880 124 39 have
778 1879 141 46 given
953 1879 175 46 during
1161 1878 81 39 the
1275 1879 97 38 last
1403 1878 137 39 three
1572 1889 54 28 or
1656 1877 115 40 four
1803 1877 382 47 years.”—Pref.

389 1931 52 52 ©
484 1936 114 46 May
639 1935 68 47 17,
750 1934 116 40 1928;
933 1935 68 39 2c.
1043 1935 95 38 and
1180 1933 83 41 aff.
1306 1935 114 46 May
1461 1933 82 47 19;
1588 1934 42 39 A
1669 1933 230 48 1077324;
1944 1934 198 49 Harper
2181 1934 36 40 &
2258 1935 126 40 bros.

467 1992 281 49 (28-13641)

387 2072 161 63 Duff,
583 2071 338 53 Alexander
953 2069 261 64 Wilmer,
1251 2074 171 49 1864-

459 2148 1926 70 Elements of physics, by A. Wilmer Duff … and Henry T.
384 2227 2004 70 Weed … New York, Chicago [etc.] Longmans, Green and co.,
389 2311 150 49 1928.

459 2392 63 48 ix,
555 2390 85 41 565
669 2402 42 37 p.
772 2392 86 40 col.
888 2390 165 48 front.,
1084 2390 144 48 illus.,
1260 2390 86 41 col.
1446 2422 9 11 pl.,
1488 2390 179 49 diagrs.
1728 2390 147 42 19½ᶜᵐ.

391 2445 53 52 ©
485 2449 114 48 Apr.
641 2449 69 47 16,
752 2449 140 45 1928;
936 2449 67 41 2c.
1047 2450 113 46 May
1202 2449 83 46 26;
1331 2448 82 42 aff.
1457 2450 113 47 May
1611 2450 83 46 25;
1737 2450 41 38 A
1821 2449 229 48 1077505;
2097 2450 287 48 Longmans,

461 2506 157 41 Green
650 2506 35 40 &
717 2518 68 28 co.
856 2505 279 48 (28-13927)

391 2587 211 61 Eaton,
636 2586 255 53 Edward
920 2585 264 65 Dwight,
1218 2590 172 48 1851-

451 2664 318 53 Historical
814 2664 254 53 sketches
1111 2664 65 52 of
1222 2665 191 52 Beloit
1457 2666 229 68 college,
1728 2665 76 69 by
1848 2665 258 53 Edward
2147 2665 241 70 Dwight

382 2741 2007 71 Eaton … with chapters by members of the faculty. New
385 2820 178 68 York,
590 2820 72 52 A.
694 2819 56 55 S.
782 2821 217 51 Barnes
1029 2820 113 52 and
1171 2838 298 50 company,
1500 2823 150 50 1928.

452 2905 50 39 ix
531 2915 56 37 p.,
618 2905 24 38 1
709 2935 8 16 l.,
745 2903 89 41 319
860 2914 44 37 p.
962 2903 148 40 20½ᶜᵐ.

394 2957 52 51 ©
478 2962 113 45 May
622 2961 37 45 7,
690 2959 115 41 1928;
863 2960 68 40 2c.
963 2960 114 46 May
1106 2960 24 37 1;
1191 2958 83 41 aff.
1306 2960 114 46 May
1448 2960 54 38 21;
1565 2960 41 38 A
1635 2960 202 40 1074633;
1899 2961 164 39 Board
2094 2961 51 40 of
2175 2964 212 39 trustees

462 3017 51 40 of
546 3017 160 42 Beloit
740 3018 192 46 college,
968 3016 173 47 Beloit,
1176 3016 118 39 Wis.
1368 3015 279 49 (28-13639)

390 3096 324 63 Edgerton,
746 3095 255 53 Edward
1031 3095 25 51 I
1314 3095 171 53 1877-

516 3172 1871 71 … A second course in the new mathematics, by Edward I.
385 3250 2006 70 Edgerton … and Perry A. Carpenter … Boston, New York
408 3335 120 61 [etc.]
566 3329 184 68 Allyn
781 3329 114 52 and
928 3329 195 51 Bacon
1159 3362 12 33 [
1175 3334 20 21 ᶜ
1200 3331 134 50 1928
1339 3362 13 33 ]

454 3413 65 47 xi,
558 3413 86 40 369
686 3423 42 37 p.
788 3413 144 46 illus.,
974 3412 179 48 diagrs.
1213 3411 147 41 19½ᶜᵐ.
1431 3412 199 48 (Junior
1669 3413 117 48 high
1826 3414 163 39 school
2030 3414 356 48 mathematics,

384 3471 73 39 ed.
489 3470 58 46 by
577 3468 43 41 J.
651 3470 62 38 M.
744 3467 167 48 Glass)

458 3527 325 45 “Protractor,
819 3525 145 47 ruler,
999 3525 95 39 and
1130 3523 204 48 square”
1369 3525 96 39 and
1499 3525 25 39 3
1557 3525 163 39 leaves
1753 3525 52 40 of
1839 3525 281 40 coordinate
2154 3536 150 37 paper
2337 3525 51 39 in

385 3583 172 48 pocket
588 3584 52 38 at
668 3583 107 39 end.

398 3634 52 52 ©
486 3639 115 47 Apr.
636 3637 39 46 9,
712 3637 115 40 1928;
890 3638 68 38 2c.
995 3638 96 38 and
1127 3635 82 42 aff.
1247 3637 114 46 May
1397 3637 82 46 14;
1518 3637 40 38 A
1595 3637 229 42 1074500;
1863 3637 146 39 Allyn
2043 3637 38 40 &
2118 3638 177 40 Bacon.

476 3693 279 49 (28-13646)

395 3759 239 62 Emery,
665 3759 276 52 Frederic
970 3759 270 63 Barclay,
1273 3758 171 53 1877-

460 3836 1930 70 Chemistry in everyday life, by Frederic B. Emery … Elzy
388 3913 1939 70 F. Downey … Roscoe E. Davis … and Charles E. Boynton …
390 3991 269 70 Chicago,
690 3993 139 52 New
861 3992 179 67 York,
1070 3993 193 68 Lyons
1295 3994 112 51 and
1440 3992 307 55 Carnahan
1783 3996 170 64 [1928]
