2498 4384
1267 4084 135 55 1576

350 424 281 65 Sterrett,
664 425 260 53 Frances
953 425 278 65 Roberta,
1265 430 170 49 1869-

418 503 186 69 Rusty
640 503 65 52 of
738 503 96 53 the
870 504 106 52 tall
1013 504 179 68 pines,
1226 505 76 67 by
1338 502 249 55 Frances
1624 505 69 52 R.
1733 503 263 69 Sterrett,
2031 505 324 54 illustrated

345 581 77 69 by
464 582 273 52 Florence
781 581 304 54 Gardiner.
1178 582 432 68 Philadelphia,
1653 582 121 54 The
1818 584 163 51 Penn
2023 581 337 72 publishing

345 676 300 50 company,
677 662 150 50 1928.

419 741 86 40 298
532 751 43 37 p.
635 741 164 42 front.,
830 743 172 46 plates.
1063 741 56 40 19½ᶜᵐ.

353 793 52 52 ©
439 798 128 48 Sept.
597 799 69 47 22,
698 799 114 40 1928;
870 800 68 40 2c.
969 801 96 38 and
1095 799 82 40 aff.
1210 799 103 41 Oct.
1344 800 55 39 13;
1459 800 42 38 A
1529 799 89 40 106;
1676 800 132 40 Penn
1839 800 109 48 pub.
1979 812 67 29 co.

431 855 281 49 (28-23876)

345 919 185 65 Veau,
567 920 224 65 Victor,
832 922 172 53 1871-

478 999 1881 70 … Pratique courante et chirurgie d’urgence, par V. Veau et
344 1077 2015 71 F. d’Aliaines. 8. éd., avec 320 figures dans le texte. Paris,
341 1155 599 68 Masson et c ⁱᵉ , 1928.
416 1237 1942 50 viii, 300 p. illus. 20 ᶜᵐ. (Précis de technique opératoire … (Nouv.
344 1292 152 48 sér.))

350 1348 1781 53 © May 15, 1928; 1c. June 26; A— Foreign 39289; Masson & cie.
427 1408 281 48 (28-23621)

343 1473 266 65 Victory,
644 1474 181 54 Louis
858 1475 74 54 H.

412 1553 214 68 Lamps
658 1554 111 51 and
800 1558 301 63 trumpets,
1130 1573 31 33 a
1189 1554 149 52 book
1367 1553 65 53 of
1460 1573 211 49 poems,
1697 1554 76 69 by
1803 1554 175 53 Louis
2006 1555 79 52 H.
2115 1554 240 70 Victory

402 1633 1317 68 … Boston, The Four seas company [ ᶜ19 28]
414 1713 1078 50 53 p. 19 ᶜᵐ. [The contemporary series]
348 1767 52 51 ©
427 1771 117 48 July
568 1770 39 49 5,
634 1771 142 47 1928;
803 1772 66 39 2c.
896 1771 119 47 Aug.
1043 1772 54 39 13;
1154 1771 83 41 aff.
1263 1770 121 49 Aug.
1409 1771 51 39 11;
1521 1770 41 40 A
1586 1770 84 48 40;
1700 1771 130 40 Four
1856 1782 108 30 seas
1991 1782 68 29 co.

426 1827 281 49 (28-23864)

345 1892 818 69 Villon, François, b . 1431.
410 1972 123 52 The
567 1972 278 67 complete
878 1972 187 53 works
1098 1972 65 53 of
1195 1972 277 65 François
1504 1972 217 67 Villon,
1755 1973 320 53 translated
2107 1973 142 52 with
2282 1992 72 34 an

340 2050 390 53 introduction
782 2052 112 51 and
941 2056 160 47 notes
1147 2051 76 69 by
1271 2051 54 54 J.
1375 2052 73 53 U.
1497 2050 299 59 Nicolson;
1847 2051 385 53 illustrations
2280 2050 76 71 by

339 2128 1770 69 Alexander King … New York, Covici, Friede, 1928.
407 2211 665 49 2 v. fronts., plates. 25 ᶜᵐ.
409 2269 163 45 Paged
599 2268 356 49 continuously.

413 2324 1940 50 “Of this first edition … there have been printed in May, 1928, nine
338 2384 223 40 hundred
605 2385 96 39 and
746 2382 133 49 sixty
924 2382 159 50 copies
1128 2384 127 47 only,
1298 2383 266 40 numbered
1608 2382 96 41 and
1749 2382 168 46 signed
1963 2383 61 47 by
2070 2383 82 40 the
336 2384 2001 98 translator.

542 2442 326 47 Typography
905 2441 61 47 by
1002 2442 218 47 Douglas
1259 2440 49 42 C.
1345 2439 304 42 McMurtrie.
1710 2439 118 41 This
1865 2439 41 41 is
1941 2451 75 29 no.
2051 2438 101 42 35.”

409 2499 189 40 French
627 2499 92 39 and
751 2498 217 46 English.

344 2552 51 53 ©
425 2556 120 49 Aug.
574 2557 70 46 22,
676 2556 141 46 1928;
848 2557 68 40 2c.
946 2557 118 39 each
1095 2556 96 40 and
1221 2554 84 43 aff.
1339 2555 128 49 Sept.
1497 2555 83 47 11;
1612 2554 41 40 A
1683 2554 204 42 1054587;
1949 2553 178 46 Covici,
2160 2553 187 45 Friede,

412 2613 91 42 inc.
574 2612 281 51 (28-22592)

337 2679 258 65 Walker,
626 2679 240 54 Madam
896 2679 62 55 C.
987 2679 73 65 J.,
1088 2677 499 66 manufacturing
1614 2694 306 49 company,
1951 2677 133 65 inc.,
412 2677 1919 150 Indianapolis.

412 2837 122 53 The
564 2838 237 52 Madam
834 2836 62 55 C.
928 2838 55 53 J.
1013 2837 240 55 Walker
1283 2836 211 69 beauty
1524 2836 261 67 manual;
1821 2855 31 33 a
1883 2835 290 69 thorough
340 2839 1987 129 treatise
490 2916 269 69 covering
799 2917 78 51 all
917 2916 277 52 branches
1237 2914 65 54 of
1342 2915 210 68 beauty
1595 2915 235 52 culture.
1913 2918 84 49 1st
2038 2913 86 53 ed.
2205 2914 147 52 Text

339 2994 150 52 book
525 2993 65 53 of
624 2994 96 52 the
757 2994 236 52 Madam
1034 2993 61 55 C.
1135 2994 55 53 J.
1227 2993 241 54 Walker
1505 2994 219 52 schools
1763 2992 65 53 of
1863 2992 213 68 beauty
2113 2992 235 52 culture.

340 3071 422 68 Indianapolis,
796 3073 150 62 Ind.,
981 3073 124 52 The
1137 3072 238 52 Madam
1413 3071 62 55 C.
1512 3071 55 54 J.
1603 3071 238 54 Walker
1876 3069 478 69 manufacturing

339 3168 300 50 company,
673 3150 106 53 inc.
966 3154 48 62 [ᶜ1928]

409 3232 1126 50 3 p. l., [11]-211, [7] p. illus., pl. 23½ᶜᵐ.
343 3283 2001 54 © Aug. 11, 1928; 2c. Sept. 21; aff. Sept. 17: A 1054433; Mme. C. J.
408 3346 200 39 Walker
639 3345 404 48 manufacturing
1074 3356 66 30 co.
1211 3345 14 48 (CA
1313 3345 172 41 28-931
1520 3345 237 49 Unrev’d)

336 3409 266 64 Waring,
630 3411 141 53 Mrs.
802 3410 177 53 Ethel
1007 3412 143 62 May
1185 3410 346 66 (Bushnell)
1571 3411 170 54 1887-

402 3488 1885 69 Work book, worthwhile games, by Ethel B. Waring …
340 3566 1254 68 [New York] The Grolier society [ ᶜ19 28 1
404 3648 958 47 2 p. l., 147 numb. l., 1 1. illus. 24 ᶜᵐ.
406 3705 201 40 Printed
635 3716 59 29 on
723 3716 87 29 one
837 3705 103 40 side
966 3705 52 40 of
1044 3705 104 41 leaf
1173 3707 127 46 only.

404 3761 184 40 Leaves
615 3762 52 40 of
693 3763 191 39 colored
910 3773 150 37 paper
1097 3762 82 48 (14
1204 3764 54 38 at
1283 3762 118 46 end)

404 3819 69 38 To
507 3829 293 37 accompany
831 3819 81 40 the
944 3819 153 47 Helps
1127 3821 48 38 to
1208 3819 227 48 learning
1465 3820 227 47 chapters
1724 3820 52 39 of
1807 3820 81 39 the
1920 3819 135 39 Book
2086 3818 53 39 of
333 3818 1993 101 knowledge.
495 3875 161 40 edited
690 3876 61 44 by
783 3876 187 38 Arthur
1003 3877 119 38 Mee.

340 3928 1985 111 © Jan. 21, 1928; 2c. Sept. 17; aff. Sept. 15; A 1054470; Ethel B. Waring, New York, [© volume revision] (28-23453)
