2498 4384
1009 4068 134 51 1821

90 412 329 63 Schaffner,
451 411 154 54 John
638 411 224 63 Henry,
899 414 171 50 1866-

162 491 164 52 Field
355 490 231 52 manual
612 489 65 53 of
700 489 97 53 the
824 488 140 53 flora
991 487 65 54 of
1083 487 152 55 Ohio
1264 485 113 54 and
1405 484 267 70 adjacent
1698 483 291 69 territory,
2017 483 72 69 by

93 563 2002 69 John H. Schaffner … Columbus, O., K. G. Adams & company,
95 649 148 51 1928.

161 727 430 48 iii, 4-638 p. 17½ ᶜᵐ.
97 793 52 53 ©
181 798 127 47 Sept.
337 798 69 46 25,
437 798 114 40 1928;
608 798 67 41 2c.
705 798 96 39 and
831 796 84 42 aff.
945 798 103 41 Oct.
1079 796 54 40 11;
1192 794 43 41 A
1263 795 85 42 322;
1409 795 56 41 R.
1497 794 54 42 G.
1582 794 182 41 Adams
1795 793 37 42 &
1859 805 69 29 co.

173 854 282 49 (28-27750)

87 947 477 64 Schopenhauer,
603 947 252 64 Arthur,
899 948 326 54 1788-1860.

157 1024 121 53 The
311 1025 347 69 philosophy
689 1024 65 54 of
786 1024 472 69 Schopenhauer;
1293 1024 208 67 edited,
1532 1023 140 53 with
1705 1042 72 34 an
90 1023 1982 146 introduction,

281 1102 75 68 by
412 1103 182 52 Irwin
651 1103 244 52 Edman.
971 1102 139 53 New
1166 1102 181 68 York,
1400 1102 123 52 The
1577 1102 244 52 Modern
1876 1102 220 68 library

94 1183 192 65 [ ᶜ19 28 ]
155 1262 1938 50 xiv, 376 p. 17 ᶜᵐ. (Half-title: The modern library of the world's best
89 1321 169 46 books)

95 1387 52 52 ©
177 1390 102 41 Oct.
309 1391 69 47 25,
409 1391 116 40 1928;
583 1392 67 39 2c.
680 1392 119 39 Nov.
829 1391 58 40 10;
944 1390 83 41 aff.
1057 1391 120 40 Nov.
1207 1390 28 40 6;
1292 1390 41 39 A
1362 1389 115 41 1609;
1538 1391 203 40 Modern
1770 1390 201 49 library,
2003 1390 94 41 inc.

172 1446 282 50 (28-27960)

88 1542 272 63 Seaman,
389 1544 138 52 Mrs.
558 1543 280 64 Augusta
874 1541 257 66 (Huiell)
1170 1546 172 51 1879-

159 1621 120 53 The
314 1621 447 68 disappearance
794 1619 65 55 of
891 1619 169 55 Anne
1095 1619 192 68 Shaw,
1319 1620 76 69 by
1429 1620 266 69 Augusta
1730 1620 201 54 Huiell

88 1620 2012 148 Seaman … Garden City, N. Y., Doubleday, Doran & company,
88 1777 125 67 inc.,
246 1780 151 51 1928.

158 1860 983 49 vii p., 1 l., 262 p. front., plates. 19½ᶜᵐ.
95 1927 52 52 ©
179 1931 102 41 Oct.
312 1932 69 46 19,
413 1932 114 41 1928;
585 1933 68 39 2c.
684 1933 96 38 and
812 1931 83 41 aff.
925 1932 120 41 Nov.
1076 1932 54 39 12;
1192 1931 43 40 A
1265 1931 86 40 584;
1412 1931 301 49 Doubleday,
1747 1931 168 40 Doran
1946 1932 37 40 &
2015 1942 83 38 co.,

161 1988 91 41 inc.
321 1987 282 50 (28-27810)

86 2081 256 63 Shaffer,
373 2081 211 54 Albert
614 2084 261 53 Monroe.

160 2160 1937 70 The key to the mysteries of God’s laws [by] Albert Monroe
93 2236 243 57 Shaffer.
403 2237 289 71 Simpson,
718 2239 90 56 W.
838 2240 127 68 Va.,
992 2240 72 54 A.
1093 2239 81 55 M.
1207 2238 230 57 Shaffer
1618 2243 48 65 [ᶜ1928]

159 2320 475 52 xii, 13-191 p. 22 ᶜᵐ.
94 2386 1988 114 © Oct. 10, 1928; 2c. Oct. 11; aff. Nov. 8; A 1607; A. M. Shaffer, Simpson, W. Va. (28-27871)
87 2543 312 66 Shawkey,
432 2545 220 55 Morris
681 2546 221 66 Purdy,
937 2551 172 51 1868-

159 2622 161 56 West
354 2623 291 71 Virginia,
680 2625 61 53 in
775 2625 240 70 history,
1051 2625 124 70 life,
1210 2625 300 55 literature
1547 2626 115 54 and
1698 2625 287 72 industry,
2021 2625 78 71 by

90 2699 2004 77 Morris Purdy Shawkey … assisted by an advisory council;
89 2777 1985 149 West Virginia biography by a special staff of writers … Chicago
260 2859 112 52 and
406 2859 141 53 New
580 2860 180 68 York,
792 2862 122 53 The
946 2862 186 53 Lewis
1166 2862 340 70 publishing
1536 2880 301 53 company,
1873 2866 152 51 1928.

163 2938 1722 55 5 v. fronts. (v. 1-2) illus. (incl. maps, facsims.) ports. 26½ᶜᵐ.
161 2996 128 40 Vols.
318 2997 87 39 3-5
434 2998 198 40 contain
660 2999 335 48 biographical
1025 3000 245 41 material.

93 3048 52 52 ©
172 3055 119 39 Nov.
318 3055 39 46 1,
386 3054 116 41 1928;
556 3056 68 40 2c.
653 3057 118 39 each
799 3057 119 42 Nov.
945 3058 27 38 2;
1031 3058 82 42 aff.
1141 3059 122 41 Nov.
1291 3059 26 40 5;
1376 3060 42 39 A
1444 3060 116 40 1685;
1618 3060 159 40 Lewis
1806 3061 112 48 pub.
1944 3071 70 30 co.

170 3110 282 50 (28-28392)

85 3204 177 65 Shiel,
295 3206 293 54 Matthew
619 3208 243 65 Phipps,
898 3214 171 50 1865-

155 3283 1944 77 How the old woman got home, by M. P. Shiel … New York,
85 3360 434 70 Macy-Masius,
552 3365 121 52 The
707 3367 317 67 Vanguard
1057 3385 176 50 press,
1268 3371 151 50 1928.

153 3444 637 51 vii p., 1 l., 11-434 p. 20 ᶜᵐ.
93 3495 50 53 ©
170 3501 118 41 Nov.
316 3503 39 46 8,
384 3502 116 42 1928;
555 3504 68 40 2c.
651 3505 118 41 Nov.
798 3507 82 46 13;
910 3505 83 43 aff.
1022 3507 119 41 Nov.
1169 3507 84 48 10;
1281 3508 43 39 A
1351 3508 142 48 1679;
1524 3509 366 48 Macy-Masius,
1920 3510 92 41 inc.

168 3557 282 51 (28-27813)

83 3651 270 65 Skinner,
389 3655 331 54 Constance
752 3656 283 66 Lindsay.

153 3731 120 52 The
295 3735 177 51 ranch
494 3732 65 53 of
580 3735 96 52 the
699 3733 224 55 Golden
944 3735 237 69 flowers,
1203 3737 77 69 by
1305 3737 319 56 Constance
1643 3740 258 70 Lindsay

83 3740 1988 120 Skinner.
272 3809 140 53 New
443 3811 180 66 York,
652 3813 122 53 The
804 3813 336 54 Macmillan
1169 3834 299 52 company,
1502 3820 150 50 1928.

151 3890 1040 52 vii p., 1 l., 182 p. col. front., illus. 20½ ᶜᵐ.
91 3942 52 53 ©
168 3948 117 41 Nov.
312 3949 70 48 13,
408 3949 143 49 1928;
579 3951 67 41 2c.
674 3953 96 40 and
798 3952 83 43 aff.
908 3954 119 41 Nov.
1055 3955 82 47 14;
1167 3956 42 39 A
1237 3955 112 49 609;
1381 3956 285 42 Macmillan
1693 3968 69 32 co.

167 4005 281 51 (28-27801)
