2498 4384
1031 4118 99 50 613

88 447 203 62 Fuess,
330 446 219 54 Claude
582 447 218 59 Moore,
841 449 172 49 1885-

154 525 135 52 Men
323 524 66 53 of
423 525 302 66 Andover;
764 524 399 69 biographical
1198 523 258 53 sketches
1492 524 61 51 in
1591 523 502 53 commemoration

84 602 65 53 of
179 603 98 52 the
305 621 105 34 one
441 603 264 53 hundred
738 603 112 52 and
883 601 217 53 fiftieth
1135 602 374 68 anniversary
1541 601 66 53 of
1638 601 254 69 Phillips
84 602 1983 147 academy,

270 681 75 67 by
390 679 220 55 Claude
652 681 198 52 Moore
895 681 194 67 Fuess,
1132 680 142 52 with
1320 698 73 34 an
1438 679 394 53 introduction
1875 680 77 68 by
1994 679 99 53 the

82 758 378 69 headmaster,
498 758 214 54 Alfred
753 759 211 54 Ernest
1004 757 253 57 Stearns.
1333 759 140 53 New
1512 758 227 69 Haven,
1780 758 148 53 Yale
83 759 1984 146 university

326 855 175 50 press,
530 837 133 68 pub.
694 835 95 54 for
817 837 254 68 Phillips
1101 838 291 68 academy,
1419 837 292 68 Andover,
1745 840 150 51 1928.

150 918 1345 50 xiv, 248 p. front., plates, ports., facsims. 23 ᶜᵐ .
89 986 51 52 ©
178 991 114 47 Apr.
327 991 69 47 13,
435 990 140 47 1928;
612 991 69 40 2c.
717 991 114 47 Apr.
866 990 84 47 21;
990 990 82 42 aff.
1108 991 115 48 Apr.
1262 991 82 47 19;
1382 992 41 38 A
1458 990 231 48 1069850;
1731 990 49 42 C.
1819 992 62 40 M.
1921 991 168 48 Fuess,

159 1048 238 48 Andover,
437 1049 147 38 Mass.
657 1047 281 49 (28-10958)

80 1141 216 63 Goepp,
327 1140 274 65 Rudolph
629 1143 159 62 Max,
824 1145 171 50 1866-

147 1219 214 52 Dental
386 1224 148 48 state
558 1219 180 53 board
765 1220 289 67 questions
1082 1220 115 53 and
1225 1238 265 50 answers,
1516 1221 76 68 by
1619 1220 68 54 R.
1717 1220 140 53 Max
1886 1220 204 69 Goepp

140 1297 1951 69 … 4th ed., rev. Philadelphia and London, W. B. Saunders
77 1392 297 51 company,
412 1378 152 51 1928.

147 1432 622 76 1 p. l., 11-463 p. 24 ᶜᵐ .
87 1524 51 53 ©
163 1529 114 48 Apr.
302 1529 39 46 5,
366 1528 143 47 1928;
535 1528 68 41 2c.
628 1529 114 47 Apr.
768 1529 55 39 17;
877 1527 83 42 aff.
984 1529 115 47 Apr.
1125 1527 56 40 19;
1237 1529 41 38 A
1303 1528 204 41 1069825;
1563 1530 72 41 W.
1661 1531 55 40 B.
1746 1530 247 41 Saunders
2020 1541 69 30 co.

163 1585 283 49 (28-11290)

78 1681 322 63 Gottfried,
432 1680 298 64 Manfred,
766 1684 172 50 1900-

147 1761 249 52 Prelude
431 1766 58 47 to
523 1761 197 67 battle,
754 1759 77 70 by
865 1759 277 54 Manfred
1179 1759 318 56 Gottfried.
1570 1759 140 54 New
1749 1760 181 68 York,
1967 1761 123 54 The

77 1839 156 54 John
263 1839 132 68 Day
425 1856 300 51 company,
757 1841 150 51 1928.

145 1923 29 38 4
200 1932 44 38 p.
307 1953 8 16 l.,
343 1921 100 48 343,
475 1920 56 51 [1]
559 1932 44 37 p.
663 1920 148 43 19½ᶜᵐ.

147 1994 114 47 Map
292 2002 60 31 on
382 1992 342 49 lining-paper.

85 2060 51 52 ©
171 2065 115 48 Apr.
321 2064 69 47 19,
428 2064 141 46 1928;
606 2064 68 41 2c.
711 2064 114 47 Apr.
860 2063 83 48 26;
981 2062 83 43 aff.
1099 2063 115 48 Apr.
1251 2063 83 48 25;
1373 2063 41 39 A
1450 2062 230 49 1069928;
1721 2065 63 40 M.
1823 2064 263 50 Gottfried,

151 2122 176 47 Tryon,
361 2122 58 41 N.
453 2121 50 41 C.
574 2120 283 50 (28-11168)

76 2217 279 63 Greaves,
388 2216 223 65 Joseph
646 2217 236 63 Eames,
919 2220 171 50 1880-

147 2295 1939 70 Elementary bacteriology, by Joseph E. Greaves … and
80 2374 2008 70 Ethelyn O. Greaves … Philadelphia and London, W. B.
77 2454 290 56 Saunders
399 2473 299 51 company,
733 2457 151 51 1928.

148 2537 1337 50 1 p. l., 7-506 p. illus., col. plates, diagrs. 20½ ᶜᵐ .
82 2591 52 53 ©
159 2597 115 47 Apr.
298 2596 40 48 9,
365 2596 115 41 1928;
533 2596 68 40 2c.
625 2596 115 47 Apr.
765 2597 55 39 17;
876 2595 82 41 aff.
983 2596 115 48 Apr.
1123 2595 59 40 19;
1234 2596 41 38 A
1300 2595 204 41 1069824;
1560 2596 72 41 W.
1659 2596 55 41 B.
1743 2595 247 41 Saunders
2017 2607 69 31 co.

160 2652 282 49 (28-11299)

74 2749 245 62 Greene,
350 2748 225 54 Robert
604 2749 135 52 Lee.

142 2825 1945 71 The chemistry of health, by R. L. Greene … Notre Dame,
70 2904 783 69 Ind., The author [ᶜ 1928]
140 2988 1129 50 xii, 352 p. incl. illus., plates, pl. 20½ ᶜᵐ .
142 3048 128 39 Most
298 3046 53 41 of
376 3046 84 40 the
487 3048 158 46 plates
674 3056 85 30 are
786 3046 265 40 numbered
1078 3056 54 30 as
1160 3056 91 29 one
1277 3056 136 38 page.

143 3104 176 40 “What
347 3105 50 39 to
425 3105 81 38 eat
533 3103 97 39 and
657 3102 109 41 how
792 3110 50 32 to
870 3112 112 30 care
1007 3101 81 41 for
1113 3103 83 39 the
1225 3101 213 41 health.”

80 3155 52 53 ©
160 3161 123 39 Mar.
310 3160 69 47 14,
408 3159 143 47 1928;
580 3159 69 41 2c.
676 3159 115 47 Apr.
819 3159 54 38 11;
932 3157 83 42 aff.
1042 3159 115 47 Apr.
1186 3158 83 46 19;
1300 3159 41 38 A
1368 3157 203 41 1074041;
1632 3159 55 41 R.
1716 3159 52 41 L.
1798 3157 199 43 Greene.

162 3216 283 49 (28-11291)

73 3311 249 63 Guillou,
354 3311 205 53 Henri.

143 3388 302 56 Comment
485 3388 225 54 utiliser
752 3407 70 34 au
864 3387 191 54 mieux
1096 3388 79 53 les
1215 3386 287 55 courroies
1543 3387 68 53 de
1651 3387 429 67 transmission;

72 3465 2012 70 conseils aux usagers, par Henri Guillou … Paris, Dunod,
74 3546 150 53 1927.

140 3627 1173 51 4 p. l., 74, [5] p. illus., 7 pl., diagrs. 23 ᶜᵐ .
81 3680 52 53 ©
165 3686 118 41 Nov.
313 3685 70 47 28,
415 3685 140 46 1927;
648 3717 9 9 1c.
689 3685 111 41 Jan.
830 3685 70 47 27,
932 3684 141 47 1928;
1107 3685 102 38 A—
1212 3684 209 48 Foreign
1452 3683 173 47 37309;
1660 3685 191 40 Dunod.

160 3741 282 49 (28-11294)

78 3837 191 62 Gunn,
298 3839 139 52 Mrs.
467 3837 192 53 Lilian
687 3836 293 54 Miranda.

209 3913 1811 69 … Table service and decoration, by Lilian M. Gunn …
75 3994 2002 69 Philadelphia and Chicago, J. B. Lippincott company [ᶜ 1928 ]
