2498 4384
1075 4097 136 55 1497

153 436 317 54 American
499 438 217 52 federal
745 443 98 47 tax
870 442 221 61 reports.
1224 478 10 8 v.
1263 437 46 64 6,
1336 453 88 34 no.
1457 436 45 55 7,
1529 433 245 68 August,
1805 435 148 50 1928.
2016 433 139 52 New

223 515 179 56 York,
435 515 451 63 Prentice-Hall,
918 514 106 52 inc.
1106 515 150 63 [ᶜ1928]

222 597 727 47 vii. 7477-7856. x p. 24½ ᶜᵐ .
155 662 1998 54 © Sept. 11, 1928; 2c. and aff. Oct. 12, A 1054938; West pub. co., St.
223 725 136 39 Paul.

155 833 241 61 Archer,
432 832 250 54 Gleason
717 832 287 60 Leonard,
1044 835 169 50 1880-

219 908 1875 69 The law of private corporations, by Gleason L. Archer …
149 990 235 65 Boston,
408 988 191 66 Mass.,
629 987 226 55 Suffolk
881 988 111 51 law
1018 987 189 53 school
1238 1005 175 50 press,
1441 989 149 50 1928.

217 1070 629 50 3 p. l., [9]-251 p. 23½ ᶜᵐ .
154 1139 51 52 ©
240 1143 127 47 Sept.
398 1142 69 45 10,
500 1142 55 39 1928;
673 1141 68 40 2c.
775 1141 129 48 Sept.
935 1141 55 38 15;
1052 1140 81 41 aff.
1169 1140 129 48 Sept.
1331 1141 55 37 14;
1448 1140 39 39 A
1520 1139 202 41 1054708;
1785 1139 53 40 G.
1872 1140 50 40 L.
1955 1139 199 48 Archer,

221 1200 197 39 Boston.
488 1197 280 50 (28-23123)

151 1307 241 64 Baring,
496 1326 87 35 Hon.
620 1305 282 64 Maurice,
940 1307 171 54 1874-

216 1386 186 54 When
437 1386 136 67 they
606 1386 143 66 love,
783 1385 75 68 by
893 1384 258 53 Maurice
1186 1384 238 69 Baring.
1501 1384 233 55 Garden
1772 1384 152 68 City,
1960 1386 68 51 N.
2066 1385 90 66 Y.,

147 1464 358 68 Doubleday,
536 1463 199 53 Doran
767 1464 46 51 &
844 1481 298 50 company,
1175 1462 127 67 inc.,
1337 1466 149 50 1928.

215 1546 506 49 6 p. l., 206 p. 20 ᶜᵐ .
152 1615 51 52 ©
234 1618 128 48 Sept.
391 1619 69 46 14,
488 1617 141 43 1928;
659 1617 67 39 2c.
755 1618 94 38 and
879 1616 82 40 aff.
993 1616 127 48 Sept.
1149 1616 82 42 24;
1265 1616 38 39 A
1332 1616 200 39 1053841;
1594 1616 298 48 Doubleday,
1924 1617 166 39 Doran
2120 1616 37 41 &

219 1686 82 31 co..
332 1675 92 40 inc.
492 1674 281 49 (28-23042)

148 1783 222 64 Bellah,
400 1782 205 55 James
634 1783 269 54 Warner.

217 1862 120 53 The
379 1880 130 35 sons
549 1860 64 55 of
656 1860 164 66 Cain,
858 1861 76 69 by
973 1861 195 54 James
1209 1862 248 51 Warner
1496 1861 220 52 Bellah.
1795 1862 136 52 New
1977 1861 180 58 York,

147 1941 258 58 London,
430 1940 71 52 D.
529 1939 297 69 Appleton
851 1942 45 49 &
920 1957 300 50 company,
1249 1942 149 49 1928.

214 2022 605 50 4 p. l., 247, [1] p. 20 ᶜᵐ .
153 2090 51 52 ©
235 2094 102 41 Oct.
366 2095 39 44 5,
437 2094 117 39 1928;
608 2094 68 41 2c.
706 2094 95 39 and
832 2092 81 41 aff.
946 2095 101 39 Oct.
1079 2093 52 43 9;
1164 2093 40 39 A
1233 2093 230 45 1054850;
1499 2094 56 40 D.
1585 2093 239 48 Appleton
1856 2094 36 40 &
1921 2105 67 30 co.

229 2151 283 50 (28-23043)

146 2261 208 62 Beyer,
393 2259 192 53 David
625 2260 279 62 Stewart,
947 2264 171 49 1880-

216 2338 1879 71 Industrial accident prevention, by David Stewart Beyer …
147 2419 70 53 3d
258 2419 103 65 ed.,
401 2437 113 33 rev.
592 2419 217 51 Boston
849 2418 113 52 and
1003 2418 139 52 New
1182 2417 182 66 York,
1404 2418 321 68 Houghton
1765 2419 203 53 Mifflin
148 2439 1982 127 company,
349 2499 152 51 1928.

217 2578 1082 50 viii p., 1 l., 433 p. illus.. diagrs. 29½ ᶜᵐ .
217 2651 205 46 ‘"Safety
447 2649 377 45 organizations,
852 2649 339 48 publications,
1219 2649 147 40 etc.”:
1402 2660 42 36 p.
1473 2650 249 48 [404]-405.

152 2704 51 52 ©
238 2709 126 47 Sept.
395 2709 27 38 7,
464 2707 141 41 1928;
638 2707 67 40 2c.
735 2710 95 39 and
861 2706 83 42 aff.
976 2706 102 41 Oct.
1109 2707 53 45 6;
1194 2707 41 39 A
1265 2706 208 41 1054809;
1532 2708 56 40 D.
1622 2707 45 42 S.
1699 2709 168 46 Beyer,
1903 2710 195 40 Boston.

227 2763 282 49 (28-23116)

140 2858 200 62 Blake,
381 2858 157 54 John
579 2857 55 54 A
921 2858 86 55 ed.

278 2935 1878 58 … Handbook of New York statute law … as amended to the
148 3016 106 53 end
282 3015 65 53 of
371 3015 100 53 the
496 3014 322 70 legislative
846 3014 209 54 session
1085 3013 65 54 of
1181 3017 153 56 1928,
1364 3015 184 53 edited
1581 3015 76 68 by
1685 3017 154 54 John
1875 3017 65 52 A.
1974 3018 181 54 Blake

208 3093 1467 69 … New York, The Law book company [ᶜ 1928 ]
215 3175 1373 50 3 p. l., 303 p. 22ᶜᵐ. (New York handbook series)
218 3249 226 40 Includes
474 3247 290 49 practically
795 3247 66 39 all
892 3246 52 40 of
975 3247 82 39 the
1088 3248 188 39 statute
1304 3248 97 39 law
1431 3249 181 40 needed
1644 3250 61 46 by
1735 3250 83 40 the
1847 3252 199 40 student
2077 3252 79 40 for

146 3305 76 41 his
245 3304 307 41 substantive
574 3305 97 38 law
694 3314 196 30 courses.
992 3304 35 46 cf.
1059 3304 132 40 Pref.

153 3372 51 52 ©
234 3376 127 47 Sept.
386 3375 61 40 20,
484 3375 142 45 1928;
654 3375 68 39 2c.
749 3375 96 38 and
872 3373 83 40 aff.
984 3373 103 41 Oct.
1113 3374 26 38 2;
1195 3375 43 38 A
1264 3374 230 47 1054776;
1524 3376 118 40 Law
1668 3377 123 40 book
1819 3389 66 30 co.

229 3432 280 48 (28-23124)

147 3525 241 63 Bogert,
417 3524 181 53 Lotta
626 3522 168 63 Jean,
826 3528 170 50 1888-

214 3603 453 53 Fundamentals
717 3601 65 54 of
831 3602 336 69 chemistry;
1220 3621 33 34 a
1301 3604 296 52 text-book
1649 3605 94 53 for
1793 3626 197 36 nurses
2041 3611 113 53 and

146 3679 1947 77 other students of applied chemistry, by L. Jean Bogert …
144 3760 72 52 2d
251 3760 102 53 ed.,
384 3778 114 33 rev.
573 3758 412 68 Philadelphia
1017 3759 113 52 and
1161 3759 261 67 London,
1455 3761 89 52 W.
1580 3762 66 52 B.
1685 3761 289 58 Saunders
148 3785 1980 121 company,
344 3839 151 50 1928.

286 3917 1070 49 xx, 17-345 p. front. (port.) illus. 22½ ᶜᵐ .
156 3987 51 52 ©
238 3992 128 47 Sept.
392 3991 70 47 28,
490 3990 114 40 1928;
661 3990 67 39 2c.
756 3990 96 38 and
881 3988 82 41 aff.
994 3989 102 40 Oct.
1124 3990 26 38 3;
1210 3989 41 40 A
1279 3990 205 41 1053700;
1541 3994 72 40 W.
1643 3996 53 40 B.
1729 3996 246 43 Saunders
2005 4012 53 24 co.

232 4046 279 51 (28-22841)
