2498 4384
1050 4075 133 53 1765

141 420 451 63 Grandmaison,
628 420 225 53 Léonce
890 420 87 64 de,
1016 420 326 54 1868-1927.

269 497 1815 70 … Jésus Christ, sa personne, son message, ses preuves …
137 578 183 66 Paris,
349 576 69 55 G.
447 576 378 67 Beauchesne,
855 579 150 50 1928.

206 658 485 41 2 v. front. 25 ᶜᵐ .
207 727 407 49 “Bibliographie,
635 729 91 39 Les
753 727 300 49 théologiens
1080 729 63 39 du
1172 728 234 39 Nouveau
1434 728 311 40 Testament”:
1794 740 43 29 v.
1865 727 40 48 1,
1934 738 43 37 p.
136 727 2010 102 [403]-404.

142 854 2000 52 © June 13, 1928; 1c. Aug. 17; A— Foreign 39971; Gabriel Beauchesne.
219 912 282 50 (28-28858)

137 1006 366 63 Gruenberg,
539 1004 318 65 Benjamin
896 1004 264 65 Charles,
1199 1005 172 54 1875-

205 1085 243 51 Parents
486 1083 113 52 and
635 1101 96 35 sex
768 1081 329 68 education;
1139 1082 94 53 for
1269 1088 232 62 parents
1538 1081 64 54 of
1637 1100 194 51 young
1866 1082 277 69 children,

133 1160 1874 71 by B. C. Gruenberg … New York, The American social
133 1161 1986 148 hygiene
329 1239 341 54 association
749 1240 152 64 [ᶜ1928]

202 1320 1938 51 vi, 88 p. 19½ᶜᵐ. [American social hygiene association. Publication
131 1391 75 30 no.
240 1380 100 49 394]

139 1446 51 53 ©
221 1450 129 49 Sept.
376 1449 70 48 29,
475 1449 117 40 1928;
645 1448 69 41 2c.
743 1447 102 42 Oct.
872 1447 54 41 31;
985 1446 83 43 aff.
1096 1448 119 39 Nov.
1245 1448 24 38 1;
1327 1447 41 39 A
1396 1447 114 41 1403;
1569 1448 159 41 Amer,
1757 1448 150 40 social
1935 1447 206 48 hygiene

205 1517 144 38 assn.,
384 1506 92 41 inc.
543 1500 72 55 [©
647 1508 200 45 parents
883 1505 96 39 and
1015 1514 85 30 sex
1135 1504 275 49 education]
1487 1504 282 50 (28-25671)

133 1600 263 63 Hallock,
432 1599 186 54 Grace
650 1599 210 64 Taber,
896 1603 171 49 1893-

202 1680 121 52 The
364 1678 112 68 boy
520 1678 126 52 who
691 1696 143 49 was;
880 1677 200 53 stories
1124 1677 123 52 told
1292 1676 75 69 by
1412 1676 183 55 Grace
1640 1678 185 53 Taber
1870 1678 270 68 Hallock,

133 1757 248 68 pictures
415 1757 165 52 made
613 1755 75 69 by
720 1755 215 53 Harrie
967 1755 203 54 Wood.
1241 1755 139 53 New
1415 1754 181 69 York,
1630 1756 66 52 E.
1733 1756 65 52 P.
1834 1757 226 52 Dutton
2095 1759 45 52 &

131 1837 308 65 co. [ ᶜ1928]
200 1915 1414 50 5 p. l., 3-153 p. col. front., illus., col. plates. 23ᶜᵐ.
201 1987 290 40 Illustrated
520 1986 366 49 lining-papers.

135 2054 51 53 ©
221 2058 102 41 Oct.
355 2057 70 48 10,
456 2057 141 45 1928;
629 2057 68 39 2c.
729 2056 102 40 Oct.
862 2056 82 46 10;
979 2055 82 40 aff.
1095 2056 102 41 Oct.
1229 2055 84 47 20;
1347 2056 42 39 A
1419 2056 142 47 1509;
1595 2058 53 39 E.
1681 2058 51 40 P.
1765 2058 189 40 Dutton
1987 2062 36 40 &
2055 2070 81 36 co.,

201 2114 92 41 inc.
364 2113 282 50 (28-25631)

128 2208 269 64 Holland,
427 2208 229 63 Rupert
687 2207 276 64 Sargent,
998 2207 171 54 1878-

199 2287 122 52 The
344 2286 268 68 splendid
635 2286 327 67 buccaneer,
988 2305 31 33 a
1045 2287 114 51 tale
1184 2284 66 54 of
1273 2286 96 52 the
1394 2285 263 54 Atlantic
1683 2291 156 49 coast
1863 2287 60 52 in
1949 2288 189 67 pirate

129 2365 158 69 days,
318 2364 76 70 by
426 2364 223 69 Rupert
684 2362 247 71 Sargent
962 2363 281 69 Holland,
1275 2363 141 54 with
1450 2364 382 55 illustrations
1864 2365 77 69 by
130 2363 1984 134 Stafford

304 2443 181 55 Good.
563 2443 410 68 Philadelphia
1012 2445 47 50 &
1096 2443 262 68 London,
1398 2443 56 54 J.
1498 2444 65 52 B.
1606 2443 340 69 Lippincott
127 2462 1984 128 company,
330 2524 153 51 1928.

196 2605 85 39 274
310 2615 43 37 p.
410 2604 87 40 col.
525 2603 165 48 front.,
719 2604 173 48 plates.
949 2602 147 43 19½ᶜᵐ.

132 2671 52 52 ©
214 2674 129 48 Sept.
369 2674 69 47 21,
467 2673 114 40 1928;
637 2674 68 40 2c.
733 2674 96 39 and
857 2673 82 40 aff.
967 2674 119 40 Nov.
1114 2673 26 40 5;
1196 2674 43 38 A
1265 2673 115 41 1502;
1438 2674 43 41 J.
1511 2674 54 41 B.
1594 2674 281 48 Lippincott
1903 2685 67 31 co.

209 2730 282 50 (28-25634)

124 2824 455 65 Hollingworth,
614 2825 139 52 Mrs.
792 2824 148 53 Leta
985 2824 293 64 (Stetter)
1325 2829 172 50 1886-

194 2903 121 52 The
348 2903 355 67 psychology
732 2901 64 53 of
825 2902 96 52 the
952 2902 339 68 adolescent,
1324 2902 75 70 by
1429 2903 142 52 Leta
1608 2903 56 54 S.
1699 2903 432 69 Hollingworth

186 2979 1512 71 … New York, D. Appleton and company, 1928.
192 3063 654 50 xii p., 1 l., 227 p. 21ᶜᵐ.
193 3134 172 40 Issued
391 3134 104 39 also
523 3133 154 39 under
702 3133 82 39 the
811 3143 132 29 same
970 3132 109 41 title
1105 3133 121 40 with
1254 3134 81 40 the
1361 3133 274 41 additional
1661 3135 227 40 material:
122 3137 1991 94 Appendix
235 3200 31 30 I.

298 3191 41 38 A
369 3189 202 49 graphic
602 3189 337 48 presentation
969 3189 52 40 of
1049 3189 131 40 facts
1210 3190 150 40 about
1391 3191 325 47 adolescence,
1748 3192 97 39 and
1875 3192 256 48 Appendix

165 3245 1129 49 II . Exercises and topics for further study.
192 3302 313 42 “Additional
541 3301 257 49 readings”:
864 3313 44 37 p.
942 3302 219 42 215-220.

129 3369 51 53 ©
209 3373 102 41 Oct.
337 3373 69 47 31,
434 3372 140 47 1928;
603 3372 67 40 2c.
697 3372 97 39 and
820 3371 82 41 aff.
930 3372 119 41 Nov.
1076 3371 26 39 2;
1159 3372 41 39 A
1225 3372 87 40 413;
1370 3372 57 40 D.
1455 3372 239 48 Appleton
1725 3373 36 41 &
1788 3385 68 30 co.

207 3427 284 52 (28-25749)

191 3523 122 52 The
344 3522 353 69 psychology
729 3521 64 53 of
824 3522 95 52 the
952 3522 340 67 adolescent,
1323 3521 76 70 by
1429 3523 142 52 Leta
1606 3522 56 55 S.
1696 3523 435 70 Hollingworth

184 3599 1547 70 … New York, D. Appleton and company [ ᶜ1928 ]
189 3682 939 50 xiii p., 1 l., 259 p. diagrs. 19½ᶜᵐ.
190 3741 172 39 Issued
394 3741 104 39 also
530 3741 153 38 under
715 3740 81 40 the
826 3750 132 30 same
990 3739 109 41 title
1130 3739 211 41 without
1371 3740 256 48 Appendix
1682 3772 8 12 I,

1722 3741 41 39 A
1794 3741 201 48 graphic
121 3753 1990 84 presentation
406 3796 53 40 of
495 3797 131 39 facts
666 3797 148 39 about
852 3797 324 46 adolescence,
1216 3797 97 39 and
1350 3796 256 48 Appendix
1687 3827 9 15 II,
1736 3798 256 40 Exercises
2032 3800 95 38 and

124 3853 149 47 topics
305 3853 79 40 for
417 3852 197 41 further
646 3853 161 47 study.

192 3909 313 40 “Additional
540 3908 257 49 readings”:
860 3920 43 36 p.
935 3908 219 41 242-247.

129 3961 52 53 ©
210 3965 102 42 Oct.
339 3966 70 48 31,
438 3966 115 41 1928;
610 3966 67 41 2c.
707 3967 95 39 and
831 3965 82 41 aff.
942 3965 120 42 Nov.
1089 3965 26 40 2;
1174 3965 40 40 A
1242 3965 85 40 412;
1387 3965 57 41 D.
1474 3964 241 50 Appleton
1745 3965 36 42 &
1810 3976 67 32 co.

205 4022 282 50 (28-25748)
