2498 4384
1022 4105 134 54 1057

101 449 220 63 Alcott,
356 448 218 54 Louisa
608 450 158 62 May,
803 451 324 50 1832-1888.

166 540 180 53 Little
382 558 243 48 women;
665 558 81 49 or,
782 540 153 68 Meg,
971 539 92 67 Jo,
1102 540 167 66 Beth,
1307 539 113 53 and
1457 538 172 69 Amy,
1662 538 76 69 by
1771 538 212 53 Louisa
2019 538 81 53 M.

94 619 215 65 Alcott,
338 623 133 63 part
499 617 125 54 first
652 618 112 52 and
792 622 133 64 part
952 618 221 66 second,
1202 617 189 53 edited
1420 617 141 52 with
1591 635 73 34 an
1692 615 410 69 introduction,

94 695 2008 69 notes and study helps by Frances Lester Warner … Boston,
94 771 1387 71 New York [etc.] Ginn and company [ ᶜ1 928]
92 855 1988 106 xviii, 611 p. incl. front. (port.) illus. 19 ᶜᵐ. (Standard English classics)
104 979 52 52 ©
183 984 116 40 July
326 983 67 47 10,
423 983 117 41 1928;
593 983 68 41 2c.
689 984 96 39 and
813 982 82 41 aff.
924 983 116 47 July
1067 981 82 47 18;
1179 982 42 39 A
1249 980 206 42 1082602;
1511 981 127 41 Ginn
1667 982 36 40 &
1728 992 69 31 co.
181 1040 281 49 (28-17387)

94 1162 207 63 Antin,
332 1163 192 64 Mary,
556 1166 173 50 1881-

223 1252 1876 70 … At school in the promised land; or, The story of a little
88 1332 355 69 immigrant,
475 1331 75 70 by
581 1331 172 70 Mary
783 1330 203 54 Antin.
1055 1331 139 53 New
1227 1331 105 66 ed.,
1364 1330 140 53 with
1538 1330 113 53 full
1683 1330 267 71 teaching
1983 1332 114 53 and

88 1408 2004 71 study equipment by Mellie John … Boston, New York [etc.]
87 1487 1097 70 Houghton Mifflin company [ ᶜ1 928 ]
157 1570 1743 49 xiv p., 1 l. , 112 p. 18½ ᶜᵐ. (The Riverside literature series)
159 1641 239 48 Chapters
430 1640 130 41 from
593 1641 82 40 the
708 1639 220 41 author’s
960 1640 102 40 The
1094 1639 241 49 promised
1369 1640 131 48 land,
1533 1640 256 49 published
1822 1641 129 42 1912.

156 1697 379 49 Bibliography:
573 1708 43 38 p.
652 1696 98 42 xiv.

99 1764 52 52 ©
182 1769 115 46 July
326 1768 67 46 13,
426 1767 118 41 1928;
598 1767 67 40 2c.
696 1768 96 39 and
821 1766 82 41 aff.
934 1767 117 47 July
1080 1766 82 47 16;
1195 1767 42 38 A
1266 1766 230 48 1082520;
1528 1768 265 47 Houghton
1825 1768 169 40 Mifflin
2025 1780 69 31 co.

176 1824 281 49 (28-17419)

86 1947 476 64 Ashton-Wolfe,
599 1948 75 53 H.

164 2040 170 55 Cases
360 2039 154 54 from
539 2059 98 50 my
662 2040 173 52 crime
859 2039 162 53 book.
1096 2058 89 34 no.
1214 2042 80 49 16.
1335 2040 125 52 The
1481 2041 199 68 happy
1706 2041 188 52 death.

171 2124 85 48 (In
283 2120 186 44 Strand
498 2119 277 53 magazine,
805 2118 132 53 July,
970 2119 144 50 1928)

95 2191 1995 53 © 1c. Aug. 17, 1928; A ad int. 11525; pubd. June 22; Christy & Moore,
161 2252 102 47 ltd.,
293 2251 213 41 London.

157 2375 122 54 The
305 2374 274 55 scientific
605 2375 120 54 side
752 2374 64 54 of
840 2375 97 53 the
963 2374 284 54 detection
1273 2373 64 55 of
1363 2374 187 54 crime,
1626 2394 118 35 nos.
1774 2378 116 51 1-6.

172 2459 84 48 (In
284 2455 295 44 Illustrated
609 2454 202 44 London
840 2469 134 29 news
1008 2454 278 53 magazine,
1318 2455 130 44 June
1478 2456 72 51 23,
1583 2457 71 50 30,
1688 2455 115 53 July
1837 2458 41 49 7,
1913 2456 73 51 14,
2017 2458 73 49 21,

90 2514 72 50 28,
194 2513 144 50 1928)

93 2583 1996 53 © 1c. each Aug. 16, 1928; A ad int. 11524; pubd. June 20, 27, July 4, 11,
160 2645 69 47 18,
258 2644 56 40 25;
373 2644 200 48 Christy
600 2644 36 41 &
665 2645 178 47 Moore,
871 2645 102 47 ltd.,
1002 2644 213 42 London.

84 2751 214 65 Ayres,
330 2753 175 64 Ruby
535 2753 269 54 Mildred.

152 2845 138 54 Left
315 2850 59 49 to
401 2845 127 54 face
552 2845 108 54 life
686 2846 177 53 alone.
939 2845 153 55 June
1117 2848 49 65 2,
1197 2848 83 66 16,
1305 2848 85 66 30,
1420 2848 149 52 1928.

167 2929 83 48 (In
277 2925 180 52 Lady’s
487 2924 320 54 companion)

91 2995 1995 55 © 1c. each July 20, 1928; A ad int. 11533-11535; pubd. May 26, June 9,
156 3057 56 39 23;
272 3057 142 47 Ruby
443 3056 210 41 Mildred
683 3057 200 47 Pocock,
915 3056 68 42 St.
1016 3056 225 49 George’s
1272 3056 117 48 Hill,
1425 3057 193 48 Surrey,
1652 3057 237 48 England.

81 3179 243 64 Baxter,
359 3179 265 55 Garrett.

157 3271 123 54 The
305 3271 136 70 city,
467 3271 77 70 by
570 3270 235 57 Garrett
835 3273 232 52 Baxter.
1149 3270 287 70 [Norfolk,
1464 3272 126 68 Va.]
1628 3272 121 54 The
1778 3272 309 55 Economic

86 3368 176 50 press,
293 3353 150 51 1928.

157 3432 472 49 2 p. l. , 102 p. 15½ ᶜᵐ.
89 3500 52 52 ©
176 3505 126 39 June
333 3505 70 47 11,
437 3504 140 46 1928;
612 3505 68 40 2c.
714 3505 95 39 and
843 3504 83 42 aff.
960 3505 116 47 July
1109 3503 52 48 9;
1196 3505 43 38 A
1272 3504 229 47 1082438;
1539 3504 53 42 G.
1627 3505 200 49 Baxter,
1861 3506 222 48 Norfolk,

158 3561 84 41 Va.
314 3561 281 49 (28-17069)

79 3669 238 64 Bianco,
353 3669 313 65 Giuseppe.

150 3760 1927 72 On the sixth day, by Giuseppe Bianco … London [etc.]
81 3838 215 55 Cassell
325 3839 113 53 and
467 3857 298 51 company,
793 3839 103 53 ltd.
955 3842 151 65 [1928]

148 3922 570 50 3 p. l. , 313, [1] p. 19½ ᶜᵐ.
89 3991 1991 59 © 1c. Feb. 24, 1928; A ad int. 10711; pubd. Jan. 26; G. Biancp, Bexhill,
156 4052 237 47 England.
464 4049 280 49 (28-17819)
