2498 4384
1220 4067 136 54 1712

355 506 766 50 1 p. l., 3-83 numb. l. 20½ ᶜᵐ .
285 574 1994 108 “This book is limited to an edition of 100 copies … this is an unnumbered copy
724 634 80 40 for
834 633 254 48 copyright
1120 631 361 49 registration.”

293 701 1998 54 © Sept. 26, 1928; 2c. and aff. Sept. 27; A 1053565; J. C. Wobensmith,
359 762 358 49 Philadelphia.
786 760 281 51 (28-24727)

285 857 358 63 Woodburn,
681 856 204 53 James
920 854 230 65 Albert,
1191 858 173 50 1856-

357 936 124 52 The
508 935 207 53 citizen
741 935 114 52 and
884 934 97 53 the
1011 932 286 69 republic;
1330 931 286 70 problems
1648 932 62 52 in
1737 931 312 54 American
286 932 1986 150 democracy,

483 1010 1812 72 by James Albert Woodburn … and Thomas Francis
287 1087 2010 71 Moran … New rev. ed. New York, Chicago [etc.] Longmans,
287 1170 189 55 Green
502 1170 114 52 and
645 1187 99 50 co.,
773 1172 151 49 1928.

354 1249 916 52 viii, 544 p. illus., diagrs. 19½ ᶜᵐ .
357 1323 282 40 Half-title:
675 1323 102 40 The
812 1321 176 41 citizen
1024 1322 97 39 and
1156 1321 84 40 the
1276 1320 243 49 republic;
1558 1331 28 29 a
1623 1320 117 48 high
1777 1320 163 41 school
1977 1320 233 41 textbook
2246 1319 51 40 in

283 1382 331 47 government.

356 1436 350 41 “References”
738 1438 52 39 at
819 1437 92 39 end
940 1435 53 41 of
1020 1436 120 40 each
1169 1435 219 48 chapter.

292 1504 2003 53 © Sept. 13, 1928; 2c. Oct. 25; aff. Oct. 24; A 223; Longmans, Green &
360 1576 69 30 co.
496 1564 284 50 (28-24706)

292 1659 386 70 [Woodward,
714 1657 320 64 Benjamin
1068 1656 338 68 Tilghman]
1449 1661 173 50 1881-

354 1733 1943 71 Diseases and feeding of your dog … New York, N. Y.,
283 1813 991 70 H. Clay Glover co., inc., ᶜ192 8.
353 1895 815 53 104 p. illus. 20½ ᶜᵐ . $1.00
292 1966 51 52 ©
377 1971 128 47 Sept.
534 1969 70 48 26,
635 1968 141 47 1928;
807 1968 69 40 2c.
905 1969 96 39 and
1031 1967 83 41 aff.
1145 1966 104 42 Oct.
1277 1966 84 48 20;
1393 1966 43 40 A
1463 1967 142 46 1127;
1637 1967 62 41 H.
1730 1966 120 49 Clay
1881 1966 178 41 Glover
2090 1977 81 37 co.,
2202 1966 93 40 inc.

369 2025 282 50 (28-24686)

287 2120 213 66 Woolf,
532 2124 139 53 Mrs.
707 2120 276 65 Virginia
1023 2120 326 65 (Stephen)

357 2199 289 67 Orlando;
703 2217 32 34 a
787 2198 345 69 biography,
1179 2198 78 70 by
1308 2198 273 69 Virginia
1631 2198 217 55 Woolf.
1924 2199 140 52 New
2117 2198 181 67 York,

286 2278 63 55 C.
385 2276 203 71 Gaige,
622 2279 152 51 1928.

353 2359 1218 52 8 p. l., 13-333 p., 1 l. front., plates. 23½ ᶜᵐ .
357 2432 94 41 “Of
480 2431 99 41 this
608 2430 187 41 edition
822 2430 53 41 of
903 2432 215 40 Orlando
1146 2431 85 40 861
1261 2430 160 49 copies
1449 2431 125 40 have
1602 2432 120 39 been
1749 2431 195 49 printed
1971 2442 60 29 on
2060 2442 120 38 pure
2210 2443 87 37 rag

284 2499 151 39 paper
467 2489 52 40 of
548 2488 161 40 which
739 2487 86 41 800
857 2488 265 39 numbered
1152 2487 176 48 copies,
1361 2487 169 48 signed
1562 2488 62 47 by
1656 2489 83 39 the
1770 2488 192 48 author,
1994 2488 103 39 will
2130 2489 56 39 be
2216 2488 80 41 for

284 2548 130 44 sale;
452 2544 298 42 distributed
783 2544 52 39 in
869 2543 223 41 America
1126 2544 62 48 by
1220 2544 224 40 Random
1478 2544 182 40 House.
1719 2544 87 40 No.
1841 2544 70 41 51.
1970 2544 326 49 Typography

284 2603 60 47 by
378 2602 229 40 Frederic
640 2600 223 42 Warde.”

292 2668 51 52 ©
372 2672 104 40 Oct.
501 2671 40 48 2,
568 2670 142 47 1928;
737 2670 68 40 2c.
835 2670 102 40 Oct.
964 2669 82 47 12;
1077 2669 83 41 aff.
1188 2669 104 41 Oct.
1320 2670 82 46 17;
1432 2669 42 39 A
1500 2668 142 48 1217;
1674 2668 184 50 Crosby
1887 2669 165 50 Gaige.

370 2727 284 50 (28-24699)

289 2821 232 65 Worth,
551 2821 150 54 Jean
732 2820 288 65 Philippe,
1055 2824 329 51 1856-1926.

354 2900 58 53 A
445 2906 238 63 century
716 2899 66 54 of
815 2899 250 68 fashion,
1101 2900 75 68 by
1210 2900 152 54 Jean
1396 2900 276 68 Philippe
1705 2901 237 67 Worth;
1979 2901 319 54 translated

282 2979 76 69 by
392 2980 161 52 Buth
592 2978 161 55 Scott
787 2978 212 52 Miller.
1076 2978 238 67 Boston,
1349 2977 198 69 Little,
1582 2979 231 68 Brown,
1849 2979 114 53 and
1999 2997 300 52 company,

286 3060 152 50 1928.

355 3137 1684 51 xviii, 229, [1] p. col. front., plates (part col.) ports. 26 ᶜᵐ .
356 3210 102 39 The
486 3209 190 47 history
704 3208 53 41 of
786 3210 82 39 the
897 3209 167 40 House
1093 3208 52 41 of
1173 3209 174 40 Worth
1376 3208 121 41 with
1528 3207 371 42 reminiscences
1929 3209 52 40 of
2009 3209 66 41 its
2103 3209 196 40 famous

286 3269 283 38 customers.

293 3319 51 52 ©
373 3324 103 40 Oct.
502 3323 40 48 6,
569 3323 118 40 1928;
738 3323 68 39 2c.
833 3323 96 39 and
955 3321 83 41 aff.
1067 3322 102 40 Oct.
1195 3321 84 48 10;
1309 3322 42 39 A
1375 3321 231 48 1053889;
1635 3322 164 48 Little,
1828 3324 192 46 Brown,
2048 3323 98 39 and

360 3333 1917 95 company.
572 3378 283 50 (28-23629)

284 3474 227 62 Wurtz,
551 3473 262 54 Eduard.

422 3549 1661 69 … Die viskosekunstseidefabrik; ihre maschinen und
289 3570 2010 128 apparate, von ob.-ing. Ed. Wurtz … Mit 59 abbildungen im text
289 3704 1537 70 und auf 4 tafeln … Leipzig, O. Spamer, 1927.
288 3788 1991 105 HO p. illus., IV fold. pl. 21 ᶜᵐ . (Monographien zur chemischen apparatur … hrsg.
770 3856 95 29 von
895 3846 55 39 B.
982 3845 165 41 Block,
1208 3846 77 40 bd.
1316 3845 52 48 5)

360 3901 348 40 “Erweiterter
741 3902 332 39 Sonderdruck
1105 3913 90 28 aus
1230 3901 299 41 ‘Chemische
1561 3901 284 49 apparatur’
1877 3901 248 44 1926/27.”

296 3954 1890 53 © Nov. 15, 1927; 1c. Apr. 11, 1928 : A —Foreign 38457; Otto Spamer.
374 4014 283 50 (28-23649)
