2498 4384
1101 4130 101 48 329

133 545 229 53 further
398 544 244 69 reading
679 543 113 53 and
829 560 157 35 more
1022 540 280 54 extended
1341 539 279 67 research,
1652 539 76 69 by
1765 538 217 53 Robert
135 537 1991 155 Jaffray.

348 623 141 53 New
518 621 181 68 York,
727 621 260 66 London,
1016 619 68 54 G.
1113 619 65 52 P.
1207 619 300 51 Putnam’s
1535 635 148 49 sons,
1715 619 150 51 1928.

233 705 639 50 v, 248 p. front., pl. 21 ᶜᵐ.
137 774 51 53 ©
221 778 122 40 Mar.
374 776 41 43 9,
446 776 84 40 1928;
620 776 68 41 2c.
718 775 96 40 and
844 773 82 42 aff.
959 774 122 40 Mar.
1112 771 83 49 10;
1228 773 41 39 A
1299 770 205 43 1069209;
1567 771 52 42 G.
1652 771 51 42 P.
1736 770 254 41 Putnam’s
2022 780 128 32 sons.

215 835 254 48 (28-7547)

129 928 168 62 Jean,
331 928 180 53 Elsie.

203 1005 115 56 Old
359 1006 184 53 fables
584 1005 94 52 for
716 1021 111 52 you
866 1002 113 53 and
1019 1002 252 69 pictures
1308 1008 112 47 too.
1497 1002 147 52 Told
1683 1002 77 68 by
1799 1000 354 67 Elsie-Jean,

134 1084 261 68 pictured
447 1083 75 70 by
574 1083 216 52 Estelle
839 1082 213 66 Duval,
1101 1081 242 52 lettered
1393 1080 74 69 by
1520 1079 149 53 Erik
1718 1080 208 52 Franz.
2012 1079 141 53 New

135 1162 178 67 York,
343 1163 64 51 T.
437 1161 213 53 Nelson
677 1160 112 52 and
817 1177 147 49 sons,
995 1160 151 52 1927.

199 1247 72 47 47,
304 1247 55 49 [1]
393 1256 45 38 p.
498 1246 87 39 col.
615 1244 131 41 illus.
806 1243 57 40 28½ᶜᵐ.

138 1312 52 53 ©
229 1317 121 39 Mar.
386 1316 69 41 10,
491 1315 84 38 1928;
668 1313 68 41 2c.
772 1314 95 38 and
904 1311 82 42 aff.
1025 1313 122 38 Mar.
1183 1313 16 37 13;
1304 1312 40 38 A
1380 1311 231 46 1069274;
1650 1312 213 39 Thomas
1900 1312 180 39 Nelson
2118 1313 36 39 &

209 1384 126 29 sons.
410 1371 253 49 (28-7550)

131 1467 318 57 Jefferson,
479 1466 278 62 Thomas,
789 1484 146 47 pres.
976 1465 65 52 U.
1074 1465 81 67 S.,
1189 1466 329 52 1743-1826.

205 1545 387 56 Jeffersonian
657 1544 342 68 principles;
1066 1548 249 48 extracts
1382 1542 154 53 from
1599 1543 98 52 the
1765 1543 260 69 writings
2092 1543 63 53 of

135 1626 250 52 Thomas
439 1623 304 67 Jefferson,
799 1623 239 52 selected
1095 1622 113 53 and
1264 1622 191 53 edited
1510 1622 75 69 by
1638 1623 197 54 James
1890 1623 263 52 Truslow

134 1701 1809 69 Adams … Boston, Little, Brown, and company, 1928.
205 1784 684 50 xxii p., 2 l., 3-161 p. 20½ ᶜᵐ.
138 1854 1997 101 “Unless specifically noted otherwise, the citations … are to the volumes
308 1916 94 39 and
443 1925 121 38 page
602 1914 229 40 numbers
867 1914 52 39 of
956 1914 80 40 the
1076 1912 187 42 edition
1301 1913 52 40 of
1390 1912 288 41 Jefferson’s
1716 1913 240 48 Writings
1992 1915 161 39 edited

135 1974 61 47 by
231 1973 123 42 Paul
391 1972 247 40 Leicester
673 1972 143 47 Ford,
852 1971 50 39 in
939 1974 80 37 ten
1058 1972 232 47 volumes,
1327 1970 258 49 published
1621 1972 62 46 by
1721 1972 52 40 G.
1813 1972 52 41 P.
1902 1972 254 40 Putnam’s

134 2041 126 38 sons,
293 2029 364 42 1892.”—Note.

484 2100 1083 48 CONTENTS.—Introduction—Chronology.—Political
1600 2101 264 48 principles
1896 2103 95 39 and
137 2113 2003 88 practice.—Education

615 2160 95 39 and
743 2158 387 49 religion.—The
1164 2161 81 38 art
1279 2158 52 41 of
1361 2158 167 48 living.

139 2228 51 52 ©
233 2232 123 41 Mar.
398 2233 69 40 10,
511 2232 140 44 1928;
695 2232 69 41 2c.
805 2233 96 38 and
943 2231 83 41 aff.
1070 2233 123 39 Mar.
1235 2232 82 46 12;
1363 2232 40 38 A
1445 2231 231 47 1068249;
1723 2232 168 40 James
1933 2233 225 39 Truslow

205 2291 198 46 Adams,
443 2290 433 47 Bridgehampton,
915 2290 51 39 L.
1008 2291 51 45 I.,
1098 2290 57 39 N.
1195 2290 56 39 Y.
1322 2289 254 48 (28-7628)

131 2384 286 63 Johnson,
451 2384 324 56 Christine.

206 2465 117 51 For
355 2465 98 52 the
487 2483 217 34 women
736 2464 65 53 of
834 2463 206 69 China,
1073 2465 113 52 and
1221 2464 254 69 through
1511 2465 167 53 Bible
1711 2466 185 67 lands,
1927 2467 76 68 by
135 2466 1997 130 Sister

261 2543 1894 72 Christine Johnson … translated from the Norwegian by
135 2623 258 52 Herman
444 2623 67 51 E.
556 2623 339 69 Jorgensen.
988 2623 410 67 Minneapolis,
1443 2623 205 67 Minn.,
1692 2624 289 54 Women’s
135 2625 1998 145 missionary

423 2701 325 53 federation
802 2701 66 53 of
920 2701 95 53 the
1070 2702 347 68 Norwegian
1474 2703 296 52 Lutheran
1825 2704 211 52 church
2094 2704 65 52 of

135 2781 287 67 America,
456 2780 150 54 1927.

205 2863 869 49 263 p. front. (port.) illus. 19½ᶜᵐ.
141 2930 2016 56 © Jan. 31, 1928; 2c. and aff. Feb. 6; A 1069146; Augsburg pub. house,
210 2992 340 48 Minneapolis.
625 2992 252 48 (28-7433)

135 3086 286 62 Johnson,
455 3086 224 53 Martin
716 3086 219 62 Elmer,
974 3091 169 49 1884-

211 3164 229 64 Safari;
488 3183 31 34 a
565 3183 138 51 saga
747 3164 65 53 of
855 3165 97 53 the
997 3166 249 53 African
1295 3168 147 65 blue,
1489 3168 74 68 by
1608 3169 222 52 Martin
1875 3170 283 62 Johnson,

142 3244 133 53 with
325 3246 66 50 66
437 3244 399 53 illustrations.
912 3245 138 52 New
1098 3245 183 68 York,
1323 3246 262 67 London,
1632 3246 69 55 G.
1746 3249 66 51 P.
1857 3249 300 54 Putnam’s

138 3341 147 49 sons,
317 3325 152 52 1928.

244 3437 8 10 x,
285 3405 86 40 294
402 3416 43 37 p.
506 3405 165 47 front.,
702 3406 173 47 plates,
907 3410 150 44 ports.
1117 3406 57 40 24½ᶜᵐ.

211 3463 289 40 Illustrated
531 3462 366 48 lining-papers.

143 3516 52 52 ©
224 3523 122 38 Mar.
373 3522 40 45 2,
442 3520 84 40 1928;
612 3521 67 40 2c.
708 3522 94 38 and
831 3520 83 42 aff.
942 3523 123 40 Mar.
1092 3522 54 47 3;
1175 3522 41 39 A
1245 3522 231 49 1069078;
1507 3525 63 40 M.
1600 3525 234 48 Johnson,
1865 3526 118 40 New
2012 3527 146 41 York.

225 3578 254 48 (28-7425)

137 3671 238 63 Jowett,
409 3672 229 64 George
668 3673 65 53 F.

143 3749 1993 131 Man power, making yourself superfit [ by] George F. Jowett.
304 3828 1564 73 New York city, The Jowett institute, inc. [ ᶜ1 928]
213 3910 216 40 2 v. 17½ ᶜᵐ.
145 3963 52 52 ©
229 3966 112 43 Feb.
370 3967 40 44 3,
441 3968 85 41 1928;
614 3970 68 41 2c.
713 3969 118 41 each
860 3971 96 40 and
988 3970 108 43 affs.
1128 3971 112 42 Feb.
1271 3973 26 39 29;
1388 3973 41 39 A
1459 3972 219 44 1068040.
1710 3974 174 41 1068041;
1977 3976 181 41 Jowett

213 4025 228 40 institute
474 4026 52 39 of
558 4027 217 47 physical
812 4029 203 42 culture,
1051 4029 90 40 inc.
1214 4029 254 49 (28-7513)
