2542 4417
1108 4131 66 51 85

132 463 303 62 Edwards,
471 461 290 64 Dorothy.

201 541 333 68 Rhapsody,
562 541 76 68 by
665 539 268 69 Dorothy
962 538 299 53 Edwards.
1337 536 141 54 New
1507 535 181 70 York,
1714 535 72 54 A.
1814 535 73 55 A.
1914 536 228 69 Knopf,

135 622 149 51 1928.

199 700 678 52 4 p. l., 224 p., 1 l. 19½ᶜᵐ.
477 756 447 50 CONTENTS.—Rhapsody.—A
964 757 207 47 country
1211 755 332 41 house.—The
129 755 1994 110 conquered.—Treachery

246 816 50 39 in
332 826 28 30 a
396 813 518 43 forest.—Cultivated
949 813 182 48 people.
1146 834 61 7 —
1226 811 376 42 Summer-time.
1618 834 61 6 —
1698 811 159 41 Sweet
1891 821 251 39 grapes.—

130 875 40 38 A
198 873 206 48 garland
433 872 53 40 of
513 871 260 41 earth.—A
802 871 175 39 throne
1004 868 51 40 in
1083 868 415 47 heaven.—Days.

135 925 50 53 ©
225 929 112 41 Jan.
373 927 69 49 20,
482 927 118 41 1928;
664 926 68 42 2c.
770 927 111 40 Jan.
918 925 82 48 30;
1041 924 85 42 aff.
1164 925 111 40 Jan.
1313 925 83 47 25;
1436 925 42 38 A
1516 924 204 41 1061457;
1788 925 57 41 D.
1885 925 253 49 Edwards,

204 985 200 49 Cardiff,
435 986 176 46 Wales,
643 983 239 49 England.
952 981 252 50 (28-3334)

130 1078 285 65 Epworth
444 1078 229 64 league,
703 1078 219 67 Pierre,
950 1077 58 53 S.
1039 1077 71 52 D.

200 1157 265 67 Candies,
487 1156 283 68 compiled
792 1155 78 69 by
890 1155 96 53 the
1009 1155 283 68 Epworth
1315 1155 200 68 league
1538 1153 65 53 of
1625 1155 96 52 the
1744 1154 200 53 Pierre
1966 1154 79 53 M.
2073 1155 68 51 E.

132 1231 1838 71 church. Pierre, S. D., J. Fred dander company [ ᶜ 1927]
199 1319 72 47 41,
302 1317 54 50 [6]
387 1328 44 37 p.
491 1317 56 41 17
549 1319 46 22 ᶜᵐ
599 1349 9 9 .

202 1373 284 42 Cover-title:
543 1373 73 42 Oh
634 1373 10 41 !
701 1373 166 47 Fudge
886 1372 10 41 !

202 1432 161 39 Blank
386 1441 148 38 pages
559 1430 80 40 for
667 1428 432 41 “Miscellaneous”
1137 1428 82 50 ([6]
1251 1430 53 39 at
1329 1429 118 47 end)

135 1485 50 53 ©
215 1490 112 40 Dec.
354 1489 40 48 3,
424 1488 115 41 1927;
596 1488 68 41 2c.
693 1488 111 40 Jan.
832 1487 40 49 3,
901 1485 118 41 1928;
1074 1486 84 42 aff.
1188 1487 114 40 Dec.
1330 1487 69 48 31,
1431 1486 116 41 1927;
1606 1486 41 40 A
1675 1485 204 42 1018111;
1940 1487 45 41 J.
2015 1486 128 41 Fred

203 1546 225 47 Olander,
461 1546 180 47 Pierre,
676 1545 45 41 S.
753 1544 59 42 D.
882 1543 254 50 (28-3049)

129 1640 313 63 Faulkner,
477 1640 222 54 Harold
731 1639 391 63 Underwood,
1158 1641 174 51 1890-

131 1715 1989 136 … Economic history of the United States, by Harold Underwood
321 1793 1824 72 Faulkner … New York city, The Macmillan company,
132 1878 149 52 1928.

196 1960 96 48 xiv,
324 1959 86 41 301
442 1969 45 39 p.
547 1968 153 38 maps.
760 1957 58 41 19
820 1959 44 22 ᶜᵐ
869 1989 9 9 .
948 1957 127 49 (The
1104 1957 170 40 World
1306 1957 151 48 today
1484 1956 284 49 bookshelf)

199 2017 299 48 “Suggested
540 2013 257 50 readings”
840 2017 54 38 at
931 2015 93 39 end
1065 2014 52 40 of
1157 2013 121 41 each
1319 2014 230 48 chapter;
1594 2014 69 40 “A
1703 2013 223 49 working
1965 2014 87 42 list
2092 2016 51 40 of

131 2074 144 41 books
300 2073 81 41 for
407 2073 225 41 students
657 2071 52 41 in
733 2070 261 42 American
1020 2069 245 42 economic
1290 2069 221 49 history”:
1569 2081 44 38 p.
1638 2070 222 42 291-294.

135 2126 50 53 ©
221 2131 111 40 Jan.
364 2130 70 47 24,
469 2129 143 47 1928;
647 2127 69 42 2c.
752 2130 97 39 and
884 2126 82 43 aff.
1002 2127 111 41 Jan.
1148 2126 83 47 25;
1269 2127 43 39 A
1345 2126 232 48 1061394;
1615 2127 232 41 Workers
1883 2127 262 41 education

201 2188 185 40 bureau
417 2197 150 38 press,
600 2185 106 48 inc.,
738 2185 119 40 New
887 2184 146 40 York.
1104 2183 254 49 (28-3178)

131 2281 187 63 Fiero,
350 2280 230 64 George
607 2278 278 56 William.

203 2356 1883 70 Condensed review of pharmacy, by George W. Fiero …
131 2438 274 69 specially
443 2437 251 69 adapted
731 2443 59 47 to
828 2436 212 69 college
1078 2435 65 54 of
1179 2437 316 68 pharmacy
1532 2437 324 68 graduates.
1934 2438 71 52 2d
2043 2438 105 67 ed.,

137 2536 105 34 rev.
271 2519 46 50 &
343 2517 107 53 enl.
525 2516 113 53 Los
665 2515 270 69 Angeles,
959 2513 69 57 G.
1055 2515 92 54 W.
1176 2514 189 69 Fiero,
1394 2517 151 51 1928.

197 2601 85 40 104
303 2611 44 38 p.
406 2600 56 40 23
466 2602 44 22 ᶜᵐ
515 2632 9 9 .

136 2654 50 53 ©
218 2659 111 41 Jan.
357 2659 41 47 4,
429 2656 142 48 1928;
604 2657 69 40 2c.
704 2657 96 39 and
832 2654 83 42 aff.
946 2655 110 41 Jan.
1087 2655 83 47 12;
1204 2655 41 39 A
1275 2651 205 45 1018357;
1544 2655 53 41 G.
1630 2656 72 41 W.
1735 2656 157 49 Fiero,
1926 2656 94 41 Los
201 2656 1926 108 Angeles.

415 2713 255 51 (28-2932)

130 2796 288 63 Forbush,
452 2795 256 54 Edward
744 2794 201 54 Howe.

264 2873 1882 69 … Birds of Massachusetts and other New England states,
132 2954 73 68 by
253 2954 255 53 Edward
557 2953 184 52 Howe
787 2951 280 53 Forbush.
1152 2956 81 64 pt.
1284 2954 47 49 2.
1382 2951 166 53 Land
1596 2951 161 53 birds
1807 2950 155 54 from
136 2950 1982 135 bobwhites
357 3037 59 47 to
441 3031 274 69 grackles.
778 3030 340 52 Illustrated
1144 3029 142 52 with
1312 3030 227 52 colored
1567 3030 184 67 plates
1779 3028 155 54 from
135 3031 1986 148 drawings
283 3110 77 69 by

382 3109 178 53 Louis
581 3108 244 70 Agassiz
851 3109 237 51 Fuertes
1114 3108 114 52 and
1253 3107 211 69 figures
1491 3108 113 52 and
1631 3113 125 47 cuts
1781 3106 154 55 from
135 3109 1987 148 drawings

296 3189 113 52 and
444 3187 399 69 photographs
876 3187 77 68 by
987 3187 208 52 others.
1266 3186 202 53 Issued
1502 3187 77 67 by
1615 3186 296 70 authority
1948 3186 67 54 of
2049 3189 97 52 the

135 3267 344 69 legislature.
555 3265 324 68 [Norwood,
909 3264 193 68 Mass.,
1134 3265 125 52 The
1287 3264 290 54 Norwood
1610 3283 176 50 press]
1829 3265 151 55 1927.

205 3350 39 47 1,
274 3348 86 41 461
390 3360 44 37 p.
493 3348 130 40 illus.
652 3347 134 49 (incl.
818 3348 163 48 maps)
1022 3348 158 47 plates
1209 3346 137 50 (part
1377 3347 114 48 col.)
1558 3347 57 40 25½
1648 3349 45 22 ᶜᵐ
1698 3380 8 8 .

139 3401 50 53 ©
221 3407 113 41 Dec.
365 3407 69 47 12,
468 3406 115 40 1927;
644 3405 68 42 2c.
745 3405 111 41 Jan.
890 3404 67 48 16,
991 3404 119 41 1928;
1170 3404 83 42 aff.
1288 3405 111 41 Jan.
1432 3405 58 39 24;
1552 3405 41 39 A
1626 3404 205 41 1018545;
206 3405 1921 99 Commonwealth
417 3464 51 40 of
499 3463 404 48 Massachusetts,
938 3462 199 42 Boston.

133 3543 226 64 Foster,
390 3542 259 56 William
678 3542 280 64 Trufant,
994 3545 173 52 1879-

205 3622 121 54 The
360 3622 141 54 road
533 3628 59 47 to
627 3621 219 69 plenty,
878 3621 76 70 by
987 3621 264 55 William
1286 3619 260 55 Trufant
1579 3621 204 54 Foster
1821 3621 114 54 and
138 3621 1985 131 Waddill

280 3699 1869 70 Catchings … Boston and New York, Houghton Mifflin
137 3794 296 54 company,
463 3781 150 51 1928.

207 3858 61 49 vi,
305 3859 85 41 231
426 3870 45 38 p.
530 3859 55 40 21
589 3861 44 22 ᶜᵐ
638 3891 9 9 .
717 3859 302 50 (Half-title:
1056 3859 336 41 Publications
1431 3860 54 41 of
1521 3861 83 40 the
1643 3860 174 40 Poliak
1852 3859 297 43 foundation

139 3914 78 41 for
241 3917 242 40 economic
510 3918 241 47 research,
778 3927 77 31 no.
883 3915 80 49 11)

143 3968 50 52 ©
226 3974 111 42 Jan.
367 3974 70 49 20,
470 3974 142 48 1928;
646 3975 68 41 2c.
748 3975 111 41 Jan.
890 3975 83 46 23;
1009 3974 84 42 aff.
1127 3975 111 41 Jan.
1271 3975 83 47 21;
1391 3975 42 39 A
1464 3974 232 48 1061377;
1733 3975 175 40 Poliak
211 3975 1915 97 foundation

350 4031 82 40 for
469 4032 243 40 economic
751 4032 240 48 research,
1033 4032 219 48 Newton,
1296 4033 150 41 Mass.
1516 4031 254 51 (28-2938)
