2498 4384
1021 4110 100 50 689

56 461 356 63 Alexander,
444 461 158 53 Elsie
632 462 79 52 Μ.

188 549 1871 70 … Buster Rabbit, the explorer; the story of the Bunny
56 627 2001 72 Rabbit family, by Elsie M. Alexander … New York, A. L.
55 709 687 68 Burt company [ ᶜ19 28]
126 792 27 38 4
179 802 42 37 p.
283 822 8 16 l.,
318 790 87 41 120
431 802 42 37 p.
528 792 87 41 col.
640 791 164 48 front.,
833 792 71 40 col
933 791 171 48 plates.
1160 790 148 41 19½ᶜᵐ.
1374 791 129 49 (Her
1531 790 320 48 Sunnybrook
1880 789 178 49 series)

126 862 290 40 Illustrated
440 862 366 49 lining-papers.

59 929 51 52 ©
139 933 114 48 Apr.
282 934 68 45 30,
382 934 141 46 1928;
555 934 67 41 2c.
651 935 97 38 and
777 933 83 41 aff.
890 935 113 46 May
1032 934 54 44 3;
1118 934 40 39 A
1188 933 231 47 1077052;
1451 934 54 40 A.
1537 934 50 40 L.
1617 935 127 39 Burt
1773 944 68 29 co.

136 991 282 48 (28-12192)

188 1097 1872 71 … The happy family of beechnut grove; the story of Peter
57 1176 2004 71 Gray Squirrel and family, by Elsie M. Alexander … New
57 1256 1089 69 York, A. L. Burt company [ ᶜ19 28]
124 1340 28 38 4
176 1349 44 37 p.
279 1369 8 17 l.,
314 1338 87 40 120
424 1350 44 37 p.
522 1339 87 40 col.
635 1338 163 48 front.,
826 1340 86 39 col.
939 1340 173 47 plates.
1166 1339 148 40 19½ᶜᵐ.
1379 1338 130 48 (Her
1536 1338 320 47 Sunnybrook
1881 1337 179 50 series)

126 1410 291 40 Illustrated
440 1409 365 48 lining-papers.

59 1478 51 52 ©
139 1482 114 48 Apr.
282 1483 69 46 16,
381 1481 116 41 1928;
553 1482 68 41 2c.
651 1485 95 38 and
775 1481 84 41 aff.
888 1483 114 47 Apr.
1032 1482 55 39 26;
1146 1482 41 38 A
1216 1481 205 41 1069918;
1481 1483 54 39 A.
1565 1482 51 41 L.
1647 1483 125 39 Burt
1802 1492 68 30 co.

136 1539 282 49 (28-12194)

188 1645 1873 72 … Roody and his underground palace; the story of Mr.
55 1725 1945 70 Woodchuck in his happy home, by Elsie M. Alexander …
56 1805 1256 69 New York, A. L. Burt company [ ᶜ19 28]
126 1888 28 39 4
179 1899 43 37 p.
283 1919 8 16 l.,
317 1887 87 40 120
430 1899 30 37 p.
526 1889 87 39 col.
638 1888 164 47 front.,
829 1889 83 41 col.
942 1888 172 48 plates.
1169 1888 147 40 39½ᶜᵐ.
1380 1888 130 47 (Her
1537 1887 320 48 Sunnybrook
1884 1887 178 50 series)

127 1959 289 41 Illustrated
440 1958 366 49 lining-papers.

59 2025 52 52 ©
141 2031 114 47 Apr.
283 2030 69 47 30,
382 2030 115 41 1928;
554 2030 68 41 2c.
653 2031 95 38 and
778 2029 82 42 aff.
890 2031 115 47 May
1032 2030 26 40 3;
1117 2030 43 39 A
1187 2030 205 41 1077054;
1450 2030 56 41 A.
1535 2031 51 40 L.
1616 2031 127 40 Burt
1771 2041 69 30 co.

141 2087 281 49 (28-12193)

57 2198 245 62 Barton,
334 2196 250 54 Francis
611 2198 233 61 Brown,
875 2200 173 49 1886-

130 2290 222 53 French
379 2290 207 53 review
610 2308 292 51 grammar
928 2290 113 53 and
1067 2290 397 68 composition,
1487 2289 77 68 by
1588 2290 241 53 Francis
1856 2291 165 52 Brown

59 2367 2009 71 Barton and Edward Hinman Sirich … New York, F. S.
60 2447 199 55 Crofts
287 2451 44 49 &
359 2466 100 49 co.,
488 2451 149 50 1928.

129 2531 64 47 xi,
225 2531 83 39 241
340 2541 44 37 p.
446 2530 146 42 19½ᶜᵐ.

61 2598 52 52 ©
141 2603 115 47 Apr.
282 2602 70 43 30,
381 2602 116 40 1928;
553 2602 67 41 2c.
649 2603 96 39 and
773 2601 83 41 aff.
886 2604 113 46 May
1026 2602 26 40 3;
1111 2603 41 39 A
1180 2602 203 41 1077061;
1444 2604 52 40 F.
1529 2603 44 41 S.
1605 2603 166 41 Crofts
1800 2604 37 40 &
1864 2614 81 37 co.,
1976 2605 93 40 inc.

139 2659 283 49 (28-12103)

63 2766 215 70 [Beith,
308 2767 157 54 John
498 2769 153 67 Hay]
691 2768 172 55 1876-

128 2860 122 53 The
277 2878 143 50 poor
447 2860 344 69 gentleman,
818 2860 75 69 by
919 2861 110 52 Ian
1058 2861 96 53 Hay
1228 2861 213 68 [pseud.]
1543 2863 219 52 Boston
1789 2863 111 53 and
1931 2862 138 53 New

60 2938 179 68 York,
269 2938 323 70 Houghton
622 2937 206 54 Mifflin
859 2957 300 51 company,
1191 2943 151 49 1928.

126 3024 28 38 4
180 3034 43 37 p.
287 3054 8 16 l.,
323 3022 85 41 303
437 3033 44 38 p.
540 3022 148 41 19½ᶜᵐ.

64 3089 52 52 ©
149 3093 110 40 Jan.
289 3093 70 47 20,
391 3091 142 41 1928:
567 3093 68 41 2c.
668 3093 110 41 Jan.
809 3093 56 40 23;
927 3091 83 42 aff.
1043 3094 111 40 Jan.
1185 3094 56 38 21;
1304 3093 41 39 A
1376 3094 203 40 1061376;
1641 3097 90 37 Ian
1765 3096 77 38 Hay
1910 3096 159 45 Beith,

131 3151 213 40 London.
416 3149 252 49 (28-2516)

58 3246 218 62 Benns,
311 3246 201 52 Frank
545 3246 135 62 Lee,
715 3249 172 49 1889-

192 3337 1880 71 … The Irish question, 1912-1914, by F. Lee Benns … New
65 3414 178 68 York,
270 3415 65 52 F.
368 3415 57 55 S.
458 3414 199 55 Crofts
685 3418 46 50 &
758 3434 98 44 co.,
886 3419 149 51 1928.

130 3498 1763 51 2 p. l., 92 p. 18 ᶜᵐ . (Landmarks in history, by B. E. Schmitt)
133 3569 177 40 Source
340 3568 228 40 material
597 3568 121 41 with
747 3580 62 29 an
839 3569 255 41 historical
1124 3570 349 42 introduction.

133 3626 156 40 “Data
321 3636 60 29 on
412 3626 83 40 the
523 3625 225 41 sources”:
807 3637 44 37 p.
880 3626 100 41 6-7.

66 3691 52 52 ©
152 3696 114 47 Apr.
300 3695 69 47 20,
404 3694 142 41 1928:
582 3695 67 41 2c.
684 3696 95 38 and
814 3694 82 41 aff.
930 3695 115 48 Apr.
1079 3695 83 47 26;
1200 3696 40 39 A
1276 3696 230 48 1069922;
1546 3698 51 40 F.
1635 3698 45 41 S.
1717 3698 166 42 Crofts
1918 3703 35 40 &
1989 3709 83 37 co.,

134 3752 91 40 inc.
299 3752 282 48 (28-12178)

63 3855 372 65 Bergstrøm,
468 3855 276 63 Vilhelm,
780 3861 173 49 1886-

197 3946 1879 73 … Københavnerdrengen, roman. København, Gyldendal,
66 4025 254 54 Nordisk
349 4025 211 70 forlag,
590 4026 150 53 1927.
