2498 4384
1265 4074 137 51 1530

342 415 263 65 Belasco,
635 414 211 66 David,
881 419 170 51 1859-

416 492 104 56 Six
548 495 194 67 plays:
767 493 271 53 Madame
1064 492 306 68 Butterfly,
1397 493 95 51 Du
1521 492 207 68 Barry,
1755 492 121 54 The
1904 493 233 69 darling
2165 493 64 54 of
2256 494 94 53 the

342 573 160 68 gods,
530 571 213 67 Adrea,
770 572 120 52 The
917 571 115 69 girl
1060 570 64 53 of
1151 571 96 52 the
1273 570 209 69 golden
1508 570 178 67 West,
1714 570 124 53 The
1864 576 198 47 return
2090 571 64 53 of
2182 573 170 52 Peter

343 650 244 66 Grimm,
610 650 76 68 by
710 649 195 53 David
935 650 259 65 Belasco;
1222 647 142 53 with
1389 666 73 34 an
1488 647 392 53 introduction
1905 648 75 70 by
2006 649 96 53 the
2128 650 224 59 author,

342 726 2008 70 and notes by Montrose J. Moses … Boston, Little, Brown, and
339 824 299 51 company,
673 809 152 51 1928.

414 887 1647 51 3 p. l., [v ]-xii p., 3 l., [3]-503 p. front. (port.) plates. 22½ᶜᵐ.
417 947 142 39 “Two
600 947 220 39 hundred
863 946 96 39 and
1001 946 132 46 sixty
1174 944 161 48 copies
1376 944 53 40 of
1471 944 98 41 this
1609 943 187 41 limited
1840 944 184 40 edition
2069 946 122 39 have
2234 946 114 40 been

342 1004 210 49 printed,
581 1004 95 39 and
706 1013 83 30 are
815 1002 244 40 inscribed
1088 1002 60 47 by
1176 1002 82 40 the
1286 1002 193 39 author.
1537 1001 64 41 Of
1630 1002 80 39 the
1740 1003 96 39 two
1863 1002 223 39 hundred
2117 1003 95 39 and
2239 1002 111 48 fifty

342 1060 162 49 copies
528 1060 157 41 which
712 1070 83 30 are
820 1060 80 39 for
923 1060 116 44 sale,
1066 1059 99 40 this
1191 1058 43 41 is
1261 1068 119 39 copy
1403 1058 79 41 for
1509 1057 297 49 copyright.”

348 1114 51 52 ©
440 1118 103 40 Oct.
581 1118 38 47 6,
659 1117 140 46 1928;
839 1117 68 39 2c.
946 1117 96 39 and
1080 1115 82 41 aff.
1202 1116 104 40 Oct.
1345 1116 83 47 10;
1467 1116 41 38 A
1547 1115 230 47 1053887;
1818 1115 164 49 Little,
2021 1116 193 48 Brown,
2255 1118 94 39 and

416 1184 250 38 company.
736 1172 281 50 (28-23326)

342 1266 144 64 Bell,
516 1266 268 53 Bernard
814 1265 265 65 Iddings,
1115 1270 171 51 1886-

414 1344 1877 70 Common sense in education, by Bernard Iddings Bell …
339 1423 1361 68 New York, W. Morrow & company [ ᶜ192 8]
412 1505 721 49 viii p., 2 l., 3-321 p. 21 ᶜᵐ .
412 1560 69 42 “A
511 1563 124 39 book
663 1562 114 40 list”
797 1573 9 28 :
839 1574 44 37 p.
913 1562 219 40 311-321.

347 1616 51 52 ©
434 1619 102 41 Oct.
565 1620 41 47 4,
637 1619 142 46 1928;
810 1620 68 40 2c.
910 1620 96 39 and
1037 1618 82 42 aff.
1152 1619 104 40 Oct.
1287 1619 53 47 6;
1373 1619 41 39 A
1444 1618 230 47 1054828;
1709 1618 219 41 William
1958 1620 212 39 Morrow
2202 1620 37 40 &
2270 1630 81 37 co.,

414 1676 91 41 inc.
574 1676 282 49 (28-23452)

335 1769 340 64 Benjamin,
704 1769 245 54 Walter.

338 1847 1991 147 … Ursprung des deutschen trauerspiels. Berlin, E. Rowohlt, 1928.
409 2009 100 48 257,
541 2009 55 50 [1]
625 2020 43 37 p.
729 2008 147 41 23½ᶜᵐ.

741 2065 1614 49 CONTENTS.— Erkenntniskritische vorrede. — Trauerspiel und tragödie.—
338 2122 244 49 Allegorie
615 2124 97 39 und
743 2122 672 48 trauerspiel.—Nachweise.

347 2176 2005 52 © Jan. 20, 1928; 1c. June 13; A —Foreign 39152 ; Ernst Rowohlt verlag,
414 2237 46 41 k.
490 2248 41 38 g.
560 2248 43 30 a.
633 2248 44 29 a.
745 2236 282 50 (28-23406)

341 2329 265 65 Bertelli,
643 2329 194 66 Luigi,
880 2334 169 50 1858-

478 2407 1871 72 … Santa giovinezza! libro per i ragazzi; otto tavole fuori
344 2491 146 48 testo
518 2486 59 53 di
604 2487 71 52 D.
706 2486 175 54 Betti.
944 2487 258 68 Firenze,
1228 2487 70 53 R.
1327 2488 329 68 Bemporad
1684 2506 27 35 e
1740 2487 160 71 figlio
1955 2488 154 68 [1927]

412 2568 87 40 347
532 2579 43 37 p.
636 2568 172 48 plates.
869 2568 146 42 19½ᶜᵐ.

416 2625 63 41 At
506 2626 125 40 head
661 2626 51 39 of
741 2625 136 41 title:
907 2626 187 41 Vamba
1132 2625 168 50 (Luigi
1330 2626 231 48 Bertelli)

345 2680 1922 56 © Apr. 20, 1927; 1c. Sept. 24; A —Foreign 36855; R. Bemporad e f°.
425 2740 281 49 (28-23423)

339 2837 123 53 The
506 2835 145 53 Best
698 2835 225 56 British
968 2838 158 53 short
1172 2837 201 55 stories
1419 2837 66 55 of
1531 2841 155 70 1928,
1728 2839 142 54 with
1915 2859 73 35 an
2033 2839 158 57 Irish
2236 2842 114 55 and

414 2914 244 53 colonial
681 2915 390 68 supplement;
1099 2916 84 53 ed.
1207 2916 78 69 by
1310 2916 256 54 Edward
1591 2917 55 54 J.
1675 2917 267 55 O’Brien.
2004 2918 142 54 New
2171 2920 180 69 York,

412 2993 192 65 Dodd,
633 2992 172 54 Mead
835 2995 47 51 &
911 3012 298 50 company,
1244 2997 150 51 1928.

414 3074 437 49 xii, 360 p. 20 ᶜᵐ .
347 3126 51 52 ©
435 3131 103 41 Oct.
569 3131 69 48 12,
671 3131 141 48 1928;
847 3133 68 40 2c.
950 3132 102 41 Oct.
1087 3133 81 47 17;
1204 3133 84 41 aff.
1323 3133 102 41 Oct.
1458 3134 83 48 20;
1575 3134 42 40 A
1651 3136 142 43 1100:
1829 3137 155 49 Dodd,
2020 3139 143 39 Mead
2197 3138 37 40 &
2266 3150 82 37 co.,

412 3187 92 41 inc.

336 3279 427 66 Bethencourt,
803 3281 70 55 A.

474 3359 1869 77 … Physique. Classe de premiere. [Paris] Hachette [ ᶜ192 8 ]
409 3441 911 51 3 p. l., 394 p. illus., diagrs. 19 ᶜᵐ .
344 3492 1920 59 © July 25, 1928; 1c. Aug. 17; A —Foreign 39900; Librairie Hachette.
338 3604 240 64 Binder,
610 3606 272 64 Rudolph
914 3608 271 64 Michael,
1221 3614 173 50 1865-

413 3681 1932 77 Principles of sociology, by Rudolph M. Binder … New
341 3758 182 57 York,
554 3760 453 71 Prentice-Hall,
1041 3763 127 69 inc.,
1204 3768 152 51 1928.

412 3840 500 49 xvi. 609 p. 23 ½ᶜᵐ .
414 3896 351 49 Bibliography
783 3909 9 28 :
823 3910 43 37 p.
896 3899 181 43 xi-xvi.

343 3949 51 53 ©
426 3953 128 49 Sept.
583 3955 68 43 15,
680 3956 142 48 1928;
852 3958 67 41 2c.
949 3959 96 40 and
1073 3959 82 43 aff.
1185 3960 103 43 Oct.
1317 3961 82 49 10;
1431 3962 41 41 A
1500 3963 230 48 1053897;
1762 3966 378 50 Prentice-Hall,
2171 3968 91 42 inc.

421 4010 281 51 (28-23519)
