2498 4384
1292 4108 102 49 904

393 547 350 48 Bibliography:
803 557 43 37 p.
876 545 219 42 232-236.

333 613 51 53 ©
416 618 115 47 May
560 618 68 46 31,
659 617 84 39 1928;
832 617 68 40 2c.
931 617 130 39 June
1087 617 83 46 13;
1203 615 83 41 aff.
1319 617 129 39 June
1476 617 81 45 11;
1590 617 42 38 A
1661 615 203 41 1077769;
1924 617 165 39 Board
2120 615 51 41 of
400 618 1909 96 trustees

532 674 52 40 of
612 674 81 39 the
724 674 183 39 Leland
940 673 235 40 Stanford
1205 673 169 47 junior
1403 673 144 48 univ.,
1583 673 235 40 Stanford
1849 672 298 48 University,
2182 672 144 40 Calif.

409 730 282 49 (28-14912)

326 825 178 63 King,
534 824 216 53 Rufus.

391 903 122 52 The
540 901 148 53 fatal
711 902 116 53 kiss
852 907 270 63 mystery,
1147 902 76 69 by
1249 902 191 53 Rufus
1464 902 178 69 King.
1704 901 233 56 Garden
1963 901 154 71 City,
2202 945 10 9 N.
2238 902 91 67 Y.,

320 980 144 53 Pub.
503 979 94 53 for
632 980 122 53 The
791 979 192 55 Crime
1017 980 146 68 club,
1199 980 127 67 inc.,
1360 980 77 69 by
1471 980 357 68 Doubleday,
1864 981 199 52 Doran
2101 982 46 49 &
320 999 1984 128 company,

536 1057 126 68 inc.,
708 1060 151 50 1928.

394 1154 82 48 vii,
507 1154 87 40 264
622 1164 44 38 p.
726 1153 147 41 19½ᶜᵐ.

335 1221 51 52 ©
416 1227 114 46 May
557 1226 68 46 11,
653 1224 142 47 1928;
824 1225 68 40 2c.
920 1225 96 39 and
1044 1224 82 39 aff.
1155 1225 130 38 June
1311 1224 52 46 9;
1393 1224 42 38 A
1463 1223 203 41 1074947;
1724 1225 55 40 R.
1809 1224 143 48 King,
1982 1225 119 39 New
2129 1225 145 40 York.

416 1281 281 49 (28-14551)

329 1375 290 63 Komroff,
650 1375 256 63 Manuel,
942 1378 171 49 1890-
1327 1375 83 53 ed.

398 1454 499 68 Contemporaries
926 1453 65 53 of
1019 1454 198 52 Marco
1249 1454 162 67 Polo,
1441 1453 316 70 consisting
1785 1454 64 52 of
1879 1455 96 52 the
2004 1455 186 52 travel
333 1473 1976 112 records

493 1538 58 47 to
580 1532 96 53 the
706 1537 222 47 eastern
957 1536 161 64 parts
1149 1531 64 54 of
1242 1532 98 53 the
1367 1531 183 54 world
1581 1531 64 54 of
1673 1531 263 55 William
1966 1530 65 55 of
2061 1531 275 54 Rubruck

323 1610 411 68 <1253-1255>;
772 1609 96 52 the
902 1609 242 69 journey
1179 1609 65 53 of
1276 1609 158 54 John
1466 1609 65 53 of
1563 1609 149 53 Pian
1745 1610 69 52 de
1850 1608 243 69 Carpini
2125 1608 209 68 <1245-
327 1687 135 54 1247>;

556 1688 95 52 the
680 1687 230 68 journal
938 1687 64 52 of
1030 1688 172 52 Friar
1231 1686 216 56 Odoric
1473 1687 350 68 <1318-1330>
1886 1690 50 50 &
1966 1688 97 52 the
2090 1687 244 54 oriental

326 1768 212 53 travels
568 1767 64 53 of
662 1767 188 52 Rabbi
881 1766 308 69 Benjamin
1219 1766 64 53 of
1313 1767 219 52 Tudela
1563 1766 385 67 <1160-1173>
2013 1767 215 53 Edited
2259 1767 75 69 by

323 1843 1804 70 Manuel Komroff. New York, Boni & Liveright [ ᶜ19 28]
397 1941 138 48 xxiii,
570 1941 53 50 [1]
656 1952 57 37 p.,
745 1941 26 38 2
836 1971 8 17 l.,
874 1939 145 42 3-358
1048 1951 44 37 p.
1150 1940 131 40 illus.
1339 1940 147 39 22½ᶜᵐ.
1550 1940 115 49 [The
1694 1941 142 39 black
1865 1940 96 39 and
1990 1941 111 47 gold
2131 1940 200 51 library]

399 2014 141 46 Maps
568 2023 59 28 on
655 2011 365 48 lining-papers.

400 2070 129 39 “The
557 2068 159 41 texts”:
774 2079 43 37 p.
848 2068 76 50 [vi];
984 2067 352 48 Bibliography:
1393 2077 43 38 p.
1463 2066 219 41 325-333.

339 2137 51 52 ©
421 2142 127 39 June
575 2142 40 45 1,
644 2139 141 46 1928;
816 2139 68 40 2c.
915 2139 129 40 June
1071 2137 51 46 6;
1156 2137 83 42 aff.
1270 2138 130 39 June
1427 2138 52 46 8;
1511 2137 44 39 A
1583 2137 229 47 1077673;
1846 2137 124 41 Boni
2001 2138 36 40 &
2068 2137 265 48 Liveright,

405 2198 93 41 inc.
571 2195 282 50 (28-14790)

333 2287 1285 66 Koval’skï ĭ , Kazimir Adol’fovich, 1878-
401 2370 122 53 The
552 2369 183 70 flying
762 2369 183 67 horse,
974 2369 77 68 by
1080 2367 260 54 Kasimir
1371 2369 46 51 &
1447 2366 151 70 Olga
1629 2367 318 69 Kovalsky,
1979 2367 250 69 pictures
2260 2368 76 69 by

330 2449 228 53 Wanda
585 2447 466 53 Petrunkevitch.
1117 2445 374 70 Springfield,
1517 2445 192 67 Mass.,
1734 2446 213 52 Milton
1975 2446 254 68 Bradley
2257 2465 77 34 co.

337 2528 193 65 [ ᶜ19 28 ]
405 2606 1590 52 [112] p., 1 l. incl. col. front., col. illus., col. plates. 25½ᶜᵐ.
404 2666 251 47 “Adapted
684 2664 129 40 from
845 2663 237 41 Ershoff’s
1113 2664 79 40 old
1223 2663 215 41 Russian
1468 2663 183 49 poem.”

341 2732 51 52 ©
420 2737 113 46 May
556 2736 69 47 23,
651 2735 114 41 1928;
819 2736 67 39 2c.
911 2735 115 47 May
1049 2734 83 48 26.;
1160 2745 84 31 aff.
1270 2735 126 40 June
1422 2736 24 37 1;
1502 2735 42 38 A
1568 2734 204 40 1077544;
1827 2735 175 40 Milton
2028 2735 215 47 Bradley
2268 2745 68 30 co.

419 2792 280 49 (28-14835)

331 2887 83 52 Le
442 2888 222 62 Rouge,
700 2886 281 62 Gustave,
1016 2884 171 54 1867-

470 2963 1723 70 … Le naufragé de l’espace … Paris, Larousse [ ᶜ19 27 ]
408 3045 1525 51 2 p. l., [7]-252 p. 18 ½ᶜᵐ . (Contes et romans pour tous)
343 3100 51 52 ©
432 3105 119 39 Nov.
585 3104 70 48 22,
691 3103 141 46 1927;
930 3136 8 7 1c.
976 3103 111 40 Feb.
1124 3102 68 47 10,
1230 3102 142 47 1928;
1411 3103 102 38 A—
1516 3103 207 48 Foreign
1759 3103 171 47 37430;
1971 3103 241 40 Librairie
410 3105 1909 96 Larousse.

664 3159 282 50 (28-14476)

410 3254 122 52 The
556 3253 129 53 love
710 3254 195 52 letters
932 3252 63 54 of
1022 3272 31 34 a
1077 3253 280 52 husband.
1432 3252 234 55 Garden
1693 3252 153 70 City,
1871 3253 71 53 N.
1971 3254 93 63 Y.,
2090 3255 232 52 Double

335 3333 131 61 day,
490 3333 201 51 Doran
717 3334 46 50 &
788 3350 298 44 company,
1115 3332 127 62 inc.,
1271 3333 149 51 1928.

405 3416 26 39 3
461 3426 44 36 p.
569 3445 10 16 l.,
608 3414 86 40 248
723 3425 44 37 p.
826 3413 147 41 19½ᶜᵐ.

345 3467 51 53 ©
423 3473 113 47 May
558 3472 41 46 4,
624 3471 116 40 1928;
792 3471 67 41 2c.
885 3472 96 38 and
1005 3469 83 42 aff.
1114 3471 129 39 June
1265 3470 53 46 9;
1346 3471 42 38 A
1413 3470 228 48 1074948;
1672 3471 298 48 Doubleday,
1999 3472 169 39 Doran
2193 3472 36 40 &
2254 3483 82 37 co.,

413 3528 92 41 inc.
578 3527 280 50 (28-14549)

339 3620 306 64 Mackaye,
674 3620 235 53 Arthur
937 3621 240 64 Loring.

413 3699 121 52 The
625 3699 164 69 Viking
822 3699 222 68 prince;
1081 3718 80 51 or,
1196 3700 122 51 The
1352 3699 339 54 adventures
1726 3700 64 53 of
1822 3700 228 53 Harold
342 3700 1972 144 Trygvesen,

486 3777 1850 70 by Arthur Loring Mackaye … illustrated by A. Thieme.
343 3854 1203 70 Boston, L. C. Page & company [ ᶜ19 28 ]
438 3939 1008 49 x p.. 1 l., 306 p. front., plates. 21 ᶜᵐ .
348 3991 51 52 ©
429 3996 113 47 May
568 3996 69 47 16,
665 3996 140 40 1928:
834 3997 68 40 2c.
930 3997 114 46 May
1070 3997 83 45 24;
1183 3996 84 41 aff.
1295 3997 115 47 May
1435 3997 83 46 21;
1548 3997 42 38 A
1615 3996 230 48 1077418;
1875 3998 51 40 L.
1956 3998 49 41 C.
2034 3998 128 43 Page
2190 3998 37 39 &
2253 4008 81 37 co.,

418 4052 92 41 inc.
580 4052 280 47 (28-13562)
