2498 4384
1097 4060 134 51 1365

146 492 241 52 tolomeo
418 489 118 53 dali
568 488 239 56 Sonetti.
874 487 242 53 Printed
1146 486 59 53 in
1235 486 158 68 Italy
1423 503 149 35 anno
1601 484 237 53 Domini
2140 526 11 11 MDXXXII.

146 567 309 54 Described
485 566 76 70 by
591 565 224 69 George
845 565 68 52 E.
946 565 173 52 Nunn
1152 563 154 53 from
1334 563 98 53 the
1461 581 145 50 copy
1637 561 60 54 in
1726 562 97 53 the
1855 561 295 53 collection

147 645 64 53 of
235 644 224 70 George
482 643 77 54 H.
586 645 203 51 Beans.
851 641 429 69 Philadelphia,
1304 640 160 53 Priv.
1491 640 176 68 print.
1697 641 185 66 [Press
1907 639 64 53 of
1994 639 157 54 John

148 725 64 52 T.
240 723 231 53 Palmer
499 740 98 48 co.]
633 723 151 51 1928.

214 802 1142 53 3 p. l. , 30 p., 1 l. front., illus., maps. 30½ᶜᵐ.
218 876 145 40 “Five
391 876 222 39 hundred
644 874 159 48 copies
834 873 210 48 printed.
1103 873 87 40 No.
1221 871 99 41 12.”

155 942 51 52 ©
234 945 116 48 July
375 944 71 48 26,
606 954 9 37 1928;
645 944 68 41 2c.
740 943 120 48 Aug.
888 943 52 46 1;
971 941 83 41 aff.
1082 941 117 48 July
1226 941 83 47 31;
1340 940 41 39 A
1409 939 230 49 1082830;
1672 940 185 49 George
1886 941 61 40 H.
1977 942 175 46 Beans,

222 1001 241 47 Glenside,
495 1002 83 39 Pa.
648 998 282 50 (28-21409)

150 1094 250 65 Oregon.
476 1095 279 67 Supreme
794 1100 175 47 court.

219 1168 1937 73 Reports of cases decided … James W. Crawford, reporter.
194 1294 9 9 v.
239 1254 115 63 124,
385 1250 153 53 from
568 1250 298 67 February
895 1248 51 68 7,
978 1252 152 64 1928,
1159 1255 60 46 to
1249 1248 203 53 March
1484 1247 85 69 27,
1603 1251 149 50 1928.
1823 1247 118 56 San
153 1248 1979 147 Francisco,

352 1327 588 68 Bancroft-Whitney
977 1344 301 51 company,
1318 1328 152 51 1928.

220 1410 481 50 xxxiii, 798 p. 22½ ᶜᵐ.
155 1477 51 52 ©
239 1481 129 48 Sept.
398 1481 70 47 14,
496 1480 115 41 1928;
670 1480 68 40 2c.
768 1480 95 39 and
893 1478 83 42 aff.
1009 1478 102 42 Oct.
1140 1478 55 48 2;
1227 1478 43 39 A
1298 1477 231 48 1054742;
1563 1478 492 48 Bancroft-Whitney
2086 1491 68 29 co.

152 1589 232 63 Pellett,
418 1588 199 53 Frank
649 1587 325 64 Chapman,
1008 1588 170 53 1879-

219 1668 175 53 Birds
427 1666 64 53 of
523 1667 95 52 the
651 1666 166 64 wild;
854 1667 129 51 how
1015 1671 59 48 to
1107 1665 166 53 make
1305 1683 145 51 your
1485 1665 166 53 home
1683 1666 151 53 their
1868 1666 183 69 home,
2086 1667 74 69 by

149 1743 2013 70 Frank Chapman Pellett … New York, N. Y., The A. T. De
147 1824 85 53 La
258 1824 165 52 Mare
449 1841 299 50 company,
775 1822 128 67 inc.,
932 1824 151 51 1928.

255 1937 9 16 x,
292 1906 87 40 118
404 1917 45 37 p.
478 1906 110 40 incl.
616 1906 165 46 front.,
810 1904 129 42 illus.
999 1903 56 41 19½ᶜᵐ.

158 1974 51 52 ©
237 1978 127 47 Sept.
387 1977 41 48 4,
454 1977 116 40 1928;
620 1977 68 40 2c.
716 1977 129 48 Sept.
869 1975 81 49 10;
977 1975 84 42 aff.
1088 1977 129 48 Sept.
1240 1975 56 41 11;
1349 1975 42 41 A
1415 1975 203 42 1053255;
1672 1977 56 40 A.
1752 1976 54 43 T.
1830 1976 75 41 De
1928 1976 68 41 La
2023 1978 137 41 Mare

223 2045 82 38 co.,
335 2034 92 41 inc.
498 2032 281 50 (28-21548)

154 2128 270 65 Pentzer,
460 2127 177 56 Orrin
672 2127 252 64 Wesley.

219 2206 325 55 Hartsville
570 2206 231 70 college,
830 2205 342 69 Hartsville,
1202 2205 270 69 Indiana,
1504 2206 310 54 1850-1897
1865 2205 93 71 [by]
1984 2206 68 57 O.
2072 2208 90 55 W.

151 2286 271 68 Pentzer;
461 2286 139 53 with
637 2284 428 55 reminiscences
1096 2284 105 69 by:
1236 2284 195 55 David
1467 2285 67 54 F.
1573 2284 233 69 Sexton,
1840 2285 217 56 Darius
2090 2286 72 55 A.

150 2362 2012 74 Mobley, E. A. Allen … [and others] Columbus, Ind., O. W.
151 2446 244 52 Pentzer
422 2446 46 51 &
495 2462 120 49 son,
646 2446 150 50 1928.

221 2525 453 51 48 p. front. 25½ ᶜᵐ.
161 2593 51 52 ©
239 2597 121 48 Aug.
389 2597 41 47 7,
459 2596 116 40 1928;
631 2597 68 40 2c.
727 2596 121 48 Aug.
877 2595 56 41 23;
992 2595 84 41 aff.
1103 2595 121 49 Aug.
1254 2595 60 39 24;
1368 2595 41 39 A
1439 2595 208 41 1083960;
1704 2596 53 42 O.
1787 2597 73 40 W.
1890 2597 205 39 Pentzer
2127 2596 36 41 &

229 2665 101 30 son.
400 2653 283 52 (28-21343)

155 2747 263 63 Pianelli,
455 2747 284 53 Comtesse
772 2746 190 54 Claire
998 2746 88 54 de.

227 2823 290 57 Scientific
544 2824 300 68 harmony,
872 2824 98 53 the
996 2823 180 54 music
1206 2823 66 54 of
1300 2823 124 69 life,
1449 2824 77 69 by
1557 2823 287 55 Comtesse
1875 2823 194 56 Claire
2098 2825 68 53 de

155 2901 1547 69 Pianelli. New York, The Grafton press [ ᶜ1 928]
225 2984 939 50 2 p. l. , 3-58 p. front. (port.) 19½ᶜᵐ.
165 3038 51 52 ©
245 3043 115 47 July
388 3043 69 48 18,
486 3042 143 48 1928;
658 3043 69 40 2c.
756 3043 95 39 and
881 3041 83 42 aff.
994 3042 117 47 July
1138 3041 57 40 25;
1253 3042 41 39 A
1322 3041 231 49 1082663;
1586 3041 164 42 Claire
1779 3043 58 40 de
1866 3041 209 41 Pianelli
2106 3044 59 40 de

229 3099 265 48 Levalette,
526 3099 119 40 New
677 3099 145 41 York.
893 3097 283 50 (28-21209)

159 3191 292 54 Pinkham
487 3206 188 50 press,
707 3193 234 53 Boston.

233 3268 115 56 Old
370 3269 306 69 Deerfield,
698 3269 336 70 containing
1058 3287 72 35 an
1154 3269 398 69 appreciation
1574 3268 67 56 of
1662 3270 158 70 early
1845 3271 140 53 New
166 3271 1978 129 England

341 3366 59 34 as
441 3348 304 53 evidenced
784 3347 75 69 by
899 3348 96 52 the
1035 3366 127 34 now
1203 3348 277 70 standing
1519 3348 366 54 seventeenth
1927 3355 240 64 century

164 3424 199 53 houses
392 3424 64 54 of
483 3425 305 67 Deerfield,
816 3425 448 56 Massachusetts;
1327 3426 327 54 illustrated
1685 3426 143 54 with
166 3428 1977 127 reproductions

362 3501 65 53 of
471 3503 187 67 pencil
704 3503 255 53 sketches
1004 3504 167 52 made
1218 3503 154 54 from
1419 3505 98 53 the
1562 3504 204 55 houses
1811 3505 354 56 themselves.

166 3579 965 70 Boston, Pinkham press [ ᶜ1 928]
238 3661 575 49 24 l. incl. plates. 22 ᶜᵐ.
238 3717 201 41 Printed
467 3729 59 29 on
553 3729 89 30 one
667 3719 103 40 side
797 3720 53 40 of
872 3720 103 40 leaf
1000 3731 60 29 on
1088 3719 221 50 opposite
1336 3731 161 39 pages.

241 3773 128 41 “The
397 3774 108 41 first
534 3775 51 39 of
612 3786 29 29 a
671 3775 151 41 series
851 3777 52 39 of
931 3778 211 39 unusual
1172 3778 281 48 portrayals
1481 3778 53 41 of
1561 3777 196 43 famous
1787 3781 80 40 old
1896 3781 119 41 New
170 3782 1981 87 England

308 3831 156 40 towns
486 3833 49 38 to
557 3832 57 40 be
637 3833 255 47 published
917 3834 94 39 and
1037 3833 194 49 printed
1254 3834 63 48 by
1340 3835 83 40 the
1444 3835 243 41 Pinkham
1713 3847 136 38 press
1871 3838 81 40 for
1975 3838 193 49 private

170 3884 698 46 distribution.”—Foreword.

170 3937 50 53 ©
249 3943 108 43 Jan.
386 3945 39 48 8,
455 3945 114 42 1928;
626 3947 67 40 2c.
725 3947 128 48 Sept.
883 3947 82 48 10;
996 3947 83 42 aff.
1111 3948 130 49 Sept.
1271 3950 53 47 8;
1353 3950 41 40 A
1423 3949 231 50 1053244;
1686 3951 242 42 Pinkham
1957 3962 153 40 press.

246 4000 280 51 (28-21233)
