2498 4384
1157 4067 135 52 1303

196 405 304 61 Turnbull,
534 405 327 62 Margaret.

265 482 120 52 The
419 481 309 53 handsome
760 497 152 49 man,
943 478 74 69 by
1051 477 298 68 Margaret
1381 474 301 53 Turnbull.
1760 472 271 69 Chicago,
2065 473 138 52 New

198 559 178 68 York,
409 560 122 52 The
563 559 190 67 Reilly
786 559 45 50 &
861 557 110 52 Lee
1002 572 281 50 company
1431 555 84 64 [ᶜ1928]

264 639 599 53 3 p. l., 9-361 p. 20ᶜᵐ.
204 709 51 52 ©
281 713 120 44 Aug.
458 745 8 10 8.
624 723 8 30 1928;
659 711 67 39 2c.
752 710 96 39 and
873 708 82 41 aff.
984 708 129 47 Sept.
1139 709 51 45 7;
1219 707 41 39 A
1284 705 230 46 1054138;
1545 706 61 39 M.
1633 704 253 47 Turnbull,
1916 703 288 49 Rockwood,

272 770 116 40 New
421 770 150 48 Hope,
603 769 83 39 Pa.
756 764 281 51 (28-20927)

196 888 248 61 Turner,
476 886 154 54 John
663 884 236 62 Sidney,
938 887 171 50 1884-

198 954 1987 157 Mathematical logic, by J. S. Turner … Ames, Ia., Collegiate press, 1928.
270 1120 557 53 V, 50 p. diagrs. 25½ ᶜᵐ.
273 1195 308 39 “Literature
609 1191 154 42 cited”:
824 1202 43 37 p.
895 1191 72 40 48;

209 1263 51 52 ©
290 1268 113 38 May
432 1267 37 46 1,
499 1264 116 40 1928;
667 1263 68 40 2c.
762 1263 122 47 Aug.
910 1261 53 47 9;
994 1261 82 40 aff.
1103 1260 121 49 Aug.
1254 1260 51 47 8;
1336 1261 42 38 A
1405 1259 230 47 1054054;
1668 1260 43 40 J.
1743 1258 45 41 S.
1817 1259 203 46 Turner,
2050 1257 159 48 Ames,

307 1335 41 30 Ia.
420 1320 278 51 (28-20782)

206 1432 235 61 Vonier,
473 1430 248 53 Anscar.

274 1502 1938 74 The angels, by Dorn Anscar Vonier … introduction by S. G.
204 1581 1839 69 Messmer … New York, The Macmillan company, 1928.
274 1682 43 35 x,
350 1670 54 40 84
436 1680 42 37 p.
539 1669 146 40 17½ᶜᵐ.
757 1666 300 50 (Half-title:
1085 1667 102 38 The
1217 1667 228 45 treasury
1475 1665 53 39 of
1560 1666 81 39 the
1670 1665 131 39 faith
1831 1664 179 41 series:
2043 1664 51 40 8)

213 1737 51 52 ©
297 1740 126 47 Sept.
451 1740 40 43 4,
521 1738 141 42 1928;
694 1738 67 41 2c.
791 1738 95 38 and
916 1736 82 40 aff.
1031 1736 129 47 Sept.
1190 1735 53 46 5;
1274 1734 40 39 A
1344 1734 230 47 1054078;
1609 1735 282 40 Macmillan
1923 1746 67 30 co.

289 1795 280 50 (28-20852)

212 1907 214 60 Watts,
461 1904 227 53 Gilbert
722 1902 218 55 Searle.

278 1978 1941 72 Roadside marketing, by Gilbert S. Watts … New York,
208 2062 230 69 Orange
487 2061 162 54 Judd
698 2060 337 69 publishing
1081 2076 301 52 company,
1429 2058 108 53 inc.;
1619 2058 262 68 London,
1926 2058 75 53 K.
2050 2058 169 69 Paul,

209 2141 241 67 Trench,
484 2139 263 53 Trubner
778 2141 46 50 &
855 2157 98 49 co.,
986 2138 124 67 ltd.,
1142 2141 153 50 1928.

205 2220 1996 109 126 p. front., plates, diagr. 19 ᶜᵐ. (Lettered on cover: Farm and garden library)
215 2348 51 54 ©
293 2353 122 49 Aug.
444 2352 39 48 9,
512 2351 115 41 1928;
683 2351 68 41 2c.
780 2352 95 38 and
904 2350 83 43 aff.
1015 2350 120 47 Aug.
1164 2350 56 38 24;
1278 2349 41 39 A
1348 2348 203 41 1054051;
1613 2349 191 49 Orange
1833 2349 132 40 Judd
1994 2349 112 49 pub.
2136 2360 82 38 co.,

281 2411 91 40 inc.
445 2408 282 50 (28-20832)

209 2518 264 63 Weston,
507 2517 242 54 Harold.

278 2597 123 52 The
440 2595 208 54 bride’s
690 2613 283 51 progress,
1011 2595 76 68 by
1128 2594 229 53 Harold
1398 2594 253 53 Weston.
1727 2593 140 53 New
1909 2593 181 68 York,
2210 2636 10 11 W.

208 2673 253 54 Morrow
498 2673 114 53 and
649 2690 300 52 company,
987 2675 150 51 1928.

276 2757 485 50 4 p. l., 305 p. 19½ ᶜᵐ.
218 2825 51 52 ©
309 2828 129 48 Sept.
473 2827 40 49 6,
548 2827 141 47 1928;
727 2828 68 40 2c.
831 2828 98 39 and
962 2826 83 42 aff.
1084 2826 128 48 Sept.
1249 2826 52 47 8;
1339 2826 41 39 A
1415 2825 230 49 1054160;
1684 2826 219 41 William
1939 2827 212 40 Morrow
2186 2828 37 40 &

284 2896 82 37 co.,
397 2885 92 40 inc.
560 2884 281 49 (28-20922)

214 2979 311 64 Wharton,
555 2980 138 53 Mrs.
728 2978 183 53 Edith
942 2977 284 54 Newbold
1266 2977 241 65 (Jones)
1548 2982 168 50 1862-

287 3058 119 52 The
439 3058 260 52 children
753 3057 92 68 [by]
885 3057 182 52 Edith
1098 3057 304 53 Wharton.
1472 3057 139 52 New
1645 3056 181 68 York,
1857 3056 262 68 London,
2151 3057 72 52 D.

214 3136 297 67 Appleton
554 3136 113 51 and
710 3153 299 50 company,
1055 3137 150 51 1928.

285 3217 605 50 4 p. l., 346, [1] p. 20 ᶜᵐ.
221 3283 1893 53 © Sept. 1, 1928; 2c. and aff. Sept. 6; A 1054115; D. Appleton & co.
215 3395 430 63 Wickersham,
680 3396 220 63 James,
940 3395 172 54 1857-

223 3473 1980 147 … A bibliography of Alaskan literature, 1724-1924; containing
364 3552 97 52 the
503 3552 156 53 titles
702 3550 64 54 of
809 3552 78 52 all
930 3552 284 68 histories,
1259 3554 231 66 travels,
1535 3571 263 51 voyages,
1843 3571 383 50 newspapers,

222 3629 361 68 periodicals,
620 3629 193 68 public
853 3631 348 67 documents,
1241 3637 121 60 etc.,
1401 3631 232 68 printed
1675 3631 60 53 in
1773 3631 267 69 English,
222 3632 1979 142 Russian,

389 3707 270 64 German,
684 3709 243 66 French,
955 3708 270 68 Spanish,
1251 3715 120 62 etc.,
1395 3709 252 70 relating
1670 3715 78 62 to,
1774 3709 345 69 descriptive
2146 3709 80 54 of.

224 3803 64 33 or
314 3785 305 67 published
648 3786 61 52 in
737 3786 249 53 Russian
1013 3786 269 54 America
1312 3805 63 35 or
1405 3787 237 69 Alaska,
1674 3787 152 54 from
1858 3788 136 54 1724
2022 3793 61 49 to
2114 3789 108 52 and

225 3862 300 69 including
578 3866 151 65 1924,
777 3864 75 69 by
904 3865 195 53 James
1148 3865 415 54 Wickersham.
1654 3865 283 69 Cordova,
1989 3866 239 68 Alaska,

225 3939 265 56 Cordova
520 3941 158 69 daily
706 3941 166 55 times
902 3943 178 69 print,
1113 3943 152 55 1927.
