2498 4384
1052 4101 102 48 429

105 435 206 62 Perry,
341 433 255 54 Vincent
625 433 66 54 G.

177 506 1939 73 The Boston terrier, by Vinpent G. Perry … sketches by
107 589 69 55 G.
215 589 78 53 H.
331 588 264 54 Lederer.
672 586 270 70 Chicago,
981 587 162 68 Judy
1179 584 341 70 publishing
1556 603 299 49 company,
1896 587 149 50 1928.

175 672 470 49 153 p. illus. 22½ ᶜᵐ.
112 737 51 52 ©
193 743 123 38 Mar.
344 741 40 47 1,
413 740 143 43 1928;
586 741 68 40 2c.
683 741 122 39 Mar.
834 739 55 40 16;
947 738 84 41 aff.
1060 740 123 39 Mar.
1212 738 54 46 5;
1298 738 42 39 A
1368 737 204 41 1069315;
1632 738 131 47 Judy
1793 738 111 48 pub.
1935 748 68 30 co.

192 798 253 49 (28-8610)

102 905 231 62 Powys,
364 905 305 54 Theodore
701 904 265 63 Francis,
1001 903 172 55 1875-

175 983 113 53 Mr.
327 982 284 57 Weston’s
652 984 148 68 good
843 983 162 67 wine,
1045 982 77 68 by
1161 982 66 52 T.
1269 982 67 52 F.
1378 983 224 67 Powys,
1644 981 139 52 with
1826 981 294 69 drawings

105 1061 75 69 by
220 1060 224 71 George
484 1060 298 56 Charlton.
857 1061 141 52 New
1037 1059 179 68 York,
1257 1060 121 53 The
1417 1059 224 69 Viking
1679 1076 176 51 press,
1897 1061 149 50 1928.

174 1144 951 50 viii, 317 p. incl. front., plates. 23 ᶜᵐ.
111 1210 51 52 ©
198 1215 122 40 Mar.
354 1213 70 49 19,
459 1214 114 41 1928;
635 1213 68 41 2c.
738 1215 122 39 Mar.
894 1213 82 46 28;
1014 1212 82 42 aff.
1132 1214 124 40 Mar.
1289 1212 83 47 26;
1409 1213 42 39 A
1485 1212 229 47 1068614;
1753 1212 179 49 Asking
1966 1223 152 38 press,

179 1271 91 42 inc.
341 1270 252 50 (28-8710)

105 1379 186 63 Price,
328 1381 140 52 Mrs.
508 1380 164 62 Lucy
709 1381 420 62 Montgomery
1173 1380 260 64 (Smith)
1481 1379 170 53 1879-

175 1458 121 52 The
340 1456 454 71 Sydney-Smith
840 1458 111 53 and
996 1457 427 70 Clagett-Price
1466 1457 333 70 genealogy,
1842 1457 138 52 with
2024 1457 97 52 the

104 1536 203 67 Lewis,
362 1535 423 69 Montgomery,
840 1536 308 63 Harrison,
1203 1536 265 69 Hawley,
1523 1536 336 65 Moorhead,
1915 1535 206 69 Rixey,

103 1614 334 68 Doniphan,
514 1614 250 69 Waugh,
844 1613 323 67 Anderson,
1247 1614 331 68 Randolph,
1658 1614 170 67 Mott,
1906 1613 214 68 Drake,

104 1692 271 67 Butcher,
419 1692 271 68 Triplett,
732 1692 366 69 Humphrey,
1142 1692 152 68 Ball,
1337 1693 223 66 Porter,
1605 1693 232 66 Brown,
1879 1693 241 68 Dorsey,

108 1768 237 71 Cooper,
384 1769 220 68 Stuart,
641 1769 283 69 Strother,
961 1770 251 53 families
1248 1770 140 53 with
1425 1771 188 52 whom
1646 1771 136 68 they
105 1770 1991 146 intermarried,

290 1849 113 53 and
451 1866 151 36 some
647 1848 64 52 of
754 1848 152 53 their
953 1849 392 66 descendants,
1388 1848 77 69 by
1508 1849 162 69 Lucy
1712 1849 409 70 Montgomery

110 1925 2007 71 Smith Price … Strasburg, Va., Printed by Shenandoah
103 2004 339 70 publishing
474 2005 190 67 house,
699 2005 150 52 1927.

172 2089 87 40 324
294 2100 44 37 p.
397 2089 166 47 front.,
600 2089 172 48 plates,
811 2090 164 46 ports.,
1012 2088 233 48 facsims.,
1282 2090 185 47 geneal.
1504 2090 171 47 tables,
1712 2092 136 38 coats
1883 2090 52 41 of
1970 2101 148 30 arms.

103 2146 56 40 26ᶜᵐ.

109 2212 2008 54 © June 1, 1927; 2c. and aff. Mar. 19, 1928; A 1069363; L . M. S . Price,
181 2273 219 48 Scarbro,
436 2273 71 39 W.
541 2273 87 40 Va.
698 2272 252 49 (28-8620)

99 2379 122 53 The
253 2380 103 54 red
387 2379 195 55 shoes.

172 2461 121 51 The
329 2460 100 52 red
465 2461 178 52 shoes.
720 2461 137 51 New
895 2460 181 67 York,
1109 2462 66 51 T.
1211 2461 214 52 Nelson
1461 2462 113 52 and
1608 2479 148 50 sons,
1793 2465 150 49 1928.

172 2542 27 40 38
259 2553 43 37 p.
331 2542 113 41 incl.
473 2544 88 39 col.
588 2543 165 48 front.,
784 2544 87 40 col.
901 2543 131 41 illus.
1092 2544 56 40 18ᶜᵐ.

174 2614 292 40 Illustrated
497 2614 62 48 by
587 2614 140 40 Anne
758 2615 269 40 Anderson.

174 2672 291 39 Illustrated
496 2671 368 49 lining-papers.

107 2737 51 53 ©
187 2743 123 41 Mar.
339 2743 69 48 19,
439 2743 116 41 1928;
611 2744 69 40 2c.
709 2745 124 40 Mar.
860 2745 55 39 22;
976 2745 83 41 aff.
1090 2747 123 39 Mar.
1242 2746 56 39 21;
1358 2746 42 39 A
1429 2746 206 41 1068479;
1693 2747 212 41 Thomas
1936 2748 181 40 Nelson

174 2799 36 40 &
245 2810 126 31 sons.
439 2796 69 54 [©
546 2801 347 50 illustrations]
966 2802 253 50 (28-8654)

98 2894 275 62 Roberts,
404 2896 117 63 Jay
554 2895 247 64 Gilbert,
836 2898 172 52 1874-

169 2971 241 55 Manual
450 2973 66 53 of
551 2973 391 72 bacteriology
984 2977 113 52 and
1138 2977 321 69 pathology
1499 2976 94 54 for
1630 2995 216 50 nurses,
1885 2978 35 52 by
1999 2979 116 67 Jay

100 3048 2014 77 G. Roberts … 5th ed., thoroughly rev. Philadelphia and
99 3128 259 68 London,
387 3130 90 54 W.
511 3131 66 51 B.
611 3129 290 56 Saunders
932 3150 301 51 company,
1265 3135 151 51 1928.

167 3213 1014 50 2 p. l. , 235 p. plates (part col.) 20½ ᶜᵐ.
104 3279 52 51 ©
185 3284 123 40 Mar.
335 3283 69 48 10,
435 3283 114 42 1928;
605 3285 68 40 2c.
702 3286 122 40 Mar.
853 3286 55 39 17;
966 3285 84 42 aff.
1079 3287 124 40 Mar.
1230 3287 58 40 19;
1345 3288 42 38 A
1413 3287 204 41 1069361;
1677 3290 72 40 W.
1779 3291 55 39 B.
1865 3290 250 41 Saunders

172 3350 68 30 co.
314 3340 253 49 (28-8604)

95 3433 320 63 Robinson,
451 3434 318 65 Benjamin
805 3436 264 65 Willard,
1106 3441 173 50 1883-

98 3511 1985 147 The life of Paul, by Benjamin Willard Robinson … Chicago,
283 3590 1412 73 Ill., The University, of Chicago press [ ᶜ1 928]
96 3673 1997 105 xiii, 268 p. front. (map) 20 ᶜᵐ. (Half-title: The University of Chicago
251 3730 1859 51 publications in religious education … Handbooks of ethics and
96 3787 230 48 religion)

168 3855 439 50 “Supplementary
636 3858 231 49 reading”
899 3860 53 39 at
980 3860 92 40 end
1103 3859 51 41 of
1184 3861 120 40 each
1335 3863 218 47 chapter.

169 3912 284 49 “Appendix
527 3945 8 9 II.
564 3914 38 39 A
634 3915 249 41 reference
910 3915 218 49 library”:
1188 3928 43 37 p.
1262 3918 219 40 242-244.

102 3979 52 52 ©
190 3983 110 41 Feb.
334 3983 70 49 28,
439 3984 116 42 1928;
615 3986 69 40 2c.
718 3987 123 39 Mar.
874 3987 84 45 24;
996 3986 82 41 aff.
1113 3989 125 40 Mar.
1272 3988 82 47 16;
1392 3989 41 39 A
1467 3989 231 49 1068537;
1738 3992 285 48 University
2058 3993 51 41 of

172 4039 223 50 Chicago,
430 4041 225 49 Chicago.
726 4043 252 49 (28-8772)
