2498 4384
1269 4056 135 49 1516

328 411 284 63 Conover,
645 409 229 66 Milton,
911 414 172 51 1890-

395 489 288 68 Working
720 490 232 51 manual
992 488 65 53 of
1098 489 251 69 original
1389 508 222 36 sources
1652 489 61 54 in
1752 489 309 55 American
328 511 1985 122 government;

326 566 2013 150 a case system for the study of politics, by Milton Conover … Rev. and enl. ed. Baltimore, The Johns Hopkins
327 741 175 49 press,
534 726 150 49 1928.

397 806 64 47 ix,
491 806 86 41 167
603 816 44 38 p.
707 807 118 40 23ᶜᵐ.

337 873 51 52 ©
418 876 103 41 Oct.
547 878 40 46 1,
615 877 117 40 1928;
785 878 68 39 2c.
881 876 103 41 Oct.
1010 876 27 39 4;
1095 874 82 43 aff.
1206 876 104 41 Oct.
1339 875 28 41 6;
1421 876 42 39 A
1490 876 204 41 1054824;
1752 877 154 40 Johns
1935 877 224 48 Hopkins
2188 888 151 37 press.

415 933 280 49 (28-23209)

335 1043 231 64 Corpus
603 1044 165 69 juris,
807 1043 173 69 being
1020 1063 31 33 a
1092 1043 278 68 complete
1411 1044 115 52 and
1567 1043 327 69 systematic
1933 1049 306 48 statement
2278 1043 66 55 of

403 1123 96 53 the
527 1123 182 52 whole
735 1122 154 67 body
917 1120 65 54 of
1008 1121 95 53 the
1133 1121 112 52 law
1274 1140 59 33 as
1363 1120 298 53 embodied
1689 1121 60 52 in
1780 1121 114 52 and
1924 1121 313 68 developed
2264 1121 78 68 by

404 1198 1915 135 all reported decisions. Ed. by William Mack … and Donald
530 1276 1807 68 J. Kiser … v. 45 [Mutual benefit insurance to Neutral]
403 1359 141 54 New
572 1357 182 67 York,
780 1357 122 52 The
930 1356 309 53 American
1267 1355 150 53 book
1444 1374 109 49 co.;
1583 1355 261 68 London,
1872 1356 396 52 Butterworth
2298 1358 46 50 &

402 1456 101 48 co.,
532 1439 150 51 1928.

403 1515 1140 53 1 p. l., xviii, 1390 p. front. (port.) 26ᶜᵐ.
338 1587 52 52 ©
422 1592 128 47 Sept.
576 1590 70 48 26,
674 1588 115 41 1928;
844 1590 69 39 2c.
941 1590 96 39 and
1065 1587 83 42 aff.
1177 1588 104 41 Oct.
1309 1589 55 39 17;
1421 1587 41 40 A
1489 1588 56 40 82;
1603 1587 262 41 American
1889 1590 97 39 law
2013 1589 125 40 book
2166 1600 67 29 co.

334 1715 344 63 Crampton,
717 1711 249 56 Charles
1001 1711 200 64 Ward,
1243 1711 171 55 1877-

408 1789 1934 71 The daily health builder, by C. Ward Crampton … New
337 1870 183 67 York,
548 1871 261 65 London,
839 1868 69 56 G.
940 1869 65 52 P.
1038 1868 300 53 Putnam’s
1371 1886 147 45 sons,
1551 1870 151 51 1928.

404 1954 102 45 viii,
540 1954 85 40 161
658 1964 43 37 p.
734 1952 111 41 incl.
877 1952 143 47 illus.,
1055 1952 173 48 plates,
1288 1950 170 42 forms.
1518 1950 119 44 21ᶜᵐ.

340 2021 52 52 ©
421 2024 103 41 Oct.
549 2024 40 48 5,
616 2024 114 40 1928;
784 2025 69 38 2c.
880 2023 103 41 Oct.
1009 2023 29 40 6;
1090 2022 82 42 aff.
1200 2022 105 41 Oct.
1332 2022 25 41 8;
1413 2021 43 40 A
1480 2021 205 40 1053823;
1742 2021 49 41 C.
1818 2022 73 41 W.
1920 2022 279 47 Crampton,
2228 2022 118 41 New

406 2082 147 40 York.
622 2080 282 49 (28-23299)

329 2189 257 65 Danjou,
617 2187 207 55 Henri.

470 2263 1874 70 … Place Maubert (dans les bas-fonds de Paris) Paris, A.
337 2346 213 54 Michel
585 2347 173 66 [1928]

409 2424 751 53 3 p. l., [9]-251 p., 1 l. 19ᶜᵐ.
341 2495 1781 54 © May 25, 1928; 1c. June 26; A—Foreign 39333; Albin Michel.
420 2556 281 49 (28-23345)

333 2665 294 64 Dearden,
663 2662 242 56 Harold.

408 2745 286 52 Bedroom
725 2741 198 70 prison
952 2741 67 54 of
1047 2761 31 33 a
1109 2739 154 55 wife.

418 2827 83 49 (In
531 2822 203 44 London
765 2821 202 53 Sunday
998 2820 257 54 dispatch)

342 2894 2005 52 © 1c. Nov. 3, 1928; A ad int. 1849; pubd. Sept. 9; H. Dearden, London.
335 3005 346 65 Deerforth,
713 3004 229 55 Daniel.

408 3084 209 53 Knock
650 3084 163 52 wood
833 3083 11 53 !
882 3083 376 68 superstition
1289 3083 255 69 through
1577 3084 96 52 the
1708 3102 149 50 ages,
1890 3083 77 70 by
2001 3085 104 52 Dr.
2140 3084 208 54 Daniel

339 3162 332 54 Deerforth.
753 3161 157 68 [New
946 3161 179 67 York]
1163 3161 340 53 Brentano’s
1542 3165 194 64 [ᶜ1928]

406 3245 595 49 5 p. l., 3-200 p. 21½ᶜᵐ.
343 3312 52 52 ©
426 3316 103 41 Oct.
555 3317 40 46 3,
624 3316 114 40 1928;
795 3316 68 41 2c.
891 3316 97 39 and
1016 3315 82 41 aff.
1128 3314 102 41 Oct.
1260 3315 29 39 5;
1343 3315 42 39 A
1411 3314 204 41 1053742;
1673 3314 305 50 Brentano’s,
2007 3315 93 42 inc.
422 3372 281 50 (28-23319)

333 3482 244 64 Diapea,
609 3481 276 55 William.

415 3559 284 55 Cannibal
734 3560 175 65 Jack;
947 3560 96 53 the
1079 3571 125 42 true
1242 3559 463 70 autobiography
1740 3559 66 54 of
1840 3580 31 33 a
1909 3560 177 54 white
2119 3579 133 35 man
2288 3561 60 53 in

344 3639 95 52 the
473 3638 183 55 South
692 3637 154 69 Seas,
875 3639 76 68 by
981 3638 264 54 William
1277 3639 254 67 Diapea;
1568 3639 232 67 printed
1835 3637 154 55 from
2021 3639 97 53 the
343 3656 1981 130 manuscript

562 3718 59 51 in
660 3717 95 53 the
795 3718 317 67 possession
1151 3716 66 53 of
1252 3716 99 54 the
1389 3717 138 53 Rev.
1567 3717 195 54 James
1800 3717 296 68 Hadfield,
2135 3718 140 52 with
2315 3736 32 35 a

346 3796 288 53 foreword
657 3796 77 68 by
756 3796 78 52 H.
860 3797 85 51 De
969 3796 147 53 Vere
1145 3795 320 69 Stacpoole.
1528 3796 140 53 New
1693 3796 181 68 York,
1899 3796 261 66 London,
2186 3795 69 56 G.
2282 3796 66 54 P.

342 3873 298 54 Putnam’s
680 3891 148 49 sons,
869 3876 150 52 1928.

412 3957 119 49 xxii,
574 3957 89 41 236
702 3967 43 39 p.
805 3956 165 51 front.,
1013 3956 192 43 facsim.
1265 3958 117 41 21ᶜᵐ.
