2498 4384
1325 4090 98 50 530

328 461 273 55 Bankers
629 463 162 51 trust
820 475 308 47 company,
1155 459 141 51 New
1327 458 177 52 York.

401 539 378 69 Twenty-five
815 556 164 51 years
1018 535 64 54 of
1120 536 260 52 Bankers
1416 541 150 47 trust
1607 552 308 49 company;
1958 551 32 33 a
2027 531 155 53 brief
333 530 1975 142 history

500 617 65 54 of
602 618 96 52 the
737 634 281 50 company
1060 615 140 52 with
1242 614 215 69 graphs
1497 613 113 52 and
1651 612 162 52 other
1853 611 135 53 data
2028 609 305 53 connected

333 690 1686 74 with its growth, 1903-1928. New York [etc.] 1928.
403 773 1308 55 40 p., 1 l. incl. front. (port.) illus., diagrs. 26 ᶜᵐ.
405 843 1449 55 “Copyright … Bankers trust company, New York.”
343 916 51 52 ©
422 922 123 38 Mar.
569 919 70 47 27,
666 919 117 40 1928;
832 919 69 40 2c.
927 920 96 38 and
1049 917 82 40 aff.
1156 918 116 47 Apr.
1297 917 26 40 3;
1379 917 42 38 A
1445 916 204 40 1069558;
1705 915 223 39 Bankers
1954 916 131 41 trust
2111 925 81 35 co.,
2220 914 118 39 New

409 977 146 40 York.
626 976 281 49 (28-10194)

333 1069 247 63 Barker,
613 1069 211 53 Albert
856 1068 216 63 Smith,
1107 1070 327 50 1843-1916.

407 1148 311 68 Everyday
765 1146 106 53 life
919 1146 60 52 in
1024 1145 98 54 the
1166 1164 182 50 navy;
1400 1143 462 70 autobiography
1909 1143 65 52 of
2021 1142 153 53 Bear
335 1141 1981 138 Admiral

533 1225 207 52 Albert
766 1224 57 55 S.
854 1223 236 54 Barker.
1167 1223 235 67 Boston,
1428 1223 69 53 R.
1525 1222 69 55 G.
1622 1222 231 69 Badger
1994 1224 85 63 [ᶜ1928]

406 1306 1288 51 viii, 422 p. front., 1 illus., plates, ports. 20½ ᶜᵐ.
347 1376 51 52 ©
426 1380 111 39 Feb.
562 1379 68 47 15,
656 1378 141 46 1928;
824 1378 67 40 2c.
917 1379 122 39 Mar.
1065 1377 26 39 9;
1146 1376 83 41 aff.
1256 1378 122 39 Mar.
1404 1377 52 46 7;
1485 1377 42 38 A
1551 1376 229 46 1068178;
1810 1375 216 40 Richard
2054 1375 54 41 G.
2135 1376 205 47 Badger,

414 1437 198 39 Boston.
686 1434 281 49 (28-10007)

339 1528 301 62 Bartram,
672 1527 274 64 William,
982 1526 326 55 1739-1823.

344 1604 1981 148 … The travels of William Bartram. [New York] Macy-Masius, 1928.
410 1766 1079 49 414 p. 20 ᶜᵐ . (An American bookshelf)
417 1836 1933 50 “Bartram’s ‘Travels’ … was first published in Philadelphia in 1791.”—
343 1895 214 41 Editor’s
577 1898 112 37 note
711 1895 168 48 signed:
942 1894 160 41 M[ark]
1202 1906 78 39 V[an]
1306 1896 179 48 D[oren]

353 1962 51 52 ©
434 1967 111 39 Jan.
572 1967 69 46 27,
670 1966 113 40 1928;
841 1966 69 41 2c.
939 1966 111 39 Feb.
1079 1966 52 46 1;
1163 1965 83 41 aff.
1276 1966 110 40 Jan.
1414 1965 83 48 30;
1529 1966 42 38 A
1599 1965 229 46 1061495;
1861 1964 365 49 Macy-Masius,
2256 1964 92 42 inc.

431 2023 252 48 (28-3822.)

343 2115 279 64 Bennett,
654 2116 183 64 Hugh
871 2116 354 63 Hammond,
1266 2120 171 49 1881-

418 2193 1934 70 The soils of Cuba, by Hugh H. Bennett … and Robert V.
345 2272 1879 69 Allison … including a generalized soil map and detailed
347 2272 1983 147 descriptions
689 2349 65 54 of
788 2350 96 54 the
919 2350 260 70 physical
1215 2351 114 53 and
1364 2349 272 55 chemical
1671 2349 266 71 qualities
1970 2349 65 55 of
2070 2349 96 54 the
2200 2367 155 36 more

348 2429 320 69 important
704 2435 182 63 types,
923 2429 262 69 together
1221 2428 142 53 with
1399 2433 164 49 notes
1593 2446 156 51 upon
1784 2428 150 54 their
1972 2429 229 69 general
348 2428 1982 132 cultural

537 2506 406 69 requirements
977 2506 60 52 in
1071 2507 245 53 relation
1348 2513 59 47 to
1438 2506 152 54 their
1621 2507 377 69 agricultural
350 2506 1981 149 adaptability

482 2586 113 52 and
641 2584 336 67 usefulness,
1022 2584 141 52 with
1208 2604 32 33 a
1286 2584 237 68 chapter
1566 2603 74 35 on
1685 2584 106 54 soil
1836 2584 401 54 classification
2280 2585 77 69 by

350 2661 2008 71 Dr. Curtis F. Marbut … Washington, D. C., Tropical plant
353 2740 257 54 research
642 2740 363 68 foundation,
1036 2742 151 54 1928.

430 2822 1919 52 6 p. l., xv-xxiv, 410 p. illus., maps (1 fold.) tables (part fold.)
359 2881 296 48 diagrs. 24 ᶜᵐ.
427 2939 69 38 “A
522 2937 307 48 cooperative
858 2937 188 47 project
1072 2937 218 40 between
1319 2938 82 39 the
1429 2938 197 38 Bureau
1655 2937 52 40 of
1734 2937 130 48 soils,
1895 2938 56 40 U.
1973 2937 44 42 S.
2036 2939 323 47 Department

355 2995 52 40 of
444 2994 315 48 agriculture,
797 2994 96 39 and
931 2994 81 39 the
1050 2992 227 49 Tropical
1316 2995 140 46 plant
1492 2994 227 39 research
1755 2993 309 49 foundation,
2102 2995 256 48 published

356 3051 121 40 with
506 3051 82 39 the
616 3050 81 40 aid
725 3049 52 41 of
805 3050 81 40 the
915 3049 134 41 Cuba
1079 3060 148 38 sugar
1255 3051 123 46 club,
1408 3048 253 42 Havana.”

365 3102 52 52 ©
453 3108 122 38 Mar.
607 3107 71 47 24,
712 3106 140 45 1928;
888 3106 69 40 2c.
990 3106 97 39 and
1121 3105 83 41 aff.
1240 3107 123 39 Mar.
1396 3105 82 47 29;
1516 3106 41 39 A
1589 3105 230 48 1069529;
1857 3107 226 48 Tropical
2118 3109 139 47 plant
433 3118 1910 86 research
634 3162 306 40 foundation.
1014 3162 282 49 (28-10012)

357 3257 176 63 Berg,
572 3255 191 54 David
804 3255 155 64 Eric,
1001 3258 170 51 1890-

494 3334 1872 71 … Introduction to music, by David Eric Berg. New York,
363 3413 121 52 The
510 3411 224 54 Caxton
759 3412 262 53 institute
1045 3413 402 67 incorporated
1588 3415 85 65 [ᶜ1926]

434 3493 1621 50 xix, 92 p. 17½ ᶜᵐ. (Fundamentals of musical art … v. 1)
435 3551 227 39 Lettered
687 3561 60 29 on
770 3561 141 29 cover:
964 3551 190 40 Caxton
1178 3550 155 41 music
1357 3551 166 41 series.

436 3606 351 49 Bibliography:
841 3618 44 37 p.
907 3607 72 48 42,
1004 3607 71 41 92.

371 3660 52 52 ©
454 3665 112 40 Dec.
593 3664 70 48 29,
691 3665 114 40 1927;
861 3665 68 40 2c.
957 3665 114 48 Apr.
1099 3666 41 47 2,
1169 3665 114 40 1928;
1342 3665 83 41 aff.
1453 3667 123 39 Mar.
1605 3665 55 41 31;
1719 3666 42 38 A
1789 3666 205 40 1068682;
2052 3668 57 40 D.
2140 3668 53 40 E.
2224 3668 139 47 Berg,

441 3721 118 39 New
588 3721 146 40 York.
804 3721 280 49 (28-10103)

367 3773 233 63 Boodle,
631 3774 281 52 Adelaide
942 3774 71 53 A.

443 3851 67 51 R.
542 3851 64 52 L.
642 3851 55 54 S.
731 3853 113 51 and
874 3852 89 53 his
995 3852 120 53 sine
1145 3870 111 50 qua
1287 3871 132 49 non,
1451 3851 325 70 flashlights
1810 3853 153 53 from
1999 3853 368 69 Skerryvore,

370 3927 77 69 by
493 3928 96 52 the
637 3929 370 69 gamekeeper
1090 3930 283 54 <Adelaide
1421 3930 71 53 A.
1545 3931 217 53 Boodle>
1881 3931 139 53 New
2072 3931 180 69 York,
2303 3931 63 56 C.

373 4005 315 58 Scribner’s
720 4025 148 54 sons,
903 4011 133 52 1926.
