2498 4384
1104 4077 138 52 2111

220 484 1939 63 “Of [the] … change in the form of government of modern Greece
150 556 21 38 I
205 554 270 48 attempted
509 553 49 39 in
593 550 128 48 1924,
754 549 49 41 in
837 562 26 28 a
897 548 129 40 brief
1060 547 134 41 work
1228 545 258 50 published
1521 544 49 40 in
1607 543 101 40 this
1740 545 204 44 country
1979 541 96 41 and
2109 540 50 42 in

151 610 169 48 Greek,
359 614 49 37 to
447 612 195 46 present
679 608 83 41 the
797 607 135 40 main
968 602 426 48 characteristics;
1434 602 96 40 and
1566 601 52 41 of
1656 601 82 41 the
1775 600 135 40 work
1948 609 53 30 so
150 609 1992 108 composed
338 669 83 39 the
462 669 197 47 present

699 666 191 41 volume
932 664 43 40 is
1017 673 28 30 a
1091 660 298 43 translation
1432 659 102 41 into
1580 658 217 48 English,
1841 658 87 40 but
1969 657 190 48 greatly

150 727 229 47 enlarged
403 726 61 46 by
492 736 26 28 a
545 721 319 51 preliminary
886 722 172 40 sketch
1081 720 53 40 of
1157 720 84 40 the
1264 717 159 41 entire
1446 716 220 49 political
1688 714 191 50 history
1904 715 53 40 of
1981 714 181 41 Greece

150 785 96 41 and
275 783 52 40 of
356 784 83 39 the
469 782 157 41 Greek
654 781 132 48 cycle
814 779 52 41 of
894 779 207 47 literary
1130 774 552 50 culture.”—Prologue.

151 844 2009 59 © Dec. 14, 1928; 2c. and aff. Dec. 15; A 3296; P. J. Papassoteriou, New
219 912 145 40 York.
430 910 222 49 (29-606)

153 1021 294 63 Peixotto,
480 1020 220 51 Ernest
732 1016 265 65 Clifford,
1032 1021 171 50 1869-

221 1098 279 69 Through
539 1097 96 52 the
675 1095 225 54 French
942 1093 317 70 provinces,
1297 1093 77 69 by
1416 1093 210 52 Ernest
1665 1088 297 69 Peixotto;
151 1089 1991 141 illustrations

435 1176 76 69 by
548 1175 97 53 the
683 1174 224 53 author.
983 1172 140 53 New
1162 1172 115 53 and
1314 1190 116 34 rev.
1469 1171 86 52 ed.
1630 1169 141 54 New
1812 1168 164 53 York
2146 1200 14 36 [etc.]

155 1255 60 55 C.
250 1253 315 58 Scribner’s
594 1271 147 50 sons,
774 1254 150 51 1928.

292 1334 916 52 xv, 230 p. front., illus., plates. 22 ᶜᵐ.
225 1412 139 48 Maps
392 1422 61 28 on
481 1408 367 49 lining-papers.

157 1472 2009 58 © Oct. 5, 1928; 2c. Oct. 23: aff. Oct. 18: A 1144; Charles Scribner’s
223 1549 128 31 sons.
420 1537 222 49 (29-605)

156 1647 261 66 Pennell,
449 1649 139 52 Mrs.
621 1646 162 54 Alice
816 1646 179 53 Maud
1040 1644 300 66 (Sorabji)

226 1727 123 55 The
386 1727 255 68 begum’s
681 1743 119 50 son,
838 1725 76 70 by
953 1724 141 53 Mrs.
1134 1723 300 54 Theodore
1472 1722 256 54 Pennell.
1805 1721 262 68 London,
2105 1720 59 56 J.

155 1805 241 71 Murray
439 1839 13 34 [
460 1807 132 51 1928]

229 1886 274 51 352 p. 19½ ᶜᵐ.
159 1951 2010 57 © 1c. Nov. 2, 1928; A ad int. 11854; pubd. Sept. 5; A. M. S. Pennell,
225 2018 30 40 i.
289 2027 36 30 e.
358 2018 117 39 Mrs.
506 2016 250 40 Theodore
787 2016 213 46 Pennell,
1033 2015 215 40 London.
1319 2014 252 47 (29-3174)

155 2112 228 63 Prince,
425 2112 218 63 Harry.

228 2190 355 54 Half-hours
615 2191 59 51 in
707 2190 95 53 old
837 2189 260 67 London,
1128 2189 77 67 by
1239 2189 200 68 Harry
1471 2188 237 66 Prince;
1746 2187 139 53 with
157 2187 1993 137 illustrations

336 2269 153 52 from
513 2269 184 68 pencil
724 2268 293 70 drawings
1039 2268 76 69 by
1140 2268 64 52 F.
1229 2267 89 54 W.
1345 2267 245 70 Knight.
1666 2265 261 69 London,
1950 2265 69 55 G.
2046 2265 128 54 Bell

156 2350 46 51 &
231 2366 147 50 sons,
409 2348 123 67 ltd.,
568 2351 149 50 1928.

228 2432 85 40 224
347 2443 43 37 p.
452 2433 172 47 plates.
685 2432 56 40 19½ᶜᵐ.

161 2496 2012 57 © 1c. Dec. 22, 1928; A ad int. 12178; pubd. Oct. 23: Susan Barbara Cox
230 2560 188 50 Prince,
451 2561 212 41 London.
734 2560 252 49 (29-1735)

158 2655 612 65 Rathlef-Keilmann,
805 2657 159 53 Frau
996 2656 248 53 Harriet
1277 2672 134 38 von.

231 2734 329 67 Anastasia,
586 2736 95 52 the
708 2735 265 54 survivor
998 2734 65 54 of
1088 2733 450 70 Ekaterinburg,
1562 2735 76 68 by
1663 2734 77 53 H.
1768 2753 109 33 von
164 2732 2006 135 Rathlef-Keilmann;

539 2814 318 54 translated
890 2813 152 53 from
1073 2815 96 51 the
1200 2812 253 56 German
1480 2813 77 69 by
1586 2814 66 52 F.
1687 2811 56 57 S.
1776 2813 179 53 Flint.
164 2813 1985 133 London
305 2894 46 51 &
377 2892 140 54 New
544 2893 181 59 York,
752 2892 69 55 G.
850 2894 66 51 P.
944 2892 301 54 Putnam’s
1273 2911 130 35 sons
1526 2895 84 64 [1928]

230 2972 1514 55 2 p. l., vii-xii, 262 p., 1 l. plates, ports., facsims. 22½ ᶜᵐ.
230 3044 118 43 This
386 3046 123 40 book
545 3046 223 47 presents
805 3049 191 44 reports
1032 3046 52 40 of
1120 3047 293 40 statements
1448 3047 142 39 made
1626 3046 63 48 by
1726 3045 112 42 “the
1874 3045 303 49 Unknown”,

161 3104 82 39 the
281 3104 229 39 so-called
552 3103 145 40 “Mrs.
737 3103 328 42 Chaikovski”
1104 3114 54 30 or
1194 3103 285 49 Anastasia,
1517 3104 97 40 and
1651 3102 150 43 views
1839 3102 55 42 of
1928 3103 141 41 other
159 3113 2000 95 responsible

453 3161 96 39 and
598 3159 204 42 reliable
847 3160 305 40 individuals
1199 3160 234 49 claiming
1478 3161 113 40 that
1638 3159 113 43 “the
1798 3159 287 42 Unknown”
2133 3160 44 41 is

160 3215 231 43 identical
434 3217 120 40 with
592 3216 280 50 Anastasia,
912 3218 83 39 the
1033 3217 244 44 daughter
1312 3217 52 40 of
1402 3217 83 40 the
1521 3217 139 43 Tsar,
1700 3216 86 42 but
1822 3216 255 41 furnishes
2115 3228 61 29 no

159 3273 128 49 legal
314 3274 142 47 proof
482 3274 52 39 of
561 3274 82 40 the
670 3273 158 42 claim,
890 3274 62 47 cf.
982 3275 186 39 Introd.
1194 3273 63 50 by
1284 3275 82 39 the
1393 3273 173 41 editor.

163 3336 2011 61 © 1c. Dec. 12, 1928; A ad int. 12059; pubd. Oct. 31; Payson & Clarke,
230 3401 101 49 ltd.,
359 3402 120 39 New
506 3403 145 39 York.
717 3400 253 52 (29-1845)

161 3496 244 66 Reeves,
441 3496 258 54 Richard
734 3496 311 65 Ambrose,
1084 3501 173 51 1899-
1474 3516 179 50 comp.

230 3573 56 54 A
311 3574 156 68 quiet
494 3593 156 34 room;
710 3594 28 33 a
769 3575 147 53 book
942 3575 65 53 of
1033 3593 238 51 prayers
1298 3576 113 52 and
1440 3575 197 68 offices,
1662 3575 285 70 compiled
1974 3575 77 70 by
2078 3576 97 54 the

160 3651 140 55 Rev.
337 3653 68 52 R.
443 3652 281 54 Ambrose
761 3653 232 69 Reeves,
1068 3697 9 9 B.
1159 3672 41 48 A.;
1240 3654 143 53 with
1423 3673 71 33 an
1532 3653 395 55 introduction
1963 3654 77 69 by
2078 3655 97 53 the

160 3726 2016 79 Rt. Rev. Samuel Babcock Booth … New York and London,
159 3807 234 70 Harper
428 3811 46 49 &
508 3808 280 69 brothers,
827 3812 149 51 1928.

231 3890 510 51 xiv, 109, [1] p. 17 ᶜᵐ.
165 3956 52 53 ©
245 3960 118 42 Nov.
391 3962 69 47 14,
489 3961 140 48 1928;
659 3963 68 40 2c.
754 3962 119 43 Nov.
900 3963 83 47 14;
1012 3962 82 43 aff.
1123 3963 120 42 Nov.
1272 3964 82 48 16;
1384 3964 42 40 A
1453 3963 113 49 631;
1597 3964 197 50 Harper
1821 3964 37 43 &
1885 3965 126 42 bros.

243 4017 223 52 (29-787)
