2498 4384
1131 4155 64 48 331

158 463 284 64 McNeile,
472 465 266 51 Herman
770 462 179 63 Cyril.

229 539 1190 69 The black monk [by ] Sapper [pseud.]
235 627 84 44 (In
348 622 108 42 Pall
488 621 122 43 Mall
640 620 278 52 magazine,
949 620 143 49 Mar.,
1127 618 145 50 1928)

160 677 1823 53 © 1c. Apr. 4, 1928; A ad int. 10857; pubd. Feb. 7; H. C. McNeile,
228 676 1925 111 Territet,
346 739 338 41 Switzerland.

152 835 316 52 Mandarin
506 835 144 67 chop
686 851 135 50 suey
854 832 139 53 cook
1027 831 165 54 book,
1226 830 338 69 containing
1598 828 296 55 authentic
225 829 1921 138 translations
416 912 65 54 of

517 913 97 52 the
651 912 123 53 best
812 911 217 68 recipes
1068 908 64 54 of
1171 909 236 70 leading
1449 908 245 55 Chinese
1733 907 162 54 chefs
1935 908 115 53 and
224 908 1926 136 directions
493 990 93 53 for
609 990 316 68 preparing

948 988 232 53 various
1202 989 250 67 popular
1476 988 114 53 and
1611 986 293 54 healthful
1929 986 245 55 Chinese

225 1070 191 52 dishes
443 1070 224 67 exactly
696 1087 61 34 as
783 1068 135 68 they
948 1086 97 34 are
1073 1067 285 68 prepared
1387 1066 60 53 in
1476 1067 100 52 the
1602 1064 224 56 Orient.
1903 1064 275 71 Chicago,

224 1148 112 66 Ill.,
367 1148 122 52 The
520 1146 213 53 Pacific
763 1146 237 68 trading
1031 1163 301 51 company,
1364 1147 150 50 1928.

230 1229 498 49 96 p. illus. 23 ᶜᵐ .
231 1288 160 39 Blank
419 1297 146 38 pages
590 1286 81 40 for
698 1284 375 41 “Memoranda”
1110 1284 198 48 (79-96)

163 1340 51 53 ©
247 1345 109 40 Feb.
383 1345 72 42 27,
485 1344 139 40 1928;
655 1344 68 40 2c.
752 1344 94 39 and
877 1343 82 40 aff.
991 1344 121 39 Mar.
1141 1343 52 42 9;
1226 1343 37 38 A
1297 1341 195 40 1068181;
1560 1341 178 41 Pacific
1767 1342 199 46 trading
1994 1354 69 29 co.

241 1402 253 46 (28-7521)

165 1497 49 52 A
245 1495 239 54 manual
516 1494 64 54 of
611 1494 381 53 information
1022 1512 72 34 on
1126 1494 128 52 how
1287 1500 58 46 to
1377 1494 164 53 drive
1572 1494 113 53 and
1718 1512 128 35 care
1877 1494 94 53 for
2002 1513 31 34 a
2065 1513 114 48 car,

234 1577 134 50 1000
405 1573 191 54 useful
634 1573 149 53 facts
822 1572 95 54 for
955 1573 97 52 the
1090 1572 196 53 driver
1325 1572 114 53 and
1478 1590 192 36 owner
1708 1572 65 53 of
1813 1591 73 34 an
230 1579 1926 141 automobile;
409 1652 308 53 handbook

752 1650 65 54 of
852 1651 265 53 valuable
1153 1651 109 53 and
1306 1651 236 53 reliable
1578 1650 385 55 information
1999 1659 59 46 to
230 1652 1926 131 insure
403 1729 143 68 safe,
593 1729 397 68 comfortable,
1037 1730 114 53 and
1199 1730 288 53 economic

1532 1730 302 69 operation
1883 1729 65 54 of
1993 1736 189 48 motor

231 1828 141 48 cars,
408 1809 263 68 together
707 1808 141 53 with
887 1813 249 49 extracts
1176 1807 154 54 from
1368 1813 147 49 state
1555 1809 113 53 and
1708 1808 119 70 city
1863 1808 213 55 traffic
2145 1810 32 68 [!]

230 1887 1954 72 laws … Lincoln, Neb., Midwest publishing company,
288 1968 117 51 ᶜ1 928.
232 2047 588 49 1 p. l., 5-63 p. 18½ ᶜᵐ .
233 2104 238 41 Contains
499 2104 305 49 advertising
831 2107 195 39 matter.

165 2158 51 52 ©
246 2163 111 40 Feb.
384 2164 40 47 1,
453 2162 141 48 1928;
623 2163 68 40 2c.
722 2163 109 41 Feb.
860 2163 83 47 20;
974 2163 83 41 aff.
1087 2165 122 40 Mar.
1240 2165 52 45 7;
1323 2164 43 39 A
1393 2163 231 47 1068171;
1658 2165 226 40 Midwest
1915 2166 109 47 pub.
2055 2176 68 30 co.

244 2219 252 49 (28-7518)

161 2314 316 63 Marinoni,
507 2316 140 52 Mrs.
680 2316 158 52 Rosa
875 2315 326 65 (Zagnoni)

234 2393 226 53 Behind
498 2393 97 53 the
627 2393 180 69 mask,
841 2393 75 70 by
953 2395 152 52 Rosa
1143 2395 258 68 Zagnoni
1439 2395 312 53 Marinoni.
1825 2397 140 53 New
2001 2397 184 69 York,

160 2472 624 68 H. Harrison [ ᶜ1 927]
231 2556 340 48 64 p. 23½ ᶜᵐ .
231 2614 188 40 Poems.

167 2665 51 52 ©
249 2669 128 48 Sept.
406 2670 69 46 15,
502 2669 141 42 1927:
671 2669 69 41 2c.
768 2671 122 39 Mar.
917 2669 39 48 9,
984 2669 142 48 1928;
1156 2669 83 42 aff.
1268 2671 123 40 Mar.
1419 2669 81 48 10;
1531 2671 40 38 A

1598 2671 230 47 1069218;
1860 2673 169 47 Henry
238 2675 1929 91 Harrison.
456 2726 252 49 (28-7552)

163 2821 361 64 Monaghan,
559 2822 222 63 James,
816 2823 84 53 ed.

169 2900 1987 130 Monaghan ’s · cumulative annual digest of Pennsylvania decisions …
452 2978 1728 73 1927 … James Monaghan, editor, assisted by Geo. M.
168 3056 2015 75 Henry, Charles D. Smeltzer and Geo. H. Smith … Newark,
170 3135 68 52 N.
267 3136 74 56 J.,
371 3135 190 69 Soney
587 3137 45 51 &
660 3135 148 69 Sage
835 3155 98 48 co.,
963 3140 148 50 1928.

239 3218 534 48 2 p. l. , 531 p. 26 ᶜᵐ .
171 3270 51 52 ©
252 3276 115 46 Apr.
394 3276 42 46 4,
466 3274 141 47 1928;
638 3276 68 40 2c.
736 3277 92 38 and
862 3276 82 41 aff.
975 3277 114 47 Apr.
1120 3277 51 47 6;
1203 3278 42 38 A
1275 3277 231 48 1068764;
1542 3278 157 48 Soney
1729 3279 36 40 &
1796 3279 123 49 Sage
1950 3291 67 30 co.

167 3384 267 62 Morand,
470 3384 165 63 Paul,
675 3389 171 49 1888-

237 3464 123 52 The
395 3463 188 69 living
622 3465 269 65 Buddha,
929 3466 74 68 by
1042 3467 147 51 Paul
1229 3467 269 66 Morand,
1535 3469 317 52 translated
1896 3468 153 53 from
2090 3470 97 53 the

167 3541 1992 147 French by Madeleine Boyd. New York, H. Holt and company [ᶜ1 928]
235 3703 665 49 4 p. l. . 11-287 p. 19½ ᶜᵐ .
174 3754 52 54 ©
255 3761 122 40 Mar.
406 3761 40 46 9,
476 3761 141 43 1928;
648 3762 68 41 2c.
746 3763 94 39 and
871 3762 82 41 aff.
985 3764 122 40 Mar.
1138 3764 81 47 13;
1252 3764 41 39 A
1323 3764 231 49 1069267;
1588 3766 136 39 Henry
1788 3767 118 39 Holt
1938 3770 36 40 &
2005 3778 68 30 co.

253 3817 252 50 (28-7496)

166 3910 363 64 Mortensen,
569 3912 119 54 Chr
982 3914 80 53 Fr
1358 3915 172 55 1879-

169 3990 1992 146 … Lars Vrist, en roman om gusen. [København] S. Hasselbalch [1926]
