2498 4384
1185 4072 102 50 184

336 538 8 17 x,
396 506 85 40 211
534 517 43 37 p.
628 505 112 41 incl.
791 504 129 40 illus.
950 503 135 48 (incl.
1136 501 176 50 ports.)
1371 500 194 49 diagrs.,
1617 499 170 41 forms,
1863 498 153 41 front.
2094 497 146 41 19½ᶜᵐ.

239 555 1481 58 (Guideposts for junior high school years … Book I)
302 633 69 39 “A
405 631 154 42 series
592 632 52 40 of
676 633 188 38 lessons
896 630 213 48 planned
1141 629 81 40 for
1256 628 239 49 guidance
1527 636 236 40 purposes
1797 626 98 40 and
1927 624 233 49 designed
2193 627 49 38 to

229 689 142 48 bring
409 691 51 38 to
498 689 118 47 boys
656 689 96 39 and
790 687 122 48 girls
949 697 29 29 a
1018 687 186 39 clearer
1245 684 389 48 understanding
1673 683 52 41 of
1763 681 130 42 their
1931 681 136 49 daily
230 692 1995 94 experience.”—Pref.

236 813 52 52 ©
317 816 112 41 Jan.
458 816 68 48 13,
556 815 115 40 1928;
727 815 68 40 2c.
826 816 94 38 and
951 813 83 42 aff.
1064 814 112 39 Feb.
1206 813 83 41 15:
1322 813 41 39 A
1391 812 230 47 1061710;
1654 811 147 48 Allyn
1830 810 38 41 &
1895 811 180 40 Bacon.

314 871 253 51 (28-5599)

228 979 242 65 Holtby,
504 979 313 56 Winifred.

301 1054 1943 73 The Land of green ginger, by Winifred Holtby … New
232 1136 181 69 York,
440 1136 69 54 R.
537 1136 80 53 M.
646 1135 280 54 McBride
952 1137 47 51 &
1024 1152 299 52 company,
1355 1136 151 51 1928.

337 1252 9 16 x,
376 1221 173 40 11-311
580 1231 43 38 p.
683 1219 148 42 19½ᶜᵐ.

236 1286 52 52 ©
318 1290 113 41 Feb.
458 1291 69 46 17,
555 1288 142 48 1928;
727 1289 68 40 2c.
823 1289 96 39 and
948 1287 81 42 aff.
1060 1288 110 41 Feb.
1198 1288 84 47 18;
1312 1287 41 40 A
1381 1287 230 48 1018873;
1643 1289 70 41 W.
1743 1288 197 48 Holtby,
1972 1287 212 41 London.

314 1346 254 50 (28-5558)

230 1456 226 62 Hovey,
488 1454 228 64 George
745 1453 159 64 Rice,
936 1456 169 50 1860-

302 1533 196 52 Alvah
536 1534 225 67 Hovey,
799 1532 90 53 his
927 1531 107 54 life
1073 1533 113 52 and
1224 1533 214 67 letters,
1474 1532 76 69 by
1589 1532 223 69 George
1849 1532 140 53 Rice
2024 1532 222 69 Hovey.

234 1612 430 67 Philadelphia,
698 1612 218 52 Boston
973 1616 120 61 [etc.]
1131 1611 124 53 The
1283 1611 227 54 Judson
1542 1629 158 50 press
1811 1614 119 63 [ᶜ1928]

301 1695 26 40 6
352 1706 41 37 p.
457 1726 8 17 l.,
492 1694 86 40 267
603 1706 41 37 p.
848 1725 22 16 front..,
896 1695 172 48 plates,
1094 1695 164 47 ports.,
1283 1693 191 42 facsim.
1535 1694 118 41 20ᶜᵐ.

303 1765 268 48 “Writings
596 1765 51 40 of
672 1766 123 39 Alvah
858 1765 199 47 Hovey”
1076 1775 8 30 :
1120 1776 43 37 p.
1188 1765 220 40 261-262.

236 1833 52 52 ©
320 1838 113 40 Feb.
464 1837 68 47 15,
564 1836 141 41 1928;
737 1836 68 41 2c.
836 1837 97 39 and
964 1835 81 41 aff.
1079 1836 112 40 Feb.
1223 1835 83 47 18;
1341 1836 40 39 A
1411 1835 230 48 1018869;
1677 1836 189 40 Judson
1896 1846 151 38 press.

314 1892 253 51 (28-5686)

233 2011 279 63 Huelsen,
547 2010 308 56 Christian
891 2011 134 54 Carl
1059 2009 328 64 Friedrich,
1422 2014 172 50 1858-

302 2089 122 52 The
458 2088 216 53 Forum
708 2088 113 53 and
856 2088 96 52 the
986 2087 286 67 Palatine,
1306 2088 75 67 by
1419 2086 298 55 Christian
1750 2088 274 68 Huelsen,
232 2094 1989 126 translated
423 2168 75 67 by
534 2167 188 52 Helen
756 2167 78 52 H.

870 2165 1377 70 Tanzer … from the first German edition,
234 2246 141 52 with
418 2263 304 35 numerous
764 2244 292 53 additions
1097 2245 113 52 and
1253 2244 277 54 revisions
1569 2245 76 68 by
1685 2245 97 54 the
1823 2246 236 67 author;
2105 2246 138 53 with

234 2326 66 51 30
349 2324 384 53 illustrations
780 2323 60 52 in
888 2323 97 52 the
1032 2328 138 61 text,
1218 2326 66 49 65
1333 2323 183 69 plates
1565 2324 113 53 and
1730 2328 27 47 1
1807 2323 233 71 folding
2090 2325 153 69 plan.

234 2404 138 53 New
403 2403 181 68 York,
613 2403 71 53 A.
715 2402 462 67 Bruderhausen,
1209 2405 152 50 1928.

303 2484 1942 51 xii, 100 p. illus., 64 (i. e. 65) pl. (1 fold.) on 33 l., fold. plan. 25 ᶜᵐ .
236 2554 52 52 ©
315 2559 114 40 Dec.
453 2558 70 48 23,
550 2557 142 47 1927;
720 2557 68 41 2c.
815 2557 96 40 and
938 2557 82 41 aff.
1047 2557 111 41 Dec.
1186 2558 84 46 27;
1299 2557 43 39 A
1367 2557 230 47 1061695;
1629 2558 191 48 Adolph
1848 2558 396 41 Bruderhausen.

317 2614 254 50 (28-5520)

230 2724 122 52 The
385 2722 334 54 Humorist,
796 2742 50 33 v.
886 2726 82 64 12,
999 2741 88 34 no.
1124 2725 121 65 290,
1278 2725 120 65 291,
1431 2723 135 53 Feb.
1603 2726 84 65 25,
1720 2723 148 53 Mar.
1904 2727 50 65 3,
1989 2727 151 51 1928.

303 2807 27 39 2
361 2817 44 31 v.

236 2872 2006 54 © 1c. each Mar. 15, 1928; A ad int. 10759, 10760; pubd. Feb. 18, Feb. 25;
309 2933 186 49 George
525 2934 219 47 Newnes,
777 2934 100 47 ltd.,
911 2934 213 40 London.

231 3039 283 64 Huntley,
545 3042 140 52 Mrs.
717 3040 279 54 Florence
1036 3040 298 66 (Chance)
1373 3043 51 52 d.
1461 3044 150 51 1912.

300 3118 348 53 Harmonics
685 3118 66 53 of
785 3118 319 67 evolution;
1143 3118 98 54 the
1275 3119 349 70 philosophy
1658 3119 66 54 of
1756 3119 330 55 individual
2122 3122 124 68 life,

230 3195 173 53 based
441 3213 156 51 upon
633 3196 233 52 natural
902 3196 232 68 science,
1171 3214 60 35 as
1270 3196 209 70 taught
1516 3197 76 69 by
1628 3198 237 53 modern
1903 3204 239 48 masters
2180 3200 67 52 of

231 3273 1604 72 the law, by Florence Huntley … Foreword by J.
232 3277 2012 144 E. Richardson … The great school of natural science. [New York,
232 3430 67 53 R.
330 3430 65 51 F.
427 3429 198 53 Fenno
651 3431 46 50 &
725 3446 98 50 co.,
908 3431 119 65 ᶜ1928]

298 3513 101 48 446,
438 3513 55 50 [4]
528 3523 45 38 p.
632 3511 181 49 diagrs.
872 3512 118 41 21ᶜᵐ.
1060 3512 294 49 (Harmonic
1384 3513 164 49 series,
1581 3516 94 40 vol.
1735 3515 14 48 I)

236 3580 52 52 ©
317 3583 111 40 Jan.
455 3581 69 49 19,
553 3580 140 48 1928;
723 3581 67 41 2c.
819 3582 110 40 Jan.
957 3581 83 42 30;
1072 3580 82 42 aff.
1183 3581 112 42 Feb.
1325 3582 81 47 13;
1437 3583 40 38 A
1505 3583 230 48 1018813;
1767 3585 128 40 John
1925 3587 53 40 E.

304 3586 1918 101 Richardson,
439 3640 301 46 Hollywood,
778 3638 143 40 Calif.
986 3634 69 54 [©
1091 3638 213 41 revision
1338 3641 95 38 and
1468 3651 107 29 new
1608 3643 196 48 matter]

315 3695 253 49 (28-5569)

231 3788 197 62 Irwin,
465 3788 316 54 Frederick
819 3788 264 65 Charles,
1122 3790 173 54 1870-

306 3867 332 69 Beginning
675 3867 308 70 chemistry
1022 3869 113 53 and
1173 3869 75 53 its
1285 3887 124 36 uses
1470 3870 92 68 [by]
1607 3871 311 53 Frederick
1957 3871 62 55 C.
2059 3874 183 52 Irwin

295 3946 1947 76 … Byron J. Rivett … Orrett Tatlock … drawings by Dorothy
