2498 4384
1328 4099 134 52 1050

366 444 286 63 Breslich,
684 444 185 52 Ernst
896 440 291 65 Rudolph,
1222 439 171 54 1874-

444 509 1863 78 Senior mathematics … bk. l. By Ernst R. Breslich …
365 592 1798 78 Chicago, Ill., The University of Chicago press [ ᶜ1 928-
441 670 1931 62 xxii, 335 p. illus., ports., diagrs. 20 ᶜᵐ . (Half-title: The University of
367 741 211 47 Chicago
612 738 368 42 mathematical
1015 736 163 49 series,
1215 736 55 40 E.
1304 735 61 40 H.
1400 734 177 48 Moore,
1612 733 196 47 general
1842 730 172 42 editor.
2074 730 103 40 The
2210 728 163 42 school

365 799 54 41 of
449 797 260 42 education
739 798 132 39 texts
900 795 98 40 and
1027 792 240 50 manuals,
1300 791 53 42 G.
1386 791 73 42 W.
1491 791 177 48 Myers,
1702 787 183 49 editor)

375 853 52 52 ©
462 858 123 41 Mar.
616 856 70 47 27,
720 854 141 47 1928;
897 854 68 40 2c.
998 852 115 49 Apr.
1145 850 83 47 25;
1267 850 80 40 aff.
1383 849 127 41 June
1543 849 83 46 11;
1663 848 42 39 A
1735 845 230 49 1082359;
2003 843 284 49 University
2321 843 53 40 of

443 912 226 49 Chicago,
699 911 226 48 Chicago.
994 908 284 50 (28-17623)

368 989 265 64 Buchan,
665 990 174 63 John,
876 988 170 54 1875-

437 1069 122 53 The
602 1068 331 69 Runagates
976 1065 147 69 club,
1162 1065 78 68 by
1284 1064 157 54 John
1485 1061 257 54 Buchan.
1817 1061 218 53 Boston
2079 1059 112 52 and
2236 1057 134 54 New

370 1146 178 68 York,
578 1145 322 70 Houghton
930 1142 206 54 Mifflin
1166 1158 300 53 company,
1500 1142 152 50 1928.

436 1226 807 53 viii p., 2 l., [3]-306 p. 19½ᶜᵐ.
379 1284 52 52 ©
465 1288 115 46 July
611 1285 70 48 13,
712 1285 141 46 1928;
887 1285 68 38 2c.
988 1284 95 40 and
1115 1282 83 41 aff.
1229 1282 117 47 July
1378 1279 82 49 16;
1495 1280 42 39 A
1567 1279 231 46 1082524;
1834 1277 42 42 J.
1910 1277 218 48 Buchan,
2163 1275 213 49 Elsfield,

447 1341 339 49 Oxfordshire,
817 1340 240 48 England.
1125 1337 283 50 (28-17202)

375 1423 209 63 Carey,
615 1422 155 53 Rosa
800 1418 357 64 Nouchette,
1186 1420 55 52 d.
1275 1422 151 49 1909.

376 1490 1979 155 … Ester, version española, tr. directamente del inglés. Barcelona,
615 1574 504 70 B. Bauz á [ ᶜ1 927]
448 1651 1465 58 2 p. l., [7]-268, [2] p. 19½ᶜᵐ. (La novela interesante)
448 1717 67 41 At
537 1717 126 40 head
688 1715 52 41 of
764 1715 136 41 title:
930 1714 130 42 Rosa
1084 1714 58 40 N.
1169 1713 171 48 Carey.

382 1766 1999 57 © Nov. 6, 1927; 1c. Jan. 14, 1928; A—Foreign 37630; Editorial B.
451 1832 183 40 Bauzá.
703 1830 281 49 (28-17660)

380 1912 230 62 Denny,
642 1909 279 54 Ludwell.

451 1982 1932 69 We fight for oil, by Ludwell Denny … New York, London,
381 2067 73 53 A.
483 2066 71 54 A.
582 2065 227 71 Knopf,
840 2069 151 50 1928.

453 2147 770 52 4 p. l., [3]-297, [1] p. 22½ᶜᵐ.
454 2205 234 42 “Notes”:
726 2216 43 38 p.
820 2203 237 52 [285]-297.

387 2259 52 52 ©
472 2263 116 48 July
619 2262 39 49 6,
690 2262 142 47 1928;
866 2263 68 40 2c.
967 2261 116 49 July
1115 2263 53 45 7;
1203 2260 83 41 aff.
1320 2262 116 48 July
1467 2260 82 47 17;
1584 2260 42 39 A
1658 2258 229 49 1083248;
1924 2258 174 40 Alfred
2129 2258 55 41 A.
2217 2258 167 49 Knopf

454 2320 92 41 inc.
617 2318 281 50 (28-17529)

379 2398 258 64 Donner,
673 2400 325 62 Hermann,
1036 2403 170 50 1885-

511 2472 1874 76 … Die Vorgeschichte des Weltkrieges; eine Sammlung aller
378 2554 310 71 wichtigen
739 2555 174 53 daten
964 2554 102 55 der
1116 2553 481 71 weltpolitischen
1646 2552 389 71 entwicklung
2086 2571 114 35 von
2250 2551 136 56 1870

379 2633 88 55 bis
513 2637 152 63 1914,
709 2652 112 35 von
865 2634 85 53 dr.
994 2632 303 55 Hermann
1339 2633 251 54 Donner.
1673 2631 217 70 Berlin,
1933 2631 287 54 Deutsche

378 2648 1951 133 verlagsgesellschaft
906 2710 99 54 für
1034 2710 212 70 politik
1273 2711 119 53 und
1422 2710 321 71 geschichte
1770 2729 73 35 m.
1872 2710 53 55 b.
1953 2710 73 68 h.,
2058 2709 151 55 1927.

450 2790 1934 57 126 p. 25 ½ᶜᵐ . (Einzelschriften zur politik und geschichte … 26.
378 2851 206 49 schrift)

451 2908 173 43 “Erste
652 2907 235 51 auflage.”

453 2963 641 44 “Literaturverzeichnis”:
1129 2975 44 38 p.
1206 2964 189 43 93-126.

389 3014 1999 60 © Dec. 24, 1927; 1c. Apr. 11, 1928; A —Foreign 38329; Deutsche verlags-
459 3078 317 49 gesellschaft
798 3078 85 40 für
906 3077 176 49 politik
1106 3079 97 39 und
1228 3077 279 49 geschichte
1529 3090 61 29 m.
1615 3079 44 39 b.
1684 3079 46 40 h.
1801 3076 281 51 (28-17509)

385 3142 256 55 Florida.
716 3145 166 53 Laws
889 3188 11 25 ,
936 3149 239 50 statutes
1181 3187 11 18 ,
1233 3151 101 47 etc.

458 3222 122 53 The
612 3223 283 69 compiled
929 3224 230 67 general
1190 3224 139 52 laws
1362 3224 63 52 of
1456 3222 257 70 Florida,
1750 3221 150 61 1927,
1933 3222 329 70 embracing
2291 3224 98 52 the

387 3297 314 74 subsisting
736 3300 322 68 provisions
1095 3301 64 53 of
1193 3302 99 52 the
1327 3300 373 56 constitution
1738 3303 113 52 and
1887 3305 239 51 statutes
2165 3321 58 34 as
387 3320 1978 111 contained
605 3378 60 54 in
687 3379 98 52 the
808 3379 220 54 revised
1053 3380 231 68 general
1307 3383 239 51 statutes
1569 3380 65 54 of
1660 3383 152 65 1920,
1835 3380 435 70 incorporating
2291 3380 98 53 the

389 3454 451 57 Constitutional
874 3458 390 53 amendments
1299 3457 248 68 adopted
1582 3458 337 68 subsequent
1950 3465 58 47 to
2038 3460 99 51 the
2168 3458 220 55 revised

390 3536 231 67 general
666 3540 239 48 statutes
950 3535 66 52 of
1062 3538 133 50 1920
1243 3536 113 52 and
1399 3536 98 53 the
1540 3537 138 53 laws
1724 3536 64 54 of
1833 3556 31 33 a
1909 3538 231 68 general
2183 3540 204 51 nature

389 3614 235 53 enacted
646 3619 59 47 at
725 3614 100 52 the
844 3612 321 70 legislative
1186 3613 239 54 sessions
1447 3613 64 54 of
1536 3616 853 69 1919,1921,1923,1925,1927.

391 3689 301 70 Compiled
755 3692 112 52 and
930 3693 309 52 annotated
1297 3691 76 69 by
1434 3692 199 70 Harry
1694 3695 66 50 B.
1827 3693 301 56 Skillman.
2225 3712 51 35 v.
2339 3698 47 48 4.

393 3766 239 69 [Crimes
685 3770 114 52 and
854 3767 282 56 Criminal
1188 3769 329 69 procedure]
1610 3771 261 71 Atlanta,
1925 3774 121 51 The
2098 3772 288 55 Harrison

383 3864 297 55 company,
713 3850 151 50 1928.

461 3926 924 55 1 p. l., iii-xi, [3375]-4052 p. 26ᶜᵐ.
395 3981 52 53 ©
472 3986 117 47 July
611 3985 70 50 21,
706 3986 141 47 1928;
872 3987 68 40 2c.
964 3986 116 50 July
1102 3987 84 47 25;
1214 3988 84 40 aff.
1323 3989 116 48 July
1463 3988 83 49 24;
1573 3990 42 39 A
1638 3990 228 49 1082711;
1894 3991 244 41 Harrison
2163 3999 67 34 Co.
