2498 4384
1045 3941 133 51 1029

171 371 180 40 “Third
383 369 226 41 edition.”

170 429 72 39 On
271 438 141 30 cover:
472 428 72 45 By
573 427 210 39 Thomas
812 424 202 47 Willing
1042 424 167 42 Hicks.

109 483 51 51 ©
192 488 74 37 May
332 485 67 41 10,
431 484 140 41 1928;
601 484 67 39 2c.
699 483 95 39 and
824 482 82 41 aff.
937 482 129 39 June
1092 481 81 45 12;
1205 481 41 39 A
1277 479 229 47 1074993;
1538 479 52 42 T.
1620 480 72 41 W.
1723 478 167 49 Hicks,
174 479 1913 110 Minneapolis.
415 539 279 50 (28-17395)

100 621 313 51 Homerus.

167 698 122 52 The
326 695 155 54 Iliad
523 695 64 53 of
624 696 236 67 Homer,
900 696 145 52 done
1085 694 121 52 into
1247 693 246 69 English
1532 711 166 51 prose
1736 692 75 69 by
1849 692 254 52 Andrew

98 776 182 67 Lang,
318 791 66 37 μ.
425 792 70 50 a.,
532 774 223 54 Walter
791 771 164 64 Leaf,
993 790 142 35 litt.
1176 791 47 34 d.
1265 771 113 54 and
1417 771 211 54 Ernest
1664 771 212 69 Myers,
1912 787 68 37 m.
2018 787 83 51 a.;

99 848 2007 73 abridged and edited by Rudolph J. Pelunis … New York,
100 931 120 52 The
254 929 336 54 Macmillan
625 946 297 51 company,
959 930 149 51 1928.

239 1044 9 17 xx,
286 1014 71 48 [4],
390 1012 90 41 496
511 1022 43 38 p.
588 1011 110 41 incl.
733 1011 164 46 front.,
933 1011 129 40 illus.
1091 1010 188 49 (maps)
1322 1012 171 47 plates.
1557 1010 116 41 19ᶜᵐ.
1746 1010 126 48 (The
1905 1010 200 40 modern

98 1069 211 41 readers’
345 1068 177 48 series)

170 1126 161 39 Books
384 1148 31 4 I-IX
505 1124 274 40 translated
817 1123 60 48 by
912 1123 70 40 W.
1020 1122 148 46 Leaf;
1206 1122 150 40 books
1390 1131 150 30 x-xvi
1572 1122 62 48 by
1669 1121 55 42 A.
1759 1122 162 48 Lang;
1956 1122 151 41 books

202 1205 30 4 XVII-XXIV
385 1182 60 47 by
480 1182 51 38 E.
567 1182 175 45 Myers.

109 1234 51 52 ©
192 1238 114 47 Apr.
336 1238 69 46 24,
437 1236 117 41 1928;
611 1236 67 41 2c.
710 1236 96 39 and
839 1235 82 40 aff.
953 1235 113 47 Apr.
1098 1234 82 47 25;
1215 1235 42 38 A
1288 1233 230 47 1074156;
1555 1233 282 41 Macmillan
1868 1244 70 31 co.

177 1290 69 54 [©
274 1294 199 47 editing,
502 1293 120 40 with
650 1292 331 40 introduction
1010 1293 95 38 and
1134 1295 153 44 notes]
1361 1290 259 49 (28-17285
1629 1292 14 47 )

103 1375 282 61 Johnson,
422 1373 242 53 Harriet
699 1373 241 58 Merrill.

172 1450 277 55 Children
495 1452 59 51 in
601 1451 95 52 the
744 1450 255 69 Nursery
1044 1450 209 66 school,
1298 1450 76 69 by
1419 1450 242 53 Harriet
1703 1449 81 54 M.
1829 1450 280 54 Johnson.

100 1530 138 52 New
269 1529 180 67 York,
478 1529 120 51 The
626 1528 156 53 John
812 1528 131 68 Day
973 1545 282 50 company
1311 1530 151 65 [1928]

167 1611 1467 50 xx p., 2 l., [3]—325, [1] p. front., illus., plates. 21½ᶜᵐ.
169 1670 39 38 A
252 1670 168 39 record
464 1669 50 39 of
555 1668 132 43 eight
729 1667 155 48 years’
927 1667 284 47 experience
1253 1667 50 39 in
1345 1667 83 40 the
1468 1668 219 47 Nursery
1727 1668 163 39 school
1933 1668 51 39 of
2029 1668 79 40 the

101 1726 195 39 Bureau
329 1725 51 40 of
414 1724 309 40 educational
758 1724 342 47 experiments.

171 1782 245 39 “Authors
452 1781 127 40 cited
617 1781 49 38 in
703 1780 134 40 text”:
908 1791 41 36 p.
992 1780 249 48 [321]-322.

109 1833 52 52 ©
196 1838 127 40 June
355 1838 69 47 14,
458 1837 141 45 1928;
634 1837 67 40 2c.
737 1837 116 46 July
887 1836 52 46 6;
976 1836 83 41 aff.
1094 1836 117 47 July
1246 1837 52 45 7;
1336 1836 41 38 A
1410 1835 230 47 1083163;
1678 1836 61 41 H.
1775 1837 63 40 M.
1875 1836 233 49 Johnson,

177 1895 117 39 New
321 1894 145 41 York.
537 1893 281 48 (28-17393)

101 1974 240 63 Kahler,
371 1974 202 54 Wood.

172 2050 1939 70 Early to bed … [by] Wood Kahler. New York, London,
99 2129 71 53 A.
203 2129 70 52 A.
305 2127 226 70 Knopf,
564 2132 150 49 1928.

170 2212 785 49 3 p. l., [3]-288 p.. 1 l. 19½ᶜᵐ.
111 2265 52 52 ©
196 2270 116 47 July
343 2269 38 46 6,
413 2268 141 47 1928;
587 2269 68 40 2c.
688 2269 116 47 July
834 2269 53 46 7;
921 2268 83 41 aff.
1037 2268 116 47 July
1184 2268 84 47 12;
1301 2269 41 38 A
1372 2268 232 49 1082488;
1636 2269 174 40 Alfred
1841 2270 55 41 A.
1929 2270 181 49 Knopf,

178 2326 91 40 inc.
339 2324 283 50 (28-17095)

104 2405 233 64 Kepsel,
370 2405 183 53 Louis
582 2405 74 53 H.

177 2483 1936 72 The component elements of the complete life … [ By] Dr.
106 2561 1825 71 L. H. Kepsel … H. E. Wildman … [Los Angeles, ᶜ1 928]
173 2644 58 40 32
260 2655 44 38 p.
363 2644 149 42 20½ᶜᵐ.

177 2702 313 40 “Condensed
522 2702 336 40 edition—one
890 2702 288 42 thousand.”

113 2754 51 52 ©
192 2759 114 47 Apr.
333 2759 70 47 20,
432 2758 141 48 1928;
602 2760 68 40 2c.
700 2761 95 38 and
824 2759 83 42 aff.
937 2760 129 40 June
1090 2760 83 47 28;
1205 2760 42 39 A
1275 2760 230 48 1082295;
1538 2761 200 48 Harvey
1767 2763 53 41 E.
1850 2761 261 51 Wildman,

179 2816 93 39 Los
298 2816 223 48 Angeles.
591 2816 282 49 (28-17269)

106 2881 249 64 Knight,
388 2882 241 54 Robert.

173 2959 121 53 The
339 2959 246 53 location
632 2959 65 53 of
740 2961 96 53 the
884 2961 252 69 Chicago
1181 2967 242 64 portage
1467 2967 162 49 route
1672 2963 65 53 of
1779 2964 98 52 the
103 2982 1984 107 seventeenth

327 3043 264 63 century;
627 3056 31 34 a
690 3057 179 49 paper
899 3040 136 52 read
1064 3039 197 54 before
1291 3040 95 54 the
1418 3040 253 70 Chicago
1701 3041 296 54 historical
103 3061 1986 122 society,

309 3115 141 68 May
492 3119 46 62 1,
582 3119 152 65 1923,
776 3117 113 53 and
930 3117 146 53 later
1117 3118 327 53 elaborated
1487 3117 95 54 for
1623 3118 373 70 publication,
2040 3120 72 70 by

104 3193 1983 146 Robert Knight, m. w. s. e. and Lucius H. Zeuch, M . D. Chicago,
292 3271 112 68 Ill.,
441 3270 250 70 Chicago
725 3271 295 54 historical
1053 3272 230 70 society,
1319 3276 150 51 1928.

173 3352 1937 56 xix, 98 (i. e. 99) p., 99-128 numb. l., 130-145 p. incl. front., plates,
105 3421 136 37 maps
269 3410 49 47 (1
349 3411 198 47 double)
614 3411 230 47 facsims.,
873 3412 103 40 fold.
1022 3413 153 47 plans.
1231 3413 147 41 23½ᶜᵐ.
1446 3413 278 49 (Half-title:
1776 3414 211 50 Chicago
105 3416 1989 90 historical

306 3466 224 48 society’s
558 3468 266 47 collection,
853 3470 91 38 vol.
1060 3469 14 47 XII)

175 3523 352 48 Bibliography:
592 3534 43 37 p.
672 3523 217 41 130-136.

115 3574 52 52 ©
192 3579 116 47 July
330 3579 40 47 3,
395 3579 141 47 1928;
562 3579 68 41 2c.
656 3581 96 38 and
776 3579 81 41 aff.
884 3581 115 47 July
1024 3580 52 47 5;
1104 3581 41 39 A
1170 3581 230 48 1082456;
1429 3582 55 40 R.
1510 3581 188 49 Knight
1723 3585 96 39 and
1845 3584 179 41 Lucius
2050 3586 63 41 H.

183 3635 170 48 Zeuch,
382 3635 225 49 Chicago.
678 3635 280 49 (28-17279)

111 3700 232 63 Lanier,
383 3702 209 62 Henry
626 3703 305 62 Wysham.

184 3779 222 54 Golden
439 3780 192 67 books,
666 3787 131 61 past
829 3781 113 53 and
976 3788 242 62 present.
1314 3783 139 53 [New
1488 3784 180 68 York,
1703 3785 69 53 N.
1809 3787 91 66 Y.,
1933 3786 64 52 L.
2033 3786 78 53 H.

115 3855 245 70 Starkey
401 3876 98 50 co.,
546 3861 151 64 1928]
