2498 4384
1126 4116 104 57 479

208 525 489 51 414, [1] p. 19½ ᶜᵐ .
141 574 2009 60 © 1c. Dec. 17, 1927; A ad int. 10396; pubd. Oct. 21; A. J. T. Sheppard,
212 642 194 41 Saffron
439 642 217 44 Walden,
690 641 166 45 Essex,
891 637 237 49 England.
1199 634 255 50 (28-9163)

133 736 264 65 Sieberg,
430 734 242 65 August
704 731 305 64 Heinrich,
1046 730 173 54 1875-

211 814 376 69 Geologische
632 812 359 68 einführung
1035 810 61 53 in
1141 808 93 54 die
1278 806 321 72 geophysik
1646 805 98 54 für
1790 805 366 54 studierende

141 893 100 53 der
281 890 666 67 naturwissenschaften,
989 890 96 53 des
1129 886 516 71 ingenieurwesens
1690 884 119 53 und
1852 885 96 52 des

141 884 1992 153 bergbaus,
331 971 171 53 sowie
538 989 129 33 zum
703 968 450 66 Selbststudium,
1191 984 113 35 von
1342 966 84 53 dr.
1466 964 142 69 phil.
1646 963 233 69 August
1919 962 239 69 Sieberg

203 1041 1954 75 … Mit 260 abbildungen im text und einer farbigen karte.
141 1128 166 66 Jena,
336 1127 68 55 G.
435 1127 254 67 Fischer,
718 1124 150 55 1927.

250 1205 1219 52 x, 374 p. illus., maps (1 fold.) diagrs. 26 ᶜᵐ .
216 1265 310 42 “Literatur”
557 1267 52 38 at
635 1266 90 38 end
756 1264 52 40 of
836 1265 118 39 each
986 1263 200 40 section.

146 1318 1955 55 © Sept. 5, 1927; 1c. Jan. 5, 1928; A—Foreign 36975; Gustav Fischer.
225 1380 252 49 (28-8930)

139 1475 176 61 Sims,
346 1473 224 53 Newell
603 1473 80 53 Le
716 1474 147 62 Roy,
901 1471 172 54 1878-

214 1548 1882 72 Elements of rural sociology, by Newell Le Roy Sims …
142 1633 138 53 New
318 1632 182 64 York,
534 1632 253 52 Thomas
823 1632 70 51 Y.
933 1629 245 56 Crowell
1216 1647 244 50 company
1583 1632 135 50 [ᶜ1928]

213 1716 96 47 xiv,
341 1716 87 41 698
457 1726 44 39 p.
559 1716 165 46 front.,
757 1715 129 41 illus.
927 1715 176 47 (maps,
1136 1713 166 49 plans)
1344 1714 159 47 plates
1543 1712 165 49 (part
1739 1713 201 46 double)
1980 1713 181 49 diagrs.

141 1769 1734 52 20½ ᶜᵐ . (Crowell’s social science series, ed. by Seba Eldridge)
216 1830 249 41 “Selected
495 1828 368 50 bibliography”
894 1830 51 38 at
973 1828 90 39 end
1093 1827 51 40 of
1172 1828 120 39 each
1319 1828 219 47 chapter.

150 1883 51 52 ©
243 1888 122 39 Mar.
404 1886 70 48 23,
514 1885 117 41 1928;
695 1886 69 40 2c.
806 1886 121 39 Mar.
965 1884 57 40 27;
1091 1883 84 41 aff.
1214 1885 124 39 Mar.
1378 1883 56 40 28;
1503 1883 39 38 A
1582 1882 204 41 1068599;
1856 1883 214 40 Thomas
2109 1884 54 41 Y.

219 1944 206 41 Crowell
457 1954 66 30 co.
595 1941 253 50 (28-9244)

142 2039 263 62 Skelton,
435 2040 139 52 Mrs.
610 2037 239 64 Gladys.

222 2118 220 67 Escape
483 2116 362 53 me—never!
926 2117 91 68 By
1058 2116 159 53 John
1257 2115 283 53 Presland
1594 2113 250 71 (Gladys
1891 2113 268 70 Skelton)

211 2194 1175 68 … London, P. Allan & co., ltd. [1928]
222 2277 589 49 5 p. l., 3-296 p. 19 ᶜᵐ .
154 2333 2013 52 © 1c. Mar. 30, 1928; A ad int. 10830; pubd. Feb. 23; D. Appleton & co.,
221 2396 117 39 New
372 2395 144 39 York.
587 2393 254 49 (28-9396)

144 2488 217 64 Smith,
400 2488 258 55 William
696 2489 226 62 Henry,
966 2491 173 50 1839-

226 2567 282 69 Speakers
555 2566 65 54 of
665 2568 96 52 the
809 2566 197 54 House
1053 2566 66 54 of
1166 2565 479 70 representatives
1693 2565 65 54 of
1806 2567 98 53 the
1952 2567 220 53 United

156 2645 207 66 States,
403 2646 142 52 with
586 2646 266 68 personal
895 2645 257 54 sketches
1194 2644 67 53 of
1301 2645 96 53 the
1439 2645 220 53 several
1701 2644 287 69 speakers,
2031 2645 142 53 with

154 2723 2020 71 portraits, by William Henry Smith … Baltimore, Md., S. J.
155 2802 218 71 Gaeng,
405 2805 152 51 1928.

224 2885 1222 49 4 p. l., [xiii]-xvi, 261 p. front., ports. 26 ᶜᵐ .
159 2939 51 52 ©
243 2945 121 39 Mar.
393 2943 70 48 30,
495 2943 140 45 1928;
668 2944 67 40 2c.
766 2945 96 39 and
893 2943 83 42 aff.
1007 2944 114 48 Apr.
1152 2944 53 46 2;
1239 2944 42 39 A
1310 2943 231 47 1068719;
1577 2943 165 42 Simon
1774 2945 43 40 J.
1851 2945 179 48 Gaeng,
229 2947 1924 94 Baltimore.
487 3000 254 51 (28-9295)

150 3094 233 62 Soares,
415 3094 304 53 Theodore
755 3095 234 62 Gerald,
1026 3098 173 50 1869-

227 3173 299 69 Religious
560 3173 320 66 education,
912 3174 77 68 by
1022 3173 299 54 Theodore
1356 3173 218 55 Gerald
1612 3173 220 56 Soares.
1905 3174 275 71 Chicago,

158 3251 113 67 Ill.,
297 3251 123 53 The
447 3251 341 70 University
814 3251 64 54 of
908 3251 254 70 Chicago
1192 3271 160 49 press
1427 3255 153 65 [ᶜ1928]

229 3333 1951 52 XX, 336 p. 20 ᶜᵐ . (Half-title: The University of Chicago publications
162 3389 1702 52 in religious education … Handbooks of ethics and religion)
232 3447 353 49 Bibliography
603 3459 9 28 :
643 3459 43 37 p.
714 3448 219 41 325-331.

165 3501 51 51 ©
252 3507 122 39 Mar.
408 3506 69 47 13,
512 3506 140 43 1928;
687 3507 69 41 2c.
790 3508 122 40 Mar.
945 3507 83 46 24;
1064 3506 82 42 aff.
1182 3509 125 39 Mar.
1340 3508 84 45 23;
1460 3508 43 39 A
1536 3506 231 49 1069542;
1807 3509 251 41 University
2127 3511 52 40 of

233 3562 224 50 Chicago,
494 3563 226 49 Chicago.
792 3564 253 48 (28-9382)

160 3641 296 66 Standing
484 3643 174 63 Bear,
689 3644 248 62 Luther,
966 3645 184 53 Sioux
1180 3645 175 68 chief,
1386 3649 172 50 1868-

234 3720 1946 74 My people, the Sioux, by Luther Standing Bear … edited
164 3798 75 69 by
286 3799 66 51 E.
399 3799 70 52 A.
516 3801 379 68 Brininstool,
939 3801 142 53 with
1128 3820 73 34 an
1247 3802 396 54 introduction
1688 3803 77 69 by
1810 3804 265 54 William
2125 3804 57 56 S.

164 3877 174 67 Hart,
367 3879 112 51 and
511 3879 136 52 with
678 3880 385 54 illustrations
1093 3879 153 54 from
1277 3881 293 70 drawings
1598 3881 78 69 by
1703 3883 96 52 the
1830 3883 208 54 author
2069 3885 112 52 and

169 3954 151 54 from
353 3955 413 71 photographs.
834 3959 219 54 Boston
1087 3959 111 54 and
1234 3959 141 54 New
1408 3959 183 70 York,
1623 3961 322 71 Houghton
1977 3962 208 55 Mifflin

166 4052 300 52 company,
498 4039 153 50 1928.
