2498 4384
1313 4135 101 50 686

367 448 297 62 Merriam,
700 447 219 63 Sidney
947 446 71 52 A.

494 523 1862 68 … [Foreword and an explanation of the Franklin arms] by
363 603 252 67 Phillips
643 602 225 52 Russell
920 602 113 52 [and
1064 601 216 68 Sidney
1307 601 70 52 A.
1407 601 275 52 Merriam
1710 601 60 51 in
1797 602 96 50 the
1920 600 148 52 book
2097 601 254 67 entitled]

362 682 151 50 Poor
547 680 300 52 Richard’s
879 678 315 68 almanack,
1226 679 172 68 being
1431 679 95 51 the
1560 678 325 52 almanacks
1919 677 63 53 of
2017 677 153 64 1733,
2208 677 149 69 1749,

365 757 152 67 1756,
566 755 151 63 1757,
766 755 151 69 1758,
964 755 123 54 first
1134 756 229 52 written
1410 756 181 53 under
1637 756 94 53 the
1779 774 163 34 name
1991 755 64 54 of
2102 756 255 54 Richard

365 834 1992 69 Saunders, by Benjamin Franklin … New York, Rimington
361 916 45 49 &
434 912 253 68 Hooper,
719 916 148 48 1928.

537 994 48 48 xxvii,
609 994 68 47 55,
720 994 69 49 [59]
816 1005 42 36 p.
918 994 163 47 front.,
1103 993 217 40 facsims.
1379 993 148 41 24½ᶜᵐ.

366 1047 52 52 ©
446 1052 113 47 Apr.
587 1051 69 48 10,
685 1051 113 40 1928;
853 1050 68 41 2c.
951 1051 96 39 and
1076 1050 82 41 aff.
1186 1050 115 47 Apr.
1329 1051 55 38 27;
1442 1051 41 38 A
1511 1050 203 41 1077003;
1773 1050 282 48 Rimington
2086 1051 36 40 &
2150 1052 209 47 Hooper.

360 1203 221 62 Meyer,
615 1202 232 63 Adolph
881 1201 334 62 Frederick,
1251 1204 171 50 1880-

432 1278 1923 70 The elements of hydrology, by Adolph F. Meyer … 2d ed.
361 1376 114 33 rev.
551 1358 138 52 New
726 1358 177 65 York,
939 1358 54 53 J.
1029 1358 190 68 Wiley
1252 1360 45 49 &
1330 1376 144 49 sons,
1507 1357 107 53 inc.;
1683 1358 258 67 London,
1976 1357 302 69 Chapman
2312 1360 46 52 &

358 1436 161 67 Hall,
550 1436 240 67 limited,
825 1439 148 49 1928.

433 1518 25 39 2
483 1529 42 37 p.
588 1549 8 16 l.,
622 1517 164 48 iii-xv,
814 1517 83 40 522
923 1529 42 37 p.
992 1518 108 41 incl.
1126 1518 144 47 illus.,
1299 1518 169 40 tables,
1524 1529 137 37 maps
1698 1519 135 47 (part
1850 1518 144 47 fold.)
2020 1518 182 48 diagrs.
2229 1518 135 49 (part

361 1575 144 45 fold.)
565 1575 146 40 23½ᶜᵐ.

364 1628 52 52 ©
443 1634 113 46 May
579 1634 38 45 1,
644 1632 114 41 1928;
811 1633 68 40 2c.
905 1634 96 38 and
1026 1632 81 41 aff.
1135 1634 115 46 May
1274 1633 26 40 3;
1354 1633 43 39 A
1421 1632 202 41 1077063;
1678 1633 54 41 A.
1752 1632 52 42 F.
1823 1634 178 46 Meyer,
2020 1633 339 47 Minneapolis.

443 1689 280 48 (28-12202)

358 1784 210 63 Miller,
601 1784 302 53 Theodore
934 1784 334 64 Augustus,
1305 1787 171 50 1885-

431 1862 120 51 The
579 1862 160 51 mind
767 1861 211 53 behind
1007 1863 94 51 the
1129 1862 289 65 universe;
1452 1880 30 34 a
1511 1862 147 52 book
1686 1861 63 53 of
1777 1861 152 53 faith
1960 1861 94 52 for
2081 1863 95 50 the
360 1862 1971 129 modern

495 1940 178 64 mind,
710 1939 75 66 by
823 1940 294 52 Theodore
1152 1939 71 53 A.
1263 1940 210 51 Miller.
1549 1940 139 52 New
1727 1939 180 68 York,
1943 1940 311 52 Frederick
2289 1940 71 51 A.

362 2016 202 55 Stokes
596 2035 297 49 company,
926 2019 151 50 1928.

466 2132 8 13 x,
504 2100 86 40 201
621 2111 42 37 p.
723 2100 147 41 19½ᶜᵐ.

365 2152 52 52 ©
441 2156 114 48 Apr.
577 2156 70 47 20,
672 2156 112 40 1928;
838 2156 66 40 2c.
930 2157 96 38 and
1049 2155 82 41 aff.
1156 2156 114 47 Apr.
1295 2156 56 39 24;
1405 2155 41 39 A
1469 2155 203 41 1069896;
1726 2156 262 40 Frederick
2011 2157 57 40 A.
2096 2156 172 42 Stokes
2294 2168 66 30 co.

441 2214 280 48 (28-12453)

359 2307 229 62 Milton,
620 2308 238 61 Ernest,
894 2310 170 50 1892-

433 2386 1925 69 To kiss the crocodile, a story by Ernest Milton … New
363 2466 164 52 York
559 2466 112 52 and
705 2467 259 64 London,
997 2467 234 67 Harper
1264 2468 46 50 &
1341 2466 279 67 brothers,
1657 2469 149 49 1928.

431 2548 603 48 6 p. l., 3-345 p. 20 ᶜᵐ .
363 2601 52 52 ©
441 2607 122 39 Mar.
588 2605 68 48 19,
682 2605 114 40 1928;
848 2606 68 40 2c.
941 2606 114 47 Apr.
1082 2606 81 46 18;
1192 2605 83 41 aff.
1301 2607 114 46 May
1440 2606 25 40 8;
1521 2606 42 38 A
1585 2606 203 40 1074425;
1844 2607 194 47 Harper
2065 2606 37 40 &
2126 2607 125 39 bros.

445 2662 280 48 (28-12305)

358 2756 191 62 Mohr,
582 2756 212 54 Louise
828 2757 231 62 Maude,
1096 2756 172 53 1897-

432 2833 1928 69 Babylonia and Assyria, by Louise M. Mohr … edited by
362 2905 1999 76 Carleton Washburne … and Willard W. Beatty … Chicago,
360 2989 1476 69 New York, Rand, M c Nally & company [ ᶜ19 28]
430 3072 1925 49 92 p. illus. (incl. maps) 18 ᶜᵐ . (On cover: Social study series:
360 3129 204 46 History
595 3131 94 38 and
723 3130 301 47 geography)

431 3186 72 39 On
536 3196 140 29 cover:
740 3186 362 47 Experimental
1138 3185 200 40 edition.

363 3238 53 51 ©
443 3242 114 47 Apr.
583 3242 69 47 10,
679 3242 141 43 1928;
848 3242 67 40 2c.
943 3242 113 47 Apr.
1083 3241 81 46 14;
1195 3241 83 41 aff.
1305 3242 113 47 Apr.
1446 3242 81 46 13;
1558 3242 40 39 A
1625 3242 229 47 1069742;
1886 3243 154 46 Rand,
2072 3243 223 47 McNally
2322 3242 37 40 &

436 3310 67 29 co.
574 3299 280 48 (28-12177)

358 3392 337 53 Monticello
725 3392 178 62 hotel,
938 3392 479 68 Charlottesville,
1451 3393 102 53 Va.

433 3470 53 51 A
541 3470 576 70 word-picturelogue
1171 3471 135 51 thru
1359 3469 304 69 beautiful,
1715 3469 237 54 historic
361 3469 1969 132 Charlottesville.

590 3548 1418 70 Charlottesville, Va., Monticello hotel [ ᶜ19 28]
432 3631 493 48 16 p. illus. 23 ᶜᵐ .
365 3684 52 52 ©
446 3688 113 48 Apr.
587 3689 40 45 3,
656 3688 140 46 1928;
826 3689 68 39 2c.
923 3689 112 47 Apr.
1065 3690 53 45 7;
1151 3688 80 41 aff.
1265 3690 113 45 May
1406 3689 52 44 2;
1491 3689 41 39 A
1560 3689 229 47 1074379;
1822 3691 213 39 Jackson
2066 3690 131 39 Park
2227 3690 130 40 hotel

434 3756 80 35 co.,
546 3746 408 43 Charlottesville,
986 3747 84 40 Va.
1138 3745 281 48 (28-12380)

360 3839 217 61 Moore,
613 3838 245 64 George,
896 3843 170 49 1852-

434 3917 174 53 Ulick
639 3917 112 52 and
785 3916 269 70 Soracha,
1084 3917 76 70 by
1193 3917 222 70 George
1446 3918 213 55 Moore,
1727 3918 259 64 London,
2019 3919 124 57 The
363 3918 1971 129 Nonesuch

530 4013 174 49 press,
736 3998 149 49 1926.

430 4077 687 51 2 p. l., 286 p. pl. 23½ᶜᵐ.
