2498 4384
996 4113 135 51 1621

89 461 213 70 [Collie,
335 463 141 53 Mrs.
509 460 165 54 Ruth]
735 465 172 50 1889-

153 536 1936 71 The golden web, by Wilhelmina Stitch [pseud .] … London,
81 616 274 54 Methuen
382 618 47 50 &
458 634 79 35 co.
568 616 103 53 ltd.
709 618 172 65 [1928]

150 713 414 49 63, [1] p. 17 ᶜᵐ .
84 779 2000 54 © 1c. Oct. 25, 1928; A ad int. 11811; pubd. Sept. 20; R. Collie, i. e. Mrs.
151 840 165 40 Frank
347 839 166 47 Collie,
545 839 213 40 London.
828 838 280 50 (28-25381)

82 933 395 54 Confederate
515 933 204 53 States
757 932 63 52 of
855 931 296 54 America.
1226 933 201 68 Army.
1502 933 173 68 Deft,
1715 934 65 69 of
1814 934 279 53 northern

152 1012 283 69 Virginia.

146 1091 121 52 The
301 1095 129 47 true
462 1095 157 63 story
655 1089 64 52 of
752 1088 248 55 General
1033 1090 168 52 order
1234 1108 89 34 no.
1360 1093 29 49 9
1433 1089 277 69 (General
1744 1091 159 53 Lee’s
76 1091 1988 130 farewell

238 1168 234 52 address
507 1174 58 45 to
598 1167 97 52 the
727 1167 186 68 Army
950 1166 64 53 of
1046 1168 277 51 northern
1359 1167 299 69 Virginia)
1744 1168 345 70 Lexington,

75 1246 125 66 Va.,
236 1245 112 52 Lee
381 1262 256 35 museum
673 1244 338 56 committee,
1046 1244 389 69 Washington
1472 1246 114 51 and
1621 1246 112 52 Lee
1767 1245 322 70 university

225 1326 46 63 [ᶜ192 8]
144 1417 1147 51 cover-title, [6] p. incl. port., facsim. 24 ᶜᵐ .
145 1490 102 39 The
277 1488 344 48 reproduction
650 1488 42 40 is
722 1488 148 40 taken
898 1487 130 40 from
1057 1488 83 39 the
1168 1498 121 37 copy
1320 1490 52 37 at
1400 1489 84 39 the
1514 1488 208 48 Library
1752 1488 52 40 of
1833 1489 255 48 Congress.

147 1544 1942 50 “The story of the farewell address … [by] Douglas S. Freeman.”—
74 1613 41 37 p.
151 1602 148 51 [5]-[6]

79 1655 2004 53 © Aug. 20, 1928; 2c. and aff. Sept. 18; A 1054391; William M. Brown,
146 1716 286 48 Lexington,
462 1716 87 40 Va.
616 1714 281 50 (28-24466)

77 1809 194 64 Coyle,
308 1809 187 54 Grace
530 1808 65 54 L.

144 1888 239 52 Present
406 1886 198 53 trends
626 1885 61 53 in
711 1886 96 53 the
832 1886 228 53 clerical
1083 1885 387 68 occupations,

1493 1886 76 68 by
1594 1886 183 55 Grace
1800 1887 65 52 L.
1892 1886 193 55 Coyle.

74 1964 1208 68 New York, The Womans press [ ᶜ192 8]
141 2049 315 48 44 p. 23 ᶜᵐ .
142 2105 380 48 Bibliography:
559 2115 43 38 p.
636 2104 161 41 42-44.

78 2158 51 52 ©
165 2162 129 49 Sept.
326 2162 70 48 25,
430 2160 141 47 1928;
605 2161 67 40 2c.
709 2161 102 40 Oct.
845 2159 82 48 10;
964 2158 82 42 aff.
1081 2160 103 40 Oct.
1218 2159 83 48 15;
1337 2160 42 39 A
1411 2159 231 48 1053996;
1679 2161 117 40 Natl.
1843 2161 153 40 board
2031 2162 52 40 of

145 2219 82 40 the
266 2219 173 47 Young
475 2228 212 30 womens
729 2216 252 41 Christian
1022 2216 325 41 associations
1388 2216 51 41 of
1479 2217 83 40 the
1602 2217 181 40 United
1827 2217 163 41 States
2033 2218 52 41 of

142 2275 240 48 America,
412 2275 119 39 New
559 2274 146 41 York.
774 2273 282 49 (28-24235)

75 2369 223 65 Crofts,
334 2368 291 54 Freeman
658 2367 186 56 Wills.

75 2446 1982 147 … The cask, by Freeman Wills Crofts. New York, C. Scribner’s sons, 1928.
147 2604 1870 52 xii, 419 p. front. 19½ ᶜᵐ . (The S. S. Van Dine detective library)
75 2661 53 51 ©
162 2664 129 48 Sept.
321 2664 71 47 13,
424 2663 119 41 1928
557 2674 9 36 ;
598 2664 69 39 2c.
700 2664 102 41 Oct.
833 2663 84 47 23;
952 2662 83 41 aff.
1068 2664 103 40 Oct.
1203 2663 85 48 20;
1321 2664 43 39 A
1394 2664 143 47 1166;
1574 2663 205 42 Charles
1813 2665 268 43 Scribner’s

142 2731 126 30 sons.
331 2716 68 54 [©
431 2719 332 49 frontispiece,
796 2719 347 49 introduction,
1175 2719 293 49 publisher’s
1500 2724 128 46 note]

152 2778 281 49 (28-24487)

73 2871 337 64 Crossland,
448 2871 173 53 Firth
658 2871 164 64 Bert,
861 2875 170 50 1888-

137 2951 122 53 The
297 2950 232 53 tobacco
569 2949 191 68 habit;
804 2950 75 54 its
920 2949 167 53 effect
1129 2950 115 52 and
1284 2968 148 50 cure,
1474 2951 76 68 by
1592 2951 66 52 F.
1702 2952 142 52 Bert
66 2952 1993 144 Crossland;

269 3028 334 70 presenting
637 3047 31 33 a
701 3027 233 53 treatise
967 3046 73 34 on
1069 3028 98 52 the
1198 3027 232 54 tobacco
1465 3028 312 54 habit—its
1807 3048 126 35 uses
1965 3032 116 53 and

68 3107 544 53 abuses—intended
656 3105 94 53 for
791 3106 97 52 the
928 3106 340 68 layman—a
1311 3105 174 70 guide
1527 3105 94 53 for
1663 3106 97 53 the
1803 3109 280 66 practical

67 3185 359 52 elimination
467 3184 66 53 of
573 3184 97 52 the
711 3184 165 52 habit
914 3184 76 68 by
1032 3184 234 52 natural
1306 3185 277 53 methods.
1660 3185 112 53 Los
1814 3185 267 70 Angeles,

68 3262 817 67 Calif., The author [ ᶜ192 8]
208 3376 8 15 xx,
253 3343 208 50 [21]-155
491 3355 43 37 p.
593 3342 148 43 20½ᶜᵐ.

140 3401 445 48 “Bibliographical
613 3399 204 41 index”:
851 3411 44 37 p.
924 3400 219 41 153-155.

74 3454 2003 52 © Aug. l. 1928 : 2c. July 20; aff. Aug. 7; A 1054711 : F. B. Crossland.
142 3515 161 41 Ocean
330 3515 146 47 Park,
507 3514 145 41 Calif.
720 3513 281 50 (28-24456)

70 3608 172 63 Dahl,
271 3609 123 53 Fru
426 3607 280 64 Valborg.

74 3685 1980 146 … Vinter og vaar, en roman i breve. København, Gyldendal,
217 3763 255 54 Nordisk
502 3761 210 71 forlag,
747 3765 151 52 1928.

143 3843 338 49 168 p. 20 ᶜᵐ .
144 3901 64 39 At
235 3901 125 39 head
387 3901 53 39 of
464 3900 137 40 title:
632 3901 213 47 Valborg
871 3901 130 39 Dahl
1030 3911 59 37 og
1115 3900 82 40 Lis
1225 3901 181 47 Kjelst.

74 3953 1987 110 © May 12, 1928; 1c. July 2; A—Foreign 39545; Gyldendalske boghandel,
363 4016 215 39 Nordisk
609 4016 176 48 forlag.
858 4015 280 49 (28-24519)
