2498 4384
1036 4102 133 50 1009

101 447 267 63 Bentley,
399 444 241 65 Joseph.

165 525 151 52 How
342 529 59 47 to
430 524 151 67 sleep
611 541 72 33 on
711 540 32 34 a
771 522 195 68 windy
992 522 187 70 night,
1206 521 75 69 by
1310 520 216 69 Joseph
1557 522 271 67 Bentley;
1859 520 139 53 with
2027 539 73 34 an

95 598 1981 134 introduction by F. W. Norwood … Philadelphia, Henry Altemus
304 680 508 67 company [ ᶜ19 28]
166 759 891 53 158 p. incl. front. (port.) 19½ᶜᵐ.
168 834 184 40 Stories
382 834 98 39 and
508 834 202 39 lessons.

103 899 52 52 ©
181 903 127 41 June
330 902 70 42 25,
427 901 118 42 1928;
594 902 69 41 2c.
688 901 127 40 June
839 900 57 41 28;
951 899 82 42 aff.
1059 900 130 40 June
1211 900 60 39 26;
1324 900 40 39 A
1388 899 203 40 1082294;
1648 900 217 40 Howard
1893 901 52 40 E.
167 900 1917 101 Altemus.

353 955 69 54 [©
459 958 346 49 introduction]
878 956 281 49 (28-16653)

98 1069 373 62 Blackstone,
505 1068 238 63 Sydney
774 1066 252 54 Hubert.

163 1146 122 53 The
322 1164 263 50 progress
624 1144 64 53 of
724 1145 144 67 love,
904 1144 114 53 and
1053 1143 402 68 Miscellanies,
1489 1145 77 67 by
1604 1143 233 70 Sydney
1872 1145 231 53 Hubert

95 1222 1878 69 Blackstone. Philadelphia, Dorrance and company [ ᶜ19 28]
161 1304 1786 52 101 p. 20 ᶜᵐ . (Half-title: Contemporary poets of Dorrance, 67)
101 1373 52 52 ©
185 1379 113 46 May
327 1376 69 47 15,
427 1376 141 46 1928;
600 1376 68 40 2c.
698 1376 96 39 and
825 1374 83 42 aff.
940 1375 129 40 June
1094 1374 83 47 28;
1211 1374 42 39 A
1283 1374 229 48 1082308;
1546 1375 254 41 Dorrance
1826 1376 36 40 &
1894 1387 82 35 co.,
2008 1376 92 41 inc.

178 1433 282 49 (28-16475)

99 1541 198 64 Block,
332 1541 202 65 Edgar
566 1540 276 64 William,
880 1539 169 55 1879-

175 1619 163 56 Scale
371 1619 210 69 tables;
618 1619 180 54 tables
835 1618 337 70 converting
1209 1619 225 68 pounds
1468 1624 59 48 to
1563 1619 228 54 bushels
1829 1618 93 55 for
1960 1625 143 63 oats,

101 1703 193 48 cotton
325 1698 147 67 seed,
503 1697 249 69 timothy
784 1698 146 67 seed,
960 1698 216 68 barley,
1207 1697 351 69 Hungarian
1592 1716 160 51 grass
1786 1698 147 67 seed,
1965 1716 137 35 corn

101 1777 165 68 meal,
295 1795 96 34 ear
420 1794 153 50 corn,
600 1776 217 53 shelled
847 1794 153 49 corn,
1029 1776 205 67 wheat,
1264 1794 116 50 rye,
1410 1775 115 53 flax
1553 1776 147 67 seed,
1730 1774 189 65 beans,
1950 1794 153 49 peas,

101 1860 276 63 potatoes,
406 1856 187 51 clover
623 1855 147 67 seed,
798 1856 150 65 coal;
979 1853 180 54 tables
1189 1853 337 70 converting
1556 1854 224 68 pounds
1809 1859 60 48 to
1897 1872 206 51 money

102 1935 193 51 values
334 1932 93 53 for
467 1933 78 52 all
584 1932 389 53 commodities
1011 1932 220 69 bought
1269 1932 114 53 and
1420 1932 126 53 sold
1581 1932 79 70 by
1696 1931 97 55 the
1830 1937 119 62 ton,
1985 1932 114 54 and

102 2010 1862 70 other tables, by Edgar W. Block … [Danville, Ill., 1928]
169 2091 907 51 2 p. l., 66 p. diagrs. 16 × 24 ½ᶜᵐ .
101 2160 52 53 ©
190 2165 128 40 June
350 2164 71 48 26,
458 2164 117 41 1928;
635 2164 70 41 2c.
741 2165 96 39 and
872 2163 83 42 aff.
992 2165 127 40 June
1153 2164 85 48 29;
1275 2164 41 40 A
1352 2163 230 49 1083092;
1623 2165 53 41 E.
1712 2165 72 41 W.
1822 2164 164 47 Block,
168 2166 1915 103 Indianola,

413 2221 76 41 Ill.
560 2220 280 50 (28-16491)

98 2330 326 63 Braathen,
459 2330 213 54 Sverre
707 2330 65 54 O.

101 2407 1974 133 Ty Cobb, the idol of baseball fandom, by Sverre O. Braathen … New
571 2487 1524 71 York, The Avondale press incorporated [ ᶜ19 28]
171 2569 1194 49 3 p. l., 3-268 p. front., plates, ports. 21 ᶜᵐ .
101 2637 52 53 ©
181 2642 128 41 June
332 2642 70 48 26,
430 2641 142 47 1928;
601 2641 69 42 2c.
696 2641 127 41 June
850 2641 83 49 30;
963 2641 84 42 aff.
1074 2642 128 41 June
1227 2642 85 48 27;
1341 2642 44 41 A
1410 2642 230 50 1082367;
1670 2644 251 41 Avondale
1949 2655 152 40 press,

168 2698 90 42 inc.
329 2698 282 50 (28-16634)

95 2807 206 65 Brent,
331 2807 179 65 Hally
541 2807 379 66 Carrington.

162 2886 203 54 Moods
395 2886 115 53 and
536 2885 289 70 melodies,
850 2887 76 69 by
952 2885 185 70 Hally
1166 2885 353 72 Carrington
1546 2889 197 53 Brent.
92 2889 1985 144 Philadelphia,

281 2965 991 68 Dorrance and company [ ᶜ19 28]
162 3047 1786 54 64 p. 20 ᶜᵐ . (Half-title: Contemporary poets of Dorrance, 69)
103 3113 52 53 ©
187 3119 128 39 June
343 3119 39 46 7,
414 3117 141 48 1928;
588 3118 69 40 2c.
688 3118 97 39 and
816 3117 82 41 aff.
931 3118 129 42 June
1088 3118 83 48 28;
1204 3117 42 40 A
1277 3118 231 48 1082306;
1543 3121 254 41 Dorrance
1825 3122 36 40 &
1892 3134 82 34 co.,
2007 3123 93 43 inc.

179 3173 281 50 (28-16471)

98 3283 298 63 Burrows,
430 3281 329 55 Elizabeth.

173 3361 168 53 Irene
374 3360 65 54 of
471 3361 237 53 Tundra
741 3366 223 63 towers,
996 3361 75 70 by
1106 3362 305 54 Elizabeth
1446 3364 291 70 Burrows,
1771 3365 330 58 illustrated

103 3439 76 69 by
205 3439 194 54 James
425 3439 358 69 Daugherty.
848 3438 233 56 Garden
1110 3439 155 71 City,
1293 3440 69 54 N.
1394 3441 91 69 Y.,
1512 3442 358 72 Doubleday,
1898 3446 202 55 Doran

104 3518 46 51 &
175 3534 299 52 company,
502 3515 127 69 inc.,
658 3519 151 52 1928.

173 3597 1023 50 4 p. l., 311 p. col. front., illus. 21 ᶜᵐ .
104 3665 52 53 ©
185 3671 115 47 May
327 3670 69 48 18,
426 3670 141 47 1928;
597 3671 70 39 2c.
696 3672 96 39 and
820 3671 83 41 aff.
934 3671 126 41 June
1088 3671 82 49 30;
1203 3672 42 40 A
1273 3673 230 49 1082341;
1536 3675 299 51 Doubleday,
1867 3679 167 40 Doran
2065 3681 36 40 &

171 3737 80 38 co.,
279 3727 91 40 inc.
442 3726 279 51 (28-16617)

99 3820 297 63 Buttrick,
429 3820 226 64 George
688 3821 250 64 Arthur,
974 3826 171 49 1892-

167 3897 1934 73 The parables of Jesus, by George A. Buttrick … Garden
99 3973 152 71 City,
284 3975 70 54 N.
390 3977 92 68 Y.,
512 3976 358 71 Doubleday,
901 3978 199 53 Doran
1131 3981 46 51 &
1210 3997 298 55 company,
1541 3981 126 73 inc.,
1703 3988 150 52 1928.
