2498 4384
1074 4076 135 52 1383

141 414 294 62 Watkins,
468 412 235 55 Gordon
735 411 39 54 S
1070 413 172 50 1889-

211 485 1939 74 Labor management, by Gordon S. Watkins … Chicago &
143 572 136 52 New
313 569 179 67 York,
524 568 72 53 A.
627 569 93 54 W.
754 566 173 56 Shaw
958 583 311 52 company;
1303 565 261 66 London,
1597 563 73 54 A.
1701 564 93 54 W.
1830 563 172 56 Shaw
2037 564 109 53 and

142 666 298 51 company,
471 645 243 69 limited,
747 647 152 52 1928.

211 731 27 41 3
263 742 43 38 p.
365 761 9 16 l.,
400 741 139 35 v-xv,
566 729 86 40 726
677 739 43 38 p.
773 728 169 48 forms,
968 727 180 48 diagrs.
1178 726 48 49 (1
1252 727 144 46 fold.)
1459 726 147 39 21½ᶜᵐ.

214 802 322 41 “References
561 801 79 40 for
663 801 197 39 further
887 799 230 48 reading”
1145 800 52 39 at
1221 799 93 39 end
1340 796 52 41 of
1417 800 125 37 most
1567 795 52 42 of
1645 796 81 40 the
1751 796 241 48 chapters.

145 870 51 52 ©
225 874 127 40 June
378 873 70 46 21,
477 872 141 47 1928;
648 871 67 40 2c.
743 871 120 48 Aug.
892 870 83 46 29;
1007 869 83 42 aff.
1119 870 122 47 Aug.
1269 868 83 47 22;
1383 868 43 39 A
1452 867 232 47 1054170;
1715 868 55 39 A.
1800 868 72 40 W.
1905 867 145 41 Shaw
2080 877 68 30 co.

222 929 281 50 (28-21633)

141 1024 294 63 Watkins,
469 1022 260 55 Richard
763 1021 275 55 Howells.

213 1103 123 52 The
358 1108 210 47 master
592 1100 65 54 of
678 1100 198 67 revels,
898 1099 75 68 by
998 1100 257 52 Richard
1278 1098 256 53 Howells
1556 1097 286 54 Watkins.
1919 1095 230 56 Garden

146 1180 152 68 City,
320 1180 70 53 N.
417 1180 91 67 Y.,
528 1179 144 53 Pub.
698 1178 94 53 for
814 1178 97 53 the
935 1176 191 56 Crime
1150 1178 148 62 club,
1322 1179 127 64 inc.,
1471 1177 75 68 by
1569 1175 360 69 Doubleday,
1953 1176 196 53 Doran

143 1262 45 49 &
219 1276 298 51 company,
549 1257 128 67 inc.,
710 1259 152 51 1928.

212 1341 81 47 vii,
314 1340 87 41 327
422 1352 43 36 p.
526 1340 146 40 19½ᶜᵐ.

145 1409 51 52 ©
224 1413 121 47 Aug.
371 1411 72 49 10,
472 1411 115 41 1928;
644 1411 67 41 2c.
740 1411 96 39 and
865 1410 82 40 aff.
979 1409 128 48 Sept.
1138 1408 56 40 19;
1253 1409 43 39 A
1323 1408 206 41 1053385;
1585 1408 301 47 Doubleday,
1917 1409 169 39 Doran
2115 1408 36 40 &

212 1480 82 37 co.,
322 1469 92 40 inc.
486 1467 282 50 (28-21590)

142 1563 309 64 Wayland,
486 1563 156 53 John
675 1562 246 63 Walter,
958 1561 173 54 1872-

216 1642 300 68 Whispers
547 1640 65 54 of
639 1641 96 53 the
764 1641 155 67 hills,
948 1641 75 67 by
1052 1639 158 54 John
1241 1638 89 55 W.
1360 1638 307 69 Wayland.
1735 1637 139 53 New
1904 1636 250 69 Market,

145 1720 127 67 Va.,
303 1720 122 51 The
457 1718 228 53 Henkel
718 1737 175 49 press,
926 1718 127 67 inc.,
1088 1720 152 50 1928.

214 1802 344 49 104. p. 17 ᶜᵐ .
214 1873 185 40 Poems.

147 1938 52 52 ©
227 1942 120 48 Aug.
377 1941 70 48 25,
477 1941 140 47 1928;
648 1942 68 39 2c.
745 1941 97 39 and
870 1940 82 41 aff.
985 1940 129 48 Sept.
1144 1939 53 47 1;
1229 1940 42 39 A
1300 1938 230 48 1054058;
1563 1939 44 42 J.
1637 1940 72 39 W.
1740 1939 257 48 Wayland,
213 1939 1923 107 Harrisonburg,

517 1997 86 41 Va.
674 1996 282 50 (28-21729)

142 2092 291 63 Webster,
462 2091 194 54 Doris.

210 2169 158 68 Help
395 2168 298 69 yourself!
724 2169 76 68 by
829 2169 173 53 Doris
1030 2169 263 54 Webster
1321 2169 114 52 and
1463 2168 172 69 Mary
1663 2167 192 54 Alden
1883 2167 273 68 Hopkins

203 2246 1513 69 … New York, London, The Century co. [ ᶜ19 28 ]
209 2332 86 40 176
327 2342 44 37 p.
432 2330 147 42 19½ᶜᵐ.
696 2329 130 50 $1.00

145 2399 51 52 ©
229 2403 128 48 Sept.
387 2404 71 46 14,
486 2403 143 47 1928;
660 2402 68 41 2c.
759 2403 97 39 and
885 2401 83 41 aff.
1001 2401 129 49 Sept.
1160 2401 84 47 19;
1276 2401 41 39 A
1347 2401 231 47 1054402;
1613 2401 217 48 Century
1859 2412 69 30 co.

222 2459 282 50 (28-21797)

145 2553 195 65 Wells,
371 2553 186 54 Rhea.

217 2631 93 53 An
341 2631 310 53 American
684 2631 172 69 farm,
886 2631 231 54 written
1149 2632 114 52 and
1295 2631 327 53 illustrated
1653 2630 78 70 by
1761 2631 162 53 Rhea
1953 2631 198 54 Wells.

148 2708 232 56 Garden
427 2709 153 74 City,
622 2710 71 53 N.
737 2709 92 57 Y.,
872 2710 359 68 Doubleday,
1276 2710 201 52 Doran
1521 2710 114 52 and
1680 2726 300 51 company,
2025 2709 129 68 inc.,

152 2791 148 51 1928.

216 2871 28 40 6
272 2882 43 37 p.
382 2902 9 16 l.,
422 2870 87 40 237
540 2881 43 37 p.
616 2869 111 42 incl.
760 2870 144 48 illus.,
936 2871 173 47 plates,
1169 2869 153 41 front.
1382 2869 148 42 20½ᶜᵐ.

146 2936 51 52 ©
230 2941 126 48 Sept.
386 2942 40 47 7,
456 2941 118 40 1928;
629 2941 68 40 2c.
729 2943 95 39 and
856 2940 81 43 aff.
970 2941 129 49 Sept.
1129 2941 55 39 21;
1245 2941 41 39 A
1316 2940 205 42 1054438;
1582 2940 301 49 Doubleday,
1916 2941 168 39 Doran
2116 2941 36 40 &

213 3008 81 37 co.,
326 2998 93 40 inc.
490 2997 281 49 (28-21740)

146 3091 217 64 White,
393 3092 290 53 Newman
714 3094 161 62 Ivey.

140 3169 1991 150 American negro folk-songs, by Newman I. White … Cambridge,
386 3250 277 54 Harvard
690 3250 321 69 university
1039 3268 175 51 press,
1246 3253 152 53 1928.

242 3333 707 50 x p., 2 l., [3]-501 p. 24½ᶜᵐ.
212 3401 234 42 Contains
476 3402 169 42 music.

211 3459 377 49 Bibliography:
623 3470 44 38 p.
703 3459 251 51 [469]-480.

146 3512 51 52 ©
231 3515 126 50 Sept.
387 3518 42 46 1,
458 3516 118 41 1928;
630 3517 68 41 2c.
731 3516 129 49 Sept.
890 3517 28 39 4;
978 3516 82 42 aff.
1094 3516 129 50 Sept.
1254 3517 59 40 10;
1370 3517 44 41 A
1440 3516 206 42 1054187;
1705 3516 260 42 President
1995 3517 37 41 &
211 3517 1920 97 fellows

365 3573 53 41 of
453 3574 234 40 Harvard
721 3575 193 48 college,
954 3573 303 50 Cambridge,
1297 3575 148 40 Mass.
1523 3573 282 50 (28-21279)

142 3665 239 66 Wilson,
418 3667 229 65 Lyman
679 3668 46 52 P
1015 3669 84 55 ed.

213 3743 1875 73 Cases on the law of torts, edited by Lyman P. Wilson …
143 3819 270 67 Chicago,
445 3822 321 64 Callaghan
798 3825 113 51 and
942 3842 301 44 company,
1275 3827 153 51 1928.

211 3905 534 49 xxiii, 1088 p. 26 ᶜᵐ .
146 3955 51 53 ©
226 3960 127 49 Sept.
379 3962 69 49 13,
475 3962 141 49 1928;
643 3963 69 42 2c.
739 3964 96 40 and
862 3963 83 42 aff.
976 3963 129 50 Sept.
1133 3964 82 48 17;
1246 3965 43 40 A
1314 3963 231 50 1054340;
1576 3964 272 50 Callaghan
1876 3964 37 42 &
1939 3976 68 31 co.

224 4017 279 49 (28-21526)
