2498 4384
1029 4086 100 50 561

86 422 349 62 Alexander,
466 421 158 53 Elsie
654 422 78 52 Μ.

211 498 1879 70 … Adventures of Tudie; the story of the field mouse, by
79 577 2011 70 Elsie AI. Alexander … New York, A. L. Burt company
81 660 193 64 [ ᶜ1 928 ]
77 738 1995 107 4 p. l., 119 p. col. front., col. plates. 19½ᶜᵐ. (Her Sunnybrook series)
83 865 53 52 ©
163 870 114 47 Apr.
304 869 69 41 10,
402 869 142 47 1928;
572 871 68 39 2c.
668 870 98 39 and
792 869 83 41 aff.
901 869 116 48 Apr.
1043 870 83 45 14;
1155 869 41 39 A
1223 868 232 48 1069735;
1485 869 56 40 A.
1568 869 53 41 L.
1648 870 126 39 Burt
1801 879 70 30 co.

162 926 283 50 (28-10518)

73 1020 1992 133 … Tabitha Dingle; the story of the famous cat of Sunnybrook
283 1098 1805 70 meadow, by Elsie M. Alexander … New York, A. L.
74 1179 150 52 Burt
252 1196 282 50 company
642 1180 118 64 [ᶜ1928]

74 1260 1997 105 4 p. l., 120 p. col. front., col. plates. 19½ᶜᵐ. (Her Sunnybrook series )
82 1386 53 53 ©
158 1390 116 48 Apr.
300 1390 68 48 10,
397 1390 143 47 1928;
567 1390 69 41 2c.
664 1390 96 40 and
786 1389 85 42 aff.
896 1391 115 46 Apr.
1038 1391 83 45 14;
1150 1390 42 39 A
1218 1390 233 47 1069732;
1482 1392 55 40 A.
1565 1391 52 42 L.
1645 1392 128 40 Burt
1797 1402 71 31 co.

159 1447 258 50 (28-10519
427 1449 15 48 )

71 1542 188 63 Allen,
290 1541 195 65 Philip
519 1541 307 65 Schuyler,
861 1542 174 53 1871-

140 1635 56 52 A
239 1634 129 53 first
410 1633 253 56 German
706 1652 310 51 grammar,
1058 1633 77 70 by
1179 1634 204 69 Philip
1431 1632 281 71 Schuyler
1753 1634 174 53 Allen
1973 1636 115 53 and

70 1712 2017 69 Paul Hermann Phillipson … Boston, New York [etc.] Ginn
70 1791 113 53 and
216 1810 284 51 company
610 1793 100 51 [ᶜ1928]

139 1875 99 48 xix,
268 1876 99 47 431,
396 1876 72 47 23,
495 1876 29 39 4
552 1887 44 37 p.
655 1875 119 41 19ᶜᵐ.

79 1942 2006 53 © Feb. 28, 1928: 2c. Apr. 19; aff. Apr. 18; A 1069818; P . S. Allen and
150 2004 123 39 Paul
318 2004 256 39 Hermann
618 2001 285 49 Phillipson,
951 2002 226 48 Chicago.
1272 1997 53 53 [©
1371 2013 109 31 new
1524 2003 202 49 chapter
1775 2004 312 42 “Inflections

146 2061 97 40 and
279 2060 242 49 principal
557 2062 138 47 parts
732 2059 52 42 of
818 2059 189 50 verbs”]
1080 2059 284 49 (28-10887)

70 2156 317 53 American
422 2155 389 65 engineering
840 2154 245 55 council.

146 2247 207 72 Safety
380 2249 115 53 and
524 2247 373 70 production;
929 2267 74 34 an
1031 2247 374 70 engineering
1434 2248 114 53 and
1578 2248 307 55 statistical
1914 2249 172 70 study

71 2326 66 55 of
167 2327 96 54 the
294 2326 380 70 relationship
706 2326 251 54 between
991 2325 312 54 industrial
1336 2325 193 72 safety
1562 2326 115 54 and
1708 2326 375 70 production;

71 2426 33 34 a
129 2412 196 64 report
348 2406 79 69 by
451 2406 97 54 the
572 2405 309 54 American
908 2405 375 70 engineering
1307 2405 240 54 council.
1611 2407 140 53 New
1779 2406 165 54 York
1971 2408 115 54 and

70 2485 261 68 London,
360 2486 238 68 Harper
626 2486 47 52 &
703 2484 279 68 brothers,
1017 2487 150 52 1928.

139 2567 778 50 5 p. l., 414 p. diagrs. 24ᶜᵐ.
140 2639 165 41 “First
331 2637 232 43 edition.”

140 2697 119 41 This
288 2697 148 47 study
465 2707 102 30 was
596 2697 144 39 made
768 2696 62 48 by
860 2696 85 41 the
974 2695 292 42 Committee
1295 2707 62 30 on
1387 2696 165 49 safety
1583 2698 97 39 and
1711 2697 290 49 production
2032 2698 54 41 of

70 2754 84 42 the
179 2754 263 41 American
467 2753 316 49 engineering
808 2753 188 41 council
1026 2755 52 39 at
1105 2753 84 41 the
1217 2756 198 46 request
1443 2754 52 41 of
1523 2754 82 41 the
1634 2753 233 42 National
1897 2755 187 41 bureau

71 2812 52 40 of
153 2812 225 47 casualty
408 2812 97 40 and
538 2813 169 46 surety
739 2811 368 41 underwriters,
1167 2811 63 49 cf.
1263 2811 504 49 Acknowledgments.

77 2879 53 53 ©
160 2884 116 48 Apr.
305 2883 69 48 13,
406 2883 119 40 1928
540 2893 8 37 ;
580 2883 70 42 2c.
679 2882 116 49 Apr.
825 2884 56 38 12
899 2893 9 37 ;
942 2882 84 41 aff.
1056 2882 115 49 Apr.
1203 2882 84 48 16;
1321 2882 42 40 A
1393 2882 205 42 1068926
1615 2893 10 38 ;
1659 2884 196 49 Harper
1887 2884 37 40 &
1954 2884 128 42 bros.

155 2939 283 51 (28-10601)

73 3033 381 65 Armstrong,
489 3033 225 54 Martin
749 3033 421 65 Donisthorpe,
1209 3037 173 50 1882-

139 3123 313 72 Laughing
468 3143 11 49 ;
510 3143 72 34 an
613 3143 178 51 essay,
818 3123 74 71 by
920 3123 225 54 Martin
1171 3122 369 72 Armstrong.
1605 3124 140 54 New
1776 3125 166 54 York
1971 3126 110 54 and

68 3204 261 69 London,
351 3204 238 68 Harper
612 3205 52 52 &
687 3202 281 69 brothers,
994 3205 152 52 1928.

139 3285 1948 50 4 p. l., 87 p. col. front, (port.) 19½ᶜᵐ. (Lettered on cover: The
71 3344 249 49 pleasures
345 3343 53 41 of
421 3342 90 42 life
535 3341 178 50 series)

78 3398 52 52 ©
163 3403 114 47 Apr.
308 3403 40 47 5,
380 3401 143 47 1928;
557 3402 68 39 2c.
658 3401 115 48 Apr.
806 3400 52 48 5;
894 3400 83 42 aff.
1010 3401 115 47 Apr.
1158 3402 52 46 7;
1245 3401 44 39 A
1319 3401 231 47 1069655;
1587 3403 64 39 M.
1685 3403 58 40 D.
1776 3403 305 49 Armstrong,

145 3460 213 40 London.
430 3458 282 50 (28-10728)

68 3553 228 63 Balzac,
333 3554 239 52 Honore
605 3552 89 63 de,
734 3552 325 53 1799-1850.

202 3631 1879 73 … Droll stories, edited by Ernest Boyd, illustrated by
68 3709 2014 74 Ralph Barton … New York, Pub. for subscribers only by
69 3791 150 54 Boni
250 3793 46 51 &
320 3790 324 70 Liveright,
675 3792 150 50 1928.

138 3875 27 39 2
194 3885 42 29 V.
310 3873 177 41 fronts,
515 3871 200 51 (ports.)
752 3873 174 47 plates.
985 3870 148 42 25½ᶜᵐ.

141 3931 147 41 “This
325 3930 185 41 edition
549 3930 53 41 of
637 3931 137 39 Droll
813 3928 177 42 stories
1028 3928 52 40 of
1117 3929 181 39 Balzac
1335 3928 48 39 in
1424 3930 95 40 two
1556 3931 218 40 volumes
1812 3931 42 41 is
1889 3931 192 43 limited

69 3992 50 39 to
152 3990 131 49 2,050
315 3989 266 40 numbered
613 3990 113 46 sets,
762 3987 194 50 printed
992 3986 128 41 from
1155 3989 114 46 type
1302 3998 59 29 on
1395 3986 178 51 special
1611 4000 150 39 paper
1795 3990 119 45 with
1949 3991 131 46 illus-
