2498 4384
0 0 0 0 642
361 499 2001 109 vi, 216 p., 1 l. incl. illus., maps. 26ᶜᵐ. (Lettered on cover: Social geography series)
435 617 134 40 “List
592 617 52 40 of
669 615 302 41 references”
989 625 10 29 :
1027 625 44 37 p.
1096 615 100 40 209.

373 670 52 52 ©
455 674 114 47 Apr.
601 672 68 48 16,
701 672 115 40 1928;
874 673 69 39 2c.
974 673 97 38 and
1101 671 82 41 aff.
1215 672 115 47 Apr.
1360 672 56 39 23;
1477 671 42 38 A
1548 669 204 41 1074086;
1813 669 217 40 William
2063 670 60 39 H.
2159 669 204 41 Sadlier.

451 730 279 49 (28-11554)

362 825 185 62 Buell,
580 824 309 63 Raymond
923 822 211 54 Leslie.

436 899 1870 70 The native problem in Africa, by Raymond Leslie Buell …
365 981 140 52 New
530 980 179 67 York,
732 980 121 52 The
877 979 337 52 Macmillan
1240 997 297 50 company,
1565 981 150 50 1928.

437 1062 26 38 2
520 1094 8 7 v.
579 1062 102 39 fold.
720 1061 164 47 front.,
907 1072 151 37 maps,
1084 1061 156 40 tables
1273 1060 50 47 (1
1346 1060 145 48 fold.)
1550 1061 146 39 24½ᶜᵐ.

439 1118 253 40 Half-title
709 1129 9 28 :
750 1118 197 39 Bureau
977 1118 53 40 of
1055 1117 354 40 international
1439 1118 240 46 research,
1710 1117 231 40 Harvard
1971 1115 272 49 university
2276 1117 94 40 and

368 1175 241 40 Radcliffe
634 1176 193 46 college.

441 1232 276 40 “Problems
748 1231 160 40 which
937 1232 125 39 have
1092 1231 164 40 arisen
1287 1234 85 37 out
1403 1231 53 40 of
1486 1232 82 39 the
1599 1229 182 49 impact
1814 1229 52 41 of
1897 1229 248 49 primitive
2179 1232 193 47 peoples

367 1289 123 40 with
516 1299 63 29 an
604 1288 265 40 industrial
896 1287 329 41 civilization”
1253 1288 50 39 in
1330 1288 203 47 French,
1563 1287 190 40 British
1781 1288 95 39 and
1905 1286 206 49 Belgian
2138 1286 233 49 territory

366 1347 96 39 and
486 1345 207 41 Liberia.

439 1402 349 49 Bibliography
806 1413 9 29 :
840 1414 44 29 v.
907 1403 41 47 2,
972 1413 44 37 p.
1038 1401 248 41 983-1049.

374 1456 53 52 ©
454 1461 113 47 Apr.
593 1461 70 46 24,
691 1460 141 47 1928;
860 1460 68 40 2c.
955 1459 119 42 each
1101 1460 96 39 and
1224 1459 84 42 aff.
1335 1459 114 48 Apr.
1476 1459 83 47 25;
1588 1458 42 40 A
1656 1458 229 46 1074160;
1917 1460 198 38 Bureau
2144 1458 51 41 of
445 1459 1904 98 internati.
591 1517 226 40 research
843 1516 52 41 of
920 1517 231 39 Harvard
1178 1516 131 41 univ.
1336 1516 37 40 &
1399 1515 242 41 Radcliffe
1668 1516 191 47 college,
1889 1515 303 48 Cambridge,
2221 1517 146 40 Mass.

452 1574 281 49 (28-11639)

367 1669 249 62 Burton,
646 1667 272 54 Beatrice
947 1668 219 63 Payne,
1200 1671 172 49 1894-

436 1745 1937 70 Money love, by Beatrice Burton … New York, Grosset &
366 1825 237 67 Dunlap
634 1828 193 63 [ᶜ1928]

439 1905 545 49 2 p. l., 372 p. 19½ᶜᵐ.
374 1959 53 52 ©
454 1964 114 47 Apr.
596 1964 70 46 25,
696 1964 116 40 1928;
867 1964 68 40 2c.
963 1964 114 47 Apr.
1106 1964 58 40 30;
1220 1963 83 41 aff.
1333 1963 114 48 Apr.
1476 1964 56 39 27;
1590 1963 42 40 A
1660 1964 204 40 1074216;
1922 1964 227 40 Beatrice
2179 1967 189 38 Burton

443 2022 217 47 Morgan,
695 2020 275 41 Cleveland.
1045 2020 281 48 (28-11532)

371 2100 242 63 Calisse,
645 2100 189 63 Carlo,
868 2104 169 49 1859-

498 2179 1870 69 … A history of Italian law, by Carlo Calisse … translated
366 2258 2005 148 by Laidon B. Register … with introductions by Frederick Parker Walton and Hessel E. Yntema … Boston, Little, Brown,
367 2416 113 52 and
508 2434 297 50 company,
834 2419 151 49 1928.

435 2499 83 46 lix,
545 2498 84 40 827
655 2509 44 36 p.
751 2498 117 40 24ᶜᵐ.
931 2499 126 48 (The
1081 2499 314 41 Continental
1417 2500 128 47 legal
1568 2499 191 49 history
1783 2500 165 48 series,
1973 2501 110 47 pub.
2110 2501 152 39 under
2287 2502 82 39 the

366 2556 222 47 auspices
616 2556 52 40 of
694 2557 83 38 the
803 2556 309 40 Association
1140 2556 52 40 of
1217 2556 258 40 American
1504 2559 95 38 law
1625 2558 203 40 schools.
1886 2577 57 29 [v.
1969 2558 69 48 8])

440 2613 133 40 “List
600 2613 52 40 of
676 2614 159 39 works
860 2613 283 48 frequently
1167 2613 158 41 cited”
1344 2625 8 28 :
1379 2625 42 37 p.
1448 2614 82 40 lix.

375 2665 53 53 ©
461 2670 114 48 Apr.
607 2671 70 47 25,
711 2670 117 40 1928;
888 2671 67 39 2c.
990 2672 96 38 and
1120 2671 82 41 aff.
1236 2671 115 48 Apr.
1384 2671 57 40 26;
1503 2672 41 38 A
1577 2671 204 40 1069940;
1845 2672 162 48 Little,
2043 2673 193 47 Brown,
2272 2675 96 38 and

444 2737 248 38 company.
764 2726 280 50 (28-11559)

367 2808 202 62 Carco,
603 2807 264 63 Francis,
902 2811 171 49 1886-

437 2886 123 52 The
593 2885 111 53 last
740 2885 295 68 Bohemia,
1071 2885 152 53 from
1259 2886 382 54 Montmartre
1674 2893 59 47 to
1767 2888 96 53 the
1899 2888 272 64 Quartier
2206 2889 164 69 latin,

365 2963 77 69 by
470 2963 240 53 Francis
742 2962 208 68 Carco;
982 2964 318 53 translated
1328 2964 77 68 by
1434 2964 321 55 Madeleine
1785 2967 194 68 Boyd;
2013 2966 356 57 decoration?

365 3040 78 69 by
477 3040 278 70 Carlègle.
829 3041 141 53 New
1004 3041 180 68 York,
1216 3041 78 53 H.
1327 3042 149 53 Holt
1507 3043 112 53 and
1653 3062 281 51 company
2012 3048 152 64 [ᶜ1928]

435 3124 1351 50 4 p. l., 3-297 p. front., illus., plates, ports. 21ᶜᵐ.
437 3182 289 39 Illustrated
758 3181 363 48 lining-papers.

376 3232 53 52 ©
455 3238 113 46 Apr.
595 3237 68 46 16,
690 3237 114 40 1928;
859 3238 68 39 2c.
952 3237 114 47 Apr.
1092 3238 57 38 24
1167 3248 8 29 :
1205 3237 84 41 aff.
1314 3237 114 49 Apr.
1454 3238 57 40 25;
1567 3239 41 39 A
1633 3239 230 48 1074136;
1894 3241 169 48 Henry
2090 3242 120 40 Holt
2238 3243 35 40 &
2300 3254 67 30 co.

458 3294 280 48 (28-11511)

368 3372 277 63 Cardozo,
684 3372 317 64 Benjamin
1041 3373 265 63 Nathan,
1346 3374 172 54 1870-

440 3451 121 52 The
600 3451 317 68 paradoxes
956 3450 66 54 of
1058 3452 150 68 legal
1248 3452 230 68 science,
1516 3453 77 69 by
1632 3454 309 69 Benjamin
1980 3456 70 53 N.
2095 3457 273 55 Cardozo.

367 3528 140 52 New
532 3527 180 68 York,
738 3527 298 54 Columbia
1062 3529 319 69 university
1406 3549 175 51 press,
1609 3536 150 50 1928.

369 3609 2000 107 v, 142 p., 1 l. 20½ᶜᵐ. (Half-title: Columbia university lectures. James S. Carpentier foundation)
716 3724 415 41 CONTENTS.—Introduction.
1190 3726 120 40 Rest
1339 3727 96 39 and
1451 3726 197 42 motion.
1711 3728 231 49 Stability
1959 3731 97 39 and
2073 3741 299 38 progress.—

368 3778 104 40 The
505 3779 227 47 meaning
765 3780 51 39 of
849 3781 193 46 justice.
1106 3782 101 40 The
1244 3782 186 41 science
1465 3784 52 39 of
1551 3786 347 40 values.—The
1934 3787 347 48 equilibration
2318 3789 52 41 of

367 3834 246 41 interests.
675 3836 157 40 Cause
863 3838 96 39 and
990 3837 157 42 effect.
1208 3839 103 40 The
1343 3839 274 41 individual
1650 3843 96 39 and
1781 3843 196 47 society.
2039 3844 200 49 Liberty
2273 3846 95 40 and

368 3893 589 48 government.—Liberty
984 3896 96 39 and
1102 3899 329 41 government.
1487 3897 304 43 Conclusion.

375 3944 53 53 ©
457 3949 115 48 Apr.
601 3948 39 49 9,
670 3950 114 42 1928;
842 3951 67 41 2c.
940 3953 95 39 and
1064 3952 83 44 aff.
1177 3953 114 49 Apr.
1322 3955 54 38 11;
1436 3956 40 39 A
1506 3955 203 42 1068882;
1769 3957 251 42 Columbia
2052 3958 130 42 univ.
2215 3970 149 38 press,

454 4006 280 51 (28-11455)
