2498 4384
1283 4086 100 52 896

464 555 8 16 xv,
502 523 85 40 302
620 534 42 37 p.
722 523 163 49 front.,
917 525 171 47 plates,
1120 534 128 37 map.
1311 523 115 41 18ᶜᵐ.

331 589 52 52 ©
413 594 126 39 June
567 594 39 48 6,
636 593 114 40 1928;
806 594 68 40 2c.
905 595 126 39 June
1059 595 81 46 11;
1173 594 83 40 aff.
1288 594 126 39 June
1444 593 51 47 8;
1528 593 41 39 A
1598 593 229 46 1077707;
1860 594 267 46 Houghton
2156 592 169 39 Mifflin

397 661 68 29 co.

321 744 233 64 Uebele,
590 745 247 64 Gustav,
872 747 51 52 d.
961 749 149 49 1914.

392 824 411 53 Handlexikon
847 825 99 52 der
987 823 427 53 tierärztlichen
1455 822 214 69 praxis,
1709 842 111 33 von
1859 822 153 69 prof.
2054 824 83 51 dr.
2180 824 143 51 med.

328 901 1941 68 vet. Gustav Uebele. 4. aufl. Bearb. von prof. dr. R. Klett …
333 980 1996 69 [Und] veterinärrat dr. R. Metzger … 2. bd. Ulm, J. Ebner,
327 1058 151 54 1927.

393 1156 823 50 2 p. l., [561]-1315, [1] p. 22ᶜᵐ.
330 1222 1880 53 © June 15, 1927; 1c. Mar. 14, 1928; A—Foreign 38093; J. Ebner.
323 1335 70 54 U.
423 1336 56 53 S.
555 1337 185 67 Laws,
766 1342 239 47 statutes,
1050 1342 98 46 etc.

394 1414 220 54 United
651 1413 188 56 States
876 1414 152 54 Code
1061 1415 327 52 annotated.
1460 1413 392 54 Constitution
1887 1413 62 53 of
1982 1415 96 51 the
2113 1414 216 53 United

327 1491 188 56 States
566 1492 364 70 (annotated)
1014 1493 335 52 Annotated
1387 1492 153 53 from
1573 1494 96 51 the
1705 1493 266 67 opinions
2007 1492 65 52 of
2110 1492 219 53 federal

322 1570 1981 148 and state courts, pts. 1, 2 … St. Paul, Minn., West publishing
449 1668 308 50 company;
784 1650 342 67 Northport,
1148 1650 166 68 Long
1337 1650 220 66 Island,
1581 1650 68 52 N.
1680 1650 91 67 Y.,
1796 1650 254 52 Edward
323 1651 1980 130 Thompson
452 1746 299 50 company,
782 1731 148 50 1928.

395 1812 31 39 2
453 1823 43 29 v.
555 1811 117 40 24ᶜᵐ.

666 1881 1661 50 CONTENTS.—pt. l. Article 1 to article 1, §9.—pt. 2. Article 1, §10 to
322 1940 323 40 Amendment
677 1939 70 40 13.

325 2013 66 45 pt.
415 2012 40 46 1,
483 2006 52 52 ©
559 2010 114 48 Apr.
699 2011 69 47 12,
793 2010 140 44 1928;
961 2013 66 45 pt.
1051 2010 40 48 2,
1121 2006 51 51 ©
1198 2010 116 47 Apr.
1338 2010 83 46 25;
1448 2010 69 41 2c.
1543 2011 118 38 each
1688 2011 126 39 June
1841 2010 81 47 16;
1952 2010 109 41 affs.
2089 2012 126 39 June
2241 2012 82 46 15;

395 2068 43 39 A
474 2067 217 48 1082074,
730 2067 228 47 1082075;
998 2068 136 41 West
1170 2068 110 47 pub.
1320 2078 81 37 co.,
1440 2068 96 38 and
1575 2068 213 39 Edward
1824 2068 279 47 Thompson
2140 2079 67 29 co.

389 2190 219 54 United
623 2190 188 55 States
824 2190 153 54 Code
1001 2191 325 52 annotated.
1379 2191 121 51 The
1523 2190 133 52 code
1678 2189 64 53 of
1763 2192 137 51 laws
1922 2190 63 53 of
2006 2192 99 51 the
2113 2191 217 53 United

329 2267 188 55 States
548 2269 57 51 in
637 2267 155 54 force
819 2269 309 51 December
1156 2267 48 67 7,
1239 2272 150 62 1925,
1419 2287 59 34 as
1505 2270 232 51 enacted
1765 2269 75 68 by
1871 2268 281 69 Congress
2179 2270 151 53 June

325 2347 2006 70 28 and approved June 30, 1926 … Title 28. Judicial code and
326 2425 290 69 judiciary
645 2425 167 69 §§721
840 2431 58 46 to
926 2425 113 54 879.
1106 2425 81 54 St.
1216 2427 167 54 Paul,
1406 2427 204 56 Minn.,
1634 2428 161 52 West
1822 2426 336 70 publishing
326 2448 1981 125 company;

536 2505 341 67 Northport,
900 2505 166 68 Long
1090 2505 220 68 Island,
1335 2506 68 51 N.
1432 2505 89 63 Y.,
1548 2506 253 52 Edward
1828 2506 330 67 Thompson
325 2525 1982 128 company,
531 2586 149 49 1928.

394 2667 26 39 3
452 2678 43 29 v.
555 2667 116 39 24ᶜᵐ.

330 2733 52 52 ©
406 2739 115 46 May
543 2738 40 47 2,
607 2739 40 45 4,
672 2738 39 47 8,
736 2738 140 45 1928;
902 2738 67 40 2c.
995 2739 118 40 each
1139 2739 128 39 June
1291 2739 81 45 16;
1400 2738 108 41 affs.
1534 2740 127 40 June
1684 2738 82 48 15;
1793 2740 41 39 A
1858 2739 467 49 1082071-1082073;

401 2795 135 39 West
564 2796 94 47 pub
690 2806 94 36 .co.,
814 2797 96 38 and
939 2796 212 39 Edward
1178 2796 278 50 Thompson
1483 2807 54 31 co.

322 2888 254 63 Venner,
607 2889 285 53 Norman.

395 2968 121 52 The
548 2986 216 35 careers
795 2968 64 52 of
891 2969 267 51 Bertram
1190 2969 373 69 Barrington,
1630 2988 88 35 no.
1753 2970 46 54 7.
1831 2971 200 52 Pearls
2062 2969 267 54 before—

406 3051 83 47 (In
520 3047 321 53 Story-teller
873 3048 276 53 magazine,
1181 3048 144 53 June,
1360 3049 144 52 1928)

331 3117 1980 104 © 1c. July 10, 1928; A ad int. 11390; pubd. May 14; N. Venner, London.
329 3273 285 63 Voltaire,
655 3274 283 54 François
976 3274 188 54 Marie
1205 3276 229 54 Arouet
1475 3278 88 62 de,
1607 3278 325 53 1694-1778.

325 3352 1979 131 Candide [ by] Jean Francois Marie Arouet de Voltaire, illustrated
541 3431 76 69 by
642 3432 289 52 Rockwell
958 3433 172 52 Kent.
1194 3433 140 52 New
1362 3435 180 67 York,
1570 3435 264 53 Random
1861 3435 190 67 house,
2083 3439 149 49 1928.

484 3544 8 16 111,
528 3514 54 48 [1]
614 3524 44 37 p.
719 3513 129 41 illus.
906 3514 118 42 29ᶜᵐ.

399 3570 93 40 “Of
529 3570 100 40 this
665 3570 108 40 first
808 3571 124 40 book
972 3571 118 41 with
1128 3572 203 48 imprint
1371 3573 51 40 of
1461 3574 222 40 Random
1721 3575 151 40 house
1911 3575 114 39 1470
2066 3576 262 40 numbered

325 3626 161 48 copies
526 3637 86 29 are
650 3627 195 47 printed
886 3639 61 29 on
989 3629 65 39 all
1097 3639 86 38 rag
1225 3629 190 40 French
1456 3641 149 38 paper
1647 3632 96 40 and
1785 3632 56 40 95
1883 3633 226 39 coloured
2152 3633 48 38 in
2244 3633 84 40 the

327 3683 163 40 studio
525 3683 54 40 of
610 3683 82 42 the
726 3684 162 41 artist.
951 3685 146 41 Hand
1133 3690 73 38 set
1242 3685 49 40 in
1328 3689 111 46 type
1474 3688 230 48 designed
1740 3690 60 46 by
1836 3689 185 39 Lucian
2058 3689 269 46 Bernhard,

331 3741 279 46 paragraph
640 3740 195 48 designs
862 3741 61 47 by
954 3741 246 41 Rockwell
1229 3743 158 47 Kent;
1418 3744 117 39 both
1565 3747 105 37 cast
1700 3746 60 45 by
1791 3746 83 39 the
1905 3746 280 39 Bauersche
2214 3745 120 48 gies-

326 3796 139 48 serei,
506 3797 283 41 Frankfort.
856 3798 101 40 The
995 3799 321 49 composition
1354 3802 95 39 and
1489 3813 137 36 press
1665 3803 135 39 work
1838 3804 268 46 completed
2146 3804 61 46 by
2247 3803 81 40 the

328 3853 1832 52 Pynson printers in the month of April MCMXXVIII … New York.”
397 3909 348 49 Autographed
775 3913 60 45 by
867 3912 81 40 the
977 3913 161 41 artist.

334 3962 53 52 ©
414 3967 114 48 May
552 3967 40 48 8,
618 3967 140 47 1928;
787 3969 67 41 2c.
879 3971 115 47 May
1019 3970 81 48 10;
1130 3970 82 42 aff.
1240 3972 126 40 June
1391 3973 52 47 1;
1471 3972 43 43 A
1540 3973 230 48 1074987;
1800 3974 221 40 Random
2047 3974 163 44 house,
2238 3973 91 41 inc.

423 4020 51 51 [©
504 4024 342 51 illustrations]
920 4028 279 47 (28-15040)
