2498 4384
1305 4081 102 56 700

439 524 374 48 Bibliography:
845 536 42 36 p.
933 525 85 40 [529]-
1083 526 68 39 544
1171 538 8 32 :
1212 526 410 48 “Contemporary
1651 529 204 39 authors
1883 528 235 48 quoted”:
2149 541 42 36 p.
366 529 2004 92 [545]-549.

369 647 52 51 ©
447 652 114 47 Apr.
585 652 69 45 26,
682 652 140 42 1928:
849 653 68 40 2c.
944 655 95 37 and
1066 653 83 41 aff.
1175 654 115 47 Apr.
1316 654 83 46 30;
1428 654 40 39 A
1495 654 203 40 1074267
1716 666 8 34 ;
1756 655 215 48 Century
1999 666 68 31 co.

448 709 279 48 (28-12181)

364 803 257 62 Shastri,
648 804 240 52 Prabhu
917 805 171 59 Dutt,
1120 808 171 48 1885-

434 881 119 52 The
598 882 290 52 essentials
931 881 64 52 of
1036 887 222 48 eastern
1301 882 364 70 philosophy,
1707 884 172 68 being
1920 889 112 46 two
2077 884 289 53 addresses

362 959 288 52 delivered
691 960 60 51 in
792 960 94 51 the
930 960 339 68 University
1310 960 64 52 of
1416 962 253 51 Toronto
1711 967 59 46 at
1809 962 96 51 the
1947 962 421 67 philosophical

361 1036 2006 69 conference, 1922, by Prabhu Dutt Shastri … with a foreword
361 1114 1983 147 by Sir Robert Falconer … New York, The Macmillan company, 1928.
466 1275 932 49 x p., 2 l., 104 p. front. (port.) 19½ᶜᵐ.
365 1342 52 52 ©
450 1347 114 46 May
595 1347 39 46 1,
666 1345 114 41 1928
798 1357 9 35 ;
838 1346 69 40 2c.
938 1347 95 38 and
1065 1346 82 40 aff.
1180 1347 114 46 May
1324 1347 26 38 2
1369 1357 8 36 ;
1411 1347 41 38 A
1483 1346 202 41 1074305
1703 1358 9 36 ;
1747 1348 50 40 P.
1829 1348 57 40 D.
1921 1348 208 41 Shastri.
2162 1349 202 49 Lahore,

437 1403 156 39 India.
665 1402 281 48 (28-12026)

364 1495 231 63 Singer,
624 1494 248 54 Charles
898 1495 240 63 Joseph,
1171 1495 172 53 1876-

433 1575 53 51 A
517 1576 160 53 short
708 1575 221 68 history
960 1574 64 52 of
1052 1574 297 60 medicine,
1380 1575 370 69 introducing
1781 1576 241 52 medical
2055 1578 311 67 principles

360 1654 1942 70 to students and non-medical readers, by Charles Singer …
361 1732 249 61 Oxford,
639 1733 121 51 The
793 1731 323 54 Clarendon
1148 1750 175 49 press,
1355 1735 150 50 1928.

429 1814 130 47 xxiv,
588 1814 85 40 368
703 1825 43 37 p.
774 1814 110 41 incl.
910 1814 165 48 front.,
1103 1814 144 47 illus.,
1276 1814 180 48 diagrs.
1516 1814 55 41 21ᶜᵐ.

363 1881 2001 53 © 1c. May 2, 1928; A ad int. 11001; pubd. Apr. 19; Oxford university
430 1952 149 37 press,
612 1942 258 40 American
902 1942 197 42 branch.
1131 1942 118 40 New
1281 1942 145 39 York.
1497 1941 281 50 (28-12785)

357 2035 216 61 Smith,
604 2035 116 64 Jay
750 2035 278 53 Braisted
1060 2036 139 61 Roe,
1236 2039 172 48 1869-
1588 2036 84 52 ed.

426 2116 139 50 New
604 2115 164 52 York
804 2115 137 52 laws
980 2114 273 69 affecting
1288 2115 254 52 business
1581 2116 412 66 corporations,
2031 2116 335 66 containing

355 2193 93 52 the
492 2193 269 52 Business
802 2193 393 67 corporations
1238 2193 127 66 law,
1405 2194 96 51 the
1542 2192 246 55 General
1830 2193 366 67 corporation
2236 2193 128 65 law,

355 2272 98 51 the
491 2271 175 54 Stock
701 2271 365 67 corporation
1103 2272 128 65 law,
1267 2272 95 51 the
1397 2271 390 67 Membership
1824 2270 393 68 corporations
2255 2272 108 50 law

354 2350 115 53 and
507 2368 304 34 numerous
850 2350 226 53 articles
1116 2350 112 53 and
1272 2350 240 53 sections
1552 2348 65 54 of
1658 2349 164 53 other
1861 2349 264 68 chapters
2167 2348 64 54 of
2268 2350 95 52 the

354 2428 409 54 Consolidated
796 2428 155 67 laws,
982 2429 252 68 relating
1260 2436 59 45 to
1348 2429 254 52 business
1633 2429 409 67 corporations.
2120 2429 244 52 Revised

356 2513 57 46 to
443 2507 174 67 April
646 2507 49 66 7,
728 2510 150 49 1928.
946 2508 96 50 9th
1074 2508 84 51 ed.
1224 2507 56 53 J.
1312 2508 66 50 B.
1410 2508 67 51 R.
1511 2506 209 68 Smith,
1749 2507 200 52 editor.
2014 2507 140 52 New
2184 2507 179 65 York,

356 2586 248 61 Albany,
636 2586 218 53 United
891 2585 186 54 States
1111 2586 367 66 corporation
1511 2603 282 51 company
1903 2588 100 48 [ᶜ1928]

423 2667 724 49 2 p. l., iii-xxxii, 451 p. 23ᶜᵐ.
359 2734 51 52 ©
444 2740 114 46 May
587 2739 40 47 2,
659 2738 114 40 1928
792 2749 8 35 ;
833 2739 68 40 2c.
933 2739 115 47 May
1079 2739 26 39 5
1122 2749 9 35 ;
1165 2738 84 40 aff.
1281 2739 114 47 May
1424 2739 28 38 4
1469 2749 9 35 ;
1513 2738 42 39 A
1585 2737 206 41 1074350
1806 2748 9 36 ;
1850 2737 181 41 United
2067 2737 162 41 States
427 2747 1915 97 corporation
679 2806 67 30 co.
820 2795 281 49 (28-12527)

355 2889 216 63 Smith,
607 2889 291 54 Matthew
933 2889 35 53 J
1259 2889 88 54 W.

425 2967 287 52 Practical
755 2967 248 59 ascetics,
1046 2966 93 52 for
1182 2966 96 52 the
1317 2984 95 34 use
1454 2966 64 52 of
1559 2965 393 66 seminarians,
1992 2964 244 60 novices,
353 2983 1982 131 religious,
626 3045 224 67 priests,
896 3044 112 52 and
1052 3045 96 51 the
1192 3043 164 69 laity,
1400 3043 77 69 by
1520 3045 96 50 the
1660 3044 138 51 Rev.
1843 3043 280 52 Matthew
2168 3043 55 51 J.
2269 3042 90 53 W.

355 3120 2003 67 Smith … St. Louis, Mo., and London, B. Herder book co.,
356 3204 149 49 1928.

423 3284 81 46 vii,
535 3283 84 40 193
649 3294 44 37 p.
754 3283 56 39 19ᶜᵐ.

358 3336 51 52 ©
441 3341 114 47 May
581 3341 41 45 4,
651 3339 117 40 1928
783 3349 8 36 ;
822 3339 68 40 2c.
919 3339 96 39 and
1045 3337 82 41 aff.
1158 3338 114 47 May
1300 3338 26 39 7
1345 3348 8 35 ;
1385 3337 40 39 A
1455 3337 203 40 1074387
1676 3348 8 36 ;
1717 3338 56 40 B.
1804 3338 190 39 Herder
2024 3337 124 39 book
2177 3347 67 30 co.

438 3396 280 49 (28-12567)

353 3490 351 62 Sparkman,
740 3489 197 63 Colley
969 3489 338 59 Fredward,
1343 3491 171 49 1885-

427 3569 367 66 Elementary
833 3567 245 68 English
1116 3567 198 51 reader
1353 3565 93 53 for
1486 3565 559 68 Spanish-speaking
2081 3564 275 66 students,

355 3640 1998 73 by Colley F. Sparkman … Boston, New York [etc.] D. C.
354 3723 194 51 Heath
581 3723 113 51 and
725 3739 281 51 company
1085 3724 151 64 [ᶜ1928]

422 3805 64 43 xi,
515 3804 86 40 228
630 3813 44 38 p.
734 3804 128 40 illus.
925 3803 56 40 19ᶜᵐ.

423 3862 138 46 Maps
590 3871 61 29 on
677 3860 364 48 lining-papers.

424 3917 232 40 Contains
686 3917 167 40 music.

357 3970 51 53 ©
435 3975 113 47 Apr.
574 3975 68 46 17,
670 3973 116 41 1928
800 3986 9 33 ;
837 3974 67 40 2c.
930 3975 113 47 Apr.
1068 3973 57 41 27
1143 3986 8 35 ;
1180 3973 84 41 aff.
1289 3973 114 48 Apr.
1430 3973 55 40 26
1503 3983 9 36 ;
1540 3972 42 40 A
1606 3972 204 41 1069974
1827 3983 9 36 ;
1866 3971 57 42 D.
1952 3971 49 42 C.
2028 3972 165 40 Heath
2221 3972 35 40 &
2280 3982 68 30 co.

435 4030 279 50 (28-12107)
