2498 4384
1025 4113 100 49 849

59 442 223 62 Amico,
312 440 181 56 Silvio
523 441 33 50 d’

52 508 1982 158 … Scoperta dell’ America cattolica (note al Congresso eucaristico di Chicago) Firenze, R. Bemporad & figlio [ ᶜ1 927]
124 692 404 51 192 p., 1 l. 20 ᶜᵐ.
61 753 1998 63 © Aug. 15, 1927; 1c. Sept. 24; A— Foreign 36859; Ft. Bemporad e f°.
140 821 281 51 (28-14789)

61 916 412 69 [Asbjörnsen,
506 916 176 51 Peter
717 911 299 69 Christen]
1058 913 326 51 1812-1885.

123 996 141 51 East
296 993 64 53 of
390 992 96 54 the
519 1011 104 34 sun
656 994 45 49 &
733 995 138 53 west
901 989 64 54 of
996 990 96 52 the
1123 1008 187 48 moon,
1344 987 325 54 illustrated
1701 987 75 68 by
1808 984 253 69 Hedwig

53 1071 206 56 Collin.
336 1071 138 54 New
507 1070 178 61 York,
712 1070 121 52 The
860 1068 336 53 Macmillan
1224 1084 299 51 company,
1557 1068 147 49 1928.

121 1148 1938 56 5 p. l., 198 p. incl. illus., plates, col. front., col. plates. 19½ ᶜᵐ. (The
51 1212 282 41 Macmillan
363 1211 261 41 children’s
654 1209 224 47 classics)

122 1269 142 40 From
306 1268 299 48 Asbjprnsen
643 1267 96 39 and
781 1265 146 41 Moe’s
967 1264 216 40 “Norske
1222 1260 403 51 folke-eventyr”.

62 1335 54 52 ©
144 1340 115 46 May
285 1338 69 42 15,
380 1336 143 48 1928;
551 1338 68 39 2c.
647 1337 97 39 and
771 1335 84 40 aff.
883 1335 114 47 May
1024 1333 83 45 16;
1137 1334 41 38 A
1205 1332 231 47 1074536;
1467 1331 285 42 Macmillan
1778 1342 68 30 co.
1927 1326 53 52 [©
133 1331 1910 113 illustrations]
514 1392 280 51 (28-14163)

54 1489 223 63 Bailey,
307 1490 301 63 Margery,
640 1489 85 52 ed.

135 1566 439 68 [Introduction,
610 1572 159 46 notes
806 1565 112 52 and
956 1564 189 67 index]
1186 1564 78 68 by
1298 1562 234 68 Margery
1609 1562 204 67 Bailey
1875 1560 58 53 [in
1969 1561 96 52 the

58 1646 148 53 book
243 1645 258 67 entitled]
546 1645 121 52 The
705 1641 525 71 hrypochondriack,
1267 1640 170 69 being
1476 1642 94 52 the
1609 1644 234 63 seventy
1879 1656 188 52 essays

57 1724 74 67 by
158 1723 94 53 the
281 1723 318 53 celebrated
624 1721 365 70 biographer.
1017 1722 195 52 James
1243 1720 263 56 Boswell,
1535 1718 321 69 appearing
1881 1718 60 52 in
1968 1718 98 53 the

56 1802 241 52 London
326 1801 315 69 magazine,
672 1800 151 52 from
855 1799 319 54 November,
1223 1798 135 53 1777,
1403 1803 58 47 to
1491 1797 246 70 August,
1769 1798 151 56 1783,
1950 1798 114 53 and

57 1874 1982 152 here first reprinted … Stanford University, Calif., Stanford university press, 1928.
133 2038 856 51 2 V. fronts., plates, ports. 24½ ᶜᵐ.
67 2093 52 53 ©
157 2099 112 45 May
303 2098 39 46 5,
378 2096 83 41 1928;
555 2097 68 40 2c.
657 2097 120 40 each
812 2097 114 47 May
962 2096 80 43 11;
1081 2095 82 40 aff.
1200 2097 115 46 May
1350 2096 82 47 12;
1469 2096 42 40 A
1547 2095 228 48 1074506;
1815 2096 163 40 Board
2014 2096 54 40 of

137 2156 211 38 trustees
386 2154 53 41 of
476 2154 82 40 the
597 2154 183 39 Leland
822 2152 236 42 Stanford
1096 2153 168 48 junior
1304 2152 144 48 univ.,
1492 2151 234 43 Stanford
1767 2152 299 45 University,

136 2211 145 42 Calif.

57 2306 270 62 Balyeat,
358 2306 132 63 Ray
521 2306 255 61 Morton,
811 2308 169 50 1889-

56 2379 2014 154 Hay-fever and asthma; their cause, prevention and treatment, by Ray M. Balyeat … illustrated with 76 engravings
60 2540 298 70 including
404 2542 32 49 2
483 2540 59 52 in
589 2540 198 52 colors.
862 2540 73 52 2d
982 2540 103 66 ed.,
1133 2558 114 34 rev.
1297 2540 113 52 and
1458 2540 106 52 enl.
1640 2539 429 71 Philadelphia,

59 2619 65 53 F.
154 2618 70 54 A.
256 2617 182 56 Davis
468 2635 299 51 company,
799 2621 151 50 1928.

128 2701 1168 51 2 p. l., 3-310 p. illus., col. pl., diagrs. 22½ ᶜᵐ.
71 2755 52 54 ©
166 2761 114 47 May
321 2758 68 49 19,
433 2759 141 47 1928;
616 2759 68 41 2c.
726 2760 95 39 and
864 2758 84 42 aff.
990 2759 126 40 June
1156 2759 54 47 4;
1255 2758 41 40 A
1337 2758 231 50 1077572;
1613 2759 51 42 F.
1707 2759 54 41 A.
1803 2760 156 41 Davis
1999 2771 69 33 co.

149 2815 281 51 (28-14377)

66 2913 245 61 Barnes,
342 2911 211 54 Albert
588 2912 62 54 C.

131 2990 121 52 The
281 2995 91 48 art
402 2989 62 53 in
494 2989 287 69 painting,
810 2990 75 68 by
914 2988 208 55 Albert
1151 2989 64 55 C.
1249 2991 248 66 Barnes;
1528 3008 106 37 one
1663 2991 263 53 hundred
1956 2994 114 52 and

60 3065 1987 150 fifteen illustrations. 2d ed., rev. and enl. New York, Harcourt, Brace and company [ ᶜ1 928]
132 3231 85 39 560
250 3241 42 37 p.
326 3229 112 42 incl.
469 3230 165 46 front.,
668 3230 173 47 plates.
899 3228 148 43 23½ᶜᵐ.

134 3288 165 39 Plates
330 3286 195 48 printed
558 3297 61 29 on
650 3287 115 39 both
797 3286 144 41 sides.

76 3339 52 52 ©
165 3345 113 45 May
313 3343 40 46 3,
388 3341 142 48 1928;
567 3343 68 39 2c.
671 3343 95 39 and
803 3341 83 41 aff.
923 3342 113 48 May
1070 3342 83 46 24;
1192 3342 42 38 A
1270 3342 203 41 1077425;
1540 3343 188 41 Barnes
1763 3345 308 50 foundation,

144 3399 201 41 Merion.
378 3399 83 42 Pa.
533 3397 280 50 (28-13536)

68 3493 241 61 Becker,
346 3492 278 59 Richard,
664 3489 170 55 1887-

144 3569 456 70 Anwendungen
643 3570 101 52 der
785 3569 510 54 mathematischen
1338 3570 258 55 Statistik
1638 3572 106 53 auf
1785 3574 290 68 probleme

77 3645 1998 70 der massenfabrikation, von dr. R. Becker … dr. H. Plaut und
77 3727 83 51 dr.
217 3726 49 52 I.
323 3725 220 69 Runge.
635 3725 115 52 Mit
804 3728 69 49 24
928 3724 389 71 abbildungen
1375 3727 78 51 im
1510 3731 136 50 text.
1741 3730 217 58 Berlin,
2016 3732 58 54 J.

78 3803 298 69 Springer,
412 3802 149 54 1927.

150 3884 713 51 vi, 117, [3] p. diagrs. 22 ᶜᵐ.
149 3941 611 42 “Literaturverzeichnis”
780 3952 10 29 :
823 3952 44 38 p.
903 3941 114 52 [119]

82 3993 1995 65 © Nov. 25, 1927; 1c. Mar. 2, 1928; A —Foreign 37792; Julius Springer.
158 4055 280 50 (28-14384)
