2498 4384
1012 4100 134 52 1049

91 450 249 66 Algoud,
369 450 205 53 Henri.

218 533 1866 71 … En Provence, documents d’architecture. Paris, Éditions
84 612 521 70 A. Sinjon [ ᶜ1 928]
151 696 536 50 4 p. l., 48 pl. 33ᶜᵐ.
154 769 57 39 In
243 766 247 50 portfolio.

94 820 1973 109 © Feb. 2, 1928; 1c. Mar. 30; A—Foreign 38391; Editions Alexis Sinjon. (28-17422)
86 974 316 54 American
437 976 271 51 concrete
743 973 298 52 institute.

222 1050 1864 71 … Proceedings of the twenty-fourth annual convention held
87 1138 58 47 at
168 1131 427 68 Philadelphia,
617 1131 120 67 Pa.,
761 1130 297 68 February
1079 1132 84 64 28,
1187 1132 66 49 29
1278 1129 113 52 and
1414 1128 202 53 March
1643 1132 46 65 1,
1716 1132 149 50 1928.
1926 1148 51 34 v.
2001 1133 83 48 24.

81 1210 245 68 Detroit,
352 1210 195 67 Mich.,
576 1209 120 52 The
727 1208 291 67 Institute,
1050 1210 151 50 1928.

156 1293 86 41 882
270 1304 43 37 p.
373 1292 143 47 illus.,
549 1292 169 48 tables,
749 1290 179 49 diagrs.
988 1290 147 41 23½ᶜᵐ.

90 1360 52 53 ©
175 1364 127 41 June
332 1364 70 48 21,
437 1363 117 41 1928;
613 1363 67 40 2c.
715 1363 96 39 and
844 1361 82 42 aff.
961 1362 115 47 July
1109 1362 82 46 23;
1227 1362 42 39 A
1303 1361 229 48 1082648;
1569 1361 258 41 American
1861 1365 224 39 concrete

155 1421 242 48 institute,
430 1420 208 41 Detroit.

84 1515 175 63 Beck,
288 1514 133 64 Lily
448 1514 279 64 Moresby
755 1514 244 53 Adams.

154 1594 120 51 The
295 1598 164 63 great
479 1592 296 68 romantic,
796 1593 75 68 by
892 1593 68 51 E.
983 1591 358 70 Barrington
1384 1593 195 67 [pseud.
1663 1592 345 53 Instalment
2029 1596 50 65 3]

164 1675 83 49 (In
278 1671 253 44 Woman’s
563 1671 200 51 journal
797 1670 278 54 magazine,
1108 1670 134 53 July,
1279 1672 144 50 1928)

87 1738 1993 53 © 1c. Aug. 9, 1928; A ad int. 11505; pubd. June 15; L. M. A. Beck,
155 1799 231 49 Victoria,
414 1800 55 40 B.
496 1799 63 48 C.,
586 1798 214 43 Canada.

80 1880 277 63 Bennett,
392 1879 225 54 Merrill
652 1878 224 66 Kelley.

75 1957 1983 147 … Farm cost studies in the United States; their development,
281 2036 1738 69 applications, and limitations, by Merrill K. Bennett …
79 2116 282 55 Stanford
398 2116 357 67 University,
796 2114 195 69 Calif.,
1029 2115 161 53 Food
1230 2115 258 54 research
1526 2114 263 55 institute
1853 2118 153 66 [1928]

214 2230 8 16 xv,
265 2198 86 41 289
393 2209 44 38 p.
498 2198 179 48 diagrs.
704 2197 48 50 (1
794 2197 144 47 fold.)
1007 2197 56 40 22½ᶜᵐ.
1223 2193 228 53 ([Leland
1497 2197 236 42 Stanford
1773 2197 167 49 junior

76 2198 1989 106 university.
349 2256 133 40 Food
528 2256 227 39 research
802 2254 242 49 institute]
1121 2254 375 41 Miscellaneous
1543 2254 326 49 publications
1917 2266 77 31 no.
2039 2256 43 47 4,

76 2314 139 46 June,
246 2312 140 49 1928)

148 2369 443 51 “Bibliographical
626 2368 142 42 note”
802 2371 52 39 at
889 2369 92 41 end
1015 2367 53 43 of
1100 2379 131 31 some
1267 2368 53 42 of
1352 2369 83 42 the
1468 2370 243 49 chapters.

85 2439 52 53 ©
165 2444 117 46 July
306 2443 40 47 3,
374 2441 118 41 1928;
544 2441 68 41 2c.
640 2441 116 47 July
783 2440 82 46 12;
896 2439 82 42 aff.
1008 2440 116 48 July
1152 2440 83 45 14;
1265 2440 41 39 A
1333 2439 230 47 1083209;
1596 2441 163 40 Board
1788 2441 53 40 of
1867 2442 213 39 trustees

151 2500 53 41 of
230 2500 83 41 the
341 2500 185 39 Leland
556 2498 236 42 Stanford
820 2497 165 48 junior
1015 2497 287 48 university,
1337 2497 235 41 Stanford
1604 2497 296 48 University,
1934 2498 147 43 Calif.

162 2556 282 50 (28-17400)

77 2638 445 64 Bergengruen,
556 2636 264 63 Werner,
860 2637 170 51 1892-

207 2713 1873 72 … Das kaiserreich in trümmern, roman. Leipzig, K. F.
72 2793 481 70 Koehler [ ᶜ1 927]
142 2878 101 49 407,
276 2874 56 54 [1]
364 2888 45 38 p.
469 2876 117 43 19ᶜᵐ.

83 2946 1993 53 © Oct. 28, 1927; 1c. Mar. 2, 1928; A—Foreign 37907; K. F. Koehler,
149 3018 42 38 g.
217 3019 61 29 m.
305 3007 43 41 b.
375 3006 47 41 h.
493 3005 279 50 (28-17477)

80 3085 1999 306 The Book of popular science: the wonders of modern discovery; the triumphs of inventive genius; the story of all created things and the world they live in. v. 16. Annual supplements. Editor Dexter S. Kimball … New York, The
139 3399 708 70 Grolier society [ ᶜ1 928]
148 3481 930 51 1 p. l., [5345]-5458 p. illus, 25ᶜᵐ.
82 3537 52 53 ©
162 3541 126 39 June
314 3540 69 47 26,
410 3539 119 40 1928;
581 3539 67 40 2c.
677 3539 116 47 July
819 3538 82 47 10;
932 3537 82 42 aff.
1044 3539 116 46 July
1187 3539 53 45 7;
1271 3538 41 39 A
1339 3538 230 47 1083200;
1603 3539 193 42 Grolier
1822 3542 196 48 society.

74 3617 183 64 Boyd,
288 3615 223 64 Gladys
539 3614 231 63 Lillian,
805 3618 156 50 1893-

139 3692 1935 72 Manual for diabetics, by Gladys L. Boyd … and Marion
70 3770 2006 72 D. Stalsmith … introduction by F. G. Banting, m. d. Rev. ed.
71 3850 140 53 New
244 3848 164 53 York
441 3848 113 52 and
587 3847 258 67 London,
880 3847 171 53 Funk
1081 3851 46 50 &
1156 3849 303 69 Wagnalls
1492 3870 298 52 company,
1825 3858 151 52 1928.

139 3929 932 52 xi p., 2 l., 3-90 p. 1 illus. 19½ᶜᵐ.
81 3986 52 52 ©
162 3990 126 40 June
312 3988 69 48 30,
409 3988 142 47 1928;
579 3987 68 40 2c.
674 3988 94 39 and
796 3987 82 41 aff.
908 3988 116 47 July
1051 3987 82 48 16;
1164 3988 41 39 A
1233 3988 230 51 1082548;
1495 3991 141 42 Funk
1663 3994 36 42 &
1727 3996 252 50 Wagnalls
2006 4009 54 29 co

159 4045 280 51 (28-17499)
