2498 4384
1011 4062 132 52 1069

108 511 892 57 4 p. l., 3-339 p. 19½ᶜᵐ. $2.00
51 586 52 53 ©
131 590 81 40 July
334 619 7 16 18,
370 586 119 42 1928;
541 586 67 41 2c.
638 585 96 39 and
761 582 82 42 aff.
872 581 118 48 July
1015 580 84 47 20;
1127 578 44 40 A
1196 576 232 49 1082609;
1460 575 217 48 Century
1705 585 68 30 co.
129 644 280 50 (28-17644)

47 738 353 68 Longsdorf,
444 737 227 64 George
710 734 229 62 Foster,
985 730 171 54 1871-

118 816 351 72 Cyclopedia
518 814 65 55 of
634 813 221 54 federal
905 810 331 70 procedure,
1286 806 136 55 civil
1474 806 115 53 and
1640 802 283 67 criminal,
1973 802 75 69 by

49 880 1998 86 George Foster Longsdorf … and complete forms by Clark A.
50 962 1868 79 Nichols … V. 1. Chicago, Callaghan and company, 1928.
117 1053 434 52 xix, 1016 p. 26 ᶜᵐ.
55 1125 51 53 ©
134 1128 128 40 June
287 1126 69 47 26,
385 1125 142 46 1928;
556 1124 68 41 2c.
650 1126 97 38 and
774 1121 82 42 aff.
885 1122 130 39 June
1039 1118 82 49 29;
1151 1119 43 39 A
1221 1115 203 43 1083093;
1484 1114 272 50 Callaghan
1784 1114 37 40 &
1847 1125 68 29 co.

131 1182 282 51 (28-17740)

47 1280 183 64 Lyon,
260 1278 52 53 J.
342 1278 86 61 B.,
459 1291 307 47 company,
793 1273 270 69 printers,
1090 1271 251 70 Albany.

124 1356 162 70 Style
317 1355 166 68 book,
516 1353 142 53 with
691 1351 391 67 instructions,
1117 1347 360 72 suggestions
1513 1346 113 54 and
1662 1345 163 68 helps
1860 1349 60 49 to
50 1362 1978 141 authors,

261 1432 220 70 copiers
514 1431 112 54 and
661 1429 280 70 printers;
978 1427 284 69 compiled
1299 1424 94 55 for
1425 1444 98 34 use
1556 1424 61 53 in
1649 1423 98 54 the
1781 1428 146 49 state
52 1423 1980 159 departments
419 1511 112 52 and

579 1508 94 54 for
718 1508 97 53 the
859 1512 147 49 state
1052 1506 242 68 printer.
1367 1502 254 72 Albany,
1668 1502 54 55 J.
1773 1503 68 51 B.
1891 1502 165 69 Lyon

52 1608 299 52 company,
376 1588 270 70 printers,
675 1589 150 50 1928.

123 1668 569 54 67, [53] p. illus. 26½ ᶜᵐ.
126 1736 960 56 “Copyright … by James Clapham.”
59 1811 53 53 ©
141 1814 119 48 July
286 1814 69 47 11,
385 1812 144 46 1928;
560 1811 70 42 2c.
659 1811 98 39 and
786 1810 84 41 aff.
900 1810 118 46 July
1046 1808 84 47 14;
1161 1808 44 39 A
1233 1806 232 49 1083218;
1499 1806 168 41 James
1698 1804 252 49 Clapham,
125 1804 1916 116 Albany.
338 1869 283 50 (28-17673)

53 1966 222 64 Moyer,
307 1964 255 54 Theone.

128 2042 174 57 Come
336 2041 140 55 visit
511 2039 142 55 with
689 2040 97 53 the
824 2037 217 70 fairies,
1078 2038 76 68 by
1191 2036 231 54 Theone
1459 2035 232 70 Moyer;
1731 2034 329 56 illustrated

56 2111 1979 158 by Kay Wormell. [Santa Barbara, Calif., Pacific coast publishing company, ᶜ1 928]
127 2276 805 53 38 l. incl. front., illus. 18 ½ᶜᵐ .
130 2353 186 43 Poems.

65 2422 51 53 ©
146 2425 114 47 May
285 2424 71 48 25,
384 2423 141 46 1928;
556 2423 68 41 2c.
653 2421 116 48 July
797 2420 82 47 11;
910 2419 83 42 aff.
1023 2419 116 48 July
1167 2419 83 48 10;
1281 2419 43 39 A
1351 2417 231 50 1082555;
1614 2418 52 43 T.
1696 2419 181 47 Moyer.
1911 2418 154 41 Santa

132 2482 237 48 Barbara,
404 2480 146 41 Calif.
620 2476 282 52 (28-17693)

57 2577 272 63 Nations,
363 2574 228 55 Gilbert
624 2574 196 63 Owen,
856 2576 171 51 1866-

62 2645 1976 157 The political career of Alfred E. Smith, by Gilbert O. Nations … Washington,
817 2725 939 74 D. C., The Protestant [ ᶜ1 928]
132 2809 582 55 84 p. 19½ ᶜᵐ. $0.75
135 2885 71 40 “A
236 2884 236 48 complete
504 2893 177 38 survey
713 2882 52 40 of
797 2882 83 40 the
912 2881 309 41 Democratic
1253 2881 264 41 nominee’s
1549 2880 90 42 life
1673 2881 169 41 record
1873 2880 130 41 from
2036 2892 29 30 a

64 2944 103 47 dry,
197 2942 285 41 Protestant
509 2939 307 50 viewpoint.”

69 2997 52 53 ©
151 3000 115 48 July
292 3000 69 48 13,
390 2999 118 40 1928;
559 2999 70 40 2c.
656 2999 99 38 and
780 2996 83 43 aff.
892 2997 117 47 July
1036 2996 83 48 20;
1149 2996 43 39 A
1217 2995 232 50 1082610;
1481 2996 53 42 G.
1565 2996 52 43 O.
1645 2996 222 48 Nations,
137 2996 1913 110 Washington.
390 3055 283 50 (28-17737)

62 3152 146 54 New
237 3151 163 54 York
468 3149 192 70 (State)
744 3149 184 69 Laws,
958 3153 259 68 statutes,
1247 3155 99 47 etc.

137 3230 245 55 General
414 3229 138 53 laws
583 3226 64 56 of
678 3228 98 53 the
807 3231 147 51 state
985 3226 64 54 of
1080 3226 141 55 New
1253 3226 181 69 York,
1469 3225 336 72 containing
67 3228 1975 134 amendments
289 3312 60 48 to

389 3307 100 53 the
531 3303 407 58 Consolidated
981 3305 157 69 laws,
1178 3305 99 54 the
1320 3303 157 57 Code
1519 3304 66 54 of
1627 3304 266 54 criminal
69 3324 1973 130 procedure,
320 3384 98 55 the
450 3383 260 55 Practice

744 3389 135 62 acts,
912 3384 97 53 the
1043 3382 243 56 Greater
1319 3381 140 57 New
1495 3383 165 54 York
1695 3383 243 70 charter,
1971 3385 99 53 the

69 3462 321 70 Municipal
422 3467 162 48 court
614 3463 152 67 code,
798 3463 112 53 and
943 3462 97 52 the
1070 3460 247 56 General
1347 3466 270 65 statutes;
1652 3462 118 54 also
1802 3461 97 56 the
1934 3463 136 54 1927

70 3541 390 55 amendments
485 3546 60 47 to
572 3541 97 52 the
695 3538 374 56 constitution
1097 3540 115 54 and
1240 3540 97 53 the
1364 3540 286 70 proposed
1677 3541 393 56 amendments

71 3618 237 71 thereto,
345 3619 234 53 enacted
616 3616 76 73 by
727 3618 96 53 the
859 3616 361 72 Legislature
1257 3624 59 47 at
1352 3618 97 55 the
1485 3618 231 70 regular
1754 3618 213 56 session
2005 3619 67 55 of

74 3698 149 53 1928.
301 3695 82 56 St.
412 3696 166 68 Paul,
602 3695 161 56 West
787 3695 339 72 publishing
1150 3714 98 51 co.,
1278 3698 152 53 1928.

142 3776 375 50 iii, 600 p. 23½ ᶜᵐ.
144 3834 227 41 Lettered
405 3845 62 29 on
500 3844 169 31 cover:
707 3833 398 52 Supplementing
1141 3833 346 44 Consolidated
1521 3835 136 50 laws,
1693 3835 221 44 Practice
1950 3839 120 48 acts,

75 3891 89 42 etc.

81 3944 51 54 ©
162 3948 126 42 June
314 3949 69 48 20,
414 3949 118 41 1928;
584 3949 68 43 2c.
681 3950 95 40 and
805 3948 83 44 aff.
918 3950 116 48 July
1062 3950 82 49 14;
1176 3950 43 40 A
1247 3949 229 51 1082532;
1508 3950 134 43 West
1672 3953 109 48 pub.
1811 3961 68 33 co.

159 4005 280 52 (28-17742)
