2498 4384
1205 4053 137 49 1254

261 410 210 61 Favro,
509 407 174 54 Earle
717 409 64 52 T.

333 486 92 54 On
449 487 96 52 the
569 486 176 52 trunk
768 485 64 54 of
855 485 96 53 the
976 487 94 52 old
1098 485 180 53 fallen
1304 491 134 61 tree,
1461 485 78 69 by
1562 485 173 52 Earle
1761 485 65 52 T.
1851 485 209 51 Favro.
2122 484 144 52 Fort

260 562 1899 71 Wayne, Ind., The Glad tidings publishing company, ᶜ1 928.
325 647 249 49 96 p. 18 ᶜᵐ.
262 700 51 52 ©
341 705 128 39 June
495 703 69 48 29,
592 703 141 47 1928;
762 704 67 39 2c.
858 703 116 47 July
1002 703 54 39 16;
1114 702 82 41 aff.
1225 702 117 48 July
1369 702 53 47 9;
1454 702 41 39 A
1522 701 230 48 1082552;
1784 701 124 41 Glad
1936 701 184 48 tidings
2149 701 109 49 pub.

330 772 68 31 co.
470 760 281 48 (28-20148)

261 855 329 64 Fjeldstad,
622 854 262 54 Halvard
917 855 66 53 O.

327 932 122 53 The
482 931 238 70 Sunday
748 932 191 53 school
968 931 272 53 teacher’s
1267 932 191 67 guide,
1484 932 76 68 by
1587 932 138 51 Rev.
1755 931 76 52 H.
1864 930 67 55 O.
1962 931 302 68 Fjeldstad

319 1009 1947 68 … Catechisations on the catechism, the explanation and the
257 1088 304 53 attributes
596 1087 65 54 of
695 1087 145 55 God.
909 1087 407 68 Minneapolis,
1348 1087 202 67 Minn.,
1584 1087 314 68 Augsburg
1931 1086 335 69 publishing

256 1166 404 67 house [ ᶜ1 928]
328 1249 272 48 135 p. 19 ᶜᵐ.
264 1302 52 52 ©
348 1306 117 41 July
495 1305 70 48 20,
596 1305 141 46 1928;
771 1305 68 40 2c.
870 1304 122 48 Aug.
1024 1305 53 46 4;
1113 1303 83 42 aff.
1229 1304 122 47 Aug.
1382 1305 54 45 2;
1470 1304 43 39 A
1544 1303 230 48 1083493;
1810 1304 61 41 H.
1905 1304 52 41 O.
1991 1304 271 47 Fjeldstad,

336 1347 271 63 Faribafult,
638 1362 150 39 Minn.
857 1361 283 49 (28-20332)

262 1456 215 64 Foght,
511 1454 221 54 Harold
766 1454 348 64 Waldstein,
1152 1458 160 50 1869-

329 1533 398 56 Unfathomed
765 1535 223 66 Japan;
1029 1552 31 33 a
1094 1534 185 51 travel
1313 1534 114 52 tale
1461 1534 60 52 in
1556 1534 97 52 the
1687 1534 300 69 highways
2023 1534 114 53 and
259 1535 1987 146 byways
443 1612 64 53 of
536 1613 195 67 Japan

763 1612 112 53 and
908 1613 297 67 Formosa,
1231 1612 76 68 by
1337 1613 227 52 Harold
1595 1614 51 51 &
1676 1612 164 53 Alice
1872 1612 221 69 Foght;
2129 1613 139 52 with

257 1710 164 49 maps
462 1691 113 52 and
616 1708 304 35 numerous
961 1690 383 53 illustrations
1383 1690 75 68 by
1496 1691 97 53 the
1634 1690 235 53 authors
1908 1691 113 52 and
2062 1691 206 53 others.

259 1771 139 53 New
426 1770 180 66 York,
634 1770 121 52 The
783 1769 335 52 Macmillan
1145 1787 300 49 company,
1475 1771 149 50 1928.

329 1850 1820 51 xvii p., 1 l., 438 p. incl. front., illus., plates, ports., facsims. fold.
258 1921 125 37 map.
444 1911 147 39 22½ᶜᵐ.

266 1964 51 52 ©
347 1968 122 48 Aug.
500 1968 68 46 14,
598 1967 114 40 1928;
771 1967 68 40 2c.
870 1967 95 39 and
996 1965 83 41 aff.
1109 1966 120 48 Aug.
1261 1966 55 39 15;
1377 1966 41 38 A
1448 1966 204 40 1083730;
1713 1966 284 40 Macmillan
2027 1977 69 30 co.

345 2024 283 49 (28-20108)

265 2121 231 59 Foster,
530 2118 254 53 Edward
816 2116 231 63 Powell,
1083 2120 173 49 1853-

334 2196 299 69 Alphabet
673 2195 64 53 of
780 2196 184 66 ideas;
1011 2213 82 48 or,
1135 2194 345 69 Dictionary
1523 2194 66 54 of
1631 2194 104 68 Ro,
1780 2195 96 53 the
1920 2195 183 53 world
264 2196 1980 148 language,
498 2275 77 68 by

604 2273 1646 69 Rev. Edward Powell Foster … Waverly, W. Va.,
265 2353 374 68 Roia [ ᶜ1 928]
336 2435 87 41 158
456 2446 44 37 p.
560 2435 57 40 18ᶜᵐ.

338 2492 265 40 Published
631 2492 50 38 in
710 2491 113 40 1919
852 2493 154 38 under
1035 2491 109 40 title
1162 2502 8 28 :
1202 2490 290 48 Dictionary
1522 2490 52 40 of
1603 2491 86 45 Ro,
1721 2491 82 40 the
1833 2492 154 40 world
2015 2494 255 44 language.

271 2546 51 52 ©
352 2551 121 45 Aug.
503 2550 38 47 1,
572 2549 140 47 1928;
743 2550 67 40 2c.
840 2550 96 38 and
966 2548 82 41 aff.
1077 2550 120 45 Aug.
1226 2549 54 46 3;
1311 2549 41 38 A
1410 2548 174 40 1082839;
1644 2550 53 38 E.
1726 2549 51 39 P.
1809 2549 185 49 Foster,
2025 2550 244 43 Waverly,

339 2607 71 41 W.
438 2608 86 39 Va.
595 2605 282 49 (28-18831)

266 2701 230 63 Foster,
526 2700 255 54 William
815 2699 251 63 Arthur,
1101 2704 173 49 1884-

335 2777 1877 70 Farm buildings, by W. A. Foster … and Deane G. Carter …
265 2858 72 52 2d
367 2858 103 66 ed.,
501 2857 292 53 rewritten
825 2856 112 52 and
967 2862 160 47 reset.
1204 2856 140 52 New
1373 2856 182 67 York,
1582 2857 56 54 J.
1668 2857 190 69 Wiley
1885 2859 47 50 &
1958 2875 146 49 sons,
2136 2858 103 50 inc.
2259 2875 11 34 :

265 2936 259 66 London,
554 2934 301 69 Chapman
880 2937 47 50 &
952 2935 162 67 Hall,
1140 2935 242 67 limited,
1413 2937 149 51 1928.

266 3017 2007 106 xviii, 358 p. incl. front., illus. (incl. plans) 21 ᶜᵐ. (Lettered on cover: Wiley agricultural engineering series)
339 3133 235 41 “Sources
602 3133 51 39 of
678 3132 373 45 farm-building
1076 3131 352 41 information”
1447 3143 9 29 :
1485 3143 42 37 p.
1552 3132 219 41 343-345.

273 3187 51 51 ©
349 3191 122 47 Aug.
495 3190 69 47 16,
588 3189 114 41 1928;
756 3190 66 40 2c.
850 3191 95 38 and
970 3189 83 41 aff.
1077 3190 121 47 Aug.
1222 3190 84 46 24;
1335 3190 42 38 A
1401 3189 229 47 1083962;
1659 3191 73 39 W.
1758 3190 54 40 A.
1841 3190 185 45 Foster,
2056 3190 212 46 Urbana,

344 3249 89 46 Ill.,
466 3248 95 38 and
592 3247 165 39 Deane
790 3247 52 40 G.
875 3246 187 47 Carter,
1095 3246 337 48 Fayetteville,
1464 3247 116 39 Ark.
1651 3245 281 50 (28-20254)

271 3340 265 62 Francis,
568 3341 202 52 James
802 3340 192 63 Allan,
1029 3343 325 51 1854-1928.

342 3417 1872 69 Christ is all and other sermons, by James Allan Francis …
269 3496 1673 68 Philadelphia, Boston [etc.] The Judson press [ ᶜ1 928]
336 3579 1045 48 6 p. l., 3-159 p. front. (port.) 19½ᶜᵐ.
277 3631 51 52 ©
354 3636 121 47 Aug.
500 3635 68 47 16,
594 3635 141 47 1928;
762 3636 67 40 2c.
856 3638 95 39 and
977 3635 82 42 aff.
1085 3635 121 48 Aug.
1230 3635 56 40 23;
1342 3636 41 38 A
1408 3636 207 40 1083950
1639 3637 186 39 Judson
1851 3647 151 37 press.
355 3692 281 47 (28-20153)

271 3772 203 62 Frear,
504 3773 137 52 Mrs.
671 3773 174 63 Mary
874 3774 211 51 Emma
1123 3772 426 64 (Dillingham)

339 3847 155 55 Over
522 3854 113 47 two
664 3867 136 49 seas,
830 3850 96 52 the
954 3851 97 64 log
1080 3849 64 53 of
1173 3869 32 33 a
1236 3851 265 66 spinster,
1531 3851 283 67 arranged
1843 3851 75 69 by
1947 3851 172 68 Mary

269 3850 1974 145 Dillingham
558 3926 195 53 Frear.
829 3927 139 52 New
1000 3927 180 68 York,
1208 3928 77 52 H.
1315 3927 196 70 Vinal,
1539 3929 121 68 ltd.,
1692 3931 149 51 1928.
