2498 4384
1326 4059 102 50 466

345 503 2004 73 chism, by Oliver D. Baltzly … Burlington, Ia., The Lutheran
346 586 238 67 literary
608 585 198 67 board,
836 587 151 50 1928.

418 667 86 40 249
531 678 44 37 p.
634 666 118 40 fold.
784 667 97 39 tab.
940 665 116 42 24ᶜᵐ.

349 720 51 52 ©
435 726 122 38 Mar.
588 723 69 48 25,
690 723 116 41 1928;
863 724 68 40 2c.
963 725 123 38 Mar.
1116 723 56 40 31;
1235 722 82 41 aff.
1351 723 121 40 Mar.
1504 721 59 41 30;
1623 722 41 39 A
1695 721 203 40 1069534;
1961 721 52 41 O.
2047 721 58 40 D.
2139 721 206 47 Baltzly,

419 781 200 48 Omaha,
654 781 116 41 Neb.
841 779 252 50 (28-9379)

343 860 310 63 Barron’s;
692 860 103 53 the
830 860 266 52 national
1132 859 275 54 financial
1441 858 243 64 weekly.

418 938 302 69 Investing
762 938 95 53 for
917 958 31 33 a
987 938 255 53 business
1300 956 162 48 man;
1523 939 201 50 twelve
1784 938 342 51 investment
2185 938 167 66 plans

347 1017 239 52 selected
643 1016 153 53 from
846 1016 227 53 articles
1123 1015 312 54 submitted
1487 1016 59 52 in
1597 1014 371 69 competition
2020 1014 95 53 for
2166 1015 187 68 prizes

348 1093 214 54 offered
609 1094 75 69 by
733 1095 299 67 Barron’s;
1083 1095 99 52 the
1227 1093 259 54 national
1533 1093 269 53 financial
1849 1093 218 69 weekly
2115 1092 94 54 for
2256 1093 95 52 the

347 1172 124 53 best
499 1191 246 35 answers
771 1177 59 48 to
859 1173 97 52 the
984 1172 260 69 question
1263 1191 10 32 :
1303 1172 183 53 “How
1518 1172 190 53 would
1735 1190 112 50 you
1878 1172 186 52 invest
2092 1170 260 68 $100,000

349 1249 94 54 for
476 1269 31 34 a
538 1250 309 54 successful
874 1251 390 69 middle-aged
1295 1252 255 52 business
1577 1270 133 33 man
1740 1250 187 53 whose
1956 1250 269 69 earnings
2258 1268 94 35 are

353 1330 189 66 ample
580 1328 93 53 for
706 1329 91 52 his
831 1335 228 62 present
1094 1329 245 53 needs?”
1408 1329 286 69 Together
1730 1328 142 53 with
1908 1328 108 53 five
2052 1328 302 54 criticisms

350 1406 63 53 of
452 1407 95 52 the
586 1407 159 53 three
781 1408 233 68 leading
1053 1409 166 66 plans
1258 1408 112 52 and
1411 1426 71 33 an
1522 1406 251 69 analysis
1810 1406 63 53 of
1912 1407 96 53 the
2045 1405 309 68 securities,

351 1485 294 68 generally
683 1486 278 68 regarded
997 1486 76 68 by
1110 1486 79 52 all
1227 1486 96 53 the
1359 1485 383 68 competitors,
1781 1505 60 33 as
1876 1485 123 53 best
2036 1484 187 55 suited
2261 1484 95 53 for

347 1563 97 53 the
479 1563 255 53 business
767 1564 180 53 man’s
982 1563 164 54 fund.
1223 1565 235 66 Boston,
1491 1564 138 53 New
1667 1563 163 53 York
1888 1570 121 60 [etc.]
2050 1563 300 66 Barron’s;

348 1642 97 53 the
471 1640 260 54 national
761 1640 269 54 financial
1060 1641 234 70 weekly,
1327 1645 149 50 1928.

422 1724 445 50 vii, 175 p. 19 ᶜᵐ .
358 1777 51 51 ©
440 1782 122 39 Mar.
589 1781 70 46 21,
687 1780 115 41 1928;
857 1782 68 40 2c.
954 1782 96 39 and
1078 1781 82 41 aff.
1190 1783 123 38 Mar.
1341 1782 57 40 28;
1455 1782 41 39 A
1523 1781 204 41 1068656;
1785 1782 147 47 Hugh
1961 1781 252 43 Bancroft,
427 1782 1912 96 Boston.
595 1837 251 49 (28-9249)

349 1917 245 61 Baxter,
627 1916 254 53 William
915 1917 52 53 J.

425 1994 187 55 Chain
656 2001 149 47 store
849 1994 373 54 distribution
1267 1997 112 52 and
1423 2003 416 62 management,
1879 1997 76 68 by
1995 1996 263 55 William
2300 1998 55 52 J.

356 2073 232 52 Baxter.
665 2073 138 52 New
840 2073 164 52 York
1039 2074 112 53 and
1186 2075 260 66 London,
1479 2075 234 67 Harper
1746 2078 44 49 &
1823 2075 281 69 brothers,
2139 2079 150 49 1928.

426 2156 1933 52 xvi p., 1 l., 279 p. front., illus. (incl. maps, plans) plates, diagrs.
355 2213 118 41 22ᶜᵐ.

361 2265 53 51 ©
442 2270 123 40 Mar.
591 2269 70 43 30,
690 2269 114 40 1928;
859 2270 68 40 2c.
957 2271 122 39 Mar,
1106 2269 56 40 29;
1220 2269 84 41 aff.
1331 2270 115 47 Apr.
1474 2271 26 38 2;
1559 2271 41 39 A
1628 2271 201 41 1068711;
1890 2273 194 47 Harper
2113 2272 37 40 &
2178 2274 124 39 bros.

443 2325 252 49 (28-9247)

360 2405 434 53 Beaverbrook,
827 2405 255 54 William
1115 2406 273 53 Maxwell
1420 2407 241 63 Aitken,
1695 2409 191 53 baron.

433 2484 338 53 Politicians
820 2485 111 52 and
980 2485 95 52 the
1122 2504 136 49 war,
1304 2486 76 68 by
1426 2487 156 52 Lord
1630 2488 414 52 Beaverbrook.
360 2490 1981 124 [Instalments
577 2565 150 63 1-10]

442 2645 82 47 (In
552 2641 202 42 London
782 2640 228 53 Evening
1039 2641 269 51 standard)

365 2697 1971 57 © 1c. each May 7, 1928; A ad int. 11054; pubd. Apr. 16-21, 23-26;
435 2758 218 47 Evening
685 2759 252 47 standard,
971 2759 213 41 London.

362 2822 219 62 Bemis,
608 2824 139 52 Mrs.
778 2822 310 54 Elizabeth
1118 2824 64 53 P.

432 2901 269 68 Primary
742 2902 166 67 plans
949 2903 112 52 and
1105 2902 277 69 projects;
1425 2904 229 68 helpful
1695 2906 353 53 schoolroom
2091 2908 124 53 aids
2256 2909 112 52 and

363 2979 237 66 devices,
628 2980 281 67 prepared
938 2979 75 69 by
1042 2982 360 67 progressive
1427 2983 259 69 primary
1712 2984 192 52 school
1932 2985 298 54 educators
2257 2987 113 53 and

365 3057 2003 71 writers, arranged and edited by Elizabeth P. Bemis … Dans-
365 3134 152 67 ville,
543 3135 68 53 N.
642 3136 89 66 Y.,
759 3136 64 51 F.
849 3135 70 53 A.
949 3136 177 55 Owen
1154 3138 337 69 publishing
1515 3157 282 52 company
1868 3141 151 67 [ᶜ1927]

435 3217 88 41 320
547 3229 44 37 p.
651 3218 143 47 illus.,
822 3219 29 38 2
874 3220 86 39 col.
987 3231 62 37 pl.
1110 3221 148 40 26½ᶜᵐ.

438 3275 234 41 Contains
701 3277 168 39 music.

469 3333 118 39 "This
618 3334 189 39 volume
838 3333 46 40 is
910 3333 195 41 divided
1135 3333 104 41 into
1269 3336 80 38 ten
1381 3335 223 48 sections,
1637 3347 88 29 one
1754 3337 79 39 for
1863 3339 118 38 each
2010 3340 169 38 month
2208 3339 52 40 of
2288 3340 82 39 the

367 3391 163 39 school
556 3390 500 48 year.”—Foreword.

372 3443 52 52 ©
454 3448 112 40 Dec.
594 3447 69 47 15,
694 3447 113 40 1927;
863 3448 68 40 2c.
960 3449 96 39 and
1086 3448 82 41 aff.
1199 3449 110 40 Jan.
1340 3449 39 47 5,
1409 3449 117 40 1928;
1580 3450 41 39 A
1651 3450 229 47 1061044;
1914 3452 50 39 F.
1995 3452 54 40 A.
2082 3452 147 40 Owen
2259 3453 108 47 pub.

441 3515 66 29 co.
578 3504 251 48 (28-9448)

363 3568 356 63 Blanchard,
750 3569 256 54 William
1037 3570 244 64 Martin,
1317 3571 171 52 1874-

442 3647 94 53 An
575 3647 389 53 introduction
1005 3654 57 46 to
1101 3650 230 66 general
1372 3650 325 55 chemistry,
1736 3652 74 66 by
1847 3653 262 52 William
2150 3654 219 51 Martin

371 3726 1975 145 Blanchard … Garden City, N. Y., Doubleday, Doran & company, inc., 1928.
442 3884 1235 52 viii p., 2 l., 588 p. front., illus., ports. 21 ᶜᵐ .
377 3937 52 53 ©
459 3943 122 39 Mar.
608 3942 70 49 22,
707 3942 114 40 1928;
877 3943 68 41 2c.
975 3945 95 39 and
1098 3944 82 42 aff.
1211 3946 123 40 Mar.
1363 3945 54 41 31;
1477 3946 40 38 A
1548 3945 203 43 1069530;
1810 3948 298 49 Doubleday,
2141 3949 165 40 Doran
2336 3949 36 42 &

444 4010 83 37 co.,
558 3999 91 42 inc.
722 4000 251 50 (28-9313)
