<alto xmlns="http://www.loc.gov/standards/alto/ns-v3#" xmlns:xlink="http://www.w3.org/1999/xlink" xmlns:xsi="http://www.w3.org/2001/XMLSchema-instance" xsi:schemaLocation="http://www.loc.gov/standards/alto/ns-v3# http://www.loc.gov/alto/v3/alto-3-0.xsd"><Description>
<MeasurementUnit>pixel</MeasurementUnit>
<sourceImageInformation>
<fileName>1928_v25_part001.pdf</fileName>
</sourceImageInformation>
<OCRProcessing ID="IdOcr">
<ocrProcessingStep>
<processingDateTime>2019-04-12</processingDateTime>
<processingSoftware>
<softwareCreator>ABBYY</softwareCreator>
<softwareName>ABBYY Recognition Server</softwareName>
<softwareVersion>4.0</softwareVersion>
</processingSoftware>
</ocrProcessingStep>
</OCRProcessing>
</Description>
<Styles>
<ParagraphStyle ID="StyleId-FFFFFFFF-FFFF-FFFF-FFFF-FFFFFFFFFFFF-" ALIGN="Left" LEFT="0." RIGHT="0." FIRSTLINE="0."/>
<ParagraphStyle ID="StyleId-0ECAC0CE-E1F0-4C69-A1B9-95E16886343B-" ALIGN="Left" LEFT="0." RIGHT="0." FIRSTLINE="0." LINESPACE="8.300000191"/>
<ParagraphStyle ID="StyleId-5C6F7A30-EC6F-4250-A8D3-0AE106DCDB5D-" ALIGN="Left" LEFT="0." RIGHT="0." FIRSTLINE="-13." LINESPACE="11.22999954"/>
<ParagraphStyle ID="StyleId-B258737E-7AF8-4B71-A0BF-0A1420B951F9-" ALIGN="Left" LEFT="0." RIGHT="0." FIRSTLINE="-13." LINESPACE="8.210000038"/>
<ParagraphStyle ID="StyleId-35C0EFA5-E89E-4731-B16E-5D3895F12270-" ALIGN="Block" LEFT="0." RIGHT="0." FIRSTLINE="-12." LINESPACE="11.22999954"/>
<ParagraphStyle ID="StyleId-7BD1F9B4-14BB-4AAF-864B-FED8FEA7DC43-" ALIGN="Left" LEFT="0." RIGHT="0." FIRSTLINE="0."/>
<ParagraphStyle ID="StyleId-CD2DA0E5-536D-42AE-AE16-8D9F5C008D5A-" ALIGN="Block" LEFT="0." RIGHT="0." FIRSTLINE="-12." LINESPACE="10."/>
<ParagraphStyle ID="StyleId-AF408F88-EED5-4CE2-A229-3F852C18D9BD-" ALIGN="Block" LEFT="0." RIGHT="0." FIRSTLINE="-14." LINESPACE="10."/>
<ParagraphStyle ID="StyleId-829CD741-943D-4B7B-9638-57AB73DE2567-" ALIGN="Center" LEFT="0." RIGHT="0." FIRSTLINE="0." LINESPACE="9.399999619"/>
<ParagraphStyle ID="StyleId-B271BDFA-6037-4875-BA99-885A067668E9-" ALIGN="Left" LEFT="0." RIGHT="0." FIRSTLINE="-14." LINESPACE="11.21000004"/>
<ParagraphStyle ID="StyleId-64F9C1D8-EA12-4F65-AD18-B72A4C6B556F-" ALIGN="Center" LEFT="0." RIGHT="0." FIRSTLINE="0." LINESPACE="11.60000038"/>
<ParagraphStyle ID="StyleId-44DA2756-E57B-4EF3-9BA4-FC1C14776DE3-" ALIGN="Left" LEFT="0." RIGHT="0." FIRSTLINE="-12." LINESPACE="12.19999981"/>
<ParagraphStyle ID="StyleId-D1D9AF19-8CA6-4F74-9AEC-1B4545205AD7-" ALIGN="Center" LEFT="0." RIGHT="0." FIRSTLINE="0." LINESPACE="11.60000038"/>
<ParagraphStyle ID="StyleId-3ADA1556-6D19-417D-8046-68449BF368BA-" ALIGN="Left" LEFT="0." RIGHT="0." FIRSTLINE="-13." LINESPACE="12.19999981"/>
<ParagraphStyle ID="StyleId-7443A930-B325-44B5-9AB8-B42B4EC78C89-" ALIGN="Block" LEFT="0." RIGHT="0." FIRSTLINE="13." LINESPACE="8.619999886"/>
<ParagraphStyle ID="StyleId-C9A9E480-E448-4934-9AF8-3D252792E396-" ALIGN="Left" LEFT="0." RIGHT="0." FIRSTLINE="-12." LINESPACE="11.38000011"/>
<ParagraphStyle ID="StyleId-73039842-464C-49B9-9440-4C0D0E749DFE-" ALIGN="Center" LEFT="0." RIGHT="0." FIRSTLINE="0." LINESPACE="11.10000038"/>
<ParagraphStyle ID="StyleId-C51F6AC2-80DA-4C65-849C-6E2D5F548EA4-" ALIGN="Left" LEFT="0." RIGHT="0." FIRSTLINE="0." LINESPACE="7.699999809"/>
<ParagraphStyle ID="StyleId-494190D9-BDDC-4834-A745-6AF520F91CD0-" ALIGN="Block" LEFT="0." RIGHT="0." FIRSTLINE="-12." LINESPACE="11.22999954"/>
<ParagraphStyle ID="StyleId-68D39D31-3386-4B28-8C90-DA9420961D78-" ALIGN="Left" LEFT="0." RIGHT="0." FIRSTLINE="0." LINESPACE="11.60000038"/>
<ParagraphStyle ID="StyleId-DF0CE7C7-E73E-44FE-8867-C904BD7F3F42-" ALIGN="Block" LEFT="0." RIGHT="0." FIRSTLINE="0." LINESPACE="12.19999981"/>
</Styles>
<Layout>
<Page ID="Page998" PHYSICAL_IMG_NR="998" HEIGHT="4384" WIDTH="2498">
<TopMargin HEIGHT="454" WIDTH="2498" VPOS="0" HPOS="0">
</TopMargin>
<LeftMargin HEIGHT="3654" WIDTH="346" VPOS="454" HPOS="0">
</LeftMargin>
<RightMargin HEIGHT="3654" WIDTH="114" VPOS="454" HPOS="2384">
</RightMargin>
<BottomMargin HEIGHT="276" WIDTH="2498" VPOS="4108" HPOS="0">
<TextBlock ID="Page998_Block1" HEIGHT="98" WIDTH="189" VPOS="4110" HPOS="1261" LANG="en-US" STYLEREFS="StyleId-968C6423-3EC9-4618-900C-0330FADC7E84-">
<TextLine HEIGHT="50" WIDTH="101" VPOS="4112" HPOS="1307">
<String CONTENT="998" HEIGHT="50" WIDTH="101" VPOS="4112" HPOS="1307"/>
</TextLine>
</TextBlock>
</BottomMargin>
<PrintSpace HEIGHT="3654" WIDTH="2038" VPOS="454" HPOS="346">
<TextBlock ID="Page998_Block2" HEIGHT="3654" WIDTH="2038" VPOS="454" HPOS="346" LANG="en-US" CS="1" STYLEREFS="StyleId-97DA0F94-8DAC-44E2-8891-DEE8BD5CB49E-">
<TextLine HEIGHT="73" WIDTH="1999" VPOS="464" HPOS="372" STYLEREFS="StyleId-BEE18D52-A1F9-447F-B6D0-D716FF7F41B5-">
<String LANG="de" CONTENT="Montgelas," HEIGHT="64" WIDTH="355" VPOS="464" HPOS="372"/>
<SP HEIGHT="63" WIDTH="48" VPOS="465" HPOS="728"/>
<String LANG="en-US" CONTENT="Maximilian" HEIGHT="54" WIDTH="370" VPOS="464" HPOS="777"/>
<SP HEIGHT="51" WIDTH="49" VPOS="467" HPOS="1148"/>
<String LANG="en-US" CONTENT="Maria" HEIGHT="53" WIDTH="195" VPOS="466" HPOS="1198"/>
<SP HEIGHT="52" WIDTH="47" VPOS="467" HPOS="1394"/>
<String LANG="de" CONTENT="Karl" HEIGHT="53" WIDTH="147" VPOS="466" HPOS="1442"/>
<SP HEIGHT="53" WIDTH="47" VPOS="466" HPOS="1590"/>
<String LANG="en-US" CONTENT="Desiderius," HEIGHT="64" WIDTH="365" VPOS="466" HPOS="1638"/>
<SP HEIGHT="51" WIDTH="49" VPOS="486" HPOS="2004"/>
<String LANG="de" CONTENT="graf" HEIGHT="68" WIDTH="138" VPOS="469" HPOS="2054"/>
<SP HEIGHT="68" WIDTH="44" VPOS="469" HPOS="2193"/>
<String LANG="en-US" CONTENT="von," HEIGHT="46" WIDTH="133" VPOS="484" HPOS="2238"/>
</TextLine>
<TextLine HEIGHT="50" WIDTH="170" VPOS="545" HPOS="442" STYLEREFS="StyleId-BEE18D52-A1F9-447F-B6D0-D716FF7F41B5-">
<String CONTENT="1860-" HEIGHT="50" WIDTH="170" VPOS="545" HPOS="442"/>
</TextLine>
<TextLine HEIGHT="72" WIDTH="1933" VPOS="620" HPOS="439" CS="1">
<String CONTENT="British" HEIGHT="53" WIDTH="224" VPOS="621" HPOS="439"/>
<SP HEIGHT="53" WIDTH="34" VPOS="620" HPOS="664"/>
<String CONTENT="foreign" HEIGHT="69" WIDTH="229" VPOS="620" HPOS="699"/>
<SP HEIGHT="49" WIDTH="36" VPOS="640" HPOS="929"/>
<String CONTENT="policy" HEIGHT="68" WIDTH="191" VPOS="622" HPOS="966"/>
<SP HEIGHT="50" WIDTH="31" VPOS="640" HPOS="1158"/>
<String CONTENT="under" HEIGHT="53" WIDTH="183" VPOS="622" HPOS="1190"/>
<SP HEIGHT="56" WIDTH="35" VPOS="621" HPOS="1374"/>
<String CONTENT="Sir" HEIGHT="56" WIDTH="96" VPOS="621" HPOS="1410"/>
<SP HEIGHT="51" WIDTH="34" VPOS="624" HPOS="1507"/>
<String CONTENT="Edward" HEIGHT="52" WIDTH="255" VPOS="624" HPOS="1542"/>
<SP HEIGHT="55" WIDTH="36" VPOS="623" HPOS="1798"/>
<String CONTENT="Grey" HEIGHT="69" WIDTH="155" VPOS="623" HPOS="1835"/>
<SP HEIGHT="49" WIDTH="39" VPOS="643" HPOS="1991"/>
<String CS="1" CONTENT="[by]" HEIGHT="69" WIDTH="94" VPOS="623" HPOS="2047"/>
<SP HEIGHT="68" WIDTH="41" VPOS="623" HPOS="2142"/>
<String CONTENT="Count" HEIGHT="56" WIDTH="188" VPOS="623" HPOS="2184"/>
</TextLine>
<TextLine HEIGHT="72" WIDTH="2006" VPOS="697" HPOS="367">
<String CONTENT="Max" HEIGHT="55" WIDTH="140" VPOS="697" HPOS="367"/>
<SP HEIGHT="54" WIDTH="42" VPOS="698" HPOS="508"/>
<String CONTENT="Montgelas;" HEIGHT="69" WIDTH="354" VPOS="698" HPOS="551"/>
<SP HEIGHT="61" WIDTH="49" VPOS="704" HPOS="906"/>
<String CONTENT="translated" HEIGHT="53" WIDTH="318" VPOS="700" HPOS="956"/>
<SP HEIGHT="53" WIDTH="44" VPOS="700" HPOS="1275"/>
<String CONTENT="by" HEIGHT="68" WIDTH="76" VPOS="701" HPOS="1320"/>
<SP HEIGHT="68" WIDTH="45" VPOS="701" HPOS="1397"/>
<String CONTENT="William" HEIGHT="55" WIDTH="261" VPOS="700" HPOS="1443"/>
<SP HEIGHT="55" WIDTH="47" VPOS="700" HPOS="1705"/>
<String CONTENT="C." HEIGHT="55" WIDTH="62" VPOS="700" HPOS="1753"/>
<SP HEIGHT="52" WIDTH="46" VPOS="702" HPOS="1816"/>
<String LANG="de" CONTENT="Dreher;" HEIGHT="67" WIDTH="252" VPOS="702" HPOS="1863"/>
<SP HEIGHT="49" WIDTH="47" VPOS="720" HPOS="2116"/>
<String CONTENT="edited," HEIGHT="66" WIDTH="209" VPOS="701" HPOS="2164"/>
</TextLine>
<TextLine HEIGHT="72" WIDTH="2004" VPOS="776" HPOS="367">
<String CONTENT="with" HEIGHT="54" WIDTH="142" VPOS="777" HPOS="367"/>
<SP HEIGHT="53" WIDTH="30" VPOS="778" HPOS="510"/>
<String CONTENT="a" HEIGHT="36" WIDTH="31" VPOS="795" HPOS="541"/>
<SP HEIGHT="55" WIDTH="30" VPOS="776" HPOS="573"/>
<String CONTENT="foreword," HEIGHT="70" WIDTH="306" VPOS="776" HPOS="604"/>
<SP HEIGHT="68" WIDTH="28" VPOS="778" HPOS="911"/>
<String CONTENT="by" HEIGHT="69" WIDTH="76" VPOS="778" HPOS="940"/>
<SP HEIGHT="69" WIDTH="28" VPOS="778" HPOS="1017"/>
<String CONTENT="Harry" HEIGHT="69" WIDTH="202" VPOS="778" HPOS="1046"/>
<SP HEIGHT="70" WIDTH="29" VPOS="777" HPOS="1249"/>
<String CONTENT="Elmer" HEIGHT="55" WIDTH="197" VPOS="777" HPOS="1279"/>
<SP HEIGHT="53" WIDTH="31" VPOS="779" HPOS="1477"/>
<String CONTENT="Barnes." HEIGHT="54" WIDTH="235" VPOS="779" HPOS="1509"/>
<SP HEIGHT="54" WIDTH="67" VPOS="779" HPOS="1745"/>
<String CONTENT="New" HEIGHT="54" WIDTH="139" VPOS="779" HPOS="1813"/>
<SP HEIGHT="54" WIDTH="30" VPOS="779" HPOS="1953"/>
<String CONTENT="York," HEIGHT="69" WIDTH="182" VPOS="779" HPOS="1984"/>
<SP HEIGHT="71" WIDTH="27" VPOS="777" HPOS="2167"/>
<String CONTENT="A." HEIGHT="57" WIDTH="73" VPOS="777" HPOS="2195"/>
<SP HEIGHT="57" WIDTH="28" VPOS="778" HPOS="2269"/>
<String CONTENT="A." HEIGHT="57" WIDTH="73" VPOS="778" HPOS="2298"/>
</TextLine>
<TextLine HEIGHT="69" WIDTH="407" VPOS="855" HPOS="365">
<String CONTENT="Knopf," HEIGHT="69" WIDTH="227" VPOS="855" HPOS="365"/>
<SP HEIGHT="63" WIDTH="28" VPOS="860" HPOS="593"/>
<String CONTENT="1928." HEIGHT="51" WIDTH="150" VPOS="858" HPOS="622"/>
</TextLine>
<TextLine HEIGHT="49" WIDTH="1046" VPOS="938" HPOS="436" STYLEREFS="StyleId-3FC8830E-83B5-466E-BC3A-27001FF70851-" CS="1">
<String CONTENT="xvii," HEIGHT="48" WIDTH="116" VPOS="938" HPOS="436"/>
<SP HEIGHT="48" WIDTH="23" VPOS="938" HPOS="553"/>
<String CONTENT="142" HEIGHT="40" WIDTH="87" VPOS="938" HPOS="577"/>
<SP HEIGHT="49" WIDTH="21" VPOS="938" HPOS="665"/>
<String LANG="fr" CONTENT="p.," HEIGHT="38" WIDTH="58" VPOS="949" HPOS="687"/>
<SP HEIGHT="46" WIDTH="25" VPOS="939" HPOS="746"/>
<String CONTENT="1" HEIGHT="39" WIDTH="26" VPOS="939" HPOS="772"/>
<SP HEIGHT="39" WIDTH="24" VPOS="939" HPOS="799"/>
<String CS="1" CONTENT="l."/>
<SP HEIGHT="41" WIDTH="57" VPOS="938" HPOS="855"/>
<String CS="1" CONTENT="front."/>
<SP HEIGHT="48" WIDTH="25" VPOS="938" HPOS="1066"/>
<String CONTENT="(port.)" HEIGHT="49" WIDTH="175" VPOS="938" HPOS="1092"/>
<SP HEIGHT="49" WIDTH="65" VPOS="938" HPOS="1268"/>
<String CS="1" CONTENT="19&#189;&#7580;&#7504;." HEIGHT="42" WIDTH="148" VPOS="938" HPOS="1334"/>
</TextLine>
<TextLine HEIGHT="53" WIDTH="2000" VPOS="1005" HPOS="370" STYLEREFS="StyleId-3FC8830E-83B5-466E-BC3A-27001FF70851-" CS="1">
<String CONTENT="&#169;" HEIGHT="53" WIDTH="53" VPOS="1005" HPOS="370"/>
<SP HEIGHT="53" WIDTH="25" VPOS="1005" HPOS="424"/>
<String CONTENT="June" HEIGHT="39" WIDTH="129" VPOS="1011" HPOS="450"/>
<SP HEIGHT="39" WIDTH="21" VPOS="1010" HPOS="580"/>
<String CONTENT="15," HEIGHT="46" WIDTH="69" VPOS="1010" HPOS="602"/>
<SP HEIGHT="46" WIDTH="25" VPOS="1010" HPOS="672"/>
<String CS="1" CONTENT="1928;" HEIGHT="41" WIDTH="118" VPOS="1009" HPOS="698"/>
<SP/>
<String CS="1" CONTENT="2c." HEIGHT="40" WIDTH="55" VPOS="1009" HPOS="867"/>
<SP HEIGHT="31" WIDTH="25" VPOS="1020" HPOS="936"/>
<String CONTENT="and" HEIGHT="39" WIDTH="96" VPOS="1010" HPOS="962"/>
<SP HEIGHT="39" WIDTH="24" VPOS="1010" HPOS="1059"/>
<String CONTENT="aff." HEIGHT="42" WIDTH="84" VPOS="1009" HPOS="1084"/>
<SP HEIGHT="41" WIDTH="24" VPOS="1010" HPOS="1169"/>
<String CONTENT="June" HEIGHT="39" WIDTH="129" VPOS="1010" HPOS="1194"/>
<SP HEIGHT="39" WIDTH="23" VPOS="1010" HPOS="1324"/>
<String CS="1" CONTENT="18;" HEIGHT="40" WIDTH="59" VPOS="1010" HPOS="1348"/>
<SP/>
<!-- cceid 235B0C80-6CB2-1014-A20E-B9D6251C946A --><String CONTENT="A" HEIGHT="39" WIDTH="43" VPOS="1010" HPOS="1459"/>
<SP HEIGHT="39" WIDTH="23" VPOS="1010" HPOS="1503"/>
<String CS="1" CONTENT="1082288;" HEIGHT="41" WIDTH="206" VPOS="1010" HPOS="1527"/>
<SP/>
<String CONTENT="Alfred" HEIGHT="40" WIDTH="173" VPOS="1010" HPOS="1786"/>
<SP HEIGHT="39" WIDTH="24" VPOS="1011" HPOS="1960"/>
<String CONTENT="A." HEIGHT="40" WIDTH="55" VPOS="1011" HPOS="1985"/>
<SP HEIGHT="40" WIDTH="27" VPOS="1011" HPOS="2041"/>
<String CONTENT="Knopf," HEIGHT="48" WIDTH="180" VPOS="1010" HPOS="2069"/>
<SP HEIGHT="47" WIDTH="27" VPOS="1010" HPOS="2250"/>
<String CONTENT="inc." HEIGHT="41" WIDTH="92" VPOS="1010" HPOS="2278"/>
</TextLine>
<TextLine HEIGHT="51" WIDTH="281" VPOS="1064" HPOS="448" STYLEREFS="StyleId-3FC8830E-83B5-466E-BC3A-27001FF70851-">
<String CONTENT="(28-16779)" HEIGHT="51" WIDTH="281" VPOS="1064" HPOS="448"/>
</TextLine>
<TextLine HEIGHT="65" WIDTH="722" VPOS="1159" HPOS="364" STYLEREFS="StyleId-BEE18D52-A1F9-447F-B6D0-D716FF7F41B5-" LANG="de">
<String CONTENT="Moussiegt," HEIGHT="65" WIDTH="352" VPOS="1159" HPOS="364"/>
<SP HEIGHT="63" WIDTH="35" VPOS="1160" HPOS="717"/>
<String CONTENT="Henriette." HEIGHT="53" WIDTH="333" VPOS="1160" HPOS="753"/>
</TextLine>
<TextLine HEIGHT="69" WIDTH="1933" VPOS="1238" HPOS="439">
<String CONTENT="Introduction" HEIGHT="54" WIDTH="405" VPOS="1238" HPOS="439"/>
<SP HEIGHT="47" WIDTH="54" VPOS="1244" HPOS="845"/>
<String CONTENT="to" HEIGHT="47" WIDTH="59" VPOS="1244" HPOS="900"/>
<SP HEIGHT="53" WIDTH="57" VPOS="1238" HPOS="960"/>
<String CONTENT="French" HEIGHT="53" WIDTH="225" VPOS="1238" HPOS="1018"/>
<SP HEIGHT="53" WIDTH="58" VPOS="1238" HPOS="1244"/>
<String CONTENT="free" HEIGHT="53" WIDTH="123" VPOS="1238" HPOS="1303"/>
<SP HEIGHT="34" WIDTH="54" VPOS="1257" HPOS="1427"/>
<String CONTENT="composition," HEIGHT="68" WIDTH="395" VPOS="1238" HPOS="1482"/>
<SP HEIGHT="67" WIDTH="54" VPOS="1239" HPOS="1878"/>
<String CONTENT="by" HEIGHT="68" WIDTH="74" VPOS="1239" HPOS="1933"/>
<SP HEIGHT="68" WIDTH="58" VPOS="1239" HPOS="2008"/>
<String LANG="de" CONTENT="Henriette" HEIGHT="53" WIDTH="305" VPOS="1238" HPOS="2067"/>
</TextLine>
<TextLine HEIGHT="72" WIDTH="2007" VPOS="1314" HPOS="365" CS="1">
<String CONTENT="Moussiegt" HEIGHT="70" WIDTH="322" VPOS="1316" HPOS="365"/>
<SP HEIGHT="47" WIDTH="36" VPOS="1322" HPOS="688"/>
<String CS="1" CONTENT="&#8230;"/>
<SP HEIGHT="35" WIDTH="38" VPOS="1335" HPOS="783"/>
<String CONTENT="and" HEIGHT="53" WIDTH="115" VPOS="1317" HPOS="822"/>
<SP HEIGHT="54" WIDTH="32" VPOS="1316" HPOS="938"/>
<String CONTENT="Adolphe-Jacques" HEIGHT="68" WIDTH="543" VPOS="1316" HPOS="971"/>
<SP HEIGHT="52" WIDTH="33" VPOS="1317" HPOS="1515"/>
<String CONTENT="Dickman" HEIGHT="53" WIDTH="288" VPOS="1316" HPOS="1549"/>
<SP HEIGHT="34" WIDTH="40" VPOS="1335" HPOS="1838"/>
<String CS="1" CONTENT="&#8230;"/>
<SP HEIGHT="54" WIDTH="76" VPOS="1316" HPOS="1936"/>
<String CONTENT="New" HEIGHT="54" WIDTH="141" VPOS="1316" HPOS="2013"/>
<SP HEIGHT="52" WIDTH="35" VPOS="1317" HPOS="2155"/>
<String CONTENT="York," HEIGHT="71" WIDTH="181" VPOS="1314" HPOS="2191"/>
</TextLine>
<TextLine HEIGHT="70" WIDTH="945" VPOS="1393" HPOS="367" CS="1">
<String CONTENT="H." HEIGHT="54" WIDTH="79" VPOS="1393" HPOS="367"/>
<SP HEIGHT="53" WIDTH="27" VPOS="1394" HPOS="447"/>
<String CONTENT="Holt" HEIGHT="53" WIDTH="147" VPOS="1394" HPOS="475"/>
<SP HEIGHT="47" WIDTH="29" VPOS="1400" HPOS="623"/>
<String CONTENT="and" HEIGHT="52" WIDTH="114" VPOS="1395" HPOS="653"/>
<SP HEIGHT="52" WIDTH="29" VPOS="1395" HPOS="768"/>
<String CONTENT="company" HEIGHT="51" WIDTH="282" VPOS="1412" HPOS="798"/>
<SP HEIGHT="51" WIDTH="35" VPOS="1412" HPOS="1081"/>
<String CS="1" CONTENT="["/>
<String STYLE="superscript" CS="1" CONTENT="&#7580;19"/>
<String CONTENT="28]" HEIGHT="64" WIDTH="87" VPOS="1397" HPOS="1225"/>
</TextLine>
<TextLine HEIGHT="48" WIDTH="460" VPOS="1477" HPOS="437" CS="1">
<String CONTENT="vi," HEIGHT="48" WIDTH="62" VPOS="1477" HPOS="437"/>
<SP HEIGHT="48" WIDTH="29" VPOS="1477" HPOS="500"/>
<String CONTENT="261" HEIGHT="40" WIDTH="86" VPOS="1477" HPOS="530"/>
<SP HEIGHT="47" WIDTH="28" VPOS="1478" HPOS="617"/>
<String CONTENT="p." HEIGHT="38" WIDTH="45" VPOS="1487" HPOS="646"/>
<SP HEIGHT="41" WIDTH="57" VPOS="1477" HPOS="692"/>
<String CS="1" CONTENT="19&#189;&#7580;&#7504;." HEIGHT="10" WIDTH="10" VPOS="1509" HPOS="887"/>
</TextLine>
<TextLine HEIGHT="53" WIDTH="1951" VPOS="1543" HPOS="367" STYLEREFS="StyleId-3FC8830E-83B5-466E-BC3A-27001FF70851-" CS="1">
<String CONTENT="&#169;" HEIGHT="53" WIDTH="53" VPOS="1543" HPOS="367"/>
<SP HEIGHT="53" WIDTH="24" VPOS="1543" HPOS="421"/>
<String CONTENT="June" HEIGHT="39" WIDTH="127" VPOS="1548" HPOS="446"/>
<SP HEIGHT="39" WIDTH="20" VPOS="1548" HPOS="574"/>
<String CONTENT="4," HEIGHT="47" WIDTH="41" VPOS="1548" HPOS="595"/>
<SP HEIGHT="47" WIDTH="22" VPOS="1548" HPOS="637"/>
<String CONTENT="1928;" HEIGHT="48" WIDTH="143" VPOS="1547" HPOS="660"/>
<SP HEIGHT="47" WIDTH="16" VPOS="1548" HPOS="804"/>
<String CONTENT="2c." HEIGHT="41" WIDTH="76" VPOS="1548" HPOS="821"/>
<SP HEIGHT="41" WIDTH="24" VPOS="1548" HPOS="898"/>
<String CONTENT="June" HEIGHT="39" WIDTH="127" VPOS="1548" HPOS="923"/>
<SP HEIGHT="40" WIDTH="22" VPOS="1547" HPOS="1051"/>
<String CONTENT="9;" HEIGHT="48" WIDTH="53" VPOS="1547" HPOS="1074"/>
<SP HEIGHT="37" WIDTH="25" VPOS="1558" HPOS="1128"/>
<String CONTENT="aff." HEIGHT="43" WIDTH="85" VPOS="1546" HPOS="1154"/>
<SP HEIGHT="42" WIDTH="23" VPOS="1547" HPOS="1240"/>
<String CONTENT="June" HEIGHT="40" WIDTH="130" VPOS="1547" HPOS="1264"/>
<SP HEIGHT="39" WIDTH="18" VPOS="1548" HPOS="1395"/>
<String CS="1" CONTENT="15;" HEIGHT="41" WIDTH="56" VPOS="1546" HPOS="1414"/>
<SP/>
<!-- cceid 235B78D0-6CB2-1014-A20E-B9D6251C946A --><String CONTENT="A" HEIGHT="39" WIDTH="43" VPOS="1548" HPOS="1524"/>
<SP HEIGHT="39" WIDTH="20" VPOS="1548" HPOS="1568"/>
<String CONTENT="1077802;" HEIGHT="49" WIDTH="232" VPOS="1546" HPOS="1589"/>
<SP HEIGHT="47" WIDTH="25" VPOS="1548" HPOS="1822"/>
<String CONTENT="Henry" HEIGHT="47" WIDTH="169" VPOS="1548" HPOS="1848"/>
<SP HEIGHT="48" WIDTH="24" VPOS="1547" HPOS="2018"/>
<String CONTENT="Holt" HEIGHT="40" WIDTH="124" VPOS="1547" HPOS="2043"/>
<SP HEIGHT="40" WIDTH="21" VPOS="1548" HPOS="2168"/>
<String CONTENT="&amp;" HEIGHT="40" WIDTH="36" VPOS="1548" HPOS="2190"/>
<SP HEIGHT="40" WIDTH="22" VPOS="1548" HPOS="2227"/>
<String CONTENT="co." HEIGHT="31" WIDTH="68" VPOS="1559" HPOS="2250"/>
</TextLine>
<TextLine HEIGHT="51" WIDTH="282" VPOS="1603" HPOS="443" STYLEREFS="StyleId-3FC8830E-83B5-466E-BC3A-27001FF70851-">
<String CONTENT="(28-16408)" HEIGHT="51" WIDTH="282" VPOS="1603" HPOS="443"/>
</TextLine>
<TextLine HEIGHT="65" WIDTH="743" VPOS="1696" HPOS="363" STYLEREFS="StyleId-BEE18D52-A1F9-447F-B6D0-D716FF7F41B5-">
<String CONTENT="Nichols," HEIGHT="63" WIDTH="264" VPOS="1698" HPOS="363"/>
<SP HEIGHT="63" WIDTH="30" VPOS="1698" HPOS="628"/>
<String CONTENT="Clark" HEIGHT="55" WIDTH="176" VPOS="1697" HPOS="659"/>
<SP HEIGHT="53" WIDTH="28" VPOS="1697" HPOS="836"/>
<String CONTENT="Asahel." HEIGHT="54" WIDTH="241" VPOS="1696" HPOS="865"/>
</TextLine>
<TextLine HEIGHT="70" WIDTH="1936" VPOS="1776" HPOS="434" CS="1">
<String CONTENT="Applied" HEIGHT="69" WIDTH="259" VPOS="1777" HPOS="434"/>
<SP HEIGHT="52" WIDTH="22" VPOS="1778" HPOS="694"/>
<String CS="1" CONTENT="evidence;" HEIGHT="53" WIDTH="267" VPOS="1777" HPOS="717"/>
<SP/>
<String CONTENT="an" HEIGHT="33" WIDTH="72" VPOS="1795" HPOS="1042"/>
<SP HEIGHT="33" WIDTH="26" VPOS="1795" HPOS="1115"/>
<String CONTENT="encyclopedic" HEIGHT="69" WIDTH="398" VPOS="1776" HPOS="1142"/>
<SP HEIGHT="47" WIDTH="21" VPOS="1781" HPOS="1541"/>
<String CONTENT="treatment" HEIGHT="47" WIDTH="312" VPOS="1781" HPOS="1563"/>
<SP HEIGHT="48" WIDTH="21" VPOS="1781" HPOS="1876"/>
<String CONTENT="of" HEIGHT="53" WIDTH="64" VPOS="1776" HPOS="1898"/>
<SP HEIGHT="52" WIDTH="21" VPOS="1776" HPOS="1963"/>
<String CONTENT="the" HEIGHT="53" WIDTH="100" VPOS="1776" HPOS="1985"/>
<SP HEIGHT="49" WIDTH="20" VPOS="1796" HPOS="2086"/>
<String CONTENT="proof" HEIGHT="69" WIDTH="174" VPOS="1776" HPOS="2107"/>
<SP HEIGHT="53" WIDTH="23" VPOS="1776" HPOS="2282"/>
<String CONTENT="of" HEIGHT="53" WIDTH="64" VPOS="1776" HPOS="2306"/>
</TextLine>
<TextLine HEIGHT="54" WIDTH="2006" VPOS="1854" HPOS="365">
<String CONTENT="facts" HEIGHT="52" WIDTH="150" VPOS="1856" HPOS="365"/>
<SP HEIGHT="52" WIDTH="37" VPOS="1856" HPOS="516"/>
<String CONTENT="in" HEIGHT="51" WIDTH="60" VPOS="1856" HPOS="554"/>
<SP HEIGHT="33" WIDTH="38" VPOS="1875" HPOS="615"/>
<String CONTENT="evidence" HEIGHT="53" WIDTH="267" VPOS="1855" HPOS="654"/>
<SP HEIGHT="52" WIDTH="34" VPOS="1856" HPOS="922"/>
<String CONTENT="based" HEIGHT="53" WIDTH="173" VPOS="1855" HPOS="957"/>
<SP HEIGHT="52" WIDTH="38" VPOS="1855" HPOS="1131"/>
<String CONTENT="on" HEIGHT="33" WIDTH="73" VPOS="1874" HPOS="1170"/>
<SP HEIGHT="47" WIDTH="37" VPOS="1860" HPOS="1244"/>
<String CONTENT="the" HEIGHT="52" WIDTH="99" VPOS="1855" HPOS="1282"/>
<SP HEIGHT="33" WIDTH="36" VPOS="1874" HPOS="1382"/>
<String CONTENT="statutes" HEIGHT="48" WIDTH="240" VPOS="1859" HPOS="1419"/>
<SP HEIGHT="34" WIDTH="40" VPOS="1873" HPOS="1660"/>
<String CONTENT="and" HEIGHT="52" WIDTH="113" VPOS="1855" HPOS="1701"/>
<SP HEIGHT="52" WIDTH="37" VPOS="1855" HPOS="1815"/>
<String CONTENT="decisions" HEIGHT="52" WIDTH="280" VPOS="1855" HPOS="1853"/>
<SP HEIGHT="33" WIDTH="35" VPOS="1874" HPOS="2134"/>
<String CONTENT="of" HEIGHT="53" WIDTH="65" VPOS="1854" HPOS="2170"/>
<SP HEIGHT="54" WIDTH="35" VPOS="1854" HPOS="2236"/>
<String CONTENT="the" HEIGHT="52" WIDTH="99" VPOS="1856" HPOS="2272"/>
</TextLine>
<TextLine HEIGHT="148" WIDTH="1982" VPOS="1932" HPOS="362" CS="1">
<String CONTENT="states" HEIGHT="47" WIDTH="175" VPOS="1940" HPOS="363"/>
<SP HEIGHT="33" WIDTH="32" VPOS="1954" HPOS="539"/>
<String CONTENT="of" HEIGHT="54" WIDTH="64" VPOS="1933" HPOS="572"/>
<SP HEIGHT="52" WIDTH="29" VPOS="1933" HPOS="637"/>
<String CONTENT="Arizona," HEIGHT="68" WIDTH="275" VPOS="1933" HPOS="667"/>
<SP HEIGHT="69" WIDTH="32" VPOS="1932" HPOS="943"/>
<String CONTENT="California," HEIGHT="68" WIDTH="347" VPOS="1932" HPOS="976"/>
<SP HEIGHT="68" WIDTH="31" VPOS="1932" HPOS="1324"/>
<String CONTENT="Colorado," HEIGHT="68" WIDTH="303" VPOS="1932" HPOS="1356"/>
<SP HEIGHT="67" WIDTH="30" VPOS="1933" HPOS="1660"/>
<String CONTENT="Idaho," HEIGHT="67" WIDTH="206" VPOS="1933" HPOS="1691"/>
<SP HEIGHT="67" WIDTH="28" VPOS="1933" HPOS="1898"/>
<String CONTENT="Kansas," HEIGHT="67" WIDTH="247" VPOS="1933" HPOS="1927"/>
<SP HEIGHT="67" WIDTH="28" VPOS="1933" HPOS="2175"/>
<String CONTENT="Montana," HEIGHT="147" WIDTH="1982" VPOS="1933" HPOS="362"/>
</TextLine>
<TextLine HEIGHT="149" WIDTH="1983" VPOS="2011" HPOS="362" CS="1">
<String CONTENT="Nevada," HEIGHT="67" WIDTH="255" VPOS="2012" HPOS="553"/>
<SP HEIGHT="67" WIDTH="32" VPOS="2012" HPOS="809"/>
<String CONTENT="New" HEIGHT="53" WIDTH="138" VPOS="2012" HPOS="842"/>
<SP HEIGHT="52" WIDTH="32" VPOS="2012" HPOS="981"/>
<String CONTENT="Mexico," HEIGHT="68" WIDTH="246" VPOS="2011" HPOS="1014"/>
<SP HEIGHT="68" WIDTH="32" VPOS="2011" HPOS="1261"/>
<String CONTENT="Oklahoma," HEIGHT="68" WIDTH="343" VPOS="2011" HPOS="1294"/>
<SP HEIGHT="68" WIDTH="31" VPOS="2011" HPOS="1638"/>
<String CONTENT="Oregon," HEIGHT="69" WIDTH="250" VPOS="2011" HPOS="1670"/>
<SP HEIGHT="67" WIDTH="31" VPOS="2012" HPOS="1921"/>
<String CONTENT="Utah," HEIGHT="67" WIDTH="180" VPOS="2012" HPOS="1953"/>
<SP HEIGHT="67" WIDTH="29" VPOS="2012" HPOS="2134"/>
<String CONTENT="Washington" HEIGHT="148" WIDTH="1983" VPOS="2012" HPOS="362"/>
</TextLine>
<TextLine HEIGHT="70" WIDTH="1770" VPOS="2089" HPOS="598">
<String CONTENT="and" HEIGHT="52" WIDTH="114" VPOS="2092" HPOS="598"/>
<SP HEIGHT="54" WIDTH="31" VPOS="2091" HPOS="713"/>
<String CONTENT="Wyoming," HEIGHT="69" WIDTH="331" VPOS="2090" HPOS="745"/>
<SP HEIGHT="47" WIDTH="30" VPOS="2110" HPOS="1077"/>
<String CONTENT="classified" HEIGHT="54" WIDTH="281" VPOS="2089" HPOS="1108"/>
<SP HEIGHT="68" WIDTH="28" VPOS="2090" HPOS="1390"/>
<String CONTENT="primarily" HEIGHT="68" WIDTH="307" VPOS="2090" HPOS="1419"/>
<SP HEIGHT="68" WIDTH="30" VPOS="2090" HPOS="1727"/>
<String CONTENT="in" HEIGHT="52" WIDTH="61" VPOS="2090" HPOS="1758"/>
<SP HEIGHT="33" WIDTH="31" VPOS="2109" HPOS="1820"/>
<String CONTENT="accordance" HEIGHT="53" WIDTH="344" VPOS="2090" HPOS="1852"/>
<SP HEIGHT="34" WIDTH="29" VPOS="2109" HPOS="2197"/>
<String CONTENT="with" HEIGHT="53" WIDTH="141" VPOS="2090" HPOS="2227"/>
</TextLine>
<TextLine HEIGHT="70" WIDTH="2006" VPOS="2167" HPOS="362" CS="1">
<String CONTENT="the" HEIGHT="52" WIDTH="98" VPOS="2171" HPOS="362"/>
<SP HEIGHT="52" WIDTH="27" VPOS="2170" HPOS="461"/>
<String CONTENT="facts," HEIGHT="66" WIDTH="166" VPOS="2170" HPOS="489"/>
<SP HEIGHT="66" WIDTH="25" VPOS="2170" HPOS="656"/>
<String CONTENT="by" HEIGHT="67" WIDTH="76" VPOS="2170" HPOS="682"/>
<SP HEIGHT="68" WIDTH="30" VPOS="2169" HPOS="759"/>
<String CONTENT="Clark" HEIGHT="54" WIDTH="179" VPOS="2169" HPOS="790"/>
<SP HEIGHT="52" WIDTH="25" VPOS="2168" HPOS="970"/>
<String CONTENT="A." HEIGHT="52" WIDTH="71" VPOS="2168" HPOS="996"/>
<SP HEIGHT="51" WIDTH="30" VPOS="2169" HPOS="1068"/>
<String CONTENT="Nichols" HEIGHT="53" WIDTH="238" VPOS="2167" HPOS="1099"/>
<SP HEIGHT="33" WIDTH="32" VPOS="2187" HPOS="1338"/>
<String CS="1" CONTENT="&#8230;"/>
<SP HEIGHT="34" WIDTH="77" VPOS="2186" HPOS="1428"/>
<String CS="1" CONTENT="v." HEIGHT="10" WIDTH="10" VPOS="2210" HPOS="1548"/>
<SP HEIGHT="48" WIDTH="32" VPOS="2172" HPOS="1559"/>
<String CONTENT="5" HEIGHT="48" WIDTH="28" VPOS="2172" HPOS="1592"/>
<SP HEIGHT="62" WIDTH="37" VPOS="2172" HPOS="1621"/>
<String CS="1" CONTENT="[Scho-Zoni]" HEIGHT="67" WIDTH="347" VPOS="2167" HPOS="1659"/>
<SP HEIGHT="66" WIDTH="72" VPOS="2167" HPOS="2025"/>
<String CONTENT="Chicago," HEIGHT="70" WIDTH="270" VPOS="2167" HPOS="2098"/>
</TextLine>
<TextLine HEIGHT="69" WIDTH="915" VPOS="2248" HPOS="363">
<String CONTENT="Callaghan" HEIGHT="69" WIDTH="323" VPOS="2248" HPOS="363"/>
<SP HEIGHT="50" WIDTH="29" VPOS="2250" HPOS="687"/>
<String CONTENT="&amp;" HEIGHT="50" WIDTH="46" VPOS="2250" HPOS="717"/>
<SP HEIGHT="50" WIDTH="29" VPOS="2250" HPOS="764"/>
<String CONTENT="company," HEIGHT="51" WIDTH="299" VPOS="2264" HPOS="794"/>
<SP HEIGHT="66" WIDTH="31" VPOS="2249" HPOS="1094"/>
<String CONTENT="1928." HEIGHT="50" WIDTH="152" VPOS="2249" HPOS="1126"/>
</TextLine>
<TextLine HEIGHT="50" WIDTH="585" VPOS="2329" HPOS="430" CS="1">
<String CONTENT="iv," HEIGHT="48" WIDTH="62" VPOS="2331" HPOS="430"/>
<SP HEIGHT="47" WIDTH="19" VPOS="2332" HPOS="493"/>
<String CONTENT="4175-5268" HEIGHT="41" WIDTH="267" VPOS="2330" HPOS="513"/>
<SP HEIGHT="48" WIDTH="19" VPOS="2330" HPOS="781"/>
<String CONTENT="p." HEIGHT="38" WIDTH="44" VPOS="2340" HPOS="801"/>
<SP HEIGHT="41" WIDTH="48" VPOS="2330" HPOS="846"/>
<String CONTENT="26" HEIGHT="41" WIDTH="61" VPOS="2329" HPOS="895"/>
<String STYLE="superscript" CS="1" CONTENT="&#7580;&#7504;"/>
<String CONTENT="." HEIGHT="10" WIDTH="11" VPOS="2362" HPOS="1004"/>
</TextLine>
<TextLine HEIGHT="53" WIDTH="1741" VPOS="2399" HPOS="361" STYLEREFS="StyleId-3FC8830E-83B5-466E-BC3A-27001FF70851-" CS="1">
<String CONTENT="&#169;" HEIGHT="53" WIDTH="53" VPOS="2399" HPOS="361"/>
<SP HEIGHT="53" WIDTH="22" VPOS="2399" HPOS="415"/>
<String CONTENT="June" HEIGHT="39" WIDTH="128" VPOS="2404" HPOS="438"/>
<SP HEIGHT="40" WIDTH="19" VPOS="2403" HPOS="567"/>
<String CONTENT="30," HEIGHT="48" WIDTH="69" VPOS="2402" HPOS="587"/>
<SP HEIGHT="48" WIDTH="22" VPOS="2402" HPOS="657"/>
<String CS="1" CONTENT="1928;" HEIGHT="40" WIDTH="119" VPOS="2402" HPOS="680"/>
<SP/>
<String CONTENT="2c." HEIGHT="40" WIDTH="69" VPOS="2403" HPOS="846"/>
<SP HEIGHT="31" WIDTH="18" VPOS="2412" HPOS="916"/>
<String CONTENT="and" HEIGHT="40" WIDTH="97" VPOS="2402" HPOS="935"/>
<SP HEIGHT="40" WIDTH="15" VPOS="2402" HPOS="1033"/>
<String CONTENT="aff." HEIGHT="41" WIDTH="84" VPOS="2401" HPOS="1049"/>
<SP HEIGHT="41" WIDTH="17" VPOS="2401" HPOS="1134"/>
<String CONTENT="July" HEIGHT="48" WIDTH="118" VPOS="2401" HPOS="1152"/>
<SP HEIGHT="47" WIDTH="17" VPOS="2402" HPOS="1271"/>
<String CS="1" CONTENT="7;" HEIGHT="40" WIDTH="26" VPOS="2402" HPOS="1289"/>
<SP/>
<!-- cceid 235C011E-6CB2-1014-A20E-B9D6251C946A --><String CONTENT="A" HEIGHT="39" WIDTH="43" VPOS="2401" HPOS="1367"/>
<SP HEIGHT="39" WIDTH="18" VPOS="2401" HPOS="1411"/>
<String CS="1" CONTENT="1083152;" HEIGHT="40" WIDTH="207" VPOS="2401" HPOS="1430"/>
<SP/>
<String CONTENT="Callaghan" HEIGHT="48" WIDTH="272" VPOS="2401" HPOS="1688"/>
<SP HEIGHT="41" WIDTH="16" VPOS="2400" HPOS="1961"/>
<String CONTENT="&amp;" HEIGHT="41" WIDTH="38" VPOS="2400" HPOS="1978"/>
<SP HEIGHT="41" WIDTH="15" VPOS="2400" HPOS="2017"/>
<String CONTENT="co." HEIGHT="30" WIDTH="69" VPOS="2412" HPOS="2033"/>
</TextLine>
<TextLine HEIGHT="66" WIDTH="1058" VPOS="2496" HPOS="359" STYLEREFS="StyleId-BEE18D52-A1F9-447F-B6D0-D716FF7F41B5-" CS="1">
<String CONTENT="Odegard," HEIGHT="65" WIDTH="295" VPOS="2497" HPOS="359"/>
<SP HEIGHT="63" WIDTH="31" VPOS="2497" HPOS="655"/>
<String CONTENT="Peter" HEIGHT="53" WIDTH="178" VPOS="2497" HPOS="687"/>
<SP HEIGHT="53" WIDTH="32" VPOS="2496" HPOS="866"/>
<String CONTENT="H" HEIGHT="52" WIDTH="54" VPOS="2496" HPOS="899"/>
<SP/>
<String CONTENT="1901-" HEIGHT="49" WIDTH="169" VPOS="2499" HPOS="1248"/>
</TextLine>
<TextLine HEIGHT="72" WIDTH="1932" VPOS="2572" HPOS="434">
<String CONTENT="Pressure" HEIGHT="53" WIDTH="273" VPOS="2576" HPOS="434"/>
<SP HEIGHT="51" WIDTH="38" VPOS="2593" HPOS="708"/>
<String CONTENT="politics," HEIGHT="69" WIDTH="247" VPOS="2575" HPOS="747"/>
<SP HEIGHT="62" WIDTH="39" VPOS="2580" HPOS="995"/>
<String CONTENT="the" HEIGHT="54" WIDTH="99" VPOS="2574" HPOS="1035"/>
<SP HEIGHT="35" WIDTH="38" VPOS="2593" HPOS="1135"/>
<String CONTENT="story" HEIGHT="62" WIDTH="159" VPOS="2580" HPOS="1174"/>
<SP HEIGHT="51" WIDTH="40" VPOS="2591" HPOS="1334"/>
<String CONTENT="of" HEIGHT="53" WIDTH="65" VPOS="2574" HPOS="1375"/>
<SP HEIGHT="52" WIDTH="38" VPOS="2574" HPOS="1441"/>
<String CONTENT="the" HEIGHT="52" WIDTH="98" VPOS="2575" HPOS="1480"/>
<SP HEIGHT="54" WIDTH="39" VPOS="2573" HPOS="1579"/>
<String CONTENT="Anti-saloon" HEIGHT="54" WIDTH="370" VPOS="2573" HPOS="1619"/>
<SP HEIGHT="52" WIDTH="40" VPOS="2575" HPOS="1990"/>
<String CONTENT="league," HEIGHT="68" WIDTH="217" VPOS="2575" HPOS="2031"/>
<SP HEIGHT="70" WIDTH="40" VPOS="2572" HPOS="2249"/>
<String CONTENT="by" HEIGHT="72" WIDTH="76" VPOS="2572" HPOS="2290"/>
</TextLine>
<TextLine HEIGHT="72" WIDTH="2004" VPOS="2650" HPOS="362">
<String CONTENT="Peter" HEIGHT="53" WIDTH="171" VPOS="2655" HPOS="362"/>
<SP HEIGHT="53" WIDTH="40" VPOS="2654" HPOS="534"/>
<String CONTENT="H." HEIGHT="53" WIDTH="79" VPOS="2654" HPOS="575"/>
<SP HEIGHT="56" WIDTH="45" VPOS="2653" HPOS="655"/>
<String CONTENT="Odegard." HEIGHT="69" WIDTH="288" VPOS="2653" HPOS="701"/>
<SP HEIGHT="52" WIDTH="73" VPOS="2653" HPOS="990"/>
<String CONTENT="New" HEIGHT="52" WIDTH="141" VPOS="2653" HPOS="1064"/>
<SP HEIGHT="53" WIDTH="44" VPOS="2652" HPOS="1206"/>
<String CONTENT="York," HEIGHT="70" WIDTH="181" VPOS="2650" HPOS="1251"/>
<SP HEIGHT="69" WIDTH="45" VPOS="2651" HPOS="1433"/>
<String CONTENT="Columbia" HEIGHT="56" WIDTH="301" VPOS="2650" HPOS="1479"/>
<SP HEIGHT="35" WIDTH="42" VPOS="2669" HPOS="1781"/>
<String CONTENT="university" HEIGHT="70" WIDTH="321" VPOS="2651" HPOS="1824"/>
<SP HEIGHT="51" WIDTH="44" VPOS="2670" HPOS="2146"/>
<String CONTENT="press," HEIGHT="51" WIDTH="175" VPOS="2670" HPOS="2191"/>
</TextLine>
<TextLine HEIGHT="50" WIDTH="152" VPOS="2736" HPOS="363">
<String CONTENT="1928." HEIGHT="50" WIDTH="152" VPOS="2736" HPOS="363"/>
</TextLine>
<TextLine HEIGHT="52" WIDTH="1733" VPOS="2811" HPOS="464" STYLEREFS="StyleId-3FC8830E-83B5-466E-BC3A-27001FF70851-" CS="1">
<String CS="1" CONTENT="x"/>
<SP HEIGHT="37" WIDTH="26" VPOS="2826" HPOS="464"/>
<String LANG="fr" CONTENT="p.," HEIGHT="37" WIDTH="58" VPOS="2826" HPOS="491"/>
<SP HEIGHT="48" WIDTH="27" VPOS="2815" HPOS="550"/>
<String CONTENT="1" HEIGHT="39" WIDTH="25" VPOS="2815" HPOS="578"/>
<SP HEIGHT="39" WIDTH="26" VPOS="2815" HPOS="604"/>
<String CS="1" CONTENT="l.," HEIGHT="16" WIDTH="8" VPOS="2846" HPOS="667"/>
<SP HEIGHT="47" WIDTH="26" VPOS="2815" HPOS="676"/>
<String CONTENT="299" HEIGHT="40" WIDTH="86" VPOS="2813" HPOS="703"/>
<SP HEIGHT="48" WIDTH="26" VPOS="2814" HPOS="790"/>
<String LANG="fr" CONTENT="p.," HEIGHT="37" WIDTH="58" VPOS="2825" HPOS="817"/>
<SP HEIGHT="48" WIDTH="27" VPOS="2813" HPOS="876"/>
<String CONTENT="1" HEIGHT="39" WIDTH="25" VPOS="2813" HPOS="904"/>
<SP HEIGHT="39" WIDTH="27" VPOS="2813" HPOS="930"/>
<String CS="1" CONTENT="l."/>
<SP HEIGHT="41" WIDTH="60" VPOS="2813" HPOS="990"/>
<String CONTENT="front.," HEIGHT="47" WIDTH="165" VPOS="2813" HPOS="1051"/>
<SP HEIGHT="49" WIDTH="29" VPOS="2811" HPOS="1217"/>
<String CONTENT="illus." HEIGHT="41" WIDTH="129" VPOS="2811" HPOS="1247"/>
<SP HEIGHT="49" WIDTH="27" VPOS="2811" HPOS="1377"/>
<String CONTENT="(maps)" HEIGHT="51" WIDTH="187" VPOS="2811" HPOS="1405"/>
<SP HEIGHT="49" WIDTH="36" VPOS="2813" HPOS="1593"/>
<String CONTENT="plates," HEIGHT="48" WIDTH="172" VPOS="2813" HPOS="1630"/>
<SP HEIGHT="46" WIDTH="27" VPOS="2813" HPOS="1803"/>
<String CONTENT="diagr." HEIGHT="49" WIDTH="156" VPOS="2811" HPOS="1831"/>
<SP HEIGHT="39" WIDTH="60" VPOS="2813" HPOS="1988"/>
<String CS="1" CONTENT="23&#189;&#7580;&#7504;." HEIGHT="42" WIDTH="148" VPOS="2812" HPOS="2049"/>
</TextLine>
<TextLine HEIGHT="53" WIDTH="2002" VPOS="2867" HPOS="361" STYLEREFS="StyleId-3FC8830E-83B5-466E-BC3A-27001FF70851-">
<String CONTENT="&#169;" HEIGHT="53" WIDTH="53" VPOS="2867" HPOS="361"/>
<SP HEIGHT="53" WIDTH="28" VPOS="2867" HPOS="415"/>
<String CONTENT="June" HEIGHT="39" WIDTH="127" VPOS="2873" HPOS="444"/>
<SP HEIGHT="40" WIDTH="25" VPOS="2871" HPOS="572"/>
<String CONTENT="18," HEIGHT="48" WIDTH="69" VPOS="2871" HPOS="598"/>
<SP HEIGHT="48" WIDTH="27" VPOS="2871" HPOS="668"/>
<String CONTENT="1928;" HEIGHT="47" WIDTH="141" VPOS="2870" HPOS="696"/>
<SP HEIGHT="47" WIDTH="28" VPOS="2870" HPOS="838"/>
<String CONTENT="2c." HEIGHT="42" WIDTH="68" VPOS="2870" HPOS="867"/>
<SP HEIGHT="41" WIDTH="27" VPOS="2871" HPOS="936"/>
<String CONTENT="June" HEIGHT="40" WIDTH="128" VPOS="2871" HPOS="964"/>
<SP HEIGHT="41" WIDTH="24" VPOS="2870" HPOS="1093"/>
<String CONTENT="20;" HEIGHT="48" WIDTH="84" VPOS="2869" HPOS="1118"/>
<SP HEIGHT="37" WIDTH="30" VPOS="2880" HPOS="1203"/>
<String CONTENT="aff." HEIGHT="42" WIDTH="82" VPOS="2869" HPOS="1234"/>
<SP HEIGHT="43" WIDTH="27" VPOS="2868" HPOS="1317"/>
<String CONTENT="June" HEIGHT="41" WIDTH="128" VPOS="2868" HPOS="1345"/>
<SP HEIGHT="39" WIDTH="24" VPOS="2870" HPOS="1474"/>
<String CONTENT="28;" HEIGHT="48" WIDTH="85" VPOS="2870" HPOS="1499"/>
<SP HEIGHT="48" WIDTH="27" VPOS="2870" HPOS="1585"/>
<!-- cceid 235C70EC-6CB2-1014-A20E-B9D6251C946A --><String CONTENT="A" HEIGHT="39" WIDTH="43" VPOS="2870" HPOS="1613"/>
<SP HEIGHT="40" WIDTH="25" VPOS="2870" HPOS="1657"/>
<String CONTENT="1082290;" HEIGHT="48" WIDTH="231" VPOS="2869" HPOS="1683"/>
<SP HEIGHT="48" WIDTH="32" VPOS="2869" HPOS="1915"/>
<String CONTENT="Columbia" HEIGHT="41" WIDTH="252" VPOS="2869" HPOS="1948"/>
<SP HEIGHT="29" WIDTH="29" VPOS="2881" HPOS="2201"/>
<String CONTENT="univ." HEIGHT="42" WIDTH="132" VPOS="2870" HPOS="2231"/>
</TextLine>
<TextLine HEIGHT="50" WIDTH="503" VPOS="2927" HPOS="428" STYLEREFS="StyleId-3FC8830E-83B5-466E-BC3A-27001FF70851-">
<String CONTENT="press." HEIGHT="38" WIDTH="151" VPOS="2939" HPOS="428"/>
<SP HEIGHT="49" WIDTH="69" VPOS="2927" HPOS="580"/>
<String CONTENT="(28-16787)" HEIGHT="49" WIDTH="281" VPOS="2927" HPOS="650"/>
</TextLine>
<TextLine HEIGHT="71" WIDTH="824" VPOS="3021" HPOS="358" STYLEREFS="StyleId-417B4EFB-36EF-4917-B32D-171C5052B6AE-">
<String CONTENT="Ohio." HEIGHT="55" WIDTH="170" VPOS="3023" HPOS="358"/>
<SP HEIGHT="53" WIDTH="75" VPOS="3023" HPOS="529"/>
<String CONTENT="Courts" HEIGHT="53" WIDTH="206" VPOS="3023" HPOS="605"/>
<SP HEIGHT="35" WIDTH="27" VPOS="3041" HPOS="812"/>
<String CONTENT="of" HEIGHT="70" WIDTH="64" VPOS="3022" HPOS="840"/>
<SP HEIGHT="70" WIDTH="26" VPOS="3022" HPOS="905"/>
<String CONTENT="appeals." HEIGHT="69" WIDTH="250" VPOS="3021" HPOS="932"/>
</TextLine>
<TextLine HEIGHT="71" WIDTH="1934" VPOS="3099" HPOS="430" CS="1">
<String CONTENT="Reports" HEIGHT="68" WIDTH="248" VPOS="3102" HPOS="430"/>
<SP HEIGHT="34" WIDTH="38" VPOS="3120" HPOS="679"/>
<String CONTENT="of" HEIGHT="53" WIDTH="63" VPOS="3100" HPOS="718"/>
<SP HEIGHT="53" WIDTH="40" VPOS="3100" HPOS="782"/>
<String CONTENT="cases" HEIGHT="34" WIDTH="151" VPOS="3119" HPOS="823"/>
<SP HEIGHT="34" WIDTH="38" VPOS="3119" HPOS="975"/>
<String CONTENT="argued" HEIGHT="69" WIDTH="215" VPOS="3099" HPOS="1014"/>
<SP HEIGHT="53" WIDTH="40" VPOS="3099" HPOS="1230"/>
<String CONTENT="and" HEIGHT="53" WIDTH="114" VPOS="3099" HPOS="1271"/>
<SP HEIGHT="53" WIDTH="38" VPOS="3099" HPOS="1386"/>
<String CONTENT="determined" HEIGHT="53" WIDTH="353" VPOS="3099" HPOS="1425"/>
<SP HEIGHT="52" WIDTH="42" VPOS="3100" HPOS="1779"/>
<String CS="1" CONTENT="&#8230;"/>
<SP HEIGHT="52" WIDTH="77" VPOS="3100" HPOS="1879"/>
<String CONTENT="Reported" HEIGHT="68" WIDTH="293" VPOS="3100" HPOS="1957"/>
<SP HEIGHT="53" WIDTH="36" VPOS="3099" HPOS="2251"/>
<String CONTENT="by" HEIGHT="68" WIDTH="76" VPOS="3099" HPOS="2288"/>
</TextLine>
<TextLine HEIGHT="71" WIDTH="2003" VPOS="3177" HPOS="359">
<String CONTENT="J." HEIGHT="53" WIDTH="57" VPOS="3182" HPOS="359"/>
<SP HEIGHT="53" WIDTH="33" VPOS="3181" HPOS="417"/>
<String CONTENT="L." HEIGHT="51" WIDTH="64" VPOS="3181" HPOS="451"/>
<SP HEIGHT="54" WIDTH="31" VPOS="3181" HPOS="516"/>
<String CONTENT="W." HEIGHT="54" WIDTH="91" VPOS="3181" HPOS="548"/>
<SP HEIGHT="52" WIDTH="33" VPOS="3180" HPOS="640"/>
<String CONTENT="Henney," HEIGHT="68" WIDTH="262" VPOS="3180" HPOS="674"/>
<SP HEIGHT="68" WIDTH="31" VPOS="3178" HPOS="937"/>
<String CONTENT="Court" HEIGHT="54" WIDTH="183" VPOS="3178" HPOS="969"/>
<SP HEIGHT="47" WIDTH="26" VPOS="3183" HPOS="1153"/>
<String CONTENT="of" HEIGHT="53" WIDTH="66" VPOS="3177" HPOS="1180"/>
<SP HEIGHT="52" WIDTH="32" VPOS="3177" HPOS="1247"/>
<String CONTENT="appeals" HEIGHT="66" WIDTH="236" VPOS="3179" HPOS="1280"/>
<SP HEIGHT="33" WIDTH="27" VPOS="3197" HPOS="1517"/>
<String CONTENT="reporter," HEIGHT="63" WIDTH="277" VPOS="3183" HPOS="1545"/>
<SP HEIGHT="68" WIDTH="30" VPOS="3177" HPOS="1823"/>
<String CONTENT="Clinton" HEIGHT="54" WIDTH="237" VPOS="3177" HPOS="1854"/>
<SP HEIGHT="54" WIDTH="32" VPOS="3177" HPOS="2092"/>
<String CONTENT="Collins," HEIGHT="68" WIDTH="237" VPOS="3177" HPOS="2125"/>
</TextLine>
<TextLine HEIGHT="149" WIDTH="1979" VPOS="3255" HPOS="358" CS="1">
<String LANG="fr" CONTENT="H." HEIGHT="53" WIDTH="78" VPOS="3259" HPOS="358"/>
<SP HEIGHT="52" WIDTH="35" VPOS="3260" HPOS="437"/>
<String CONTENT="L." HEIGHT="51" WIDTH="65" VPOS="3260" HPOS="473"/>
<SP HEIGHT="54" WIDTH="38" VPOS="3258" HPOS="539"/>
<String CONTENT="Connett," HEIGHT="66" WIDTH="265" VPOS="3258" HPOS="578"/>
<SP HEIGHT="48" WIDTH="34" VPOS="3276" HPOS="844"/>
<String CONTENT="assistant" HEIGHT="53" WIDTH="268" VPOS="3257" HPOS="879"/>
<SP HEIGHT="47" WIDTH="35" VPOS="3262" HPOS="1148"/>
<String CONTENT="reporters," HEIGHT="63" WIDTH="302" VPOS="3261" HPOS="1184"/>
<SP HEIGHT="33" WIDTH="74" VPOS="3275" HPOS="1487"/>
<String CONTENT="v." HEIGHT="34" WIDTH="51" VPOS="3275" HPOS="1562"/>
<SP HEIGHT="50" WIDTH="35" VPOS="3259" HPOS="1614"/>
<String CONTENT="24." HEIGHT="50" WIDTH="83" VPOS="3259" HPOS="1650"/>
<SP HEIGHT="55" WIDTH="75" VPOS="3255" HPOS="1734"/>
<String CONTENT="Official" HEIGHT="55" WIDTH="220" VPOS="3255" HPOS="1810"/>
<SP HEIGHT="52" WIDTH="34" VPOS="3257" HPOS="2031"/>
<String CONTENT="ed." HEIGHT="53" WIDTH="84" VPOS="3256" HPOS="2066"/>
<SP HEIGHT="55" WIDTH="76" VPOS="3255" HPOS="2151"/>
<String CONTENT="Cincinnati," HEIGHT="149" WIDTH="1977" VPOS="3255" HPOS="360"/>
</TextLine>
<TextLine HEIGHT="69" WIDTH="1730" VPOS="3333" HPOS="632" CS="1">
<String CONTENT="The" HEIGHT="51" WIDTH="123" VPOS="3337" HPOS="632"/>
<SP HEIGHT="55" WIDTH="32" VPOS="3335" HPOS="756"/>
<String CONTENT="Ohio" HEIGHT="55" WIDTH="151" VPOS="3335" HPOS="789"/>
<SP HEIGHT="52" WIDTH="34" VPOS="3336" HPOS="941"/>
<String CONTENT="law" HEIGHT="51" WIDTH="111" VPOS="3336" HPOS="976"/>
<SP HEIGHT="33" WIDTH="35" VPOS="3353" HPOS="1088"/>
<String CONTENT="reporter" HEIGHT="63" WIDTH="259" VPOS="3339" HPOS="1124"/>
<SP HEIGHT="33" WIDTH="34" VPOS="3353" HPOS="1384"/>
<String CS="1" CONTENT="co.;" HEIGHT="33" WIDTH="79" VPOS="3353" HPOS="1419"/>
<SP/>
<String CONTENT="Cleveland," HEIGHT="68" WIDTH="329" VPOS="3333" HPOS="1570"/>
<SP HEIGHT="67" WIDTH="34" VPOS="3334" HPOS="1900"/>
<String CONTENT="The" HEIGHT="52" WIDTH="124" VPOS="3334" HPOS="1935"/>
<SP HEIGHT="51" WIDTH="32" VPOS="3335" HPOS="2060"/>
<String CONTENT="Baldwin" HEIGHT="52" WIDTH="269" VPOS="3334" HPOS="2093"/>
</TextLine>
<TextLine HEIGHT="66" WIDTH="283" VPOS="3417" HPOS="357">
<String CONTENT="co.," HEIGHT="48" WIDTH="100" VPOS="3435" HPOS="357"/>
<SP HEIGHT="64" WIDTH="30" VPOS="3419" HPOS="458"/>
<String CONTENT="1928." HEIGHT="51" WIDTH="151" VPOS="3417" HPOS="489"/>
</TextLine>
<TextLine HEIGHT="49" WIDTH="417" VPOS="3497" HPOS="425" STYLEREFS="StyleId-3FC8830E-83B5-466E-BC3A-27001FF70851-" CS="1">
<String CONTENT="lii," HEIGHT="48" WIDTH="69" VPOS="3498" HPOS="425"/>
<SP HEIGHT="48" WIDTH="20" VPOS="3498" HPOS="495"/>
<String CONTENT="699" HEIGHT="40" WIDTH="86" VPOS="3498" HPOS="516"/>
<SP HEIGHT="48" WIDTH="18" VPOS="3498" HPOS="603"/>
<String CONTENT="p." HEIGHT="37" WIDTH="43" VPOS="3509" HPOS="622"/>
<SP HEIGHT="40" WIDTH="57" VPOS="3497" HPOS="666"/>
<String CONTENT="22" HEIGHT="40" WIDTH="60" VPOS="3497" HPOS="724"/>
<String STYLE="superscript" CS="1" CONTENT="&#7580;&#7504;"/>
<String CONTENT="." HEIGHT="8" WIDTH="8" VPOS="3530" HPOS="834"/>
</TextLine>
<TextLine HEIGHT="53" WIDTH="1999" VPOS="3551" HPOS="360" STYLEREFS="StyleId-3FC8830E-83B5-466E-BC3A-27001FF70851-" CS="1">
<String CONTENT="&#169;" HEIGHT="53" WIDTH="53" VPOS="3551" HPOS="360"/>
<SP HEIGHT="53" WIDTH="25" VPOS="3551" HPOS="414"/>
<String CONTENT="July" HEIGHT="47" WIDTH="116" VPOS="3556" HPOS="440"/>
<SP HEIGHT="49" WIDTH="23" VPOS="3554" HPOS="557"/>
<String CONTENT="6," HEIGHT="48" WIDTH="39" VPOS="3554" HPOS="581"/>
<SP HEIGHT="47" WIDTH="24" VPOS="3555" HPOS="621"/>
<String CS="1" CONTENT="1928;" HEIGHT="40" WIDTH="114" VPOS="3554" HPOS="646"/>
<SP/>
<String CONTENT="2c." HEIGHT="40" WIDTH="68" VPOS="3554" HPOS="814"/>
<SP HEIGHT="30" WIDTH="25" VPOS="3564" HPOS="883"/>
<String CONTENT="and" HEIGHT="39" WIDTH="96" VPOS="3554" HPOS="909"/>
<SP HEIGHT="39" WIDTH="24" VPOS="3554" HPOS="1006"/>
<String CONTENT="aff." HEIGHT="41" WIDTH="82" VPOS="3552" HPOS="1031"/>
<SP HEIGHT="41" WIDTH="25" VPOS="3552" HPOS="1114"/>
<String CONTENT="July" HEIGHT="47" WIDTH="116" VPOS="3552" HPOS="1140"/>
<SP HEIGHT="48" WIDTH="24" VPOS="3551" HPOS="1257"/>
<String CONTENT="9;" HEIGHT="48" WIDTH="52" VPOS="3551" HPOS="1282"/>
<SP HEIGHT="47" WIDTH="27" VPOS="3552" HPOS="1335"/>
<!-- cceid 235CE70C-6CB2-1014-A20E-B9D6251C946A --><String CONTENT="A" HEIGHT="39" WIDTH="43" VPOS="3552" HPOS="1363"/>
<SP HEIGHT="39" WIDTH="22" VPOS="3552" HPOS="1407"/>
<String CONTENT="1082418;" HEIGHT="48" WIDTH="230" VPOS="3552" HPOS="1430"/>
<SP HEIGHT="47" WIDTH="27" VPOS="3553" HPOS="1661"/>
<String CONTENT="J." HEIGHT="41" WIDTH="45" VPOS="3553" HPOS="1689"/>
<SP HEIGHT="41" WIDTH="24" VPOS="3553" HPOS="1735"/>
<String LANG="fr" CONTENT="L." HEIGHT="41" WIDTH="53" VPOS="3553" HPOS="1760"/>
<SP HEIGHT="41" WIDTH="23" VPOS="3553" HPOS="1814"/>
<String CONTENT="W." HEIGHT="40" WIDTH="73" VPOS="3553" HPOS="1838"/>
<SP HEIGHT="41" WIDTH="25" VPOS="3552" HPOS="1912"/>
<String CONTENT="Henney" HEIGHT="47" WIDTH="205" VPOS="3552" HPOS="1938"/>
<SP HEIGHT="48" WIDTH="24" VPOS="3551" HPOS="2144"/>
<String CONTENT="for" HEIGHT="40" WIDTH="82" VPOS="3551" HPOS="2169"/>
<SP HEIGHT="39" WIDTH="23" VPOS="3553" HPOS="2252"/>
<String CONTENT="the" HEIGHT="41" WIDTH="83" VPOS="3551" HPOS="2276"/>
</TextLine>
<TextLine HEIGHT="49" WIDTH="741" VPOS="3609" HPOS="429" STYLEREFS="StyleId-3FC8830E-83B5-466E-BC3A-27001FF70851-">
<String CONTENT="state" HEIGHT="39" WIDTH="129" VPOS="3614" HPOS="429"/>
<SP HEIGHT="29" WIDTH="21" VPOS="3622" HPOS="559"/>
<String CONTENT="of" HEIGHT="40" WIDTH="52" VPOS="3611" HPOS="581"/>
<SP HEIGHT="40" WIDTH="21" VPOS="3611" HPOS="634"/>
<String CONTENT="Ohio," HEIGHT="47" WIDTH="135" VPOS="3611" HPOS="656"/>
<SP HEIGHT="48" WIDTH="24" VPOS="3610" HPOS="792"/>
<String CONTENT="Columbus," HEIGHT="49" WIDTH="276" VPOS="3609" HPOS="817"/>
<SP HEIGHT="49" WIDTH="23" VPOS="3609" HPOS="1094"/>
<String CONTENT="O." HEIGHT="40" WIDTH="52" VPOS="3609" HPOS="1118"/>
</TextLine>
<TextLine HEIGHT="65" WIDTH="1041" VPOS="3703" HPOS="357" STYLEREFS="StyleId-BEE18D52-A1F9-447F-B6D0-D716FF7F41B5-">
<String CONTENT="Patterson," HEIGHT="62" WIDTH="340" VPOS="3706" HPOS="357"/>
<SP HEIGHT="62" WIDTH="34" VPOS="3706" HPOS="698"/>
<String CONTENT="Ernest" HEIGHT="52" WIDTH="220" VPOS="3706" HPOS="733"/>
<SP HEIGHT="52" WIDTH="32" VPOS="3706" HPOS="954"/>
<String CONTENT="Minor," HEIGHT="62" WIDTH="212" VPOS="3704" HPOS="987"/>
<SP HEIGHT="58" WIDTH="37" VPOS="3708" HPOS="1200"/>
<String CONTENT="1879-" HEIGHT="54" WIDTH="160" VPOS="3703" HPOS="1238"/>
</TextLine>
<TextLine HEIGHT="136" WIDTH="1974" VPOS="3780" HPOS="360" CS="1">
<String CONTENT="Tests" HEIGHT="53" WIDTH="164" VPOS="3785" HPOS="431"/>
<SP HEIGHT="34" WIDTH="28" VPOS="3803" HPOS="596"/>
<String CONTENT="of" HEIGHT="52" WIDTH="63" VPOS="3784" HPOS="625"/>
<SP HEIGHT="52" WIDTH="29" VPOS="3784" HPOS="689"/>
<String CONTENT="a" HEIGHT="33" WIDTH="31" VPOS="3803" HPOS="719"/>
<SP HEIGHT="53" WIDTH="31" VPOS="3783" HPOS="751"/>
<String CONTENT="foreign" HEIGHT="69" WIDTH="230" VPOS="3783" HPOS="783"/>
<SP HEIGHT="51" WIDTH="27" VPOS="3801" HPOS="1014"/>
<String CONTENT="government" HEIGHT="66" WIDTH="374" VPOS="3786" HPOS="1042"/>
<SP HEIGHT="52" WIDTH="26" VPOS="3782" HPOS="1417"/>
<String CONTENT="bond," HEIGHT="67" WIDTH="172" VPOS="3782" HPOS="1444"/>
<SP HEIGHT="68" WIDTH="29" VPOS="3781" HPOS="1617"/>
<String CONTENT="by" HEIGHT="69" WIDTH="75" VPOS="3781" HPOS="1647"/>
<SP HEIGHT="69" WIDTH="30" VPOS="3781" HPOS="1723"/>
<String CONTENT="Ernest" HEIGHT="52" WIDTH="211" VPOS="3781" HPOS="1754"/>
<SP HEIGHT="53" WIDTH="28" VPOS="3780" HPOS="1966"/>
<String CONTENT="Minor" HEIGHT="53" WIDTH="195" VPOS="3780" HPOS="1995"/>
<SP HEIGHT="53" WIDTH="30" VPOS="3780" HPOS="2191"/>
<String CONTENT="Patterson" HEIGHT="136" WIDTH="1974" VPOS="3780" HPOS="360"/>
<SP HEIGHT="33" WIDTH="30" VPOS="3882" HPOS="553"/>
<String CS="1" CONTENT="&#8230;"/>
<SP HEIGHT="53" WIDTH="76" VPOS="3862" HPOS="642"/>
<String CONTENT="New" HEIGHT="52" WIDTH="139" VPOS="3862" HPOS="719"/>
</TextLine>
<TextLine HEIGHT="70" WIDTH="1149" VPOS="3858" HPOS="886">
<String CONTENT="York," HEIGHT="67" WIDTH="181" VPOS="3861" HPOS="886"/>
<SP HEIGHT="67" WIDTH="24" VPOS="3861" HPOS="1068"/>
<String CONTENT="Payson" HEIGHT="67" WIDTH="231" VPOS="3861" HPOS="1093"/>
<SP HEIGHT="34" WIDTH="27" VPOS="3878" HPOS="1325"/>
<String CONTENT="and" HEIGHT="52" WIDTH="113" VPOS="3860" HPOS="1353"/>
<SP HEIGHT="55" WIDTH="28" VPOS="3858" HPOS="1467"/>
<String CONTENT="Clarke" HEIGHT="55" WIDTH="210" VPOS="3858" HPOS="1496"/>
<SP HEIGHT="52" WIDTH="24" VPOS="3859" HPOS="1707"/>
<String CONTENT="ltd.," HEIGHT="67" WIDTH="123" VPOS="3859" HPOS="1732"/>
<SP HEIGHT="64" WIDTH="28" VPOS="3862" HPOS="1856"/>
<String CONTENT="1928." HEIGHT="50" WIDTH="150" VPOS="3861" HPOS="1885"/>
</TextLine>
<TextLine HEIGHT="51" WIDTH="879" VPOS="3943" HPOS="428" STYLEREFS="StyleId-3FC8830E-83B5-466E-BC3A-27001FF70851-" CS="1">
<String CONTENT="2" HEIGHT="38" WIDTH="27" VPOS="3946" HPOS="428"/>
<SP HEIGHT="48" WIDTH="29" VPOS="3946" HPOS="456"/>
<String LANG="fr" CONTENT="p." HEIGHT="39" WIDTH="44" VPOS="3955" HPOS="486"/>
<SP HEIGHT="41" WIDTH="28" VPOS="3946" HPOS="531"/>
<String CS="1" CONTENT="l.," HEIGHT="17" WIDTH="8" VPOS="3975" HPOS="598"/>
<SP HEIGHT="48" WIDTH="30" VPOS="3944" HPOS="607"/>
<String CONTENT="3-224" HEIGHT="40" WIDTH="145" VPOS="3944" HPOS="638"/>
<SP HEIGHT="48" WIDTH="30" VPOS="3944" HPOS="784"/>
<String CONTENT="p." HEIGHT="38" WIDTH="44" VPOS="3954" HPOS="815"/>
<SP HEIGHT="40" WIDTH="58" VPOS="3944" HPOS="860"/>
<String CONTENT="diagrs." HEIGHT="49" WIDTH="181" VPOS="3943" HPOS="919"/>
<SP HEIGHT="40" WIDTH="56" VPOS="3944" HPOS="1101"/>
<String CS="1" CONTENT="23&#189;&#7580;&#7504;." HEIGHT="40" WIDTH="149" VPOS="3943" HPOS="1158"/>
</TextLine>
<TextLine HEIGHT="55" WIDTH="1994" VPOS="3996" HPOS="360" STYLEREFS="StyleId-3FC8830E-83B5-466E-BC3A-27001FF70851-" CS="1">
<String CONTENT="&#169;" HEIGHT="52" WIDTH="52" VPOS="3999" HPOS="360"/>
<SP HEIGHT="52" WIDTH="27" VPOS="3999" HPOS="413"/>
<String CONTENT="May" HEIGHT="46" WIDTH="113" VPOS="4004" HPOS="441"/>
<SP HEIGHT="48" WIDTH="24" VPOS="4002" HPOS="555"/>
<String CONTENT="5," HEIGHT="47" WIDTH="39" VPOS="4002" HPOS="580"/>
<SP HEIGHT="47" WIDTH="25" VPOS="4002" HPOS="620"/>
<String CS="1" CONTENT="1928;" HEIGHT="40" WIDTH="117" VPOS="4002" HPOS="646"/>
<SP/>
<String CONTENT="2c." HEIGHT="40" WIDTH="67" VPOS="4002" HPOS="815"/>
<SP HEIGHT="40" WIDTH="26" VPOS="4002" HPOS="883"/>
<String CONTENT="June" HEIGHT="39" WIDTH="127" VPOS="4002" HPOS="910"/>
<SP HEIGHT="39" WIDTH="22" VPOS="4002" HPOS="1038"/>
<String CS="1" CONTENT="26;" HEIGHT="39" WIDTH="57" VPOS="4001" HPOS="1061"/>
<SP/>
<String CONTENT="aff." HEIGHT="41" WIDTH="83" VPOS="4000" HPOS="1174"/>
<SP HEIGHT="41" WIDTH="27" VPOS="4000" HPOS="1258"/>
<String CONTENT="June" HEIGHT="40" WIDTH="127" VPOS="4000" HPOS="1286"/>
<SP HEIGHT="39" WIDTH="22" VPOS="4000" HPOS="1414"/>
<String CS="1" CONTENT="27;" HEIGHT="40" WIDTH="57" VPOS="4000" HPOS="1437"/>
<SP/>
<!-- cceid 235D5B26-6CB2-1014-A20E-B9D6251C946A --><String CONTENT="A" HEIGHT="39" WIDTH="43" VPOS="4000" HPOS="1549"/>
<SP HEIGHT="39" WIDTH="24" VPOS="4000" HPOS="1593"/>
<String CS="1" CONTENT="1083069;" HEIGHT="42" WIDTH="207" VPOS="3998" HPOS="1618"/>
<SP/>
<String CONTENT="Payson" HEIGHT="47" WIDTH="193" VPOS="3999" HPOS="1879"/>
<SP HEIGHT="40" WIDTH="25" VPOS="3998" HPOS="2073"/>
<String CONTENT="&amp;" HEIGHT="40" WIDTH="37" VPOS="3998" HPOS="2099"/>
<SP HEIGHT="42" WIDTH="27" VPOS="3996" HPOS="2137"/>
<String CONTENT="Clarke," HEIGHT="49" WIDTH="189" VPOS="3996" HPOS="2165"/>
</TextLine>
<TextLine HEIGHT="49" WIDTH="438" VPOS="4058" HPOS="426" STYLEREFS="StyleId-3FC8830E-83B5-466E-BC3A-27001FF70851-">
<String CONTENT="ltd." HEIGHT="40" WIDTH="87" VPOS="4060" HPOS="426"/>
<SP HEIGHT="49" WIDTH="68" VPOS="4058" HPOS="514"/>
<String CONTENT="(28-16489)" HEIGHT="49" WIDTH="281" VPOS="4058" HPOS="583"/>
</TextLine>
</TextBlock>
</PrintSpace>
</Page>
</Layout>
</alto>