2498 4384
1199 4142 106 49 202

259 569 2008 69 Laborde, Lomon, Lutier [and others] … 2d ed. Authorized
261 647 247 69 English
545 649 348 52 translation
929 647 153 53 from
1117 649 98 52 the
1253 650 72 52 3d
1361 668 114 34 rev.
1515 649 114 53 and
1666 649 106 52 enl.
1813 649 223 52 French
2075 650 83 52 ed.
2196 650 76 68 by

258 725 1988 148 Louis T. de M. Sajous … with 370 text engravings … Philadelphia,
545 806 65 52 F.
645 806 71 53 A.
749 806 183 53 Davis
964 824 300 51 company,
1301 810 149 50 1928.

327 888 678 49 2 v. illus., diagrs. 24 ᶜᵐ .
327 960 162 48 Paged
511 960 357 48 continuously.

670 1023 32 33 CONTENTS.—I.
734 1017 328 48 Therapeutic
1099 1019 173 46 agents
1308 1019 96 39 and
1440 1018 424 48 procedures.—II.
1899 1018 286 41 Treatment
2220 1016 51 42 of

257 1076 267 47 symptoms
546 1076 97 39 and
664 1075 231 40 diseases.

263 1127 2005 53 © Feb. 10, 1928; 2c. each Feb. 20; aff. Feb. 18; A 1061805; F. A. Davis
333 1200 67 30 co.
472 1188 253 50 (28-5766)

259 1282 296 64 Maxfield,
586 1283 281 64 Kathryn
900 1283 212 54 Erroll.

327 1360 124 54 The
488 1360 165 54 blind
691 1361 156 53 child
886 1362 113 52 and
1038 1360 89 54 his
1168 1360 258 70 reading,
1466 1380 32 34 a
1536 1361 308 53 handbook
1882 1360 94 56 for
2014 1361 256 52 teachers

256 1438 1990 147 of primary Braille reading, by Kathryn E. Maxfield … supervised by
556 1516 218 53 Robert
807 1517 67 52 B.
907 1516 201 68 Irwin,
1198 1560 9 9 M.
1286 1558 28 26 A.,
1347 1516 266 69 director,
1647 1519 230 51 Bureau
1912 1516 64 53 of
2009 1517 261 52 research

257 1595 114 53 and
424 1595 319 67 education,
795 1594 312 53 American
1159 1594 349 53 foundation
1562 1595 94 52 for
1707 1596 97 52 the
1854 1595 181 53 blind.
2130 1594 139 53 New

258 1672 179 69 York,
471 1673 69 53 N.
576 1672 89 68 Y.,
696 1672 311 53 American
1038 1671 349 54 foundation
1419 1672 94 53 for
1544 1674 97 52 the
1669 1672 181 69 blind,
1883 1672 127 69 inc.,
2045 1676 152 50 1928.

325 1755 1441 50 xiv, 215 p. incl. diagr., form, plates, facsims. 20 ᶜᵐ .
326 1813 380 48 Bibliography:
740 1823 43 38 p.
814 1812 220 42 201-211.

261 1865 2007 53 © Feb. 15, 1928; 2c. and aff. Feb. 16; A 1018794; American foundation
326 1927 81 40 for
441 1927 81 40 the
555 1926 149 48 blind,
738 1926 91 40 inc.
900 1924 253 50 (28-5612)

253 2021 190 63 Mead,
475 2019 265 65 Sterling
826 2036 201 47 Vernon,
1061 2023 173 50 1888-

325 2097 1947 70 Diseases of the mouth, by Sterling V. Mead … with 274
255 2178 249 69 original
537 2178 383 53 illustrations
950 2178 62 51 in
1040 2177 97 53 the
1167 2182 124 48 text
1319 2178 114 52 and
1464 2180 66 49 29
1562 2177 112 52 full
1707 2196 147 51 page
1882 2179 155 52 color
2068 2180 201 67 plates.

257 2255 83 56 St.
374 2257 193 67 Louis,
600 2258 123 52 The
758 2255 63 55 C.
855 2257 70 53 Y.
959 2256 206 68 Mosby
1198 2274 299 51 company,
1533 2256 152 54 1927.

322 2338 1627 51 4 p. l., 578 p. illus., xxix (i. e. xxxi) col. pl., diagrs. 25½ ᶜᵐ .
326 2397 350 41 “References”
701 2401 52 37 at
776 2399 91 39 end
892 2397 53 40 of
966 2399 126 38 most
1116 2396 51 40 of
1190 2398 82 39 the
1295 2397 242 48 chapters.

259 2452 52 53 ©
340 2456 103 41 Oct.
469 2455 70 49 29,
567 2455 141 47 1927;
737 2455 69 41 2c.
833 2455 96 40 and
956 2454 83 41 aff.
1068 2454 112 41 Feb.
1208 2454 40 40 6.
1276 2453 142 48 1928;
1448 2454 42 39 A
1516 2453 231 49 1018880;
1780 2453 48 43 C.
1858 2455 54 41 V.
1941 2455 171 47 Mosby
2140 2465 68 31 co.

336 2512 252 50 (28-5767)

249 2609 224 62 Meyer,
503 2607 236 53 Jerome
767 2607 58 54 S.

323 2686 225 53 Advice
576 2704 73 35 on
677 2686 97 52 the
803 2704 128 34 care
960 2684 64 54 of
1050 2684 212 67 babies,
1289 2684 77 68 by
1395 2703 31 34 a
1455 2684 268 53 bachelor
1762 2684 154 70 (who
1948 2685 151 52 can’t
2127 2684 136 53 bear

251 2765 184 69 them)
520 2765 139 53 New
695 2764 180 67 York,
909 2763 208 53 Albert
1146 2765 47 50 &
1226 2762 239 54 Charles
1501 2762 168 68 Boni,
1703 2762 126 69 inc.,
1866 2762 151 54 1927.

322 2849 25 39 1
421 2881 8 9 v.

257 2901 53 52 ©
341 2907 124 39 Mar.
494 2905 71 47 25,
595 2904 115 40 1927
728 2914 8 37 ;
768 2903 68 41 2c.
868 2904 123 40 Mar.
1021 2902 83 48 22;
1138 2901 82 43 aff.
1252 2902 114 48 Apr.
1396 2901 54 48 9;
1482 2903 42 39 A
1553 2901 202 48 972644;
1789 2901 171 41 Albert
1989 2902 37 41 &
2059 2901 205 43 Charles

329 2962 139 48 Boni,
499 2961 92 41 inc.

252 3056 304 64 Michigan
586 3056 285 62 academy
904 3054 64 53 of
1000 3054 248 62 science,
1278 3055 133 51 arts
1439 3053 116 52 and
1586 3052 232 54 letters.

322 3136 221 66 Papers
569 3133 64 54 of
660 3135 96 51 the
781 3133 302 69 Michigan
1110 3132 271 68 academy
1410 3130 64 54 of
1501 3131 230 68 science,
1761 3137 121 47 arts
1907 3132 114 53 and
2047 3132 214 53 letters.

257 3209 1940 71 [v. 8] Editors, Eugene S. McCartney … Peter Okkelberg …
250 3291 140 53 New
432 3291 180 69 York,
652 3291 122 51 The
811 3288 340 54 Macmillan
1187 3305 310 51 company;
1539 3288 260 68 London,
1837 3288 343 53 Macmillan
2215 3290 47 51 &

248 3387 299 51 company,
577 3368 242 67 limited,
852 3370 150 50 1928.

322 3448 1583 52 xiv, 456, viii p. illus. plates, maps, tables, diagrs. 24 ᶜᵐ .
257 3505 52 53 ©
345 3509 113 41 Feb.
492 3508 70 48 29,
598 3508 142 46 1928;
777 3508 69 41 2c.
882 3508 123 40 Mar.
1040 3507 53 46 5;
1132 3506 83 41 aff.
1252 3507 123 39 Mar.
1411 3507 53 45 7;
1503 3505 41 39 A
1577 3505 231 48 1068144;
1848 3507 199 47 Eugene
2084 3506 44 41 S.
326 3506 1917 107 McCartney,

581 3565 110 39 Ann
718 3565 172 39 Arbor.

252 3658 217 64 Millen,
498 3659 88 52 De
615 3658 152 54 Witt
799 3657 254 55 Clinton.

321 3737 123 52 The
484 3735 216 69 college
736 3741 229 62 cut-up;
1008 3754 81 48 or,
1127 3735 226 52 Letters
1394 3734 153 52 from
1587 3733 149 55 Jack
1771 3739 59 47 to
1870 3734 152 68 Dad,
2061 3733 77 69 by
2175 3734 88 52 De

251 3810 2009 70 Witt C. Millen … Ann Arbor, Edwards brothers, printers,
308 3892 117 54 ᶜ1 927.
320 3976 26 39 2
377 3987 44 38 p.
489 4007 8 16 l.,
534 3974 147 51 [7]-98
711 3986 43 37 p.
814 3973 130 43 illus.
973 3973 174 50 (port.)
1214 3973 149 42 18½ᶜᵐ.

260 4025 51 53 ©
338 4032 113 39 Dec.
479 4031 69 47 27,
575 4030 141 48 1927;
747 4030 67 40 2c.
841 4030 111 40 Feb.
981 4030 38 47 6,
1047 4029 141 48 1928;
1220 4029 83 40 aff.
1332 4029 111 40 Jan.
1471 4028 82 49 21;
1583 4029 42 38 A
1651 4027 231 50 1018696;
1912 4029 58 40 D.
1999 4028 50 41 C.
2079 4027 182 49 Millen,

325 4088 109 39 Ann
461 4088 169 42 Arbor.
701 4086 252 50 (28-5876)
