2498 4384
1289 4053 135 50 1580

417 490 65 41 At
509 490 124 39 head
662 490 52 40 of
740 490 108 40 title:
906 491 63 40 M.
996 493 58 40 D.
1085 491 199 41 Berlitz.

418 560 124 41 Text
570 572 60 29 on
657 561 364 49 lining-papers.

353 626 51 53 ©
438 632 116 48 July
584 632 70 45 21,
685 632 141 42 1928;
860 632 67 41 2c.
958 632 120 48 Aug.
1109 633 53 45 6;
1197 633 83 40 aff.
1311 633 119 41 Nov.
1462 633 82 48 15;
1578 634 41 39 A
1649 634 231 47 1082905;
1915 637 175 40 Estate
2119 636 53 40 of
2203 638 63 40 M.
2298 638 57 39 D.

422 689 198 47 Berlitz,
661 689 54 40 V.
755 688 464 48 Harrison-Berlitz,
1260 693 245 44 executor,
1545 691 118 40 New
1702 692 146 40 York.
1937 688 52 52 [©
2030 703 108 30 new
2178 695 182 38 matter

422 745 61 48 by
510 745 311 40 Maximilian
849 746 58 40 D.
935 745 199 42 Berlitz.
1190 746 330 41 Posthumous
1548 747 316 51 publication]

431 802 283 49 (28-19188)

348 896 199 64 Beyle,
582 898 264 53 Herman
883 899 209 62 Carey.

422 974 448 56 Governmental
908 975 301 70 reporting
1247 976 60 53 in
1346 976 272 71 Chicago,
1652 977 77 69 by
1765 978 261 53 Herman

2066 978 63 56 C.
2168 980 191 68 Beyle.

351 1050 272 72 Chicago,
652 1054 115 65 Ill.,
796 1053 121 54 The
945 1053 343 69 University
1315 1054 65 54 of
1410 1054 253 70 Chicago
1692 1074 158 49 press
1885 1059 174 64 [1928]

422 1137 138 48 xxiii,
589 1137 86 41 303
707 1148 42 37 p.
809 1138 165 47 front.,
1006 1137 129 41 illus.
1164 1138 162 48 (map)
1366 1139 172 49 plates,
1568 1138 232 44 facsims.,
1832 1139 180 47 diagrs.
2040 1140 137 49 (part
2207 1141 144 45 fold.)

349 1193 55 41 21½ᶜᵐ.
568 1193 302 50 (Half-title:
899 1193 159 43 Social
1087 1194 188 41 science
1304 1195 203 42 studies,
1535 1195 216 41 directed
1780 1197 62 47 by
1869 1196 83 40 the
1979 1196 143 41 Local
350 1204 1992 99 community

484 1251 226 40 research
738 1249 277 43 committee
1041 1251 52 40 of
1119 1252 82 39 the
1230 1250 285 49 University
1541 1252 51 41 of
1619 1252 225 48 Chicago,
1871 1264 76 29 no.
1973 1251 58 48 x)

423 1321 148 40 “This
599 1322 192 39 volume
820 1320 50 40 in
899 1320 68 41 its
993 1321 207 47 original
1233 1321 129 40 form
1390 1331 105 31 was
1522 1331 29 32 a
1581 1323 220 40 doctoral
1831 1322 320 42 dissertation
2198 1324 53 40 [of
2280 1326 82 39 the

351 1377 286 48 University
668 1378 52 40 of
751 1375 366 52 Chicago]”—p.
1148 1377 66 41 xi.

425 1434 445 49 “Bibliographical
904 1432 141 44 note”:
1110 1445 44 38 p.
1186 1434 221 41 274-291.

354 1500 51 53 ©
435 1506 127 40 June
588 1505 70 47 29,
687 1505 142 46 1928;
858 1505 67 40 2c.
955 1504 103 42 Oct.
1086 1504 83 47 13;
1200 1504 84 41 aff.
1313 1505 103 40 Oct.
1445 1504 53 47 1;
1528 1504 40 40 A
1597 1504 230 48 1054962;
1859 1504 287 50 University
2174 1506 52 41 of
421 1503 1922 110 Chicago,
585 1561 225 48 Chicago.
879 1559 283 55 (28-24179)

350 1656 187 54 Bible.
610 1656 331 55 Selections.
1016 1656 267 67 English.

426 1734 167 53 Bible
618 1735 212 52 lessons
858 1732 95 54 for
979 1734 95 53 the
1103 1732 242 71 Sunday
1371 1733 272 70 evenings
1669 1732 65 55 of
1758 1734 97 53 the
1884 1734 298 56 Christian
2210 1754 152 51 year.

355 1813 218 53 Boston
597 1813 113 52 and
736 1812 140 53 New
901 1810 181 69 York,
1106 1812 320 69 Houghton
1453 1811 206 53 Mifflin
1684 1830 300 52 company,
2012 1815 152 52 1928.

427 1892 405 51 viii, 227 p. 19 ᶜᵐ.
428 1965 302 46 “Voluntary
770 1963 276 42 committee
1084 1964 237 48 selecting
1358 1965 96 39 and
1495 1963 267 50 arranging
1804 1965 99 40 this
1941 1964 302 50 lectionary:
2287 1968 79 41 Rt.

358 2023 117 41 Rev.
502 2022 204 41 Charles
735 2021 158 40 Lewis
923 2020 231 49 Slattery,
1181 2032 41 30 d.
1251 2032 54 37 d.,
1335 2022 117 39 Rev.
1480 2021 54 40 T.
1562 2022 73 41 W.
1664 2021 193 49 Harris,
1886 2033 86 30 ph.
2001 2034 56 36 d.,
2090 2025 116 39 Rev.
2237 2024 128 41 John

358 2079 64 41 M.
449 2079 198 48 Groton,
673 2080 91 39 Mr.
793 2078 204 42 Charles
1025 2080 63 38 M.
1116 2078 234 43 Clement,
1380 2078 90 41 Mr.
1498 2078 189 41 Arthur
1716 2079 46 40 S.
1790 2080 251 40 Browne.”

429 2136 414 40 “Recommended
875 2136 62 46 by
970 2135 81 41 the
1084 2135 322 41 Commission
1439 2146 61 29 on
1533 2137 83 39 the
1648 2136 213 40 revision
1894 2136 52 41 of
1980 2138 82 39 the
2095 2137 272 49 lectionary

356 2193 53 40 of
435 2195 82 38 the
544 2193 208 40 General
778 2191 289 43 convention
1094 2192 79 39 for
1201 2202 86 30 use
1312 2192 50 39 in
1389 2193 82 40 the
1499 2191 259 51 Episcopal
1787 2193 226 41 church.”

356 2260 51 53 ©
439 2266 102 41 Oct.
568 2265 69 47 13,
666 2265 140 41 1928;
836 2265 68 39 2c.
933 2263 103 42 Oct.
1064 2265 56 39 15:
1177 2263 84 40 aff.
1291 2264 103 41 Oct.
1423 2264 83 46 16;
1536 2264 42 40 A
1604 2265 84 47 48;
1720 2266 264 47 Houghton
2016 2265 170 41 Mifflin
2215 2277 68 31 co.

435 2321 281 49 (28-23932)

347 2418 132 65 Bill,
508 2417 195 54 Annie
733 2417 62 55 C.

427 2492 1877 75 The design in “Christ and Christmas”, by Annie C. Bill …
353 2572 407 71 Washington,
788 2573 73 53 D.
890 2571 82 70 C.,
999 2573 262 68 London,
1290 2573 168 69 Eng.,
1487 2573 71 53 A.
1587 2574 72 52 A.
1689 2573 390 71 Beauchamp,
2108 2579 151 51 1928.

427 2656 86 41 115
542 2667 45 37 p.
646 2654 56 41 19½ᶜᵐ.

357 2724 51 53 ©
443 2729 102 40 Oct.
576 2728 70 48 11,
676 2727 115 40 1928;
851 2727 67 39 2c.
949 2726 97 41 and
1076 2725 84 42 aff.
1192 2726 104 40 Oct.
1328 2726 55 39 15;
1444 2726 42 39 A
1515 2725 205 42 1053995;
1779 2727 159 42 Annie
1968 2729 50 41 C.
2051 2728 113 50 Bill,
426 2728 1921 108 Washington.
678 2782 282 51 (28-23930)

353 2878 275 64 Blareau,
663 2876 280 55 Ludovic.

493 2953 1875 74 … L’art musical par l’analyse et le commentaire des œuvres
357 3035 32 52 à
418 3035 171 53 l’aide
621 3035 68 52 de
720 3033 269 55 citations
1021 3033 407 69 thématiques;
1464 3052 394 52 programmes
1890 3041 55 49 et
1977 3037 392 71 instructions,

357 3111 423 71 enseignement
808 3110 345 69 secondaire,
1182 3112 204 53 classes
1416 3112 68 53 de
1514 3112 287 55 troisième
1832 3114 31 52 à
1895 3115 296 69 première.
356 3114 1986 149 Paris,
483 3190 343 69 Delagrave,
862 3191 151 52 1928.

429 3269 921 54 223, [1] p. illus. (music) 19 ½ᶜᵐ .
359 3340 2006 57 © Mar. 16, 1928; 1c. June 30; A— Foreign 39507; Librairie Delagrave.
438 3399 282 51 (28-23845)

356 3496 283 62 Bouasse,
671 3495 188 52 Henri
889 3494 203 53 Pierre
1125 3494 279 66 Maxime,
1441 3501 171 50 1866-

353 3569 1993 138 … Résistance des fluides; vol des avions et des oiseaux, hélices et moulins
876 3651 31 51 à
937 3655 152 63 vent,
1118 3669 326 35 manœuvre
1475 3653 97 54 des
1600 3654 245 68 navires,
1875 3673 106 50 par
2010 3655 78 53 H.
2121 3658 248 52 Bouasse

420 3728 824 71 … Paris, Delagrave, 1928.
427 3812 1940 54 483 p., 1 l. diagrs. 25 ᶜᵐ. (Bibliothèque scientifique de l’ingénieur et
355 3869 65 40 du
452 3867 277 49 physicien)

361 3932 1948 59 © Mar. 2, 1928; 1c. June 30; A— Foreign 39512; Librairie Delagrave.
438 3994 283 50 (28-23984)
