2498 4384
1181 4159 105 50 203

196 485 328 60 Moorman,
557 480 222 65 Joseph
811 481 54 51 H
1160 477 85 54 ed.

270 563 249 53 Leaders
560 560 64 54 of
663 561 97 52 the
804 558 226 54 colored
1071 575 127 34 race
1241 556 60 52 in
1343 555 304 67 Alabama,
1690 553 191 53 edited
1921 553 77 69 by
2037 552 58 54 J.
2138 553 77 53 H.

198 631 1958 72 Moorman and E. L. Barrett; biographies by O. O. Sarver …
203 720 302 68 Compiled
555 720 112 51 and
717 716 304 70 published
1068 715 77 68 by
1190 714 123 52 The
1361 713 169 53 News
1576 710 340 70 publishing
1962 728 100 50 co.,
2109 711 108 53 inc.

199 799 622 68 Mobile, Ala. [ ᶜ1 928]
271 874 1320 57 2 p. l., [7]-98 p., 1 l. illus. (incl. ports.) 29 ᶜᵐ .
206 936 52 53 ©
292 940 113 41 Feb.
435 941 41 47 4,
508 939 142 47 1928;
684 938 68 40 2c.
784 937 96 39 and
913 935 83 41 aff.
1030 935 112 40 Feb.
1175 935 84 45 13;
1292 933 42 40 A
1366 931 232 47 1061701;
1634 933 144 39 News
1811 931 110 49 pub.
1954 942 81 37 co.,
2073 931 90 41 inc.

285 997 255 49 (28-5752)

203 1077 365 62 Mozumdar,
599 1074 210 54 Akhar
840 1074 248 53 Kumar.

277 1156 201 54 Christ
513 1173 73 35 on
622 1155 96 52 the
755 1154 141 52 road
934 1151 66 54 of
1035 1153 207 67 today;
1284 1169 35 34 a
1351 1168 266 35 romance
1651 1149 65 53 of
1751 1149 141 68 soul,
1927 1148 77 70 by
2040 1149 73 52 A.
2152 1148 75 53 K.

205 1226 1951 73 Mozumdar … Los Angeles, Messianic publishing co., 1927.
271 1316 569 51 3 p 1., 5-203 p. 20 ᶜᵐ .
210 1372 52 53 ©
289 1376 103 41 Oct.
417 1375 70 48 25,
514 1374 142 47 1927;
684 1374 68 40 2c.
779 1374 97 39 and
902 1371 83 41 aff.
1013 1371 112 41 Feb.
1153 1370 69 43 15,
1251 1369 141 48 1928;
1423 1370 40 39 A
1490 1368 232 48 1061730;
1752 1368 55 41 A.
1836 1368 59 41 K.
1925 1368 301 48 Mozumdar,

281 1434 93 40 Los
405 1433 223 47 Angeles.
700 1429 253 50 (28-5683)

205 1513 369 62 Neubecker,
611 1510 276 63 William,
929 1513 170 49 1864-
1282 1526 181 50 comp.

281 1592 178 54 Short
502 1596 279 63 patterns,
823 1588 170 53 kinks
1037 1589 113 52 and
1193 1586 173 70 quick
1409 1586 263 53 methods
1719 1585 95 54 for
1856 1585 157 54 sheet
2057 1584 175 53 metal

209 1670 267 68 workers,
504 1669 155 67 time,
687 1668 162 52 labor
877 1666 115 53 and
1019 1666 270 53 material
1316 1665 207 69 saving
1552 1664 344 69 procedure;
1929 1664 143 52 with
210 1681 1999 121 convenient
486 1748 263 52 methods

798 1747 114 52 and
960 1745 222 53 devices
1234 1744 94 54 for
1377 1744 278 69 speeding
1703 1761 80 51 up
1833 1743 162 53 work
2042 1743 62 52 in
2155 1743 81 52 all

208 1827 278 53 branches
521 1824 66 55 of
620 1826 97 52 the
753 1826 159 52 sheet
945 1824 176 53 metal
1156 1824 184 67 trade,
1377 1822 306 70 compiled,
1720 1822 193 54 edited
1952 1823 115 52 and
210 1840 2000 118 contributed

504 1910 78 62 to,
620 1904 75 69 by
732 1903 266 54 William
1035 1902 348 54 Neubecker.
1459 1902 142 53 New
1642 1900 185 70 York,
1865 1901 72 54 N.
1980 1901 93 68 Y.,
2112 1901 125 54 The

212 1982 172 56 Sheet
407 1983 177 53 metal
608 1981 361 70 publication
995 1999 303 52 company,
1325 1984 153 51 1928.

283 2064 770 50 543 p. illus., diagrs. 18½ ᶜᵐ .
215 2120 1401 52 © Feb. 9, 1928; 2c. and aff. Feb. 17; A 1061747;
1656 2121 146 42 Sheet
1835 2123 150 38 metal
284 2121 1930 100 publication
419 2191 68 31 co.
559 2179 254 48 (28-5661)

205 2263 147 52 New
385 2262 163 53 York
620 2262 193 69 (State)
899 2262 186 67 Laws,
1116 2267 260 63 statutes,
1410 2269 101 46 etc.

283 2342 122 53 The
435 2341 392 55 consolidated
856 2341 140 55 laws
1026 2340 65 56 of
1120 2340 142 54 New
1293 2341 183 68 York,
1505 2342 331 68 annotated,
1867 2360 61 36 as
1957 2341 279 54 amended

214 2427 58 47 to
306 2422 96 52 the
442 2422 145 53 close
624 2421 64 53 of
722 2421 96 52 the
854 2422 231 68 regular
1124 2419 212 55 session
1376 2419 64 55 of
1475 2421 97 52 the
1609 2421 334 69 legislature
1981 2419 65 55 of
2085 2421 151 54 1927.

213 2501 109 52 Ed.
354 2501 76 68 by
461 2500 230 53 Harold
722 2500 69 52 N.
826 2499 284 70 Eldridge
1144 2500 114 52 and
1289 2500 196 52 Minor
1519 2500 335 70 Bronaugh.
1929 2499 94 54 bk.
2058 2500 178 53 34-A.

210 2579 222 53 Mental
474 2579 246 69 hygiene
763 2580 126 52 law.
965 2579 347 68 Northport,
1353 2579 72 53 N.
1468 2579 91 68 Y.,
1600 2579 257 54 Edward
1899 2579 336 69 Thompson

210 2676 300 50 company,
543 2657 151 54 1927.

286 2741 371 48 168 p. 23½ ᶜᵐ .
221 2794 2018 53 © Oct. 18, 1927; 2c. Mar. 9, 1928; aff. Mar. 8; A 1068182; Edward
289 2856 280 48 Thompson
596 2865 68 31 co.

214 2920 376 64 Newmayer,
624 2921 274 55 Solomon
934 2921 178 63 Weir,
1152 2921 173 54 1877-

350 2999 1891 71 … Health habits, by S. Weir Newmayer … and Edwin C.
217 3078 2003 148 Broome … New York, Cincinnati [etc.] American book company [ ᶜ1 928]
218 3238 2008 107 207 p. incl. col. front., illus. (part col.) 19 ᶜᵐ . (The health and happiness series)
226 3349 52 53 ©
310 3354 112 40 Feb.
453 3354 68 47 11,
554 3353 141 46 1928;
726 3353 70 41 2c.
826 3355 96 38 and
953 3353 84 42 aff.
1069 3354 112 42 Feb.
1214 3354 83 48 16;
1331 3355 41 39 A
1401 3355 205 41 1018799
1626 3366 9 37 ;
1669 3355 262 41 American
1962 3356 126 40 book
2119 3366 69 31 co.

305 3410 253 49 (28-5654)

220 3476 150 64 Nye,
402 3477 154 52 Rose
587 3477 68 53 B.

293 3555 162 68 Holy
501 3555 149 53 book
701 3555 64 53 of
813 3556 339 53 Revelation
1204 3558 375 68 interpreted,
1629 3559 77 69 by
1755 3559 190 55 Yolah
1997 3559 247 53 Rbadah

221 3633 255 69 through
521 3635 96 52 the
661 3635 231 52 mediah
938 3634 183 56 Grace
1168 3636 69 52 E.
1284 3637 231 53 Lobach
1563 3637 355 70 Woodbury.
1995 3638 249 67 Denver,

224 3711 139 69 Col.,
393 3712 148 53 Rose
571 3713 68 52 B.
672 3713 143 69 Nye,
847 3713 150 54 1927.

323 3795 79 41 1 v.
231 3847 52 53 ©
314 3851 104 42 Oct.
446 3852 69 48 22,
545 3852 141 43 1927;
716 3854 69 40 2c.
814 3855 97 39 and
939 3853 83 43 aff.
1052 3854 103 41 Oct.
1184 3855 84 47 25;
1300 3855 41 39 A
1369 3855 233 49 1004850;
1636 3857 56 41 R.
1722 3857 55 41 B.
1806 3857 118 47 Nye.

225 3916 225 63 Ogden,
487 3918 228 63 George
749 3919 418 65 Washington,
1205 3921 174 54 1871-

299 3994 1951 76 Cherokee trails, by George W. Ogden … New York, Dodd,
226 4073 172 53 Mead
427 4076 46 50 &
501 4093 299 52 company,
832 4079 151 51 1928.
