2498 4384
1256 4087 102 50 460

305 455 300 61 Newbold,
641 455 254 54 William
929 456 304 62 Romaine,
1269 459 326 49 1865-1926.

380 535 122 52 The
534 535 197 67 cipher
764 533 64 53 of
861 535 190 68 Roger
1083 535 213 65 Bacon,
1327 535 76 68 by
1431 535 263 53 William
1727 535 277 53 Romaine
2036 535 273 53 Newbold

371 611 1880 70 … edited with foreword and notes by Roland Grubb Kent …
309 691 428 67 Philadelphia,
775 690 338 68 University
1149 690 64 52 of
1250 691 426 67 Pennsylvania
1715 709 185 49 press;
1939 692 260 67 London,
2234 693 77 52 H.

308 769 268 67 Milford,
608 767 229 57 Oxford
867 769 320 68 university
1217 787 176 49 press,
1423 771 149 52 1928.

378 851 1434 48 xxxii, 224 p. front. (port.) plates, facsims. 24½ ᶜᵐ .
313 919 51 52 ©
396 925 123 39 Mar.
547 923 70 46 23,
648 923 115 40 1928;
820 924 68 39 2c.
919 924 96 38 and
1046 922 82 41 aff.
1159 924 123 39 Mar.
1312 924 57 38 27;
1428 923 42 38 A
1500 922 198 41 1068601;
1763 923 284 48 University
2080 925 51 39 of
380 925 1916 103 Pennsylvania
639 990 150 37 press.
863 979 252 48 (28-9137)

306 1086 272 59 Newton,
612 1085 289 54 Annabel.

378 1164 400 54 Wordsworth
808 1164 60 52 in
898 1165 158 67 early
1084 1163 311 53 American
1426 1164 291 67 criticism,
1747 1164 79 69 by
1854 1164 266 53 Annabel
308 1165 1983 129 Newton

498 1241 1776 71 … Chicago, Ill., The University of Chicago press [1928]
379 1323 427 49 ix, 210 p. 20 ᶜᵐ .
380 1394 379 48 Bibliography:
788 1404 43 38 p.
860 1392 217 42 194-206.

311 1463 51 51 ©
398 1468 124 38 Mar.
557 1466 38 46 6,
632 1465 115 40 1928;
810 1466 68 39 2c.
915 1466 122 39 Mar.
1072 1465 57 38 24;
1194 1464 83 41 aff.
1314 1465 122 40 Mar.
1473 1465 55 39 16;
1594 1465 41 39 A
1670 1465 204 41 1068538;
1940 1466 285 48 University
2261 1467 52 40 of

379 1523 223 48 Chicago,
640 1522 225 48 Chicago.
936 1521 251 48 (28-8956)

305 1633 252 62 Oregon.
805 1673 11 15 Laws,
845 1637 256 51 statutes,
1131 1636 99 46 etc.

380 1708 1934 70 1927 supplement to Oregon laws, annotated … Showing
308 1789 77 52 all
420 1788 391 52 amendments
842 1793 59 46 to
934 1787 96 51 the
1065 1786 394 53 Constitution
1493 1786 63 52 of
1589 1787 97 52 the
1719 1787 219 53 United
1977 1786 189 55 States
2202 1788 112 52 and

306 1867 96 51 the
446 1866 373 53 constitution
861 1864 64 53 of
968 1864 230 69 Oregon
1243 1865 150 52 since
1435 1864 96 52 the
1575 1864 357 68 publication
1973 1863 66 54 of
2083 1864 231 71 Oregon

307 1946 139 51 laws
484 1945 112 51 and
634 1944 77 51 all
748 1947 241 48 statutes
1025 1941 64 54 of
1125 1961 31 33 a
1193 1943 231 68 general
1461 1948 206 47 nature
1702 1943 233 52 enacted
1975 1948 60 47 at
2070 1944 97 52 the
307 1962 1982 113 sessions

488 2020 1642 70 of 1921, 1923, 1925 and 1927 … in two volumes, by
305 2022 1983 131 Harold
451 2101 66 51 B.
569 2099 192 54 Clark,
847 2118 50 33 v.
951 2103 47 63 1,
1045 2101 47 49 2.
1180 2097 117 55 San
1348 2099 324 67 Francisco,
1722 2098 590 71 Bancroft-Whitney

305 2194 300 51 company,
639 2180 150 49 1928.

371 2259 281 42 2 v. 26 ᶜᵐ .
308 2326 51 52 ©
391 2332 124 39 Mar.
544 2329 70 48 20,
646 2329 114 40 1928;
818 2330 68 40 2c.
917 2329 118 40 each
1065 2330 96 39 and
1192 2328 109 42 affs.
1334 2330 123 41 Mar.
1486 2329 56 39 26;
1603 2329 42 38 A
1673 2328 217 49 1068544,
1921 2330 205 40 1068545;
376 2331 1917 104 Bancroft-Whitney
789 2399 68 29 co.

369 2497 66 53 P.
467 2497 76 62 S.,
572 2497 78 69 by
677 2497 96 52 the
805 2497 207 52 author
1040 2496 65 52 of
1132 2495 189 67 Wine,
1352 2514 218 34 women
1600 2495 114 53 and
1744 2514 135 34 war.
1953 2496 141 53 New
2126 2497 182 68 York,

305 2574 1117 69 J. H. Sears & company, inc. [ ᶜ 1928]
375 2657 694 49 viii p., 1 l., 274 p. 21½ ᶜᵐ .
376 2729 103 39 The
506 2729 178 39 author
710 2727 197 40 revisits
936 2728 191 46 Europe
1154 2728 82 38 ten
1262 2737 143 36 years
1433 2726 133 40 after
1592 2728 83 38 the
1702 2737 117 29 war.

307 2796 51 52 ©
392 2801 122 39 Mar.
545 2801 69 46 24,
646 2800 115 40 1928;
820 2800 68 40 2c.
921 2799 122 39 Mar.
1074 2798 60 40 30;
1192 2797 84 40 aff.
1310 2799 122 39 Mar.
1463 2797 57 40 28;
1581 2798 41 38 A
1653 2797 204 41 1068675;
1920 2798 44 40 J.
1997 2797 62 41 H.
2096 2797 144 41 Sears
2273 2797 38 41 &

374 2869 82 35 co.,
490 2857 91 41 inc.
652 2855 252 49 (28-9149)

299 2964 215 64 Pavey,
550 2965 174 63 Mary
760 2964 322 54 Christine.

374 3044 211 52 Lesson
616 3043 123 52 aids
768 3042 95 53 for
892 3041 123 56 Our
1043 3041 124 53 first
1197 3041 267 68 English,
1490 3042 76 67 by
1591 3041 174 67 Mary
1794 3039 293 55 Christine
2115 3042 196 66 Pavey

366 3118 1735 71 … New York, Chicago [etc.] C. Scribner’s sons [ᶜ1928]
372 3203 334 49 118 p. 19 ᶜᵐ .
373 3272 1933 49 With this is bound the author’s Our first English … New York,
303 3334 210 47 Chicago
550 3335 116 47 [etc.,
720 3332 128 49 ᶜ1928]

373 3391 226 40 Lettered
629 3401 59 29 on
716 3401 141 29 cover
875 3401 9 28 :
914 3389 256 40 Teacher’s
1200 3388 199 40 edition.

307 3455 51 52 ©
393 3461 123 39 Mar.
549 3460 40 45 2,
623 3458 140 44 1928;
799 3457 68 40 2c.
902 3458 122 39 Mar.
1057 3457 82 46 22;
1176 3456 84 41 aff.
1295 3457 122 39 Mar.
1451 3456 82 46 20;
1571 3456 41 38 A
1645 3455 229 47 1069381;
1912 3455 203 40 Charles
374 3454 1914 101 Scribner’s
533 3526 126 30 sons.
732 3514 253 49 (28-9068)

375 3605 1930 72 Our first English, by Mary Christine Pavey … illustrated
302 3690 77 68 by
412 3688 301 53 Elizabeth
746 3688 79 51 M.
861 3687 219 53 Fisher.
1156 3686 138 56 New
1329 3685 182 65 York,
1546 3683 252 69 Chicago
1837 3689 138 61 [etc.]
2017 3683 63 55 C.
304 3683 1977 136 Scribner’s

480 3784 129 35 sons
645 3768 192 64 [ᶜ1928]

373 3843 1932 53 216 p. illus. (part col.) 19 ᶜᵐ . [With her Lesson aids for Our first
304 3906 217 48 English.
582 3906 117 38 New
729 3905 143 46 York,
905 3904 209 48 Chicago
1149 3905 117 47 [etc.,
1320 3902 154 49 ᶜ1928]]

307 3973 51 53 ©
393 3978 123 40 Mar.
548 3978 41 47 2,
622 3976 114 41 1928;
797 3977 67 40 2c.
899 3977 121 39 Mar.
1054 3976 56 38 22;
1173 3974 82 41 aff.
1291 3975 122 40 Mar.
1447 3974 60 40 20;
1567 3973 41 40 A
1640 3973 201 41 1069381;
1909 3972 203 41 Charles
375 3970 1909 105 Scribner’s

537 4044 125 30 sons.
736 4033 252 49 (28-9069)
