2498 4384
1058 4135 101 53 307

188 543 275 44 424 p. 19 ᶜᵐ.
124 595 51 52 ©
207 601 111 39 Jan.
348 600 70 43 26,
450 600 83 40 1928;
624 601 67 39 2c.
757 611 75 29 Jan.
862 599 56 40 30;
979 598 81 41 aff.
1093 599 111 39 Feb.
1235 598 57 39 20;
1353 598 38 38 A
1423 597 200 41 1061971;
1689 598 175 47 Gospel
1897 599 237 39 advocate

193 668 67 29 co.
331 657 254 47 (28-7296)

114 736 302 64 Bowman,
451 738 140 52 Earl
626 737 306 64 Wayland.

188 814 1943 69 Solemn Johnson plus, by Earl Wayland Bowman … New
117 892 1015 69 York, Grosset & Dunlap [ ᶜ1 928]
184 977 371 50 vi, 242 p. 19½ ᶜᵐ.
119 1030 52 51 ©
199 1034 111 41 Feb.
338 1035 68 46 15,
435 1034 115 40 1928;
605 1034 67 39 2c.
700 1033 112 40 Feb.
838 1032 58 40 20;
950 1032 83 41 aff.
1062 1032 111 41 Feb.
1202 1032 55 40 18;
1314 1032 40 39 A
1383 1032 207 40 1061790;
1646 1032 371 40 Bobbs-Merrill
2047 1043 82 32 co.,

192 1091 351 48 Indianapolis.
614 1090 252 49 (28-5561)

111 1171 232 63 Brown,
382 1171 289 54 Bernard.

184 1251 324 68 Principles
556 1249 65 54 of
668 1250 229 53 auction
947 1250 111 53 and
1108 1255 259 47 contract
1412 1250 221 65 bridge,
1682 1249 301 69 including
2032 1250 99 53 the

114 1347 123 35 new
266 1335 256 47 contract
554 1335 170 47 count
753 1328 65 53 of
850 1328 333 68 September
1217 1332 81 53 15,
1335 1328 151 67 1927,
1514 1328 76 68 by
1620 1330 263 51 Bernard
1916 1331 215 50 Brown

174 1407 1345 70 … New York, G. Sully & company [ ᶜ1 928]
182 1490 856 50 viii p., 2 l., 3-200 p. illus. 19½ ᶜᵐ.
116 1530 1832 67 © Mar. 6, 1928; 2c. and aff. Mar. 8; A 1069162; George Sully & co.
194 1606 252 49 (28-7385)

110 1689 265 61 Buchan,
408 1688 175 53 John.

184 1767 175 55 Skule
400 1766 232 69 Skerry.

191 1852 83 42 (In
305 1846 107 44 Pall
447 1846 122 43 Mall
604 1846 278 53 magazine,
917 1848 134 50 May,
1089 1846 145 50 1928)

114 1904 2011 52 © 1c. Apr. 13, 1928; A ad int. 10906; pubd. Apr. 4; J. Buchan, Oxford.
181 1966 239 47 England.

111 2032 292 63 Chadsey,
438 2032 247 54 Charles
718 2033 67 52 E.

179 2111 268 53 America
487 2111 61 52 in
586 2111 96 52 the
721 2111 239 68 making.
1054 2115 79 63 pt.
1176 2114 48 49 2.
1267 2109 243 55 Growth
1551 2108 65 54 of
1655 2110 97 52 the
1792 2109 218 55 nation,
2051 2108 74 70 by

111 2188 2016 69 Charles E. Chadsey … Louis Weinberg … Chester F. Miller
169 2266 1952 70 … Boston, New York [etc.] D. C. Heath and company [ ᶜ1 928]
174 2350 1365 50 xiv, 467 p. front., illus. (incl. ports.) maps. 20 ᶜᵐ.
110 2404 51 52 ©
195 2410 122 39 Mar.
348 2408 70 48 19,
448 2408 118 41 1928;
622 2409 68 41 2c.
722 2410 123 40 Mar.
876 2409 83 46 28;
993 2409 83 41 aff.
1108 2410 125 40 Mar.
1263 2409 83 46 27;
1379 2409 41 39 A
1451 2409 206 40 1068596;
1718 2410 56 40 D.
1808 2409 49 41 C.
1889 2410 167 39 Heath
2089 2411 35 39 &

177 2476 67 31 co.

130 2533 240 62 [Chanel,
404 2532 312 68 Gabrielle]

175 2611 293 54 Woman’s
498 2613 197 51 world.
762 2611 133 54 Life
927 2618 61 46 at
1014 2612 184 53 Paris.
1267 2613 147 51 Mar.
1446 2615 85 65 31,
1563 2615 151 51 1928.

185 2695 83 46 (In
299 2690 217 44 Outlook
547 2691 290 53 magazine)

109 2747 2011 54 © 1c. Apr. 7, 1928; A ad int. 10875; pubd. Mar. 29; New outlook co.,
175 2810 101 47 ltd.,
308 2809 214 41 London.

101 2875 257 66 Chicago
390 2879 195 51 motor
619 2877 269 65 training
919 2878 396 64 corporation.

171 2955 270 69 Job-way
478 2962 133 47 auto
647 2957 211 69 wiring
893 2957 293 69 diagrams;
1253 2957 227 67 layouts
1517 2956 112 53 and
1666 2957 280 68 complete
101 2957 1994 129 electrical

297 3035 362 54 connections
687 3036 64 53 of
779 3036 269 69 starting,
1078 3035 258 70 lighting
1365 3036 114 53 and
1510 3035 251 69 ignition
1789 3035 330 69 equipment

101 3129 74 36 on
215 3116 98 49 113
351 3113 193 54 makes
583 3115 113 53 and
736 3118 99 49 993
913 3116 158 67 yearly
1107 3115 218 53 models
1362 3113 64 54 of
1463 3114 310 53 American
1812 3133 308 51 passenger

101 3209 141 40 cars,
286 3193 196 52 trucks
529 3194 112 52 and
686 3194 193 53 busses
927 3193 153 53 from
1129 3196 135 50 1920
1310 3200 58 46 to
1418 3196 162 64 1928;
1632 3194 285 68 prepared
1964 3194 153 52 from

100 3271 250 69 original
396 3290 223 35 sources
665 3273 112 52 and
826 3273 307 69 especially
1177 3273 287 68 arranged
1510 3272 95 53 for
1649 3272 279 68 practical
1973 3273 145 69 shop

101 3350 159 53 work
299 3350 61 53 in
400 3351 98 52 the
535 3351 185 53 hands
760 3351 65 53 of
868 3370 212 51 garage
1123 3352 114 52 and
1281 3352 213 53 service
1536 3351 215 53 station
1792 3352 323 68 repairmen

99 3429 115 55 and
249 3429 502 68 troubleshooters,
785 3430 74 70 by
895 3431 96 53 the
1027 3430 397 70 Engineering
1459 3430 136 54 staff
1630 3429 64 54 of
1731 3431 95 53 the
1863 3429 254 71 Chicago

98 3508 2019 70 motor training corporation. 1928 e d. Chicago, B. W. Cooke
99 3604 98 39 co.,
231 3589 150 49 1928.

168 3669 507 48 197 l. diagrs. 29 ᶜᵐ.
104 3722 51 52 ©
185 3727 112 40 Feb.
323 3727 70 47 24,
423 3727 117 40 1928;
593 3728 68 40 2c.
688 3729 97 39 and
812 3728 83 41 aff.
926 3729 110 40 Feb.
1064 3730 56 39 29;
1178 3730 39 38 A
1247 3730 173 40 1068056;
1510 3731 52 39 B.
1594 3731 70 40 W.
1695 3730 158 40 Cooke
1881 3741 68 29 co.

182 3784 253 48 (28-7262)

98 3850 188 62 Clute,
322 3849 247 55 Willard
606 3852 241 62 Nelson,
889 3855 170 50 1869-

169 3929 1884 74 The useful plants of the world, by Willard N. Clute …
97 4007 197 60 Joliet,
323 4009 115 69 Ill.,
463 4010 90 54 W.
582 4010 70 56 N.
682 4010 169 57 Clute
876 4014 44 51 &
947 4029 98 38 co.,
1078 4014 149 50 1928.
