2498 4384
1070 4065 135 54 1717

166 426 119 52 Des
318 423 290 65 Gachons,
641 424 272 65 Jacques,
948 429 171 50 1868-

294 502 1872 71 … Avec son temps, roman. Paris, E. Flammarion [ᶜ192 8]
232 597 760 50 4 p. l. , [7]-246 p., 2 l. 19 ᶜᵐ .
169 664 2001 53 © June 21, 1928; 1c. June 22; A —Foreign 39228; Ernest Flammarion.
247 725 281 49 (28-27502)

161 820 171 64 Dorr,
372 820 319 54 Bradford.

231 897 1876 69 New York and Boston bank stocks, by Bradford Dorr …
162 973 365 72 Cambridge,
553 976 172 53 Mass.
759 975 373 67 [Investment
1157 980 151 48 trust
1332 976 243 68 analyst,
1601 976 126 68 inc.,
1755 980 151 63 1928]

229 1071 1166 49 1 p. l., 5-223 p. incl. tables, diagrs. 19½ ᶜᵐ .
231 1142 129 39 “The
391 1142 135 39 work
556 1140 52 41 of
637 1139 261 49 compiling
927 1141 96 39 and
1053 1141 281 48 computing
1364 1142 81 39 the
1476 1142 117 39 data
1624 1142 96 39 and
1751 1142 51 40 of
1832 1143 223 48 drawing
2084 1144 82 40 the

158 1198 201 48 graphic
399 1196 331 41 illustrations
770 1207 101 29 was
912 1196 279 48 performed
1233 1198 61 47 by
1332 1198 81 39 the
1455 1198 303 40 Investment
1799 1201 131 38 trust
1968 1201 198 46 analyst

158 1254 51 41 of
241 1254 302 48 Cambridge,
578 1252 683 42 Massachusetts.”—Introd.

165 1319 52 52 ©
246 1323 102 41 Oct.
374 1323 70 47 20,
474 1322 139 46 1928;
643 1322 67 41 2c.
741 1321 102 41 Oct.
871 1321 82 46 26;
986 1321 83 40 aff.
1100 1321 102 41 Oct.
1230 1322 84 46 24;
1347 1322 41 39 A
1415 1322 112 47 298;
1560 1323 303 41 Investment

1892 1326 131 38 trust
231 1334 1916 93 analyst,
372 1380 92 40 inc.
531 1378 281 49 (28-25326)

160 1473 344 64 Eggleston,
536 1473 273 62 Edward,
841 1473 326 53 1837-1902.

231 1550 119 53 The
378 1550 248 53 Hoosier
656 1548 423 70 schoolmaster,
1112 1569 32 34 a
1176 1554 159 65 story
1368 1550 65 53 of
1462 1550 340 57 backwoods
1834 1552 107 54 life
1974 1553 60 53 in

161 1554 1981 142 Indiana,
378 1627 76 70 by
484 1628 255 53 Edward
771 1628 335 69 Eggleston,
1136 1628 142 53 with
1311 1647 73 34 an
1413 1629 394 54 introduction
1838 1631 76 70 by
1947 1633 218 69 Emory

159 1705 1868 73 Holloway … New York, The Macmillan company, 1928.
230 1800 168 48 xxviii,
428 1800 86 41 203
543 1812 43 36 p.
615 1800 111 41 incl.
754 1801 150 40 front.
966 1802 146 40 18½ᶜᵐ.
1182 1800 127 49 (The
1337 1802 201 40 modern
1569 1802 211 41 readers’
1813 1802 176 49 series)

161 1869 1983 109 © Oct. 30, 1928; 2c. and aff. Oct. 31; A 346; Macmillan co. [© introduction] (28-25351)
156 2023 175 65 Eliot,
363 2025 138 53 Mrs.
535 2022 177 54 Ethel
752 2023 220 65 (Cook)
1013 2028 171 50 1890-

226 2102 122 53 The
386 2102 185 69 dryad
610 2102 113 52 and
759 2103 96 52 the
892 2101 164 54 hired
1095 2102 129 69 boy,
1261 2102 76 70 by
1375 2102 173 54 Ethel
1587 2102 159 56 Cook
1785 2105 177 69 Eliot,
155 2106 1982 127 illustrated

379 2179 76 69 by
492 2178 62 56 C.
592 2180 56 53 J.
686 2178 338 70 McCarthy.
1101 2179 235 56 Garden
1375 2180 155 71 City,
1565 2182 71 53 N.
1674 2182 92 68 Y.,
1801 2183 361 72 Doubleday,

153 2257 200 53 Doran
382 2259 47 50 &
459 2275 299 51 company,
789 2257 127 68 inc.,
950 2260 150 51 1928.

225 2338 1081 50 6 p. l., 276 p. col. front., plates. 21 ᶜᵐ .
156 2408 52 52 ©
240 2411 103 41 Oct.
373 2411 41 47 5,
446 2411 141 47 1928;
619 2412 69 40 2c.
720 2412 97 39 and
849 2411 83 42 aff.
967 2411 103 42 Oct.
1101 2413 83 46 24;
1218 2412 45 40 A
1295 2413 141 47 1384;
1471 2413 300 50 Doubleday,
1806 2415 168 41 Doran
2007 2417 37 40 &
2076 2428 81 38 co.,

222 2467 92 42 inc.
384 2467 281 50 (28-25355)

146 2560 198 66 Flake,
378 2561 161 64 Otto,
575 2566 172 50 1882-

215 2640 112 52 Die
359 2641 277 52 exotische
672 2640 252 68 freiheit,
957 2659 111 35 von
1106 2641 141 55 Otto
1285 2642 196 53 Flake.
1557 2643 220 68 Berlin,
1814 2643 56 56 S.
1906 2645 255 70 Fischer,

148 2720 149 50 1928.

215 2786 784 63 3 p. l. , [b]-115 p., 1 l. 18½ᶜᵐ.
217 2857 171 40 “Erste
420 2857 73 40 bis
525 2857 166 41 fünfte
726 2857 233 49 auflage.”

153 2923 2003 56 © Mar. 28, 1928: 1c. June 13; A—Foreign 39096; S. Fischer verlag a. g.
231 2983 280 49 (28-27769)

145 3077 491 65 Fletcher-Alien,
681 3079 220 64 Edgar,
946 3083 173 50 1886-

213 3156 1944 71 The badge of gentry, by Fletcher Allen … [London] Hurst
143 3237 45 51 &
217 3235 284 67 Blackett,
530 3235 102 52 ltd.
671 3238 172 64 [1928]

215 3316 751 50 5 p. l. , 15-285, [1] p. 19½ ᶜᵐ .
150 3384 2000 54 © 1c. Nov. 2, 1928; A ad int. 11856; pubd. Sept. 7; E. Fletcher-Allen,
217 3445 213 40 London.
501 3444 280 51 (28-28488)

143 3539 298 63 Foerster,
473 3539 284 64 Norman,
795 3540 171 54 1887-
1214 3542 86 53 ed.

213 3617 121 53 The
376 3616 506 69 reinterpretation
925 3617 64 53 of
1030 3618 309 53 American
1381 3618 325 65 literature;
1752 3637 150 35 some
142 3619 1986 128 contributions

416 3695 222 53 toward
679 3694 95 54 the
818 3696 460 69 understanding
1321 3696 65 53 of
1429 3697 75 53 its
1546 3695 296 54 historical
142 3696 1984 143 development,

345 3773 190 53 edited
566 3773 77 68 by
674 3773 256 53 Norman
963 3775 265 52 Foerster
1263 3773 93 53 for
1387 3775 97 52 the
1517 3773 306 54 American
1854 3774 298 54 literature

141 3868 185 51 group
360 3850 66 53 of
455 3851 97 53 the
584 3851 243 54 Modern
860 3852 284 68 language
1178 3852 356 53 association.
1611 3853 139 52 New
1785 3853 180 67 York,
142 3853 1985 143 Harcourt,

351 3929 182 53 Brace
566 3929 112 53 and
713 3947 298 52 company,
1045 3933 151 49 1928.

280 4013 380 48 xv, 271 p. 20 ᶜᵐ .
