2498 4384
1142 4074 135 49 1485

194 443 233 63 Fraser,
468 441 246 54 Chelsea
753 439 219 63 Curtis,
1014 438 170 54 1876-

266 512 1928 73 Heroes of the air, by Chelsea Fraser … With twenty-six
196 615 162 49 maps
390 597 200 52 drawn
620 596 75 68 by
726 595 94 53 the
854 595 206 51 author
1093 594 112 52 and
1240 591 300 69 forty-two
1574 590 412 70 photographs.
2056 590 139 53 Rev.

197 669 1701 70 ed. New York, Thomas Y. Crowell company [ᶜ 1928 ]
264 750 1623 54 xii, 550 p. incl. front. (port.) illus. (maps) plates. 20½ ᶜᵐ .
197 822 52 53 ©
277 827 127 47 Sept.
462 858 7 12 8,
496 825 139 46 1928;
662 825 67 40 2c.
756 826 94 38 and
877 824 81 41 aff.
988 824 127 48 Sept.
1141 824 83 47 25;
1253 825 40 37 A
1319 822 229 47 1054793;
1577 822 212 40 Thomas
1816 822 52 40 Y.
1898 820 205 41 Crowell
2130 832 68 31 co.

276 882 282 49 (28-22950)

195 976 308 62 Freeman,
535 975 193 52 Lewis
759 976 314 62 Ransome,
1108 976 172 51 1878-

262 1049 1939 72 The nearing North, by Lewis R. Freeman … New York,
192 1132 999 66 Dodd, Mead & company [ᶜ 1928 ]
264 1212 1058 48 xii, 385 p. front., plates, ports. 22 ᶜᵐ .
199 1280 51 51 ©
281 1285 127 47 Sept.
437 1284 69 47 28,
535 1282 115 41 1928;
704 1283 67 41 2c.
800 1284 96 38 and
923 1282 82 41 aff.
1036 1282 101 40 Oct.
1164 1282 26 40 3;
1250 1283 39 38 A
1318 1281 202 41 1053670;
1579 1281 153 47 Dodd,
1763 1281 141 39 Mead
1933 1280 37 40 &
1997 1290 82 31 co..
2109 1279 90 40 inc.

278 1340 282 50 (28-23033)

198 1435 264 62 Garrett,
494 1433 201 64 Garet,
728 1433 170 54 1878-

271 1509 1931 71 The American omen, by Garet Garrett … New York, E. P.
201 1592 222 51 Dutton
453 1592 45 50 &
528 1608 97 48 co.,
655 1590 107 52 inc.
838 1592 151 64 [ᶜ1928]

269 1670 448 49 xii, 259 p. 20 ᶜᵐ .
272 1742 236 41 Contains
540 1741 226 40 material
802 1742 110 39 that
942 1741 243 48 appeared
1218 1740 201 48 serially
1453 1751 54 29 as
1543 1741 128 39 “The
1703 1740 257 40 American
1996 1740 124 40 book
2154 1740 53 40 of

204 1799 223 40 wonder”
455 1798 50 39 in
530 1799 82 39 the
641 1798 247 48 Saturday
913 1797 206 48 evening
1143 1800 125 46 post.
1329 1798 62 49 cf.
1419 1798 137 40 Note.

202 1868 51 51 ©
284 1870 102 41 Oct.
416 1871 39 46 1,
484 1870 115 40 1928;
657 1871 68 40 2c.
756 1871 95 38 and
880 1869 83 41 aff.
995 1869 101 41 Oct.
1126 1870 26 39 3;
1212 1870 42 38 A
1283 1868 204 41 1053694;
1547 1870 52 39 E.
1631 1870 51 41 P.
1713 1870 189 39 Dutton
1932 1869 36 40 &
1998 1880 82 37 co.,
2112 1869 91 40 inc.

279 1927 282 49 (28-22925)

198 2021 208 64 Gecks,
443 2020 289 53 Mathilde
771 2022 61 53 C.

272 2099 225 52 Primer
542 2099 113 52 and
697 2099 126 52 first
864 2105 58 46 to
967 2098 200 53 fourth
1214 2099 199 52 reader
1455 2099 233 51 manual
1735 2098 93 52 for
1875 2097 174 70 Story
2096 2098 113 53 and

201 2177 173 69 study
413 2178 244 66 readers,
695 2178 77 67 by
812 2176 201 67 Gecks,
1051 2177 275 67 Withers,
1368 2177 113 52 and
1525 2176 263 54 Skinner.
1867 2176 342 68 Richmond,

202 2255 1632 68 Atlanta [etc.] Johnson publishing company [ᶜ 1928 ]
269 2338 310 41 3 v. 19½ ᶜᵐ .
255 2442 7 7 [v.
292 2410 56 47 1],
380 2405 52 51 ©
465 2409 128 48 Sept.
622 2409 69 48 19,
721 2409 114 40 1928;
892 2409 67 39 2c.
990 2409 96 39 and
1114 2408 82 41 aff.
1229 2409 129 48 Sept.
1387 2409 55 39 21;
1506 2428 56 30 [v.
1591 2410 58 48 2],
1684 2405 56 51 ©
1769 2409 129 47 Sept.
1929 2409 26 40 8;
2014 2409 67 41 2c.
2112 2410 97 38 and

273 2465 81 41 aff.
399 2465 128 48 Sept.
569 2467 82 40 11;
712 2477 43 29 [v.
796 2466 57 48 3],
898 2462 51 51 ©
996 2465 127 49 Sept.
1163 2466 85 46 28;
1291 2465 68 41 2c.
1402 2467 96 38 and
1538 2465 83 42 aff.
1665 2465 101 41 Oct.
1809 2466 53 47 1;
1906 2465 41 39 A
1989 2465 217 49 1053256,

275 2521 217 49 1054466,
520 2522 229 46 1054717;
780 2523 221 39 Johnson
1027 2523 108 47 pub.
1165 2533 68 30 co.
1300 2522 281 50 (28-23018)

202 2616 247 64 Geddes,
484 2617 288 54 Leonard.

277 2693 1873 71 The Catholic church and confession, by Leonard Geddes …
209 2771 1976 147 and Herbert Thurston … New York, The Macmillan company, 1928.
279 2929 1297 51 104 p. 19½ ᶜᵐ . (Half-title: The Calvert series)
212 2984 51 51 ©
294 2987 100 42 Oct.
426 2989 39 47 2,
495 2988 140 46 1928;
667 2989 66 41 2c.
765 2991 96 38 and
891 2989 82 42 aff.
1004 2990 103 41 Oct.
1137 2990 54 47 3;
1220 2989 42 40 A
1292 2991 230 47 1053660;
1557 2991 282 41 Macmillan
1871 3003 67 30 co.

288 3045 281 49 (28-22936)

204 3138 175 64 Gehr,
417 3139 244 63 Harvey
695 3139 53 55 J.

283 3215 367 71 Conquering
676 3216 201 69 forces,
904 3237 245 35 answers
1174 3219 97 53 the
1297 3220 260 68 question
1582 3221 138 54 Was
1747 3222 166 54 Jesus
1941 3223 158 53 what
2122 3224 93 54 He

213 3293 241 54 claimed
505 3300 58 47 to
612 3295 101 52 be?
804 3297 91 68 By
944 3296 241 71 Harvey
1235 3298 56 54 J.
1346 3297 174 56 Gehr.
1615 3300 426 69 [Waynesboro,
2094 3303 122 67 Pa.,

210 3371 222 69 Wayne
460 3372 337 70 publishing
824 3392 98 48 co.,
975 3377 151 65 ᶜ1928]

283 3453 649 49 cover-title, 42 p. 18½ ᶜᵐ .
215 3506 51 51 ©
303 3511 121 47 Aug.
462 3512 68 47 14,
569 3511 141 47 1928;
749 3513 68 41 2c.
853 3513 120 48 Aug.
1012 3514 82 47 16;
1135 3514 83 42 aff.
1256 3515 121 49 Aug.
1415 3517 83 46 17;
1539 3517 41 39 A
1616 3517 230 48 1083797;
1887 3519 61 40 H.
1987 3520 43 40 J.
2072 3520 143 47 Gehr,

285 3567 342 49 Waynesboro,
661 3569 82 40 Pa.
816 3570 281 50 (28-22942)

209 3658 249 66 Genthe,
493 3661 210 55 Franz.

280 3735 118 53 Der
442 3736 173 54 husar
660 3740 96 52 des
800 3759 230 50 grossen
1076 3742 205 67 königs,
1345 3763 196 34 roman
1587 3764 109 34 von
1743 3747 189 53 Franz
1978 3748 241 54 Genthe.

213 3816 46 49 6.
292 3812 86 55 bis
414 3817 77 51 15.
524 3818 258 53 tausend.
857 3819 219 66 Berlin,
1106 3820 71 53 A.
1213 3820 199 56 Scherl
1446 3841 52 51 g.
1529 3842 74 35 m.
1633 3823 53 54 b.
1715 3824 56 54 h.
1850 3828 134 51 [ᶜ1928]

283 3895 448 52 203, [1] p. 17 ᶜᵐ .
221 3947 1998 68 © May 31, 1928; 1c. June 26; A— Foreign 39394; August Scherl, g. m.
286 4009 42 41 b.
358 4010 44 41 h.
472 4012 280 49 (28-23067)
