2498 4384
1280 4078 105 53 944

357 432 301 63 Shannon,
690 434 152 52 Fred
873 433 227 64 Albert,
1134 439 172 49 1893-

425 512 121 52 The
589 512 398 68 Organization
1029 514 114 52 and
1185 513 469 54 administration
1695 515 64 53 of
1802 517 95 52 the
1941 517 198 54 Union
2180 537 180 50 army,

355 590 2004 72 1861-1865, by Fred Albert Shannon … Cleveland, The
351 667 228 53 Arthur
606 668 76 52 H.
716 667 177 55 Clark
923 687 298 50 company,
1254 673 149 49 1928.

423 751 27 37 2
479 761 42 29 V.
581 750 175 41 fronts,
786 752 160 48 (port.,
979 763 43 29 v.
1053 751 51 48 2)
1142 753 173 48 plates.
1375 752 117 41 25ᶜᵐ.

423 808 351 48 Bibliography:
830 820 41 29 v.
899 809 40 46 2,
969 821 41 36 p.
1043 809 250 49 [285]-294.

359 862 51 52 ©
437 867 126 39 June
587 867 68 41 18,
682 866 114 41 1928:
849 868 67 40 2c.
943 866 118 40 each
1087 868 95 39 and
1209 867 83 42 aff.
1319 868 126 40 June
1471 868 82 47 19;
1581 868 42 39 A
1647 868 230 48 1082137;
1905 869 190 40 Arthur
2119 870 60 40 H.
2207 870 149 41 Clark

428 934 67 29 co.
567 924 280 47 (28-15871)

354 1002 312 63 Sheridan,
692 1003 267 52 Bernard
987 1004 79 52 M.

482 1081 1873 70 … Speaking and writing English, by Bernard M. Sheridan
414 1159 1941 55 … Clare Kleiser … and Anna I. Mathews … bk. 4. Revised
351 1240 113 51 and
511 1238 247 67 adopted
805 1238 75 68 by
926 1238 95 52 the
1071 1236 326 55 California
1461 1243 144 47 state
1668 1238 178 53 board
1910 1238 63 53 of
2038 1240 316 52 education.

352 1316 387 56 Sacramento,
778 1315 324 54 California
1140 1320 145 49 state
1321 1315 266 70 printing
1621 1316 167 61 office,
1826 1320 148 49 1928.

420 1398 104 49 xiii,
558 1400 72 48 [3],
661 1399 86 40 384
777 1410 43 37 p.
879 1400 87 39 col.
996 1398 165 48 front.,
1191 1398 130 41 illus.
1519 1430 8 8 19½ᶜᵐ.
1598 1399 267 49 (Sheridan
1895 1401 240 48 language
2169 1402 176 50 series)

421 1457 228 39 Lettered
678 1467 60 29 on
767 1466 168 30 cover:
969 1456 275 41 California
1273 1457 131 39 state
1432 1456 165 41 series.

352 1509 51 52 ©
435 1514 126 39 June
590 1513 68 47 16,
688 1513 141 46 1928;
860 1515 67 38 2c.
957 1514 96 39 and
1083 1513 82 41 aff.
1194 1513 128 40 June
1352 1513 82 47 18;
1466 1513 40 40 A
1536 1513 230 48 1077881;
1800 1514 138 47 Benj.
1969 1515 61 40 H.
2064 1514 221 41 Sanborn
2315 1516 36 40 &

421 1581 66 29 co.
562 1570 281 49 (28-15810)

344 1650 404 62 Somerndike,
783 1650 154 53 John
974 1652 226 60 Mason,
1237 1669 177 49 comp.

481 1726 1872 71 … Teachers’ manual of week day Bible lessons, compiled by
346 1805 2006 68 John M. Somerndike, with Walter Albion Squires … [3d
342 1905 153 49 year]
576 1884 428 69 Philadelphia,
1045 1884 410 69 Presbyterian
1491 1883 178 54 board
1710 1884 64 53 of
1815 1884 299 54 Christian
341 1886 1984 144 education,
516 1967 150 49 1928.

415 2048 86 39 234
529 2058 42 37 p.
633 2047 128 40 illus.
790 2046 202 49 (music)
1061 2046 146 41 18½ᶜᵐ.

347 2100 52 52 ©
432 2105 126 39 June
589 2105 69 45 11,
690 2103 141 45 1928;
863 2105 68 40 2c.
962 2104 97 39 and
1089 2102 82 42 aff.
1204 2104 130 39 June
1363 2103 82 46 12;
1479 2103 42 39 A
1550 2102 231 48 1082001;
1816 2102 346 49 Presbyterian
2196 2103 152 43 board

416 2161 52 40 of
494 2161 250 41 Christian
772 2160 272 42 education.

404 2225 1943 229 … South eastern reporter digest. [North Carolina ed.] Including cases reported in vols. 126-140 South eastern reporter, 189-194 North Carolina reports, and also … state
412 2460 1935 72 reports … with table of statutes construed … Edited by
410 2539 1935 70 the editorial staff of the American digest system … St.
407 2622 167 69 Paul,
601 2621 161 52 West
789 2619 336 68 publishing
1154 2637 98 47 co.,
1285 2620 149 50 1928.

412 2704 69 48 iii,
511 2702 128 49 1198,
668 2703 57 40 18
752 2713 43 38 p.
855 2701 117 42 26ᶜᵐ.

343 2757 1997 53 © May 15,1928; 1c. and aff. June 15; 1c. June 16; A 1082081; West pub.
410 2829 68 30 co.

338 2882 167 63 Stall,
539 2882 314 63 Sylvanus,
889 2880 324 53 1847-1915.

469 2958 1873 70 … What a young man ought to know, by Sylvanus Stall
396 3037 1940 71 … thoroughly revised and rewritten. Philadelphia, Pa. [etc.]
334 3117 1161 69 The Vir publishing company [ ᶜ1 928]
406 3203 28 39 3
464 3213 44 37 p.
540 3203 45 40 1..
617 3200 145 40 5-170
792 3211 28 37 p
895 3200 146 40 17½ᶜᵐ.
1112 3199 254 48 (Lettered
1397 3208 63 30 on
1488 3208 163 31 cover:
1685 3198 103 41 Self
1819 3198 95 40 and
1944 3208 85 29 sex
2060 3198 152 40 series
2245 3199 94 49 [for

330 3260 151 48 men])

406 3317 62 39 At
492 3317 125 38 head
641 3315 52 40 of
714 3315 109 40 title:
884 3315 131 45 New,
1042 3313 271 48 up-to-date
1337 3312 199 41 edition.

339 3370 51 52 ©
419 3375 126 39 June
571 3374 39 46 7,
638 3372 140 41 1928;
806 3373 68 39 2c.
900 3372 96 39 and
1023 3370 82 41 aff.
1132 3370 129 41 June
1285 3370 82 46 12;
1396 3370 41 39 A
1463 3369 230 48 1074998;
1724 3369 188 40 Fannie
1937 3369 227 41 Caroline
2192 3369 143 48 Cash,

407 3428 355 49 Philadelphia.
834 3427 279 49 (28-15901)

334 3497 271 60 Stevens,
634 3494 256 54 William
923 3492 149 64 Coit,
1106 3495 170 50 1853-

405 3568 1932 72 Revelation, the crown-jewel of Biblical prophecy … by
333 3651 91 54 W.
472 3649 62 55 C.
583 3650 253 55 Stevens.
952 3649 380 68 Harrisburg,
1377 3649 122 67 Pa.,
1543 3649 140 52 New
1729 3646 182 69 York,
1956 3647 69 53 N.
2077 3647 92 67 Y.,
2216 3648 120 52 The

335 3726 1473 70 Christian alliance publishing company [ ᶜ1 928]
404 3810 28 39 2
459 3821 43 29 v.
561 3809 58 41 19½
649 3812 45 21 ᶜᵐ
699 3843 8 7 .

672 3874 105 32 CONTENTS.—I.
802 3865 400 41 Pre-Revelation
1230 3865 373 48 prophecy.—n.
1628 3866 101 39 The
1757 3864 123 41 book
1904 3863 52 41 of
1982 3862 301 42 Revelation.

335 3920 51 52 ©
423 3925 126 39 June
583 3925 39 46 1,
657 3924 115 40 1928;
834 3925 67 39 2c.
936 3923 118 41 each
1089 3924 126 40 June
1250 3924 82 41 21;
1370 3922 83 41 aff.
1489 3923 126 40 June
1650 3923 82 46 20;
1770 3922 40 40 A
1845 3922 217 47 1082162,
2096 3921 230 46 1082163;

402 3981 251 42 Christian
685 3981 207 41 alliance
923 3981 108 48 pub.
1063 3993 67 29 co.
1202 3979 281 51 (28-15610)
