2498 4384
1329 4079 99 49 152

375 427 324 70 [Hawkins,
730 427 100 53 Sir
859 424 288 64 Anthony
1179 425 184 67 Hope]
1403 427 172 49 1863-

439 506 301 54 Memories
764 505 114 52 and
902 508 177 62 notes,
1099 503 76 67 by
1198 502 280 68 Anthony
1497 502 171 67 Hope
1716 501 210 68 [pseud.]
1953 500 142 52 with
2120 517 31 35 a
370 500 1983 154 photograph

591 584 64 54 of
686 585 99 52 the
813 583 223 53 author.
1111 581 262 67 London,
1400 581 370 52 Hutchinson
1799 581 45 49 &
1875 596 80 35 co.
1986 579 103 52 ltd.
2129 579 172 65 [1927]

440 678 777 52 256 p. front. (port.) 22½ ᶜᵐ .
375 745 1999 56 © 1c. Dec. 30, 1927; A ad int. 10602; pubd. Oct. 31; George H. Doran
444 821 81 37 co.,
554 810 117 39 New
697 808 145 41 York.
913 806 251 49 (28-3952)

369 903 388 62 Herkenhoff,
791 902 174 53 John.

444 981 382 68 Re-enlarged
854 980 113 52 and
994 978 221 54 revised
1243 977 217 54 edition
1487 977 65 53 of
1579 978 151 51 How
1759 982 59 47 to
1845 975 169 54 know
2042 993 146 52 your
374 974 1981 138 profits

373 1053 1980 136 … compiled for progressive merchants, by John Herkenhoff
599 1131 1780 72 … [and] Robert J. Roulston … Albuquerque, N. M.,
431 1214 206 52 Valliant
660 1213 266 69 printing
952 1231 78 34 co.
1065 1215 194 64 [ᶜ1928]

444 1305 609 51 213 p. 23 ᶜᵐ . $15.00
375 1375 53 52 ©
465 1380 110 40 Feb.
611 1379 38 48 1,
685 1378 117 40 1928;
862 1379 68 40 2c.
966 1379 96 39 and
1097 1378 83 42 aff.
1216 1378 114 41 Feb.
1363 1378 53 47 6;
1454 1379 38 38 A
1530 1378 201 41 1061547;
1798 1378 45 41 J.
1880 1377 316 47 Herkenhoff,
442 1378 1916 106 Albuquerque,
690 1436 56 40 N.
770 1436 62 39 M.
903 1435 252 49 (28-4674)

370 1529 375 64 Herskovits,
779 1530 254 52 Melville
1067 1530 168 63 Jean,
1274 1533 171 50 1895-

442 1608 122 53 The
590 1608 310 53 American
927 1625 177 51 negro;
1164 1627 31 33 a
1222 1608 174 69 study
1423 1608 62 52 in
1512 1606 178 55 racial
1718 1607 272 68 crossing,
2017 1606 77 70 by
2122 1605 258 54 Melville

370 1685 57 54 J.
458 1685 360 54 Herskovits.
894 1685 139 54 New
1064 1685 182 68 York,
1274 1686 71 52 A.
1375 1685 73 54 A.
1476 1684 226 70 Knopf,
1733 1687 151 52 1928.

440 1781 588 51 xiv, 92 p., 1 l. 19½ ᶜᵐ .
444 1851 393 49 “Bibliographic
867 1850 273 49 appendix”
1158 1862 10 30 :
1201 1862 43 37 p.
1276 1851 159 42 83-87.

376 1918 53 52 ©
458 1921 111 41 Feb.
597 1922 41 47 3,
666 1921 115 40 1928;
839 1922 67 39 2c.
935 1922 96 39 and
1060 1920 82 41 aff.
1172 1920 113 41 Feb.
1314 1920 25 40 9;
1397 1920 41 39 A
1466 1920 203 41 1018723;
1728 1920 172 41 Alfred
1929 1921 55 42 A.
2016 1922 181 48 Knopf,
2227 1922 91 41 inc.

458 1978 253 49 (28-4908)'

368 2072 282 63 Hichens,
680 2073 223 52 Robert
934 2071 269 64 Smythe.

438 2151 98 52 An
564 2150 341 69 interesting
934 2167 138 36 case.

453 2248 84 49 (In
565 2243 184 43 Nash’s
781 2243 276 52 magazine,
1089 2242 132 52 Feb.,
1256 2243 145 51 1928)

376 2314 2001 53 © 1c. Mar. 10, 1928; A ad int. 10727; pubd. Jan. 13; R. S. Hichens,
447 2374 385 48 Sidi-Bou-Said,
862 2374 218 49 Tunisia,
1109 2374 160 41 North
1296 2374 186 42 Africa.

371 2469 278 63 Hockett,
677 2471 138 52 Mrs.
847 2469 164 53 Ruth
1043 2468 188 54 Marie
1271 2469 349 65 (Manning)
1659 2473 171 50 1895-

504 2547 1877 70 … Visitors in an experimental school; a study of possible
372 2623 192 55 values
598 2625 61 52 in
691 2625 192 54 school
916 2624 258 69 visiting,
1206 2625 141 52 with
1380 2625 319 68 particular
1730 2625 289 54 reference
2051 2632 60 48 to
2141 2628 98 52 the

372 2628 1984 144 visiting
564 2703 286 68 problems
891 2702 65 53 of
996 2703 97 53 the
1134 2703 243 52 Lincoln
1418 2703 209 68 school,
1667 2703 77 69 by
1783 2704 160 52 Ruth
1984 2704 82 54 M.
2108 2705 270 53 Hockett.

371 2781 140 54 New
546 2781 164 52 York
743 2779 117 71 city,
909 2781 279 52 Teachers
1223 2780 231 69 college,
1488 2779 301 55 Columbia
1820 2782 322 70 university
2180 2786 175 64 [ᶜ1927]

442 2863 692 50 vii, 102 p. diagrs. 23 ᶜᵐ .
443 2922 63 40 At
534 2922 126 39 head
688 2921 51 40 of
765 2921 110 40 title
892 2931 10 30 :
933 2921 102 39 The
1063 2920 202 40 Lincoln
1292 2920 163 40 school
1484 2920 51 40 of
1562 2921 243 40 Teachers
1830 2922 194 48 college.

377 2973 53 52 ©
468 2978 118 40 Nov.
624 2978 68 42 14,
730 2977 141 45 1927;
910 2977 68 39 2c.
1016 2977 118 40 Nov.
1173 2976 82 45 17;
1297 2975 82 41 aff.
1417 2976 111 40 Jan.
1565 2975 39 48 6,
1644 2976 140 48 1928;
1825 2977 42 39 A
1904 2977 232 48 1018235;
2177 2979 199 40 Lincoln

446 3034 162 40 school
640 3033 51 40 of
722 3033 241 40 Teachers
995 3032 192 48 college,
1221 3032 253 40 Columbia
1507 3032 144 49 univ.,
1683 3033 119 40 New
1833 3034 145 41 York.

455 3090 252 50 (28-4518)

371 3184 159 63 Hoff,
561 3184 155 53 John
746 3183 183 54 Luke.

441 3263 263 68 Musings
742 3262 65 52 of
844 3281 31 33 a
914 3262 312 67 wanderer,
1263 3262 77 68 by
1377 3262 157 54 John
1572 3261 160 54 Luke
1769 3262 159 53 Hoff.
2004 3263 376 69 McPherson,

370 3341 171 66 Kan.,
574 3340 120 52 The
728 3339 572 68 Democrat-opinion
1335 3357 156 50 press
1531 3342 193 64 [ᶜ1928]

440 3421 337 49 93 p. 20½ ᶜᵐ .
439 3480 185 40 Poems.

377 3532 53 52 ©
458 3536 110 40 Jan.
595 3535 69 48 30,
692 3535 115 40 1928;
861 3536 67 40 2c.
957 3535 111 41 Feb.
1094 3536 26 38 2;
1178 3535 83 41 aff.
1291 3536 110 40 Feb.
1429 3535 25 40 9;
1510 3535 42 39 A
1578 3535 203 41 1018735;
1839 3537 43 41 J.
1911 3537 51 41 L.
1991 3537 132 49 Hoff,
445 3538 1915 103 McPherson,
570 3593 126 40 Kan.
770 3592 250 48 (28-4793)

375 3685 258 62 Holmes,
669 3685 206 53 Urban
906 3685 238 64 Tigner,
1182 3689 171 49 1900-

505 3761 1873 73 … Books of travel, by Urban T. Holmes … a program for
373 3839 261 53 women’s
684 3839 174 67 clubs,
906 3840 188 53 issued
1141 3840 76 69 by
1266 3841 97 53 the
1413 3842 228 52 Bureau
1690 3841 64 53 of
1801 3841 194 69 public
2043 3843 332 53 discussion.

373 3915 221 71 Chapel
629 3916 148 70 Hill,
813 3917 69 54 N.
921 3916 82 70 C.,
1038 3918 122 53 The
1195 3919 339 70 University
1570 3919 65 53 of
1668 3919 188 53 North
1894 3919 272 55 Carolina
2201 3940 174 51 press,

373 3997 152 53 1927.
