2498 4384
1092 4081 138 56 2067

203 488 1742 54 V, 475 p. illus., tables (part fold.) diagrs. (part fold.) 23½ ᶜᵐ .
233 551 215 46 Regular
478 549 229 42 edition.”

137 599 1992 113 © Oct. 22, 1928; 2c. and aff. Dec. 28; A 2474; A. M. Daniels, Washington. (29-364)
137 757 275 62 Dawson,
450 755 255 55 William
741 756 89 54 W.

205 836 561 53 Dawson-Andréws
807 834 181 55 forms
1030 834 92 55 for
1162 833 150 54 office
1355 835 113 52 and
1508 838 189 62 court;
1741 832 125 53 first
136 832 1989 150 all-purpose
307 914 152 53 form
497 914 148 53 book

683 914 219 68 having
940 933 31 34 a
1009 913 422 68 supplemental
1469 916 211 64 system
1716 911 266 68 insuring
136 910 1987 152 reliability
385 993 113 52 and
539 991 234 69 placing

814 992 80 52 all
934 1008 295 50 necessary
1272 991 181 54 forms
1492 989 252 54 between
1783 992 114 51 two
1938 1006 212 50 covers,

134 1066 1992 151 by William W. Dawson … and Elmore L. Andréws … Cleveland,
315 1148 238 68 Haynes
580 1146 337 71 publishing
945 1165 299 51 company,
1276 1149 149 51 1928.

205 1227 880 51 3 p. l., v-lxiii, [ 3], 1418 p. 24 ᶜᵐ .
140 1283 51 52 ©
220 1287 118 41 Nov.
366 1286 69 42 10,
464 1286 141 42 1928;
636 1286 66 40 2c.
731 1286 96 40 and
854 1285 84 41 aff.
965 1286 119 41 Nov.
1112 1285 83 47 26;
1226 1285 42 40 A
1324 1285 82 43 857;
1439 1286 201 39 Haynes
1668 1284 110 49 pub.
1807 1294 68 30 co.

218 1343 223 50 (29-390)

141 1436 263 64 Diebold,
435 1436 312 53 Bernhard
779 1436 267 64 Ludwig,
1083 1440 172 50 1886-

208 1513 273 67 Habima,
535 1513 357 53 hebräisches
945 1513 250 67 theater;
1253 1513 508 69 zweiunddreissig
1809 1512 187 53 bilder
2048 1512 108 53 mit

140 1591 153 54 einer
347 1591 360 70 einführung
761 1610 113 34 von
927 1591 307 54 Bernhard
1288 1591 265 54 Diebold.
140 1591 1989 147 Berlin-Wilmersdorf,
325 1670 78 53 H.

437 1670 216 68 Keller,
688 1672 152 51 1928.

208 1753 785 50 17, [1] p., 1 l. 32 pl. 23 ½ᶜᵐ .
143 1795 2012 64 © May 1, 1928; 1c. Sept. 1 9 : A —Foreign 91; Verlag Heinrich Keller
222 1867 108 49 (Dr.
362 1867 169 41 Victor
560 1866 273 48 Fleischer)
912 1866 222 51 (29-156)

143 1960 290 65 Dowling,
469 1959 266 66 Evaline,
769 1961 86 54 ed.

211 2038 207 55 World
446 2038 328 69 friendship
791 2058 11 48 ;
833 2058 31 33 a
890 2039 169 53 series
1087 2039 63 53 of
1178 2039 226 53 articles
1433 2038 231 54 written
1687 2039 75 69 by
1789 2058 153 35 some
143 2039 1989 131 teachers
265 2116 60 53 in
360 2118 99 52 the

493 2118 112 52 Los
640 2116 250 70 Angeles
926 2118 220 52 schools
1184 2118 114 52 and
1333 2117 77 69 by
1446 2136 29 34 a
1517 2117 112 53 few
1666 2118 191 54 others
1894 2118 127 53 who
2061 2136 94 35 are

142 2194 250 54 likewise
432 2194 308 54 interested
780 2195 60 52 in
878 2195 96 53 the
1015 2195 305 53 education
1357 2195 65 53 of
1460 2196 199 68 youth,
1700 2196 269 68 planned,
144 2214 1989 127 compiled
335 2275 115 52 and
486 2273 190 53 edited

144 2273 1990 148 by Evaline Dowling … Bibliographies edited by Grace Letter and Alice
143 2352 1990 148 Phelps Walker … [Los Angeles] Los Angeles city school
1162 2431 246 68 district,
1460 2430 341 55 Committee
1851 2450 72 35 on
1974 2433 183 52 world

145 2508 348 69 friendship,
526 2512 150 51 1928.

217 2592 1360 49 1 p. l., 5-271 p. 22 ᶜᵐ . (On cover: Los Angeles
1613 2592 99 48 city
1747 2592 165 41 school
1949 2593 209 41 district.

148 2648 173 40 School
350 2648 301 49 publication
680 2659 76 31 no.
787 2648 111 49 158)

150 2701 1315 52 © Oct. 25, 1928; 2c. Nov. 26; aff. Nov. 23; A
1499 2706 142 42 3274;
1679 2707 169 39 World
1882 2706 280 49 friendship

218 2761 276 40 committee
524 2760 52 42 of
605 2761 82 41 the
717 2762 94 40 Los
840 2762 209 48 Angeles
1079 2762 99 48 city
1208 2762 165 41 school
1404 2762 209 43 district,
1647 2763 94 40 Los
1770 2763 220 48 Angeles.

151 2870 181 62 Elias,
365 2871 140 53 Mrs.
542 2870 183 54 Edith
761 2871 65 53 L.

223 2948 120 52 The
372 2965 197 51 young
596 2947 171 55 folk’s
797 2948 149 53 book
975 2948 64 54 of
1068 2949 167 69 polar
1265 2949 380 69 exploration,
1673 2949 76 69 by
1781 2950 69 53 E.
1880 2951 66 51 L.
1981 2951 180 68 Elias,

209 3025 1953 72 M . A ., with illustrations in color and black and white. Boston,
152 3102 196 68 Little,
379 3103 233 67 Brown,
643 3104 113 52 and
789 3121 299 52 company,
1122 3107 153 51 1929.

224 3183 1939 53 xvii, 278 p. col. front., illus., plates (part col.) ports., facsims. 22½ ᶜᵐ .
157 3240 259 49 [Romance
452 3240 52 40 of
536 3241 284 48 knowledge
853 3241 166 50 series]

227 3297 140 48 Maps
401 3307 61 29 on
496 3297 367 49 lining-papers.

226 3353 200 40 London
451 3353 185 41 edition
669 3354 78 49 (G.
772 3354 54 41 G.
851 3354 200 49 Harrap
1073 3351 48 45 &
1144 3365 237 39 company
1405 3356 113 48 ltd.)
1552 3357 91 40 has
1669 3357 136 41 title:
1834 3358 102 41 The
1962 3359 126 41 book
2113 3359 53 41 of

156 3410 139 47 polar
323 3408 325 50 exploration.

226 3466 352 48 Bibliography
610 3466 226 41 included
868 3467 50 40 in
953 3467 211 49 preface.

157 3519 1502 58 © Dec. 22, 1928; 2c. and aff. Dec. 26; A 3324; Little,
1691 3529 192 44 Brown,
1915 3531 96 39 and
223 3541 1924 87 company.
434 3580 222 50 (29-374)

155 3672 244 69 [Finley,
436 3673 175 69 John]

225 3751 344 69 Dictionary
610 3752 63 53 of
712 3753 310 54 American
1059 3755 345 69 biography,
1444 3756 75 69 by
1561 3757 56 53 J.
1660 3758 65 52 F.
1802 3759 140 53 New
1986 3758 182 68 York,

158 3831 149 51 1928.

225 3911 29 39 2
280 3922 43 37 p.
388 3943 9 17 l.,
432 3912 83 50 [13]
546 3923 44 38 p.
646 3913 147 41 16½ᶜᵐ.

161 3962 1544 59 © Nov. 13, 1928; 2c. and aff. Nov. 17; A 783; Charles
1740 3973 267 43 Scribner’s
2039 3987 127 38 sons,

226 4025 120 41 New
374 4026 146 42 York.
