2498 4384
1264 4067 138 50 1564

311 401 243 62 Cooper,
584 399 204 54 James
818 398 329 64 Fenimore,
1182 400 327 52 1789-1851.

385 477 318 69 Gleanings
736 477 60 53 in
830 478 249 67 Europe,
1114 478 225 52 volume
1373 495 133 35 one:
1541 478 239 66 France,
1813 476 77 70 by
1922 476 195 55 James
316 477 1980 131 Fenimore
506 555 240 68 Cooper,

779 555 190 54 edited
1001 556 78 69 by
1110 555 218 53 Eobert
1361 556 68 52 E.
1465 554 233 70 Spiller,
1819 597 11 11 PH.
1903 597 11 11 D.
1983 554 141 54 New
2159 555 163 53 York
447 667 13 33 [etc.]
494 632 231 56 Oxford
754 633 320 70 university
1103 651 178 51 press,
1312 635 151 52 1928.

387 714 1260 50 2 p. l., iii-xxxiv, 395 p. front. (port.) 20½ᶜᵐ.
319 768 2003 54 © July 11, 1928; 2c. July 27; aff. Aug. 25; A 1082725; Oxford university
385 841 151 37 press,
571 830 259 40 American
865 831 198 48 branch,
1098 831 117 39 New
1251 831 146 40 York.
1472 830 282 49 (28-18308)

317 897 251 63 Cornog,
600 896 200 64 Jacob,
836 901 170 50 1883-

383 973 1945 70 Introductory qualitative analysis, by Jacob Cornog … and
313 1050 1992 149 Warren C. Vosburgh … New York, The Macmillan company, 1928.
383 1214 902 49 ix p., 1 l., 155 p. diagrs. 22½ᶜᵐ.
386 1272 238 40 “General
661 1271 186 40 outline
884 1272 96 39 and
1016 1282 121 37 page
1173 1271 148 39 index
1358 1271 52 40 of
1444 1270 241 41 outlines”
1723 1282 60 29 on
1818 1270 341 49 lining-paper.

321 1324 52 52 ©
403 1327 129 49 Sept.
559 1328 68 47 18,
656 1327 140 47 1928;
826 1328 68 39 2c.
920 1328 96 39 and
1044 1325 83 43 aff.
1157 1327 130 48 Sept.
1316 1326 81 47 19;
1427 1327 41 38 A
1495 1326 230 47 1054754;
1757 1310 283 57 Macmillan
2069 1337 68 30 co.

399 1385 283 48 (28-22687)

315 1451 185 64 Dark,
532 1451 239 64 Sidney,
805 1451 173 54 1874-

391 1528 1941 70 Twelve bad men, by Sidney Dark … with portraits by
319 1608 194 53 Mabel
543 1608 186 69 Pugh.
797 1607 140 53 New
968 1607 181 68 York,
1178 1608 253 52 Thomas
1462 1607 72 52 Y.
1569 1606 245 54 Crowell
1845 1624 301 51 company,
2180 1610 150 49 1929.

387 1691 86 40 351
503 1701 43 38 p.
577 1690 110 41 incl.
718 1690 165 49 front.,
915 1692 149 46 ports.
1123 1690 149 41 21½ᶜᵐ.

389 1747 266 40 Published
685 1747 129 41 1928.

321 1802 1993 106 CONTENTS. — Louis XI.— ’Cesare Borgia.—·Cellini. — Thomas Cromwell. — Mazarin. — Judge
1114 1860 228 48 Jeffreys.
1369 1884 61 4 —
1459 1860 363 48 Marlborough.
1851 1884 59 4 —
1941 1859 264 41 Frederick
2250 1860 81 40 the

322 1917 938 48 Great.—Casanova.—Talleyrand.—
1263 1916 207 41 Fouché.
1472 1916 398 49 —Robespierre.

324 1971 52 52 ©
405 1975 103 40 Oct.
534 1974 69 47 10,
630 1974 117 41 1928;
798 1975 67 40 2c.
894 1975 96 39 and
1017 1974 82 41 aff.
1128 1974 103 41 Oct.
1259 1974 83 47 12;
1371 1975 41 38 A
1438 1973 231 48 1053922;
1702 1974 45 41 S.
1775 1974 151 47 Dark,
1954 1974 216 41 London.

403 2031 283 48 (28-23806)

321 2097 269 64 Darling,
625 2096 238 56 Samuel
897 2098 186 63 Boyd.

324 2175 1986 148 You and the law, by S. Boyd Darling … with an introductory
603 2256 438 67 companionate
1074 2256 192 67 index,
1302 2255 334 69 presenting
1671 2255 61 52 in
1767 2273 125 34 new
1928 2254 156 53 form
2120 2273 31 33 a
325 2273 1986 130 complete
515 2334 218 54 outline
772 2333 65 54 of
874 2334 97 53 the
1009 2335 109 52 law

1160 2334 97 53 for
1293 2334 98 53 the
1428 2334 233 69 layman
1702 2334 114 52 and
1854 2333 295 70 revealing
2187 2332 77 70 by
2304 2351 31 34 a

324 2431 124 37 new
482 2418 403 65 arrangement
918 2413 64 53 of
1013 2413 265 53 material
1312 2413 75 54 its
1418 2413 216 53 human
1669 2418 255 48 contacts
1957 2413 114 53 and
325 2412 1986 148 intimacies;
509 2493 118 52 also
670 2511 31 34 a
743 2492 279 69 layman’s
1064 2493 111 52 law

1218 2492 326 70 dictionary
1587 2492 339 70 explaining
1967 2492 152 69 legal
2161 2497 176 48 terms

325 2571 60 54 in
431 2576 230 49 current
704 2590 112 35 use.
898 2571 139 54 New
1083 2572 166 53 York
1293 2571 114 54 and
1452 2571 260 69 London,
1757 2573 72 51 D.
1876 2570 299 70 Appleton
2223 2570 114 55 and

326 2668 300 52 company,
660 2653 150 51 1928.

394 2733 65 49 xi,
491 2733 84 41 343
607 2744 43 38 p.
710 2733 146 41 19½ᶜᵐ.

395 2790 353 49 Bibliography:
808 2801 43 38 p.
882 2790 218 41 321-327.

329 2844 52 52 ©
414 2847 128 49 Sept.
570 2848 71 48 28,
671 2847 114 40 1928;
843 2847 68 41 2c.
941 2848 97 39 and
1065 2847 83 41 aff.
1178 2847 104 42 Oct.
1311 2847 26 39 2;
1397 2849 41 38 A
1465 2847 206 42 1054747;
1730 2848 58 41 D.
1817 2847 243 49 Appleton
2090 2851 37 41 &
2156 2858 68 31 co.

407 2903 283 50 (28-23967)

325 2968 292 64 Dillavou,
652 2969 169 52 Essel
854 2970 150 63 Ray,
1040 2974 171 50 1893-

394 3047 1947 70 Principles of business law, by Essel E. Dillavou … and
325 3125 2015 70 Charles G. Howard … New York, Prentice-Hall, inc., 1928.
395 3208 171 45 xxviii,
596 3208 83 40 781
708 3219 44 37 p.
812 3208 147 41 23½ᶜᵐ.

398 3266 226 39 Includes
656 3275 27 29 a
714 3265 232 40 selection
975 3265 53 40 of
1057 3276 137 30 cases
1223 3266 111 40 that
1361 3265 100 40 will
1493 3267 332 40 demonstrate
1855 3267 109 40 how
1991 3266 226 40 business
2246 3267 96 39 law

326 3321 263 49 principles
615 3323 146 47 apply
786 3323 48 39 to
860 3325 222 37 concrete
1107 3333 151 29 cases,
1320 3322 60 47 cf.
1410 3322 130 40 Pref.

331 3375 52 52 ©
414 3378 102 42 Oct.
542 3380 39 44 1,
609 3379 116 40 1928;
779 3379 67 40 2c.
874 3381 96 38 and
997 3379 82 40 aff.
1107 3379 101 41 Oct.
1237 3379 59 40 10;
1350 3380 41 38 A
1417 3379 207 41 1053898;
1677 3379 380 49 Prentice-Hall,
2085 3379 92 41 inc.

410 3434 283 50 (28-23965)

329 3501 305 63 Donovan,
666 3501 222 63 Joseph
919 3502 254 63 Wesley,
1210 3503 172 53 1847-

397 3579 203 51 Power
639 3583 58 47 to
738 3579 216 67 please;
998 3598 127 50 way
1163 3585 59 47 to
1264 3579 114 53 win
1418 3580 60 52 in
1518 3598 113 50 any
1671 3580 215 69 calling
1925 3579 95 53 for
2060 3579 283 69 speakers,

327 3657 258 67 lawyers,
625 3657 242 67 doctors,
904 3656 262 69 bankers,
1205 3657 262 54 debaters
1503 3659 114 52 and
1653 3658 112 69 boy
1800 3663 204 63 scouts,
2037 3657 77 70 by
2150 3657 194 69 Judge

329 3734 2009 71 J. W. Donovan … edited by H. L. Herschberg. [Detroit]
328 3812 219 55 United
582 3831 152 35 news
771 3830 298 50 company,
1108 3815 151 51 1928.

400 3895 763 49 58 p., 1 l. incl. port. 19½ᶜᵐ.
336 3948 52 53 ©
420 3953 116 48 July
567 3953 69 48 24,
668 3953 117 41 1928;
842 3954 67 41 2c.
942 3955 117 47 July
1087 3954 56 41 23;
1204 3953 83 43 aff.
1322 3953 128 50 Sept.
1482 3955 24 39 1;
1568 3953 42 41 A
1641 3953 203 42 1053215;
1905 3956 45 41 J.
1982 3955 73 41 W.
2089 3954 251 49 Donovan,

404 4010 210 41 Detroit.
684 4010 283 48 (28-23428)
