2498 4384
1050 4053 100 50 831

117 472 162 53 York
302 478 59 46 to
386 471 186 64 Paris,
598 470 112 53 and
737 476 58 46 to
822 487 168 49 every
1016 474 142 47 state
1188 469 56 50 in
1273 468 96 52 the
1396 468 71 53 U.
1499 466 76 68 S.,
1601 466 508 53 Latin-American

117 557 145 58 tour,
296 555 58 47 to
390 548 183 69 flying
608 548 93 52 the
742 547 186 68 Spirit
964 545 64 53 of
1066 545 82 55 St.
1184 545 176 53 Louis
1398 544 151 53 from
1590 543 81 56 St.
1709 544 175 52 Louis
1920 550 58 46 to
2015 544 96 53 the

117 626 392 56 Smithsonian
539 624 346 67 institution,
911 624 404 68 Washington,
1342 624 70 50 D.
1444 621 62 55 C.
1572 623 138 51 New
1739 621 180 68 York,
1947 623 70 51 A.
2045 622 65 51 L.

116 705 686 66 Burt company [ ᶜ1 928]
187 782 1751 52 iv. 284 p. front., illus. (incl. maps) plates, ports., facsims. 19½ ᶜᵐ.
115 840 52 52 ©
198 846 113 46 May
339 844 69 41 26,
442 843 83 40 1928;
612 843 69 40 2c.
712 844 95 38 and
838 842 82 40 aff.
952 843 114 46 May
1095 842 53 39 31;
1211 842 42 38 A
1283 841 202 41 1074755;
1545 842 168 39 World
1743 841 255 47 syndicate
2027 851 82 35 co.,

181 901 105 47 inc.,
321 901 118 39 New
472 900 144 40 York.
687 899 281 49 (28-14381)

110 995 224 63 Finley,
364 994 169 53 Jean.

244 1070 1807 70 … The Blue Domers and the magic flute, by Jean Finley …
111 1150 1238 68 New York, A. L. Burt company [ ᶜ1 928]
183 1230 1930 50 4 p. l. , 120 p. col. front., col. plates. 19½ ᶜᵐ. (His Blue Domers
112 1288 175 47 series)

182 1346 289 39 Illustrated
500 1345 364 48 lining-papers.

113 1399 1826 52 © May 16, 1928; 2c. and aff. June 1; A 1074809; A. L. Burt co.
191 1460 280 48 (28-14121)

242 1552 1871 69 … The Blue Domers and the wishing tree, by Jean Finley
170 1631 1304 69 … New York, A. L. Burt company [ ᶜ1 928]
110 1712 1984 105 4 p. l., 120 p. col. front., col. plates. 19½ ᶜᵐ. (Her Blue Domers series)
111 1824 51 51 ©
199 1828 128 40 June
362 1828 37 47 5,
438 1828 141 47 1928;
616 1829 69 39 2c.
722 1828 126 41 June
884 1828 51 47 6;
975 1828 83 41 aff.
1095 1828 127 40 June
1260 1830 51 44 7;
1350 1829 43 38 A
1427 1827 231 44 1074882;
1697 1828 53 40 A.
1788 1828 51 40 L.
1876 1828 126 40 Burt
2039 1838 68 30 co.

188 1884 281 49 (28-14405)

106 1981 147 60 Fitz,
287 1980 174 62 John,
493 1981 71 68 jr.

105 2057 2001 227 [Illustrations] by John Fitz. jr. [in the book entitled Jackanapes, and The peace egg, by Juliana Horatia Ewing … Chicago, Philadelphia [etc.] The John C. Winston company
108 2296 193 64 [ ᶜ1 928]
178 2376 1154 49 X, 95 p. col. front., illus., col. plates. 21 ᶜᵐ.
109 2429 51 53 ©
189 2435 123 40 Mar.
340 2434 69 47 21,
440 2433 115 41 1928;
612 2434 69 40 2c.
710 2435 127 39 June
867 2436 22 37 1;
951 2434 83 41 aff.
1064 2435 127 40 June
1219 2435 28 38 4;
1306 2434 42 39 A
1377 2434 203 40 1077596;
1641 2435 130 40 John
1801 2435 50 41 C.
1882 2436 225 40 Winston

175 2501 67 31 co.

182 2586 430 66 [Illustrations]
654 2586 74 68 by
766 2586 157 54 John
961 2585 148 67 Fitz,
1145 2586 70 68 jr.
1262 2585 78 67 [in
1376 2587 95 51 the
1508 2586 147 52 book
1692 2586 257 66 entitled]
2047 2586 61 68 Rip

102 2663 1983 225 Van Winkle, and The legend of Sleepy Hollow, by Washington Irving … Chicago, Philadelphia [etc.] The John C. Winston company [ ᶜ1 928]
173 2903 1073 49 X, 106 p. col. front., illus., col. pl. 21 ᶜᵐ.
108 2955 51 53 ©
192 2960 111 40 Feb.
333 2961 68 47 13,
432 2960 118 40 1928;
606 2960 68 40 2c.
704 2960 128 40 June
861 2961 24 38 1;
946 2960 83 41 aff.
1060 2961 128 41 June
1216 2962 28 38 4;
1303 2962 43 39 A
1374 2961 201 41 1077601;
1639 2962 130 40 John
1799 2962 49 41 C.
1880 2963 226 41 Winston

173 3027 67 31 co.

101 3111 261 62 Flaccus,
392 3111 182 52 Louis
601 3111 275 54 William.

176 3187 256 55 Clouded
467 3189 268 53 radiance
789 3189 94 70 [by]
921 3190 176 54 Louis
1127 3190 264 54 William
1425 3191 255 53 Flaccus.
1751 3192 140 53 New
1925 3192 182 69 York,

102 3267 77 52 H.
210 3267 194 67 Vinal,
435 3267 122 68 ltd.,
589 3270 151 51 1928.

175 3348 649 49 5 p. l., 3-150 p., 1 l. 21 ᶜᵐ.
174 3406 185 40 Poems.

108 3458 51 52 ©
195 3464 114 46 May
343 3463 69 46 23,
448 3463 141 47 1928;
626 3464 68 41 2c.
729 3466 95 38 and
861 3464 82 42 aff.
979 3467 114 46 May
1128 3466 81 46 28;
1249 3466 41 38 A
1326 3465 229 47 1077499;
1595 3467 187 41 Harold
1821 3467 157 40 Vinal.
2015 3469 87 39 ltd.

188 3520 281 49 (28-14273)

100 3613 251 53 Florida.
428 3615 165 53 Laius
599 3658 11 23 ,
648 3622 257 61 statutes,
945 3622 98 47 etc.

171 3691 120 53 The
322 3693 282 67 compiled
638 3695 230 66 general
899 3695 139 52 laws
1072 3694 63 53 of
1170 3694 255 53 Florida.
1464 3698 149 52 1927,
1647 3695 327 69 embracing
2005 3697 97 51 the

101 3769 311 69 subsisting
448 3770 321 68 provisions
804 3771 62 53 of
901 3772 95 52 the
1034 3771 391 55 Constitution
1462 3774 110 52 and
1607 3779 239 47 statutes
1880 3792 58 34 as
102 3792 1974 108 contained

332 3849 60 51 in
431 3849 94 51 the
563 3849 218 53 revised
822 3852 229 66 general
1092 3858 239 45 statutes
1371 3850 63 53 of
1477 3854 150 51 1920.
1668 3852 433 68 incorporating

102 3924 93 52 the
234 3925 432 54 constitutional
703 3929 389 53 amendments
1130 3929 247 68 adopted
1416 3930 336 68 subsequent
1791 3938 56 45 to
1886 3931 95 52 the
2017 3949 82 34 re-
