2498 4384
1059 4093 98 50 839

88 441 267 62 O’Brien,
387 439 335 54 Frederick.

160 520 119 52 The
311 519 183 53 silken
527 536 182 50 purse.

171 616 78 49 (In
282 612 105 43 Fall
418 611 121 43 Mall
571 609 275 53 magazine,
876 609 142 50 June,
1051 608 144 50 1928)

95 680 1990 55 © 1c. July 5, 1928; A ad int. 11369; pubd. May 6; F. O’Brien,
162 743 206 47 Alassio,
409 743 145 47 Italy.

96 839 280 69 [Oldfield,
413 837 240 53 Reuben
689 836 297 65 Bertram]
1030 833 171 54 1878-

226 912 1865 73 … Exciting adventures of Mister Gerald Fox, by Ben Field
118 992 1542 71 [pseud.] New York, A. L. Burt company [ ᶜ1 928]
166 1086 1837 51 4 p. l., 115 p. col. front., col. plates. 19½ᶜᵐ. (His Wildwood series)
99 1157 1822 54 © May 15, 1928; 2c. and aff. June 1; A 1074810; A. L. Burt co.
176 1219 281 49 (28-14278)

92 1313 206 62 Paulu,
332 1312 289 53 Emanuel
651 1311 250 53 Marion.

98 1388 1998 149 Differentiated assignments in classroom management (teacher’s manual) [by] E. M. Paulu … with introduction by Lotus
97 1545 1975 150 D. Coffman … Boston, New York [etc.] D. C. Heath and company [ ᶜ1 928]
167 1721 757 49 xi, 25 p. illus., diagrs. 23 ᶜᵐ.
101 1789 51 52 ©
188 1794 114 47 May
335 1793 68 46 16,
440 1793 114 40 1928;
617 1793 67 40 2c.
720 1795 94 37 and
849 1792 82 41 aff.
966 1793 114 46 May
1115 1791 81 48 19;
1234 1792 40 39 A
1310 1792 229 46 1077301;
1577 1793 57 40 D.
1671 1792 49 41 C.
1756 1794 165 39 Heath
1957 1794 35 39 &
2027 1804 68 30 co.

176 1850 281 48 (28-14113)

98 1946 236 61 Pearse,
369 1944 234 53 Arthur
636 1944 238 63 Sperry,
914 1942 170 54 1877-

163 2022 1934 69 General zoology. Rev. ed. By A. S. Pearse … New
95 2103 179 60 York,
301 2103 77 52 H.
409 2103 147 51 Holt
584 2102 113 52 and
725 2120 280 49 company
1041 2135 10 33 [
1115 2104 100 49 ᶜ1928
1220 2134 13 33 ]

164 2199 99 47 viii,
292 2199 85 39 421
405 2210 44 37 p.
510 2198 142 46 illus.,
684 2198 179 47 diagrs.
923 2198 117 40 22ᶜᵐ.

103 2267 51 52 ©
185 2273 113 46 May
325 2271 70 41 25,
425 2271 141 46 1928;
595 2270 68 41 2c.
694 2271 125 40 June
847 2272 26 37 4;
932 2270 82 41 aff.
1044 2271 127 43 June
1199 2271 54 46 2;
1285 2271 41 39 A
1355 2270 230 43 1077554;
1617 2272 169 45 Henry
1815 2273 121 39 Holt
1965 2273 35 39 &
2030 2283 68 30 co.

183 2328 282 49 (28-14223)

95 2424 292 62 Perlman,
422 2424 176 64 Selig,
636 2427 169 49 1888-

172 2501 1929 71 A theory of the labor movement, by Selig Perlman … New
103 2580 180 68 York,
312 2581 121 53 The
463 2581 337 53 Macmillan
829 2599 298 53 company,
1160 2585 150 51 1928.

172 2678 83 49 xii,
285 2678 82 42 321
400 2689 44 38 p.
505 2678 146 42 19½ᶜᵐ.

106 2747 51 52 ©
197 2753 114 47 May
347 2750 71 50 29,
456 2751 141 47 1928;
636 2752 67 41 2c.
742 2753 96 39 and
876 2751 82 42 aff.
997 2753 114 48 May
1148 2754 82 47 31;
1271 2752 41 40 A
1349 2753 230 48 1079614;
1621 2754 283 40 Macmillan
1942 2764 67 31 co.

182 2807 281 50 (28-14392)

98 2905 306 61 Peterson,
438 2905 290 52 Houston.

171 2984 297 51 Havelock
508 2984 164 55 Ellis,
714 2984 371 67 philosopher
1125 2983 63 53 of
1226 2985 143 55 love,
1409 2985 75 67 by
1523 2985 266 52 Houston
1830 2986 274 51 Peterson

163 3062 1940 70 … Boston and New York, Houghton Mifflin company, 1928.
174 3144 1287 49 ix p., 2 l., 432 p. front., ports., facsim. 22½ᶜᵐ.
177 3201 401 48 “Commonplace
603 3202 162 43 books,
796 3202 319 41 1875-3885”:
1149 3214 42 37 p.
1226 3203 250 49 [367]-393.

175 3257 351 49 Bibliography
544 3269 8 28 :
586 3269 43 37 p.
664 3258 249 50 [394]-417.

110 3324 51 52 ©
199 3329 114 46 May
349 3329 68 47 31,
457 3328 138 45 1928;
635 3329 67 41 2c.
740 3330 114 47 May
890 3331 82 46 14;
1012 3329 83 41 aff.
1134 3332 114 46 May
1284 3331 83 46 23;
1407 3332 41 38 A
1484 3331 230 47 1074852;
1755 3333 60 40 H.
1855 3333 247 48 Peterson,

175 3386 119 39 New
333 3386 145 39 York.
550 3385 279 49 (28-14155)

105 3478 202 53 Pietro
335 3479 295 64 Damiani,
662 3480 187 68 Saint,
885 3481 366 54 1007?-1072.

177 3558 119 52 The
338 3576 142 51 song
521 3558 64 52 of
628 3558 55 55 S.
726 3561 171 51 Peter
936 3561 268 52 Damiani;
1285 3561 92 54 On
1417 3563 96 51 the
1554 3561 158 69 joyes
1754 3565 45 49 &
1837 3564 167 68 glory
2044 3563 65 53 of

108 3636 281 66 paradise,
422 3637 189 53 edited
649 3636 150 54 from
831 3639 96 53 the
958 3640 248 53 Vatican
1238 3659 101 34 ms.
1373 3641 140 51 with
1548 3659 30 33 a
1609 3659 124 34 new
1763 3642 342 52 translation

107 3714 75 68 by
215 3714 254 69 Stephen
500 3716 71 52 A.
607 3717 275 52 Hurlbut.
957 3718 405 69 Washington,
1392 3720 72 51 D.
1500 3718 82 67 C.,
1614 3720 120 52 The
1772 3719 82 55 St.
1887 3720 221 53 Albans

108 3811 174 49 press,
314 3797 150 49 1928.

181 3876 84 49 [23]
292 3887 43 37 p.
395 3877 118 39 21ᶜᵐ.

177 3934 130 40 Title
328 3934 129 40 from
485 3945 154 31 cover.

181 3993 144 40 Latin
349 3995 95 37 and
473 3994 202 47 English
702 4005 57 28 on
788 3995 218 47 opposite
1033 4005 160 38 pages.
