2498 4384
1231 4089 137 49 1252

346 517 221 48 191 p. 19½ ᶜᵐ.
349 588 265 40 Published
646 589 50 38 in
728 587 115 41 1914
875 589 154 39 under
1061 587 108 40 title
1187 597 10 29 :
1234 586 344 47 Orthography
1610 587 93 38 and
1741 587 132 39 word
1908 585 233 49 analysis.

284 654 1996 54 © Aug. 13, 1928; 2c. and aff. Aug. 23; A 1083913; Parker pub. co., L. L.
351 716 186 40 Parker
568 727 176 29 owner.
815 714 280 50 (28-20177)

283 811 372 62 Chadourne,
686 812 183 51 Marc.

351 891 204 65 Yasco,
586 890 77 67 by
693 890 163 51 Marc
889 888 373 65 Chadourne;
1298 887 317 53 translated
1648 886 154 53 from
1831 888 96 51 the
1957 887 224 53 French
2214 887 75 67 by

285 968 135 53 Eric
459 967 228 58 Sutton,
722 967 141 52 with
898 985 32 33 a
965 964 230 71 preface
1229 966 77 69 by
1341 966 156 53 Ford
1531 966 216 52 Madox
1780 966 173 52 Ford.
2028 966 261 56 London,

281 1047 56 53 J.
373 1046 157 69 Cape
568 1049 172 64 [1928]

351 1128 664 49 3 p. l., 9-283, [1] p. 20ᶜᵐ.
287 1197 1998 52 © 1c. July 12, 1928; A ad int. 11512; pubd. July 6; Harcourt, Brace and
355 1270 83 36 co.,
472 1258 105 46 inc.,
612 1258 117 39 New
763 1257 145 40 York.
978 1256 282 49 (28-20837)

281 1351 218 63 Cohen,
535 1351 283 62 Gustave,
857 1349 171 55 1879-

288 1426 1977 151 Le théâtre en France au moyen âge … I. Le théâtre religieux.
542 1506 1443 67 Par Gustave Cohen … Paris, Rieder [ ᶜ1 928]
355 1588 1933 51 80, lix p. pl. (inch facsims.) 20 ½ x 15 ½ ᶜᵐ. ( Half-title : Bibliothèque
285 1647 228 48 générale
547 1646 246 49 illustrée)

361 1716 424 48 “Bibliographie”
804 1727 9 28 :
844 1717 94 40 vol.
993 1747 8 10 I.
1034 1727 42 37 p.
1112 1717 83 48 [77]

288 1786 1887 114 © Mar. 27, 1928; 1c. Apr. 27; A— Foreign 38699; Éditions Rieder. (28-20032)
287 1947 154 63 Cole,
477 1947 228 64 George
738 1947 263 64 Douglas
1036 1946 278 64 Howard,
1353 1950 171 50 1889-

358 2026 123 52 The
516 2044 133 34 man
687 2023 153 55 from
874 2026 96 52 the
1006 2026 169 67 river,
1212 2044 31 33 a
1277 2026 226 53 Wilson
1537 2031 175 63 story,
1747 2025 75 69 by
1856 2025 69 55 G.
1961 2026 72 52 D.
2069 2026 76 52 H.
2183 2026 107 52 and

287 2104 1934 67 M. Cole … London [etc.] W. Collins sons & co., ltd. [ ᶜ1 928]
357 2187 448 48 2 p. l., 276 p. 19 ᶜᵐ.
291 2256 2001 52 © 1c. Aug. 15, 1928; A ad int. 11514; pubd. June 21; Macmillan co., New
360 2317 146 40 York.
577 2316 281 49 (28-20757)

292 2412 251 61 Connor,
574 2411 200 53 Frank
802 2411 65 53 L.

359 2489 190 53 Labor
578 2494 146 48 costs
752 2488 66 54 of
847 2489 416 67 construction;
1297 2508 32 34 a
1361 2488 288 54 reference
1679 2489 148 53 book
1858 2488 94 54 for
1983 2489 314 69 engineers,

293 2565 1940 71 architects, contractors and builders, by Frank L. Connor …
293 2645 272 70 Chicago,
593 2646 114 68 Ill.,
738 2645 238 55 Gillette
1007 2645 337 70 publishing
1375 2663 299 52 company,
1708 2647 151 51 1928.

362 2727 639 48 xiv, 202 p. diagrs. 20½ ᶜᵐ.
363 2798 353 48 Bibliography
734 2809 9 28 :
774 2809 43 37 p.
844 2809 47 30 x.

296 2852 51 52 ©
377 2857 121 47 Aug.
527 2857 42 47 4,
599 2856 114 41 1928;
771 2857 68 41 2c.
868 2856 121 48 Aug.
1019 2857 56 39 25;
1135 2856 82 42 aff.
1249 2857 120 47 Aug.
1400 2857 56 38 24;
1515 2856 42 40 A
1587 2856 205 42 1083987;
1853 2857 199 41 Gillette
2085 2857 109 47 pub.
2226 2867 68 30 co.

374 2913 282 49 (28-20314)

297 3006 195 64 Coyle,
526 3007 185 53 Grace
745 3007 66 54 L.

365 3085 144 53 Jobs
556 3086 114 52 and
716 3085 320 69 marriage?
1125 3084 266 56 Outlines
1442 3084 93 55 for
1582 3085 96 54 the
1725 3085 317 54 discussion
2090 3085 65 54 of
2204 3086 94 53 the

296 3162 250 53 married
582 3180 223 35 woman
839 3163 62 52 in
933 3163 274 68 business,
1243 3164 76 69 by
1354 3163 182 55 Grace
1571 3164 65 53 L.
1676 3163 193 71 Coyle.
1941 3164 141 53 New
2117 3164 182 68 York,

296 3240 834 69 The Womans press [ ᶜ1 928]
365 3321 83 41 101
481 3333 43 37 p.
584 3323 55 39 23½
673 3324 44 22 ᶜᵐ
722 3354 8 7 ·

303 3389 51 53 ©
387 3394 117 47 July
534 3394 69 46 24,
636 3394 117 41 1928;
811 3395 67 41 2c.
910 3395 120 48 Aug.
1062 3395 82 47 10;
1180 3395 83 41 aff.
1294 3396 121 49 Aug.
1448 3398 82 46 14;
1565 3397 41 39 A
1638 3397 230 48 1083673;
1901 3399 132 39 Natl,
2067 3398 151 39 board
2249 3397 52 41 of

373 3451 82 39 the
494 3451 170 47 Young
701 3461 212 30 womens
953 3452 251 41 Christian
1245 3453 323 41 associations
1608 3454 51 40 of
1699 3455 81 39 the
1821 3455 179 40 United
2043 3454 164 41 States
2246 3453 52 41 of

366 3507 238 48 America,
632 3508 119 39 New
777 3509 145 40 York.
993 3508 282 50 (28-20303)

294 3600 250 63 Danieli,
582 3600 309 56 Giovanni.

363 3677 152 53 How
543 3683 59 47 to
629 3677 120 55 find
777 3679 95 53 the
900 3680 244 54 latitude
1174 3683 113 51 and
1316 3683 96 52 the
1440 3683 298 69 longitude
1767 3689 59 47 at
1855 3703 110 49 any
1995 3683 138 53 time
2163 3683 139 52 with

294 3755 138 69 only
474 3773 104 35 one
622 3755 363 55 observation
1026 3776 74 34 on
1142 3760 97 51 the
1282 3777 275 51 compass,
1599 3761 75 68 by
1718 3760 290 56 Giovanni
2052 3761 247 53 Danieli.

301 3832 1684 75 [New York, Ar-Kay printing company, inc.] ᶜ1 928.
369 3915 281 49 [12] p. 20½ ᶜᵐ.
302 3967 52 52 ©
385 3973 114 46 May
527 3973 54 40 23,
626 3973 141 46 1928;
798 3973 67 42 2c.
896 3974 126 41 June
1051 3975 83 48 19;
1166 3975 83 42 aff.
1280 3976 127 41 June
1436 3976 29 41 6;
1520 3977 42 40 A
1591 3977 230 49 1077935;
1856 3979 52 41 G.
1940 3977 210 49 Danieli,
2181 3977 118 42 New

370 4029 144 40 York.
586 4030 280 51 (28-19926)
