2498 4384
1054 4114 137 51 2063

187 520 556 50 320 p. illus. 19 ½ ᶜᵐ .
123 569 2004 59 © June l. 1928: 1c . Sept. 19; A—Foreign 72; Kultur-verlag, g. m. b. h.
200 634 281 50 (29-29354)

123 729 178 64 Todd,
333 729 248 54 Charles
609 727 172 64 Cecil,
815 731 171 50 1882-

190 808 243 68 Kissing
473 808 113 51 and
630 806 350 68 conspiring,
1021 806 76 68 by
1142 804 60 55 C.
1250 803 63 54 C.
1359 803 194 67 Todd;
1600 800 335 69 containing
1979 817 151 35 some

121 885 299 68 telephone
459 884 223 68 history
722 882 64 53 of
825 883 236 52 interest
1099 887 59 48 to
1197 880 98 53 the
1335 880 202 69 people
1577 878 64 53 of
1680 883 222 48 eastern
1942 877 190 53 North

122 962 286 56 Carolina.
504 962 118 52 Not
679 961 407 68 propaganda;
1145 964 102 48 not
1303 958 233 69 printed
1592 957 183 52 under
1831 955 302 68 telephone

121 1059 281 50 company
443 1039 375 69 supervision.
919 1039 139 52 [New
1099 1039 173 66 Bern,
1312 1036 70 54 N.
1427 1035 81 68 C.,
1548 1035 244 53 Printed
1832 1034 77 69 by
1950 1032 68 56 O.
2063 1032 69 55 G.

121 1121 404 65 Dunn] ᶜ19 28.
191 1202 339 49 59 p. 22½ ᶜᵐ .
125 1256 51 52 ©
214 1260 112 40 Dec.
362 1259 69 40 10,
468 1259 140 39 1928:
647 1257 67 41 2c.
752 1259 96 38 and
884 1256 82 41 aff.
1004 1257 112 39 Dec.
1154 1256 82 40 12:
1276 1255 41 39 A
1352 1255 143 46 2212;
1536 1254 50 41 C.
1625 1253 49 42 C.
1711 1254 150 47 Todd,
1899 1253 233 46 Tarboro,

239 1350 7 8 N.
280 1316 48 41 C.
398 1315 223 49 (29-166)

117 1412 71 53 U.
222 1412 57 53 S.
354 1412 185 58 Laws,
571 1416 258 50 statutes,
861 1415 99 49 etc.

252 1484 1881 64 … United States Code annotated. Titles 27-34, 36-48. 50.
127 1566 384 68 [Cumulative
548 1567 212 51 annual
800 1565 201 68 pocket
1043 1571 150 62 part,
1235 1567 149 50 1928.
1465 1562 83 56 St.
1588 1564 167 64 Paul,
1793 1563 134 53 West
121 1563 1988 151 publishing

366 1664 299 50 company.
701 1648 151 63 1928]

189 1728 311 41 27 v. 24 ᶜᵐ .
192 1786 155 38 These
376 1785 276 48 pamphlets
684 1795 84 29 are
800 1786 47 38 to
879 1784 57 39 be
965 1782 140 41 fitted
1136 1782 104 40 into
1273 1782 81 40 the
1386 1782 198 48 pockets
1616 1783 51 38 at
1701 1781 81 40 the
1814 1781 123 40 back
1969 1781 51 40 of
2052 1780 83 41 the

121 1842 216 40 volumes
367 1842 52 39 of
448 1842 82 40 the
560 1845 72 36 set
663 1847 51 34 to
740 1841 160 40 which
930 1840 116 48 they
1074 1840 187 47 belong.

125 1896 51 52 ©
206 1900 119 39 Nov.
354 1899 40 42 2,
425 1898 141 41 1928:
596 1899 69 39 2c.
695 1898 118 39 each
844 1899 113 39 Dec.
988 1897 51 46 8;
1073 1896 109 41 affs.
1213 1897 114 39 Dec.
1358 1898 52 44 7;
1444 1896 41 39 A
1514 1895 279 48 3035-3060,
1824 1895 142 46 3067;
1999 1896 137 39 West

192 1956 108 48 pub.
331 1967 83 36 co.,
451 1956 66 40 St.
550 1956 122 39 Paul
704 1956 95 39 and
832 1955 214 40 Edward

1078 1955 277 46 Thompson
1388 1964 82 37 co.,
1502 1953 286 47 Northport,
1821 1953 51 39 L.
1906 1953 52 47 I.,
1992 1953 56 40 N.
2082 1953 54 40 Y.

125 2065 374 64 Whitehead,
533 2064 228 55 Wilbur
796 2064 297 64 Cherrier,
1130 2069 174 49 1866-

196 2140 1940 72 Contract bridge standards, by Wilbur C. Whitehead … with
126 2239 73 35 an
240 2221 394 53 introduction
675 2222 76 68 by
793 2221 114 70 Ely
953 2220 372 67 Culbertson;
1372 2220 142 53 with
1558 2220 352 53 illustrative
1950 2220 186 53 hands

126 2300 341 69 completely
506 2300 293 68 analyzed.
875 2299 141 53 New
1056 2298 182 69 York,
1278 2298 314 54 Frederick
1628 2298 74 54 A.
1746 2297 204 57 Stokes
124 2317 1989 131 company,
330 2380 154 52 1929.

194 2459 1083 49 xvi, 176 p. front. (port.) illus. 15½ ᶜᵐ .
126 2513 51 53 ©
208 2519 113 40 Dec.
351 2518 70 47 18,
454 2518 140 42 1928:
627 2518 68 41 2c.
727 2520 96 38 and
854 2517 83 43 aff.
967 2518 113 42 Dec.
1111 2518 84 47 20;
1228 2518 42 39 A
1300 2518 143 42 3270:
1478 2519 265 40 Frederick
1774 2519 55 39 A.
1864 2519 173 41 Stokes
2070 2530 68 31 co.

204 2575 222 49 (29-139)

124 2668 235 65 Wrong,
394 2669 229 64 George
654 2669 354 65 McKinnon,
1043 2675 171 50 1860-

192 2749 1883 72 The rise and fall of New France, by George M. Wrong …
119 2825 1398 74 New York, The Macmillan company, 1928.
192 2909 29 39 2
247 2921 44 28 V.
348 2921 139 37 maps
516 2910 48 48 (1
593 2910 146 48 fold.)
804 2911 147 42 22½ᶜᵐ.

193 2966 162 48 Paged
391 2967 358 48 continuously.

195 3023 364 41 “Authorities”
592 3027 54 37 at
677 3025 92 39 end
802 3023 53 42 of
886 3024 120 41 each
1038 3025 207 41 volume.

126 3075 1576 55 © Nov. 20, 1928; 2c. each Nov. 21; A 767; Macmillan co.
203 3137 282 47 (28-28986)

119 3231 353 65 Wurzburg,
512 3232 274 65 Dorothy
822 3233 202 65 Adele,
1064 3253 164 51 comp.

197 3309 325 55 Children’s
556 3311 161 53 short
751 3317 160 64 story
944 3313 174 53 index
1154 3312 97 54 for
1285 3314 212 68 special
1532 3314 285 70 holidays,
1853 3315 285 69 compiled

122 3387 75 69 by
239 3389 71 51 D.
354 3389 72 52 A.
588 3390 227 69 Wurzburg.
895 3392 237 67 Boston,
1176 3392 123 53 The
1343 3392 66 53 F.
1453 3392 89 55 W.
1589 3393 202 53 Faxon
1836 3412 301 52 company,

126 3469 148 50 1928.

191 3547 1824 56 5 p. l., 3-116 p. 22 ᶜᵐ . (Half-title: Useful reference series, no. 36)
192 3605 41 39 A
259 3605 192 48 subject
476 3610 346 45 arrangement
848 3609 62 47 by
936 3609 201 48 holiday
1164 3610 122 40 with
1314 3611 330 48 alphabetical
1673 3612 109 41 title
1810 3613 161 41 index.

193 3661 134 41 “List
356 3662 52 40 of
437 3663 149 41 books
616 3665 266 47 analyzed”
902 3676 8 29 :
944 3677 43 37 p.
1023 3666 252 50 [103]-116.

123 3713 52 52 ©
202 3718 119 42 Nov.
350 3719 38 47 6,
419 3719 141 43 1928:
590 3721 68 40 2c.
688 3723 95 39 and
812 3721 83 42 aff.
923 3723 119 40 Nov.
1071 3723 83 48 10;
1185 3724 41 38 A
1256 3724 142 48 1637;
1431 3725 52 41 F.
1512 3727 73 40 W.
1616 3726 170 40 Faxon
1815 3737 69 30 co.

200 3775 283 49 (28-28997)

119 3868 247 66 Wynne,
405 3872 307 64 Anthony.

191 3949 121 53 The
352 3950 236 69 dagger,
626 3952 74 69 by
741 3952 281 70 Anthony
1136 3973 167 50 Wynne.
1379 3956 261 69 London,
1680 3957 370 56 Hutchinson
2091 3961 46 51 &

121 4045 96 49 co.,
249 4028 102 53 ltd.
392 4032 172 65 [1928]
