2498 4384
1185 4055 129 50 1664

246 395 289 64 Joachim,
577 395 326 54 Hermann.

323 473 112 53 Die
478 472 638 70 kinematographische
1161 470 350 70 projektion,
1556 489 112 34 von
1714 471 85 53 dr.
1846 471 78 53 H.
1971 471 284 54 Joachim.

254 551 47 54 7.
339 552 119 52 und
495 555 46 48 8.
578 551 354 69 vollständig
1006 549 252 70 umgearb.
1297 548 131 54 aufl.
1467 567 110 34 von
1615 549 67 53 F.
1719 549 149 52 Paul
1904 548 350 71 Liesegang:

252 628 330 54 Handbuch
619 629 100 52 der
754 628 370 68 praktischen
1157 626 555 69 kinematographie.
1784 626 114 53 Mit
1937 630 100 49 339
253 627 1978 148 abbildungen.

574 706 177 53 Halle
791 705 224 70 (Saale)
1053 705 90 54 W.
1173 705 239 68 Knapp,
1444 707 150 51 1928.

326 785 1932 52 2 p. l., [Vii]-xv, 404 p. incl. illus., tables, diagrs. 24 ½ ᶜᵐ. ( Added
257 848 120 46 t.-p.:
418 846 274 39 Handbuch
733 846 86 38 der
859 844 316 48 praktischen
1215 844 470 48 kinematographie,
1729 845 131 47 hrsg.
1901 855 94 29 von
2038 845 53 40 F.
2134 846 124 40 Paul

255 900 1909 49 Liesegang und Guido Seeber, bd. III: Die vorführung des films, 1. t.)
253 956 51 52 ©
333 962 123 38 Mar.
482 960 69 47 29,
579 958 142 48 1928;
781 970 36 30 1c.
846 960 116 47 July
989 959 81 47 18;
1100 957 42 40 A
1142 958 274 48 —Foreign
1441 958 173 48 39605;
1644 958 230 42 Wilhelm
1902 960 192 47 Knapp.

331 1016 282 49 (28-25152)

247 1111 251 65 Kehrer,
535 1110 356 65 Ferdinand,
931 1116 173 49 1883-

382 1189 1875 67 … Erblichkeit und nervenleiden, von dr. F. Kehrer … 1.
249 1268 218 67 Berlin,
496 1268 56 54 J.
585 1267 300 70 Springer,
915 1270 151 51 1928.

317 1349 1939 50 2 p. l., 136 p. illus., plates, diagrs. 25 ½ ᶜᵐ. (Monographien aus dem
247 1407 1606 48 gesamtgebiete der neurologie und psychiatrie … hft. 50)
251 1461 51 52 ©
331 1460 111 46 Jan.
470 1465 69 47 23,
568 1465 142 46 1928;
771 1476 36 29 1c.
837 1465 126 39 June
991 1465 81 46 13;
1104 1464 314 48 A—Foreign
1446 1464 172 48 39111;
1650 1464 164 40 Julius
1847 1464 246 49 Springer.

329 1522 284 49 (28-25150)

245 1615 237 65 Kelsey,
518 1616 153 65 Carl,
709 1616 171 55 1870-

317 1693 1941 71 The physical basis of society, by Carl Kelsey … 2d ed.
249 1772 138 54 New
419 1773 182 67 York,
631 1773 261 67 London,
920 1773 73 52 D.
1026 1772 300 69 Appleton
1356 1773 114 53 and
1503 1791 300 50 company,
1837 1775 151 52 1928.

313 1855 119 48 xxii,
466 1855 87 40 526
583 1866 43 38 p.
687 1855 129 41 illus.
845 1855 186 49 (maps)
1072 1855 182 48 diagrs.
1316 1854 56 41 21½ᶜᵐ.

318 1912 350 41 “References”
702 1914 53 39 at
785 1914 92 39 end
909 1913 51 40 of
991 1914 126 39 most
1150 1912 51 41 of
1234 1912 82 41 the
1348 1912 227 48 chapters;
1639 1912 298 49 “Suggested
1969 1912 259 49 readings”;

245 1980 42 37 p.
318 1969 220 41 489-501.

251 2022 52 52 ©
333 2026 103 41 Oct.
463 2027 69 47 17,
561 2026 114 41 1928;
732 2028 67 39 2c.
828 2028 95 39 and
951 2025 82 42 aff.
1064 2026 102 42 Oct.
1193 2026 57 41 23;
1308 2026 42 40 A
1376 2026 114 40 1151;
1549 2027 59 41 D.
1635 2026 242 51 Appleton
1905 2026 37 41 &
1969 2038 68 29 co.

326 2083 283 49 (28-24709)

250 2178 256 65 Kenton,
542 2179 187 64 Edna,
767 2180 171 54 1876-

316 2258 124 54 The
467 2258 149 54 book
644 2257 65 55 of
738 2257 209 70 earths,
975 2258 76 70 by
1081 2258 170 54 Edna
1280 2258 250 55 Kenton.
1606 2258 139 54 New
1775 2258 181 70 York,
1982 2259 93 55 W.
246 2259 1990 131 Morrow
395 2339 46 51 &
471 2355 300 53 company,
805 2339 152 54 1928.

414 2421 1842 50 xxv p., 1 l., 290 p. front., illus., plates (1 mounted) maps, facsims.,
245 2479 296 49 diagrs. 24 ᶜᵐ.
314 2537 353 47 Bibliography:
729 2548 42 36 p.
801 2536 218 41 263-268.

251 2589 51 52 ©
332 2593 104 42 Oct.
464 2594 69 47 18,
562 2594 141 46 1928;
734 2594 68 40 2c.
831 2595 95 39 and
955 2594 83 40 aff.
1068 2594 103 40 Oct.
1199 2593 84 47 20;
1315 2594 41 39 A
1384 2594 142 47 1112;
1604 2628 7 7 E.
1641 2594 208 48 Kenton,
1880 2595 118 39 New
2027 2594 147 40 York.

329 2651 283 49 (28-24581)

245 2731 342 64 Kernahan,
616 2731 235 53 Arthur
880 2731 160 65 Earl,
1072 2737 173 49 1888-

313 2809 365 53 Adventures
714 2809 61 52 in
811 2809 298 53 visitation
1144 2810 368 68 evangelism,
1545 2810 76 68 by
1655 2809 73 53 A.
1764 2810 142 52 Earl
1941 2809 317 53 Kernahan

307 2886 1951 71 … New York, Chicago [etc.] Fleming H. Revell company
323 2968 102 50 [ ᶜ1 928]
313 3049 280 49 125 p. 19½ ᶜᵐ.
251 3102 51 52 ©
334 3106 128 48 Sept.
488 3105 70 47 29,
586 3105 141 47 1928;
757 3105 67 41 2c.
852 3107 96 38 and
975 3104 82 42 aff.
1087 3105 102 40 Oct.
1217 3105 83 47 19;
1331 3106 40 38 A
1397 3105 143 48 1199;
1571 3105 221 49 Fleming
1818 3106 62 39 H.
1908 3106 170 39 Revell
2107 3117 68 29 co.

327 3161 284 50 (28-24610)

244 3241 377 65 Keyserling,
652 3243 308 52 Hermann
991 3241 359 65 Alexander,
1379 3243 139 69 graf
1544 3258 132 48 von,
1709 3247 173 50 1880-
2102 3244 84 53 ed.

320 3320 236 53 Mensch
586 3322 118 52 und
734 3321 149 66 erde,
911 3320 61 53 in
1002 3320 432 69 darstellungen
1464 3339 111 34 von
1604 3319 138 71 graf
1769 3321 304 53 Hermann
252 3321 1980 146 Keyserling,

519 3397 1734 71 Hans Much, C. G. Jung [u. a.] … hrsg. vom grafen
249 3475 1767 70 Hermann Keyserling … Darmstadt, O. Reichl, 1927.
322 3557 1936 52 4 p. l. , 417, [1] p. 20 ᶜᵐ. (Added t.-p.: Der leuchter; weltanschauung
252 3614 98 40 und
379 3614 463 47 lebensgestaltung.
903 3614 40 41 8.
972 3614 150 46 buch)

598 3669 104 42 CONTENTS.—1.
738 3672 36 39 t.
810 3668 100 43 Der
946 3668 174 52 zyklus
1157 3669 87 43 der
1280 3672 197 50 tagung
1514 3671 120 42 1927
1671 3670 86 43 der
1795 3670 341 44 Gesellschaft
2171 3671 84 43 für

249 3724 128 43 freie
407 3724 314 52 philosophie
750 3739 60 29 zu
841 3725 321 43 Darmstadt:
1195 3730 201 40 Mensch
1426 3731 98 39 und
1557 3731 113 40 erde
1704 3741 122 38 [von]
1859 3730 112 48 graf
2003 3731 252 39 Hermann

253 3783 306 48 Keyserling.
617 3785 100 39 Der
745 3784 104 40 sich
876 3785 287 40 wandelnde
1191 3785 168 48 planet
1388 3786 74 40 als
1492 3785 184 41 einheit
1709 3796 119 39 [von]
1862 3787 112 47 graf
2003 3786 254 41 Hermann

251 3840 1988 96 Keyserling. Der körper als fatum [ von] Hans Much. Die erdbedingtheit
393 3897 89 40 der
517 3898 178 47 psyche
737 3908 121 38 [von]
901 3897 49 41 C.
993 3898 53 40 G.
1086 3899 144 47 Jung.
1299 3899 410 41 Erdenschicksal
1749 3902 100 39 und
1886 3900 372 41 kulturwerden

272 3953 1986 52 [von] Leo Frobenius. Die Sonderstellung des menschen [ von] Max Sche-
