2498 4384
972 4063 134 50 1125

42 431 72 53 U.
141 431 57 54 S.
272 432 167 54 Laws
445 475 10 25 ,
482 436 257 63 statutes,
765 435 100 47 etc.

114 523 216 53 United
359 523 189 55 States
575 521 153 56 Code
756 522 324 53 annotated.
1156 521 122 53 The
1306 520 154 54 Code
1486 519 64 53 of
1574 520 96 51 the
1696 520 138 51 laws
1858 517 65 55 of
1945 518 96 52 the

45 602 216 53 United
297 601 189 55 States
522 600 57 53 in
618 600 153 54 force
807 600 308 52 December
1149 599 49 69 7,
1237 601 149 65 1925,
1423 617 60 34 as
1517 598 232 52 enacted
1782 597 75 68 by
43 596 1974 152 Congress

236 675 1805 72 June 28 and approved June 30, 1926 … Prepared by
43 759 95 53 the
173 757 266 55 editorial
472 756 163 56 staffs
669 757 65 54 of
767 757 253 53 Edward
1055 757 331 68 Thompson
1421 773 281 51 company
1737 755 113 53 and
1880 754 162 54 West

42 837 334 69 publishing
406 854 296 51 company.
778 836 153 52 Title
962 838 81 51 34.
1076 835 185 68 Navy.
1339 834 83 55 St.
1453 835 166 67 Paul,
1650 834 202 67 Minn.,
1882 834 160 53 West

43 916 334 68 publishing
405 934 308 50 company;
743 915 339 66 Northport,
1107 914 65 52 L.
1199 914 69 56 I.,
1293 913 69 53 N.
1392 912 91 69 Y.,
1509 912 255 53 Edward
34 912 1982 134 Thompson
163 1012 298 49 company,
494 996 149 49 1928.

112 1052 431 71 xi, 321 p. 24 ᶜᵐ .
48 1142 51 52 ©
128 1146 116 48 July
271 1146 69 48 20,
370 1146 140 47 1928;
541 1146 67 41 2c.
636 1146 120 48 Aug.
784 1147 28 39 7;
868 1145 83 42 aff.
979 1145 120 48 Aug.
1128 1145 52 47 6;
1212 1146 41 39 A
1282 1144 229 48 1082959;
1543 1145 137 42 West
1708 1144 109 49 pub.
1845 1154 69 30 co.
1945 1145 95 39 and

116 1204 212 39 Edward
356 1203 276 48 Thompson
660 1214 67 30 co.

111 1339 216 53 United
373 1339 190 55 States
606 1338 153 55 Code
801 1340 325 51 annotated.
1202 1340 122 51 The
1367 1339 154 54 Code
1562 1337 63 54 of
1665 1338 97 53 the
1800 1339 138 51 laws
1979 1337 65 53 of

41 1418 94 53 the
176 1417 216 54 United
435 1418 189 55 States
665 1418 58 52 in
766 1418 155 53 force
961 1418 310 52 December
1311 1417 50 58 7,
1403 1420 150 68 1925,
1596 1436 59 34 as
1695 1416 234 53 enacted
1965 1417 77 68 by

44 1495 2001 70 Congress June 28 and approved June 30, 1926 … Prepared
42 1575 75 67 by
160 1576 96 51 the
300 1574 267 53 editorial
612 1574 161 54 staffs
818 1575 63 52 of
927 1575 253 52 Edward
1227 1575 332 67 Thompson
1605 1592 281 51 company
1930 1574 114 53 and

40 1652 156 54 West
232 1652 336 69 publishing
603 1671 295 49 company.
975 1653 153 52 Title
1160 1656 83 49 46.
1283 1652 308 69 Shipping.
1670 1654 62 66 §§
1771 1656 27 48 1
1831 1658 58 47 to
1926 1656 116 49 540.

45 1731 82 55 St.
161 1732 165 66 Paul,
358 1731 202 57 Minn.,
593 1732 161 52 West
788 1730 336 70 publishing
1156 1750 309 50 company;
1503 1731 340 68 Northport,
1877 1732 65 52 L.
1976 1732 68 68 I.,

43 1811 69 52 N.
147 1811 88 67 Y.,
269 1811 254 52 Edward
555 1810 330 70 Thompson
919 1828 297 50 company,
1251 1812 151 51 1928.

111 1892 427 48 xi, 426 p. 24 ᶜᵐ .
47 1959 51 52 ©
132 1964 127 41 June
288 1964 69 46 26,
392 1963 142 42 1928;
569 1964 68 39 2c.
670 1965 97 38 and
800 1963 82 41 aff.
916 1963 117 48 July
1067 1964 81 47 14;
1184 1963 44 40 A
1260 1963 230 48 1082529;
1527 1965 136 39 West
1697 1964 109 48 pub.
1842 1975 68 30 co.
1946 1966 96 38 and

114 2021 212 40 Edward
355 2020 276 49 Thompson
660 2032 68 29 co.

110 2159 215 53 United
355 2158 189 55 States
574 2159 153 54 Code
753 2160 326 52 annotated.
1155 2160 122 52 The
1305 2159 155 54 Code
1486 2160 65 52 of
1574 2160 96 52 the
1696 2162 138 51 laws
1859 2158 65 55 of
1946 2160 99 52 the

38 2236 218 54 United
296 2237 188 54 States
520 2240 59 50 in
614 2238 157 52 force
806 2237 309 53 December
1150 2238 48 68 7,
1236 2241 151 64 1925,
1422 2257 59 34 as
1517 2238 234 53 enacted
1784 2238 76 69 by
39 2238 1981 145 Congress

232 2317 1812 72 June 28 and approved June 30, 1926 … Prepared by
38 2397 96 51 the
167 2396 266 52 editorial
468 2395 163 55 staffs
666 2396 64 53 of
763 2397 255 53 Edward
1052 2397 333 67 Thompson
1419 2415 282 51 company
1736 2397 114 53 and
1883 2397 162 54 West

37 2473 337 70 publishing
423 2493 295 49 company.
794 2475 153 52 Title
995 2477 83 51 46.
1130 2474 310 70 Shipping.
1519 2477 62 66 §§
1634 2479 97 49 541
1781 2481 58 48 to
1891 2478 150 50 1014.

41 2552 83 55 St.
158 2553 165 68 Paul,
356 2553 203 59 Minn.,
593 2554 160 53 West
784 2552 337 70 publishing
1154 2572 310 50 company;
1500 2553 343 71 Northport,
1876 2555 65 53 L.
1973 2555 69 68 I.,

37 2631 70 53 N.
138 2632 90 68 Y.,
256 2632 255 53 Edward
541 2633 330 67 Thompson
900 2650 298 52 company,
1230 2635 151 51 1928.

110 2714 408 50 V, 414 p. 24 ᶜᵐ .
44 2777 52 53 ©
127 2781 116 48 July
273 2781 38 49 5,
342 2781 141 48 1928;
516 2782 68 40 2c.
614 2782 121 48 Aug.
764 2783 27 40 7;
850 2782 83 42 aff.
962 2782 121 49 Aug.
1114 2783 52 47 6;
1199 2783 43 39 A
1271 2783 231 48 1082961;
1536 2784 136 41 West
1702 2785 109 48 pub.
1844 2795 67 31 co.
1943 2787 98 40 and

111 2839 213 40 Edward
355 2839 277 48 Thompson
662 2850 68 30 co.

107 2962 217 54 United
369 2963 190 55 States
602 2963 153 54 Code
796 2965 326 52 annotated.
1198 2965 122 52 The
1364 2965 156 54 Code
1558 2965 65 53 of
1661 2966 96 52 the
1797 2967 140 52 laws
1978 2966 64 53 of

39 3041 95 54 the
173 3041 218 56 United
433 3041 190 55 States
662 3042 59 52 in
762 3042 155 53 force
957 3043 309 53 December
1307 3042 48 69 7,
1397 3047 151 65 1925,
1589 3063 61 35 as
1689 3045 234 53 enacted
1961 3045 79 69 by

40 3119 1999 73 Congress June 28 and approved June 30, 1926 … Prepared
36 3199 76 67 by
156 3200 96 52 the
295 3199 267 53 editorial
606 3199 163 55 staffs
813 3200 65 53 of
921 3200 256 54 Edward
1220 3201 333 68 Thompson
1598 3221 281 50 company
1925 3204 114 53 and

35 3277 160 54 West
231 3277 336 70 publishing
601 3297 296 50 company.
973 3279 153 53 Title
1163 3282 82 50 50.
1280 3279 157 55 War.
1516 3280 83 55 St.
1637 3282 165 66 Paul,
1836 3281 204 69 Minn.,

38 3356 160 53 West
235 3356 336 69 publishing
607 3375 308 49 company;
956 3357 341 69 Northport,
1335 3358 65 53 L.
1440 3359 68 69 I.,
1545 3359 69 54 N.
1655 3359 89 69 Y.,
1784 3361 255 54 Edward

34 3435 329 67 Thompson
395 3453 298 52 company,
726 3437 150 50 1928.

106 3516 428 49 xi, 311 p. 24 ᶜᵐ .
42 3580 52 53 ©
122 3586 116 48 July
263 3587 70 47 24,
361 3586 119 41 1928;
532 3587 68 40 2c.
628 3587 120 49 Aug.
777 3588 29 40 7;
861 3587 82 42 aff.
972 3588 119 48 Aug.
1121 3588 29 40 6;
1204 3589 43 39 A
1275 3589 206 41 1082963;
1537 3591 137 40 West
1701 3592 110 48 pub.
1841 3604 68 29 co.
1939 3595 96 39 and

110 3644 211 39 Edward
351 3643 277 49 Thompson
656 3655 66 30 co.

167 3766 1868 74 … United States Code annotated. Constitution. pt. 3.
35 3841 382 55 Amendment
448 3849 67 47 14
541 3851 57 46 to
628 3847 357 52 amendment
1019 3850 80 49 19.
1181 3847 383 67 [Cumulative
1593 3852 211 50 annual
1833 3851 204 68 pocket

37 3927 149 62 part,
219 3922 149 53 1927.
447 3923 84 55 St.
563 3925 165 67 Paul,
757 3925 201 68 Minn.,
988 3925 161 53 West
1179 3923 336 73 publishing
1546 3947 297 53 company,
1877 3933 151 65 1928]

108 4004 275 49 8 p. 24 ᶜᵐ .
