2498 4384
1307 4083 100 50 842

506 527 1105 47 xv, 122 p. col. front., illus. col. pl. 21ᶜᵐ.
371 594 52 52 ©
454 600 47 37 Mar.
604 599 55 37 14,
703 598 114 39 1928;
875 599 67 39 2c.
972 598 126 39 June
1128 599 25 37 1;
1212 597 83 42 aff.
1326 599 126 39 June
1481 600 27 37 4;
1566 599 36 38 A
1636 598 202 40 1077595;
1899 599 129 39 John
2061 599 48 41 C.
2140 599 225 40 Winston

438 666 67 30 co.

361 748 225 62 Senior,
620 749 238 52 Nassau
895 747 271 63 William,
1203 747 326 54 1790-1864.

439 827 320 52 Industrial
813 826 280 68 efficiency
1143 827 114 52 and
1309 827 172 52 social
1536 844 285 50 economy,
1872 826 76 69 by
1999 827 224 53 Nassau
2275 828 88 53 W.

369 904 1934 69 Senior, original mss. arranged and edited by S. Leon Levy …
368 981 1309 68 New York, H. Holt and company [ ᶜ1 928]
435 1077 801 49 2 v. front. (facsim.) 22½ᶜᵐ.
437 1149 241 41 “Senior’s
714 1149 244 40 economic
994 1148 330 48 manuscripts
1361 1152 95 39 and
1495 1150 139 39 other
1672 1150 223 47 writings
1932 1154 50 36 to
2020 1150 156 40 which
365 1150 1982 98 references
539 1217 84 29 are
656 1206 170 49 given”
846 1217 8 28 :
890 1218 42 28 v.
965 1207 41 47 2,

1042 1217 41 37 p.
1118 1206 219 40 373-380.
1402 1207 133 42 “List
1570 1206 50 40 of
1655 1217 196 30 sources
1885 1208 178 47 quoted
2098 1208 61 46 by
2196 1208 169 40 Senior

374 1264 270 49 (exclusive
677 1264 52 40 of
762 1266 313 44 government
1111 1266 191 45 reports
1338 1266 49 38 to
1421 1264 158 39 which
1616 1264 274 40 references
1925 1275 82 29 are
2043 1264 143 48 given
2284 1264 77 48 …)”:

366 1333 43 30 v.
436 1322 40 47 2,
505 1332 43 37 p.
575 1321 220 41 400-403.

368 1388 52 52 ©
454 1394 115 46 May
599 1393 70 47 22,
702 1392 118 40 1928;
877 1392 68 39 2c.
980 1393 114 46 May
1126 1392 55 39 29;
1247 1391 81 41 aff.
1364 1393 114 47 May
1511 1392 56 41 28;
1628 1392 44 39 A
1702 1393 203 39 1077497;
1969 1394 171 47 Henry
2173 1393 120 40 Holt
2328 1393 36 40 &

438 1461 67 28 co.
576 1449 281 49 (28-14391)

363 1543 196 62 Shaw,
591 1542 227 64 George
848 1542 287 62 Bernard,
1169 1546 171 49 1856-

433 1623 120 52 The
590 1622 326 66 intelligent
952 1621 267 52 woman’s
1256 1622 171 68 guide
1463 1627 59 47 to
1557 1622 283 52 socialism
1877 1623 113 51 and
2026 1622 343 68 capitalism,

360 1701 74 68 by
468 1702 260 51 Bernard
766 1700 187 54 Shaw.
1030 1701 139 51 New
1202 1700 180 66 York,
1417 1700 356 67 Brentano’s,
1806 1703 149 49 1928.

428 1796 421 49 xlvi, 495 p. 24½ ᶜᵐ.
430 1869 161 40 “First
620 1868 231 48 printing,
881 1869 140 46 June,
1050 1868 156 41 1928.”

430 1926 296 48 “Appendix,
760 1926 193 40 instead
985 1925 51 40 of
1068 1936 28 29 a
1128 1925 368 48 bibliography”
1518 1936 8 29 :
1559 1936 43 37 p.
1636 1924 219 41 465–470.

366 1980 53 52 ©
451 1985 127 39 June
608 1986 39 46 1,
680 1983 140 48 1928;
854 1985 68 39 2c.
954 1984 96 39 and
1082 1982 81 41 aff.
1195 1983 127 40 June
1353 1984 54 45 4;
1442 1983 42 38 A
1515 1982 229 48 1077586;
1779 1982 292 41 Brentano’s
2102 1982 92 41 inc.

446 2040 279 50 (28-14214)

365 2135 312 62 Sheridan,
708 2134 268 53 Bernard
1008 2134 80 53 M.

436 2213 295 69 Speaking
770 2214 113 52 and
922 2213 237 69 writing
1197 2212 276 69 English;
1517 2231 31 34 a
1587 2231 192 34 course
1821 2212 65 53 of
1923 2212 173 69 study
2136 2212 94 52 for
2268 2212 95 53 the

364 2292 158 68 eight
555 2292 205 68 grades
793 2292 64 52 of
890 2292 95 51 the
1020 2292 346 66 elementary
1402 2291 208 66 school,
1645 2290 142 52 with
1822 2290 279 68 practical
362 2309 1977 114 suggestions
550 2368 92 54 for

678 2369 268 69 teaching
982 2368 377 69 composition
1397 2369 113 53 and
1547 2388 31 33 a
1618 2368 111 53 full
1767 2374 82 48 set
1885 2367 66 55 of
1986 2368 377 69 composition

361 2447 2002 70 standards, by Bernard M. Sheridan … Rev. ed. Chicago,
362 2527 139 51 New
530 2526 163 52 York
744 2532 118 60 [etc.]
896 2527 67 50 B.
993 2525 76 53 H.
1102 2525 264 54 Sanborn
1392 2528 46 49 &
1466 2543 98 49 co.,
1594 2528 149 50 1928.

605 2608 301 48 1p. l., 222 p. 20 ᶜᵐ.
433 2666 228 40 Lettered
688 2676 61 29 on
777 2675 141 30 cover
936 2675 8 29 :
977 2665 201 39 Manual
1206 2665 79 39 for
1316 2664 236 42 teachers.

366 2718 52 52 ©
452 2723 129 40 June
610 2723 40 47 2,
685 2722 140 46 1928;
860 2723 68 39 2c.
962 2723 96 39 and
1092 2721 81 42 aff.
1207 2722 130 40 June
1367 2723 53 45 4;
1456 2722 42 38 A
1531 2721 202 41 1077579;
1798 2723 140 47 Benj.
1973 2723 61 41 H.
2073 2722 223 40 Sanborn
2327 2723 36 40 &

434 2790 67 30 co.
572 2778 280 49 (28-14109)

359 2874 311 61 Sherman,
702 2873 222 53 Harold
956 2873 79 53 M.

432 2950 1929 71 Hit by pitcher, by Harold M. Sherman … illustrated by
361 3028 1924 70 Howard L. Hastings. New York, Grosset & Dunlap [ ᶜ1 928 ]
430 3111 990 48 4 p. l., 241 p. front., plates. 19½ᶜᵐ.
364 3164 53 52 ©
455 3169 127 39 June
617 3170 40 46 1,
693 3168 118 40 1928;
874 3169 68 39 2c.
978 3169 97 39 and
1110 3167 82 41 aff.
1231 3168 128 40 June
1396 3168 52 47 5;
1487 3169 41 38 A
1565 3169 202 40 1074839;
1837 3169 201 40 Grosset
2073 3170 38 39 &
2148 3170 209 48 Dunlap,

429 3225 91 41 inc.
592 3225 279 49 (28-14242)

434 3318 1925 70 Safe! By Harold M. Sherman … New York, Grosset &
360 3397 468 68 Dunlap [ ᶜ1 928 ]
432 3479 891 48 4 p. l., 308 p. front., plates. 19½ ᶜᵐ.
364 3531 52 53 ©
454 3537 129 39 June
616 3537 39 46 1,
692 3536 114 40 1928;
872 3537 67 40 2c.
976 3537 96 39 and
1109 3536 82 41 aff.
1230 3537 126 39 June
1394 3536 25 40 5;
1485 3537 41 38 A
1563 3537 202 40 1074837;
1835 3537 198 40 Grosset
2073 3536 36 40 &
2147 3537 207 49 Dunlap,

431 3593 90 40 inc.
591 3592 281 49 (28-14237)

359 3686 312 62 Sherman,
705 3686 258 53 Thomas
1000 3687 223 62 Henry,
1264 3690 171 48 1842-

427 3765 240 67 Twenty
704 3782 163 50 years
905 3765 134 52 with
1082 3766 195 53 James
1315 3764 68 55 G.
1425 3765 229 66 Blaine;
1695 3765 427 53 reminiscences
2158 3766 76 69 by
2269 3767 88 53 his

355 3843 225 66 private
613 3848 300 62 secretary,
948 3844 248 52 Thomas
1233 3844 76 51 H.
1349 3842 297 63 Sherman,
1683 3844 140 52 with
1859 3863 71 33 an
1965 3845 390 51 introduction

354 3919 74 69 by
467 3920 270 54 Nicholas
776 3921 241 55 Murray
1058 3923 217 51 Butler.
1351 3922 138 51 New
1528 3921 180 68 York,
1745 3923 121 52 The
1905 3922 255 54 Grafton
2199 3941 156 50 press

361 4003 192 62 [ᶜ1928]
