2498 4384
1129 4044 134 53 1275

290 463 192 40 Earlier
512 462 210 40 editions
751 462 124 40 have
907 461 134 41 title:
1073 459 241 41 Practical
1349 459 280 48 preventive
1661 459 250 41 medicine.

288 518 348 41 “References”
668 521 51 38 at
747 520 92 38 end
870 518 50 40 of
950 519 124 39 most
1104 516 51 41 of
1184 517 83 40 the
1298 515 242 49 chapters.

220 586 51 52 ©
299 590 122 43 Aug.
449 590 68 43 15,
547 590 54 39 1928;
717 589 67 41 2c.
813 589 120 42 Aug.
961 589 50 40 31;
1076 587 81 41 aff.
1186 588 120 45 Aug.
1335 586 83 47 30;
1448 586 41 39 A
1517 586 231 48 1053104;
1779 588 72 39 W.
1881 588 54 39 B.
1965 586 248 41 Saunders

284 657 53 29 co.
424 646 279 49 (28-20631)

212 741 200 63 Bram,
445 740 202 63 Israel,
682 744 171 50 1883-

287 818 201 56 Goiter
525 820 335 68 prevention
898 819 112 52 and
1049 818 235 69 thyroid
1323 816 338 70 protection,
1698 817 75 67 by
1812 816 182 53 Israel
2036 818 174 51 Bram

277 896 1433 69 … Philadelphia, F. A. Davis company, 1928.
286 977 995 52 327 p. incl. illus., plates, pl. 22½ ᶜᵐ .
286 1052 349 48 Bibliography
662 1053 52 38 at
739 1051 92 39 end
858 1049 51 41 of
935 1049 138 48 chap.
1099 1059 104 31 vm.

219 1105 51 52 ©
298 1109 81 40 July
441 1109 68 42 20,
539 1108 140 46 1928;
708 1108 67 40 2c.
804 1108 95 38 and
928 1106 81 41 aff.
1038 1107 121 47 Aug.
1187 1107 83 46 17;
1301 1107 42 38 A
1371 1106 229 46 1083979;
1633 1106 51 41 F.
1712 1106 54 41 A.
1797 1105 152 41 Davis
1979 1116 67 30 co.

295 1165 280 49 (28-20639)

213 1259 232 61 Brown,
477 1259 150 52 Alva
659 1260 169 51 Ross.

280 1335 289 70 Standing
598 1354 71 34 on
699 1336 96 52 the
824 1335 303 68 promises;
1163 1354 26 34 a
1223 1335 296 53 memorial
1551 1340 58 49 to
1637 1341 112 47 two
1780 1334 65 53 of
1873 1335 98 53 the
208 1335 1978 133 grandest
326 1414 140 54 lives
503 1415 125 52 that
663 1414 115 53 this
815 1413 181 53 world
1032 1432 130 34 ever
1196 1413 103 54 has
1332 1414 208 51 known
1578 1432 63 34 or
1677 1432 129 34 ever
1841 1413 145 53 shall
2025 1413 186 67 know,

207 1490 2004 71 by Alva Ross Brown … [Knoxville, Tenn., Printed by S. B.
208 1570 677 66 Newman & co., ᶜ1 928]
277 1654 163 47 iii-xv,
471 1654 82 40 271
586 1664 43 37 p.
688 1653 165 42 front.,
883 1654 172 47 plates,
1088 1654 150 46 ports.
1406 1684 9 9 23ᶜᵐ.

217 1707 51 52 ©
303 1710 118 48 Aug.
457 1710 38 46 1,
532 1710 140 45 1928;
708 1710 69 39 2c.
812 1710 122 47 Aug.
968 1710 84 42 27;
1089 1708 84 42 aff.
1207 1710 123 46 Aug.
1364 1709 84 47 25;
1485 1709 41 39 A
1562 1709 229 47 1053024;
1829 1709 56 41 A.
1921 1710 55 39 R.
2015 1710 192 47 Brown,

279 1766 271 40 Kimberlin
581 1766 222 48 Heights,
836 1766 147 40 Tenn.
1055 1765 282 48 (28-20656)

209 1862 228 51 Brown.
470 1861 222 51 Fannie
722 1859 294 53 Westfall.

281 1939 216 52 Nature
541 1944 158 63 story
743 1939 200 66 hours;
993 1957 30 33 a
1069 1938 171 53 silent
1286 1939 216 66 reader,
1548 1939 73 68 by
1668 1939 223 53 Fannie
1935 1939 273 54 Westfall

211 2016 1997 70 Brown … and Eveline A. Waterbury … illustrated by Mabel
209 2096 174 68 Betsy
416 2095 146 52 Hill.
632 2095 138 52 New
805 2093 180 69 York,
1020 2094 253 69 Chicago
1331 2100 119 62 [etc.]
1490 2095 346 69 Longmans,
1871 2094 186 56 Green
2093 2096 110 53 and

207 2192 97 48 co.,
334 2176 151 50 1928.

276 2268 41 34 V,
351 2257 71 48 [1],
453 2256 86 40 186
567 2266 43 38 p.
670 2256 130 41 illus.
997 2288 8 9 19½ᶜᵐ.

208 2308 51 52 ©
285 2314 116 46 July
425 2313 69 47 30,
521 2313 141 47 1928;
688 2313 67 40 2c.
782 2314 121 47 Aug.
926 2313 83 47 29;
1037 2312 83 41 aff.
1145 2313 120 48 Aug.
1292 2313 82 47 28;
1404 2314 40 39 A
1469 2313 230 46 1053062;
1728 2314 288 48 Longmans.
2047 2314 158 41 Green

275 2370 36 40 &
338 2380 68 31 co.
478 2370 279 49 (28-2,0554)

202 2463 235 54 Buffalo
467 2464 167 55 Child
664 2465 167 63 Long
860 2465 211 63 Lance,
1100 2465 236 54 Siksika
1367 2466 167 66 chief.

266 2543 166 69 Long
463 2544 205 67 Lance,
698 2544 76 68 by
807 2543 174 55 Chief
1012 2543 233 53 Buffalo
1279 2544 174 54 Child
1484 2545 165 68 Long
1680 2545 205 66 Lance,
1919 2544 282 54 foreword

196 2622 76 68 by
311 2622 166 53 Irvin
523 2622 56 56 S.
623 2622 172 56 Cobb.
872 2623 138 53 New
1054 2623 181 69 York,
1280 2621 432 71 Cosmopolitan
1753 2623 148 53 book
195 2642 1985 126 corporation,
369 2704 150 50 1928.

330 2785 1099 50 xv p., 1 l., 278 p. front., plates, ports. 20½ᶜᵐ
203 2837 53 51 ©
289 2842 120 48 Aug.
444 2843 69 45 24,
548 2842 141 48 1928;
723 2844 70 40 2c.
826 2844 119 48 Aug.
979 2845 82 46 27;
1100 2844 83 41 aff.
1215 2844 123 48 Aug.
1371 2844 83 47 25;
1491 2844 42 39 A
1567 2843 230 47 1054006;
1837 2842 364 48 Cosmopolitan

270 2899 124 39 book
426 2900 323 48 corporation.
821 2901 280 48 (28-20565)

198 2991 303 65 Burbank,
532 2994 211 54 Alfred
775 2995 270 54 Stevens.

194 3070 1985 228 Guide to historic Plymouth, localities and objects of interest … Copyrighted and published by A. S. Burbank. Plymouth, Mass. [ ᶜ1 928]
263 3311 70 44 95,
369 3313 55 48 [1]
460 3323 41 37 p.
563 3312 127 42 illus.
751 3313 147 42 19½ᶜᵐ.

267 3369 236 41 “Revised
539 3371 61 47 by
636 3371 84 40 Dr.
757 3371 250 41 Theodore
1046 3373 52 39 E.
1137 3372 217 40 Busfield
1389 3373 96 39 and
1524 3373 167 46 Henry
1726 3372 72 39 W.
1834 3370 198 48 Royal.”

265 3427 314 46 Advertising
608 3430 207 38 matter:
844 3440 43 37 p.
915 3429 158 42 73-95.

203 3479 51 52 ©
282 3484 118 47 Aug.
429 3485 68 47 11,
526 3485 139 47 1928;
694 3486 66 40 2c.
788 3488 97 38 and
911 3487 83 41 aff.
1020 3488 121 47 Aug.
1169 3487 54 40 13;
1281 3488 41 38 A
1347 3487 232 46 1083809;
1608 3488 55 39 A.
1690 3486 48 40 S.
1768 3486 247 40 Burbank.
271 3486 1911 102 Plymouth,
440 3543 147 39 Mass.
658 3542 281 52 (28-20564)

196 3632 316 65 Campbell,
545 3636 270 53 Malcolm
848 3637 199 63 Hugh,
1084 3641 170 49 1895-

261 3713 122 52 The
423 3714 240 52 sabbath
703 3714 65 53 of
805 3715 274 67 unbelief,
1117 3717 76 67 by
1233 3716 273 53 Malcolm
1551 3715 315 67 Campbell.
1941 3713 261 64 London,

190 3789 260 54 Wishart
479 3794 44 49 &
552 3809 299 52 company,
883 3796 150 50 1928.

260 3871 86 41 285
375 3883 46 37 p.
480 3873 146 41 19½ᶜᵐ.

200 3924 1983 114 © 1c. July 18, 1928; A ad int, 11422; pubd. May 22; M. Campbell. Berlin. (28-20421)
