2498 4384
1272 4059 136 55 1378

349 406 288 53 Lectures
693 426 72 34 on
821 409 150 68 legal
1027 407 201 69 topics,
1286 411 329 64 1923-1924,
1670 407 77 70 by
1801 408 181 54 Jacob
2036 408 220 65 Marks,
2308 408 51 54 I.

414 484 1941 69 Maurice Wormser, Pierre Lepaulle … [ and others] New
417 562 180 67 York,
627 563 123 52 The
777 561 338 54 Macmillan
1146 580 301 51 company,
1479 565 152 50 1928.

414 645 101 49 viii,
544 646 88 39 485
661 657 44 37 p.
764 647 57 38 22½ᶜᵐ.
982 645 303 49 (Half-title:
1315 645 233 41 Lectures
1579 646 246 41 delivered
1856 646 167 41 before
2055 648 82 39 the
345 647 1993 96 Association

520 702 1832 49 of the bar of the city of New York … court year, 1923-1924.
346 759 204 50 [vol. v ])
347 825 52 52 ©
425 829 121 48 Aug.
570 830 70 47 28,
667 829 118 40 1928;
836 830 68 39 2c.
929 830 96 39 and
1051 828 82 41 aff.
1159 828 121 47 Aug.
1306 827 60 40 29;
1418 828 43 39 A
1484 827 207 41 1054050;
1743 828 312 41 Association
2082 830 51 39 of
2159 830 82 41 the
2266 830 91 39 bar

416 886 53 40 of
500 886 85 40 the
617 886 98 47 city
748 886 52 40 of
833 886 120 40 New
984 885 146 48 York,
1164 885 120 39 New
1317 885 146 39 York.
1534 884 283 50 (28-21563)

345 978 303 64 Leeming,
688 978 242 64 Joseph.

413 1055 195 70 Magic
659 1055 96 53 for
803 1055 352 70 everybody;
1208 1056 98 52 the
1354 1058 104 50 250
1503 1055 124 53 best
1675 1057 114 52 and
1836 1062 211 47 newest
2097 1054 149 55 feats
2293 1056 65 53 of

340 1132 189 71 magic
561 1133 205 54 chosen
800 1133 96 53 for
925 1134 97 52 the
1054 1151 124 35 ease
1210 1132 141 53 with
1386 1134 186 52 which
1603 1134 137 67 they
1771 1152 105 34 can
1906 1133 69 54 be
2007 1133 351 70 performed,

341 1211 75 70 by
459 1211 220 69 Joseph
723 1211 294 68 Leeming,
1060 1211 330 53 illustrated
1434 1210 75 70 by
1553 1211 118 69 Jay
1714 1212 131 54 Van
1889 1211 243 54 Everen.
341 1212 1993 131 Garden

482 1288 153 71 City,
664 1289 72 54 N.
764 1289 92 67 Y.,
884 1288 361 70 Doubleday,
1273 1289 201 53 Doran
1502 1291 46 51 &
1576 1307 301 52 company,
1905 1290 127 68 inc.,
2064 1293 152 51 1928.

409 1372 771 49 xviii, 260 p., 1 l. illus. 19½ᶜᵐ.
345 1426 52 52 ©
426 1431 121 47 Aug.
574 1431 71 47 24,
672 1429 118 41 1928;
845 1430 68 40 2c.
942 1431 97 38 and
1067 1428 83 43 aff.
1183 1429 130 48 Sept.
1342 1428 59 41 19;
1455 1429 43 40 A
1525 1429 208 41 1053380;
1789 1430 302 49 Doubleday,
2122 1431 168 40 Doran
2318 1433 37 39 &

414 1498 82 37 co.,
523 1487 92 40 inc.
686 1485 282 50 (28-21796)

340 1579 243 53 London
614 1579 239 70 opinion.
945 1599 49 33 v.
1029 1583 83 65 98,
1139 1598 91 34 no.
1265 1578 153 71 1279,
1448 1578 126 55 Oct.
1606 1582 48 66 6,
1687 1582 150 51 1928.

345 1659 2009 55 © 1c. Oct. 11, 1928; A ad int. 11769; pubd. Sept. 28; George Newnes,
408 1721 103 47 ltd.,
540 1720 216 41 London.

338 1814 171 63 Lust,
544 1814 260 52 Herbert
843 1813 279 55 Canfield.

410 1891 305 71 Abridged
739 1897 225 63 reports
987 1893 114 52 and
1125 1893 297 68 quarterly
1447 1892 187 69 digest
1657 1892 66 53 of
1749 1893 282 54 decisions
2052 1894 185 53 under
2260 1895 97 52 the

340 1971 314 53 Interstate
682 1988 308 35 commerce
1018 1975 106 48 act.
1189 1989 52 34 v.
1271 1973 50 65 9,
1347 1988 90 35 no.
1467 1969 50 68 7,
1544 1970 162 69 July,
1735 1974 152 51 1928.

407 2053 280 48 247 p. 22 ᶜᵐ.
341 2106 52 52 ©
421 2110 129 40 June
573 2109 70 49 30,
670 2109 118 40 1928;
838 2109 69 42 2c.
934 2109 131 48 Sept.
1090 2109 57 40 15;
1200 2109 84 40 aff.
1314 2109 130 49 Sept.
1471 2109 57 40 14;
1583 2110 43 39 A
1649 2109 209 42 1054539;
1912 2110 61 42 H.
2002 2109 50 42 C.
2081 2110 134 48 Lust,
410 2110 1928 105 Chicago.

341 2260 360 64 Mackenzie,
739 2260 310 64 Compton,
1088 2263 172 50 1882-

410 2340 300 53 Extremes
732 2344 164 63 meet,
915 2338 76 69 by
1014 2337 288 71 Compton
1323 2338 348 55 Mackenzie.
1739 2338 235 57 Garden
1997 2338 156 72 City,
2174 2340 69 54 N.
2266 2339 92 69 Y.,

339 2418 359 62 Doubleday,
730 2419 200 51 Doran
962 2419 45 51 &
1038 2435 302 45 company,
1371 2417 128 63 inc.,
1533 2421 153 51 1928.

409 2500 457 49 5 p. l. , 316 p. 19½ᶜᵐ.
341 2554 52 52 ©
427 2559 116 47 July
574 2558 68 48 20,
675 2557 117 41 1928;
849 2557 68 41 2c.
949 2559 96 38 and
1078 2557 82 41 aff.
1195 2556 130 49 Sept.
1356 2557 26 41 8;
1443 2557 42 39 A
1515 2557 208 41 1053370;
1781 2558 302 47 Doubleday,
2116 2558 169 40 Doran
2315 2558 37 41 &

409 2626 84 37 co.,
522 2615 92 41 inc.
685 2614 283 50 (28-21579)

338 2708 344 63 McNamee,
714 2707 223 65 Joseph
969 2708 65 54 F.

409 2784 272 56 Sketches
741 2784 65 54 of
863 2786 98 52 the
1019 2785 235 69 pioneer
1313 2785 226 69 priests,
1597 2786 219 52 Father
1874 2787 205 68 Berry,
2137 2784 218 53 Father

336 2862 202 70 Grace,
576 2863 218 54 Father
830 2862 334 70 Gallagher,
1201 2863 218 53 Father
1455 2864 286 69 Donnely,
1777 2863 115 54 and
1927 2864 166 53 other
2129 2863 224 69 priests,

335 2941 374 68 individuals,
770 2942 114 52 and
942 2940 284 54 incidents
1286 2942 307 52 connected
1652 2941 141 53 with
1852 2942 99 53 the
2006 2941 225 70 history
2287 2940 67 54 of

334 3019 265 70 Armagh
636 3019 218 69 parish,
890 3018 154 53 from
1079 3018 250 69 original
1364 3019 359 69 manuscript
1757 3019 232 53 written
2022 3019 77 69 by
2133 3019 218 69 Joseph

335 3098 67 53 F.
444 3097 340 67 McNamee;
828 3097 437 68 supplemented
1304 3096 77 70 by
1421 3097 198 68 parish
1662 3098 227 53 records
1932 3096 305 55 furnished
2277 3098 74 68 by

335 3176 141 53 Rev.
512 3176 218 52 Father
766 3175 66 53 T.
869 3175 59 55 J.
962 3175 220 55 Walsh.
1258 3173 232 69 Pacific,
1525 3175 136 68 Mo.,
1697 3175 123 53 The
1855 3176 301 52 Plowman
2195 3195 156 49 press

416 3256 120 66 [ ᶜ1 928]
404 3336 908 50 1 p. l. , 28, [4] p. illus., port. 21 ᶜᵐ.
405 3395 75 41 On
509 3404 169 31 cover:
711 3393 206 41 Pioneer
947 3392 200 41 edition.

339 3448 52 52 ©
421 3452 128 39 June
573 3451 41 48 4,
642 3450 118 40 1928;
813 3451 68 39 2c.
907 3449 122 48 Aug.
1054 3449 55 47 4;
1139 3447 82 42 aff.
1253 3448 129 48 Sept.
1409 3448 53 48 1;
1492 3448 44 40 A
1562 3448 232 48 1054092;
1825 3449 256 48 Raymond
2111 3449 236 50 Maguire,

406 3507 194 49 Pacific,
633 3508 93 40 Mo.
797 3505 283 50 (28-21660)

335 3599 212 64 Miller,
576 3599 348 54 Townsend.

414 3677 163 70 Sung
623 3684 58 47 at
728 3678 291 68 dawning,
1064 3677 75 69 by
1186 3677 323 53 Townsend
1556 3677 212 53 Miller.
1852 3677 141 53 New
2040 3676 182 68 York,
2267 3676 79 54 H.

339 3756 197 67 Vinal,
569 3757 124 66 ltd.,
728 3759 153 50 1928.

410 3837 583 50 5 p. l. , 53, [1] p. 21 ᶜᵐ.
409 3895 187 41 Poems.

338 3946 52 53 ©
427 3951 128 49 Sept.
588 3951 39 48 7,
660 3951 142 47 1928;
836 3951 68 40 2c.
940 3950 130 49 Sept.
1102 3951 81 47 17;
1220 3949 84 43 aff.
1341 3949 129 49 Sept.
1503 3949 83 49 18;
1620 3949 42 40 A
1694 3949 231 48 1053307;
1961 3948 190 41 Harold
2185 3947 159 50 Vinal,

406 4009 88 40 ltd.
563 4008 281 49 (28-21733)
