2498 4384
1007 3941 137 56 1027

94 294 230 60 Deitch,
361 293 271 53 Guilford
667 292 69 52 A.

164 367 1927 72 Digest of insurance cases … v. 39, for the year ending
95 446 1993 69 October 31, 1926. By Guilford A. Deitch … assisted by Merita
92 523 1997 71 Kerz Reynolds … Indianapolis, The Rough notes company,
99 607 145 50 1928.

159 686 122 47 xliii,
316 685 90 40 413
440 695 43 37 p.
542 684 118 42 23ᶜᵐ.

94 753 51 52 ©
173 757 113 48 May
310 755 70 49 29,
408 755 141 48 1928;
576 755 68 41 2c.
671 756 126 39 June
823 754 82 48 28;
934 753 83 41 aff.
1045 755 116 48 July
1186 754 27 39 2;
1270 754 42 38 A
1337 753 230 49 1082413;
1598 753 171 49 Rough
1796 755 142 38 notes
1963 763 67 32 co.

87 865 352 61 Dickenson,
473 865 140 63 May
646 864 213 53 Freud.

152 942 204 68 Apron
391 941 233 70 strings,
657 941 76 69 by
766 941 140 68 May
939 940 193 53 Freud
1166 940 344 53 Dickenson.
1580 940 139 53 New
1753 939 180 69 York,
1966 939 123 54 The

82 1019 834 63 Macaulay company [ ᶜ1 928]
151 1103 86 42 820
309 1135 10 10 p.
379 1103 146 42 19½ᶜᵐ.

91 1168 52 52 ©
169 1173 116 46 July
307 1172 41 48 3,
372 1171 142 47 1928;
540 1171 68 42 2c.
634 1172 96 39 and
755 1170 82 42 aff.
863 1172 116 46 July
1004 1170 82 48 14;
1113 1170 41 39 A
1180 1169 230 48 1083205;
1439 1169 260 49 Macaulay
1726 1181 67 30 co.

167 1228 282 49 (28-17205)

89 1322 207 69 [Eddy,
324 1323 139 52 Mrs.
495 1321 173 64 Mary
707 1320 281 68 (Baker)]
1025 1324 326 49 1821-1910.

149 1399 375 52 Rudimental
567 1399 195 53 divine
806 1398 229 53 science.
1110 1398 89 53 No
1246 1398 113 53 and
1403 1417 111 50 yes.
1590 1397 498 70 Anfangsgründe

79 1479 100 51 der
205 1477 316 69 göttlichen
548 1477 301 52 Wissenschaff.
1023 1476 148 53 Nein
1196 1477 120 51 und
1342 1476 75 68 ja.
1487 1476 252 67 [Boston,
1765 1476 122 52 The
78 1477 1985 131 Trustees

220 1553 1486 70 under the will of Mary Baker G. Eddy, ᶜ1 928]
154 1636 445 45 2 v. in l. 19½ᶜᵐ.
154 1706 268 41 Half-title.
483 1706 134 41 Each
646 1706 124 40 book
798 1707 91 39 has
918 1705 181 49 special
1130 1707 99 46 t.-p.
1260 1704 50 41 in
1341 1704 204 49 English
1576 1706 97 40 and
1705 1706 239 49 German;
1979 1708 106 41 text

84 1764 51 40 in
162 1763 203 49 English
392 1764 96 39 and
518 1762 211 41 German
757 1774 61 29 on
845 1762 219 49 opposite
1093 1772 161 39 pages,
1282 1763 265 40 numbered
1576 1762 51 41 in
1656 1762 263 50 duplicate.

156 1819 328 42 “Authorized
521 1820 259 40 literature
820 1820 51 40 of
910 1820 82 40 the
1033 1819 132 40 First
1206 1819 183 41 church
1431 1819 52 41 of
1523 1819 180 49 Christ,
1747 1819 245 50 Scientist,
2032 1820 51 41 in

83 1878 197 47 Boston,
311 1875 432 43 Massachusetts.”

149 1935 344 40 “Rudimental
522 1934 162 40 divine
713 1934 214 40 science”
956 1934 278 47 previously
1262 1933 163 41 issued
1453 1934 49 39 in
1531 1934 203 49 English
1763 1936 153 39 under
1943 1934 109 41 title:

84 1990 290 40 Rudiments
401 1991 97 39 and
527 1991 132 39 rules
687 1990 51 40 of
767 1988 163 42 divine
960 1989 212 48 science;
1208 1990 101 40 “No
1339 1990 97 40 and
1465 1989 113 49 yes”
1610 1989 278 49 previously
1917 1989 164 42 issued

83 2048 154 39 under
262 2047 109 40 title:
429 2046 252 42 Christian
707 2046 187 41 science:
949 2056 61 31 no
1038 2047 96 40 and
1160 2056 100 38 yes.

85 2114 52 53 ©
167 2119 126 39 June
321 2118 69 48 30,
421 2118 141 47 1928;
593 2118 69 40 2c.
690 2118 119 39 each
838 2118 96 39 and
964 2117 108 41 affs.
1103 2118 116 47 July
1249 2118 54 46 2;
1335 2118 41 39 A
1405 2118 217 49 1082380,
1652 2118 230 48 1082381;
1915 2118 170 41 James

151 2176 56 40 A.
241 2175 135 47 Neal,
414 2176 212 39 Edward
659 2175 54 40 A.
750 2174 210 48 Merritt,
997 2174 218 41 William
1251 2173 56 42 R.
1343 2175 241 48 Rathvon,
1621 2176 160 40 Annie
1813 2176 63 41 M.
1912 2176 170 47 Knott,

154 2232 185 48 George
372 2233 220 39 Wendell
628 2232 196 48 Adams,
861 2231 174 40 Josiah
1070 2232 52 40 E.
1159 2232 227 47 Fernald,
1424 2234 215 38 trustees
1673 2233 157 39 under
1862 2232 86 40 the
1981 2232 103 40 will

151 2290 53 39 of
230 2290 141 47 Mary
399 2290 163 39 Baker
591 2289 53 41 G.
674 2289 152 48 Eddy,
856 2290 198 40 Boston.
1122 2288 282 49 (28-17050)

80 2382 258 65 Fidelity
366 2385 163 51 trust
559 2399 306 48 company,
893 2383 140 53 New
1065 2383 178 53 York.

75 2461 1983 147 The life insurance trust in its newest form. New York, Fidelity trust company of New York [ ᶜ1 928]
144 2622 847 50 1 p. l., 54 p. incl. tables. 23ᶜᵐ.
83 2690 52 52 ©
163 2695 127 39 June
318 2694 69 47 11,
417 2693 141 47 1928;
588 2693 69 41 2c.
686 2694 98 38 and
812 2692 82 42 aff.
925 2693 126 41 June
1079 2692 83 48 20;
1193 2692 44 40 A
1264 2692 230 48 1077919;
1528 2693 213 48 Fidelity
1771 2696 129 38 trust
1931 2705 67 29 co.
2029 2694 52 40 of

150 2751 118 40 New
296 2751 146 40 York.
512 2750 281 48 (28-17158)

83 2845 263 63 Galston,
385 2845 252 53 Arthur.

151 2922 264 69 Security
464 2923 295 69 syndicate
808 2923 354 68 operations;
1216 2922 415 69 organization,
1681 2929 402 63 management

79 3000 1976 147 and accounting, by Arthur Galston … written under the auspices
258 3079 64 53 of
347 3080 99 52 the
471 3080 356 52 Investment
852 3079 243 52 bankers
1125 3079 342 52 association
1494 3078 64 53 of
79 3077 1976 133 America—Publications

365 3157 335 53 committee.
761 3158 135 51 Rev.
923 3157 113 52 and
1060 3157 106 52 enl.
1192 3157 84 52 ed.
1338 3157 139 52 New
1502 3156 180 68 York,
1706 3157 124 51 The
1852 3157 229 52 Ronald

78 3237 699 66 press company [ ᶜ1 928]
147 3319 64 47 ix,
248 3318 87 40 205
369 3329 44 37 p.
472 3317 117 41 22ᶜᵐ.

82 3385 52 53 ©
162 3390 116 47 July
305 3388 67 48 10,
401 3389 118 40 1928;
572 3389 67 41 2c.
669 3389 116 47 July
813 3388 82 48 13;
926 3387 82 42 aff.
1037 3388 116 48 July
1180 3387 84 48 12;
1293 3388 42 38 A
1361 3386 229 48 1082486;
1623 3387 191 39 Ronald
1843 3396 135 39 press
2007 3397 70 30 co.

158 3446 282 49 (28-17255)

79 3538 397 64 Galsworthy,
506 3538 174 63 John,
715 3538 171 54 1867-

72 3613 1978 149 Swan song, by John Galsworthy … New York, C. Scribner’s sons, 1928.
140 3778 100 47 viii,
273 3778 88 41 360
392 3789 44 37 p.
496 3777 147 41 19½ᶜᵐ·

82 3830 52 52 ©
169 3835 82 39 July
318 3834 68 47 10,
423 3834 140 46 1928;
599 3834 68 40 2c.
702 3834 97 40 and
833 3833 82 41 aff.
951 3833 116 48 July
1102 3833 82 47 19;
1223 3833 42 39 A
1299 3832 229 47 1083277;
1568 3832 202 41 Charles
1809 3831 266 41 Scribner’s

148 3901 126 30 sons.
345 3889 280 50 (28-17388)
