2498 4384
1288 4086 102 49 424

402 524 288 39 Illustrated
720 523 61 47 by
812 523 135 39 Anne
980 524 267 39 Anderson.

401 581 287 40 Illustrated
720 580 365 48 lining-papers.

335 634 52 52 ©
418 639 121 40 Mar.
569 637 67 48 19,
667 637 114 40 1928;
838 637 67 41 2c.
937 638 121 39 Mar.
1086 637 55 39 22;
1201 636 83 42 aff.
1315 638 123 40 Mar.
1466 638 56 38 21;
1581 638 41 38 A
1651 637 203 41 1068478;
1913 637 216 41 Thomas
2156 637 178 41 Nelson

403 699 36 39 &
472 705 126 30 sons.
662 689 68 54 [©
764 693 345 49 illustrations]
1182 692 252 50 (28-8651)

330 789 185 62 Hunt,
549 787 162 54 Alice
743 788 207 64 Riggs,
987 791 171 50 1884-

405 867 241 52 Fruited
679 866 302 65 blossoms;
1020 884 31 34 a
1084 866 294 53 narrative
1413 884 183 50 poem,
1627 865 77 70 by
1737 866 163 53 Alice
1934 866 184 69 Riggs
2154 866 183 52 Hunt.

334 946 138 51 New
503 945 179 66 York,
709 945 76 51 H.
816 944 193 67 Vinal,
1036 944 123 68 ltd.,
1190 946 150 51 1928.

403 1024 385 49 vii, 232 p. 19½ ᶜᵐ.
407 1082 147 40 “This
577 1082 180 48 special
780 1082 184 40 edition
988 1082 52 40 of
1062 1082 201 40 Fruited
1291 1083 235 40 blossoms
1550 1082 209 41 consists
1783 1082 52 40 of
1857 1082 115 40 four
1996 1083 221 40 hundred
2245 1084 94 39 and

335 1140 91 39 five
453 1140 262 39 numbered
745 1139 160 48 copies
933 1139 51 40 of
1013 1138 157 41 which
1200 1140 113 46 only
1341 1139 114 40 four
1483 1140 221 39 hundred
1736 1149 83 29 are
1848 1139 80 40 for
1957 1140 116 45 sale,
2104 1140 117 39 each
2251 1150 89 29 one

335 1197 168 47 signed
529 1197 61 46 by
616 1196 82 40 the
725 1197 191 39 author.
977 1195 119 41 This
1124 1206 118 38 copy
1272 1196 42 40 is
1338 1196 203 41 number
1567 1196 129 40 402.”

336 1250 52 52 ©
419 1255 122 39 Mar.
571 1254 68 47 15,
670 1253 114 40 1928;
842 1253 68 41 2c.
941 1254 97 39 and
1068 1252 82 41 aff.
1181 1254 124 39 Mar.
1336 1254 54 39 17;
1449 1254 43 39 A
1520 1253 202 40 1069313;
1785 1254 188 40 Harold
2005 1253 158 47 Vinal,
2194 1254 87 39 ltd.

417 1310 251 49 (28-8749)

332 1389 309 62 Hurlbutt,
675 1389 254 62 Gordon,
962 1408 179 50 comp.

400 1467 206 69 Wings
646 1466 65 54 of
749 1468 96 52 the
883 1467 187 68 spirit.
1148 1468 138 52 Rev.
1328 1467 84 53 ed.
1454 1467 64 53 of
1554 1468 222 68 Wings.
1853 1468 184 51 Three
2075 1468 262 51 hundred

331 1546 114 52 and
484 1544 290 69 sixty-five
811 1553 125 44 true
974 1544 200 54 stories
1213 1544 153 53 from
1403 1545 98 52 the
1536 1545 329 68 experience
1901 1544 64 53 of
2001 1545 159 53 three
331 1545 1984 131 hundred

503 1622 307 68 ministers,
843 1622 231 53 written
1104 1622 307 69 especially
1443 1622 93 53 for
1568 1623 114 53 this
1714 1624 225 51 volume
1971 1623 58 51 in
2063 1641 30 34 a
2125 1629 211 46 contest

331 1700 214 54 offered
580 1707 58 46 to
673 1701 132 52 each
842 1699 64 54 of
942 1702 221 66 109,200
1196 1700 288 53 ministers
1518 1701 64 52 of
1614 1707 216 63 twenty
1865 1701 475 66 denominations,

331 1780 114 52 and
496 1779 271 52 intended
819 1797 60 34 as
931 1778 382 53 illustrations
1365 1778 93 53 for
1511 1780 317 66 preachers,
1883 1778 456 70 Sunday-school

331 1858 271 66 teachers,
658 1857 288 66 lecturers,
1001 1857 112 52 and
1168 1856 165 52 other
1386 1856 283 68 speakers,
1725 1876 59 33 as
1838 1858 332 68 story-hour
332 1876 1983 112 material

533 1934 93 53 for
661 1934 193 68 public
887 1935 113 52 and
1034 1934 163 52 other
1228 1934 238 67 schools,
1500 1935 113 52 and
1647 1953 58 35 as
1739 1935 406 68 inspirational
333 1936 1978 147 reading

472 2013 61 52 in
574 2013 95 52 the
709 2013 182 66 home,
933 2012 283 67 compiled
1258 2012 113 52 and
1413 2012 190 53 edited
1643 2012 75 69 by
1759 2011 238 55 Gordon
2035 2013 305 69 Hurlbutt,

420 2088 1548 69 TH . D. Louisville, Ky., The Standard press, 1928.
399 2176 88 40 352
516 2186 44 38 p.
619 2175 57 40 23½ᶜᵐ.

337 2227 52 52 ©
426 2233 122 39 Mar.
582 2231 68 46 16,
687 2229 140 45 1928;
865 2230 67 39 2c.
969 2229 122 40 Mar.
1126 2229 82 46 22;
1249 2228 82 41 aff.
1368 2228 122 41 Mar.
1525 2228 83 47 21;
1647 2229 41 39 A
1723 2228 229 49 1068503;
1992 2230 54 42 G.
2084 2232 253 43 Hurlbutt,

404 2287 279 42 Louisville.
754 2286 251 49 (28-8628)

329 2355 134 63 Jay,
496 2355 131 53 Mae
665 2354 228 53 Foster.

403 2433 330 70 Rag-house
775 2433 158 64 tales,
972 2432 75 68 by
1088 2431 131 52 Mae
1261 2432 202 52 Foster
1506 2432 134 68 Jay,
1680 2432 324 54 illustrated
2051 2433 153 53 from
2245 2436 94 51 the

334 2512 252 53 author’s
627 2530 125 34 own
795 2510 411 69 photographs.
1302 2511 235 66 Boston,
1578 2511 89 53 W.
1710 2511 70 51 A.
1824 2512 192 54 Wilde
2058 2531 281 51 company

414 2590 117 67 [ ᶜ1 927]
403 2669 873 51 184 p. front., illus., plates. 19½ ᶜᵐ.
338 2727 52 52 ©
419 2731 128 48 Sept.
573 2729 69 48 10,
668 2729 115 40 1927;
836 2729 67 39 2c.
930 2731 95 39 and
1052 2727 82 41 aff.
1162 2729 123 39 Mar.
1310 2727 70 48 26,
1408 2727 115 42 1928;
1578 2724 41 43 A
1645 2729 203 41 1068528;
1904 2731 71 40 W.
2003 2731 54 40 A.
2086 2731 158 41 Wilde
2272 2743 67 30 co.

418 2785 251 51 (28-8586)

332 2854 189 61 Jesse,
554 2852 321 64 Fryniwyd
906 2852 335 62 Tennyson.

404 2932 122 52 The
557 2931 258 68 patience
846 2929 64 53 of
940 2929 283 55 Griselda.
1300 2935 80 62 pt.
1413 2934 48 48 2.

414 3015 83 47 (In
527 3010 200 43 London
758 3009 277 52 magazine,
1066 3009 143 51 Mar.,
1244 3009 145 51 1928)

338 3067 2001 53 © 1c. Apr. 14, 1928; A ad int. 10986; pubd. Feb. 15; McCall co., New
405 3127 146 41 York.

330 3193 237 60 Jewett,
598 3192 104 52 Ida
732 3190 200 53 Adele.

408 3270 244 69 English
683 3271 59 51 in
770 3276 144 46 state
943 3269 252 53 teachers
1223 3270 240 68 colleges;
1523 3288 32 35 a
1585 3270 297 69 catalogue
1909 3272 191 68 study,
2127 3272 75 69 by
2232 3273 101 53 Ida

336 3347 1978 148 A. Jewett … New York city, Teachers college, Columbia university, 1927.
407 3509 86 41 viii
524 3519 58 38 p.,
613 3509 24 38 1
692 3538 22 17 l.,
746 3507 88 41 176
862 3518 43 38 p.
966 3509 179 48 diagrs.
1205 3509 57 40 23½ᶜᵐ.
1423 3509 265 48 (Teachers
1721 3511 193 48 college,
1950 3510 249 42 Columbia
337 3514 1981 100 university.

591 3563 367 42 Contributions
985 3567 48 38 to
1059 3565 272 48 education,
1358 3576 74 30 no.
1458 3566 111 47 286)

408 3622 351 48 Bibliography:
820 3633 43 37 p.
882 3622 217 42 170-176.

339 3676 52 52 ©
424 3680 110 40 Feb.
565 3679 39 48 6,
635 3679 140 47 1928;
807 3679 68 40 2c.
907 3680 111 41 Feb.
1047 3680 83 46 20;
1163 3679 84 42 aff.
1279 3681 110 40 Feb.
1420 3680 82 47 29;
1536 3681 41 38 A
1607 3680 229 48 1068035;
1871 3683 243 40 Teachers
2144 3685 192 47 college,

408 3736 252 41 Columbia
693 3735 130 41 univ.
897 3736 251 49 (28-8522)

331 3799 350 64 Jorgensen,
716 3801 152 52 Emil
903 3802 216 57 Oliver,
1156 3806 172 49 1889-

406 3879 122 52 The
556 3880 257 68 struggle
842 3879 93 53 for
962 3881 201 53 honest
1192 3882 302 52 education;
1552 3883 128 52 how
1709 3884 113 52 and
1851 3884 131 68 why
2012 3885 96 52 the
336 3885 1978 125 American

496 3956 319 55 federation
851 3957 64 55 of
944 3959 271 68 teachers,
1246 3960 231 70 seeking
1507 3966 59 48 to
1597 3961 275 54 condemn
1902 3963 95 53 the
2030 3963 115 69 Ely
2175 3963 160 54 insti-
