2498 4384
1080 4112 103 51 359

163 525 640 51 2 p. l., [7]-296 p. 20 ᶜᵐ .
101 576 2009 56 © Nov. 29, 1927; 1c. Jan. 4, 1928; A—Foreign 30815; Gyldendal, Norsk
168 640 176 48 forlag.
416 639 253 49 (28-7880)

100 719 323 63 Holloway,
453 718 257 54 William
740 718 66 52 E.

234 793 1664 72 … Thomas D. Taylor, plaintiff-in-error, vs. The Burr
102 792 1988 153 printing
252 894 300 50 company,
600 873 609 55 defendant-in-error.
1286 871 170 54 Brief
1506 871 94 54 for
1648 872 315 68 appellant.
2038 872 75 52 In

104 974 158 33 error
295 960 58 47 to
390 955 98 52 the
521 954 244 53 District
803 958 161 47 court
1001 952 64 53 of
1098 953 97 51 the
1233 950 219 55 United
1491 950 191 55 States
1719 951 95 52 for
1849 952 99 51 the
103 950 1986 136 District

273 1027 1840 71 of Connecticut. William E. Holloway … Albert Smith
104 1107 1872 73 Faught … Cooperstown, N. Y., The Otsego press, 1927.
170 1190 847 51 cover-title, 5 p. l., 541 p. 28 ᶜᵐ .
204 1263 31 28 In
264 1252 82 40 the
374 1250 182 41 United
589 1249 163 41 States
784 1248 187 41 Circuit
1001 1249 140 40 court
1171 1248 52 41 of
1252 1249 201 48 appeals
1483 1248 80 41 for
1594 1248 83 42 the
1709 1247 184 41 Second
1926 1247 189 46 circuit,

101 1320 74 30 no.
203 1309 100 41 256.

174 1365 209 48 Imprint
412 1365 114 39 date
553 1364 248 40 corrected
830 1362 50 40 in
908 1361 306 50 manuscript
1245 1364 52 39 to
1323 1362 129 41 1928.

176 1419 1942 50 “Bill in equity … for an injunction to prevent disclosures of secret
103 1482 117 46 plan
266 1479 193 49 (herein
494 1479 179 40 known
709 1488 55 30 as
802 1478 83 40 the
920 1478 183 47 Taylor
1140 1478 143 48 plan)
1327 1478 80 39 for
1445 1477 167 48 giving
1649 1487 28 29 a
1716 1486 287 39 newspaper
103 1486 1996 99 supremacy
365 1536 51 39 in
451 1536 65 40 its

552 1535 298 48 community
887 1546 55 29 as
979 1536 203 47 regards
1218 1534 84 41 the
1338 1535 204 39 number
1579 1534 53 41 of
1667 1533 244 41 classified
103 1535 1997 106 advertisements.”—p.
541 1594 56 49 [1]

179 1647 1513 51 Slightly different in content from “… Brief … 1928”.
107 1704 51 52 ©
194 1708 111 41 Feb.
338 1708 69 48 14,
443 1707 141 48 1928;
619 1707 69 41 2c.
721 1708 96 39 and
851 1706 84 42 aff.
970 1707 114 41 Feb.
1116 1707 83 47 15;
1238 1707 41 38 A
1313 1706 231 47 1061728;
1581 1705 213 41 Thomas
1829 1707 58 41 D.
1922 1706 197 47 Taylor.

175 1765 358 48 Philadelphia.
607 1764 254 49 (28-5935)

240 1842 1666 70 … Thomas D. Taylor, plaintiff-in-error, vs. The Burr
107 1843 1991 149 printing
256 1942 299 49 company,
604 1922 611 54 defendant-in-error.
1292 1920 170 55 Brief
1512 1921 95 53 for
1656 1923 316 68 appellant.
2046 1923 75 52 In

111 2021 126 34 error
273 2007 58 48 to
369 2002 97 52 the
505 2001 249 54 District
791 2005 162 49 court
991 1999 66 54 of
1092 2000 97 53 the
1228 2000 220 55 United
1491 1999 190 56 States
1721 2000 95 54 for
1853 2002 97 52 the

108 2001 2013 148 District of Connecticut. William E. Holloway … Albert Smith
105 2156 1876 72 Faught … Cooperstown, N. Y., The Otsego press, 1928.
177 2240 881 49 cover-title, 5 p. l., 542 p. 27½ ᶜᵐ .
179 2301 59 38 In
267 2299 84 40 the
380 2298 181 41 United
594 2298 164 41 States
790 2297 188 41 Circuit
1007 2299 140 39 court
1177 2298 52 40 of
1259 2299 202 47 appeals
1489 2299 82 40 for
1600 2298 83 41 the
1717 2298 184 41 Second
1932 2298 192 49 circuit,

105 2368 75 31 no.
209 2356 100 42 256.

184 2413 1941 49 “Bill in equity … for an injunction to prevent disclosure of secret
109 2473 116 47 plan
271 2471 194 49 (herein
501 2472 178 39 known
716 2481 54 30 as
809 2471 82 40 the
927 2472 182 46 Taylor
1146 2471 141 48 plan)
1333 2470 81 42 for
1452 2471 168 48 giving
1655 2482 29 30 a
1723 2481 287 39 newspaper
110 2482 1996 95 supremacy

371 2529 52 39 in
457 2528 66 41 its
558 2528 301 48 community
893 2538 55 30 as
985 2529 203 48 regards
1225 2528 85 41 the
1343 2529 205 39 number
1585 2529 52 40 of
1674 2529 244 40 classified
108 2530 1999 104 advertisements.”—p.
548 2585 55 50 [1]

182 2642 1517 49 Slightly different in content from “… Brief … 1927”.
113 2695 2013 54 © Feb. 21, 1928 ; 2c. Feb. 24; aff. Feb. 23; A 1018941; Thomas D . Tavlor,
181 2756 359 49 Philadelphia.
614 2756 254 50 (28-5930)

107 2822 221 63 Huber,
363 2822 197 53 Julien
596 2822 248 55 Charles
877 2822 287 64 Armand,
1204 2827 172 49 1885-

242 2900 1362 70 … Maladies des enfants, par Julien Huber …
109 2979 186 68 Paris,
327 2979 71 54 N.
429 2978 273 69 Maloine,
736 2981 174 51 1926-

230 3061 1269 51 x, 201 p. illus., diagrs. 15½ ᶜᵐ . (“Les petits
1540 3063 214 50 precis”;
1798 3065 331 49 bibliotheque

113 3119 184 49 dirigee
323 3130 90 37 par
439 3119 55 41 A.
523 3118 301 49 Cantonnet)

117 3172 2012 54 © Nov. 26, 1926; 1c. June 25, 1927; A—Foreign 34904 ; Norbert Maloine.
199 3233 253 49 (28-7836)

111 3298 162 64 Ihne,
305 3298 288 54 Armand.

115 3377 1989 132 Le séchage des bois, à l’usage des conducteurs et des constructeurs
460 3456 1602 74 de sechoirs, par A. Ihne … Paris, Dunod, 1927.
182 3538 1117 52 ix, 130 p. illus., diagrs. (1 fold.) 25 ½ ᶜᵐ .
120 3591 1705 57 © Oct. 31, 1927; 1c. Feb. 4, 1928; A—Foreign 36878 ; Dunod.
198 3653 253 49 (28-7860)

114 3717 164 65 Jade,
314 3718 209 55 Marie.

252 3797 1386 74 … Mon amour, o ù es-tu ? Paris, Stock, 1927.
193 3876 1345 57 252 p., 2 l. 19 ᶜᵐ . (Her Le roman de Monie. 2)
196 3933 981 56 On cover: Le magasin romanesque … 1.
124 3987 1638 60 © May 25, 1927; 1c. July 9; A—Foreign 35196; Librairie
1799 4003 158 44 Stock,
194 4004 1918 85 Delamain
354 4050 36 40 &
417 4050 304 43 Boutelleau.
788 4053 227 49 (28-8385
1027 4056 14 48 )
