2498 4384
989 4110 135 49 1015

127 541 568 51 2 p. l., 974 p. 23 ½ᶜᵐ .
66 610 52 52 ©
145 614 127 39 June
296 612 69 42 22,
394 611 141 47 1928;
564 611 68 39 2c.
660 610 91 40 and
783 608 83 42 aff.
894 609 126 40 June
1047 609 56 38 27;
1160 607 41 39 A
1229 606 200 40 1083071;
1489 606 163 40 Trade
1677 604 260 47 activities,
1968 603 92 43 inc.

142 668 280 50 (28-16152)

63 779 235 60 Rutter,
332 777 199 63 Owen,
568 779 172 50 1889-

138 849 1924 75 Golden rain, by Owen Rutter … New York, Longmans,
67 934 186 55 Green
281 934 113 52 and
422 951 98 50 co.,
550 934 150 51 1928.

133 1013 564 50 3 p. l. , 309 p. 19½ᶜᵐ.
65 1083 52 52 ©
143 1087 128 41 June
295 1086 68 48 16,
392 1086 118 40 1928;
560 1086 68 41 2c.
656 1086 128 39 June
808 1084 82 48 30;
921 1084 83 40 aff.
1032 1084 117 48 July
1175 1083 52 47 6;
1258 1083 40 39 A
1326 1082 229 47 1082399;
1586 1082 287 48 Longmans,
1905 1081 157 41 Green

132 1146 37 39 &
194 1154 68 30 co.
332 1141 280 50 (28-16623)

62 1239 184 60 Scott,
278 1237 155 53 John
466 1237 244 61 Adams,
746 1238 170 50 1867-

129 1314 260 55 Socrates
430 1314 113 53 and
586 1312 213 68 Christ,
839 1332 31 34 a
910 1314 210 51 lecture
1161 1312 171 70 given
1371 1317 59 48 at
1468 1311 432 53 Northwestern
57 1310 1980 150 university,

321 1392 74 70 by
428 1392 156 54 John
616 1391 70 53 A.
724 1390 176 56 Scott.
977 1390 316 68 Evanston,
1326 1389 113 68 Ill.,
1473 1389 432 54 Northwestern
57 1388 1976 151 university,

319 1473 150 50 1928.

127 1554 454 49 52 p., 1 l. 16½ᶜᵐ.
127 1624 279 41 Half-title:
454 1625 100 39 The
600 1624 128 39 John
775 1623 50 41 C.
871 1622 194 41 Shaffer
1107 1621 296 42 foundation
1447 1621 79 41 for
1566 1621 274 50 promotion
1883 1622 52 41 of
1979 1622 84 41 the

57 1681 332 48 appreciation
425 1680 51 41 of
512 1681 81 39 the
626 1680 101 47 life,
763 1680 269 46 character,
1069 1678 253 49 teachings
1355 1680 97 39 and
1486 1678 239 41 influence
1760 1678 52 41 of
1845 1679 160 41 Jesus.

65 1749 52 52 ©
146 1752 113 48 Apr.
287 1753 40 46 1,
356 1751 141 46 1928;
526 1751 68 41 2c.
624 1752 113 46 May
765 1751 52 46 5;
849 1750 82 41 aff.
961 1750 130 42 June
1115 1750 83 46 25;
1229 1750 42 39 A
1299 1749 230 48 1082300;
1560 1749 370 41 Northwestern
133 1750 1912 106 university

350 1808 201 47 library.
623 1806 280 49 (28-16319)

121 1900 1943 69 … The Southern reporter, v. 115. Permanent ed. … With
130 1981 374 68 key-number
546 1980 379 52 annotations.
1002 1980 299 68 February
1340 1978 245 69 4-April
1626 1982 84 64 21,
1753 1982 149 50 1928.
1981 1979 82 56 St.

132 2060 147 53 Paul
307 2059 336 68 publishing
672 2077 97 49 co.,
799 2061 149 49 1928.

130 2141 513 49 xxii, 1000 p. 26 ᶜᵐ .
64 2209 52 52 ©
145 2213 126 40 June
297 2214 39 46 7,
364 2213 142 47 1928;
534 2214 68 39 2c.
630 2213 116 48 July
772 2212 82 47 16;
885 2212 82 41 aff.
996 2213 116 47 July
1139 2212 83 47 14;
1253 2212 42 39 A
1321 2212 230 47 1082538;
1582 2213 137 40 West
1745 2214 109 47 pub.
1884 2224 67 29 co.

59 2322 197 61 Steen,
289 2321 387 64 Marguerite.

125 2399 1940 78 Duel in the dark, by Marguerite Steen … London, G. Bles
63 2481 172 64 [1928]

124 2561 87 40 319
243 2573 43 36 p.
346 2562 147 40 19½ᶜᵐ.

65 2629 1986 108 © 1c. June 28, 1928; A ad int. 11313; pubd. May 1; M. Steen, Grangeover-Sands,
484 2689 311 49 Lancashire,
842 2691 236 47 England.
1150 2689 281 50 (28-17099)

134 2784 121 53 The
298 2784 217 63 theory
557 2783 63 54 of
663 2784 290 53 evolution
996 2803 60 35 as
1099 2783 235 69 applied
1377 2790 58 47 to
1480 2803 160 49 man;
1686 2803 70 34 an
1801 2784 262 70 inquiry:

66 2859 153 55 from
249 2880 32 34 a
310 2862 259 70 lawyer’s
600 2862 166 69 point
797 2861 65 54 of
891 2862 159 54 view.
1122 2862 271 71 Chicago,
1425 2862 125 55 The
1577 2862 283 56 Lakeside
1889 2881 176 52 press,

66 2943 149 50 1928.

133 3020 86 42 154
246 3032 43 38 p.
349 3022 174 48 plates.
582 3021 147 43 20½ᶜᵐ.

137 3091 124 40 “For
287 3091 192 49 private
508 3091 334 42 circulation.”

137 3147 131 41 “The
291 3148 262 41 literature
579 3149 51 40 of
656 3149 82 41 the
765 3149 218 49 subject”:
1040 3161 45 38 p.
1112 3150 160 42 12-15.

64 3214 52 52 ©
149 3219 128 40 June
306 3219 70 49 21,
408 3220 143 48 1928;
583 3221 67 41 2c.
684 3222 95 38 and
812 3221 82 41 aff.
928 3222 130 39 June
1086 3221 83 48 29;
1203 3222 44 39 A
1276 3222 231 47 1083117;
1543 3224 56 40 R.
1633 3224 56 40 R.
1723 3224 269 47 Donnelley
2025 3223 38 41 &

131 3286 111 30 sons
273 3287 81 37 co.,
385 3276 224 49 Chicago.
681 3277 281 50 (28-16553)

56 3369 399 64 Trowbridge,
489 3370 254 54 William
775 3371 372 54 Rutherford
1179 3372 222 64 Hayes,
1436 3375 171 51 1866-

125 3446 120 53 The
286 3446 143 69 high
470 3448 234 68 garden,
743 3447 77 69 by
859 3449 90 53 W.
993 3449 67 53 R.
1103 3449 77 52 H.
1224 3449 392 70 Trowbridge.
1689 3451 260 57 London,
1991 3451 68 54 E.

54 3523 158 53 Nash
246 3526 46 50 &
323 3523 282 69 Grayson,
637 3524 242 69 limited,
915 3529 150 50 1928.

122 3607 86 39 351
242 3617 43 38 p.
345 3607 147 41 19½ᶜᵐ.

63 3671 52 52 ©
181 3687 24 29 1c.
254 3677 116 47 July
404 3677 41 47 2,
482 3677 141 47 1928;
661 3678 43 38 A
739 3679 62 38 ad
837 3678 87 41 int.
960 3678 171 46 11368;
1170 3680 145 47 pubd.
1353 3681 113 47 May
1502 3680 27 40 3;
1596 3682 72 40 W.
1706 3682 56 41 R.
1799 3683 61 39 H.
127 3683 1913 98 Trowbridge,

349 3733 214 41 London.
634 3734 279 48 (28-17216)

58 3826 271 63 Wallace,
362 3826 156 53 John
550 3827 310 64 Sherman,
896 3829 170 53 1877-

126 3904 55 52 A
204 3905 154 67 quiet
379 3906 125 51 talk
526 3907 139 51 with
690 3906 128 55 God
847 3908 133 52 each
1005 3908 130 68 day,
1162 3911 327 66 1928-1929,
1513 3910 184 68 topics
1723 3910 93 54 for
1841 3912 217 70 weekly

56 3982 276 71 meetings
376 3982 65 54 of
484 3984 96 53 the
624 4004 194 50 young
862 3986 247 68 people’s
1156 3986 214 71 society
1415 3989 112 53 and
1576 3989 166 54 Bible
1788 3990 270 71 readings
