2498 4384
1227 4111 137 51 1310

361 554 1932 50 2 p. l., 57, [1] p. 26 ᶜᵐ. (Monographien aus dem gesamtgebiete der
289 612 1954 48 neurologie und psychiatrie, hrsg. von O. Foerster … und K. Wilmanns …
290 669 93 41 hft.
416 669 79 48 52)

361 739 613 41 “Literaturverzeichnis”:
1038 751 44 37 p.
1118 738 192 50 [53]-57.

290 809 2003 52 © Dec. 15, 1927; 1c. Apr. 11, 1928; A —Foreign 38278; Julius Springer.
367 869 283 49 (28-20982)

286 963 304 65 Fyleman,
623 965 172 62 Rose,
834 963 168 54 1877-
1186 963 84 53 ed.

362 1043 210 52 Round
598 1043 96 52 the
720 1042 293 68 mulberry
1039 1041 144 53 bush;
1243 1041 172 69 being
1443 1060 31 33 a
1501 1040 148 53 book
1676 1040 65 54 of
1767 1042 201 53 stories
1997 1041 115 52 and
2139 1060 158 33 verse

292 1120 95 53 for
432 1120 260 53 children
740 1119 152 52 from
938 1120 88 52 six
1073 1126 58 45 to
1177 1120 221 67 twelve,
1444 1119 185 52 edited
1681 1119 77 69 by
1803 1119 147 53 Rose
1998 1118 295 70 Fyleman.

290 1199 140 53 New
462 1198 179 67 York,
672 1198 193 67 Dodd,
894 1197 172 52 Mead
1096 1199 46 50 &
1171 1214 284 52 company
1599 1200 86 64 [ᶜ1928]

361 1279 1105 50 192 p. col. front., illus., col. plates. 25½ ᶜᵐ.
291 1348 52 52 ©
375 1352 121 47 Aug.
529 1352 70 47 24,
632 1350 116 40 1928;
807 1351 68 40 2c.
911 1350 129 49 Sept.
1073 1351 24 38 1;
1162 1349 84 42 aff.
1278 1354 120 44 Aug.
1431 1351 55 40 31;
1551 1351 41 39 A
1624 1350 208 41 1053146;
1893 1350 154 49 Dodd,
2083 1351 142 39 Mead
2259 1350 38 41 &

359 1420 83 36 co.,
472 1409 92 40 inc.
634 1407 282 50 (28-21059)

286 1504 265 63 Garrett,
581 1501 258 55 William
870 1501 54 53 A
1216 1506 173 49 1890-

355 1584 123 51 The
507 1582 384 62 professional
919 1587 180 57 guest,
1127 1581 77 63 by
1231 1580 264 55 William
1524 1580 253 55 Garrett.
1852 1580 262 64 London,
2141 1580 158 55 John

281 1662 158 52 Lane
478 1663 172 65 [1928]

356 1741 468 50 4 p. l., 316 p. 19½ ᶜᵐ.
291 1796 1989 109 © 1c. Sept. 15, 1928; A ad int. 11614; pubd. July 20; W. Garrett, Edinburgh.
288 1951 151 63 Gift,
477 1951 212 51 Foster
722 1949 55 54 U
1071 1948 174 56 1871-

362 2030 122 51 The
514 2028 271 68 ministry
818 2027 63 53 of
913 2029 154 65 love;
1105 2046 31 34 a
1168 2028 173 68 study
1372 2027 150 53 book
1553 2027 61 52 in
1646 2027 188 53 which
1867 2027 215 69 special

291 2032 1982 128 attention
439 2107 47 53 is
511 2106 171 70 given
707 2111 58 47 to
790 2106 96 52 the
911 2105 269 53 merciful
1209 2106 284 53 activities
1521 2104 64 55 of
1611 2107 96 52 the
1734 2107 232 67 church,
1990 2106 79 70 by
2094 2107 205 53 Foster

293 2183 2001 71 U. Gift … the fourth of a series of “Key books”, prepared
292 2261 2003 70 under the general editorship of the Rev. F. H. Knubel … and
290 2339 2003 71 the Rev. M. G. G. Scherer … Philadelphia, Pa., The United
289 2422 298 51 Lutheran
619 2420 356 68 publication
1007 2421 177 52 house
1327 2423 86 64 [ᶜ1928]

361 2501 854 50 145 p. 19 ᶜᵐ. (The key books)
293 2558 52 52 ©
374 2562 121 47 Aug.
521 2561 70 47 24,
619 2560 141 46 1928;
790 2560 67 40 2c.
888 2560 129 47 Sept.
1044 2561 54 45 7;
1129 2559 82 42 aff.
1244 2560 128 48 Sept.
1401 2561 51 46 6;
1484 2561 40 39 A
1552 2561 230 47 1054126;
1814 2562 164 40 Board
2007 2562 52 40 of
362 2563 1918 95 publication
496 2617 52 41 of
580 2616 82 41 the

698 2617 176 39 United
907 2617 251 39 Lutheran
1192 2617 183 39 church
1409 2617 51 39 in
1492 2617 239 49 America,
1767 2618 358 49 Philadelphia.

372 2674 283 49 (28-21073)

293 2771 122 52 The
456 2769 211 64 golden
708 2787 184 50 goose,
935 2768 249 68 pictures
1242 2769 76 68 by
1375 2769 170 68 Mary
1602 2769 138 53 Lott
1801 2768 261 56 Seaman.
2161 2771 138 52 [New

364 2846 1213 70 York, The Macmillan company, ᶜ19 28]
367 2929 1343 51 [42] p. col. illus. 15 ᶜᵐ. [The happy hour books]
364 2987 290 40 Illustrated
684 2988 98 46 t.-p.
811 2987 95 39 and
936 2985 352 49 lining-papers
1318 2986 51 39 in
1397 2988 146 40 color.

294 3040 52 52 ©
371 3045 121 47 Aug.
518 3045 40 46 7,
584 3043 140 46 1928;
752 3043 67 39 2c.
847 3044 95 38 and
968 3043 83 39 aff.
1076 3043 121 46 Aug.
1224 3043 53 46 8;
1304 3043 41 39 A
1371 3043 231 49 1082979;
1632 3044 285 41 Macmillan
1943 3056 67 31 co.
2086 3041 52 52 [©
362 3046 1919 103 illustrations]
662 3099 281 49 (28-21042)

291 3195 171 62 Gore,
495 3193 263 65 Charles,
795 3198 171 49 1853-

289 3271 1986 145 … Christ and society, by Charles Gore … London, G. Allen & Unwin ltd. [1928]
359 3432 1713 50 5 p. l., [15]-186 p., 1 l. 20 ᶜᵐ. (Halley Stewart lectures, 1927)
296 3486 2002 52 © 1c. Aug. 21, 1928; A ad int. 11554; pubd. June 26; Charles Scribner’s
363 3557 127 37 sons,
523 3546 118 40 New
671 3546 147 40 York.
888 3544 281 50 (28-21212)

290 3640 220 63 Hader,
545 3640 202 63 Berta,
780 3641 149 53 illus.

370 3719 429 65 [Illustrations]
847 3719 75 68 by
967 3720 175 51 Berta
1184 3721 46 50 &
1274 3719 197 53 Elmer
1513 3719 203 54 Hader
1761 3754 13 33 t
1779 3720 61 53 in
1880 3721 97 53 the
2017 3720 151 54 book
293 3739 1982 124 entitled]
524 3798 122 51 The

685 3797 150 52 little
876 3798 99 51 red
1013 3798 126 51 hen.
1215 3797 141 52 New
1395 3797 180 69 York,
1616 3799 124 52 The
1776 3798 338 54 Macmillan
288 3817 1987 125 company,
494 3877 149 51 1928.

368 3956 1376 51 [42] p. col. illus. 15 ᶜᵐ. (The happy hour books)
297 4008 52 52 ©
376 4013 120 48 Aug.
523 4015 39 46 7,
589 4013 115 41 1928;
759 4015 67 39 2c.
854 4016 95 38 and
976 4014 82 41 aff.
1085 4015 120 48 Aug.
1234 4015 27 40 8;
1315 4015 41 39 A
1382 4015 207 41 1082982;
1643 4016 283 40 Macmillan
1954 4028 67 29 co.
