2498 4384
1319 4099 99 50 840

427 543 146 39 “This
604 542 184 40 edition
819 543 52 39 of
905 543 43 39 S.
980 543 143 39 Peter
1156 541 272 41 Damiani’s
1457 542 162 46 hymn,
1651 541 72 41 Ad
1754 541 226 49 perennis
2010 541 114 41 vitæ
2152 541 200 47 fontem,

354 610 102 30 was
484 601 73 38 set
584 610 65 37 up
676 602 95 38 and
801 599 193 48 printed
1023 600 62 45 by
1114 601 82 38 the
1224 605 196 42 present
1448 600 284 46 translator,
1760 599 79 40 for
1865 601 82 38 the
1974 599 375 47 twenty-second

354 659 182 38 annual
569 657 211 45 meeting
811 657 53 38 of
894 658 83 38 the
1007 656 237 41 Classical
1276 656 296 40 association
1604 657 50 39 of
1683 657 82 39 the
1796 656 217 40 Atlantic
2043 658 169 44 states,
2242 656 110 39 held

354 717 51 38 at
431 715 272 46 Princeton,
730 715 56 39 N.
810 715 58 44 J.,
894 715 127 47 May,
1452 713 37 41 M.D.CCCC.XXVIII.”

424 772 349 49 Bibliography
793 783 8 29 :
835 783 42 38 p.
909 791 9 30 f
924 771 151 50 6]-[8].

360 840 52 52 ©
444 845 114 46 May
588 845 67 46 18,
685 844 114 40 1928;
858 844 67 39 2c.
957 844 95 39 and
1083 843 81 40 aff.
1196 844 114 46 May
1340 843 57 38 22;
1457 843 41 38 A
1528 842 203 41 1077398;
1794 842 211 48 Stephen
2035 842 56 41 A.
2122 842 230 48 Hurlbut,

427 901 336 48 Washington.
835 900 280 48 (28-14020)

353 1008 351 62 Pirandello,
736 1008 194 62 Luigi,
964 1006 170 53 1867-

360 1098 2000 148 The old and the young (I vecchi e i giovani) by Luigi Pirandello … authorized translation from the Italian by C. K.
364 1256 1995 68 Scott-Moncrieff … New York, E. P. Dutton & company
366 1338 193 64 [ ᶜ1 928 ]
430 1431 155 39 2 V. 19½ ᶜᵐ.
364 1499 52 52 ©
451 1504 127 39 June
610 1504 38 47 1,
683 1502 140 45 1928;
858 1503 68 41 2c.
960 1503 117 40 each
1112 1503 128 40 June
1272 1502 52 46 5;
1361 1501 82 42 aff.
1477 1503 127 40 June
1635 1504 54 45 4;
1724 1503 41 38 A
1799 1502 229 48 1074845;
2068 1505 52 39 E.
2155 1505 50 38 P.
434 1505 1906 95 Dutton
558 1560 37 40 &
636 1571 66 30 co.
777 1560 281 49 (28-14115)

357 1668 253 63 Pribble,
642 1669 229 53 Evalin.

434 1760 233 55 Correct
695 1761 245 68 English
965 1780 190 50 usage,
1180 1780 31 34 a
1239 1762 593 68 study-and-practice
1856 1761 166 67 book,
2046 1763 77 68 by
2152 1763 207 52 Evalin

360 1838 1999 71 Pribble … Chicago, New York, Lyons and Carnahan [ ᶜ1 928 ]
431 1933 272 49 255 p. 19½ ᶜᵐ.
364 2003 52 52 ©
452 2008 114 47 Apr.
600 2008 68 47 11,
703 2007 141 46 1928;
881 2007 67 40 2c.
984 2008 113 47 May
1130 2008 83 46 24;
1251 2006 83 45 aff.
1370 2008 114 47 May
1518 2007 82 46 25;
1637 2007 41 38 A
1713 2006 229 47 1074692;
1980 2008 161 46 Lyons
2175 2011 37 40 &
431 2007 1910 98 Carnahan.
680 2064 280 47 (28-14039)

361 2160 120 51 The
511 2159 386 63 Progressive
930 2158 287 53 reference
1249 2158 248 69 library;
1532 2176 31 34 a
1595 2177 123 33 new
1751 2159 217 52 edition
2000 2158 140 52 with
435 2165 1903 126 extensive
591 2237 292 66 revisions,
922 2237 380 68 constituting
1343 2256 31 33 a
1414 2236 417 53 consolidation
1870 2236 64 54 of
1974 2237 98 53 the
435 2236 1905 133 publications
614 2315 277 68 formerly
920 2334 72 34 on
1020 2316 94 52 the
1142 2315 224 53 market
1393 2316 183 52 under
1603 2315 94 53 the
1727 2315 156 53 titles
1901 2334 10 33 :
1941 2315 423 53 International

436 2395 286 53 reference
767 2395 157 52 work
966 2396 113 52 and
1122 2396 122 51 The
1287 2413 123 34 new
1452 2394 271 53 teachers’
1769 2395 113 52 and
1927 2394 214 69 pupils’
435 2396 1906 145 cyclopaedia;
700 2492 31 33 a
760 2473 219 68 library
1006 2472 64 53 of
1096 2473 241 69 history,
1366 2474 352 68 geography,
1745 2473 345 69 biography,
2116 2473 251 69 biology,

436 2551 1928 226 literature, economics, civics, arts, sciences, discoveries, explorations, inventions, commerce, etc.; cyclopaedia of general and recent information … Boone, Ia., Chicago, Ill.
442 2791 137 61 [etc.]
611 2786 120 52 The
759 2786 175 52 Holst
960 2785 337 69 publishing
1322 2804 298 51 company,
1651 2789 149 50 1928.

438 2880 1926 51 10 V. superimposed front. (v. 8) illus., plates (part col., 1 double, 1
366 2937 900 49 superimposed) ports., maps. 25½ ᶜᵐ.
438 3011 127 41 Vols.
593 3010 85 40 1-8
707 3011 94 38 and
832 3008 115 41 9-10
975 3009 154 48 paged
1158 3008 355 48 continuously.

442 3067 235 40 Subtitles
703 3067 51 40 of
778 3078 43 29 v.
847 3067 85 40 2-8
958 3076 134 37 vary.

440 3125 129 39 Vols.
593 3123 115 41 9-10
734 3125 125 38 have
888 3123 133 40 title:
1050 3123 244 40 Practical
1322 3124 140 38 home
1489 3124 96 39 and
1613 3124 162 40 school
1804 3125 236 39 methods.

440 3181 171 40 Editor
639 3180 48 40 in
716 3180 131 41 chief
864 3191 9 29 :
904 3181 54 40 B.
987 3181 52 39 P.
1066 3180 159 40 Holst.

370 3249 52 53 ©
454 3254 113 48 Apr.
598 3254 69 47 28,
698 3253 140 47 1928;
871 3254 68 40 2c.
971 3252 117 40 each
1120 3253 114 47 May
1265 3252 82 46 12;
1381 3251 82 41 aff.
1495 3253 127 39 June
1651 3253 54 47 4;
1738 3253 43 39 A
1810 3252 230 48 1074858;
2076 3254 148 40 Holst
2253 3254 108 47 pub.

440 3322 66 30 co.
581 3309 280 50 (28-14279)

363 3405 223 53 Punch,
663 3425 51 32 v.
744 3404 114 56 174,
885 3423 89 33 no.
1002 3407 155 64 4530,
1184 3405 139 67 May
1352 3406 48 63 2,
1432 3407 149 49 1928.

371 3498 1989 52 © 1c. June 28, 1928; A ad int. 11315; pubd. May 2; Herbert Heather,
440 3559 212 39 London.

367 3652 611 61 Reck-Malleczewen,
1011 3651 163 52 Fritz
1205 3651 206 62 Percy,
1445 3654 172 49 1884-

439 3745 245 53 Woman
713 3743 60 53 in
802 3743 186 69 flight,
1016 3744 75 68 by
1122 3743 163 52 Fritz
1317 3743 597 66 Reck-Malleczewen,
1945 3743 313 53 translated
2293 3743 70 67 by

371 3822 192 68 Jenny
591 3820 213 55 Covan.
880 3821 138 53 New
1045 3821 179 67 York,
1254 3821 150 52 Boni
1429 3823 47 50 &
1501 3821 321 69 Liveright,
1852 3823 149 51 1928.

441 3914 85 41 253
553 3926 43 37 p.
656 3913 147 43 19½ᶜᵐ.

374 3983 52 53 ©
460 3989 113 46 May
604 3987 39 47 5,
674 3987 140 46 1928;
847 3988 68 39 2c.
949 3989 112 46 May
1092 3987 53 48 3;
1179 3987 83 40 aff.
1295 3988 125 39 June
1452 3988 52 47 5;
1538 3987 41 39 A
1610 3987 229 48 1074848;
1875 3988 123 40 Boni
2029 3987 38 40 &
2097 3987 264 48 Liveright,

446 4044 91 41 inc.
611 4044 280 49 (28-14118)
