2498 4384
1298 4075 135 50 1000

357 421 190 63 Sikes,
584 420 140 54 Earl
757 422 150 63 Ray.

433 498 161 56 State
629 499 114 53 and
778 498 222 54 federal
1035 500 542 68 corrupt-practices
1613 501 347 70 legislation,
1994 502 77 70 by
2109 503 145 53 Earl
2289 504 68 53 R.

361 576 1759 72 Sikes … Durham, N. C., Duke university press, 1928.
431 657 27 41 5
482 669 43 38 p.
587 689 9 17 l.,
623 658 145 41 3-321
793 670 43 37 p.
863 658 112 42 incl.
1002 660 171 41 tables.
1228 660 149 40 20½ᶜᵐ.
1443 660 302 51 (Half-title:
1773 661 141 40 Duke
1943 661 274 49 university
357 663 1985 100 publications)

432 771 148 42 “This
618 773 148 48 study
804 783 103 31 was
947 774 308 41 undertaken
1293 773 52 41 in
1384 774 182 49 partial
1607 775 286 42 fulfillment
1931 775 53 41 of
2025 776 86 41 the
359 776 1985 95 requirements

549 829 80 42 for
661 830 83 41 the
776 832 173 47 degree
980 830 53 41 of
1064 832 170 40 doctor
1265 832 52 40 of
1348 832 290 49 philosophy
1670 835 53 38 at
1757 833 193 41 Cornell
359 833 1994 96 university.”—Note.

431 943 352 50 Bibliography:
839 956 44 37 p.
910 944 219 42 292-314.

358 997 52 53 ©
436 1003 127 39 June
584 1003 70 47 26,
679 1002 115 41 1928;
845 1003 69 41 2c.
939 1003 129 40 June
1088 1003 60 41 28;
1199 1003 83 42 aff.
1307 1004 127 40 June
1456 1004 58 40 29;
1566 1004 42 39 A
1630 1003 204 42 1083091;
1888 1006 144 40 Duke
2055 1004 130 43 univ.
2210 1016 151 38 press.

437 1059 282 50 (28-16725)

355 1152 307 64 Stockton,
695 1153 286 54 Gilchrist
1012 1154 214 53 Baker.

359 1231 1980 145 The two-thirds rule, by Gilchrist B. Stockton … Jacksonville,
541 1309 143 68 Fla.,
716 1312 151 51 1928.

432 1392 668 49 2 p. l., 65 p., 1 l. 19 ½ᶜᵐ .
359 1444 54 53 ©
439 1449 129 40 June
591 1449 69 48 19,
687 1449 117 41 1928;
855 1451 69 40 2c.
951 1451 97 39 and
1073 1450 85 41 aff.
1184 1450 128 41 June
1337 1451 83 47 23;
1449 1450 42 40 A
1517 1451 231 48 1082228;
1778 1451 55 41 G.
1859 1452 55 39 B.
1945 1450 247 49 Stockton,
427 1452 1919 102 Jacksonville,

672 1506 103 41 Fla.
839 1506 282 51 (28-16791)

356 1586 231 64 Stuart,
622 1587 210 53 Duane
866 1588 179 63 Reed,
1083 1587 174 54 1873-

423 1664 229 69 Epochs
696 1663 65 54 of
803 1664 188 55 Greek
1034 1666 113 53 and
1190 1665 226 53 Roman
1456 1666 345 69 biography,
1842 1666 77 68 by
1961 1667 204 52 Duane
2209 1667 154 52 Reed

353 1741 2011 72 Stuart … Berkeley, Calif., University of California press.
353 1824 152 51 1928.

349 1904 2013 104 vii p., 1 l., 270 p. 23 ᶜᵐ . (Half-title: Sather classical lectures, v. 4, 1928)
421 2017 416 49 Bibliographical
871 2018 281 41 foot-notes.

359 2070 54 53 ©
445 2075 129 40 June
602 2075 41 48 9,
674 2075 141 48 1928;
847 2076 69 41 2c.
948 2075 128 40 June
1105 2075 84 47 20;
1223 2074 85 41 aff.
1339 2075 127 40 June
1496 2075 84 47 23;
1613 2075 42 39 A
1686 2074 230 48 1082195;
1951 2075 214 49 Regents
2197 2076 52 40 of
2281 2076 82 41 the

428 2131 286 49 University
741 2132 52 40 of
821 2131 287 49 California,
1138 2132 253 48 Berkeley,
1422 2131 144 43 Calif.
1633 2131 282 50 (28-16479)

358 2213 315 63 Symonds,
703 2212 269 54 Percival
1001 2212 239 63 Mallon,
1275 2216 170 49 1893-

423 2290 1941 70 The nature of conduct, by Percival M. Symonds … New
353 2369 181 70 York,
568 2370 121 54 The
721 2369 338 55 Macmillan
1093 2387 299 52 company,
1430 2372 150 52 1928.

423 2454 64 49 xi,
517 2455 86 40 346
632 2466 43 37 p.
735 2454 148 41 20½ᶜᵐ.

360 2507 54 53 ©
439 2512 128 40 June
589 2512 70 46 26,
685 2511 141 47 1928;
853 2512 69 41 2c.
947 2512 97 39 and
1070 2510 82 42 aff.
1179 2511 131 40 June
1332 2511 60 40 27;
1443 2509 42 40 A
1509 2509 231 49 1083062;
1770 2510 285 40 Macmillan
2080 2521 68 31 co.

439 2568 282 50 (28-16647)

358 2649 328 64 Thornton,
721 2649 257 55 William
1012 2648 291 64 Wheeler,
1343 2652 97 49 1851-

430 2728 57 55 Α
521 2729 234 54 treatise
788 2747 72 35 on
898 2727 416 55 combinations
1350 2727 60 53 in
1448 2727 274 53 restraint
1754 2726 66 54 of
1851 2727 193 53 trade;
2086 2726 280 56 Sherman

360 2817 108 59 act,
509 2809 143 67 July
689 2811 49 65 2,
780 2810 161 51 1890:
988 2806 249 70 Clayton
1276 2811 106 63 act,
1423 2805 124 56 Oct.
1591 2809 82 64 15,
1715 2809 161 65 1914;
1919 2806 245 53 Federal
2202 2807 164 52 trade

362 2886 361 55 commission
755 2891 107 67 act,
895 2885 155 69 Sept.
1081 2888 84 64 26,
1198 2888 163 63 1914;
1393 2885 521 53 Webb-Pomerene
1944 2887 106 64 act,
2080 2884 175 68 April
2288 2887 80 64 10,

362 2963 2005 71 1918, by W. W. Thornton … <2d ed. of Sherman act, and 1st
362 3045 246 54 editions
656 3044 65 53 of
770 3044 265 68 Clayton,
1085 3042 245 52 Federal
1380 3042 164 52 trade
1593 3041 359 53 commission
2001 3041 113 53 and
359 3041 1984 136 Webb-Pomerene

709 3127 153 63 acts>
942 3120 350 68 Cincinnati,
1329 3121 125 52 The
1487 3121 91 53 W.
1615 3121 77 52 H.
1728 3121 304 52 Anderson
2069 3139 296 50 company,

361 3205 151 51 1928.

429 3281 1052 52 4 p. l., v-xlii, 1751 (i. e. 1849) p. 26 ᶜᵐ .
363 3338 54 53 ©
442 3343 127 40 June
592 3342 71 46 23,
690 3341 141 47 1928;
857 3341 70 40 2c.
952 3341 95 38 and
1074 3339 82 41 aff.
1184 3339 128 39 June
1336 3338 82 47 26;
1447 3339 42 38 A
1514 3338 204 41 1082287;
1774 3339 73 40 W.
1873 3339 63 40 H.
1962 3337 254 41 Anderson
2242 3349 69 30 co.

441 3398 282 50 (28-16561)

360 3477 259 63 Tidwell,
655 3477 180 64 Clyde
866 3476 35 54 J
1195 3479 172 49 1889-

438 3557 161 56 State
625 3555 221 54 control
871 3554 66 54 of
959 3553 318 68 textbooks,
1303 3553 142 53 with
1470 3552 212 70 special
1708 3551 288 55 reference
2022 3558 61 47 to
2108 3551 259 68 Florida,

363 3630 1978 135 by Clyde J. Tidwell … New York city, Teachers college, Columbia
605 3710 338 70 university,
972 3712 153 52 1928.

435 3794 28 41 3
491 3805 44 37 p.
599 3824 10 17 l.,
638 3793 56 41 78
724 3804 44 37 p.
827 3791 129 42 illus.
984 3790 187 50 (maps)
1240 3790 148 42 23½ᶜᵐ.
1457 3790 266 49 (Teachers
1753 3791 193 47 college,
1979 3788 253 43 Columbia
365 3789 1983 109 university.

626 3848 368 42 Contributions
1022 3851 49 38 to
1100 3847 273 49 education,
1402 3858 78 30 no.
1508 3847 111 49 299)

437 3906 377 49 Bibliography:
844 3917 45 38 p.
920 3906 158 41 73-78.

365 3960 53 55 ©
446 3965 114 48 May
583 3965 70 48 26,
680 3964 118 41 1928;
849 3964 68 41 2c.
944 3964 126 40 June
1096 3963 82 47 11;
1208 3962 84 42 aff.
1319 3963 114 48 May
1459 3962 83 49 31;
1572 3962 41 41 A
1639 3961 230 50 1074981;
1899 3962 242 41 Teachers
2168 3961 192 49 college,

434 4021 253 43 Columbia
711 4021 129 42 univ.
902 4020 280 46 (28-16545)
