2498 4384
1092 4090 135 51 1389

194 509 1346 57 2 p. l., 647, [1] p. illus. (part col.) diagrs. 26 ᶜᵐ .
197 574 233 41 Contains
464 570 394 50 bibliographies.

129 621 1840 57 © Mar. 26, 1928; 1c. July 18; A—Foreign 39627; Julius Springer.
132 737 179 65 Field,
342 736 222 54 Rachel
592 736 250 64 Lyman,
875 739 173 49 1894-

203 816 172 68 Polly
410 813 349 55 Patchwork
800 814 109 68 [by]
953 812 215 53 Rachel
1206 811 186 53 Field.
1466 808 235 57 Garden
1740 808 154 71 City,
1933 808 71 54 N.
2043 808 94 69 Y.,

133 893 358 68 Doubleday,
519 892 200 52 Doran
747 893 46 50 &
820 908 299 51 company,
1150 890 127 67 inc.,
1310 891 152 51 1928.

205 971 964 51 3 p. l., 56 p., 1 l. col. illus. 14½ᶜᵐ.
133 1042 51 52 ©
214 1046 120 47 Aug.
362 1044 70 49 10,
461 1044 115 40 1928;
632 1044 68 40 2c.
729 1044 97 39 and
854 1042 83 41 aff.
968 1042 129 48 Sept.
1126 1042 83 47 19;
1241 1042 41 38 A
1310 1040 230 48 1053374;
1572 1040 300 49 Doubleday,
1903 1040 169 41 Doran
2102 1040 38 40 &

200 1113 81 37 co.,
312 1102 92 40 inc.
475 1098 281 51 (28-21895)

131 1195 236 64 Figdor,
405 1193 165 55 Karl.

261 1269 1881 72 … Räuber, götter und madame Adèle, illustriert von W.
129 1350 168 54 Kosr.
374 1350 219 67 Berlin,
620 1349 252 53 Neufeld
901 1351 46 50 &
976 1348 224 53 Henius
1238 1382 12 32 [ᶜ19
1346 1351 32 48 27
1419 1381 11 33 ]

201 1428 1651 54 175, [1] p. illus. 19 ᶜᵐ . (On cover: Ferne zonen bücherei)
136 1498 2007 53 © Oct. 18, 1927; 1c. Apr. 23, 1928; A— Foreign 38618; Neufeld & Henius.
213 1558 284 50 (28-22176)

135 1652 293 64 Fletcher,
460 1652 222 64 Joseph
715 1651 215 64 Smith,
966 1655 170 50 1863-

210 1728 1935 70 The shadow of Ravenscliffe, by J. S. Fletcher … New
142 1806 954 70 York, E. J. Clode, inc. [ ᶜ19 28]
245 1920 9 17 v,
283 1890 55 49 [1]
367 1900 58 38 p.,
452 1890 25 38 1
541 1920 9 17 l.,
576 1888 145 42 9-304
748 1900 44 37 p.
851 1888 148 41 19½ᶜᵐ.

139 1957 51 52 ©
216 1962 121 47 Aug.
362 1961 70 48 30,
460 1960 117 41 1928;
627 1961 69 41 2c.
722 1962 96 39 and
844 1960 83 43 aff.
956 1960 129 49 Sept.
1111 1961 56 39 22;
1222 1961 43 39 A
1289 1960 203 41 1053498;
1549 1962 214 39 Edward
1791 1961 44 40 J.
1865 1960 159 48 Clode,
2052 1960 93 42 inc.

217 2017 283 50 (28-21890)

135 2112 254 53 Florida.
469 2112 406 54 Constitution.

210 2190 393 55 Constitution
648 2190 64 53 of
754 2191 96 53 the
894 2195 145 49 state
1085 2191 64 52 of
1191 2190 259 69 Florida,
1493 2210 61 34 as
1598 2192 249 67 adopted
1889 2190 62 53 in
2000 2195 152 65 1885,

137 2270 138 51 with
314 2269 391 53 amendments
739 2275 59 46 to
834 2269 147 52 date.
1056 2268 352 54 Annotated.
1487 2269 302 68 Compiled
1827 2270 113 52 and
138 2288 1988 114 annotated

335 2348 78 69 by
452 2348 200 70 Harry
695 2349 67 52 B.
807 2347 303 56 Skillman.
1204 2347 264 69 Atlanta,
1508 2348 122 53 The
1673 2348 289 53 Harrison
138 2366 1990 128 company,
338 2429 152 50 1928.

209 2507 335 50 287 p. 26 ᶜᵐ .
146 2575 51 53 ©
229 2580 129 48 Sept.
385 2579 71 48 10,
486 2580 118 41 1928;
658 2580 68 40 2c.
758 2580 128 48 Sept.
915 2580 55 40 13;
1028 2579 83 42 aff.
1144 2579 130 49 Sept.
1303 2580 55 39 12;
1417 2580 42 39 A
1487 2580 204 41 1053403;
1751 2580 244 40 Harrison
2026 2590 68 30 co.

222 2636 282 49 (28-21881)

141 2715 241 64 Fowler,
418 2715 151 64 Guy.

213 2795 161 52 Lilac
407 2795 156 65 time,
595 2795 77 68 by
705 2794 133 65 Guy
872 2796 243 65 Fowler,
1146 2795 295 53 novelized
1478 2795 154 53 from
1663 2796 97 52 the
1794 2813 190 36 screen
2018 2795 140 70 play

145 2873 248 67 adapted
429 2874 77 68 by
538 2873 196 53 Willis
769 2873 295 55 Goldbeck
1098 2873 155 53 from
1288 2875 98 51 the
1421 2879 160 62 stage
1617 2873 362 68 production,
2014 2873 141 53 with

144 2949 381 54 illustrations
588 2950 153 53 from
802 2952 95 52 the
960 2951 230 55 Colleen
1250 2951 462 67 Moore-George
1772 2950 386 54 Fitzmaurice

147 3028 335 69 photoplay,
526 3047 31 34 a
601 3028 126 54 first
771 3029 276 53 National
1091 3030 240 68 picture.
1424 3030 140 53 New
1608 3029 183 67 York,
1836 3029 235 55 Grosset
2113 3030 47 52 &

146 3105 465 70 Dunlap [ ᶜ19 28]
217 3189 994 49 4 p. l., 271, [1] p. front., plates. 19½ᶜᵐ
153 3240 51 53 ©
240 3244 127 50 Sept.
399 3246 69 48 10,
501 3246 118 41 1928;
675 3247 68 40 2c.
776 3248 96 39 and
904 3247 83 41 aff.
1022 3247 128 48 Sept.
1183 3248 58 38 24;
1302 3247 42 39 A
1373 3247 203 41 1054473;
1641 3247 201 41 Grosset
1875 3246 37 40 &
1944 3246 211 47 Dunlap,

218 3301 91 42 inc.
380 3303 281 48 (28-21980)

153 3381 248 64 Franck,
436 3382 203 64 Harry
671 3381 310 67 Alverson,
1021 3389 170 49 1881-

220 3460 121 52 The
379 3460 196 69 fringe
611 3461 65 52 of
710 3462 96 52 the
842 3461 240 54 Moslem
1121 3462 211 66 world;
1371 3462 173 67 being
1579 3462 96 53 the
1711 3461 115 53 tale
1863 3460 64 53 of
1963 3479 32 34 a
152 3478 1984 111 random

331 3536 243 70 journey
621 3538 77 70 by
747 3539 137 53 land
936 3539 154 53 from
1140 3539 174 55 Cairo
1362 3545 59 48 to
1473 3539 495 67 Constantinople,
2018 3538 143 52 with

153 3616 221 68 enough
422 3616 64 52 of
532 3622 228 62 present
807 3617 321 54 conditions
1173 3624 58 46 to
1279 3624 233 63 suggest
1555 3618 96 52 the
1693 3617 325 69 growingly
154 3635 1982 126 antagonistic

510 3693 247 55 attitude
807 3695 66 53 of
920 3696 96 53 the
1067 3695 290 54 followers
1409 3696 63 52 of
1521 3695 369 53 Mohammed
1939 3695 222 53 toward

154 3770 159 54 those
356 3772 127 52 who
529 3772 224 68 profess
802 3772 403 69 Christianity,
1248 3774 77 68 by
1367 3774 202 68 Harry
1613 3774 69 52 A.
1730 3773 246 56 Franck,
2020 3774 141 52 with

154 3847 334 70 ninety-five
523 3849 382 55 illustrations
943 3850 148 53 from
1132 3852 398 68 photographs
1562 3852 77 68 by
1673 3852 96 53 the
1806 3852 207 52 author
2049 3853 115 52 and

157 3943 31 34 a
227 3944 134 51 map
401 3927 262 71 showing
700 3928 90 54 his
829 3933 177 48 route.
1082 3929 141 53 New
1263 3929 165 53 York
1466 3932 51 50 &
1557 3930 261 69 London,
1857 3930 121 53 The
157 3929 1983 144 Century

319 4023 79 35 co.
435 4009 172 64 [1928]
