2498 4384
1201 4078 135 49 1856

283 406 345 65 Thalhofer,
668 408 191 52 Franz
896 408 218 55 Xaver.

356 485 339 55 Unterricht
739 487 117 52 und
900 486 245 69 bildung
1187 487 80 51 im
1309 486 354 68 mittelalter,
1705 506 112 33 von
1860 488 189 52 Franz
2094 487 199 54 Xaver

285 563 336 53 Thalhofer.
697 564 307 68 München,
1040 564 56 54 J.
1135 565 177 52 Kösel
1347 566 46 50 &
1429 565 65 51 F.
1532 565 220 66 Pustet,
1791 568 149 49 1928.

353 646 1734 49 4 p. l., 183 p. 17½ᶜᵐ. ( Half-title : Sammlung Kösel. bd. 105)
356 717 339 40 “Verzeichnis
728 718 85 38 der
843 717 260 40 benützten
1162 715 347 41 schriftwerke”
1529 728 8 28 :
1572 728 44 37 p.
1651 715 247 51 [179]-183.

289 784 1984 111 © May 15, 1928; 1c. June 26; A —Foreign 39406; Josef Kösel & Friedrich Pustet. (28-29228)
279 956 318 64 Thomson,
637 956 191 54 David
868 955 492 65 Landsborough.

362 1034 1866 69 The life of the cell, by David Landsborough Thomson …
288 1113 259 67 London,
575 1114 65 52 T.
669 1112 414 68 Butterworth,
1110 1112 226 53 limited
1369 1115 173 64 [1928]

289 1193 1985 105 252 p. illus., diagrs. 17 ᶜᵐ. (Half-title: The Home university library
462 1251 53 40 of
539 1252 199 39 modern
766 1252 297 46 knowledge.
1127 1250 142 49 [138])

359 1321 442 48 “Bibliographical
835 1320 142 41 note”
996 1332 8 29 :
1039 1332 43 37 p.
1114 1320 100 41 249.

285 1390 1986 108 © 1c. Oct. 23, 1928; A ad int. 11895; pubd. Sept. 27; Thornton Butterworth,
555 1452 100 47 ltd.,
687 1451 213 40 London.
969 1450 282 49 (28-29349)

276 1544 252 65 Trochu,
562 1544 266 54 Francis.

414 1623 1731 72 … L’âme du curé d’Ars. Lyon, Paris, E. Vitte [1928]
356 1705 821 49 xvi, 228 p., 1 l. incl. port. 18 ᶜᵐ.
282 1773 1870 52 © June 18, 1928; 1c. July 20; A— Foreign 39831; Emmanuel Vitte,
359 1833 283 50 (28-29263)

279 1930 226 64 Vogue.

346 2008 250 69 Vogue’s
623 2010 169 52 Paris
818 2010 244 52 bulletin
1093 2008 94 53 for
1213 2008 224 69 buyers.
1504 2009 260 52 Bulletin
1792 2027 91 36 no.
1916 2013 79 50 13.

281 2087 52 52 ©
422 2125 7 7 1c.
460 2092 112 39 Dec.
603 2092 68 48 19,
701 2091 115 40 1928;
874 2092 42 39 A
945 2094 61 37 ad
1036 2092 88 40 int.
1155 2091 144 41 12107;
1360 2092 143 48 pubd.
1535 2092 103 40 Oct.
1669 2093 57 40 27;
1787 2091 162 41 Condé
1979 2093 125 40 Nast
347 2093 1922 104 publications,

585 2149 106 48 inc.,
728 2149 299 48 Greenwich,
1064 2149 148 41 Conn.

277 2242 167 65 Wall,
478 2243 254 53 Edward
767 2243 175 64 John,
978 2248 172 50 1860-

345 2320 1944 72 Practical color photography, by E. J. Wall … Boston,
284 2399 299 54 American
615 2400 391 69 photographic
1073 2399 339 70 publishing
1444 2419 97 49 co.,
1578 2403 151 51 1928.

342 2483 82 48 vii,
457 2484 88 40 280
576 2495 43 37 p.
679 2484 145 48 illus.,
858 2484 181 48 diagrs.
1099 2484 57 40 20½ᶜᵐ.

345 2555 164 40 “First
538 2555 198 47 edition,
766 2555 141 46 June,
937 2554 129 40 1922.
1130 2554 184 41 Second
1344 2554 198 48 edition,
1572 2555 244 48 enlarged,
1848 2555 220 47 October,
2098 2555 157 41 1928.”

343 2612 354 48 Bibliography
715 2623 8 28 :
756 2623 43 37 p.
829 2612 220 40 272-274.

278 2680 52 52 ©
360 2684 119 40 Nov.
509 2684 39 47 5,
578 2684 142 47 1928;
750 2684 68 40 2c.
849 2685 96 38 and
976 2682 83 42 aff.
1088 2683 120 40 Nov.
1239 2683 56 41 17;
1354 2682 42 40 A
1425 2683 142 47 1745;
1599 2682 147 41 Amer.
1791 2683 354 50 photographic
2175 2684 110 49 pub.

345 2752 69 30 co.
486 2740 281 50 (28-28836)

269 2836 360 64 Washburn,
668 2836 171 53 Jesse
879 2836 72 54 A.

343 2914 370 70 Chronology
752 2915 191 67 chart;
988 2915 167 52 Bible
1195 2915 115 53 and
1350 2915 164 52 Book
1552 2913 66 55 of
1653 2915 268 52 Mormon
1962 2920 212 63 events,
2211 2915 75 69 by

268 2993 1288 67 J. A. Washburn … Provo, Utah, 1928.
341 3074 1460 50 3 p. l. , fold. tab. (22 numb. 1.) IV maps on 2 l. 24 ᶜᵐ.
344 3145 74 41 On
450 3157 141 29 cover
609 3157 8 29 :
652 3146 179 40 Before
862 3147 82 39 the
974 3145 140 41 Bible
1144 3147 98 38 and
1272 3145 131 41 after
1434 3148 82 38 the
1549 3146 136 39 Book
1716 3147 51 38 of
1797 3147 235 38 Mormon.

343 3203 147 40 “This
531 3204 135 39 work
705 3203 42 40 is
787 3214 63 28 an
890 3205 209 45 attempt
1140 3207 50 36 to
1230 3204 200 46 suggest
1469 3203 82 40 the
1591 3202 337 48 relationship,
1970 3202 50 39 in
2059 3202 135 48 point
2235 3202 51 40 of

271 3259 130 48 time,
439 3262 53 38 at
527 3261 140 45 least,
704 3260 217 40 between
959 3260 83 40 the
1080 3261 169 39 events
1285 3259 53 41 of
1373 3260 83 40 the
1492 3259 139 41 Bible
1668 3260 96 40 and
1801 3260 135 40 Book
1973 3259 53 41 of
2066 3261 218 38 Mormon

270 3317 191 48 history
490 3318 96 38 and
614 3317 140 40 other
782 3317 269 48 important
1078 3317 153 39 world
1263 3315 347 49 happenings.”

343 3374 186 47 “Study
554 3374 112 40 list”
686 3385 9 27 :
724 3385 60 28 on
812 3384 140 29 verso
979 3374 52 39 of
1054 3374 61 40 3d
1140 3372 175 49 prelim.
1354 3373 116 40 leaf.

275 3441 52 52 ©
357 3447 128 39 June
512 3446 69 47 12,
611 3445 142 47 1928;
784 3445 68 41 2c.
882 3446 117 46 July
1027 3445 53 46 2;
1114 3444 82 41 aff.
1226 3444 122 48 Aug.
1378 3444 83 48 10;
1494 3444 40 40 A
1564 3445 230 46 1083597;
1828 3446 44 40 J.
1903 3445 53 39 A.
1987 3443 294 47 Washburn,

342 3503 172 46 Provo,
547 3503 147 40 Utah.
765 3501 282 49 (28-28968)

272 3596 199 64 Wells,
506 3597 208 63 Henry
746 3596 209 65 Willis,
993 3601 171 50 1895-

341 3670 1942 74 The judgment of literature, by Henry Wells … New York,
269 3753 1234 68 W. W. Norton & company, inc. [ ᶜ1 928]
271 3834 1995 105 ix, [1], 11-95 p. 19½ ᶜᵐ. [An outline of æsthetics, ed. with introductory
407 3895 140 36 notes
575 3892 62 47 by
665 3892 51 41 P.
745 3891 57 42 N.
832 3893 171 49 Youtz]

274 3958 52 53 ©
358 3962 103 42 Oct.
491 3962 70 48 24,
590 3963 118 42 1928;
762 3964 68 41 2c.
861 3965 96 39 and
988 3963 83 41 aff.
1101 3965 119 40 Nov.
1252 3965 82 45 14;
1366 3963 45 42 A
1438 3963 111 49 620;
1582 3964 73 41 W.
1686 3965 73 40 W.
1789 3964 187 41 Norton
2007 3966 37 42 &
2074 3974 83 35 co.,
2188 3961 92 42 inc.

351 4020 282 49 (28-28887)
