2498 4384
1298 4072 134 49 1804

456 494 130 40 “One
611 493 226 40 hundred
868 495 122 47 good
1021 494 196 41 novels”:
1280 505 44 38 p.
1354 495 220 42 383-385.

385 546 53 52 ©
472 551 103 40 Oct.
606 551 68 47 27,
708 550 114 41 1928;
882 551 69 40 2c.
983 552 120 40 Nov.
1135 553 24 37 1;
1223 551 84 42 aff.
1339 553 118 40 Nov.
1492 553 26 38 6;
1579 553 40 39 A
1651 553 87 40 483;
1800 554 55 40 A.
1889 556 52 40 E.
1975 556 220 47 Newton,
453 557 1916 99 Philadelphia.
735 606 281 49 (28-27578)

378 700 455 64 Nordenskiöld,
868 700 165 64 Erik,
1068 701 173 55 1872-

516 779 1875 75 … The history of biology; a survey. New York, London,
381 858 72 52 A.
482 858 74 52 A.
585 857 227 68 Knopf,
845 861 151 51 1928.

451 940 1214 49 x p., 2 l., 3-629, XV, [1] p. front., ports. 24½ ᶜᵐ.
451 997 64 40 At
542 997 126 40 head
699 997 52 40 of
779 997 108 40 title:
946 998 73 47 By
1049 998 121 39 Erik
1199 998 374 41 Nordenskiöld.
1633 1000 295 41 Translated
1957 1001 132 40 from
2119 1002 82 41 the
380 1002 1993 91 Swedish

485 1054 60 47 by
575 1054 222 39 Leonard
827 1054 242 40 Bucknall
1100 1055 143 47 Eyre.

452 1110 303 48 “Originally
788 1111 165 40 issued
987 1122 56 29 as
1075 1111 252 48 Biologins
1360 1112 224 49 historia,
1619 1112 49 40 in
1704 1113 138 41 three
1875 1115 232 48 volumes,
2143 1114 245 43 1920-24.”

452 1168 189 39 “Based
677 1179 60 28 on
772 1178 26 29 a
835 1178 169 29 course
1040 1168 53 39 of
1127 1170 212 39 lectures
1374 1170 140 47 given
1551 1172 51 38 at
1639 1170 83 41 the
1758 1171 284 49 University
2081 1172 50 41 of
377 1173 1996 99 Helsingfors,

528 1224 914 43 Finland … 1916-17.”—Foreword.
451 1281 235 41 “Sources
716 1282 97 39 and
843 1281 288 41 literature”:
1195 1293 44 37 p.
1271 1282 218 42 617-629.

381 1333 53 53 ©
461 1339 119 40 Nov.
609 1338 40 48 9,
677 1337 119 41 1928;
848 1339 69 40 2c.
945 1340 119 39 Nov.
1093 1339 55 38 12;
1208 1339 84 41 aff.
1321 1340 118 40 Nov.
1470 1340 58 39 10;
1584 1340 42 39 A
1654 1340 84 41 563;
1797 1341 173 40 Alfred
2000 1341 55 40 A.
2085 1342 180 48 Knopf,
2297 1343 91 41 inc.

459 1394 282 50 (28-27664)

440 1490 1890 70 … The North western reporter, v. 220. Permanent ed. …
445 1569 1942 75 with key-number annotations … July 27-September 21,
447 1652 150 49 1928.
676 1648 83 55 St.
792 1648 167 68 Paul,
990 1647 162 54 West
1184 1646 338 71 publishing
1556 1668 99 50 co.,
1690 1653 152 50 1928.

445 1729 414 48 xx, 1022 p. 26 ᶜᵐ.
379 1782 52 53 ©
463 1786 102 41 Oct.
593 1787 70 47 31,
693 1785 114 41 1928;
864 1786 68 41 2c.
962 1787 118 39 Nov.
1111 1787 55 38 12;
1225 1786 84 41 aff.
1339 1787 118 41 Nov.
1489 1787 58 40 10;
1603 1788 40 39 A
1673 1787 86 41 546;
1818 1789 136 40 West
1983 1789 111 48 pub.
2125 1800 67 30 co.

374 1939 250 54 One-act
656 1940 167 68 plays
859 1938 96 53 for
986 1944 160 63 stage
1178 1938 115 54 and
1328 1939 189 69 study,
1552 1938 202 54 fourth
1787 1940 199 68 series;
2022 1947 219 66 twenty
2272 1948 115 49 two

442 2022 439 63 contemporary
918 2016 184 68 plays,
1140 2034 173 34 never
1353 2014 196 55 before
1587 2016 306 69 published
1931 2019 62 52 in
2027 2019 151 54 book
2218 2020 173 69 form,

439 2096 77 68 by
564 2095 328 66 American,
943 2094 247 69 English
1243 2094 114 53 and
1407 2095 155 52 Irish
1615 2095 364 69 dramatists;
2031 2096 233 69 preface
2313 2098 76 70 by

440 2174 149 52 Paul
618 2172 203 55 Green.
898 2172 140 52 New
1067 2172 164 52 York
1259 2172 135 68 city,
1424 2171 57 55 S.
1512 2173 254 67 French;
1786 2174 262 68 London,
2070 2174 56 55 S.
2145 2175 245 69 French,

439 2252 123 67 ltd.,
598 2254 151 50 1928.

439 2333 384 49 xii, 370 p. 21 ᶜᵐ.
375 2388 53 54 ©
460 2394 119 39 Nov.
610 2393 38 47 5,
681 2390 115 41 1928;
856 2392 67 40 2c.
954 2392 119 40 Nov.
1105 2390 26 40 6;
1192 2389 83 41 aff.
1308 2390 119 42 Nov.
1460 2390 26 42 8;
1546 2390 40 40 A
1620 2390 118 42 1560;
1800 2392 197 41 Samuel
2030 2393 203 48 French,
2267 2395 118 39 New

444 2450 144 40 York.
658 2447 282 50 (28-27611)

367 2530 236 63 Orcutt,
636 2528 258 55 William
923 2528 189 63 Dana,
1149 2527 171 54 1870-

443 2609 220 52 Master
687 2606 224 53 makers
940 2605 66 53 of
1031 2606 97 52 the
1154 2605 150 53 book;
1365 2605 170 69 being
1564 2625 31 33 a
1625 2607 357 54 consecutive
2008 2613 160 63 story

2196 2607 65 54 of
2289 2608 97 54 the

370 2685 150 55 book
550 2685 153 53 from
733 2704 31 33 a
794 2690 240 62 century
1060 2683 199 53 before
1287 2683 98 53 the
1414 2683 298 53 invention
1741 2683 66 54 of
1835 2685 268 70 printing
2130 2685 252 71 through

371 2765 99 53 the
496 2783 95 34 era
620 2763 66 53 of
711 2764 98 52 the
835 2763 190 52 Doves
1055 2780 176 50 press,
1259 2761 76 69 by
1363 2761 264 54 William
1656 2762 170 53 Dana
1857 2762 226 56 Orcutt.
2150 2763 231 55 Garden

374 2842 154 69 City,
557 2843 69 52 N.
658 2841 92 68 Y.,
778 2840 359 68 Doubleday,
1165 2840 202 53 Doran
1396 2842 51 50 &
1478 2857 301 52 company,
1807 2840 128 68 inc.,
1967 2845 152 51 1928.

439 2921 811 53 271, [1] p. front. (port.) 20½ ᶜᵐ.
443 2980 334 49 Frontispiece
804 2978 344 49 accompanied
1175 2979 63 48 by
1264 2979 157 48 guard
1448 2979 138 41 sheet
1613 2978 120 42 with
1760 2979 295 49 descriptive
2083 2982 299 47 letterpress.

441 3036 352 49 Bibliography:
853 3048 45 37 p.
926 3035 103 43 248.

373 3091 52 53 ©
458 3095 103 40 Oct.
590 3094 70 48 26,
692 3093 115 41 1928;
867 3093 67 41 2c.
967 3093 95 39 and
1094 3091 83 41 aff.
1208 3094 120 40 Nov.
1359 3093 26 39 3;
1447 3092 40 39 A
1518 3093 117 40 1486;
1694 3094 301 48 Doubleday,
2029 3094 168 40 Doran
2230 3095 36 40 &
2298 3106 81 32 co.,

440 3152 91 40 inc.
602 3150 282 50 (28-27577)

367 3233 280 62 Pearson,
684 3230 276 53 Edmund
994 3229 230 64 Lester,
1266 3235 171 49 1880-

441 3307 1940 72 Queer books, by Edmund Pearson … Garden City, N. Y.,
368 3387 359 69 Doubleday,
758 3387 201 52 Doran
990 3387 114 52 and
1137 3404 301 50 company,
1470 3385 126 68 inc.,
1632 3389 152 51 1928.

438 3467 1188 51 x, 298 p. front., plates, port., facsims. 21½ ᶜᵐ.
370 3523 52 53 ©
458 3527 102 41 Oct.
593 3527 69 47 26,
696 3526 141 45 1928;
872 3526 67 41 2c.
974 3527 96 38 and
1103 3525 82 41 aff.
1219 3525 120 39 Nov.
1374 3525 52 46 8;
1461 3526 41 38 A
1536 3525 111 47 528;
1685 3525 300 48 Doubleday,
2020 3526 168 40 Doran
2224 3530 37 40 &
2294 3537 82 38 co.,

439 3580 92 44 inc.
600 3582 283 50 (28-27677)

363 3664 282 60 Pearson,
680 3663 228 62 George
942 3662 267 55 Francis.

441 3739 1872 65 Old Cambridge, and other poems, by George F. Pearson …
391 3820 219 52 [Boston]
664 3821 152 51 1928.

438 3899 277 49 100 p. 19 ᶜᵐ.
371 3953 52 54 ©
454 3958 103 42 Oct.
585 3958 70 48 30,
682 3958 143 47 1928;
855 3958 68 40 2c.
954 3959 95 40 and
1078 3957 81 43 aff.
1189 3959 121 40 Nov.
1339 3959 52 46 7;
1423 3958 40 40 A
1491 3958 112 48 495;
1638 3958 52 42 G.
1722 3958 51 42 F.
1804 3959 230 48 Pearson,
2066 3959 198 41 Boston.

449 4015 282 50 (28-27678)
