2498 4384
1277 4077 101 50 352

325 436 354 64 Valentinis,
714 436 295 54 Marcello.

459 526 1875 71 … Maktub Rabbi (Cos ì era scritto da Dio) romanzo arabo.
327 608 209 67 Udine,
565 607 130 68 Tip.
727 605 262 54 Mutilati
1021 625 25 33 e
1077 605 391 68 combattenti,
1503 606 151 52 1927.

393 688 699 53 3 p. l., 9-231, [1] p. 20. ᶜᵐ .
330 758 1378 54 © Sept. 1, 1927; 1c. Dec. 14; A—Foreign 36360;
1747 760 62 41 M.
1844 759 291 45 Valentinis,
2170 761 164 42 Rome.

408 819 252 50 (28-7878)

323 944 131 53 Van
488 940 376 63 Biesbroeck,
902 940 247 63 George,
1186 943 173 50 1880-

456 1031 1880 71 … Definitive orbit of comet Dela van, 1913f-1914v, by
323 1112 222 70 George
596 1112 131 54 Van
776 1108 359 55 Biesbroeck.
1224 1108 274 71 Chicago,
1546 1109 115 69 Ill.,
1711 1110 121 53 The
1883 1109 340 69 University
2271 1110 65 53 of

323 1191 255 68 Chicago
609 1207 157 52 press
891 1188 85 67 [1927]

426 1271 1795 52 v, 36 p. incl. tables, diagrs. 30 ᶜᵐ . (Publications of the Yerkes
321 1274 1993 118 observatory,
617 1343 93 40 vol.
768 1373 9 17 v,
807 1343 67 47 pt.
903 1340 64 49 II)

391 1403 65 40 At
483 1401 127 40 head
638 1399 51 41 of
715 1399 136 40 title:
880 1398 102 40 The
1009 1396 287 48 University
1324 1396 52 41 of
1403 1396 225 50 Chicago.

327 1469 52 52 ©
416 1472 113 40 Dec.
563 1471 70 46 27,
669 1469 115 40 1927
801 1479 9 36 ;
847 1468 68 40 2c.
950 1468 96 39 and
1080 1466 82 41 aff.
1200 1467 123 41 Mar.
1359 1468 40 47 7,
1436 1466 141 47 1928;

1615 1467 42 40 A
1692 1467 230 47 1068169;
1963 1469 283 47 University
2284 1471 50 40 of

395 1527 226 49 Chicago,
654 1526 225 48 Chicago.
950 1523 253 50 (28-7698)

320 1650 406 63 Vandercook,
754 1648 156 55 John
940 1647 302 64 Womack,
1274 1650 172 51 1902-

397 1743 185 54 Black
623 1742 264 69 majesty,
928 1742 95 51 the
1068 1739 104 54 life
1217 1739 66 54 of
1327 1739 366 69 Christophe,
1735 1740 143 71 king
1921 1742 65 53 of
2028 1742 190 69 Haiti,
2259 1744 71 69 by

323 1824 159 54 John
535 1823 90 53 W.
684 1819 396 67 Vandercook,
1136 1819 141 52 with
1335 1818 292 70 drawings
1681 1819 77 69 by
1812 1821 243 53 Mahlon
2110 1821 208 54 Blaine

320 1903 140 52 New
491 1900 164 53 York
684 1900 113 52 and
828 1899 262 66 London,
1116 1897 236 68 Harper
1381 1899 47 50 &
1455 1897 280 68 brothers,
1768 1901 150 51 1928.

428 1980 1298 54 x p., 1 l., 207 p. front., illus., col. plates. 22 ᶜᵐ .
393 2056 293 41 Illustrated
714 2053 367 49 lining-papers.

392 2111 379 50 Bibliography:
808 2121 43 38 p.
883 2108 220 42 204-207.

326 2180 52 53 ©
409 2185 124 39 Mar.
562 2183 39 46 5,
631 2182 141 46 1928;
805 2181 67 40 2c.
903 2181 123 40 Mar.
1055 2179 54 47 2;
1143 2178 82 41 aff.
1257 2180 123 40 Mar.
1411 2180 53 45 7;
1497 2178 41 40 A
1568 2178 230 49 1068143;
1831 2181 194 49 Harper
2057 2182 36 41 &
2124 2183 124 41 bros.

407 2239 252 50 (28-7779)

319 2359 198 65 Wells,
548 2359 187 54 Amos
764 2355 232 57 Russel.

456 2448 1877 71 … Select notes on the International Sunday school lessons,
324 2526 2008 73 improved uniform series: course for 1928 … by Amos R. Wells
323 2605 1985 151 … 54th annual volume. Boston, Mass., W. A. Wilde company [ ᶜ19 27]
390 2766 1302 51 380 p. fronts., illus., col. plates, maps. 22½ ᶜᵐ .
325 2836 2003 53 © Sept. 15, 1927 : 2c. and aff. Mar. 26, 1928; A 1068529; A. K. Wells,
391 2896 331 47 Auburndale,
756 2896 148 38 Mass.

317 3017 393 63 Wentworth,
744 3015 282 55 Patricia.

389 3111 168 52 Anne
606 3109 264 67 Belinda,
916 3108 77 69 by
1038 3108 259 53 Patricia
1343 3108 380 54 Wentworth.
1825 3110 411 69 Philadelphia
2285 3114 46 50 &

321 3189 261 61 London,
610 3187 55 54 J.
698 3188 67 51 B.
797 3186 342 64 Lippincott
1169 3203 301 47 company,
1503 3189 150 51 1928.

389 3269 370 49 304 p. 19½ ᶜᵐ .
325 3337 52 52 ©
403 3341 113 39 Feb.
540 3340 41 47 2,
607 3339 142 47 1928;
777 3339 68 41 2c.
872 3340 122 40 Mar.
1021 3339 52 46 5;
1103 3338 83 41 aff.
1213 3340 123 40 Mar.
1363 3339 82 46 14;
1475 3339 41 39 A
1540 3339 230 48 1068329;

1800 3341 44 40 J.
1872 3342 54 40 B.
1954 3341 280 49 Lippincott
2260 3354 69 31 co.

406 3397 252 48 (28-7752)

318 3517 308 63 Williams,
659 3517 341 55 Archibald.

393 3609 368 69 Conquering
786 3610 99 52 the
910 3609 105 68 air,
1041 3610 98 52 the
1166 3629 263 34 romance
1455 3611 66 52 of
1548 3612 97 52 the
1670 3613 399 68 development
2095 3615 112 52 and
2234 3633 97 35 use

320 3687 2008 69 of aircraft, by Archibald Williams … Rev. and enl. New
322 3765 1054 69 York, T. Nelson and sons [ ᶜ19 28]
389 3847 1333 52 xiv, 343, [3] p. front. (port.) illus., plates. 21 ᶜᵐ .
325 3916 52 52 ©
414 3921 122 39 Mar.
571 3918 68 42 10,
675 3918 140 41 1928:
852 3920 66 40 2c.
955 3921 95 39 and
1086 3920 82 42 aff.
1204 3922 124 40 Mar.
1364 3922 83 46 13;
1484 3922 41 39 A
1561 3922 229 48 1069273;
1829 3923 211 41 Thomas
2077 3924 179 39 Nelson
2292 3925 36 40 &

393 3988 127 31 sons.
591 3975 251 50 (28-7686)
