2498 4384
1046 4093 134 54 1627

104 449 151 64 Hall,
280 448 204 64 Manly
507 448 252 55 Palmer.

171 539 96 52 An
308 538 397 69 encyclopedic
744 539 217 52 outline
1001 538 64 53 of
1103 537 277 66 Masonic,
1420 536 313 67 Hermetic,
1773 534 338 69 qabbalistic

101 618 112 51 and
251 617 372 53 Rosicrucian
661 617 333 68 symbolical
1034 615 375 69 philosophy;
1450 614 172 69 being
1660 631 70 35 an
103 614 1984 133 interpretation
256 694 65 53 of
354 694 96 53 the

484 701 177 47 secret
694 695 295 66 teachings
1024 693 297 53 concealed
1356 691 203 53 within
1592 691 96 53 the
1722 691 221 66 rituals,
104 689 1984 153 allegories
318 773 114 53 and

464 772 296 69 mysteries
792 771 64 54 of
888 772 77 52 all
998 790 149 51 ages,
1178 771 77 69 by
1286 770 204 69 Manly
1521 770 64 53 P.
1619 769 171 68 Hall;
1825 769 96 53 the
105 768 1983 136 illustrations
370 852 63 51 in
459 852 153 52 color

636 850 76 68 by
737 850 55 54 J.
819 850 298 68 Augustus
1142 850 237 67 Knapp.
1444 847 380 56 Subscribers’
1846 848 84 52 ed.
1995 846 116 56 San

109 930 316 66 Francisco,
459 928 241 53 Printed
736 927 93 52 for
862 927 203 69 Manly
1097 928 66 52 P.
1196 927 145 52 Hall
1373 926 75 69 by
1480 926 77 53 H.
1595 926 57 54 S.
1686 924 248 56 Crocker
105 943 1986 133 company,
310 1006 420 68 incorporated,
770 1007 149 50 1928.

171 1106 26 39 5
240 1114 43 38 p.
363 1136 9 15 l.,
419 1104 198 39 v-ccxlv
659 1113 42 37 p.
774 1102 128 40 illus.
932 1099 134 51 (incl.
1111 1101 243 43 facsims.)
1408 1102 87 39 col.
1538 1102 159 47 plates
1725 1100 137 48 (part
1905 1100 199 47 double)

101 1162 26 38 2
157 1162 87 39 col.
277 1163 123 46 port.
430 1160 134 47 (incl.
597 1159 176 46 front.)
815 1158 180 48 diagrs.
1054 1158 149 41 48½ᶜᵐ.

173 1230 203 41 Colored
413 1229 212 49 portrait
669 1228 191 48 (facing
896 1240 41 36 p.
974 1228 134 47 clxv)
1153 1228 345 48 accompanied
1534 1228 60 47 by
1629 1228 155 47 guard
1821 1228 137 39 sheet
1993 1227 121 40 with

102 1287 184 41 outline
319 1287 234 47 drawing.

175 1340 1890 49 “Of this subscribers’ edition … 550 copies have been printed …
102 1401 128 40 from
278 1400 142 48 plans
469 1399 60 47 by
577 1399 128 40 John
753 1398 168 46 Henry
970 1398 136 39 Nash
1154 1397 52 39 of
1257 1397 99 40 San
1403 1396 276 41 Francisco.
1739 1396 120 39 This
1907 1407 118 36 copy
2074 1396 42 39 is

102 1458 202 39 number
335 1457 54 47 B,
423 1456 96 39 and
550 1456 42 39 is
622 1455 79 39 for
732 1454 207 47 Library
972 1452 52 41 of
1056 1453 255 47 Congress.
1375 1453 204 48 Signed:
1615 1454 167 46 Manly
1814 1453 51 39 P.
1897 1452 132 40 Hall.

174 1514 256 39 “Volumes
461 1513 178 47 quoted
671 1511 127 40 from
831 1521 55 30 or
914 1509 310 41 consulted”:
1260 1520 42 37 p.
1334 1508 235 42 ccv-ccxi.

112 1580 51 52 ©
201 1585 80 38 May
347 1583 71 47 28,
455 1581 141 41 1928:
634 1582 67 39 2c.
738 1581 117 46 July
891 1580 81 41 18:
1012 1579 83 40 aff.
1132 1579 118 47 July
1285 1580 83 46 17;
1407 1580 42 38 A
1483 1579 142 48 1178;
1664 1580 63 39 Μ.
1764 1580 52 40 P.
1852 1579 132 44 Hall,
2022 1578 95 40 Los

177 1641 221 48 Angeles.
469 1637 280 50 (28-24490)

102 1747 266 64 Hallays,
407 1747 222 63 André,
671 1750 170 50 1859-

239 1835 1818 71 … Chanteloup. Préface de M. le chanoine Guignard …
110 1918 269 68 Ouvrage
409 1935 104 34 orné
576 1917 68 52 de
675 1916 168 68 vingt
870 1933 275 51 gravures
1176 1915 260 52 inédites.
1505 1915 202 66 Tours,
1737 1913 73 53 A.
1842 1914 191 52 Mame
2066 1918 55 48 et

108 1996 107 68 fils,
247 1998 149 51 1928.

179 2088 1940 53 189, [1] p., 1 l. incl. illus., facsims. front., plates, ports., plans. 19½ᶜᵐ.
175 2172 66 41 At
275 2172 126 41 head
436 2170 53 41 of
523 2170 135 41 title:
697 2171 164 39 Andre
896 2170 223 49 Hallays,
1157 2169 56 40 B.
1295 2170 188 39 Édouard
1519 2169 179 49 Andre,
1737 2169 192 40 Boland
108 2170 1993 99 Engerand.

110 2296 1994 100 CONTENTS.— Le domaine de Chanteloup, par R.-E. André.—Les souverains
339 2353 1784 50 de Chanteloup, par R. Engerand. — Choiseul à Chanteloup, par
108 2414 54 38 A.
193 2413 225 47 Hallays.

114 2479 2010 53 © May 4, 1928; 1c. June 26; A—Foreign 39348; Maison Alfred Mame &
180 2541 91 40 fils.
341 2539 282 50 (28-24397)

111 2649 305 64 Hanneke,
461 2649 164 64 Paul,
675 2654 172 49 1865-

112 2738 1988 148 … Das arbeiten mit kleinen kameras, nebst praktischer anleitung
377 2836 69 34 zu
493 2817 99 53 der
639 2817 389 69 entwicklung
1073 2818 101 52 der
1218 2818 229 52 kleinen
1494 2817 266 69 negative
1807 2817 169 53 sowie
2023 2818 101 52 der

111 2896 356 68 herstellung
511 2914 111 34 von
670 2895 211 68 kopien
929 2896 119 52 und
1095 2895 667 70 bildvergrösserungen,
1811 2914 112 34 von
1974 2896 149 52 Paul

111 2973 2011 70 Hanneke … Mit 85 in den text gedruckten abbildungen.
114 3055 46 49 6.
190 3053 117 51 und
338 3052 47 53 7.
418 3052 129 52 aufl.
614 3052 178 52 Halle
830 3051 226 70 (Saale)
1097 3051 90 55 W.
1219 3052 239 69 Knapp,
1492 3054 151 52 1928.

183 3147 1942 50 2 p. l., 88 p. illus., diagrs. 22 ᶜᵐ . (Enzyklopädie der Photographie
113 3207 97 38 und
244 3204 469 49 kinematographie,
749 3205 92 41 hft.
878 3205 80 47 85)

119 3271 51 53 ©
194 3276 114 47 Apr.
333 3276 69 47 23,
429 3275 140 47 1928;
598 3277 65 39 1c.
690 3277 127 39 June
841 3275 83 42 26:
951 3277 40 38 A
993 3276 273 47 —Foreign
1290 3276 172 48 39452;
1491 3277 228 40 Wilhelm
1747 3277 190 47 Knapp.

196 3332 282 48 (28-24342)

112 3442 256 62 Heacox,
406 3440 237 53 Arthur
679 3441 273 64 Edward,
991 3444 171 52 1867-

183 3532 234 68 Project
446 3533 211 53 lessons
687 3533 60 52 in
779 3534 433 68 orchestration,
1241 3535 77 68 by
1348 3535 226 52 Arthur
1604 3535 256 53 Edward
1890 3535 235 52 Heacox

113 3610 1989 132 … Boston, Oliver Ditson company; New York, C. H. Ditson &
315 3693 624 64 co.; [etc., etc., ᶜ192 8]
180 3785 1006 49 4 p. l., 180 p. illus. (music) 20 ½ᶜᵐ .
185 3856 129 40 “The
340 3855 157 41 music
524 3859 49 37 to
600 3857 55 39 be
683 3857 118 39 used
828 3857 51 38 in
906 3857 99 41 this
1034 3857 227 40 course”:
1292 3869 44 37 p.
1364 3858 99 40 177.

184 3912 378 49 Bibliography:
596 3923 43 37 p.
672 3913 99 41 176.

122 3977 51 54 ©
203 3981 100 43 Oct.
333 3983 39 48 1,
401 3982 142 41 1928:
574 3983 67 41 2c.
670 3984 96 39 and
795 3983 84 42 aff.
908 3983 102 42 Oct.
1040 3982 82 49 10;
1154 3984 42 39 A
1223 3983 232 48 1053910;
1489 3984 165 42 Oliver
1684 3986 177 41 Ditson
1889 3997 67 30 co.

200 4040 258 48 (28-24376)
