2498 4384
1129 4068 100 54 507

210 506 767 53 2 p. l., [7]-222 p., 1 l. 19 ᶜᵐ .
212 581 63 38 At
309 580 125 38 head
468 578 52 40 of
555 578 133 40 title:
725 578 210 44 Georges
969 575 283 39 Maurevert
1284 575 47 38 et

1365 574 209 38 Emeran
1609 572 49 40 C.
1692 571 76 39 Du
1805 570 177 40 Maine.

144 649 1813 57 © Feb. 20, 1927; 1c. May 10; A—Foreign 35505; Editions Radot.
224 711 253 50 (28-9645)

144 807 280 63 O’Reilly,
455 807 261 51 Thomas
745 805 264 53 Francis.

213 885 258 68 Monody
508 901 191 51 poems
734 884 112 51 and
883 882 219 67 stories,
1136 882 75 69 by
1248 882 64 51 T.
1351 881 65 51 F.
1452 879 282 69 O’Reilly.
1808 877 352 68 Cincinnati,

144 964 122 52 The
299 963 183 52 Blade
516 961 336 69 publishing
884 978 299 51 company,
1219 961 150 50 1928.

215 1043 1254 52 144 p. front., illus. (facsims.) ports. 21½ ᶜᵐ .
149 1110 2009 55 © Mar. 12, 1928; 1c. and aff. Mar. 22; 1c. Mar. 29; A 1069499; T. F.
218 1173 231 48 O'Reilly,
490 1172 293 41 Cincinnati.
854 1171 253 48 (28-9772)

144 1268 284 61 Osborne,
462 1266 223 55 Clifton
719 1265 265 54 Carlisle.

219 1346 122 53 The
380 1345 329 69 eighteenth
750 1344 490 64 commandment;
1285 1361 71 34 an
1400 1343 123 67 epic
1565 1341 66 54 of
1668 1342 98 53 the
1806 1340 359 70 prohibition

149 1443 113 47 era,
291 1425 74 68 by
396 1423 228 55 Clifton
655 1422 242 55 Carlisle
930 1421 274 56 Osborne.
1276 1421 117 55 San
1423 1422 205 69 Diego,
1660 1419 136 71 City
1829 1419 338 69 publishing

149 1504 508 67 company [ᶜ1 928]
220 1584 650 49 293, [1] p. port. 23½ ᶜᵐ .
223 1657 260 38 “Author’s
507 1655 227 40 edition.”

153 1724 51 52 ©
243 1729 114 47 Apr.
394 1728 42 47 2,
473 1727 141 48 1928;
653 1728 68 41 2c.
759 1728 96 39 and
893 1727 83 41 aff.
1014 1727 115 48 Apr.
1168 1727 52 47 6;
1263 1727 41 38 A
1340 1725 231 48 1068800;
1614 1726 50 41 C.
1704 1725 50 42 C.
1794 1726 230 47 Osborne,
2068 1724 96 41 San

223 1786 164 48 Diego,
425 1785 146 41 Calif.
645 1785 252 48 (28-9734)

147 1879 262 63 O’Sheel,
441 1879 308 64 Shaemas,
785 1884 170 49 1886-

220 1958 238 54 Jealous
495 1957 65 53 of
598 1958 145 53 dead
784 1958 203 67 leaves,
1025 1958 240 53 selected
1307 1976 157 34 verse

1504 1956 65 54 of
1609 1956 275 55 Shaemas
1924 1955 244 56 O’Sheel

211 2035 1228 70 … New York, Boni & Liveright, 1928.
220 2120 309 49 72 p. 20 ᶜᵐ .
157 2186 52 53 ©
239 2191 114 47 Apr.
381 2190 42 48 2,
455 2189 139 47 1928;
626 2190 68 41 2c.
727 2190 121 41 Mar.
877 2188 84 49 30;
994 2189 83 42 aff.
1109 2190 114 47 Apr.
1254 2189 53 47 6;
1341 2189 39 39 A
1412 2188 232 48 1068757;
1678 2188 124 42 Boni
1833 2189 37 39 &
1901 2188 268 48 Liveright.

224 2247 90 41 inc.
386 2247 229 48 (28-9779
626 2248 13 46 )

152 2341 218 65 Payne,
407 2341 208 65 Henry
647 2343 185 53 Mace.

224 2422 123 52 The
388 2421 394 68 undeveloped
827 2422 241 52 mineral
1116 2439 287 35 resources
1447 2420 65 54 of
1558 2421 95 53 the
1703 2420 202 68 South,
1946 2421 75 69 by
2067 2422 104 51 Dr.

153 2498 2020 72 Henry Mace Payne … Washington, D. C., American mining
154 2597 281 51 congress,
466 2581 149 51 1928.

227 2662 84 40 viii
340 2673 56 37 p.,
428 2663 24 38 1
514 2693 10 17 l.,
550 2662 86 40 368
665 2673 43 38 p.
763 2663 147 40 23½ᶜᵐ.

227 2733 379 49 Bibliography:
635 2745 42 37 p.
704 2733 219 41 348-356.

155 2800 52 54 ©
236 2807 121 39 Mar.
386 2806 68 47 13,
483 2806 140 46 1928;
651 2807 68 40 2c.
746 2807 95 39 and
869 2806 82 40 aff.
979 2807 113 47 Apr.
1119 2807 53 46 2;
1202 2806 39 38 A
1272 2805 229 47 1069583;
1532 2806 160 40 Amer.
1720 2805 186 49 mining
1930 2815 243 35 congress.

222 2863 253 50 (28-9661)

156 2957 233 62 Peddle,
426 2956 155 54 John
615 2957 235 63 Taylor,
889 2956 170 54 1879-

228 3035 122 52 The
383 3035 129 52 flaw
547 3035 59 51 in
640 3034 96 53 the
767 3035 286 52 economic
1085 3040 241 63 system;
1362 3035 97 53 the

1491 3054 124 34 case
1649 3035 229 70 against
1912 3036 96 52 the
2038 3036 137 69 gold

156 3113 298 67 standard,
488 3112 75 69 by
598 3113 56 54 J.
692 3114 217 68 Taylor
944 3114 233 52 Peddie.
1251 3113 261 68 London,
1547 3115 56 53 J.
1641 3114 243 69 Murray’
1926 3116 173 65 [1928]

228 3197 136 47 xviii,
398 3197 89 40 246
519 3208 43 37 p.
624 3197 180 49 diagrs.
865 3197 57 41 19
924 3200 15 21 ᶜᵐ
974 3230 8 9 .

231 3266 164 41 “First
424 3266 199 48 edition,
655 3266 158 41 1928.”

232 3322 292 42 “Erratum”
552 3323 216 41 inserted
799 3324 217 40 between
1046 3334 43 37 p.
1120 3323 219 42 140-141.

231 3379 1946 49 Chapters I to IV of this book formed part of the author’s The cause
161 3437 50 40 of
239 3437 244 41 economic
513 3438 95 39 and
637 3437 149 40 social
818 3439 182 46 unrest,
1030 3436 257 49 published
1317 3437 50 40 in
1396 3437 129 42 1927.
1586 3438 64 48 cf.
1679 3449 43 37 p.
1749 3449 78 30 xv.

167 3503 1896 53 © 1c. Mar. 27, 1928; A ad int. 10816; pubd. Jan. 30; John Murray.
245 3564 252 49 (28-9671)

163 3657 351 63 Pendexter,
552 3659 200 64 Hugh,
792 3659 168 53 1875-

238 3738 1941 70 Bird of Freedom, by Hugh Pendexter. Indianapolis, The
170 3816 441 52 Bobbs-Merrill
640 3834 281 52 company
956 3850 12 34 [
974 3823 17 21 c
999 3819 150 65 1928]

236 3897 358 49 349 p 19½ ᶜᵐ .
171 3951 51 53 ©
253 3956 113 48 Apr.
395 3956 40 47 5,
466 3956 140 48 1928;
637 3957 69 41 2c.
736 3957 95 40 and
862 3957 82 42 aff.
974 3958 113 49 Apr.
1118 3958 52 47 9;
1203 3959 41 39 A
1274 3957 230 49 1068805;
1538 3959 371 42 Bobbs-Merrill
1941 3970 66 32 co.

250 4012 252 50 (28-9654)
