2498 4384
1249 4096 136 51 1904

389 494 951 50 232 p. front., plates, ports. 23 ᶜᵐ .
325 547 51 51 ©
405 551 103 41 Oct.
532 552 71 47 22,
630 551 141 47 1928;
799 552 67 40 2c.
894 552 103 40 Oct.
1022 552 83 47 26;
1135 551 82 42 aff.
1246 552 104 41 Oct.
1375 552 83 47 25;
1487 552 41 39 A
1554 552 230 48 1083563;
1814 553 231 40 Vermont
2073 553 255 41 historical

389 618 95 30 soc.

317 672 272 66 Wallace,
622 672 212 66 Dillon,
870 679 173 50 1863-

386 751 166 56 With
593 751 114 70 dog
746 752 114 54 and
900 771 189 49 canoe,
1129 772 32 34 a
1198 757 160 64 story
1397 751 65 55 of
1502 753 97 54 the
1637 753 101 70 big
1775 754 190 53 North
2005 755 210 69 woods,
2257 756 75 70 by

317 830 2012 73 Dillon Wallace … New York, Chicago [etc.] Fleming H.
316 908 740 69 Revell company [ᶜ192 8]
387 990 797 49 269 p. front., plates. 19½ ᶜᵐ .
322 1043 52 53 ©
399 1048 120 40 Nov.
546 1048 69 47 10,
643 1048 142 47 1928;
812 1049 68 40 2c.
908 1049 96 39 and
1031 1048 83 42 aff.
1141 1048 120 42 Nov.
1288 1049 84 47 23;
1401 1048 41 40 A
1470 1049 142 47 1926;
1643 1049 223 49 Fleming
1891 1050 62 40 H.
1982 1050 168 40 Revell
2180 1061 66 30 co.

399 1103 281 50 (28-29238)

319 1169 265 65 Warren,
620 1170 240 65 Joseph.
1659 1173 38 79 J

386 1249 284 69 Revenge,
699 1269 31 33 a
761 1249 404 66 novelization,
1193 1251 77 68 by
1301 1250 218 68 Joseph
1549 1251 264 67 Warren,
1845 1249 65 54 of
1939 1252 96 51 the
2066 1256 161 64 story
2255 1251 76 70 by

317 1325 242 55 Konrad
607 1328 314 57 Bercovici,
966 1327 156 54 “The
1165 1328 136 52 bear
1347 1327 228 54 tamer’s
1618 1328 339 69 daughter”,
2003 1328 327 55 illustrated

317 1405 140 52 with
493 1424 188 34 scenes
718 1404 152 54 from
906 1406 97 53 the
1039 1407 220 53 United
1296 1406 220 54 Artists
1551 1407 337 69 photoplay,
1923 1407 256 68 starring
314 1409 1990 128 Dolores

489 1484 109 52 Del
626 1484 129 67 Rio,
784 1485 290 67 produced
1101 1485 77 68 by
1207 1485 212 52 Edwin
1451 1484 247 55 Carewe.
1774 1485 140 53 New
1944 1484 183 70 York,
313 1485 1993 129 Grosset
423 1564 44 49 &

495 1562 463 68 Dunlap [ᶜ192 8]
383 1644 88 41 268
500 1655 44 37 p.
602 1644 167 48 front.,
801 1645 173 48 plates.
1034 1644 148 43 19½ᶜᵐ.

319 1696 52 53 ©
397 1702 121 40 Nov.
544 1701 71 48 20,
643 1702 142 46 1928;
813 1703 68 39 2c.
911 1702 96 40 and
1034 1702 84 41 aff.
1145 1703 120 40 Nov.
1293 1703 83 46 22;
1406 1702 41 39 A
1475 1702 141 48 1825;
1649 1702 200 42 Grosset
1878 1703 36 40 &
1940 1704 212 47 Dunlap,
2182 1703 91 41 inc.

395 1758 284 49 (28-28963)

314 1822 292 64 Webster,
640 1822 211 54 Albert
884 1823 64 53 L.

385 1900 204 67 Caleb;
629 1920 80 49 or,
747 1900 246 55 Curious
1030 1902 115 53 and
1182 1902 297 70 diverting
1515 1902 342 55 adventures
1892 1902 142 53 with
2071 1902 258 71 friendly

314 1979 244 53 animals
593 1980 225 68 beyond
856 1980 97 53 the
989 1981 137 52 hills
1165 1979 65 54 of
1266 1980 198 69 night;
1505 1980 337 69 containing
1879 1999 73 34 an
1990 1986 238 48 account
2264 1980 66 54 of

313 2056 90 54 his
438 2058 193 69 going,
667 2059 261 68 together
964 2059 140 52 with
1143 2078 32 33 a
1211 2058 353 69 description
1601 2059 114 53 and
1749 2058 186 53 notice
1974 2057 65 54 of
2073 2059 92 53 his
312 2078 1992 111 noctambulations.

816 2138 84 51 To
947 2136 186 54 which
1182 2137 47 54 is
1279 2137 187 53 added
1513 2138 136 52 such
1696 2137 177 69 lively
1917 2141 210 49 matter
2174 2156 60 34 as
2280 2137 49 54 is

312 2215 302 66 presumed
646 2214 121 53 will
798 2214 227 68 beguile
1056 2215 137 53 such
1228 2234 62 34 as
1323 2214 285 54 entertain
1640 2214 319 69 whimseys.
2035 2214 294 53 Executed

311 2292 61 53 in
413 2312 31 33 a
484 2293 145 68 style
670 2293 244 68 entirely
954 2312 142 48 new,
1139 2293 268 53 enriched
1449 2293 141 53 with
1631 2311 174 51 many
1847 2291 378 70 apostrophes
2264 2291 65 54 of

311 2372 218 53 several
571 2376 148 49 sorts
763 2372 113 53 and
920 2371 172 55 kinds
1135 2371 115 54 and
1293 2389 175 51 many
1511 2372 207 53 others.
1793 2370 309 54 Delivered
2146 2370 184 54 under

311 2451 95 52 the
444 2451 316 52 similitude
796 2449 65 54 of
895 2470 32 33 a
960 2450 295 53 narrative
1291 2450 115 53 and
1443 2449 369 54 embellished
1846 2449 141 53 with
2022 2467 306 36 numerous

311 2529 211 67 seemly
563 2528 402 58 illustrations,
1009 2529 166 68 aptly
1217 2528 303 68 expressed
1562 2527 140 53 with
1746 2527 203 69 quaint
1992 2526 337 70 simplicity,

310 2608 96 51 the
440 2607 182 53 whole
654 2607 326 52 chronicled
1016 2607 112 52 and
1164 2606 300 69 displayed
1502 2606 253 68 through
1787 2607 97 51 the
1917 2606 106 67 shy
2056 2604 174 70 fancy
2262 2603 66 54 of

311 2685 206 53 Albert
556 2686 66 52 L.
662 2686 278 54 Webster.
1016 2685 141 53 New
1198 2685 166 52 York
1404 2685 136 69 city,
1582 2683 248 54 Duffield
1872 2683 114 53 and
2027 2699 301 52 company,

311 2765 151 51 1928.

383 2843 1774 51 5 p. l., 67, [1] p. front., illus. (incl. music) plates. 20 × 23½ ᶜᵐ .
381 2903 291 39 Illustrated
700 2902 367 48 lining-papers.

314 2956 52 51 ©
399 2959 103 41 Oct.
532 2959 70 49 20,
634 2959 142 42 1928:
808 2960 69 39 2c.
909 2959 103 41 Oct.
1043 2960 83 45 27;
1161 2958 83 41 aff.
1276 2959 118 39 Nov.
1427 2958 84 47 26;
1546 2958 40 40 A
1617 2958 113 43 301;
1765 2957 54 42 A.
1852 2958 52 40 L.
1936 2957 237 41 Webster.
2206 2956 118 40 New

381 3017 145 40 York.
592 3015 282 50 (28-25020)

314 3080 326 65 Whitman,
673 3079 178 65 Walt,
887 3084 326 51 1819-1892.

378 3160 216 52 Leaves
630 3158 65 54 of
732 3178 178 49 grass,
947 3160 77 67 by
1059 3159 159 55 Walt
1255 3159 330 57 Whitman;
1627 3158 191 53 edited
1855 3157 142 53 with
2035 3176 74 34 an

309 3157 1992 227 introduction by John Valente … New York, The Macmillan company, 1928.
483 3393 1832 53 xxx p., 2 l., 505 p. incl. front. 18½ᶜᵐ. (The modern readers’ series)
381 3454 447 49 “Bibliographical
859 3454 168 41 note”:
1063 3465 42 37 p.
1162 3453 130 50 [xxxi]

313 3504 1830 57 © Nov. 13, 1928; 2c. and aff. Nov. 14; A 616: Macmillan co. [©
381 3508 1922 110 introduction]
668 3567 281 51 (28-28604)

307 3629 283 65 Willette,
626 3629 333 55 Henriette.

442 3704 1870 72 … Georges Lorin et Rollinat (conversations avec Lorin)
307 3786 947 67 Paris, Editions Sansot [ ᶜ192 8]
379 3867 750 50 3 p. l., [9]-126 p.. 1 l. 19 ᶜᵐ .
381 3925 296 41 “Souvenirs
711 3937 84 28 sur
833 3925 210 46 Georges
1079 3925 148 41 Lorin
1267 3935 103 36 rpar
1406 3924 52 42 O.
1496 3924 286 47 Myriam]”:
1818 3936 44 36 p.
1903 3923 250 50 [117]-126.

313 3979 1895 53 © Mar. 2, 1928; 1c. Mar. 30; A—Foreign 38398; H. Willette, Paris.
391 4040 282 49 (28-29536)
