2498 4384
1360 4094 139 51 2058

432 433 546 64 Braun-Blanquet,
1005 431 217 66 Josias,
1256 437 173 50 1884-

562 507 1878 72 … Pflanzensoziologie; grundzüge der vegetationskunde, von
427 587 1988 148 dozent dr. J. Braun-Blanquet … mit 168 abbildungen. Berlin,
560 668 57 54 J.
653 667 300 69 Springer,
989 670 152 51 1928.

534 747 1906 53 x, 330 p. incl. illus., tables, diagrs. 24 ᶜᵐ. (Biologische studienbücher
479 807 154 49 … VIII)
500 878 236 42 Contains
768 878 396 49 bibliographies.

431 946 1785 52 © July 11, 1928; 1c. Oct. 11; A— Foreign 417; Julius Springer.
509 1005 194 50 (29-88)

494 1099 1948 70 … California digest supplement [1924-1927] a digest of the
499 1197 150 35 cases
680 1179 236 53 decided
944 1179 76 69 by
1048 1179 95 52 the
1177 1178 277 69 Supreme
1486 1179 114 52 and
1629 1178 312 69 Appellate
1973 1183 190 48 courts
2194 1178 65 53 of
499 1178 1920 131 California

726 1258 113 52 and
870 1257 77 69 by
977 1258 96 52 the
1108 1256 223 53 federal
1365 1262 189 48 courts
1588 1276 73 34 on
1693 1257 288 68 questions
2016 1256 66 53 of
2117 1256 326 54 California

497 1338 111 50 law
654 1336 149 52 since
849 1336 97 52 the
994 1338 311 50 1920-1923
1352 1337 361 66 supplement
1761 1341 58 47 to
1866 1334 200 54 Kerr’s
2117 1334 324 55 California

498 1414 204 69 digest,
746 1414 302 69 including
1091 1415 254 52 volumes
1393 1418 97 48 191
1536 1419 59 48 to
1640 1416 103 50 202
1790 1413 329 54 California
2168 1413 275 69 Supreme

498 1498 163 47 court
690 1498 242 62 reports,
962 1494 252 51 volumes
1249 1496 67 49 64
1345 1498 59 47 to
1437 1496 65 50 82
1537 1491 328 55 California
1898 1493 288 67 appellate
2220 1498 224 62 reports

499 1572 114 52 and
646 1571 328 54 California
1006 1589 152 35 cases
1187 1570 62 53 in
1281 1571 252 53 volumes
1564 1574 67 49 43
1664 1576 58 47 to
1755 1569 67 55 47
1856 1569 277 69 Supreme
2167 1575 161 48 court
499 1590 1920 128 reporter

498 1648 1923 149 and volumes 289 to 19 (2d) federal reporter … compiled
498 1727 1923 148 by the publishers editorial staff. San Francisco, Bancroft-Whitney company [ ᶜ1 928]
497 1889 512 49 iii, 1899, 22 p. 26 ᶜᵐ.
431 1956 52 53 ©
514 1961 119 40 Nov.
663 1960 72 49 21,
766 1960 143 48 1928;
942 1961 68 40 2c.
1043 1960 113 41 Dec.
1187 1961 54 47 3;
1277 1960 83 41 aff.
1393 1960 114 41 Dec.
1540 1960 53 47 1;
1627 1960 41 39 A
1701 1959 112 48 934;
1850 1960 493 48 Bancroft-Whitney
2376 1971 67 31 co.

432 2070 347 64 Carpenter,
812 2069 250 56 Charles
1090 2070 239 65 Everly,
1364 2075 173 50 1863-

501 2149 233 52 Dollars
764 2148 114 53 and
906 2166 175 49 sense,
1110 2148 76 69 by
1219 2148 239 54 Charles
1490 2149 66 52 E.
1591 2147 319 70 Carpenter;
1973 2148 144 53 with
2148 2169 31 34 a
2211 2148 233 70 preface

429 2226 76 69 by
529 2225 63 56 C.
617 2227 74 52 K.
715 2226 411 69 Woodbridge.
1202 2225 237 56 Garden
1466 2227 153 70 City,
1643 2227 72 54 N.
1741 2227 92 69 Y.,
1858 2227 362 70 Doubleday,
2243 2228 202 54 Doran

429 2306 114 52 and
575 2322 300 52 company,
908 2304 128 69 inc.,
1072 2307 151 51 1928.

500 2386 98 50 xiv,
628 2386 87 42 256
744 2399 43 37 p.
848 2386 56 41 19½ᶜᵐ.

503 2458 131 40 “The
654 2457 162 48 object
837 2457 53 40 of
909 2458 199 40 Dollars
1132 2459 97 39 and
1252 2469 141 30 sense
1414 2458 42 41 is
1481 2461 50 38 to
1555 2459 136 49 reply
1714 2461 49 39 to
1787 2460 133 40 Your
1942 2459 216 49 money’s
2181 2460 264 42 worth.”—

432 2515 186 41 Introd.

502 2571 165 41 “First
698 2570 230 42 edition.”

429 2639 54 52 ©
512 2644 119 40 Nov.
659 2643 70 48 30,
758 2643 115 41 1928;
930 2643 68 42 2c.
1028 2644 95 39 and
1152 2643 84 41 aff.
1266 2644 113 40 Dec.
1407 2644 55 39 12;
1519 2643 42 40 A
1589 2644 114 41 3171;
1765 2645 302 51 Doubleday,
2097 2647 169 41 Doran
2296 2648 36 40 &
2362 2658 81 38 co.,

497 2699 92 41 inc.
659 2699 223 50 (29-214)

429 2795 487 64 Chrysostomus,
957 2795 280 65 Joannes,
1277 2796 189 68 Saint,
1503 2797 299 67 patriarch
1842 2798 64 69 of
1945 2799 494 70 Constantinople.

496 2874 123 52 The
658 2873 194 53 divine
890 2873 223 69 liturgy
1152 2873 66 53 of
1260 2873 84 55 St.
1385 2875 160 54 John
1585 2875 374 69 Chrysostom
1999 2877 61 52 in
2101 2877 189 55 Greek
2330 2880 113 52 and

426 2951 266 69 English,
722 2951 141 53 with
894 2952 362 68 comparison
1287 2953 140 52 with
1460 2954 163 52 other
1653 2954 264 69 liturgies
1950 2956 115 53 and
2098 2974 31 34 a
2161 2957 163 53 short
425 2976 1995 122 explanation

773 3030 65 52 of
883 3031 223 67 rituals,
1152 3036 310 48 vestments
1510 3033 114 52 and
1671 3033 159 53 short
1878 3051 257 52 prayers,
2180 3035 79 69 by
2304 3036 137 52 Rev.

424 3107 2019 76 A. G. S. Papastefanou … Chicago, Ill., Greek art printing &
425 3186 338 70 publishing
794 3205 99 50 co.,
926 3190 152 50 1928.

495 3269 813 50 159 p. incl. front. (port.) 16 ᶜᵐ.
429 3335 52 53 ©
510 3340 128 48 Sept.
663 3341 40 47 1,
729 3340 141 47 1928;
898 3341 68 40 2c.
992 3342 97 39 and
1115 3341 82 41 aff.
1227 3341 130 48 Sept.
1383 3342 82 46 19;
1493 3342 41 39 A
1560 3342 230 48 1054393;
1819 3343 54 41 A.
1902 3344 53 41 G.
1985 3344 45 41 S.
2058 3345 383 49 Papastefanou,

497 3397 136 40 Fond
661 3397 65 40 du
754 3397 111 49 Lac,
895 3397 118 41 Wis.

428 3490 291 65 Dencker,
753 3492 43 54 C
1087 3493 74 55 H.

563 3570 1878 74 … Untersuchungen an gebläseförderanlagen für heu und
424 3648 2016 76 stroh … von dr.-ing. C. H. Dencker … 1. t. Berlin, Beuth,
425 3729 150 50 1928.

494 3807 58 42 78
575 3819 43 37 p.
671 3807 144 50 illus.,
841 3809 181 48 diagrs.
1074 3809 57 41 20½ᶜᵐ.
1287 3811 225 49 (RKTL;
1567 3813 215 41 schriften
1809 3815 84 39 des
1921 3815 518 42 Reichskuratoriums

422 3864 84 40 für
534 3865 198 40 technik
760 3865 51 39 in
839 3866 84 40 der
952 3867 417 49 landwirtschaft,
1399 3868 95 41 hft.
1524 3870 52 48 1)

426 3930 2011 59 © Apr. 1, 1928; 1c. June 13; A—Foreign 39107; Reichskuratorium für
495 3993 198 40 technik
729 3994 50 39 in
816 3995 84 39 der
938 3995 416 50 landwirtschaft,
1395 3998 182 41 Berlin.
1655 3998 193 49 (29-72)
