2498 4384
1276 4108 100 50 604

390 539 930 49 vi p., 1 l., 132 p. col. illus. 19½ᶜᵐ.
332 593 51 52 ©
412 599 121 39 Mar.
559 597 39 48 9,
624 596 114 41 1928;
791 598 69 40 2c.
886 598 122 40 Mar.
1033 596 60 40 28;
1146 596 83 42 aff.
1256 597 122 41 Mar.
1404 597 58 40 27;
1515 596 41 39 A
1582 596 204 41 1008597;
1841 597 57 40 D.
1927 596 49 42 C.
2004 596 165 41 Heath
2197 597 36 40 &
2258 608 69 30 co.

409 653 282 50 (28-11068)

323 731 159 63 Rice,
511 731 154 53 Ann.

397 810 223 69 Blight,
665 811 76 68 by
786 810 135 52 Ann
967 809 154 54 Rice.
1196 811 140 52 New
1381 810 181 68 York,
1604 811 230 68 Payson
1878 812 46 51 &
1968 810 211 55 Clarke
2223 811 104 54 ltd.

372 892 151 63 [ᶜ 1928 ]
391 972 86 40 363
498 983 44 37 p.
602 970 146 42 19½ᶜᵐ.

331 1024 51 52 ©
409 1029 115 48 Apr.
550 1029 70 47 21,
648 1029 114 40 1928;
817 1029 69 41 2c.
913 1029 114 48 Apr.
1054 1029 55 39 21;
1168 1028 83 42 aff.
1279 1028 114 49 Apr.
1421 1029 56 39 24;
1534 1029 41 39 A
1601 1028 204 41 1069899;
1864 1029 193 47 Payson
2086 1032 37 40 &
2152 1028 176 41 Clarke

398 1087 89 40 ltd.
561 1085 281 50 (28-11050)

326 1167 277 62 Rickard,
633 1167 85 62 L.,
749 1167 171 52 “Mrs.
952 1166 206 54 Victor
1187 1165 315 54 Rickard.”

398 1245 122 52 The
548 1245 251 68 perilous
827 1245 336 68 elopement,
1190 1245 76 68 by
1295 1245 138 53 Mrs.
1463 1245 202 54 Victor
1695 1244 270 53 Rickard,
2033 1244 163 68 chap.
326 1247 2007 129 13-27.

492 1323 85 66 [17
608 1322 378 66 instalments]

432 1406 61 38 (In
523 1401 202 43 London
755 1401 150 52 Daily
937 1415 135 29 news
1105 1401 96 43 and
1233 1400 356 45 Westminster
1622 1400 228 54 gazette)

330 1457 1996 54 © 1c. each May 28, 1928; A ad int. 11150; pubd. Mar. 31, Apr. 2-5, 7,
396 1518 129 48 9-14,
556 1518 170 50 16-20;
760 1518 157 40 Jessie
948 1518 179 40 Louisa
1158 1518 230 49 Rickard,
1420 1520 30 40 i.
1483 1529 36 30 e.
1550 1520 117 40 Mrs.
1699 1518 167 41 Victor
1896 1518 231 47 Rickard,
396 1520 1915 95 Englefield

544 1575 170 48 Green,
752 1575 194 48 Surrey,
983 1576 237 47 England.

322 1641 390 62 Rosenmark,
745 1642 169 51 Mme.
948 1640 251 64 Solange
1243 1641 266 64 (Autard
1542 1641 69 53 de
1643 1640 304 65 Bragard)

456 1718 1877 69 … L’amoureuse masquée, roman. Paris, E. Flammarion
365 1796 153 69 [ᶜ1927]

391 1880 88 40 248
504 1891 57 37 p.,
589 1880 23 38 1
663 1912 8 8 l.
732 1879 146 41 18½ᶜᵐ.

391 1937 65 40 At
484 1937 125 39 head
640 1936 51 40 of
720 1936 109 40 title:
890 1935 546 48 Solange-Rosenmark,
1466 1935 88 40 née
1585 1936 191 39 Autard
1807 1937 59 39 de
1897 1936 240 47 Bragard.

329 1991 1981 100 © Dec. 30, 1927; 1c. Jan. 25, 1928; A—Foreign 36902; Ernest Flammarion.
674 2050 282 49 (28-11001)

320 2118 194 63 Rossi,
543 2119 138 52 Mrs.
713 2117 193 53 Diana
934 2116 250 53 Isabella
1224 2116 298 65 (Powers)
1563 2119 172 50 1895-

392 2197 425 52 International
850 2195 219 53 finance
1102 2213 195 35 source
1330 2195 165 68 book,
1529 2195 284 68 compiled
1849 2194 96 54 for
1977 2196 98 53 the
321 2195 1985 133 Investment

508 2275 244 53 bankers
785 2274 339 53 association
1158 2272 65 54 of
1256 2273 268 52 America
1558 2274 114 52 and
1706 2273 96 53 the
1835 2273 279 53 Institute
2147 2272 65 54 of
321 2274 1980 132 international

703 2351 235 69 finance,
971 2352 74 69 by
1078 2351 192 53 Diana
1304 2352 47 54 I.
1388 2352 231 53 Powers
1652 2351 183 54 Rossi.
1908 2350 273 71 Chicago,
2217 2352 112 69 Ill.,

322 2431 384 54 Educational
751 2431 364 67 department
1156 2428 64 54 of
1264 2431 95 52 the
1402 2431 357 52 Investment
1801 2430 244 54 bankers
320 2431 1983 131 association

474 2509 64 53 of
568 2509 265 52 America
914 2511 151 64 [ᶜ1928]

389 2589 649 51 1 p. l., vii, 179 p. 25 ᶜᵐ .
392 2648 74 41 On
493 2659 141 30 cover:
691 2648 41 39 A
760 2647 339 49 bibliography
1126 2647 80 40 for
1236 2647 137 41 those
1403 2647 268 42 interested
1700 2649 50 39 in
1778 2648 192 49 foreign
2000 2648 272 43 securities.

391 2706 164 40 “More
594 2705 119 39 than
750 2703 132 49 1,700
918 2704 187 48 official,
1144 2705 364 48 documentary,
1547 2704 317 42 semi-official
1901 2706 97 40 and
2036 2706 291 40 non-official

321 2773 194 30 sources
558 2762 52 40 of
651 2761 322 41 information
1015 2772 60 29 on
1118 2761 81 40 the
1241 2760 214 42 finances
1499 2762 97 40 and
1638 2762 269 41 economics
1950 2762 53 42 of
2045 2762 281 49 twenty-six

321 2821 259 46 European
607 2818 259 49 countries,
896 2818 191 40 sixteen
1114 2817 428 41 Latin-American
1570 2818 260 49 countries,
1861 2819 215 49 Canada,
319 2820 1990 96 Australasia

457 2877 97 39 and
585 2875 188 41 certain
805 2874 190 41 Asiatic
1025 2875 96 40 and
1154 2874 330 41 Far-Eastern
1515 2875 289 41 countries.”

395 2934 130 39 “The
555 2933 124 41 book
709 2933 43 41 is
784 2932 196 40 divided
1012 2932 102 40 into
1145 2933 117 39 four
1293 2934 138 46 parts:
1495 2933 191 48 Europe;
1749 2933 393 41 Latin-America;
321 2934 1988 104 Canada,

460 2990 116 40 Asia
607 2991 97 39 and
731 2989 313 40 Australasia;
1105 2989 97 40 and
1230 2989 356 41 international
1615 2999 211 31 sources.
1885 2991 72 39 Its
1988 2992 224 40 contents
2242 3002 84 30 are

319 3047 244 41 classified
610 3047 50 39 in
706 3046 93 41 five
846 3046 237 40 divisions:
1160 3046 40 41 1.
1251 3045 328 41 Government
1626 3047 283 41 documents
1959 3048 98 40 and
2107 3050 189 46 reports;

319 3105 40 40 2.
390 3103 143 41 Bank
560 3103 327 49 publications;
945 3104 41 41 3.
1016 3102 258 40 Financial
1303 3103 96 39 and
1429 3102 268 41 statistical
1727 3105 226 39 manuals;
2012 3106 42 39 4.
2086 3103 240 42 Chamber

320 3161 51 40 of
419 3171 264 30 commerce
729 3160 326 48 publications;
1132 3159 40 42 5.
1220 3159 301 41 Periodicals
1570 3161 96 39 and
1715 3159 371 43 miscellaneous
2135 3172 189 38 papers,

319 3218 148 40 books
499 3218 96 40 and
626 3217 141 41 other
796 3215 162 44 data.”

327 3270 52 53 ©
410 3275 116 48 Apr.
557 3274 68 47 17,
657 3274 117 40 1928;
831 3275 69 40 2c.
932 3275 96 39 and
1060 3273 82 41 aff.
1174 3273 114 48 Apr.
1321 3273 55 40 19;
1437 3273 41 39 A
1510 3273 203 40 1069833;
1777 3275 303 39 Investment
2113 3275 209 41 bankers

396 3342 115 30 assn.
564 3331 51 40 of
651 3331 238 47 America,
929 3330 224 48 Chicago.
1224 3328 282 51 (28-10952)

321 3397 86 54 St.
439 3396 207 64 Johns,
676 3395 187 54 Adela
893 3397 247 63 Rogers.

392 3473 1929 70 The single standard, by Adela Rogers St. Johns … New
320 3552 181 68 York,
536 3551 430 69 Cosmopolitan
997 3551 149 53 book
1176 3551 382 68 corporation,
1592 3555 151 50 1928.

390 3635 446 49 3 p l., 229 p. 19½ᶜᵐ.
329 3688 51 52 ©
420 3693 113 47 Apr.
571 3693 70 47 21,
679 3692 141 45 1928;
860 3693 68 40 2c.
968 3693 95 39 and
1102 3691 82 41 aff.
1222 3691 115 48 Apr.
1375 3691 84 46 23;
1501 3691 41 39 A
1579 3691 230 47 1069884;
1850 3692 54 40 A.
1944 3692 56 40 R.
2043 3691 68 41 St.
2152 3691 167 48 Johns,

395 3749 247 47 Whittier,
676 3748 144 41 Calif.
892 3747 280 50 (28-11054)

320 3815 273 62 Santoro,
626 3815 370 59 Maddalena.

455 3890 1868 70 … Ombre sull’aurora, romanzo. Firenze, R. Bemporad &
321 3970 161 71 figlio
560 3969 151 69 [ᶜ1927]

389 4053 368 48 232 p. 19½ ᶜᵐ .
