2498 4384
1088 4062 135 49 1209

161 403 209 62 Beard,
402 401 246 55 Charles
678 400 239 64 Austin,
951 400 171 54 1874-

231 480 121 52 The
399 479 223 69 history
674 478 64 54 of
787 479 96 53 the
933 478 309 53 American
1293 478 218 68 people.
1599 477 73 53 2d
1724 494 113 35 rev.
1893 476 83 53 ed.
2066 476 92 69 By

163 557 234 55 Charles
434 557 69 53 A.
543 558 188 52 Beard
769 557 112 52 and
917 556 261 54 William
1216 555 63 55 C.
1319 556 239 68 Bagley,
1596 555 140 52 with
1774 554 383 54 illustrations

158 635 75 67 by
259 633 222 71 George
510 634 66 52 E.
606 635 299 52 Richards.
968 634 139 53 New
1136 633 181 69 York,
1345 634 121 52 The
1494 632 336 54 Macmillan
1858 650 299 52 company,

162 715 147 51 1928.

274 791 1626 52 x, 732 p. col. front. (port.) illus., col. plates, maps. 20½ᶜᵐ.
231 851 295 40 “Reference
553 851 176 41 books”:
790 862 42 37 p.
860 851 217 41 707-710.

165 905 50 52 ©
243 910 118 47 Aug.
388 910 55 37 14,
543 909 25 38 1928;
653 909 66 42 2c.
747 910 96 38 and
868 909 82 40 aff.
977 910 121 47 Aug.
1124 909 82 47 15;
1236 910 41 38 A
1303 908 229 45 1083728;
1564 908 281 41 Macmillan
1872 919 68 31 co.

241 965 281 49 (28-19601)

158 1059 1775 70 B ī dp āī . Persian version. [Anvar i Suhaili] English.
224 1139 54 52 A
314 1138 190 69 jackal
540 1139 60 51 in
636 1139 216 66 Persia,
888 1139 74 68 by
998 1138 192 69 Major
1228 1138 63 55 C.
1332 1140 64 51 F.
1434 1139 358 67 Mackenzie;
1831 1139 328 54 illustrated

151 1217 76 68 by
259 1216 161 56 KOS
464 1217 310 68 (Baroness
804 1216 429 69 Dombrowski)
1319 1216 233 55 Garden
1586 1216 152 71 City,
1772 1218 69 52 N.
1878 1218 91 65 Y.,
153 1218 1981 145 Doubleday,

404 1296 200 51 Doran
632 1297 45 49 &
707 1312 297 51 company,
1033 1295 126 67 inc.,
1191 1298 150 50 1928.

224 1377 1652 48 xiv p., 1 l., 210 p., 1 l. incl. illus., plates, col. front. 21ᶜᵐ.
225 1436 289 39 Illustrated
544 1434 365 49 lining-papers.

226 1493 127 39 “The
382 1494 125 39 tales
538 1492 48 39 in
616 1493 83 39 the
725 1491 254 48 following
1006 1501 148 38 pages
1183 1501 86 30 are
1299 1492 211 47 adapted
1542 1493 95 38 and
1669 1493 142 38 much
1843 1492 318 41 abbreviated

153 1549 127 41 from
315 1550 82 39 the
433 1550 304 39 well-known
774 1548 204 40 Persian
1014 1548 174 41 classic
1226 1547 699 43 ‘Anwar-i-Suhaili’.”—Pref.

163 1603 50 52 ©
244 1608 113 46 May
385 1606 70 47 25,
486 1606 115 40 1928;
658 1607 68 40 2c.
757 1607 95 38 and
882 1604 83 43 aff.
996 1606 116 47 July
1141 1607 54 38 11;
1257 1606 42 39 A
1327 1606 205 40 1082474;
1591 1606 299 49 Doubleday,
1923 1606 168 40 Doran
2123 1606 37 41 &

229 1675 81 36 co.,
339 1663 91 40 inc.
501 1662 281 50 (28-20902)

155 1743 200 62 Blake,
393 1742 240 64 Gladys.

228 1821 167 53 Doña
434 1820 295 54 Isabella’s
767 1820 358 67 adventures,
1162 1820 76 68 by
1275 1819 221 69 Gladys
1533 1820 196 53 Blake.
1804 1821 137 51 New
1986 1820 175 65 York,

158 1900 257 66 London,
444 1900 72 51 D.
544 1898 295 69 Appleton
870 1898 111 53 and
1011 1916 299 50 company,
1342 1901 149 50 1928.

226 1982 26 40 3
280 1993 44 38 p.
388 2013 8 15 l.,
427 1982 99 46 222,
605 2001 10 30 [1]
648 1993 43 36 p.
750 1982 151 40 front.
961 1981 146 41 19½ᶜᵐ.

163 2035 50 52 ©
239 2038 119 48 Aug.
385 2039 69 47 17,
482 2038 141 47 1928;
649 2039 68 40 2c.
744 2040 95 38 and
866 2038 82 41 aff.
974 2039 122 47 Aug.
1122 2038 83 47 20;
1234 2038 42 39 A
1301 2038 231 48 1083840;
1562 2039 57 40 D.
1647 2039 240 48 Appleton
1915 2040 35 40 &
1976 2051 68 30 co.

239 2094 281 49 (28-19624)

154 2183 275 64 Blanche,
464 2184 256 64 Jacques
756 2174 206 73 Émile,
1004 2188 171 49 1861-

286 2260 1872 80 … Les cloches de Saint-Amarain … Éd. définitive. Paris,
154 2344 356 56 Émile-Paul
542 2346 198 69 frères,
772 2346 152 56 1927.

221 2431 1844 49 vi, 277 p., 1 l. illus., pl. 21½ᶜᵐ. (Les écrits de J.-E. Blanche, I)
163 2487 1992 58 © Jan. 2, 1928; 1c. Feb. 10; A— Foreign 37489; Éditions Émile Paul
227 2553 171 41 frères.
471 2552 281 49 (28-18725)

157 2632 280 63 Breeden,
470 2631 306 55 Marshall.

227 2711 121 53 The
387 2711 282 52 romantic
710 2710 308 54 southland
1061 2711 65 53 of
1169 2710 346 70 California,
1558 2714 282 68 prepared
1883 2714 76 70 by
158 2716 1975 125 Marshall

335 2788 1824 76 Breeden … Los Angeles, The Kenmore publishing co.,
161 2868 148 52 1928.

226 2947 1192 50 207, [1] p. illus. (incl. maps) plates. 24 ᶜᵐ .
229 3005 288 41 Illustrated
544 3005 351 49 lining-papers
922 3005 51 41 in
1002 3006 170 41 colors.

165 3058 50 52 ©
245 3063 114 48 July
387 3063 57 40 25,
544 3063 85 47 1928;
660 3064 68 40 2c.
757 3065 96 38 and
884 3062 82 42 aff.
994 3064 120 48 Aug.
1144 3063 82 48 10;
1259 3066 41 38 A
1330 3065 230 49 1083578;
1593 3068 243 42 Kenmore
1865 3071 109 47 pub.
2005 3083 69 29 co.

240 3119 279 48 (28-19599)

159 3198 241 66 Brooks,
434 3201 183 53 Keith
650 3201 210 63 Leroy,
898 3205 170 49 1888-

232 3277 483 55 Cross-reference
757 3280 171 68 study
971 3279 65 53 of
1076 3280 160 68 Acts,
1277 3281 76 68 by
1395 3282 179 53 Keith
1618 3283 63 53 L.
1728 3285 238 55 Brooks.
2047 3287 112 55 Los

160 3354 1429 73 Angeles, Calif., The Biola book room [ ᶜ19 28]
229 3438 54 41 85
313 3449 43 38 p.
415 3439 119 41 23ᶜᵐ.

233 3496 144 40 “This
410 3496 43 40 is
487 3507 27 29 a
549 3498 330 46 commentary
914 3499 50 37 to
999 3497 58 42 be
1090 3497 199 40 written
1324 3499 61 47 by
1421 3499 81 40 the
1538 3502 199 40 student
1774 3502 118 42 with
1929 3505 82 40 the
2046 3505 114 50 help

162 3551 49 39 of
241 3552 80 41 the
353 3552 277 48 Scriptures
659 3553 335 41 themselves.”

165 3603 50 52 ©
240 3609 113 47 Apr.
378 3610 70 47 27,
474 3609 115 41 1928;
642 3610 68 40 2c.
737 3611 95 39 and
859 3609 82 42 aff.
968 3611 120 47 Aug.
1115 3611 56 40 17;
1227 3611 84 41 aff.
1337 3613 121 47 Aug.
1485 3613 58 40 16;
1597 3614 42 40 A
1664 3614 203 43 1083789;
1924 3618 143 42 Bible
230 3620 1912 85 institute

433 3665 51 41 of
513 3667 97 39 Los
637 3667 220 48 Angeles,
890 3667 94 41 Los
1015 3668 223 48 Angeles.
1311 3669 280 49 (28-19667)

159 3742 230 66 Brown,
421 3745 189 54 Abbie
639 3746 265 63 Farwell,
935 3748 53 53 d.
1024 3747 150 54 1927.

232 3821 120 54 The
380 3823 225 53 lantern
634 3825 114 52 and
777 3825 161 52 other
968 3825 164 68 plays
1163 3825 95 53 for
1286 3826 277 69 children,
1590 3828 77 68 by
1694 3830 187 55 Abbie
1909 3833 250 56 Farwell

165 3899 224 53 Brown.
463 3902 216 52 Boston
717 3902 112 52 and
865 3902 140 53 New
1042 3902 181 68 York,
1260 3904 319 69 Houghton
1618 3907 205 56 Mifflin
1860 3928 300 48 company,

166 3979 147 52 1928.
