2498 4384
0 0 0 0 1110
376 425 334 63 Markham,
743 425 211 64 Virgil.

444 503 191 52 Death
690 502 60 52 in
804 503 96 52 the
956 503 147 53 dusk
1178 503 94 69 [by]
1332 502 196 70 Virgil
1582 502 325 54 Markham.
1999 503 142 53 New
2195 503 182 67 York,

369 579 74 55 A.
469 579 73 55 A.
570 579 226 70 Knopf,
826 584 151 50 1928.

439 663 1257 49 xviii, 390 p., 1 l. pl., fold, map, plan. 19½ᶜᵐ.
381 716 53 52 ©
462 720 117 47 July
604 720 70 40 20,
703 720 117 40 1928;
873 721 67 39 2c.
969 720 117 47 July
1111 719 84 47 25;
1226 719 84 41 aff.
1338 720 117 47 July
1481 720 57 39 24;
1594 721 43 37 A
1663 720 230 47 1083449;
1925 720 174 40 Alfred
2127 721 55 40 A.
2211 721 166 47 Knopf

450 776 92 42 inc.
612 775 281 51 (28-18571)

375 872 148 61 Mee,
561 870 251 64 Arthur,
851 871 170 54 1875-
1203 872 83 53 ed.

442 948 122 53 The
606 948 149 53 book
798 948 65 53 of
904 949 355 69 knowledge,
1301 950 96 52 the
1440 949 305 53 children’s
1790 949 432 69 encyclopedia;
371 948 1983 146 editors-in-chief,

804 1026 1468 69 Holland Thompson … Arthur Mee … with an
370 1027 1987 147 introduction by John H. Finley … New York, The Grolier
371 1123 1985 129 society; London, The Educational book company [ᶜ192 8]
442 1267 56 40 20
560 1297 9 8 v.
624 1266 177 41 fronts,
830 1266 67 48 (v.
924 1267 40 47 1,
991 1266 40 47 3,
1060 1267 39 47 8,
1125 1267 70 47 13,
1223 1266 70 49 16,
1389 1265 14 48 18)
1440 1266 129 41 illus.
1598 1266 135 49 (part
1762 1266 112 49 col.)
1910 1268 160 47 plates
2098 1266 135 49 (part
2259 1267 112 48 col.)

370 1324 58 39 25 ᶜᵐ.
443 1380 161 47 Paged
637 1379 357 47 continuously.

444 1438 57 38 In
532 1437 82 39 the
644 1436 109 40 title
782 1436 52 40 of
863 1436 82 39 the
974 1435 179 40 earlier
1182 1434 212 40 editions
1423 1435 188 39 Arthur
1641 1434 145 40 Mee’s
1815 1445 142 30 name
1987 1436 243 46 appeared
2259 1436 121 40 first.

384 1488 54 54 ©
472 1493 117 47 July
620 1492 39 47 5,
694 1492 142 46 1928;
872 1492 68 40 2c.
972 1491 118 40 each
1125 1492 97 38 and
1256 1490 83 41 aff.
1371 1490 122 49 Aug.
1526 1491 53 46 2;
1615 1490 43 39 A
1690 1491 230 47 1083473;
1959 1491 193 41 Grolier
2185 1492 195 47 society,

452 1550 117 39 New
594 1550 132 39 York
752 1549 96 39 and
872 1548 375 48 Amalgamated
1273 1558 137 37 press
1447 1546 162 50 (1922)
1644 1548 101 47 ltd.,
1772 1548 215 41 London.
2046 1543 70 54 [©
2144 1548 240 41 revisions

453 1607 96 39 and
583 1605 263 49 additions]
919 1605 282 48 (28-18730)

377 1686 192 63 Mohr,
599 1684 216 54 Louise
844 1685 199 62 Maud,
1079 1684 173 53 1897-

444 1764 160 66 Days
640 1762 197 54 before
875 1763 231 66 houses;
1148 1781 31 33 a
1217 1765 159 65 story
1416 1761 63 54 of
1517 1780 133 35 cave
1690 1763 220 67 people,
1945 1762 76 69 by
2059 1762 207 53 Louise
2303 1762 80 53 M.

374 1840 2011 68 Mohr … edited by Carleton Washburne … and Willard W.
376 1918 1986 149 Beatty … New York, Chicago [etc. ] Rand, McNally & company [ ᶜ192 8]
376 2079 1991 108 90 p. illus. 18 ᶜᵐ . (On cover: Social study series: History and geography)
447 2196 72 40 On
550 2204 169 31 cover:
754 2193 368 48 Experimental
1152 2192 200 41 edition.

388 2248 52 52 ©
471 2252 83 39 July
616 2250 70 48 25,
716 2250 141 46 1928;
888 2250 68 41 2c.
986 2249 96 39 and
1112 2248 83 42 aff.
1225 2249 118 47 July
1371 2248 83 47 28;
1487 2248 41 38 A
1558 2247 230 47 1083407;
1821 2248 143 40 Rand
1995 2249 227 47 McNally
2252 2249 37 40 &
2319 2260 67 31 co.

466 2307 281 50 (28-18569)

380 2388 315 63 Morrison,
725 2385 315 57 Whitelaw
1070 2385 167 65 Reid,
1273 2388 171 52 1886-

454 2467 240 54 Normal
738 2467 113 52 and
897 2467 348 67 elementary
1291 2464 261 69 physical
1599 2463 311 70 diagnosis,
1954 2464 76 70 by
2076 2465 311 55 Whitelaw

383 2541 2002 58 Reid Morrison … and Laurence B. Chenoweth … illustrated
384 2623 141 53 with
557 2626 98 50 133
687 2621 346 71 engravings
1064 2621 113 53 and
1209 2624 31 49 3
1270 2622 201 67 plates.
1537 2621 430 69 Philadelphia,
1996 2622 117 53 Lea
2144 2623 48 51 &
383 2622 1978 149 Febiger,
529 2704 151 51 1928.

454 2780 1587 52 xvi, [17]-384 p. incl. illus., diagrs., forms, m pl. 24½ ᶜᵐ .
454 2839 379 49 Bibliography:
862 2851 43 37 p.
935 2837 249 51 [369]-371.

390 2894 53 52 ©
472 2899 129 39 June
624 2898 70 48 23,
723 2897 141 47 1928;
893 2898 69 38 2c.
990 2897 95 39 and
1114 2895 83 42 aff.
1225 2897 117 47 July
1369 2896 56 40 26;
1482 2896 41 39 A
1551 2895 229 49 1083438;
1811 2897 97 40 Lea
1938 2901 37 40 &
2003 2897 218 48 Febiger.

469 2953 281 51 (28-18640)

384 3037 252 62 Naoum,
671 3034 267 54 Phokion
974 3034 45 52 P
1309 3034 169 53 1875-

518 3111 1869 72 … Nitroglycerine and nitroglycerine explosives, by Phokion
385 3190 1815 69 Naoum … authorized English translation with notes and
385 3191 1978 225 additions by E. M. Symmes … Baltimore, The Williams & Wilkins company, 1928.
458 3430 66 48 xi,
556 3429 87 41 469
674 3441 44 37 p.
777 3429 144 47 illus.,
954 3429 173 48 plates.
1186 3428 146 40 23½ᶜᵐ.
1404 3428 124 48 (The
1563 3429 153 40 world
1750 3428 126 41 wide
1909 3427 236 42 chemical
390 3431 1979 97 translation

518 3487 164 46 series,
709 3487 72 40 ed.
808 3487 61 46 by
896 3486 54 41 E.
976 3487 53 40 E.
1055 3485 136 47 Reid,
1218 3496 77 30 no.
1321 3484 51 48 1)

394 3541 53 52 ©
480 3546 117 46 July
627 3545 70 47 28,
730 3544 141 46 1928;
905 3544 69 40 2c.
1006 3544 95 39 and
1134 3542 83 41 aff.
1250 3543 120 47 Aug.
1403 3544 53 46 2;
1492 3543 41 39 A
1566 3543 229 47 1083471;
1831 3543 244 41 Williams
2109 3543 37 40 &
2178 3543 210 41 Wilkins

462 3613 69 29 co.
600 3601 281 49 (28-18626)

395 3681 282 69 [Phillips,
713 3680 213 54 Gerald
956 3679 277 68 William]
1271 3683 172 50 1884-

457 3759 120 53 The
623 3776 167 35 seven
832 3757 169 53 black
1045 3758 305 67 chessmen,
1393 3757 76 69 by
1513 3758 157 54 John
1711 3757 389 69 Huntingdon
2169 3757 194 68 [pseud.]

386 3835 1294 69 New York, H. Holt and company [ ᶜ192 8]
454 3920 87 40 294
571 3931 44 37 p.
674 3918 147 41 19½ᶜᵐ.

397 3972 53 53 ©
480 3976 116 48 July
624 3975 69 48 31,
724 3975 117 40 1928;
895 3975 69 41 2c.
993 3975 95 39 and
1118 3973 83 42 aff.
1230 3973 122 49 Aug.
1380 3974 54 47 2;
1465 3973 43 40 A
1535 3973 229 48 1083478;
1796 3973 169 49 Henry
1993 3974 121 40 Holt
2143 3973 37 41 &
2208 3983 69 32 co.

476 4033 281 49 (28-18579)
