<alto xmlns="http://www.loc.gov/standards/alto/ns-v3#" xmlns:xlink="http://www.w3.org/1999/xlink" xmlns:xsi="http://www.w3.org/2001/XMLSchema-instance" xsi:schemaLocation="http://www.loc.gov/standards/alto/ns-v3# http://www.loc.gov/alto/v3/alto-3-0.xsd"><Description>
<MeasurementUnit>pixel</MeasurementUnit>
<sourceImageInformation>
<fileName>1928_v25_part001.pdf</fileName>
</sourceImageInformation>
<OCRProcessing ID="IdOcr">
<ocrProcessingStep>
<processingDateTime>2019-04-12</processingDateTime>
<processingSoftware>
<softwareCreator>ABBYY</softwareCreator>
<softwareName>ABBYY Recognition Server</softwareName>
<softwareVersion>4.0</softwareVersion>
</processingSoftware>
</ocrProcessingStep>
</OCRProcessing>
</Description>
<Styles>
<ParagraphStyle ID="StyleId-FFFFFFFF-FFFF-FFFF-FFFF-FFFFFFFFFFFF-" ALIGN="Left" LEFT="0." RIGHT="0." FIRSTLINE="0."/>
<ParagraphStyle ID="StyleId-0ECAC0CE-E1F0-4C69-A1B9-95E16886343B-" ALIGN="Left" LEFT="0." RIGHT="0." FIRSTLINE="0." LINESPACE="8.300000191"/>
<ParagraphStyle ID="StyleId-5C6F7A30-EC6F-4250-A8D3-0AE106DCDB5D-" ALIGN="Left" LEFT="0." RIGHT="0." FIRSTLINE="-13." LINESPACE="11.22999954"/>
<ParagraphStyle ID="StyleId-B258737E-7AF8-4B71-A0BF-0A1420B951F9-" ALIGN="Left" LEFT="0." RIGHT="0." FIRSTLINE="-13." LINESPACE="8.210000038"/>
<ParagraphStyle ID="StyleId-35C0EFA5-E89E-4731-B16E-5D3895F12270-" ALIGN="Block" LEFT="0." RIGHT="0." FIRSTLINE="-12." LINESPACE="11.22999954"/>
<ParagraphStyle ID="StyleId-7BD1F9B4-14BB-4AAF-864B-FED8FEA7DC43-" ALIGN="Left" LEFT="0." RIGHT="0." FIRSTLINE="0."/>
<ParagraphStyle ID="StyleId-CD2DA0E5-536D-42AE-AE16-8D9F5C008D5A-" ALIGN="Block" LEFT="0." RIGHT="0." FIRSTLINE="-12." LINESPACE="10."/>
<ParagraphStyle ID="StyleId-AF408F88-EED5-4CE2-A229-3F852C18D9BD-" ALIGN="Block" LEFT="0." RIGHT="0." FIRSTLINE="-14." LINESPACE="10."/>
<ParagraphStyle ID="StyleId-829CD741-943D-4B7B-9638-57AB73DE2567-" ALIGN="Center" LEFT="0." RIGHT="0." FIRSTLINE="0." LINESPACE="9.399999619"/>
<ParagraphStyle ID="StyleId-B271BDFA-6037-4875-BA99-885A067668E9-" ALIGN="Left" LEFT="0." RIGHT="0." FIRSTLINE="-14." LINESPACE="11.21000004"/>
<ParagraphStyle ID="StyleId-64F9C1D8-EA12-4F65-AD18-B72A4C6B556F-" ALIGN="Center" LEFT="0." RIGHT="0." FIRSTLINE="0." LINESPACE="11.60000038"/>
<ParagraphStyle ID="StyleId-44DA2756-E57B-4EF3-9BA4-FC1C14776DE3-" ALIGN="Left" LEFT="0." RIGHT="0." FIRSTLINE="-12." LINESPACE="12.19999981"/>
<ParagraphStyle ID="StyleId-D1D9AF19-8CA6-4F74-9AEC-1B4545205AD7-" ALIGN="Center" LEFT="0." RIGHT="0." FIRSTLINE="0." LINESPACE="11.60000038"/>
<ParagraphStyle ID="StyleId-3ADA1556-6D19-417D-8046-68449BF368BA-" ALIGN="Left" LEFT="0." RIGHT="0." FIRSTLINE="-13." LINESPACE="12.19999981"/>
<ParagraphStyle ID="StyleId-7443A930-B325-44B5-9AB8-B42B4EC78C89-" ALIGN="Block" LEFT="0." RIGHT="0." FIRSTLINE="13." LINESPACE="8.619999886"/>
<ParagraphStyle ID="StyleId-C9A9E480-E448-4934-9AF8-3D252792E396-" ALIGN="Left" LEFT="0." RIGHT="0." FIRSTLINE="-12." LINESPACE="11.38000011"/>
<ParagraphStyle ID="StyleId-73039842-464C-49B9-9440-4C0D0E749DFE-" ALIGN="Center" LEFT="0." RIGHT="0." FIRSTLINE="0." LINESPACE="11.10000038"/>
<ParagraphStyle ID="StyleId-C51F6AC2-80DA-4C65-849C-6E2D5F548EA4-" ALIGN="Left" LEFT="0." RIGHT="0." FIRSTLINE="0." LINESPACE="7.699999809"/>
<ParagraphStyle ID="StyleId-494190D9-BDDC-4834-A745-6AF520F91CD0-" ALIGN="Block" LEFT="0." RIGHT="0." FIRSTLINE="-12." LINESPACE="11.22999954"/>
<ParagraphStyle ID="StyleId-68D39D31-3386-4B28-8C90-DA9420961D78-" ALIGN="Left" LEFT="0." RIGHT="0." FIRSTLINE="0." LINESPACE="11.60000038"/>
<ParagraphStyle ID="StyleId-DF0CE7C7-E73E-44FE-8867-C904BD7F3F42-" ALIGN="Block" LEFT="0." RIGHT="0." FIRSTLINE="0." LINESPACE="12.19999981"/>
</Styles>
<Layout>
<Page ID="Page1299" PHYSICAL_IMG_NR="1299" HEIGHT="4384" WIDTH="2498">
<TopMargin HEIGHT="380" WIDTH="2498" VPOS="0" HPOS="0">
</TopMargin>
<LeftMargin HEIGHT="3732" WIDTH="90" VPOS="380" HPOS="0">
</LeftMargin>
<RightMargin HEIGHT="3732" WIDTH="51" VPOS="380" HPOS="2447">
</RightMargin>
<BottomMargin HEIGHT="272" WIDTH="2498" VPOS="4112" HPOS="0">
</BottomMargin>
<PrintSpace HEIGHT="3732" WIDTH="2357" VPOS="380" HPOS="90">
<TextBlock ID="Page1299_Block1" HEIGHT="70" WIDTH="154" VPOS="4042" HPOS="1148" LANG="en-US" STYLEREFS="StyleId-CACF0823-2271-48CC-B345-97D17106E771-">
<TextLine HEIGHT="50" WIDTH="133" VPOS="4052" HPOS="1158">
<String CONTENT="1299" HEIGHT="50" WIDTH="133" VPOS="4052" HPOS="1158"/>
</TextLine>
</TextBlock>
<TextBlock ID="Page1299_Block2" HEIGHT="3668" WIDTH="2040" VPOS="380" HPOS="200" LANG="en-US" CS="1" STYLEREFS="StyleId-67F4B92A-BB9E-4B11-A351-C1F398EB52E5-">
<TextLine HEIGHT="51" WIDTH="1930" VPOS="471" HPOS="281" CS="1">
<String CONTENT="5" HEIGHT="37" WIDTH="25" VPOS="474" HPOS="281"/>
<SP HEIGHT="48" WIDTH="34" VPOS="474" HPOS="307"/>
<String CONTENT="p." HEIGHT="38" WIDTH="42" VPOS="484" HPOS="342"/>
<SP HEIGHT="38" WIDTH="33" VPOS="475" HPOS="385"/>
<String CS="1" CONTENT="l.,"/>
<SP HEIGHT="46" WIDTH="32" VPOS="474" HPOS="463"/>
<String CS="1" CONTENT="3-562" HEIGHT="40" WIDTH="145" VPOS="473" HPOS="496"/>
<SP HEIGHT="48" WIDTH="32" VPOS="473" HPOS="642"/>
<String CONTENT="p." HEIGHT="37" WIDTH="42" VPOS="484" HPOS="675"/>
<SP HEIGHT="40" WIDTH="58" VPOS="473" HPOS="718"/>
<String CONTENT="fold." HEIGHT="40" WIDTH="118" VPOS="473" HPOS="777"/>
<SP HEIGHT="29" WIDTH="34" VPOS="484" HPOS="896"/>
<String CONTENT="maps." HEIGHT="37" WIDTH="151" VPOS="483" HPOS="931"/>
<SP HEIGHT="40" WIDTH="59" VPOS="472" HPOS="1083"/>
<String CONTENT="23" HEIGHT="39" WIDTH="54" VPOS="472" HPOS="1143"/>
<String STYLE="superscript" CS="1" CONTENT="&#7580;&#7504;."/>
<SP HEIGHT="47" WIDTH="69" VPOS="471" HPOS="1261"/>
<String CS="1" CONTENT="(The" HEIGHT="47" WIDTH="125" VPOS="471" HPOS="1331"/>
<SP HEIGHT="40" WIDTH="35" VPOS="471" HPOS="1457"/>
<String CONTENT="Century" HEIGHT="47" WIDTH="213" VPOS="471" HPOS="1493"/>
<SP HEIGHT="46" WIDTH="36" VPOS="472" HPOS="1707"/>
<String CONTENT="historical" HEIGHT="40" WIDTH="253" VPOS="471" HPOS="1744"/>
<SP HEIGHT="39" WIDTH="35" VPOS="472" HPOS="1998"/>
<String CONTENT="series)" HEIGHT="48" WIDTH="177" VPOS="471" HPOS="2034"/>
</TextLine>
<TextLine HEIGHT="50" WIDTH="129" VPOS="529" HPOS="210">
<String CONTENT="$3.75" HEIGHT="50" WIDTH="129" VPOS="529" HPOS="210"/>
</TextLine>
<TextLine HEIGHT="50" WIDTH="987" VPOS="584" HPOS="282" CS="1">
<String CONTENT="&#8220;General" HEIGHT="40" WIDTH="236" VPOS="588" HPOS="282"/>
<SP HEIGHT="39" WIDTH="29" VPOS="588" HPOS="519"/>
<String CS="1" CONTENT="bibliography&#8221;:" HEIGHT="48" WIDTH="366" VPOS="586" HPOS="549"/>
<SP HEIGHT="36" WIDTH="33" VPOS="597" HPOS="945"/>
<String CONTENT="p." HEIGHT="35" WIDTH="42" VPOS="598" HPOS="979"/>
<SP HEIGHT="39" WIDTH="29" VPOS="587" HPOS="1022"/>
<String CONTENT="521-545." HEIGHT="42" WIDTH="217" VPOS="584" HPOS="1052"/>
</TextLine>
<TextLine HEIGHT="52" WIDTH="1729" VPOS="641" HPOS="215" CS="1">
<String CONTENT="&#169;" HEIGHT="52" WIDTH="51" VPOS="641" HPOS="215"/>
<SP HEIGHT="52" WIDTH="26" VPOS="641" HPOS="267"/>
<String CONTENT="Aug." HEIGHT="41" WIDTH="119" VPOS="647" HPOS="294"/>
<SP HEIGHT="39" WIDTH="28" VPOS="646" HPOS="414"/>
<String CONTENT="10," HEIGHT="42" WIDTH="67" VPOS="645" HPOS="443"/>
<SP HEIGHT="41" WIDTH="29" VPOS="646" HPOS="511"/>
<String CS="1" CONTENT="1928;"/>
<SP HEIGHT="41" WIDTH="27" VPOS="645" HPOS="681"/>
<String CONTENT="2c." HEIGHT="39" WIDTH="67" VPOS="645" HPOS="709"/>
<SP HEIGHT="28" WIDTH="27" VPOS="656" HPOS="777"/>
<String CONTENT="and" HEIGHT="38" WIDTH="94" VPOS="645" HPOS="805"/>
<SP HEIGHT="38" WIDTH="27" VPOS="645" HPOS="900"/>
<String CS="1" CONTENT="aff." HEIGHT="41" WIDTH="82" VPOS="643" HPOS="928"/>
<SP HEIGHT="39" WIDTH="27" VPOS="645" HPOS="1011"/>
<String CONTENT="Aug." HEIGHT="45" WIDTH="119" VPOS="645" HPOS="1039"/>
<SP HEIGHT="41" WIDTH="26" VPOS="643" HPOS="1159"/>
<String CS="1" CONTENT="27:" HEIGHT="40" WIDTH="56" VPOS="643" HPOS="1186"/>
<SP HEIGHT="41" WIDTH="30" VPOS="644" HPOS="1270"/>
<!-- cceid 267B4FE6-6CB2-1014-A20E-B9D6251C946A --><String CONTENT="A" HEIGHT="37" WIDTH="40" VPOS="644" HPOS="1301"/>
<SP HEIGHT="38" WIDTH="26" VPOS="643" HPOS="1342"/>
<String CONTENT="1054009;" HEIGHT="46" WIDTH="230" VPOS="641" HPOS="1369"/>
<SP HEIGHT="45" WIDTH="32" VPOS="642" HPOS="1600"/>
<String CONTENT="Century" HEIGHT="48" WIDTH="214" VPOS="642" HPOS="1633"/>
<SP HEIGHT="36" WIDTH="28" VPOS="654" HPOS="1848"/>
<String CONTENT="co." HEIGHT="29" WIDTH="67" VPOS="653" HPOS="1877"/>
</TextLine>
<TextLine HEIGHT="49" WIDTH="282" VPOS="700" HPOS="297" CS="1">
<String CS="1" CONTENT="(28-20674)" HEIGHT="49" WIDTH="282" VPOS="700" HPOS="297"/>
</TextLine>
<TextLine HEIGHT="64" WIDTH="2005" VPOS="791" HPOS="218" STYLEREFS="StyleId-FBCE5BDF-10B3-4D89-A75B-B0208684407C-">
<String CONTENT="New" HEIGHT="52" WIDTH="144" VPOS="796" HPOS="218"/>
<SP HEIGHT="53" WIDTH="35" VPOS="795" HPOS="363"/>
<String CONTENT="York" HEIGHT="53" WIDTH="162" VPOS="795" HPOS="399"/>
<SP HEIGHT="53" WIDTH="38" VPOS="795" HPOS="562"/>
<String CONTENT="tuberculosis" HEIGHT="56" WIDTH="394" VPOS="792" HPOS="601"/>
<SP HEIGHT="36" WIDTH="37" VPOS="810" HPOS="996"/>
<String CONTENT="and" HEIGHT="54" WIDTH="113" VPOS="793" HPOS="1034"/>
<SP HEIGHT="54" WIDTH="39" VPOS="793" HPOS="1148"/>
<String CONTENT="health" HEIGHT="54" WIDTH="205" VPOS="792" HPOS="1188"/>
<SP HEIGHT="53" WIDTH="37" VPOS="792" HPOS="1394"/>
<String CONTENT="association," HEIGHT="64" WIDTH="379" VPOS="791" HPOS="1432"/>
<SP HEIGHT="63" WIDTH="38" VPOS="792" HPOS="1812"/>
<String CONTENT="inc." HEIGHT="53" WIDTH="111" VPOS="792" HPOS="1851"/>
<SP HEIGHT="52" WIDTH="73" VPOS="793" HPOS="1963"/>
<String CONTENT="Heart" HEIGHT="53" WIDTH="186" VPOS="793" HPOS="2037"/>
</TextLine>
<TextLine HEIGHT="52" WIDTH="324" VPOS="875" HPOS="288" STYLEREFS="StyleId-FBCE5BDF-10B3-4D89-A75B-B0208684407C-">
<String CONTENT="committee." HEIGHT="52" WIDTH="324" VPOS="875" HPOS="288"/>
</TextLine>
<TextLine HEIGHT="71" WIDTH="1932" VPOS="948" HPOS="290" STYLEREFS="StyleId-FC3C1BA7-DAD5-4F3E-85D0-ACBF8F452F97-">
<String CONTENT="Criteria" HEIGHT="55" WIDTH="249" VPOS="952" HPOS="290"/>
<SP HEIGHT="54" WIDTH="36" VPOS="950" HPOS="540"/>
<String CONTENT="for" HEIGHT="54" WIDTH="93" VPOS="950" HPOS="577"/>
<SP HEIGHT="47" WIDTH="31" VPOS="957" HPOS="671"/>
<String CONTENT="the" HEIGHT="52" WIDTH="95" VPOS="951" HPOS="703"/>
<SP HEIGHT="34" WIDTH="34" VPOS="969" HPOS="799"/>
<String CONTENT="classification" HEIGHT="53" WIDTH="401" VPOS="950" HPOS="834"/>
<SP HEIGHT="50" WIDTH="35" VPOS="952" HPOS="1236"/>
<String CONTENT="&amp;" HEIGHT="50" WIDTH="51" VPOS="952" HPOS="1272"/>
<SP HEIGHT="52" WIDTH="35" VPOS="950" HPOS="1324"/>
<String CONTENT="diagnosis" HEIGHT="69" WIDTH="292" VPOS="950" HPOS="1360"/>
<SP HEIGHT="33" WIDTH="35" VPOS="969" HPOS="1653"/>
<String CONTENT="of" HEIGHT="54" WIDTH="64" VPOS="948" HPOS="1689"/>
<SP HEIGHT="53" WIDTH="33" VPOS="948" HPOS="1754"/>
<String CONTENT="heart" HEIGHT="53" WIDTH="164" VPOS="949" HPOS="1788"/>
<SP HEIGHT="52" WIDTH="35" VPOS="950" HPOS="1953"/>
<String CONTENT="disease." HEIGHT="54" WIDTH="233" VPOS="949" HPOS="1989"/>
</TextLine>
<TextLine HEIGHT="69" WIDTH="2003" VPOS="1027" HPOS="218" STYLEREFS="StyleId-FC3C1BA7-DAD5-4F3E-85D0-ACBF8F452F97-" CS="1">
<String CS="1" CONTENT="by" HEIGHT="52" WIDTH="32" VPOS="1031" HPOS="218"/>
<SP HEIGHT="34" WIDTH="38" VPOS="1049" HPOS="292"/>
<String CONTENT="a" HEIGHT="34" WIDTH="28" VPOS="1049" HPOS="331"/>
<SP HEIGHT="34" WIDTH="40" VPOS="1049" HPOS="360"/>
<String CONTENT="committee," HEIGHT="53" WIDTH="336" VPOS="1030" HPOS="401"/>
<SP HEIGHT="56" WIDTH="38" VPOS="1027" HPOS="738"/>
<String CONTENT="Joseph" HEIGHT="69" WIDTH="217" VPOS="1027" HPOS="777"/>
<SP HEIGHT="51" WIDTH="39" VPOS="1028" HPOS="995"/>
<String CONTENT="H." HEIGHT="51" WIDTH="76" VPOS="1028" HPOS="1035"/>
<SP HEIGHT="50" WIDTH="42" VPOS="1029" HPOS="1112"/>
<String CONTENT="Bainton," HEIGHT="65" WIDTH="273" VPOS="1028" HPOS="1155"/>
<SP HEIGHT="47" WIDTH="38" VPOS="1046" HPOS="1429"/>
<String CS="1" CONTENT="M." HEIGHT="9" WIDTH="9" VPOS="1070" HPOS="1524"/>
<SP HEIGHT="32" WIDTH="41" VPOS="1047" HPOS="1534"/>
<String CS="1" CONTENT="D.," HEIGHT="17" WIDTH="29" VPOS="1070" HPOS="1613"/>
<SP HEIGHT="59" WIDTH="40" VPOS="1028" HPOS="1643"/>
<String CONTENT="Robert" HEIGHT="53" WIDTH="215" VPOS="1027" HPOS="1684"/>
<SP HEIGHT="52" WIDTH="38" VPOS="1027" HPOS="1900"/>
<String CONTENT="L." HEIGHT="52" WIDTH="63" VPOS="1027" HPOS="1939"/>
<SP HEIGHT="52" WIDTH="41" VPOS="1027" HPOS="2003"/>
<String CONTENT="Levy," HEIGHT="69" WIDTH="176" VPOS="1027" HPOS="2045"/>
</TextLine>
<TextLine HEIGHT="148" WIDTH="1978" VPOS="1105" HPOS="220" STYLEREFS="StyleId-FC3C1BA7-DAD5-4F3E-85D0-ACBF8F452F97-" CS="1">
<String CS="1" CONTENT="M"/>
<String LANG="el" CONTENT="." HEIGHT="10" WIDTH="9" VPOS="1151" HPOS="276"/>
<SP HEIGHT="33" WIDTH="27" VPOS="1128" HPOS="286"/>
<String CS="1" CONTENT="D"/>
<String LANG="el" CONTENT=".," HEIGHT="23" WIDTH="28" VPOS="1151" HPOS="351"/>
<SP HEIGHT="65" WIDTH="25" VPOS="1109" HPOS="380"/>
<String CS="1" CONTENT="W." HEIGHT="9" WIDTH="10" VPOS="1152" HPOS="485"/>
<SP HEIGHT="55" WIDTH="28" VPOS="1106" HPOS="496"/>
<String CONTENT="C." HEIGHT="55" WIDTH="61" VPOS="1106" HPOS="525"/>
<SP HEIGHT="52" WIDTH="26" VPOS="1107" HPOS="587"/>
<String CONTENT="Munly," HEIGHT="67" WIDTH="223" VPOS="1106" HPOS="614"/>
<SP HEIGHT="49" WIDTH="24" VPOS="1123" HPOS="838"/>
<String CS="1" CONTENT="M." HEIGHT="9" WIDTH="9" VPOS="1148" HPOS="920"/>
<SP HEIGHT="33" WIDTH="28" VPOS="1124" HPOS="930"/>
<String CS="1" CONTENT="D." HEIGHT="8" WIDTH="8" VPOS="1148" HPOS="997"/>
<SP HEIGHT="9" WIDTH="33" VPOS="1148" HPOS="1006"/>
<String CS="1" CONTENT="&#8230;"/>
<SP HEIGHT="51" WIDTH="32" VPOS="1106" HPOS="1096"/>
<String CONTENT="Harold" HEIGHT="52" WIDTH="225" VPOS="1106" HPOS="1129"/>
<SP HEIGHT="52" WIDTH="31" VPOS="1106" HPOS="1355"/>
<String CONTENT="E." HEIGHT="52" WIDTH="66" VPOS="1106" HPOS="1387"/>
<SP HEIGHT="52" WIDTH="29" VPOS="1106" HPOS="1454"/>
<String CONTENT="B." HEIGHT="51" WIDTH="65" VPOS="1106" HPOS="1484"/>
<SP HEIGHT="52" WIDTH="29" VPOS="1106" HPOS="1550"/>
<String CONTENT="Pardee," HEIGHT="62" WIDTH="239" VPOS="1105" HPOS="1580"/>
<SP HEIGHT="44" WIDTH="25" VPOS="1123" HPOS="1820"/>
<String CS="1" CONTENT="M." HEIGHT="9" WIDTH="9" VPOS="1148" HPOS="1903"/>
<SP HEIGHT="34" WIDTH="29" VPOS="1124" HPOS="1913"/>
<String CS="1" CONTENT="D.," HEIGHT="23" WIDTH="28" VPOS="1148" HPOS="1981"/>
<SP HEIGHT="47" WIDTH="28" VPOS="1124" HPOS="2010"/>
<String CONTENT="chairman," HEIGHT="147" WIDTH="1978" VPOS="1105" HPOS="220"/>
<SP HEIGHT="48" WIDTH="30" VPOS="1204" HPOS="370"/>
<String CONTENT="appointed" HEIGHT="69" WIDTH="309" VPOS="1184" HPOS="401"/>
</TextLine>
<TextLine HEIGHT="135" WIDTH="1978" VPOS="1182" HPOS="220" STYLEREFS="StyleId-FC3C1BA7-DAD5-4F3E-85D0-ACBF8F452F97-" CS="1">
<String CONTENT="by" HEIGHT="68" WIDTH="74" VPOS="1183" HPOS="743"/>
<SP HEIGHT="62" WIDTH="28" VPOS="1189" HPOS="818"/>
<String CONTENT="the" HEIGHT="52" WIDTH="95" VPOS="1184" HPOS="847"/>
<SP HEIGHT="52" WIDTH="29" VPOS="1184" HPOS="943"/>
<String CONTENT="Heart" HEIGHT="51" WIDTH="187" VPOS="1184" HPOS="973"/>
<SP HEIGHT="48" WIDTH="29" VPOS="1188" HPOS="1161"/>
<String CONTENT="committee" HEIGHT="53" WIDTH="322" VPOS="1184" HPOS="1191"/>
<SP HEIGHT="34" WIDTH="30" VPOS="1203" HPOS="1514"/>
<String CONTENT="of" HEIGHT="53" WIDTH="64" VPOS="1183" HPOS="1545"/>
<SP HEIGHT="53" WIDTH="27" VPOS="1183" HPOS="1610"/>
<String CONTENT="the" HEIGHT="52" WIDTH="96" VPOS="1184" HPOS="1638"/>
<SP HEIGHT="52" WIDTH="32" VPOS="1184" HPOS="1735"/>
<String CONTENT="New" HEIGHT="52" WIDTH="139" VPOS="1184" HPOS="1768"/>
<SP HEIGHT="51" WIDTH="31" VPOS="1184" HPOS="1908"/>
<String CONTENT="York" HEIGHT="53" WIDTH="165" VPOS="1182" HPOS="1940"/>
<SP HEIGHT="54" WIDTH="27" VPOS="1182" HPOS="2106"/>
<String CONTENT="tuberculosis" HEIGHT="128" WIDTH="1978" VPOS="1189" HPOS="220"/>
</TextLine>
<TextLine HEIGHT="149" WIDTH="1976" VPOS="1261" HPOS="222" STYLEREFS="StyleId-FC3C1BA7-DAD5-4F3E-85D0-ACBF8F452F97-" CS="1">
<String CONTENT="and" HEIGHT="52" WIDTH="111" VPOS="1262" HPOS="561"/>
<SP HEIGHT="53" WIDTH="33" VPOS="1261" HPOS="673"/>
<String CONTENT="health" HEIGHT="52" WIDTH="194" VPOS="1261" HPOS="707"/>
<SP HEIGHT="52" WIDTH="39" VPOS="1261" HPOS="902"/>
<String CONTENT="association," HEIGHT="66" WIDTH="359" VPOS="1261" HPOS="942"/>
<SP HEIGHT="65" WIDTH="36" VPOS="1262" HPOS="1302"/>
<String CS="1" CONTENT="inc.;" HEIGHT="51" WIDTH="106" VPOS="1262" HPOS="1339"/>
<SP HEIGHT="47" WIDTH="39" VPOS="1280" HPOS="1477"/>
<String CONTENT="arranged" HEIGHT="69" WIDTH="283" VPOS="1261" HPOS="1517"/>
<SP HEIGHT="53" WIDTH="38" VPOS="1261" HPOS="1801"/>
<String CONTENT="in" HEIGHT="52" WIDTH="59" VPOS="1262" HPOS="1840"/>
<SP HEIGHT="34" WIDTH="36" VPOS="1280" HPOS="1900"/>
<String CONTENT="conformity" HEIGHT="149" WIDTH="1976" VPOS="1261" HPOS="222"/>
<SP HEIGHT="50" WIDTH="30" VPOS="1360" HPOS="308"/>
<String CONTENT="with" HEIGHT="54" WIDTH="140" VPOS="1340" HPOS="339"/>
<SP HEIGHT="53" WIDTH="31" VPOS="1340" HPOS="480"/>
<String CONTENT="the" HEIGHT="53" WIDTH="94" VPOS="1340" HPOS="512"/>
<SP HEIGHT="34" WIDTH="31" VPOS="1358" HPOS="607"/>
<String CONTENT="nomenclature" HEIGHT="52" WIDTH="424" VPOS="1339" HPOS="639"/>
<SP HEIGHT="53" WIDTH="35" VPOS="1338" HPOS="1064"/>
<String CONTENT="for" HEIGHT="53" WIDTH="93" VPOS="1338" HPOS="1100"/>
</TextLine>
<TextLine HEIGHT="70" WIDTH="996" VPOS="1338" HPOS="1228" STYLEREFS="StyleId-FC3C1BA7-DAD5-4F3E-85D0-ACBF8F452F97-">
<String CONTENT="cardiac" HEIGHT="52" WIDTH="227" VPOS="1340" HPOS="1228"/>
<SP HEIGHT="52" WIDTH="34" VPOS="1340" HPOS="1456"/>
<String CONTENT="diagnosis" HEIGHT="70" WIDTH="293" VPOS="1338" HPOS="1491"/>
<SP HEIGHT="35" WIDTH="33" VPOS="1358" HPOS="1785"/>
<String CONTENT="approved" HEIGHT="67" WIDTH="295" VPOS="1340" HPOS="1819"/>
<SP HEIGHT="54" WIDTH="34" VPOS="1339" HPOS="2115"/>
<String CONTENT="by" HEIGHT="69" WIDTH="74" VPOS="1339" HPOS="2150"/>
</TextLine>
<TextLine HEIGHT="69" WIDTH="2004" VPOS="1416" HPOS="219" STYLEREFS="StyleId-FC3C1BA7-DAD5-4F3E-85D0-ACBF8F452F97-">
<String CONTENT="the" HEIGHT="53" WIDTH="95" VPOS="1420" HPOS="219"/>
<SP HEIGHT="54" WIDTH="38" VPOS="1419" HPOS="315"/>
<String CONTENT="American" HEIGHT="53" WIDTH="305" VPOS="1418" HPOS="354"/>
<SP HEIGHT="51" WIDTH="43" VPOS="1418" HPOS="660"/>
<String CONTENT="heart" HEIGHT="51" WIDTH="161" VPOS="1418" HPOS="704"/>
<SP HEIGHT="45" WIDTH="41" VPOS="1424" HPOS="866"/>
<String CONTENT="association." HEIGHT="52" WIDTH="357" VPOS="1417" HPOS="908"/>
<SP HEIGHT="51" WIDTH="80" VPOS="1418" HPOS="1266"/>
<String CONTENT="New" HEIGHT="51" WIDTH="137" VPOS="1418" HPOS="1347"/>
<SP HEIGHT="52" WIDTH="45" VPOS="1418" HPOS="1485"/>
<String CONTENT="York," HEIGHT="68" WIDTH="179" VPOS="1417" HPOS="1531"/>
<SP HEIGHT="67" WIDTH="41" VPOS="1418" HPOS="1711"/>
<String LANG="fr" CONTENT="P." HEIGHT="53" WIDTH="65" VPOS="1418" HPOS="1753"/>
<SP HEIGHT="52" WIDTH="44" VPOS="1418" HPOS="1819"/>
<String CONTENT="B." HEIGHT="52" WIDTH="67" VPOS="1418" HPOS="1864"/>
<SP HEIGHT="53" WIDTH="43" VPOS="1418" HPOS="1932"/>
<String CONTENT="Hoeber," HEIGHT="69" WIDTH="247" VPOS="1416" HPOS="1976"/>
</TextLine>
<TextLine HEIGHT="66" WIDTH="311" VPOS="1498" HPOS="222" STYLEREFS="StyleId-FC3C1BA7-DAD5-4F3E-85D0-ACBF8F452F97-">
<String CONTENT="inc.," HEIGHT="66" WIDTH="124" VPOS="1498" HPOS="222"/>
<SP HEIGHT="63" WIDTH="37" VPOS="1501" HPOS="347"/>
<String CONTENT="1928." HEIGHT="50" WIDTH="148" VPOS="1499" HPOS="385"/>
</TextLine>
<TextLine HEIGHT="50" WIDTH="336" VPOS="1576" HPOS="290" CS="1">
<String CONTENT="xi" HEIGHT="40" WIDTH="49" VPOS="1579" HPOS="290"/>
<SP/>
<String CONTENT="92" HEIGHT="40" WIDTH="56" VPOS="1578" HPOS="383"/>
<SP HEIGHT="48" WIDTH="27" VPOS="1578" HPOS="440"/>
<String CONTENT="p." HEIGHT="37" WIDTH="42" VPOS="1589" HPOS="468"/>
<SP HEIGHT="40" WIDTH="59" VPOS="1578" HPOS="511"/>
<String CS="1" CONTENT="19&#189;&#7580;&#7504;." HEIGHT="41" WIDTH="55" VPOS="1576" HPOS="571"/>
</TextLine>
<TextLine HEIGHT="53" WIDTH="2001" VPOS="1632" HPOS="223" CS="1">
<String CONTENT="&#169;" HEIGHT="53" WIDTH="52" VPOS="1632" HPOS="223"/>
<SP HEIGHT="53" WIDTH="27" VPOS="1632" HPOS="276"/>
<String CONTENT="Aug." HEIGHT="40" WIDTH="119" VPOS="1638" HPOS="304"/>
<SP HEIGHT="40" WIDTH="27" VPOS="1636" HPOS="424"/>
<String CONTENT="18," HEIGHT="43" WIDTH="67" VPOS="1635" HPOS="452"/>
<SP HEIGHT="43" WIDTH="30" VPOS="1635" HPOS="520"/>
<String CS="1" CONTENT="1928;" HEIGHT="40" WIDTH="114" VPOS="1634" HPOS="551"/>
<SP HEIGHT="44" WIDTH="30" VPOS="1635" HPOS="692"/>
<String CONTENT="2c." HEIGHT="39" WIDTH="67" VPOS="1635" HPOS="723"/>
<SP HEIGHT="28" WIDTH="28" VPOS="1646" HPOS="791"/>
<String CONTENT="and" HEIGHT="38" WIDTH="95" VPOS="1635" HPOS="820"/>
<SP HEIGHT="38" WIDTH="29" VPOS="1635" HPOS="916"/>
<String CONTENT="aff." HEIGHT="41" WIDTH="82" VPOS="1633" HPOS="946"/>
<SP HEIGHT="40" WIDTH="28" VPOS="1634" HPOS="1029"/>
<String CONTENT="Aug." HEIGHT="46" WIDTH="119" VPOS="1634" HPOS="1058"/>
<SP HEIGHT="39" WIDTH="28" VPOS="1634" HPOS="1178"/>
<String CONTENT="31;" HEIGHT="41" WIDTH="83" VPOS="1634" HPOS="1207"/>
<SP HEIGHT="40" WIDTH="32" VPOS="1635" HPOS="1291"/>
<!-- cceid 267BA492-6CB2-1014-A20E-B9D6251C946A --><String CONTENT="A" HEIGHT="38" WIDTH="39" VPOS="1635" HPOS="1324"/>
<SP HEIGHT="38" WIDTH="27" VPOS="1635" HPOS="1364"/>
<String CS="1" CONTENT="1053092;" HEIGHT="45" WIDTH="231" VPOS="1635" HPOS="1392"/>
<SP HEIGHT="44" WIDTH="32" VPOS="1636" HPOS="1624"/>
<String CONTENT="Paul" HEIGHT="38" WIDTH="120" VPOS="1636" HPOS="1657"/>
<SP HEIGHT="39" WIDTH="32" VPOS="1635" HPOS="1778"/>
<String CONTENT="B." HEIGHT="39" WIDTH="54" VPOS="1635" HPOS="1811"/>
<SP HEIGHT="39" WIDTH="28" VPOS="1635" HPOS="1866"/>
<String CONTENT="Hoeber," HEIGHT="42" WIDTH="206" VPOS="1635" HPOS="1895"/>
<SP HEIGHT="42" WIDTH="30" VPOS="1635" HPOS="2102"/>
<String CONTENT="inc." HEIGHT="41" WIDTH="91" VPOS="1635" HPOS="2133"/>
</TextLine>
<TextLine HEIGHT="51" WIDTH="280" VPOS="1690" HPOS="299" CS="1">
<String CS="1" CONTENT="(28-20635)" HEIGHT="51" WIDTH="280" VPOS="1690" HPOS="299"/>
</TextLine>
<TextLine HEIGHT="63" WIDTH="931" VPOS="1784" HPOS="218" STYLEREFS="StyleId-FBCE5BDF-10B3-4D89-A75B-B0208684407C-">
<String CONTENT="Newton," HEIGHT="59" WIDTH="268" VPOS="1788" HPOS="218"/>
<SP HEIGHT="63" WIDTH="32" VPOS="1784" HPOS="487"/>
<String CONTENT="Joseph" HEIGHT="63" WIDTH="221" VPOS="1784" HPOS="520"/>
<SP HEIGHT="51" WIDTH="35" VPOS="1785" HPOS="742"/>
<String CONTENT="Fort," HEIGHT="62" WIDTH="161" VPOS="1785" HPOS="778"/>
<SP HEIGHT="57" WIDTH="37" VPOS="1790" HPOS="940"/>
<String CONTENT="1876-" HEIGHT="51" WIDTH="171" VPOS="1786" HPOS="978"/>
</TextLine>
<TextLine HEIGHT="148" WIDTH="1985" VPOS="1863" HPOS="216" STYLEREFS="StyleId-FC3C1BA7-DAD5-4F3E-85D0-ACBF8F452F97-" CS="1">
<String CONTENT="Short" HEIGHT="55" WIDTH="170" VPOS="1864" HPOS="286"/>
<SP HEIGHT="47" WIDTH="30" VPOS="1868" HPOS="457"/>
<String CONTENT="talks" HEIGHT="52" WIDTH="151" VPOS="1863" HPOS="488"/>
<SP HEIGHT="33" WIDTH="27" VPOS="1882" HPOS="640"/>
<String CONTENT="on" HEIGHT="33" WIDTH="71" VPOS="1882" HPOS="668"/>
<SP HEIGHT="33" WIDTH="29" VPOS="1881" HPOS="740"/>
<String CONTENT="masonry," HEIGHT="50" WIDTH="285" VPOS="1880" HPOS="770"/>
<SP HEIGHT="65" WIDTH="26" VPOS="1863" HPOS="1056"/>
<String CS="1" CONTENT="by" HEIGHT="52" WIDTH="35" VPOS="1863" HPOS="1083"/>
<SP HEIGHT="54" WIDTH="26" VPOS="1863" HPOS="1159"/>
<String CONTENT="Joseph" HEIGHT="68" WIDTH="220" VPOS="1863" HPOS="1186"/>
<SP HEIGHT="51" WIDTH="29" VPOS="1864" HPOS="1407"/>
<String CONTENT="Fort" HEIGHT="52" WIDTH="143" VPOS="1864" HPOS="1437"/>
<SP HEIGHT="52" WIDTH="27" VPOS="1864" HPOS="1581"/>
<String CONTENT="Newton" HEIGHT="52" WIDTH="242" VPOS="1864" HPOS="1609"/>
<SP HEIGHT="34" WIDTH="35" VPOS="1883" HPOS="1852"/>
<String CS="1" CONTENT="&#8230;"/>
<SP HEIGHT="55" WIDTH="77" VPOS="1864" HPOS="1944"/>
<String CONTENT="Washington," HEIGHT="147" WIDTH="1985" VPOS="1864" HPOS="216"/>
</TextLine>
<TextLine HEIGHT="68" WIDTH="1757" VPOS="1940" HPOS="468" STYLEREFS="StyleId-FC3C1BA7-DAD5-4F3E-85D0-ACBF8F452F97-">
<String LANG="fr" CONTENT="D." HEIGHT="50" WIDTH="70" VPOS="1943" HPOS="468"/>
<SP HEIGHT="55" WIDTH="37" VPOS="1940" HPOS="539"/>
<String CONTENT="C.," HEIGHT="68" WIDTH="81" VPOS="1940" HPOS="577"/>
<SP HEIGHT="66" WIDTH="35" VPOS="1942" HPOS="659"/>
<String CONTENT="The" HEIGHT="52" WIDTH="120" VPOS="1942" HPOS="695"/>
<SP HEIGHT="53" WIDTH="33" VPOS="1941" HPOS="816"/>
<String CONTENT="Masonic" HEIGHT="52" WIDTH="258" VPOS="1941" HPOS="850"/>
<SP HEIGHT="35" WIDTH="37" VPOS="1959" HPOS="1109"/>
<String CONTENT="service" HEIGHT="53" WIDTH="213" VPOS="1941" HPOS="1147"/>
<SP HEIGHT="34" WIDTH="35" VPOS="1960" HPOS="1361"/>
<String CONTENT="association" HEIGHT="53" WIDTH="339" VPOS="1942" HPOS="1397"/>
<SP HEIGHT="35" WIDTH="37" VPOS="1960" HPOS="1737"/>
<String CONTENT="of" HEIGHT="53" WIDTH="63" VPOS="1942" HPOS="1775"/>
<SP HEIGHT="53" WIDTH="36" VPOS="1942" HPOS="1839"/>
<String CONTENT="the" HEIGHT="53" WIDTH="96" VPOS="1942" HPOS="1876"/>
<SP HEIGHT="54" WIDTH="33" VPOS="1943" HPOS="1973"/>
<String CONTENT="United" HEIGHT="55" WIDTH="218" VPOS="1942" HPOS="2007"/>
</TextLine>
<TextLine HEIGHT="68" WIDTH="388" VPOS="2020" HPOS="217" STYLEREFS="StyleId-FC3C1BA7-DAD5-4F3E-85D0-ACBF8F452F97-">
<String CONTENT="States," HEIGHT="68" WIDTH="206" VPOS="2020" HPOS="217"/>
<SP HEIGHT="64" WIDTH="31" VPOS="2024" HPOS="424"/>
<String CONTENT="1928." HEIGHT="50" WIDTH="149" VPOS="2022" HPOS="456"/>
</TextLine>
<TextLine HEIGHT="49" WIDTH="576" VPOS="2102" HPOS="285" CS="1">
<String CONTENT="xii" HEIGHT="40" WIDTH="67" VPOS="2103" HPOS="285"/>
<SP/>
<String LANG="fr" CONTENT="p.," HEIGHT="37" WIDTH="57" VPOS="2114" HPOS="380"/>
<SP HEIGHT="44" WIDTH="28" VPOS="2104" HPOS="438"/>
<String CONTENT="1" HEIGHT="38" WIDTH="23" VPOS="2104" HPOS="467"/>
<SP HEIGHT="38" WIDTH="26" VPOS="2104" HPOS="491"/>
<String CS="1" CONTENT="l.,"/>
<SP HEIGHT="46" WIDTH="25" VPOS="2103" HPOS="563"/>
<String CONTENT="243" HEIGHT="40" WIDTH="85" VPOS="2103" HPOS="589"/>
<SP HEIGHT="48" WIDTH="25" VPOS="2103" HPOS="675"/>
<String CONTENT="p." HEIGHT="37" WIDTH="42" VPOS="2114" HPOS="701"/>
<SP HEIGHT="40" WIDTH="59" VPOS="2102" HPOS="744"/>
<String CS="1" CONTENT="20&#189;&#7580;&#7504;." HEIGHT="40" WIDTH="57" VPOS="2102" HPOS="804"/>
</TextLine>
<TextLine HEIGHT="52" WIDTH="2004" VPOS="2157" HPOS="219" CS="1">
<String CONTENT="&#169;" HEIGHT="52" WIDTH="51" VPOS="2157" HPOS="219"/>
<SP HEIGHT="52" WIDTH="26" VPOS="2157" HPOS="271"/>
<String CONTENT="June" HEIGHT="39" WIDTH="129" VPOS="2162" HPOS="298"/>
<SP HEIGHT="38" WIDTH="24" VPOS="2162" HPOS="428"/>
<String CONTENT="15," HEIGHT="46" WIDTH="68" VPOS="2161" HPOS="453"/>
<SP HEIGHT="45" WIDTH="29" VPOS="2162" HPOS="522"/>
<String CS="1" CONTENT="1928;" HEIGHT="35" WIDTH="8" VPOS="2171" HPOS="683"/>
<SP HEIGHT="46" WIDTH="29" VPOS="2160" HPOS="692"/>
<String CONTENT="2c." HEIGHT="41" WIDTH="68" VPOS="2160" HPOS="722"/>
<SP HEIGHT="41" WIDTH="26" VPOS="2160" HPOS="791"/>
<String CONTENT="Aug." HEIGHT="47" WIDTH="119" VPOS="2160" HPOS="818"/>
<SP HEIGHT="40" WIDTH="27" VPOS="2161" HPOS="938"/>
<String CONTENT="30;" HEIGHT="44" WIDTH="81" VPOS="2159" HPOS="966"/>
<SP HEIGHT="32" WIDTH="30" VPOS="2171" HPOS="1048"/>
<String CONTENT="aff." HEIGHT="40" WIDTH="83" VPOS="2160" HPOS="1079"/>
<SP HEIGHT="40" WIDTH="27" VPOS="2160" HPOS="1163"/>
<String CONTENT="Aug." HEIGHT="46" WIDTH="121" VPOS="2160" HPOS="1191"/>
<SP HEIGHT="40" WIDTH="27" VPOS="2160" HPOS="1313"/>
<String CONTENT="29':" HEIGHT="40" WIDTH="82" VPOS="2160" HPOS="1341"/>
<SP HEIGHT="40" WIDTH="32" VPOS="2160" HPOS="1424"/>
<!-- cceid 267BFC63-6CB2-1014-A20E-B9D6251C946A --><String CONTENT="A" HEIGHT="39" WIDTH="40" VPOS="2160" HPOS="1457"/>
<SP HEIGHT="39" WIDTH="28" VPOS="2160" HPOS="1498"/>
<String CONTENT="1054035;" HEIGHT="46" WIDTH="229" VPOS="2160" HPOS="1527"/>
<SP HEIGHT="44" WIDTH="34" VPOS="2162" HPOS="1757"/>
<String CONTENT="Masonic" HEIGHT="41" WIDTH="217" VPOS="2160" HPOS="1792"/>
<SP HEIGHT="30" WIDTH="28" VPOS="2171" HPOS="2010"/>
<String CONTENT="service" HEIGHT="40" WIDTH="184" VPOS="2160" HPOS="2039"/>
</TextLine>
<TextLine HEIGHT="48" WIDTH="1095" VPOS="2216" HPOS="289" CS="1">
<String CS="1" CONTENT="assn." HEIGHT="30" WIDTH="113" VPOS="2228" HPOS="289"/>
<SP HEIGHT="30" WIDTH="29" VPOS="2228" HPOS="419"/>
<String CONTENT="of" HEIGHT="40" WIDTH="51" VPOS="2217" HPOS="449"/>
<SP HEIGHT="40" WIDTH="26" VPOS="2217" HPOS="501"/>
<String CONTENT="the" HEIGHT="39" WIDTH="81" VPOS="2218" HPOS="528"/>
<SP HEIGHT="39" WIDTH="30" VPOS="2218" HPOS="610"/>
<String CONTENT="United" HEIGHT="41" WIDTH="178" VPOS="2216" HPOS="641"/>
<SP HEIGHT="40" WIDTH="32" VPOS="2217" HPOS="820"/>
<String CONTENT="States." HEIGHT="40" WIDTH="177" VPOS="2217" HPOS="853"/>
<SP HEIGHT="47" WIDTH="70" VPOS="2217" HPOS="1031"/>
<String CONTENT="(28-20730)" HEIGHT="48" WIDTH="282" VPOS="2216" HPOS="1102"/>
</TextLine>
<TextLine HEIGHT="63" WIDTH="1197" VPOS="2320" HPOS="215" STYLEREFS="StyleId-FBCE5BDF-10B3-4D89-A75B-B0208684407C-" CS="1">
<String CONTENT="Nixon," HEIGHT="63" WIDTH="215" VPOS="2320" HPOS="215"/>
<SP HEIGHT="63" WIDTH="25" VPOS="2320" HPOS="431"/>
<String CONTENT="William" HEIGHT="54" WIDTH="256" VPOS="2320" HPOS="457"/>
<SP HEIGHT="53" WIDTH="29" VPOS="2320" HPOS="714"/>
<String LANG="fr" CONTENT="G" HEIGHT="53" WIDTH="48" VPOS="2320" HPOS="744"/>
<SP/>
<String CONTENT="1865-1926." HEIGHT="49" WIDTH="326" VPOS="2325" HPOS="1086"/>
</TextLine>
<TextLine HEIGHT="70" WIDTH="1947" VPOS="2397" HPOS="281" STYLEREFS="StyleId-FC3C1BA7-DAD5-4F3E-85D0-ACBF8F452F97-">
<String CONTENT="W." HEIGHT="54" WIDTH="89" VPOS="2399" HPOS="281"/>
<SP HEIGHT="55" WIDTH="46" VPOS="2397" HPOS="371"/>
<String CONTENT="G." HEIGHT="55" WIDTH="69" VPOS="2397" HPOS="418"/>
<SP HEIGHT="51" WIDTH="44" VPOS="2399" HPOS="488"/>
<String CONTENT="Nixon&#8217;s" HEIGHT="53" WIDTH="239" VPOS="2398" HPOS="533"/>
<SP HEIGHT="34" WIDTH="41" VPOS="2417" HPOS="773"/>
<String CONTENT="sermons." HEIGHT="34" WIDTH="268" VPOS="2416" HPOS="815"/>
<SP HEIGHT="52" WIDTH="74" VPOS="2398" HPOS="1084"/>
<String CONTENT="Memorial" HEIGHT="52" WIDTH="305" VPOS="2398" HPOS="1159"/>
<SP HEIGHT="52" WIDTH="43" VPOS="2399" HPOS="1465"/>
<String CONTENT="ed." HEIGHT="52" WIDTH="84" VPOS="2399" HPOS="1509"/>
<SP HEIGHT="54" WIDTH="74" VPOS="2399" HPOS="1594"/>
<String CONTENT="University" HEIGHT="70" WIDTH="341" VPOS="2397" HPOS="1669"/>
<SP HEIGHT="68" WIDTH="40" VPOS="2399" HPOS="2011"/>
<String CONTENT="Park," HEIGHT="68" WIDTH="176" VPOS="2398" HPOS="2052"/>
</TextLine>
<TextLine HEIGHT="67" WIDTH="1173" VPOS="2476" HPOS="250" STYLEREFS="StyleId-FC3C1BA7-DAD5-4F3E-85D0-ACBF8F452F97-" CS="1">
<String CS="1" CONTENT="Ia.," HEIGHT="36" WIDTH="65" VPOS="2496" HPOS="250"/>
<SP HEIGHT="54" WIDTH="26" VPOS="2478" HPOS="316"/>
<String CONTENT="John" HEIGHT="52" WIDTH="157" VPOS="2477" HPOS="343"/>
<SP HEIGHT="50" WIDTH="27" VPOS="2478" HPOS="501"/>
<String CONTENT="Fletcher" HEIGHT="53" WIDTH="265" VPOS="2476" HPOS="529"/>
<SP HEIGHT="34" WIDTH="24" VPOS="2495" HPOS="795"/>
<String CONTENT="college" HEIGHT="66" WIDTH="212" VPOS="2477" HPOS="820"/>
<SP HEIGHT="48" WIDTH="25" VPOS="2495" HPOS="1033"/>
<String CONTENT="press" HEIGHT="49" WIDTH="156" VPOS="2494" HPOS="1059"/>
<SP HEIGHT="61" WIDTH="31" VPOS="2481" HPOS="1216"/>
<String CS="1" CONTENT="[&#7580;"/>
<String LANG="la" CS="1" CONTENT="1928]" HEIGHT="49" WIDTH="133" VPOS="2479" HPOS="1290"/>
</TextLine>
<TextLine HEIGHT="49" WIDTH="718" VPOS="2558" HPOS="283" CS="1">
<String CONTENT="3" HEIGHT="39" WIDTH="27" VPOS="2560" HPOS="283"/>
<SP HEIGHT="47" WIDTH="25" VPOS="2560" HPOS="311"/>
<String LANG="fr" CONTENT="p." HEIGHT="37" WIDTH="42" VPOS="2570" HPOS="337"/>
<SP HEIGHT="38" WIDTH="29" VPOS="2561" HPOS="380"/>
<String CONTENT="1." HEIGHT="38" WIDTH="30" VPOS="2561" HPOS="410"/>
<SP HEIGHT="41" WIDTH="45" VPOS="2558" HPOS="441"/>
<String CONTENT="5-149" HEIGHT="41" WIDTH="143" VPOS="2558" HPOS="487"/>
<SP HEIGHT="48" WIDTH="26" VPOS="2558" HPOS="631"/>
<String CONTENT="p." HEIGHT="38" WIDTH="43" VPOS="2568" HPOS="658"/>
<SP HEIGHT="37" WIDTH="59" VPOS="2570" HPOS="702"/>
<String CONTENT="port." HEIGHT="46" WIDTH="123" VPOS="2561" HPOS="762"/>
<SP HEIGHT="40" WIDTH="59" VPOS="2559" HPOS="886"/>
<String CS="1" CONTENT="19&#189;&#7580;&#7504;." HEIGHT="40" WIDTH="55" VPOS="2559" HPOS="946"/>
</TextLine>
<TextLine HEIGHT="52" WIDTH="2004" VPOS="2612" HPOS="221" CS="1">
<String CONTENT="&#169;" HEIGHT="52" WIDTH="51" VPOS="2612" HPOS="221"/>
<SP HEIGHT="52" WIDTH="23" VPOS="2612" HPOS="273"/>
<String CONTENT="Aug." HEIGHT="44" WIDTH="120" VPOS="2618" HPOS="297"/>
<SP HEIGHT="40" WIDTH="24" VPOS="2618" HPOS="418"/>
<String CONTENT="1," HEIGHT="46" WIDTH="38" VPOS="2618" HPOS="443"/>
<SP HEIGHT="47" WIDTH="24" VPOS="2617" HPOS="482"/>
<String CS="1" CONTENT="1928;"/>
<SP HEIGHT="40" WIDTH="25" VPOS="2617" HPOS="648"/>
<String CONTENT="2c." HEIGHT="40" WIDTH="67" VPOS="2617" HPOS="674"/>
<SP HEIGHT="39" WIDTH="25" VPOS="2618" HPOS="742"/>
<String CONTENT="Aug." HEIGHT="45" WIDTH="119" VPOS="2618" HPOS="768"/>
<SP HEIGHT="40" WIDTH="25" VPOS="2617" HPOS="888"/>
<String CONTENT="13;" HEIGHT="40" WIDTH="80" VPOS="2617" HPOS="914"/>
<SP HEIGHT="30" WIDTH="28" VPOS="2627" HPOS="995"/>
<String CONTENT="aff." HEIGHT="41" WIDTH="82" VPOS="2615" HPOS="1024"/>
<SP HEIGHT="38" WIDTH="25" VPOS="2618" HPOS="1107"/>
<String CONTENT="Aug." HEIGHT="44" WIDTH="120" VPOS="2618" HPOS="1133"/>
<SP HEIGHT="38" WIDTH="24" VPOS="2617" HPOS="1254"/>
<String CS="1" CONTENT="31:" HEIGHT="38" WIDTH="49" VPOS="2617" HPOS="1279"/>
<SP HEIGHT="38" WIDTH="29" VPOS="2618" HPOS="1362"/>
<!-- cceid 267C50E7-6CB2-1014-A20E-B9D6251C946A --><String CONTENT="A" HEIGHT="37" WIDTH="38" VPOS="2618" HPOS="1392"/>
<SP HEIGHT="38" WIDTH="24" VPOS="2617" HPOS="1431"/>
<String CONTENT="1053120;" HEIGHT="47" WIDTH="230" VPOS="2616" HPOS="1456"/>
<SP HEIGHT="46" WIDTH="28" VPOS="2617" HPOS="1687"/>
<String CONTENT="Jeanette" HEIGHT="39" WIDTH="227" VPOS="2617" HPOS="1716"/>
<SP HEIGHT="38" WIDTH="27" VPOS="2617" HPOS="1944"/>
<String CONTENT="Elizabeth" HEIGHT="41" WIDTH="253" VPOS="2616" HPOS="1972"/>
</TextLine>
<TextLine HEIGHT="49" WIDTH="1046" VPOS="2672" HPOS="292">
<String CONTENT="Sherman" HEIGHT="40" WIDTH="237" VPOS="2673" HPOS="292"/>
<SP HEIGHT="38" WIDTH="33" VPOS="2674" HPOS="530"/>
<String CONTENT="Nixon," HEIGHT="46" WIDTH="174" VPOS="2673" HPOS="564"/>
<SP HEIGHT="45" WIDTH="37" VPOS="2674" HPOS="739"/>
<String CONTENT="Detroit." HEIGHT="42" WIDTH="207" VPOS="2672" HPOS="777"/>
<SP HEIGHT="47" WIDTH="70" VPOS="2674" HPOS="985"/>
<String CONTENT="(28-20780)" HEIGHT="48" WIDTH="282" VPOS="2673" HPOS="1056"/>
</TextLine>
<TextLine HEIGHT="63" WIDTH="1104" VPOS="2752" HPOS="219" STYLEREFS="StyleId-FBCE5BDF-10B3-4D89-A75B-B0208684407C-">
<String CONTENT="Norton," HEIGHT="61" WIDTH="250" VPOS="2753" HPOS="219"/>
<SP HEIGHT="61" WIDTH="33" VPOS="2753" HPOS="470"/>
<String CONTENT="Charles" HEIGHT="54" WIDTH="247" VPOS="2752" HPOS="504"/>
<SP HEIGHT="52" WIDTH="30" VPOS="2753" HPOS="752"/>
<String CONTENT="Eliot," HEIGHT="63" WIDTH="177" VPOS="2752" HPOS="783"/>
<SP HEIGHT="57" WIDTH="34" VPOS="2758" HPOS="961"/>
<String CONTENT="1827-1908." HEIGHT="52" WIDTH="327" VPOS="2754" HPOS="996"/>
</TextLine>
<TextLine HEIGHT="70" WIDTH="1945" VPOS="2829" HPOS="285" STYLEREFS="StyleId-FC3C1BA7-DAD5-4F3E-85D0-ACBF8F452F97-">
<String CONTENT="A" HEIGHT="53" WIDTH="56" VPOS="2830" HPOS="285"/>
<SP HEIGHT="53" WIDTH="31" VPOS="2830" HPOS="342"/>
<String CONTENT="leaf" HEIGHT="54" WIDTH="121" VPOS="2829" HPOS="374"/>
<SP HEIGHT="53" WIDTH="32" VPOS="2829" HPOS="496"/>
<String CONTENT="of" HEIGHT="53" WIDTH="65" VPOS="2829" HPOS="529"/>
<SP HEIGHT="70" WIDTH="31" VPOS="2829" HPOS="595"/>
<String CONTENT="grass" HEIGHT="50" WIDTH="161" VPOS="2849" HPOS="627"/>
<SP HEIGHT="53" WIDTH="34" VPOS="2830" HPOS="789"/>
<String CONTENT="from" HEIGHT="53" WIDTH="153" VPOS="2830" HPOS="824"/>
<SP HEIGHT="55" WIDTH="36" VPOS="2830" HPOS="978"/>
<String CONTENT="Shady" HEIGHT="69" WIDTH="199" VPOS="2830" HPOS="1015"/>
<SP HEIGHT="68" WIDTH="32" VPOS="2831" HPOS="1215"/>
<String CONTENT="hill." HEIGHT="52" WIDTH="124" VPOS="2831" HPOS="1248"/>
<SP HEIGHT="55" WIDTH="91" VPOS="2830" HPOS="1373"/>
<String CONTENT="With" HEIGHT="55" WIDTH="163" VPOS="2830" HPOS="1465"/>
<SP HEIGHT="51" WIDTH="35" VPOS="2832" HPOS="1629"/>
<String CONTENT="a" HEIGHT="33" WIDTH="31" VPOS="2850" HPOS="1665"/>
<SP HEIGHT="33" WIDTH="34" VPOS="2850" HPOS="1697"/>
<String CONTENT="review" HEIGHT="53" WIDTH="206" VPOS="2831" HPOS="1732"/>
<SP HEIGHT="34" WIDTH="33" VPOS="2849" HPOS="1939"/>
<String CONTENT="of" HEIGHT="53" WIDTH="65" VPOS="2830" HPOS="1973"/>
<SP HEIGHT="54" WIDTH="30" VPOS="2830" HPOS="2039"/>
<String CONTENT="Walt" HEIGHT="53" WIDTH="160" VPOS="2831" HPOS="2070"/>
</TextLine>
<TextLine HEIGHT="132" WIDTH="1989" VPOS="2908" HPOS="217" STYLEREFS="StyleId-FC3C1BA7-DAD5-4F3E-85D0-ACBF8F452F97-" CS="1">
<String CONTENT="Whitman&#8217;s" HEIGHT="55" WIDTH="346" VPOS="2908" HPOS="217"/>
<SP HEIGHT="53" WIDTH="35" VPOS="2909" HPOS="564"/>
<String CONTENT="Leaves" HEIGHT="53" WIDTH="212" VPOS="2909" HPOS="600"/>
<SP HEIGHT="35" WIDTH="36" VPOS="2927" HPOS="813"/>
<String CONTENT="of" HEIGHT="53" WIDTH="66" VPOS="2908" HPOS="850"/>
<SP HEIGHT="69" WIDTH="34" VPOS="2908" HPOS="917"/>
<String CONTENT="grass." HEIGHT="50" WIDTH="177" VPOS="2927" HPOS="952"/>
<SP HEIGHT="53" WIDTH="73" VPOS="2909" HPOS="1130"/>
<String CONTENT="Written" HEIGHT="53" WIDTH="255" VPOS="2909" HPOS="1204"/>
<SP HEIGHT="53" WIDTH="34" VPOS="2909" HPOS="1460"/>
<String CONTENT="by" HEIGHT="68" WIDTH="76" VPOS="2909" HPOS="1495"/>
<SP HEIGHT="69" WIDTH="37" VPOS="2908" HPOS="1572"/>
<String CONTENT="Charles" HEIGHT="55" WIDTH="238" VPOS="2908" HPOS="1610"/>
<SP HEIGHT="53" WIDTH="36" VPOS="2909" HPOS="1849"/>
<String CONTENT="Eliot" HEIGHT="53" WIDTH="161" VPOS="2908" HPOS="1886"/>
<SP HEIGHT="52" WIDTH="36" VPOS="2909" HPOS="2048"/>
<String CONTENT="Norton" HEIGHT="130" WIDTH="1987" VPOS="2909" HPOS="219"/>
<SP HEIGHT="52" WIDTH="29" VPOS="2986" HPOS="315"/>
<String CONTENT="in" HEIGHT="52" WIDTH="59" VPOS="2986" HPOS="345"/>
<SP HEIGHT="48" WIDTH="34" VPOS="2990" HPOS="405"/>
<String CONTENT="1855." HEIGHT="50" WIDTH="150" VPOS="2990" HPOS="440"/>
</TextLine>
<TextLine HEIGHT="148" WIDTH="1985" VPOS="2985" HPOS="218" STYLEREFS="StyleId-FC3C1BA7-DAD5-4F3E-85D0-ACBF8F452F97-" CS="1">
<String CONTENT="[Cambridge," HEIGHT="70" WIDTH="384" VPOS="2985" HPOS="672"/>
<SP HEIGHT="65" WIDTH="28" VPOS="2987" HPOS="1057"/>
<String CONTENT="Mass.," HEIGHT="67" WIDTH="194" VPOS="2987" HPOS="1086"/>
<SP HEIGHT="67" WIDTH="26" VPOS="2987" HPOS="1281"/>
<String CONTENT="Printed" HEIGHT="53" WIDTH="244" VPOS="2986" HPOS="1308"/>
<SP HEIGHT="53" WIDTH="30" VPOS="2986" HPOS="1553"/>
<String CONTENT="at" HEIGHT="47" WIDTH="58" VPOS="2992" HPOS="1584"/>
<SP HEIGHT="47" WIDTH="28" VPOS="2992" HPOS="1643"/>
<String CONTENT="the" HEIGHT="53" WIDTH="96" VPOS="2987" HPOS="1672"/>
<SP HEIGHT="52" WIDTH="27" VPOS="2988" HPOS="1769"/>
<String CONTENT="Harvard" HEIGHT="52" WIDTH="275" VPOS="2988" HPOS="1797"/>
<SP HEIGHT="52" WIDTH="31" VPOS="2988" HPOS="2073"/>
<String CONTENT="university" HEIGHT="146" WIDTH="1985" VPOS="2987" HPOS="218"/>
<SP HEIGHT="50" WIDTH="31" VPOS="3083" HPOS="433"/>
<String CONTENT="press," HEIGHT="49" WIDTH="176" VPOS="3083" HPOS="465"/>
<SP HEIGHT="63" WIDTH="31" VPOS="3069" HPOS="642"/>
<String STYLE="superscript" CS="1" CONTENT="&#7580;19"/>
<String CONTENT="28]" HEIGHT="63" WIDTH="84" VPOS="3067" HPOS="765"/>
</TextLine>
<TextLine HEIGHT="50" WIDTH="677" VPOS="3146" HPOS="286" CS="1">
<String CONTENT="31" HEIGHT="40" WIDTH="54" VPOS="3148" HPOS="286"/>
<SP HEIGHT="47" WIDTH="39" VPOS="3149" HPOS="341"/>
<String CONTENT="p." HEIGHT="37" WIDTH="44" VPOS="3159" HPOS="381"/>
<SP HEIGHT="41" WIDTH="57" VPOS="3147" HPOS="426"/>
<String CS="1" CONTENT="front."/>
<SP HEIGHT="48" WIDTH="28" VPOS="3147" HPOS="636"/>
<String CONTENT="(port.)" HEIGHT="49" WIDTH="173" VPOS="3146" HPOS="665"/>
<SP HEIGHT="48" WIDTH="65" VPOS="3146" HPOS="839"/>
<String CS="1" CONTENT="28&#189;" HEIGHT="41" WIDTH="58" VPOS="3147" HPOS="905"/>
<String STYLE="superscript" CS="1" CONTENT="&#7580;&#7504;."/>
</TextLine>
<TextLine HEIGHT="162" WIDTH="1993" VPOS="3203" HPOS="218" CS="1">
<String CONTENT="&#8220;This" HEIGHT="39" WIDTH="147" VPOS="3205" HPOS="288"/>
<SP HEIGHT="29" WIDTH="38" VPOS="3215" HPOS="436"/>
<String CONTENT="volume" HEIGHT="39" WIDTH="191" VPOS="3205" HPOS="475"/>
<SP HEIGHT="39" WIDTH="38" VPOS="3204" HPOS="667"/>
<String CONTENT="is" HEIGHT="38" WIDTH="41" VPOS="3204" HPOS="706"/>
<SP HEIGHT="37" WIDTH="39" VPOS="3214" HPOS="748"/>
<String CONTENT="printed" HEIGHT="48" WIDTH="193" VPOS="3203" HPOS="788"/>
<SP HEIGHT="39" WIDTH="36" VPOS="3204" HPOS="982"/>
<String CONTENT="for" HEIGHT="39" WIDTH="79" VPOS="3204" HPOS="1019"/>
<SP HEIGHT="38" WIDTH="38" VPOS="3206" HPOS="1099"/>
<String CONTENT="the" HEIGHT="39" WIDTH="81" VPOS="3205" HPOS="1138"/>
<SP HEIGHT="39" WIDTH="39" VPOS="3205" HPOS="1220"/>
<String CONTENT="John" HEIGHT="40" WIDTH="128" VPOS="3204" HPOS="1260"/>
<SP HEIGHT="38" WIDTH="39" VPOS="3205" HPOS="1389"/>
<String CONTENT="Barnard" HEIGHT="38" WIDTH="225" VPOS="3205" HPOS="1429"/>
<SP HEIGHT="38" WIDTH="40" VPOS="3205" HPOS="1655"/>
<String CONTENT="associates," HEIGHT="42" WIDTH="281" VPOS="3204" HPOS="1696"/>
<SP HEIGHT="38" WIDTH="40" VPOS="3208" HPOS="1978"/>
<String CONTENT="to" HEIGHT="37" WIDTH="49" VPOS="3208" HPOS="2019"/>
<SP HEIGHT="30" WIDTH="36" VPOS="3216" HPOS="2069"/>
<String CONTENT="commemorate" HEIGHT="85" WIDTH="1990" VPOS="3217" HPOS="218"/>
<SP HEIGHT="39" WIDTH="28" VPOS="3262" HPOS="483"/>
<String CONTENT="the" HEIGHT="39" WIDTH="82" VPOS="3261" HPOS="512"/>
<SP HEIGHT="39" WIDTH="26" VPOS="3261" HPOS="595"/>
<String CONTENT="hundredth" HEIGHT="39" WIDTH="280" VPOS="3261" HPOS="622"/>
<SP HEIGHT="39" WIDTH="28" VPOS="3261" HPOS="903"/>
<String CONTENT="anniversary" HEIGHT="48" WIDTH="324" VPOS="3260" HPOS="932"/>
<SP HEIGHT="37" WIDTH="27" VPOS="3271" HPOS="1257"/>
<String CONTENT="of" HEIGHT="41" WIDTH="52" VPOS="3260" HPOS="1285"/>
<SP HEIGHT="40" WIDTH="26" VPOS="3260" HPOS="1338"/>
<String CONTENT="the" HEIGHT="40" WIDTH="82" VPOS="3261" HPOS="1365"/>
<SP HEIGHT="40" WIDTH="26" VPOS="3261" HPOS="1448"/>
<String CONTENT="birth" HEIGHT="40" WIDTH="132" VPOS="3260" HPOS="1475"/>
<SP HEIGHT="39" WIDTH="27" VPOS="3262" HPOS="1608"/>
<String CONTENT="of" HEIGHT="40" WIDTH="53" VPOS="3261" HPOS="1636"/>
<SP HEIGHT="42" WIDTH="27" VPOS="3260" HPOS="1690"/>
<String CONTENT="Charles" HEIGHT="42" WIDTH="203" VPOS="3260" HPOS="1718"/>
<SP HEIGHT="38" WIDTH="29" VPOS="3263" HPOS="1922"/>
<String CONTENT="Eliot" HEIGHT="41" WIDTH="131" VPOS="3261" HPOS="1952"/>
<SP HEIGHT="39" WIDTH="27" VPOS="3263" HPOS="2084"/>
<String CONTENT="Norton," HEIGHT="102" WIDTH="1992" VPOS="3263" HPOS="219"/>
<SP HEIGHT="46" WIDTH="31" VPOS="3319" HPOS="314"/>
<String CONTENT="1827-1927.&#8221;" HEIGHT="42" WIDTH="305" VPOS="3316" HPOS="346"/>
</TextLine>
<TextLine HEIGHT="50" WIDTH="1826" VPOS="3372" HPOS="289" CS="1">
<String CONTENT="&#8220;An" HEIGHT="40" WIDTH="102" VPOS="3374" HPOS="289"/>
<SP HEIGHT="30" WIDTH="30" VPOS="3384" HPOS="392"/>
<String CONTENT="explanatory" HEIGHT="48" WIDTH="323" VPOS="3374" HPOS="423"/>
<SP HEIGHT="38" WIDTH="29" VPOS="3383" HPOS="747"/>
<String CONTENT="essay" HEIGHT="36" WIDTH="142" VPOS="3383" HPOS="777"/>
<SP HEIGHT="47" WIDTH="30" VPOS="3372" HPOS="920"/>
<String CONTENT="by" HEIGHT="48" WIDTH="62" VPOS="3372" HPOS="951"/>
<SP HEIGHT="47" WIDTH="32" VPOS="3373" HPOS="1014"/>
<String CONTENT="Kenneth" HEIGHT="41" WIDTH="226" VPOS="3372" HPOS="1047"/>
<SP HEIGHT="40" WIDTH="33" VPOS="3372" HPOS="1274"/>
<String CONTENT="Ballard" HEIGHT="39" WIDTH="203" VPOS="3373" HPOS="1308"/>
<SP HEIGHT="39" WIDTH="33" VPOS="3373" HPOS="1512"/>
<String CS="1" CONTENT="Murdoch&#8221;:" HEIGHT="46" WIDTH="263" VPOS="3372" HPOS="1546"/>
<SP HEIGHT="37" WIDTH="33" VPOS="3384" HPOS="1839"/>
<String CONTENT="p." HEIGHT="37" WIDTH="43" VPOS="3384" HPOS="1873"/>
<SP HEIGHT="29" WIDTH="35" VPOS="3393" HPOS="1917"/>
<String CS="1" CONTENT="[7]-20." HEIGHT="41" WIDTH="147" VPOS="3374" HPOS="1968"/>
</TextLine>
<TextLine HEIGHT="106" WIDTH="1990" VPOS="3429" HPOS="218" CS="1">
<String CONTENT="The" HEIGHT="40" WIDTH="101" VPOS="3431" HPOS="287"/>
<SP HEIGHT="37" WIDTH="29" VPOS="3441" HPOS="389"/>
<String CONTENT="poem" HEIGHT="37" WIDTH="136" VPOS="3441" HPOS="419"/>
<SP HEIGHT="39" WIDTH="29" VPOS="3429" HPOS="556"/>
<String CONTENT="is" HEIGHT="40" WIDTH="41" VPOS="3429" HPOS="586"/>
<SP HEIGHT="40" WIDTH="31" VPOS="3429" HPOS="628"/>
<String CONTENT="&#8220;now" HEIGHT="40" WIDTH="135" VPOS="3429" HPOS="660"/>
<SP HEIGHT="37" WIDTH="27" VPOS="3440" HPOS="796"/>
<String CONTENT="printed" HEIGHT="48" WIDTH="195" VPOS="3429" HPOS="824"/>
<SP HEIGHT="39" WIDTH="28" VPOS="3429" HPOS="1020"/>
<String CONTENT="for" HEIGHT="40" WIDTH="79" VPOS="3429" HPOS="1049"/>
<SP HEIGHT="38" WIDTH="26" VPOS="3431" HPOS="1129"/>
<String CONTENT="the" HEIGHT="39" WIDTH="83" VPOS="3430" HPOS="1156"/>
<SP HEIGHT="40" WIDTH="29" VPOS="3429" HPOS="1240"/>
<String CONTENT="first" HEIGHT="40" WIDTH="106" VPOS="3429" HPOS="1270"/>
<SP HEIGHT="38" WIDTH="30" VPOS="3431" HPOS="1377"/>
<String CONTENT="time" HEIGHT="40" WIDTH="115" VPOS="3429" HPOS="1408"/>
<SP HEIGHT="40" WIDTH="27" VPOS="3429" HPOS="1524"/>
<String CONTENT="from" HEIGHT="40" WIDTH="128" VPOS="3429" HPOS="1552"/>
<SP HEIGHT="38" WIDTH="30" VPOS="3431" HPOS="1681"/>
<String CONTENT="the" HEIGHT="39" WIDTH="81" VPOS="3430" HPOS="1712"/>
<SP HEIGHT="30" WIDTH="28" VPOS="3439" HPOS="1794"/>
<String CONTENT="original" HEIGHT="46" WIDTH="207" VPOS="3429" HPOS="1823"/>
<SP HEIGHT="38" WIDTH="32" VPOS="3431" HPOS="2031"/>
<String CONTENT="manuscript" HEIGHT="94" WIDTH="1990" VPOS="3441" HPOS="218"/>
<SP HEIGHT="41" WIDTH="26" VPOS="3487" HPOS="369"/>
<String CONTENT="in" HEIGHT="38" WIDTH="50" VPOS="3487" HPOS="396"/>
<SP HEIGHT="37" WIDTH="28" VPOS="3489" HPOS="447"/>
<String CONTENT="the" HEIGHT="39" WIDTH="81" VPOS="3487" HPOS="476"/>
<SP HEIGHT="39" WIDTH="26" VPOS="3487" HPOS="558"/>
<String CONTENT="Norton" HEIGHT="39" WIDTH="186" VPOS="3487" HPOS="585"/>
</TextLine>
<TextLine HEIGHT="106" WIDTH="1993" VPOS="3485" HPOS="218" CS="1">
<String CONTENT="collection" HEIGHT="40" WIDTH="253" VPOS="3485" HPOS="800"/>
<SP HEIGHT="28" WIDTH="27" VPOS="3496" HPOS="1054"/>
<String CONTENT="of" HEIGHT="39" WIDTH="51" VPOS="3485" HPOS="1082"/>
<SP HEIGHT="40" WIDTH="25" VPOS="3485" HPOS="1134"/>
<String CONTENT="the" HEIGHT="39" WIDTH="82" VPOS="3486" HPOS="1160"/>
<SP HEIGHT="39" WIDTH="28" VPOS="3485" HPOS="1243"/>
<String CONTENT="Harvard" HEIGHT="39" WIDTH="229" VPOS="3485" HPOS="1272"/>
<SP HEIGHT="38" WIDTH="28" VPOS="3487" HPOS="1502"/>
<String CONTENT="college" HEIGHT="45" WIDTH="179" VPOS="3486" HPOS="1531"/>
<SP HEIGHT="38" WIDTH="26" VPOS="3487" HPOS="1711"/>
<String CONTENT="library&#8221;." HEIGHT="48" WIDTH="231" VPOS="3485" HPOS="1738"/>
<SP HEIGHT="39" WIDTH="59" VPOS="3487" HPOS="1970"/>
<String CONTENT="The" HEIGHT="38" WIDTH="101" VPOS="3487" HPOS="2030"/>
<SP HEIGHT="28" WIDTH="28" VPOS="3497" HPOS="2132"/>
<String CONTENT="review" HEIGHT="87" WIDTH="1993" VPOS="3497" HPOS="218"/>
<SP HEIGHT="39" WIDTH="26" VPOS="3543" HPOS="341"/>
<String CONTENT="is" HEIGHT="40" WIDTH="41" VPOS="3543" HPOS="368"/>
<SP HEIGHT="38" WIDTH="30" VPOS="3545" HPOS="410"/>
<String CONTENT="&#8220;reprinted" HEIGHT="48" WIDTH="276" VPOS="3543" HPOS="441"/>
</TextLine>
<TextLine HEIGHT="49" WIDTH="1481" VPOS="3541" HPOS="748">
<String CONTENT="from" HEIGHT="40" WIDTH="127" VPOS="3542" HPOS="748"/>
<SP HEIGHT="38" WIDTH="30" VPOS="3543" HPOS="876"/>
<String CONTENT="Putnam's" HEIGHT="40" WIDTH="251" VPOS="3541" HPOS="907"/>
<SP HEIGHT="28" WIDTH="29" VPOS="3552" HPOS="1159"/>
<String CONTENT="monthly." HEIGHT="45" WIDTH="233" VPOS="3543" HPOS="1189"/>
<SP HEIGHT="40" WIDTH="18" VPOS="3543" HPOS="1423"/>
<String CONTENT="New" HEIGHT="39" WIDTH="116" VPOS="3543" HPOS="1442"/>
<SP HEIGHT="37" WIDTH="29" VPOS="3543" HPOS="1559"/>
<String CONTENT="York." HEIGHT="40" WIDTH="144" VPOS="3543" HPOS="1589"/>
<SP HEIGHT="41" WIDTH="21" VPOS="3542" HPOS="1734"/>
<String CONTENT="September." HEIGHT="48" WIDTH="293" VPOS="3542" HPOS="1756"/>
<SP HEIGHT="40" WIDTH="19" VPOS="3543" HPOS="2050"/>
<String CONTENT="1855&#8221;." HEIGHT="40" WIDTH="159" VPOS="3542" HPOS="2070"/>
</TextLine>
<TextLine HEIGHT="53" WIDTH="2002" VPOS="3595" HPOS="225" CS="1">
<String CONTENT="&#169;" HEIGHT="53" WIDTH="52" VPOS="3595" HPOS="225"/>
<SP HEIGHT="53" WIDTH="28" VPOS="3595" HPOS="278"/>
<String CONTENT="June" HEIGHT="40" WIDTH="127" VPOS="3600" HPOS="307"/>
<SP HEIGHT="40" WIDTH="25" VPOS="3600" HPOS="435"/>
<String CONTENT="20," HEIGHT="47" WIDTH="69" VPOS="3599" HPOS="461"/>
<SP HEIGHT="46" WIDTH="29" VPOS="3600" HPOS="531"/>
<String CONTENT="1928;" HEIGHT="42" WIDTH="139" VPOS="3599" HPOS="561"/>
<SP HEIGHT="43" WIDTH="29" VPOS="3598" HPOS="701"/>
<String CONTENT="2c." HEIGHT="41" WIDTH="67" VPOS="3598" HPOS="731"/>
<SP HEIGHT="39" WIDTH="28" VPOS="3600" HPOS="799"/>
<String CONTENT="Aug." HEIGHT="45" WIDTH="119" VPOS="3600" HPOS="828"/>
<SP HEIGHT="39" WIDTH="27" VPOS="3599" HPOS="948"/>
<String CS="1" CONTENT="6;" HEIGHT="32" WIDTH="8" VPOS="3609" HPOS="1020"/>
<SP HEIGHT="32" WIDTH="30" VPOS="3609" HPOS="1029"/>
<String CONTENT="aff." HEIGHT="41" WIDTH="83" VPOS="3598" HPOS="1060"/>
<SP HEIGHT="41" WIDTH="28" VPOS="3598" HPOS="1144"/>
<String CONTENT="July" HEIGHT="47" WIDTH="116" VPOS="3598" HPOS="1173"/>
<SP HEIGHT="45" WIDTH="29" VPOS="3600" HPOS="1290"/>
<String CS="1" CONTENT="18;" HEIGHT="39" WIDTH="53" VPOS="3598" HPOS="1320"/>
<SP HEIGHT="40" WIDTH="32" VPOS="3599" HPOS="1401"/>
<!-- cceid 267CADD6-6CB2-1014-A20E-B9D6251C946A --><String CONTENT="A" HEIGHT="37" WIDTH="36" VPOS="3599" HPOS="1434"/>
<SP HEIGHT="37" WIDTH="31" VPOS="3599" HPOS="1471"/>
<String CS="1" CONTENT="1082903;" HEIGHT="40" WIDTH="202" VPOS="3597" HPOS="1503"/>
<SP HEIGHT="41" WIDTH="32" VPOS="3599" HPOS="1733"/>
<String CONTENT="Kenneth" HEIGHT="39" WIDTH="225" VPOS="3599" HPOS="1766"/>
<SP HEIGHT="38" WIDTH="32" VPOS="3599" HPOS="1992"/>
<String CONTENT="Ballard" HEIGHT="38" WIDTH="202" VPOS="3600" HPOS="2025"/>
</TextLine>
<TextLine HEIGHT="48" WIDTH="1119" VPOS="3654" HPOS="293">
<String CONTENT="Murdock." HEIGHT="41" WIDTH="248" VPOS="3656" HPOS="293"/>
<SP HEIGHT="41" WIDTH="33" VPOS="3656" HPOS="542"/>
<String CONTENT="Cambridge," HEIGHT="47" WIDTH="302" VPOS="3655" HPOS="576"/>
<SP HEIGHT="45" WIDTH="33" VPOS="3657" HPOS="879"/>
<String CONTENT="Mass." HEIGHT="37" WIDTH="146" VPOS="3657" HPOS="913"/>
<SP HEIGHT="47" WIDTH="70" VPOS="3655" HPOS="1060"/>
<String CONTENT="(28-20800)" HEIGHT="48" WIDTH="281" VPOS="3654" HPOS="1131"/>
</TextLine>
<TextLine HEIGHT="72" WIDTH="2004" VPOS="3734" HPOS="225" STYLEREFS="StyleId-FC3C1BA7-DAD5-4F3E-85D0-ACBF8F452F97-">
<String CONTENT="The" HEIGHT="52" WIDTH="119" VPOS="3737" HPOS="225"/>
<SP HEIGHT="54" WIDTH="34" VPOS="3735" HPOS="345"/>
<String CONTENT="Ohio" HEIGHT="54" WIDTH="152" VPOS="3735" HPOS="380"/>
<SP HEIGHT="50" WIDTH="32" VPOS="3738" HPOS="533"/>
<String CONTENT="law" HEIGHT="52" WIDTH="109" VPOS="3738" HPOS="566"/>
<SP HEIGHT="34" WIDTH="34" VPOS="3756" HPOS="676"/>
<String CONTENT="reporter," HEIGHT="62" WIDTH="272" VPOS="3742" HPOS="711"/>
<SP HEIGHT="33" WIDTH="75" VPOS="3755" HPOS="984"/>
<String CONTENT="v." HEIGHT="34" WIDTH="50" VPOS="3755" HPOS="1060"/>
<SP HEIGHT="50" WIDTH="34" VPOS="3739" HPOS="1111"/>
<String CONTENT="26." HEIGHT="49" WIDTH="81" VPOS="3739" HPOS="1146"/>
<SP HEIGHT="52" WIDTH="77" VPOS="3736" HPOS="1228"/>
<String CONTENT="A" HEIGHT="51" WIDTH="54" VPOS="3736" HPOS="1306"/>
<SP HEIGHT="51" WIDTH="34" VPOS="3736" HPOS="1361"/>
<String CONTENT="weekly" HEIGHT="67" WIDTH="216" VPOS="3737" HPOS="1396"/>
<SP HEIGHT="69" WIDTH="33" VPOS="3735" HPOS="1613"/>
<String CONTENT="journal," HEIGHT="71" WIDTH="247" VPOS="3735" HPOS="1647"/>
<SP HEIGHT="51" WIDTH="34" VPOS="3755" HPOS="1895"/>
<String CONTENT="published" HEIGHT="71" WIDTH="299" VPOS="3734" HPOS="1930"/>
</TextLine>
<TextLine HEIGHT="69" WIDTH="1931" VPOS="3813" HPOS="295" STYLEREFS="StyleId-FC3C1BA7-DAD5-4F3E-85D0-ACBF8F452F97-">
<String CONTENT="in" HEIGHT="52" WIDTH="59" VPOS="3813" HPOS="295"/>
<SP HEIGHT="45" WIDTH="31" VPOS="3821" HPOS="355"/>
<String CONTENT="the" HEIGHT="52" WIDTH="95" VPOS="3814" HPOS="387"/>
<SP HEIGHT="52" WIDTH="33" VPOS="3814" HPOS="483"/>
<String CONTENT="interest" HEIGHT="53" WIDTH="231" VPOS="3814" HPOS="517"/>
<SP HEIGHT="46" WIDTH="35" VPOS="3820" HPOS="749"/>
<String CONTENT="of" HEIGHT="52" WIDTH="64" VPOS="3814" HPOS="785"/>
<SP HEIGHT="52" WIDTH="31" VPOS="3814" HPOS="850"/>
<String CONTENT="the" HEIGHT="52" WIDTH="94" VPOS="3814" HPOS="882"/>
<SP HEIGHT="51" WIDTH="34" VPOS="3815" HPOS="977"/>
<String CONTENT="legal" HEIGHT="66" WIDTH="149" VPOS="3815" HPOS="1012"/>
<SP HEIGHT="67" WIDTH="33" VPOS="3815" HPOS="1162"/>
<String CONTENT="profession" HEIGHT="69" WIDTH="323" VPOS="3813" HPOS="1196"/>
<SP HEIGHT="52" WIDTH="34" VPOS="3814" HPOS="1520"/>
<String CONTENT="in" HEIGHT="52" WIDTH="58" VPOS="3814" HPOS="1555"/>
<SP HEIGHT="46" WIDTH="32" VPOS="3820" HPOS="1614"/>
<String CONTENT="the" HEIGHT="52" WIDTH="96" VPOS="3815" HPOS="1647"/>
<SP HEIGHT="33" WIDTH="34" VPOS="3834" HPOS="1744"/>
<String CONTENT="state" HEIGHT="47" WIDTH="143" VPOS="3821" HPOS="1779"/>
<SP HEIGHT="33" WIDTH="34" VPOS="3834" HPOS="1923"/>
<String CONTENT="of" HEIGHT="53" WIDTH="65" VPOS="3814" HPOS="1958"/>
<SP HEIGHT="55" WIDTH="33" VPOS="3814" HPOS="2024"/>
<String CONTENT="Ohio." HEIGHT="54" WIDTH="168" VPOS="3815" HPOS="2058"/>
</TextLine>
<TextLine HEIGHT="145" WIDTH="1909" VPOS="3891" HPOS="295" STYLEREFS="StyleId-FC3C1BA7-DAD5-4F3E-85D0-ACBF8F452F97-" CS="1">
<String CONTENT="Vinton" HEIGHT="52" WIDTH="218" VPOS="3892" HPOS="295"/>
<SP HEIGHT="51" WIDTH="37" VPOS="3892" HPOS="514"/>
<String CONTENT="R." HEIGHT="51" WIDTH="66" VPOS="3892" HPOS="552"/>
<SP HEIGHT="55" WIDTH="40" VPOS="3891" HPOS="619"/>
<String CONTENT="Shepard," HEIGHT="68" WIDTH="280" VPOS="3891" HPOS="660"/>
<SP HEIGHT="35" WIDTH="38" VPOS="3911" HPOS="941"/>
<String CONTENT="editor." HEIGHT="51" WIDTH="199" VPOS="3893" HPOS="980"/>
<SP HEIGHT="54" WIDTH="77" VPOS="3891" HPOS="1180"/>
<String CONTENT="Cincinnati." HEIGHT="54" WIDTH="348" VPOS="3891" HPOS="1258"/>
<SP HEIGHT="51" WIDTH="38" VPOS="3893" HPOS="1607"/>
<String CONTENT="The" HEIGHT="52" WIDTH="119" VPOS="3893" HPOS="1646"/>
<SP HEIGHT="53" WIDTH="39" VPOS="3892" HPOS="1766"/>
<String CONTENT="Ohio" HEIGHT="53" WIDTH="150" VPOS="3892" HPOS="1806"/>
<SP HEIGHT="51" WIDTH="38" VPOS="3894" HPOS="1957"/>
<String CONTENT="law" HEIGHT="50" WIDTH="111" VPOS="3894" HPOS="1996"/>
<SP HEIGHT="32" WIDTH="38" VPOS="3912" HPOS="2108"/>
<String CONTENT="reporter" HEIGHT="124" WIDTH="1907" VPOS="3912" HPOS="297"/>
</TextLine>
<TextLine HEIGHT="65" WIDTH="489" VPOS="3973" HPOS="529" STYLEREFS="StyleId-FC3C1BA7-DAD5-4F3E-85D0-ACBF8F452F97-">
<String CONTENT="company," HEIGHT="50" WIDTH="298" VPOS="3988" HPOS="529"/>
<SP HEIGHT="54" WIDTH="41" VPOS="3973" HPOS="828"/>
<String CONTENT="1928." HEIGHT="51" WIDTH="148" VPOS="3973" HPOS="870"/>
</TextLine>
</TextBlock>
</PrintSpace>
</Page>
</Layout>
</alto>