2498 4384
1231 4069 136 51 1480

319 409 351 66 Vartanian,
702 412 315 52 Parounak
1047 411 220 55 Hatch.

393 489 123 53 The
555 490 110 52 law
706 489 65 53 of
811 490 373 53 automobiles
1225 490 60 52 in
1327 490 463 68 Massachusetts,
1832 490 74 69 by
1948 492 65 52 P.
2058 491 76 53 H.
323 492 1976 128 Vartanian

618 566 1635 71 … Charlottesville, Va., The Michie company, 1928.
390 649 613 49 iv p., 1 l., 524 p. 23 ᶜᵐ .
324 702 52 52 ©
405 706 129 48 Sept.
559 705 70 48 26,
656 705 117 41 1928;
826 707 68 40 2c.
921 707 96 39 and
1044 705 82 42 aff.
1157 706 129 48 Sept.
1313 706 55 40 29;
1425 707 41 38 A
1493 705 202 41 1053612;
1754 706 177 40 Michie
1959 717 68 31 co.

400 762 280 51 (28-22810)

316 844 257 63 Walker,
603 845 233 62 Sydnor
865 845 74 54 H.

387 920 191 56 Social
614 921 159 53 work
807 923 113 52 and
952 922 98 53 the
1083 922 261 69 training
1378 921 66 54 of
1475 923 175 52 social
1683 922 267 68 workers,
1982 922 78 69 by
2097 922 228 69 Sydnor

314 999 77 52 H.
428 999 252 55 Walker.
755 999 220 69 Chapel
1010 1000 149 68 Hill,
1195 1000 124 54 The
1354 1000 338 69 University
1726 999 66 54 of
1826 1001 187 53 North
2051 1000 272 55 Carolina

313 1096 177 50 press,
523 1080 151 50 1928.

381 1161 1942 50 3 p. l., [ix]-xiii p., 1 l., 241 p. 22 ᶜᵐ . (Half-title: The University of
311 1219 160 40 North
504 1218 245 41 Carolina.
812 1218 158 40 Social
1005 1219 147 46 study
1183 1218 177 47 series)

384 1275 328 40 “Periodicals
747 1276 95 38 and
878 1274 384 48 publications”:
1298 1285 44 37 p.
1380 1274 235 49 [203]-206;
1679 1274 380 49 Bibliography:
2094 1286 44 37 p.
310 1276 2013 97 [207]-238

319 1385 53 52 ©
408 1389 130 48 Sept.
571 1389 39 46 1,
643 1388 142 46 1928;
820 1389 68 40 2c.
925 1387 128 48 Sept.
1087 1387 81 47 13;
1206 1386 84 41 aff.
1327 1386 128 49 Sept.
1490 1386 82 47 15;
1608 1386 41 40 A
1683 1386 231 48 1053293;
1951 1386 285 48 University
2272 1388 51 40 of

384 1446 158 39 North
573 1444 227 42 Carolina
831 1455 150 37 press.
1048 1442 282 51 (28-22297)

309 1524 245 64 Walter,
588 1523 217 64 Ellery.

382 1603 123 52 The
541 1602 179 52 world
757 1620 73 33 on
867 1620 105 33 one
1007 1603 110 67 leg,
1152 1600 76 69 by
1266 1599 200 70 Ellery
1500 1601 252 67 Walter;
1791 1600 141 53 with
1967 1603 67 50 48
309 1600 1988 133 illustrations.

554 1680 139 53 New
731 1679 179 67 York,
944 1679 260 68 London,
1242 1678 68 55 G.
1346 1680 65 52 P.
1448 1678 297 54 Putnam’s
1781 1697 147 49 sons,
1966 1682 151 51 1928.

416 1763 1192 49 x, 325 p. front., plates, ports., map. 24½ ᶜᵐ .
379 1822 293 39 Illustrated
704 1820 365 48 lining-papers.

379 1878 74 39 An
491 1878 403 48 autobiography.

315 1931 51 51 ©
396 1935 129 47 Sept.
550 1934 70 47 21,
648 1933 114 41 1928;
816 1934 69 39 2c.
914 1932 129 48 Sept.
1069 1932 55 39 24;
1181 1931 84 42 aff.
1295 1932 129 48 Sept.
1449 1932 56 39 22;
1561 1931 42 39 A
1629 1931 203 40 1054493;
1890 1932 53 38 E.
1971 1932 202 46 Walter,
2202 1932 118 40 New

382 1992 146 39 York.
594 1990 281 48 (28-22228)

309 2056 253 62 Weems,
594 2054 195 63 Philip
822 2054 130 53 Van
982 2055 186 62 Horn,
1204 2057 170 50 1889-

381 2132 456 56 Star—altitude
882 2150 197 34 curves
1126 2130 95 53 for
1267 2130 301 70 obtaining
1613 2150 30 33 a
1690 2130 97 68 fix,
1829 2130 171 69 given
2044 2130 137 68 only
2226 2130 96 53 the

308 2210 337 55 Greenwich
692 2210 243 53 sidereal
979 2208 138 54 time
1163 2210 115 52 and
1322 2209 97 53 the
1464 2208 272 54 observed
1782 2208 273 54 altitudes
2100 2208 65 53 of
2207 2214 114 47 two

307 2295 164 48 stars.
553 2289 122 53 The
716 2307 98 34 use
856 2287 65 54 of
962 2288 97 53 the
1101 2288 142 53 dead
1290 2287 311 69 reckoning
1645 2287 271 68 position,
1954 2287 366 67 declination,

308 2367 161 70 right
511 2366 308 68 ascension,
861 2366 146 53 hour
1049 2366 169 69 angle
1261 2366 113 53 and
1417 2365 254 53 azimuth
1714 2365 47 55 is
1805 2365 348 54 eliminated.
2235 2367 86 68 By

307 2443 2012 70 P. V. H. Weems … Latitude 30° to 41° north … San Diego,
309 2523 196 56 Calif.,
535 2525 241 61 Rodney
811 2523 202 54 Stokes
1043 2541 300 45 company,
1397 2525 151 49 ᶜ1928.

374 2609 58 39 44
461 2620 42 37 p.
564 2609 147 39 24½ᶜᵐ.

375 2666 177 40 Tables
592 2665 68 48 (p.
692 2664 50 43 1)
781 2675 60 29 on
871 2663 137 40 front
1038 2662 341 48 lining-paper.

312 2719 52 52 ©
395 2723 128 40 June
552 2722 69 47 29,
653 2721 114 41 1928;
826 2721 68 39 2c.
926 2720 95 40 and
1052 2719 82 41 aff.
1167 2719 116 47 July
1315 2718 82 47 19;
1430 2718 41 39 A
1501 2718 231 47 1054459;
1767 2719 51 41 P.
1852 2719 53 40 V.
1937 2719 205 48 Weems,
379 2719 1918 108 Coronado,
552 2778 146 41 Calif.
765 2775 280 50 (28-22233)

304 2843 285 63 Widtsoe,
624 2841 155 54 John
814 2841 291 63 Andreas,
1144 2840 170 54 1872-

382 2917 1933 71 Success on irrigation projects, by John A. Widtsoe … New
312 2998 181 66 York,
526 2998 56 53 J.
615 2997 192 69 Wiley
842 2999 45 50 &
920 3015 147 49 sons,
1101 2996 107 52 inc.;
1277 2995 260 68 London,
1574 2995 302 69 Chapman
1911 2998 47 50 &
1989 2996 163 68 Hall,
305 2996 1984 147 limited,
478 3077 153 52 1928.

413 3156 376 48 v, 153 p. 21 ᶜᵐ .
311 3211 52 52 ©
391 3215 129 48 Sept.
545 3214 69 48 14,
640 3213 115 41 1928;
810 3214 67 40 2c.
904 3215 96 39 and
1025 3213 83 42 aff.
1137 3214 129 47 Sept.
1291 3213 83 47 22;
1403 3212 41 40 A
1469 3214 231 47 1053497;
1729 3213 44 42 J.
1799 3213 55 42 A.
1880 3213 233 47 Widtsoe,
2142 3214 169 48 Provo,

378 3271 148 41 Utah.
595 3270 281 49 (28-22198)

303 3336 208 63 Wiley,
543 3336 204 53 James
776 3335 197 54 Alvin.

372 3413 261 53 Practice
669 3413 272 54 exercises
978 3413 60 53 in
1073 3413 171 54 silent
1279 3413 242 70 reading
1556 3415 113 52 and
1703 3414 200 67 study;
1943 3432 31 34 a
2012 3413 171 67 guide
2220 3413 94 52 for

302 3491 288 69 directing
612 3491 98 53 the
735 3490 315 54 formation
1076 3492 112 52 and
1215 3492 399 66 development
1639 3491 64 54 of
1727 3491 204 53 skilful
1957 3492 171 53 silent

301 3492 2011 146 reading and study habits, by J. A. Wiley … Cedar Falls, I a.,
301 3647 55 54 J.
388 3646 72 54 A.
488 3647 192 68 Wiley
757 3650 153 64 [ᶜ1928]

369 3731 338 48 368 p. 20 ᶜᵐ .
372 3787 328 48 “Companion
732 3788 190 39 volume
953 3789 48 39 to
1035 3787 156 41 Silent
1222 3787 204 49 reading
1455 3789 96 38 and
1582 3788 146 48 study
1759 3788 265 47 objectives
2056 3788 95 39 and
300 3787 1991 104 principles.”—Pref.

372 3899 351 41 “References”
752 3902 52 38 at
832 3901 89 38 end
951 3900 51 39 of
1029 3900 119 40 each
1177 3901 217 46 chapter.

309 3951 52 53 ©
391 3956 129 49 Sept.
548 3957 69 46 14,
644 3956 142 48 1928;
815 3958 69 39 2c.
914 3957 128 48 Sept.
1070 3956 54 41 21;
1184 3956 83 42 aff.
1299 3956 129 49 Sept.
1455 3955 83 49 19;
1568 3955 41 41 A
1637 3955 231 49 1054458;
1899 3956 46 42 J.
1971 3955 55 42 A.
2056 3955 172 47 Wiley.

385 4012 281 49 (28-22159)
