2498 4384
1069 4060 133 51 1433

142 421 303 64 Albrecht,
479 418 265 64 Ludwig.

209 499 110 52 Die
346 497 322 70 geschichte
696 496 96 54 des
859 494 154 53 volkes
1041 493 182 53 Israel
1252 509 110 35 von
1389 491 160 51 Mose
1574 488 86 53 bis
1690 486 104 54 auf
1820 487 91 52 die
143 502 1976 142 gegenwart,

359 572 695 72 allgemeinverständlich
1110 570 220 53 erztählt
1382 585 111 35 von
1544 566 248 68 Ludwig
1844 563 296 54 Albrecht.

138 657 48 51 2.
218 654 315 53 erweiterte
561 651 129 55 aufl.
766 650 209 68 Gotha,
1004 651 64 51 P.
1101 648 122 67 Ott,
1254 649 150 50 1926.

208 735 594 50 xiv p., 1 l., 654 p. 22 ᶜᵐ.
141 796 2001 62 © Nov. 29, 1926; 1c. May 6, 1927; A —Foreign 39195; Evangelische
209 865 381 46 buehliancllung
619 863 52 42 P.
704 861 98 42 Ott.
874 860 281 50 (28-22428)

138 959 316 54 American
494 956 504 55 electrochemical
1035 954 244 63 society.

211 1030 1934 73 Transactions … v. 53. 53d general meeting, Bridgeport,
143 1116 197 68 Conn.,
371 1115 176 68 April
578 1117 84 65 26,
692 1111 85 70 27,
808 1116 84 64 28,
927 1116 149 49 1928.
1145 1111 140 53 New
1319 1109 165 54 York
1515 1109 134 69 city,
1682 1107 123 53 The
1835 1107 309 52 American

140 1193 482 55 electrochemical
650 1191 230 70 society,
912 1193 150 50 1928.

209 1270 1392 54 viii. 539 p. front. (port.) illus., plates, diagrs. 23½ᶜᵐ.
142 1329 54 54 ©
226 1333 129 48 Sept.
384 1333 70 47 17,
483 1331 142 47 1928;
655 1331 68 42 2c.
756 1331 129 48 Sept.
913 1330 84 47 19;
1029 1329 82 41 aff.
1144 1328 132 50 Sept.
1303 1328 84 47 18;
1420 1328 41 39 A
1492 1327 230 46 1054847;
1755 1325 159 41 Amer,
209 1326 1918 105 electrochemical
475 1400 93 30 soc.

140 1484 200 65 Ames,
369 1483 221 64 Joseph
619 1481 301 66 Bushnell,
956 1482 170 54 1878-

212 1563 122 52 The
357 1562 219 69 Flying
596 1562 55 54 V
676 1566 270 64 mystery,
968 1560 77 69 by
1069 1559 217 68 Joseph
1314 1558 277 53 Bushnell
1617 1557 173 54 Ames;
1849 1556 294 69 approved

143 1641 75 69 by
252 1640 98 54 the
385 1641 129 68 Boy
549 1643 186 50 scouts
772 1639 64 53 of
872 1638 285 67 America,
1194 1636 329 55 illustrated
1559 1635 76 69 by
1675 1633 279 71 Sejrmour
1991 1633 151 53 Ball.

142 1719 140 54 New
309 1718 166 53 York
500 1720 46 50 &
572 1716 259 69 London,
860 1715 123 54 The
1012 1714 257 70 Century
1298 1733 78 34 co.
1523 1716 84 64 [ᶜ1928]

241 1795 1339 54 v p., 2 l., 3-207 p. front., plates. 19½ ᶜᵐ. $1.75
142 1853 53 54 ©
227 1858 129 47 Sept.
385 1857 71 43 28,
485 1857 116 40 1928;
659 1857 68 42 2c.
758 1857 97 40 and
884 1856 84 41 aff.
998 1855 104 41 Oct.
1132 1856 23 38 1;
1216 1854 43 41 A
1288 1854 204 40 1054727;
1552 1853 216 49 Century
1798 1863 69 31 co.

219 1914 283 50 (28-22459)

140 2007 343 64 Ammarell,
517 2007 309 64 Raymond
860 2006 242 55 Robert.

209 2085 333 54 Workbook
572 2086 112 53 and
716 2086 173 67 study
919 2084 216 53 outline
1169 2082 95 55 for
1294 2083 286 68 problems
1613 2081 64 54 of
1708 2080 309 56 American

140 2081 2003 152 democracy, by Raymond R. Ammarell … Rev. and much enl.
139 2240 429 70 Philadelphia,
596 2238 314 73 McKinley
937 2239 339 71 publishing
1305 2258 97 49 co.,
1435 2242 150 51 1928.

211 2319 1247 53 64 p. incl. illus. (maps) tables, diagr. 27½ᶜᵐ.
210 2380 156 48 Pages
393 2379 53 41 of
471 2378 283 43 coordinate
780 2389 151 39 paper
968 2378 193 50 (61-64)

213 2437 298 40 “Reference
537 2436 259 50 readings”
823 2440 54 38 at
902 2438 93 39 end
1023 2437 53 40 of
1101 2437 121 40 each
1248 2439 129 47 part.

141 2491 53 54 ©
227 2494 128 49 Sept.
387 2496 70 46 14,
490 2495 117 40 1928;
666 2495 67 42 2c.
767 2496 97 39 and
896 2495 82 40 aff.
1015 2495 128 48 Sept.
1176 2495 54 40 21;
1295 2494 42 40 A
1369 2495 202 40 1054431;
1638 2494 260 49 McKinley
1930 2494 110 48 pub.
2076 2505 69 29 co.

220 2551 281 50 (28-22419)

138 2646 309 65 Andrews,
471 2647 138 53 Mrs.
634 2645 286 55 Marietta
952 2644 470 66 (Minnigerode)
1457 2650 173 50 1869-

205 2723 105 69 My
341 2723 191 54 studio
566 2723 274 68 window;
875 2723 254 54 sketches
1161 2723 65 54 of
1257 2724 97 53 the
1384 2729 250 64 pageant
1666 2723 64 53 of
1760 2723 386 61 Washington

135 2797 2010 77 life, by Marietta Minnigerode Andrews … New York, E. P.
135 2879 224 54 Dutton
389 2882 47 50 &
464 2896 282 52 company
889 2883 85 64 [ᶜ1928]

204 2961 1402 52 xix, 450 p. incl. plates, ports., facsims. front. 21 ᶜᵐ.
207 3019 131 41 “The
376 3019 255 49 following
669 3029 161 40 pages,
871 3020 199 40 further
1110 3019 245 42 ‘Memoirs
1395 3020 52 40 of
1487 3031 27 29 a
1554 3031 118 37 poor
1712 3019 239 46 relation’,
1992 3032 86 29 are
2117 3032 25 29 a

136 3077 168 40 record
330 3076 52 40 of
406 3075 351 50 observations,
785 3076 317 48 impressions
1129 3078 96 39 and
1253 3078 220 39 contacts
1501 3076 177 43 during
1703 3076 272 49 thirty-two
2002 3088 146 37 years

136 3132 52 42 of
221 3133 88 40 life
342 3133 49 39 in
427 3144 27 29 a
490 3134 188 40 central
711 3133 212 40 location
958 3133 51 39 in
1043 3132 665 48 Washington.”—Author’s
1742 3132 258 43 foreword.

142 3184 52 54 ©
224 3188 128 49 Sept.
378 3190 71 47 22,
478 3189 140 42 1928:
648 3189 68 41 2c.
748 3189 128 48 Sept.
903 3190 57 38 24;
1017 3189 82 41 aff.
1130 3188 129 50 Sept.
1287 3188 59 41 26;
1400 3190 41 39 A
1469 3189 201 41 1054641;
1731 3191 53 39 E.
1813 3190 51 40 P.
1892 3190 190 40 Dutton
2112 3191 35 39 &

210 3256 82 38 co.,
328 3245 92 41 inc.
492 3244 280 52 (28-22397)

139 3339 244 64 Ashley,
416 3340 274 54 Winston
724 3340 55 52 H
1067 3359 180 50 comp.

206 3417 172 67 Fifty
420 3418 254 54 orations
713 3417 130 54 that
881 3419 146 53 have
1066 3437 127 34 won
1237 3419 186 69 prizes
1463 3419 61 53 in
1564 3418 281 71 speaking
1885 3427 264 62 contests,

136 3495 301 70 including
469 3496 97 53 the
599 3497 255 54 orations
886 3497 128 53 that
1048 3498 147 53 have
1227 3514 129 37 won
1390 3498 187 67 prizes
1611 3497 59 53 in
1704 3497 98 54 the
1836 3499 314 53 Interstate

136 3573 307 55 oratorical
476 3572 340 56 association
851 3575 112 53 and
998 3575 163 53 other
1191 3575 455 71 intercollegiate
1680 3575 157 69 prize
1869 3576 283 70 speaking

135 3648 1990 136 contests. Compiled by Winston H. Ashley … with an introduction
398 3727 1751 76 by William Norwood Brigance … New York, Noble
136 3807 552 69 and Noble [ ᶜ19 28 ]
278 3921 8 11 xx,
312 3889 87 41 390
426 3901 43 37 p.
529 3889 59 41 20½ᶜᵐ.

144 3941 52 55 ©
223 3947 113 48 May
361 3948 41 44 4,
431 3946 142 50 1928;
601 3947 68 44 2c.
701 3946 128 51 Sept.
855 3947 82 49 14;
968 3947 83 42 aff.
1082 3947 128 50 Sept.
1239 3946 83 50 20;
1353 3949 41 40 A
1421 3948 232 49 1054429;
1682 3949 153 44 Noble
1864 3949 36 44 &
1927 3949 168 40 Noble.

221 4004 282 50 (28-22382)
