2498 4384
1086 4074 133 48 1555

144 438 369 62 Mirimonde,
548 437 54 52 A
893 435 88 53 de.

280 523 1799 73 … Manuel pratique des assurances … Paris, Payot, 1928.
221 612 25 38 2
275 622 42 37 p.
380 642 8 16 l.,
422 609 174 50 [7]-303
626 620 41 37 p.
728 608 146 40 25½ᶜᵐ.
946 607 97 47 (On
1073 617 165 30 cover:
1266 604 341 48 Bibliothèque
1637 603 282 49 technique)

152 675 1533 56 © Mar. 10, 1928; 1c. May 4; A—Foreign 38779; Payot.
229 737 281 49 (28-23523)

148 848 214 62 Moore,
406 845 255 54 William
708 845 255 51 Emmet.

221 938 71 53 U.
327 936 56 55 S.
418 936 200 53 official
651 936 250 67 pictures
933 934 65 53 of
1029 935 94 52 the
1158 934 181 52 world
1375 951 135 48 war,
1544 932 261 68 showing
1839 931 314 54 America’s

152 1014 442 69 participation;
636 1012 235 53 selected
917 1011 152 53 from
1107 1012 96 52 the
1243 1010 200 54 official
1484 1010 120 53 files
1643 1008 65 54 of
1746 1009 94 53 the
1877 1010 143 53 War
151 1009 1979 151 department,

497 1091 140 51 with
677 1089 280 53 unofficial
997 1089 401 68 introductory
1439 1087 415 70 photographs,
1893 1087 76 68 by
151 1087 1979 135 William

336 1165 1819 70 E. Moore … and James C. Russell … Washington,
150 1248 71 51 D.
253 1246 81 68 C.,
363 1246 279 52 Pictorial
671 1246 232 66 bureau,
937 1247 149 50 1928.

221 1324 1715 53 576, [32], lxiv p. illus. (incl. ports., maps) col. pl. 23½ × 29 ᶜᵐ .
225 1399 133 39 With
387 1398 99 39 this
512 1398 41 38 is
579 1398 158 39 bound
769 1397 80 39 the
877 1396 217 40 authors’
1125 1397 100 39 The
1256 1396 179 41 United
1466 1396 162 41 States
1659 1406 125 37 navy
1813 1396 50 39 in
1892 1396 82 40 the
2003 1397 151 40 world

151 1452 1403 50 war; official pictures … Washington, D. C., 1921.
223 1513 144 38 “New
400 1512 132 39 York
563 1513 164 45 troops
760 1510 48 39 in
844 1511 80 39 the
957 1511 151 38 world
1144 1520 117 37 war,
1354 1512 19 38 11th
1441 1510 266 47 engineers,
1742 1509 142 40 165th
1919 1509 238 48 infantry,

152 1568 112 41 27th
291 1568 225 47 division,
544 1568 112 39 77th
684 1567 224 46 division,
935 1567 144 39 369th
1107 1566 253 46 infantry”:
1418 1566 102 39 ixiv
1547 1578 42 37 p.

153 1636 51 52 ©
239 1641 115 47 July
385 1641 42 46 2,
461 1640 140 41 1928;
637 1640 67 39 2c.
737 1639 120 47 Aug.
891 1639 54 45 2;
982 1638 83 41 aff.
1101 1638 128 48 Sept.
1265 1638 83 47 27;
1384 1639 41 38 A
1459 1638 231 47 1054716;
1727 1640 122 39 Wm.
1885 1640 54 39 E.
1976 1640 179 46 Moore,

221 1697 270 39 Baltimore
517 1697 95 38 and
644 1696 161 40 James
833 1695 48 40 C.
909 1696 208 47 Russell,
1146 1695 227 48 Chicago.
1431 1691 69 53 [©
1528 1695 214 40 revision
1768 1696 97 39 and
1892 1695 264 49 additions]

231 1753 281 49 (28-23805)

147 1863 315 62 Morrison,
496 1862 217 53 Lucile.

215 1956 261 67 Mystery
521 1963 147 60 gate,
708 1942 77 90 [by
830 1954 197 52 Lucile
1071 1954 308 67 Morrison,
1423 1953 141 52 with
1608 1972 31 34 a
1685 1953 373 69 frontispiece
2099 1954 62 53 in

146 2034 152 51 color
326 2034 113 52 and
467 2034 86 52 six
579 2032 510 53 black-and-white
1117 2032 384 53 illustrations
1529 2032 75 69 by
1633 2031 298 54 Winifred
146 2034 1992 131 Bromhall.

358 2112 139 52 New
531 2111 180 65 York,
744 2110 310 53 Frederick
1087 2110 72 52 A.
1195 2109 203 55 Stokes
1431 2128 299 51 company,
1768 2113 150 49 1928.

219 2192 1193 50 6 p. l., 257 p. incl. plates, col. front. 19 ᶜᵐ .
156 2261 51 52 ©
243 2265 127 48 Sept.
403 2266 70 46 13,
506 2265 85 39 1928;
680 2265 68 40 2c.
784 2264 128 47 Sept.
945 2265 56 39 17;
1064 2263 82 41 aff.
1182 2263 129 48 Sept.
1346 2263 56 40 15;
1465 2263 43 39 A
1539 2263 203 40 1054352;
1808 2263 264 40 Frederick
2105 2263 55 39 A.

226 2322 171 41 Stokes
429 2333 67 29 co.
566 2321 280 48 (28-21489)

151 2434 249 62 Nazare,
435 2431 301 65 François,
771 2436 172 49 1896-

227 2524 121 55 One
384 2523 162 53 third
581 2524 184 65 down,
800 2523 76 69 by
913 2524 65 52 F.
1015 2524 239 52 Nazare.
1327 2523 140 53 New
1505 2523 181 68 York,
1721 2523 120 53 The
153 2523 1983 132 Knickerbocker

398 2620 175 50 press,
616 2605 151 49 1928.

227 2682 533 51 [38] p. illus. 25 ᶜᵐ .
157 2751 52 53 ©
239 2756 101 40 Oct.
367 2757 39 45 1,
436 2755 113 40 1928;
604 2755 68 40 2c.
700 2756 96 38 and
823 2754 82 41 aff.
935 2754 102 41 Oct.
1064 2755 26 39 3;
1147 2755 41 38 A
1214 2754 205 40 1053637;
1476 2755 52 39 F.
1556 2754 204 49 Nazare,
1789 2756 118 40 New
1935 2756 146 41 York.

235 2812 283 49 (28-23852)

149 2920 706 64 Norwegian-Ameriean
896 2920 309 53 historical
1244 2920 379 55 association.

155 2998 1984 162 … Studies and records. v. 3. Northfield, Minn., The Norwegian-American
745 3090 296 52 historical
1076 3091 360 67 association,
1472 3095 150 50 1928.

225 3173 619 49 vi p., 2 l., 133 p. 23 ᶜᵐ .
159 3240 51 52 ©
248 3244 102 40 Oct.
384 3245 41 46 4,
463 3243 114 41 1928;
640 3244 69 40 2c.
746 3244 102 40 Oct.
884 3243 26 40 9;
976 3244 83 40 aff.
1097 3244 102 41 Oct.
1237 3244 28 40 8;
1329 3245 44 39 A
1406 3245 114 40 1184;
1586 3246 576 47 Norwegian-American

226 3300 257 41 historical
510 3311 130 30 assn.

156 3409 202 63 Orata,
392 3408 191 53 Pedro
617 3410 286 53 Tamesis.

223 3502 121 51 The
372 3501 204 68 theory
603 3501 65 52 of
694 3502 272 52 identical
995 3503 268 52 elements;
1323 3503 172 70 being
1523 3523 31 33 a
1583 3504 239 68 critique
1850 3506 66 52 of
154 3507 1987 125 Thorndike’s

363 3579 203 69 theory
601 3579 64 53 of
701 3580 271 52 identical
1010 3581 270 53 elements
1317 3582 113 52 and
1467 3601 30 33 a
1534 3583 531 68 re-interpretation
2102 3584 64 53 of

153 3656 96 53 the
281 3657 257 67 problem
569 3657 65 52 of
663 3657 254 53 transfer
948 3657 63 53 of
1041 3659 276 69 training,
1348 3660 76 68 by
1454 3661 189 51 Pedro
1677 3661 256 53 Tamesis
1965 3661 201 67 Orata,

413 3735 1609 73 PH. D. Columbus, The Ohio state university press, 1928.
225 3816 672 49 xi, 204 p. diagrs. 22 ᶜᵐ .
227 3887 350 48 Bibliography:
633 3899 43 36 p.
704 3888 217 40 183-200.

165 3952 51 53 ©
247 3958 100 42 Oct.
376 3959 41 47 2,
446 3959 118 41 1928;
619 3960 68 41 2c.
715 3960 96 40 and
841 3959 83 42 aff.
955 3960 102 41 Oct.
1087 3961 53 39 11:
1201 3961 42 39 A
1272 3960 202 41 1054902;
1537 3961 122 42 Ohio
1691 3964 131 39 state
1851 3963 130 40 univ.
2012 3972 152 39 press.

241 4015 282 47 (28-23794)
