2498 4384
1200 4067 136 51 1418

346 495 66 41 At
434 496 125 40 head
584 495 51 39 of
659 494 108 41 title:
822 492 237 50 Regional
1083 495 114 47 plan
1224 492 53 40 of
1301 492 119 39 New
1444 491 133 40 York
1601 492 97 38 and
1723 489 64 41 its
1814 489 243 41 environs.

348 546 1928 54 “Appendix to volume VI of the Regional survey, published in advance
274 609 80 40 for
383 608 282 40 immediate
696 607 291 41 reference.”

277 663 51 52 ©
365 667 130 47 Sept.
528 666 68 47 12,
630 665 141 47 1928;
808 666 68 38 2c.
912 666 97 38 and
1043 663 82 41 aff.
1164 663 129 47 Sept.
1328 663 81 46 14;
1447 662 42 39 A
1521 661 231 47 1054305;
1790 661 287 41 Committee
2113 673 60 28 on
344 671 1917 100 regional
541 723 114 47 plan
689 722 52 41 of
773 722 56 40 N.
863 722 54 40 Y.
951 722 37 39 &
1019 721 65 39 its
1115 719 245 41 environs.
1434 717 281 50 (28-22207)

272 803 203 63 Bates,
515 803 220 52 Ernest
774 800 382 64 Sutherland,
1196 799 172 55 1879-

339 883 123 52 The
510 881 194 53 friend
750 880 65 53 of
860 881 185 66 Jesus,
1090 879 77 68 by
1213 879 211 52 Ernest
1476 877 352 55 Sutherland
1875 879 190 52 Bates.
2140 879 139 52 New

271 959 181 69 York,
484 959 199 55 Simon
712 959 113 52 and
857 957 288 67 Schuster,
1176 959 152 50 1928.

340 1040 574 50 vii p., 1 l., 218 p. 23½ᶜᵐ.
345 1099 129 40 “The
508 1101 172 38 drama
716 1098 52 39 of
802 1098 117 39 both
953 1096 81 40 the
1071 1096 92 40 Old
1198 1096 286 39 Testament
1517 1096 97 39 and
1651 1095 82 40 the
1768 1095 118 40 New
1920 1095 286 40 Testament
2238 1094 44 41 is

273 1152 2009 50 restated from the point of view of a modern … Judas himself tells
271 1211 1088 49 the s tory.” —Publisher’s announcement.
277 1267 51 52 ©
364 1271 129 48 Sept.
522 1270 70 47 21,
625 1269 115 40 1928;
799 1268 69 41 2c.
900 1267 95 41 and
1027 1267 83 42 aff.
1145 1267 129 48 Sept.
1305 1267 57 40 28;
1422 1266 42 39 A
1495 1265 203 41 1053621;
1764 1263 164 42 Simon
1962 1266 39 40 &
2033 1265 245 47 Schuster,

345 1327 93 40 inc.
509 1325 281 50 (28-22373)

273 1407 215 67 Bauer,
518 1405 193 65 Ralph
741 1405 265 64 Stanley,
1039 1409 172 50 1883-
1390 1406 84 53 ed.

348 1484 171 55 Cases
548 1503 74 34 on
648 1485 97 53 the
775 1485 111 52 law
914 1481 67 55 of
1009 1483 259 65 carriers,
1299 1482 284 69 compiled
1615 1482 113 53 and
1759 1482 190 53 edited
1977 1482 78 68 by
2085 1481 195 69 Ralph

276 1559 2004 72 Stanley Bauer … and Edgar Watkins … New York, Prentice-
273 1640 163 63 Hall,
466 1640 127 67 inc.,
626 1642 152 51 1928.

344 1721 140 49 xxiii,
514 1721 117 40 1140
658 1732 43 37 p.
762 1722 56 40 23½ᶜᵐ.

279 1777 51 52 ©
367 1780 129 49 Sept.
529 1780 69 47 12,
631 1780 141 47 1928;
807 1780 69 39 2c.
909 1782 97 38 and
1039 1779 82 42 aff.
1159 1779 128 48 Sept.
1319 1779 83 48 20;
1438 1779 42 40 A
1511 1779 231 48 1053446;
1779 1779 376 45 Prentice-Hall,
2190 1779 92 41 inc.

355 1836 283 50 (28-22191)

272 1902 212 63 Baum,
513 1902 210 64 Oskar,
756 1907 172 49 1883-

405 1980 1878 69 … Drei frauen und ich. Stuttgart, J. Engelhorns nachf.,
273 2062 153 51 1928.

271 2141 1994 107 140 p. 18 ᶜᵐ. (Half-title: Lebendige welt, erzählungen und bekenntnisse)
278 2252 52 54 ©
363 2258 123 41 Mar.
518 2257 40 42 9.
591 2256 143 49 1928;
767 2257 66 41 1c.
868 2256 126 42 June
1027 2256 82 48 13;
1144 2255 313 50 A—Foreign
1490 2256 171 48 39098;
1700 2256 43 42 J.
1778 2257 305 49 Engelhorns
2118 2256 163 42 nachf.

355 2313 284 51 (28-22490)

274 2380 246 66 Becker,
546 2380 279 56 Herbert.

404 2458 1856 71 … Gripse; novellen. Leipzig, Wien, C. Weller & co. [ᶜ1928]
340 2544 384 49 246, [1] p. 18 ᶜᵐ.
278 2596 2002 54 © Jan. 30, 1928; 1c. May 29; A—Foreign 39022; Curt Weller & co.,
345 2659 182 47 verlag.
598 2657 282 49 (28-22491)

272 2722 289 64 Bernard,
595 2723 256 54 Gabriel.

271 2802 1989 145 … Les compagnons de la haine, roman. Paris, J. Tallandier [ ᶜ 1928]
343 2961 1539 50 2 p. l., [7]-317 p., 1 l. 19 ᶜᵐ. (Les romans mystérieux)
279 3015 1888 53 © Apr. 19, 1928; 1c. May 11; A— Foreign 38782; Jules Tallandier.
357 3076 282 48 (28-22389)

272 3137 343 66 Bierwirth,
648 3140 287 54 Heinrich
970 3141 251 54 Conrad.

342 3217 373 69 Elementary
752 3219 213 55 lessons
1003 3219 62 52 in
1104 3218 271 65 German,
1414 3220 142 52 with
1595 3220 126 54 lists
1760 3220 66 53 of
1863 3220 193 55 useful
2096 3223 187 53 words

272 3295 2012 71 and stem groups, by H. Conrad Bierwirth … New York,
271 3373 78 54 H.
379 3375 148 52 Holt
555 3375 113 53 and
698 3393 282 51 company
1016 3378 193 64 [ᶜ1928]

377 3487 8 11 x,
417 3456 85 41 203
532 3468 42 37 p.
635 3457 57 40 20½ᶜᵐ.

343 3514 148 39 “This
529 3514 123 40 book
691 3514 42 40 is
771 3515 188 47 largely
998 3526 27 29 a
1065 3515 193 40 revised
1296 3515 184 41 edition
1520 3516 51 40 of
1610 3527 80 37 my
1730 3517 180 40 earlier
1948 3527 89 30 one
2077 3517 203 41 entitled

272 3570 274 48 Beginning
578 3571 447 41 German.”—Pref.

278 3623 51 52 ©
361 3627 128 49 Sept.
518 3628 68 44 14,
614 3628 141 47 1928;
784 3629 69 41 2c.
882 3630 95 38 and
1006 3629 81 41 aff.
1119 3628 129 49 Sept.
1276 3629 83 47 21;
1389 3629 41 39 A
1457 3630 231 43 1054422;
1720 3631 170 47 Henry
1917 3631 120 40 Holt
2068 3635 36 40 &
2131 3642 67 30 co.

355 3684 283 48 (28-22172)

273 3747 203 64 Blake,
506 3749 276 65 William,
817 3750 326 56 1757-1827.

348 3825 123 53 The
505 3826 138 54 land
680 3827 65 53 of
779 3828 252 56 dreams:
1068 3834 220 64 twenty
1323 3848 194 46 poems
1550 3830 77 69 by
1661 3830 264 55 William
1962 3831 201 67 Blake,

277 3850 1978 105 selected
503 3904 113 52 and
660 3904 327 55 illustrated
1029 3906 78 68 by
1148 3907 236 53 Pamela
1430 3908 235 53 Bianco.
1746 3909 140 53 New
1931 3908 182 68 York,
2158 3910 121 52 The

272 3978 341 56 Macmillan
642 4001 298 52 company,
972 3987 151 51 1928.
