2498 4384
1087 4113 134 49 1929

130 466 239 53 London
406 464 253 69 opinion,
735 482 51 33 v.
822 465 82 55 99,
937 478 117 36 nos.
1092 460 153 65 1290,
1282 459 153 64 1291,
1467 455 134 54 Dec.
1635 456 86 65 22,
1752 455 85 65 29,
1872 453 152 51 1928.

194 551 28 39 2
289 581 8 8 v.

131 602 1998 67 © 1c. each Dec. 27, 1928; A ad int. 12155, 12156; pubd. Dec. 14, 21;
198 676 184 48 George
407 674 220 46 Newnes,
655 674 100 46 ltd.,
783 671 211 41 London.

131 770 247 64 McKay,
416 768 258 52 Herbert
710 764 357 65 Couchman,
1107 768 172 50 1895-

205 833 1929 80 Amateur movie making, by Herbert C. McKay … New
137 918 1418 74 York, Falk publishing company, inc. [ ᶜ1928]
207 999 1154 55 ix, 460 p. incl. front., illus., diagrs. 23 ½ᶜᵐ .
210 1076 225 39 Lettered
465 1085 60 28 ou
554 1084 168 29 cover:
754 1073 127 39 Used
911 1082 54 28 as
996 1083 23 27 a
1051 1070 399 48 supplementary
1479 1069 104 39 text
1613 1066 50 39 in
1692 1067 118 39 New
1840 1064 131 40 York
2001 1063 115 41 insti
139 1136 103 36 lute
272 1132 51 40 of
354 1130 352 49 photography.

134 1201 52 52 ©
213 1206 124 39 Mar.
365 1202 58 41 10,
463 1203 114 40 1928;
632 1201 68 40 2c.
726 1200 114 40 Dec.
866 1199 54 43 3;
951 1198 83 42 aff.
1063 1199 118 40 Nov.
1208 1197 84 47 30;
1323 1198 39 38 A
1390 1196 142 47 2023;
1563 1195 125 40 Falk
1716 1195 110 48 pub.
1855 1204 82 36 co.,
1966 1193 93 41 inc.

211 1259 282 51 (28-29915)

133 1352 407 65 Maeterlinck,
578 1351 280 62 Maurice,
903 1354 170 51 1862-

198 1433 121 52 The
361 1430 107 54 life
512 1430 63 52 of
616 1447 183 50 space,
842 1429 77 67 by
964 1427 255 52 Maurice
1264 1424 395 69 Maeterlinck,
1702 1423 319 54 translated
2066 1422 76 70 by

133 1510 262 54 Bernard
427 1510 185 51 Miall.
680 1508 139 52 New
853 1505 181 68 York,
1066 1504 193 67 Dodd,
1291 1504 171 53 Mead
1496 1506 51 51 &
1579 1520 300 51 company,
1915 1503 152 50 1928.

199 1587 837 54 4 p. l., 3-194 p. illus. 19½ᶜᵐ.
203 1662 352 49 Bibliography:
621 1672 42 37 p.
699 1660 219 41 191-194.

136 1716 52 52 ©
219 1720 119 40 Nov.
366 1719 71 44 24,
467 1719 116 40 1928;
640 1719 68 38 2c.
738 1718 119 39 Nov.
887 1717 56 40 27;
1004 1715 83 41 aff.
1117 1716 121 40 Nov.
1267 1714 58 41 30;
1383 1715 42 38 A
1453 1712 114 42 2003;
1631 1714 154 47 Dodd,
1819 1712 140 40 Mead
1994 1712 37 40 &
2061 1721 82 39 co.,

204 1777 91 40 inc.
361 1775 283 50 (28-29903)

131 1871 122 53 The
289 1869 350 54 Milwaukee
675 1868 256 64 journal.

212 1949 122 52 The
359 1947 217 54 hostess
603 1946 165 67 book,
795 1946 76 67 by
896 1945 96 53 the
1022 1945 184 53 editor
1235 1943 65 54 of
1327 1944 97 52 the
1453 1942 270 55 woman’s
1752 1960 175 51 pages
1957 1940 65 55 of
2048 1942 98 54 the

143 2018 1978 153 Milwaukee journal; decorations by Bettie Lenz … Milwaukee,
283 2103 163 68 Wis.,
471 2103 122 52 The
619 2101 248 55 Journal
894 2117 300 53 company,
1225 2102 152 51 1928.

214 2182 729 51 2 p. l., 60 p. illus. 25½ᶜᵐ.
140 2238 52 52 ©
223 2242 101 41 Oct.
352 2241 71 49 22,
451 2241 116 40 1928;
622 2242 68 39 2c.
718 2241 97 39 and
843 2239 83 41 aff.
954 2239 119 42 Nov.
1101 2239 58 39 24;
1215 2239 43 38 A
1285 2238 113 41 1891;
1459 2238 208 41 Journal
1695 2249 70 31 co.

218 2297 282 50 (28-29917)

134 2393 357 54 Minnesota.
564 2393 280 68 Supreme
877 2399 175 49 court.

207 2468 1882 72 Minnesota reports, v. 173. Cases argued and determined …
138 2549 320 55 November
487 2553 84 65 25,
602 2548 473 69 1927-February
1101 2552 84 64 24,
1218 2551 150 50 1928.
1433 2547 207 70 Henry
1670 2547 278 69 Burleigh
140 2565 1988 131 Wenzell,

287 2633 275 64 reporter,
587 2628 175 52 Ethel
784 2627 79 52 M.
889 2626 240 69 Martin,
1155 2627 273 52 assistant
1450 2631 273 64 reporter.
1791 2625 165 55 Saint
1985 2625 167 69 Paul,

140 2706 266 54 Lavallee
437 2707 110 52 law
579 2705 149 54 book
759 2724 98 49 co.,
894 2706 151 53 1928.

209 2789 134 47 xxxi,
376 2789 73 50 [1],
478 2788 87 40 690
590 2799 44 38 p.
689 2788 148 41 22½ᶜᵐ.

144 2843 52 52 ©
228 2848 114 46 May
372 2845 69 48 31,
473 2845 117 40 1928;
647 2846 68 39 2c.
748 2845 98 39 and
876 2843 83 42 aff.
991 2843 103 42 Oct.
1125 2845 53 46 1;
1212 2844 43 38 A
1284 2843 143 48 2102;
1463 2843 131 43 Mike
1626 2844 160 48 Holm,
1819 2845 251 47 secretary
2102 2845 52 40 of

215 2903 80 40 the
327 2904 129 40 state
488 2903 51 40 of
570 2901 277 41 Minnesota
880 2901 49 40 in
962 2903 130 39 trust
1122 2901 80 40 for
1234 2901 83 39 the
1349 2900 180 41 benefit
1561 2901 51 38 of
1645 2900 81 40 the
1761 2901 166 47 people
1961 2901 51 40 of
2045 2900 108 41 said

212 2962 143 46 state,
386 2958 69 43 St.
485 2959 138 40 Paul.

140 3054 246 52 Modern
418 3052 235 64 foreign
683 3051 297 65 language
1012 3052 200 63 study.

221 3130 362 55 Enrollment
623 3131 60 51 in
720 3131 96 52 the
858 3128 229 71 foreign
1126 3130 316 68 languages
1481 3128 60 54 in
1581 3130 313 68 secondary
1934 3129 221 55 schools

151 3209 111 52 and
300 3208 241 70 colleges
576 3207 64 54 of
676 3209 96 52 the
809 3207 219 55 United
1069 3207 209 68 States,
1317 3207 284 68 compiled
1641 3207 95 53 for
1773 3208 98 53 the
1908 3208 247 54 Modern

153 3286 228 70 foreign
420 3287 285 68 language
743 3287 173 68 study
957 3286 141 53 with
1137 3286 98 52 the
1274 3284 368 70 coöperation
1683 3285 65 53 of
1785 3286 98 53 the
1924 3286 231 55 Bureau

151 3359 1981 136 of education by Carleton A. Wheeler … and others, with introduction
526 3438 1630 74 and analysis by Robert Herndon Fife … New
155 3519 178 68 York,
363 3520 122 53 The
513 3519 337 53 Macmillan
883 3537 300 52 company,
1217 3523 152 50 1928.

223 3601 100 47 xxi,
350 3599 88 43 453
467 3611 44 38 p.
537 3600 114 43 incl.
678 3601 172 47 tables,
877 3600 182 50 diagrs.
1119 3602 120 40 24ᶜᵐ.
1309 3600 100 48 (On
1435 3612 166 32 cover:
1627 3601 337 42 Publications
1993 3603 53 41 of
2075 3606 83 41 the

155 3656 259 42 American
444 3659 96 39 and
571 3657 254 41 Canadian
855 3657 302 42 committees
1189 3669 60 29 on
1281 3659 199 40 modern
1510 3658 281 49 languages,
1851 3670 44 30 v.
1925 3660 53 47 4)

571 3716 68 47 CONTENTS.—pt.
681 3721 32 33 I.
752 3714 101 40 The
896 3714 291 42 enrollment
1226 3714 51 40 in
1318 3715 82 40 the
1442 3715 192 49 foreign
1674 3716 267 49 languages
1983 3717 51 40 in
2076 3718 82 41 the

158 3770 160 48 public
357 3771 97 40 and
493 3770 191 49 private
724 3770 267 49 secondary
1032 3772 204 45 schools,
1278 3771 237 49 compiled
1558 3772 121 42 with
1721 3773 82 41 the
1845 3773 314 49 coöperation

156 3828 51 39 of
238 3827 82 40 the
353 3827 199 41 Bureau
584 3827 52 41 of
665 3827 261 41 education
960 3828 62 47 by
1056 3827 50 42 C.
1140 3829 55 39 A.
1229 3829 227 39 Wheeler
1489 3830 97 40 and
1620 3830 316 50 others.—pt.
2014 3862 11 10 II.
2057 3831 102 42 The

157 3884 290 41 enrollment
484 3883 50 40 in
573 3883 83 41 the
691 3884 193 48 foreign
923 3885 266 48 languages
1229 3885 51 39 in
1321 3886 82 39 the
1444 3886 206 48 colleges
1691 3888 95 39 and
1827 3887 330 50 universities,

157 3939 318 50 statistically
503 3941 259 48 organized
791 3942 61 47 by
882 3940 48 42 C.
962 3940 50 43 C.
1042 3941 332 41 Weidemann.

154 3995 52 52 ©
234 4000 118 40 Nov.
378 3999 71 44 27,
478 4000 116 40 1928;
648 4001 68 39 2c.
745 4001 96 38 and
867 4000 84 41 aff.
978 3999 119 42 Nov.
1123 4000 59 41 28;
1238 4002 42 38 A
1307 4000 88 41 870;
1450 4001 284 43 Macmillan
1761 4014 70 30 co.

232 4055 282 51 (28-29941)
