2498 4384
1149 4139 102 51 193

215 457 122 52 The
378 456 385 53 Adventures
805 456 64 53 of
912 456 110 53 Hsi
1086 457 135 51 Men
1283 455 210 68 Ching,
1539 455 317 53 translated
1919 454 156 54 from
2134 455 97 54 the

283 534 262 68 Chinese,
579 535 327 54 illustrated
941 535 61 53 in
1034 534 169 53 black
1237 535 114 52 and
1388 534 188 53 white.
1655 534 157 67 [New
1848 532 182 69 York]
2072 533 161 55 Priv.

282 613 176 68 print,
492 612 93 54 for
615 614 96 52 the
739 613 249 68 Library
1019 612 65 54 of
1115 612 280 54 facetious
1425 613 119 53 lore
1581 611 194 69 [ᶜ1927]

282 695 1004 49 215 p., 1 l. incl. front., plates. 27ᶜᵐ.
282 753 148 41 “This
458 753 198 49 edition,
686 753 230 40 intended
945 753 79 39 for
1052 752 194 50 private
1275 752 305 50 circulation,
1612 752 41 41 is
1683 751 190 42 limited

1903 755 50 38 to
1982 751 89 42 750
207 764 2004 87 numbered
386 811 204 48 copies.”
651 811 119 41 This
802 822 120 38 copy
955 814 85 38 not
1072 810 282 43 numbered.

278 869 334 40 Translator’s
642 872 112 37 note
784 869 197 48 signed:
1016 868 104 41 Chu
1151 868 250 41 Tsui-Jen.

214 921 52 52 ©
305 926 114 41 Dec.
456 927 69 41 23,
565 926 141 43 1927;
746 926 68 40 2c.
853 926 111 41 Jan.
1002 927 69 40 17,
1111 926 142 47 1928;
1293 925 84 41 aff.
1416 926 111 40 Jan.
1566 926 81 42 16;
1690 926 40 39 A
1769 925 231 47 1018630;
2043 926 187 40 Martin

285 983 196 48 Kamin,
511 984 118 40 New
659 984 145 39 York.
875 982 254 49 (28-5694)

206 1063 2021 70 American law reports annotated … v. 52. Rochester, N. Y.,
277 1144 121 52 The
433 1144 269 68 Lawyers
738 1142 387 69 co-operative
1160 1143 339 69 publishing
1534 1161 312 51 company;
1882 1144 346 68 Northport,

277 1222 63 53 L.
378 1222 69 68 I.,
483 1222 69 53 N.
592 1223 90 65 Y.,
722 1222 256 53 Edward
1014 1223 336 67 Thompson
1386 1240 310 51 company;
1741 1221 119 56 San
1899 1222 328 69 Francisco,

274 1300 196 56 Calif.,
509 1300 551 54 Bancroft-Whitney
1133 1319 301 50 company,
1474 1303 149 51 1928.

278 1384 64 48 ix,
380 1385 116 40 1615
532 1396 44 37 p.
636 1384 148 41 25½ᶜᵐ.

211 1438 52 52 ©
297 1443 123 40 Mar.
451 1442 40 42 2.
524 1441 117 41 1928;
699 1442 68 40 2c.
800 1442 97 39 and
930 1441 83 42 aff.
1046 1442 124 41 Mar.
1204 1442 53 45 8;
1294 1442 39 38 A
1367 1441 230 47 1069183;
1634 1442 232 47 Lawyers
1900 1442 328 48 co-operative

278 1500 109 47 pub.
423 1511 82 36 co.,
539 1500 213 39 Edward
786 1499 277 48 Thompson
1098 1510 82 37 co.,
1215 1499 495 48 Bancroft-Whitney
1744 1511 68 30 co.

206 1580 209 64 Angle,
446 1579 146 55 Paul
622 1581 79 53 M.

275 1660 245 53 Lincoln
556 1660 61 52 in
652 1661 98 51 the
786 1679 136 49 year
961 1662 135 51 1860
1134 1660 115 53 and
1287 1679 60 34 as
1388 1660 491 68 president-elect;
1919 1661 174 68 being
2130 1662 95 53 the

205 1739 319 69 day-by-day
606 1739 284 53 activities
933 1738 64 54 of
1040 1739 301 53 Abraham
1383 1738 245 54 Lincoln
1672 1738 154 54 from
1867 1740 267 69 January
2181 1745 42 51 1,

208 1821 152 65 1860,
394 1824 59 47 to
488 1818 199 53 March
729 1823 47 62 5,
812 1822 153 61 1861,
999 1819 76 68 by
1110 1818 150 53 Paul
1294 1818 80 52 M.
1414 1818 206 69 Angle.
1699 1817 379 71 Springfield,
2111 1820 108 55 Ill.,

204 1898 122 53 The
357 1898 245 53 Lincoln
634 1898 323 52 centennial
990 1897 343 54 association
1447 1896 117 68 [ᶜ1927]

273 1980 56 41 66
357 1992 43 37 p.
461 1981 149 40 23½ᶜᵐ.

207 2035 52 52 ©
296 2039 113 41 Dec.
446 2039 70 47 30,
552 2038 142 42 1927;
733 2039 69 40 2c.
839 2039 112 40 Feb.
987 2038 70 47 20,
1095 2038 143 48 1928;
1278 2038 83 41 aff.
1400 2039 111 40 Feb.
1549 2039 83 46 18;
1672 2039 40 40 A
1749 2038 231 49 1061803;
2022 2040 202 41 Lincoln

277 2096 278 41 centennial
585 2107 129 30 assn.
786 2095 253 49 (28-5750)

203 2176 384 65 Armstrong,
638 2176 312 53 Elizabeth
1000 2176 137 53 Ann
1196 2175 315 66 (Driscoll)
1565 2176 174 55 “Mrs.
1791 2177 208 64 Henry
269 2178 1929 141 Armstrong,”
578 2258 173 50 1866-

274 2335 205 52 Poems
538 2334 109 70 [by]
706 2334 139 54 Mrs.
898 2334 165 53 Henry
1157 2332 367 72 Armstrong.
1615 2334 364 69 Dorchester,
2033 2335 193 70 Mass.,

206 2413 134 55 1927

274 2496 86 40 144
389 2507 44 37 p.
494 2498 124 46 port.
678 2495 118 42 21ᶜᵐ.

275 2553 406 41 “Testimonials”
702 2564 9 29 :
738 2565 45 37 p.
808 2553 220 41 143-144.

205 2607 51 53 ©
292 2612 113 41 Dec.
440 2611 69 48 10,
545 2611 142 47 1927;
723 2612 68 40 2c.
827 2612 111 40 Jan.
973 2611 68 48 13,
1078 2611 142 46 1928;
1259 2611 83 41 aff.
1378 2612 111 41 Jan.
1525 2613 47 37 11;
1645 2612 40 39 A
1720 2612 232 48 1018385;
1992 2613 135 41 Eliza
2166 2614 55 41 A.

271 2669 304 48 Armstrong,
610 2670 26 39 i.
668 2679 37 31 e.
737 2669 116 41 Mrs.
886 2669 169 47 Henry
1085 2669 305 48 Armstrong,
1423 2670 199 40 Boston.
1693 2669 253 50 (28-5816)

197 2749 262 64 Asbury,
490 2749 281 53 Herbert.

330 2827 1817 71 … The tick of the clock. New York, Macy-Masius, 1928.
265 2911 86 41 206
381 2922 46 38 p.
516 2911 119 41 19½ᶜᵐ.

270 2968 1056 48 At head of title: By Herbert Asbury …
203 3022 52 52 ©
283 3026 112 41 Feb.
422 3027 69 39 17,
518 3025 141 42 1928;
686 3026 69 40 2c.
782 3027 96 39 and
906 3025 83 41 aff.
1018 3025 110 41 Feb.
1155 3025 85 47 23;
1269 3026 43 39 A
1337 3025 232 48 1061902;
1600 3026 62 40 H.
1690 3026 207 49 Asbury,
1926 3027 118 40 New
2074 3028 145 41 York.

281 3083 254 49 (28-5643)

194 3163 252 63 Aubert,
478 3164 199 53 Louis.

265 3242 56 53 A
350 3242 280 54 listener’s
660 3243 392 53 introduction
1083 3248 59 48 to
1171 3243 98 52 the
1297 3243 181 53 music
1507 3242 64 53 of
1598 3243 308 69 Debussy’s
1935 3243 124 54 The
195 3244 1996 147 submerged
483 3322 314 66 cathedral,
847 3322 84 52 La

984 3322 330 52 cathedrale
1365 3321 308 69 engloutie,
1725 3322 77 68 by
1854 3323 63 52 L.
1973 3322 244 69 Aubert,

197 3401 210 68 played
453 3401 75 68 by
571 3399 264 54 William
898 3400 301 53 Murdoch.
1277 3401 109 52 Ed.
1439 3401 131 66 [and
1616 3407 90 60 tr.]
1756 3401 78 69 by
1895 3402 187 69 Percy
2143 3401 72 54 A.

199 3478 248 56 Scholes.
530 3479 278 66 [London]
852 3480 123 51 The
1009 3479 246 52 Aeolian
1291 3498 98 48 co.,
1424 3480 103 52 ltd.
1594 3479 152 67 [1927]
1800 3479 149 69 (The
1987 3482 229 53 world’s

193 3558 195 53 music.
466 3558 266 52 Duo-art.
809 3557 335 53 Annotated
1177 3558 189 66 series,
1399 3557 225 69 D-261)

200 3637 2016 54 © 1c. June 22, 1927; A ad int. 10797; pubd. Apr. 25; Aeolian co., New
268 3699 146 40 York.
482 3694 68 54 [©
584 3701 105 39 text
721 3700 96 38 and
851 3698 332 40 illustrations
1215 3709 62 29 on
1309 3699 156 40 music
1498 3699 106 49 roll]

192 3779 431 63 Battenhouse,
657 3780 209 63 Henry
898 3779 244 53 Martin.

267 3859 121 53 The
428 3858 168 54 Bible
629 3858 310 64 unlocked;
979 3878 31 33 a
1048 3858 173 65 study
1257 3857 65 54 of
1355 3858 98 53 the
1489 3858 242 70 history,
1767 3860 301 55 literature
2103 3863 113 53 and

197 3937 272 70 religious
495 3937 296 70 teachings
817 3937 65 54 of
907 3937 97 54 the
1031 3937 186 68 Bible,
1242 3937 76 69 by
1345 3937 206 69 Henry
1576 3937 223 55 Martin
1826 3940 390 57 Battenhouse

259 4016 1535 69 … New York, London, The Century co. [ᶜ1928]
