2498 4384
1093 4102 101 53 747

202 515 1461 54 ix. 317 p. illus., diagrs. (part fold.) 21 ᶜᵐ . $3.00
139 575 51 53 ©
229 580 75 38 May
378 578 70 47 10,
486 576 113 41 1928;
666 576 67 40 2c.
772 577 112 45 May
921 576 81 42 14;
1042 574 82 40 aff.
1163 575 114 46 May
1316 573 80 41 15;
1438 573 37 38 A
1516 572 200 40 1077237;
1789 572 348 39 McGraw-Hill

205 636 122 39 book
358 646 82 36 co.,
472 634 90 40 inc.
634 632 280 49 (28-12952)

135 731 270 59 Mauran,
439 728 185 53 Grace
658 726 319 54 Goodman.

204 808 331 53 Intimacies
588 807 138 52 with
779 806 369 61 inanimates;
1203 822 31 33 a
1286 804 169 51 series
1507 803 63 52 of
1622 804 255 52 sketches
1927 803 63 52 of
134 804 1981 137 domestic

134 880 1983 152 life, by Grace Goodman Mauran. Chicago, R. F. Seymour [ ᶜ19 27]
203 1046 712 51 4 p. l., 99 p. front. 21 ᶜᵐ .
138 1117 51 52 ©
215 1121 111 39 Dec.
351 1120 69 46 18,
446 1119 113 39 1927;
612 1119 67 39 2c.
705 1118 112 46 May
841 1119 40 42 4,
908 1117 114 40 1928;
1077 1115 82 42 aff.
1185 1117 115 45 May
1324 1116 26 40 7;
1404 1116 40 38 A
1469 1115 202 40 1077263;
1728 1115 159 47 Ralph
1916 1114 225 40 Fletcher

207 1177 249 47 Seymour.
527 1174 280 48 (28-13147)

136 1270 272 61 Melville,
443 1270 283 60 Herman,
762 1270 325 50 1819-1891.

265 1344 1878 72 … Moby Dick; or, The white whale, edited by Earl Maltby
135 1423 2006 69 Benson … Boston, New York [etc.] Allyn and Bacon [ ᶜ19 28]
235 1503 1781 53 x p., 1 l., 493 p. front., illus. 17½ᶜᵐ. (The Academy classics)
206 1579 347 47 Bibliography:
611 1589 41 37 p.
676 1577 219 40 457-460.

139 1647 51 52 ©
219 1652 114 47 Apr.
363 1651 68 47 13,
461 1650 113 41 1928;
632 1650 68 40 2c.
730 1651 94 38 and
855 1649 81 41 aff.
966 1650 114 46 May
1109 1650 54 37 14;
1223 1648 40 38 A
1293 1648 202 40 1074503;
1556 1648 146 47 Allyn
1731 1650 36 37 &
1797 1648 177 39 Bacon.

211 1704 67 53 [©
313 1708 188 47 editing
532 1709 92 37 and
662 1717 106 30 new
800 1709 195 46 matter]
1068 1704 282 49 (28-12807)

138 1802 277 62 Milburn,
447 1802 139 52 Mrs.
618 1800 189 64 Leigh
838 1801 184 62 Hope.

204 1880 120 51 The
365 1879 336 68 progressed
743 1879 308 66 horoscope
1092 1877 329 68 simplified,
1461 1878 75 68 by
1576 1877 183 68 Leigh
1799 1878 169 67 Hope
132 1877 1984 132 Milburn.

373 1957 296 67 Berkeley,
705 1955 194 66 Calif.,
937 1958 149 49 1928.

204 2039 575 50 155 p. diagrs. 20 ᶜᵐ .
139 2107 51 52 ©
217 2111 114 47 Apr.
358 2110 55 40 23,
456 2109 141 42 1928;
626 2109 68 40 2c.
721 2110 95 38 and
844 2108 83 42 aff.
956 2110 114 45 May
1097 2108 82 46 11;
1209 2108 43 39 A
1279 2108 229 47 1074463;
1540 2109 50 40 L.
1619 2109 61 40 H.
1709 2108 214 39 Milburn,
209 2108 1918 107 Berkeley,

335 2166 146 41 Calif.
555 2166 281 48 (28-13140)

141 2261 355 52 Minnesota.
572 2259 370 63 University.
1021 2259 273 53 Institute
1330 2259 63 68 of
1429 2258 155 53 child
1619 2258 252 69 welfare.

210 2340 172 55 Child
417 2358 125 35 care
577 2339 113 53 and
724 2338 276 69 training,
1034 2357 31 33 a
1101 2338 242 69 reading
1377 2355 193 35 course
1607 2336 95 53 for
1735 2343 251 64 parents,
141 2356 1979 130 prepared

346 2419 75 67 by
453 2419 94 52 the
579 2418 274 52 Institute
885 2416 64 54 of
979 2417 153 53 child
1168 2416 254 67 welfare,
1454 2417 340 69 University
1826 2416 64 53 of
137 2417 1984 132 Minnesota.

342 2495 407 68 Minneapolis,
779 2495 120 53 The
930 2495 341 68 University
1299 2494 65 53 of
1393 2495 327 53 Minnesota
1755 2514 155 49 press
1947 2499 194 64 [ᶜ1928]

205 2579 48 39 vi
281 2589 56 37 p.,
368 2579 24 38 1
456 2610 8 15 l.,
493 2578 87 40 180
607 2589 42 37 p.
709 2578 147 40 23½ᶜᵐ.

209 2635 257 40 “Material
507 2635 225 40 included
769 2635 50 39 in
859 2635 81 40 the
978 2636 413 46 correspondence
1430 2646 171 29 course
1639 2635 50 40 in
1728 2635 127 40 child
1899 2646 110 30 care
2049 2637 93 39 and

135 2692 455 49 training.”—Pref.

209 2750 187 40 “Books
444 2750 195 47 dealing
684 2749 119 41 with
851 2749 80 41 the
978 2750 336 47 development
1361 2751 95 39 and
1504 2749 218 46 training
1769 2749 51 41 of
1866 2750 218 40 children”:

137 2818 43 37 p.
209 2807 235 49 [168]-173;
505 2807 214 40 Selected
748 2807 85 40 list
861 2807 51 38 of
938 2807 204 47 reading
1168 2806 81 40 for
1278 2807 245 39 children:
1554 2818 43 37 p.
1627 2807 216 41 449-154.

141 2860 51 52 ©
219 2865 113 47 Apr,
359 2865 39 46 1,
426 2863 140 47 1928;
595 2864 67 41 2c.
690 2865 113 46 May
858 2864 52 47 15;
940 2864 82 40 aff.
1051 2865 113 46 May
1192 2865 83 45 14;
1304 2865 41 37 A
1372 2864 230 47 1077253;
1633 2864 284 48 University
1945 2865 51 38 of
210 2865 1916 104 Minnesota,

427 2921 337 47 Minneapolis.
836 2920 280 48 (28-12984)

139 3014 367 62 Moskowitz,
538 3014 189 53 David
760 3015 73 52 H.

210 3093 295 52 Exercises
543 3093 58 51 in
638 3099 308 63 geometry,
984 3094 277 68 analyzed
1299 3094 113 52 and
1451 3094 234 68 graded,
1723 3094 74 67 by
1835 3094 190 52 David
2136 3138 8 7 H.

138 3170 2007 71 Moskowitz … New York city, Regents publishing company,
139 3248 636 67 incorporated [ ᶜ19 28]
205 3331 777 48 3 p. l., 149 p. diagrs. 17 ᶜᵐ .
143 3383 2001 55 © May 10, 1928; 2c. and aff. May 14; A 1074521; Regents pub. co ., inc.
220 3444 281 48 (28-13103)

145 3538 281 52 National
459 3539 180 52 metal
671 3539 203 52 trades
904 3539 379 53 association.
1363 3540 336 53 Committee
1733 3560 73 34 on
1836 3542 312 52 industrial

248 3616 287 53 relations.

210 3695 268 53 Methods
512 3694 63 54 of
609 3714 156 50 wage
802 3702 289 62 payment,
1123 3697 76 67 by
1235 3695 339 55 Committee
1609 3715 69 34 on
1717 3698 306 53 industrial
142 3717 1979 123 relations,

414 3773 1730 71 National metal trades association … Chicago, Ill.
254 3852 66 51 [ ᶜ19 28]
210 3932 1004 49 1 p. l., 57 p. diagrs. 23 ᶜᵐ . $0.50
145 3984 51 53 ©
223 3992 122 39 Mar.
369 3990 71 45 22,
466 3991 140 42 1928;
633 3992 68 40 2c.
728 3993 113 46 May
867 3992 52 45 5;
948 3992 81 42 aff.
1057 3994 122 39 Mar.
1204 3993 84 45 28;
1319 3994 39 37 A
1384 3992 229 44 1077092;
1644 3995 115 39 Natl.
1801 3996 147 38 metal
1978 3995 166 41 trades

212 4057 142 36 assn.,
388 4047 224 48 Chicago.
683 4048 280 48 (28-13095)
