2498 4384
1277 4078 140 51 2066

319 424 744 64 Bernard, É mile, 1868-
450 498 1706 72 … La danseuse persane. Paris, Calmann-L é vy, 1928.
388 582 592 51 2 p. l. , v, 244 p. 19 ᶜᵐ .
320 651 1708 54 © Oct. 10, 1928; 1c. Nov. 5; A —Foreign 408; Calmann-Levy.
399 711 224 51 (29-381)

319 806 660 65 Bossch é re, Jean de.
395 885 415 68 [Illustrations
856 885 62 52 in
965 885 154 52 color
1165 884 115 53 and
1326 883 169 54 black
1542 883 114 53 and
1703 882 193 67 white]
1946 881 77 70 by
2071 881 150 55 Jean
2267 881 68 52 de

319 958 1993 154 Bossch é re [in the book entitled] … The eleven comedies; literally
538 1043 112 52 and
688 1042 341 69 completely
1063 1041 321 54 translated
1421 1039 154 54 from
1609 1040 100 53 the
1743 1039 189 55 Greek
1965 1044 214 64 tongue
2214 1038 123 53 into

320 1122 250 69 English
612 1121 142 53 with
793 1119 361 54 translator’s
1197 1119 308 67 foreword,
1547 1138 74 33 an
1662 1118 396 53 introduction
2099 1123 59 47 to
2203 1116 136 54 each

320 1193 1992 139 comedy and elucidatory notes … New York, Pub. for subscribers
592 1278 139 68 only
758 1278 77 68 by
865 1277 78 53 H.
975 1277 326 69 Liveright,
1335 1279 150 51 1928.

391 1359 1184 50 2 v. col. fronts., plates (part col.) 24½ ᶜᵐ .
325 1429 52 52 ©
412 1433 113 40 Dec.
560 1433 39 47 1,
634 1432 142 47 1928;
811 1432 69 41 2c.
914 1431 119 41 each
1066 1432 114 40 Dec.
1215 1431 83 47 17;
1335 1429 83 43 aff.
1453 1430 114 42 Dec.
1601 1429 83 48 19;
1719 1429 44 40 A
1795 1429 143 47 2513;
1975 1428 194 40 Horace
394 1427 1927 111 Liveright,

570 1488 92 41 inc.

326 1584 261 62 Bunker,
617 1583 156 54 John
803 1583 293 64 Wymond
1128 1583 214 54 Miller.

397 1662 279 52 Personal
704 1661 247 69 hygiene
982 1660 95 53 for
1105 1679 219 49 nurses,
1354 1660 252 68 adapted
1637 1659 119 54 also
1786 1664 59 48 to
1876 1658 97 53 the
2002 1675 100 36 use
2131 1656 64 55 of
329 1663 1986 130 students
534 1737 66 54 of

639 1738 263 70 physical
941 1738 305 53 education
1287 1739 114 52 and
1441 1738 164 53 other
1645 1738 198 52 health
1885 1736 338 69 specialists,
2264 1736 78 70 by

328 1815 1950 70 John Wymond Miller Bunker … and Clair Elsmere Turner …
328 1895 74 52 2d
425 1894 85 53 ed.
589 1893 84 56 St.
695 1893 195 69 Louis,
914 1894 122 53 The
1062 1893 62 55 C.
1149 1895 70 53 V.
1246 1894 208 69 Mosby
1478 1912 300 52 company,
1806 1896 151 50 1929.

399 1974 973 50 210 p. illus., plates, diagrs. 20 ᶜᵐ .
329 2042 52 53 ©
408 2048 115 39 Dec.
549 2048 70 47 17,
645 2046 141 47 1928;
815 2047 68 40 2c.
911 2047 96 40 and
1034 2046 83 41 aff.
1144 2046 115 41 Dec.
1285 2046 83 47 26;
1397 2046 42 41 A
1465 2046 142 48 3318;
1640 2046 49 42 C.
1717 2047 55 40 V.
1800 2048 170 47 Mosby
1998 2057 70 31 co.

408 2103 224 50 (29-373)

330 2197 369 64 Christeller,
732 2198 221 53 Erwin.

395 2278 172 53 Atlas
620 2279 100 52 der
771 2277 541 70 histotopographie
1363 2279 283 68 gesunder
1695 2279 118 52 und
1866 2277 339 55 erkrankter
328 2299 1993 128 organe,
532 2374 112 36 von

328 2355 1993 150 dr. Erwin Christeller … mit 182 direkten photogrammen
665 2436 59 53 in
768 2435 520 55 dreifarbendruck
1328 2434 105 55 auf
1476 2439 64 51 88
1580 2435 188 55 tafeln
1808 2437 120 53 und
1969 2440 35 49 4
329 2436 1995 148 textabbildungen.

651 2513 259 70 Leipzig,
937 2513 69 55 G.
1034 2514 255 72 Thieme,
1318 2513 151 55 1927.

401 2594 901 52 19, [1] p. illus., 88 col. pl. 33 ᶜᵐ .
403 2668 136 39 Each
567 2668 133 47 plate
730 2665 345 49 accompanied
1102 2667 61 47 by
1193 2667 325 47 explanatory
1547 2668 107 39 text
1680 2666 196 49 printed
1906 2678 61 30 on

1994 2677 142 31 verso
2168 2667 52 41 of
330 2676 2002 97 preceding
529 2725 147 48 plate.

335 2791 1876 54 © June 2, 1927; 1c. Oct. 11, 1928; A—Foreign 429; Georg Thieme.
414 2852 223 49 (29-325)

335 2946 56 53 A
441 2946 360 54 cumulative
851 2948 363 67 supplement
1263 2952 59 49 to
1371 2948 99 52 the
1515 2946 353 70 Mississippi
1918 2948 206 69 digest,
403 2966 1920 126 annotated,
609 3026 271 68 covering

904 3025 96 53 the
1028 3043 165 50 years
1223 3029 135 49 1911
1387 3031 59 47 to
1477 3029 154 65 1928,
1659 3025 61 53 in
1748 3026 188 53 which
1966 3045 97 34 are
2091 3025 260 70 digested

405 3122 75 34 on
504 3104 96 52 the
628 3104 139 68 plan
793 3101 65 55 of
881 3103 98 53 the
1005 3108 205 64 parent
1239 3104 187 68 digest
1453 3105 79 51 all
1559 3122 152 35 cases
1738 3105 62 52 in
1826 3105 255 52 volumes
2110 3107 240 50 100-148

403 3180 355 70 Mississippi
800 3186 225 64 reports
1067 3182 114 52 and
1223 3182 97 53 the
1362 3182 355 68 Mississippi
1760 3181 279 55 decisions
2083 3182 268 69 reported

405 3258 1945 71 in volumes 56-117 Southern reporter … by the publishers’
406 3337 1945 69 editorial staff, v. 1, 2 … Indianapolis, The Bobbs-Merrill
406 3419 514 65 company [ ᶜ19 28]
405 3499 312 40 2 v. 25½ ᶜᵐ .
750 3554 1602 49 CONTENTS.—v. l. Abandonment to Juveniles.—v. 2. Kidnaping to Zoo.
341 3607 52 53 ©
427 3612 120 40 Nov.
579 3612 69 47 28,
682 3611 142 47 1928;
859 3613 69 39 2c.
962 3612 118 40 each
1114 3613 96 39 and
1247 3611 108 42 affs.
1390 3613 113 40 Dec.
1538 3612 53 47 8;
1628 3612 42 40 A
1702 3613 129 47 3111,
1866 3612 143 47 3112;
408 3613 1926 96 Bobbs-Merrill

518 3679 68 30 co.

339 3761 263 64 Daniels,
631 3761 126 54 Ara
784 3763 259 63 Marcus,
1075 3767 174 50 1884-

414 3838 1876 72 Steam and hot water heating, by Ara Marcus Daniels …
340 3917 2013 72 specially arranged for home studv … Washington, D. C.,
342 3999 151 51 1928.
