2498 4384
1286 4090 103 49 344

313 448 200 61 Grote,
542 447 64 51 L.
636 446 88 62 R.,
755 446 84 52 ed.

383 526 113 52 Die
520 524 249 53 medizin
798 524 100 52 der
927 528 331 64 gegenwart
1285 523 59 51 in
1374 521 622 69 selbstdarstelhmgen.
2062 519 259 69 Leipzig,

312 603 168 52 Felix
508 602 239 67 Meiner,
778 600 150 55 1927.

381 685 25 39 1 v.
317 751 1737 54 © Mar. 5, 1927; 1c. May 6; A —Foreign 34736; Felix Meiner.
314 867 211 62 Grove,
553 866 102 52 Sir
684 864 246 63 George,
964 866 328 64 1820-1900,
1323 863 86 53 ed.

386 944 237 56 Grove’s
654 943 327 67 dictionary
1009 940 64 54 of
1103 941 180 53 music
1315 942 113 52 and
1459 941 323 53 musicians.
1851 941 310 52 American
317 959 1982 132 supplement;
626 1020 172 69 being

825 1020 95 52 the
950 1019 154 53 sixth
1133 1020 225 52 volume
1388 1018 63 54 of
1479 1018 98 54 the
1605 1020 275 67 complete
1911 1019 176 68 work,
2114 1020 212 54 Waldo

318 1102 209 55 Seiden
558 1102 188 65 Pratt,
778 1099 203 66 editor,
1015 1097 239 54 Charles
1285 1097 71 53 N.
1390 1098 185 69 Boyd,
1608 1097 275 53 associate
1914 1097 202 53 editor.
2186 1098 139 52 New

316 1180 105 67 ed.,
451 1178 140 53 with
621 1195 123 34 new
774 1176 281 52 material.
1123 1176 140 52 New
1295 1175 181 69 York,
1506 1176 122 52 The
1657 1176 338 53 Macmillan
2026 1194 300 51 company,

318 1261 153 49 1928.

385 1336 660 50 vii, 438 p. ports. 24 ᶜᵐ .
320 1407 52 52 ©
402 1412 123 38 Mar.
555 1410 70 47 27,
656 1408 142 47 1928;
828 1408 68 41 2c.
928 1408 96 39 and
1054 1406 84 43 aff.
1169 1408 124 41 Mar.
1323 1407 84 48 28;
1439 1408 41 39 A
1510 1407 230 49 1068631;
1775 1408 285 40 Macmillan
2090 1420 67 29 co.

313 1535 249 63 Gruber,
598 1534 47 53 L
939 1532 305 54 Franklin.

387 1614 123 56 The
543 1612 127 53 first
702 1611 248 70 English
982 1611 141 53 New
1155 1612 332 52 Testament
1522 1611 114 53 and
1667 1612 248 67 Luther;
1953 1612 96 53 the
2085 1612 118 53 real
317 1631 1989 114 extent
467 1697 58 47 to
552 1690 188 53 which

769 1690 262 69 Tyndale
1059 1708 116 34 was
1205 1689 325 68 dependent
1556 1707 156 50 upon
1743 1690 219 53 Luther
1993 1708 62 35 as
2084 1709 31 34 a
318 1696 1988 141 translator,
525 1769 76 68 by
641 1768 65 53 L.

317 1766 1989 148 Franklin Gruber … Burlington, Ia., The Lutheran literary board, 1928.
389 1927 642 50 128 p. facsims. 19½ ᶜᵐ .
390 2001 129 38 “The
560 1999 260 40 substance
863 1998 51 40 of
956 1999 81 38 the
1080 1997 255 48 following
1376 1998 307 49 comparison
1724 1999 52 40 of
1818 2000 261 47 Tyndale’s
2124 2000 209 50 Cologne

321 2058 119 39 New
470 2057 283 39 Testament
798 2054 164 50 (1525)
1004 2054 121 41 with
1158 2057 84 38 the
1276 2056 119 39 New
1427 2057 283 39 Testament
1745 2056 257 49 published
2037 2058 63 47 by
2133 2057 199 50 Luther,

321 2113 224 49 together
580 2113 120 40 with
738 2123 88 29 our
863 2112 319 47 conclusions,
1222 2123 73 29 we
1332 2112 109 41 first
1479 2112 184 41 offered
1702 2124 54 29 as
1796 2124 29 30 a
1866 2113 466 49 Quadricentennial

322 2172 148 46 study
504 2170 51 39 in
592 2170 189 40 several
816 2169 157 40 issues
1010 2169 52 39 of
1098 2170 81 39 the
1215 2169 252 40 Lutheran
1503 2170 184 40 church
1725 2171 192 48 review,
1955 2171 278 42 1916-1917.
2293 2174 40 39 A

321 2228 130 40 little
475 2228 128 40 later
628 2227 39 40 it
692 2236 103 31 was
819 2226 165 40 issued
1011 2226 281 48 separately
1317 2226 51 40 in
1394 2226 124 41 book
1542 2227 130 40 form
1702 2228 170 49 [under
1898 2228 136 41 title:
2065 2230 101 40 The
2195 2231 138 38 truth

323 2286 149 39 about
516 2286 83 39 the
643 2284 229 39 so-called
919 2283 239 40 ‘Luther’s
1203 2284 285 40 Testament
1534 2283 50 40 in
1630 2284 232 49 English’,
1909 2286 262 47 Tyndale’s
2217 2287 118 41 New

321 2340 527 50 Testament]”—Pref.

392 2399 317 48 Advertising
735 2400 208 38 matter:
972 2408 43 38 p.
1043 2397 220 42 127-128.

326 2467 51 53 ©
405 2472 113 40 Feb.
543 2471 69 47 27,
640 2470 116 40 1928;
808 2470 69 40 2c.
903 2470 124 40 Mar.
1052 2469 54 47 3;
1135 2468 83 42 aff.
1247 2469 122 41 Mar.
1395 2470 53 47 7;
1478 2469 41 39 A
1546 2469 230 49 3068172;
1807 2472 50 40 L.
1887 2472 51 42 F.
1968 2472 202 48 Gruber,
395 2473 1884 103 Maywood,

578 2529 77 40 Ill.
726 2526 253 50 (28-7641)

322 2622 301 63 Guedalla,
656 2621 214 63 Philip.

393 2701 172 68 Mary
593 2700 168 52 Anne
792 2699 268 53 Disraeli.
1148 2699 257 69 (Bonnet
1435 2700 113 52 and
1579 2700 208 70 shawl)

403 2783 86 49 (In
517 2779 137 44 Good
684 2777 373 53 housekeeping
1087 2777 280 53 magazine,
1399 2778 138 53 Apr.,
1570 2780 146 50 1928)

327 2850 1568 52 © 1c. Apr. 11, 1928; A ad int. 10958; pubd. Mar. 25; P.
1928 2853 253 50 Guedalla,
395 2856 1920 96 London.

323 3003 325 64 Hamilton,
683 3002 356 64 Alexander,
1076 3002 326 55 1757-1804.

394 3083 405 53 Hamiltonian
860 3082 341 68 principles;
1267 3087 247 48 extracts
1576 3082 153 53 from
1788 3084 96 52 the
1945 3085 265 70 writings
2269 3086 65 53 of

326 3160 330 54 Alexander
694 3161 325 66 Hamilton,
1057 3161 242 52 selected
1339 3161 113 53 and
1492 3161 191 53 edited
1721 3161 74 69 by
1836 3163 196 54 James
2072 3165 261 52 Truslow

326 3239 1798 70 Adams … Boston, Little, Brown, and company, 1928.
396 3322 86 39 xix
512 3332 58 38 p.,
599 3322 27 38 2
692 3353 8 16 l.,
730 3322 145 40 3-188
907 3332 42 37 p.
1010 3321 146 40 20½ᶜᵐ.

398 3393 130 39 “The
564 3391 259 40 selections
859 3401 84 29 are
981 3392 139 39 made
1156 3391 131 40 from
1323 3392 101 39 The
1464 3393 160 39 works
1662 3393 51 39 of
1748 3393 279 41 Alexander
2064 3395 269 50 Hamilton,

327 3451 163 39 edited
528 3450 61 46 by
628 3450 82 38 the
747 3450 100 38 late
887 3448 169 47 Henry
1095 3449 155 40 Cabot
1288 3449 174 48 Lodge,
1503 3451 95 38 and
1637 3450 257 48 published
1932 3452 61 47 by

2035 3452 55 41 G.
2129 3453 51 41 P.
327 3454 1989 93 Putnam’s
514 3516 126 37 sons,
673 3504 129 41 1885.
862 3505 102 40 The
995 3507 190 38 volume
1217 3507 97 38 and
1345 3514 123 40 page

1501 3506 275 41 references
1808 3511 52 37 at
1892 3509 81 40 the
2006 3510 94 39 end
2132 3510 52 40 of
2215 3512 118 38 each

328 3567 192 38 extract
550 3563 132 40 refer
709 3566 49 37 to
790 3563 109 40 that
926 3561 430 43 edition.”—Note.

397 3635 276 40 Contents.
689 3656 59 5 —
767 3632 353 41 Introduction.
1135 3656 61 4 —
1212 3633 457 48 Chronology.—On
1703 3637 494 45 government.—The
329 3647 1988 93 people.
436 3715 59 5 —
510 3692 101 38 The

646 3691 190 39 federal
872 3693 329 44 government.
1218 3713 60 5 —
1293 3691 102 39 The
1430 3693 128 38 state
1596 3696 353 43 governments.
1966 3717 59 5 —
2041 3693 102 40 The

330 3694 1988 95 President.—
549 3748 101 39 The
690 3747 300 48 legislature.
1005 3770 61 5 —
1081 3748 101 39 The
1223 3747 650 51 judiciary.—Agriculture,
1917 3761 280 37 commerce,
2239 3752 96 39 and

330 3805 548 41 manufactures.—The
923 3804 221 41 national
1191 3805 292 41 debt.—The
1528 3805 316 41 tariff.—The
330 3808 1984 97 bank.—Miscellaneous.

334 3930 52 52 ©
429 3934 123 42 Mar.
592 3933 69 44 10,
702 3933 141 47 1928;
886 3933 68 41 2c.
996 3933 94 39 and
1133 3933 82 41 aff.
1259 3934 122 40 Mar.
1423 3933 82 46 12;
1548 3934 40 38 A
1629 3933 230 44 1068250;
1904 3936 167 39 James
2112 3936 221 39 Truslow

404 3992 194 47 Adams,
633 3992 430 47 Bridgehampton.
1099 3992 49 41 L.
1187 3992 51 46 T.,
1274 3992 55 40 N.
1365 3992 52 39 Y.
1489 3992 251 48 (28-7627)
