2498 4384
1243 4089 104 51 734

353 521 535 49 5 p. l., 293 p. 19½ ᶜᵐ .
291 575 51 52 ©
417 590 70 36 Apr.
518 579 68 47 13,
617 578 140 40 1928:
790 578 67 40 2c.
889 579 95 38 and
1015 577 83 41 aff.
1130 579 114 46 May
1275 578 81 43 14;
1390 577 41 39 A
1461 577 230 47 1074490;
1724 577 300 48 Doubleday,
2058 578 166 40 Doran
2258 579 35 39 &

359 647 82 36 co.,
472 636 91 40 inc.
637 634 281 48 (28-12651)

290 715 458 61 Schoonmaker,
783 714 218 52 Frank.

359 793 172 55 Come
575 793 140 52 with
757 812 90 33 me
887 792 253 69 through
1184 792 269 69 Belgium
1497 792 113 53 and
1654 791 279 69 Holland,
1975 792 76 69 by
2096 793 198 52 Frank

290 870 2001 69 Schoonmaker … New York, R. M. McBride & company, 1928.
361 952 1933 49 viii p., 2 l., 15-183 p. front., plates, fold. map. 19½ ᶜᵐ . (His The
287 1010 254 41 traveler’s
576 1010 165 48 series,
828 1010 13 48 II)

359 1069 140 46 Maps
534 1078 61 29 on
628 1066 366 49 lining-papers.

290 1120 52 52 ©
367 1125 115 47 Apr.
506 1124 69 47 28,
602 1123 113 41 1928;
769 1123 66 41 2c.
863 1124 114 47 May
1002 1123 82 47 10;
1112 1122 82 41 aff.
1221 1124 114 47 May
1361 1122 52 48 9;
1441 1123 42 39 A
1506 1122 230 48 1077190;
1765 1123 183 40 Robert
1974 1124 63 40 M.
2065 1123 228 41 McBride

428 1179 419 50 & co. (28-12638)
288 1260 287 64 Shepard,
613 1261 227 63 George
876 1260 200 63 Hugh,
1114 1260 172 52 1870-

357 1341 121 52 The
523 1340 267 52 elements
835 1338 63 53 of
943 1339 309 52 industrial
1296 1338 387 69 engineering,
1726 1339 75 67 by
1846 1338 223 69 George
2114 1340 177 67 Hugh

289 1417 2004 79 Shepard … Boston, New York [etc.] Ginn and company
292 1499 193 64 [ ᶜ19 28 ]
285 1578 1989 107 xii, 541 p. incl. illus., forms, diagrs. (part double) 23½ ᶜᵐ . (Engineering
512 1637 163 47 series,
706 1638 72 39 ed.
806 1638 60 46 by
893 1637 54 42 A.
974 1637 55 40 A.
1056 1637 185 48 Potter]

358 1695 71 40 “A
472 1696 122 47 good
642 1696 109 38 deal
797 1694 51 40 of
896 1695 82 39 the
1023 1696 181 38 matter
1251 1694 50 39 of
1348 1694 98 40 this
1494 1694 123 40 book
1662 1705 101 29 was
1812 1694 254 48 published
2116 1695 46 39 in
2214 1696 80 39 the

287 1752 208 40 writer’s
530 1751 322 49 ‘Application
883 1753 51 38 of
966 1751 243 47 efficiency
1242 1750 514 49 principles’.”—Pref.

357 1810 234 41 Contains
622 1808 394 49 bibliographies.

290 1864 52 52 ©
377 1868 115 48 Apr.
527 1868 70 41 23,
634 1867 141 46 1928;
813 1867 68 40 2c.
916 1867 114 47 May
1066 1866 52 46 8;
1158 1866 83 41 aff.
1279 1868 113 46 May
1428 1866 53 47 9;
1519 1866 42 39 A
1596 1866 229 47 1074399;
1866 1867 53 41 G.
1957 1868 61 39 H.
2059 1867 232 48 Shepard,

358 1925 276 47 Lafayette,
667 1924 104 40 Ind.
842 1923 282 49 (28-12721)

283 1990 264 61 Shriver,
580 1989 257 54 William
870 1990 221 62 Payne,
1129 1988 171 53 1872-

354 2068 178 53 What
563 2072 136 47 next
732 2067 56 52 in
823 2067 164 52 home
1018 2066 282 67 missions,
1336 2066 71 69 by
1437 2066 261 54 William
1731 2068 65 51 P.
1834 2066 253 55 Shriver.
2157 2068 136 52 New

288 2145 178 66 York,
510 2145 239 54 Council
789 2144 64 53 of
891 2163 215 34 women
1151 2144 94 52 for
1286 2144 163 53 home
1489 2144 262 54 missions
1792 2146 110 51 and
1944 2145 350 72 Missionary

285 2223 878 66 education movement [ ᶜ19 28]
356 2308 99 42 viii,
485 2308 85 40 232
600 2319 43 36 p.
703 2306 146 40 19½ᶜᵐ.

356 2364 250 48 “Reading
638 2363 84 42 list”:
813 2374 41 38 p.
885 2362 218 41 228-232.

291 2418 52 52 ©
372 2422 115 48 Apr.
514 2421 71 48 30,
616 2420 117 40 1928;
787 2420 68 40 2c.
886 2420 96 39 and
1010 2418 84 42 aff.
1124 2421 115 46 May
1269 2419 25 40 8;
1353 2419 41 39 A
1423 2419 204 40 1074404;
1688 2420 199 40 Council
1918 2422 51 39 of
1998 2432 186 30 women
2213 2422 80 40 for

360 2479 139 39 home
527 2478 227 40 missions
782 2482 35 39 &
845 2476 295 48 Missionary
1169 2476 260 40 education
1456 2478 272 39 movement
1755 2478 52 39 of
1835 2479 83 39 the
1946 2479 55 42 U.
2034 2479 44 40 S.
2108 2480 37 39 &
359 2479 1915 97 Canada.

540 2534 279 50 (28-12635)

289 2601 218 64 Skelly,
537 2600 258 53 Andrew
821 2600 79 53 M.

359 2678 1934 73 Conferences on the interior life for sisterhoods … by the
286 2757 2009 72 Rev. A. M. Skelly … St. Louis, Mo., and London, B. Herder
288 2838 146 54 book
462 2857 98 48 co.,
590 2841 151 50 1928.

356 2921 305 41 2 v. 19½ᶜᵐ.
357 2981 156 38 These
552 2981 215 38 volumes
804 2989 84 29 are
927 2978 50 40 in
1014 2979 120 47 good
1175 2981 112 45 part
1325 2988 62 30 an
1424 2979 287 47 adaptation
1750 2981 95 39 and
1883 2993 62 28 an
1985 2982 306 48 abridgment

288 3038 50 38 of
384 3036 260 48 Théologie
691 3035 247 48 ascétique
984 3038 49 38 et
1078 3035 257 48 mystique,
1382 3035 61 48 by
1491 3036 164 41 André
1703 3038 157 40 Marie
1909 3040 237 47 Meynard
2196 3041 94 39 and

289 3094 207 48 Mystica
530 3093 257 48 theologia,
819 3094 60 46 by
912 3093 212 40 Thomas
1156 3093 54 39 A.
1244 3093 334 47 Vallgornera.
1639 3096 62 46 cf.
1735 3096 274 42 Foreword.

292 3148 52 52 ©
372 3154 115 45 May
511 3153 41 45 4,
579 3151 114 41 1928;
748 3152 68 40 2c.
842 3152 118 38 each
988 3152 95 38 and
1110 3150 83 42 aff.
1221 3153 115 45 May
1363 3153 26 39 7;
1445 3152 41 38 A
1512 3152 230 48 1074386;
1773 3155 53 39 B.
1855 3155 190 40 Herder
2074 3156 122 39 book
2224 3166 68 30 co.

369 3208 281 49 (28-12836)

289 3273 335 63 Sophocles.

359 3353 139 51 Two
548 3351 187 54 Greek
787 3353 182 67 plays,
1019 3353 95 51 the
1164 3352 348 54 Philoctetes
1561 3352 65 53 of
1676 3353 305 68 Sophocles
2034 3357 112 52 and
2197 3357 95 53 the

288 3429 203 54 Medea
531 3429 64 53 of
636 3430 328 67 Euripides,
1004 3431 144 52 clone
1187 3431 122 52 into
1352 3431 241 67 English
1636 3433 75 67 by
1750 3433 152 52 John
1946 3434 117 68 Jay
288 3434 1979 127 Chapman.

532 3510 217 51 Boston
797 3509 112 52 and
957 3509 139 52 New
1145 3510 181 66 York,
1373 3510 316 69 Houghton
1741 3511 203 53 Mifflin
1993 3531 298 51 company,

291 3590 150 49 1928.

357 3669 706 48 3 p. l., 3-118, [1] p. 20 ᶜᵐ .
293 3723 52 52 ©
376 3727 115 48 Apr.
521 3728 69 46 27,
622 3727 140 45 1928;
796 3728 67 39 2c.
894 3728 96 39 and
1022 3727 82 41 aff.
1137 3729 114 47 Apr.
1283 3728 82 47 30;
1399 3729 40 39 A
1471 3729 228 47 1074254;
1735 3731 128 40 John
1896 3732 95 47 Jay
2024 3731 265 49 Chapman,

361 3784 119 39 New
508 3784 144 40 York.
723 3783 280 49 (28-12823)

294 3848 325 63 Stacpoole,
650 3850 206 62 Henry
884 3851 85 51 De
1001 3850 171 53 Vere.

362 3926 121 52 The
513 3927 112 69 girl
656 3926 64 53 of
748 3928 94 52 the
872 3929 208 68 golden
1110 3928 137 53 reef.
1315 3929 133 53 Feb.
1481 3934 47 64 5,
1561 3934 81 64 12,
1675 3934 80 65 19,
1785 3935 84 64 26,
1903 3936 149 50 1928.
2144 3937 32 49 [4
291 3933 1975 138 instalments]
