2498 4384
1254 4100 102 48 348

377 536 1937 60 3 p. l., [9]-237 p., 1 l. 19 ᶜᵐ . (Les “Merits” sous la direction de Jean
311 601 277 41 Gudhenno.
653 601 81 50 [1])

313 670 1892 52 © May 27, 1927; 1c. July 18; A—Foreign 35309; Bernard Grasset.
390 730 253 50 (28-7564)

307 828 224 61 Means,
564 826 228 64 George
821 827 74 52 H.

379 904 178 56 God’s
598 905 259 52 wonders
899 904 66 53 of
1005 904 138 69 fifty
1184 923 182 51 years,
1408 905 76 69 by
1527 905 222 70 George
1792 906 78 53 H.
1914 906 219 63 Means,
2214 949 10 10 D.
2306 950 10 9 D.

308 983 332 67 Louisville,
676 982 121 54 The
836 981 294 56 Standard
1166 983 266 69 printing
1468 1002 98 49 co.,
1602 983 421 69 incorporated,
2064 987 151 50 1926.

378 1066 88 40 302
493 1076 44 38 p.
596 1065 57 41 17½c
702 1066 27 21 m
735 1098 8 8 .

378 1137 42 39 A
444 1136 151 40 series
620 1135 52 41 of
695 1134 373 41 reminiscences
1092 1134 107 41 first
1225 1135 165 40 issued
1416 1146 56 30 as
1497 1136 198 40 articles
1722 1136 49 40 in
1798 1136 83 41 the

1907 1135 200 42 Central
310 1136 1989 104 Methodist,
450 1193 214 48 starting
688 1192 128 40 June
842 1192 68 48 16,
938 1192 115 40 1925
1080 1193 96 39 and
1203 1192 287 48 continuing
1515 1193 79 40 for
1621 1192 211 48 fifty-six
1861 1193 172 41 weeks,
2096 1194 61 48 of.
2187 1193 130 42 Pref.

311 1260 52 52 ©
399 1264 111 41 Jan.
545 1264 69 48 24,
650 1263 115 40 1927;
828 1264 68 40 2c.
932 1264 123 40 Mar.
1091 1263 39 48 9,
1168 1262 142 48 1928;
1349 1263 83 41 aff.
1469 1264 122 40 Mar.
1628 1263 52 48 8;
1720 1264 41 39 A
1797 1263 230 48 3069204;
2071 1264 246 41 Standard

380 1321 221 48 printing
634 1331 81 37 co.,
750 1320 92 41 inc.
913 1320 252 49 (28-7760)

303 1415 319 63 Mercedes,
656 1416 203 67 Sister,
892 1418 172 50 1846-
1244 1433 180 50 comp.

375 1495 122 52 The
522 1512 191 50 mercy
735 1494 251 67 manual,
1011 1493 337 70 containing
1372 1494 98 53 the
1491 1494 180 53 Little
1697 1493 150 54 office
1872 1494 66 53 of
1960 1494 100 54 the
2085 1495 234 53 Blessed

308 1573 212 68 Virgin
553 1572 189 69 Mary,
775 1573 96 52 the
905 1571 171 55 Office
1108 1571 65 53 of
1204 1572 98 53 the
1338 1572 145 53 dead
1519 1572 114 53 and
1669 1590 238 51 prayers
1940 1573 140 53 used
2113 1572 78 71 by
2222 1573 97 53 the

310 1649 210 56 Sisters
570 1649 66 54 of
683 1668 208 50 mercy,
942 1650 283 68 compiled
1278 1650 76 69 by
1406 1649 359 55 “Mercedes”
1817 1649 154 54 from
2024 1652 296 68 approved

303 1746 239 35 sources.
618 1728 138 53 Rev.
814 1731 151 50 1928.
1040 1728 365 70 Pittsburgh,
1457 1729 121 68 Pa.,
1633 1728 142 56 Sold
1829 1734 59 48 at
1942 1728 263 56 Convent
2256 1729 65 54 of

306 1825 191 52 mercy
529 1840 14 34 [
547 1813 18 21 c
570 1809 135 51 1928
710 1840 13 34 ]

378 1890 23 38 1
431 1899 43 38 p.
538 1920 8 17 l.,
576 1888 86 40 514
689 1899 45 38 p.
792 1888 165 49 front.,
986 1889 174 48 plates.
1219 1889 148 40 13½ᶜᵐ.

309 1956 51 53 ©
392 1962 123 39 Mar.
546 1961 40 48 5,
616 1960 116 41 1928;
791 1961 68 40 2c.
891 1961 123 40 Mar.
1045 1960 83 47 10;
1162 1959 84 42 aff.
1277 1961 124 40 Mar.
1432 1960 52 47 9;
1519 1961 41 39 A
1591 1960 231 48 1069203;
1859 1961 181 41 Sisters
2073 1962 52 42 of
2156 1973 161 38 mercy

379 2018 52 40 of
463 2018 82 40 the
578 2019 178 46 county
790 2017 51 41 of
872 2017 282 49 Allegheny,
1190 2018 68 39 Pa.,
1323 2018 302 48 Pittsburgh.
1697 2018 252 50 (28-7643)

301 2113 175 63 Mills,
510 2112 243 53 Martin.

375 2190 1941 71 The Madeleine heritage, by Martin Mills … Indianapolis,
304 2268 1143 69 The Bobbs-Merrill company [ᶜ19 28]
373 2352 88 41 404
490 2362 43 39 p.
594 2351 175 41 double
798 2352 183 48 geneal.
1013 2351 99 43 tab.
1171 2350 148 44 19½ᶜᵐ.

307 2420 52 52 ©
391 2425 124 39 Mar.
544 2422 40 48 9,
614 2422 142 48 1928;
786 2422 68 41 2c.
885 2422 95 40 and
1011 2421 82 41 aff.
1125 2423 124 39 Mar.
1279 2422 81 47 14;
1395 2421 41 39 A
1464 2421 203 42 1069282;
1731 2422 371 41 Bobbs-Merrill
2134 2434 68 31 co.

385 2479 252 50 (28-7754)

301 2576 221 62 Monet,
552 2573 165 54 Paul.

374 2653 360 67 Annamites,
766 2671 71 33 au
870 2652 228 52 travail.
1170 2651 235 70 Saigon,
1436 2652 183 69 Impr.
1652 2652 76 53 du
1765 2652 225 69 Centre,
2026 2656 152 50 1926.

371 2737 25 39 l
427 2747 44 30 v.

305 2802 1407 52 © Sept. 15, 1926; 1c. Nov. 27; A—Foreign 34761;
1747 2806 124 40 Paul
1904 2807 179 48 Monet,
2120 2805 191 50 Saigon,

374 2863 281 41 Indochine.

300 2960 270 62 Morgan,
602 2958 235 53 Jerome
870 2957 174 54 John.

371 3035 452 54 Manufactured
872 3054 119 51 gas,
1041 3054 32 34 a
1122 3035 274 53 textbook
1445 3034 65 54 of
1558 3035 308 53 American
1918 3035 269 69 practice,
2236 3035 76 69 by

303 3112 2008 71 Jerome J. Morgan … with advice and suggestions from A. E.
305 3191 1590 70 Forstall … C. E. Paige … F. C. Weber … W.
1939 3190 310 56 S. Yard …
302 3289 51 33 v.
390 3274 48 48 2.
475 3270 410 67 Distribution,
919 3270 329 52 utilization
1284 3270 114 52 and
1434 3287 151 36 some
1620 3269 256 53 business
1913 3275 237 63 aspects.
2227 3274 85 49 1st

303 3349 85 52 ed.
452 3348 140 53 New
620 3348 179 67 York,
827 3347 69 53 N.
926 3348 91 67 Y.,
1044 3348 233 53 Jerome
1302 3347 56 55 J.
1387 3347 265 70 Morgan,
1683 3350 151 51 1928.

371 3429 983 49 1 p. l., 447 p. illus., diagrs. 27½ ᶜᵐ .
304 3495 52 53 ©
384 3501 124 42 Mar.
534 3500 69 47 12,
631 3499 140 48 1928;
800 3500 68 41 2c.
895 3501 95 39 and
1018 3499 82 42 aff.
1130 3501 124 41 Mar.
1280 3500 82 47 28;
1393 3500 41 39 A
1460 3499 230 47 1068633;
1722 3499 43 41 J.
1795 3500 46 42 J.
1869 3501 220 46 Morgan.

295 3610 254 54 Musser,
582 3609 318 63 Benjamin
933 3609 266 53 Francis.

368 3687 310 68 Untamed,
718 3687 76 68 by
836 3687 308 69 Benjamin
1184 3687 240 53 Musser.
1499 3687 139 52 New
1679 3686 181 67 York,
1899 3686 79 53 H.
2018 3686 289 53 Harrison

304 3798 12 34 [
321 3770 19 22 c
346 3766 135 53 1927
485 3797 13 34 ]

366 3848 572 49 4 p. l. , 7-63 p. 23 ᶜᵐ .
370 3918 186 40 Poems.

304 3982 52 53 ©
385 3988 129 47 Sept.
541 3987 68 47 15,
636 3987 140 46 1927;
803 3988 69 40 2c.
899 3987 122 41 Mar.
1046 3986 40 48 9,
1114 3984 141 49 1928;
1285 3986 83 41 aff.
1396 3987 122 40 Mar.
1546 3984 83 48 10;
1656 3986 39 39 A
1725 3986 229 47 1069223;
1985 3986 168 47 Henry
372 3986 1917 99 Harrison.
589 4044 251 49 (28-7713)
