2498 4384
1205 4108 104 50 208

347 542 623 48 3 p. l., 3-217 p. 19 ½ ᶜᵐ .
284 594 52 52 ©
368 597 113 42 Feb.
512 599 69 47 21,
614 598 141 48 1928;
787 599 68 40 2c.
888 599 112 41 Feb.
1030 598 83 48 25;
1148 599 82 41 aff.
1263 599 111 42 Feb.
1405 600 83 47 24;
1522 599 40 40 A
1594 599 229 47 1061968;
1860 601 52 40 E.
1946 600 50 41 P.
2029 601 189 39 Dutton
2251 602 36 40 &

351 666 68 30 co.
494 655 251 49 (28-5864)

275 734 243 65 Wilson,
553 735 133 64 Guy
716 735 284 65 Mitchell,
1036 737 172 53 1876-

348 814 1939 70 How to measure, rev. and enl., by Guy M. Wilson … and
276 892 2012 70 Kremer J. Hoke … New York, The Macmillan company.
279 973 152 51 1928.

345 1054 1161 48 ix, 597 p. illus., fold. tab., diagrs. 20½ ᶜᵐ .
346 1110 354 49 Bibliography
729 1112 52 38 at
809 1111 93 39 end
932 1110 52 40 of
1011 1111 120 39 each
1160 1111 218 47 chapter.

281 1162 51 53 ©
361 1166 112 41 Feb.
501 1167 69 47 14,
599 1166 141 47 1928;
769 1166 68 41 2c.
864 1167 98 39 and
988 1165 83 42 aff.
1100 1166 111 41 Feb.
1240 1166 83 41 15;
1354 1167 41 38 A
1422 1166 230 47 1061723;
1685 1166 284 41 Macmillan
1996 1178 69 31 co.

358 1223 253 49 (28-5875)

269 1289 353 54 Wisconsin.
696 1290 280 67 Supreme
1008 1296 175 46 court.

272 1365 2012 136 Wisconsin reports. [v.] 193. Cases determined … May 3-October
556 1450 81 63 11,
675 1446 151 53 1927.
902 1446 312 53 Frederick
1249 1446 90 55 W.
1379 1446 243 68 Arthur,
1657 1452 274 63 reporter.
2009 1446 272 71 Chicago,

270 1524 324 69 Callaghan
624 1526 112 51 and
770 1543 298 51 company,
1103 1528 150 49 1928.

346 1608 508 47 xxix, 723 p. 23 ᶜᵐ .
277 1660 52 52 ©
363 1666 124 39 Mar.
519 1666 39 46 7,
592 1664 141 47 1928;
768 1665 68 40 2c.
869 1665 96 39 and
998 1664 83 42 aff.
1116 1665 124 41 Mar.
1273 1664 82 46 10;
1391 1665 41 39 A
1465 1665 230 46 1069213;
1734 1664 138 42 State
1906 1665 51 40 of
1992 1664 288 49 Wisconsin,

346 1722 240 47 Madison,
617 1721 117 42 Wis.

268 1786 324 64 Wisehart,
624 1787 233 53 Marion
892 1787 163 64 Karl,
1092 1791 172 50 1889-

342 1865 123 54 The
508 1864 136 69 kiss,
688 1865 77 70 by
809 1866 81 53 M.
936 1866 74 54 K.
1056 1865 308 55 Wisehart.
1440 1866 140 53 New
1627 1864 181 69 York,
1854 1866 262 67 London,
2162 1866 121 53 The

272 1942 574 71 Century co. [ ᶜ1 928]
338 2026 877 49 3 p. l. , 3-415 p. 19½ ᶜᵐ . $2.00
275 2079 52 52 ©
357 2083 112 41 Feb.
498 2084 69 46 17,
596 2083 141 41 1928;
768 2083 68 41 2c.
865 2084 96 39 and
990 2082 83 42 aff.
1103 2083 112 41 Feb.
1245 2082 82 47 20;
1358 2082 41 40 A
1428 2082 230 48 1061808;
1691 2082 215 49 Century
1936 2094 68 30 co.

353 2140 253 49 (28-5869)

265 2207 301 54 Women’s
595 2206 355 53 foundation
982 2206 97 53 for
1108 2206 226 63 health,
1367 2206 112 53 inc.

337 2284 333 53 Handbook
705 2303 74 34 on
816 2284 245 68 positive
1097 2283 217 69 health,
1351 2286 133 51 1928
1522 2303 114 34 rev.
1675 2284 84 53 ed.
1833 2284 296 68 Prepared
2167 2284 113 53 and

267 2362 189 55 issued
489 2362 76 70 by
596 2363 97 53 the
722 2362 287 56 Women’s
1043 2362 348 54 foundation
1425 2361 94 54 for
1551 2363 216 68 health,
1798 2362 127 69 inc.,
1958 2361 61 55 in
268 2380 1988 114 cooperation

471 2442 141 52 with
653 2442 98 52 the
794 2440 240 55 Council
1077 2459 73 34 on
1192 2441 197 52 health
1433 2441 114 53 and
1590 2440 196 69 public
1827 2440 346 54 instruction
2215 2441 67 53 of

268 2521 95 52 the
406 2519 310 53 American
758 2519 242 53 medical
1045 2518 342 54 association
1429 2519 115 53 and
1585 2520 98 52 the
1725 2519 230 53 Bureau
1998 2519 67 53 of
2104 2519 175 54 social

266 2596 1988 148 education of the National board of the Young women’s Christian associations, together with individual Contributions …
266 2751 1769 70 New York, Women’s foundation for health, inc. [ ᶜ1 928 ]
333 2836 790 50 200 p. illus., diagrs. 22½ ᶜᵐ .
335 2895 134 40 Lenna
536 2894 51 41 L.
620 2895 212 46 Meanes,
866 2893 173 40 editor.

270 2947 52 52 ©
353 2951 110 40 Jan.
494 2950 69 48 30,
595 2949 141 47 1928;
768 2949 68 41 2c.
868 2949 96 39 and
995 2948 82 41 aff.
1110 2948 112 41 Feb.
1254 2948 82 47 11;
1370 2948 40 38 A
1442 2947 230 49 1018761;
1706 2949 242 41 Women’s
1978 2949 296 42 foundation

337 3007 82 41 for
449 3007 182 47 health,
665 3006 91 41 inc.
828 3005 252 49 (28-5178)

262 3071 292 63 Wyckoff,
588 3071 260 53 Richard
883 3070 266 63 Demille,
1186 3072 173 52 1873-

334 3147 1879 65 Taking money out of Wall street, by Richard D. Wyckoff …
263 3228 139 54 New
434 3227 180 67 York,
647 3230 149 50 1928.

332 3311 335 49 23 p. 21½ ᶜᵐ .
268 3363 52 52 ©
352 3368 111 40 Jan.
495 3367 68 48 18,
596 3367 140 40 1928;
770 3367 67 40 2c.
870 3366 94 39 and
997 3365 82 41 aff.
1112 3365 111 41 Feb.
1256 3365 82 46 10;
1372 3366 41 38 A
1444 3365 230 47 1061646;
1710 3365 215 41 Richard
1958 3367 58 42 D.
2048 3367 224 47 Wyckoff

333 3424 268 47 analytical
636 3423 130 47 staff,
800 3423 105 47 inc.,
939 3423 118 40 New
1090 3423 145 40 York.
1307 3422 252 48 (28-5391)

261 3489 144 53 Yale
436 3489 160 63 daily
622 3503 179 38 news.

333 3565 172 71 Fifty
542 3585 165 50 years
747 3566 66 54 of
851 3567 146 52 Yale
1035 3585 170 48 news,
1247 3586 32 33 a
1318 3566 353 69 symposium
1708 3585 73 34 on
1822 3566 148 54 Yale
260 3567 1985 131 development
443 3649 59 48 to

530 3649 434 49 commemorate
991 3645 97 53 the
1114 3643 220 54 fiftieth
1363 3643 375 69 anniversary
1764 3643 65 54 of
1856 3645 97 53 the
1983 3643 289 71 founding

261 3721 2010 70 of the Yale daily news, January 28, 1928 … New Haven,
262 3799 971 70 Conn., Yale daily news, ᶜ1 928.
330 3883 557 49 140 p. illus. 35½ ᶜᵐ .
331 3940 235 41 Contains
595 3939 304 50 advertising
926 3941 194 39 matter.

265 3993 52 52 ©
346 3998 111 39 Jan.
485 3997 70 42 28,
585 3997 140 46 1928;
756 3997 68 40 2c.
853 3996 109 41 Jan.
991 3996 83 41 30:
1105 3995 83 41 aff.
1219 3995 112 42 Feb.
1361 3996 81 46 16;
1475 3995 40 40 A
1543 3995 229 47 1061755;
1805 3996 121 41 Yale
1955 3996 134 47 daily
2118 4008 147 30 news.

342 4054 253 49 (28-5879)
