2498 4384
1077 4134 103 55 967

106 501 177 61 Gray,
314 499 241 52 Harold.

175 578 177 51 Little
398 575 222 69 orphan
665 573 190 53 Annie
899 574 112 52 and
1056 574 94 51 the
1196 573 252 51 haunted
1495 573 171 51 house
1735 571 73 68 [by]
1876 569 227 53 Harold

103 650 1463 73 Gray. New York, Cupples & Leon co., ᶜ19 28.
171 734 642 50 1 p. l., 86 p. illus. 22½ᶜᵐ.
110 788 1823 55 © May 1. 1928; 2c. and aff. June 23; A 1082205; Chicago tribune.
187 850 282 50 (28-16059)

107 931 209 56 Green,
351 928 319 64 Fitzhugh,
709 931 167 50 1888-

178 1007 150 53 Dick
362 1006 325 69 Byrd—air
723 1006 290 67 explorer;
1053 1023 69 34 an
1162 1004 262 53 intimate
1461 1008 159 65 story
1657 1003 65 54 of
1758 1022 31 34 a
1825 1010 164 63 great
2024 1003 87 52 air

109 1086 262 67 explorer
414 1085 186 52 whose
645 1084 354 67 spectacular
1043 1082 197 69 flights
1285 1088 58 47 to
1389 1083 95 52 the
1528 1082 190 53 North
1763 1082 113 52 and
1925 1080 184 56 South

109 1163 172 68 poles,
323 1180 188 35 across
550 1163 95 52 the
687 1161 262 53 Atlantic
991 1160 190 55 Ocean
1225 1161 108 52 and
1380 1160 162 53 other
1585 1159 341 54 adventures
1967 1159 147 54 have

110 1241 234 52 thrilled
382 1240 371 53 red-blooded
791 1257 128 35 men
961 1240 112 52 and
1112 1238 140 70 boys
1292 1239 95 52 the
1427 1238 182 53 world
1650 1256 151 49 over,
1839 1238 77 69 by
111 1237 1977 150 Fitzhugh

311 1316 1804 68 Green … with 31 illustrations. New York, London,
108 1395 69 55 G.
202 1396 67 52 P.
295 1395 299 54 Putnam’s
620 1412 147 51 sons,
795 1397 152 52 1928.

181 1475 1005 50 viii, 267 p. front., plates, ports. 20 ᶜᵐ.
113 1531 53 52 ©
195 1536 126 39 June
349 1534 71 47 22,
451 1534 117 41 1928;
622 1534 69 42 2c.
720 1537 98 39 and
847 1534 82 41 aff.
960 1535 129 39 June
1115 1534 83 46 23;
1231 1535 42 38 A
1302 1533 231 48 1082181;
1567 1535 52 39 F.
1651 1534 170 43 Green,
1853 1534 259 45 Harrison,

180 1592 55 41 N.
259 1592 54 39 Y.
384 1590 281 49 (28-16198)

108 1671 245 62 Greene,
383 1672 139 52 Mrs.
554 1670 218 53 Louisa
811 1670 384 63 (Dickinson)
1239 1674 326 49 1830-1881.

173 1747 517 70 Foreshadowings
722 1748 64 53 of
819 1748 187 55 Smith
1040 1749 241 68 college;
1315 1749 295 52 selections
1641 1748 153 53 from
1825 1750 194 52 letters
2050 1749 66 53 of

103 1828 209 51 Louisa
361 1826 319 53 Dickinson
731 1833 58 46 to
838 1827 156 53 John
1044 1827 234 52 Morton
1327 1826 219 55 Greene
1597 1827 311 54 1856-1857;

107 1846 1984 126 prepared
324 1905 75 68 by
442 1904 150 52 their
635 1904 302 69 daughter,
978 1904 188 53 Helen
1210 1905 225 52 French
1477 1904 234 55 Greene.
1796 1906 320 69 [Portland,

98 1982 134 67 Me.]
266 1983 159 52 Priv.
456 1981 175 69 print.
686 1983 120 52 [The
838 1981 372 56 Southworth
1241 2000 174 50 press]
1453 1985 150 50 1928.

173 2066 81 48 vii,
289 2066 70 49 [1],
388 2067 71 46 43,
495 2067 53 48 [1]
582 2076 44 38 p.
684 2066 166 43 front.,
881 2076 76 38 pl.,
990 2067 150 46 ports.
1199 2066 58 39 22½ᶜᵐ.

173 2124 101 39 The
310 2123 173 40 letters
519 2133 126 30 were
682 2122 198 40 written
917 2122 178 48 during
1129 2123 82 40 the
1249 2122 219 41 author’s
1504 2122 163 41 senior
1702 2134 118 37 year
1855 2126 52 37 at
1944 2125 172 40 Mount

104 2179 221 48 Holyoke
356 2179 261 47 seminary.

177 2236 297 41 “Selections
508 2236 129 39 from
673 2236 81 39 the
789 2235 257 40 twentieth
1082 2235 184 40 annual
1301 2237 255 47 catalogue
1591 2236 52 40 of
1682 2238 77 38 the
1795 2238 171 39 Mount
105 2238 1993 103 Holyoke

255 2291 1174 49 female seminary … 1856-1857'’: p. 37-[44]
117 2344 53 54 ©
197 2350 126 39 June
347 2349 40 48 3,
416 2348 140 48 1928;
585 2350 68 39 2c.
681 2349 96 39 and
804 2348 83 41 aff.
916 2349 126 40 June
1069 2347 82 48 18;
1182 2349 41 38 A
1251 2348 202 40 1077842;
1512 2349 156 40 Helen
1698 2350 187 40 French
1916 2349 200 46 Greene,

188 2406 300 49 Cambridge,
516 2407 148 39 Mass.
738 2405 281 50 (28-16110)

113 2487 199 58 Greer,
348 2486 268 54 Cariotta
652 2486 476 63 Cherryholmes.

183 2565 297 53 Teachers’
504 2564 307 53 handbook
837 2563 94 53 for
958 2563 344 69 Chemistry,
1324 2564 77 69 by
1427 2563 260 55 Cariotta
1714 2565 62 54 C.
1802 2565 179 55 Greer
2007 2566 114 53 and

113 2643 56 54 J.
208 2642 146 55 Cora
394 2644 264 51 Bennett.
735 2643 235 66 Boston,
1005 2642 139 52 New
1178 2643 167 52 York
1509 2677 11 33 [etc.]
1560 2643 181 57 Allyn
1777 2644 113 53 and
1927 2646 193 51 Bacon

119 2723 191 64 [ ᶜ19 28]
190 2803 445 49 1 p. l., 74 p. 18½ᶜᵐ.
122 2856 52 52 ©
201 2861 114 47 May
340 2861 40 46 4,
408 2860 142 46 1928;
579 2861 68 40 2c.
675 2861 127 40 June
828 2862 56 38 27;
940 2859 83 41 aff.
1052 2861 126 39 June
1205 2860 84 47 26;
1319 2861 41 39 A
1387 2861 230 47 1083053;
1647 2862 146 48 Allyn
1819 2866 38 40 &
1885 2864 179 40 Bacon.

119 2940 297 63 Gunning,
450 2939 149 54 Wid.

188 3018 120 52 The
335 3017 239 53 Hawk’s
602 3022 141 63 nest,
773 3037 31 33 a
833 3019 314 70 throbbing
1173 3021 115 53 tale
1319 3021 65 53 of
1411 3023 96 52 the
1537 3023 386 69 underworld,
1953 3024 169 54 based

117 3113 72 35 on
230 3096 94 52 the
363 3096 218 52 motion
624 3097 220 66 picture
886 3103 174 63 story,
1101 3099 75 68 by
1214 3101 135 52 Wid
1394 3100 293 70 Gunning.
1764 3102 139 53 New
1945 3103 181 69 York,

118 3173 1323 73 Jacobsen-Hodgkinson-corporation [ ᶜ19 28]
190 3255 718 49 1 p. l., 5-127 p. illus. 20 ᶜᵐ.
124 3308 52 52 ©
201 3313 126 40 June
350 3313 39 47 1,
414 3313 116 41 1928;
580 3313 68 41 2c.
673 3315 126 39 June
823 3315 56 39 16;
932 3315 83 42 aff.
1039 3316 126 41 June
1182 3317 62 40 15;
1295 3318 41 39 A
1359 3318 202 41 1077962;
193 3320 1915 89 Jacobsen-Hodgkinson

309 3380 127 38 corp.
507 3370 281 49 (28-16160)

123 3435 245 62 Haanel,
404 3435 247 55 Charles
685 3437 265 63 Francis,
989 3442 170 50 1866-

195 3512 1933 74 The new psychology … by Charles F. Haanel … New
126 3589 1435 76 York, N. Y., The Master key institute [ ᶜ19 28]
196 3672 27 39 7
280 3703 9 9 v.
348 3673 58 39 17½ᶜᵐ.

130 3723 50 53 ©
213 3729 129 41 June
370 3730 69 47 14,
472 3730 141 48 1928;
645 3732 68 41 2c.
744 3733 119 40 each
895 3735 96 39 and
1022 3734 82 41 aff.
1136 3735 128 41 June
1295 3737 83 46 22;
1411 3738 42 38 A
1482 3736 231 49 1077982;
1748 3739 50 41 C.
1831 3740 52 41 F.
1916 3741 208 47 Haanel,

196 3785 117 40 New
335 3787 146 40 York.
551 3787 280 49 (28-16244)

128 3849 207 64 Haley,
364 3852 194 63 Philip
588 3853 57 53 S.

199 3926 1930 83 A guide to the psychic life, by Philip S. Haley … Los
130 4003 265 71 Angeles,
431 4006 195 70 Calif.,
658 4010 120 54 The
812 4012 213 53 Austin
1060 4014 337 70 publishing
1431 4035 98 49 co.,
1567 4020 150 51 1928.
