2498 4384
1108 4045 137 56 1357

145 503 119 61 etc.,
293 495 228 68 foreign
548 513 61 35 as
636 494 128 52 well
791 511 62 34 as
880 490 266 69 English,
1171 488 138 54 used
1338 487 60 52 in
1428 487 96 52 the
1549 485 173 70 study
1749 483 66 55 of
1841 485 97 52 the
1965 482 181 55 violin

145 575 111 53 and
302 575 118 52 also
461 571 75 70 by
581 571 188 68 string
812 570 245 67 players,
1101 566 289 54 orchestra
1436 561 275 56 directors
1757 563 114 52 and
1917 560 227 71 players

147 652 306 70 generally.
515 650 163 53 With
703 667 31 34 a
761 648 98 53 list
883 646 64 55 of
972 645 321 69 important
1317 660 318 50 composers
1661 640 65 54 of
1749 640 182 54 violin
1953 639 199 68 music,

147 731 112 53 and
286 731 65 52 of
377 729 96 53 old
502 727 180 54 violin
709 726 241 68 makers,
977 743 60 35 as
1064 724 127 52 well
1221 740 60 37 as
1306 722 126 52 bow
1460 718 241 71 makers,
1729 720 118 52 also
1874 717 150 55 rules
2054 717 96 54 for

146 812 95 52 the
284 806 444 71 pronunciation
770 805 64 52 of
879 803 228 69 foreign
1149 806 190 50 terms.
1420 800 72 53 3d
1536 798 85 56 ed.
1666 815 138 52 very
1844 797 168 55 much
145 816 1981 141 enlarged

376 874 1712 80 and fully illustrated. By Frederic Barclay Emery …
147 955 1679 79 Chicago, The Violin literature publishing co. [ ᶜ1 928]
212 1038 1654 59 4 p. l. , 331, [13] p. illus. (incl. facsim., music) pl., diagrs. 19½ ᶜᵐ.
213 1116 160 41 Blank
403 1124 146 40 pages
578 1114 79 40 for
688 1110 220 51 “Special
938 1109 166 42 notes”
1144 1109 79 48 (11
1249 1112 56 42 at
1332 1108 117 48 end)

216 1174 134 40 First
376 1173 97 39 and
499 1171 61 41 2d
588 1170 210 42 editions
825 1168 125 41 have
979 1167 108 40 title:
1144 1165 102 41 The
1274 1164 261 41 violinist’s
1564 1163 289 49 dictionary.

153 1240 52 53 ©
230 1244 121 47 Aug.
376 1242 71 47 10,
473 1240 120 42 1928;
642 1240 71 40 2c.
739 1239 122 47 Aug.
887 1237 57 40 17;
999 1236 84 41 aff.
1110 1235 122 49 Aug.
1258 1234 85 48 20;
1371 1235 45 39 A
1440 1233 232 49 1054146;
1703 1233 163 41 Violin
1892 1232 262 42 literature

219 1300 109 49 pub.
360 1310 69 29 co.
499 1294 281 52 (28-21277)

150 1395 217 61 Evans,
396 1391 234 53 Hubert
657 1387 309 66 Reginald,
999 1390 172 51 1892-

220 1473 208 66 Derry,
451 1469 273 54 Airedale
747 1468 65 52 of
834 1466 97 54 the
954 1465 264 66 frontier,
1242 1464 76 70 by
1340 1464 232 53 Hubert
1595 1463 213 69 Evans,
1832 1462 327 55 illustrated

147 1550 74 68 by
251 1549 65 53 F.
348 1546 62 56 C.
443 1547 188 54 Yohn.
707 1545 140 53 New
876 1543 182 69 York,
1086 1542 192 69 Dodd,
1306 1542 172 52 Mead
1508 1544 45 50 &
1581 1558 299 52 company,
1910 1541 152 53 1928.

215 1626 913 55 4 p. l. , 253 p. front., plates. 21 ᶜᵐ.
219 1702 290 41 Illustrated
545 1698 366 50 lining-papers.

157 1769 51 52 ©
233 1773 121 47 Aug.
377 1772 70 46 24,
473 1769 114 41 1928;
640 1769 68 40 2c.
737 1768 128 47 Sept.
890 1767 24 38 1;
971 1765 83 40 aff.
1078 1765 121 48 Aug.
1224 1764 56 42 31;
1336 1764 41 39 A
1401 1763 203 41 1053142;
1661 1764 155 48 Dodd,
1843 1764 143 41 Mead
2013 1767 37 40 &
2076 1774 83 38 co.,

224 1829 92 40 inc.
386 1825 282 51 (28-21167)

158 1920 317 64 Fitzhugh,
508 1919 189 63 Percy
730 1917 208 64 Keese,
979 1916 171 54 1876-

228 1990 1870 77 Tom Slade at Shadow Isle, by Percy Keese Fitzhugh …
159 2076 326 55 illustrated
518 2075 75 68 by
625 2073 261 54 Howard
920 2072 65 53 L.
1022 2070 302 71 Hastings.
1397 2069 315 56 Published
1750 2071 141 52 with
1929 2070 96 56 the
159 2089 1977 135 approval

394 2154 66 53 of
492 2153 95 53 the
621 2154 126 66 Boy
781 2156 186 49 scouts
1001 2149 64 54 of
1098 2148 285 56 America.
1454 2150 140 53 New
1628 2148 183 70 York,
1846 2147 236 57 Grosset
2118 2153 45 49 &

158 2233 473 67 Dunlap [ ᶜ1 928]
229 2315 63 48 vi,
322 2314 83 39 211
436 2324 43 37 p.
538 2312 165 48 front.,
734 2311 172 49 plates.
966 2310 57 41 19½ᶜᵐ.

231 2383 290 43 Illustrated
557 2381 366 50 lining-papers.

161 2453 51 53 ©
247 2458 127 48 Sept.
405 2457 71 47 10,
508 2455 115 42 1928;
683 2455 68 39 2c.
784 2457 96 39 and
912 2453 83 40 aff.
1031 2454 129 47 Sept.
1191 2453 55 39 12;
1310 2453 42 39 A
1383 2453 202 40 1054251;
1650 2452 200 42 Grosset
1884 2454 36 40 &
1954 2453 211 50 Dunlap,

233 2514 90 41 inc.
393 2511 283 51 (28-21185)

163 2607 197 64 Flake,
389 2606 161 64 Otto,
585 2610 172 50 1882-

290 2679 1740 76 … Freund aller welt, roman. Berlin, S. Fischer [1928]
228 2764 1681 54 3 p. l. , 9-391, [2] p. 20 ᶜᵐ. (His Die romane um Ruland. v)
231 2839 170 39 “Erste
433 2838 72 40 bis
537 2837 190 40 sechste
758 2835 233 50 auflage.”

171 2899 2000 60 © Apr. 12, 1928; 1c. June 13; A—Foreign 39095; S. Fischer verlag a. g.
247 2963 281 50 (28-22083)

168 3057 336 66 Fourcault,
537 3057 158 53 Léon
730 3056 223 66 Didier,
990 3061 173 49 1884-

234 3136 234 53 Manuel
500 3136 69 54 de
599 3135 322 71 l’éclairage
953 3141 54 47 et
1039 3134 385 70 applications
1458 3134 292 71 pratiques
1785 3154 111 34 aux
1930 3136 246 69 ateliers,

165 3210 1986 135 magasins, habitations, voies publiques, etc., par L. D. Fourcault …
485 3293 185 68 Paris,
699 3292 231 69 Dunod,
962 3295 150 49 1928.

238 3375 103 48 xiii,
380 3376 71 48 [1],
488 3374 99 49 275,
627 3376 54 48 [1]
718 3386 44 37 p.
798 3374 111 42 incl.
944 3374 145 49 illus.,
1124 3374 171 49 tables,
1333 3374 180 49 diagrs.
1574 3373 56 42 25½ᶜᵐ.

240 3445 422 50 “Bibliographie”:
718 3457 45 37 p.
793 3445 113 51 [xiv]

177 3494 1587 59 © Mar. 26, 1928; 1c. Apr. 27; A— Foreign 38703; Dunod.
254 3558 281 50 (28-21909)

174 3653 246 64 French,
450 3653 189 66 Allen,
674 3654 171 55 1870-

249 3732 121 52 The
406 3730 205 72 taking
652 3731 64 54 of
756 3732 396 70 Ticonderoga
1193 3732 62 52 in
1299 3731 163 55 1775:
1504 3732 98 53 the
1642 3731 226 54 British
1910 3735 189 66 story;
2146 3750 28 34 a

181 3809 170 68 study
386 3809 66 53 of
484 3815 228 63 captors
749 3811 113 53 and
898 3810 272 68 captives,
1205 3809 79 71 by
1319 3810 175 53 Allen
1529 3809 246 70 French,
1809 3809 173 54 based
2021 3828 154 50 upon

179 3886 261 53 material
472 3887 253 54 hitherto
760 3888 402 68 unpublished.
1238 3887 365 72 Cambridge,
1637 3887 278 55 Harvard
180 3888 1975 145 university

321 3982 176 52 press,
529 3968 151 52 1928.
