2498 4384
1328 4087 134 52 1070

394 440 340 62 Nicholson,
766 440 316 64 Meredith,
1118 445 170 49 1866-

391 518 1983 147 The cavalier of Tennessee, by Meredith Nicholson. Indianapolis, The Bobbs-Merrill company [ ᶜ1 928 ]
459 679 557 48 4 p. l., 11-402 p. 21 ᶜᵐ.
400 745 53 54 ©
483 750 116 48 July
626 750 40 45 3,
695 749 114 40 1928;
866 750 68 40 2c.
964 750 115 48 July
1108 749 54 39 12;
1222 749 83 41 aff.
1336 749 116 49 July
1481 750 54 38 11;
1595 750 42 39 A
1664 749 205 41 1082614;
1928 750 373 40 Bobbs-Merrill
2329 761 68 30 co.

479 807 281 49 (28-17643)

390 903 310 62 Nystrom,
730 901 146 53 Paul
905 902 224 62 Henry,
1166 901 172 54 1878-

466 980 426 69 Bibliography
934 979 65 53 of
1042 979 302 70 retailing;
1391 998 31 35 a
1468 981 240 52 selected
1751 980 99 53 list
1893 980 66 53 of
1999 979 195 69 books,
395 998 1980 128 pamphlets

621 1059 113 52 and
772 1058 343 68 periodicals
1153 1057 284 69 compiled
1473 1058 77 69 by
1587 1058 150 53 Paul
1774 1058 78 53 H.
1892 1057 293 70 Nystrom.
2258 1058 141 53 New

396 1136 181 68 York,
612 1136 144 53 Pub.
796 1135 93 54 for
924 1137 97 52 the
1060 1136 210 55 School
1307 1135 65 54 of
1407 1135 274 70 business,
1720 1135 302 56 Columbia
2060 1135 338 71 university,

392 1215 77 69 by
496 1212 301 56 Columbia
824 1214 321 69 university
1171 1233 176 49 press,
1378 1217 151 51 1928.

464 1296 439 50 87, [1] p., 11. 21 ᶜᵐ.
397 1364 53 53 ©
478 1367 115 49 July
619 1369 69 47 11,
715 1368 141 46 1928;
884 1368 69 41 2c.
980 1368 117 47 July
1122 1368 82 47 12;
1235 1367 82 42 aff.
1345 1368 117 48 July
1487 1369 82 47 17;
1597 1368 43 39 A
1665 1368 231 48 1083228;
1927 1367 254 42 Columbia
467 1368 1912 105 university
595 1436 152 38 press.
817 1425 282 49 (28-17677)

389 1519 223 64 Puffer,
649 1520 197 52 Laura
882 1520 412 54 Chadbourne.

467 1599 121 52 The
632 1597 268 54 mother’s
947 1598 159 68 daily
1152 1598 197 66 dozen,
1391 1597 78 69 by
1512 1598 193 52 Laura
1754 1596 383 56 Chadbourne
2182 1596 217 70 Puffer,

394 1676 141 53 with
563 1695 73 34 an
663 1676 401 68 introductory
1090 1694 210 50 prayer
1327 1676 77 68 by
1429 1676 158 54 John
1615 1676 251 66 Martin;
1897 1676 202 53 twelve
2129 1676 149 69 good
394 1693 1981 114 exercises
626 1753 94 53 for
749 1754 251 53 mothers
1031 1754 61 52 in
1123 1754 277 67 patience,
1430 1755 149 68 good
1611 1755 181 66 cheer,
1823 1753 322 69 discipline,
2176 1752 222 70 humor,

393 1831 321 70 judgment,
742 1832 207 68 praise,
976 1832 478 68 understanding,
1483 1832 293 67 influence,
1806 1833 154 68 play,
1990 1831 409 68 self-sacrifice,

393 1909 1980 148 love, prayer. Garden City, N. Y., Doubleday, Doran & company, inc. [ ᶜ1 928]
480 2070 466 50 [29] p. 26 x 11½ ᶜᵐ
397 2136 53 53 ©
481 2143 114 46 May
622 2143 41 46 4,
694 2142 140 47 1928;
867 2143 67 39 2c.
965 2143 96 38 and
1091 2142 83 41 aff.
1204 2142 131 40 June
1360 2142 84 47 22;
1477 2142 42 39 A
1548 2141 230 48 1077974;
1813 2143 130 39 John
1974 2141 226 41 Martin’s
2232 2142 164 48 house,

464 2199 91 40 inc.
626 2198 281 50 (28-17525)

387 2294 225 52 Robert
652 2292 218 53 Morris
908 2292 347 54 associates.
1329 2294 139 52 New
1509 2293 277 68 England
1826 2294 249 67 chapter.

462 2371 249 56 General
745 2372 173 69 study
953 2371 65 54 of
1052 2372 97 53 the
1185 2372 147 53 wool
1368 2372 285 69 industry,
1688 2371 77 71 by
1799 2373 96 53 the
1930 2372 283 54 Research
389 2390 1983 129 committee,

629 2452 140 52 New
800 2450 273 70 England
1100 2451 239 69 chapter
1366 2451 64 53 of
1457 2452 97 52 the
1581 2451 216 54 Robert
1823 2452 214 53 Morris
2066 2451 327 68 associates;

389 2529 1983 133 committee: George I. Emery … W. L. Gray … Serge Semenenko
682 2607 1714 71 … Rogers D. Clark, chairman … [Lansdowne, Pa.,
389 2688 216 53 Robert
636 2687 213 53 Morris
882 2687 317 66 associates]
1240 2690 151 50 1928.

458 2770 238 49 33 p. 23 ᶜᵐ.
460 2842 352 49 Bibliography;
871 2853 44 37 p.
934 2841 42 42 3.

396 2896 51 52 ©
476 2901 116 47 July
618 2900 69 47 12,
715 2899 119 40 1928;
884 2900 69 40 2,c.
980 2900 97 39 and
1104 2899 82 41 aff.
1215 2899 117 47 July
1359 2900 55 39 17;
1469 2900 43 38 A
1538 2899 230 47 1083256;
1799 2899 184 40 Robert
2010 2897 179 42 Morris
462 2897 1915 101 associates.
652 2956 281 49 (28-17615)

389 3051 313 61 Sackman,
732 3051 183 53 Lana.

456 3129 222 52 Behold
707 3129 95 52 the
828 3128 140 53 Man;
1029 3147 31 34 a
1089 3128 314 53 revelation
1431 3128 64 54 of
1523 3128 198 55 Christ
1747 3129 96 52 the
1869 3129 236 66 Master,
2130 3127 77 67 by
2232 3126 162 53 Lana

386 3206 285 55 Sackman
701 3207 112 52 and
843 3207 243 52 Rasmus
1114 3205 263 69 Alsaker,
1460 3250 10 9 M.
1537 3248 9 10 D.
1612 3207 139 52 New
1779 3205 180 68 York,
1987 3206 123 52 The
2139 3204 252 55 Grafton

384 3287 388 65 press [ ᶜ1 928]
522 3368 279 48 xv, 240 p. 21 ᶜᵐ.
395 3420 51 52 ©
479 3425 128 39 June
635 3423 70 48 26,
736 3423 141 46 1928;
910 3424 68 40 2c.
1010 3424 95 38 and
1136 3422 82 42 aff.
1251 3423 116 46 July
1397 3422 53 47 3;
1484 3422 42 39 A
1556 3422 229 48 1082383;
1820 3423 210 39 Rasmus
2065 3422 221 41 Alsaker.
2322 3421 67 42 St.

463 3481 161 40 Louis.
695 3480 281 49 (28-16651)

385 3574 487 60 Schermerhorn,
899 3573 258 55 William
1187 3574 68 52 E.

460 3653 121 52 The
608 3652 224 69 history
860 3650 65 55 of
953 3651 371 69 Burlington,
1353 3651 140 53 New
1523 3651 218 69 Jersey,
1772 3650 153 54 from
1956 3650 96 55 the
2084 3650 157 70 early
388 3650 1978 148 European

626 3730 243 53 arrivals
892 3729 61 53 in
977 3731 96 52 the
1096 3730 300 52 Delaware
1419 3735 59 48 to
1503 3731 96 52 the
1624 3735 232 63 quarter
1879 3728 323 54 millennial
394 3727 1971 150 anniversary,
664 3808 61 52 in
752 3807 152 69 1927,

928 3808 65 53 of
1015 3808 97 53 the
1136 3808 322 53 settlement
1482 3807 75 69 by
1585 3807 249 69 English
1859 3806 261 65 Quakers
2146 3806 62 53 in
2236 3805 151 56 1677.

391 3887 92 69 By
520 3886 260 54 William
821 3887 66 52 E.
932 3885 462 55 Schermerhorn.
1473 3885 369 70 Burlington,
1883 3885 71 53 N.
1996 3885 76 68 J.,
2112 3886 170 52 Press
2322 3883 67 56 of

389 3964 337 69 Enterprise
752 3964 337 70 publishing
1115 3982 98 51 co.,
1243 3962 151 57 1927.
