2498 4384
1027 4058 137 50 1337

122 401 244 63 Adams,
397 403 194 52 Peter.

197 493 154 54 Cork
381 494 159 68 ships
574 496 110 51 and
720 496 126 51 how
878 501 58 47 to
969 495 163 53 make
1164 495 174 65 them,
1371 494 74 68 by
1479 495 169 52 Peter
1681 494 249 68 Adams;
124 495 1975 129 illustrated

354 573 139 51 with
535 590 109 49 pen
684 573 291 69 drawings
1015 574 75 68 by
1130 572 326 53 Madelaine
1497 572 186 52 Kroll.
1762 573 139 53 New
1943 572 181 68 York,

123 649 1006 70 E. P. Dutton & company [ ᶜ1 928]
192 742 76 35 XV,
297 730 85 39 112
410 742 42 36 p.
480 730 109 40 incl.
617 730 164 48 front.,
811 731 128 41 illus.
1000 732 145 42 18½ᶜᵐ.

123 799 1998 54 © July 19, 1928; 2c. July 25; aff. July 24; A 1083371; E. P. Dutton &
192 870 81 37 co.,
306 860 91 41 inc.
469 860 280 49 (28-18364)

118 968 347 64 Aldington,
497 968 277 63 Richard,
808 973 171 49 1892-
1157 988 180 50 comp.
1369 971 116 52 and
1516 977 68 46 tr.

185 1060 169 69 Fifty
396 1061 286 52 Romance
723 1060 144 69 lyric
912 1079 209 49 poems,
1162 1080 128 33 now
1335 1062 270 53 collected
1649 1062 111 53 and
1804 1064 316 52 translated

113 1138 77 69 by
229 1140 255 53 Richard
525 1140 340 68 Aldington.
941 1139 139 53 New
1120 1140 183 67 York,
1343 1139 61 56 C.
1445 1140 201 69 Gaige,
1688 1142 150 50 1928.

185 1222 130 48 xxiv,
350 1222 85 40 240
467 1233 43 37 p.
570 1222 116 40 20ᶜᵐ.

188 1293 229 40 “Printed
458 1293 48 39 in
551 1293 54 41 U.
650 1294 44 39 S.
736 1294 54 40 A.
831 1294 155 39 under
1027 1294 82 40 the
1149 1294 239 41 direction
1428 1294 51 40 of
1521 1296 158 38 Bruce
1719 1295 183 46 Rogers
1945 1295 48 37 at
2040 1294 83 40 the

114 1350 218 49 printing
370 1352 150 39 house
559 1350 51 40 of
651 1350 216 40 William
908 1351 173 40 Edwin
1123 1351 185 48 Rudge,
1348 1353 171 39 Mount
1559 1352 207 43 Vernon,
1810 1352 56 39 N.
1908 1352 53 38 Y.
2036 1350 87 41 900

114 1408 157 48 copies
304 1418 60 30 on
393 1408 67 39 all
492 1417 88 38 rag
610 1418 164 37 paper,
806 1407 26 41 9
862 1407 159 49 copies
1053 1418 60 30 on
1142 1418 146 38 green
1319 1408 193 49 paper.”
1573 1409 118 40 This
1723 1419 118 38 copy
1872 1410 84 38 not
113 1419 1990 88 numbered.

184 1522 217 49 Original
440 1523 105 40 text
582 1523 94 39 and
715 1522 204 48 English
956 1522 298 41 translation
1291 1534 61 28 on
1389 1522 218 49 opposite
1643 1534 164 37 pages.

117 1591 1784 52 © July 16, 1928; 2c. and aff. July 19; A 1083338; Crosby Gaige.
194 1650 281 49 (28-20660)

114 1759 263 64 Aldrich,
407 1761 139 53 Mrs.
578 1760 151 52 Bess
766 1759 329 65 (Streeter)
1137 1763 171 50 1881-

177 1849 1940 70 A lantern in her hand [by] Bess Streeter Aldrich … New
110 1929 177 69 York,
314 1929 261 68 London,
603 1929 72 53 D.
706 1928 297 69 Appleton
1032 1931 46 50 &
1104 1946 299 51 company,
1437 1931 149 51 1928.

174 2013 682 50 3 p. l., 306, [1] p. 19½ᶜᵐ.
113 2080 51 54 ©
194 2084 128 49 Sept.
350 2085 38 47 5,
418 2084 116 41 1928;
586 2084 69 42 2c.
682 2084 95 41 and
807 2082 82 43 aff.
919 2082 127 51 Sept.
1076 2082 81 48 10;
1188 2082 40 41 A
1256 2081 230 51 1054195;
1518 2084 58 41 D.
1604 2083 241 52 Appleton
1873 2085 36 41 &
1936 2096 69 31 co.

190 2141 282 51 (28-20920)

104 2249 318 56 American
456 2250 280 54 institute
768 2249 63 54 of
861 2251 413 54 accountants.

177 2344 410 55 Accountants’
625 2344 190 70 index,
854 2344 202 54 second
1096 2344 390 70 supplement;
1530 2363 31 35 a
1600 2344 411 72 bibliography
2049 2346 66 55 of

108 2425 342 69 accounting
486 2424 315 68 literature,
840 2424 160 68 July,
1043 2424 501 68 1923-December,
1586 2425 134 54 1927
1771 2424 332 72 (inclusive)

113 2537 12 33 [
131 2504 137 52 New
301 2503 180 67 York]
516 2503 309 52 American
855 2503 265 52 institute
1149 2501 64 54 of
1245 2508 387 63 accountants,
1666 2507 150 50 1928.

173 2585 573 49 3 p. l., 789 p. 28½ᶜᵐ.
108 2653 51 52 ©
189 2657 119 49 Aug.
339 2657 69 47 13,
440 2656 140 47 1928;
614 2657 67 39 2c.
714 2656 102 42 Oct.
846 2657 53 46 2;
934 2655 81 42 aff.
1048 2656 103 41 Oct.
1182 2657 53 46 1;
1269 2657 41 39 A
1341 2656 230 48 1054743;
1606 2657 159 41 Amer.
1799 2657 228 42 institute
2059 2660 51 41 of

174 2715 335 39 accountants.

103 2821 317 54 American
462 2821 280 53 institute
781 2821 64 52 of
882 2821 229 63 mining
1148 2822 117 51 and
1305 2822 435 65 metallurgical
1779 2824 333 64 engineers.

170 2902 274 52 Institute
479 2902 64 68 of
575 2902 201 52 metals
810 2901 265 54 division.

173 2992 1937 70 Proceedings of the Institute of metals division … American
102 3071 261 53 institute
418 3071 65 52 of
534 3071 227 68 mining
813 3071 113 52 and
980 3071 423 68 metallurgical
1458 3073 294 68 engineers
102 3072 1983 145 (incorporated)

393 3149 1495 70 … 1928. New York. N. Y., The Institute [ ᶜ1 928]
169 3232 85 40 836
287 3243 42 37 p.
391 3231 143 48 illus.,
569 3232 170 47 tables,
776 3231 180 49 diagrs.
1016 3231 147 42 23½ᶜᵐ.

103 3299 2003 53 © Sept. 4, 1928; 2c. Sept. 14; aff. Sept. 25; A 1054600; Amer. institute
170 3360 51 40 of
250 3359 189 48 mining
468 3361 95 37 and
597 3359 358 47 metallurgical
990 3358 267 49 engineers,
1290 3360 92 41 inc.

101 3468 317 53 American
452 3468 171 52 trade
656 3467 179 53 union
869 3467 334 64 delegation
1239 3471 62 50 to
1332 3468 104 53 the
1467 3469 201 55 Soviet
1703 3472 197 54 union.

167 3559 195 55 Soviet
398 3558 207 53 Russia
646 3559 60 51 in
743 3559 96 52 the
878 3558 205 52 second
1121 3557 237 68 decade;
1403 3577 31 34 a
1473 3558 150 70 joint
1662 3580 207 52 survey
1907 3564 68 52 of
2009 3565 98 55 the

93 3638 279 53 technical
413 3636 135 54 staff
587 3636 67 54 of
689 3637 97 52 the
826 3636 125 53 first
990 3635 310 53 American
1339 3638 164 52 trade
1542 3638 178 53 union
1762 3641 347 70 delegation,

92 3716 188 53 edited
310 3716 76 68 by
421 3715 201 55 Stuart
655 3714 201 68 Chase,
886 3714 216 53 Robert
1132 3715 177 51 Dunn
1343 3716 112 52 and
1487 3716 262 55 Rexford
1785 3718 132 71 Guy
92 3722 1989 126 Tugwell.

311 3795 140 52 New
488 3793 181 67 York,
707 3793 122 52 The
864 3793 158 53 John
1059 3793 133 67 Day
1227 3811 300 51 company,
1567 3798 149 51 1928.

163 3874 1150 51 xiii p., 2 l., [3]-374 p., 1 l. diagrs. 24½ᶜᵐ.
99 3944 1974 54 © June 28, 1928; 2c. Aug. 20; aff. Aug. 23; A 1083925; John Day co.,
164 4005 91 41 inc.
325 4004 282 49 (28-20738)
