2498 4384
1269 4068 103 57 972

330 451 239 64 Olivier,
604 452 259 64 Eugène.

464 530 1868 66 … Manuel de l’amateur de reliures armoriées françaises.
329 608 2003 69 10 ᵉ -11 ᵉ série. (Meubles) planches 991-1187. Paris, C. Bosse,
331 686 150 55 1927.

402 769 458 49 2 v. plates. 28 ᶜᵐ.
400 841 67 39 At
493 840 126 40 head
648 840 52 40 of
728 840 134 41 title:
896 839 214 41 Docteur
1140 840 196 48 Eugène
1368 840 197 48 Olivier,
1597 840 209 48 Georges
1837 841 218 47 Hermal,
2086 840 248 49 capitaine

331 898 55 40 R.
416 898 59 39 de
502 897 173 41 Raton.

331 949 1973 53 10 ᵉ série, © Sept. 15; 11 ᵉ série, © Dec. 20, 1927; 1c. each Apr. 20, 1928;
399 1011 103 39 A—
504 1010 209 49 Foreign
739 1010 144 40 38519;
941 1010 206 41 Charles
1172 1011 166 40 Bosse.

328 1118 211 63 Parke,
569 1119 240 63 Hervey
839 1118 174 63 Coke,
1046 1119 169 53 1873-

393 1196 121 53 The
540 1196 287 69 marriage
854 1196 212 53 service
1094 1196 113 53 and
1237 1196 153 53 after;
1450 1215 72 34 an
1550 1196 371 68 explanation
1948 1197 115 52 and

323 1197 1985 130 instruction
476 1274 271 53 intended
780 1274 94 53 for
904 1273 161 54 those
1096 1274 174 53 about
1299 1279 59 48 to
1386 1274 68 53 be
1484 1274 269 68 married,
1781 1274 76 69 by
1887 1274 95 53 the
2013 1275 138 52 Rev.
322 1275 1985 146 Hervey

472 1351 1858 70 C. Parke … with an introduction by the Rt. Rev. W.
322 1428 2003 72 Bertrand Stevens … Milwaukee, Morehouse publishing co.
436 1511 85 64 [ ᶜ19 28]
429 1624 7 16 x,
467 1593 70 46 41,
572 1593 55 48 [1]
660 1602 43 37 p.
764 1590 55 40 14½ᶜᵐ.

331 1658 1913 53 © June 6, 1928; 2,c. and aff. June 18; A 1077885; Morehouse pub. co.
408 1718 283 50 (28-16143)

321 1828 188 61 Price,
541 1826 217 53 Frank.

394 1903 1937 71 The game Nick … Laws and rules. [Bolton, England,
323 1985 220 69 Naylor
577 1986 46 50 &
654 2001 117 48 son,
808 1984 151 64 1928]

401 2068 146 40 Sheet
575 2067 55 38 11½
677 2076 32 29 x
727 2063 59 42 58½ᶜᵐ.

329 2134 1997 52 © 1c. July 11, 1928; A ad int. 11416; pubd. June 30; F. Price, Bolton,
395 2195 282 46 Lancaster,
705 2192 237 49 England.

324 2303 330 63 Raymond,
684 2300 275 54 Frederic
988 2300 273 62 Newton,
1288 2300 81 53 ed.

455 2378 1873 71 … [Introduction] by Frederic Newton Raymond [in the
322 2461 148 53 book
509 2460 256 65 entitled]
809 2458 121 52 The
970 2457 157 53 vicar
1167 2456 64 53 of
1269 2456 336 67 Wakefield,
1644 2455 76 69 by
1759 2456 199 55 Oliver
1998 2456 331 55 Goldsmith

381 2535 1446 72 … New York, The Macmillan company, 1928.
393 2621 120 48 xxii,
543 2621 89 40 268
659 2631 43 37 p.
870 2651 8 9 19ᶜᵐ.

327 2689 52 52 ©
405 2693 126 41 June
554 2691 71 47 26,
651 2689 140 47 1928;
817 2690 68 40 2c.
912 2689 96 39 and
1032 2687 83 42 aff.
1142 2688 126 40 June
1294 2688 56 40 27;
1405 2688 42 38 A
1471 2686 230 48 1083060;
1730 2686 283 42 Macmillan
2038 2699 69 30 co.

321 2801 353 61 Reinmann,
705 2797 214 55 Gerald
947 2796 241 64 Joseph,
1220 2800 172 48 1902-

458 2873 1867 70 … The Third order secular of St. Francis … by Gerald
322 2951 2003 74 Joseph Reinmann … Washington, D. C., Catholic university
325 3036 64 52 of
417 3035 284 65 America,
733 3035 149 50 1928.

389 3117 86 40 200
499 3127 58 38 p.,
582 3117 25 38 1
650 3147 8 9 l.
718 3115 57 39 22½ᶜᵐ.
934 3113 248 50 (Catholic
1204 3112 273 49 university
1501 3113 52 41 of
1574 3113 239 41 America.
1877 3113 195 41 Studies
2096 3113 52 40 in
2170 3125 152 31 canon

317 3176 110 39 law.
488 3185 74 29 no.
596 3173 80 47 50)

388 3243 173 41 Thesis
597 3243 63 47 (D.
718 3275 8 8 C.
784 3240 328 49 L.)—Catholic
1136 3239 274 48 university
1436 3239 52 41 of
1511 3239 239 49 America,
1776 3239 129 42 1928.

389 3301 129 41 Vita.

389 3357 350 49 Bibliography:
797 3366 43 38 p.
868 3353 218 43 189-195.

325 3426 52 52 ©
416 3429 129 40 June
578 3428 69 47 12,
684 3426 141 46 1928;
864 3425 68 42 2c.
969 3426 97 39 and
1102 3423 82 41 aff.
1222 3424 131 40 June
1387 3423 82 47 19;
1508 3424 41 39 A
1585 3423 231 48 1082117;
1857 3423 52 42 G.
1948 3424 44 41 J.
2030 3423 289 47 Reinmann,

395 3485 296 47 Brookland,
722 3483 58 41 D.
813 3482 49 41 C.
936 3480 281 51 (28-16049)

318 3580 264 61 Richter,
609 3577 163 53 Paul.

390 3659 94 50 Im
527 3655 452 65 märchenreich;
1033 3658 29 48 5
1108 3651 527 55 nordlandfahrten
1681 3654 61 50 in
1787 3650 535 69 tagebuchblättern

318 3735 280 53 berichtet
642 3753 111 33 von
800 3735 181 50 einem
1029 3732 210 51 freund
1287 3731 96 51 des
1429 3730 314 52 norcllands
1788 3730 118 52 und
1953 3729 96 53 des
2094 3745 225 35 meeres.

322 3813 257 67 Cottbus,
614 3811 387 68 Selbstverlag
1031 3810 149 51 Paul
1211 3808 253 63 Richter,
1500 3808 147 53 1927.

392 3887 1673 57 1 p. l., 199, [1] p. illus. 29 ᶜᵐ. [Printed and mimeographed]
325 3957 1990 57 © Dec. 31, 1927; 1c. Apr. 11, 1928; A— Foreign 38269; Paul Richter,
392 4022 218 44 Cottbus,
638 4021 257 45 Germany.
