2498 4384
1243 3998 136 50 1320

347 541 535 50 3 p. l., 9-438 p. 24 ᶜᵐ.
285 604 2001 58 © Sept. 11, 1928; 2c. and aff. Sept. 26; A 1054556; Williams Haynes,
353 671 119 40 New
500 669 146 41 York.

274 792 469 65 Wiese, Kurt, illus.
359 872 431 67 [Illustrations]
840 871 77 68 by
962 870 154 51 Kurt
1164 868 188 53 Wiese
1423 867 60 52 [in
1528 867 98 52 the
1667 865 149 53 book
1861 864 259 67 entitled]
2171 864 121 52 The

278 953 160 52 three
462 952 150 51 little
635 950 230 52 kittens.
940 948 139 53 New
1104 946 183 69 York,
1311 946 121 52 The
1455 945 336 52 Macmillan
1816 961 300 51 company,
2140 945 151 51 1928.

355 1025 1391 58 [42] p. col. illus. 15 ᶜᵐ. (The happy hour books)
287 1100 51 52 ©
369 1104 123 46 Aug.
522 1104 38 47 7,
593 1102 141 47 1928;
765 1102 70 41 2c.
864 1102 97 39 and
990 1100 85 41 aff.
1105 1100 122 48 Aug.
1301 1110 9 36 8;
1344 1099 41 39 A
1415 1098 230 47 1082980;
1681 1097 284 41 Macmillan
1997 1108 69 31 co.

2090 1151 119 43 8940

282 1239 308 64 Williams,
623 1238 288 54 Marshall
943 1239 226 62 Henry.

354 1333 356 52 Investment
754 1337 178 47 trusts
979 1331 54 52 in
1083 1330 287 66 America,
1414 1330 76 68 by
1535 1328 283 53 Marshall
1863 1328 77 52 H.
1987 1328 307 54 Williams.

285 1412 139 53 New
460 1410 182 66 York,
679 1410 121 52 The
835 1408 338 54 Macmillan
1211 1426 300 51 company,
1550 1410 151 51 1928.

355 1491 884 51 4 p. l., 152 p., 1 l. fold. tab. 19½ ᶜᵐ.
291 1561 1785 53 © Sept. 4, 1928; 2c. and aff. Sept. 5: A 1054084; Macmillan co.
369 1621 282 49 (28-21014)

284 1745 244 62 Wilson,
560 1743 243 64 Robert,
838 1746 327 51 1838-1924.

357 1835 154 53 Half
541 1835 294 69 forgotten
864 1835 259 67 by-ways
1151 1834 65 54 of
1244 1835 98 53 the
1369 1835 96 52 old
1498 1832 203 69 South,
1727 1833 76 68 by
1831 1833 217 53 Robert

2076 1833 221 53 Wilson…
432 1914 320 68 Columbia,
790 1913 57 56 S.
885 1913 83 68 C.,
1002 1914 125 52 The
1162 1912 163 56 State
1360 1931 300 50 company,
1696 1915 151 50 1928.

361 1996 774 49 ix, 321 p. front. (port.) 22 ᶜᵐ.
366 2069 233 42 Sketches
624 2070 92 39 and
744 2068 175 41 stories
944 2068 52 39 of
1025 2069 79 40 the
1127 2068 228 40 intimate
1379 2068 90 40 life
1494 2067 53 41 of
1571 2067 81 41 the
1677 2069 137 38 coast
1837 2069 207 46 country
2070 2066 51 41 of
2148 2066 152 42 South

290 2127 231 41 Carolina
548 2127 95 39 and
671 2128 82 39 the
779 2127 209 39 Eastern
1018 2126 151 41 Shore
1196 2126 52 39 of
1274 2126 276 47 Maryland.
1606 2125 246 40 Gathered
1880 2124 224 48 together
2129 2124 61 48 by
2214 2124 84 39 Dr.

288 2184 183 41 Robert
494 2184 187 40 Wilson
705 2184 95 39 and
826 2185 117 39 Mrs.
969 2183 136 40 Elias
1131 2184 127 39 Ball.
1319 2182 62 48 cf.
1414 2183 276 40 Foreword.

294 2252 52 53 ©
377 2256 122 48 Aug.
530 2256 68 46 15,
630 2256 114 40 1928;
804 2257 69 38 2c.
905 2256 96 39 and
1032 2254 85 41 aff.
1146 2255 122 48 Aug.
1300 2255 55 40 18;
1416 2254 42 39 A
1488 2253 204 44 1054012;
1753 2254 56 42 R.
1842 2254 201 48 Wilson,

365 2252 1916 108 Charleston,
499 2313 45 41 S.
577 2313 49 41 C.
698 2312 282 48 (28-21012)

289 2437 284 63 Winters,
604 2436 168 55 Jane.

363 2528 314 55 Cornelia’s
714 2533 327 64 customers,
1075 2529 76 70 by
1186 2529 151 54 Jane
1367 2529 274 68 Winters,
1676 2528 326 54 illustrated
2037 2527 78 70 by

289 2526 1992 136 Priscilla
455 2608 267 54 Parsons.
798 2607 139 54 New
969 2607 182 70 York,
1182 2607 261 68 London,
1475 2607 123 54 The
1629 2606 256 72 Century
1917 2624 79 37 co.
2035 2638 194 38 [ᶜ1928]

362 2692 81 48 vii,
480 2692 85 42 293
601 2703 43 39 p.
704 2691 164 49 front.,
905 2693 173 49 plates.
1138 2691 147 43 39½ᶜᵐ.
1402 2691 131 51 $1.75

298 2758 52 54 ©
378 2763 122 49 Aug.
527 2763 69 49 31,
626 2762 142 49 1928;
797 2763 68 42 2c.
896 2763 95 41 and
1020 2762 82 43 aff.
1135 2763 129 49 Sept.
1294 2762 52 49 5;
1378 2762 41 41 A
1447 2761 233 50 1053196;
1712 2761 215 51 Century
1957 2772 68 32 co.

376 2819 283 51 (28-20917)

298 2943 1536 70 Zum á rraga, Juan de, bp. of Mexico, 1468-1548.
426 3035 1881 70 … The Doctrina breve in fac-simile, published in the city
294 3113 64 53 of
409 3114 424 68 Tenochtitlan,
885 3114 243 68 Mexico,
1177 3115 172 67 June,
1402 3119 150 61 1544,
1601 3116 76 68 by
1727 3115 184 69 Right
1960 3115 141 52 Rev.
2152 3113 155 54 Juan

293 3191 2017 69 Zum á rraga, first bishop of Mexico. To which are added The
295 3270 230 53 earliest
566 3270 176 53 books
788 3271 57 51 in
891 3271 96 53 the
1031 3271 140 52 New
1217 3272 199 66 world,
1458 3271 76 69 by
1578 3272 139 52 Rev.
1761 3271 291 69 Zephyrin
295 3271 1991 130 Englehardt
524 3348 33 67 [!]…
683 3349 112 52 and
824 3349 54 51 A

906 3349 281 53 technical
1214 3349 394 68 appreciation
1637 3349 65 53 of
1726 3350 98 53 the
1851 3349 123 53 first
2002 3349 304 53 American

297 3425 269 69 printers,
592 3426 75 68 by
695 3425 254 69 Stephen
974 3427 77 52 H.
1078 3427 265 69 Horgan,
1368 3427 187 53 edited
1581 3428 75 68 by
1682 3428 249 52 Thomas
1955 3428 67 52 F.
2047 3427 264 53 Meehan.

297 3504 138 53 New
466 3504 178 67 York,
670 3505 122 52 The
817 3504 217 54 United
1067 3502 190 57 States
1285 3503 265 56 Catholic
1576 3505 294 53 historical
1899 3505 231 70 society,
2159 3508 149 51 1928.

366 3587 1944 50 27, [2] p., facsim.: [167] p. illus. 24½ ᶜᵐ. (United States Catholic
298 3643 255 41 historical
584 3644 198 48 society.
845 3645 300 48 Monograph
1175 3644 152 41 series
1355 3645 56 47 x)

309 3709 51 53 ©
397 3715 114 46 May
546 3714 69 47 15,
651 3715 141 45 1928;
831 3715 68 40 2c.
936 3715 114 47 May
1085 3715 83 46 21;
1206 3714 83 41 aff.
1327 3715 127 39 June
1489 3715 53 42 9;
1580 3715 40 39 A
1657 3715 230 48 1077878;
1927 3717 180 40 United
2147 3716 162 40 States

373 3769 222 41 Catholic
621 3771 254 40 historical
904 3782 94 30 soc.
1055 3791 10 29 r
1072 3766 51 52 ©
1145 3771 130 41 “The
1302 3771 199 41 earliest
1529 3773 148 38 books
1705 3772 49 39 in
1781 3773 83 39 the
1890 3773 117 39 New
2035 3772 181 40 world”
2244 3773 61 47 by

375 3827 243 47 Zephyrin
646 3828 301 47 Engelhardt;
1006 3828 68 39 “A
1099 3828 242 40 technical
1368 3829 335 47 appreciation
1731 3829 51 40 of
1809 3830 82 39 the
1916 3830 108 40 first
2052 3829 259 41 American

377 3883 243 48 printers”
652 3885 61 47 by
745 3885 211 47 Stephen
988 3886 61 39 H.
1080 3886 215 47 Horgan,
1327 3887 96 38 and
1453 3886 188 48 editing
1669 3887 61 48 by
1761 3887 211 40 Thomas
2004 3887 53 40 F.
2090 3888 220 49 Meehan]

384 3939 282 50 (28-16322)
