2498 4384
1034 4014 134 50 1025

87 350 315 54 American
436 344 357 55 association
827 343 63 53 of
920 357 323 39 museums.

158 427 56 52 A
249 425 410 69 bibliography
695 422 65 54 of
795 440 282 35 museums
1117 421 113 52 and
1268 437 256 35 museum
1562 416 176 70 work,
1775 417 77 69 by
1889 417 197 69 Ralph

92 504 224 55 Clifton
359 502 208 66 Smith,
607 500 269 54 assistant
915 503 301 64 secretary,
1258 499 97 51 the
1395 496 308 54 American
1745 495 340 55 association

90 581 64 54 of
176 598 299 36 museums.
535 578 404 69 Washington,
963 577 73 53 D.
1064 575 82 70 C.,
1171 577 123 52 The
1319 575 308 53 American
1654 573 340 55 association
2021 573 67 55 of

87 677 299 48 museums,
416 659 151 51 1928.

159 737 658 51 2 p. l., vi, 302 p. 26½ᶜᵐ.
164 811 202 41 “Beside
400 811 84 39 the
517 810 142 40 usual
694 808 182 41 entries
913 809 153 40 under
1102 807 109 42 title
1248 808 95 40 and
1379 808 192 47 author,
1611 807 82 42 the
1728 806 199 42 articles
1963 808 125 41 have

91 870 119 40 been
236 868 214 48 grouped
480 868 153 39 under
659 867 172 47 nearly
859 865 114 41 four
1001 866 223 39 hundred
1254 864 190 48 subject
1472 862 476 51 headings.”—Pref.

92 938 52 51 ©
175 941 80 40 July
320 941 38 41 7,
391 939 141 46 1928;
563 940 68 39 2c.
662 938 96 40 and
788 937 83 42 aff.
902 938 117 47 July
1048 936 82 48 12;
1163 937 40 39 A
1235 936 230 47 1083203;
1498 938 160 41 Amer.
1690 948 116 30 assn.
1852 938 52 40 of
159 948 1915 90 museums.
349 995 281 49 (28-17186)

89 1090 315 53 American
444 1090 365 67 bankruptcy
846 1093 237 63 reports.
1156 1088 140 53 New
1334 1087 186 68 series,
1558 1087 148 54 cited
1743 1088 130 53 Am.
1914 1090 67 51 B.
2020 1089 67 53 R.

170 1169 95 68 (N.
300 1168 85 69 S.)
428 1169 300 68 reporting
756 1169 95 51 the
882 1168 365 67 bankruptcy
1277 1168 278 53 decisions
1587 1168 113 52 and
1732 1168 264 68 opinions
2030 1169 61 52 in

159 1249 97 52 the
277 1248 218 54 United
522 1246 207 67 States,
752 1246 65 52 of
839 1247 99 52 the
961 1245 220 53 federal
1207 1252 187 46 courts
1422 1246 112 52 and
1560 1245 244 54 referees
1827 1246 61 52 in
1913 1246 177 53 bank-

159 1331 222 63 ruptcy.
448 1326 109 51 Ed.
586 1325 75 68 by
691 1325 153 52 Fred
874 1324 67 52 E.
973 1324 344 53 Rosebrook.
1384 1343 50 33 v.
1469 1328 79 49 11.
1616 1324 250 69 Albany,
1897 1324 70 53 N.
1999 1325 92 68 Y.,

157 1404 279 52 Matthew
466 1403 227 52 Bender
718 1404 46 50 &
792 1420 298 50 company,
1118 1402 421 67 incorporated,
1571 1405 151 50 1928.

225 1519 8 16 xv,
272 1486 83 41 791
393 1497 45 38 p.
496 1486 119 40 24ᶜᵐ.

93 1555 51 52 ©
174 1558 116 47 July
317 1558 39 46 7,
385 1557 142 47 1928;
557 1558 68 40 2c.
654 1557 97 40 and
779 1556 82 41 aff.
891 1556 116 48 July
1036 1556 53 47 9;
1121 1556 42 39 A
1191 1556 230 47 1083201;
1455 1557 237 40 Matthew
1722 1557 191 41 Bender
1942 1557 37 40 &
2006 1568 85 38 co.,

158 1614 92 41 inc.

91 1708 316 53 American
444 1708 214 64 digest.

91 1786 1978 148 … Third decennial edition of the American digest; a complete
275 1864 1817 70 digest of all reported cases from 1916 to 1926 … v. 9.
93 1942 2002 71 Criminal law* *… 769-1225 … St. Paul, West publishing
89 2040 97 49 co.,
220 2025 149 50 1928.

159 2104 100 49 lvii,
294 2104 116 40 1497
443 2114 44 39 p.
545 2103 118 42 26ᶜᵐ.

95 2172 51 52 ©
174 2176 127 40 June
325 2175 71 49 26,
424 2174 141 48 1928;
594 2176 68 40 2c.
690 2174 116 48 July
833 2174 82 47 16;
946 2174 82 42 aff.
1056 2174 116 48 July
1198 2175 84 47 14;
1311 2174 43 39 A
1380 2174 230 49 1082544;
1642 2176 138 40 West
1805 2176 110 48 pub.
1943 2187 68 30 co.

91 2285 278 63 Bennett,
400 2285 190 53 Rama
625 2283 69 55 Y.

162 2363 116 57 Old
312 2363 231 55 Mother
577 2361 287 56 Hubbard
900 2363 113 54 and
1046 2365 102 52 her
1180 2381 125 35 new
1339 2362 319 70 cupboard;
1696 2362 137 72 fifty
1868 2364 228 55 articles

92 2461 72 35 on
203 2443 285 53 nutrition
529 2442 140 53 with
710 2442 210 68 special
962 2442 286 69 emphasis
1290 2460 72 35 on
1403 2442 97 54 the
1538 2443 259 68 problem
1836 2444 65 53 of
1939 2444 154 54 child

93 2520 2002 72 feeding. Prepared by Rama V. Bennett … Los Angeles,
94 2597 1931 73 Calif., Los Angeles County public health association, ᶜ1 928.
161 2682 529 50 3 p. l., 50 p. 21½ᶜᵐ.
97 2737 51 52 ©
186 2741 127 40 June
349 2740 69 48 15,
455 2740 141 47 1928;
635 2742 69 39 2c.
741 2741 116 48 July
892 2741 82 46 12;
1014 2740 83 41 aff.
1135 2741 118 48 July
1289 2742 82 46 11;
1410 2740 43 41 A
1487 2741 230 48 1083189;
1756 2743 94 40 Los
1887 2743 207 48 Angeles

164 2798 190 47 County
382 2797 162 49 public
571 2797 169 41 health
768 2808 129 30 assn.
968 2797 281 49 (28-17268)

91 2893 355 63 Blanchard,
477 2892 257 56 William
764 2893 245 64 Martin,
1046 2893 170 55 1874-

157 2972 56 52 A
239 2971 333 68 laboratory
595 2972 233 51 manual
855 2970 60 53 in
942 2973 229 67 general
1199 2971 326 71 chemistry,
1552 2973 77 69 by
1652 2974 262 55 William
89 2975 1985 127 Martin

214 3047 1884 74 Blanchard … Garden City, N. Y., Doubleday, Doran &
91 3145 297 51 company,
421 3127 126 67 inc.,
583 3129 151 51 1928.

160 3211 64 47 ix,
261 3211 71 49 [2],
365 3210 86 41 196
482 3221 44 37 p.
586 3209 129 41 illus.
774 3211 118 40 21ᶜᵐ.

161 3267 257 41 Alternate
447 3277 147 37 pages
634 3265 192 49 (3-191)
864 3266 149 40 blank
1042 3266 80 41 for
1153 3266 223 43 “Notes”.

161 3325 176 39 Tables
365 3324 97 39 and
492 3322 248 49 diagrams
770 3333 62 29 on
858 3322 366 49 lining-papers.

164 3380 274 48 “Prepared
475 3378 259 49 primarily
769 3380 49 38 to
856 3388 295 39 accompany
1188 3380 84 40 the
1308 3380 219 42 author’s
1566 3382 74 40 An
1676 3383 333 47 introduction
2047 3392 50 40 to

92 3438 195 46 general
320 3434 504 49 chemistry.”—Pref.

102 3502 51 52 ©
179 3507 129 41 June
329 3506 39 47 6,
394 3505 119 40 1928;
562 3505 69 40 2c.
656 3505 96 39 and
777 3504 82 41 aff.
884 3505 116 47 July
1026 3504 51 47 5;
1106 3505 41 39 A
1172 3505 230 49 1083130;
1432 3508 298 51 Doubleday,
1759 3513 168 41 Doran
1953 3517 36 39 &
2015 3528 68 30 co.

169 3563 91 41 inc.
330 3561 282 50 (28-17045)

101 3657 253 64 Bogard,
385 3657 126 52 Ben
543 3657 78 51 M.

171 3735 121 52 The
325 3735 236 67 Baptist
592 3733 327 69 way-book;
956 3753 31 33 a
1021 3736 233 51 manual
1288 3736 271 69 designed
1596 3739 94 54 for
1722 3760 98 36 use
1851 3745 60 52 in
102 3747 1973 119 Baptist

240 3812 1860 83 churches, by Ben M. Bogard … Texarkana, Ark.-Tex.,
102 3889 1334 71 Baptist Sunday school committee [ ᶜ1 928 ]
