2547 4432
1416 4094 67 53 52

499 531 445 49 “Bibliographical
968 532 195 40 notes”:
1188 544 43 37 p.
1255 532 189 41 95-100.

431 598 52 52 ©
512 603 110 41 Jan.
649 603 40 48 4,
719 603 142 47 1928;
889 604 70 40 2c.
987 604 96 40 and
1110 603 83 41 aff.
1222 603 110 41 Jan.
1362 603 83 47 16;
1475 603 42 39 A
1544 602 231 48 1061244;
1807 603 124 39 Paul
1960 604 54 40 B.
2045 604 204 49 Hoeber,
2281 605 91 41 inc.

510 659 251 49 (28-2289)

428 753 246 64 Dasent,
706 753 235 55 Arthur
972 754 197 64 Irwin,
1205 758 173 50 1859-

500 833 121 53 The
662 833 226 69 private
928 832 105 54 life
1074 832 65 54 of
1179 832 238 54 Charles
1458 832 95 53 the
1597 829 238 71 Second,
1872 832 77 68 by
1986 832 226 54 Arthur
2251 833 180 54 Irwin

428 910 2004 69 Dasent … with a colour frontispiece and nine illustrations.
429 990 242 53 London
727 996 121 61 [etc.]
890 986 214 58 Cassell
1136 992 46 50 &
1215 1006 300 51 company,
1546 989 104 53 ltd.
1692 989 172 68 [1927]

500 1072 137 47 xxiii,
671 1072 99 47 279,
855 1091 10 30 [1]
902 1083 43 37 p.
1005 1073 88 40 col.
1127 1072 164 47 front.,
1329 1072 27 39 1
1388 1071 143 48 illus.,
1567 1074 151 46 ports.
1777 1073 149 40 22½ᶜᵐ.

434 1139 1985 110 © 1c. Jan. 6, 1928; A ad int. 10513; pubd. Nov. 10; A. I. Dasent, London. (28-2118)
430 1294 87 52 De
545 1293 178 63 Vitis,
752 1292 254 55 Michael
1035 1292 247 65 Angelo,
1315 1295 173 51 1890-

500 1372 56 53 A
582 1373 170 53 series
783 1372 66 53 of
877 1373 88 53 six
993 1372 164 53 radio
1185 1372 151 52 talks
1367 1390 72 34 on
1472 1370 320 55 Christmas
1821 1372 62 53 in
1910 1378 159 62 story
2099 1373 114 54 and
2241 1374 198 69 music,

429 1449 1983 133 by Michael A. De Vitis … Ellen M. Geyer … Charles Heinroth
647 1527 1047 71 … [and others] [Pittsburgh] 1927.
433 1610 1987 107 4 p., 1 l., 5-61 p. 22½ᶜᵐ. (University of Pittsburgh. Radio publication no. 33)
504 1739 304 41 “Broadcast
841 1739 129 40 from
1005 1740 82 39 the
1122 1738 285 49 University
1441 1738 53 41 of
1529 1738 289 49 Pittsburgh
1854 1739 165 41 studio
2052 1739 198 48 KDKA,
432 1741 1991 104 Westinghouse

695 1796 197 41 electric
919 1793 47 44 &
993 1796 404 48 manufacturing
1423 1806 248 39 company,
1701 1796 303 49 Pittsburgh,
2033 1797 407 48 Pennsylvania.”

437 1865 51 52 ©
523 1870 113 40 Dec.
668 1869 69 48 22,
771 1868 143 46 1927;
949 1869 69 40 2c.
1052 1869 95 39 and
1181 1868 82 41 aff.
1299 1868 111 41 Jan.
1444 1868 69 47 16,
1549 1867 141 47 1928;
1726 1868 40 38 A
1801 1868 231 47 1061223;
2069 1868 286 48 University
2390 1869 52 40 of

507 1926 302 48 Pittsburgh,
845 1925 303 48 Pittsburgh.
1218 1924 254 49 (28-2294)

434 2020 281 64 Douglas,
745 2020 287 63 Norman,
1065 2023 170 51 1868-

506 2099 116 56 Old
657 2098 289 67 Calabria,
978 2099 76 67 by
1087 2099 258 52 Norman
1378 2098 276 69 Douglas.
1730 2099 139 52 New
1905 2099 182 67 York,
2120 2099 123 53 The
436 2099 1982 131 Modern
558 2177 221 69 library
811 2180 171 64 [1928]

505 2259 100 48 viii,
630 2259 89 40 440
745 2270 43 37 p.
850 2260 115 40 17ᶜᵐ.
1035 2259 302 48 (Half-title:
1364 2260 102 40 The
1491 2260 199 40 modern
1717 2260 186 48 library
1930 2259 52 41 of
2008 2261 81 39 the
2116 2259 194 41 world’s
2336 2260 107 40 best

435 2315 173 49 books)

507 2388 163 41 “First
691 2388 203 40 Modern
917 2388 186 48 library
1126 2387 228 42 edition.”

439 2455 52 53 ©
521 2460 113 40 Dec.
663 2459 69 48 15,
762 2460 142 44 1927;
935 2460 69 40 2c.
1033 2460 110 41 Jan.
1175 2460 68 48 13,
1274 2459 143 47 1928;
1450 2459 83 42 aff.
1564 2460 112 40 Jan.
1705 2460 83 46 11;
1821 2459 40 40 A
1893 2459 229 47 1001198;
2157 2460 202 39 Modern

506 2459 1920 105 library,
704 2516 90 41 inc.
862 2513 69 53 [©
966 2516 347 50 introduction]
1387 2516 253 49 (28-2117)

434 2610 271 63 Dunnell,
738 2611 174 52 Mark
943 2611 294 64 Boothby.

507 2689 326 54 Minnesota
868 2690 214 68 digest;
1119 2710 32 33 a
1185 2689 188 71 digest
1405 2689 66 55 of
1500 2690 98 54 the
1629 2688 279 56 decisions
1940 2688 65 56 of
2034 2689 97 54 the
2165 2687 277 72 Supreme

438 2773 163 47 court
631 2767 64 54 of
723 2769 98 52 the
851 2774 148 48 state
1025 2768 66 53 of
1117 2769 346 66 Minnesota,
1492 2769 76 69 by
1598 2768 173 53 Mark
1802 2770 68 51 B.
1904 2768 270 53 Dunnell.
2249 2768 74 54 2d
2355 2770 86 52 ed.

482 2890 10 10 v.
521 2851 50 62 4,
601 2852 44 48 5.
714 2846 341 67 Owatonna,
1084 2847 204 67 Minn.,
1317 2848 328 53 Minnesota
1674 2848 111 52 law
1813 2846 150 54 book
1993 2864 99 50 co.,
2124 2844 151 55 1927.

506 2931 28 38 2
564 2941 43 29 V.
667 2929 117 41 26ᶜᵐ.

474 3034 9 8 v.
509 3001 41 47 4,
582 2996 51 52 ©
662 3000 113 41 Dec.
805 3001 39 47 8,
874 3000 141 48 1927;
1047 3012 42 29 v.
1119 3000 39 47 5,
1190 2996 52 52 ©
1273 3001 115 40 Dec.
1416 3001 83 46 23;
1530 3002 69 40 2c.
1628 3001 119 41 each
1778 3001 110 40 Jan.
1918 2999 70 49 20,
2020 2999 140 47 1928;
2193 2999 110 41 affs.
2333 3000 113 41 Jan.

510 3058 82 46 18;
627 3057 41 39 A
698 3057 217 48 1061288,
950 3057 229 42 1061289;
1217 3058 144 40 Mark
1393 3059 55 40 B.
1482 3059 225 47 Dunnell,
1743 3058 286 47 Owatonna,
2064 3056 151 41 Minn.

440 3165 228 65 Ewing,
700 3166 222 62 James,
958 3170 170 50 1866-

509 3244 333 68 Neoplastic
876 3244 271 65 diseases;
1186 3265 32 33 a
1251 3245 233 54 treatise
1516 3265 73 34 on
1623 3252 237 62 tumors,
1894 3244 76 70 by
2001 3245 196 55 James
2235 3245 212 70 Ewing

501 3322 1945 70 … 3d ed., rev. and enl., with 546 illustrations. Philadelphia
438 3402 115 52 and
582 3401 260 66 London,
872 3402 90 54 W.
994 3403 67 51 B.
1097 3401 290 55 Saunders
1418 3419 300 52 company,
1751 3405 150 50 1928.

510 3483 792 49 2 p. l., 9-1127 p. illus. 25ᶜᵐ.
511 3554 378 48 Bibliography:
914 3566 44 37 p.
981 3555 277 41 1041-1093.

446 3623 51 52 ©
524 3627 113 41 Dec.
661 3627 70 48 23,
758 3626 142 47 1927;
928 3628 67 40 2c.
1023 3627 110 41 Jan.
1159 3627 68 48 12,
1255 3627 142 47 1928;
1426 3627 83 42 aff.
1536 3629 111 40 Jan.
1673 3628 82 46 16;
1785 3628 40 39 A
1852 3627 230 46 1061235;
2113 3628 71 40 W.
2213 3628 54 40 B.
516 3627 1914 97 Saunders
660 3693 68 31 co.
800 3683 231 49 (28-2288
1040 3684 14 48 )

442 3777 356 65 Fitzgerald,
845 3777 257 55 William
1147 3777 54 54 V
1493 3783 173 50 1894-

513 3857 122 52 The
676 3856 277 67 purchase
996 3856 65 53 of
1101 3857 118 52 real
1260 3862 178 48 estate
1480 3877 59 34 as
1581 3857 235 69 applied
1857 3864 60 47 to
1958 3857 165 53 home
2161 3855 288 71 building,

442 3933 2005 74 by William V. Fitzgerald … New York city, Home helps
489 4015 152 71 [ᶜ1928]
