2498 4384
1127 4105 135 49 1163

193 468 271 60 Brosten,
499 464 272 62 Dorothy
806 462 312 53 Kathleen.

266 545 120 50 The
419 543 160 52 heart
615 547 57 47 at
705 560 133 33 war.
914 541 162 67 chap.
1111 543 48 49 2.

295 627 60 37 (In
389 621 191 43 British
614 620 188 52 weekly
839 619 287 53 magazine)

198 677 1991 53 © 1c. Sept. 15, 1928; A ad int. 11613; pubd. July 19; D. K. Broster,
264 739 211 39 London.

190 820 256 61 Bruhns,
475 818 134 63 Leo,
642 821 170 49 1884-

262 898 109 52 Die
420 896 162 53 meist
589 896 245 53 erwerke;
915 894 121 53 eine
1083 892 498 71 kimstgeschichte
1629 893 99 53 für
1776 894 101 53 das
1926 893 268 53 deutsche

197 970 1995 70 volk, von Leo Bruhns … bd. 1, 2. Leipzig, E. A. Seemann
231 1054 150 66 [ ᶜ 1927 ]
262 1132 838 50 2 v. illus. (incl. plans) 19 ᶜᵐ .
265 1192 130 39 Each
431 1192 190 39 volume
654 1190 90 40 has
779 1191 104 39 also
918 1190 179 47 special
1133 1193 100 44 t.-p.

602 1244 1590 43 CONTENTS.— bd. I. Die alten Völker von der vorzeit bis zum ende
196 1306 221 39 Korns.—
420 1300 75 44 bd.
527 1311 52 32 II.
611 1303 293 40 Christliche
934 1302 215 40 frühzeit
1180 1304 99 38 und
1311 1302 418 40 mittelalterliche
1760 1303 152 40 dorne.

197 1358 1995 51 © Nov. 22, 1927; 1c. Apr. 11, 1928; A —Foreign 38439; E. A. Seemann.
274 1417 279 49 (28-19140)

192 1485 122 52 The
347 1483 258 64 Chicago
634 1483 256 52 tribune.

256 1561 273 52 Pictured
563 1560 402 69 encyclopedia
996 1560 64 52 of
1091 1560 97 53 the
1220 1559 228 54 world’s
1482 1566 247 63 greatest
1761 1578 362 50 newspaper;
2161 1580 31 34 a

188 1638 304 53 handbook
537 1638 65 53 of
646 1639 96 52 the
785 1656 336 49 newspaper
1165 1656 60 35 as
1273 1637 358 68 exemplified
1677 1638 75 69 by
1796 1639 95 52 the
1939 1638 253 69 Chicago

186 1715 489 55 tribune—issued
709 1721 59 48 to
803 1722 434 47 commemorate
1272 1716 72 52 its
1381 1715 278 69 eightieth
1695 1716 289 69 birthday.
188 1716 1979 147 Chicago,

373 1794 121 53 The
527 1793 253 70 Chicago
811 1793 227 54 tribune
1075 1796 193 64 [ᶜ1928]

255 1877 886 49 2 p. l., 790 p. illus. 18½ × 11ᶜᵐ.
194 1930 50 53 ©
275 1936 122 39 Mar.
428 1935 39 46 1,
497 1934 140 41 1928;
668 1934 69 40 2c.
768 1935 94 38 and
893 1933 82 42 aff.
1007 1934 116 47 July
1152 1932 85 47 30;
1269 1934 41 38 A
1339 1933 231 47 1082769;
1603 1934 214 40 Tribune
1848 1945 81 37 co.,
1963 1934 225 49 Chicago.

272 1991 280 49 (28-19026)

189 2056 318 64 Churchill,
539 2056 272 54 Winston
845 2056 268 52 Leonard
1147 2056 275 63 Spencer.

257 2136 248 52 Herbert
534 2136 204 67 Henry
766 2134 267 68 Asquith,
1061 2133 126 53 first
1213 2135 118 51 earl
1358 2133 65 54 of
1451 2133 230 55 Oxford
1711 2136 113 51 and
1853 2134 267 69 Asquith.

294 2219 58 37 (In
386 2214 182 43 Nash’s
607 2214 276 52 magazine,
919 2213 147 53 Aug.,
1105 2214 144 50 1928)

195 2270 1994 53 © 1c. Sept. 15, 1928; A ad int. 11611; pubd. July 18; W. L. S. Churchill,
260 2332 213 39 London.

193 2397 195 53 Comic
412 2416 186 50 songs,
623 2396 186 68 funny
832 2396 200 53 stories
1058 2397 111 53 and
1195 2396 348 66 recitations,
1569 2396 333 68 containing
1927 2398 94 51 the
2046 2404 145 46 most

254 2476 276 67 complete
578 2480 339 48 assortment
964 2493 129 34 ever
1141 2475 320 67 published.
1544 2474 291 70 [Chicago,
1881 2476 79 53 M.
2013 2475 180 69 Stein,

277 2557 133 49 ᶜ1928]

254 2636 68 47 82,
354 2636 85 50 [12]
471 2647 42 37 p.
573 2636 147 41 18½ᶜᵐ.

255 2694 72 40 On
356 2705 141 29 cover:
556 2693 143 41 Gems
728 2693 51 39 of
806 2692 309 49 inspiration.

196 2747 51 52 ©
274 2753 115 46 July
417 2752 38 42 7,
484 2751 116 40 1928;
653 2751 68 40 2c.
749 2751 94 39 and
872 2749 83 41 aff.
982 2750 117 48 July
1125 2749 26 40 9;
1208 2749 41 39 A
1276 2749 204 41 1082404;
1539 2751 62 40 M.
1633 2749 150 43 Stein.
272 2808 280 49 (28-19099)

191 2874 251 62 Curtiss,
472 2875 137 52 Mrs.
642 2872 309 53 Harriette
982 2872 298 64 Augusta.

192 2950 1997 148 The truth about evolution and the Bible, by Harriette Augusta Curtiss and F. Homer Curtiss … Washington, D. C.,
191 3108 119 52 The
351 3107 224 54 Curtiss
614 3107 364 68 philosophic
1016 3106 149 53 book
1204 3125 109 50 co.;
1356 3107 260 69 London,
1656 3108 64 52 L.
1764 3107 69 53 N.
1877 3109 226 53 Fowler
2145 3112 46 50 &

191 3203 96 49 co.,
315 3188 150 50 1928.

259 3266 95 49 xvi,
386 3267 174 40 17-243
593 3278 43 37 p.
696 3266 57 41 19½
784 3269 44 21 ᶜᵐ
834 3299 8 8 .

197 3319 51 52 ©
273 3325 124 39 June
422 3325 69 46 23,
517 3324 117 40 1928;
684 3325 67 40 2c.
777 3326 91 38 and
898 3324 82 40 aff.
1005 3325 115 47 July
1146 3325 82 46 25;
1258 3325 40 38 A
1323 3325 229 47 1082802;
1582 3326 166 39 Frank
1774 3326 183 40 Homer
1983 3325 206 50 Curtiss,

263 3381 334 48 Washington.
668 3381 280 48 (28-18904)

192 3447 118 52 The
341 3447 351 63 Cyclopedia
722 3448 64 52 of
817 3448 307 52 American
1152 3448 342 68 biography.
1573 3447 485 71 Supplementary
2089 3450 103 67 ed.,

262 3525 1929 69 with an introduction by Bossiter Johnson … v. 11 … Ed.
259 3603 77 68 by
363 3604 63 53 L.
459 3605 65 52 E.
557 3604 314 52 Dearborn.
948 3605 138 51 New
1116 3605 182 63 York,
1328 3605 122 51 The
1479 3605 167 53 Press
1677 3605 338 53 association
259 3624 1909 123 compilers,
481 3683 126 56 inc.,
640 3685 149 50 1928.

260 3763 60 45 vi,
354 3763 99 47 300,
490 3764 55 48 [6]
581 3775 42 37 p.
684 3764 163 47 front.,
882 3767 148 45 ports.
1091 3764 148 42 26½ᶜᵐ.

197 3813 51 52 ©
273 3819 119 48 Aug.
418 3820 68 47 15,
513 3820 140 42 1928;
680 3821 67 41 2c.
773 3822 96 39 and
896 3821 81 42 aff.
1003 3822 121 45 Aug.
1150 3822 55 38 24;
1263 3822 42 38 A
1330 3821 230 46 1083999;
1591 3823 144 39 Press
1761 3833 129 31 assn,
1917 3823 268 48 compilers,

264 3875 90 42 inc.

192 3938 288 67 Dearden,
511 3943 239 54 Harold.

259 4019 219 55 Child’s
507 4022 171 52 crime
708 4022 64 53 of
802 4042 255 50 revenge.
