2498 4384
0 0 0 0 511
127 450 529 66 Vassall-Phillips,
690 449 198 55 Oliver
921 445 203 65 Rodie,
1160 444 171 54 1857-

196 533 190 69 Mary,
421 531 97 53 the
554 530 225 53 mother
814 525 65 55 of
914 524 148 68 God,
1095 524 77 69 by
1207 524 97 52 the
1339 520 299 55 Reverend
1674 519 68 56 O.
1780 520 67 52 R.
1887 518 250 55 Vassall-

127 596 1953 83 Phillips … introduction by the Rt. Rev. Hugh C. Boyle …
128 689 139 53 New
300 687 182 67 York,
511 686 121 52 The
662 683 336 54 Macmillan
1029 697 302 52 company,
1361 679 151 52 1928.

197 758 1825 63 ix, 85 p. 17 ᶜᵐ. (Half-title: The treasury of the faith series: 15)
134 840 52 52 ©
215 842 113 50 Apr.
356 842 40 47 3,
426 840 114 41 1928;
596 839 69 43 2c.
693 841 96 39 and
817 836 83 42 aff.
928 837 116 47 Apr.
1070 835 26 39 4;
1153 834 41 39 A
1223 832 205 41 1069588;
1486 832 284 40 Macmillan
1799 841 69 32 co.

215 898 253 50 (28-9763)

126 994 160 61 Volz,
323 991 155 54 Emil
515 990 250 61 Conrad,
806 992 171 49 1891-

202 1061 1944 78 Home flower-growing, by Emil C. Volz … New York, The
130 1150 339 54 Macmillan
498 1164 299 52 company,
831 1148 149 49 1928.

203 1222 1942 60 xxii p., 1 l., 342 p. incl. front., illus. 20½ᶜᵐ. (Half-title: The rural
134 1290 187 42 science
346 1289 165 42 series,
539 1289 71 38 ed.
638 1287 60 48 by
725 1287 51 39 L.
805 1286 61 40 H.
894 1283 197 49 Bailey)

138 1346 52 52 ©
221 1350 123 40 Mar.
373 1348 71 42 27,
475 1346 115 40 1928;
647 1344 69 42 2c.
746 1344 97 39 and
871 1342 84 41 aff.
986 1342 124 40 Mar.
1139 1342 57 39 28;
1257 1340 41 39 A
1328 1339 205 42 1068628;
1595 1337 283 42 Macmillan
1909 1349 68 30 co.

216 1404 255 50 (28-9304)

134 1499 406 63 Vuilleumier,
569 1498 174 54 John.

209 1579 218 54 Future
454 1575 263 55 unrolled;
775 1593 81 49 or,
885 1572 233 57 Studies
1143 1592 72 34 on
1243 1573 96 52 the
1368 1571 334 70 prophecies
1731 1570 64 54 of
1822 1570 229 68 Daniel,
2079 1570 76 69 by

139 1649 1589 75 John Vuilleumier. Boston, R. G. Badger [ ᶜ19 28]
210 1738 245 51 201 p. 2½ ᶜᵐ.
142 1789 2012 58 © Feb. 21, 1928; 2c. Apr. 2; aff. Mar. 30; A 1068702; Richard G.
210 1856 207 48 Badger.
493 1851 252 50 (28-9383)

135 1947 398 63 Wadsworth,
571 1946 163 53 Ruth
776 1943 304 66 Flanigen,
1123 1947 170 50 1888-

214 2019 1946 77 Charm by choice [by] Ruth F. Wadsworth … New York,
142 2108 122 53 The
287 2107 276 52 Womans
590 2121 175 51 press,
792 2105 153 50 1928.

214 2186 529 52 2 p. l., 3-102 p. 18 ᶜᵐ.
141 2244 52 52 ©
233 2249 124 39 Mar.
394 2247 72 46 27,
507 2245 141 42 1928;
688 2243 67 42 2c.
794 2245 116 47 Apr.
947 2243 54 40 2:
1042 2242 83 41 aff.
1163 2241 115 49 Apr.
1316 2243 55 45 4;
1412 2241 41 40 A
1492 2241 231 46 1069621;
1765 2241 114 41 Nat.
1915 2240 153 40 board
2106 2241 52 40 of

218 2303 79 43 the
328 2305 171 45 Young
530 2311 212 31 womens
775 2299 252 42 Christian
1059 2309 130 30 assn.
1222 2298 52 40 of
1305 2298 82 40 the
1420 2298 57 42 U.
1511 2297 45 41 S.
1588 2298 69 47 A.,
1690 2298 119 39 New
1841 2298 146 41 York.

227 2360 254 50 (28-9884)

148 2465 418 66 Wainwright,
598 2462 167 55 Neal.

217 2543 122 52 The
377 2541 247 67 coward,
661 2540 77 70 by
775 2539 145 53 Neal
957 2537 411 71 Wainwright.
1444 2537 141 54 New
1627 2538 181 53 York.
1847 2538 233 53 Payson
2118 2540 47 50 &

148 2620 208 56 Clarke
380 2621 106 52 ltd.
628 2622 84 64 [ᶜ1928]

219 2702 100 49 379,
357 2722 11 30 [1]
450 2713 41 37 p.
554 2701 55 41 19½ᶜᵐ.

150 2758 52 52 ©
235 2760 113 51 Apr.
380 2762 41 46 7,
453 2760 141 44 1928;
626 2759 69 42 2c.
725 2759 116 48 Apr.
871 2758 54 47 9;
959 2757 83 42 aff.
1071 2758 116 47 Apr.
1218 2757 84 47 10;
1336 2757 41 39 A
1408 2756 231 47 1068853;
1674 2757 193 49 Payson
1901 2757 36 41 &
1970 2757 192 49 Clarke,

218 2819 87 41 ltd.
376 2816 253 50 (28-9837)

146 2913 227 63 Weber,
415 2912 219 63 Joseph
677 2911 72 61 J.,
793 2914 171 50 1890-

222 2991 233 54 Picture
483 2990 194 54 values
705 2991 59 51 in
791 2988 302 55 education;
1154 3008 27 33 a
1214 2988 279 69 complete
1521 2989 199 53 record
1749 2986 65 56 of
1844 3007 72 34 an
152 2990 1990 133 experimental

404 3068 411 70 investigation
856 3067 221 55 carried
1120 3087 72 33 on
1233 3067 143 53 with
1415 3068 138 53 both
1595 3068 177 69 grade
1816 3067 196 70 pupils
2054 3070 114 52 and

153 3148 210 70 college
406 3147 261 54 students
711 3153 59 47 at
811 3148 96 52 the
950 3146 341 70 University
1335 3145 66 54 of
1443 3147 228 54 Kansas
1716 3146 60 53 in
1825 3149 341 60 1921-1922;

154 3227 118 53 also
312 3245 33 33 a
384 3226 215 68 partial
640 3243 292 52 summary
972 3224 65 54 of
1075 3225 96 53 the
1213 3223 305 56 Columbia
1559 3224 321 71 university
1924 3226 246 53 doctor’s

153 3304 175 55 thesis
361 3303 409 70 Comparative
806 3303 386 55 effectiveness
1226 3303 66 54 of
1323 3322 152 37 some
1509 3304 186 54 visual
1731 3304 144 69 aids,
1907 3305 265 69 together

157 3383 138 54 with
330 3402 31 34 a
396 3383 303 69 suggested
736 3382 517 71 teacher-training
1285 3401 195 37 course
1517 3384 233 52 outline.
1825 3384 90 70 By
1952 3384 218 68 Joseph

155 3463 56 53 J.
246 3461 225 69 Weber,
593 3505 10 9 PH.
678 3505 10 9 D.
761 3461 273 70 Chicago,
1068 3462 114 67 Ill.,
1216 3463 122 52 The
1376 3462 386 54 Educational
1798 3480 211 51 screen,
2043 3463 130 66 inc.,

160 3542 149 52 1928.

161 3613 1990 116 © Mar. 17, 1928; 2c. Apr. 5; aff. Apr. 6; A 1068775; J. J. Weber, Rochester, N. Y. (28-9729)
160 3772 385 65 Williamson,
579 3774 163 55 Alice
774 3775 213 53 Muriel
1020 3775 375 66 Livingston.

229 3850 59 54 It
318 3852 302 68 happened
653 3853 59 54 in
743 3853 366 70 Hollywood.
1191 3854 364 68 [Instalment
1587 3860 34 48 4]

240 3934 84 43 (In
353 3931 200 43 Picture
584 3931 137 44 show
752 3933 289 53 magazine)

164 3982 2006 71 © 1c. Apr. 17, 1928; A ad int. 10908; pubd. Feb. 18; A. M. Williamson,
233 4048 213 44 London.
