2498 4384
1345 4089 103 56 370

366 450 956 65 Barcy ǹ ska, Hélène, countess.
439 530 56 52 A
531 529 254 53 certified
819 529 181 67 bride,
1035 529 77 68 by
1150 527 277 55 Countess
1465 527 350 69 Barcynska.
1890 528 260 68 London,
2187 529 185 53 Hurst

369 611 46 48 &
443 607 283 68 Blackett,
755 607 104 53 ltd.
916 609 134 50 [1928]

439 688 749 50 3 p. l., 11-285, [1] p. 19½ᶜᵐ.
374 743 2001 52 © 1c. Mar. 15, 1928; A ad int. 10762; pubd. Jan. 20; Armiger Barclay,
444 804 160 49 Capri,
635 806 146 46 Italy.
851 804 251 48 (28-8415)

372 898 174 63 Bard,
580 898 188 54 Josef.

447 976 336 69 Shipwreck
810 977 60 52 in
901 977 250 67 Europe,
1178 977 78 68 by
1283 976 168 54 Josef
1477 977 177 52 Bard.
1729 976 139 53 New
1898 976 164 53 York
2090 977 112 52 and
371 977 1983 145 London,

534 1055 234 68 Harper
799 1057 46 50 &
874 1054 280 67 brothers,
1188 1057 150 51 1928.

440 1138 534 48 5 p. l., 314 p. 19½ᶜᵐ.
377 1192 52 52 ©
460 1197 123 40 Mar.
611 1196 69 46 15,
710 1195 142 46 1928;
883 1195 68 40 2c.
982 1196 123 40 Mar.
1134 1194 82 47 14;
1250 1194 82 41 aff.
1363 1195 122 41 Mar.
1515 1195 82 45 17;
1630 1195 40 38 A
1700 1193 230 48 1069321;
1963 1194 196 47 Harper
2189 1194 36 40 &
2254 1194 126 41 bros.

458 1252 252 48 (28-7957)

375 1345 195 63 Bedel,
603 1345 283 63 Maurice,
924 1349 169 50 1884-

408 1421 1949 148 … Jerome, 60° latitude nord. Paris, Nouvelle revue française [1927]
448 1584 749 49 3 p. l., [9]-262 p., 1 l. 19ᶜᵐ.
378 1638 2004 52 © Nov. 29, 1927; 1c. Dec. 30; A—Foreign 36748; Librairie Gallimard.
458 1698 251 49 (28-8386)

375 1780 255 63 Benson,
665 1780 255 53 Edward
954 1778 296 64 Frederic,
1289 1779 172 53 1867-

448 1858 178 54 Lucia
658 1859 60 52 in
750 1859 271 62 London;
1058 1877 31 33 a
1120 1859 186 66 novel,
1335 1859 76 67 by
1443 1859 68 51 E.
1544 1859 65 51 F.
1644 1860 244 51 Benson.
1964 1857 233 55 Garden
2235 1857 152 69 City,

378 1938 70 52 N.
484 1938 91 66 Y.,
606 1937 358 68 Doubleday,
995 1938 199 51 Doran
1227 1939 47 49 &
1303 1954 299 51 company,
1634 1936 126 68 inc.,
1794 1939 150 50 1928.

447 2020 536 49 2 p. l., 273 p. 19½ᶜᵐ.
381 2074 52 52 ©
460 2077 112 41 Feb.
596 2078 69 43 10,
690 2077 118 40 1928;
859 2078 68 39 2c.
952 2078 96 38 and
1073 2076 83 42 aff.
1182 2078 124 39 Mar.
1331 2076 82 46 15;
1441 2076 40 39 A
1506 2076 230 47 1068408;
1766 2076 183 48 George
1976 2076 61 41 H.
2064 2077 166 38 Doran
2258 2076 35 40 &
2319 2087 67 30 co.

459 2134 251 49 (28-7950)

375 2214 184 55 Bible.
633 2214 264 68 English.

454 2293 294 55 Standard
787 2292 288 53 reference
1116 2292 246 53 indexed
1405 2292 184 53 Bible.
1666 2291 122 53 The
1830 2291 161 69 Holy
2033 2290 186 69 Bible,

381 2309 1985 132 containing
649 2372 95 53 the
790 2370 115 56 Old
949 2371 113 53 and
1107 2371 140 53 New
1291 2371 359 53 Testaments
1707 2369 364 71 (authorized
2117 2388 65 36 or
2228 2369 163 71 King

380 2451 196 53 James
626 2449 254 69 version)
943 2448 558 71 self-pronouncing,
1552 2450 189 52 words
1792 2448 215 70 spoken
2062 2449 79 69 by
2194 2448 198 55 Christ

385 2528 230 68 printed
648 2528 60 52 in
741 2528 129 67 red;
907 2533 60 47 to
1001 2527 187 53 which
1222 2528 49 53 is
1307 2528 188 53 added
1529 2547 73 33 an
1639 2527 384 69 alphabetical
2060 2528 115 53 and
384 2527 1981 147 cyclopedic

574 2606 190 67 index,
791 2624 32 33 a
851 2605 208 69 unique
1086 2611 82 48 set
1195 2604 66 55 of
1285 2606 192 53 charts
1506 2605 152 54 from
1684 2606 194 53 Adam
1905 2611 59 47 to
1994 2604 216 70 Christ,
382 2606 1985 147 leading

520 2683 303 67 doctrines,
860 2684 450 68 alphabetically
1347 2685 301 69 arranged,
1686 2703 73 34 an
1798 2683 387 70 alphabetical
2225 2684 166 54 Bible

382 2761 345 69 dictionary,
762 2780 31 34 a
830 2761 278 68 practical
1144 2763 401 67 concordance,
1580 2763 282 69 harmony
1899 2761 65 54 of
1998 2763 98 53 the
2133 2762 261 70 Gospels,

385 2839 262 67 parables
680 2840 114 52 and
827 2839 280 67 miracles,
1142 2845 121 61 etc.,
1295 2845 101 48 etc.
1468 2840 56 52 A
1555 2841 157 53 hand
1747 2841 167 53 Bible
1950 2840 96 54 for
2082 2842 311 69 every-day

380 2935 113 34 use.
570 2915 272 70 Chicago,
870 2917 145 52 Pub.
1046 2918 348 70 exclusively
1421 2919 77 69 by
1527 2919 96 53 the
1653 2920 160 54 John
1842 2919 72 53 A.
1946 2920 208 54 Hertel
2184 2938 80 36 co.
2298 2920 96 53 for

383 2994 1803 73 International constructive Sunday school league [ᶜ 1 928]
459 3075 143 49 [1726]
634 3086 44 37 p.
736 3075 166 49 front.,
930 3076 145 49 illus.,
1104 3087 153 38 maps,
1287 3077 143 41 form.
1491 3078 117 42 23ᶜᵐ.

456 3132 211 41 Various
695 3132 219 49 pagings.

458 3189 160 40 Blank
642 3200 146 37 pages
813 3190 80 40 for
920 3190 117 41 “Ms.
1063 3189 168 42 notes”
1269 3190 82 50 ([2]
1381 3194 52 38 at
1459 3192 117 47 end)

389 3242 52 52 ©
467 3247 110 40 Jan.
602 3247 69 47 21,
696 3247 142 47 1928;
864 3248 68 40 2c.
958 3248 111 40 Jan.
1094 3248 82 46 25;
1205 3248 83 41 aff.
1314 3249 111 40 Jan.
1450 3249 82 47 24;
1560 3250 42 38 A
1628 3250 229 47 1069227;
1887 3251 128 40 John
2041 3252 56 40 A.
2124 3251 172 41 Hertel
2323 3262 68 31 co.

460 3299 68 53 [©
563 3303 236 48 practical
833 3304 321 41 instructions
1189 3306 97 39 and
1319 3316 107 29 new
1459 3306 227 40 material
1721 3307 50 39 in
1807 3308 180 40 “Great
2022 3311 169 38 events
2224 3309 53 39 in
2310 3308 81 43 the

457 3360 121 40 lives
608 3361 51 39 of
688 3363 173 38 twelve
890 3363 147 39 noted
1067 3362 139 40 Bible
1237 3362 324 49 characters”,
1591 3364 62 47 by
1684 3364 84 40 Dr.
1800 3365 51 40 P.
1882 3365 55 40 B.
1969 3364 281 50 Fitzwater]

468 3417 251 48 (28-7642)

382 3494 205 63 Binns,
621 3495 175 64 John,
834 3495 324 55 1772-1860.

460 3572 229 54 Binns’s
722 3573 231 68 justice;
990 3594 82 48 or,
1105 3576 391 68 Magistrate’s
1531 3578 159 67 daily
1726 3579 358 67 companion.
2156 3580 57 52 A
385 3585 1984 118 treatise

517 3669 72 34 on
613 3651 95 53 the
735 3651 148 54 office
909 3654 114 52 and
1049 3654 186 53 duties
1261 3653 66 54 of
1350 3655 231 69 justices
1606 3655 66 53 of
1695 3657 96 52 the
1819 3675 186 50 peace,
2029 3657 364 69 magistrates

387 3728 114 52 and
535 3729 290 53 aldermen
860 3730 61 52 in
954 3731 96 53 the
1086 3733 472 53 commonwealth
1591 3733 65 53 of
1691 3734 447 69 Pennsylvania,
385 3735 1986 139 including

521 3806 78 51 all
632 3807 96 52 the
763 3807 263 69 required
1061 3807 182 56 forms
1279 3809 65 54 of
1377 3829 224 50 process
1637 3813 114 52 and
1786 3813 458 67 docket-entries,
2281 3814 114 53 and

387 3883 347 70 embodying
759 3891 100 47 not
890 3887 136 69 only
1054 3888 289 53 whatever
1372 3908 133 50 may
1532 3889 67 54 be
1630 3891 232 53 deemed
1893 3891 264 54 valuable
2187 3897 60 48 to
387 3891 1983 124 justices

551 3960 66 55 of
640 3962 96 54 the
764 3981 186 53 peace,
976 3965 102 55 but
1106 3971 58 50 to
1192 3967 316 70 landlords,
1537 3973 227 51 tenants
1793 3970 113 53 and
1935 3972 232 72 general
2196 3975 200 66 agents
