2498 4384
1049 4061 136 55 1577

142 403 361 70 [Abshagen,
537 402 156 54 Frau
727 403 359 65 Margarete]
1127 401 170 54 1879-

208 481 637 57 Christnachtwunder;
906 480 136 52 zwei
1099 479 661 67 Weihnachtsmärchen,
1817 497 111 34 von
139 479 1980 150 Margarete

381 556 1755 70 Thiele [ pseud .] mit bildern von E. Kutzer und F.
139 637 293 56 Schenkel.
512 640 166 50 1.-10.
720 637 253 53 tausend.
1050 637 278 67 Dresden,
1365 635 77 53 H.
1484 636 65 53 F.
1589 635 311 69 Abshagen
2086 635 50 67 [ᶜ1927]

206 718 1024 49 48 p., 1 l. col. illus., col. plates. 23 ᶜᵐ.
208 791 289 40 Illustrated
535 792 97 47 t.-p.
670 790 51 40 in
757 790 171 42 colors.

485 859 1532 49 CONTENTS. —Die Weihnachtsgans.—Der Wegweiser am waldrande.
137 914 2000 52 © Oct. 21, 1927; 1c. Mar. 14, 1928; A —Foreign 38133; Hans Friedrich
205 974 272 48 Abshagen.
543 974 281 49 (28-24125)

131 1067 303 63 Addition,
467 1067 319 53 Henrietta
818 1067 196 55 Silvis.

264 1143 1875 71 … City planning for girls; a study of the social machinery
132 1221 94 54 for
262 1241 124 34 case
423 1222 158 53 work
617 1222 141 53 with
796 1223 142 68 girls
977 1224 59 51 in
1074 1223 430 68 Philadelphia,
1542 1223 141 52 with
1721 1228 309 48 comments
2067 1242 72 34 on

129 1300 1987 147 present methods, brief histories of past experiments, and recommended plans for the future, by Henrietta Addition …
130 1456 1727 71 Chicago, Ill., The University of Chicago press [192 8]
199 1539 1929 50 vii p., 1 l., 150 p. diagr. 22½ᶜᵐ. (Social service monographs, no. 5)
201 1610 186 48 Survey
419 1611 141 39 made
594 1611 61 46 by
687 1611 82 39 the
803 1610 93 46 Big
927 1610 146 40 sister
1107 1610 299 40 association
1438 1611 51 39 of
1523 1611 343 48 Philadelphia
1899 1612 121 39 with
2054 1613 83 39 the

128 1667 328 48 co-operation
504 1667 52 39 of
603 1668 82 39 the
731 1666 197 49 leading
974 1666 222 47 agencies
1244 1667 267 40 interested
1559 1668 49 39 in
1656 1668 134 39 work
1835 1668 121 39 with
2003 1669 133 47 girls.

127 1722 60 47 cf.
218 1735 44 37 p.
292 1724 100 41 2-3.

132 1776 51 52 ©
213 1781 120 45 Aug.
363 1781 40 46 7,
435 1780 140 46 1928;
607 1780 68 40 2c.
708 1779 101 41 Oct.
840 1780 83 44 13;
956 1778 83 41 aff.
1073 1778 102 41 Oct.
1205 1779 23 38 1,
1292 1778 40 39 A
1362 1778 231 47 1054965;
1627 1780 285 48 University
1943 1780 53 40 of
198 1780 1920 105 Chicago.
361 1836 225 49 Chicago.
656 1835 281 50 (28-24175)

123 1931 227 63 Alanic,
384 1930 308 64 Mathilde,
729 1935 170 49 1864-

259 2009 1877 70 … Le mariage de Hoche; ou, Le roman de l’amour conjugal.
120 2088 814 69 Paris, Perrin et c ⁱᵉ , 1928.
198 2170 1439 49 2 p. l., [vii]-xv, 282 p., 2 l. front., plates, ports. 20½ ᶜᵐ.
129 2224 1735 52 © Apr. 27, 1928; 1c. June 26; A— Foreign 39386; Perrin & cie.
208 2284 281 48 (28-24114)

124 2379 356 64 Alexandre,
514 2378 249 65 Arsène,
800 2383 172 51 1859-

259 2457 1875 72 … Louise C. Breslau, par Arsène Alexandre. 60 planches
124 2536 313 53 hors-texte
471 2555 67 34 en
570 2536 417 68 héliogravure.
1063 2536 188 68 Paris,
1284 2536 228 68 Rieder,
1550 2539 150 52 1928.

198 2616 1938 52 64 p., fold. 1. 60 pl. (incl. ports.) on 30 1. 20½ x 16 ᶜᵐ. (“Maîtres de
125 2674 114 41 l’art
270 2674 285 46 moderne”)

127 2729 1951 52 © Apr. 27, 1928; 1c. June 26; A— Foreign 39308; Les éditions Rieder.
205 2789 282 49 (28-23855)

122 2883 2011 75 American law reports, annotated … v. 56. Rochester, N. Y.,
194 2964 122 52 The
347 2963 270 67 Lawyers
651 2963 384 66 co-operative
1067 2961 342 70 publishing
1442 2981 309 52 company;
1789 2965 345 71 Northport,

194 3042 64 52 L.
295 3041 67 59 I.,
398 3041 70 52 N.
509 3041 89 65 Y.,
635 3040 255 53 Edward
928 3040 333 68 Thompson
1298 3059 310 51 company;
1652 3041 117 56 San
1807 3043 326 60 Francisco,

196 3119 195 67 Calif.,
425 3117 588 69 Bancroft-Whitney
1047 3137 300 50 company,
1384 3122 150 51 1928.

192 3202 100 47 viii,
322 3201 116 41 1580
467 3212 43 37 p.
568 3201 58 40 25½ᶜᵐ.

125 3254 51 52 ©
207 3259 102 40 Oct.
337 3258 70 42 20,
436 3257 115 41 1928;
607 3257 68 41 2c.
704 3258 97 39 and
830 3257 82 41 aff.
943 3258 102 40 Oct.
1073 3257 56 41 23;
1188 3258 43 38 A
1257 3258 88 40 247;
1402 3259 231 48 Lawyers
1663 3262 325 46 co-operative
2018 3265 111 46 pub.

192 3325 81 37 co.,
303 3315 213 39 Edward
544 3314 276 48 Thompson
847 3324 82 36 co.,
959 3317 95 38 and
1082 3315 492 49 Bancroft-Whitney
1604 3327 67 30 co.

122 3408 363 64 Andersson,
520 3407 194 54 Johan
751 3406 263 63 Gunnar,
1053 3407 172 54 1874-

189 3489 122 52 The
332 3489 223 67 dragon
577 3488 112 53 and
713 3487 97 53 the
833 3486 228 69 foreign
1085 3487 200 67 devils,
1305 3487 76 69 by
1401 3488 194 53 Johan
1618 3489 243 56 Gunnar

121 3492 1988 130 Andersson;
285 3567 318 53 translated
640 3565 153 53 from
826 3565 95 53 the
957 3564 258 56 Swedish
1252 3565 76 70 by
1363 3565 237 57 Charles
1632 3569 284 55 Wharton
1956 3571 176 57 Stork

181 3643 1459 71 … Boston, Little, Brown, and company, 1928.
193 3727 63 44 xi,
288 3727 84 40 341
404 3737 44 37 p.
508 3726 165 47 front.,
705 3726 172 48 plates,
908 3727 152 46 ports.
1118 3725 58 40 22½ᶜᵐ

193 3784 199 46 “Partly
424 3793 27 29 a
486 3781 442 41 characterization
962 3781 52 41 of
1047 3782 82 40 the
1163 3783 207 41 Chinese
1406 3786 351 47 temperament
1793 3790 96 39 and
1924 3792 205 45 culture,

118 3841 163 47 partly
309 3850 62 30 an
399 3839 186 41 outline
612 3839 52 40 of
690 3838 197 42 China’s
918 3839 203 40 difficult
1149 3840 114 39 task
1291 3840 49 39 in
1370 3840 164 50 fitting
1560 3842 187 42 herself
1777 3848 46 38 to
1854 3847 82 41 the
123 3848 1988 88 industrial
272 3896 89 40 life
394 3896 52 40 of
478 3898 209 38 western
721 3895 522 48 machinery.”—Pref.

125 3949 51 53 ©
203 3953 101 42 Oct.
331 3953 40 49 6,
397 3952 115 41 1928;
567 3953 67 41 2c.
661 3953 95 40 and
784 3951 82 44 aff.
895 3953 103 41 Oct.
1024 3952 56 41 10;
1137 3953 40 40 A
1204 3953 204 42 1053885;
1465 3955 164 50 Little,
1657 3958 192 50 Brown,
1880 3963 96 39 and
191 3973 1917 86 company.
400 4010 282 49 (28-24110)
