<alto xmlns="http://www.loc.gov/standards/alto/ns-v3#" xmlns:xlink="http://www.w3.org/1999/xlink" xmlns:xsi="http://www.w3.org/2001/XMLSchema-instance" xsi:schemaLocation="http://www.loc.gov/standards/alto/ns-v3# http://www.loc.gov/alto/v3/alto-3-0.xsd"><Description>
<MeasurementUnit>pixel</MeasurementUnit>
<sourceImageInformation>
<fileName>1928_v25_part001.pdf</fileName>
</sourceImageInformation>
<OCRProcessing ID="IdOcr">
<ocrProcessingStep>
<processingDateTime>2019-04-12</processingDateTime>
<processingSoftware>
<softwareCreator>ABBYY</softwareCreator>
<softwareName>ABBYY Recognition Server</softwareName>
<softwareVersion>4.0</softwareVersion>
</processingSoftware>
</ocrProcessingStep>
</OCRProcessing>
</Description>
<Styles>
<ParagraphStyle ID="StyleId-FFFFFFFF-FFFF-FFFF-FFFF-FFFFFFFFFFFF-" ALIGN="Left" LEFT="0." RIGHT="0." FIRSTLINE="0."/>
<ParagraphStyle ID="StyleId-0ECAC0CE-E1F0-4C69-A1B9-95E16886343B-" ALIGN="Left" LEFT="0." RIGHT="0." FIRSTLINE="0." LINESPACE="8.300000191"/>
<ParagraphStyle ID="StyleId-5C6F7A30-EC6F-4250-A8D3-0AE106DCDB5D-" ALIGN="Left" LEFT="0." RIGHT="0." FIRSTLINE="-13." LINESPACE="11.22999954"/>
<ParagraphStyle ID="StyleId-B258737E-7AF8-4B71-A0BF-0A1420B951F9-" ALIGN="Left" LEFT="0." RIGHT="0." FIRSTLINE="-13." LINESPACE="8.210000038"/>
<ParagraphStyle ID="StyleId-35C0EFA5-E89E-4731-B16E-5D3895F12270-" ALIGN="Block" LEFT="0." RIGHT="0." FIRSTLINE="-12." LINESPACE="11.22999954"/>
<ParagraphStyle ID="StyleId-7BD1F9B4-14BB-4AAF-864B-FED8FEA7DC43-" ALIGN="Left" LEFT="0." RIGHT="0." FIRSTLINE="0."/>
<ParagraphStyle ID="StyleId-CD2DA0E5-536D-42AE-AE16-8D9F5C008D5A-" ALIGN="Block" LEFT="0." RIGHT="0." FIRSTLINE="-12." LINESPACE="10."/>
<ParagraphStyle ID="StyleId-AF408F88-EED5-4CE2-A229-3F852C18D9BD-" ALIGN="Block" LEFT="0." RIGHT="0." FIRSTLINE="-14." LINESPACE="10."/>
<ParagraphStyle ID="StyleId-829CD741-943D-4B7B-9638-57AB73DE2567-" ALIGN="Center" LEFT="0." RIGHT="0." FIRSTLINE="0." LINESPACE="9.399999619"/>
<ParagraphStyle ID="StyleId-B271BDFA-6037-4875-BA99-885A067668E9-" ALIGN="Left" LEFT="0." RIGHT="0." FIRSTLINE="-14." LINESPACE="11.21000004"/>
<ParagraphStyle ID="StyleId-64F9C1D8-EA12-4F65-AD18-B72A4C6B556F-" ALIGN="Center" LEFT="0." RIGHT="0." FIRSTLINE="0." LINESPACE="11.60000038"/>
<ParagraphStyle ID="StyleId-44DA2756-E57B-4EF3-9BA4-FC1C14776DE3-" ALIGN="Left" LEFT="0." RIGHT="0." FIRSTLINE="-12." LINESPACE="12.19999981"/>
<ParagraphStyle ID="StyleId-D1D9AF19-8CA6-4F74-9AEC-1B4545205AD7-" ALIGN="Center" LEFT="0." RIGHT="0." FIRSTLINE="0." LINESPACE="11.60000038"/>
<ParagraphStyle ID="StyleId-3ADA1556-6D19-417D-8046-68449BF368BA-" ALIGN="Left" LEFT="0." RIGHT="0." FIRSTLINE="-13." LINESPACE="12.19999981"/>
<ParagraphStyle ID="StyleId-7443A930-B325-44B5-9AB8-B42B4EC78C89-" ALIGN="Block" LEFT="0." RIGHT="0." FIRSTLINE="13." LINESPACE="8.619999886"/>
<ParagraphStyle ID="StyleId-C9A9E480-E448-4934-9AF8-3D252792E396-" ALIGN="Left" LEFT="0." RIGHT="0." FIRSTLINE="-12." LINESPACE="11.38000011"/>
<ParagraphStyle ID="StyleId-73039842-464C-49B9-9440-4C0D0E749DFE-" ALIGN="Center" LEFT="0." RIGHT="0." FIRSTLINE="0." LINESPACE="11.10000038"/>
<ParagraphStyle ID="StyleId-C51F6AC2-80DA-4C65-849C-6E2D5F548EA4-" ALIGN="Left" LEFT="0." RIGHT="0." FIRSTLINE="0." LINESPACE="7.699999809"/>
<ParagraphStyle ID="StyleId-494190D9-BDDC-4834-A745-6AF520F91CD0-" ALIGN="Block" LEFT="0." RIGHT="0." FIRSTLINE="-12." LINESPACE="11.22999954"/>
<ParagraphStyle ID="StyleId-68D39D31-3386-4B28-8C90-DA9420961D78-" ALIGN="Left" LEFT="0." RIGHT="0." FIRSTLINE="0." LINESPACE="11.60000038"/>
<ParagraphStyle ID="StyleId-DF0CE7C7-E73E-44FE-8867-C904BD7F3F42-" ALIGN="Block" LEFT="0." RIGHT="0." FIRSTLINE="0." LINESPACE="12.19999981"/>
</Styles>
<Layout>
<Page ID="Page2071" PHYSICAL_IMG_NR="2071" HEIGHT="4384" WIDTH="2498">
<TopMargin HEIGHT="491" WIDTH="2498" VPOS="0" HPOS="0">
</TopMargin>
<LeftMargin HEIGHT="3746" WIDTH="148" VPOS="491" HPOS="0">
</LeftMargin>
<RightMargin HEIGHT="3746" WIDTH="288" VPOS="491" HPOS="2210">
</RightMargin>
<BottomMargin HEIGHT="147" WIDTH="2498" VPOS="4237" HPOS="0">
</BottomMargin>
<PrintSpace HEIGHT="3746" WIDTH="2062" VPOS="491" HPOS="148">
<TextBlock ID="Page2071_Block1" HEIGHT="165" WIDTH="356" VPOS="4072" HPOS="1070" LANG="en-US" STYLEREFS="StyleId-8A9FD974-5F46-4450-B04A-61E0CA62420F-">
<TextLine HEIGHT="55" WIDTH="139" VPOS="4086" HPOS="1125">
<String CONTENT="2071" HEIGHT="55" WIDTH="139" VPOS="4086" HPOS="1125"/>
</TextLine>
</TextBlock>
<TextBlock ID="Page2071_Block2" HEIGHT="3555" WIDTH="2062" VPOS="491" HPOS="148" LANG="en-US" CS="1" STYLEREFS="StyleId-68D8556B-ADA5-4D02-9AEF-5F5156588E21-">
<TextLine HEIGHT="74" WIDTH="2009" VPOS="497" HPOS="161" STYLEREFS="StyleId-8A9FD974-5F46-4450-B04A-61E0CA62420F-" CS="1">
<String CONTENT="R." HEIGHT="52" WIDTH="68" VPOS="508" HPOS="161"/>
<SP/>
<String CONTENT="M." HEIGHT="52" WIDTH="79" VPOS="507" HPOS="259"/>
<SP HEIGHT="51" WIDTH="29" VPOS="507" HPOS="339"/>
<String CONTENT="Peckham," HEIGHT="66" WIDTH="307" VPOS="505" HPOS="369"/>
<SP HEIGHT="50" WIDTH="26" VPOS="521" HPOS="677"/>
<String CS="1" CONTENT="OPT."/>
<SP/>
<String CS="1" CONTENT="D,"/>
<SP HEIGHT="48" WIDTH="27" VPOS="522" HPOS="921"/>
<String CONTENT="with" HEIGHT="53" WIDTH="140" VPOS="502" HPOS="949"/>
<SP HEIGHT="51" WIDTH="29" VPOS="503" HPOS="1090"/>
<String CONTENT="a" HEIGHT="34" WIDTH="30" VPOS="520" HPOS="1120"/>
<SP HEIGHT="54" WIDTH="30" VPOS="500" HPOS="1151"/>
<String CONTENT="foreword" HEIGHT="54" WIDTH="287" VPOS="500" HPOS="1182"/>
<SP HEIGHT="53" WIDTH="25" VPOS="500" HPOS="1470"/>
<String CONTENT="by" HEIGHT="68" WIDTH="76" VPOS="500" HPOS="1496"/>
<SP HEIGHT="69" WIDTH="26" VPOS="499" HPOS="1573"/>
<String LANG="fi" CONTENT="E." HEIGHT="52" WIDTH="69" VPOS="499" HPOS="1600"/>
<SP HEIGHT="53" WIDTH="26" VPOS="498" HPOS="1670"/>
<String CONTENT="Le" HEIGHT="53" WIDTH="81" VPOS="498" HPOS="1697"/>
<SP HEIGHT="52" WIDTH="18" VPOS="499" HPOS="1779"/>
<String CONTENT="Roy" HEIGHT="67" WIDTH="128" VPOS="499" HPOS="1798"/>
<SP HEIGHT="68" WIDTH="28" VPOS="498" HPOS="1927"/>
<String CONTENT="Ryder," HEIGHT="69" WIDTH="214" VPOS="497" HPOS="1956"/>
</TextLine>
<TextLine HEIGHT="75" WIDTH="1808" VPOS="576" HPOS="360" STYLEREFS="StyleId-8A9FD974-5F46-4450-B04A-61E0CA62420F-" CS="1">
<String CS="1" CONTENT="OPT."/>
<SP/>
<String CS="1" CONTENT="D." HEIGHT="9" WIDTH="9" VPOS="629" HPOS="360"/>
<SP HEIGHT="56" WIDTH="91" VPOS="583" HPOS="370"/>
<String CONTENT="Geneva," HEIGHT="68" WIDTH="248" VPOS="583" HPOS="462"/>
<SP HEIGHT="68" WIDTH="37" VPOS="583" HPOS="711"/>
<String LANG="fi" CONTENT="N." HEIGHT="53" WIDTH="70" VPOS="583" HPOS="749"/>
<SP HEIGHT="54" WIDTH="40" VPOS="582" HPOS="820"/>
<String CONTENT="Y.," HEIGHT="67" WIDTH="91" VPOS="582" HPOS="861"/>
<SP HEIGHT="69" WIDTH="40" VPOS="580" HPOS="953"/>
<String CONTENT="Shur-on" HEIGHT="56" WIDTH="256" VPOS="580" HPOS="994"/>
<SP HEIGHT="34" WIDTH="39" VPOS="598" HPOS="1251"/>
<String CONTENT="standard" HEIGHT="54" WIDTH="278" VPOS="578" HPOS="1291"/>
<SP HEIGHT="54" WIDTH="41" VPOS="578" HPOS="1570"/>
<String CONTENT="optical" HEIGHT="70" WIDTH="214" VPOS="576" HPOS="1612"/>
<SP HEIGHT="53" WIDTH="41" VPOS="577" HPOS="1827"/>
<String CONTENT="company," HEIGHT="52" WIDTH="299" VPOS="593" HPOS="1869"/>
</TextLine>
<TextLine HEIGHT="66" WIDTH="337" VPOS="664" HPOS="163" STYLEREFS="StyleId-8A9FD974-5F46-4450-B04A-61E0CA62420F-">
<String CONTENT="inc." HEIGHT="52" WIDTH="106" VPOS="664" HPOS="163"/>
<SP HEIGHT="34" WIDTH="35" VPOS="696" HPOS="270"/>
<String STYLE="subscript" CONTENT="[" HEIGHT="34" WIDTH="12" VPOS="696" HPOS="306"/>
<String STYLE="superscript" CONTENT="c" HEIGHT="22" WIDTH="18" VPOS="669" HPOS="323"/>
<String CONTENT="1928" HEIGHT="51" WIDTH="134" VPOS="665" HPOS="348"/>
<String STYLE="subscript" CONTENT="]" HEIGHT="35" WIDTH="12" VPOS="695" HPOS="488"/>
</TextLine>
<TextLine HEIGHT="51" WIDTH="826" VPOS="741" HPOS="235" CS="1">
<String CONTENT="xiii," HEIGHT="48" WIDTH="104" VPOS="744" HPOS="235"/>
<SP HEIGHT="46" WIDTH="30" VPOS="746" HPOS="340"/>
<String CONTENT="184" HEIGHT="40" WIDTH="86" VPOS="744" HPOS="371"/>
<SP HEIGHT="47" WIDTH="30" VPOS="745" HPOS="458"/>
<String CONTENT="p.," HEIGHT="37" WIDTH="57" VPOS="755" HPOS="489"/>
<SP HEIGHT="44" WIDTH="30" VPOS="745" HPOS="547"/>
<String CONTENT="1" HEIGHT="38" WIDTH="24" VPOS="745" HPOS="578"/>
<SP/>
<String CS="1" CONTENT="l."/>
<SP HEIGHT="40" WIDTH="59" VPOS="743" HPOS="665"/>
<String CONTENT="illus." HEIGHT="40" WIDTH="129" VPOS="743" HPOS="725"/>
<SP HEIGHT="42" WIDTH="58" VPOS="741" HPOS="855"/>
<String CS="1" CONTENT="22&#189;&#7580;&#7504;." HEIGHT="41" WIDTH="147" VPOS="741" HPOS="914"/>
</TextLine>
<TextLine HEIGHT="57" WIDTH="2005" VPOS="794" HPOS="165" CS="1">
<String CONTENT="&#169;" HEIGHT="52" WIDTH="52" VPOS="799" HPOS="165"/>
<SP HEIGHT="52" WIDTH="32" VPOS="799" HPOS="218"/>
<String CONTENT="Dec." HEIGHT="40" WIDTH="112" VPOS="804" HPOS="251"/>
<SP HEIGHT="41" WIDTH="30" VPOS="803" HPOS="364"/>
<String CONTENT="6." HEIGHT="40" WIDTH="40" VPOS="803" HPOS="395"/>
<SP HEIGHT="40" WIDTH="30" VPOS="803" HPOS="436"/>
<String CS="1" CONTENT="1928;" HEIGHT="46" WIDTH="141" VPOS="802" HPOS="467"/>
<SP HEIGHT="46" WIDTH="32" VPOS="802" HPOS="609"/>
<String CONTENT="2c." HEIGHT="39" WIDTH="67" VPOS="802" HPOS="642"/>
<SP HEIGHT="29" WIDTH="30" VPOS="812" HPOS="710"/>
<String CONTENT="and" HEIGHT="39" WIDTH="96" VPOS="802" HPOS="741"/>
<SP HEIGHT="39" WIDTH="30" VPOS="802" HPOS="838"/>
<String CONTENT="aff." HEIGHT="41" WIDTH="83" VPOS="799" HPOS="869"/>
<SP HEIGHT="40" WIDTH="31" VPOS="800" HPOS="953"/>
<String CONTENT="Dec." HEIGHT="40" WIDTH="113" VPOS="800" HPOS="985"/>
<SP HEIGHT="41" WIDTH="31" VPOS="799" HPOS="1099"/>
<String CONTENT="8;" HEIGHT="46" WIDTH="52" VPOS="799" HPOS="1131"/>
<SP HEIGHT="46" WIDTH="33" VPOS="799" HPOS="1184"/>
<!-- cceid 2A889390-6CB2-1014-A20E-B9D6251C946A --><String CONTENT="A" HEIGHT="39" WIDTH="42" VPOS="799" HPOS="1218"/>
<SP HEIGHT="40" WIDTH="30" VPOS="798" HPOS="1261"/>
<String CONTENT="3003;" HEIGHT="49" WIDTH="143" VPOS="796" HPOS="1292"/>
<SP HEIGHT="49" WIDTH="37" VPOS="796" HPOS="1436"/>
<String CONTENT="Shur-on" HEIGHT="42" WIDTH="210" VPOS="796" HPOS="1474"/>
<SP HEIGHT="29" WIDTH="31" VPOS="807" HPOS="1685"/>
<String CONTENT="standard" HEIGHT="38" WIDTH="237" VPOS="798" HPOS="1717"/>
<SP HEIGHT="37" WIDTH="34" VPOS="798" HPOS="1955"/>
<String CONTENT="optical" HEIGHT="49" WIDTH="180" VPOS="794" HPOS="1990"/>
</TextLine>
<TextLine HEIGHT="50" WIDTH="495" VPOS="857" HPOS="233" CS="1">
<String CS="1" CONTENT="co.," HEIGHT="29" WIDTH="53" VPOS="871" HPOS="233"/>
<SP HEIGHT="41" WIDTH="30" VPOS="860" HPOS="316"/>
<String CONTENT="inc." HEIGHT="39" WIDTH="91" VPOS="860" HPOS="347"/>
<SP HEIGHT="48" WIDTH="66" VPOS="859" HPOS="439"/>
<String CONTENT="(29-369)" HEIGHT="50" WIDTH="222" VPOS="857" HPOS="506"/>
</TextLine>
<TextLine HEIGHT="64" WIDTH="644" VPOS="953" HPOS="159" STYLEREFS="StyleId-FCC958BA-80C2-4F63-AA2C-0562AC1B0D9A-" CS="1">
<String CS="1" CONTENT="P&#233;ron-Cury," HEIGHT="62" WIDTH="399" VPOS="955" HPOS="159"/>
<SP HEIGHT="62" WIDTH="36" VPOS="955" HPOS="559"/>
<String CONTENT="Marie." HEIGHT="54" WIDTH="207" VPOS="953" HPOS="596"/>
</TextLine>
<TextLine HEIGHT="71" WIDTH="1871" VPOS="1027" HPOS="298" STYLEREFS="StyleId-8A9FD974-5F46-4450-B04A-61E0CA62420F-" CS="1">
<String CS="1" CONTENT="&#8230;"/>
<SP HEIGHT="53" WIDTH="31" VPOS="1033" HPOS="298"/>
<String CONTENT="La" HEIGHT="52" WIDTH="86" VPOS="1033" HPOS="330"/>
<SP HEIGHT="52" WIDTH="29" VPOS="1033" HPOS="417"/>
<String CONTENT="Rose" HEIGHT="52" WIDTH="147" VPOS="1033" HPOS="447"/>
<SP HEIGHT="53" WIDTH="29" VPOS="1032" HPOS="595"/>
<String LANG="de" CONTENT="de" HEIGHT="53" WIDTH="68" VPOS="1032" HPOS="625"/>
<SP HEIGHT="55" WIDTH="32" VPOS="1030" HPOS="694"/>
<String CONTENT="Chambord," HEIGHT="68" WIDTH="347" VPOS="1030" HPOS="727"/>
<SP HEIGHT="47" WIDTH="29" VPOS="1051" HPOS="1075"/>
<String CONTENT="roman." HEIGHT="36" WIDTH="218" VPOS="1047" HPOS="1105"/>
<SP HEIGHT="53" WIDTH="72" VPOS="1029" HPOS="1324"/>
<String CONTENT="Paris," HEIGHT="68" WIDTH="188" VPOS="1028" HPOS="1397"/>
<SP HEIGHT="69" WIDTH="30" VPOS="1027" HPOS="1586"/>
<String CONTENT="A." HEIGHT="53" WIDTH="72" VPOS="1027" HPOS="1617"/>
<SP HEIGHT="52" WIDTH="30" VPOS="1028" HPOS="1690"/>
<String CONTENT="Michel" HEIGHT="54" WIDTH="215" VPOS="1027" HPOS="1721"/>
<SP HEIGHT="67" WIDTH="37" VPOS="1027" HPOS="1937"/>
<String STYLE="subscript" CONTENT="[" HEIGHT="34" WIDTH="12" VPOS="1060" HPOS="1975"/>
<String STYLE="superscript" CONTENT="c" HEIGHT="22" WIDTH="18" VPOS="1033" HPOS="1992"/>
<String CONTENT="1928" HEIGHT="49" WIDTH="134" VPOS="1030" HPOS="2016"/>
<String STYLE="subscript" CONTENT="]" HEIGHT="34" WIDTH="13" VPOS="1059" HPOS="2156"/>
</TextLine>
<TextLine HEIGHT="51" WIDTH="801" VPOS="1112" HPOS="237" CS="1">
<String CONTENT="4" HEIGHT="38" WIDTH="28" VPOS="1116" HPOS="237"/>
<SP HEIGHT="47" WIDTH="27" VPOS="1116" HPOS="266"/>
<String CONTENT="p." HEIGHT="37" WIDTH="43" VPOS="1126" HPOS="294"/>
<SP/>
<String CS="1" CONTENT="l.,"/>
<SP HEIGHT="29" WIDTH="33" VPOS="1134" HPOS="414"/>
<String CONTENT="[11]-314" HEIGHT="49" WIDTH="206" VPOS="1114" HPOS="448"/>
<SP HEIGHT="47" WIDTH="29" VPOS="1114" HPOS="655"/>
<String CONTENT="p.," HEIGHT="37" WIDTH="57" VPOS="1124" HPOS="685"/>
<SP HEIGHT="47" WIDTH="29" VPOS="1113" HPOS="743"/>
<String CONTENT="2" HEIGHT="39" WIDTH="27" VPOS="1113" HPOS="773"/>
<SP/>
<String CS="1" CONTENT="l."/>
<SP HEIGHT="40" WIDTH="58" VPOS="1114" HPOS="862"/>
<String CONTENT="19" HEIGHT="41" WIDTH="56" VPOS="1112" HPOS="921"/>
<String STYLE="superscript" CS="1" CONTENT="&#7580;&#7504;"/>
<String CONTENT="." HEIGHT="9" WIDTH="9" VPOS="1145" HPOS="1029"/>
</TextLine>
<TextLine HEIGHT="53" WIDTH="1758" VPOS="1168" HPOS="168" CS="1">
<String CONTENT="&#169;" HEIGHT="53" WIDTH="51" VPOS="1168" HPOS="168"/>
<SP HEIGHT="53" WIDTH="29" VPOS="1168" HPOS="220"/>
<String CONTENT="July" HEIGHT="39" WIDTH="115" VPOS="1174" HPOS="250"/>
<SP HEIGHT="37" WIDTH="27" VPOS="1174" HPOS="366"/>
<String CONTENT="13," HEIGHT="40" WIDTH="70" VPOS="1172" HPOS="394"/>
<SP HEIGHT="40" WIDTH="28" VPOS="1172" HPOS="465"/>
<String CONTENT="1928;" HEIGHT="43" WIDTH="142" VPOS="1171" HPOS="494"/>
<SP/>
<String CS="1" CONTENT="1c."/>
<SP HEIGHT="41" WIDTH="31" VPOS="1170" HPOS="735"/>
<String CONTENT="Sept." HEIGHT="48" WIDTH="129" VPOS="1170" HPOS="767"/>
<SP HEIGHT="39" WIDTH="28" VPOS="1172" HPOS="897"/>
<String CONTENT="7;" HEIGHT="45" WIDTH="54" VPOS="1172" HPOS="926"/>
<SP HEIGHT="47" WIDTH="28" VPOS="1170" HPOS="981"/>
<!-- cceid 2A889F2D-6CB2-1014-A20E-B9D6251C946A --><String CONTENT="A&#8212;Foreign" HEIGHT="48" WIDTH="314" VPOS="1169" HPOS="1010"/>
<SP HEIGHT="39" WIDTH="27" VPOS="1170" HPOS="1325"/>
<String CONTENT="39985:" HEIGHT="41" WIDTH="172" VPOS="1168" HPOS="1353"/>
<SP HEIGHT="41" WIDTH="30" VPOS="1168" HPOS="1526"/>
<String LANG="fi" CONTENT="Albin" HEIGHT="39" WIDTH="146" VPOS="1168" HPOS="1557"/>
<SP HEIGHT="38" WIDTH="29" VPOS="1169" HPOS="1704"/>
<String CONTENT="Michel." HEIGHT="40" WIDTH="192" VPOS="1168" HPOS="1734"/>
</TextLine>
<TextLine HEIGHT="51" WIDTH="222" VPOS="1228" HPOS="247">
<String CONTENT="(29-485)" HEIGHT="51" WIDTH="222" VPOS="1228" HPOS="247"/>
</TextLine>
<TextLine HEIGHT="65" WIDTH="889" VPOS="1323" HPOS="166" STYLEREFS="StyleId-FCC958BA-80C2-4F63-AA2C-0562AC1B0D9A-">
<String CONTENT="Robinson," HEIGHT="63" WIDTH="320" VPOS="1325" HPOS="166"/>
<SP HEIGHT="63" WIDTH="36" VPOS="1325" HPOS="487"/>
<String CONTENT="Donald" HEIGHT="54" WIDTH="229" VPOS="1323" HPOS="524"/>
<SP HEIGHT="53" WIDTH="34" VPOS="1324" HPOS="754"/>
<String CONTENT="Fay," HEIGHT="63" WIDTH="144" VPOS="1324" HPOS="789"/>
<SP HEIGHT="45" WIDTH="36" VPOS="1342" HPOS="934"/>
<String CONTENT="ed." HEIGHT="53" WIDTH="84" VPOS="1324" HPOS="971"/>
</TextLine>
<TextLine HEIGHT="134" WIDTH="1989" VPOS="1401" HPOS="166" STYLEREFS="StyleId-8A9FD974-5F46-4450-B04A-61E0CA62420F-" CS="1">
<String CONTENT="The" HEIGHT="52" WIDTH="121" VPOS="1404" HPOS="236"/>
<SP HEIGHT="53" WIDTH="28" VPOS="1403" HPOS="358"/>
<String CONTENT="Harvard" HEIGHT="53" WIDTH="277" VPOS="1402" HPOS="387"/>
<SP HEIGHT="53" WIDTH="30" VPOS="1402" HPOS="665"/>
<String CONTENT="dramatic" HEIGHT="53" WIDTH="282" VPOS="1401" HPOS="696"/>
<SP HEIGHT="34" WIDTH="30" VPOS="1420" HPOS="979"/>
<String CONTENT="club" HEIGHT="53" WIDTH="128" VPOS="1401" HPOS="1010"/>
<SP HEIGHT="52" WIDTH="31" VPOS="1401" HPOS="1139"/>
<String CONTENT="miracle" HEIGHT="52" WIDTH="233" VPOS="1401" HPOS="1171"/>
<SP HEIGHT="49" WIDTH="32" VPOS="1419" HPOS="1405"/>
<String CONTENT="plays:" HEIGHT="67" WIDTH="193" VPOS="1401" HPOS="1438"/>
<SP HEIGHT="48" WIDTH="32" VPOS="1405" HPOS="1632"/>
<String CONTENT="ten" HEIGHT="48" WIDTH="97" VPOS="1405" HPOS="1665"/>
<SP HEIGHT="50" WIDTH="31" VPOS="1418" HPOS="1763"/>
<String CONTENT="plays" HEIGHT="68" WIDTH="166" VPOS="1401" HPOS="1795"/>
<SP HEIGHT="49" WIDTH="31" VPOS="1404" HPOS="1962"/>
<String CONTENT="translated" HEIGHT="131" WIDTH="1989" VPOS="1404" HPOS="166"/>
</TextLine>
<TextLine HEIGHT="134" WIDTH="1991" VPOS="1479" HPOS="166" STYLEREFS="StyleId-8A9FD974-5F46-4450-B04A-61E0CA62420F-" CS="1">
<String CONTENT="and" HEIGHT="52" WIDTH="113" VPOS="1482" HPOS="350"/>
<SP HEIGHT="52" WIDTH="28" VPOS="1482" HPOS="464"/>
<String CONTENT="adapted" HEIGHT="67" WIDTH="251" VPOS="1481" HPOS="493"/>
<SP HEIGHT="52" WIDTH="24" VPOS="1481" HPOS="745"/>
<String CONTENT="by" HEIGHT="67" WIDTH="77" VPOS="1481" HPOS="770"/>
<SP HEIGHT="50" WIDTH="25" VPOS="1498" HPOS="848"/>
<String CONTENT="various" HEIGHT="53" WIDTH="231" VPOS="1480" HPOS="874"/>
<SP HEIGHT="52" WIDTH="25" VPOS="1480" HPOS="1106"/>
<String CONTENT="hands," HEIGHT="67" WIDTH="204" VPOS="1479" HPOS="1132"/>
<SP HEIGHT="48" WIDTH="27" VPOS="1498" HPOS="1337"/>
<String CONTENT="edited" HEIGHT="53" WIDTH="190" VPOS="1479" HPOS="1365"/>
<SP HEIGHT="52" WIDTH="27" VPOS="1479" HPOS="1556"/>
<String CONTENT="with" HEIGHT="52" WIDTH="142" VPOS="1479" HPOS="1584"/>
<SP HEIGHT="52" WIDTH="28" VPOS="1479" HPOS="1727"/>
<String CONTENT="notes" HEIGHT="49" WIDTH="161" VPOS="1483" HPOS="1756"/>
<SP HEIGHT="35" WIDTH="28" VPOS="1497" HPOS="1918"/>
<String CONTENT="on" HEIGHT="34" WIDTH="72" VPOS="1497" HPOS="1947"/>
<SP HEIGHT="49" WIDTH="28" VPOS="1497" HPOS="2020"/>
<String CONTENT="production" HEIGHT="117" WIDTH="1991" VPOS="1496" HPOS="166"/>
</TextLine>
<TextLine HEIGHT="70" WIDTH="1731" VPOS="1556" HPOS="449" STYLEREFS="StyleId-8A9FD974-5F46-4450-B04A-61E0CA62420F-">
<String CONTENT="and" HEIGHT="52" WIDTH="112" VPOS="1560" HPOS="449"/>
<SP HEIGHT="52" WIDTH="46" VPOS="1560" HPOS="562"/>
<String CONTENT="music" HEIGHT="52" WIDTH="179" VPOS="1559" HPOS="609"/>
<SP HEIGHT="52" WIDTH="45" VPOS="1559" HPOS="789"/>
<String CONTENT="by" HEIGHT="67" WIDTH="77" VPOS="1559" HPOS="835"/>
<SP HEIGHT="67" WIDTH="44" VPOS="1559" HPOS="913"/>
<String CONTENT="Donald" HEIGHT="53" WIDTH="233" VPOS="1558" HPOS="958"/>
<SP HEIGHT="52" WIDTH="47" VPOS="1558" HPOS="1192"/>
<String CONTENT="Fay" HEIGHT="68" WIDTH="126" VPOS="1558" HPOS="1240"/>
<SP HEIGHT="68" WIDTH="46" VPOS="1558" HPOS="1367"/>
<String CONTENT="Robinson." HEIGHT="53" WIDTH="312" VPOS="1557" HPOS="1414"/>
<SP HEIGHT="51" WIDTH="83" VPOS="1558" HPOS="1727"/>
<String CONTENT="Preface" HEIGHT="53" WIDTH="243" VPOS="1556" HPOS="1811"/>
<SP HEIGHT="52" WIDTH="48" VPOS="1557" HPOS="2055"/>
<String CONTENT="by" HEIGHT="68" WIDTH="76" VPOS="1557" HPOS="2104"/>
</TextLine>
<TextLine HEIGHT="74" WIDTH="2013" VPOS="1634" HPOS="169" STYLEREFS="StyleId-8A9FD974-5F46-4450-B04A-61E0CA62420F-" CS="1">
<String CONTENT="George" HEIGHT="69" WIDTH="222" VPOS="1639" HPOS="169"/>
<SP HEIGHT="51" WIDTH="39" VPOS="1640" HPOS="392"/>
<String CONTENT="Pierce" HEIGHT="52" WIDTH="200" VPOS="1639" HPOS="432"/>
<SP HEIGHT="51" WIDTH="37" VPOS="1639" HPOS="633"/>
<String CONTENT="Baker." HEIGHT="53" WIDTH="205" VPOS="1636" HPOS="671"/>
<SP HEIGHT="53" WIDTH="77" VPOS="1637" HPOS="877"/>
<String CONTENT="New" HEIGHT="53" WIDTH="140" VPOS="1637" HPOS="955"/>
<SP HEIGHT="51" WIDTH="39" VPOS="1637" HPOS="1096"/>
<String CONTENT="York" HEIGHT="52" WIDTH="166" VPOS="1636" HPOS="1136"/>
<SP HEIGHT="53" WIDTH="38" VPOS="1636" HPOS="1303"/>
<String CONTENT="city," HEIGHT="69" WIDTH="135" VPOS="1636" HPOS="1342"/>
<SP HEIGHT="69" WIDTH="43" VPOS="1634" HPOS="1478"/>
<String CONTENT="S." HEIGHT="56" WIDTH="56" VPOS="1634" HPOS="1522"/>
<SP HEIGHT="51" WIDTH="42" VPOS="1636" HPOS="1579"/>
<String CONTENT="French;" HEIGHT="67" WIDTH="253" VPOS="1635" HPOS="1622"/>
<SP HEIGHT="67" WIDTH="43" VPOS="1635" HPOS="1876"/>
<String CONTENT="London," HEIGHT="67" WIDTH="262" VPOS="1635" HPOS="1920"/>
</TextLine>
<TextLine HEIGHT="66" WIDTH="666" VPOS="1717" HPOS="170" STYLEREFS="StyleId-8A9FD974-5F46-4450-B04A-61E0CA62420F-" CS="1">
<String CONTENT="S." HEIGHT="55" WIDTH="55" VPOS="1717" HPOS="170"/>
<SP/>
<String CONTENT="French," HEIGHT="54" WIDTH="243" VPOS="1718" HPOS="257"/>
<SP HEIGHT="55" WIDTH="28" VPOS="1717" HPOS="501"/>
<String CONTENT="ltd.," HEIGHT="66" WIDTH="123" VPOS="1717" HPOS="530"/>
<SP HEIGHT="63" WIDTH="31" VPOS="1720" HPOS="654"/>
<String CONTENT="1928." HEIGHT="52" WIDTH="150" VPOS="1717" HPOS="686"/>
</TextLine>
<TextLine HEIGHT="48" WIDTH="467" VPOS="1799" HPOS="238" CS="1">
<String CONTENT="xiii," HEIGHT="47" WIDTH="104" VPOS="1800" HPOS="238"/>
<SP HEIGHT="47" WIDTH="27" VPOS="1800" HPOS="343"/>
<String CONTENT="247" HEIGHT="40" WIDTH="88" VPOS="1800" HPOS="371"/>
<SP HEIGHT="46" WIDTH="27" VPOS="1801" HPOS="460"/>
<String CONTENT="p." HEIGHT="37" WIDTH="42" VPOS="1810" HPOS="488"/>
<SP HEIGHT="40" WIDTH="56" VPOS="1799" HPOS="531"/>
<String CONTENT="21" HEIGHT="40" WIDTH="55" VPOS="1799" HPOS="588"/>
<String STYLE="superscript" CS="1" CONTENT="&#7580;&#7504;"/>
<String CONTENT="." HEIGHT="8" WIDTH="8" VPOS="1831" HPOS="697"/>
</TextLine>
<TextLine HEIGHT="50" WIDTH="1100" VPOS="1853" HPOS="241">
<String CONTENT="&#8220;The" HEIGHT="39" WIDTH="130" VPOS="1857" HPOS="241"/>
<SP HEIGHT="29" WIDTH="26" VPOS="1867" HPOS="372"/>
<String CONTENT="chants&quot;," HEIGHT="47" WIDTH="218" VPOS="1855" HPOS="399"/>
<SP HEIGHT="34" WIDTH="29" VPOS="1868" HPOS="618"/>
<String CONTENT="with" HEIGHT="40" WIDTH="120" VPOS="1855" HPOS="648"/>
<SP HEIGHT="38" WIDTH="28" VPOS="1855" HPOS="769"/>
<String CONTENT="music:" HEIGHT="40" WIDTH="181" VPOS="1854" HPOS="798"/>
<SP HEIGHT="37" WIDTH="30" VPOS="1865" HPOS="980"/>
<String CONTENT="p." HEIGHT="37" WIDTH="44" VPOS="1865" HPOS="1011"/>
<SP HEIGHT="29" WIDTH="32" VPOS="1873" HPOS="1056"/>
<String CONTENT="[227]-241." HEIGHT="50" WIDTH="252" VPOS="1853" HPOS="1089"/>
</TextLine>
<TextLine HEIGHT="50" WIDTH="1602" VPOS="1910" HPOS="584" CS="1">
<String CS="1" CONTENT="CONTENTS.&#8212;Produced" HEIGHT="40" WIDTH="252" VPOS="1912" HPOS="584"/>
<SP HEIGHT="48" WIDTH="34" VPOS="1912" HPOS="837"/>
<String CONTENT="plays:" HEIGHT="48" WIDTH="166" VPOS="1912" HPOS="872"/>
<SP HEIGHT="38" WIDTH="38" VPOS="1911" HPOS="1039"/>
<String CONTENT="The" HEIGHT="41" WIDTH="101" VPOS="1911" HPOS="1078"/>
<SP HEIGHT="37" WIDTH="35" VPOS="1922" HPOS="1180"/>
<String CONTENT="pageant" HEIGHT="47" WIDTH="213" VPOS="1912" HPOS="1216"/>
<SP HEIGHT="38" WIDTH="35" VPOS="1912" HPOS="1430"/>
<String CONTENT="of" HEIGHT="40" WIDTH="52" VPOS="1910" HPOS="1466"/>
<SP HEIGHT="40" WIDTH="35" VPOS="1910" HPOS="1519"/>
<String CONTENT="the" HEIGHT="40" WIDTH="81" VPOS="1910" HPOS="1555"/>
<SP HEIGHT="28" WIDTH="36" VPOS="1922" HPOS="1637"/>
<String CONTENT="shearmen" HEIGHT="40" WIDTH="256" VPOS="1911" HPOS="1674"/>
<SP HEIGHT="28" WIDTH="37" VPOS="1922" HPOS="1931"/>
<String CONTENT="and" HEIGHT="38" WIDTH="96" VPOS="1912" HPOS="1969"/>
<SP HEIGHT="39" WIDTH="36" VPOS="1912" HPOS="2066"/>
<String CONTENT="the" HEIGHT="40" WIDTH="83" VPOS="1911" HPOS="2103"/>
</TextLine>
<TextLine HEIGHT="49" WIDTH="2012" VPOS="1968" HPOS="174" CS="1">
<String CONTENT="tailors," HEIGHT="41" WIDTH="184" VPOS="1972" HPOS="174"/>
<SP HEIGHT="40" WIDTH="31" VPOS="1973" HPOS="359"/>
<String CONTENT="the" HEIGHT="41" WIDTH="83" VPOS="1970" HPOS="391"/>
<SP HEIGHT="40" WIDTH="27" VPOS="1970" HPOS="475"/>
<String CONTENT="Coventry" HEIGHT="46" WIDTH="244" VPOS="1970" HPOS="503"/>
<SP HEIGHT="37" WIDTH="27" VPOS="1980" HPOS="748"/>
<String CONTENT="play" HEIGHT="47" WIDTH="113" VPOS="1970" HPOS="776"/>
<SP HEIGHT="38" WIDTH="29" VPOS="1978" HPOS="890"/>
<String CONTENT="adapted" HEIGHT="47" WIDTH="211" VPOS="1969" HPOS="920"/>
<SP HEIGHT="40" WIDTH="30" VPOS="1968" HPOS="1132"/>
<String CONTENT="by" HEIGHT="47" WIDTH="62" VPOS="1968" HPOS="1163"/>
<SP HEIGHT="47" WIDTH="29" VPOS="1968" HPOS="1226"/>
<String CONTENT="J." HEIGHT="40" WIDTH="44" VPOS="1968" HPOS="1256"/>
<SP HEIGHT="39" WIDTH="29" VPOS="1969" HPOS="1301"/>
<String CONTENT="M." HEIGHT="40" WIDTH="63" VPOS="1969" HPOS="1331"/>
<SP HEIGHT="41" WIDTH="30" VPOS="1968" HPOS="1395"/>
<String CONTENT="Brown." HEIGHT="40" WIDTH="193" VPOS="1968" HPOS="1426"/>
<SP/>
<String CONTENT="The" HEIGHT="40" WIDTH="102" VPOS="1968" HPOS="1678"/>
<SP HEIGHT="39" WIDTH="27" VPOS="1969" HPOS="1781"/>
<String CONTENT="Townley" HEIGHT="47" WIDTH="231" VPOS="1969" HPOS="1809"/>
<SP HEIGHT="37" WIDTH="30" VPOS="1979" HPOS="2041"/>
<String CONTENT="play" HEIGHT="47" WIDTH="114" VPOS="1969" HPOS="2072"/>
</TextLine>
<TextLine HEIGHT="52" WIDTH="2014" VPOS="2024" HPOS="171">
<String CONTENT="adapted" HEIGHT="46" WIDTH="212" VPOS="2030" HPOS="171"/>
<SP HEIGHT="41" WIDTH="39" VPOS="2028" HPOS="384"/>
<String CONTENT="by" HEIGHT="46" WIDTH="61" VPOS="2028" HPOS="424"/>
<SP HEIGHT="47" WIDTH="41" VPOS="2027" HPOS="486"/>
<String CONTENT="R." HEIGHT="40" WIDTH="55" VPOS="2027" HPOS="528"/>
<SP HEIGHT="41" WIDTH="41" VPOS="2026" HPOS="584"/>
<String CONTENT="C." HEIGHT="41" WIDTH="49" VPOS="2026" HPOS="626"/>
<SP HEIGHT="40" WIDTH="40" VPOS="2027" HPOS="676"/>
<String CONTENT="Burrell." HEIGHT="40" WIDTH="210" VPOS="2026" HPOS="717"/>
<SP HEIGHT="39" WIDTH="68" VPOS="2026" HPOS="928"/>
<String CONTENT="The" HEIGHT="39" WIDTH="101" VPOS="2025" HPOS="997"/>
<SP HEIGHT="29" WIDTH="40" VPOS="2035" HPOS="1099"/>
<String CONTENT="nativity," HEIGHT="48" WIDTH="228" VPOS="2025" HPOS="1140"/>
<SP HEIGHT="45" WIDTH="43" VPOS="2027" HPOS="1369"/>
<String CONTENT="the" HEIGHT="40" WIDTH="80" VPOS="2025" HPOS="1413"/>
<SP HEIGHT="41" WIDTH="42" VPOS="2024" HPOS="1494"/>
<String CONTENT="Chantilly" HEIGHT="48" WIDTH="251" VPOS="2024" HPOS="1537"/>
<SP HEIGHT="37" WIDTH="38" VPOS="2036" HPOS="1789"/>
<String CONTENT="play" HEIGHT="46" WIDTH="114" VPOS="2027" HPOS="1828"/>
<SP HEIGHT="46" WIDTH="40" VPOS="2027" HPOS="1943"/>
<String CONTENT="tr." HEIGHT="38" WIDTH="60" VPOS="2027" HPOS="1984"/>
<SP HEIGHT="28" WIDTH="43" VPOS="2037" HPOS="2045"/>
<String CONTENT="and" HEIGHT="38" WIDTH="96" VPOS="2027" HPOS="2089"/>
</TextLine>
<TextLine HEIGHT="51" WIDTH="2015" VPOS="2082" HPOS="171">
<String LANG="en-US" CONTENT="adapted" HEIGHT="47" WIDTH="212" VPOS="2086" HPOS="171"/>
<SP HEIGHT="38" WIDTH="30" VPOS="2085" HPOS="384"/>
<String LANG="en-US" CONTENT="by" HEIGHT="46" WIDTH="62" VPOS="2085" HPOS="415"/>
<SP HEIGHT="46" WIDTH="30" VPOS="2085" HPOS="478"/>
<String LANG="en-US" CONTENT="E." HEIGHT="39" WIDTH="51" VPOS="2085" HPOS="509"/>
<SP HEIGHT="41" WIDTH="33" VPOS="2083" HPOS="561"/>
<String LANG="en-US" CONTENT="Sanchez" HEIGHT="40" WIDTH="216" VPOS="2083" HPOS="595"/>
<SP HEIGHT="29" WIDTH="28" VPOS="2093" HPOS="812"/>
<String LANG="en-US" CONTENT="and" HEIGHT="39" WIDTH="97" VPOS="2083" HPOS="841"/>
<SP HEIGHT="40" WIDTH="29" VPOS="2082" HPOS="939"/>
<String LANG="en-US" CONTENT="D." HEIGHT="40" WIDTH="57" VPOS="2082" HPOS="969"/>
<SP HEIGHT="40" WIDTH="30" VPOS="2082" HPOS="1027"/>
<String LANG="en-US" CONTENT="F." HEIGHT="41" WIDTH="52" VPOS="2082" HPOS="1058"/>
<SP HEIGHT="41" WIDTH="30" VPOS="2082" HPOS="1111"/>
<String LANG="en-US" CONTENT="Robinson." HEIGHT="41" WIDTH="265" VPOS="2082" HPOS="1142"/>
<SP HEIGHT="39" WIDTH="58" VPOS="2083" HPOS="1408"/>
<String LANG="en-US" CONTENT="The" HEIGHT="41" WIDTH="102" VPOS="2082" HPOS="1467"/>
<SP HEIGHT="41" WIDTH="29" VPOS="2082" HPOS="1570"/>
<String LANG="de" CONTENT="Benediktbeuren" HEIGHT="41" WIDTH="427" VPOS="2082" HPOS="1600"/>
<SP HEIGHT="37" WIDTH="29" VPOS="2093" HPOS="2028"/>
<String LANG="en-US" CONTENT="play," HEIGHT="47" WIDTH="128" VPOS="2083" HPOS="2058"/>
</TextLine>
<TextLine HEIGHT="50" WIDTH="2012" VPOS="2139" HPOS="174">
<String CONTENT="tr." HEIGHT="37" WIDTH="60" VPOS="2145" HPOS="174"/>
<SP HEIGHT="30" WIDTH="37" VPOS="2152" HPOS="235"/>
<String CONTENT="and" HEIGHT="38" WIDTH="94" VPOS="2143" HPOS="273"/>
<SP HEIGHT="37" WIDTH="38" VPOS="2143" HPOS="368"/>
<String CONTENT="adapted" HEIGHT="47" WIDTH="211" VPOS="2142" HPOS="407"/>
<SP HEIGHT="39" WIDTH="37" VPOS="2141" HPOS="619"/>
<String CONTENT="by" HEIGHT="45" WIDTH="61" VPOS="2141" HPOS="657"/>
<SP HEIGHT="46" WIDTH="36" VPOS="2140" HPOS="719"/>
<String CONTENT="D." HEIGHT="41" WIDTH="57" VPOS="2140" HPOS="756"/>
<SP HEIGHT="41" WIDTH="37" VPOS="2140" HPOS="814"/>
<String CONTENT="F." HEIGHT="40" WIDTH="51" VPOS="2140" HPOS="852"/>
<SP HEIGHT="41" WIDTH="38" VPOS="2139" HPOS="904"/>
<String CONTENT="Robinson." HEIGHT="41" WIDTH="263" VPOS="2139" HPOS="943"/>
<SP HEIGHT="39" WIDTH="67" VPOS="2140" HPOS="1207"/>
<String CONTENT="The" HEIGHT="39" WIDTH="101" VPOS="2140" HPOS="1275"/>
<SP HEIGHT="29" WIDTH="38" VPOS="2150" HPOS="1377"/>
<String CONTENT="wisemen," HEIGHT="47" WIDTH="243" VPOS="2139" HPOS="1416"/>
<SP HEIGHT="45" WIDTH="38" VPOS="2141" HPOS="1660"/>
<String CONTENT="the" HEIGHT="41" WIDTH="81" VPOS="2139" HPOS="1699"/>
<SP HEIGHT="41" WIDTH="41" VPOS="2139" HPOS="1781"/>
<String CONTENT="Spanish" HEIGHT="48" WIDTH="210" VPOS="2139" HPOS="1823"/>
<SP HEIGHT="48" WIDTH="38" VPOS="2139" HPOS="2034"/>
<String CONTENT="play" HEIGHT="46" WIDTH="113" VPOS="2141" HPOS="2073"/>
</TextLine>
<TextLine HEIGHT="49" WIDTH="2013" VPOS="2196" HPOS="175" CS="1">
<String CONTENT="tr." HEIGHT="38" WIDTH="59" VPOS="2201" HPOS="175"/>
<SP HEIGHT="31" WIDTH="24" VPOS="2208" HPOS="235"/>
<String CONTENT="and" HEIGHT="38" WIDTH="95" VPOS="2200" HPOS="260"/>
<SP HEIGHT="38" WIDTH="25" VPOS="2200" HPOS="356"/>
<String CONTENT="adapted" HEIGHT="46" WIDTH="212" VPOS="2199" HPOS="382"/>
<SP HEIGHT="39" WIDTH="24" VPOS="2198" HPOS="595"/>
<String CONTENT="by" HEIGHT="46" WIDTH="61" VPOS="2198" HPOS="620"/>
<SP HEIGHT="46" WIDTH="24" VPOS="2198" HPOS="682"/>
<String CONTENT="D." HEIGHT="39" WIDTH="57" VPOS="2198" HPOS="707"/>
<SP HEIGHT="40" WIDTH="25" VPOS="2197" HPOS="765"/>
<String CONTENT="F." HEIGHT="40" WIDTH="52" VPOS="2197" HPOS="791"/>
<SP HEIGHT="41" WIDTH="24" VPOS="2196" HPOS="844"/>
<String CONTENT="Robinson." HEIGHT="41" WIDTH="263" VPOS="2196" HPOS="869"/>
<SP HEIGHT="40" WIDTH="51" VPOS="2197" HPOS="1133"/>
<String CONTENT="The" HEIGHT="41" WIDTH="104" VPOS="2196" HPOS="1185"/>
<SP HEIGHT="40" WIDTH="23" VPOS="2197" HPOS="1290"/>
<String CS="1" CONTENT="Proven&#231;al" HEIGHT="40" WIDTH="269" VPOS="2197" HPOS="1314"/>
<SP HEIGHT="47" WIDTH="23" VPOS="2197" HPOS="1584"/>
<String CONTENT="play," HEIGHT="47" WIDTH="128" VPOS="2197" HPOS="1608"/>
<SP HEIGHT="46" WIDTH="25" VPOS="2198" HPOS="1737"/>
<String CONTENT="tr." HEIGHT="38" WIDTH="60" VPOS="2198" HPOS="1763"/>
<SP HEIGHT="29" WIDTH="26" VPOS="2207" HPOS="1824"/>
<String CONTENT="and" HEIGHT="38" WIDTH="95" VPOS="2198" HPOS="1851"/>
<SP HEIGHT="38" WIDTH="26" VPOS="2198" HPOS="1947"/>
<String CONTENT="adapted" HEIGHT="47" WIDTH="214" VPOS="2197" HPOS="1974"/>
</TextLine>
<TextLine HEIGHT="50" WIDTH="1640" VPOS="2254" HPOS="174" CS="1">
<String CONTENT="by" HEIGHT="47" WIDTH="61" VPOS="2257" HPOS="174"/>
<SP HEIGHT="48" WIDTH="25" VPOS="2256" HPOS="236"/>
<String CONTENT="D." HEIGHT="40" WIDTH="58" VPOS="2256" HPOS="262"/>
<SP HEIGHT="41" WIDTH="28" VPOS="2255" HPOS="321"/>
<String CONTENT="F." HEIGHT="40" WIDTH="51" VPOS="2255" HPOS="350"/>
<SP HEIGHT="40" WIDTH="28" VPOS="2255" HPOS="402"/>
<String CONTENT="Robinson.&#8212;Unproduced" HEIGHT="48" WIDTH="651" VPOS="2254" HPOS="431"/>
<SP HEIGHT="48" WIDTH="26" VPOS="2254" HPOS="1083"/>
<String CONTENT="plays," HEIGHT="48" WIDTH="155" VPOS="2254" HPOS="1110"/>
<SP HEIGHT="45" WIDTH="28" VPOS="2256" HPOS="1266"/>
<String CONTENT="tr." HEIGHT="38" WIDTH="60" VPOS="2256" HPOS="1295"/>
<SP HEIGHT="29" WIDTH="28" VPOS="2264" HPOS="1356"/>
<String CONTENT="and" HEIGHT="39" WIDTH="96" VPOS="2254" HPOS="1385"/>
<SP HEIGHT="39" WIDTH="27" VPOS="2254" HPOS="1482"/>
<String CONTENT="adapted" HEIGHT="47" WIDTH="213" VPOS="2254" HPOS="1510"/>
<SP HEIGHT="41" WIDTH="26" VPOS="2254" HPOS="1724"/>
<String CONTENT="by" HEIGHT="47" WIDTH="63" VPOS="2254" HPOS="1751"/>
</TextLine>
<TextLine HEIGHT="106" WIDTH="2015" VPOS="2253" HPOS="174" CS="1">
<String CONTENT="D." HEIGHT="41" WIDTH="58" VPOS="2254" HPOS="1842"/>
<SP HEIGHT="41" WIDTH="29" VPOS="2254" HPOS="1901"/>
<String CONTENT="F." HEIGHT="40" WIDTH="52" VPOS="2254" HPOS="1931"/>
<SP HEIGHT="40" WIDTH="28" VPOS="2254" HPOS="1984"/>
<String CS="1" CONTENT="Robinson:" HEIGHT="100" WIDTH="1997" VPOS="2253" HPOS="174"/>
<SP HEIGHT="38" WIDTH="30" VPOS="2313" HPOS="288"/>
<String CONTENT="The" HEIGHT="40" WIDTH="103" VPOS="2312" HPOS="319"/>
<SP HEIGHT="40" WIDTH="26" VPOS="2312" HPOS="423"/>
<String CONTENT="Hessian" HEIGHT="39" WIDTH="213" VPOS="2312" HPOS="450"/>
<SP HEIGHT="41" WIDTH="29" VPOS="2310" HPOS="664"/>
<String CONTENT="Christmas" HEIGHT="41" WIDTH="274" VPOS="2310" HPOS="694"/>
<SP HEIGHT="38" WIDTH="26" VPOS="2321" HPOS="969"/>
<String CONTENT="play." HEIGHT="47" WIDTH="129" VPOS="2312" HPOS="996"/>
<SP HEIGHT="40" WIDTH="55" VPOS="2311" HPOS="1126"/>
<String CONTENT="The" HEIGHT="40" WIDTH="102" VPOS="2311" HPOS="1182"/>
<SP HEIGHT="39" WIDTH="28" VPOS="2312" HPOS="1285"/>
<String CONTENT="Maastricht" HEIGHT="41" WIDTH="297" VPOS="2310" HPOS="1314"/>
<SP HEIGHT="46" WIDTH="25" VPOS="2313" HPOS="1612"/>
<String CONTENT="play." HEIGHT="48" WIDTH="128" VPOS="2311" HPOS="1638"/>
<SP HEIGHT="40" WIDTH="57" VPOS="2311" HPOS="1767"/>
<String CONTENT="The" HEIGHT="40" WIDTH="101" VPOS="2311" HPOS="1825"/>
<SP HEIGHT="30" WIDTH="28" VPOS="2321" HPOS="1927"/>
<String CONTENT="star," HEIGHT="45" WIDTH="119" VPOS="2313" HPOS="1956"/>
<SP HEIGHT="45" WIDTH="30" VPOS="2313" HPOS="2076"/>
<String CONTENT="the" HEIGHT="40" WIDTH="82" VPOS="2311" HPOS="2107"/>
</TextLine>
<TextLine HEIGHT="50" WIDTH="909" VPOS="2368" HPOS="174">
<String LANG="de" CONTENT="Bilsen" HEIGHT="40" WIDTH="168" VPOS="2370" HPOS="174"/>
<SP HEIGHT="38" WIDTH="26" VPOS="2380" HPOS="343"/>
<String LANG="en-US" CONTENT="play." HEIGHT="48" WIDTH="128" VPOS="2370" HPOS="370"/>
<SP HEIGHT="41" WIDTH="56" VPOS="2369" HPOS="499"/>
<String LANG="en-US" CONTENT="The" HEIGHT="41" WIDTH="102" VPOS="2369" HPOS="556"/>
<SP HEIGHT="41" WIDTH="27" VPOS="2369" HPOS="659"/>
<String LANG="en-US" CONTENT="Umbrian" HEIGHT="42" WIDTH="239" VPOS="2368" HPOS="687"/>
<SP HEIGHT="38" WIDTH="26" VPOS="2379" HPOS="927"/>
<String LANG="en-US" CONTENT="play." HEIGHT="49" WIDTH="129" VPOS="2368" HPOS="954"/>
</TextLine>
<TextLine HEIGHT="52" WIDTH="1785" VPOS="2424" HPOS="178" CS="1">
<String CONTENT="&#169;" HEIGHT="52" WIDTH="52" VPOS="2424" HPOS="178"/>
<SP HEIGHT="52" WIDTH="29" VPOS="2424" HPOS="231"/>
<String CONTENT="Dec." HEIGHT="40" WIDTH="113" VPOS="2427" HPOS="261"/>
<SP HEIGHT="38" WIDTH="28" VPOS="2429" HPOS="375"/>
<String CONTENT="12," HEIGHT="47" WIDTH="70" VPOS="2427" HPOS="404"/>
<SP HEIGHT="46" WIDTH="29" VPOS="2428" HPOS="475"/>
<String CS="1" CONTENT="1928;"/>
<SP HEIGHT="41" WIDTH="31" VPOS="2426" HPOS="648"/>
<String CONTENT="2c." HEIGHT="41" WIDTH="67" VPOS="2426" HPOS="680"/>
<SP HEIGHT="30" WIDTH="29" VPOS="2437" HPOS="748"/>
<String CONTENT="and" HEIGHT="39" WIDTH="96" VPOS="2427" HPOS="778"/>
<SP HEIGHT="39" WIDTH="29" VPOS="2427" HPOS="875"/>
<String CONTENT="aff." HEIGHT="43" WIDTH="83" VPOS="2425" HPOS="905"/>
<SP HEIGHT="42" WIDTH="30" VPOS="2426" HPOS="989"/>
<String CONTENT="Dec." HEIGHT="41" WIDTH="113" VPOS="2426" HPOS="1020"/>
<SP HEIGHT="41" WIDTH="28" VPOS="2426" HPOS="1134"/>
<String CONTENT="21;" HEIGHT="47" WIDTH="84" VPOS="2426" HPOS="1163"/>
<SP HEIGHT="47" WIDTH="32" VPOS="2426" HPOS="1248"/>
<!-- cceid 2A88A804-6CB2-1014-A20E-B9D6251C946A --><String CONTENT="A" HEIGHT="39" WIDTH="41" VPOS="2426" HPOS="1281"/>
<SP HEIGHT="39" WIDTH="27" VPOS="2426" HPOS="1323"/>
<String CONTENT="2410;" HEIGHT="48" WIDTH="143" VPOS="2425" HPOS="1351"/>
<SP HEIGHT="48" WIDTH="35" VPOS="2425" HPOS="1495"/>
<String CONTENT="Samuel" HEIGHT="42" WIDTH="196" VPOS="2424" HPOS="1531"/>
<SP HEIGHT="41" WIDTH="30" VPOS="2424" HPOS="1728"/>
<String CONTENT="French." HEIGHT="41" WIDTH="204" VPOS="2425" HPOS="1759"/>
</TextLine>
<TextLine HEIGHT="49" WIDTH="193" VPOS="2483" HPOS="256">
<String CONTENT="(29-28)" HEIGHT="49" WIDTH="193" VPOS="2483" HPOS="256"/>
</TextLine>
<TextLine HEIGHT="55" WIDTH="464" VPOS="2577" HPOS="176" STYLEREFS="StyleId-FCC958BA-80C2-4F63-AA2C-0562AC1B0D9A-">
<String CONTENT="Roux-Servine." HEIGHT="55" WIDTH="464" VPOS="2577" HPOS="176"/>
</TextLine>
<TextLine HEIGHT="72" WIDTH="1884" VPOS="2655" HPOS="309" STYLEREFS="StyleId-8A9FD974-5F46-4450-B04A-61E0CA62420F-" CS="1">
<String CS="1" CONTENT="&#8230;"/>
<SP HEIGHT="52" WIDTH="43" VPOS="2659" HPOS="309"/>
<String LANG="de" CONTENT="Tiste," HEIGHT="58" WIDTH="176" VPOS="2658" HPOS="353"/>
<SP HEIGHT="57" WIDTH="40" VPOS="2659" HPOS="530"/>
<String CONTENT="l&#8217;amour" HEIGHT="54" WIDTH="242" VPOS="2657" HPOS="571"/>
<SP HEIGHT="34" WIDTH="40" VPOS="2677" HPOS="814"/>
<String CONTENT="et" HEIGHT="47" WIDTH="54" VPOS="2664" HPOS="855"/>
<SP HEIGHT="53" WIDTH="39" VPOS="2658" HPOS="910"/>
<String CONTENT="la" HEIGHT="54" WIDTH="56" VPOS="2658" HPOS="950"/>
<SP HEIGHT="50" WIDTH="39" VPOS="2677" HPOS="1007"/>
<String CONTENT="gloire," HEIGHT="72" WIDTH="200" VPOS="2655" HPOS="1047"/>
<SP HEIGHT="38" WIDTH="39" VPOS="2678" HPOS="1248"/>
<String CONTENT="roman." HEIGHT="34" WIDTH="217" VPOS="2676" HPOS="1288"/>
<SP HEIGHT="52" WIDTH="90" VPOS="2658" HPOS="1506"/>
<String CONTENT="Paris," HEIGHT="68" WIDTH="188" VPOS="2658" HPOS="1597"/>
<SP HEIGHT="67" WIDTH="40" VPOS="2659" HPOS="1786"/>
<String CONTENT="B." HEIGHT="51" WIDTH="66" VPOS="2659" HPOS="1827"/>
<SP HEIGHT="56" WIDTH="45" VPOS="2656" HPOS="1894"/>
<String CONTENT="Grasset," HEIGHT="70" WIDTH="253" VPOS="2656" HPOS="1940"/>
</TextLine>
<TextLine HEIGHT="51" WIDTH="150" VPOS="2739" HPOS="177" STYLEREFS="StyleId-8A9FD974-5F46-4450-B04A-61E0CA62420F-">
<String CONTENT="1928." HEIGHT="51" WIDTH="150" VPOS="2739" HPOS="177"/>
</TextLine>
<TextLine HEIGHT="50" WIDTH="782" VPOS="2817" HPOS="247" CS="1">
<String CONTENT="3" HEIGHT="40" WIDTH="26" VPOS="2818" HPOS="247"/>
<SP HEIGHT="48" WIDTH="26" VPOS="2818" HPOS="274"/>
<String CONTENT="p." HEIGHT="37" WIDTH="43" VPOS="2829" HPOS="301"/>
<SP/>
<String CS="1" CONTENT="l.," HEIGHT="12" WIDTH="9" VPOS="2849" HPOS="408"/>
<SP HEIGHT="30" WIDTH="31" VPOS="2837" HPOS="418"/>
<String CS="1" CONTENT="[3]-265" HEIGHT="49" WIDTH="164" VPOS="2817" HPOS="461"/>
<SP HEIGHT="49" WIDTH="24" VPOS="2817" HPOS="626"/>
<String CS="1" CONTENT="p.," HEIGHT="37" WIDTH="30" VPOS="2829" HPOS="651"/>
<SP HEIGHT="40" WIDTH="27" VPOS="2819" HPOS="710"/>
<String CONTENT="1" HEIGHT="38" WIDTH="24" VPOS="2819" HPOS="738"/>
<SP/>
<String CS="1" CONTENT="l."/>
<SP HEIGHT="41" WIDTH="58" VPOS="2817" HPOS="823"/>
<String CS="1" CONTENT="18&#189;&#7580;&#7504;." HEIGHT="41" WIDTH="147" VPOS="2817" HPOS="882"/>
</TextLine>
<TextLine HEIGHT="52" WIDTH="1818" VPOS="2872" HPOS="182" CS="1">
<String CONTENT="&#169;" HEIGHT="52" WIDTH="52" VPOS="2872" HPOS="182"/>
<SP HEIGHT="52" WIDTH="26" VPOS="2872" HPOS="235"/>
<String CONTENT="May" HEIGHT="46" WIDTH="115" VPOS="2877" HPOS="262"/>
<SP HEIGHT="46" WIDTH="25" VPOS="2877" HPOS="378"/>
<String CONTENT="11," HEIGHT="47" WIDTH="70" VPOS="2876" HPOS="404"/>
<SP HEIGHT="47" WIDTH="26" VPOS="2876" HPOS="475"/>
<String CONTENT="1928:" HEIGHT="42" WIDTH="141" VPOS="2875" HPOS="502"/>
<SP/>
<String CS="1" CONTENT="1c."/>
<SP HEIGHT="41" WIDTH="29" VPOS="2875" HPOS="742"/>
<String CONTENT="Sept." HEIGHT="49" WIDTH="129" VPOS="2875" HPOS="772"/>
<SP HEIGHT="41" WIDTH="25" VPOS="2875" HPOS="902"/>
<String CONTENT="21;" HEIGHT="47" WIDTH="84" VPOS="2875" HPOS="928"/>
<SP HEIGHT="47" WIDTH="28" VPOS="2875" HPOS="1013"/>
<!-- cceid 2A88B188-6CB2-1014-A20E-B9D6251C946A --><String CONTENT="A&#8212;Foreign" HEIGHT="48" WIDTH="315" VPOS="2875" HPOS="1042"/>
<SP HEIGHT="38" WIDTH="27" VPOS="2876" HPOS="1358"/>
<String CONTENT="175;" HEIGHT="48" WIDTH="112" VPOS="2875" HPOS="1386"/>
<SP HEIGHT="47" WIDTH="29" VPOS="2876" HPOS="1499"/>
<String CONTENT="Bernard" HEIGHT="40" WIDTH="223" VPOS="2876" HPOS="1529"/>
<SP HEIGHT="40" WIDTH="30" VPOS="2876" HPOS="1753"/>
<String CONTENT="Grasset." HEIGHT="40" WIDTH="216" VPOS="2876" HPOS="1784"/>
</TextLine>
<TextLine HEIGHT="49" WIDTH="224" VPOS="2932" HPOS="261">
<String CONTENT="(29-382)" HEIGHT="49" WIDTH="224" VPOS="2932" HPOS="261"/>
</TextLine>
<TextLine HEIGHT="65" WIDTH="1388" VPOS="3012" HPOS="182" STYLEREFS="StyleId-8A9FD974-5F46-4450-B04A-61E0CA62420F-">
<String CONTENT="Seligman," HEIGHT="65" WIDTH="321" VPOS="3012" HPOS="182"/>
<SP HEIGHT="61" WIDTH="30" VPOS="3014" HPOS="504"/>
<String CONTENT="Edwin" HEIGHT="53" WIDTH="208" VPOS="3013" HPOS="535"/>
<SP HEIGHT="53" WIDTH="28" VPOS="3013" HPOS="744"/>
<String CONTENT="Robert" HEIGHT="53" WIDTH="224" VPOS="3013" HPOS="773"/>
<SP HEIGHT="53" WIDTH="29" VPOS="3013" HPOS="998"/>
<String CONTENT="Anderson," HEIGHT="62" WIDTH="336" VPOS="3013" HPOS="1028"/>
<SP HEIGHT="57" WIDTH="31" VPOS="3018" HPOS="1365"/>
<String CONTENT="1861-" HEIGHT="50" WIDTH="173" VPOS="3018" HPOS="1397"/>
</TextLine>
<TextLine HEIGHT="70" WIDTH="1945" VPOS="3091" HPOS="252" STYLEREFS="StyleId-8A9FD974-5F46-4450-B04A-61E0CA62420F-">
<String CONTENT="Double" HEIGHT="53" WIDTH="226" VPOS="3091" HPOS="252"/>
<SP HEIGHT="48" WIDTH="29" VPOS="3096" HPOS="479"/>
<String CONTENT="taxation" HEIGHT="53" WIDTH="263" VPOS="3091" HPOS="509"/>
<SP HEIGHT="34" WIDTH="32" VPOS="3110" HPOS="773"/>
<String CONTENT="and" HEIGHT="52" WIDTH="113" VPOS="3092" HPOS="806"/>
<SP HEIGHT="53" WIDTH="31" VPOS="3091" HPOS="920"/>
<String CONTENT="international" HEIGHT="54" WIDTH="413" VPOS="3091" HPOS="952"/>
<SP HEIGHT="53" WIDTH="33" VPOS="3091" HPOS="1366"/>
<String CONTENT="fiscal" HEIGHT="54" WIDTH="158" VPOS="3091" HPOS="1400"/>
<SP HEIGHT="53" WIDTH="31" VPOS="3092" HPOS="1559"/>
<String CONTENT="cooperation;" HEIGHT="69" WIDTH="395" VPOS="3091" HPOS="1591"/>
<SP HEIGHT="67" WIDTH="34" VPOS="3091" HPOS="1987"/>
<String CONTENT="being" HEIGHT="70" WIDTH="175" VPOS="3091" HPOS="2022"/>
</TextLine>
<TextLine HEIGHT="131" WIDTH="1987" VPOS="3168" HPOS="185" STYLEREFS="StyleId-8A9FD974-5F46-4450-B04A-61E0CA62420F-" CS="1">
<String CONTENT="a" HEIGHT="33" WIDTH="30" VPOS="3187" HPOS="186"/>
<SP HEIGHT="35" WIDTH="33" VPOS="3187" HPOS="217"/>
<String CONTENT="series" HEIGHT="53" WIDTH="170" VPOS="3169" HPOS="251"/>
<SP HEIGHT="34" WIDTH="33" VPOS="3187" HPOS="422"/>
<String CONTENT="of" HEIGHT="53" WIDTH="65" VPOS="3168" HPOS="456"/>
<SP HEIGHT="53" WIDTH="31" VPOS="3168" HPOS="522"/>
<String CONTENT="lectures" HEIGHT="53" WIDTH="241" VPOS="3170" HPOS="554"/>
<SP HEIGHT="53" WIDTH="32" VPOS="3170" HPOS="796"/>
<String CONTENT="delivered" HEIGHT="54" WIDTH="289" VPOS="3169" HPOS="829"/>
<SP HEIGHT="53" WIDTH="34" VPOS="3170" HPOS="1119"/>
<String CONTENT="at" HEIGHT="48" WIDTH="59" VPOS="3175" HPOS="1154"/>
<SP HEIGHT="48" WIDTH="33" VPOS="3175" HPOS="1214"/>
<String CONTENT="the" HEIGHT="54" WIDTH="97" VPOS="3170" HPOS="1248"/>
<SP HEIGHT="55" WIDTH="32" VPOS="3169" HPOS="1346"/>
<String CS="1" CONTENT="Acad&#233;mie" HEIGHT="55" WIDTH="310" VPOS="3169" HPOS="1379"/>
<SP HEIGHT="54" WIDTH="34" VPOS="3170" HPOS="1690"/>
<String LANG="de" CONTENT="de" HEIGHT="54" WIDTH="68" VPOS="3170" HPOS="1725"/>
<SP HEIGHT="54" WIDTH="34" VPOS="3170" HPOS="1794"/>
<String CONTENT="droit" HEIGHT="54" WIDTH="156" VPOS="3170" HPOS="1829"/>
<SP HEIGHT="54" WIDTH="33" VPOS="3170" HPOS="1986"/>
<String CONTENT="international" HEIGHT="129" WIDTH="1987" VPOS="3170" HPOS="185"/>
</TextLine>
<TextLine HEIGHT="71" WIDTH="1726" VPOS="3247" HPOS="471" STYLEREFS="StyleId-8A9FD974-5F46-4450-B04A-61E0CA62420F-" CS="1">
<String LANG="fi" CONTENT="de" HEIGHT="53" WIDTH="68" VPOS="3247" HPOS="471"/>
<SP HEIGHT="53" WIDTH="20" VPOS="3247" HPOS="540"/>
<String CONTENT="la" HEIGHT="53" WIDTH="55" VPOS="3247" HPOS="561"/>
<SP HEIGHT="53" WIDTH="21" VPOS="3247" HPOS="617"/>
<String CONTENT="Have," HEIGHT="68" WIDTH="186" VPOS="3247" HPOS="639"/>
<SP HEIGHT="67" WIDTH="21" VPOS="3248" HPOS="826"/>
<String CONTENT="by" HEIGHT="68" WIDTH="77" VPOS="3248" HPOS="848"/>
<SP HEIGHT="68" WIDTH="23" VPOS="3248" HPOS="926"/>
<String CONTENT="Edwin" HEIGHT="53" WIDTH="211" VPOS="3248" HPOS="950"/>
<SP HEIGHT="52" WIDTH="23" VPOS="3249" HPOS="1162"/>
<String CONTENT="R." HEIGHT="52" WIDTH="70" VPOS="3249" HPOS="1186"/>
<SP HEIGHT="54" WIDTH="24" VPOS="3247" HPOS="1257"/>
<String CONTENT="A." HEIGHT="53" WIDTH="71" VPOS="3247" HPOS="1282"/>
<SP HEIGHT="56" WIDTH="28" VPOS="3248" HPOS="1354"/>
<String CONTENT="Seligman" HEIGHT="70" WIDTH="296" VPOS="3248" HPOS="1383"/>
<SP HEIGHT="34" WIDTH="29" VPOS="3267" HPOS="1680"/>
<String CS="1" CONTENT="&#8230;"/>
<SP HEIGHT="53" WIDTH="77" VPOS="3249" HPOS="1768"/>
<String CONTENT="New" HEIGHT="53" WIDTH="142" VPOS="3249" HPOS="1846"/>
<SP HEIGHT="53" WIDTH="23" VPOS="3249" HPOS="1989"/>
<String CONTENT="York," HEIGHT="67" WIDTH="184" VPOS="3249" HPOS="2013"/>
</TextLine>
<TextLine HEIGHT="69" WIDTH="1010" VPOS="3325" HPOS="185" STYLEREFS="StyleId-8A9FD974-5F46-4450-B04A-61E0CA62420F-" CS="1">
<String CONTENT="The" HEIGHT="52" WIDTH="120" VPOS="3325" HPOS="185"/>
<SP HEIGHT="52" WIDTH="30" VPOS="3325" HPOS="306"/>
<String CS="1" CONTENT="Macmillan" HEIGHT="52" WIDTH="338" VPOS="3325" HPOS="337"/>
<SP HEIGHT="34" WIDTH="32" VPOS="3344" HPOS="676"/>
<String CONTENT="company," HEIGHT="50" WIDTH="299" VPOS="3344" HPOS="709"/>
<SP HEIGHT="63" WIDTH="34" VPOS="3330" HPOS="1009"/>
<String CONTENT="1928." HEIGHT="52" WIDTH="151" VPOS="3328" HPOS="1044"/>
</TextLine>
<TextLine HEIGHT="50" WIDTH="677" VPOS="3405" HPOS="257" STYLEREFS="StyleId-8A9FD974-5F46-4450-B04A-61E0CA62420F-" CS="1">
<String CONTENT="vii" HEIGHT="39" WIDTH="67" VPOS="3406" HPOS="257"/>
<SP HEIGHT="48" WIDTH="27" VPOS="3406" HPOS="325"/>
<String CONTENT="p.," HEIGHT="37" WIDTH="59" VPOS="3417" HPOS="353"/>
<SP HEIGHT="46" WIDTH="27" VPOS="3407" HPOS="413"/>
<String CONTENT="1" HEIGHT="38" WIDTH="24" VPOS="3407" HPOS="441"/>
<SP/>
<String CS="1" CONTENT="l.," HEIGHT="15" WIDTH="9" VPOS="3438" HPOS="530"/>
<SP HEIGHT="46" WIDTH="28" VPOS="3407" HPOS="540"/>
<String CONTENT="203" HEIGHT="42" WIDTH="85" VPOS="3405" HPOS="569"/>
<SP HEIGHT="48" WIDTH="27" VPOS="3407" HPOS="655"/>
<String CONTENT="p." HEIGHT="37" WIDTH="44" VPOS="3418" HPOS="683"/>
<SP HEIGHT="40" WIDTH="58" VPOS="3407" HPOS="728"/>
<String CS="1" CONTENT="20&#189;&#7580;&#7504;." HEIGHT="42" WIDTH="147" VPOS="3406" HPOS="787"/>
</TextLine>
<TextLine HEIGHT="53" WIDTH="1939" VPOS="3463" HPOS="261">
<String CONTENT="&#8220;The" HEIGHT="40" WIDTH="130" VPOS="3463" HPOS="261"/>
<SP HEIGHT="30" WIDTH="23" VPOS="3473" HPOS="392"/>
<String CONTENT="volume" HEIGHT="40" WIDTH="192" VPOS="3464" HPOS="416"/>
<SP HEIGHT="30" WIDTH="23" VPOS="3474" HPOS="609"/>
<String CONTENT="containing" HEIGHT="49" WIDTH="285" VPOS="3463" HPOS="633"/>
<SP HEIGHT="45" WIDTH="23" VPOS="3467" HPOS="919"/>
<String CONTENT="these" HEIGHT="40" WIDTH="137" VPOS="3465" HPOS="943"/>
<SP HEIGHT="40" WIDTH="22" VPOS="3465" HPOS="1081"/>
<String CONTENT="lectures" HEIGHT="41" WIDTH="213" VPOS="3465" HPOS="1104"/>
<SP HEIGHT="41" WIDTH="24" VPOS="3465" HPOS="1318"/>
<String CONTENT="is" HEIGHT="41" WIDTH="43" VPOS="3465" HPOS="1343"/>
<SP HEIGHT="40" WIDTH="23" VPOS="3466" HPOS="1387"/>
<String CONTENT="being" HEIGHT="48" WIDTH="145" VPOS="3465" HPOS="1411"/>
<SP HEIGHT="38" WIDTH="21" VPOS="3476" HPOS="1557"/>
<String CONTENT="published" HEIGHT="49" WIDTH="257" VPOS="3465" HPOS="1579"/>
<SP HEIGHT="40" WIDTH="27" VPOS="3467" HPOS="1837"/>
<String CONTENT="this" HEIGHT="41" WIDTH="100" VPOS="3466" HPOS="1865"/>
<SP HEIGHT="37" WIDTH="25" VPOS="3477" HPOS="1966"/>
<String CONTENT="year" HEIGHT="37" WIDTH="121" VPOS="3477" HPOS="1992"/>
<SP HEIGHT="41" WIDTH="23" VPOS="3468" HPOS="2114"/>
<String CONTENT="by" HEIGHT="48" WIDTH="62" VPOS="3468" HPOS="2138"/>
</TextLine>
<TextLine HEIGHT="53" WIDTH="2008" VPOS="3519" HPOS="191">
<String CONTENT="the" HEIGHT="41" WIDTH="82" VPOS="3519" HPOS="191"/>
<SP HEIGHT="30" WIDTH="37" VPOS="3530" HPOS="274"/>
<String CONTENT="academy" HEIGHT="47" WIDTH="235" VPOS="3520" HPOS="312"/>
<SP HEIGHT="36" WIDTH="38" VPOS="3531" HPOS="548"/>
<String CONTENT="under" HEIGHT="39" WIDTH="156" VPOS="3521" HPOS="587"/>
<SP HEIGHT="38" WIDTH="37" VPOS="3523" HPOS="744"/>
<String CONTENT="the" HEIGHT="40" WIDTH="83" VPOS="3521" HPOS="782"/>
<SP HEIGHT="38" WIDTH="37" VPOS="3524" HPOS="866"/>
<String CONTENT="title" HEIGHT="41" WIDTH="111" VPOS="3521" HPOS="904"/>
<SP HEIGHT="40" WIDTH="38" VPOS="3522" HPOS="1016"/>
<String CONTENT="La" HEIGHT="40" WIDTH="69" VPOS="3522" HPOS="1055"/>
<SP HEIGHT="39" WIDTH="40" VPOS="3523" HPOS="1125"/>
<String CONTENT="double" HEIGHT="40" WIDTH="176" VPOS="3522" HPOS="1166"/>
<SP HEIGHT="40" WIDTH="37" VPOS="3522" HPOS="1343"/>
<String CONTENT="imposition" HEIGHT="49" WIDTH="283" VPOS="3522" HPOS="1381"/>
<SP HEIGHT="31" WIDTH="39" VPOS="3533" HPOS="1665"/>
<String CONTENT="et" HEIGHT="39" WIDTH="49" VPOS="3525" HPOS="1705"/>
<SP HEIGHT="39" WIDTH="38" VPOS="3524" HPOS="1755"/>
<String CONTENT="la" HEIGHT="40" WIDTH="49" VPOS="3524" HPOS="1794"/>
<SP HEIGHT="31" WIDTH="40" VPOS="3533" HPOS="1844"/>
<String CONTENT="cooperation" HEIGHT="48" WIDTH="314" VPOS="3524" HPOS="1885"/>
</TextLine>
<TextLine HEIGHT="44" WIDTH="822" VPOS="3575" HPOS="188">
<String LANG="la" CONTENT="fiscale" HEIGHT="41" WIDTH="164" VPOS="3575" HPOS="188"/>
<SP HEIGHT="39" WIDTH="33" VPOS="3577" HPOS="353"/>
<String LANG="de" CONTENT="internationale.&#8221;" HEIGHT="42" WIDTH="427" VPOS="3577" HPOS="387"/>
<String LANG="en-US" CONTENT="&#8212;Pref." HEIGHT="41" WIDTH="193" VPOS="3578" HPOS="817"/>
</TextLine>
<TextLine HEIGHT="49" WIDTH="707" VPOS="3633" HPOS="259">
<String CONTENT="Bibliography:" HEIGHT="48" WIDTH="379" VPOS="3633" HPOS="259"/>
<SP HEIGHT="37" WIDTH="32" VPOS="3645" HPOS="639"/>
<String CONTENT="p." HEIGHT="37" WIDTH="43" VPOS="3645" HPOS="672"/>
<SP HEIGHT="40" WIDTH="30" VPOS="3636" HPOS="716"/>
<String CONTENT="183-191." HEIGHT="41" WIDTH="219" VPOS="3634" HPOS="747"/>
</TextLine>
<TextLine HEIGHT="55" WIDTH="1705" VPOS="3686" HPOS="190" CS="1">
<String CONTENT="&#169;" HEIGHT="52" WIDTH="52" VPOS="3686" HPOS="190"/>
<SP HEIGHT="52" WIDTH="27" VPOS="3686" HPOS="243"/>
<String CONTENT="Dec." HEIGHT="41" WIDTH="113" VPOS="3691" HPOS="271"/>
<SP HEIGHT="40" WIDTH="28" VPOS="3691" HPOS="385"/>
<String CONTENT="18," HEIGHT="47" WIDTH="68" VPOS="3691" HPOS="414"/>
<SP HEIGHT="46" WIDTH="27" VPOS="3692" HPOS="483"/>
<String CONTENT="1928;" HEIGHT="47" WIDTH="141" VPOS="3691" HPOS="511"/>
<SP HEIGHT="46" WIDTH="28" VPOS="3692" HPOS="653"/>
<String CONTENT="2c." HEIGHT="41" WIDTH="68" VPOS="3692" HPOS="682"/>
<SP HEIGHT="31" WIDTH="27" VPOS="3702" HPOS="751"/>
<String CONTENT="and" HEIGHT="39" WIDTH="96" VPOS="3693" HPOS="779"/>
<SP HEIGHT="39" WIDTH="26" VPOS="3693" HPOS="876"/>
<String CONTENT="aff." HEIGHT="42" WIDTH="82" VPOS="3692" HPOS="903"/>
<SP HEIGHT="41" WIDTH="28" VPOS="3693" HPOS="986"/>
<String CONTENT="Dec." HEIGHT="41" WIDTH="113" VPOS="3693" HPOS="1015"/>
<SP HEIGHT="39" WIDTH="26" VPOS="3693" HPOS="1129"/>
<String CONTENT="19;" HEIGHT="47" WIDTH="84" VPOS="3693" HPOS="1156"/>
<SP HEIGHT="47" WIDTH="30" VPOS="3693" HPOS="1241"/>
<!-- cceid 2A88BA5D-6CB2-1014-A20E-B9D6251C946A --><String CONTENT="A" HEIGHT="40" WIDTH="40" VPOS="3693" HPOS="1272"/>
<SP HEIGHT="40" WIDTH="26" VPOS="3693" HPOS="1313"/>
<String CONTENT="2356;" HEIGHT="48" WIDTH="142" VPOS="3693" HPOS="1340"/>
<SP HEIGHT="46" WIDTH="31" VPOS="3695" HPOS="1483"/>
<String CS="1" CONTENT="Macmillan" HEIGHT="40" WIDTH="283" VPOS="3695" HPOS="1515"/>
<SP HEIGHT="30" WIDTH="27" VPOS="3706" HPOS="1799"/>
<String CONTENT="co." HEIGHT="30" WIDTH="68" VPOS="3706" HPOS="1827"/>
</TextLine>
<TextLine HEIGHT="48" WIDTH="222" VPOS="3747" HPOS="269">
<String CONTENT="(29-211)" HEIGHT="48" WIDTH="222" VPOS="3747" HPOS="269"/>
</TextLine>
<TextLine HEIGHT="75" WIDTH="1878" VPOS="3826" HPOS="321" STYLEREFS="StyleId-8A9FD974-5F46-4450-B04A-61E0CA62420F-" CS="1">
<String CS="1" CONTENT="&#8230;"/>
<SP HEIGHT="52" WIDTH="42" VPOS="3827" HPOS="321"/>
<String CONTENT="Thibaud" HEIGHT="55" WIDTH="271" VPOS="3826" HPOS="364"/>
<SP HEIGHT="51" WIDTH="37" VPOS="3829" HPOS="636"/>
<String CS="1" CONTENT="m&#233;decin" HEIGHT="52" WIDTH="256" VPOS="3830" HPOS="674"/>
<SP HEIGHT="52" WIDTH="37" VPOS="3831" HPOS="931"/>
<String CONTENT="d&#8217;autos." HEIGHT="54" WIDTH="237" VPOS="3830" HPOS="969"/>
<SP HEIGHT="51" WIDTH="75" VPOS="3832" HPOS="1207"/>
<String CONTENT="Paris," HEIGHT="69" WIDTH="187" VPOS="3830" HPOS="1283"/>
<SP HEIGHT="69" WIDTH="37" VPOS="3830" HPOS="1471"/>
<String CONTENT="Groupement" HEIGHT="70" WIDTH="394" VPOS="3830" HPOS="1509"/>
<SP HEIGHT="54" WIDTH="33" VPOS="3833" HPOS="1904"/>
<String CONTENT="Jungera" HEIGHT="68" WIDTH="261" VPOS="3833" HPOS="1938"/>
</TextLine>
<TextLine HEIGHT="65" WIDTH="175" VPOS="3907" HPOS="215" STYLEREFS="StyleId-8A9FD974-5F46-4450-B04A-61E0CA62420F-" CS="1">
<String CS="1" CONTENT="["/>
<String STYLE="superscript" CONTENT="c" HEIGHT="22" WIDTH="18" VPOS="3910" HPOS="215"/>
<String CONTENT="1928]" HEIGHT="65" WIDTH="151" VPOS="3907" HPOS="239"/>
</TextLine>
<TextLine HEIGHT="53" WIDTH="983" VPOS="3988" HPOS="266" CS="1">
<String CONTENT="cover-title," HEIGHT="49" WIDTH="285" VPOS="3988" HPOS="266"/>
<SP HEIGHT="48" WIDTH="26" VPOS="3989" HPOS="552"/>
<String CONTENT="3" HEIGHT="40" WIDTH="26" VPOS="3989" HPOS="579"/>
<SP HEIGHT="48" WIDTH="28" VPOS="3989" HPOS="606"/>
<String LANG="la" CONTENT="p." HEIGHT="38" WIDTH="43" VPOS="3999" HPOS="635"/>
<SP/>
<String LANG="la" CS="1" CONTENT="l."/>
<String CONTENT="," HEIGHT="17" WIDTH="9" VPOS="4020" HPOS="741"/>
<SP HEIGHT="46" WIDTH="27" VPOS="3991" HPOS="751"/>
<String CONTENT="167," HEIGHT="48" WIDTH="99" VPOS="3990" HPOS="779"/>
<SP HEIGHT="31" WIDTH="32" VPOS="4010" HPOS="879"/>
<String CONTENT="[2]" HEIGHT="51" WIDTH="54" VPOS="3990" HPOS="912"/>
<SP HEIGHT="38" WIDTH="29" VPOS="4002" HPOS="967"/>
<String CONTENT="p." HEIGHT="37" WIDTH="44" VPOS="4002" HPOS="997"/>
<SP HEIGHT="42" WIDTH="58" VPOS="3991" HPOS="1042"/>
<String CS="1" CONTENT="18&#189;&#7580;&#7504;." HEIGHT="43" WIDTH="148" VPOS="3990" HPOS="1101"/>
</TextLine>
</TextBlock>
</PrintSpace>
</Page>
</Layout>
</alto>