2498 4384
1004 4090 137 55 1007

149 519 154 40 “Note
327 515 449 51 bibliographique”:
831 527 44 38 p.
905 515 84 51 [59]

83 572 1879 53 © Jan. 17, 1928; 1c. Mar. 23; A—Foreign 38189; Editions Rieder.
159 632 281 50 (28-17162)

79 724 157 54 That
279 725 347 53 untravell’d
669 723 199 69 world,
911 742 73 34 an
1026 724 347 67 elementary
1433 722 391 54 introduction
1882 729 59 47 to
1982 723 96 53 the

150 801 1826 72 study of China … Groton, Mass., Groton school [ ᶜ19 28]
151 884 1492 52 viii, [2], 181, [1] p. incl. front., illus. (incl. map) 21 ᶜᵐ .
153 942 146 41 “This
321 943 125 40 book
468 942 42 41 is
533 943 82 40 the
638 944 154 39 result
815 943 52 40 of
890 941 308 49 cooperative
1219 941 146 42 effort
1388 953 60 29 on
1472 942 82 41 the
1577 944 112 46 part
1713 942 52 40 of
1789 943 82 39 the
82 942 1980 106 following

201 1000 225 39 students
463 999 267 40 interested
767 999 50 39 in
857 998 155 41 China:
1080 999 45 41 J.
1163 999 72 41 W.
1272 999 163 48 Alsop,
1473 998 77 49 jr.,
1588 998 57 42 R.
1684 999 63 40 M.
1786 997 192 50 Bissell,
2016 998 64 49 jr.

97 1057 96 39 [and
221 1055 212 50 others]”

154 1112 391 49 “Bibliographic
569 1112 140 41 note”:
765 1123 44 38 p.
837 1112 114 50 [182];
1010 1112 351 48 Bibliography
1388 1114 52 38 at
1465 1113 93 39 end
1584 1112 52 40 of
1661 1111 119 40 each
1807 1111 215 49 chapter.

80 1165 52 52 ©
165 1171 114 46 May
308 1170 69 47 21,
410 1170 141 47 1928;
584 1170 67 41 2c.
683 1171 97 38 and
812 1168 83 41 aff.
928 1170 127 39 June
1085 1170 53 47 2;
1172 1171 42 38 A
1247 1169 228 48 1074988;
1513 1169 185 42 Groton
1730 1169 177 41 school.

157 1226 283 49 (28-16396)

77 1319 206 64 Tighe,
315 1321 142 52 Mrs.
496 1321 173 63 Mary
715 1320 384 65 (Blachford)
1147 1322 326 51 1772-1810.

141 1397 181 53 Keats
349 1398 115 53 and
491 1397 171 70 Mary
690 1398 213 69 Tighe;
933 1398 95 53 the
1056 1416 194 50 poems
1278 1397 64 53 of
1367 1398 171 68 Mary
1566 1397 185 69 Tighe
1779 1396 139 54 with
72 1410 1984 117 parallel

239 1493 268 51 passages
543 1475 152 53 from
730 1476 96 53 the
859 1475 159 53 work
1051 1475 65 53 of
1149 1476 158 53 John
1342 1476 198 67 Keats,
1573 1475 191 54 edited
1795 1474 78 69 by
1906 1476 176 53 Earle

129 1553 181 53 Vonard
341 1553 230 54 Weller.
647 1554 139 52 New
820 1553 180 68 York,
1030 1554 124 53 The
1185 1552 257 71 Century
1472 1572 80 35 co.
1585 1552 95 53 for
1711 1553 96 53 the
1836 1554 245 53 Modern

71 1630 285 69 language
385 1630 340 54 association
754 1630 65 54 of
846 1630 286 69 America,
1162 1634 152 50 1928.

139 1712 1045 51 xxiv, xv, 333 p. port. 23 ᶜᵐ . $3.50
143 1771 129 40 “The
298 1773 105 38 text
428 1771 52 40 of
505 1772 84 39 the
613 1781 163 38 poems
802 1771 50 38 in
877 1771 100 40 this
1004 1771 185 40 edition
1213 1771 44 40 is
1283 1781 28 30 a
1337 1770 189 49 reprint
1562 1771 145 49 (page
1730 1771 81 40 for
1835 1782 122 38 page
1981 1773 98 39 and

70 1826 99 41 line
193 1827 79 40 for
298 1827 124 48 line)
457 1827 52 40 of
534 1828 82 39 the
644 1829 170 38 octavo
841 1826 185 42 edition
1052 1827 53 40 of
1130 1826 411 43 1811.”—Introd.

141 1884 136 40 With
314 1884 343 47 reproduction
693 1884 52 39 of
782 1883 209 48 original
1030 1886 96 45 t.-p.:
1195 1884 201 47 Psyche,
1433 1883 121 41 with
1591 1884 140 40 other
1766 1894 178 38 poems.
2004 1885 75 48 By

71 1941 82 40 the
190 1940 101 40 late
330 1941 117 40 Mrs.
486 1940 169 48 Henry
692 1940 166 48 Tighe.
918 1940 102 39 The
1059 1940 135 40 third
1230 1940 200 40 edition.
1491 1940 200 41 London:
1759 1940 203 41 Printed
1998 1941 81 40 for

71 1996 260 48 Longman,
360 1996 171 48 Hurst,
562 1996 137 48 Rees,
732 1995 157 50 Orme,
918 1997 97 39 and
1044 1997 194 45 Brown,
1267 1996 129 41 1811.

143 2053 232 40 “Memoir
412 2053 53 40 of
499 2055 142 46 Mary
676 2052 180 49 Tighe”:
924 2064 43 37 p.
1004 2052 222 41 xvii-xxi;
1293 2052 381 49 “Bibliography
1710 2054 52 39 of
1796 2054 83 39 the
1914 2064 165 38 poems

70 2110 62 46 by
159 2110 142 47 Mary
327 2108 181 50 Tighe”:
566 2120 43 37 p.
637 2109 290 41 xxiii-xxiv.

81 2162 52 52 ©
168 2166 126 40 June
328 2166 69 47 15,
434 2165 141 47 1928;
612 2166 68 41 2c.
717 2166 96 39 and
849 2164 82 42 aff.
969 2166 127 39 June
1130 2165 83 46 22;
1253 2165 43 39 A
1329 2165 231 48 1077986;
1600 2166 203 41 Modern
1838 2168 242 47 language

147 2232 117 31 assn.
305 2223 52 40 of
383 2222 238 49 America,
651 2224 134 46 Bryn
813 2223 169 47 Mawr,
1012 2222 84 40 Pa.
1166 2222 283 49 (28-16643)

79 2317 227 64 Tirrell,
342 2316 193 55 David
570 2317 230 54 Albert.

149 2396 318 54 Essentials
507 2396 64 54 of
610 2396 225 54 French
877 2415 309 51 grammar,
1228 2397 285 69 arranged
1556 2397 94 54 for
1692 2397 157 69 drill,
1889 2398 192 72 study,

80 2475 114 54 and
216 2475 235 68 review;
476 2475 262 69 together
760 2475 142 53 with
924 2475 215 69 topical
1163 2475 289 69 questions
1477 2476 113 53 and
1615 2481 288 49 sentences
1926 2475 155 55 from

79 2553 1937 71 various college entrance examinations, by David A. Tirrell …
80 2630 329 70 Cleveland,
463 2631 88 68 O.,
603 2632 123 54 The
776 2632 339 69 University
1166 2633 212 68 supply
1431 2633 114 53 and
1597 2632 149 54 book
1797 2651 283 53 company

83 2743 14 35 [ᶜ19
190 2713 67 51 28
262 2742 13 36 ]

145 2793 63 49 vi,
242 2792 59 42 89
330 2803 44 38 p.
435 2792 147 42 19½ᶜᵐ.

77 2844 53 54 ©
159 2850 114 48 Apr.
301 2849 71 49 20,
402 2849 143 48 1928;
574 2849 69 42 2c.
673 2851 115 47 May
815 2850 85 47 25;
932 2850 83 41 aff.
1046 2851 129 40 June
1202 2850 85 49 11;
1318 2851 43 39 A
1388 2851 208 41 1077677;
1653 2851 285 49 University
145 2863 1916 92 supply

255 2907 36 40 &
320 2907 125 40 book
473 2917 67 31 co.
611 2906 280 49 (28-16409)

75 3001 180 62 Todd,
284 3000 206 54 James
516 3001 223 63 Henry,
772 3005 173 49 1864-

137 3078 314 68 Prophetic
486 3078 250 68 pictures
771 3079 64 53 of
871 3079 198 55 Christ;
1135 3099 31 33 a
1203 3081 391 67 presentation
1629 3081 65 53 of
1730 3080 116 56 Old
66 3082 1985 126 Testament

68 3156 1983 146 types of Christ and His work, by J. H. Todd … Chicago,
257 3234 1402 70 The Bible institute colportage ass’n [ ᶜ19 28]
137 3318 86 40 136
250 3329 44 37 p.
354 3317 149 42 20½ᶜᵐ.

77 3369 52 52 ©
161 3375 123 39 Mar.
314 3373 69 49 26,
417 3373 142 47 1928;
591 3374 68 41 2c.
693 3374 114 47 May
836 3374 84 47 23;
954 3373 83 42 aff.
1070 3375 115 47 May
1214 3375 87 48 24;
1333 3375 44 39 A
1407 3375 232 49 1077436;
1673 3376 141 42 Bible
1844 3377 229 42 institute

143 3432 280 46 colportage
451 3440 129 32 assn,
611 3430 52 40 of
693 3430 224 48 Chicago.
988 3430 282 51 (28-16646)

68 3523 355 64 Tucholsky,
456 3524 175 63 Kurt,
668 3527 172 50 1890-

206 3601 1224 70 … Mit 5 PS. Berlin, E. Rowohlt, 1928.
142 3683 490 49 379 p. 20½ × 12 ᶜᵐ .
76 3736 1995 55 © Dec. 18, 1927; 1c. Mar. 14, 1928; A—Foreign 38104; Ernst Rowohlt
142 3798 180 48 verlag,
351 3797 45 41 k.
427 3809 42 37 g.
498 3808 43 30 a.
571 3808 43 31 a.
684 3798 280 48 (28-17013)

70 3890 224 64 Ungar,
327 3892 324 63 Hermann,
689 3895 171 50 1893-

205 3969 1487 73 … Die klasse, roman. Berlin, E. Rowohlt, 1927.
