2498 4384
1297 4022 136 51 1368

379 384 249 68 [Stopes,
660 385 188 52 Marie
880 384 307 54 Charlotte
1220 383 389 68 Carmichael]
1649 389 170 49 1880-

441 462 199 55 Love’s
695 463 269 67 creation,
1022 482 31 34 a
1109 464 184 66 novel,
1347 463 75 67 by
1478 462 185 54 Marie
1721 462 360 55 Carmichael
2144 466 231 67 [pseud.]

369 539 261 69 London,
662 541 56 54 J.
756 541 158 67 Bale,
948 559 129 35 sons
1110 543 46 50 &
1189 540 360 67 Danielsson,
1586 541 123 67 ltd.,
1744 544 149 50 1928.

442 622 469 49 2 p. l. , 416 p. 19 ᶜᵐ.
375 687 2002 54 © 1c. Aug. 13, 1928; A ad int. 11608; pubd. June 27; Marie Carmichael
446 749 184 49 Stopes,
672 750 276 49 Hindhead,
994 750 193 48 Surrey,
1233 749 238 47 England.
1541 748 282 51 (28-22671)

373 842 264 65 Tappan,
671 844 127 52 Eva
831 843 228 64 March,
1094 847 170 50 1854-

441 921 121 53 The
598 921 208 53 Prince
843 920 153 53 from
1032 921 299 67 Nowhere,
1366 921 114 52 and
1515 922 163 52 other
1711 922 158 66 tales,
1903 921 77 70 by
2015 922 128 53 Eva
2178 923 200 53 March

369 999 1986 147 Tappan … Boston and New York, Houghton Mifflin company, 1928.
439 1159 1240 50 5 p. l. , 206, [1] p. col. front., col. plates. 20½ᶜᵐ.
440 1228 1937 50 “Stories … from the Swedish of Richard Bergstrom. Some of them
366 1297 87 30 are
486 1287 275 39 translated
796 1285 120 40 with
950 1296 27 29 a
1012 1287 173 46 degree
1217 1285 53 41 of
1303 1285 307 48 literalness;
1647 1286 50 39 in
1731 1287 166 40 others
1933 1288 22 37 I
1990 1289 126 39 have
2148 1290 228 48 enlarged

366 1343 269 40 somewhat
666 1342 159 47 freely;
885 1343 96 39 and
1014 1342 51 39 in
1096 1352 28 30 a
1155 1342 99 40 few
1285 1343 23 38 I
1340 1342 124 40 have
1496 1342 278 41 sometimes
1807 1344 147 39 taken
1987 1354 28 30 a
2047 1344 110 41 hint
2188 1356 54 29 or
365 1356 1997 91 suggestion

589 1399 129 40 from
753 1399 82 40 the
870 1399 237 39 northern
1140 1398 212 41 folklore
1387 1399 95 40 and
1519 1400 118 39 used
1673 1400 83 39 the
1787 1400 137 47 myth
1958 1400 97 40 less
2090 1411 54 29 as
2178 1412 29 29 a
2243 1404 134 45 story

366 1457 121 40 than
514 1466 55 30 as
596 1455 229 41 material
852 1455 81 40 for
960 1465 29 30 a
1017 1454 181 49 story.”

387 1522 53 53 ©
485 1527 129 47 Sept.
653 1526 39 48 7,
736 1525 115 41 1928;
921 1525 68 41 2c.
1031 1526 96 38 and
1170 1522 83 43 aff.
1299 1525 129 48 Sept.
1470 1524 59 40 10;
1597 1524 41 39 A
1680 1524 203 41 1054201;
1957 1527 53 40 E.
2055 1528 64 39 M.
2161 1527 216 49 Tappan,

439 1584 288 46 Worcester,
764 1583 148 39 Mass.
983 1580 282 50 (28-21214)

365 1675 232 64 Thiess,
631 1674 220 65 Frank,
887 1679 170 50 1890-

436 1753 392 67 Frauenraub,
865 1772 218 49 roman,
1119 1772 111 34 von
1269 1753 200 53 Frank
1506 1753 217 54 Thiess.
1798 1754 297 70 Potsdam,
2132 1755 69 56 G.
364 1757 1991 143 Kiepenheuer,

697 1831 151 54 1927.

435 1915 86 41 257
552 1926 43 38 p.
655 1915 56 41 18½ᶜᵐ.

369 1982 1988 102 © Nov. 1, 1927; 1c. May 29, 1928; A—Foreign 39017; Gustav Kiepenheuer
618 2045 170 47 verlag
816 2054 43 30 a.
889 2054 43 37 g.
1003 2041 282 50 (28-22182)

367 2138 254 64 Undset,
652 2137 219 66 Sigrid,
905 2141 173 51 1882-

496 2214 1879 71 … Olav Audunssohn, herausgegeben von J. Sandmeier.
362 2294 330 54 Frankfurt
721 2314 91 33 am
840 2294 182 68 Main,
1050 2294 220 53 Rütten
1298 2296 46 51 &
1370 2294 279 70 Loening,
1679 2298 149 50 1928.

432 2378 572 52 3 p. l., [9]-470 p. 20 ᶜᵐ.
435 2449 340 49 “Berechtigte
849 2449 300 47 übertragung
1187 2458 91 30 aus
1318 2449 108 39 dem
1465 2448 366 49 norwegischen
1869 2461 95 29 von
2002 2450 44 41 J.
2090 2449 285 43 Sandmeier

362 2509 99 38 und
493 2508 46 40 S.
568 2505 355 49 Angermann.”

434 2565 67 39 “1.
534 2563 74 41 bis
640 2563 71 41 25.
743 2561 253 43 tausend.”

367 2629 1988 110 © Nov. 30, 1927; 1c. Apr. 11, 1928; A— Foreign 38424; Rütten & Loening,
596 2691 181 47 verlag.
847 2688 282 50 (28-22079)

363 2783 355 64 Vartanian,
752 2782 318 54 Parounak
1102 2781 220 55 Hatch.

433 2864 121 52 The
587 2864 110 51 law
732 2861 65 54 of
828 2861 373 53 automobiles
1237 2861 61 52 in
1331 2861 273 68 Virginia
1638 2862 114 52 and
1783 2862 162 54 West
1978 2863 290 69 Virginia,
2302 2864 73 70 by

360 2938 1991 152 P. H. Vartanian … Charlottesville, Va., The Michie company, 1928.
431 3101 560 50 vi p., 1 l., 564 p. 23½ ᶜᵐ.
365 3157 52 52 ©
446 3161 121 46 Aug.
594 3161 70 46 28,
693 3160 142 46 1928;
864 3160 68 41 2c.
961 3160 96 39 and
1085 3158 82 40 aff.
1195 3159 122 47 Aug.
1346 3157 83 48 30;
1460 3157 41 40 A
1529 3158 232 48 1054029;
1792 3159 178 40 Michie
1999 3172 69 28 co.

444 3217 282 49 (28-21299)

362 3312 308 52 Vermont.
745 3312 303 65 Secretary
1079 3310 64 65 of
1172 3316 161 47 state.

366 3386 1980 149 The lakes of Vermont, by Walter H. Crockett … Montpelier,
363 3463 1982 151 Vt., The Vermont bureau of publicity, office of the secretary of state [ ᶜ1 928]
437 3625 738 50 72 p. incl. front., illus. 23 ᶜᵐ.
438 3683 75 40 An
548 3683 307 46 abridgment
892 3683 52 40 of
979 3683 81 40 the
1096 3683 277 47 pamphlets
1412 3681 130 41 “The
1579 3683 112 39 lake
1730 3682 165 48 region
1933 3682 52 41 of
2022 3684 197 39 eastern
366 3684 1986 97 Vermont”

556 3741 95 39 and
680 3741 129 39 “The
833 3741 112 38 lake
972 3739 166 48 region
1165 3739 52 40 of
1243 3741 210 38 western
1479 3739 262 41 Vermont”
1769 3739 256 49 published
2052 3739 51 40 in
2130 3738 116 42 1917
2273 3741 94 40 and

365 3796 131 42 1918.

365 3851 54 52 ©
451 3855 117 47 July
599 3855 69 47 17,
700 3855 115 40 1928;
876 3855 68 40 2c.
976 3856 96 38 and
1105 3854 83 40 aff.
1221 3854 120 48 Aug.
1375 3854 54 39 13;
1492 3853 41 39 A
1565 3852 201 42 1083931;
1832 3855 211 39 Rawson
2078 3853 50 41 C.
2163 3854 202 47 Myrick,

434 3913 248 46 secretary
710 3912 52 40 of
790 3914 129 38 state
945 3911 79 40 for
1054 3911 81 40 the
1164 3913 130 39 state
1323 3910 51 40 of
1402 3910 246 47 Vermont,
1679 3910 304 49 Montpelier,
2015 3911 78 41 Vt.

442 3967 281 51 (28-21229)
