2498 4384
1081 4133 102 54 971

171 562 352 48 Bibliography
551 564 52 37 at
632 563 90 38 end
753 561 52 39 of
834 564 125 36 most
989 560 51 39 of
1070 561 81 38 the
1181 560 242 46 chapters.

112 628 51 52 ©
194 633 113 38 May
334 632 69 47 17,
565 640 9 37 1928;
603 630 68 41 2c.
702 629 128 41 June
855 629 83 45 21;
971 627 82 41 aff.
1084 627 127 40 June
1239 626 83 47 20;
1353 626 42 39 A
1423 625 230 47 1082146;
1686 626 72 40 W.
1788 625 54 40 A.
1873 624 235 48 Mitchell,

179 689 136 41 West
346 688 157 46 Point,
537 687 56 40 N.
625 687 54 39 Y.
750 684 280 50 (28-16153)

110 781 398 63 Mott-Smith,
544 779 295 63 Geoffrey.

180 860 198 53 Pencil
416 859 220 68 bridge,
676 858 283 68 prepared
998 856 75 69 by
1114 855 269 70 Geoffrey
1424 853 393 69 Mott-Smith,
1856 854 142 53 with
2041 872 70 35 an

115 938 388 52 introduction
536 936 75 68 by
647 935 233 69 Sydney
917 934 56 55 S.
1009 935 168 52 Lenz.
1250 934 139 53 New
1425 933 181 67 York,
1643 933 260 67 London,
1939 931 68 56 G.
2046 933 67 52 P.

111 1014 295 53 Putnam’s
436 1032 146 49 sons,
612 1016 150 50 1928.

182 1094 622 49 vii, 161 p. diagrs. 20 ᶜᵐ.
115 1164 2000 53 © June 22, 1928; 2c. and aff. June 23; A 1082182; Joseph Kaye, New
182 1225 144 40 York.
397 1223 282 44 (28-16186)

110 1316 588 62 Müller-Freienfels,
731 1316 277 62 Richard,
1047 1319 171 49 1882-

237 1393 1856 69 … Geheimnisse der seele. München, Delphin-verlag [ ᶜ19 27]
176 1478 244 48 349 p. 21 ᶜᵐ.
456 1532 1659 41 CONTENTS.—Die u nendlichkeit der seele.— Der einzelmensch und sein
133 1591 439 41 schicksal.—Reise
609 1590 49 39 in
697 1590 78 40 die
813 1589 809 48 vergaugenheit.—Dramaturgie
1660 1590 84 39 des
1783 1589 333 40 lebens.—Die

106 1647 476 47 amerikanisierung
610 1647 85 39 der
724 1646 295 39 seele.—Die
1049 1645 204 48 religion
1283 1646 85 38 der
1424 1645 195 40 zukunft.

117 1700 52 51 ©
205 1704 117 40 Nov.
356 1704 70 45 21,
463 1702 140 45 1927;
670 1713 37 36 1c,
745 1703 122 39 Mar.
902 1702 40 45 2,
979 1700 140 47 1928;
1158 1701 41 38 A
1200 1701 272 48 —Foreign
1506 1700 172 48 37833;
1717 1701 404 50 Delphin-verlag

198 1761 108 47 (Dr.
338 1760 216 39 Richard
587 1758 283 46 Landauer)
951 1757 280 49 (28-16648)

114 1853 278 53 National
426 1852 316 53 industrial
774 1852 347 53 conference
1152 1852 203 52 board.

178 1932 121 51 The
338 1937 118 46 cost
495 1930 64 52 of
596 1931 186 68 living
821 1931 59 50 in
918 1930 201 52 twelve
1159 1929 311 53 industrial
1509 1930 175 52 cities.
1761 1930 139 52 New
1940 1930 181 68 York,

108 2008 275 53 National
419 2008 309 53 industrial
763 2006 331 54 conference
1127 2006 198 69 board,
1360 2008 127 67 inc.,
1522 2010 151 50 1928.

180 2091 671 48 x, 76 p. incl. tables. 23½ ᶜᵐ.
118 2144 52 52 ©
195 2149 129 39 June
344 2149 38 47 7,
407 2148 141 46 1928;
574 2148 68 40 2c.
666 2148 95 38 and
785 2146 82 40 aff.
892 2147 127 40 June
1040 2146 57 40 20;
1150 2147 40 38 A
1213 2146 204 40 1082156;
1469 2146 234 41 National

1728 2147 263 41 industrial
187 2158 1917 87 conference
406 2205 165 47 board,
598 2204 91 41 inc.
760 2202 281 50 (28-16148)

118 2299 144 52 New
290 2298 182 53 York.
548 2297 421 63 Metropolitan
998 2314 271 36 museum
1300 2297 64 53 of
1392 2301 115 50 art.

251 2376 1873 69 … Jewelry, the art of the goldsmith in classical times as
122 2456 322 53 illustrated
480 2456 59 52 in
574 2457 96 51 the
701 2474 255 40 museum
991 2455 316 70 collection,
1340 2455 76 70 by
1450 2454 292 56 Christine
1776 2457 347 54 Alexander.

121 2534 137 52 New
290 2533 179 57 York,
503 2536 149 50 1928.

185 2615 1387 50 3 p. l. , 50, [6] p„ illus., IV col. pl. (incl. front.) 24½ ᶜᵐ.
186 2674 63 40 At
276 2675 124 38 head
425 2673 51 40 of
500 2674 109 39 title:
663 2674 101 39 The
792 2673 347 48 Metropolitan
1166 2684 220 30 museum
1413 2675 52 40 of
1489 2677 92 39 art.

218 2731 201 39 "Printed
454 2731 139 44 June,
630 2729 128 47 1928,
791 2729 49 40 in
877 2741 59 28 an
973 2729 182 41 edition
1192 2731 52 40 of
1278 2731 130 47 2,000
1441 2732 174 48 copies,
1651 2733 52 40 E.
1740 2733 50 40 L.
1824 2733 234 41 Hildreth
2091 2735 35 40 &

117 2798 81 32 co.,
228 2788 325 44 Brattleboro,
582 2787 275 40 Vermont.”

124 2841 51 52 ©
202 2845 126 40 June
352 2845 70 46 14,
448 2844 114 41 1928;
615 2845 67 40 2c.
708 2845 97 39 and
830 2844 83 40 aff.
940 2845 127 40 June
1091 2846 55 38 21;
1201 2845 44 39 A
1269 2845 204 41 1077967;
1529 2847 348 47 Metropolitan
1904 2858 221 31 museum

210 2901 52 41 of
288 2904 92 45 art,
409 2901 117 41 New
554 2901 145 41 York.
771 2901 280 48 (28-16058)

122 2995 290 63 O’Grady,
444 2995 173 60 John,
653 2999 170 48 1886-

252 3074 1815 73 … An introduction to social work, by John O’Grady …
121 3153 138 51 New
294 3152 181 67 York,
505 3153 260 66 London,
796 3153 121 52 The
952 3151 255 71 Century
1239 3171 79 35 co.
1398 3157 151 65 [ᶜ1928]

230 3235 1896 53 x, 398 p. 21 ᶜᵐ. (The Century Catholic college texts; J. A. Lapp,
121 3292 182 43 editor)
429 3291 130 49 $2.50

196 3349 407 48 “Bibliography”
632 3353 51 37 at
709 3351 92 38 end
828 3349 51 41 of
902 3352 127 38 most
1054 3349 52 41 of
1130 3352 82 38 the
1238 3352 241 48 chapters.

129 3402 51 52 ©
207 3407 127 39 June
357 3407 68 47 18,
452 3406 115 40 1928;
619 3407 67 40 2c.
714 3407 127 39 June
864 3408 55 38 21;
976 3406 82 42 aff.
1086 3407 128 40 June
1238 3408 82 46 22;
1349 3409 41 38 A
1416 3408 202 40 1082199;
1676 3409 216 49 Century
1918 3423 68 29 co.

210 3463 281 48 (28-15904)

129 3555 213 62 Oliver,
373 3556 201 53 Wade.

197 3633 320 69 Sky-rider,
560 3635 75 68 by
676 3636 182 52 Wade
904 3635 215 55 Oliver.
1211 3638 303 65 Portland,
1556 3639 132 65 Me.,
1733 3639 123 53 The
1899 3640 233 53 Mosher

123 3729 174 49 press,
326 3715 149 50 1928.

194 3793 614 51 viii, 43, [1] p., 1 l. 18 ᶜᵐ.
198 3851 183 40 Poems.

200 3907 1931 52 “Five hundred copies of this book have been printed … on Aurelian
130 3973 147 39 paper
302 3965 93 40 and
426 3965 80 40 the
533 3967 111 46 type
671 3965 339 42 distributed.”

136 4016 51 52 ©
217 4021 113 48 May
357 4022 40 47 3,
426 4022 116 41 1928;
596 4023 68 40 2c.
693 4025 96 38 and
817 4023 83 42 aff.
930 4024 126 41 June
1083 4026 26 37 4;
1168 4024 42 39 A
1240 4025 202 40 1082042;
1501 4026 141 41 Anna
1672 4029 52 39 L.
1754 4028 209 47 Mosher,
202 4028 1911 98 Portland,
362 4079 92 40 Me.
524 4079 280 50 (28-16138)
