2498 4384
1283 4091 102 51 228

322 438 282 63 Coursey,
634 437 186 54 Oscar
846 437 275 63 William,
1154 436 173 55 1873-

393 515 232 53 Dakota
678 515 328 67 literature;
1062 533 33 34 a
1147 515 472 68 supplementary
1668 513 150 55 book
1870 513 93 54 for
2016 515 202 52 classes
2273 514 59 53 in

323 593 308 53 American
658 592 299 54 literature
983 593 63 52 in
1071 592 144 69 high
1244 592 219 54 schools
1490 593 114 53 and
1632 593 268 68 colleges;
1932 592 117 53 also
2080 591 94 54 for
324 610 1986 114 general

464 669 1872 71 reading for rural schools. By O. W. Coursey … Mitchell,
326 748 57 57 S.
412 750 91 68 D.,
532 749 296 54 Educator
853 748 215 70 supply
1095 766 284 53 company
1412 781 14 35 [
1454 750 135 52 ᶜ1928
1593 782 13 35 ]

392 831 1063 51 4 p. l., 11-157 p. illus. (ports.) 20ᶜᵐ.
326 886 52 52 ©
405 891 113 40 Feb.
543 890 69 47 13,
639 889 118 41 1928;
806 889 69 40 2c.
899 890 95 38 and
1022 889 82 40 aff.
1130 888 111 41 Feb.
1261 888 55 40 27
1334 899 10 36 ;
1370 889 41 38 A
1429 888 203 41 1018965
1650 899 9 36 ;
1688 889 52 40 Ο.
1759 890 72 39 W.
1852 889 230 47 Coursev,
2102 889 233 48 Mitchell,

399 947 45 41 S.
467 948 58 40 D.
596 946 252 49 (28-6209)

326 1027 225 64 Crespi,
580 1027 175 53 Juan.

399 1106 159 68 Fray
586 1105 157 55 Juan
774 1104 222 69 Crespi,
1024 1104 345 69 missionary
1399 1105 263 67 explorer
1691 1122 74 35 on
1793 1104 98 54 the
1921 1104 215 54 Pacific
2167 1112 173 61 coast,

330 1180 2009 72 1769-1774, by Herbert Eugene Bolton … Berkeley, Calif.,
328 1262 341 68 University
703 1260 67 54 of
805 1259 328 56 California
1170 1278 177 51 press,
1386 1260 150 55 1927.

402 1341 1880 51 2 p. l., iii-lxiv p., 1 l., 402 p. front., plates, maps, facsim. 22½ᶜᵐ.
404 1401 240 48 “Crespi’s
676 1400 182 40 diaries
892 1410 82 30 are
1007 1399 196 49 printed
1233 1399 116 41 here
1381 1410 55 31 as
1469 1400 82 40 the
1583 1400 219 49 primary
1835 1403 112 46 part
1981 1399 52 42 of
2066 1399 100 42 this
2200 1400 139 43 book.

329 1459 136 47 They
495 1459 124 39 have
650 1468 146 29 never
827 1457 168 40 before
1024 1458 121 39 been
1175 1458 273 39 assembled
1479 1457 51 40 in
1562 1467 90 31 one
1682 1458 193 40 volume
1906 1468 55 30 or
1992 1457 259 49 published
2284 1468 55 31 as

329 1527 26 29 a
394 1517 227 47 separate
659 1515 147 40 work.
872 1514 135 48 They
1043 1525 126 30 were
1207 1515 247 40 scattered
1492 1514 212 49 through
1743 1514 80 41 the
1862 1517 154 38 tomes
2055 1514 53 41 of
2144 1514 195 42 Palöu’s

330 1573 119 40 New
475 1571 288 49 California,
791 1572 98 39 and
913 1582 86 29 are
1024 1571 114 41 here
1167 1571 251 48 reprinted
1442 1571 130 41 from
1599 1582 80 37 my
1705 1571 204 49 English
1936 1571 187 41 edition
2151 1572 52 41 of
2230 1572 109 41 that

331 1630 204 41 treatise
577 1629 276 49 (Berkeley,
885 1627 163 50 1926),
1080 1628 122 42 with
1233 1628 83 41 the
1347 1628 223 42 addition
1604 1627 53 43 of
1687 1630 190 39 several
1910 1628 271 49 important
330 1628 1992 99 hitherto

490 1686 327 49 unpublished
872 1687 298 47 documents,
1227 1697 28 30 a
1312 1686 181 49 special
1549 1686 349 48 introduction,
1955 1687 97 39 and
2110 1685 227 42 editorial

328 1743 365 41 notes.”—Pref

328 1797 52 52 ©
414 1803 115 46 May
559 1802 68 46 16,
658 1801 142 40 1927:
830 1800 68 41 2c.
929 1801 112 40 Feb.
1071 1802 69 46 17,
1170 1801 142 46 1928;
1346 1801 82 40 aff.
1458 1802 111 39 Feb.
1598 1801 83 46 23;
1715 1801 44 39 A
1783 1800 230 47 1061918;
2045 1802 213 47 Regents
2288 1802 53 40 of

399 1859 85 40 the
512 1859 140 40 Univ.
682 1858 54 41 of
764 1858 288 46 California,
1081 1858 252 48 Berkeley,
1364 1858 145 41 Calif.
1575 1857 253 49 (28-6102)

327 1939 240 63 Crouse,
601 1938 189 54 Nellis
819 1938 313 64 Maynard,
1167 1941 172 51 1884-

399 2017 75 52 In
509 2022 161 63 quest
704 2015 65 55 of
803 2017 97 53 the
935 2022 240 47 western
1211 2034 190 51 ocean,
1436 2016 76 70 by
1550 2016 185 54 Nellis
1768 2016 80 53 M.
1888 2016 232 69 Crouse,
2155 2035 99 35 ph.
2290 2036 48 34 n.

327 2095 142 54 New
497 2094 181 69 York,
704 2096 90 53 W.
820 2095 254 53 Morrow
1100 2097 47 51 &
1172 2113 81 35 co.
1288 2128 13 34 [
1306 2100 18 22 c
1329 2097 152 65 1928]

399 2176 1176 51 ix p., 2 l., 480 p. maps (part fold.) 22ᶜᵐ.
400 2236 379 48 Bibliography:
809 2247 45 38 p.
884 2234 222 43 453-456.

331 2290 52 52 ©
410 2294 113 41 Feb.
550 2294 69 47 23,
646 2294 141 40 1928:
815 2294 67 40 2c.
911 2295 95 38 and
1032 2293 83 41 aff.
1143 2294 111 39 Feb.
1281 2293 82 40 25:
1393 2294 39 38 A
1458 2293 229 40 1061940;
1718 2293 216 41 William
1961 2296 211 38 Morrow
2198 2296 35 38 &
2259 2307 81 35 co.,

400 2351 93 42 inc.
564 2351 253 50 (28-6172)

326 2432 217 64 Digby,
578 2431 228 65 George
839 2432 265 63 Bassett,
1140 2435 172 50 1888-

399 2509 1941 71 Tigers, gold, and witch-doctors, by Bassett Digby … New
329 2589 182 68 York,
538 2589 314 68 Harcourt,
882 2590 181 52 Brace
1092 2589 114 53 and
1238 2606 281 51 company
1555 2621 13 34 [
1573 2594 18 22 c
1597 2590 133 51 1928
1736 2621 13 34 ]

400 2673 86 40 341
516 2683 43 37 p.
619 2671 165 48 front.,
815 2673 172 47 plates.
1047 2671 149 41 22½ᶜᵐ.

402 2730 74 40 An
506 2732 206 40 account
743 2730 52 40 of
826 2729 193 48 “things
1049 2729 109 40 that
1190 2730 22 38 I
1242 2729 155 40 found
1428 2731 84 38 out
1541 2729 49 39 in
1620 2730 81 39 the
1733 2739 169 31 course
1935 2730 51 40 of
2014 2741 80 38 my
331 2732 1993 104 wanderings
469 2787 51 41 in
554 2787 341 48 Siberia.”·—p.
924 2788 41 40 1.

333 2842 52 52 ©
417 2846 111 40 Feb.
559 2845 39 46 9,
628 2845 141 46 1928;
801 2846 67 40 2c.
898 2846 96 39 and
1022 2844 82 41 aff.
1135 2845 112 40 Feb.
1276 2845 82 42 23:
1389 2845 42 39 A
1459 2845 229 47 1061888;
1719 2846 264 48 Harcourt,
2012 2847 156 40 Brace
2198 2848 36 40 &
2260 2860 82 35 co.,

402 2903 92 41 inc.
565 2903 253 49 (28-6176)

328 2968 300 64 Donehoo,
665 2969 229 63 George
929 2969 340 62 Patterson,
1309 2971 171 50 1862-

404 3047 57 53 A
484 3047 223 69 history
730 3046 64 54 of
818 3047 96 53 the
938 3046 214 54 Indian
1176 3046 241 69 villages
1440 3047 114 53 and
1579 3048 160 67 place
1761 3066 193 36 names
1979 3048 60 53 in
333 3049 1986 144 Pennsylvania,

561 3125 142 53 with
739 3143 303 35 numerous
1078 3125 299 52 historical
1412 3129 158 49 notes
1608 3126 114 53 and
1757 3125 335 70 references,
2126 3127 78 69 by
2237 3129 104 53 Dr.

317 3202 1835 70 George P. Donehoo … With an introduction by the Hon.
333 3207 2008 147 Warren K. Moorehead … Harrisburg, Pa., The Telegraph press
354 3363 176 64 [ c 1928]
403 3442 97 48 xiv,
533 3441 87 41 290
648 3453 43 37 p.
750 3441 58 40 24
810 3444 45 22 ᶜᵐ
860 3474 9 8 .

403 3500 162 40 Blank
592 3509 148 39 pages
767 3498 81 41 for
878 3498 206 41 “Notes”
1113 3499 347 48 interspersed.

405 3556 260 41 “Author’s
696 3557 275 47 autograph
1002 3555 198 42 edition.
1261 3555 212 42 Limited
1502 3558 50 40 to
1581 3557 93 41 five
1705 3558 223 40 hundred
1958 3559 204 48 copies.”
2223 3560 119 40 This

333 3624 122 39 copy
480 3616 85 38 not
592 3614 265 40 numbered
885 3625 53 28 or
967 3614 353 47 autographed.

404 3671 380 49 Bibliography:
814 3682 45 37 p.
888 3670 219 42 288-290.

335 3726 52 52 ©
422 3730 111 39 Feb.
566 3730 68 46 18,
669 3728 118 40 1928;
845 3729 66 39 2c.
947 3729 111 39 Feb.
1091 3729 82 46 23;
1209 3728 83 40 aff.
1326 3729 111 40 Feb.
1470 3729 82 41 24:
1588 3730 41 38 A
1660 3729 231 49 1018929;
1926 3732 52 40 G.
2011 3733 52 39 P.
2096 3733 244 46 Donehoo,

405 3786 318 47 Harrisburg,
746 3787 83 39 Pa.
901 3785 252 48 (28-6173)

334 3850 251 64 Drerup,
623 3851 343 64 Engelbert,
1004 3851 173 55 1871-

465 3947 72 34 Von
577 3930 100 52 der
715 3929 352 69 lebensreise,
1103 3948 141 35 neue
1284 3930 262 70 gedichte
1585 3948 112 35 von
1739 3931 316 72 Engelbert
2094 3933 248 69 Drerup.

335 4006 277 70 Aichach,
639 4008 65 53 L.
736 4007 255 70 Schütte,
1022 4008 151 55 1927.
