2498 4384
990 4086 136 60 1097

55 439 316 55 American
403 438 359 54 arbitration
794 435 376 55 association.

133 517 373 70 Suggestions
547 516 94 53 for
679 516 96 53 the
814 514 249 69 practice
1103 514 66 53 of
1208 511 358 55 commercial
1609 511 344 54 arbitration
1994 511 61 53 in

58 596 97 53 the
179 596 217 54 United
427 594 206 68 States,
659 594 283 68 prepared
969 593 75 68 by
1072 592 96 53 the
1194 591 310 54 American
1533 590 345 54 arbitration

59 608 1970 131 association … New York, Oxford university press, 1928.
127 753 405 51 v, 247 p. 24 ᶜᵐ .
131 826 239 47 Includes,
402 824 50 40 in
485 835 27 29 a
545 834 133 31 more
710 823 393 49 comprehensive
1135 823 145 48 form,
1315 823 82 40 the
1430 822 229 41 material
1691 821 166 41 issued
1890 821 51 40 in
1974 822 80 41 the

60 881 335 42 association’s
431 882 163 40 leaflet
630 881 204 41 entitled
872 880 345 49 “Suggestions
1252 880 80 40 for
1368 880 83 40 the
1487 879 238 49 guidance

1761 878 53 41 of
57 879 1981 101 arbitrators”.
264 940 61 48 cf.
352 939 277 40 Foreword.

132 995 68 40 “A
245 1005 249 37 summary
541 995 52 40 of
640 995 82 40 the
768 995 213 40 statutes
1029 992 267 50 governing
1343 992 306 42 commercial
1699 991 356 42 arbitration”:

57 1062 43 38 p.
134 1051 219 42 107-205.
416 1052 129 40 “The
579 1051 180 42 United
795 1050 164 42 States
995 1050 294 41 arbitration
1326 1049 137 42 act”:
1499 1061 44 38 p.
1579 1050 220 41 207-215.

62 1121 52 52 ©
149 1125 127 39 June
308 1125 69 46 14,
413 1124 117 40 1928
545 1135 8 36 ;
591 1124 67 40 2c.
692 1124 97 39 and
824 1122 81 42 aff.
942 1123 117 47 July
1092 1123 83 46 27;
1213 1123 44 39 A
1290 1122 230 47 1082727;
1558 1121 189 42 Oxford
1783 1121 274 48 university

126 1192 150 37 press,
306 1180 258 41 American
593 1180 197 41 branch.
861 1179 281 49 (28-18368)

51 1290 215 62 Bacon,
298 1288 338 54 Alexander
668 1287 255 65 Samuel,
958 1291 326 51 1853-1920.

126 1368 122 52 The
287 1367 249 69 original
576 1367 268 53 calendar
884 1366 66 54 of
986 1366 251 53 thirteen
1276 1366 230 53 months
1546 1364 65 55 of
1651 1365 405 70 twenty-eight

57 1447 141 67 days
225 1445 152 67 each,
406 1445 182 53 called
616 1444 249 55 Ancient
893 1445 313 67 calendars,
1234 1444 77 70 by
1340 1443 120 56 Col.
1490 1443 332 54 Alexander
1854 1443 57 56 S.

55 1446 2001 147 Bacon, revised by Samuel Walter Gamble … Long Beach, Calif.,
57 1603 134 51 1928.

124 1682 834 50 1 p., l., [25] p. fold. tab. 23ᶜᵐ.
126 1753 380 41 “References”:
539 1764 43 38 p.
619 1752 84 51 [19]

60 1821 52 52 ©
140 1826 117 47 July
283 1825 68 47 16,
379 1824 118 41 1928
512 1836 8 36 ;
550 1826 68 39 2c.
647 1826 97 39 and
771 1824 82 42 aff.
882 1825 117 49 July
1024 1826 84 46 27;
1139 1826 41 39 A
1207 1825 231 48 1082748;
1473 1826 195 41 Samuel
1697 1828 189 40 Walter

126 1827 1911 104 Gamble,
243 1882 134 49 Long
402 1882 177 48 Beach,
609 1882 145 43 Calif.
824 1882 281 50 (28-18307)

49 1989 253 65 Badger,
332 1990 192 64 Ralph
554 1991 308 53 Eastman.

118 2067 233 69 Badger
393 2087 73 34 on
510 2068 344 53 investment
892 2067 313 70 principles
1249 2071 113 52 and
1405 2069 295 69 practices,
1741 2070 77 69 by
1860 2070 196 69 Ralph

48 2144 1935 73 Eastman Badger … New York, Prentice-Hall, inc., 1928.
222 2261 8 16 xxv,
262 2229 85 41 915
376 2241 44 37 p.
451 2230 110 40 incl.
590 2229 144 49 illus.,
766 2230 193 49 diagrs.,
990 2230 170 41 forms.
1218 2229 150 44 23½ᶜᵐ.

121 2300 281 41 “Classified
441 2300 340 49 bibliography
816 2302 96 39 and
948 2302 212 40 selected
1197 2301 286 49 readings”:
1521 2313 44 38 p.
1602 2301 218 43 873-900.

59 2366 51 54 ©
141 2370 126 42 June
296 2370 69 49 19,
394 2370 143 49 1928;
567 2372 68 41 2c.
665 2372 95 40 and
790 2371 84 43 aff.
903 2372 117 49 July
1047 2372 84 48 24;
1163 2372 41 40 A
1234 2372 230 50 1083367;
1498 2374 377 49 Prentice-Hall,
1905 2374 93 42 inc.

136 2428 282 50 (28-18301)

47 2546 340 66 Beresford,
421 2546 156 56 John
611 2549 222 63 Davys,
870 2548 173 56 1873-

124 2624 121 52 The
271 2623 346 54 instrument
640 2623 66 54 of
731 2624 243 69 destiny,
1002 2643 33 35 a
1062 2625 278 54 detective
1365 2632 176 64 story,
1567 2627 77 70 by

56 2627 1972 147 J. D. Beresford … London [etc. ] W. Collins sons & co. ltd. [1928]
123 2793 43 38 v,
194 2783 99 48 243,
325 2784 56 50 [1]
412 2794 44 38 p.
515 2783 147 44 19½ᶜᵐ.

58 2850 1994 59 © 1c. July 16, 1928; A ad int. 11454; pubd. May 17; J. D. Beresford,
125 2913 212 40 London.
408 2913 256 48 (28-19283
674 2912 15 49 )

51 3005 306 65 Brigham,
388 3006 212 55 Albert
629 3007 205 64 Perry,
867 3010 170 51 1855-

118 3082 1936 77 Geology, by Albert Perry Brigham … Rev. and expanded
45 3160 2011 78 by Frederick A. Burt … New York, London, D. Appleton
47 3240 113 52 and
191 3258 296 50 company,
521 3243 150 50 1928.

153 3355 8 16 x,
191 3323 86 41 554
305 3334 44 38 p.
407 3323 166 49 front.,
603 3324 145 49 illus.,
778 3324 181 49 diagrs.
1016 3324 119 43 21ᶜᵐ.

119 3393 296 40 “Reference
445 3392 285 49 readings”:
762 3404 43 38 p.
835 3394 218 42 521-533.

118 3449 264 40 Published
414 3449 50 40 in
497 3448 114 42 1901
645 3451 154 39 under
832 3449 135 41 title:
1002 3451 43 39 A
1076 3452 252 41 text-book
1360 3453 52 41 of
1442 3456 213 48 geology.

59 3515 52 52 ©
138 3520 116 47 July
279 3519 69 48 27,
375 3518 143 48 1928;
546 3520 68 40 2c.
642 3520 96 39 and
764 3518 82 42 aff.
875 3520 116 48 July
1017 3520 82 47 31;
1129 3521 42 39 A
1198 3520 229 50 1083428;
1459 3523 56 42 D.
1543 3525 240 48 Appleton
1812 3528 37 40 &
1875 3540 53 29 co

135 3574 281 50 (28-18381)

50 3668 202 63 Brink,
284 3669 309 62 Raymond
626 3669 364 63 Woodward,
1028 3673 171 50 1890-
1381 3672 82 54 ed.

117 3745 396 69 Logarithmic
551 3747 113 52 and
702 3747 433 68 trigonometric
1171 3749 199 68 tables,
1410 3751 188 55 edited
1635 3753 76 70 by
1747 3756 302 70 Raymond

47 3823 1894 80 W. Brink … New York, London, The Century co. [ᶜ1928]
117 3904 804 51 2 p. l. , 110 p. 20½ᶜᵐ. $1.20
59 3973 52 53 ©
140 3978 115 48 July
279 3977 71 49 24,
377 3976 118 41 1928
510 3988 8 36 ;
548 3976 67 41 2c.
644 3977 95 40 and
766 3975 82 43 aff.
878 3977 116 49 July
1019 3977 84 49 28;
1133 3978 41 40 A
1202 3978 231 52 1083397;
1465 3981 216 53 Century
1707 3998 54 33 co

136 4034 281 49 (28-18380)
