<alto xmlns="http://www.loc.gov/standards/alto/ns-v3#" xmlns:xlink="http://www.w3.org/1999/xlink" xmlns:xsi="http://www.w3.org/2001/XMLSchema-instance" xsi:schemaLocation="http://www.loc.gov/standards/alto/ns-v3# http://www.loc.gov/alto/v3/alto-3-0.xsd"><Description>
<MeasurementUnit>pixel</MeasurementUnit>
<sourceImageInformation>
<fileName>1928_v25_part001.pdf</fileName>
</sourceImageInformation>
<OCRProcessing ID="IdOcr">
<ocrProcessingStep>
<processingDateTime>2019-04-12</processingDateTime>
<processingSoftware>
<softwareCreator>ABBYY</softwareCreator>
<softwareName>ABBYY Recognition Server</softwareName>
<softwareVersion>4.0</softwareVersion>
</processingSoftware>
</ocrProcessingStep>
</OCRProcessing>
</Description>
<Styles>
<ParagraphStyle ID="StyleId-FFFFFFFF-FFFF-FFFF-FFFF-FFFFFFFFFFFF-" ALIGN="Left" LEFT="0." RIGHT="0." FIRSTLINE="0."/>
<ParagraphStyle ID="StyleId-0ECAC0CE-E1F0-4C69-A1B9-95E16886343B-" ALIGN="Left" LEFT="0." RIGHT="0." FIRSTLINE="0." LINESPACE="8.300000191"/>
<ParagraphStyle ID="StyleId-5C6F7A30-EC6F-4250-A8D3-0AE106DCDB5D-" ALIGN="Left" LEFT="0." RIGHT="0." FIRSTLINE="-13." LINESPACE="11.22999954"/>
<ParagraphStyle ID="StyleId-B258737E-7AF8-4B71-A0BF-0A1420B951F9-" ALIGN="Left" LEFT="0." RIGHT="0." FIRSTLINE="-13." LINESPACE="8.210000038"/>
<ParagraphStyle ID="StyleId-35C0EFA5-E89E-4731-B16E-5D3895F12270-" ALIGN="Block" LEFT="0." RIGHT="0." FIRSTLINE="-12." LINESPACE="11.22999954"/>
<ParagraphStyle ID="StyleId-7BD1F9B4-14BB-4AAF-864B-FED8FEA7DC43-" ALIGN="Left" LEFT="0." RIGHT="0." FIRSTLINE="0."/>
<ParagraphStyle ID="StyleId-CD2DA0E5-536D-42AE-AE16-8D9F5C008D5A-" ALIGN="Block" LEFT="0." RIGHT="0." FIRSTLINE="-12." LINESPACE="10."/>
<ParagraphStyle ID="StyleId-AF408F88-EED5-4CE2-A229-3F852C18D9BD-" ALIGN="Block" LEFT="0." RIGHT="0." FIRSTLINE="-14." LINESPACE="10."/>
<ParagraphStyle ID="StyleId-829CD741-943D-4B7B-9638-57AB73DE2567-" ALIGN="Center" LEFT="0." RIGHT="0." FIRSTLINE="0." LINESPACE="9.399999619"/>
<ParagraphStyle ID="StyleId-B271BDFA-6037-4875-BA99-885A067668E9-" ALIGN="Left" LEFT="0." RIGHT="0." FIRSTLINE="-14." LINESPACE="11.21000004"/>
<ParagraphStyle ID="StyleId-64F9C1D8-EA12-4F65-AD18-B72A4C6B556F-" ALIGN="Center" LEFT="0." RIGHT="0." FIRSTLINE="0." LINESPACE="11.60000038"/>
<ParagraphStyle ID="StyleId-44DA2756-E57B-4EF3-9BA4-FC1C14776DE3-" ALIGN="Left" LEFT="0." RIGHT="0." FIRSTLINE="-12." LINESPACE="12.19999981"/>
<ParagraphStyle ID="StyleId-D1D9AF19-8CA6-4F74-9AEC-1B4545205AD7-" ALIGN="Center" LEFT="0." RIGHT="0." FIRSTLINE="0." LINESPACE="11.60000038"/>
<ParagraphStyle ID="StyleId-3ADA1556-6D19-417D-8046-68449BF368BA-" ALIGN="Left" LEFT="0." RIGHT="0." FIRSTLINE="-13." LINESPACE="12.19999981"/>
<ParagraphStyle ID="StyleId-7443A930-B325-44B5-9AB8-B42B4EC78C89-" ALIGN="Block" LEFT="0." RIGHT="0." FIRSTLINE="13." LINESPACE="8.619999886"/>
<ParagraphStyle ID="StyleId-C9A9E480-E448-4934-9AF8-3D252792E396-" ALIGN="Left" LEFT="0." RIGHT="0." FIRSTLINE="-12." LINESPACE="11.38000011"/>
<ParagraphStyle ID="StyleId-73039842-464C-49B9-9440-4C0D0E749DFE-" ALIGN="Center" LEFT="0." RIGHT="0." FIRSTLINE="0." LINESPACE="11.10000038"/>
<ParagraphStyle ID="StyleId-C51F6AC2-80DA-4C65-849C-6E2D5F548EA4-" ALIGN="Left" LEFT="0." RIGHT="0." FIRSTLINE="0." LINESPACE="7.699999809"/>
<ParagraphStyle ID="StyleId-494190D9-BDDC-4834-A745-6AF520F91CD0-" ALIGN="Block" LEFT="0." RIGHT="0." FIRSTLINE="-12." LINESPACE="11.22999954"/>
<ParagraphStyle ID="StyleId-68D39D31-3386-4B28-8C90-DA9420961D78-" ALIGN="Left" LEFT="0." RIGHT="0." FIRSTLINE="0." LINESPACE="11.60000038"/>
<ParagraphStyle ID="StyleId-DF0CE7C7-E73E-44FE-8867-C904BD7F3F42-" ALIGN="Block" LEFT="0." RIGHT="0." FIRSTLINE="0." LINESPACE="12.19999981"/>
</Styles>
<Layout>
<Page ID="Page1836" PHYSICAL_IMG_NR="1836" HEIGHT="4384" WIDTH="2498">
<TopMargin HEIGHT="418" WIDTH="2498" VPOS="0" HPOS="0">
</TopMargin>
<LeftMargin HEIGHT="3722" WIDTH="390" VPOS="418" HPOS="0">
</LeftMargin>
<RightMargin HEIGHT="3722" WIDTH="64" VPOS="418" HPOS="2434">
</RightMargin>
<BottomMargin HEIGHT="244" WIDTH="2498" VPOS="4140" HPOS="0">
</BottomMargin>
<PrintSpace HEIGHT="3722" WIDTH="2044" VPOS="418" HPOS="390">
<TextBlock ID="Page1836_Block1" HEIGHT="70" WIDTH="154" VPOS="4070" HPOS="1334" LANG="en-US" STYLEREFS="StyleId-39762C2C-C6E6-4E58-A8EF-9E9367AA0CC3-">
<TextLine HEIGHT="49" WIDTH="134" VPOS="4081" HPOS="1344">
<String CONTENT="1836" HEIGHT="49" WIDTH="134" VPOS="4081" HPOS="1344"/>
</TextLine>
</TextBlock>
<TextBlock ID="Page1836_Block2" HEIGHT="3654" WIDTH="2044" VPOS="418" HPOS="390" LANG="en-US" CS="1" STYLEREFS="StyleId-7CFF8BCE-D10E-4DC9-B5EF-42DF1FE6DCB4-">
<TextLine HEIGHT="67" WIDTH="1120" VPOS="429" HPOS="400" STYLEREFS="StyleId-9C93D8FE-CF2A-4360-8224-23129F71C42B-">
<String CONTENT="Ossendowski," HEIGHT="65" WIDTH="439" VPOS="431" HPOS="400"/>
<SP HEIGHT="64" WIDTH="38" VPOS="432" HPOS="840"/>
<String CONTENT="Ferdynand" HEIGHT="63" WIDTH="357" VPOS="431" HPOS="879"/>
<SP HEIGHT="54" WIDTH="38" VPOS="429" HPOS="1237"/>
<String CONTENT="Antoni." HEIGHT="54" WIDTH="244" VPOS="429" HPOS="1276"/>
</TextLine>
<TextLine HEIGHT="73" WIDTH="1934" VPOS="503" HPOS="474" STYLEREFS="StyleId-39762C2C-C6E6-4E58-A8EF-9E9367AA0CC3-" CS="1">
<String CONTENT="Slaves" HEIGHT="56" WIDTH="200" VPOS="509" HPOS="474"/>
<SP HEIGHT="35" WIDTH="46" VPOS="527" HPOS="675"/>
<String CONTENT="of" HEIGHT="53" WIDTH="65" VPOS="508" HPOS="722"/>
<SP HEIGHT="53" WIDTH="48" VPOS="508" HPOS="788"/>
<String CONTENT="the" HEIGHT="52" WIDTH="98" VPOS="509" HPOS="837"/>
<SP HEIGHT="34" WIDTH="49" VPOS="527" HPOS="936"/>
<String CONTENT="sun," HEIGHT="48" WIDTH="123" VPOS="527" HPOS="986"/>
<SP HEIGHT="67" WIDTH="49" VPOS="508" HPOS="1110"/>
<String CONTENT="by" HEIGHT="68" WIDTH="76" VPOS="508" HPOS="1160"/>
<SP HEIGHT="69" WIDTH="50" VPOS="507" HPOS="1237"/>
<String CONTENT="Ferdinand" HEIGHT="53" WIDTH="336" VPOS="507" HPOS="1288"/>
<SP HEIGHT="55" WIDTH="51" VPOS="505" HPOS="1625"/>
<String CONTENT="Ossendowski" HEIGHT="56" WIDTH="398" VPOS="504" HPOS="1677"/>
<SP HEIGHT="52" WIDTH="61" VPOS="504" HPOS="2076"/>
<String CS="1" CONTENT="&#8230;"/>
<SP HEIGHT="53" WIDTH="78" VPOS="503" HPOS="2194"/>
<String CONTENT="New" HEIGHT="52" WIDTH="135" VPOS="503" HPOS="2273"/>
</TextLine>
<TextLine HEIGHT="71" WIDTH="1197" VPOS="585" HPOS="403" STYLEREFS="StyleId-39762C2C-C6E6-4E58-A8EF-9E9367AA0CC3-" CS="1">
<String CONTENT="York," HEIGHT="69" WIDTH="181" VPOS="587" HPOS="403"/>
<SP HEIGHT="69" WIDTH="28" VPOS="587" HPOS="585"/>
<String CONTENT="E." HEIGHT="53" WIDTH="67" VPOS="587" HPOS="614"/>
<SP HEIGHT="52" WIDTH="28" VPOS="588" HPOS="682"/>
<String CONTENT="P." HEIGHT="52" WIDTH="67" VPOS="588" HPOS="711"/>
<SP HEIGHT="53" WIDTH="28" VPOS="587" HPOS="779"/>
<String CONTENT="Dutton" HEIGHT="52" WIDTH="226" VPOS="587" HPOS="808"/>
<SP HEIGHT="50" WIDTH="26" VPOS="588" HPOS="1035"/>
<String CONTENT="&amp;" HEIGHT="50" WIDTH="46" VPOS="588" HPOS="1062"/>
<SP HEIGHT="50" WIDTH="26" VPOS="588" HPOS="1109"/>
<String CONTENT="co.," HEIGHT="48" WIDTH="99" VPOS="604" HPOS="1136"/>
<SP HEIGHT="67" WIDTH="28" VPOS="585" HPOS="1236"/>
<String CONTENT="inc." HEIGHT="53" WIDTH="108" VPOS="585" HPOS="1265"/>
<SP HEIGHT="33" WIDTH="32" VPOS="618" HPOS="1374"/>
<String STYLE="subscript" CS="1" CONTENT="[&#7580;"/>
<String CONTENT="1928" HEIGHT="50" WIDTH="133" VPOS="587" HPOS="1449"/>
<String STYLE="subscript" CONTENT="]" HEIGHT="33" WIDTH="12" VPOS="617" HPOS="1588"/>
</TextLine>
<TextLine HEIGHT="52" WIDTH="916" VPOS="667" HPOS="540" CS="1">
<String CS="1" CONTENT="xv," HEIGHT="16" WIDTH="8" VPOS="703" HPOS="540"/>
<SP HEIGHT="47" WIDTH="27" VPOS="672" HPOS="549"/>
<String CONTENT="489" HEIGHT="40" WIDTH="87" VPOS="671" HPOS="577"/>
<SP HEIGHT="47" WIDTH="26" VPOS="671" HPOS="665"/>
<String CONTENT="p." HEIGHT="37" WIDTH="44" VPOS="681" HPOS="692"/>
<SP HEIGHT="41" WIDTH="26" VPOS="670" HPOS="737"/>
<String CONTENT="incl." HEIGHT="41" WIDTH="111" VPOS="670" HPOS="764"/>
<SP HEIGHT="41" WIDTH="25" VPOS="670" HPOS="876"/>
<String CONTENT="front.," HEIGHT="46" WIDTH="164" VPOS="670" HPOS="902"/>
<SP HEIGHT="36" WIDTH="29" VPOS="680" HPOS="1067"/>
<String CONTENT="maps." HEIGHT="37" WIDTH="153" VPOS="679" HPOS="1097"/>
<SP HEIGHT="42" WIDTH="57" VPOS="667" HPOS="1251"/>
<String CS="1" CONTENT="21&#189;" HEIGHT="40" WIDTH="55" VPOS="667" HPOS="1309"/>
<String STYLE="superscript" CS="1" CONTENT="&#7580;&#7504;"/>
<String CONTENT="." HEIGHT="8" WIDTH="7" VPOS="700" HPOS="1449"/>
</TextLine>
<TextLine HEIGHT="53" WIDTH="1934" VPOS="734" HPOS="471">
<String CONTENT="An" HEIGHT="40" WIDTH="76" VPOS="741" HPOS="471"/>
<SP HEIGHT="29" WIDTH="26" VPOS="751" HPOS="548"/>
<String CONTENT="account" HEIGHT="38" WIDTH="206" VPOS="743" HPOS="575"/>
<SP HEIGHT="37" WIDTH="27" VPOS="743" HPOS="782"/>
<String CONTENT="of" HEIGHT="39" WIDTH="52" VPOS="741" HPOS="810"/>
<SP HEIGHT="38" WIDTH="28" VPOS="741" HPOS="863"/>
<String CONTENT="a" HEIGHT="29" WIDTH="28" VPOS="750" HPOS="892"/>
<SP HEIGHT="46" WIDTH="27" VPOS="741" HPOS="921"/>
<String CONTENT="journey" HEIGHT="46" WIDTH="209" VPOS="741" HPOS="949"/>
<SP HEIGHT="45" WIDTH="28" VPOS="741" HPOS="1159"/>
<String CONTENT="through" HEIGHT="47" WIDTH="214" VPOS="739" HPOS="1188"/>
<SP HEIGHT="38" WIDTH="26" VPOS="739" HPOS="1403"/>
<String CONTENT="the" HEIGHT="38" WIDTH="83" VPOS="739" HPOS="1430"/>
<SP HEIGHT="29" WIDTH="27" VPOS="748" HPOS="1514"/>
<String CONTENT="western" HEIGHT="37" WIDTH="208" VPOS="740" HPOS="1542"/>
<SP HEIGHT="37" WIDTH="30" VPOS="747" HPOS="1751"/>
<String CONTENT="part" HEIGHT="45" WIDTH="112" VPOS="739" HPOS="1782"/>
<SP HEIGHT="37" WIDTH="27" VPOS="739" HPOS="1895"/>
<String CONTENT="of" HEIGHT="40" WIDTH="52" VPOS="736" HPOS="1923"/>
<SP HEIGHT="40" WIDTH="26" VPOS="736" HPOS="1976"/>
<String CONTENT="tropical" HEIGHT="48" WIDTH="207" VPOS="735" HPOS="2003"/>
<SP HEIGHT="39" WIDTH="28" VPOS="735" HPOS="2211"/>
<String CONTENT="Africa" HEIGHT="40" WIDTH="165" VPOS="734" HPOS="2240"/>
</TextLine>
<TextLine HEIGHT="41" WIDTH="211" VPOS="799" HPOS="400">
<String CONTENT="in" HEIGHT="39" WIDTH="51" VPOS="800" HPOS="400"/>
<SP HEIGHT="39" WIDTH="28" VPOS="800" HPOS="452"/>
<String CONTENT="1926." HEIGHT="41" WIDTH="130" VPOS="799" HPOS="481"/>
</TextLine>
<TextLine HEIGHT="55" WIDTH="2003" VPOS="862" HPOS="408">
<String CONTENT="&#169;" HEIGHT="52" WIDTH="53" VPOS="865" HPOS="408"/>
<SP HEIGHT="52" WIDTH="31" VPOS="865" HPOS="462"/>
<String CONTENT="Oct." HEIGHT="41" WIDTH="103" VPOS="869" HPOS="494"/>
<SP HEIGHT="40" WIDTH="29" VPOS="870" HPOS="598"/>
<String CONTENT="26," HEIGHT="47" WIDTH="70" VPOS="869" HPOS="628"/>
<SP HEIGHT="46" WIDTH="32" VPOS="870" HPOS="699"/>
<String CONTENT="1928;" HEIGHT="46" WIDTH="142" VPOS="868" HPOS="732"/>
<SP HEIGHT="45" WIDTH="31" VPOS="869" HPOS="875"/>
<String CONTENT="2c." HEIGHT="38" WIDTH="68" VPOS="869" HPOS="907"/>
<SP HEIGHT="40" WIDTH="31" VPOS="867" HPOS="976"/>
<String CONTENT="Oct." HEIGHT="41" WIDTH="104" VPOS="867" HPOS="1008"/>
<SP HEIGHT="41" WIDTH="28" VPOS="867" HPOS="1113"/>
<String CONTENT="31;" HEIGHT="46" WIDTH="84" VPOS="867" HPOS="1142"/>
<SP HEIGHT="36" WIDTH="34" VPOS="877" HPOS="1227"/>
<String CONTENT="aff." HEIGHT="41" WIDTH="84" VPOS="866" HPOS="1262"/>
<SP HEIGHT="40" WIDTH="28" VPOS="867" HPOS="1347"/>
<String CONTENT="Nov." HEIGHT="38" WIDTH="119" VPOS="867" HPOS="1376"/>
<SP HEIGHT="40" WIDTH="30" VPOS="865" HPOS="1496"/>
<String CONTENT="2;" HEIGHT="47" WIDTH="54" VPOS="865" HPOS="1527"/>
<SP HEIGHT="47" WIDTH="32" VPOS="865" HPOS="1582"/>
<!-- cceid 29EF472B-6CB2-1014-A20E-B9D6251C946A --><String CONTENT="A" HEIGHT="38" WIDTH="43" VPOS="865" HPOS="1615"/>
<SP HEIGHT="38" WIDTH="29" VPOS="865" HPOS="1659"/>
<String CONTENT="1431;" HEIGHT="47" WIDTH="141" VPOS="864" HPOS="1689"/>
<SP HEIGHT="46" WIDTH="35" VPOS="865" HPOS="1831"/>
<String CONTENT="E." HEIGHT="38" WIDTH="53" VPOS="865" HPOS="1867"/>
<SP HEIGHT="39" WIDTH="31" VPOS="864" HPOS="1921"/>
<String CONTENT="P." HEIGHT="39" WIDTH="52" VPOS="864" HPOS="1953"/>
<SP HEIGHT="40" WIDTH="31" VPOS="863" HPOS="2006"/>
<String CONTENT="Dutton" HEIGHT="40" WIDTH="190" VPOS="863" HPOS="2038"/>
<SP HEIGHT="40" WIDTH="31" VPOS="862" HPOS="2229"/>
<String CONTENT="&amp;" HEIGHT="40" WIDTH="36" VPOS="862" HPOS="2261"/>
<SP HEIGHT="40" WIDTH="29" VPOS="862" HPOS="2298"/>
<String CONTENT="co.," HEIGHT="37" WIDTH="83" VPOS="872" HPOS="2328"/>
</TextLine>
<TextLine HEIGHT="50" WIDTH="442" VPOS="924" HPOS="475">
<String CONTENT="inc." HEIGHT="40" WIDTH="92" VPOS="926" HPOS="475"/>
<SP HEIGHT="48" WIDTH="66" VPOS="926" HPOS="568"/>
<String CONTENT="(28-28578)" HEIGHT="50" WIDTH="282" VPOS="924" HPOS="635"/>
</TextLine>
<TextLine HEIGHT="67" WIDTH="1053" VPOS="1017" HPOS="401" STYLEREFS="StyleId-9C93D8FE-CF2A-4360-8224-23129F71C42B-">
<String CONTENT="Patrick," HEIGHT="65" WIDTH="263" VPOS="1019" HPOS="401"/>
<SP HEIGHT="64" WIDTH="28" VPOS="1020" HPOS="665"/>
<String CONTENT="Mason" HEIGHT="52" WIDTH="210" VPOS="1020" HPOS="694"/>
<SP HEIGHT="52" WIDTH="28" VPOS="1019" HPOS="905"/>
<String CONTENT="Mathews," HEIGHT="64" WIDTH="316" VPOS="1017" HPOS="934"/>
<SP HEIGHT="59" WIDTH="31" VPOS="1022" HPOS="1251"/>
<String CONTENT="1863-" HEIGHT="49" WIDTH="171" VPOS="1022" HPOS="1283"/>
</TextLine>
<TextLine HEIGHT="70" WIDTH="1752" VPOS="1092" HPOS="479" STYLEREFS="StyleId-39762C2C-C6E6-4E58-A8EF-9E9367AA0CC3-" CS="1">
<String CONTENT="The" HEIGHT="52" WIDTH="121" VPOS="1099" HPOS="479"/>
<SP HEIGHT="54" WIDTH="34" VPOS="1098" HPOS="601"/>
<String CONTENT="United" HEIGHT="56" WIDTH="218" VPOS="1096" HPOS="636"/>
<SP HEIGHT="55" WIDTH="35" VPOS="1095" HPOS="855"/>
<String CONTENT="States" HEIGHT="55" WIDTH="190" VPOS="1095" HPOS="891"/>
<SP HEIGHT="53" WIDTH="32" VPOS="1096" HPOS="1082"/>
<String CONTENT="in" HEIGHT="52" WIDTH="60" VPOS="1096" HPOS="1115"/>
<SP HEIGHT="48" WIDTH="33" VPOS="1100" HPOS="1176"/>
<String CONTENT="the" HEIGHT="52" WIDTH="99" VPOS="1096" HPOS="1210"/>
<SP HEIGHT="34" WIDTH="34" VPOS="1114" HPOS="1310"/>
<String CONTENT="air," HEIGHT="66" WIDTH="104" VPOS="1094" HPOS="1345"/>
<SP HEIGHT="66" WIDTH="32" VPOS="1094" HPOS="1450"/>
<String CONTENT="by" HEIGHT="68" WIDTH="75" VPOS="1094" HPOS="1483"/>
<SP HEIGHT="68" WIDTH="33" VPOS="1094" HPOS="1559"/>
<String CONTENT="Mason" HEIGHT="52" WIDTH="205" VPOS="1094" HPOS="1593"/>
<SP HEIGHT="52" WIDTH="31" VPOS="1093" HPOS="1799"/>
<String CONTENT="M." HEIGHT="53" WIDTH="82" VPOS="1093" HPOS="1831"/>
<SP HEIGHT="53" WIDTH="35" VPOS="1093" HPOS="1914"/>
<String CONTENT="Patrick" HEIGHT="53" WIDTH="241" VPOS="1092" HPOS="1950"/>
<SP HEIGHT="52" WIDTH="39" VPOS="1092" HPOS="2192"/>
<String CS="1" CONTENT="&#8230;"/>
</TextLine>
<TextLine HEIGHT="151" WIDTH="2007" VPOS="1092" HPOS="407" STYLEREFS="StyleId-39762C2C-C6E6-4E58-A8EF-9E9367AA0CC3-" CS="1">
<String CONTENT="introduction" HEIGHT="136" WIDTH="1982" VPOS="1092" HPOS="407"/>
<SP HEIGHT="53" WIDTH="40" VPOS="1174" HPOS="737"/>
<String CONTENT="by" HEIGHT="69" WIDTH="75" VPOS="1174" HPOS="778"/>
<SP HEIGHT="69" WIDTH="43" VPOS="1174" HPOS="854"/>
<String CONTENT="F." HEIGHT="52" WIDTH="66" VPOS="1174" HPOS="898"/>
<SP HEIGHT="52" WIDTH="43" VPOS="1174" HPOS="965"/>
<String CONTENT="Trubee" HEIGHT="53" WIDTH="224" VPOS="1173" HPOS="1009"/>
<SP HEIGHT="53" WIDTH="40" VPOS="1173" HPOS="1234"/>
<String CONTENT="Davison" HEIGHT="53" WIDTH="261" VPOS="1172" HPOS="1275"/>
<SP HEIGHT="34" WIDTH="47" VPOS="1191" HPOS="1537"/>
<String CS="1" CONTENT="&#8230;"/>
<SP HEIGHT="55" WIDTH="83" VPOS="1171" HPOS="1642"/>
<String CONTENT="Garden" HEIGHT="55" WIDTH="235" VPOS="1171" HPOS="1726"/>
<SP HEIGHT="56" WIDTH="42" VPOS="1169" HPOS="1962"/>
<String CONTENT="City," HEIGHT="70" WIDTH="155" VPOS="1169" HPOS="2005"/>
<SP HEIGHT="67" WIDTH="43" VPOS="1170" HPOS="2161"/>
<String LANG="fr" CONTENT="N." HEIGHT="53" WIDTH="70" VPOS="1170" HPOS="2205"/>
<SP HEIGHT="53" WIDTH="46" VPOS="1170" HPOS="2276"/>
<String CONTENT="Y.," HEIGHT="68" WIDTH="91" VPOS="1170" HPOS="2323"/>
</TextLine>
<TextLine HEIGHT="70" WIDTH="1389" VPOS="1251" HPOS="406" STYLEREFS="StyleId-39762C2C-C6E6-4E58-A8EF-9E9367AA0CC3-">
<String CONTENT="Doubleday," HEIGHT="69" WIDTH="359" VPOS="1252" HPOS="406"/>
<SP HEIGHT="66" WIDTH="24" VPOS="1253" HPOS="766"/>
<String CONTENT="Doran" HEIGHT="51" WIDTH="201" VPOS="1253" HPOS="791"/>
<SP HEIGHT="33" WIDTH="26" VPOS="1270" HPOS="993"/>
<String CONTENT="and" HEIGHT="52" WIDTH="114" VPOS="1252" HPOS="1020"/>
<SP HEIGHT="52" WIDTH="24" VPOS="1252" HPOS="1135"/>
<String CONTENT="company," HEIGHT="50" WIDTH="302" VPOS="1269" HPOS="1160"/>
<SP HEIGHT="67" WIDTH="24" VPOS="1251" HPOS="1463"/>
<String CONTENT="inc.," HEIGHT="67" WIDTH="128" VPOS="1251" HPOS="1488"/>
<SP HEIGHT="63" WIDTH="26" VPOS="1255" HPOS="1617"/>
<String CONTENT="1928." HEIGHT="52" WIDTH="151" VPOS="1251" HPOS="1644"/>
</TextLine>
<TextLine HEIGHT="50" WIDTH="1069" VPOS="1332" HPOS="478" STYLEREFS="StyleId-39762C2C-C6E6-4E58-A8EF-9E9367AA0CC3-" CS="1">
<String CONTENT="xi," HEIGHT="48" WIDTH="65" VPOS="1334" HPOS="478"/>
<SP HEIGHT="46" WIDTH="27" VPOS="1336" HPOS="544"/>
<String CONTENT="191" HEIGHT="41" WIDTH="84" VPOS="1333" HPOS="572"/>
<SP HEIGHT="48" WIDTH="28" VPOS="1334" HPOS="657"/>
<String CONTENT="p." HEIGHT="37" WIDTH="44" VPOS="1345" HPOS="686"/>
<SP HEIGHT="41" WIDTH="58" VPOS="1333" HPOS="731"/>
<String CONTENT="front.," HEIGHT="47" WIDTH="166" VPOS="1333" HPOS="790"/>
<SP HEIGHT="37" WIDTH="29" VPOS="1344" HPOS="957"/>
<String CONTENT="plates," HEIGHT="47" WIDTH="172" VPOS="1334" HPOS="987"/>
<SP HEIGHT="37" WIDTH="28" VPOS="1344" HPOS="1160"/>
<String CONTENT="ports." HEIGHT="46" WIDTH="152" VPOS="1335" HPOS="1189"/>
<SP HEIGHT="40" WIDTH="57" VPOS="1333" HPOS="1342"/>
<String CS="1" CONTENT="21&#189;" HEIGHT="39" WIDTH="54" VPOS="1332" HPOS="1400"/>
<String STYLE="superscript" CS="1" CONTENT="&#7580;&#7504;"/>
<String CONTENT="." HEIGHT="9" WIDTH="9" VPOS="1364" HPOS="1538"/>
</TextLine>
<TextLine HEIGHT="42" WIDTH="421" VPOS="1402" HPOS="480">
<String CONTENT="&#8220;First" HEIGHT="41" WIDTH="163" VPOS="1403" HPOS="480"/>
<SP HEIGHT="37" WIDTH="27" VPOS="1406" HPOS="644"/>
<String CONTENT="edition.&#8221;" HEIGHT="41" WIDTH="229" VPOS="1402" HPOS="672"/>
</TextLine>
<TextLine HEIGHT="43" WIDTH="1666" VPOS="1456" HPOS="750" CS="1">
<String CS="1" CONTENT="CONTENTS.&#8212;The" HEIGHT="39" WIDTH="173" VPOS="1460" HPOS="750"/>
<SP HEIGHT="29" WIDTH="49" VPOS="1470" HPOS="924"/>
<String CONTENT="air" HEIGHT="41" WIDTH="77" VPOS="1458" HPOS="974"/>
<SP HEIGHT="29" WIDTH="51" VPOS="1470" HPOS="1052"/>
<String CONTENT="unit" HEIGHT="40" WIDTH="108" VPOS="1459" HPOS="1104"/>
<SP HEIGHT="40" WIDTH="51" VPOS="1459" HPOS="1213"/>
<String CONTENT="in" HEIGHT="39" WIDTH="49" VPOS="1459" HPOS="1265"/>
<SP HEIGHT="37" WIDTH="53" VPOS="1462" HPOS="1315"/>
<String CONTENT="the" HEIGHT="40" WIDTH="83" VPOS="1459" HPOS="1369"/>
<SP HEIGHT="29" WIDTH="51" VPOS="1469" HPOS="1453"/>
<String CONTENT="war.&#8212;Peacetime" HEIGHT="41" WIDTH="457" VPOS="1457" HPOS="1505"/>
<SP HEIGHT="30" WIDTH="52" VPOS="1467" HPOS="1963"/>
<String CONTENT="aviation.&#8212;The" HEIGHT="41" WIDTH="400" VPOS="1456" HPOS="2016"/>
</TextLine>
<TextLine HEIGHT="48" WIDTH="764" VPOS="1516" HPOS="408">
<String CONTENT="Air" HEIGHT="40" WIDTH="89" VPOS="1516" HPOS="408"/>
<SP HEIGHT="30" WIDTH="27" VPOS="1527" HPOS="498"/>
<String CONTENT="service" HEIGHT="41" WIDTH="185" VPOS="1516" HPOS="526"/>
<SP HEIGHT="41" WIDTH="28" VPOS="1516" HPOS="712"/>
<String CONTENT="in" HEIGHT="40" WIDTH="50" VPOS="1516" HPOS="741"/>
<SP HEIGHT="39" WIDTH="28" VPOS="1518" HPOS="792"/>
<String CONTENT="development." HEIGHT="46" WIDTH="351" VPOS="1518" HPOS="821"/>
</TextLine>
<TextLine HEIGHT="53" WIDTH="1993" VPOS="1583" HPOS="409" CS="1">
<String CONTENT="&#169;" HEIGHT="53" WIDTH="52" VPOS="1583" HPOS="409"/>
<SP HEIGHT="53" WIDTH="31" VPOS="1583" HPOS="462"/>
<String CONTENT="Nov." HEIGHT="40" WIDTH="119" VPOS="1589" HPOS="494"/>
<SP HEIGHT="41" WIDTH="28" VPOS="1588" HPOS="614"/>
<String CONTENT="2," HEIGHT="47" WIDTH="41" VPOS="1588" HPOS="643"/>
<SP HEIGHT="46" WIDTH="30" VPOS="1589" HPOS="685"/>
<String CS="1" CONTENT="1928;" HEIGHT="40" WIDTH="115" VPOS="1587" HPOS="716"/>
<SP HEIGHT="46" WIDTH="32" VPOS="1588" HPOS="859"/>
<String CONTENT="2c." HEIGHT="40" WIDTH="68" VPOS="1588" HPOS="892"/>
<SP HEIGHT="30" WIDTH="32" VPOS="1598" HPOS="961"/>
<String CONTENT="and" HEIGHT="38" WIDTH="95" VPOS="1588" HPOS="994"/>
<SP HEIGHT="38" WIDTH="30" VPOS="1588" HPOS="1090"/>
<String CONTENT="aff." HEIGHT="40" WIDTH="82" VPOS="1586" HPOS="1121"/>
<SP HEIGHT="39" WIDTH="31" VPOS="1587" HPOS="1204"/>
<String CONTENT="Nov." HEIGHT="39" WIDTH="119" VPOS="1587" HPOS="1236"/>
<SP HEIGHT="39" WIDTH="31" VPOS="1587" HPOS="1356"/>
<String CS="1" CONTENT="14;" HEIGHT="37" WIDTH="55" VPOS="1587" HPOS="1388"/>
<SP HEIGHT="40" WIDTH="32" VPOS="1585" HPOS="1472"/>
<!-- cceid 29EF6C13-6CB2-1014-A20E-B9D6251C946A --><String CONTENT="A" HEIGHT="39" WIDTH="41" VPOS="1585" HPOS="1505"/>
<SP HEIGHT="40" WIDTH="29" VPOS="1585" HPOS="1547"/>
<String CS="1" CONTENT="587;" HEIGHT="40" WIDTH="85" VPOS="1585" HPOS="1577"/>
<SP HEIGHT="46" WIDTH="34" VPOS="1585" HPOS="1691"/>
<String CONTENT="Doubleday," HEIGHT="47" WIDTH="301" VPOS="1585" HPOS="1726"/>
<SP HEIGHT="48" WIDTH="34" VPOS="1584" HPOS="2028"/>
<String CONTENT="Doran" HEIGHT="41" WIDTH="168" VPOS="1584" HPOS="2063"/>
<SP HEIGHT="40" WIDTH="32" VPOS="1584" HPOS="2232"/>
<String CONTENT="&amp;" HEIGHT="40" WIDTH="36" VPOS="1584" HPOS="2265"/>
<SP HEIGHT="40" WIDTH="30" VPOS="1584" HPOS="2302"/>
<String CS="1" CONTENT="co.," HEIGHT="28" WIDTH="69" VPOS="1595" HPOS="2333"/>
</TextLine>
<TextLine HEIGHT="50" WIDTH="443" VPOS="1643" HPOS="477">
<String CONTENT="inc." HEIGHT="41" WIDTH="92" VPOS="1644" HPOS="477"/>
<SP HEIGHT="48" WIDTH="67" VPOS="1645" HPOS="570"/>
<String CONTENT="(28-28518)" HEIGHT="50" WIDTH="282" VPOS="1643" HPOS="638"/>
</TextLine>
<TextLine HEIGHT="66" WIDTH="1223" VPOS="1737" HPOS="402" STYLEREFS="StyleId-9C93D8FE-CF2A-4360-8224-23129F71C42B-">
<String CONTENT="Phillips," HEIGHT="65" WIDTH="269" VPOS="1738" HPOS="402"/>
<SP HEIGHT="63" WIDTH="30" VPOS="1740" HPOS="672"/>
<String CONTENT="Wendell" HEIGHT="55" WIDTH="264" VPOS="1738" HPOS="703"/>
<SP HEIGHT="54" WIDTH="33" VPOS="1738" HPOS="968"/>
<String CONTENT="Christopher," HEIGHT="64" WIDTH="413" VPOS="1737" HPOS="1002"/>
<SP HEIGHT="58" WIDTH="37" VPOS="1743" HPOS="1416"/>
<String CONTENT="1857-" HEIGHT="54" WIDTH="171" VPOS="1737" HPOS="1454"/>
</TextLine>
<TextLine HEIGHT="69" WIDTH="1938" VPOS="1814" HPOS="479" STYLEREFS="StyleId-39762C2C-C6E6-4E58-A8EF-9E9367AA0CC3-">
<String CONTENT="Diseases" HEIGHT="54" WIDTH="264" VPOS="1816" HPOS="479"/>
<SP HEIGHT="35" WIDTH="32" VPOS="1835" HPOS="744"/>
<String CONTENT="of" HEIGHT="54" WIDTH="65" VPOS="1815" HPOS="777"/>
<SP HEIGHT="54" WIDTH="32" VPOS="1815" HPOS="843"/>
<String CONTENT="the" HEIGHT="51" WIDTH="97" VPOS="1818" HPOS="876"/>
<SP HEIGHT="34" WIDTH="32" VPOS="1835" HPOS="974"/>
<String CONTENT="ear," HEIGHT="47" WIDTH="113" VPOS="1835" HPOS="1007"/>
<SP HEIGHT="48" WIDTH="31" VPOS="1834" HPOS="1121"/>
<String CONTENT="nose" HEIGHT="35" WIDTH="134" VPOS="1834" HPOS="1153"/>
<SP HEIGHT="35" WIDTH="34" VPOS="1834" HPOS="1288"/>
<String CONTENT="and" HEIGHT="52" WIDTH="113" VPOS="1816" HPOS="1323"/>
<SP HEIGHT="52" WIDTH="34" VPOS="1816" HPOS="1437"/>
<String CONTENT="throat," HEIGHT="66" WIDTH="214" VPOS="1817" HPOS="1472"/>
<SP HEIGHT="50" WIDTH="31" VPOS="1833" HPOS="1687"/>
<String CONTENT="medical" HEIGHT="54" WIDTH="243" VPOS="1814" HPOS="1719"/>
<SP HEIGHT="52" WIDTH="35" VPOS="1815" HPOS="1963"/>
<String CONTENT="and" HEIGHT="53" WIDTH="115" VPOS="1815" HPOS="1999"/>
<SP HEIGHT="53" WIDTH="33" VPOS="1815" HPOS="2115"/>
<String CONTENT="surgical," HEIGHT="69" WIDTH="268" VPOS="1814" HPOS="2149"/>
</TextLine>
<TextLine HEIGHT="71" WIDTH="2004" VPOS="1892" HPOS="413" STYLEREFS="StyleId-39762C2C-C6E6-4E58-A8EF-9E9367AA0CC3-" CS="1">
<String CONTENT="by" HEIGHT="69" WIDTH="72" VPOS="1894" HPOS="413"/>
<SP HEIGHT="69" WIDTH="39" VPOS="1894" HPOS="486"/>
<String CONTENT="Wendell" HEIGHT="55" WIDTH="266" VPOS="1894" HPOS="526"/>
<SP HEIGHT="55" WIDTH="42" VPOS="1894" HPOS="793"/>
<String CONTENT="Christopher" HEIGHT="68" WIDTH="381" VPOS="1894" HPOS="836"/>
<SP HEIGHT="52" WIDTH="43" VPOS="1894" HPOS="1218"/>
<String CONTENT="Phillips" HEIGHT="68" WIDTH="254" VPOS="1893" HPOS="1262"/>
<SP HEIGHT="33" WIDTH="49" VPOS="1913" HPOS="1517"/>
<String CS="1" CONTENT="&#8230;"/>
<SP HEIGHT="55" WIDTH="84" VPOS="1892" HPOS="1622"/>
<String CONTENT="7th" HEIGHT="55" WIDTH="100" VPOS="1892" HPOS="1707"/>
<SP HEIGHT="51" WIDTH="44" VPOS="1894" HPOS="1808"/>
<String CONTENT="rev." HEIGHT="34" WIDTH="115" VPOS="1912" HPOS="1853"/>
<SP HEIGHT="34" WIDTH="45" VPOS="1912" HPOS="1969"/>
<String CONTENT="and" HEIGHT="53" WIDTH="115" VPOS="1893" HPOS="2015"/>
<SP HEIGHT="53" WIDTH="44" VPOS="1893" HPOS="2131"/>
<String CONTENT="enl." HEIGHT="52" WIDTH="108" VPOS="1893" HPOS="2176"/>
<SP HEIGHT="35" WIDTH="44" VPOS="1911" HPOS="2285"/>
<String CONTENT="ed." HEIGHT="53" WIDTH="87" VPOS="1893" HPOS="2330"/>
</TextLine>
<TextLine HEIGHT="71" WIDTH="2009" VPOS="1970" HPOS="409" STYLEREFS="StyleId-39762C2C-C6E6-4E58-A8EF-9E9367AA0CC3-">
<String CONTENT="Illustrated" HEIGHT="54" WIDTH="341" VPOS="1971" HPOS="409"/>
<SP HEIGHT="53" WIDTH="50" VPOS="1972" HPOS="751"/>
<String CONTENT="with" HEIGHT="52" WIDTH="143" VPOS="1972" HPOS="802"/>
<SP HEIGHT="51" WIDTH="51" VPOS="1973" HPOS="946"/>
<String CONTENT="615" HEIGHT="49" WIDTH="100" VPOS="1975" HPOS="998"/>
<SP HEIGHT="52" WIDTH="51" VPOS="1972" HPOS="1099"/>
<String CONTENT="half-tone" HEIGHT="54" WIDTH="291" VPOS="1970" HPOS="1151"/>
<SP HEIGHT="34" WIDTH="50" VPOS="1990" HPOS="1443"/>
<String CONTENT="and" HEIGHT="52" WIDTH="113" VPOS="1972" HPOS="1494"/>
<SP HEIGHT="52" WIDTH="53" VPOS="1972" HPOS="1608"/>
<String CONTENT="other" HEIGHT="52" WIDTH="163" VPOS="1972" HPOS="1662"/>
<SP HEIGHT="48" WIDTH="50" VPOS="1976" HPOS="1826"/>
<String CONTENT="text" HEIGHT="48" WIDTH="121" VPOS="1976" HPOS="1877"/>
<SP HEIGHT="48" WIDTH="52" VPOS="1976" HPOS="1999"/>
<String CONTENT="engravings," HEIGHT="71" WIDTH="366" VPOS="1970" HPOS="2052"/>
</TextLine>
<TextLine HEIGHT="71" WIDTH="2009" VPOS="2048" HPOS="409" STYLEREFS="StyleId-39762C2C-C6E6-4E58-A8EF-9E9367AA0CC3-" CS="1">
<String CONTENT="many" HEIGHT="51" WIDTH="174" VPOS="2068" HPOS="409"/>
<SP HEIGHT="50" WIDTH="25" VPOS="2069" HPOS="584"/>
<String CONTENT="of" HEIGHT="54" WIDTH="65" VPOS="2049" HPOS="610"/>
<SP HEIGHT="53" WIDTH="23" VPOS="2049" HPOS="676"/>
<String CONTENT="them" HEIGHT="52" WIDTH="156" VPOS="2051" HPOS="700"/>
<SP HEIGHT="35" WIDTH="26" VPOS="2068" HPOS="857"/>
<String CS="1" CONTENT="original;" HEIGHT="69" WIDTH="251" VPOS="2050" HPOS="884"/>
<SP HEIGHT="67" WIDTH="31" VPOS="2049" HPOS="1164"/>
<String CONTENT="including" HEIGHT="70" WIDTH="303" VPOS="2049" HPOS="1196"/>
<SP HEIGHT="66" WIDTH="26" VPOS="2053" HPOS="1500"/>
<String CONTENT="37" HEIGHT="54" WIDTH="67" VPOS="2049" HPOS="1527"/>
<SP HEIGHT="55" WIDTH="28" VPOS="2048" HPOS="1595"/>
<String CONTENT="full-page" HEIGHT="71" WIDTH="289" VPOS="2048" HPOS="1624"/>
<SP HEIGHT="50" WIDTH="29" VPOS="2068" HPOS="1914"/>
<String CONTENT="plates," HEIGHT="68" WIDTH="203" VPOS="2050" HPOS="1944"/>
<SP HEIGHT="49" WIDTH="27" VPOS="2068" HPOS="2148"/>
<String CONTENT="some" HEIGHT="35" WIDTH="152" VPOS="2068" HPOS="2176"/>
<SP HEIGHT="54" WIDTH="27" VPOS="2049" HPOS="2329"/>
<String CONTENT="in" HEIGHT="53" WIDTH="61" VPOS="2049" HPOS="2357"/>
</TextLine>
<TextLine HEIGHT="70" WIDTH="1633" VPOS="2127" HPOS="408" STYLEREFS="StyleId-39762C2C-C6E6-4E58-A8EF-9E9367AA0CC3-">
<String CONTENT="colors." HEIGHT="53" WIDTH="199" VPOS="2128" HPOS="408"/>
<SP HEIGHT="52" WIDTH="65" VPOS="2129" HPOS="608"/>
<String CONTENT="Philadelphia," HEIGHT="69" WIDTH="431" VPOS="2127" HPOS="674"/>
<SP HEIGHT="67" WIDTH="30" VPOS="2128" HPOS="1106"/>
<String CONTENT="F." HEIGHT="52" WIDTH="65" VPOS="2128" HPOS="1137"/>
<SP HEIGHT="53" WIDTH="32" VPOS="2127" HPOS="1203"/>
<String CONTENT="A." HEIGHT="53" WIDTH="71" VPOS="2127" HPOS="1236"/>
<SP HEIGHT="51" WIDTH="32" VPOS="2129" HPOS="1308"/>
<String CONTENT="Davis" HEIGHT="54" WIDTH="183" VPOS="2127" HPOS="1341"/>
<SP HEIGHT="35" WIDTH="29" VPOS="2146" HPOS="1525"/>
<String CONTENT="company," HEIGHT="51" WIDTH="300" VPOS="2146" HPOS="1555"/>
<SP HEIGHT="64" WIDTH="33" VPOS="2131" HPOS="1856"/>
<String CONTENT="1928." HEIGHT="52" WIDTH="151" VPOS="2130" HPOS="1890"/>
</TextLine>
<TextLine HEIGHT="50" WIDTH="1813" VPOS="2208" HPOS="550" CS="1">
<String CS="1" CONTENT="xx," HEIGHT="17" WIDTH="9" VPOS="2240" HPOS="550"/>
<SP HEIGHT="48" WIDTH="29" VPOS="2209" HPOS="560"/>
<String CONTENT="922" HEIGHT="41" WIDTH="86" VPOS="2209" HPOS="590"/>
<SP HEIGHT="47" WIDTH="30" VPOS="2210" HPOS="677"/>
<String CONTENT="p." HEIGHT="37" WIDTH="44" VPOS="2220" HPOS="708"/>
<SP HEIGHT="40" WIDTH="58" VPOS="2209" HPOS="753"/>
<String CONTENT="front.," HEIGHT="48" WIDTH="166" VPOS="2209" HPOS="812"/>
<SP HEIGHT="49" WIDTH="31" VPOS="2208" HPOS="979"/>
<String CONTENT="illus." HEIGHT="42" WIDTH="130" VPOS="2208" HPOS="1011"/>
<SP HEIGHT="48" WIDTH="27" VPOS="2209" HPOS="1142"/>
<String CONTENT="(part" HEIGHT="48" WIDTH="138" VPOS="2209" HPOS="1170"/>
<SP HEIGHT="37" WIDTH="30" VPOS="2212" HPOS="1309"/>
<String CONTENT="col.)" HEIGHT="46" WIDTH="113" VPOS="2210" HPOS="1340"/>
<SP HEIGHT="47" WIDTH="40" VPOS="2210" HPOS="1454"/>
<String CONTENT="plates" HEIGHT="47" WIDTH="157" VPOS="2210" HPOS="1495"/>
<SP HEIGHT="48" WIDTH="27" VPOS="2210" HPOS="1653"/>
<String CONTENT="(part" HEIGHT="48" WIDTH="136" VPOS="2210" HPOS="1681"/>
<SP HEIGHT="37" WIDTH="30" VPOS="2213" HPOS="1818"/>
<String CONTENT="col.)" HEIGHT="45" WIDTH="113" VPOS="2210" HPOS="1849"/>
<SP HEIGHT="45" WIDTH="40" VPOS="2210" HPOS="1963"/>
<String CONTENT="diagrs." HEIGHT="49" WIDTH="181" VPOS="2208" HPOS="2004"/>
<SP HEIGHT="38" WIDTH="59" VPOS="2211" HPOS="2186"/>
<String CONTENT="24" HEIGHT="39" WIDTH="54" VPOS="2210" HPOS="2246"/>
<String STYLE="superscript" CS="1" CONTENT="&#7580;&#7504;"/>
<String CONTENT="." HEIGHT="10" WIDTH="10" VPOS="2241" HPOS="2353"/>
</TextLine>
<TextLine HEIGHT="50" WIDTH="1936" VPOS="2279" HPOS="481">
<String CONTENT="Part" HEIGHT="40" WIDTH="121" VPOS="2280" HPOS="481"/>
<SP HEIGHT="37" WIDTH="36" VPOS="2283" HPOS="603"/>
<String CONTENT="of" HEIGHT="40" WIDTH="53" VPOS="2279" HPOS="640"/>
<SP HEIGHT="40" WIDTH="37" VPOS="2279" HPOS="694"/>
<String CONTENT="the" HEIGHT="39" WIDTH="82" VPOS="2280" HPOS="732"/>
<SP HEIGHT="38" WIDTH="37" VPOS="2290" HPOS="815"/>
<String CONTENT="plates" HEIGHT="46" WIDTH="159" VPOS="2282" HPOS="853"/>
<SP HEIGHT="30" WIDTH="38" VPOS="2290" HPOS="1013"/>
<String CONTENT="accompanied" HEIGHT="48" WIDTH="345" VPOS="2279" HPOS="1052"/>
<SP HEIGHT="40" WIDTH="39" VPOS="2280" HPOS="1398"/>
<String CONTENT="by" HEIGHT="47" WIDTH="60" VPOS="2280" HPOS="1438"/>
<SP HEIGHT="44" WIDTH="39" VPOS="2283" HPOS="1499"/>
<String CONTENT="transparent" HEIGHT="46" WIDTH="318" VPOS="2283" HPOS="1539"/>
<SP HEIGHT="45" WIDTH="36" VPOS="2283" HPOS="1858"/>
<String CONTENT="guard" HEIGHT="47" WIDTH="157" VPOS="2281" HPOS="1895"/>
<SP HEIGHT="40" WIDTH="40" VPOS="2281" HPOS="2053"/>
<String CONTENT="sheets" HEIGHT="40" WIDTH="162" VPOS="2281" HPOS="2094"/>
<SP HEIGHT="30" WIDTH="39" VPOS="2291" HPOS="2257"/>
<String CONTENT="with" HEIGHT="41" WIDTH="120" VPOS="2280" HPOS="2297"/>
</TextLine>
<TextLine HEIGHT="50" WIDTH="1520" VPOS="2336" HPOS="409">
<String CONTENT="duplicate" HEIGHT="49" WIDTH="248" VPOS="2336" HPOS="409"/>
<SP HEIGHT="30" WIDTH="27" VPOS="2347" HPOS="658"/>
<String CONTENT="outline" HEIGHT="41" WIDTH="186" VPOS="2336" HPOS="686"/>
<SP HEIGHT="39" WIDTH="27" VPOS="2337" HPOS="873"/>
<String CONTENT="drawings" HEIGHT="47" WIDTH="248" VPOS="2337" HPOS="901"/>
<SP HEIGHT="30" WIDTH="27" VPOS="2347" HPOS="1150"/>
<String CONTENT="and" HEIGHT="39" WIDTH="98" VPOS="2338" HPOS="1178"/>
<SP HEIGHT="39" WIDTH="28" VPOS="2338" HPOS="1277"/>
<String CONTENT="descriptive" HEIGHT="49" WIDTH="294" VPOS="2336" HPOS="1306"/>
<SP HEIGHT="38" WIDTH="26" VPOS="2339" HPOS="1601"/>
<String CONTENT="letterpress." HEIGHT="47" WIDTH="301" VPOS="2339" HPOS="1628"/>
</TextLine>
<TextLine HEIGHT="52" WIDTH="1785" VPOS="2406" HPOS="410" CS="1">
<String CONTENT="&#169;" HEIGHT="52" WIDTH="53" VPOS="2406" HPOS="410"/>
<SP HEIGHT="52" WIDTH="31" VPOS="2406" HPOS="464"/>
<String CONTENT="Sept." HEIGHT="48" WIDTH="128" VPOS="2410" HPOS="496"/>
<SP HEIGHT="40" WIDTH="28" VPOS="2410" HPOS="625"/>
<String CONTENT="12," HEIGHT="47" WIDTH="69" VPOS="2410" HPOS="654"/>
<SP HEIGHT="47" WIDTH="29" VPOS="2410" HPOS="724"/>
<String CS="1" CONTENT="1928;" HEIGHT="40" WIDTH="115" VPOS="2410" HPOS="754"/>
<SP HEIGHT="47" WIDTH="30" VPOS="2410" HPOS="897"/>
<String CONTENT="2c." HEIGHT="40" WIDTH="68" VPOS="2410" HPOS="928"/>
<SP HEIGHT="30" WIDTH="27" VPOS="2420" HPOS="997"/>
<String CONTENT="and" HEIGHT="39" WIDTH="97" VPOS="2411" HPOS="1025"/>
<SP HEIGHT="39" WIDTH="27" VPOS="2411" HPOS="1123"/>
<String CONTENT="aff." HEIGHT="41" WIDTH="84" VPOS="2409" HPOS="1151"/>
<SP HEIGHT="39" WIDTH="27" VPOS="2411" HPOS="1236"/>
<String CONTENT="Nov." HEIGHT="39" WIDTH="120" VPOS="2411" HPOS="1264"/>
<SP HEIGHT="39" WIDTH="27" VPOS="2411" HPOS="1385"/>
<String CS="1" CONTENT="17;" HEIGHT="39" WIDTH="55" VPOS="2411" HPOS="1413"/>
<SP HEIGHT="48" WIDTH="30" VPOS="2410" HPOS="1496"/>
<!-- cceid 29EF90B2-6CB2-1014-A20E-B9D6251C946A --><String CONTENT="A" HEIGHT="39" WIDTH="41" VPOS="2410" HPOS="1527"/>
<SP HEIGHT="39" WIDTH="27" VPOS="2410" HPOS="1569"/>
<String CS="1" CONTENT="1746;" HEIGHT="40" WIDTH="119" VPOS="2410" HPOS="1597"/>
<SP HEIGHT="48" WIDTH="31" VPOS="2410" HPOS="1741"/>
<String CONTENT="F." HEIGHT="40" WIDTH="52" VPOS="2410" HPOS="1773"/>
<SP HEIGHT="40" WIDTH="29" VPOS="2410" HPOS="1826"/>
<String CONTENT="A." HEIGHT="41" WIDTH="55" VPOS="2410" HPOS="1856"/>
<SP HEIGHT="40" WIDTH="29" VPOS="2411" HPOS="1912"/>
<String CONTENT="Davis" HEIGHT="41" WIDTH="156" VPOS="2410" HPOS="1942"/>
<SP HEIGHT="29" WIDTH="27" VPOS="2422" HPOS="2099"/>
<String CONTENT="co." HEIGHT="30" WIDTH="68" VPOS="2421" HPOS="2127"/>
</TextLine>
<TextLine HEIGHT="49" WIDTH="283" VPOS="2467" HPOS="490">
<String CONTENT="(28-28570)" HEIGHT="49" WIDTH="283" VPOS="2467" HPOS="490"/>
</TextLine>
<TextLine HEIGHT="72" WIDTH="1044" VPOS="2561" HPOS="404" STYLEREFS="StyleId-39762C2C-C6E6-4E58-A8EF-9E9367AA0CC3-">
<String LANG="fr" CONTENT="Pourtal&#232;s," HEIGHT="66" WIDTH="334" VPOS="2561" HPOS="404"/>
<SP HEIGHT="66" WIDTH="28" VPOS="2561" HPOS="739"/>
<String LANG="fr" CONTENT="Guy" HEIGHT="66" WIDTH="134" VPOS="2561" HPOS="768"/>
<SP HEIGHT="64" WIDTH="24" VPOS="2563" HPOS="903"/>
<String LANG="fr" CONTENT="de," HEIGHT="64" WIDTH="91" VPOS="2563" HPOS="928"/>
<SP HEIGHT="45" WIDTH="26" VPOS="2582" HPOS="1020"/>
<String LANG="fr" CONTENT="comte" HEIGHT="47" WIDTH="180" VPOS="2570" HPOS="1047"/>
<String LANG="el" CONTENT="," HEIGHT="26" WIDTH="12" VPOS="2607" HPOS="1235"/>
<SP HEIGHT="65" WIDTH="26" VPOS="2568" HPOS="1248"/>
<String LANG="en-US" CONTENT="1881-" HEIGHT="49" WIDTH="173" VPOS="2568" HPOS="1275"/>
</TextLine>
<TextLine HEIGHT="71" WIDTH="1945" VPOS="2641" HPOS="476" STYLEREFS="StyleId-39762C2C-C6E6-4E58-A8EF-9E9367AA0CC3-" CS="1">
<String LANG="en-US" CONTENT="The" HEIGHT="53" WIDTH="122" VPOS="2643" HPOS="476"/>
<SP HEIGHT="35" WIDTH="33" VPOS="2661" HPOS="599"/>
<String LANG="en-US" CONTENT="mad" HEIGHT="53" WIDTH="134" VPOS="2643" HPOS="633"/>
<SP HEIGHT="54" WIDTH="34" VPOS="2642" HPOS="768"/>
<String LANG="en-US" CONTENT="king," HEIGHT="70" WIDTH="160" VPOS="2641" HPOS="803"/>
<SP HEIGHT="68" WIDTH="35" VPOS="2643" HPOS="964"/>
<String LANG="en-US" CONTENT="by" HEIGHT="68" WIDTH="75" VPOS="2643" HPOS="1000"/>
<SP HEIGHT="70" WIDTH="33" VPOS="2641" HPOS="1076"/>
<String LANG="fr" CONTENT="Guy" HEIGHT="71" WIDTH="136" VPOS="2641" HPOS="1110"/>
<SP HEIGHT="68" WIDTH="33" VPOS="2644" HPOS="1247"/>
<String LANG="fr" CONTENT="De" HEIGHT="52" WIDTH="87" VPOS="2644" HPOS="1281"/>
<SP HEIGHT="53" WIDTH="34" VPOS="2643" HPOS="1369"/>
<String LANG="fr" CONTENT="Pourtal&#232;s" HEIGHT="54" WIDTH="304" VPOS="2643" HPOS="1404"/>
<SP HEIGHT="33" WIDTH="39" VPOS="2664" HPOS="1709"/>
<String LANG="en-US" CS="1" CONTENT="&#8230;"/>
<SP HEIGHT="53" WIDTH="79" VPOS="2643" HPOS="1805"/>
<String LANG="en-US" CONTENT="Translated" HEIGHT="54" WIDTH="345" VPOS="2643" HPOS="1885"/>
<SP HEIGHT="55" WIDTH="35" VPOS="2642" HPOS="2231"/>
<String LANG="en-US" CONTENT="from" HEIGHT="54" WIDTH="154" VPOS="2642" HPOS="2267"/>
</TextLine>
<TextLine HEIGHT="71" WIDTH="2012" VPOS="2720" HPOS="408" STYLEREFS="StyleId-39762C2C-C6E6-4E58-A8EF-9E9367AA0CC3-">
<String CONTENT="the" HEIGHT="53" WIDTH="99" VPOS="2721" HPOS="408"/>
<SP HEIGHT="53" WIDTH="35" VPOS="2721" HPOS="508"/>
<String CONTENT="French" HEIGHT="53" WIDTH="226" VPOS="2721" HPOS="544"/>
<SP HEIGHT="53" WIDTH="35" VPOS="2721" HPOS="771"/>
<String CONTENT="by" HEIGHT="69" WIDTH="76" VPOS="2721" HPOS="807"/>
<SP HEIGHT="69" WIDTH="41" VPOS="2721" HPOS="884"/>
<String CONTENT="Charles" HEIGHT="56" WIDTH="239" VPOS="2720" HPOS="926"/>
<SP HEIGHT="52" WIDTH="38" VPOS="2722" HPOS="1166"/>
<String CONTENT="Bayly," HEIGHT="70" WIDTH="209" VPOS="2721" HPOS="1205"/>
<SP HEIGHT="70" WIDTH="36" VPOS="2720" HPOS="1415"/>
<String CONTENT="jr." HEIGHT="70" WIDTH="71" VPOS="2720" HPOS="1452"/>
<SP HEIGHT="53" WIDTH="74" VPOS="2721" HPOS="1524"/>
<String CONTENT="New" HEIGHT="53" WIDTH="140" VPOS="2721" HPOS="1599"/>
<SP HEIGHT="53" WIDTH="39" VPOS="2721" HPOS="1740"/>
<String CONTENT="York," HEIGHT="70" WIDTH="181" VPOS="2721" HPOS="1780"/>
<SP HEIGHT="70" WIDTH="36" VPOS="2721" HPOS="1962"/>
<String CONTENT="H." HEIGHT="54" WIDTH="79" VPOS="2721" HPOS="1999"/>
<SP HEIGHT="54" WIDTH="38" VPOS="2721" HPOS="2079"/>
<String CONTENT="Holt" HEIGHT="54" WIDTH="147" VPOS="2721" HPOS="2118"/>
<SP HEIGHT="48" WIDTH="39" VPOS="2727" HPOS="2266"/>
<String CONTENT="and" HEIGHT="55" WIDTH="114" VPOS="2722" HPOS="2306"/>
</TextLine>
<TextLine HEIGHT="67" WIDTH="510" VPOS="2802" HPOS="405" STYLEREFS="StyleId-39762C2C-C6E6-4E58-A8EF-9E9367AA0CC3-" CS="1">
<String CONTENT="company" HEIGHT="51" WIDTH="284" VPOS="2818" HPOS="405"/>
<SP HEIGHT="51" WIDTH="30" VPOS="2818" HPOS="690"/>
<String STYLE="subscript" CS="1" CONTENT="[&#7580;"/>
<String CONTENT="1928" HEIGHT="50" WIDTH="134" VPOS="2802" HPOS="762"/>
<String STYLE="subscript" CONTENT="]" HEIGHT="34" WIDTH="14" VPOS="2834" HPOS="901"/>
</TextLine>
<TextLine HEIGHT="49" WIDTH="976" VPOS="2879" HPOS="479" CS="1">
<String CONTENT="260" HEIGHT="41" WIDTH="88" VPOS="2879" HPOS="479"/>
<SP HEIGHT="49" WIDTH="25" VPOS="2879" HPOS="568"/>
<String CONTENT="p." HEIGHT="37" WIDTH="44" VPOS="2891" HPOS="594"/>
<SP HEIGHT="41" WIDTH="58" VPOS="2879" HPOS="639"/>
<String CONTENT="front.," HEIGHT="47" WIDTH="165" VPOS="2879" HPOS="698"/>
<SP HEIGHT="37" WIDTH="29" VPOS="2891" HPOS="864"/>
<String CONTENT="plates," HEIGHT="46" WIDTH="173" VPOS="2882" HPOS="894"/>
<SP HEIGHT="37" WIDTH="29" VPOS="2891" HPOS="1068"/>
<String CONTENT="ports." HEIGHT="45" WIDTH="150" VPOS="2883" HPOS="1098"/>
<SP HEIGHT="38" WIDTH="59" VPOS="2882" HPOS="1249"/>
<String CS="1" CONTENT="22&#189;" HEIGHT="38" WIDTH="55" VPOS="2882" HPOS="1309"/>
<String STYLE="superscript" CS="1" CONTENT="&#7580;&#7504;"/>
<String CONTENT="." HEIGHT="8" WIDTH="8" VPOS="2914" HPOS="1447"/>
</TextLine>
<TextLine HEIGHT="54" WIDTH="1783" VPOS="2934" HPOS="412" CS="1">
<String CONTENT="&#169;" HEIGHT="52" WIDTH="52" VPOS="2934" HPOS="412"/>
<SP HEIGHT="52" WIDTH="28" VPOS="2934" HPOS="465"/>
<String CONTENT="Oct." HEIGHT="42" WIDTH="103" VPOS="2937" HPOS="494"/>
<SP HEIGHT="40" WIDTH="25" VPOS="2939" HPOS="598"/>
<String CONTENT="26," HEIGHT="48" WIDTH="71" VPOS="2938" HPOS="624"/>
<SP HEIGHT="48" WIDTH="27" VPOS="2938" HPOS="696"/>
<String CS="1" CONTENT="1928;" HEIGHT="41" WIDTH="115" VPOS="2937" HPOS="724"/>
<SP HEIGHT="48" WIDTH="30" VPOS="2937" HPOS="867"/>
<String CONTENT="2c." HEIGHT="42" WIDTH="67" VPOS="2937" HPOS="898"/>
<SP HEIGHT="32" WIDTH="28" VPOS="2947" HPOS="966"/>
<String CONTENT="and" HEIGHT="38" WIDTH="95" VPOS="2940" HPOS="995"/>
<SP HEIGHT="38" WIDTH="28" VPOS="2940" HPOS="1091"/>
<String CONTENT="aff." HEIGHT="40" WIDTH="82" VPOS="2938" HPOS="1120"/>
<SP HEIGHT="39" WIDTH="27" VPOS="2939" HPOS="1203"/>
<String CONTENT="Nov." HEIGHT="41" WIDTH="121" VPOS="2939" HPOS="1231"/>
<SP HEIGHT="41" WIDTH="27" VPOS="2939" HPOS="1353"/>
<String CS="1" CONTENT="3;" HEIGHT="40" WIDTH="25" VPOS="2939" HPOS="1381"/>
<SP HEIGHT="47" WIDTH="29" VPOS="2939" HPOS="1435"/>
<!-- cceid 29EFB876-6CB2-1014-A20E-B9D6251C946A --><String CONTENT="A" HEIGHT="39" WIDTH="41" VPOS="2939" HPOS="1465"/>
<SP HEIGHT="39" WIDTH="26" VPOS="2939" HPOS="1507"/>
<String CS="1" CONTENT="1453;" HEIGHT="40" WIDTH="114" VPOS="2940" HPOS="1534"/>
<SP HEIGHT="46" WIDTH="31" VPOS="2941" HPOS="1677"/>
<String CONTENT="Henry" HEIGHT="47" WIDTH="171" VPOS="2941" HPOS="1709"/>
<SP HEIGHT="47" WIDTH="28" VPOS="2941" HPOS="1881"/>
<String CONTENT="Holt" HEIGHT="40" WIDTH="123" VPOS="2941" HPOS="1910"/>
<SP HEIGHT="40" WIDTH="27" VPOS="2941" HPOS="2034"/>
<String CONTENT="&amp;" HEIGHT="40" WIDTH="38" VPOS="2941" HPOS="2062"/>
<SP HEIGHT="40" WIDTH="26" VPOS="2941" HPOS="2101"/>
<String CONTENT="co." HEIGHT="29" WIDTH="67" VPOS="2952" HPOS="2128"/>
</TextLine>
<TextLine HEIGHT="50" WIDTH="282" VPOS="2993" HPOS="491">
<String CONTENT="(28-28530)" HEIGHT="50" WIDTH="282" VPOS="2993" HPOS="491"/>
</TextLine>
<TextLine HEIGHT="65" WIDTH="591" VPOS="3089" HPOS="406">
<String CONTENT="Pyper," HEIGHT="65" WIDTH="215" VPOS="3089" HPOS="406"/>
<SP HEIGHT="65" WIDTH="36" VPOS="3089" HPOS="622"/>
<String CONTENT="George" HEIGHT="65" WIDTH="229" VPOS="3089" HPOS="659"/>
<SP HEIGHT="52" WIDTH="36" VPOS="3091" HPOS="889"/>
<String CONTENT="D." HEIGHT="54" WIDTH="71" VPOS="3091" HPOS="926"/>
</TextLine>
<TextLine HEIGHT="73" WIDTH="1946" VPOS="3166" HPOS="477" STYLEREFS="StyleId-39762C2C-C6E6-4E58-A8EF-9E9367AA0CC3-">
<String CONTENT="The" HEIGHT="54" WIDTH="122" VPOS="3166" HPOS="477"/>
<SP HEIGHT="35" WIDTH="23" VPOS="3185" HPOS="600"/>
<String CONTENT="romance" HEIGHT="34" WIDTH="263" VPOS="3186" HPOS="624"/>
<SP HEIGHT="34" WIDTH="22" VPOS="3186" HPOS="888"/>
<String CONTENT="of" HEIGHT="53" WIDTH="66" VPOS="3167" HPOS="911"/>
<SP HEIGHT="53" WIDTH="21" VPOS="3167" HPOS="978"/>
<String CONTENT="an" HEIGHT="33" WIDTH="73" VPOS="3187" HPOS="1000"/>
<SP HEIGHT="34" WIDTH="23" VPOS="3186" HPOS="1074"/>
<String CONTENT="old" HEIGHT="52" WIDTH="96" VPOS="3169" HPOS="1098"/>
<SP HEIGHT="67" WIDTH="23" VPOS="3169" HPOS="1195"/>
<String CONTENT="playhouse," HEIGHT="69" WIDTH="332" VPOS="3169" HPOS="1219"/>
<SP HEIGHT="69" WIDTH="22" VPOS="3169" HPOS="1552"/>
<String CONTENT="by" HEIGHT="69" WIDTH="77" VPOS="3169" HPOS="1575"/>
<SP HEIGHT="69" WIDTH="22" VPOS="3169" HPOS="1653"/>
<String CONTENT="George" HEIGHT="70" WIDTH="224" VPOS="3169" HPOS="1676"/>
<SP HEIGHT="51" WIDTH="21" VPOS="3172" HPOS="1901"/>
<String CONTENT="D." HEIGHT="51" WIDTH="72" VPOS="3172" HPOS="1923"/>
<SP HEIGHT="52" WIDTH="24" VPOS="3171" HPOS="1996"/>
<String CONTENT="Pyper." HEIGHT="68" WIDTH="212" VPOS="3171" HPOS="2021"/>
<SP HEIGHT="55" WIDTH="61" VPOS="3169" HPOS="2234"/>
<String CONTENT="Salt" HEIGHT="55" WIDTH="127" VPOS="3169" HPOS="2296"/>
</TextLine>
<TextLine HEIGHT="72" WIDTH="1358" VPOS="3244" HPOS="406" STYLEREFS="StyleId-39762C2C-C6E6-4E58-A8EF-9E9367AA0CC3-">
<String CONTENT="Lake" HEIGHT="54" WIDTH="157" VPOS="3244" HPOS="406"/>
<SP HEIGHT="55" WIDTH="30" VPOS="3244" HPOS="564"/>
<String CONTENT="City," HEIGHT="71" WIDTH="153" VPOS="3244" HPOS="595"/>
<SP HEIGHT="68" WIDTH="27" VPOS="3245" HPOS="749"/>
<String CONTENT="Utah," HEIGHT="68" WIDTH="179" VPOS="3245" HPOS="777"/>
<SP HEIGHT="66" WIDTH="26" VPOS="3247" HPOS="957"/>
<String CONTENT="The" HEIGHT="54" WIDTH="123" VPOS="3245" HPOS="984"/>
<SP HEIGHT="56" WIDTH="31" VPOS="3245" HPOS="1108"/>
<String CONTENT="Seagull" HEIGHT="70" WIDTH="235" VPOS="3245" HPOS="1140"/>
<SP HEIGHT="68" WIDTH="29" VPOS="3247" HPOS="1376"/>
<String CONTENT="press," HEIGHT="50" WIDTH="176" VPOS="3266" HPOS="1406"/>
<SP HEIGHT="64" WIDTH="30" VPOS="3252" HPOS="1583"/>
<String CONTENT="1928." HEIGHT="51" WIDTH="150" VPOS="3250" HPOS="1614"/>
</TextLine>
<TextLine HEIGHT="52" WIDTH="1831" VPOS="3328" HPOS="476" CS="1">
<String CONTENT="343" HEIGHT="40" WIDTH="86" VPOS="3328" HPOS="476"/>
<SP HEIGHT="48" WIDTH="31" VPOS="3328" HPOS="563"/>
<String CONTENT="p." HEIGHT="37" WIDTH="43" VPOS="3339" HPOS="595"/>
<SP HEIGHT="41" WIDTH="34" VPOS="3328" HPOS="639"/>
<String CONTENT="incl." HEIGHT="40" WIDTH="111" VPOS="3328" HPOS="674"/>
<SP HEIGHT="28" WIDTH="35" VPOS="3341" HPOS="786"/>
<String CONTENT="col." HEIGHT="39" WIDTH="86" VPOS="3330" HPOS="822"/>
<SP HEIGHT="40" WIDTH="31" VPOS="3329" HPOS="909"/>
<String CS="1" CONTENT="front."/>
<SP HEIGHT="41" WIDTH="59" VPOS="3329" HPOS="1093"/>
<String CONTENT="illus." HEIGHT="40" WIDTH="131" VPOS="3329" HPOS="1153"/>
<SP HEIGHT="48" WIDTH="27" VPOS="3329" HPOS="1285"/>
<String CONTENT="(incl." HEIGHT="48" WIDTH="134" VPOS="3329" HPOS="1313"/>
<SP HEIGHT="39" WIDTH="33" VPOS="3331" HPOS="1448"/>
<String CONTENT="facsims.)" HEIGHT="42" WIDTH="243" VPOS="3330" HPOS="1482"/>
<SP HEIGHT="50" WIDTH="42" VPOS="3330" HPOS="1726"/>
<String CONTENT="plates," HEIGHT="47" WIDTH="173" VPOS="3333" HPOS="1769"/>
<SP HEIGHT="37" WIDTH="34" VPOS="3343" HPOS="1943"/>
<String CONTENT="ports." HEIGHT="46" WIDTH="152" VPOS="3334" HPOS="1978"/>
<SP HEIGHT="39" WIDTH="57" VPOS="3333" HPOS="2131"/>
<String CONTENT="23" HEIGHT="40" WIDTH="56" VPOS="3332" HPOS="2189"/>
<String STYLE="superscript" CS="1" CONTENT="&#7580;&#7504;"/>
<String CONTENT="." HEIGHT="8" WIDTH="8" VPOS="3364" HPOS="2299"/>
</TextLine>
<TextLine HEIGHT="48" WIDTH="995" VPOS="3384" HPOS="476">
<String CONTENT="The" HEIGHT="40" WIDTH="103" VPOS="3385" HPOS="476"/>
<SP HEIGHT="29" WIDTH="26" VPOS="3396" HPOS="580"/>
<String CONTENT="story" HEIGHT="44" WIDTH="137" VPOS="3388" HPOS="607"/>
<SP HEIGHT="36" WIDTH="25" VPOS="3396" HPOS="745"/>
<String CONTENT="of" HEIGHT="41" WIDTH="53" VPOS="3384" HPOS="771"/>
<SP HEIGHT="41" WIDTH="27" VPOS="3384" HPOS="825"/>
<String CONTENT="the" HEIGHT="41" WIDTH="82" VPOS="3385" HPOS="853"/>
<SP HEIGHT="41" WIDTH="29" VPOS="3385" HPOS="936"/>
<String CONTENT="Salt" HEIGHT="41" WIDTH="106" VPOS="3385" HPOS="966"/>
<SP HEIGHT="40" WIDTH="27" VPOS="3386" HPOS="1073"/>
<String CONTENT="Lake" HEIGHT="40" WIDTH="133" VPOS="3386" HPOS="1101"/>
<SP HEIGHT="37" WIDTH="28" VPOS="3389" HPOS="1235"/>
<String CONTENT="theatre." HEIGHT="39" WIDTH="207" VPOS="3387" HPOS="1264"/>
</TextLine>
<TextLine HEIGHT="56" WIDTH="2006" VPOS="3437" HPOS="415" CS="1">
<String CONTENT="&#169;" HEIGHT="52" WIDTH="52" VPOS="3437" HPOS="415"/>
<SP HEIGHT="52" WIDTH="25" VPOS="3437" HPOS="468"/>
<String CONTENT="Oct." HEIGHT="41" WIDTH="103" VPOS="3441" HPOS="494"/>
<SP HEIGHT="41" WIDTH="25" VPOS="3441" HPOS="598"/>
<String CONTENT="6," HEIGHT="49" WIDTH="40" VPOS="3441" HPOS="624"/>
<SP HEIGHT="47" WIDTH="24" VPOS="3443" HPOS="665"/>
<String CS="1" CONTENT="1928;" HEIGHT="41" WIDTH="117" VPOS="3441" HPOS="690"/>
<SP HEIGHT="45" WIDTH="25" VPOS="3443" HPOS="832"/>
<String CONTENT="2c." HEIGHT="40" WIDTH="68" VPOS="3443" HPOS="858"/>
<SP HEIGHT="41" WIDTH="26" VPOS="3442" HPOS="927"/>
<String CONTENT="Oct." HEIGHT="41" WIDTH="102" VPOS="3442" HPOS="954"/>
<SP HEIGHT="39" WIDTH="25" VPOS="3444" HPOS="1057"/>
<String CS="1" CONTENT="11;" HEIGHT="37" WIDTH="54" VPOS="3444" HPOS="1083"/>
<SP HEIGHT="35" WIDTH="26" VPOS="3453" HPOS="1166"/>
<String CONTENT="aff." HEIGHT="42" WIDTH="84" VPOS="3442" HPOS="1193"/>
<SP HEIGHT="41" WIDTH="26" VPOS="3443" HPOS="1278"/>
<String CONTENT="Oct." HEIGHT="41" WIDTH="101" VPOS="3443" HPOS="1305"/>
<SP HEIGHT="40" WIDTH="26" VPOS="3444" HPOS="1407"/>
<String CS="1" CONTENT="22;" HEIGHT="38" WIDTH="55" VPOS="3444" HPOS="1434"/>
<SP HEIGHT="41" WIDTH="29" VPOS="3444" HPOS="1517"/>
<!-- cceid 29EFDE5F-6CB2-1014-A20E-B9D6251C946A --><String CONTENT="A" HEIGHT="38" WIDTH="40" VPOS="3444" HPOS="1547"/>
<SP HEIGHT="38" WIDTH="25" VPOS="3444" HPOS="1588"/>
<String CS="1" CONTENT="1672;" HEIGHT="40" WIDTH="114" VPOS="3444" HPOS="1614"/>
<SP HEIGHT="47" WIDTH="29" VPOS="3444" HPOS="1756"/>
<String LANG="fr" CONTENT="G." HEIGHT="41" WIDTH="53" VPOS="3444" HPOS="1786"/>
<SP HEIGHT="40" WIDTH="26" VPOS="3445" HPOS="1840"/>
<String CONTENT="D." HEIGHT="40" WIDTH="56" VPOS="3445" HPOS="1867"/>
<SP HEIGHT="40" WIDTH="27" VPOS="3445" HPOS="1924"/>
<String CONTENT="Pyper," HEIGHT="48" WIDTH="172" VPOS="3445" HPOS="1952"/>
<SP HEIGHT="49" WIDTH="30" VPOS="3444" HPOS="2125"/>
<String CONTENT="Salt" HEIGHT="41" WIDTH="105" VPOS="3444" HPOS="2156"/>
<SP HEIGHT="40" WIDTH="26" VPOS="3444" HPOS="2262"/>
<String CONTENT="Lake" HEIGHT="40" WIDTH="132" VPOS="3444" HPOS="2289"/>
</TextLine>
<TextLine HEIGHT="51" WIDTH="477" VPOS="3497" HPOS="484">
<String CONTENT="City." HEIGHT="49" WIDTH="123" VPOS="3497" HPOS="484"/>
<SP HEIGHT="48" WIDTH="69" VPOS="3500" HPOS="608"/>
<String CONTENT="(28-28539)" HEIGHT="50" WIDTH="283" VPOS="3498" HPOS="678"/>
</TextLine>
<TextLine HEIGHT="65" WIDTH="1195" VPOS="3593" HPOS="407" STYLEREFS="StyleId-9C93D8FE-CF2A-4360-8224-23129F71C42B-">
<String CONTENT="Recording" HEIGHT="63" WIDTH="337" VPOS="3593" HPOS="407"/>
<SP HEIGHT="63" WIDTH="26" VPOS="3593" HPOS="745"/>
<String CONTENT="&amp;" HEIGHT="53" WIDTH="53" VPOS="3593" HPOS="772"/>
<SP HEIGHT="53" WIDTH="28" VPOS="3593" HPOS="826"/>
<String CONTENT="statistical" HEIGHT="53" WIDTH="326" VPOS="3594" HPOS="855"/>
<SP HEIGHT="53" WIDTH="28" VPOS="3594" HPOS="1182"/>
<String CONTENT="bureau," HEIGHT="64" WIDTH="247" VPOS="3594" HPOS="1211"/>
<SP HEIGHT="63" WIDTH="30" VPOS="3595" HPOS="1459"/>
<String CONTENT="inc." HEIGHT="54" WIDTH="112" VPOS="3595" HPOS="1490"/>
</TextLine>
<TextLine HEIGHT="73" WIDTH="1942" VPOS="3669" HPOS="482" STYLEREFS="StyleId-39762C2C-C6E6-4E58-A8EF-9E9367AA0CC3-">
<String CONTENT="Charting" HEIGHT="70" WIDTH="287" VPOS="3669" HPOS="482"/>
<SP HEIGHT="50" WIDTH="43" VPOS="3689" HPOS="770"/>
<String CONTENT="courses." HEIGHT="35" WIDTH="238" VPOS="3689" HPOS="814"/>
<SP HEIGHT="52" WIDTH="81" VPOS="3672" HPOS="1053"/>
<String CONTENT="New" HEIGHT="52" WIDTH="141" VPOS="3672" HPOS="1135"/>
<SP HEIGHT="52" WIDTH="41" VPOS="3672" HPOS="1277"/>
<String CONTENT="York," HEIGHT="67" WIDTH="180" VPOS="3672" HPOS="1319"/>
<SP HEIGHT="65" WIDTH="45" VPOS="3674" HPOS="1500"/>
<String CONTENT="Boston" HEIGHT="52" WIDTH="215" VPOS="3674" HPOS="1546"/>
<SP HEIGHT="48" WIDTH="53" VPOS="3692" HPOS="1762"/>
<String CONTENT="[etc.]" HEIGHT="61" WIDTH="137" VPOS="3679" HPOS="1816"/>
<SP HEIGHT="65" WIDTH="49" VPOS="3674" HPOS="1954"/>
<String CONTENT="Recording" HEIGHT="69" WIDTH="330" VPOS="3673" HPOS="2004"/>
<SP HEIGHT="68" WIDTH="41" VPOS="3674" HPOS="2335"/>
<String CONTENT="&amp;" HEIGHT="51" WIDTH="47" VPOS="3674" HPOS="2377"/>
</TextLine>
<TextLine HEIGHT="72" WIDTH="2013" VPOS="3748" HPOS="408" STYLEREFS="StyleId-39762C2C-C6E6-4E58-A8EF-9E9367AA0CC3-" CS="1">
<String CONTENT="statistical" HEIGHT="53" WIDTH="307" VPOS="3748" HPOS="408"/>
<SP HEIGHT="53" WIDTH="33" VPOS="3748" HPOS="716"/>
<String CONTENT="bureau," HEIGHT="68" WIDTH="232" VPOS="3748" HPOS="750"/>
<SP HEIGHT="68" WIDTH="35" VPOS="3748" HPOS="983"/>
<String CONTENT="inc.;" HEIGHT="64" WIDTH="138" VPOS="3748" HPOS="1019"/>
<SP HEIGHT="62" WIDTH="39" VPOS="3750" HPOS="1158"/>
<String CONTENT="Toronto" HEIGHT="52" WIDTH="254" VPOS="3750" HPOS="1198"/>
<SP HEIGHT="49" WIDTH="41" VPOS="3768" HPOS="1453"/>
<String CS="1" CONTENT="[etc.]" HEIGHT="61" WIDTH="120" VPOS="3756" HPOS="1513"/>
<SP HEIGHT="66" WIDTH="40" VPOS="3751" HPOS="1634"/>
<String CONTENT="Recording" HEIGHT="69" WIDTH="329" VPOS="3751" HPOS="1675"/>
<SP HEIGHT="67" WIDTH="32" VPOS="3753" HPOS="2005"/>
<String CONTENT="&amp;" HEIGHT="50" WIDTH="47" VPOS="3753" HPOS="2038"/>
<SP HEIGHT="51" WIDTH="29" VPOS="3753" HPOS="2086"/>
<String CONTENT="statistical" HEIGHT="53" WIDTH="305" VPOS="3751" HPOS="2116"/>
</TextLine>
<TextLine HEIGHT="68" WIDTH="1008" VPOS="3826" HPOS="409" STYLEREFS="StyleId-39762C2C-C6E6-4E58-A8EF-9E9367AA0CC3-" CS="1">
<String CONTENT="service" HEIGHT="52" WIDTH="214" VPOS="3826" HPOS="409"/>
<SP HEIGHT="35" WIDTH="32" VPOS="3844" HPOS="624"/>
<String CONTENT="corporation," HEIGHT="68" WIDTH="385" VPOS="3826" HPOS="657"/>
<SP HEIGHT="67" WIDTH="33" VPOS="3827" HPOS="1043"/>
<String CONTENT="ltd." HEIGHT="53" WIDTH="104" VPOS="3827" HPOS="1077"/>
<SP HEIGHT="33" WIDTH="40" VPOS="3861" HPOS="1182"/>
<String STYLE="subscript" CS="1" CONTENT="[&#7580;"/>
<String CONTENT="1928" HEIGHT="50" WIDTH="134" VPOS="3830" HPOS="1266"/>
<String STYLE="subscript" CONTENT="]" HEIGHT="33" WIDTH="12" VPOS="3861" HPOS="1405"/>
</TextLine>
<TextLine HEIGHT="50" WIDTH="1854" VPOS="3909" HPOS="481" CS="1">
<String CONTENT="1" HEIGHT="39" WIDTH="24" VPOS="3909" HPOS="481"/>
<SP HEIGHT="47" WIDTH="28" VPOS="3909" HPOS="506"/>
<String LANG="fr" CONTENT="p." HEIGHT="36" WIDTH="43" VPOS="3920" HPOS="535"/>
<SP/>
<String LANG="fr" CS="1" CONTENT="l.,"/>
<SP/>
<String CONTENT="7-92" HEIGHT="40" WIDTH="115" VPOS="3909" HPOS="677"/>
<SP HEIGHT="47" WIDTH="26" VPOS="3910" HPOS="793"/>
<String LANG="fr" CONTENT="p.." HEIGHT="36" WIDTH="57" VPOS="3921" HPOS="820"/>
<SP HEIGHT="41" WIDTH="28" VPOS="3911" HPOS="878"/>
<String CONTENT="1" HEIGHT="37" WIDTH="24" VPOS="3911" HPOS="907"/>
<SP HEIGHT="38" WIDTH="26" VPOS="3911" HPOS="932"/>
<String CS="1" CONTENT="l." HEIGHT="8" WIDTH="8" VPOS="3942" HPOS="982"/>
<SP HEIGHT="40" WIDTH="27" VPOS="3910" HPOS="991"/>
<String CONTENT="incl." HEIGHT="40" WIDTH="111" VPOS="3910" HPOS="1019"/>
<SP HEIGHT="37" WIDTH="26" VPOS="3921" HPOS="1131"/>
<String CS="1" CONTENT="plates." HEIGHT="46" WIDTH="161" VPOS="3912" HPOS="1158"/>
<SP HEIGHT="40" WIDTH="27" VPOS="3910" HPOS="1332"/>
<String CONTENT="forms" HEIGHT="40" WIDTH="156" VPOS="3910" HPOS="1360"/>
<SP HEIGHT="48" WIDTH="27" VPOS="3909" HPOS="1517"/>
<String CONTENT="(part" HEIGHT="50" WIDTH="136" VPOS="3909" HPOS="1545"/>
<SP HEIGHT="39" WIDTH="27" VPOS="3912" HPOS="1682"/>
<String CONTENT="double)" HEIGHT="42" WIDTH="198" VPOS="3911" HPOS="1710"/>
<SP HEIGHT="42" WIDTH="67" VPOS="3911" HPOS="1909"/>
<String CONTENT="front." HEIGHT="40" WIDTH="151" VPOS="3912" HPOS="1977"/>
<SP HEIGHT="39" WIDTH="59" VPOS="3913" HPOS="2129"/>
<String CS="1" CONTENT="21&#189;" HEIGHT="38" WIDTH="54" VPOS="3913" HPOS="2189"/>
<String STYLE="superscript" CS="1" CONTENT="&#7580;&#7504;"/>
<String CONTENT="." HEIGHT="7" WIDTH="8" VPOS="3944" HPOS="2327"/>
</TextLine>
<TextLine HEIGHT="56" WIDTH="2002" VPOS="3960" HPOS="418" CS="1">
<String CONTENT="&#169;" HEIGHT="53" WIDTH="52" VPOS="3960" HPOS="418"/>
<SP HEIGHT="53" WIDTH="30" VPOS="3960" HPOS="471"/>
<String CONTENT="Oct." HEIGHT="41" WIDTH="102" VPOS="3965" HPOS="502"/>
<SP HEIGHT="39" WIDTH="29" VPOS="3967" HPOS="605"/>
<String CONTENT="16," HEIGHT="48" WIDTH="70" VPOS="3966" HPOS="635"/>
<SP HEIGHT="47" WIDTH="28" VPOS="3967" HPOS="706"/>
<String CS="1" CONTENT="1928;" HEIGHT="41" WIDTH="115" VPOS="3966" HPOS="735"/>
<SP HEIGHT="40" WIDTH="31" VPOS="3967" HPOS="877"/>
<String CONTENT="2c." HEIGHT="40" WIDTH="68" VPOS="3967" HPOS="909"/>
<SP HEIGHT="30" WIDTH="31" VPOS="3977" HPOS="978"/>
<String CONTENT="and" HEIGHT="40" WIDTH="96" VPOS="3967" HPOS="1010"/>
<SP HEIGHT="40" WIDTH="28" VPOS="3967" HPOS="1107"/>
<String CONTENT="aff." HEIGHT="42" WIDTH="84" VPOS="3966" HPOS="1136"/>
<SP HEIGHT="41" WIDTH="31" VPOS="3967" HPOS="1221"/>
<String CONTENT="Oct." HEIGHT="42" WIDTH="102" VPOS="3967" HPOS="1253"/>
<SP HEIGHT="40" WIDTH="29" VPOS="3969" HPOS="1356"/>
<String CONTENT="19;" HEIGHT="47" WIDTH="82" VPOS="3967" HPOS="1386"/>
<SP HEIGHT="47" WIDTH="32" VPOS="3967" HPOS="1469"/>
<!-- cceid 29F005BA-6CB2-1014-A20E-B9D6251C946A --><String CONTENT="A" HEIGHT="40" WIDTH="41" VPOS="3967" HPOS="1502"/>
<SP HEIGHT="40" WIDTH="28" VPOS="3967" HPOS="1544"/>
<String CONTENT="112;" HEIGHT="47" WIDTH="113" VPOS="3968" HPOS="1573"/>
<SP HEIGHT="47" WIDTH="31" VPOS="3968" HPOS="1687"/>
<String CONTENT="Recording" HEIGHT="48" WIDTH="275" VPOS="3968" HPOS="1719"/>
<SP HEIGHT="37" WIDTH="28" VPOS="3979" HPOS="1995"/>
<String CONTENT="and" HEIGHT="40" WIDTH="97" VPOS="3969" HPOS="2024"/>
<SP HEIGHT="40" WIDTH="32" VPOS="3969" HPOS="2122"/>
<String CONTENT="statistical" HEIGHT="41" WIDTH="265" VPOS="3968" HPOS="2155"/>
</TextLine>
<TextLine HEIGHT="49" WIDTH="677" VPOS="4023" HPOS="484">
<String CONTENT="bureau," HEIGHT="48" WIDTH="201" VPOS="4023" HPOS="484"/>
<SP HEIGHT="48" WIDTH="29" VPOS="4023" HPOS="686"/>
<String CONTENT="inc." HEIGHT="41" WIDTH="91" VPOS="4023" HPOS="716"/>
<SP HEIGHT="47" WIDTH="69" VPOS="4025" HPOS="808"/>
<String CONTENT="(28-28781)" HEIGHT="48" WIDTH="283" VPOS="4024" HPOS="878"/>
</TextLine>
</TextBlock>
</PrintSpace>
</Page>
</Layout>
</alto>