2498 4384
1039 4136 132 50 1063

149 543 86 40 307
268 553 44 38 p.
370 543 165 46 front.,
572 542 171 48 plates.
803 541 148 41 19½ᶜᵐ.

94 609 52 52 ©
176 613 116 39 July
351 643 9 15 1,
390 612 141 46 1928;
563 612 69 40 2c.
661 612 96 39 and
786 611 82 39 aff.
900 611 116 47 July
1047 611 81 45 14;
1160 611 40 38 A
1230 610 203 40 1083233;
1494 610 133 40 Penn
1658 611 108 47 pub.
1798 621 67 29 co.

171 668 280 49 (28-17273)

86 762 220 63 Salten,
341 761 183 64 Felix,
561 765 168 50 1869-

155 841 224 67 Bambi,
420 861 31 32 a
488 841 107 53 life
632 841 61 52 in
731 842 97 52 the
866 841 208 66 woods,
1112 841 75 68 by
1225 841 167 52 Felix
1433 839 217 68 Salten,
1690 840 287 53 foreword
2017 841 73 69 by

84 920 156 55 John
279 919 385 69 Galsworthy.
739 919 140 52 New
918 918 181 67 York,
1142 918 200 55 Simon
1383 919 113 52 and
1539 917 288 69 Schuster,
1869 921 151 50 1928.

154 1001 925 50 293, [1] p. incl. plates, front. 21 ᶜᵐ.
157 1073 321 40 “Translated
515 1073 60 47 by
614 1072 280 40 Whittaker
932 1071 279 48 Chambers,
1251 1070 331 41 illustrations
1621 1072 61 47 by
1721 1071 130 40 Kurt
1889 1070 202 42 Wiese.”

155 1130 289 40 Illustrated
472 1129 364 48 lining-papers.

95 1197 52 53 ©
183 1202 116 39 July
334 1202 39 44 6,
410 1201 141 46 1928;
590 1201 68 41 2c.
694 1202 96 38 and
826 1200 83 41 aff.
945 1200 117 47 July
1098 1199 82 48 19;
1219 1200 42 39 A
1297 1199 230 47 1083300;
1569 1199 163 41 Simon
1770 1199 37 40 &
1845 1198 247 49 Schuster,

161 1258 91 41 inc.
323 1257 282 49 (28-17486)

88 1350 1836 69 Santa Anna, Antonio L ó pez de, pres. Mexico, 1795-1876.
154 1430 121 52 The
314 1428 266 54 Mexican
623 1430 121 53 side
786 1429 64 54 of
891 1430 96 52 the
1028 1430 197 51 Texan
1269 1428 322 53 revolution
1631 1431 174 50 <1836>
1880 1428 76 69 by
1996 1428 98 53 the

82 1505 2012 148 chief Mexican participants, General Antonio Lopez de Santa-Anna, D. Ramon Martinez Caro … General Vicente Filisola,
85 1662 2010 67 General José Urrea, General José Maria Tornel … translated
85 1740 2009 70 with notes by Carlos E. Castañeda … Dallas, Tex., P. L.
85 1820 760 67 Turner company [ ᶜ1 928 ]
155 1901 797 50 vii, 391 p. incl. facsims. 24½ ᶜᵐ.
158 1974 139 47 Maps
326 1983 60 29 on
419 1972 364 48 lining-papers.

156 2029 235 42 Contains
423 2027 370 49 reproductions
824 2028 53 39 of
907 2027 82 41 the
1020 2027 210 48 original
1264 2028 277 47 title-pages
1573 2028 53 41 of
1656 2029 118 40 each
1806 2029 53 40 of
1891 2031 81 39 the
2002 2031 93 39 five

85 2087 297 39 documents.

434 2154 330 40 CONTENTS.—Manifesto
804 2153 205 41 relative
1049 2158 49 36 to
1136 2153 76 40 his
1252 2154 280 48 operations
1568 2154 50 40 in
1656 2156 82 39 the
1774 2156 160 40 Texas
85 2167 1991 94 campaign
262 2212 95 41 and
386 2211 80 40 his

494 2214 216 45 capture,
741 2210 60 47 by
831 2211 53 38 A.
915 2210 52 40 L.
996 2211 59 38 de
1086 2210 153 40 Santa
1269 2210 259 40 Anna.—A
1558 2213 110 38 true
1697 2215 206 37 account
1930 2212 52 39 of
2012 2214 83 39 the

83 2269 110 40 first
229 2269 160 39 Texas
426 2267 255 48 campaign
718 2268 95 38 and
852 2267 81 40 the
969 2270 169 36 events
1176 2267 296 47 subsequent
1509 2271 48 36 to
1597 2268 82 39 the
1716 2268 154 40 battle
1908 2268 51 41 of
1997 2269 96 40 San

86 2324 209 47 Jacinto,
330 2324 61 47 by
425 2324 56 40 R.
516 2322 242 41 Martinez
792 2322 612 49 Caro.—Representation
1439 2323 53 40 of
1524 2324 82 39 the
1640 2334 224 38 supreme
85 2336 1993 86 government
254 2380 120 42 with

410 2383 138 38 notes
586 2390 59 30 on
681 2379 77 41 his
794 2378 281 50 operations
1112 2389 55 31 as
1204 2379 423 48 general-in-chief
1663 2380 51 42 of
1751 2382 82 40 the
1869 2393 136 38 army
2043 2382 52 42 of

86 2439 173 45 Texas,
290 2437 61 48 by
381 2437 54 40 V.
466 2436 437 48 Filisola.—Diary
934 2436 53 40 of
1017 2437 82 39 the
1128 2435 222 49 military
1381 2437 280 47 operations
1691 2438 52 40 of
1773 2439 82 39 the
1885 2439 209 41 division

87 2494 171 48 which,
299 2495 156 39 under
495 2493 78 39 his
614 2493 268 47 command,
924 2491 318 49 campaigned
1282 2492 49 40 in
1370 2493 174 48 Texas,
1586 2494 61 48 by
1688 2495 43 39 J.
86 2495 1993 96 Urrea.—Relations
305 2551 216 39 between

555 2549 173 48 Texas,
766 2549 82 40 the
884 2549 179 40 United
1101 2548 165 41 States
1301 2549 53 40 of
1387 2549 239 49 America,
1662 2552 96 38 and
1795 2551 203 48 Mexico,
2035 2551 61 48 by

86 2607 45 41 J.
166 2607 63 40 M.
262 2607 179 43 Tornel
474 2618 29 36 y
537 2605 249 41 Mendivil.

100 2673 52 53 ©
180 2678 127 39 June
331 2676 70 48 30,
430 2676 141 46 1928;
600 2676 68 40 2c.
696 2677 95 38 and
819 2674 83 42 aff.
930 2675 115 47 July
1074 2675 52 47 5;
1156 2675 41 39 A
1223 2675 231 47 1083192;
1486 2676 51 40 P.
1566 2678 52 39 L.
1647 2677 189 39 Turner
1865 2688 67 31 co.

177 2733 281 49 (28-17278)

95 2827 202 63 Steup,
333 2827 257 53 Howard
624 2825 242 54 Harold.

161 2905 1875 72 Breeding and culling by head points, by H. H. Steup …
89 2983 1349 69 Mount Morris, Ill., Poultry tribune, ᶜ1 928.
91 3065 2009 106 64 p. incl. illus., forms. 21½ ᶜᵐ. (Half-title: Poultry tribune series, ed. by O. A. Hanke)
103 3176 51 53 ©
184 3182 116 46 July
327 3183 40 45 1,
395 3181 143 47 1928;
566 3181 69 40 2c.
664 3181 96 39 and
788 3179 82 41 aff.
900 3181 116 47 July
1046 3179 51 48 9;
1129 3180 43 39 A
1198 3180 232 48 1082500;
1461 3181 205 49 Poultry
1696 3181 194 41 tribune
1918 3193 70 31 co.

181 3237 280 49 (28-17399)

97 3330 300 64 Stocking,
441 3330 247 54 Charles
726 3330 263 64 Francis,
1032 3334 170 50 1873-

93 3407 1984 148 The identity of Douglas Bain, by Charles Francis Stocking … Chicago, The Maestro co., 1928.
162 3569 1234 48 3 p. l., 3-365, 223, 272 p., 1 l. col. front. 22½ ᶜᵐ.
107 3619 52 53 ©
193 3625 126 41 June
351 3625 70 48 28,
457 3623 141 49 1928;
633 3626 69 40 2c.
736 3626 115 47 July
883 3626 56 47 9;
976 3625 83 41 aff.
1094 3627 117 47 July
1244 3627 54 46 2;
1335 3627 42 39 A
1470 3627 169 48 1083214;
1678 3628 50 41 C.
1764 3629 52 39 F.
1853 3629 245 49 Stocking,

174 3682 246 48 Freeport,
450 3683 76 39 Ill.
596 3682 280 50 (28-17207)

100 3774 127 54 Van
262 3774 288 64 Blarcom,
589 3776 253 64 Carolyn
880 3777 248 54 Conant.

168 3850 345 55 Obstetrical
544 3853 269 70 nursing;
850 3873 31 33 a
913 3854 296 53 text-book
1243 3873 72 35 on
1348 3855 95 53 the
1474 3855 243 71 nursing
1748 3875 127 35 care
1907 3857 64 53 of
2002 3858 98 53 the

98 3934 300 63 expectant
428 3931 239 68 mother,
699 3931 96 53 the
827 3950 222 34 woman
1080 3932 61 52 in
1170 3933 179 68 labor,
1380 3933 98 54 the
1508 3952 194 53 young
1731 3935 222 54 mother
1985 3936 115 55 and

98 4006 2002 72 her baby, by Carolyn Conant Van Blarcom … with foreword
