2498 4384
1051 4077 102 56 987

196 511 214 42 “Second
438 511 227 42 edition.”

123 565 51 52 ©
201 570 128 41 June
353 570 39 42 5.
421 570 140 46 1928;
589 570 68 40 2c.
684 570 96 39 and
806 569 82 42 aff.
916 570 127 40 June
1068 569 83 46 29;
1180 569 44 39 A
1249 567 230 49 1083119;
1508 569 56 40 R.
1594 568 45 41 S.
1669 567 205 49 Clymer,
190 567 1909 108 Quakertown,
357 627 84 40 Pa.
502 626 281 49 (28-16382)

119 706 112 54 Coe
264 705 234 65 college,
534 707 187 53 Cedar
749 707 241 67 Rapids,
1058 724 48 35 Ia.

183 781 498 71 Contemporaries
707 783 12 54 !
799 782 248 56 Current
1073 782 183 55 forms
1282 783 64 53 of
1372 782 376 69 composition
1777 782 152 53 from
111 782 1982 132 Lawrence

320 860 63 55 C.
429 862 368 54 Woodman’s
844 860 114 56 Coe
1003 862 211 68 college
1263 861 293 53 freshman
1603 861 247 69 English
1897 862 219 66 classes,

112 938 328 68 1927-1928,
487 939 190 53 edited
723 938 77 58 by
846 938 229 54 Roland
1119 939 391 68 Kampmeier,
1556 938 270 54 assistant
1873 938 214 54 editors:

109 1015 1982 132 Louis Burkhalter, Ralph Moore [and others] … with an introduction
380 1094 77 68 by
493 1094 117 69 Jay
647 1093 69 56 G.
758 1092 301 71 Sigmund.
1133 1093 240 69 Vinton,
1411 1094 104 67 la.,
1551 1094 190 53 Kruse
1779 1094 338 70 publishing

108 1189 98 51 co.,
238 1175 152 50 1928.

177 1254 367 49 lx, 200 p. 19 ᶜᵐ.
180 1312 162 40 “First
376 1311 200 48 edition,
611 1311 141 48 June,
787 1310 130 48 1928,
952 1311 52 40 of
1035 1310 87 41 300
1156 1311 264 40 numbered
1456 1310 204 49 copies.”
1719 1311 119 40 This
1873 1322 120 38 copy
2027 1317 86 36 not

107 1368 278 41 numbered.

116 1420 51 52 ©
198 1424 128 40 June
351 1424 72 47 21,
452 1423 143 47 1928;
624 1423 69 41 2c.
722 1424 96 39 and
847 1422 83 42 aff.
959 1423 127 40 June
1111 1422 85 47 25;
1227 1423 45 39 A
1298 1422 204 41 1083045;
1561 1423 264 42 Lawrence
1853 1422 259 50 Chauncey

182 1481 282 48 Woodman,
491 1480 158 41 Cedar
672 1480 200 49 Rapids,
926 1490 42 30 Ia.
1032 1479 283 50 (28-16310)

112 1561 272 63 Crocker,
419 1560 194 65 Philip
649 1561 224 63 Henry,
910 1560 171 53 1870-

175 1637 1938 71 The world’s panacea, by Philip Henry Crocker … Chicago,
105 1715 1531 69 Ill., The Wood’s panacea publishing co. [ ᶜ19 28 ]
173 1798 708 50 192 p. front. (port.) 18 ᶜᵐ.
113 1851 53 53 ©
197 1856 126 40 June
351 1857 71 47 11,
450 1855 118 41 1928;
622 1855 70 41 2c.
722 1855 126 40 June
876 1854 60 41 20;
992 1854 83 41 aff.
1106 1855 130 40 June
1262 1854 56 39 21;
1377 1855 44 39 A
1448 1854 204 41 1082177;
1711 1856 52 41 P.
1793 1856 61 42 H.
1886 1856 224 50 Crocker,

182 1913 222 48 Chicago.
477 1912 281 50 (28-16366)

110 1993 201 64 Davis,
345 1993 193 64 Ralph
574 1993 259 55 Currier.

173 2071 122 53 The
342 2070 313 69 principles
701 2071 64 52 of
814 2070 228 69 factory
1088 2069 401 70 organization
1536 2071 113 53 and
1694 2078 418 62 management,

100 2147 2011 72 by Ralph Currier Davis … New York and London, Harper
101 2229 46 51 &
179 2227 279 68 brothers,
496 2229 150 50 1928.

169 2308 1630 51 xxi p., 1 l., 449, [1] p. illus., 29 pl. on 18 l., diagrs. 24ᶜᵐ.
171 2366 379 50 Bibliography:
584 2377 45 38 p.
658 2366 220 41 441-444.

111 2421 51 52 ©
192 2425 127 40 June
344 2424 71 47 22,
444 2423 142 48 1928;
615 2424 69 41 2c.
713 2423 127 41 June
866 2423 84 47 25;
981 2422 83 42 aff.
1093 2423 129 40 June
1247 2422 84 48 26;
1360 2423 44 39 A
1429 2423 231 48 1082260;
1692 2425 197 48 Harper
1916 2425 37 40 &
1980 2426 128 41 bros.

188 2480 281 51 (28-16370)

109 2562 298 70 [Edgerly,
439 2561 292 67 Webster]
770 2563 327 50 1852-1926.

171 2639 122 53 The
339 2645 163 63 great
550 2638 251 70 psychic,
846 2637 97 54 the
986 2643 212 48 master
1245 2657 191 49 power
1484 2638 64 53 of
1592 2639 98 53 the
1735 2639 289 69 universe;
2076 2660 31 34 a

99 2718 173 68 study
301 2717 64 53 of
392 2717 98 53 the
520 2716 209 70 origin,
755 2716 270 69 meaning
1056 2716 112 53 and
1198 2734 250 51 purpose
1477 2716 64 53 of
1569 2716 161 54 those
1760 2719 349 70 controlling

99 2795 304 53 influences
433 2794 128 53 that
590 2794 254 68 precede,
875 2794 197 53 attend
1105 2794 114 53 and
1252 2793 199 53 follow
1478 2794 214 53 human
1725 2795 279 55 existence
2033 2816 71 34 on

99 2873 179 53 earth.
351 2873 99 52 An
506 2871 383 54 all-inclusive
946 2871 361 53 educational
1363 2877 210 64 system
1625 2872 172 54 based
1854 2893 72 33 on
1982 2893 125 35 new

102 2969 223 36 sources
378 2950 66 53 of
496 2949 352 69 knowledge.
938 2950 93 68 By
1084 2949 274 53 Edmund
1415 2948 385 71 Shaftesbury
1881 2953 217 69 [pseud.]

99 3029 279 61 Meriden,
406 3027 198 63 Conn.,
632 3027 241 53 Ralston
899 3026 321 64 university
1245 3045 177 45 press,
1451 3030 148 51 1928.

165 3112 276 48 416 p. 25 ᶜᵐ.
108 3165 51 52 ©
185 3169 128 40 June
334 3167 207 49 7,1928;
566 3167 68 40 2c.
659 3167 128 40 June
808 3166 84 48 25;
919 3166 82 42 aff.
1025 3167 128 40 June
1175 3167 56 40 23;
1285 3166 43 40 A
1350 3166 230 49 1082239;
1608 3168 207 41 Ralston
1840 3180 81 37 co.,
175 3171 1912 103 Hopewell,

324 3227 58 40 N.
407 3226 47 40 J.
516 3224 280 49 (28-16325)

105 3292 284 63 Ehrman,
426 3291 221 64 Sidney
680 3290 293 54 Heilman.

175 3371 185 52 Three
391 3370 356 53 renaissance
778 3369 349 67 silhouettes,
1159 3369 75 69 by
1269 3368 217 70 Sidney
1519 3370 274 53 Heilman
1827 3371 277 52 Ehrman.

107 3449 139 53 New
275 3448 183 68 York,
484 3448 261 67 London,
774 3446 69 56 G.
872 3448 67 52 P.
968 3445 300 55 Putnam’s
1295 3465 148 50 sons,
1476 3449 150 51 1928.

246 3530 315 49 xv, 114 p. 21½ ᶜᵐ.
174 3587 351 48 Bibliography:
581 3597 44 37 p.
652 3585 220 42 111-114.

453 3642 164 41 CONTENTS.—The
653 3642 311 42 renaissance
1000 3642 53 40 in
1088 3643 209 47 Italy.—
1298 3642 179 49 Poggio
1517 3642 177 41 Guccio
1733 3642 370 41 Bracciolini.—

106 3701 212 48 Angelus
344 3699 283 49 Ambrogini
656 3699 601 42 Polizianus.—Giovanni
1286 3699 114 41 Pico
1429 3700 125 40 della
1588 3699 291 41 Mirandola.

107 3754 53 52 ©
190 3759 128 39 June
345 3757 71 48 25,
446 3757 118 40 1928;
619 3757 68 41 2c.
718 3757 96 39 and
843 3757 83 41 aff.
958 3757 127 40 June
1113 3757 84 47 26;
1230 3757 41 39 A
1301 3756 231 48 1082258;
1568 3757 44 40 S.
1644 3757 61 40 H.
1738 3756 229 48 Ehrman,
2004 3757 98 40 San

174 3815 277 41 Francisco.
521 3813 280 50 (28-16398)

103 3880 359 63 Eisenstein,
497 3880 196 54 Judah
726 3880 209 63 David,
970 3881 84 53 ed.

238 3956 1865 72 … [Special accent marks and preface by J. D. Eisenstein
