2498 4384
1188 4061 136 50 1694

280 396 350 64 Sainsbury,
663 397 167 64 Noël,
863 398 72 68 jr.

349 474 162 68 Billy
554 473 208 68 Smith,
808 476 304 68 exploring
1156 494 122 45 ace;
1326 495 81 48 or,
1451 477 134 52 Into
1629 477 95 52 the
1768 477 164 53 heart
1975 477 65 53 of
2083 497 208 51 savage

280 551 142 54 New
456 550 223 56 Guinea
710 552 77 69 by
821 553 278 67 airplane,
1133 554 32 52 by
1240 554 144 52 Noël
1421 553 335 69 Sainsbury,
1789 555 71 68 jr.
1936 556 139 53 New
2113 556 177 68 York,

278 630 68 53 R.
377 630 81 52 M.
489 630 278 53 McBride
798 633 45 50 &
873 649 297 51 company,
1205 635 151 49 1928.

345 714 370 48 247 p. 19½ ᶜᵐ .
285 767 51 52 ©
367 770 103 41 Oct.
499 771 39 48 5,
567 771 114 40 1928;
738 772 68 41 2c.
836 771 103 42 Oct.
968 772 56 39 24;
1082 771 82 42 aff.
1196 771 102 42 Oct.
1327 772 55 39 22;
1441 773 42 39 A
1510 773 114 39 1221;
1684 773 183 41 Robert
1897 775 63 40 M.
1991 775 230 42 McBride
2251 775 37 42 &

352 839 68 29 co.
492 828 281 50 (28-24950)

277 910 211 64 Sands,
518 910 207 64 Irving
752 911 188 63 Jesse,
974 915 172 49 1891-

351 989 260 52 Nervous
641 989 113 52 and
781 989 216 52 mental
1026 989 244 53 diseases
1301 988 95 53 for
1423 1007 216 50 nurses,
1667 989 77 69 by
1772 989 208 70 Irving
2010 990 57 55 J.
2100 990 186 56 Sands

343 1066 1941 72 … Philadelphia and London, W. B. Saunders company, 1928.
350 1148 1033 48 2 p. l., 11-239 p. front., illus. 20½ ᶜᵐ .
352 1205 323 40 “References
706 1205 79 40 for
814 1205 198 40 further
1044 1205 175 47 study”
1255 1208 53 37 at
1339 1205 93 40 end
1465 1206 51 40 of
1549 1207 120 39 each
1700 1207 216 48 chapter.

281 1259 51 51 ©
361 1263 103 40 Oct.
492 1264 68 46 11,
588 1263 115 40 1928;
758 1264 67 39 2c.
853 1264 95 38 and
976 1263 81 40 aff.
1087 1263 102 41 Oct.
1216 1263 57 39 24;
1332 1264 38 38 A
1397 1264 86 38 202;
1540 1264 72 40 W.
1641 1265 53 38 B.
1727 1264 247 41 Saunders
2002 1276 68 30 co.

357 1320 282 49 (28-24931)

273 1400 325 64 Schaeffer,
633 1401 155 52 John
828 1400 330 64 Randolph,
1199 1405 173 50 1858-

344 1478 156 56 Over
541 1480 95 52 the
678 1479 369 69 Alleghenies
1085 1480 79 68 by
1207 1480 98 53 the
1346 1479 434 53 Northwestern
1822 1480 294 68 turnpike,
2158 1499 128 36 now

272 1557 1989 132 the great scenic federal highway [by] John Randolph Schaeffer …
531 1635 351 70 [Strasburg,
912 1635 125 68 Va.]
1076 1638 150 51 1928.

343 1718 961 50 144, [3] p. incl. front., illus. 20½ ᶜᵐ .
276 1773 51 51 ©
359 1777 105 47 Aug.
511 1777 68 46 14,
610 1776 115 40 1928;
784 1776 68 40 2c.
883 1776 121 48 Aug.
1034 1776 56 40 16;
1150 1775 84 41 aff.
1268 1776 128 48 Sept.
1428 1778 26 38 7;
1512 1776 41 39 A
1584 1776 204 40 1054629;
1850 1777 44 41 J.
1927 1777 55 41 R.
2018 1776 262 48 Schaeffer,

345 1833 280 47 Gormania,
657 1834 72 40 W.
760 1834 86 39 Va.
916 1833 281 48 (28-24818)

271 1914 385 65 Schamberg,
690 1915 116 64 Jay
842 1914 220 65 Frank,
1102 1915 174 54 1870-

343 1991 1936 72 Acute infectious diseases, by Jay Frank Schamberg … and
273 2071 2004 70 John A. Kolmer … 2d ed., thoroughly rev.; illustrated with
275 2154 97 49 161
406 2151 348 69 engravings
786 2151 114 52 and
931 2149 67 55 27
1031 2149 289 69 full-page
1354 2150 201 68 plates.
1623 2149 433 69 Philadelphia,
2087 2151 116 53 Lea
2236 2154 44 50 &

271 2230 264 69 Febiger,
564 2231 152 52 1928.

414 2310 1531 51 xx, [17]-888 p. illus., XXVIII pl. (part col.) diagrs. 24½ ᶜᵐ .
342 2369 42 41 A
412 2368 189 42 revised
630 2368 183 42 edition
842 2368 53 41 of
922 2368 154 41 Acute
1104 2366 287 51 contagious
1420 2367 231 49 diseases,
1680 2368 61 48 by
1771 2367 218 41 William
2019 2369 64 40 M.
2113 2369 166 42 Welch

273 2424 1472 50 and J ay F. Schamberg, which was published in 1905.
341 2484 417 48 Bibliographical
786 2483 280 42 foot-notes.

272 2539 51 51 ©
352 2543 103 40 Oct.
482 2543 71 42 24,
581 2542 142 47 1928;
752 2542 68 40 2c.
849 2543 96 38 and
972 2540 82 41 aff.
1083 2541 103 41 Oct.
1214 2541 83 46 25;
1328 2541 41 38 A
1396 2541 141 42 1242;
1569 2541 97 39 Lea
1695 2541 37 40 &
1760 2541 217 49 Febiger.

346 2600 283 49 (28-24929)

269 2681 217 68 [Small,
523 2680 221 53 Austin
778 2680 53 53 J.]

338 2761 188 51 Down
559 2760 170 66 river,
762 2759 76 69 by
875 2758 277 54 Seamark
1207 2759 217 66 [pseud.]
1500 2758 162 67 chap.
1699 2761 33 49 4
1775 2756 245 70 (contd.)
2128 2760 30 49 [6
267 2757 1987 147 instalments]

367 2922 61 38 (In
460 2917 203 43 London
695 2916 148 52 Daily
877 2915 234 53 express)

269 2974 51 51 ©
356 2978 68 40 1c.
460 2978 120 39 each
615 2977 119 40 Nov.
770 2976 70 48 20,
878 2976 115 40 1928;
1060 2976 40 38 A
1136 2977 62 39 ad
1235 2976 87 41 int.
1360 2975 145 40 11936;
1571 2976 144 48 pubd.
1757 2976 128 47 Sept.
1923 2975 145 39 24-29;
2136 2975 54 41 A.
2229 2976 44 40 J.

339 3036 166 46 Small,
534 3034 213 40 London.

262 3115 217 63 Smith,
512 3114 193 54 Lewis
736 3113 445 65 Worthington,
1216 3118 172 50 1866-
1524 3114 84 53 ed.

335 3193 176 56 Short
549 3194 201 52 stories
791 3193 94 52 for
925 3193 246 69 English
1212 3193 222 55 classes,
1473 3192 191 52 edited
1702 3192 77 67 by
1816 3191 186 53 Lewis
260 3191 1990 150 Worthington

259 3267 1990 151 Smith … Philadelphia, Chicago [etc.] J. B. Lippincott company [ᶜ1928]
329 3432 449 48 xli, 274 p. 21 ᶜᵐ .
266 3486 51 51 ©
347 3490 128 40 June
502 3490 70 46 20,
602 3489 140 44 1928;
773 3489 68 40 2c.
871 3489 96 39 and
996 3487 82 41 aff.
1108 3487 104 41 Oct.
1241 3488 83 46 25;
1356 3488 42 38 A
1425 3487 113 45 249;
1571 3487 30 39 J.
1644 3488 54 39 B.
1728 3485 279 49 Lippincott
2037 3495 68 30 co.

344 3547 282 48 (28-25026)

258 3627 452 54 Southwestern
745 3629 272 61 reporter
1060 3625 103 65 (2d
1198 3624 147 64 ser.)

333 3706 309 68 Kentucky
694 3705 278 53 decisions
1025 3705 268 67 reported
1346 3704 61 51 in
1465 3702 182 55 South
1701 3706 240 48 western
1995 3703 274 64 reporter.

266 3784 221 55 Second
526 3785 185 52 series.
786 3785 158 52 Vols.
990 3788 27 48 1
1070 3781 127 70 (2d)
1250 3787 58 47 to
1351 3786 28 47 5
1432 3780 127 69 (2d)
1646 3779 298 68 February
1992 3779 172 65 [1928]
2211 3780 59 48 to

262 3853 2006 77 June, 1928. Annotated … With table of statutes construed
262 3941 112 53 and
418 3941 382 68 alphabetical
842 3940 113 53 and
994 3939 315 53 numerical
1350 3938 180 53 tables
1571 3935 64 54 of
1678 3933 183 57 South
1903 3937 240 50 western
2185 3949 82 35 re-
