2498 4384
1084 4067 140 56 2177

129 384 318 53 American
484 385 254 60 country
768 381 107 53 life
908 379 380 55 association.

203 461 56 54 A
284 463 208 53 decade
517 460 65 54 of
606 462 158 51 rural
791 478 282 51 progress,
1098 458 174 54 based
1298 477 73 34 on:
1427 458 248 67 Reports
1701 457 66 53 of
1793 456 350 54 committees

134 547 57 48 to
221 541 95 53 the
345 540 310 53 American
686 543 241 62 country
958 537 105 54 life
1095 537 358 54 association.
1521 536 123 53 The
1675 534 373 70 proceedings
2080 532 65 54 of

135 620 96 53 the
281 619 163 54 tenth
494 618 276 54 National
821 623 242 62 country
1112 615 107 54 life
1271 615 351 67 conference,
1674 615 143 53 East
1867 613 278 70 Lansing,

132 699 320 67 Michigan,
481 698 230 68 August
743 700 116 63 1-4,
890 695 151 54 1927.
1108 695 121 53 The
1261 694 373 69 proceedings
1662 693 67 54 of
1756 694 99 53 the
1884 692 262 54 eleventh

134 777 275 54 National
437 780 242 65 county
705 775 105 54 life
837 775 352 67 conference,
1214 773 259 57 Urbana,
1499 773 250 69 Illinois,
1775 773 153 55 June
1957 774 190 67 19-21,

138 860 150 50 1928.
358 856 109 53 Ed.
499 856 76 68 by
608 856 230 52 Benson
870 855 72 53 Y.
975 855 217 52 Landis
1226 855 114 52 and
1374 853 119 53 Nat
1525 854 65 51 T.
1624 853 225 53 Frame.
135 851 1986 154 Wheeling,
275 935 90 54 W.

390 936 127 59 Va.,
542 934 315 53 Published
881 933 77 69 by
981 934 122 52 The
1127 933 342 68 University
1495 931 65 54 of
1585 930 253 71 Chicago
1866 950 157 51 press
2051 930 95 55 for

135 1014 121 53 The
287 1013 310 54 American
627 1018 241 63 country
899 1012 104 53 life
1036 1012 342 53 association
1457 1014 152 65 [ᶜ1928]

203 1097 84 40 161
317 1108 43 38 p.
420 1096 147 41 23½ᶜᵐ.

141 1165 51 52 ©
222 1170 119 39 Nov.
370 1168 69 48 15,
470 1168 115 41 1928;
643 1168 68 41 2c.
741 1168 119 40 Nov.
890 1168 82 47 13;
1004 1167 83 42 aff.
1118 1168 119 40 Nov.
1268 1166 83 49 28;
1384 1167 41 39 A
1455 1167 141 47 1681;
1630 1167 159 41 Amer,
1820 1168 206 46 country
2058 1165 89 42 life

207 1236 143 38 assn.,
378 1225 269 48 Wheeling,
676 1226 73 40 W.
777 1225 87 41 Va.

128 1319 330 56 Anacreon.

262 1395 1888 72 … Die lieder des Anakreon in sinngetreuer nach dich tung,
128 1477 109 54 mit
266 1475 156 56 einer
450 1476 396 71 besprechung
874 1476 227 54 Rudolf
1132 1476 255 55 Steiners
1417 1494 100 35 aus
1549 1475 128 54 dem
1705 1475 165 69 jahre
1901 1477 134 51 1888
2067 1475 83 53 als

129 1554 338 71 geleitwort.
546 1555 298 70 Stuttgart
902 1560 120 62 [etc.]
1064 1554 760 69 Orient-Occident-verlag,
1859 1556 151 51 1928.

199 1638 913 51 2 p. l., 9-90 p., 1 l. port. 19½ᶜᵐ .
200 1711 65 42 At
291 1712 127 41 head
444 1711 53 42 of
522 1711 111 41 title:
689 1711 213 41 Vincenz
928 1712 218 40 Knauer.

139 1779 2009 53 © June 30, 1928; 1c. Nov. 20; A—Foreign 813; Orient-Occident-verlag.
218 1839 254 50 (29-4814)

136 1937 362 61 Augustana
532 1937 207 63 synod.

209 2016 121 53 The
367 2015 197 68 junior
599 2015 257 69 hymnal,
892 2015 339 68 containing
1271 2013 240 71 Sunday
1547 2014 193 53 school
1779 2014 114 53 and
1929 2014 222 53 Luther

138 2095 201 68 league
378 2095 224 68 liturgy
641 2094 113 53 and
794 2094 208 69 hymns
1043 2093 95 54 for
1177 2094 97 53 the
1319 2092 240 70 Sunday
1597 2093 193 53 school
1832 2094 112 52 and
1987 2094 165 53 other

138 2173 355 70 gatherings,
534 2172 336 54 authorized
910 2172 76 64 by
1026 2173 95 53 the
1164 2172 378 70 Evangelical
1583 2172 297 54 Lutheran
138 2172 1988 133 Augustana

303 2253 200 69 synod.
568 2252 161 53 Rock
755 2252 221 59 Island,
1004 2251 115 68 UL,
1148 2251 344 70 Augustana
1519 2251 150 54 book
1699 2270 238 35 concern
1973 2255 173 65 [1928]

207 2335 82 48 vii,
321 2336 71 50 [1],
420 2335 88 42 320
533 2347 43 37 p.
632 2335 152 43 24mo.

141 2404 1990 102 © Oct. 18, 1928 ; 2c. Oct. 27; aff. Oct. 26; A 269; Augustana book concern.
137 2559 195 54 Aulnoy,
425 2560 189 53 Marie
649 2560 322 55 Catherine
1004 2559 251 55 Jumelle
1290 2560 70 53 de
1392 2559 352 66 Berneville,
1779 2566 267 49 comtesse
2078 2559 75 63 d’,

201 2639 53 53 d.
292 2640 152 54 1705.

210 2718 121 53 The
369 2718 175 53 white
580 2724 108 62 cat,
726 2719 114 53 and
878 2719 164 53 other
1078 2719 97 53 old
1212 2719 226 53 French
1477 2718 158 71 fairy
1670 2719 161 68 tales,
1865 2719 78 70 by
1977 2719 171 55 Mme.

138 2797 56 53 la
235 2803 269 49 comtesse
544 2797 310 69 d’Aulnoy,
896 2798 285 67 arranged
1218 2798 79 69 by
1333 2798 218 54 Rachel
1588 2798 167 54 Field
1798 2799 112 53 and
1951 2799 198 54 drawn

137 2876 76 70 by
263 2876 67 53 E.
381 2875 402 71 MacKinstry.
872 2877 139 53 New
1061 2876 183 69 York,
1293 2877 122 53 The
1465 2877 337 54 Macmillan
1852 2896 298 52 company,

139 2959 150 51 1928.

211 3037 1452 50 ix p., 3 l., 150 p. incl. illus., plates (part col.) 28½ᶜᵐ.
208 3095 129 41 Title
363 3095 176 41 within
566 3096 193 40 colored
788 3097 308 39 ornamental
1126 3096 190 41 border.

147 3150 51 52 ©
228 3155 118 40 Nov.
375 3154 71 42 27,
474 3154 142 47 1928;
647 3154 68 41 2c.
745 3154 97 40 and
871 3153 84 42 aff.
984 3154 119 40 Nov.
1133 3153 83 48 28;
1250 3154 42 40 A
1320 3154 112 47 978;
1467 3154 284 41 Macmillan
1781 3166 68 30 co.

223 3211 253 49 (29-2702)

141 3307 226 64 Bailey,
399 3306 257 54 Melville
688 3307 72 53 K.

215 3385 156 54 John
403 3385 246 68 Binney,
682 3385 179 68 priest
894 3386 113 52 and
1040 3386 218 65 doctor,
1290 3384 296 69 professor
1615 3384 66 54 of
1710 3386 268 59 Hebrew,
2012 3388 145 52 dean

144 3463 66 54 of
252 3464 97 53 the
393 3464 283 67 Berkeley
721 3463 254 69 divinity
1020 3464 208 53 school.
1313 3464 314 54 Hartford.
1676 3463 199 69 Conn.,
1924 3464 233 56 Church

144 3543 263 52 missions
441 3542 340 69 publishing
812 3561 301 50 company,
1147 3545 151 50 1928.

214 3627 24 38 1
303 3658 8 9 v.
379 3625 216 47 (Soldier
624 3626 96 40 and
749 3627 202 39 servant
979 3625 165 43 series,
1176 3624 303 49 publication
1508 3636 76 30 no.
1615 3626 111 48 152)

148 3679 51 52 ©
233 3683 128 48 Sept.
388 3683 71 47 29,
488 3682 118 41 1928;
662 3682 67 42 2c.
759 3684 96 39 and
884 3682 83 41 aff.
998 3681 103 42 Oct.
1130 3682 58 39 22;
1245 3681 42 40 A
1316 3682 86 39 144;
1463 3682 204 51 Church,
1687 3683 229 42 missions
1946 3687 111 47 pub.
2088 3697 68 30 co.

139 3792 268 57 Barbier,
443 3792 217 54 Olimto.

272 3870 1890 69 … La grande guerra d ’Italia … album illustrato con 144
140 3948 1843 76 incisioni e 5 ta vole a colori. Firenze, A. Salani, ᶜ 1928.
