2498 4384
1318 4049 137 55 1374

367 484 52 52 ©
451 488 129 48 Sept.
608 489 70 47 11,
707 489 115 40 1928;
878 489 68 40 2c.
976 490 96 38 and
1101 489 82 41 aff.
1214 489 130 48 Sept.
1374 489 55 39 12;
1488 488 35 38 A
1557 488 204 41 1054232;
1822 488 285 40 Macmillan
2136 499 68 31 co.

446 544 282 50 (28-21663)

367 653 357 53 Federation
758 653 64 52 of
854 654 232 52 mutual
1118 653 105 52 fire
1257 653 315 52 insurance
1605 652 356 65 companies.

365 731 1987 148 … Proceedings and papers of the … Accounting, office management
670 810 1705 71 and statistical conference … 2d., 1928. [Chicago,
424 892 119 64 ᶜ1 928]
436 971 533 49 2 p. l. , 5-177 p. 23½ᶜᵐ.
369 1037 53 52 ©
454 1042 121 48 Aug.
609 1042 69 47 10,
712 1041 115 41 1928;
888 1042 68 40 2c.
994 1042 128 47 Sept.
1156 1041 59 40 10;
1277 1040 83 43 aff.
1397 1042 129 48 Sept.
1561 1042 24 40 8;
1649 1047 43 34 A
1725 1042 205 40 1054156;
1993 1043 297 40 Federation
2324 1044 58 39 of

439 1100 190 38 mutual
660 1098 87 42 fire
776 1098 260 40 insurance
1069 1108 109 37 cos.,
1211 1097 226 49 Chicago.

374 1205 285 69 [Francis,
689 1205 236 52 Arthur
952 1204 190 54 Bruce
1176 1204 266 69 Charles]
1480 1210 170 50 1880-

438 1285 119 52 The
600 1284 171 52 blood
813 1284 183 67 sister,
1039 1284 75 68 by
1159 1283 238 56 Charles
1443 1286 184 52 Bruce
1695 1286 215 67 [pseud.]
2007 1287 262 68 London,
2312 1288 67 53 E.

365 1363 282 52 Mathews
676 1365 46 49 &
748 1362 244 68 Marrot,
1019 1362 123 68 ltd.,
1172 1365 152 50 1928.

437 1444 100 49 309,
569 1444 54 50 [1]
654 1456 43 37 p.
757 1443 57 42 19½ᶜᵐ.

373 1512 2007 55 © 1c. June 21, 1928; A ad int. 11306; pubd. May 25; Joyce Francis, i. e.
442 1574 114 39 Mrs.
585 1573 53 39 A.
666 1573 54 39 B.
751 1572 48 41 C.
829 1572 218 49 Francis,
1076 1573 283 48 Wargrave,
1389 1573 280 49 Berkshire,
1700 1575 238 47 England.

452 1629 282 50 (28-22670)

375 1738 499 63 Fraser-Simson,
903 1740 138 52 Mrs.
1077 1738 215 65 Cicely.

444 1816 1937 72 The swinging shutter, by C. Fraser-Simson … New York,
374 1895 1028 69 E. P. Dutton & company [ ᶜ1 928]
447 1976 530 49 5 p. l. , 3-328 p. 19½ᶜᵐ.
375 2044 52 53 ©
463 2048 128 48 Sept.
624 2049 40 47 8,
695 2048 115 40 1928;
869 2048 69 40 2c.
971 2050 97 38 and
1100 2048 82 41 aff.
1217 2048 130 49 Sept.
1379 2051 56 37 11;
1497 2050 41 38 A
1569 2050 207 40 1054219;
1836 2052 55 41 E.
1923 2052 51 41 P.
2008 2052 190 41 Dutton
2229 2052 36 40 &
2298 2063 82 38 co.,

443 2105 91 41 inc.
606 2105 282 49 (28-21191)

376 2213 247 64 Gocher,
651 2213 258 54 William
936 2214 226 63 Henry.

441 2293 342 68 Pacealong,
830 2293 76 68 by
954 2294 90 53 W.
1092 2293 77 52 H.
1220 2292 240 55 Gocher.
1554 2294 313 69 Hartford,
1919 2295 200 69 Conn.,
2168 2296 89 55 W.
2306 2298 77 53 H.

371 2371 242 69 Gocher,
642 2374 150 50 1928.

442 2454 1248 49 456 p. incl. front. (port.) plates, ports. 18½ ᶜᵐ.
445 2526 229 40 Lettered
708 2536 61 29 on
800 2535 142 30 cover:
1003 2526 92 39 vol.
1176 2557 7 7 II.
1245 2525 41 39 A
1318 2527 194 38 volume
1543 2525 165 41 issued
1741 2527 51 39 in
1825 2527 217 41 uniform
2076 2528 214 49 binding,
2326 2531 59 46 by

373 2582 1901 48 the same author, with title, Trotalong, is lettered on cover: vol. I .
377 2651 53 52 ©
458 2655 121 48 Aug.
608 2654 70 48 16,
707 2654 117 40 1928;
879 2654 67 40 2c.
978 2655 96 38 and
1104 2653 83 42 aff.
1216 2654 123 48 Aug.
1369 2655 56 40 17;
1483 2654 41 40 A
1554 2655 204 41 1083779;
1817 2657 72 41 W.
1921 2657 61 40 H.
2014 2657 202 40 Gocher.

457 2711 281 49 (28-21707)

444 2820 337 68 Trotalong,
829 2820 76 68 by
950 2820 91 53 W.
1091 2819 78 52 H.
1219 2819 240 54 Gocher.
1553 2819 314 69 Hartford,
1918 2820 199 69 Conn.,
2167 2823 89 54 W.
2307 2822 77 54 H.

373 2898 241 68 Gocher,
644 2901 151 49 1928.

444 2982 87 40 487
566 2993 42 37 p.
643 2980 79 40 incl.
787 2979 165 48 front.,
988 2980 157 48 plans,
1180 2979 180 48 diagrs.
1421 2981 173 47 plates,
1629 2982 150 46 ports.
1839 2981 56 41 18½ᶜᵐ.

447 3053 228 40 Lettered
710 3062 60 29 on
805 3061 142 30 cover:
1012 3051 92 40 vol.
1164 3082 8 8 I.
1234 3050 41 39 A
1309 3051 192 39 volume
1536 3050 165 41 issued
1737 3051 52 42 in
1823 3050 217 42 uniform
2076 3052 215 48 binding,
2327 3054 58 46 by

376 3111 82 39 the
492 3120 132 30 same
658 3109 193 47 author,
883 3107 121 40 with
1036 3107 123 47 title,
1193 3107 285 48 Pacealong,
1513 3107 41 40 is
1586 3109 207 39 lettered
1827 3119 61 30 on
1920 3119 142 30 cover:
2122 3111 92 39 vol.
2295 3141 7 8 II.

381 3178 52 52 ©
463 3182 121 47 Aug.
612 3180 69 48 16,
713 3180 115 40 1928;
885 3179 69 41 2c.
983 3180 96 38 and
1109 3178 83 40 aff.
1222 3178 121 48 Aug.
1373 3178 56 40 17;
1488 3178 42 39 A
1559 3178 203 42 1083778;
1822 3180 72 41 W.
1923 3180 62 40 H.
2018 3180 201 42 Gocher.

460 3236 280 50 (28-21708)

380 3348 180 63 Good,
594 3347 213 54 Carter
838 3345 225 54 Victor.

449 3426 150 52 How
628 3431 59 47 to
718 3425 72 53 do
822 3423 259 54 research
1111 3423 61 52 in
1204 3423 300 52 education;
1568 3441 30 34 a
1629 3424 308 52 handbook
1967 3424 95 53 for
2092 3426 96 52 the
378 3426 1987 131 graduate

546 3505 248 65 student,
827 3501 258 53 research
1121 3501 239 67 worker,
1394 3503 114 51 and
1543 3501 414 68 public-school
1993 3503 396 69 investigator,

377 3579 2012 73 by Carter V. Good … Baltimore, Warwick and York, inc.,
379 3664 151 50 1928.

451 3741 649 50 298 p. illus., diagr. 19½ ᶜᵐ.
454 3815 249 41 “Selected
739 3813 340 47 bibliography
1115 3812 52 40 of
1202 3813 162 45 books,
1402 3812 338 48 monographs,
1781 3813 97 39 and
1915 3811 232 41 bulletins
2185 3823 60 29 on
381 3823 1988 96 conducting

608 3872 95 38 and
729 3870 250 48 reporting
1004 3869 310 40 educational
1343 3868 255 41 research”:
1660 3879 43 37 p.
1730 3869 217 40 275-278.

385 3938 52 53 ©
466 3943 126 39 June
618 3942 69 48 12,
714 3941 118 40 1928;
882 3942 68 40 2c.
979 3941 116 48 July
1122 3942 25 39 7;
1205 3940 83 42 aff.
1316 3939 120 50 Aug.
1464 3940 55 40 23;
1576 3940 41 39 A
1643 3939 207 41 1083966;
1904 3940 246 41 Warwick
2179 3940 36 39 &
2241 3939 145 49 York,

453 4000 92 40 inc.
615 3999 281 49 (28-21644)
