2498 4384
1309 4066 135 51 1822

410 404 218 67 [Small,
659 404 221 53 Austin
910 405 72 67 J.]

474 484 186 52 Down
689 484 169 52 river.
958 488 30 48 [6
1018 485 378 67 instalments]

485 566 83 47 (In
598 561 202 44 London
830 562 149 52 Daily
1011 563 234 52 express)

409 632 2000 57 © 1c. each Dec. 11, 1928; A ad int. 12051; pubd. Oct. 15-20: A. J. Small,
477 693 212 40 London.

472 790 120 52 The
620 790 119 53 web
768 790 65 54 of
860 790 243 70 destiny,
1129 792 77 68 by
1238 790 276 56 Seamark
1568 792 210 68 [pseud.]

484 872 82 47 (In
595 867 202 44 London
826 869 207 52 People)

407 936 2002 56 © 1c. Dec. 5, 1928; A ad int. 12042; pubd. Oct. 7; A. J. Small, London.
399 1094 198 54 Smith
630 1094 52 53 &
710 1094 376 54 Winchester
1119 1095 496 64 manufacturing
1648 1111 308 48 company,
1988 1096 189 54 South
469 1096 1918 146 Windham,
652 1174 180 53 Conn.

467 1249 56 53 A
556 1254 238 65 century
827 1250 65 52 of
926 1251 338 69 pioneering
1297 1252 60 51 in
1389 1252 97 53 the
1520 1270 181 50 paper
1733 1252 284 69 industry,
2055 1254 153 66 1828,
2245 1256 161 64 1928;

396 1328 190 53 issued
625 1347 72 33 on
737 1329 96 52 the
876 1330 257 53 occasion
1176 1329 66 53 of
1281 1330 97 52 the
1418 1330 333 53 hundredth
1793 1330 376 69 anniversary
2209 1330 65 53 of
2312 1331 98 54 the

398 1406 191 55 Smith
631 1410 51 49 &
723 1406 360 54 Winchester
1122 1407 478 70 manufacturing
1638 1425 299 54 company.
2020 1408 389 67 [Providence,

394 1485 332 53 Livermore
758 1488 46 49 &
833 1486 232 69 Knight
1096 1504 99 49 co.,
1230 1489 154 64 1928]

468 1569 1234 49 [45] p. incl. front., illus., ports., facsims. 24 ᶜᵐ.
401 1636 52 51 ©
482 1640 119 40 Nov.
630 1641 39 46 7,
699 1639 141 47 1928;
869 1640 68 40 2c.
966 1640 96 39 and
1091 1639 82 40 aff.
1202 1640 120 39 Nov.
1351 1640 53 45 9;
1436 1639 40 39 A
1506 1639 111 47 535;
1653 1638 156 41 Smith
1841 1640 36 39 &
1905 1639 307 42 Winchester
468 1652 1920 92 manufacturing
749 1708 68 29 co.
885 1696 282 49 (28-27887)

393 1793 452 54 Southwestern
877 1795 272 60 reporter
1188 1792 104 64 (2d
1324 1790 146 64 ser.)

464 1872 273 54 Missouri
777 1871 278 54 decisions
1094 1872 268 67 reported
1401 1871 60 52 in
1497 1872 96 51 the
1633 1870 183 55 South
1853 1877 241 48 western
2131 1876 274 65 reporter.

397 1948 2007 71 Second series. Vols. 4(2d) to 6 (2d) May to July, 1928.
394 2026 2012 70 Annotated … With table of statutes construed. St. Paul,
390 2108 163 53 West
582 2106 337 69 publishing
950 2124 98 49 co.,
1083 2108 151 51 1928.

463 2189 366 42 3 v. in 1. 26 ᶜᵐ.
465 2247 228 40 Lettered
723 2257 60 29 on
812 2256 141 29 cover;
1011 2246 107 47 Key
1146 2245 206 39 number
1381 2246 195 46 system.

397 2300 1786 53 © Oct. 12, 1928; 2c. Nov. 12; aff. Nov. 10; A 553; West pub. co.
462 2459 185 51 Texas
688 2457 278 53 decisions
1008 2457 268 67 reported
1316 2456 60 52 in
1420 2454 184 55 South
1644 2459 242 49 western
1923 2461 275 63 reporter.

388 2455 1990 214 Second series. Vols. 5 (2d) and 6 (2d) May to July 1928. Annotated … With
1015 2615 152 52 table
1210 2613 66 54 of
1316 2615 185 52 Texas
1544 2632 150 34 cases
1736 2613 60 53 in
1839 2612 187 54 which
2070 2613 332 69 rehearings

387 2696 146 52 have
571 2696 139 51 been
748 2692 205 55 denied
993 2694 113 52 and
1144 2693 154 53 table
1335 2692 64 54 of
1436 2697 239 49 statutes
1715 2693 318 53 construed.
2112 2691 83 57 St.
2235 2693 166 67 Paul,

383 2775 163 53 West
582 2773 338 69 publishing
954 2791 98 49 co.,
1089 2775 152 50 1928.

459 2854 365 42 2 V. in 1. 26 ᶜᵐ.
459 2912 229 40 Lettered
716 2922 62 29 on
807 2921 141 30 cover:
1008 2911 106 46 Key
1141 2910 204 39 number
1375 2911 195 46 system.

391 2965 1788 52 © Oct. 24, 1928; 2c. Nov. 12; aff. Nov. 10: A 545; West pub. co.
383 3078 280 62 Stanard,
693 3079 137 52 Mrs.
865 3077 176 62 Mary
1069 3076 183 52 Mann
1284 3076 160 63 Page
1486 3075 315 64 (Newton)

456 3157 120 52 The
604 3161 158 62 story
787 3154 65 54 of
876 3154 318 69 Virginia’s
1221 3153 129 54 first
1374 3159 254 64 century,
1653 3154 76 69 by
1756 3154 172 68 Mary
1956 3155 243 52 Newton

384 3154 2012 147 Stanard … with 27 illustrations. Philadelphia and London, J. B.
384 3312 343 69 Lippincott
758 3329 299 51 company,
1092 3313 151 51 1928.

379 3392 2000 102 3 p. l., v-vi p., 3 l., 3-322 p., 1 l., 323-331 p. front., plates, ports., facsim. 24½ᶜᵐ.
389 3506 1781 52 © Oct. 5, 1928; 2c. and aff. Nov. 8; A 534; J. B. Lippincott co.
466 3565 282 49 (28-27795)

379 3660 381 64 Streightoff,
794 3659 199 53 Frank
1027 3658 219 57 Hatch,
1283 3662 169 50 1886-

507 3734 1821 72 Elementary accounting, by Frank Hatch Streightoff …
378 3818 141 52 New
555 3817 164 52 York
753 3817 113 52 and
901 3817 260 61 London,
1195 3815 236 67 Harper
1465 3816 45 50 &
1541 3814 281 66 brothers,
1858 3815 151 50 1928.

450 3895 1234 52 xi p., 1 1., 501. [1] p. incl. tables, forms. 24 ᶜᵐ.
385 3952 1670 53 © Nov. 7, 1928; 2c. and aff. Nov. 9; A 525; Harper & bros.
464 4013 281 48 (28-27772)
