2498 4384
0 0 0 0 404
422 522 377 50 156, [5] p. 17 ᶜᵐ.
356 576 51 52 ©
442 582 123 39 Mar.
599 580 39 47 1,
672 578 140 45 1928;
848 579 68 40 2c.
950 579 122 39 Mar.
1106 577 83 46 13;
1224 575 85 42 aff.
1343 577 122 39 Mar.
1500 575 25 40 9;
1587 574 42 39 A
1660 573 231 47 1069329;
1928 574 56 39 R.
2018 574 52 39 L.
2104 573 155 45 Pratt,
2295 573 57 37 El

424 638 140 39 Paso.
635 635 252 49 (28-8534)

353 716 314 61 Collinson,
694 716 87 52 W.
813 715 67 52 E.

424 794 84 52 La
535 793 169 53 homa
731 793 214 69 lingvo.
1011 791 218 68 Berlin,
1258 789 223 54 Rudolf
1508 790 203 66 Mosse,
1743 787 150 54 1927.

596 872 918 52 1 v. (Biblioteko tutmondo. noj. 18-19)
357 927 1800 54 © July 20, 1927; 1c. Oct. 15; A—Foreign 35979; Rudolf Mosse.
351 1012 242 63 Cooper,
627 1012 278 52 Kenneth
938 1011 57 54 S.

427 1090 216 69 Cipher
677 1090 204 53 stories
912 1090 199 67 puzzle
1145 1088 166 67 book,
1347 1086 314 69 consisting
1696 1084 65 55 of
1795 1084 353 69 twenty-five
356 1084 1978 137 original

482 1169 162 53 short
672 1168 218 66 stories,
922 1166 232 69 dealing
1186 1165 141 53 with
1359 1164 123 68 life,
1514 1166 142 65 love,
1689 1162 229 69 liberty,
1949 1163 115 52 and
2095 1162 97 53 the
355 1180 1978 120 pursuit

513 1246 65 53 of
620 1245 337 68 happiness;
1005 1244 136 53 each
1185 1249 158 63 story
1388 1242 334 69 containing
1767 1246 58 48 at
1869 1241 142 53 least
2056 1246 113 47 two
2215 1240 143 53 vital

355 1325 198 67 cipher
585 1324 242 67 puzzles.
897 1323 91 67 By
1020 1321 270 54 Kenneth
1327 1320 56 55 S.
1422 1319 239 69 Cooper,
1694 1319 383 54 illustrations
2110 1318 75 69 by
2221 1318 136 55 Olin

355 1401 333 55 Wakefield.
758 1401 140 52 New
931 1399 180 68 York,
1146 1398 186 54 Lewis
1368 1397 295 70 Copeland
1699 1415 299 51 company,
2035 1400 151 50 1928.

425 1482 697 49 127 p. illus., diagrs. 24 ᶜᵐ.
359 1537 51 52 ©
440 1542 123 39 Mar.
591 1541 69 46 17,
688 1539 114 41 1928;
858 1540 68 40 2c.
955 1540 123 40 Mar.
1105 1538 56 40 19;
1217 1537 84 41 aff.
1329 1539 123 40 Mar.
1480 1538 56 39 22;
1594 1538 41 39 A
1664 1536 205 41 1069376;
1926 1536 157 40 Lewis
2114 1535 246 49 Copeland

428 1608 81 37 co.,
541 1597 92 41 inc.
704 1596 251 49 (28-8322)

354 1662 271 63 Crafton,
659 1661 190 54 Allen.

428 1738 129 57 Self
595 1738 327 69 expression
961 1738 253 69 through
1255 1738 96 53 the
1389 1737 216 68 spoken
1645 1737 176 66 word,
1858 1736 77 70 by
1974 1735 175 54 Allen
353 1736 1983 134 Crafton

499 1814 1862 71 and Jessica Royer … New York, Thomas Y. Crowell
355 1913 281 50 company
786 1896 67 51 [ᶜ1928]

424 1977 373 50 xi, 235 p. 19 ᶜᵐ.
426 2036 129 39 “The
583 2035 149 40 books
763 2046 60 29 on
851 2033 202 49 speech”:
1111 2043 44 39 p.
1184 2032 220 41 227-229.

361 2087 52 52 ©
445 2092 122 39 Mar.
599 2091 68 47 16,
700 2090 115 40 1928;
874 2091 68 40 2c.
974 2090 97 39 and
1102 2089 82 41 aff.
1216 2091 124 38 Mar.
1370 2088 59 40 20;
1487 2089 42 38 A
1559 2088 202 44 1069367;
1822 2088 211 40 Thomas
2067 2090 53 39 T.
2155 2088 204 40 Crowell

429 2159 66 28 co.
570 2147 250 49 (28-8374)

355 2212 123 53 The
515 2212 297 54 Crusades
848 2213 113 53 and
995 2213 163 52 other
1191 2211 297 54 historical
1523 2228 204 52 essays,
1764 2212 299 67 presented
2097 2219 59 45 to
2192 2212 165 53 Dana

427 2290 62 55 C.
515 2291 211 52 Munro
748 2290 77 70 by
848 2291 90 53 his
966 2290 214 53 former
1207 2290 277 66 students,
1511 2289 189 54 edited
1725 2290 76 68 by
1825 2289 176 53 Louis
2025 2290 57 54 J.
2110 2290 248 53 Paetow.

425 2370 139 54 New
592 2370 180 65 York,
799 2370 64 53 F.
894 2369 57 56 S.
981 2368 200 56 Crofts
1208 2372 44 50 &
1279 2387 99 47 co.,
1406 2371 150 51 1928.

462 2452 727 50 x, 419 p. front. (port.) 23½ ᶜᵐ.
428 2511 147 40 “This
614 2511 185 40 edition
839 2511 42 40 is
920 2510 194 47 strictly
1152 2510 189 40 limited
1381 2512 49 38 to
1470 2521 144 29 seven
1655 2511 220 39 hundred
1916 2511 93 39 and
2051 2510 110 48 fifty
2202 2511 159 49 copies

357 2569 193 46 printed
581 2568 127 40 from
742 2571 126 45 type,
899 2569 52 39 of
981 2569 157 39 which
1172 2568 99 40 this
1302 2568 43 40 is
1374 2578 119 37 copy
1522 2568 202 39 number
1755 2567 128 41 408.”

706 2626 133 48 CONTENTS.—pt.
878 2624 41 41 1.
957 2625 205 47 History
1201 2625 53 40 of
1290 2627 82 39 the
1410 2627 231 38 crusades:
1710 2626 102 40 The
1850 2628 137 45 great
2027 2626 210 40 German
357 2627 1985 103 pilgrimage

611 2683 52 40 of
702 2682 273 42 1064-1065.
1015 2684 60 46 by
1114 2685 53 38 E.
1205 2683 259 40 Joranson.
1525 2683 101 40 The
1663 2683 169 47 Pope's
1868 2684 114 47 plan
2019 2683 78 41 for
2137 2685 80 39 the
2255 2685 101 39 first

356 2742 219 45 crusade,
604 2741 60 46 by
693 2741 50 39 F.
774 2741 228 39 Duncalf.
1065 2741 38 38 A
1132 2741 249 47 neglected
1409 2751 205 37 passage
1643 2740 47 39 in
1721 2742 81 38 the
1833 2741 143 39 Gesta
2010 2742 94 39 and
2136 2741 63 41 its
358 2742 1985 103 bearing
470 2809 57 29 on
560 2799 81 39 the
673 2798 258 40 literature
964 2797 51 40 of
1046 2800 81 37 the

1159 2797 1204 48 first crusade, by A. C. Krey. Robert II of
358 2855 238 40 Flanders
634 2855 48 39 in
721 2857 82 38 the
843 2855 105 40 first
989 2856 219 46 crusade,
1248 2856 61 46 by
1348 2857 62 37 M.
1451 2857 63 39 M.
1555 2856 252 47 Knappen.
1868 2855 167 41 Albert
2076 2857 51 39 of
2166 2857 193 40 Aachen

357 2915 96 38 and
489 2914 81 39 the
605 2915 179 45 county
819 2913 53 39 of
905 2914 201 46 Edessa,
1140 2914 60 46 by
1235 2912 55 41 A.
1324 2913 54 40 A.
1414 2914 285 46 Beaumont,
1733 2913 61 47 jr.
1854 2914 101 39 The
1992 2914 214 40 Genoese
356 2916 1987 94 colonies
496 2971 49 39 in
584 2970 156 47 Syria,
776 2971 62 45 by
873 2971 53 39 E.
966 2971 60 39 H.
1064 2971 177 46 Byrne.
1300 2969 42 39 A
1379 2970 193 40 twelfth
1608 2972 205 46 century
1848 2972 423 46 preacher—Fulk
2310 2972 53 40 of

358 3028 209 47 Neuilly,
605 3028 60 47 by
703 3028 62 40 M.
805 3028 55 40 R.
899 3028 199 40 Gutsch.
1158 3028 102 39 The
1298 3027 262 48 crusading
1597 3028 146 39 ardor
1782 3028 51 40 of
1872 3029 126 39 John
2038 3029 52 40 of
2130 3030 230 47 Garland,

356 3086 62 46 by
452 3086 50 39 L.
534 3085 44 41 J.
612 3085 345 48 Paetow.—pt.
992 3084 41 40 2.
1068 3085 150 40 Other
1251 3084 254 40 historical
1538 3095 167 36 essays:
1768 3085 73 39 An
1875 3087 271 47 exchequer
2179 3087 183 39 reform

358 3144 153 38 under
547 3143 211 39 Edward
816 3173 8 16 I,
860 3143 62 46 by
956 3143 44 39 J.
1034 3142 53 42 F.
1122 3141 222 41 Willard.
1407 3143 125 39 Lord
1568 3142 267 40 Haldane’s
1870 3143 201 40 mission
2110 3146 48 38 to
2193 3144 166 40 Berlin

356 3199 51 39 in
440 3200 127 46 1912,
600 3200 59 46 by
693 3201 299 38 Bernadotte
1026 3200 52 39 E.
1117 3199 222 41 Schmitt.
1403 3200 204 40 Sources
1641 3200 51 39 of
1725 3199 282 49 diplomatic
2040 3201 191 48 history
2265 3203 95 39 and

357 3258 82 39 the
466 3258 186 39 control
680 3257 52 40 of
756 3257 190 47 foreign
975 3256 187 47 affairs,
1191 3257 60 47 by
1276 3257 71 41 W.
1375 3258 52 39 E.
1455 3256 308 49 Lingelbach.
1824 3258 304 46 Rockbridge
2157 3258 203 47 County,

360 3314 234 48 Virginia,
637 3314 48 40 in
730 3314 115 40 1835:
915 3325 26 29 a
986 3315 147 46 study
1175 3314 52 39 of
1271 3314 313 40 ante-bellum
1627 3313 196 49 society,
1866 3310 62 52 by
2024 3348 8 8 H.
2079 3316 53 40 A.
2176 3316 183 40 Kellar.

358 3371 105 40 List
496 3372 51 40 of
580 3372 81 39 the
694 3371 223 48 writings
951 3371 52 39 of
1036 3370 257 41 Professor
1327 3372 138 39 Dana
1502 3371 49 41 C.
1588 3373 187 40 Munro.
1812 3372 277 44 1894-1926.
2125 3373 232 47 compiled

356 3429 61 45 by
448 3428 190 40 Marion
669 3428 50 40 P.
746 3429 149 39 West.
955 3427 106 40 List
1092 3427 52 40 of
1171 3430 217 45 patrons.
1451 3429 166 44 Index,
1647 3429 233 47 compiled
1911 3431 59 45 by
2054 3463 8 7 H.
2093 3431 53 40 A.
2177 3431 183 39 Kellar.

361 3483 53 51 ©
450 3487 110 39 Feb.
595 3487 69 42 24,
699 3485 140 46 1928;
875 3487 68 39 2c.
977 3487 96 38 and
1108 3485 82 41 aff.
1226 3486 112 41 Feb.
1371 3487 82 46 27;
1490 3487 41 39 A
1564 3486 229 46 1069395;
1833 3488 51 40 F.
1923 3488 45 40 S.
2005 3488 167 41 Crofts
2206 3489 36 39 &
2277 3500 81 35 co.,

428 3544 93 40 inc.
591 3542 250 49 (28-8531)

359 3608 850 64 Cuy á s Armengol, Arturo.
358 3685 1978 131 Diccionario francés-espa ñ ol y Dictionnaire espagnol-français.
573 3765 332 64 Barcelona,
954 3764 200 68 Spain,
1204 3764 280 55 Sociedad
1531 3767 230 67 general
1808 3766 69 52 de
1923 3765 437 69 publicaciones,

357 3861 40 33 s.
430 3860 67 47 a.,
529 3840 150 54 1927.

427 3922 746 50 1 v. (Diccionarios Cuy á s)
361 3976 1998 58 © June 1, 1927; 1c. Oct. 11; A—Foreign 35898; Sociedad general de
428 4036 372 53 publicaciones,
832 4048 36 31 s.
900 4048 43 33 a.
