<alto xmlns="http://www.loc.gov/standards/alto/ns-v3#" xmlns:xlink="http://www.w3.org/1999/xlink" xmlns:xsi="http://www.w3.org/2001/XMLSchema-instance" xsi:schemaLocation="http://www.loc.gov/standards/alto/ns-v3# http://www.loc.gov/alto/v3/alto-3-0.xsd"><Description>
<MeasurementUnit>pixel</MeasurementUnit>
<sourceImageInformation>
<fileName>1928_v25_part001.pdf</fileName>
</sourceImageInformation>
<OCRProcessing ID="IdOcr">
<ocrProcessingStep>
<processingDateTime>2019-04-12</processingDateTime>
<processingSoftware>
<softwareCreator>ABBYY</softwareCreator>
<softwareName>ABBYY Recognition Server</softwareName>
<softwareVersion>4.0</softwareVersion>
</processingSoftware>
</ocrProcessingStep>
</OCRProcessing>
</Description>
<Styles>
<ParagraphStyle ID="StyleId-FFFFFFFF-FFFF-FFFF-FFFF-FFFFFFFFFFFF-" ALIGN="Left" LEFT="0." RIGHT="0." FIRSTLINE="0."/>
<ParagraphStyle ID="StyleId-0ECAC0CE-E1F0-4C69-A1B9-95E16886343B-" ALIGN="Left" LEFT="0." RIGHT="0." FIRSTLINE="0." LINESPACE="8.300000191"/>
<ParagraphStyle ID="StyleId-5C6F7A30-EC6F-4250-A8D3-0AE106DCDB5D-" ALIGN="Left" LEFT="0." RIGHT="0." FIRSTLINE="-13." LINESPACE="11.22999954"/>
<ParagraphStyle ID="StyleId-B258737E-7AF8-4B71-A0BF-0A1420B951F9-" ALIGN="Left" LEFT="0." RIGHT="0." FIRSTLINE="-13." LINESPACE="8.210000038"/>
<ParagraphStyle ID="StyleId-35C0EFA5-E89E-4731-B16E-5D3895F12270-" ALIGN="Block" LEFT="0." RIGHT="0." FIRSTLINE="-12." LINESPACE="11.22999954"/>
<ParagraphStyle ID="StyleId-7BD1F9B4-14BB-4AAF-864B-FED8FEA7DC43-" ALIGN="Left" LEFT="0." RIGHT="0." FIRSTLINE="0."/>
<ParagraphStyle ID="StyleId-CD2DA0E5-536D-42AE-AE16-8D9F5C008D5A-" ALIGN="Block" LEFT="0." RIGHT="0." FIRSTLINE="-12." LINESPACE="10."/>
<ParagraphStyle ID="StyleId-AF408F88-EED5-4CE2-A229-3F852C18D9BD-" ALIGN="Block" LEFT="0." RIGHT="0." FIRSTLINE="-14." LINESPACE="10."/>
<ParagraphStyle ID="StyleId-829CD741-943D-4B7B-9638-57AB73DE2567-" ALIGN="Center" LEFT="0." RIGHT="0." FIRSTLINE="0." LINESPACE="9.399999619"/>
<ParagraphStyle ID="StyleId-B271BDFA-6037-4875-BA99-885A067668E9-" ALIGN="Left" LEFT="0." RIGHT="0." FIRSTLINE="-14." LINESPACE="11.21000004"/>
<ParagraphStyle ID="StyleId-64F9C1D8-EA12-4F65-AD18-B72A4C6B556F-" ALIGN="Center" LEFT="0." RIGHT="0." FIRSTLINE="0." LINESPACE="11.60000038"/>
<ParagraphStyle ID="StyleId-44DA2756-E57B-4EF3-9BA4-FC1C14776DE3-" ALIGN="Left" LEFT="0." RIGHT="0." FIRSTLINE="-12." LINESPACE="12.19999981"/>
<ParagraphStyle ID="StyleId-D1D9AF19-8CA6-4F74-9AEC-1B4545205AD7-" ALIGN="Center" LEFT="0." RIGHT="0." FIRSTLINE="0." LINESPACE="11.60000038"/>
<ParagraphStyle ID="StyleId-3ADA1556-6D19-417D-8046-68449BF368BA-" ALIGN="Left" LEFT="0." RIGHT="0." FIRSTLINE="-13." LINESPACE="12.19999981"/>
<ParagraphStyle ID="StyleId-7443A930-B325-44B5-9AB8-B42B4EC78C89-" ALIGN="Block" LEFT="0." RIGHT="0." FIRSTLINE="13." LINESPACE="8.619999886"/>
<ParagraphStyle ID="StyleId-C9A9E480-E448-4934-9AF8-3D252792E396-" ALIGN="Left" LEFT="0." RIGHT="0." FIRSTLINE="-12." LINESPACE="11.38000011"/>
<ParagraphStyle ID="StyleId-73039842-464C-49B9-9440-4C0D0E749DFE-" ALIGN="Center" LEFT="0." RIGHT="0." FIRSTLINE="0." LINESPACE="11.10000038"/>
<ParagraphStyle ID="StyleId-C51F6AC2-80DA-4C65-849C-6E2D5F548EA4-" ALIGN="Left" LEFT="0." RIGHT="0." FIRSTLINE="0." LINESPACE="7.699999809"/>
<ParagraphStyle ID="StyleId-494190D9-BDDC-4834-A745-6AF520F91CD0-" ALIGN="Block" LEFT="0." RIGHT="0." FIRSTLINE="-12." LINESPACE="11.22999954"/>
<ParagraphStyle ID="StyleId-68D39D31-3386-4B28-8C90-DA9420961D78-" ALIGN="Left" LEFT="0." RIGHT="0." FIRSTLINE="0." LINESPACE="11.60000038"/>
<ParagraphStyle ID="StyleId-DF0CE7C7-E73E-44FE-8867-C904BD7F3F42-" ALIGN="Block" LEFT="0." RIGHT="0." FIRSTLINE="0." LINESPACE="12.19999981"/>
</Styles>
<Layout>
<Page ID="Page973" PHYSICAL_IMG_NR="973" HEIGHT="4384" WIDTH="2498">
<TopMargin HEIGHT="392" WIDTH="2498" VPOS="0" HPOS="0">
</TopMargin>
<LeftMargin HEIGHT="3621" WIDTH="118" VPOS="392" HPOS="0">
</LeftMargin>
<RightMargin HEIGHT="3621" WIDTH="348" VPOS="392" HPOS="2150">
</RightMargin>
<BottomMargin HEIGHT="371" WIDTH="2498" VPOS="4013" HPOS="0">
<TextBlock ID="Page973_Block1" HEIGHT="90" WIDTH="225" VPOS="4022" HPOS="1044" LANG="en-US" STYLEREFS="StyleId-CF842C7C-6F78-44E0-A9E1-C0293148F560-">
<TextLine HEIGHT="55" WIDTH="102" VPOS="4047" HPOS="1079">
<String CONTENT="973" HEIGHT="55" WIDTH="102" VPOS="4047" HPOS="1079"/>
</TextLine>
</TextBlock>
</BottomMargin>
<PrintSpace HEIGHT="3621" WIDTH="2032" VPOS="392" HPOS="118">
<TextBlock ID="Page973_Block2" HEIGHT="3621" WIDTH="2032" VPOS="392" HPOS="118" LANG="en-US" CS="1" STYLEREFS="StyleId-5AD13F3A-6E5A-460B-AF6E-D1FD6A97E5FB-">
<TextLine HEIGHT="69" WIDTH="743" VPOS="402" HPOS="135" STYLEREFS="StyleId-D4337A83-5EEB-469A-AF68-7BB21383C949-">
<String LANG="de" CONTENT="Rockwood," HEIGHT="61" WIDTH="346" VPOS="406" HPOS="135"/>
<SP HEIGHT="62" WIDTH="28" VPOS="405" HPOS="482"/>
<String LANG="en-US" CONTENT="Roy," HEIGHT="62" WIDTH="145" VPOS="405" HPOS="511"/>
<SP HEIGHT="49" WIDTH="27" VPOS="422" HPOS="657"/>
<String LANG="en-US" CONTENT="pseud." HEIGHT="69" WIDTH="193" VPOS="402" HPOS="685"/>
</TextLine>
<TextLine HEIGHT="72" WIDTH="1929" VPOS="478" HPOS="202" STYLEREFS="StyleId-63012B67-D11F-4DBD-86F4-C7000BE68BF1-">
<String CONTENT="Bomba," HEIGHT="66" WIDTH="237" VPOS="484" HPOS="202"/>
<SP HEIGHT="62" WIDTH="30" VPOS="488" HPOS="440"/>
<String CONTENT="the" HEIGHT="52" WIDTH="96" VPOS="483" HPOS="471"/>
<SP HEIGHT="68" WIDTH="30" VPOS="482" HPOS="568"/>
<String CONTENT="jungle" HEIGHT="68" WIDTH="197" VPOS="482" HPOS="599"/>
<SP HEIGHT="52" WIDTH="30" VPOS="481" HPOS="797"/>
<String CONTENT="boy" HEIGHT="67" WIDTH="111" VPOS="481" HPOS="828"/>
<SP HEIGHT="49" WIDTH="32" VPOS="499" HPOS="940"/>
<String CONTENT="on" HEIGHT="33" WIDTH="72" VPOS="499" HPOS="973"/>
<SP HEIGHT="51" WIDTH="31" VPOS="481" HPOS="1046"/>
<String CONTENT="Terror" HEIGHT="51" WIDTH="211" VPOS="481" HPOS="1078"/>
<SP HEIGHT="47" WIDTH="31" VPOS="484" HPOS="1290"/>
<String CONTENT="trail;" HEIGHT="67" WIDTH="164" VPOS="479" HPOS="1322"/>
<SP HEIGHT="49" WIDTH="35" VPOS="497" HPOS="1487"/>
<String CONTENT="or," HEIGHT="49" WIDTH="80" VPOS="497" HPOS="1523"/>
<SP HEIGHT="66" WIDTH="33" VPOS="480" HPOS="1604"/>
<String CONTENT="The" HEIGHT="52" WIDTH="121" VPOS="479" HPOS="1638"/>
<SP HEIGHT="35" WIDTH="31" VPOS="496" HPOS="1760"/>
<String CONTENT="mysterious" HEIGHT="67" WIDTH="339" VPOS="478" HPOS="1792"/>
</TextLine>
<TextLine HEIGHT="74" WIDTH="2000" VPOS="553" HPOS="135" STYLEREFS="StyleId-63012B67-D11F-4DBD-86F4-C7000BE68BF1-" CS="1">
<String CONTENT="men" HEIGHT="33" WIDTH="128" VPOS="581" HPOS="135"/>
<SP HEIGHT="54" WIDTH="27" VPOS="560" HPOS="264"/>
<String CONTENT="from" HEIGHT="54" WIDTH="153" VPOS="560" HPOS="292"/>
<SP HEIGHT="47" WIDTH="27" VPOS="565" HPOS="446"/>
<String CONTENT="the" HEIGHT="53" WIDTH="96" VPOS="560" HPOS="474"/>
<SP HEIGHT="35" WIDTH="23" VPOS="578" HPOS="571"/>
<String CONTENT="sky," HEIGHT="68" WIDTH="123" VPOS="559" HPOS="595"/>
<SP HEIGHT="68" WIDTH="24" VPOS="558" HPOS="719"/>
<String CONTENT="by" HEIGHT="68" WIDTH="77" VPOS="558" HPOS="744"/>
<SP HEIGHT="69" WIDTH="25" VPOS="557" HPOS="822"/>
<String CONTENT="Roy" HEIGHT="70" WIDTH="128" VPOS="557" HPOS="848"/>
<SP HEIGHT="69" WIDTH="26" VPOS="558" HPOS="977"/>
<String CONTENT="Rockwood" HEIGHT="54" WIDTH="325" VPOS="556" HPOS="1004"/>
<SP HEIGHT="54" WIDTH="33" VPOS="556" HPOS="1330"/>
<String CS="1" CONTENT="&#8230;"/>
<SP HEIGHT="53" WIDTH="77" VPOS="555" HPOS="1422"/>
<String CONTENT="New" HEIGHT="54" WIDTH="138" VPOS="555" HPOS="1500"/>
<SP HEIGHT="53" WIDTH="28" VPOS="555" HPOS="1639"/>
<String CONTENT="York," HEIGHT="67" WIDTH="180" VPOS="555" HPOS="1668"/>
<SP HEIGHT="69" WIDTH="30" VPOS="553" HPOS="1849"/>
<String CONTENT="Cupples" HEIGHT="69" WIDTH="255" VPOS="553" HPOS="1880"/>
</TextLine>
<TextLine HEIGHT="68" WIDTH="765" VPOS="638" HPOS="134" STYLEREFS="StyleId-63012B67-D11F-4DBD-86F4-C7000BE68BF1-" CS="1">
<String CONTENT="&amp;" HEIGHT="49" WIDTH="45" VPOS="642" HPOS="134"/>
<SP HEIGHT="52" WIDTH="25" VPOS="639" HPOS="180"/>
<String CONTENT="Leon" HEIGHT="53" WIDTH="155" VPOS="639" HPOS="206"/>
<SP HEIGHT="34" WIDTH="28" VPOS="656" HPOS="362"/>
<String CONTENT="company" HEIGHT="53" WIDTH="281" VPOS="653" HPOS="391"/>
<SP HEIGHT="52" WIDTH="32" VPOS="653" HPOS="673"/>
<String CS="1" CONTENT="["/>
<String STYLE="superscript" CS="1" CONTENT="&#7580;19"/>
<String CONTENT="28]" HEIGHT="64" WIDTH="86" VPOS="638" HPOS="813"/>
</TextLine>
<TextLine HEIGHT="54" WIDTH="1385" VPOS="714" HPOS="206" CS="1">
<String CONTENT="2" HEIGHT="39" WIDTH="26" VPOS="720" HPOS="206"/>
<SP/>
<String CONTENT="p." HEIGHT="37" WIDTH="42" VPOS="731" HPOS="262"/>
<SP HEIGHT="39" WIDTH="29" VPOS="720" HPOS="305"/>
<String CS="1" CONTENT="l.,"/>
<SP HEIGHT="47" WIDTH="31" VPOS="719" HPOS="380"/>
<String CONTENT="208" HEIGHT="40" WIDTH="86" VPOS="718" HPOS="412"/>
<SP HEIGHT="48" WIDTH="27" VPOS="718" HPOS="499"/>
<String CONTENT="p." HEIGHT="37" WIDTH="43" VPOS="729" HPOS="527"/>
<SP HEIGHT="41" WIDTH="57" VPOS="717" HPOS="571"/>
<String CONTENT="front." HEIGHT="40" WIDTH="149" VPOS="717" HPOS="629"/>
<SP HEIGHT="39" WIDTH="59" VPOS="718" HPOS="779"/>
<String CS="1" CONTENT="19&#189;" HEIGHT="40" WIDTH="55" VPOS="716" HPOS="839"/>
<String STYLE="superscript" CS="1" CONTENT="&#7580;&#7504;."/>
<SP HEIGHT="48" WIDTH="69" VPOS="715" HPOS="984"/>
<String CONTENT="(His" HEIGHT="48" WIDTH="116" VPOS="715" HPOS="1054"/>
<SP HEIGHT="41" WIDTH="30" VPOS="716" HPOS="1171"/>
<String CONTENT="Bomba" HEIGHT="40" WIDTH="184" VPOS="716" HPOS="1202"/>
<SP HEIGHT="39" WIDTH="30" VPOS="717" HPOS="1387"/>
<String CONTENT="books)" HEIGHT="48" WIDTH="173" VPOS="714" HPOS="1418"/>
</TextLine>
<TextLine HEIGHT="56" WIDTH="1906" VPOS="771" HPOS="139" CS="1">
<String CONTENT="&#169;" HEIGHT="53" WIDTH="51" VPOS="774" HPOS="139"/>
<SP HEIGHT="53" WIDTH="27" VPOS="774" HPOS="191"/>
<String CONTENT="May" HEIGHT="47" WIDTH="112" VPOS="779" HPOS="219"/>
<SP HEIGHT="49" WIDTH="25" VPOS="777" HPOS="332"/>
<String CONTENT="1," HEIGHT="48" WIDTH="37" VPOS="777" HPOS="358"/>
<SP HEIGHT="48" WIDTH="28" VPOS="777" HPOS="396"/>
<String CS="1" CONTENT="1928;" HEIGHT="41" WIDTH="114" VPOS="776" HPOS="425"/>
<SP HEIGHT="48" WIDTH="27" VPOS="776" HPOS="566"/>
<String CONTENT="2c." HEIGHT="41" WIDTH="68" VPOS="776" HPOS="594"/>
<SP HEIGHT="32" WIDTH="25" VPOS="785" HPOS="663"/>
<String CONTENT="and" HEIGHT="40" WIDTH="96" VPOS="775" HPOS="689"/>
<SP HEIGHT="40" WIDTH="26" VPOS="775" HPOS="786"/>
<String CONTENT="aff." HEIGHT="42" WIDTH="82" VPOS="774" HPOS="813"/>
<SP HEIGHT="41" WIDTH="26" VPOS="775" HPOS="896"/>
<String CONTENT="June" HEIGHT="40" WIDTH="127" VPOS="775" HPOS="923"/>
<SP HEIGHT="40" WIDTH="23" VPOS="774" HPOS="1051"/>
<String CS="1" CONTENT="23;" HEIGHT="41" WIDTH="56" VPOS="773" HPOS="1075"/>
<SP HEIGHT="48" WIDTH="28" VPOS="773" HPOS="1159"/>
<!-- cceid 2311CDAC-6CB2-1014-A20E-B9D6251C946A --><String CONTENT="A" HEIGHT="40" WIDTH="41" VPOS="773" HPOS="1188"/>
<SP HEIGHT="40" WIDTH="26" VPOS="773" HPOS="1230"/>
<String CS="1" CONTENT="1082217;" HEIGHT="43" WIDTH="204" VPOS="772" HPOS="1257"/>
<SP HEIGHT="49" WIDTH="33" VPOS="771" HPOS="1487"/>
<String CONTENT="Cupples" HEIGHT="50" WIDTH="207" VPOS="771" HPOS="1521"/>
<SP HEIGHT="42" WIDTH="26" VPOS="771" HPOS="1729"/>
<String CONTENT="&amp;" HEIGHT="41" WIDTH="37" VPOS="771" HPOS="1756"/>
<SP HEIGHT="41" WIDTH="25" VPOS="771" HPOS="1794"/>
<String CONTENT="Leon" HEIGHT="40" WIDTH="130" VPOS="772" HPOS="1820"/>
<SP HEIGHT="31" WIDTH="25" VPOS="781" HPOS="1951"/>
<String CONTENT="co." HEIGHT="31" WIDTH="68" VPOS="781" HPOS="1977"/>
</TextLine>
<TextLine HEIGHT="50" WIDTH="281" VPOS="833" HPOS="219">
<String CONTENT="(28-16173)" HEIGHT="50" WIDTH="281" VPOS="833" HPOS="219"/>
</TextLine>
<TextLine HEIGHT="63" WIDTH="493" VPOS="927" HPOS="130" STYLEREFS="StyleId-D4337A83-5EEB-469A-AF68-7BB21383C949-">
<String LANG="de" CONTENT="Rolfe," HEIGHT="63" WIDTH="190" VPOS="927" HPOS="130"/>
<SP HEIGHT="62" WIDTH="29" VPOS="928" HPOS="321"/>
<String LANG="en-US" CONTENT="Mary" HEIGHT="61" WIDTH="172" VPOS="928" HPOS="351"/>
<SP HEIGHT="62" WIDTH="27" VPOS="927" HPOS="524"/>
<String LANG="en-US" CONTENT="A." HEIGHT="52" WIDTH="71" VPOS="927" HPOS="552"/>
</TextLine>
<TextLine HEIGHT="71" WIDTH="1929" VPOS="1000" HPOS="204" STYLEREFS="StyleId-63012B67-D11F-4DBD-86F4-C7000BE68BF1-" CS="1">
<String CONTENT="Our" HEIGHT="56" WIDTH="122" VPOS="1004" HPOS="204"/>
<SP HEIGHT="33" WIDTH="39" VPOS="1024" HPOS="327"/>
<String CONTENT="national" HEIGHT="52" WIDTH="259" VPOS="1005" HPOS="367"/>
<SP HEIGHT="65" WIDTH="39" VPOS="1006" HPOS="627"/>
<String CONTENT="parks," HEIGHT="67" WIDTH="187" VPOS="1004" HPOS="667"/>
<SP HEIGHT="52" WIDTH="74" VPOS="1003" HPOS="855"/>
<String CONTENT="bk." HEIGHT="52" WIDTH="92" VPOS="1003" HPOS="930"/>
<SP HEIGHT="48" WIDTH="38" VPOS="1007" HPOS="1023"/>
<String CONTENT="2." HEIGHT="47" WIDTH="47" VPOS="1007" HPOS="1062"/>
<SP HEIGHT="50" WIDTH="75" VPOS="1004" HPOS="1110"/>
<String CONTENT="By" HEIGHT="66" WIDTH="92" VPOS="1004" HPOS="1186"/>
<SP HEIGHT="68" WIDTH="36" VPOS="1002" HPOS="1279"/>
<String CONTENT="Mary" HEIGHT="68" WIDTH="173" VPOS="1002" HPOS="1316"/>
<SP HEIGHT="69" WIDTH="35" VPOS="1001" HPOS="1490"/>
<String CONTENT="A." HEIGHT="52" WIDTH="70" VPOS="1001" HPOS="1526"/>
<SP HEIGHT="51" WIDTH="41" VPOS="1002" HPOS="1597"/>
<String LANG="de" CONTENT="Rolfe" HEIGHT="53" WIDTH="172" VPOS="1000" HPOS="1639"/>
<SP HEIGHT="33" WIDTH="45" VPOS="1020" HPOS="1812"/>
<String CS="1" CONTENT="&#8230;"/>
<SP HEIGHT="52" WIDTH="78" VPOS="1000" HPOS="1914"/>
<String CONTENT="New" HEIGHT="52" WIDTH="140" VPOS="1000" HPOS="1993"/>
</TextLine>
<TextLine HEIGHT="71" WIDTH="1608" VPOS="1080" HPOS="134" STYLEREFS="StyleId-63012B67-D11F-4DBD-86F4-C7000BE68BF1-">
<String CONTENT="York," HEIGHT="68" WIDTH="178" VPOS="1083" HPOS="134"/>
<SP HEIGHT="68" WIDTH="30" VPOS="1083" HPOS="313"/>
<String CONTENT="Chicago" HEIGHT="68" WIDTH="252" VPOS="1083" HPOS="344"/>
<SP HEIGHT="48" WIDTH="33" VPOS="1101" HPOS="597"/>
<String CONTENT="[etc.]" HEIGHT="63" WIDTH="136" VPOS="1086" HPOS="631"/>
<SP HEIGHT="65" WIDTH="34" VPOS="1083" HPOS="768"/>
<String CONTENT="Benj." HEIGHT="68" WIDTH="164" VPOS="1081" HPOS="803"/>
<SP HEIGHT="52" WIDTH="27" VPOS="1081" HPOS="968"/>
<String CONTENT="H." HEIGHT="52" WIDTH="77" VPOS="1081" HPOS="996"/>
<SP HEIGHT="55" WIDTH="29" VPOS="1080" HPOS="1074"/>
<String CONTENT="Sanborn" HEIGHT="55" WIDTH="265" VPOS="1080" HPOS="1104"/>
<SP HEIGHT="50" WIDTH="24" VPOS="1082" HPOS="1370"/>
<String CONTENT="&amp;" HEIGHT="49" WIDTH="44" VPOS="1082" HPOS="1395"/>
<SP HEIGHT="50" WIDTH="26" VPOS="1082" HPOS="1440"/>
<String CONTENT="co.," HEIGHT="43" WIDTH="97" VPOS="1098" HPOS="1467"/>
<SP HEIGHT="57" WIDTH="28" VPOS="1084" HPOS="1565"/>
<String CONTENT="1928." HEIGHT="50" WIDTH="148" VPOS="1082" HPOS="1594"/>
</TextLine>
<TextLine HEIGHT="52" WIDTH="1339" VPOS="1162" HPOS="205" STYLEREFS="StyleId-63012B67-D11F-4DBD-86F4-C7000BE68BF1-" CS="1">
<String CONTENT="xviii" HEIGHT="40" WIDTH="122" VPOS="1166" HPOS="205"/>
<SP HEIGHT="48" WIDTH="23" VPOS="1166" HPOS="328"/>
<String LANG="fr" CONTENT="p.," HEIGHT="37" WIDTH="57" VPOS="1177" HPOS="352"/>
<SP HEIGHT="46" WIDTH="26" VPOS="1166" HPOS="410"/>
<String CONTENT="1" HEIGHT="39" WIDTH="24" VPOS="1166" HPOS="437"/>
<SP HEIGHT="39" WIDTH="25" VPOS="1166" HPOS="462"/>
<String CS="1" CONTENT="l.,"/>
<SP HEIGHT="46" WIDTH="24" VPOS="1166" HPOS="532"/>
<String CONTENT="329" HEIGHT="40" WIDTH="89" VPOS="1165" HPOS="557"/>
<SP HEIGHT="47" WIDTH="21" VPOS="1165" HPOS="647"/>
<String CONTENT="p." HEIGHT="36" WIDTH="43" VPOS="1176" HPOS="669"/>
<SP HEIGHT="29" WIDTH="58" VPOS="1176" HPOS="713"/>
<String CONTENT="col." HEIGHT="39" WIDTH="87" VPOS="1166" HPOS="772"/>
<SP HEIGHT="40" WIDTH="24" VPOS="1164" HPOS="860"/>
<String CONTENT="front.," HEIGHT="48" WIDTH="163" VPOS="1164" HPOS="885"/>
<SP HEIGHT="48" WIDTH="27" VPOS="1164" HPOS="1049"/>
<String CONTENT="illus.," HEIGHT="48" WIDTH="143" VPOS="1164" HPOS="1077"/>
<SP HEIGHT="38" WIDTH="28" VPOS="1174" HPOS="1221"/>
<String CONTENT="col." HEIGHT="39" WIDTH="87" VPOS="1165" HPOS="1250"/>
<SP/>
<String CS="1" CONTENT="pl."/>
<SP/>
<String CS="1" CONTENT="19&#189;&#7580;&#7504;." HEIGHT="41" WIDTH="57" VPOS="1162" HPOS="1487"/>
</TextLine>
<TextLine HEIGHT="49" WIDTH="626" VPOS="1222" HPOS="206">
<String CONTENT="Maps" HEIGHT="47" WIDTH="142" VPOS="1224" HPOS="206"/>
<SP HEIGHT="29" WIDTH="27" VPOS="1234" HPOS="349"/>
<String CONTENT="on" HEIGHT="29" WIDTH="61" VPOS="1234" HPOS="377"/>
<SP HEIGHT="37" WIDTH="28" VPOS="1224" HPOS="439"/>
<String CONTENT="lining-papers." HEIGHT="48" WIDTH="364" VPOS="1222" HPOS="468"/>
</TextLine>
<TextLine HEIGHT="54" WIDTH="1994" VPOS="1274" HPOS="139" CS="1">
<String CONTENT="&#169;" HEIGHT="52" WIDTH="51" VPOS="1276" HPOS="139"/>
<SP HEIGHT="52" WIDTH="24" VPOS="1276" HPOS="191"/>
<String CONTENT="June" HEIGHT="39" WIDTH="126" VPOS="1281" HPOS="216"/>
<SP HEIGHT="40" WIDTH="21" VPOS="1279" HPOS="343"/>
<String CONTENT="30," HEIGHT="48" WIDTH="70" VPOS="1278" HPOS="365"/>
<SP HEIGHT="47" WIDTH="24" VPOS="1279" HPOS="436"/>
<String CS="1" CONTENT="1928;"/>
<SP HEIGHT="40" WIDTH="25" VPOS="1279" HPOS="603"/>
<String CONTENT="2c." HEIGHT="40" WIDTH="67" VPOS="1279" HPOS="629"/>
<SP HEIGHT="31" WIDTH="24" VPOS="1288" HPOS="697"/>
<String CONTENT="and" HEIGHT="38" WIDTH="95" VPOS="1279" HPOS="722"/>
<SP HEIGHT="38" WIDTH="24" VPOS="1279" HPOS="818"/>
<String CONTENT="aff." HEIGHT="41" WIDTH="82" VPOS="1277" HPOS="843"/>
<SP HEIGHT="40" WIDTH="24" VPOS="1278" HPOS="926"/>
<String CONTENT="July" HEIGHT="47" WIDTH="115" VPOS="1278" HPOS="951"/>
<SP HEIGHT="48" WIDTH="25" VPOS="1277" HPOS="1067"/>
<String CS="1" CONTENT="5;" HEIGHT="40" WIDTH="25" VPOS="1277" HPOS="1093"/>
<SP HEIGHT="48" WIDTH="26" VPOS="1276" HPOS="1145"/>
<!-- cceid 23123E6A-6CB2-1014-A20E-B9D6251C946A --><String CONTENT="A" HEIGHT="40" WIDTH="43" VPOS="1276" HPOS="1172"/>
<SP HEIGHT="40" WIDTH="23" VPOS="1276" HPOS="1216"/>
<String CS="1" CONTENT="1083147;" HEIGHT="41" WIDTH="205" VPOS="1276" HPOS="1240"/>
<SP HEIGHT="48" WIDTH="28" VPOS="1276" HPOS="1470"/>
<String CONTENT="Benj." HEIGHT="47" WIDTH="139" VPOS="1276" HPOS="1499"/>
<SP HEIGHT="41" WIDTH="25" VPOS="1276" HPOS="1639"/>
<String CONTENT="H." HEIGHT="41" WIDTH="61" VPOS="1276" HPOS="1665"/>
<SP HEIGHT="43" WIDTH="27" VPOS="1274" HPOS="1727"/>
<String CONTENT="Sanborn" HEIGHT="42" WIDTH="221" VPOS="1274" HPOS="1755"/>
<SP HEIGHT="40" WIDTH="24" VPOS="1276" HPOS="1977"/>
<String CONTENT="&amp;" HEIGHT="40" WIDTH="36" VPOS="1276" HPOS="2002"/>
<SP HEIGHT="40" WIDTH="24" VPOS="1276" HPOS="2039"/>
<String CONTENT="co." HEIGHT="30" WIDTH="69" VPOS="1286" HPOS="2064"/>
</TextLine>
<TextLine HEIGHT="68" WIDTH="793" VPOS="1387" HPOS="137" STYLEREFS="StyleId-D4337A83-5EEB-469A-AF68-7BB21383C949-">
<String CONTENT="Rosenthal," HEIGHT="62" WIDTH="346" VPOS="1388" HPOS="137"/>
<SP HEIGHT="61" WIDTH="34" VPOS="1389" HPOS="484"/>
<String CONTENT="Doris," HEIGHT="62" WIDTH="194" VPOS="1387" HPOS="519"/>
<SP HEIGHT="43" WIDTH="36" VPOS="1406" HPOS="714"/>
<String CONTENT="comp." HEIGHT="50" WIDTH="179" VPOS="1405" HPOS="751"/>
</TextLine>
<TextLine HEIGHT="135" WIDTH="1978" VPOS="1462" HPOS="135" STYLEREFS="StyleId-63012B67-D11F-4DBD-86F4-C7000BE68BF1-" CS="1">
<String CONTENT="Pertaining" HEIGHT="70" WIDTH="344" VPOS="1465" HPOS="206"/>
<SP HEIGHT="65" WIDTH="38" VPOS="1470" HPOS="551"/>
<String CONTENT="to" HEIGHT="49" WIDTH="60" VPOS="1470" HPOS="590"/>
<SP HEIGHT="55" WIDTH="42" VPOS="1464" HPOS="651"/>
<String CONTENT="boats," HEIGHT="68" WIDTH="179" VPOS="1464" HPOS="694"/>
<SP HEIGHT="63" WIDTH="44" VPOS="1469" HPOS="874"/>
<String CONTENT="50" HEIGHT="50" WIDTH="66" VPOS="1467" HPOS="919"/>
<SP HEIGHT="66" WIDTH="42" VPOS="1467" HPOS="986"/>
<String CONTENT="plates" HEIGHT="69" WIDTH="184" VPOS="1464" HPOS="1029"/>
<SP HEIGHT="35" WIDTH="43" VPOS="1483" HPOS="1214"/>
<String CONTENT="compiled" HEIGHT="69" WIDTH="282" VPOS="1463" HPOS="1258"/>
<SP HEIGHT="55" WIDTH="42" VPOS="1462" HPOS="1541"/>
<String CONTENT="by" HEIGHT="71" WIDTH="76" VPOS="1462" HPOS="1584"/>
<SP HEIGHT="69" WIDTH="42" VPOS="1464" HPOS="1661"/>
<String CONTENT="Doris" HEIGHT="53" WIDTH="174" VPOS="1463" HPOS="1704"/>
<SP HEIGHT="53" WIDTH="43" VPOS="1463" HPOS="1879"/>
<String CONTENT="Rosenthal." HEIGHT="134" WIDTH="1978" VPOS="1463" HPOS="135"/>
</TextLine>
<TextLine HEIGHT="70" WIDTH="1451" VPOS="1541" HPOS="340" STYLEREFS="StyleId-63012B67-D11F-4DBD-86F4-C7000BE68BF1-" CS="1">
<String CONTENT="New" HEIGHT="52" WIDTH="141" VPOS="1544" HPOS="340"/>
<SP HEIGHT="52" WIDTH="31" VPOS="1544" HPOS="482"/>
<String CONTENT="York," HEIGHT="68" WIDTH="179" VPOS="1543" HPOS="514"/>
<SP HEIGHT="67" WIDTH="29" VPOS="1544" HPOS="694"/>
<String CONTENT="Brown-Robertson" HEIGHT="54" WIDTH="562" VPOS="1542" HPOS="724"/>
<SP HEIGHT="34" WIDTH="31" VPOS="1561" HPOS="1287"/>
<String CONTENT="co.," HEIGHT="50" WIDTH="99" VPOS="1561" HPOS="1319"/>
<SP HEIGHT="70" WIDTH="28" VPOS="1541" HPOS="1419"/>
<String CONTENT="inc." HEIGHT="54" WIDTH="108" VPOS="1541" HPOS="1448"/>
<SP/>
<String CS="1" CONTENT="[&#7580;1928]" HEIGHT="65" WIDTH="86" VPOS="1544" HPOS="1705"/>
</TextLine>
<TextLine HEIGHT="40" WIDTH="263" VPOS="1625" HPOS="207" CS="1">
<String CONTENT="50" HEIGHT="40" WIDTH="56" VPOS="1625" HPOS="207"/>
<SP/>
<String CS="1" CONTENT="pl."/>
<SP/>
<String CS="1" CONTENT="36&#189;&#7580;&#7504;." HEIGHT="40" WIDTH="57" VPOS="1625" HPOS="413"/>
</TextLine>
<TextLine HEIGHT="48" WIDTH="335" VPOS="1682" HPOS="207">
<String CONTENT="In" HEIGHT="37" WIDTH="58" VPOS="1684" HPOS="207"/>
<SP HEIGHT="37" WIDTH="28" VPOS="1693" HPOS="266"/>
<String CONTENT="portfolio." HEIGHT="48" WIDTH="247" VPOS="1682" HPOS="295"/>
</TextLine>
<TextLine HEIGHT="52" WIDTH="1996" VPOS="1735" HPOS="139">
<String CONTENT="&#169;" HEIGHT="52" WIDTH="51" VPOS="1735" HPOS="139"/>
<SP HEIGHT="52" WIDTH="26" VPOS="1735" HPOS="191"/>
<String CONTENT="June" HEIGHT="39" WIDTH="126" VPOS="1740" HPOS="218"/>
<SP HEIGHT="40" WIDTH="22" VPOS="1739" HPOS="345"/>
<String CONTENT="5," HEIGHT="48" WIDTH="38" VPOS="1739" HPOS="368"/>
<SP HEIGHT="47" WIDTH="26" VPOS="1740" HPOS="407"/>
<String CONTENT="1928;" HEIGHT="47" WIDTH="140" VPOS="1739" HPOS="434"/>
<SP HEIGHT="46" WIDTH="27" VPOS="1740" HPOS="575"/>
<String CONTENT="2c." HEIGHT="41" WIDTH="68" VPOS="1740" HPOS="603"/>
<SP HEIGHT="40" WIDTH="24" VPOS="1741" HPOS="672"/>
<String CONTENT="June" HEIGHT="39" WIDTH="128" VPOS="1741" HPOS="697"/>
<SP HEIGHT="38" WIDTH="21" VPOS="1741" HPOS="826"/>
<String CONTENT="13;" HEIGHT="46" WIDTH="82" VPOS="1740" HPOS="848"/>
<SP HEIGHT="36" WIDTH="28" VPOS="1750" HPOS="931"/>
<String CONTENT="aff." HEIGHT="41" WIDTH="81" VPOS="1738" HPOS="960"/>
<SP HEIGHT="40" WIDTH="25" VPOS="1739" HPOS="1042"/>
<String CONTENT="June" HEIGHT="40" WIDTH="128" VPOS="1739" HPOS="1068"/>
<SP HEIGHT="39" WIDTH="23" VPOS="1740" HPOS="1197"/>
<String CONTENT="19;" HEIGHT="47" WIDTH="83" VPOS="1739" HPOS="1221"/>
<SP HEIGHT="47" WIDTH="27" VPOS="1739" HPOS="1305"/>
<!-- cceid 2312AE27-6CB2-1014-A20E-B9D6251C946A --><String CONTENT="A" HEIGHT="39" WIDTH="41" VPOS="1739" HPOS="1333"/>
<SP HEIGHT="39" WIDTH="24" VPOS="1739" HPOS="1375"/>
<String CONTENT="1077940;" HEIGHT="48" WIDTH="230" VPOS="1738" HPOS="1400"/>
<SP HEIGHT="47" WIDTH="28" VPOS="1739" HPOS="1631"/>
<String CONTENT="Brown-Robertson" HEIGHT="41" WIDTH="475" VPOS="1738" HPOS="1660"/>
</TextLine>
<TextLine HEIGHT="50" WIDTH="554" VPOS="1795" HPOS="205">
<String CONTENT="co.," HEIGHT="38" WIDTH="82" VPOS="1807" HPOS="205"/>
<SP HEIGHT="49" WIDTH="27" VPOS="1796" HPOS="288"/>
<String CONTENT="inc." HEIGHT="41" WIDTH="91" VPOS="1796" HPOS="316"/>
<SP HEIGHT="48" WIDTH="70" VPOS="1796" HPOS="408"/>
<String CONTENT="(28-16191)" HEIGHT="49" WIDTH="280" VPOS="1795" HPOS="479"/>
</TextLine>
<TextLine HEIGHT="63" WIDTH="1165" VPOS="1887" HPOS="133" STYLEREFS="StyleId-D4337A83-5EEB-469A-AF68-7BB21383C949-">
<String CONTENT="Rossetti," HEIGHT="63" WIDTH="286" VPOS="1887" HPOS="133"/>
<SP HEIGHT="61" WIDTH="32" VPOS="1889" HPOS="420"/>
<String CONTENT="Dante" HEIGHT="52" WIDTH="193" VPOS="1889" HPOS="453"/>
<SP HEIGHT="54" WIDTH="32" VPOS="1888" HPOS="647"/>
<String CONTENT="Gabriel," HEIGHT="62" WIDTH="254" VPOS="1888" HPOS="680"/>
<SP HEIGHT="57" WIDTH="36" VPOS="1893" HPOS="935"/>
<String CONTENT="1828-1882." HEIGHT="50" WIDTH="326" VPOS="1891" HPOS="972"/>
</TextLine>
<TextLine HEIGHT="70" WIDTH="1757" VPOS="1965" HPOS="202" STYLEREFS="StyleId-63012B67-D11F-4DBD-86F4-C7000BE68BF1-" CS="1">
<String CONTENT="The" HEIGHT="53" WIDTH="119" VPOS="1966" HPOS="202"/>
<SP HEIGHT="52" WIDTH="30" VPOS="1967" HPOS="322"/>
<String CONTENT="house" HEIGHT="52" WIDTH="173" VPOS="1967" HPOS="353"/>
<SP HEIGHT="34" WIDTH="30" VPOS="1985" HPOS="527"/>
<String CONTENT="of" HEIGHT="54" WIDTH="65" VPOS="1965" HPOS="558"/>
<SP HEIGHT="53" WIDTH="26" VPOS="1965" HPOS="624"/>
<String CONTENT="life," HEIGHT="67" WIDTH="123" VPOS="1966" HPOS="651"/>
<SP HEIGHT="48" WIDTH="32" VPOS="1985" HPOS="775"/>
<String CONTENT="a" HEIGHT="34" WIDTH="31" VPOS="1985" HPOS="808"/>
<SP HEIGHT="34" WIDTH="30" VPOS="1985" HPOS="840"/>
<String CONTENT="sonnet-sequence" HEIGHT="63" WIDTH="494" VPOS="1972" HPOS="871"/>
<SP HEIGHT="52" WIDTH="29" VPOS="1967" HPOS="1366"/>
<String CONTENT="by" HEIGHT="68" WIDTH="75" VPOS="1967" HPOS="1396"/>
<SP HEIGHT="67" WIDTH="29" VPOS="1968" HPOS="1472"/>
<String CONTENT="Dante" HEIGHT="51" WIDTH="189" VPOS="1968" HPOS="1502"/>
<SP HEIGHT="56" WIDTH="32" VPOS="1965" HPOS="1692"/>
<String CONTENT="Gabriel" HEIGHT="56" WIDTH="234" VPOS="1965" HPOS="1725"/>
</TextLine>
<TextLine HEIGHT="145" WIDTH="2004" VPOS="1968" HPOS="131" STYLEREFS="StyleId-63012B67-D11F-4DBD-86F4-C7000BE68BF1-" CS="1">
<String CONTENT="Rossetti;" HEIGHT="140" WIDTH="1981" VPOS="1968" HPOS="131"/>
<SP HEIGHT="44" WIDTH="27" VPOS="2064" HPOS="291"/>
<String CONTENT="with" HEIGHT="52" WIDTH="140" VPOS="2045" HPOS="319"/>
<SP HEIGHT="52" WIDTH="24" VPOS="2045" HPOS="460"/>
<String CONTENT="an" HEIGHT="33" WIDTH="71" VPOS="2064" HPOS="485"/>
<SP HEIGHT="51" WIDTH="26" VPOS="2045" HPOS="557"/>
<String CONTENT="introduction" HEIGHT="53" WIDTH="389" VPOS="2044" HPOS="584"/>
<SP HEIGHT="34" WIDTH="27" VPOS="2063" HPOS="974"/>
<String CONTENT="and" HEIGHT="52" WIDTH="112" VPOS="2045" HPOS="1002"/>
<SP HEIGHT="52" WIDTH="24" VPOS="2045" HPOS="1115"/>
<String CONTENT="notes" HEIGHT="47" WIDTH="160" VPOS="2050" HPOS="1140"/>
<SP HEIGHT="53" WIDTH="22" VPOS="2044" HPOS="1301"/>
<String CONTENT="by" HEIGHT="69" WIDTH="75" VPOS="2044" HPOS="1324"/>
<SP HEIGHT="67" WIDTH="23" VPOS="2046" HPOS="1400"/>
<String CONTENT="Pauli" HEIGHT="51" WIDTH="172" VPOS="2046" HPOS="1424"/>
<SP HEIGHT="51" WIDTH="23" VPOS="2045" HPOS="1597"/>
<String CONTENT="Franklin" HEIGHT="53" WIDTH="284" VPOS="2044" HPOS="1621"/>
<SP HEIGHT="51" WIDTH="24" VPOS="2046" HPOS="1906"/>
<String CONTENT="Baum." HEIGHT="52" WIDTH="204" VPOS="2046" HPOS="1931"/>
</TextLine>
<TextLine HEIGHT="70" WIDTH="1401" VPOS="2122" HPOS="133" STYLEREFS="StyleId-63012B67-D11F-4DBD-86F4-C7000BE68BF1-">
<String CONTENT="Cambridge," HEIGHT="70" WIDTH="363" VPOS="2122" HPOS="133"/>
<SP HEIGHT="68" WIDTH="26" VPOS="2123" HPOS="497"/>
<String CONTENT="Harvard" HEIGHT="53" WIDTH="275" VPOS="2123" HPOS="524"/>
<SP HEIGHT="53" WIDTH="26" VPOS="2123" HPOS="800"/>
<String CONTENT="university" HEIGHT="69" WIDTH="320" VPOS="2122" HPOS="827"/>
<SP HEIGHT="50" WIDTH="26" VPOS="2141" HPOS="1148"/>
<String CONTENT="press," HEIGHT="50" WIDTH="176" VPOS="2141" HPOS="1175"/>
<SP HEIGHT="64" WIDTH="30" VPOS="2126" HPOS="1352"/>
<String CONTENT="1928." HEIGHT="50" WIDTH="151" VPOS="2125" HPOS="1383"/>
</TextLine>
<TextLine HEIGHT="49" WIDTH="833" VPOS="2204" HPOS="201" STYLEREFS="StyleId-63012B67-D11F-4DBD-86F4-C7000BE68BF1-" CS="1">
<String CONTENT="xiv," HEIGHT="47" WIDTH="96" VPOS="2206" HPOS="201"/>
<SP HEIGHT="46" WIDTH="35" VPOS="2207" HPOS="298"/>
<String CONTENT="242" HEIGHT="39" WIDTH="86" VPOS="2206" HPOS="334"/>
<SP HEIGHT="47" WIDTH="34" VPOS="2206" HPOS="421"/>
<String CONTENT="p." HEIGHT="36" WIDTH="43" VPOS="2217" HPOS="456"/>
<SP HEIGHT="40" WIDTH="57" VPOS="2206" HPOS="500"/>
<String CS="1" CONTENT="front."/>
<SP HEIGHT="48" WIDTH="26" VPOS="2205" HPOS="709"/>
<String CONTENT="(port.)" HEIGHT="49" WIDTH="173" VPOS="2204" HPOS="736"/>
<SP HEIGHT="48" WIDTH="66" VPOS="2204" HPOS="910"/>
<String CONTENT="20" HEIGHT="40" WIDTH="57" VPOS="2204" HPOS="977"/>
<String STYLE="superscript" CS="1" CONTENT="&#7580;&#7504;."/>
</TextLine>
<TextLine HEIGHT="49" WIDTH="791" VPOS="2262" HPOS="204" CS="1">
<String CONTENT="&#8220;Bibliographical" HEIGHT="49" WIDTH="443" VPOS="2262" HPOS="204"/>
<SP HEIGHT="37" WIDTH="24" VPOS="2264" HPOS="648"/>
<String CS="1" CONTENT="list&#8221;:" HEIGHT="40" WIDTH="112" VPOS="2262" HPOS="673"/>
<SP HEIGHT="38" WIDTH="26" VPOS="2273" HPOS="815"/>
<String CONTENT="p." HEIGHT="37" WIDTH="43" VPOS="2274" HPOS="842"/>
<SP HEIGHT="29" WIDTH="29" VPOS="2282" HPOS="886"/>
<String CONTENT="[ix]" HEIGHT="49" WIDTH="79" VPOS="2262" HPOS="916"/>
</TextLine>
<TextLine HEIGHT="53" WIDTH="1995" VPOS="2316" HPOS="140" CS="1">
<String CONTENT="&#169;" HEIGHT="53" WIDTH="52" VPOS="2316" HPOS="140"/>
<SP HEIGHT="53" WIDTH="29" VPOS="2316" HPOS="193"/>
<String CONTENT="June" HEIGHT="40" WIDTH="127" VPOS="2321" HPOS="223"/>
<SP HEIGHT="40" WIDTH="27" VPOS="2321" HPOS="351"/>
<String CONTENT="16," HEIGHT="48" WIDTH="69" VPOS="2320" HPOS="379"/>
<SP HEIGHT="47" WIDTH="30" VPOS="2321" HPOS="449"/>
<String CS="1" CONTENT="1928;" HEIGHT="41" WIDTH="115" VPOS="2320" HPOS="480"/>
<SP HEIGHT="47" WIDTH="30" VPOS="2320" HPOS="622"/>
<String CONTENT="2c." HEIGHT="40" WIDTH="68" VPOS="2320" HPOS="653"/>
<SP HEIGHT="39" WIDTH="30" VPOS="2321" HPOS="722"/>
<String CONTENT="June" HEIGHT="39" WIDTH="127" VPOS="2321" HPOS="753"/>
<SP HEIGHT="40" WIDTH="26" VPOS="2320" HPOS="881"/>
<String CONTENT="22;" HEIGHT="47" WIDTH="84" VPOS="2320" HPOS="908"/>
<SP HEIGHT="37" WIDTH="32" VPOS="2330" HPOS="993"/>
<String CONTENT="aff." HEIGHT="42" WIDTH="81" VPOS="2318" HPOS="1026"/>
<SP HEIGHT="41" WIDTH="32" VPOS="2319" HPOS="1108"/>
<String CONTENT="June" HEIGHT="41" WIDTH="127" VPOS="2319" HPOS="1141"/>
<SP HEIGHT="40" WIDTH="27" VPOS="2320" HPOS="1269"/>
<String CONTENT="25;" HEIGHT="47" WIDTH="83" VPOS="2319" HPOS="1297"/>
<SP HEIGHT="46" WIDTH="32" VPOS="2320" HPOS="1381"/>
<!-- cceid 23131EF7-6CB2-1014-A20E-B9D6251C946A --><String CONTENT="A" HEIGHT="39" WIDTH="41" VPOS="2320" HPOS="1414"/>
<SP HEIGHT="39" WIDTH="28" VPOS="2320" HPOS="1456"/>
<String CONTENT="1083028;" HEIGHT="47" WIDTH="230" VPOS="2319" HPOS="1485"/>
<SP HEIGHT="46" WIDTH="33" VPOS="2320" HPOS="1716"/>
<String CONTENT="President" HEIGHT="41" WIDTH="256" VPOS="2319" HPOS="1750"/>
<SP HEIGHT="38" WIDTH="29" VPOS="2322" HPOS="2007"/>
<String CONTENT="and" HEIGHT="38" WIDTH="98" VPOS="2322" HPOS="2037"/>
</TextLine>
<TextLine HEIGHT="55" WIDTH="1930" VPOS="2372" HPOS="205" CS="1">
<String CONTENT="fellows" HEIGHT="41" WIDTH="191" VPOS="2377" HPOS="205"/>
<SP HEIGHT="31" WIDTH="33" VPOS="2388" HPOS="397"/>
<String CONTENT="of" HEIGHT="42" WIDTH="51" VPOS="2377" HPOS="431"/>
<SP HEIGHT="40" WIDTH="31" VPOS="2377" HPOS="483"/>
<String CONTENT="Harvard" HEIGHT="39" WIDTH="231" VPOS="2378" HPOS="515"/>
<SP HEIGHT="39" WIDTH="32" VPOS="2378" HPOS="747"/>
<String CONTENT="college," HEIGHT="48" WIDTH="192" VPOS="2378" HPOS="780"/>
<SP HEIGHT="50" WIDTH="35" VPOS="2376" HPOS="973"/>
<String CONTENT="Cambridge," HEIGHT="51" WIDTH="302" VPOS="2375" HPOS="1009"/>
<SP HEIGHT="49" WIDTH="35" VPOS="2377" HPOS="1312"/>
<String CONTENT="Mass." HEIGHT="40" WIDTH="148" VPOS="2377" HPOS="1348"/>
<SP HEIGHT="30" WIDTH="68" VPOS="2397" HPOS="1497"/>
<String CS="1" CONTENT="[&#169;" HEIGHT="53" WIDTH="51" VPOS="2372" HPOS="1583"/>
<SP HEIGHT="53" WIDTH="34" VPOS="2372" HPOS="1635"/>
<String CONTENT="introduction" HEIGHT="42" WIDTH="334" VPOS="2376" HPOS="1670"/>
<SP HEIGHT="31" WIDTH="33" VPOS="2387" HPOS="2005"/>
<String CONTENT="and" HEIGHT="39" WIDTH="96" VPOS="2379" HPOS="2039"/>
</TextLine>
<TextLine HEIGHT="51" WIDTH="513" VPOS="2434" HPOS="205">
<String CONTENT="notes]" HEIGHT="47" WIDTH="154" VPOS="2438" HPOS="205"/>
<SP HEIGHT="50" WIDTH="77" VPOS="2435" HPOS="360"/>
<String CONTENT="(28-16123)" HEIGHT="49" WIDTH="280" VPOS="2434" HPOS="438"/>
</TextLine>
<TextLine HEIGHT="65" WIDTH="881" VPOS="2527" HPOS="133" STYLEREFS="StyleId-D4337A83-5EEB-469A-AF68-7BB21383C949-">
<String CONTENT="Rowe," HEIGHT="62" WIDTH="194" VPOS="2530" HPOS="133"/>
<SP HEIGHT="63" WIDTH="33" VPOS="2529" HPOS="328"/>
<String CONTENT="John" HEIGHT="54" WIDTH="154" VPOS="2528" HPOS="362"/>
<SP HEIGHT="53" WIDTH="35" VPOS="2529" HPOS="517"/>
<String CONTENT="Gabriel," HEIGHT="63" WIDTH="252" VPOS="2528" HPOS="553"/>
<SP HEIGHT="60" WIDTH="37" VPOS="2531" HPOS="806"/>
<String CONTENT="1874-" HEIGHT="55" WIDTH="170" VPOS="2527" HPOS="844"/>
</TextLine>
<TextLine HEIGHT="71" WIDTH="1934" VPOS="2605" HPOS="205" STYLEREFS="StyleId-63012B67-D11F-4DBD-86F4-C7000BE68BF1-" CS="1">
<String CONTENT="The" HEIGHT="53" WIDTH="121" VPOS="2606" HPOS="205"/>
<SP HEIGHT="53" WIDTH="23" VPOS="2606" HPOS="327"/>
<String CONTENT="lightship" HEIGHT="70" WIDTH="285" VPOS="2605" HPOS="351"/>
<SP HEIGHT="50" WIDTH="22" VPOS="2624" HPOS="637"/>
<String CS="1" CONTENT="pirates;" HEIGHT="68" WIDTH="216" VPOS="2606" HPOS="660"/>
<SP HEIGHT="49" WIDTH="28" VPOS="2624" HPOS="904"/>
<String CONTENT="a" HEIGHT="35" WIDTH="32" VPOS="2624" HPOS="933"/>
<SP HEIGHT="47" WIDTH="21" VPOS="2612" HPOS="966"/>
<String CONTENT="thrilling" HEIGHT="70" WIDTH="271" VPOS="2606" HPOS="988"/>
<SP HEIGHT="65" WIDTH="22" VPOS="2611" HPOS="1260"/>
<String CONTENT="tale" HEIGHT="53" WIDTH="115" VPOS="2607" HPOS="1283"/>
<SP HEIGHT="36" WIDTH="22" VPOS="2624" HPOS="1399"/>
<String CONTENT="of" HEIGHT="55" WIDTH="65" VPOS="2605" HPOS="1422"/>
<SP HEIGHT="70" WIDTH="23" VPOS="2605" HPOS="1488"/>
<String CONTENT="peril" HEIGHT="69" WIDTH="148" VPOS="2606" HPOS="1512"/>
<SP HEIGHT="54" WIDTH="21" VPOS="2606" HPOS="1661"/>
<String CONTENT="and" HEIGHT="53" WIDTH="115" VPOS="2607" HPOS="1683"/>
<SP HEIGHT="53" WIDTH="24" VPOS="2607" HPOS="1799"/>
<String CONTENT="adventure" HEIGHT="54" WIDTH="315" VPOS="2607" HPOS="1824"/>
</TextLine>
<TextLine HEIGHT="71" WIDTH="2006" VPOS="2684" HPOS="131" STYLEREFS="StyleId-63012B67-D11F-4DBD-86F4-C7000BE68BF1-" CS="1">
<String CONTENT="on" HEIGHT="35" WIDTH="72" VPOS="2702" HPOS="131"/>
<SP HEIGHT="47" WIDTH="28" VPOS="2690" HPOS="204"/>
<String CONTENT="the" HEIGHT="52" WIDTH="94" VPOS="2685" HPOS="233"/>
<SP HEIGHT="52" WIDTH="27" VPOS="2685" HPOS="328"/>
<String CONTENT="Texas" HEIGHT="52" WIDTH="184" VPOS="2685" HPOS="356"/>
<SP HEIGHT="33" WIDTH="28" VPOS="2704" HPOS="541"/>
<String CONTENT="coast," HEIGHT="61" WIDTH="170" VPOS="2690" HPOS="570"/>
<SP HEIGHT="65" WIDTH="24" VPOS="2686" HPOS="741"/>
<String CONTENT="by" HEIGHT="67" WIDTH="76" VPOS="2686" HPOS="766"/>
<SP HEIGHT="68" WIDTH="25" VPOS="2685" HPOS="843"/>
<String CONTENT="John" HEIGHT="54" WIDTH="155" VPOS="2685" HPOS="869"/>
<SP HEIGHT="56" WIDTH="29" VPOS="2684" HPOS="1025"/>
<String CONTENT="G." HEIGHT="56" WIDTH="70" VPOS="2684" HPOS="1055"/>
<SP HEIGHT="52" WIDTH="28" VPOS="2686" HPOS="1126"/>
<String CONTENT="Rowe" HEIGHT="52" WIDTH="175" VPOS="2686" HPOS="1155"/>
<SP HEIGHT="34" WIDTH="33" VPOS="2704" HPOS="1331"/>
<String CS="1" CONTENT="&#8230;"/>
<SP HEIGHT="52" WIDTH="78" VPOS="2686" HPOS="1421"/>
<String CONTENT="New" HEIGHT="52" WIDTH="131" VPOS="2686" HPOS="1500"/>
<String STYLE="superscript" CONTENT="York" HEIGHT="9" WIDTH="16" VPOS="2705" HPOS="1623"/>
<SP HEIGHT="52" WIDTH="29" VPOS="2686" HPOS="1640"/>
<String CONTENT="," HEIGHT="67" WIDTH="181" VPOS="2686" HPOS="1670"/>
<SP HEIGHT="67" WIDTH="30" VPOS="2686" HPOS="1852"/>
<String CONTENT="Cupples" HEIGHT="69" WIDTH="254" VPOS="2686" HPOS="1883"/>
</TextLine>
<TextLine HEIGHT="69" WIDTH="767" VPOS="2762" HPOS="134" STYLEREFS="StyleId-63012B67-D11F-4DBD-86F4-C7000BE68BF1-" CS="1">
<String CONTENT="&amp;" HEIGHT="49" WIDTH="48" VPOS="2765" HPOS="134"/>
<SP HEIGHT="52" WIDTH="22" VPOS="2762" HPOS="183"/>
<String CONTENT="Leon" HEIGHT="53" WIDTH="156" VPOS="2762" HPOS="206"/>
<SP HEIGHT="34" WIDTH="26" VPOS="2781" HPOS="363"/>
<String CONTENT="company" HEIGHT="51" WIDTH="282" VPOS="2780" HPOS="390"/>
<SP/>
<String CS="1" CONTENT="[&#7580;1928]" HEIGHT="65" WIDTH="87" VPOS="2765" HPOS="814"/>
</TextLine>
<TextLine HEIGHT="50" WIDTH="1926" VPOS="2843" HPOS="208" CS="1">
<String CONTENT="vi" HEIGHT="39" WIDTH="49" VPOS="2844" HPOS="208"/>
<SP HEIGHT="48" WIDTH="40" VPOS="2844" HPOS="258"/>
<String LANG="fr" CONTENT="p.," HEIGHT="38" WIDTH="58" VPOS="2854" HPOS="299"/>
<SP HEIGHT="46" WIDTH="43" VPOS="2845" HPOS="358"/>
<String CONTENT="1" HEIGHT="38" WIDTH="26" VPOS="2845" HPOS="402"/>
<SP HEIGHT="38" WIDTH="42" VPOS="2845" HPOS="429"/>
<String CS="1" CONTENT="l.,"/>
<SP HEIGHT="48" WIDTH="41" VPOS="2844" HPOS="518"/>
<String CONTENT="300" HEIGHT="40" WIDTH="87" VPOS="2844" HPOS="560"/>
<SP HEIGHT="48" WIDTH="41" VPOS="2844" HPOS="648"/>
<String CONTENT="p." HEIGHT="37" WIDTH="44" VPOS="2855" HPOS="690"/>
<SP HEIGHT="42" WIDTH="40" VPOS="2843" HPOS="735"/>
<String CONTENT="incl." HEIGHT="42" WIDTH="112" VPOS="2843" HPOS="776"/>
<SP HEIGHT="30" WIDTH="42" VPOS="2855" HPOS="889"/>
<String CONTENT="col." HEIGHT="40" WIDTH="87" VPOS="2845" HPOS="932"/>
<SP HEIGHT="41" WIDTH="40" VPOS="2844" HPOS="1020"/>
<String CONTENT="front.," HEIGHT="46" WIDTH="165" VPOS="2844" HPOS="1061"/>
<SP HEIGHT="37" WIDTH="45" VPOS="2856" HPOS="1227"/>
<String CONTENT="plan," HEIGHT="48" WIDTH="129" VPOS="2845" HPOS="1273"/>
<SP HEIGHT="37" WIDTH="58" VPOS="2856" HPOS="1403"/>
<String CONTENT="plates." HEIGHT="48" WIDTH="173" VPOS="2845" HPOS="1462"/>
<SP HEIGHT="42" WIDTH="57" VPOS="2844" HPOS="1636"/>
<String CONTENT="20" HEIGHT="41" WIDTH="58" VPOS="2844" HPOS="1694"/>
<String STYLE="superscript" CS="1" CONTENT="&#7580;&#7504;."/>
<SP HEIGHT="49" WIDTH="68" VPOS="2844" HPOS="1812"/>
<String CONTENT="(His" HEIGHT="49" WIDTH="117" VPOS="2844" HPOS="1881"/>
<SP HEIGHT="41" WIDTH="45" VPOS="2846" HPOS="1999"/>
<String CONTENT="Sea" HEIGHT="41" WIDTH="89" VPOS="2846" HPOS="2045"/>
</TextLine>
<TextLine HEIGHT="49" WIDTH="451" VPOS="2899" HPOS="137">
<String CONTENT="stories" HEIGHT="41" WIDTH="175" VPOS="2899" HPOS="137"/>
<SP HEIGHT="39" WIDTH="24" VPOS="2901" HPOS="313"/>
<String CONTENT="for" HEIGHT="39" WIDTH="81" VPOS="2901" HPOS="338"/>
<SP HEIGHT="39" WIDTH="25" VPOS="2901" HPOS="420"/>
<String CONTENT="boys)" HEIGHT="48" WIDTH="142" VPOS="2900" HPOS="446"/>
</TextLine>
<TextLine HEIGHT="55" WIDTH="1939" VPOS="2953" HPOS="140" CS="1">
<String CONTENT="&#169;" HEIGHT="53" WIDTH="52" VPOS="2953" HPOS="140"/>
<SP HEIGHT="53" WIDTH="23" VPOS="2953" HPOS="193"/>
<String CONTENT="Apr." HEIGHT="48" WIDTH="114" VPOS="2957" HPOS="217"/>
<SP HEIGHT="41" WIDTH="26" VPOS="2958" HPOS="332"/>
<String CONTENT="16," HEIGHT="47" WIDTH="68" VPOS="2958" HPOS="359"/>
<SP HEIGHT="47" WIDTH="27" VPOS="2958" HPOS="428"/>
<String CONTENT="1928;" HEIGHT="48" WIDTH="140" VPOS="2957" HPOS="456"/>
<SP HEIGHT="46" WIDTH="27" VPOS="2959" HPOS="597"/>
<String CONTENT="2c." HEIGHT="39" WIDTH="67" VPOS="2959" HPOS="625"/>
<SP HEIGHT="29" WIDTH="28" VPOS="2969" HPOS="693"/>
<String CONTENT="and" HEIGHT="38" WIDTH="95" VPOS="2960" HPOS="722"/>
<SP HEIGHT="38" WIDTH="26" VPOS="2960" HPOS="818"/>
<String CONTENT="aff." HEIGHT="42" WIDTH="82" VPOS="2957" HPOS="845"/>
<SP HEIGHT="40" WIDTH="27" VPOS="2959" HPOS="928"/>
<String CONTENT="June" HEIGHT="41" WIDTH="127" VPOS="2959" HPOS="956"/>
<SP HEIGHT="41" WIDTH="23" VPOS="2959" HPOS="1084"/>
<String CS="1" CONTENT="23;" HEIGHT="40" WIDTH="55" VPOS="2959" HPOS="1108"/>
<SP HEIGHT="48" WIDTH="27" VPOS="2958" HPOS="1193"/>
<!-- cceid 23138C6D-6CB2-1014-A20E-B9D6251C946A --><String CONTENT="A" HEIGHT="40" WIDTH="43" VPOS="2958" HPOS="1221"/>
<SP HEIGHT="40" WIDTH="25" VPOS="2958" HPOS="1265"/>
<String CS="1" CONTENT="1082211;" HEIGHT="41" WIDTH="201" VPOS="2959" HPOS="1291"/>
<SP HEIGHT="48" WIDTH="30" VPOS="2959" HPOS="1521"/>
<String CONTENT="Cupples" HEIGHT="49" WIDTH="212" VPOS="2959" HPOS="1552"/>
<SP HEIGHT="41" WIDTH="23" VPOS="2959" HPOS="1765"/>
<String CONTENT="&amp;" HEIGHT="41" WIDTH="37" VPOS="2959" HPOS="1789"/>
<SP HEIGHT="41" WIDTH="23" VPOS="2959" HPOS="1827"/>
<String CONTENT="Leon" HEIGHT="40" WIDTH="131" VPOS="2960" HPOS="1851"/>
<SP HEIGHT="29" WIDTH="24" VPOS="2971" HPOS="1983"/>
<String CONTENT="co." HEIGHT="31" WIDTH="71" VPOS="2971" HPOS="2008"/>
</TextLine>
<TextLine HEIGHT="50" WIDTH="281" VPOS="3014" HPOS="217">
<String CONTENT="(28-16177)" HEIGHT="50" WIDTH="281" VPOS="3014" HPOS="217"/>
</TextLine>
<TextLine HEIGHT="74" WIDTH="1795" VPOS="3092" HPOS="206" STYLEREFS="StyleId-63012B67-D11F-4DBD-86F4-C7000BE68BF1-" CS="1">
<String CONTENT="The" HEIGHT="53" WIDTH="121" VPOS="3093" HPOS="206"/>
<SP HEIGHT="34" WIDTH="32" VPOS="3112" HPOS="328"/>
<String CONTENT="secret" HEIGHT="47" WIDTH="177" VPOS="3099" HPOS="361"/>
<SP HEIGHT="47" WIDTH="34" VPOS="3099" HPOS="539"/>
<String CONTENT="of" HEIGHT="54" WIDTH="64" VPOS="3092" HPOS="574"/>
<SP HEIGHT="54" WIDTH="30" VPOS="3092" HPOS="639"/>
<String CONTENT="the" HEIGHT="53" WIDTH="98" VPOS="3093" HPOS="670"/>
<SP HEIGHT="51" WIDTH="33" VPOS="3112" HPOS="769"/>
<String CONTENT="golden" HEIGHT="69" WIDTH="209" VPOS="3094" HPOS="803"/>
<SP HEIGHT="52" WIDTH="32" VPOS="3095" HPOS="1013"/>
<String CONTENT="idol;" HEIGHT="67" WIDTH="148" VPOS="3095" HPOS="1046"/>
<SP HEIGHT="49" WIDTH="40" VPOS="3113" HPOS="1195"/>
<String CONTENT="a" HEIGHT="35" WIDTH="32" VPOS="3113" HPOS="1236"/>
<SP HEIGHT="35" WIDTH="34" VPOS="3113" HPOS="1269"/>
<String CONTENT="story" HEIGHT="64" WIDTH="158" VPOS="3099" HPOS="1304"/>
<SP HEIGHT="51" WIDTH="35" VPOS="3112" HPOS="1463"/>
<String CONTENT="of" HEIGHT="54" WIDTH="65" VPOS="3094" HPOS="1499"/>
<SP HEIGHT="55" WIDTH="33" VPOS="3094" HPOS="1565"/>
<String CONTENT="the" HEIGHT="54" WIDTH="97" VPOS="3095" HPOS="1599"/>
<SP HEIGHT="48" WIDTH="32" VPOS="3101" HPOS="1697"/>
<String CONTENT="thrilling" HEIGHT="70" WIDTH="271" VPOS="3096" HPOS="1730"/>
</TextLine>
<TextLine HEIGHT="146" WIDTH="2002" VPOS="3097" HPOS="136" STYLEREFS="StyleId-63012B67-D11F-4DBD-86F4-C7000BE68BF1-" CS="1">
<String CONTENT="adventures" HEIGHT="127" WIDTH="1976" VPOS="3097" HPOS="136"/>
<SP HEIGHT="34" WIDTH="35" VPOS="3190" HPOS="400"/>
<String CONTENT="of" HEIGHT="54" WIDTH="64" VPOS="3170" HPOS="436"/>
<SP HEIGHT="54" WIDTH="32" VPOS="3170" HPOS="501"/>
<String CONTENT="two" HEIGHT="47" WIDTH="112" VPOS="3177" HPOS="534"/>
<SP HEIGHT="53" WIDTH="34" VPOS="3171" HPOS="647"/>
<String CONTENT="American" HEIGHT="54" WIDTH="308" VPOS="3171" HPOS="682"/>
<SP HEIGHT="53" WIDTH="35" VPOS="3172" HPOS="991"/>
<String CONTENT="boys" HEIGHT="70" WIDTH="139" VPOS="3172" HPOS="1027"/>
<SP HEIGHT="35" WIDTH="35" VPOS="3191" HPOS="1167"/>
<String CONTENT="on" HEIGHT="34" WIDTH="73" VPOS="3191" HPOS="1203"/>
<SP HEIGHT="47" WIDTH="35" VPOS="3179" HPOS="1277"/>
<String CONTENT="tropical" HEIGHT="69" WIDTH="247" VPOS="3173" HPOS="1313"/>
<SP HEIGHT="53" WIDTH="34" VPOS="3173" HPOS="1561"/>
<String CONTENT="islands," HEIGHT="69" WIDTH="235" VPOS="3173" HPOS="1596"/>
<SP HEIGHT="69" WIDTH="33" VPOS="3173" HPOS="1832"/>
<String CONTENT="by" HEIGHT="70" WIDTH="75" VPOS="3173" HPOS="1866"/>
<SP HEIGHT="69" WIDTH="35" VPOS="3174" HPOS="1942"/>
<String CONTENT="John" HEIGHT="54" WIDTH="160" VPOS="3174" HPOS="1978"/>
</TextLine>
<TextLine HEIGHT="73" WIDTH="1876" VPOS="3247" HPOS="135" STYLEREFS="StyleId-63012B67-D11F-4DBD-86F4-C7000BE68BF1-" CS="1">
<String CONTENT="G." HEIGHT="55" WIDTH="69" VPOS="3247" HPOS="135"/>
<SP HEIGHT="52" WIDTH="31" VPOS="3248" HPOS="205"/>
<String CONTENT="Rowe" HEIGHT="53" WIDTH="171" VPOS="3248" HPOS="237"/>
<SP HEIGHT="33" WIDTH="36" VPOS="3268" HPOS="409"/>
<String CS="1" CONTENT="&#8230;"/>
<SP HEIGHT="53" WIDTH="77" VPOS="3249" HPOS="503"/>
<String CONTENT="New" HEIGHT="53" WIDTH="140" VPOS="3249" HPOS="581"/>
<SP HEIGHT="52" WIDTH="31" VPOS="3250" HPOS="722"/>
<String CONTENT="York," HEIGHT="69" WIDTH="181" VPOS="3249" HPOS="754"/>
<SP HEIGHT="69" WIDTH="30" VPOS="3249" HPOS="936"/>
<String CONTENT="Cupples" HEIGHT="69" WIDTH="253" VPOS="3249" HPOS="967"/>
<SP HEIGHT="51" WIDTH="30" VPOS="3253" HPOS="1221"/>
<String CONTENT="&amp;" HEIGHT="51" WIDTH="46" VPOS="3253" HPOS="1252"/>
<SP HEIGHT="53" WIDTH="28" VPOS="3251" HPOS="1299"/>
<String CONTENT="Leon" HEIGHT="53" WIDTH="158" VPOS="3251" HPOS="1328"/>
<SP HEIGHT="35" WIDTH="29" VPOS="3269" HPOS="1487"/>
<String CONTENT="company" HEIGHT="52" WIDTH="282" VPOS="3268" HPOS="1517"/>
<SP HEIGHT="52" WIDTH="36" VPOS="3268" HPOS="1800"/>
<String CS="1" CONTENT="["/>
<String STYLE="superscript" CS="1" CONTENT="&#7580;19"/>
<String CS="1" CONTENT="28]" HEIGHT="51" WIDTH="67" VPOS="3255" HPOS="1944"/>
</TextLine>
<TextLine HEIGHT="52" WIDTH="1924" VPOS="3329" HPOS="207" STYLEREFS="StyleId-63012B67-D11F-4DBD-86F4-C7000BE68BF1-" CS="1">
<String CONTENT="vi" HEIGHT="40" WIDTH="48" VPOS="3329" HPOS="207"/>
<SP HEIGHT="48" WIDTH="42" VPOS="3329" HPOS="256"/>
<String LANG="fr" CONTENT="p.," HEIGHT="37" WIDTH="56" VPOS="3340" HPOS="299"/>
<SP HEIGHT="47" WIDTH="44" VPOS="3330" HPOS="356"/>
<String CONTENT="1" HEIGHT="38" WIDTH="23" VPOS="3330" HPOS="401"/>
<SP HEIGHT="39" WIDTH="43" VPOS="3330" HPOS="425"/>
<String CS="1" CONTENT="l.,"/>
<SP HEIGHT="46" WIDTH="41" VPOS="3331" HPOS="515"/>
<String CONTENT="300" HEIGHT="40" WIDTH="88" VPOS="3330" HPOS="557"/>
<SP HEIGHT="49" WIDTH="41" VPOS="3330" HPOS="646"/>
<String CONTENT="p." HEIGHT="37" WIDTH="44" VPOS="3342" HPOS="688"/>
<SP HEIGHT="41" WIDTH="41" VPOS="3331" HPOS="733"/>
<String CONTENT="incl." HEIGHT="41" WIDTH="110" VPOS="3331" HPOS="775"/>
<SP HEIGHT="29" WIDTH="44" VPOS="3343" HPOS="886"/>
<String CONTENT="col." HEIGHT="39" WIDTH="87" VPOS="3333" HPOS="931"/>
<SP HEIGHT="41" WIDTH="41" VPOS="3331" HPOS="1019"/>
<String CONTENT="front.," HEIGHT="48" WIDTH="164" VPOS="3331" HPOS="1061"/>
<SP HEIGHT="36" WIDTH="47" VPOS="3343" HPOS="1226"/>
<String CONTENT="map." HEIGHT="38" WIDTH="126" VPOS="3343" HPOS="1274"/>
<SP HEIGHT="38" WIDTH="57" VPOS="3343" HPOS="1401"/>
<String CONTENT="plates." HEIGHT="48" WIDTH="173" VPOS="3333" HPOS="1459"/>
<SP HEIGHT="40" WIDTH="58" VPOS="3333" HPOS="1633"/>
<String CONTENT="20" HEIGHT="41" WIDTH="57" VPOS="3332" HPOS="1692"/>
<String STYLE="superscript" CS="1" CONTENT="&#7580;&#7504;."/>
<SP/>
<String CONTENT="(His" HEIGHT="48" WIDTH="116" VPOS="3333" HPOS="1879"/>
<SP HEIGHT="42" WIDTH="46" VPOS="3334" HPOS="1996"/>
<String CONTENT="Sea" HEIGHT="42" WIDTH="88" VPOS="3334" HPOS="2043"/>
</TextLine>
<TextLine HEIGHT="49" WIDTH="448" VPOS="3385" HPOS="136">
<String CONTENT="stories" HEIGHT="41" WIDTH="175" VPOS="3385" HPOS="136"/>
<SP HEIGHT="40" WIDTH="23" VPOS="3386" HPOS="312"/>
<String CONTENT="for" HEIGHT="40" WIDTH="81" VPOS="3386" HPOS="336"/>
<SP HEIGHT="39" WIDTH="23" VPOS="3387" HPOS="418"/>
<String CONTENT="boys)" HEIGHT="48" WIDTH="142" VPOS="3386" HPOS="442"/>
</TextLine>
<TextLine HEIGHT="58" WIDTH="1913" VPOS="3438" HPOS="137" CS="1">
<String CONTENT="&#169;" HEIGHT="53" WIDTH="52" VPOS="3438" HPOS="137"/>
<SP HEIGHT="53" WIDTH="26" VPOS="3438" HPOS="190"/>
<String CONTENT="May" HEIGHT="47" WIDTH="114" VPOS="3445" HPOS="217"/>
<SP HEIGHT="48" WIDTH="24" VPOS="3444" HPOS="332"/>
<String CONTENT="1," HEIGHT="47" WIDTH="39" VPOS="3444" HPOS="357"/>
<SP HEIGHT="47" WIDTH="28" VPOS="3444" HPOS="397"/>
<String CONTENT="1928;" HEIGHT="48" WIDTH="140" VPOS="3443" HPOS="426"/>
<SP HEIGHT="46" WIDTH="28" VPOS="3445" HPOS="567"/>
<String CONTENT="2c." HEIGHT="41" WIDTH="68" VPOS="3445" HPOS="596"/>
<SP HEIGHT="32" WIDTH="26" VPOS="3455" HPOS="665"/>
<String CONTENT="and" HEIGHT="41" WIDTH="96" VPOS="3446" HPOS="692"/>
<SP HEIGHT="39" WIDTH="25" VPOS="3446" HPOS="789"/>
<String CONTENT="aff." HEIGHT="41" WIDTH="83" VPOS="3445" HPOS="815"/>
<SP HEIGHT="39" WIDTH="27" VPOS="3447" HPOS="899"/>
<String CONTENT="June" HEIGHT="39" WIDTH="127" VPOS="3447" HPOS="927"/>
<SP HEIGHT="39" WIDTH="24" VPOS="3447" HPOS="1055"/>
<String CS="1" CONTENT="23;" HEIGHT="39" WIDTH="55" VPOS="3447" HPOS="1080"/>
<SP HEIGHT="48" WIDTH="28" VPOS="3446" HPOS="1163"/>
<!-- cceid 2313FEDB-6CB2-1014-A20E-B9D6251C946A --><String CONTENT="A" HEIGHT="40" WIDTH="43" VPOS="3446" HPOS="1192"/>
<SP HEIGHT="40" WIDTH="25" VPOS="3446" HPOS="1236"/>
<String CONTENT="1082218;" HEIGHT="48" WIDTH="231" VPOS="3447" HPOS="1262"/>
<SP HEIGHT="48" WIDTH="30" VPOS="3447" HPOS="1494"/>
<String CONTENT="Cupples" HEIGHT="49" WIDTH="209" VPOS="3447" HPOS="1525"/>
<SP HEIGHT="41" WIDTH="26" VPOS="3447" HPOS="1735"/>
<String CONTENT="&amp;" HEIGHT="41" WIDTH="37" VPOS="3447" HPOS="1762"/>
<SP HEIGHT="41" WIDTH="24" VPOS="3447" HPOS="1800"/>
<String CONTENT="Leon" HEIGHT="41" WIDTH="131" VPOS="3448" HPOS="1825"/>
<SP HEIGHT="30" WIDTH="25" VPOS="3459" HPOS="1957"/>
<String CONTENT="co." HEIGHT="31" WIDTH="67" VPOS="3459" HPOS="1983"/>
</TextLine>
<TextLine HEIGHT="49" WIDTH="281" VPOS="3500" HPOS="215">
<String CONTENT="(28-16176)" HEIGHT="49" WIDTH="281" VPOS="3500" HPOS="215"/>
</TextLine>
<TextLine HEIGHT="65" WIDTH="1024" VPOS="3577" HPOS="133" STYLEREFS="StyleId-63012B67-D11F-4DBD-86F4-C7000BE68BF1-">
<String CONTENT="Rugg," HEIGHT="64" WIDTH="192" VPOS="3577" HPOS="133"/>
<SP HEIGHT="60" WIDTH="32" VPOS="3579" HPOS="326"/>
<String CONTENT="Earle" HEIGHT="52" WIDTH="175" VPOS="3579" HPOS="359"/>
<SP HEIGHT="54" WIDTH="31" VPOS="3579" HPOS="535"/>
<String CONTENT="Underwood," HEIGHT="63" WIDTH="386" VPOS="3579" HPOS="567"/>
<SP HEIGHT="57" WIDTH="33" VPOS="3585" HPOS="954"/>
<String CONTENT="1892-" HEIGHT="49" WIDTH="169" VPOS="3585" HPOS="988"/>
</TextLine>
<TextLine HEIGHT="77" WIDTH="1873" VPOS="3654" HPOS="258" STYLEREFS="StyleId-63012B67-D11F-4DBD-86F4-C7000BE68BF1-" CS="1">
<String CS="1" CONTENT="&#8230;"/>
<SP HEIGHT="55" WIDTH="39" VPOS="3654" HPOS="258"/>
<String CONTENT="Curriculum" HEIGHT="55" WIDTH="365" VPOS="3654" HPOS="298"/>
<SP HEIGHT="35" WIDTH="30" VPOS="3675" HPOS="664"/>
<String CONTENT="studies" HEIGHT="55" WIDTH="215" VPOS="3656" HPOS="695"/>
<SP HEIGHT="54" WIDTH="31" VPOS="3657" HPOS="911"/>
<String CONTENT="in" HEIGHT="54" WIDTH="59" VPOS="3657" HPOS="943"/>
<SP HEIGHT="47" WIDTH="32" VPOS="3665" HPOS="1003"/>
<String CONTENT="the" HEIGHT="54" WIDTH="96" VPOS="3658" HPOS="1036"/>
<SP HEIGHT="34" WIDTH="30" VPOS="3678" HPOS="1133"/>
<String CONTENT="social" HEIGHT="54" WIDTH="175" VPOS="3659" HPOS="1164"/>
<SP HEIGHT="52" WIDTH="30" VPOS="3662" HPOS="1340"/>
<String CONTENT="sciences" HEIGHT="54" WIDTH="241" VPOS="3660" HPOS="1371"/>
<SP HEIGHT="34" WIDTH="32" VPOS="3680" HPOS="1613"/>
<String CONTENT="and" HEIGHT="52" WIDTH="112" VPOS="3662" HPOS="1646"/>
<SP HEIGHT="52" WIDTH="32" VPOS="3662" HPOS="1759"/>
<String CONTENT="citizenship" HEIGHT="70" WIDTH="339" VPOS="3661" HPOS="1792"/>
</TextLine>
<TextLine HEIGHT="78" WIDTH="1993" VPOS="3731" HPOS="138" STYLEREFS="StyleId-63012B67-D11F-4DBD-86F4-C7000BE68BF1-">
<String CONTENT="(an" HEIGHT="69" WIDTH="99" VPOS="3731" HPOS="138"/>
<SP HEIGHT="53" WIDTH="34" VPOS="3731" HPOS="238"/>
<String CONTENT="investigation" HEIGHT="70" WIDTH="406" VPOS="3731" HPOS="273"/>
<SP HEIGHT="51" WIDTH="35" VPOS="3735" HPOS="680"/>
<String CONTENT="into" HEIGHT="53" WIDTH="122" VPOS="3735" HPOS="716"/>
<SP HEIGHT="34" WIDTH="34" VPOS="3754" HPOS="839"/>
<String CONTENT="educational" HEIGHT="53" WIDTH="360" VPOS="3736" HPOS="874"/>
<SP HEIGHT="52" WIDTH="32" VPOS="3738" HPOS="1235"/>
<String CONTENT="values)" HEIGHT="69" WIDTH="221" VPOS="3738" HPOS="1268"/>
<SP HEIGHT="69" WIDTH="41" VPOS="3738" HPOS="1490"/>
<String CONTENT="by" HEIGHT="68" WIDTH="75" VPOS="3739" HPOS="1532"/>
<SP HEIGHT="68" WIDTH="33" VPOS="3739" HPOS="1608"/>
<String CONTENT="Earle" HEIGHT="53" WIDTH="172" VPOS="3739" HPOS="1642"/>
<SP HEIGHT="54" WIDTH="34" VPOS="3740" HPOS="1815"/>
<String CONTENT="U." HEIGHT="54" WIDTH="71" VPOS="3740" HPOS="1850"/>
<SP HEIGHT="52" WIDTH="36" VPOS="3740" HPOS="1922"/>
<String CONTENT="Rugg" HEIGHT="69" WIDTH="172" VPOS="3740" HPOS="1959"/>
</TextLine>
<TextLine HEIGHT="77" WIDTH="1772" VPOS="3809" HPOS="188" STYLEREFS="StyleId-63012B67-D11F-4DBD-86F4-C7000BE68BF1-" CS="1">
<String CS="1" CONTENT="&#8230;"/>
<SP HEIGHT="55" WIDTH="78" VPOS="3809" HPOS="188"/>
<String CONTENT="Greeley," HEIGHT="69" WIDTH="257" VPOS="3809" HPOS="267"/>
<SP HEIGHT="68" WIDTH="30" VPOS="3809" HPOS="525"/>
<String CONTENT="Colo.," HEIGHT="69" WIDTH="175" VPOS="3809" HPOS="556"/>
<SP HEIGHT="67" WIDTH="30" VPOS="3811" HPOS="732"/>
<String CONTENT="Colorado" HEIGHT="55" WIDTH="282" VPOS="3811" HPOS="763"/>
<SP HEIGHT="55" WIDTH="31" VPOS="3813" HPOS="1046"/>
<String CONTENT="State" HEIGHT="55" WIDTH="161" VPOS="3813" HPOS="1078"/>
<SP HEIGHT="48" WIDTH="27" VPOS="3819" HPOS="1240"/>
<String CONTENT="teachers" HEIGHT="53" WIDTH="254" VPOS="3816" HPOS="1268"/>
<SP HEIGHT="34" WIDTH="26" VPOS="3835" HPOS="1523"/>
<String CONTENT="college," HEIGHT="69" WIDTH="229" VPOS="3817" HPOS="1550"/>
<SP HEIGHT="61" WIDTH="31" VPOS="3821" HPOS="1780"/>
<String CONTENT="1928." HEIGHT="50" WIDTH="148" VPOS="3820" HPOS="1812"/>
</TextLine>
<TextLine HEIGHT="60" WIDTH="1930" VPOS="3891" HPOS="195" CS="1">
<String CONTENT="xiv" HEIGHT="41" WIDTH="83" VPOS="3891" HPOS="195"/>
<SP HEIGHT="37" WIDTH="23" VPOS="3904" HPOS="279"/>
<String LANG="fr" CONTENT="p.," HEIGHT="37" WIDTH="57" VPOS="3904" HPOS="303"/>
<SP HEIGHT="48" WIDTH="24" VPOS="3893" HPOS="361"/>
<String CONTENT="1" HEIGHT="39" WIDTH="24" VPOS="3893" HPOS="386"/>
<SP HEIGHT="39" WIDTH="24" VPOS="3893" HPOS="411"/>
<String CS="1" CONTENT="l.,"/>
<SP HEIGHT="47" WIDTH="24" VPOS="3894" HPOS="481"/>
<String CONTENT="214" HEIGHT="40" WIDTH="86" VPOS="3894" HPOS="506"/>
<SP HEIGHT="48" WIDTH="22" VPOS="3894" HPOS="593"/>
<String CONTENT="p." HEIGHT="37" WIDTH="43" VPOS="3905" HPOS="616"/>
<SP HEIGHT="40" WIDTH="51" VPOS="3895" HPOS="660"/>
<String CS="1" CONTENT="23&#189;&#7580;&#7504;." HEIGHT="41" WIDTH="56" VPOS="3895" HPOS="712"/>
<SP HEIGHT="48" WIDTH="61" VPOS="3896" HPOS="860"/>
<String CONTENT="([Colorado." HEIGHT="50" WIDTH="296" VPOS="3896" HPOS="922"/>
<SP HEIGHT="42" WIDTH="56" VPOS="3897" HPOS="1219"/>
<String CONTENT="State" HEIGHT="42" WIDTH="138" VPOS="3897" HPOS="1276"/>
<SP HEIGHT="37" WIDTH="24" VPOS="3901" HPOS="1415"/>
<String CONTENT="teachers" HEIGHT="40" WIDTH="222" VPOS="3900" HPOS="1440"/>
<SP HEIGHT="30" WIDTH="23" VPOS="3910" HPOS="1663"/>
<String CONTENT="college," HEIGHT="48" WIDTH="192" VPOS="3901" HPOS="1687"/>
<SP HEIGHT="47" WIDTH="27" VPOS="3901" HPOS="1880"/>
<String CONTENT="Greeley]" HEIGHT="50" WIDTH="217" VPOS="3901" HPOS="1908"/>
</TextLine>
<TextLine HEIGHT="57" WIDTH="1379" VPOS="3947" HPOS="128">
<String CONTENT="Colorado" HEIGHT="44" WIDTH="235" VPOS="3947" HPOS="128"/>
<SP HEIGHT="40" WIDTH="32" VPOS="3951" HPOS="364"/>
<String CONTENT="teachers" HEIGHT="41" WIDTH="222" VPOS="3951" HPOS="397"/>
<SP HEIGHT="31" WIDTH="30" VPOS="3961" HPOS="620"/>
<String CONTENT="college" HEIGHT="48" WIDTH="179" VPOS="3953" HPOS="651"/>
<SP HEIGHT="30" WIDTH="28" VPOS="3963" HPOS="831"/>
<String CONTENT="education" HEIGHT="41" WIDTH="257" VPOS="3953" HPOS="860"/>
<SP HEIGHT="30" WIDTH="31" VPOS="3964" HPOS="1118"/>
<String CONTENT="series," HEIGHT="51" WIDTH="166" VPOS="3953" HPOS="1150"/>
<SP HEIGHT="38" WIDTH="32" VPOS="3966" HPOS="1317"/>
<String CONTENT="no." HEIGHT="31" WIDTH="75" VPOS="3966" HPOS="1350"/>
<SP HEIGHT="42" WIDTH="27" VPOS="3955" HPOS="1426"/>
<String CONTENT="3)" HEIGHT="48" WIDTH="53" VPOS="3955" HPOS="1454"/>
</TextLine>
</TextBlock>
</PrintSpace>
</Page>
</Layout>
</alto>