2498 4384
1325 4108 102 49 834

464 543 58 38 (In
550 539 201 42 London
779 538 146 52 Daily
953 552 134 29 news
1118 539 95 42 and
1242 538 354 44 Westminster
1627 538 226 53 gazette)

367 608 51 52 ©
453 613 66 40 1c.
555 613 117 39 each
708 613 127 39 June
868 612 69 48 29,
973 612 140 47 1928;
1151 613 41 38 A
1228 615 62 38 ad
1325 612 88 41 int.
1448 612 170 48 11358;
1656 613 144 48 pubd.
1836 614 113 46 May
1984 613 71 48 25,
2091 612 69 49 26,
2197 612 158 50 28-31,

434 670 127 38 June
595 670 37 45 1,
668 670 39 46 2,
741 670 87 39 4-7;
891 669 372 40 Bobbs-Merrill
1297 680 81 38 co.,
1414 669 350 48 Indianapolis.

358 764 257 63 Harlow,
646 765 126 52 Rex
803 763 263 54 Francis.

430 843 322 54 Oklahoma
797 843 246 65 leaders;
1091 842 400 69 biographical
1537 843 253 53 sketches
1834 842 64 53 of
1941 844 98 52 the
2086 843 273 54 foremost

356 921 187 68 living
579 940 128 33 men
748 920 64 53 of
852 921 340 66 Oklahoma,
1229 922 77 67 by
1346 922 124 51 Rex
1507 922 258 51 Harlow.
1843 921 323 54 Oklahoma
2208 922 152 69 City,

357 998 241 54 Harlow
631 998 336 70 publishing
997 1018 298 49 company,
1328 1002 149 50 1928.

430 1096 872 48 5 p. l., 15-530 p. incl. ports. 25 ᶜᵐ.
368 1164 51 52 ©
454 1170 113 46 May
600 1170 68 45 14,
703 1168 140 47 1928;
878 1169 67 40 2c.
980 1170 115 46 May
1126 1169 82 46 31;
1245 1168 82 41 aff.
1361 1170 114 46 May
1507 1169 56 39 26;
1625 1170 41 38 A
1700 1169 229 47 1074792;
1967 1170 55 41 R.
2058 1170 51 40 F.
2144 1170 215 47 Harlow,

438 1225 270 40 Oklahoma
744 1225 123 50 City,
904 1225 105 40 Okl.
1080 1225 281 49 (28-14138)

363 1319 174 62 Hart,
570 1319 27 52 I
887 1320 52 52 R
1230 1319 69 54 G.

437 1398 244 52 Torture
713 1398 202 52 Island
969 1397 94 68 [by]
1101 1398 48 51 I.
1184 1398 68 52 R.
1287 1397 69 55 G.
1389 1398 173 53 Hart.
1631 1398 139 53 New
1803 1397 181 69 York,
2019 1396 199 57 Simon
2252 1400 113 52 and

367 1474 288 68 Schuster,
685 1478 150 51 1928.

438 1570 463 49 1 p. l., 262 p. 19½ ᶜᵐ.
370 1639 51 52 ©
447 1645 123 39 Mar.
592 1644 70 47 30,
686 1644 117 40 1928;
852 1644 68 41 2c.
943 1644 115 48 Apr.
1082 1644 55 39 12;
1190 1644 83 41 aff.
1298 1645 115 47 Apr.
1437 1645 54 38 11;
1545 1645 40 38 A
1610 1644 205 40 1069696;
1869 1643 163 42 Simon
2057 1644 37 41 &
2119 1643 244 42 Schuster,

441 1700 91 40 inc.
604 1700 280 50 (28-14319)

363 1795 262 63 Harvey,
652 1794 258 54 William
939 1795 159 63 Earl,
1132 1798 171 50 1898-

443 1872 1927 71 Songs of America, by Will Harvey … [Portland Or.,
368 1951 790 70 Ryder printing co., ᶜ1 928]
439 2048 242 48 66 p. 22 ᶜᵐ.
372 2116 51 52 ©
451 2121 115 47 Apr.
593 2120 69 48 26,
691 2119 118 41 1928;
861 2121 67 40 2c.
958 2122 95 38 and
1082 2120 82 41 aff.
1192 2121 130 40 June
1346 2121 53 46 2;
1430 2120 42 40 A
1499 2120 229 47 1074801;
1759 2122 72 39 W.
1861 2122 53 39 E.
1943 2121 213 48 Harvey,
443 2121 1906 104 Brookmere,
630 2178 53 38 B.
730 2178 63 47 C.,
838 2178 213 40 Canada.
1122 2177 282 50 (28-14272)

364 2272 226 63 Henke,
633 2272 324 63 Friedrich,
1001 2276 171 49 1868-
1354 2273 82 52 ed.

369 2349 2002 150 Handbuch der speziellen pathologischen anatomie und histologie, bearb. von G. Abelsdorf … M. Askanazy … [u. a.] hrsg.
368 2509 1999 150 von F. Henke … und O. Lubarsch … 4. bd. Verdauungsschlauch. 2. t. Mundhöhle, darm. Berlin, J. Springer, 1928.
478 2670 855 51 x, 1226 p. illus. (part col.) 26 ᶜᵐ.
444 2728 234 42 Contains
710 2728 394 50 bibliographies.

377 2796 1992 54 © Dec. 27, 1927; 1c. Apr. 11, 1928; A—Foreign 38282; Julius Springer.
368 2910 287 62 Hibbard,
691 2909 276 55 Clarence
1000 2909 283 64 Addison,
1321 2910 167 53 1887-
1640 2911 83 52 ed.

444 2988 120 52 The
603 2988 144 69 lyric
792 2988 210 62 South;
1047 3007 72 33 an
1158 2989 314 67 anthology
1510 2988 64 53 of
1613 2994 188 47 recent
1841 2995 205 63 poetry
2085 2988 153 53 from
2276 2989 95 51 the

367 3066 1981 148 South, edited by Addison Hibbard … New York, The Macmillan company, 1928.
444 3227 471 48 xxxvi, 279 p. 19½ ᶜᵐ.
380 3279 51 53 ©
469 3285 114 47 May
615 3283 70 48 29,
722 3284 116 40 1928;
900 3285 67 39 2c.
1003 3286 96 38 and
1134 3284 82 41 aff.
1254 3286 113 46 May
1403 3285 82 47 31;
1523 3286 41 38 A
1598 3285 229 47 1079617;
1866 3285 284 40 Macmillan
2185 3295 68 31 co.

460 3340 280 49 (28-14154)

376 3434 252 63 History
656 3434 64 52 of
748 3434 227 53 science
1003 3434 244 62 society.

446 3512 94 55 Sir
579 3513 164 52 Isaac
785 3514 258 64 Newton,
1087 3513 328 67 1727-1927,
1459 3533 31 34 a
1533 3515 363 68 bicentenary
1940 3515 326 52 evaluation
2308 3514 65 52 of

372 3591 89 53 his
498 3592 184 59 work;
724 3610 31 33 a
792 3592 168 52 series
997 3592 64 52 of
1098 3611 207 49 papers
1342 3594 283 66 prepared
1660 3593 182 52 under
1879 3594 96 51 the
2014 3593 256 67 auspices
2307 3592 65 53 of

371 3669 95 52 the
494 3669 244 68 History
768 3669 64 53 of
861 3670 211 53 science
1102 3671 211 68 society
1344 3672 58 50 in
1435 3670 410 53 collaboration
1875 3671 139 53 with
2046 3671 95 52 the
373 3671 1976 128 American

530 3749 401 51 astronomical
962 3749 228 68 society,
1220 3750 96 51 the
1347 3748 306 53 American
1685 3749 426 53 mathematical
2143 3750 230 66 society,

372 3826 95 52 the
493 3825 306 53 American
827 3827 260 67 physical
1112 3828 228 66 society,
1364 3828 95 51 the
1486 3826 432 53 Mathematical
1944 3827 339 52 association
2308 3825 65 53 of

374 3902 264 54 America
688 3905 111 51 and
848 3904 228 53 various
1125 3905 162 52 other
1334 3905 440 68 organizations.
1869 3904 335 67 Baltimore,
2252 3904 122 52 The

370 3981 289 55 Williams
689 3986 44 50 &
759 3982 252 56 Wilkins
1038 4002 299 50 company,
1369 3986 149 51 1928.
