2498 4384
1308 4082 103 50 722

353 441 239 63 Berlitz,
623 439 370 54 Maximilian
1024 436 348 65 Delphinus,
1407 439 326 51 1852-1921.

421 514 1930 71 Método-Berlitz para la ense ñ anza de idiomas modernos.
354 593 1997 71 Parte espa ñ ola, por M. D. Berlitz … Nueva ed. rev. y augm.
353 676 139 52 New
518 673 181 67 York,
725 674 200 52 Estate
949 672 66 53 of
1038 673 80 52 M.
1145 673 72 51 D.
1247 672 247 67 Berlitz;
1530 676 138 63 [etc.,
1696 677 119 61 etc.]
1851 673 149 51 1928.

420 755 370 50 231 p. 19 ½ᶜᵐ .
356 824 50 52 ©
433 829 114 47 Apr.
572 828 68 46 13,
667 828 117 39 1928;
834 828 68 40 2c.
929 827 95 40 and
1050 826 83 41 aff.
1158 828 115 47 May
1297 828 27 38 4;
1378 827 42 39 A
1444 826 204 41 1074338;
1704 828 172 39 Estate
1902 826 51 40 of
1979 827 63 40 M.
2071 826 56 40 D.
2156 826 197 47 Berlitz,

426 884 53 41 V.
514 884 461 47 Harrison-Berlitz,
1013 886 244 38 executor.
1331 883 281 49 (28-12710)

355 978 324 63 Berthoud,
711 977 231 63 Alfred,
978 976 166 55 1874-

485 1055 1872 70 … Photochimie, par A. Berthoud … Avec 12 figures dans
377 1134 1138 68 le texte. Paris, G. Doin et c ⁱᵉ , 1928.
424 1217 100 48 viii,
556 1217 84 40 323
670 1228 43 37 p.
771 1217 178 47 diagrs.
1009 1218 146 39 21½ᶜᵐ.
1224 1217 291 47 (Collection
1545 1218 59 39 de
1633 1216 237 49 physique
1901 1219 46 37 et
1979 1215 200 42 chimie)

354 1283 51 52 ©
439 1288 118 40 Nov.
588 1288 69 42 21,
691 1287 141 47 1927;
925 1320 8 8 1c.
966 1287 111 42 Feb.
1108 1288 70 48 24,
1212 1287 85 40 1928;
1389 1288 102 38 A—
1494 1287 207 48 Foreign
1733 1287 170 48 37684;
1941 1287 186 40 Gaston
2161 1286 127 40 Doin
2320 1287 36 39 &

424 1344 85 41 cie.
580 1344 281 50 (28-13177)

357 1438 238 63 Bianco,
627 1438 199 53 Frank
856 1440 71 51 D.

427 1517 368 53 Translation
821 1516 63 53 of
908 1518 95 52 the
1030 1516 393 55 Constitution
1447 1516 65 53 of
1535 1516 96 53 the
1654 1516 220 55 United
1902 1515 189 56 States
2116 1517 125 52 into
2263 1516 96 53 the

354 1594 2007 70 Italian language, by Frank D. Bianco … with laws covering
353 1673 449 52 naturalization
831 1672 64 53 of
924 1673 176 52 aliens
1130 1692 59 34 as
1219 1673 232 52 citizens
1480 1672 64 53 of
1571 1673 97 52 the
1696 1673 219 54 United
1947 1671 205 56 States.
355 1674 1979 129 Traduzione

353 1750 1980 131 della Costituzione d egli Stati Uniti nella lingua italiana
355 1828 1980 132 da avv. Frank D. Bianco … con legge per la naturalizazione
582 1907 1778 69 d’estranei como cittadini d egli Stati Uniti. [ Des Moines,
392 2004 67 47 Ia.,
487 1985 179 54 Globe
696 1984 336 70 publishing
1059 2004 299 49 company,
1389 1989 151 63 1928]

425 2068 55 39 91
515 2077 43 38 p.
618 2067 142 48 illus.,
797 2070 149 45 ports.
1009 2067 147 41 25½ᶜᵐ.

358 2134 51 52 ©
439 2139 112 40 Feb.
576 2139 69 47 23,
675 2138 113 41 1928;
844 2139 67 40 2c.
941 2140 110 40 Feb.
1078 2140 57 39 27;
1192 2138 83 41 aff.
1304 2141 123 39 Mar,
1454 2139 27 40 9;
1537 2139 41 39 A
1605 2139 203 41 1068205;
1866 2140 52 41 F.
1947 2140 57 39 D.
2034 2139 197 44 Bianco,
2262 2140 97 38 Des

431 2195 200 40 Moines.

354 2298 286 64 Bilgram,
671 2301 192 62 Hugo,
898 2299 169 54 1847-

427 2376 121 53 The
604 2377 189 53 remedy
888 2376 95 54 for
1038 2377 478 68 overproduction
1576 2378 112 53 and
1744 2379 485 67 unemployment,
2284 2378 67 69 by

356 2455 176 69 Hugo
562 2455 279 68 Bilgram.
908 2456 137 52 New
1077 2455 181 68 York,
1287 2456 318 69 Vanguard
1636 2475 174 49 press,
1841 2456 120 53 The
1991 2457 365 52 Foundation

358 2531 94 55 for
481 2532 268 53 financial
781 2533 257 53 research
1074 2537 172 64 [1928]

459 2647 9 16 v,
498 2616 98 46 113,
629 2616 55 49 [1]
715 2626 43 38 p.
818 2615 147 43 18½ᶜᵐ.

428 2686 119 41 This
584 2696 140 39 essay
763 2687 42 40 is
844 2697 63 31 an
945 2687 305 42 elaboration
1288 2689 51 40 of
1377 2699 89 30 one
1504 2689 265 42 submitted
1809 2689 50 41 in
1899 2690 81 43 the
2019 2692 188 40 contest
2246 2691 109 41 held

356 2745 155 39 under
543 2745 81 40 the
657 2745 222 49 auspices
912 2745 52 41 of
996 2746 82 41 the
1110 2746 174 41 Pollak
1316 2746 293 42 foundation
1643 2747 52 41 of
1727 2747 244 42 economic
2005 2748 241 45 research,
2280 2749 79 41 for

356 2802 84 41 the
477 2802 105 40 best
622 2803 204 40 adverse
865 2802 235 41 criticism
1138 2803 51 41 of
1228 2804 83 41 the
1350 2805 122 39 book
1513 2805 232 41 “Profits”
1786 2806 60 48 by
1886 2805 218 42 William
2146 2806 212 42 Trufant

357 2859 173 41 Foster
558 2862 95 38 and
684 2860 215 41 Waddill
931 2860 275 50 Catchings,
1239 2861 128 41 1925.
1428 2862 61 48 cf.
1522 2862 274 42 Foreword.

360 2925 52 53 ©
441 2931 113 47 May
578 2931 41 46 4,
646 2931 115 41 1928;
815 2932 69 40 2c.
911 2933 114 46 May
1052 2933 25 38 5;
1134 2932 82 42 aff.
1245 2934 114 47 May
1386 2934 26 40 8;
1468 2933 42 39 A
1536 2934 203 40 1077130;
1797 2935 264 48 Vanguard
2089 2945 149 38 press,
2267 2936 92 40 inc.

438 2986 282 50 (28-12703)

358 3081 163 62 Bills,
557 3082 317 63 Benjamin
911 3083 303 53 Franklin.

427 3159 1933 74 The impromptu talk-plan, by Benjamin Bills … Chicago,
358 3236 253 69 Chicago
664 3239 215 51 central
932 3240 210 67 college
1192 3238 65 53 of
1306 3257 306 36 commerce
1663 3240 64 53 of
1777 3242 96 52 the
1924 3242 212 69 Young
2185 3242 174 53 men’s

357 3314 297 54 Christian
690 3315 356 68 association,
1086 3319 149 50 1928.

426 3397 86 41 192
539 3409 44 37 p.
644 3398 179 48 diagrs.
882 3399 145 40 18½ᶜᵐ.

427 3467 215 41 “Fourth
669 3467 228 41 edition.”

361 3519 52 52 ©
445 3523 114 48 Apr.
591 3523 67 47 16,
692 3523 114 40 1928;
866 3524 68 40 2c.
968 3525 94 38 and
1095 3524 81 41 aff.
1210 3526 115 46 May
1355 3526 27 38 4;
1444 3526 41 38 A
1518 3526 202 41 1074345;
1784 3529 260 46 Benjamin
2079 3530 136 40 Bills.
429 3529 1910 98 Chicago.

630 3579 280 49 (28-12793)

367 3671 274 68 [Bonsall,
674 3673 329 54 Constance
1033 3674 183 68 Ruth]
1256 3678 170 50 1898-

426 3749 211 68 Young
698 3768 278 50 romance,
1035 3751 76 68 by
1172 3752 298 54 Charlotte
1529 3754 195 69 Apple
1789 3756 211 66 [pseud.]
2100 3758 257 53 London.

353 3826 78 52 H.
462 3826 259 67 Jenkins,
750 3826 223 55 limited
1008 3833 171 63 [1928]

424 3909 86 39 312
542 3920 43 38 p.
644 3910 146 41 19½ᶜᵐ.

361 3960 1992 63 © 1c. Apr. 19, 1928; A ad int. 10924; pubd. Feb. 24; Herbert Jenkins,
428 4023 86 41 ltd.
588 4023 280 51 (28-13792)
