<alto xmlns="http://www.loc.gov/standards/alto/ns-v3#" xmlns:xlink="http://www.w3.org/1999/xlink" xmlns:xsi="http://www.w3.org/2001/XMLSchema-instance" xsi:schemaLocation="http://www.loc.gov/standards/alto/ns-v3# http://www.loc.gov/alto/v3/alto-3-0.xsd"><Description>
<MeasurementUnit>pixel</MeasurementUnit>
<sourceImageInformation>
<fileName>1928_v25_part001.pdf</fileName>
</sourceImageInformation>
<OCRProcessing ID="IdOcr">
<ocrProcessingStep>
<processingDateTime>2019-04-12</processingDateTime>
<processingSoftware>
<softwareCreator>ABBYY</softwareCreator>
<softwareName>ABBYY Recognition Server</softwareName>
<softwareVersion>4.0</softwareVersion>
</processingSoftware>
</ocrProcessingStep>
</OCRProcessing>
</Description>
<Styles>
<ParagraphStyle ID="StyleId-FFFFFFFF-FFFF-FFFF-FFFF-FFFFFFFFFFFF-" ALIGN="Left" LEFT="0." RIGHT="0." FIRSTLINE="0."/>
<ParagraphStyle ID="StyleId-0ECAC0CE-E1F0-4C69-A1B9-95E16886343B-" ALIGN="Left" LEFT="0." RIGHT="0." FIRSTLINE="0." LINESPACE="8.300000191"/>
<ParagraphStyle ID="StyleId-5C6F7A30-EC6F-4250-A8D3-0AE106DCDB5D-" ALIGN="Left" LEFT="0." RIGHT="0." FIRSTLINE="-13." LINESPACE="11.22999954"/>
<ParagraphStyle ID="StyleId-B258737E-7AF8-4B71-A0BF-0A1420B951F9-" ALIGN="Left" LEFT="0." RIGHT="0." FIRSTLINE="-13." LINESPACE="8.210000038"/>
<ParagraphStyle ID="StyleId-35C0EFA5-E89E-4731-B16E-5D3895F12270-" ALIGN="Block" LEFT="0." RIGHT="0." FIRSTLINE="-12." LINESPACE="11.22999954"/>
<ParagraphStyle ID="StyleId-7BD1F9B4-14BB-4AAF-864B-FED8FEA7DC43-" ALIGN="Left" LEFT="0." RIGHT="0." FIRSTLINE="0."/>
<ParagraphStyle ID="StyleId-CD2DA0E5-536D-42AE-AE16-8D9F5C008D5A-" ALIGN="Block" LEFT="0." RIGHT="0." FIRSTLINE="-12." LINESPACE="10."/>
<ParagraphStyle ID="StyleId-AF408F88-EED5-4CE2-A229-3F852C18D9BD-" ALIGN="Block" LEFT="0." RIGHT="0." FIRSTLINE="-14." LINESPACE="10."/>
<ParagraphStyle ID="StyleId-829CD741-943D-4B7B-9638-57AB73DE2567-" ALIGN="Center" LEFT="0." RIGHT="0." FIRSTLINE="0." LINESPACE="9.399999619"/>
<ParagraphStyle ID="StyleId-B271BDFA-6037-4875-BA99-885A067668E9-" ALIGN="Left" LEFT="0." RIGHT="0." FIRSTLINE="-14." LINESPACE="11.21000004"/>
<ParagraphStyle ID="StyleId-64F9C1D8-EA12-4F65-AD18-B72A4C6B556F-" ALIGN="Center" LEFT="0." RIGHT="0." FIRSTLINE="0." LINESPACE="11.60000038"/>
<ParagraphStyle ID="StyleId-44DA2756-E57B-4EF3-9BA4-FC1C14776DE3-" ALIGN="Left" LEFT="0." RIGHT="0." FIRSTLINE="-12." LINESPACE="12.19999981"/>
<ParagraphStyle ID="StyleId-D1D9AF19-8CA6-4F74-9AEC-1B4545205AD7-" ALIGN="Center" LEFT="0." RIGHT="0." FIRSTLINE="0." LINESPACE="11.60000038"/>
<ParagraphStyle ID="StyleId-3ADA1556-6D19-417D-8046-68449BF368BA-" ALIGN="Left" LEFT="0." RIGHT="0." FIRSTLINE="-13." LINESPACE="12.19999981"/>
<ParagraphStyle ID="StyleId-7443A930-B325-44B5-9AB8-B42B4EC78C89-" ALIGN="Block" LEFT="0." RIGHT="0." FIRSTLINE="13." LINESPACE="8.619999886"/>
<ParagraphStyle ID="StyleId-C9A9E480-E448-4934-9AF8-3D252792E396-" ALIGN="Left" LEFT="0." RIGHT="0." FIRSTLINE="-12." LINESPACE="11.38000011"/>
<ParagraphStyle ID="StyleId-73039842-464C-49B9-9440-4C0D0E749DFE-" ALIGN="Center" LEFT="0." RIGHT="0." FIRSTLINE="0." LINESPACE="11.10000038"/>
<ParagraphStyle ID="StyleId-C51F6AC2-80DA-4C65-849C-6E2D5F548EA4-" ALIGN="Left" LEFT="0." RIGHT="0." FIRSTLINE="0." LINESPACE="7.699999809"/>
<ParagraphStyle ID="StyleId-494190D9-BDDC-4834-A745-6AF520F91CD0-" ALIGN="Block" LEFT="0." RIGHT="0." FIRSTLINE="-12." LINESPACE="11.22999954"/>
<ParagraphStyle ID="StyleId-68D39D31-3386-4B28-8C90-DA9420961D78-" ALIGN="Left" LEFT="0." RIGHT="0." FIRSTLINE="0." LINESPACE="11.60000038"/>
<ParagraphStyle ID="StyleId-DF0CE7C7-E73E-44FE-8867-C904BD7F3F42-" ALIGN="Block" LEFT="0." RIGHT="0." FIRSTLINE="0." LINESPACE="12.19999981"/>
</Styles>
<Layout>
<Page ID="Page730" PHYSICAL_IMG_NR="730" HEIGHT="4384" WIDTH="2498">
<TopMargin HEIGHT="420" WIDTH="2498" VPOS="0" HPOS="0">
</TopMargin>
<LeftMargin HEIGHT="3596" WIDTH="304" VPOS="420" HPOS="0">
</LeftMargin>
<RightMargin HEIGHT="3596" WIDTH="160" VPOS="420" HPOS="2338">
</RightMargin>
<BottomMargin HEIGHT="368" WIDTH="2498" VPOS="4016" HPOS="0">
<TextBlock ID="Page730_Block1" HEIGHT="96" WIDTH="182" VPOS="4031" HPOS="1229" LANG="en-US" STYLEREFS="StyleId-1834FDE1-9656-4680-834B-52D235C5C8F5-">
<TextLine HEIGHT="53" WIDTH="103" VPOS="4048" HPOS="1268">
<String CONTENT="730" HEIGHT="53" WIDTH="103" VPOS="4048" HPOS="1268"/>
</TextLine>
</TextBlock>
</BottomMargin>
<PrintSpace HEIGHT="3596" WIDTH="2034" VPOS="420" HPOS="304">
<TextBlock ID="Page730_Block2" HEIGHT="3596" WIDTH="2034" VPOS="420" HPOS="304" LANG="en-US" CS="1" STYLEREFS="StyleId-0B0FC271-389B-42E5-A202-62881D67E856-">
<TextLine HEIGHT="69" WIDTH="1999" VPOS="508" HPOS="320" CS="1">
<String CONTENT="Fisher" HEIGHT="52" WIDTH="205" VPOS="510" HPOS="320"/>
<SP HEIGHT="32" WIDTH="41" VPOS="529" HPOS="526"/>
<String CS="1" CONTENT="&#8230;"/>
<SP HEIGHT="32" WIDTH="76" VPOS="529" HPOS="623"/>
<String CS="1" CONTENT="v." HEIGHT="8" WIDTH="8" VPOS="552" HPOS="742"/>
<SP HEIGHT="54" WIDTH="38" VPOS="509" HPOS="751"/>
<String CONTENT="7." HEIGHT="54" WIDTH="47" VPOS="509" HPOS="790"/>
<SP HEIGHT="33" WIDTH="44" VPOS="543" HPOS="838"/>
<String CONTENT="[Abandonment" HEIGHT="67" WIDTH="464" VPOS="509" HPOS="883"/>
<SP HEIGHT="46" WIDTH="35" VPOS="514" HPOS="1348"/>
<String CONTENT="to" HEIGHT="46" WIDTH="58" VPOS="515" HPOS="1384"/>
<SP HEIGHT="53" WIDTH="34" VPOS="509" HPOS="1443"/>
<String CONTENT="Workmen&#8217;s" HEIGHT="54" WIDTH="358" VPOS="508" HPOS="1478"/>
<SP HEIGHT="33" WIDTH="37" VPOS="528" HPOS="1837"/>
<String CONTENT="compensation]" HEIGHT="67" WIDTH="444" VPOS="510" HPOS="1875"/>
</TextLine>
<TextLine HEIGHT="153" WIDTH="1982" VPOS="579" HPOS="319" CS="1">
<String CONTENT="Northport," HEIGHT="66" WIDTH="341" VPOS="588" HPOS="319"/>
<SP HEIGHT="65" WIDTH="41" VPOS="588" HPOS="661"/>
<String CONTENT="N." HEIGHT="50" WIDTH="68" VPOS="588" HPOS="703"/>
<SP HEIGHT="50" WIDTH="44" VPOS="588" HPOS="772"/>
<String CS="1" CONTENT="Y.," HEIGHT="50" WIDTH="55" VPOS="588" HPOS="817"/>
<SP HEIGHT="60" WIDTH="37" VPOS="579" HPOS="912"/>
<String CONTENT="Edward" HEIGHT="51" WIDTH="254" VPOS="587" HPOS="950"/>
<SP HEIGHT="51" WIDTH="43" VPOS="587" HPOS="1205"/>
<String CONTENT="Thompson" HEIGHT="66" WIDTH="332" VPOS="587" HPOS="1249"/>
<SP HEIGHT="33" WIDTH="40" VPOS="605" HPOS="1582"/>
<String CONTENT="company;" HEIGHT="49" WIDTH="309" VPOS="605" HPOS="1623"/>
<SP HEIGHT="68" WIDTH="48" VPOS="586" HPOS="1933"/>
<String CONTENT="San" HEIGHT="55" WIDTH="117" VPOS="586" HPOS="1982"/>
<SP HEIGHT="51" WIDTH="43" VPOS="588" HPOS="2100"/>
<String CONTENT="Francisco," HEIGHT="144" WIDTH="1981" VPOS="588" HPOS="320"/>
</TextLine>
<TextLine HEIGHT="69" WIDTH="1815" VPOS="663" HPOS="511">
<String CONTENT="Cal.," HEIGHT="69" WIDTH="140" VPOS="663" HPOS="511"/>
<SP HEIGHT="66" WIDTH="25" VPOS="666" HPOS="652"/>
<String CONTENT="Bancroft-Whitney" HEIGHT="68" WIDTH="588" VPOS="663" HPOS="678"/>
<SP HEIGHT="49" WIDTH="26" VPOS="682" HPOS="1267"/>
<String CONTENT="company;" HEIGHT="51" WIDTH="308" VPOS="681" HPOS="1294"/>
<SP HEIGHT="65" WIDTH="29" VPOS="665" HPOS="1603"/>
<String CONTENT="Rochester," HEIGHT="65" WIDTH="326" VPOS="665" HPOS="1633"/>
<SP HEIGHT="65" WIDTH="26" VPOS="665" HPOS="1960"/>
<String LANG="fr" CONTENT="N." HEIGHT="53" WIDTH="70" VPOS="665" HPOS="1987"/>
<SP HEIGHT="51" WIDTH="28" VPOS="665" HPOS="2058"/>
<String CONTENT="Y.," HEIGHT="65" WIDTH="91" VPOS="665" HPOS="2087"/>
<SP HEIGHT="64" WIDTH="25" VPOS="666" HPOS="2179"/>
<String CONTENT="The" HEIGHT="52" WIDTH="121" VPOS="666" HPOS="2205"/>
</TextLine>
<TextLine HEIGHT="71" WIDTH="1578" VPOS="740" HPOS="318">
<String CONTENT="Lawyers" HEIGHT="68" WIDTH="269" VPOS="743" HPOS="318"/>
<SP HEIGHT="33" WIDTH="32" VPOS="761" HPOS="588"/>
<String CONTENT="co-operative" HEIGHT="68" WIDTH="384" VPOS="742" HPOS="621"/>
<SP HEIGHT="49" WIDTH="32" VPOS="760" HPOS="1006"/>
<String CONTENT="publishing" HEIGHT="71" WIDTH="339" VPOS="740" HPOS="1039"/>
<SP HEIGHT="51" WIDTH="30" VPOS="760" HPOS="1379"/>
<String CONTENT="company," HEIGHT="51" WIDTH="300" VPOS="760" HPOS="1410"/>
<SP HEIGHT="65" WIDTH="33" VPOS="745" HPOS="1711"/>
<String CONTENT="1928." HEIGHT="50" WIDTH="151" VPOS="745" HPOS="1745"/>
</TextLine>
<TextLine HEIGHT="50" WIDTH="601" VPOS="824" HPOS="388" STYLEREFS="StyleId-8B02C605-56A0-4A48-8B47-B7F7F8E7E446-" CS="1">
<String CONTENT="3" HEIGHT="39" WIDTH="27" VPOS="827" HPOS="388"/>
<SP HEIGHT="47" WIDTH="29" VPOS="827" HPOS="416"/>
<String LANG="fr" CONTENT="p." HEIGHT="37" WIDTH="43" VPOS="837" HPOS="446"/>
<SP HEIGHT="40" WIDTH="28" VPOS="827" HPOS="490"/>
<String CS="1" CONTENT="l.," HEIGHT="16" WIDTH="8" VPOS="857" HPOS="555"/>
<SP HEIGHT="47" WIDTH="31" VPOS="826" HPOS="564"/>
<String CONTENT="1012" HEIGHT="40" WIDTH="112" VPOS="824" HPOS="596"/>
<SP HEIGHT="47" WIDTH="29" VPOS="825" HPOS="709"/>
<String CONTENT="p." HEIGHT="37" WIDTH="44" VPOS="835" HPOS="739"/>
<SP HEIGHT="40" WIDTH="57" VPOS="825" HPOS="784"/>
<String CS="1" CONTENT="25&#189;&#7580;&#7504;." HEIGHT="41" WIDTH="147" VPOS="824" HPOS="842"/>
</TextLine>
<TextLine HEIGHT="102" WIDTH="1985" VPOS="892" HPOS="322" STYLEREFS="StyleId-8B02C605-56A0-4A48-8B47-B7F7F8E7E446-" CS="1">
<String CONTENT="&#169;" HEIGHT="53" WIDTH="52" VPOS="892" HPOS="322"/>
<SP HEIGHT="53" WIDTH="28" VPOS="892" HPOS="375"/>
<String CONTENT="May" HEIGHT="46" WIDTH="115" VPOS="898" HPOS="404"/>
<SP HEIGHT="46" WIDTH="27" VPOS="898" HPOS="520"/>
<String CONTENT="15," HEIGHT="47" WIDTH="69" VPOS="896" HPOS="548"/>
<SP HEIGHT="46" WIDTH="28" VPOS="897" HPOS="618"/>
<String CS="1" CONTENT="1928;" HEIGHT="40" WIDTH="115" VPOS="896" HPOS="647"/>
<SP/>
<String CONTENT="2c." HEIGHT="40" WIDTH="67" VPOS="896" HPOS="819"/>
<SP HEIGHT="40" WIDTH="29" VPOS="896" HPOS="887"/>
<String CONTENT="May" HEIGHT="46" WIDTH="114" VPOS="896" HPOS="917"/>
<SP HEIGHT="47" WIDTH="27" VPOS="895" HPOS="1032"/>
<String CS="1" CONTENT="19;" HEIGHT="40" WIDTH="55" VPOS="894" HPOS="1060"/>
<SP/>
<String CONTENT="aff." HEIGHT="40" WIDTH="83" VPOS="895" HPOS="1174"/>
<SP HEIGHT="39" WIDTH="29" VPOS="896" HPOS="1258"/>
<String CONTENT="May" HEIGHT="47" WIDTH="113" VPOS="896" HPOS="1288"/>
<SP HEIGHT="47" WIDTH="28" VPOS="896" HPOS="1402"/>
<String CS="1" CONTENT="22;" HEIGHT="39" WIDTH="55" VPOS="895" HPOS="1431"/>
<SP/>
<!-- cceid 1FDA578A-6CB2-1014-A20E-B9D6251C946A --><String CONTENT="A" HEIGHT="38" WIDTH="40" VPOS="896" HPOS="1546"/>
<SP HEIGHT="38" WIDTH="29" VPOS="896" HPOS="1587"/>
<String CS="1" CONTENT="1077355;" HEIGHT="40" WIDTH="203" VPOS="895" HPOS="1617"/>
<SP/>
<String CONTENT="Edward" HEIGHT="39" WIDTH="211" VPOS="897" HPOS="1881"/>
<SP HEIGHT="38" WIDTH="28" VPOS="897" HPOS="2093"/>
<String CONTENT="Thompson" HEIGHT="97" WIDTH="1917" VPOS="897" HPOS="390"/>
</TextLine>
<TextLine HEIGHT="50" WIDTH="1820" VPOS="951" HPOS="505" STYLEREFS="StyleId-8B02C605-56A0-4A48-8B47-B7F7F8E7E446-" CS="1">
<String CONTENT="co.," HEIGHT="37" WIDTH="81" VPOS="964" HPOS="505"/>
<SP HEIGHT="48" WIDTH="27" VPOS="953" HPOS="587"/>
<String CONTENT="The" HEIGHT="38" WIDTH="102" VPOS="953" HPOS="615"/>
<SP HEIGHT="39" WIDTH="26" VPOS="952" HPOS="718"/>
<String CONTENT="Lawyers" HEIGHT="47" WIDTH="229" VPOS="952" HPOS="745"/>
<SP HEIGHT="29" WIDTH="28" VPOS="962" HPOS="975"/>
<String CS="1" CONTENT="co-operative" HEIGHT="48" WIDTH="328" VPOS="951" HPOS="1004"/>
<SP HEIGHT="37" WIDTH="24" VPOS="962" HPOS="1333"/>
<String CONTENT="pub." HEIGHT="47" WIDTH="109" VPOS="952" HPOS="1358"/>
<SP HEIGHT="30" WIDTH="28" VPOS="963" HPOS="1468"/>
<String CONTENT="co.," HEIGHT="38" WIDTH="82" VPOS="962" HPOS="1497"/>
<SP HEIGHT="38" WIDTH="29" VPOS="962" HPOS="1580"/>
<String CONTENT="and" HEIGHT="39" WIDTH="96" VPOS="953" HPOS="1610"/>
<SP HEIGHT="39" WIDTH="28" VPOS="953" HPOS="1707"/>
<String CONTENT="Bancroft-Whitney" HEIGHT="48" WIDTH="491" VPOS="952" HPOS="1736"/>
<SP HEIGHT="36" WIDTH="29" VPOS="964" HPOS="2228"/>
<String CONTENT="co." HEIGHT="30" WIDTH="67" VPOS="964" HPOS="2258"/>
</TextLine>
<TextLine HEIGHT="66" WIDTH="983" VPOS="1073" HPOS="319">
<String CONTENT="Macy," HEIGHT="63" WIDTH="192" VPOS="1076" HPOS="319"/>
<SP HEIGHT="62" WIDTH="28" VPOS="1076" HPOS="512"/>
<String CONTENT="William" HEIGHT="55" WIDTH="254" VPOS="1074" HPOS="541"/>
<SP HEIGHT="51" WIDTH="32" VPOS="1075" HPOS="796"/>
<String CONTENT="Francis," HEIGHT="63" WIDTH="265" VPOS="1073" HPOS="829"/>
<SP HEIGHT="58" WIDTH="34" VPOS="1078" HPOS="1095"/>
<String CONTENT="1867-" HEIGHT="53" WIDTH="172" VPOS="1074" HPOS="1130"/>
</TextLine>
<TextLine HEIGHT="69" WIDTH="1938" VPOS="1152" HPOS="389">
<String CONTENT="The" HEIGHT="51" WIDTH="122" VPOS="1155" HPOS="389"/>
<SP HEIGHT="33" WIDTH="34" VPOS="1173" HPOS="512"/>
<String CONTENT="story" HEIGHT="63" WIDTH="158" VPOS="1158" HPOS="547"/>
<SP HEIGHT="51" WIDTH="35" VPOS="1170" HPOS="706"/>
<String CONTENT="of" HEIGHT="53" WIDTH="65" VPOS="1152" HPOS="742"/>
<SP HEIGHT="53" WIDTH="35" VPOS="1152" HPOS="808"/>
<String CONTENT="old" HEIGHT="52" WIDTH="97" VPOS="1153" HPOS="844"/>
<SP HEIGHT="53" WIDTH="36" VPOS="1152" HPOS="942"/>
<String CONTENT="Nantucket;" HEIGHT="66" WIDTH="356" VPOS="1152" HPOS="979"/>
<SP HEIGHT="47" WIDTH="40" VPOS="1171" HPOS="1336"/>
<String CONTENT="a" HEIGHT="33" WIDTH="30" VPOS="1172" HPOS="1377"/>
<SP HEIGHT="52" WIDTH="36" VPOS="1153" HPOS="1408"/>
<String CONTENT="brief" HEIGHT="53" WIDTH="155" VPOS="1152" HPOS="1445"/>
<SP HEIGHT="52" WIDTH="34" VPOS="1152" HPOS="1601"/>
<String CONTENT="history" HEIGHT="69" WIDTH="225" VPOS="1152" HPOS="1636"/>
<SP HEIGHT="50" WIDTH="37" VPOS="1171" HPOS="1862"/>
<String CONTENT="of" HEIGHT="53" WIDTH="64" VPOS="1153" HPOS="1900"/>
<SP HEIGHT="53" WIDTH="37" VPOS="1153" HPOS="1965"/>
<String CONTENT="the" HEIGHT="53" WIDTH="99" VPOS="1154" HPOS="2003"/>
<SP HEIGHT="52" WIDTH="35" VPOS="1155" HPOS="2103"/>
<String CONTENT="island" HEIGHT="53" WIDTH="188" VPOS="1154" HPOS="2139"/>
</TextLine>
<TextLine HEIGHT="72" WIDTH="2009" VPOS="1229" HPOS="318">
<String CONTENT="and" HEIGHT="52" WIDTH="112" VPOS="1233" HPOS="318"/>
<SP HEIGHT="53" WIDTH="28" VPOS="1232" HPOS="431"/>
<String CONTENT="its" HEIGHT="52" WIDTH="74" VPOS="1232" HPOS="460"/>
<SP HEIGHT="49" WIDTH="27" VPOS="1250" HPOS="535"/>
<String CONTENT="people" HEIGHT="68" WIDTH="202" VPOS="1231" HPOS="563"/>
<SP HEIGHT="54" WIDTH="31" VPOS="1229" HPOS="766"/>
<String CONTENT="from" HEIGHT="54" WIDTH="152" VPOS="1229" HPOS="798"/>
<SP HEIGHT="51" WIDTH="30" VPOS="1231" HPOS="951"/>
<String CONTENT="its" HEIGHT="52" WIDTH="74" VPOS="1231" HPOS="982"/>
<SP HEIGHT="52" WIDTH="27" VPOS="1231" HPOS="1057"/>
<String CONTENT="discovery" HEIGHT="68" WIDTH="298" VPOS="1230" HPOS="1085"/>
<SP HEIGHT="67" WIDTH="28" VPOS="1231" HPOS="1384"/>
<String CONTENT="down" HEIGHT="52" WIDTH="167" VPOS="1231" HPOS="1413"/>
<SP HEIGHT="47" WIDTH="30" VPOS="1236" HPOS="1581"/>
<String CONTENT="to" HEIGHT="47" WIDTH="59" VPOS="1236" HPOS="1612"/>
<SP HEIGHT="47" WIDTH="29" VPOS="1236" HPOS="1672"/>
<String CONTENT="the" HEIGHT="52" WIDTH="97" VPOS="1231" HPOS="1702"/>
<SP HEIGHT="50" WIDTH="29" VPOS="1249" HPOS="1800"/>
<String CONTENT="present" HEIGHT="62" WIDTH="232" VPOS="1237" HPOS="1830"/>
<SP HEIGHT="52" WIDTH="27" VPOS="1233" HPOS="2063"/>
<String CONTENT="day," HEIGHT="68" WIDTH="131" VPOS="1233" HPOS="2091"/>
<SP HEIGHT="64" WIDTH="28" VPOS="1232" HPOS="2223"/>
<String CONTENT="by" HEIGHT="69" WIDTH="75" VPOS="1232" HPOS="2252"/>
</TextLine>
<TextLine HEIGHT="69" WIDTH="2011" VPOS="1309" HPOS="316" CS="1">
<String CONTENT="William" HEIGHT="54" WIDTH="262" VPOS="1311" HPOS="316"/>
<SP HEIGHT="51" WIDTH="40" VPOS="1311" HPOS="579"/>
<String CONTENT="F." HEIGHT="51" WIDTH="66" VPOS="1311" HPOS="620"/>
<SP HEIGHT="52" WIDTH="39" VPOS="1310" HPOS="687"/>
<String CONTENT="Macy" HEIGHT="68" WIDTH="170" VPOS="1310" HPOS="727"/>
<SP HEIGHT="50" WIDTH="45" VPOS="1328" HPOS="898"/>
<String CS="1" CONTENT="&#8230;"/>
<SP HEIGHT="50" WIDTH="79" VPOS="1311" HPOS="1001"/>
<String CONTENT="2d" HEIGHT="52" WIDTH="72" VPOS="1309" HPOS="1081"/>
<SP HEIGHT="52" WIDTH="39" VPOS="1309" HPOS="1154"/>
<String CONTENT="ed.," HEIGHT="67" WIDTH="107" VPOS="1309" HPOS="1194"/>
<SP HEIGHT="48" WIDTH="39" VPOS="1328" HPOS="1302"/>
<String CONTENT="rev." HEIGHT="34" WIDTH="114" VPOS="1327" HPOS="1342"/>
<SP HEIGHT="33" WIDTH="42" VPOS="1328" HPOS="1457"/>
<String CONTENT="and" HEIGHT="52" WIDTH="114" VPOS="1310" HPOS="1500"/>
<SP HEIGHT="52" WIDTH="40" VPOS="1310" HPOS="1615"/>
<String CONTENT="enl." HEIGHT="53" WIDTH="108" VPOS="1309" HPOS="1656"/>
<SP HEIGHT="10" WIDTH="46" VPOS="1351" HPOS="1765"/>
<String CS="1" CONTENT="&#8230;"/>
<SP HEIGHT="52" WIDTH="82" VPOS="1310" HPOS="1869"/>
<String CONTENT="Boston" HEIGHT="53" WIDTH="214" VPOS="1310" HPOS="1952"/>
<SP HEIGHT="35" WIDTH="47" VPOS="1328" HPOS="2167"/>
<String CONTENT="and" HEIGHT="52" WIDTH="112" VPOS="1312" HPOS="2215"/>
</TextLine>
<TextLine HEIGHT="70" WIDTH="1448" VPOS="1386" HPOS="317">
<String CONTENT="New" HEIGHT="53" WIDTH="139" VPOS="1388" HPOS="317"/>
<SP HEIGHT="53" WIDTH="30" VPOS="1388" HPOS="457"/>
<String CONTENT="York," HEIGHT="66" WIDTH="179" VPOS="1388" HPOS="488"/>
<SP HEIGHT="67" WIDTH="26" VPOS="1387" HPOS="668"/>
<String CONTENT="Houghton" HEIGHT="69" WIDTH="321" VPOS="1387" HPOS="695"/>
<SP HEIGHT="52" WIDTH="28" VPOS="1387" HPOS="1017"/>
<String CONTENT="Mifflin" HEIGHT="53" WIDTH="205" VPOS="1386" HPOS="1046"/>
<SP HEIGHT="34" WIDTH="29" VPOS="1405" HPOS="1252"/>
<String CONTENT="company," HEIGHT="51" WIDTH="301" VPOS="1405" HPOS="1282"/>
<SP HEIGHT="63" WIDTH="29" VPOS="1392" HPOS="1584"/>
<String CONTENT="1928." HEIGHT="50" WIDTH="151" VPOS="1390" HPOS="1614"/>
</TextLine>
<TextLine HEIGHT="50" WIDTH="1015" VPOS="1468" HPOS="385" CS="1">
<String CONTENT="xi" HEIGHT="39" WIDTH="52" VPOS="1470" HPOS="385"/>
<SP HEIGHT="48" WIDTH="22" VPOS="1470" HPOS="438"/>
<String CONTENT="p.," HEIGHT="37" WIDTH="57" VPOS="1481" HPOS="461"/>
<SP HEIGHT="47" WIDTH="22" VPOS="1470" HPOS="519"/>
<String CONTENT="2" HEIGHT="38" WIDTH="25" VPOS="1470" HPOS="542"/>
<SP HEIGHT="38" WIDTH="23" VPOS="1470" HPOS="568"/>
<String CS="1" CONTENT="l.," HEIGHT="15" WIDTH="9" VPOS="1501" HPOS="628"/>
<SP HEIGHT="46" WIDTH="23" VPOS="1470" HPOS="638"/>
<String CONTENT="190" HEIGHT="41" WIDTH="84" VPOS="1468" HPOS="662"/>
<SP HEIGHT="49" WIDTH="23" VPOS="1468" HPOS="747"/>
<String CONTENT="p." HEIGHT="37" WIDTH="42" VPOS="1480" HPOS="771"/>
<SP HEIGHT="40" WIDTH="50" VPOS="1469" HPOS="814"/>
<String CONTENT="front.," HEIGHT="46" WIDTH="164" VPOS="1469" HPOS="865"/>
<SP HEIGHT="37" WIDTH="26" VPOS="1480" HPOS="1030"/>
<String CONTENT="plates." HEIGHT="47" WIDTH="171" VPOS="1470" HPOS="1057"/>
<SP HEIGHT="39" WIDTH="53" VPOS="1471" HPOS="1229"/>
<String CONTENT="17" HEIGHT="40" WIDTH="55" VPOS="1470" HPOS="1283"/>
<String STYLE="superscript" CS="1" CONTENT="&#7580;&#7504;"/>
<String CONTENT="." HEIGHT="10" WIDTH="9" VPOS="1501" HPOS="1391"/>
</TextLine>
<TextLine HEIGHT="49" WIDTH="614" VPOS="1539" HPOS="390" STYLEREFS="StyleId-8B02C605-56A0-4A48-8B47-B7F7F8E7E446-">
<String CONTENT="Maps" HEIGHT="47" WIDTH="139" VPOS="1541" HPOS="390"/>
<SP HEIGHT="30" WIDTH="23" VPOS="1550" HPOS="530"/>
<String CONTENT="on" HEIGHT="29" WIDTH="60" VPOS="1550" HPOS="554"/>
<SP HEIGHT="38" WIDTH="24" VPOS="1540" HPOS="615"/>
<String CONTENT="lining-papers." HEIGHT="48" WIDTH="364" VPOS="1539" HPOS="640"/>
</TextLine>
<TextLine HEIGHT="52" WIDTH="2003" VPOS="1608" HPOS="321" STYLEREFS="StyleId-8B02C605-56A0-4A48-8B47-B7F7F8E7E446-" CS="1">
<String CONTENT="&#169;" HEIGHT="52" WIDTH="51" VPOS="1608" HPOS="321"/>
<SP HEIGHT="52" WIDTH="29" VPOS="1608" HPOS="373"/>
<String CONTENT="May" HEIGHT="46" WIDTH="114" VPOS="1613" HPOS="403"/>
<SP HEIGHT="46" WIDTH="28" VPOS="1613" HPOS="518"/>
<String CONTENT="11," HEIGHT="45" WIDTH="69" VPOS="1613" HPOS="547"/>
<SP HEIGHT="45" WIDTH="28" VPOS="1613" HPOS="617"/>
<String CS="1" CONTENT="1928;" HEIGHT="40" WIDTH="115" VPOS="1611" HPOS="646"/>
<SP/>
<String CONTENT="2c." HEIGHT="41" WIDTH="69" VPOS="1611" HPOS="818"/>
<SP HEIGHT="31" WIDTH="29" VPOS="1621" HPOS="888"/>
<String CONTENT="and" HEIGHT="39" WIDTH="95" VPOS="1612" HPOS="918"/>
<SP HEIGHT="39" WIDTH="28" VPOS="1612" HPOS="1014"/>
<String CONTENT="aff." HEIGHT="40" WIDTH="82" VPOS="1611" HPOS="1043"/>
<SP HEIGHT="39" WIDTH="29" VPOS="1612" HPOS="1126"/>
<String CONTENT="May" HEIGHT="47" WIDTH="116" VPOS="1612" HPOS="1156"/>
<SP HEIGHT="47" WIDTH="28" VPOS="1612" HPOS="1273"/>
<String CS="1" CONTENT="14;" HEIGHT="38" WIDTH="55" VPOS="1612" HPOS="1302"/>
<SP/>
<!-- cceid 1FDAE6FB-6CB2-1014-A20E-B9D6251C946A --><String CONTENT="A" HEIGHT="38" WIDTH="42" VPOS="1612" HPOS="1416"/>
<SP HEIGHT="39" WIDTH="26" VPOS="1611" HPOS="1459"/>
<String CS="1" CONTENT="1074485;" HEIGHT="40" WIDTH="204" VPOS="1611" HPOS="1486"/>
<SP/>
<String LANG="fr" CONTENT="W." HEIGHT="40" WIDTH="72" VPOS="1612" HPOS="1751"/>
<SP HEIGHT="40" WIDTH="30" VPOS="1612" HPOS="1824"/>
<String CONTENT="F." HEIGHT="41" WIDTH="51" VPOS="1612" HPOS="1855"/>
<SP HEIGHT="40" WIDTH="31" VPOS="1613" HPOS="1907"/>
<String CONTENT="Macy," HEIGHT="47" WIDTH="155" VPOS="1613" HPOS="1939"/>
<SP HEIGHT="47" WIDTH="30" VPOS="1613" HPOS="2095"/>
<String CONTENT="Boston." HEIGHT="41" WIDTH="198" VPOS="1613" HPOS="2126"/>
</TextLine>
<TextLine HEIGHT="49" WIDTH="281" VPOS="1668" HPOS="401" STYLEREFS="StyleId-8B02C605-56A0-4A48-8B47-B7F7F8E7E446-">
<String CONTENT="(28-12814)" HEIGHT="49" WIDTH="281" VPOS="1668" HPOS="401"/>
</TextLine>
<TextLine HEIGHT="63" WIDTH="713" VPOS="1775" HPOS="320">
<String CONTENT="Martin," HEIGHT="62" WIDTH="243" VPOS="1775" HPOS="320"/>
<SP HEIGHT="61" WIDTH="32" VPOS="1776" HPOS="564"/>
<String CONTENT="Stuart," HEIGHT="62" WIDTH="230" VPOS="1776" HPOS="597"/>
<SP HEIGHT="58" WIDTH="34" VPOS="1780" HPOS="828"/>
<String CONTENT="1882-" HEIGHT="51" WIDTH="170" VPOS="1777" HPOS="863"/>
</TextLine>
<TextLine HEIGHT="71" WIDTH="1935" VPOS="1852" HPOS="390" CS="1">
<String CONTENT="Princess" HEIGHT="52" WIDTH="263" VPOS="1855" HPOS="390"/>
<SP HEIGHT="34" WIDTH="35" VPOS="1873" HPOS="654"/>
<String CONTENT="of" HEIGHT="54" WIDTH="65" VPOS="1853" HPOS="690"/>
<SP HEIGHT="53" WIDTH="36" VPOS="1853" HPOS="756"/>
<String CONTENT="Paradise," HEIGHT="67" WIDTH="293" VPOS="1854" HPOS="793"/>
<SP HEIGHT="67" WIDTH="38" VPOS="1854" HPOS="1087"/>
<String CONTENT="by" HEIGHT="67" WIDTH="74" VPOS="1854" HPOS="1126"/>
<SP HEIGHT="69" WIDTH="39" VPOS="1852" HPOS="1201"/>
<String CS="1" CONTENT="Stuart" HEIGHT="55" WIDTH="202" VPOS="1852" HPOS="1241"/>
<SP HEIGHT="52" WIDTH="38" VPOS="1854" HPOS="1444"/>
<String CONTENT="Martin." HEIGHT="51" WIDTH="235" VPOS="1854" HPOS="1483"/>
<SP HEIGHT="51" WIDTH="74" VPOS="1854" HPOS="1719"/>
<String CONTENT="London," HEIGHT="68" WIDTH="261" VPOS="1854" HPOS="1794"/>
<SP HEIGHT="69" WIDTH="39" VPOS="1853" HPOS="2056"/>
<String CONTENT="Selwyn" HEIGHT="70" WIDTH="229" VPOS="1853" HPOS="2096"/>
</TextLine>
<TextLine HEIGHT="68" WIDTH="649" VPOS="1933" HPOS="319">
<String CONTENT="&amp;" HEIGHT="49" WIDTH="45" VPOS="1937" HPOS="319"/>
<SP HEIGHT="52" WIDTH="27" VPOS="1934" HPOS="365"/>
<String CONTENT="Blount," HEIGHT="67" WIDTH="236" VPOS="1934" HPOS="393"/>
<SP HEIGHT="67" WIDTH="24" VPOS="1934" HPOS="630"/>
<String CONTENT="ltd." HEIGHT="53" WIDTH="104" VPOS="1933" HPOS="655"/>
<SP HEIGHT="34" WIDTH="35" VPOS="1966" HPOS="760"/>
<String CONTENT="[1928]" HEIGHT="65" WIDTH="172" VPOS="1935" HPOS="796"/>
</TextLine>
<TextLine HEIGHT="50" WIDTH="337" VPOS="2016" HPOS="381" STYLEREFS="StyleId-8B02C605-56A0-4A48-8B47-B7F7F8E7E446-" CS="1">
<String CONTENT="286" HEIGHT="40" WIDTH="88" VPOS="2017" HPOS="381"/>
<SP HEIGHT="48" WIDTH="26" VPOS="2018" HPOS="470"/>
<String CONTENT="p." HEIGHT="38" WIDTH="43" VPOS="2028" HPOS="497"/>
<SP HEIGHT="39" WIDTH="60" VPOS="2019" HPOS="541"/>
<String CONTENT="19" HEIGHT="41" WIDTH="55" VPOS="2016" HPOS="602"/>
<String STYLE="superscript" CS="1" CONTENT="&#7580;&#7504;"/>
<String CONTENT="." HEIGHT="8" WIDTH="9" VPOS="2049" HPOS="709"/>
</TextLine>
<TextLine HEIGHT="109" WIDTH="1988" VPOS="2084" HPOS="319" STYLEREFS="StyleId-8B02C605-56A0-4A48-8B47-B7F7F8E7E446-" CS="1">
<String CONTENT="&#169;" HEIGHT="52" WIDTH="51" VPOS="2084" HPOS="319"/>
<SP HEIGHT="52" WIDTH="27" VPOS="2084" HPOS="371"/>
<String CS="1" CONTENT="1c."/>
<SP HEIGHT="40" WIDTH="26" VPOS="2089" HPOS="467"/>
<String CS="1" CONTENT="May" HEIGHT="38" WIDTH="80" VPOS="2089" HPOS="494"/>
<SP HEIGHT="38" WIDTH="25" VPOS="2089" HPOS="610"/>
<String CS="1" CONTENT="18," HEIGHT="40" WIDTH="54" VPOS="2088" HPOS="636"/>
<SP/>
<String CS="1" CONTENT="1928;" HEIGHT="47" WIDTH="84" VPOS="2087" HPOS="791"/>
<SP HEIGHT="48" WIDTH="27" VPOS="2086" HPOS="876"/>
<!-- cceid 1FDB7034-6CB2-1014-A20E-B9D6251C946A --><String CONTENT="A" HEIGHT="39" WIDTH="42" VPOS="2086" HPOS="904"/>
<SP HEIGHT="39" WIDTH="24" VPOS="2086" HPOS="947"/>
<String CONTENT="ad" HEIGHT="38" WIDTH="63" VPOS="2088" HPOS="972"/>
<SP HEIGHT="40" WIDTH="25" VPOS="2086" HPOS="1036"/>
<String CONTENT="int." HEIGHT="40" WIDTH="86" VPOS="2086" HPOS="1062"/>
<SP HEIGHT="39" WIDTH="27" VPOS="2087" HPOS="1149"/>
<String CONTENT="11088;" HEIGHT="47" WIDTH="171" VPOS="2085" HPOS="1177"/>
<SP HEIGHT="37" WIDTH="29" VPOS="2096" HPOS="1349"/>
<String CONTENT="pubd." HEIGHT="47" WIDTH="143" VPOS="2086" HPOS="1379"/>
<SP HEIGHT="39" WIDTH="28" VPOS="2087" HPOS="1523"/>
<String CONTENT="Mar." HEIGHT="40" WIDTH="123" VPOS="2087" HPOS="1552"/>
<SP HEIGHT="41" WIDTH="26" VPOS="2086" HPOS="1676"/>
<String CONTENT="22;" HEIGHT="47" WIDTH="83" VPOS="2086" HPOS="1703"/>
<SP HEIGHT="47" WIDTH="33" VPOS="2086" HPOS="1787"/>
<String CONTENT="S." HEIGHT="40" WIDTH="44" VPOS="2086" HPOS="1821"/>
<SP HEIGHT="39" WIDTH="29" VPOS="2087" HPOS="1866"/>
<String CONTENT="Martin," HEIGHT="48" WIDTH="199" VPOS="2086" HPOS="1896"/>
<SP HEIGHT="47" WIDTH="28" VPOS="2087" HPOS="2096"/>
<String CONTENT="Helensburgh," HEIGHT="106" WIDTH="1922" VPOS="2087" HPOS="385"/>
</TextLine>
<TextLine HEIGHT="49" WIDTH="597" VPOS="2143" HPOS="592" STYLEREFS="StyleId-8B02C605-56A0-4A48-8B47-B7F7F8E7E446-">
<String CONTENT="Scotland." HEIGHT="41" WIDTH="244" VPOS="2144" HPOS="592"/>
<SP HEIGHT="48" WIDTH="70" VPOS="2143" HPOS="837"/>
<String CONTENT="(28-13564)" HEIGHT="49" WIDTH="281" VPOS="2143" HPOS="908"/>
</TextLine>
<TextLine HEIGHT="65" WIDTH="842" VPOS="2250" HPOS="317">
<String LANG="en-US" CONTENT="Moreux," HEIGHT="60" WIDTH="266" VPOS="2255" HPOS="317"/>
<SP HEIGHT="62" WIDTH="29" VPOS="2253" HPOS="584"/>
<String LANG="fr" CONTENT="Th&#233;ophile," HEIGHT="65" WIDTH="339" VPOS="2250" HPOS="614"/>
<SP HEIGHT="59" WIDTH="32" VPOS="2255" HPOS="954"/>
<String LANG="en-US" CONTENT="1867-" HEIGHT="53" WIDTH="172" VPOS="2250" HPOS="987"/>
</TextLine>
<TextLine HEIGHT="70" WIDTH="1874" VPOS="2328" HPOS="450" LANG="fr" CS="1">
<String LANG="en-US" CS="1" CONTENT="&#8230;"/>
<SP HEIGHT="51" WIDTH="34" VPOS="2332" HPOS="450"/>
<String CONTENT="Le" HEIGHT="51" WIDTH="80" VPOS="2332" HPOS="485"/>
<SP HEIGHT="33" WIDTH="29" VPOS="2350" HPOS="566"/>
<String CONTENT="ciel" HEIGHT="52" WIDTH="103" VPOS="2331" HPOS="596"/>
<SP HEIGHT="51" WIDTH="31" VPOS="2331" HPOS="700"/>
<String CONTENT="et" HEIGHT="46" WIDTH="55" VPOS="2336" HPOS="732"/>
<SP HEIGHT="51" WIDTH="28" VPOS="2331" HPOS="788"/>
<String CONTENT="l&#8217;univers," HEIGHT="68" WIDTH="289" VPOS="2329" HPOS="817"/>
<SP HEIGHT="50" WIDTH="28" VPOS="2348" HPOS="1107"/>
<String CONTENT="par" HEIGHT="50" WIDTH="106" VPOS="2348" HPOS="1136"/>
<SP HEIGHT="51" WIDTH="29" VPOS="2330" HPOS="1243"/>
<String CONTENT="l&#8217;abb&#233;" HEIGHT="53" WIDTH="181" VPOS="2328" HPOS="1273"/>
<SP HEIGHT="51" WIDTH="31" VPOS="2330" HPOS="1455"/>
<String CONTENT="Th." HEIGHT="51" WIDTH="106" VPOS="2330" HPOS="1487"/>
<SP HEIGHT="52" WIDTH="30" VPOS="2329" HPOS="1594"/>
<String CONTENT="Moreux" HEIGHT="52" WIDTH="242" VPOS="2329" HPOS="1625"/>
<SP HEIGHT="34" WIDTH="36" VPOS="2348" HPOS="1868"/>
<String CS="1" CONTENT="&#8230;"/>
<SP HEIGHT="52" WIDTH="77" VPOS="2330" HPOS="1962"/>
<String CONTENT="Avec" HEIGHT="53" WIDTH="151" VPOS="2330" HPOS="2040"/>
<SP HEIGHT="49" WIDTH="32" VPOS="2334" HPOS="2192"/>
<String CONTENT="595" HEIGHT="50" WIDTH="99" VPOS="2333" HPOS="2225"/>
</TextLine>
<TextLine HEIGHT="71" WIDTH="2004" VPOS="2408" HPOS="317" LANG="fr" CS="1">
<String CONTENT="figures" HEIGHT="69" WIDTH="210" VPOS="2410" HPOS="317"/>
<SP HEIGHT="53" WIDTH="33" VPOS="2410" HPOS="528"/>
<String CONTENT="dans" HEIGHT="52" WIDTH="142" VPOS="2410" HPOS="562"/>
<SP HEIGHT="51" WIDTH="33" VPOS="2410" HPOS="705"/>
<String CONTENT="le" HEIGHT="51" WIDTH="50" VPOS="2410" HPOS="739"/>
<SP HEIGHT="45" WIDTH="33" VPOS="2416" HPOS="790"/>
<String CONTENT="texte" HEIGHT="47" WIDTH="152" VPOS="2414" HPOS="824"/>
<SP HEIGHT="33" WIDTH="33" VPOS="2427" HPOS="977"/>
<String CONTENT="et" HEIGHT="46" WIDTH="55" VPOS="2414" HPOS="1011"/>
<SP HEIGHT="46" WIDTH="32" VPOS="2414" HPOS="1067"/>
<String CS="1" CONTENT="XXIV"/>
<SP HEIGHT="50" WIDTH="31" VPOS="2426" HPOS="1248"/>
<String CONTENT="planches" HEIGHT="68" WIDTH="271" VPOS="2408" HPOS="1280"/>
<SP HEIGHT="33" WIDTH="35" VPOS="2427" HPOS="1552"/>
<String CONTENT="en" HEIGHT="34" WIDTH="68" VPOS="2426" HPOS="1588"/>
<SP HEIGHT="34" WIDTH="35" VPOS="2426" HPOS="1657"/>
<String CONTENT="couleurs" HEIGHT="53" WIDTH="256" VPOS="2408" HPOS="1693"/>
<SP HEIGHT="51" WIDTH="33" VPOS="2410" HPOS="1950"/>
<String CONTENT="hors" HEIGHT="52" WIDTH="134" VPOS="2410" HPOS="1984"/>
<SP HEIGHT="47" WIDTH="35" VPOS="2415" HPOS="2119"/>
<String CONTENT="texte." HEIGHT="47" WIDTH="166" VPOS="2414" HPOS="2155"/>
</TextLine>
<TextLine HEIGHT="69" WIDTH="837" VPOS="2487" HPOS="316" LANG="fr" CS="1">
<String CONTENT="Paris," HEIGHT="68" WIDTH="187" VPOS="2488" HPOS="316"/>
<SP HEIGHT="69" WIDTH="25" VPOS="2487" HPOS="504"/>
<String CONTENT="G." HEIGHT="55" WIDTH="68" VPOS="2487" HPOS="530"/>
<SP HEIGHT="52" WIDTH="26" VPOS="2488" HPOS="599"/>
<String CONTENT="Doin" HEIGHT="52" WIDTH="156" VPOS="2487" HPOS="626"/>
<SP HEIGHT="34" WIDTH="25" VPOS="2505" HPOS="783"/>
<String CONTENT="et" HEIGHT="47" WIDTH="56" VPOS="2492" HPOS="809"/>
<SP HEIGHT="47" WIDTH="23" VPOS="2492" HPOS="866"/>
<String CONTENT="c" HEIGHT="33" WIDTH="27" VPOS="2506" HPOS="890"/>
<String LANG="en-US" CS="1" CONTENT="&#8305;&#7497;"/>
<String CONTENT="," HEIGHT="25" WIDTH="13" VPOS="2529" HPOS="961"/>
<SP HEIGHT="65" WIDTH="26" VPOS="2489" HPOS="975"/>
<String CONTENT="1928." HEIGHT="50" WIDTH="151" VPOS="2489" HPOS="1002"/>
</TextLine>
<TextLine HEIGHT="50" WIDTH="1933" VPOS="2568" HPOS="388" STYLEREFS="StyleId-8B02C605-56A0-4A48-8B47-B7F7F8E7E446-" LANG="fr" CS="1">
<String CONTENT="2" HEIGHT="38" WIDTH="26" VPOS="2572" HPOS="388"/>
<SP HEIGHT="46" WIDTH="35" VPOS="2572" HPOS="415"/>
<String CONTENT="p." HEIGHT="37" WIDTH="44" VPOS="2581" HPOS="451"/>
<SP HEIGHT="40" WIDTH="33" VPOS="2571" HPOS="496"/>
<String CS="1" CONTENT="l.," HEIGHT="16" WIDTH="9" VPOS="2601" HPOS="565"/>
<SP HEIGHT="47" WIDTH="34" VPOS="2570" HPOS="575"/>
<String CONTENT="634" HEIGHT="39" WIDTH="85" VPOS="2570" HPOS="610"/>
<SP HEIGHT="46" WIDTH="32" VPOS="2571" HPOS="696"/>
<String CONTENT="p." HEIGHT="37" WIDTH="44" VPOS="2580" HPOS="729"/>
<SP HEIGHT="41" WIDTH="34" VPOS="2569" HPOS="774"/>
<String CONTENT="incl." HEIGHT="41" WIDTH="110" VPOS="2569" HPOS="809"/>
<SP HEIGHT="41" WIDTH="35" VPOS="2569" HPOS="920"/>
<String CONTENT="illus." HEIGHT="40" WIDTH="128" VPOS="2569" HPOS="956"/>
<SP HEIGHT="48" WIDTH="27" VPOS="2568" HPOS="1085"/>
<String CONTENT="(incl." HEIGHT="48" WIDTH="134" VPOS="2568" HPOS="1113"/>
<SP HEIGHT="37" WIDTH="34" VPOS="2579" HPOS="1248"/>
<String CONTENT="ports.)" HEIGHT="47" WIDTH="176" VPOS="2569" HPOS="1283"/>
<SP HEIGHT="47" WIDTH="44" VPOS="2569" HPOS="1460"/>
<String LANG="en-US" CONTENT="maps," HEIGHT="38" WIDTH="151" VPOS="2578" HPOS="1505"/>
<SP HEIGHT="47" WIDTH="38" VPOS="2569" HPOS="1657"/>
<String CONTENT="diagrs." HEIGHT="48" WIDTH="180" VPOS="2568" HPOS="1696"/>
<SP HEIGHT="31" WIDTH="62" VPOS="2578" HPOS="1877"/>
<String CS="1" CONTENT="XXIV"/>
<SP HEIGHT="37" WIDTH="35" VPOS="2579" HPOS="2060"/>
<String CONTENT="pl." HEIGHT="47" WIDTH="62" VPOS="2569" HPOS="2096"/>
<SP HEIGHT="46" WIDTH="27" VPOS="2570" HPOS="2159"/>
<String CONTENT="(part" HEIGHT="47" WIDTH="134" VPOS="2570" HPOS="2187"/>
</TextLine>
<TextLine HEIGHT="51" WIDTH="579" VPOS="2625" HPOS="317" STYLEREFS="StyleId-8B02C605-56A0-4A48-8B47-B7F7F8E7E446-" LANG="fr" CS="1">
<String CONTENT="col.," HEIGHT="47" WIDTH="101" VPOS="2629" HPOS="317"/>
<SP HEIGHT="48" WIDTH="31" VPOS="2628" HPOS="419"/>
<String CONTENT="1" HEIGHT="38" WIDTH="21" VPOS="2628" HPOS="451"/>
<SP HEIGHT="39" WIDTH="34" VPOS="2628" HPOS="473"/>
<String CONTENT="double)" HEIGHT="48" WIDTH="199" VPOS="2627" HPOS="508"/>
<SP HEIGHT="49" WIDTH="69" VPOS="2626" HPOS="708"/>
<String CONTENT="30" HEIGHT="41" WIDTH="56" VPOS="2625" HPOS="778"/>
<String STYLE="superscript" CS="1" CONTENT="&#7580;&#7504;"/>
<String CONTENT="." HEIGHT="9" WIDTH="9" VPOS="2658" HPOS="887"/>
</TextLine>
<TextLine HEIGHT="42" WIDTH="1071" VPOS="2696" HPOS="384" STYLEREFS="StyleId-8B02C605-56A0-4A48-8B47-B7F7F8E7E446-" CS="1">
<String LANG="en-US" CONTENT="At" HEIGHT="39" WIDTH="65" VPOS="2699" HPOS="384"/>
<SP HEIGHT="40" WIDTH="25" VPOS="2698" HPOS="450"/>
<String LANG="en-US" CONTENT="head" HEIGHT="39" WIDTH="123" VPOS="2698" HPOS="476"/>
<SP HEIGHT="38" WIDTH="28" VPOS="2699" HPOS="600"/>
<String LANG="en-US" CONTENT="of" HEIGHT="40" WIDTH="51" VPOS="2697" HPOS="629"/>
<SP HEIGHT="40" WIDTH="26" VPOS="2697" HPOS="681"/>
<String LANG="en-US" CS="1" CONTENT="title:" HEIGHT="40" WIDTH="109" VPOS="2697" HPOS="708"/>
<SP/>
<String LANG="fr" CONTENT="Astronomie" HEIGHT="41" WIDTH="309" VPOS="2696" HPOS="874"/>
<SP HEIGHT="30" WIDTH="25" VPOS="2707" HPOS="1184"/>
<String LANG="fr" CONTENT="moderne." HEIGHT="41" WIDTH="245" VPOS="2697" HPOS="1210"/>
</TextLine>
<TextLine HEIGHT="52" WIDTH="2004" VPOS="2765" HPOS="318" STYLEREFS="StyleId-8B02C605-56A0-4A48-8B47-B7F7F8E7E446-" CS="1">
<String LANG="fr" CONTENT="&#169;" HEIGHT="52" WIDTH="51" VPOS="2765" HPOS="318"/>
<SP HEIGHT="52" WIDTH="30" VPOS="2765" HPOS="370"/>
<String LANG="en-US" CONTENT="Nov." HEIGHT="39" WIDTH="119" VPOS="2770" HPOS="401"/>
<SP HEIGHT="40" WIDTH="30" VPOS="2769" HPOS="521"/>
<String LANG="fr" CONTENT="25," HEIGHT="46" WIDTH="69" VPOS="2769" HPOS="552"/>
<SP HEIGHT="45" WIDTH="31" VPOS="2770" HPOS="622"/>
<String LANG="fr" CS="1" CONTENT="1927;" HEIGHT="40" WIDTH="114" VPOS="2768" HPOS="654"/>
<SP/>
<String LANG="fr" CS="1" CONTENT="1c."/>
<SP HEIGHT="40" WIDTH="31" VPOS="2768" HPOS="897"/>
<String LANG="en-US" CONTENT="Feb." HEIGHT="40" WIDTH="112" VPOS="2768" HPOS="929"/>
<SP HEIGHT="40" WIDTH="30" VPOS="2768" HPOS="1042"/>
<String LANG="fr" CONTENT="24," HEIGHT="46" WIDTH="70" VPOS="2768" HPOS="1073"/>
<SP HEIGHT="45" WIDTH="31" VPOS="2769" HPOS="1144"/>
<String LANG="fr" CS="1" CONTENT="1928;" HEIGHT="40" WIDTH="115" VPOS="2767" HPOS="1176"/>
<SP/>
<!-- cceid 1FDBF8B1-6CB2-1014-A20E-B9D6251C946A --><String LANG="fr" CONTENT="A&#8212;" HEIGHT="38" WIDTH="101" VPOS="2768" HPOS="1353"/>
<String LANG="en-US" CONTENT="Foreign" HEIGHT="48" WIDTH="208" VPOS="2767" HPOS="1458"/>
<SP HEIGHT="40" WIDTH="30" VPOS="2767" HPOS="1667"/>
<String LANG="fr" CS="1" CONTENT="37658;" HEIGHT="40" WIDTH="145" VPOS="2767" HPOS="1698"/>
<SP/>
<String LANG="fr" CONTENT="Gaston" HEIGHT="40" WIDTH="186" VPOS="2767" HPOS="1907"/>
<SP HEIGHT="38" WIDTH="31" VPOS="2768" HPOS="2094"/>
<String LANG="fr" CONTENT="Doin" HEIGHT="39" WIDTH="126" VPOS="2767" HPOS="2126"/>
<SP HEIGHT="40" WIDTH="31" VPOS="2768" HPOS="2253"/>
<String LANG="fr" CONTENT="&amp;" HEIGHT="40" WIDTH="37" VPOS="2768" HPOS="2285"/>
</TextLine>
<TextLine HEIGHT="49" WIDTH="438" VPOS="2824" HPOS="386" STYLEREFS="StyleId-8B02C605-56A0-4A48-8B47-B7F7F8E7E446-">
<String LANG="la" CONTENT="cie." HEIGHT="40" WIDTH="86" VPOS="2826" HPOS="386"/>
<SP HEIGHT="47" WIDTH="70" VPOS="2826" HPOS="473"/>
<String LANG="fr" CONTENT="(28-13108)" HEIGHT="49" WIDTH="280" VPOS="2824" HPOS="544"/>
</TextLine>
<TextLine HEIGHT="148" WIDTH="1977" VPOS="2931" HPOS="320" CS="1">
<String CONTENT="The" HEIGHT="52" WIDTH="122" VPOS="2934" HPOS="320"/>
<SP HEIGHT="53" WIDTH="31" VPOS="2933" HPOS="443"/>
<String CONTENT="Netherlands" HEIGHT="53" WIDTH="406" VPOS="2932" HPOS="475"/>
<SP HEIGHT="36" WIDTH="32" VPOS="2949" HPOS="882"/>
<String CONTENT="and" HEIGHT="52" WIDTH="110" VPOS="2933" HPOS="915"/>
<SP HEIGHT="52" WIDTH="35" VPOS="2933" HPOS="1026"/>
<String CONTENT="the" HEIGHT="51" WIDTH="95" VPOS="2933" HPOS="1062"/>
<SP HEIGHT="33" WIDTH="33" VPOS="2951" HPOS="1158"/>
<String CONTENT="world" HEIGHT="52" WIDTH="181" VPOS="2933" HPOS="1192"/>
<SP HEIGHT="51" WIDTH="30" VPOS="2933" HPOS="1374"/>
<String CONTENT="war;" HEIGHT="48" WIDTH="146" VPOS="2950" HPOS="1405"/>
<SP HEIGHT="47" WIDTH="34" VPOS="2951" HPOS="1552"/>
<String CONTENT="studies" HEIGHT="54" WIDTH="216" VPOS="2931" HPOS="1587"/>
<SP HEIGHT="52" WIDTH="29" VPOS="2933" HPOS="1804"/>
<String CONTENT="in" HEIGHT="51" WIDTH="60" VPOS="2933" HPOS="1834"/>
<SP HEIGHT="47" WIDTH="32" VPOS="2938" HPOS="1895"/>
<String CONTENT="the" HEIGHT="52" WIDTH="95" VPOS="2933" HPOS="1928"/>
<SP HEIGHT="34" WIDTH="35" VPOS="2951" HPOS="2024"/>
<String CONTENT="war" HEIGHT="33" WIDTH="118" VPOS="2951" HPOS="2060"/>
<SP HEIGHT="53" WIDTH="28" VPOS="2931" HPOS="2179"/>
<String CONTENT="history" HEIGHT="148" WIDTH="1913" VPOS="2931" HPOS="384"/>
</TextLine>
<TextLine HEIGHT="71" WIDTH="1774" VPOS="3009" HPOS="547" CS="1">
<String CONTENT="of" HEIGHT="52" WIDTH="64" VPOS="3010" HPOS="547"/>
<SP HEIGHT="53" WIDTH="32" VPOS="3010" HPOS="612"/>
<String CONTENT="a" HEIGHT="33" WIDTH="30" VPOS="3030" HPOS="645"/>
<SP HEIGHT="34" WIDTH="32" VPOS="3029" HPOS="676"/>
<String CONTENT="neutral," HEIGHT="67" WIDTH="243" VPOS="3011" HPOS="709"/>
<SP HEIGHT="49" WIDTH="33" VPOS="3029" HPOS="953"/>
<String CONTENT="volume" HEIGHT="52" WIDTH="224" VPOS="3011" HPOS="987"/>
<SP HEIGHT="35" WIDTH="31" VPOS="3028" HPOS="1212"/>
<String CS="1" CONTENT="II." HEIGHT="9" WIDTH="9" VPOS="3053" HPOS="1297"/>
<SP HEIGHT="51" WIDTH="68" VPOS="3011" HPOS="1307"/>
<String CONTENT="The" HEIGHT="52" WIDTH="121" VPOS="3011" HPOS="1376"/>
<SP HEIGHT="34" WIDTH="31" VPOS="3029" HPOS="1498"/>
<String CONTENT="manufacturing" HEIGHT="71" WIDTH="475" VPOS="3009" HPOS="1530"/>
<SP HEIGHT="70" WIDTH="30" VPOS="3010" HPOS="2006"/>
<String CONTENT="industry," HEIGHT="69" WIDTH="284" VPOS="3010" HPOS="2037"/>
</TextLine>
<TextLine HEIGHT="71" WIDTH="1931" VPOS="3087" HPOS="384" CS="1">
<String CONTENT="by" HEIGHT="70" WIDTH="75" VPOS="3088" HPOS="384"/>
<SP HEIGHT="70" WIDTH="26" VPOS="3088" HPOS="460"/>
<String CS="1" CONTENT="C."/>
<SP HEIGHT="53" WIDTH="26" VPOS="3089" HPOS="550"/>
<String LANG="fr" CONTENT="J." HEIGHT="53" WIDTH="57" VPOS="3089" HPOS="577"/>
<SP HEIGHT="51" WIDTH="26" VPOS="3090" HPOS="635"/>
<String CONTENT="P." HEIGHT="51" WIDTH="65" VPOS="3090" HPOS="662"/>
<SP HEIGHT="51" WIDTH="26" VPOS="3090" HPOS="728"/>
<String CONTENT="Zaalberg" HEIGHT="68" WIDTH="277" VPOS="3089" HPOS="755"/>
<SP HEIGHT="50" WIDTH="26" VPOS="3107" HPOS="1033"/>
<String CS="1" CONTENT="&#8230;"/>
<SP HEIGHT="55" WIDTH="67" VPOS="3087" HPOS="1117"/>
<String CONTENT="Commerce" HEIGHT="55" WIDTH="327" VPOS="3087" HPOS="1185"/>
<SP HEIGHT="34" WIDTH="24" VPOS="3107" HPOS="1513"/>
<String CONTENT="and" HEIGHT="52" WIDTH="112" VPOS="3089" HPOS="1538"/>
<SP HEIGHT="52" WIDTH="25" VPOS="3089" HPOS="1651"/>
<String CONTENT="navigation," HEIGHT="68" WIDTH="354" VPOS="3089" HPOS="1677"/>
<SP HEIGHT="65" WIDTH="23" VPOS="3089" HPOS="2032"/>
<String CONTENT="by" HEIGHT="68" WIDTH="75" VPOS="3089" HPOS="2056"/>
<SP HEIGHT="68" WIDTH="26" VPOS="3089" HPOS="2132"/>
<String LANG="la" CONTENT="E." HEIGHT="52" WIDTH="67" VPOS="3089" HPOS="2159"/>
<SP HEIGHT="52" WIDTH="26" VPOS="3089" HPOS="2227"/>
<String CONTENT="P." HEIGHT="52" WIDTH="61" VPOS="3089" HPOS="2254"/>
</TextLine>
<TextLine HEIGHT="70" WIDTH="1936" VPOS="3165" HPOS="384" CS="1">
<String LANG="de" CONTENT="De" HEIGHT="52" WIDTH="87" VPOS="3167" HPOS="384"/>
<SP HEIGHT="52" WIDTH="26" VPOS="3167" HPOS="472"/>
<String LANG="de" CS="1" CONTENT="Monchy" HEIGHT="52" WIDTH="210" VPOS="3167" HPOS="499"/>
<SP HEIGHT="33" WIDTH="33" VPOS="3185" HPOS="750"/>
<String LANG="en-US" CS="1" CONTENT="&#8230;"/>
<SP HEIGHT="51" WIDTH="67" VPOS="3167" HPOS="840"/>
<String LANG="en-US" CONTENT="The" HEIGHT="52" WIDTH="121" VPOS="3167" HPOS="908"/>
<SP HEIGHT="53" WIDTH="25" VPOS="3166" HPOS="1030"/>
<String LANG="en-US" CONTENT="housing" HEIGHT="69" WIDTH="247" VPOS="3165" HPOS="1056"/>
<SP HEIGHT="50" WIDTH="27" VPOS="3184" HPOS="1304"/>
<String LANG="en-US" CONTENT="problem," HEIGHT="67" WIDTH="274" VPOS="3166" HPOS="1332"/>
<SP HEIGHT="66" WIDTH="25" VPOS="3166" HPOS="1607"/>
<String LANG="en-US" CONTENT="by" HEIGHT="69" WIDTH="75" VPOS="3166" HPOS="1633"/>
<SP HEIGHT="68" WIDTH="27" VPOS="3167" HPOS="1709"/>
<String LANG="fr" CONTENT="Dr." HEIGHT="52" WIDTH="104" VPOS="3167" HPOS="1737"/>
<SP HEIGHT="52" WIDTH="26" VPOS="3167" HPOS="1842"/>
<String LANG="fr" CONTENT="H." HEIGHT="52" WIDTH="77" VPOS="3167" HPOS="1869"/>
<SP HEIGHT="54" WIDTH="28" VPOS="3166" HPOS="1947"/>
<String LANG="en-US" CONTENT="J." HEIGHT="54" WIDTH="55" VPOS="3166" HPOS="1976"/>
<SP HEIGHT="52" WIDTH="30" VPOS="3167" HPOS="2032"/>
<String LANG="en-US" CONTENT="Romeyn" HEIGHT="68" WIDTH="257" VPOS="3167" HPOS="2063"/>
</TextLine>
<TextLine HEIGHT="70" WIDTH="1812" VPOS="3243" HPOS="446" CS="1">
<String LANG="en-US" CS="1" CONTENT="&#8230;"/>
<SP HEIGHT="51" WIDTH="69" VPOS="3245" HPOS="446"/>
<String LANG="en-US" CONTENT="Food" HEIGHT="52" WIDTH="161" VPOS="3245" HPOS="516"/>
<SP HEIGHT="52" WIDTH="26" VPOS="3245" HPOS="678"/>
<String LANG="en-US" CONTENT="supply" HEIGHT="69" WIDTH="212" VPOS="3244" HPOS="705"/>
<SP HEIGHT="51" WIDTH="27" VPOS="3262" HPOS="918"/>
<String LANG="en-US" CONTENT="and" HEIGHT="52" WIDTH="112" VPOS="3244" HPOS="946"/>
<SP HEIGHT="52" WIDTH="28" VPOS="3244" HPOS="1059"/>
<String LANG="en-US" CONTENT="agriculture," HEIGHT="69" WIDTH="368" VPOS="3243" HPOS="1088"/>
<SP HEIGHT="67" WIDTH="25" VPOS="3243" HPOS="1457"/>
<String LANG="en-US" CONTENT="by" HEIGHT="69" WIDTH="75" VPOS="3243" HPOS="1483"/>
<SP HEIGHT="68" WIDTH="26" VPOS="3244" HPOS="1559"/>
<String LANG="en-US" CONTENT="Dr." HEIGHT="52" WIDTH="104" VPOS="3244" HPOS="1586"/>
<SP HEIGHT="51" WIDTH="27" VPOS="3245" HPOS="1691"/>
<String LANG="la" CONTENT="F." HEIGHT="51" WIDTH="66" VPOS="3245" HPOS="1719"/>
<SP HEIGHT="52" WIDTH="27" VPOS="3244" HPOS="1786"/>
<String LANG="la" CONTENT="E." HEIGHT="52" WIDTH="68" VPOS="3244" HPOS="1814"/>
<SP HEIGHT="51" WIDTH="26" VPOS="3245" HPOS="1883"/>
<String LANG="la" CONTENT="Posthuma" HEIGHT="53" WIDTH="317" VPOS="3244" HPOS="1910"/>
<SP HEIGHT="34" WIDTH="30" VPOS="3263" HPOS="2228"/>
<String LANG="en-US" CS="1" CONTENT="&#8230;"/>
</TextLine>
<TextLine HEIGHT="69" WIDTH="1933" VPOS="3321" HPOS="385">
<String CONTENT="The" HEIGHT="52" WIDTH="122" VPOS="3323" HPOS="385"/>
<SP HEIGHT="34" WIDTH="21" VPOS="3341" HPOS="508"/>
<String CONTENT="cost" HEIGHT="47" WIDTH="119" VPOS="3328" HPOS="530"/>
<SP HEIGHT="46" WIDTH="21" VPOS="3328" HPOS="650"/>
<String CONTENT="of" HEIGHT="53" WIDTH="64" VPOS="3321" HPOS="672"/>
<SP HEIGHT="52" WIDTH="22" VPOS="3321" HPOS="737"/>
<String CONTENT="living," HEIGHT="69" WIDTH="202" VPOS="3321" HPOS="760"/>
<SP HEIGHT="49" WIDTH="23" VPOS="3340" HPOS="963"/>
<String CONTENT="prices," HEIGHT="68" WIDTH="200" VPOS="3321" HPOS="987"/>
<SP HEIGHT="48" WIDTH="24" VPOS="3340" HPOS="1188"/>
<String CONTENT="and" HEIGHT="52" WIDTH="113" VPOS="3321" HPOS="1213"/>
<SP HEIGHT="52" WIDTH="24" VPOS="3321" HPOS="1327"/>
<String CONTENT="wages," HEIGHT="51" WIDTH="203" VPOS="3339" HPOS="1352"/>
<SP HEIGHT="67" WIDTH="19" VPOS="3321" HPOS="1556"/>
<String CONTENT="by" HEIGHT="69" WIDTH="76" VPOS="3321" HPOS="1576"/>
<SP HEIGHT="67" WIDTH="22" VPOS="3323" HPOS="1653"/>
<String CONTENT="Professor" HEIGHT="53" WIDTH="304" VPOS="3321" HPOS="1676"/>
<SP HEIGHT="51" WIDTH="18" VPOS="3323" HPOS="1981"/>
<String LANG="fr" CONTENT="Dr." HEIGHT="52" WIDTH="104" VPOS="3323" HPOS="2000"/>
<SP HEIGHT="52" WIDTH="24" VPOS="3323" HPOS="2105"/>
<String LANG="fr" CONTENT="H." HEIGHT="52" WIDTH="77" VPOS="3323" HPOS="2130"/>
<SP HEIGHT="54" WIDTH="20" VPOS="3322" HPOS="2208"/>
<String CONTENT="W." HEIGHT="54" WIDTH="89" VPOS="3322" HPOS="2229"/>
</TextLine>
<TextLine HEIGHT="70" WIDTH="1936" VPOS="3398" HPOS="383" CS="1">
<String CONTENT="Methorst" HEIGHT="53" WIDTH="286" VPOS="3400" HPOS="383"/>
<SP HEIGHT="46" WIDTH="43" VPOS="3406" HPOS="670"/>
<String CS="1" CONTENT="&#8230;"/>
<SP HEIGHT="53" WIDTH="78" VPOS="3400" HPOS="770"/>
<String CONTENT="New" HEIGHT="53" WIDTH="139" VPOS="3400" HPOS="849"/>
<SP HEIGHT="52" WIDTH="36" VPOS="3399" HPOS="989"/>
<String CONTENT="Haven," HEIGHT="66" WIDTH="226" VPOS="3399" HPOS="1026"/>
<SP HEIGHT="67" WIDTH="38" VPOS="3398" HPOS="1253"/>
<String CONTENT="Yale" HEIGHT="53" WIDTH="145" VPOS="3398" HPOS="1292"/>
<SP HEIGHT="34" WIDTH="36" VPOS="3417" HPOS="1438"/>
<String CONTENT="university" HEIGHT="69" WIDTH="317" VPOS="3399" HPOS="1475"/>
<SP HEIGHT="50" WIDTH="40" VPOS="3418" HPOS="1793"/>
<String CONTENT="press;" HEIGHT="49" WIDTH="185" VPOS="3418" HPOS="1834"/>
<SP HEIGHT="66" WIDTH="39" VPOS="3400" HPOS="2020"/>
<String CONTENT="London," HEIGHT="67" WIDTH="259" VPOS="3400" HPOS="2060"/>
</TextLine>
<TextLine HEIGHT="132" WIDTH="1910" VPOS="3476" HPOS="383" CS="1">
<String CONTENT="H." HEIGHT="53" WIDTH="78" VPOS="3478" HPOS="383"/>
<SP HEIGHT="53" WIDTH="39" VPOS="3478" HPOS="462"/>
<String CONTENT="Milford," HEIGHT="67" WIDTH="265" VPOS="3477" HPOS="502"/>
<SP HEIGHT="68" WIDTH="39" VPOS="3476" HPOS="768"/>
<String CONTENT="Oxford" HEIGHT="55" WIDTH="231" VPOS="3476" HPOS="808"/>
<SP HEIGHT="52" WIDTH="38" VPOS="3478" HPOS="1040"/>
<String CONTENT="university" HEIGHT="68" WIDTH="319" VPOS="3476" HPOS="1079"/>
<SP HEIGHT="49" WIDTH="39" VPOS="3495" HPOS="1399"/>
<String CONTENT="press" HEIGHT="49" WIDTH="157" VPOS="3495" HPOS="1439"/>
<SP HEIGHT="53" WIDTH="39" VPOS="3476" HPOS="1597"/>
<String CONTENT="for" HEIGHT="53" WIDTH="94" VPOS="3476" HPOS="1637"/>
<SP HEIGHT="46" WIDTH="35" VPOS="3483" HPOS="1732"/>
<String CONTENT="the" HEIGHT="52" WIDTH="97" VPOS="3478" HPOS="1768"/>
<SP HEIGHT="56" WIDTH="39" VPOS="3476" HPOS="1866"/>
<String CONTENT="Carnegie" HEIGHT="70" WIDTH="280" VPOS="3476" HPOS="1906"/>
<SP HEIGHT="34" WIDTH="37" VPOS="3496" HPOS="2187"/>
<String CONTENT="endowment" HEIGHT="112" WIDTH="1908" VPOS="3496" HPOS="385"/>
</TextLine>
<TextLine HEIGHT="68" WIDTH="1619" VPOS="3553" HPOS="699">
<String CONTENT="for" HEIGHT="53" WIDTH="94" VPOS="3554" HPOS="699"/>
<SP HEIGHT="52" WIDTH="27" VPOS="3554" HPOS="794"/>
<String CONTENT="international" HEIGHT="53" WIDTH="412" VPOS="3554" HPOS="822"/>
<SP HEIGHT="67" WIDTH="25" VPOS="3554" HPOS="1235"/>
<String CONTENT="peace," HEIGHT="49" WIDTH="185" VPOS="3572" HPOS="1261"/>
<SP HEIGHT="67" WIDTH="26" VPOS="3554" HPOS="1447"/>
<String CONTENT="Division" HEIGHT="55" WIDTH="269" VPOS="3553" HPOS="1474"/>
<SP HEIGHT="34" WIDTH="26" VPOS="3573" HPOS="1744"/>
<String CONTENT="of" HEIGHT="53" WIDTH="64" VPOS="3554" HPOS="1771"/>
<SP HEIGHT="53" WIDTH="27" VPOS="3554" HPOS="1836"/>
<String CONTENT="economics" HEIGHT="52" WIDTH="311" VPOS="3556" HPOS="1864"/>
<SP HEIGHT="33" WIDTH="28" VPOS="3575" HPOS="2176"/>
<String CONTENT="and" HEIGHT="53" WIDTH="113" VPOS="3556" HPOS="2205"/>
</TextLine>
<TextLine HEIGHT="66" WIDTH="420" VPOS="3634" HPOS="385">
<String CONTENT="history," HEIGHT="66" WIDTH="240" VPOS="3634" HPOS="385"/>
<SP HEIGHT="63" WIDTH="28" VPOS="3637" HPOS="626"/>
<String CONTENT="1928." HEIGHT="50" WIDTH="150" VPOS="3635" HPOS="655"/>
</TextLine>
<TextLine HEIGHT="51" WIDTH="1931" VPOS="3713" HPOS="385" STYLEREFS="StyleId-8B02C605-56A0-4A48-8B47-B7F7F8E7E446-" CS="1">
<String CONTENT="xvi," HEIGHT="46" WIDTH="96" VPOS="3717" HPOS="385"/>
<SP HEIGHT="46" WIDTH="35" VPOS="3717" HPOS="482"/>
<String CONTENT="371" HEIGHT="40" WIDTH="83" VPOS="3717" HPOS="518"/>
<SP HEIGHT="46" WIDTH="37" VPOS="3718" HPOS="602"/>
<String CONTENT="p." HEIGHT="37" WIDTH="43" VPOS="3727" HPOS="640"/>
<SP HEIGHT="38" WIDTH="65" VPOS="3718" HPOS="684"/>
<String CONTENT="tables" HEIGHT="40" WIDTH="155" VPOS="3715" HPOS="750"/>
<SP HEIGHT="47" WIDTH="27" VPOS="3715" HPOS="906"/>
<String CONTENT="(part" HEIGHT="47" WIDTH="136" VPOS="3715" HPOS="934"/>
<SP HEIGHT="40" WIDTH="33" VPOS="3715" HPOS="1071"/>
<String CONTENT="fold.)" HEIGHT="48" WIDTH="144" VPOS="3713" HPOS="1105"/>
<SP HEIGHT="48" WIDTH="43" VPOS="3713" HPOS="1250"/>
<String CONTENT="diagrs." HEIGHT="48" WIDTH="179" VPOS="3714" HPOS="1294"/>
<SP HEIGHT="39" WIDTH="66" VPOS="3715" HPOS="1474"/>
<String CONTENT="25" HEIGHT="40" WIDTH="55" VPOS="3714" HPOS="1541"/>
<String STYLE="superscript" CS="1" CONTENT="&#7580;&#7504;"/>
<String CONTENT="." HEIGHT="9" WIDTH="9" VPOS="3747" HPOS="1648"/>
<SP HEIGHT="29" WIDTH="66" VPOS="3735" HPOS="1658"/>
<String CONTENT="[Carnegie" HEIGHT="49" WIDTH="252" VPOS="3715" HPOS="1725"/>
<SP HEIGHT="30" WIDTH="33" VPOS="3726" HPOS="1978"/>
<String CONTENT="endowment" HEIGHT="41" WIDTH="304" VPOS="3717" HPOS="2012"/>
</TextLine>
<TextLine HEIGHT="50" WIDTH="2003" VPOS="3769" HPOS="314" STYLEREFS="StyleId-8B02C605-56A0-4A48-8B47-B7F7F8E7E446-">
<String CONTENT="for" HEIGHT="38" WIDTH="78" VPOS="3775" HPOS="314"/>
<SP HEIGHT="39" WIDTH="31" VPOS="3773" HPOS="393"/>
<String CONTENT="international" HEIGHT="40" WIDTH="350" VPOS="3772" HPOS="425"/>
<SP HEIGHT="46" WIDTH="30" VPOS="3773" HPOS="776"/>
<String CONTENT="peace." HEIGHT="38" WIDTH="158" VPOS="3781" HPOS="807"/>
<SP HEIGHT="40" WIDTH="60" VPOS="3771" HPOS="966"/>
<String CONTENT="Division" HEIGHT="41" WIDTH="222" VPOS="3769" HPOS="1027"/>
<SP HEIGHT="29" WIDTH="32" VPOS="3781" HPOS="1250"/>
<String CONTENT="of" HEIGHT="40" WIDTH="52" VPOS="3770" HPOS="1283"/>
<SP HEIGHT="39" WIDTH="29" VPOS="3770" HPOS="1336"/>
<String CONTENT="economics" HEIGHT="41" WIDTH="267" VPOS="3770" HPOS="1366"/>
<SP HEIGHT="30" WIDTH="32" VPOS="3781" HPOS="1634"/>
<String CONTENT="and" HEIGHT="39" WIDTH="95" VPOS="3772" HPOS="1667"/>
<SP HEIGHT="39" WIDTH="31" VPOS="3772" HPOS="1763"/>
<String CONTENT="history." HEIGHT="49" WIDTH="202" VPOS="3770" HPOS="1795"/>
<SP HEIGHT="39" WIDTH="61" VPOS="3773" HPOS="1998"/>
<String CONTENT="Economic" HEIGHT="40" WIDTH="257" VPOS="3773" HPOS="2060"/>
</TextLine>
<TextLine HEIGHT="50" WIDTH="1580" VPOS="3826" HPOS="316" STYLEREFS="StyleId-8B02C605-56A0-4A48-8B47-B7F7F8E7E446-">
<String CONTENT="and" HEIGHT="38" WIDTH="97" VPOS="3831" HPOS="316"/>
<SP HEIGHT="37" WIDTH="25" VPOS="3831" HPOS="414"/>
<String CONTENT="social" HEIGHT="40" WIDTH="148" VPOS="3828" HPOS="440"/>
<SP HEIGHT="38" WIDTH="26" VPOS="3828" HPOS="589"/>
<String CONTENT="history" HEIGHT="46" WIDTH="189" VPOS="3828" HPOS="616"/>
<SP HEIGHT="36" WIDTH="27" VPOS="3838" HPOS="806"/>
<String CONTENT="of" HEIGHT="39" WIDTH="51" VPOS="3827" HPOS="834"/>
<SP HEIGHT="39" WIDTH="25" VPOS="3827" HPOS="886"/>
<String CONTENT="the" HEIGHT="39" WIDTH="81" VPOS="3827" HPOS="912"/>
<SP HEIGHT="28" WIDTH="27" VPOS="3838" HPOS="994"/>
<String CONTENT="world" HEIGHT="39" WIDTH="152" VPOS="3827" HPOS="1022"/>
<SP HEIGHT="38" WIDTH="25" VPOS="3828" HPOS="1175"/>
<String CONTENT="war." HEIGHT="30" WIDTH="117" VPOS="3836" HPOS="1201"/>
<SP HEIGHT="40" WIDTH="55" VPOS="3826" HPOS="1319"/>
<String CONTENT="Netherlands" HEIGHT="41" WIDTH="327" VPOS="3826" HPOS="1375"/>
<SP HEIGHT="30" WIDTH="28" VPOS="3837" HPOS="1703"/>
<String CONTENT="series]" HEIGHT="49" WIDTH="164" VPOS="3827" HPOS="1732"/>
</TextLine>
<TextLine HEIGHT="51" WIDTH="1996" VPOS="3894" HPOS="321" STYLEREFS="StyleId-8B02C605-56A0-4A48-8B47-B7F7F8E7E446-" CS="1">
<String CONTENT="&#169;" HEIGHT="51" WIDTH="51" VPOS="3894" HPOS="321"/>
<SP HEIGHT="51" WIDTH="24" VPOS="3894" HPOS="373"/>
<String CONTENT="May" HEIGHT="47" WIDTH="113" VPOS="3898" HPOS="398"/>
<SP HEIGHT="47" WIDTH="21" VPOS="3898" HPOS="512"/>
<String CONTENT="23," HEIGHT="47" WIDTH="68" VPOS="3898" HPOS="534"/>
<SP HEIGHT="46" WIDTH="25" VPOS="3899" HPOS="603"/>
<String CS="1" CONTENT="1928;" HEIGHT="41" WIDTH="113" VPOS="3897" HPOS="629"/>
<SP/>
<String CONTENT="2c." HEIGHT="39" WIDTH="67" VPOS="3898" HPOS="794"/>
<SP HEIGHT="39" WIDTH="22" VPOS="3898" HPOS="862"/>
<String CONTENT="Apr." HEIGHT="46" WIDTH="114" VPOS="3898" HPOS="885"/>
<SP HEIGHT="40" WIDTH="23" VPOS="3897" HPOS="1000"/>
<String CS="1" CONTENT="6;" HEIGHT="39" WIDTH="26" VPOS="3897" HPOS="1024"/>
<SP/>
<String CONTENT="aff." HEIGHT="40" WIDTH="81" VPOS="3896" HPOS="1104"/>
<SP HEIGHT="39" WIDTH="24" VPOS="3897" HPOS="1186"/>
<String CONTENT="Apr." HEIGHT="47" WIDTH="114" VPOS="3897" HPOS="1211"/>
<SP HEIGHT="40" WIDTH="22" VPOS="3896" HPOS="1326"/>
<String CS="1" CONTENT="4;" HEIGHT="38" WIDTH="26" VPOS="3896" HPOS="1349"/>
<SP/>
<!-- cceid 1FDC8ED9-6CB2-1014-A20E-B9D6251C946A --><String CONTENT="A" HEIGHT="38" WIDTH="40" VPOS="3896" HPOS="1430"/>
<SP HEIGHT="38" WIDTH="22" VPOS="3896" HPOS="1471"/>
<String CS="1" CONTENT="1077208;" HEIGHT="40" WIDTH="203" VPOS="3896" HPOS="1494"/>
<SP/>
<String CONTENT="Carnegie" HEIGHT="48" WIDTH="234" VPOS="3896" HPOS="1753"/>
<SP HEIGHT="28" WIDTH="24" VPOS="3908" HPOS="1988"/>
<String CONTENT="endowment" HEIGHT="38" WIDTH="304" VPOS="3898" HPOS="2013"/>
</TextLine>
<TextLine HEIGHT="50" WIDTH="1274" VPOS="3952" HPOS="388" STYLEREFS="StyleId-8B02C605-56A0-4A48-8B47-B7F7F8E7E446-" CS="1">
<String LANG="en-US" CONTENT="for" HEIGHT="42" WIDTH="79" VPOS="3953" HPOS="388"/>
<SP HEIGHT="39" WIDTH="30" VPOS="3954" HPOS="468"/>
<String LANG="la" CS="1" CONTENT="internatl." HEIGHT="41" WIDTH="216" VPOS="3954" HPOS="499"/>
<SP HEIGHT="38" WIDTH="31" VPOS="3964" HPOS="749"/>
<String LANG="en-US" CONTENT="peace," HEIGHT="39" WIDTH="157" VPOS="3963" HPOS="781"/>
<SP HEIGHT="48" WIDTH="32" VPOS="3953" HPOS="939"/>
<String LANG="en-US" CONTENT="Washington." HEIGHT="49" WIDTH="336" VPOS="3952" HPOS="972"/>
<SP HEIGHT="49" WIDTH="73" VPOS="3952" HPOS="1309"/>
<String LANG="en-US" CONTENT="(28-12797)" HEIGHT="49" WIDTH="279" VPOS="3952" HPOS="1383"/>
</TextLine>
</TextBlock>
</PrintSpace>
</Page>
</Layout>
</alto>