2498 4384
1146 4039 135 55 1479

273 475 706 52 vii, 283 p. 19 ½ ᶜᵐ . $2.00
207 546 52 52 ©
290 550 128 47 Sept.
447 549 68 43 28,
545 548 54 40 1928;
715 548 67 40 2c.
810 547 97 40 and
934 546 82 40 aff.
1047 545 102 41 Oct.
1178 545 52 46 1;
1261 543 41 40 A
1331 542 229 46 1054725;
1593 541 215 48 Century
1837 551 68 30 co.

285 606 281 49 (28-22871)

203 701 310 57 Sherman,
545 699 203 53 James
779 697 366 54 Woodward.

274 779 52 52 A
356 784 166 62 quart
554 777 63 53 of
646 776 337 69 moonlight,
1011 775 75 62 by
1116 775 195 55 James
1339 772 350 55 Woodward
1724 770 298 64 Sherman,
203 770 1983 140 illustrated

434 857 74 67 by
549 856 154 54 John
749 854 130 55 Gee.
964 855 235 65 Boston,
1243 852 195 67 Little,
1482 852 230 65 Brown,
1757 851 109 51 and
1912 867 299 50 company,

204 939 148 50 1928.

274 1014 932 52 vii, 147, [1] p. front., illus. 19½ ᶜᵐ .
209 1086 51 52 ©
295 1090 128 47 Sept.
454 1089 69 46 22,
556 1088 54 39 1928;
729 1087 67 40 2c.
828 1087 97 39 and
956 1085 83 40 aff.
1074 1085 128 48 Sept.
1234 1084 56 40 29;
1351 1085 41 38 A
1423 1082 203 41 1053602;
1688 1082 163 48 Little,
1885 1082 193 45 Brown,
2112 1081 97 40 and

277 1156 249 39 company.
593 1143 281 50 (28-22606)

204 1240 297 55 Southern
538 1240 289 62 reporter.

340 1311 1873 75 … Digest of decisions of the Supreme courts of Alabama,
208 1397 328 58 Louisiana,
567 1395 256 64 Florida,
854 1392 371 68 Mississippi,
1257 1392 112 52 and
1404 1391 177 54 Court
1615 1390 64 54 of
1712 1391 235 67 appeals
1978 1389 65 54 of
206 1389 1979 142 Alabama,

440 1470 1712 71 reported in the Southern reporter, vols. 101-115 …
210 1553 213 52 Edited
461 1553 73 67 by
571 1552 94 52 the
704 1550 266 53 editorial
1008 1548 134 54 staff
1179 1548 66 53 of
1282 1548 94 53 the
1416 1548 307 52 American
1762 1548 188 68 digest
1986 1551 227 64 system.

211 1631 82 54 St.
325 1631 166 52 Paul.
521 1631 156 51 West
712 1627 337 69 publishing
1078 1645 98 49 co.,
1210 1629 153 50 1928.

277 1712 453 48 iv, 1498 p. 26 ᶜᵐ .
212 1780 52 52 ©
300 1784 130 47 Sept.
461 1783 69 46 11,
562 1782 140 42 1927;
737 1782 67 39 2c.
837 1781 95 40 and
965 1779 84 41 aff.
1082 1778 103 41 Oct.
1217 1779 68 47 12,
1320 1778 140 46 1928;
1495 1777 41 40 A
1568 1777 230 48 1054944;
1834 1779 134 40 West
2001 1778 111 48 pub.
2147 1788 67 31 co.

207 1892 449 55 Southwestern
693 1891 272 62 reporter
1008 1889 102 63 (2d
1145 1887 147 63 ser.)

280 1972 185 51 Texas
500 1969 277 53 decisions
812 1968 263 67 reported
1112 1967 58 52 in
1208 1965 183 55 South
1427 1971 238 48 western
1703 1970 274 63 reporter,
2013 1965 201 54 second

211 2043 1981 148 series. vols. 3 (2d) and 4 (2d) April and May, 1928. Annotated … St. Paul, West publishing co., 1928.
281 2206 640 50 Various paging. 26½ ᶜᵐ .
213 2276 53 51 ©
301 2280 129 47 Sept.
461 2279 68 47 11,
562 2278 140 41 1928;
735 2278 68 40 2c.
834 2277 96 40 and
961 2276 84 41 aff.
1078 2276 103 41 Oct.
1212 2276 55 39 12;
1330 2276 41 39 A
1402 2275 231 47 1054946;
1668 2277 134 39 West
1834 2277 111 47 pub.
1978 2287 66 30 co.

210 2388 284 63 Stimson,
523 2387 154 54 John
708 2386 199 65 Ward,
939 2390 172 50 1850-

283 2463 1931 73 Wandering chords; poems, by John Ward Stimson … 3d
217 2546 111 52 and
359 2545 277 67 complete
667 2544 84 52 ed.
817 2543 112 53 Los
958 2542 268 69 Angeles,
1257 2543 54 54 J.
1343 2543 65 51 F.
1440 2543 223 68 Rowny
1694 2561 157 49 press
1929 2543 152 66 [ᶜ1927]

284 2624 979 51 xiv, 15-276 p. front., plates. 20 ᶜᵐ .
217 2695 51 51 ©
307 2699 114 39 Dec.
458 2698 69 42 20,
567 2697 141 42 1927;
748 2698 67 40 2c.
853 2697 122 48 Aug.
1013 2697 69 47 10,
1122 2697 142 46 1928;
1306 2697 82 41 aff.
1427 2698 121 48 Aug.
1588 2697 82 47 14;
1711 2697 41 39 A
1790 2697 232 41 1054597;
2064 2698 43 40 J.
2148 2699 72 40 W.

287 2755 227 42 Stimson,
549 2755 203 39 Corona.
786 2754 146 41 Calif.
1003 2753 283 50 (28-22731)

210 2848 210 53 Texas.
497 2850 181 57 Laws,
715 2854 257 63 statutes,
1009 2855 100 47 etc.

285 2927 315 52 Baldwin’s
643 2928 184 51 Texas
869 2931 239 48 statutes
1152 2927 230 67 service,
1424 2927 328 68 annotated,
1799 2929 151 64 1928,
215 2928 1980 145 supplementing

510 3005 244 52 Revised
790 3005 134 52 civil
961 3010 239 47 statutes
1237 3004 65 54 of
1339 3008 153 64 1925,
1527 3007 180 51 Penal
1746 3006 132 52 code
1915 3006 114 52 and
2069 3004 152 55 Code

217 3083 1944 69 of criminal procedure … Ed. by William Edward Baldwin …
217 3160 2006 69 and E. H. Dirkes … Louisville, Ky., New York [etc.] The
217 3240 268 52 Baldwin
518 3241 98 51 law
659 3239 148 53 book
840 3258 299 50 company,
1172 3239 128 69 inc.,
1338 3243 150 50 1928.

286 3321 334 49 179 p. 28 ᶜᵐ .
221 3387 53 51 ©
305 3391 101 41 Oct.
438 3392 39 44 1,
510 3391 140 42 1928;
683 3392 68 40 2c.
783 3392 97 40 and
909 3391 83 41 aff.
1025 3391 102 41 Oct.
1159 3391 53 47 9;
1247 3392 41 39 A
1318 3392 230 42 1054882;
1583 3392 218 41 William
1833 3394 214 42 Edward
287 3395 1918 100 Baldwin,

431 3447 275 41 Cleveland.
786 3445 51 51 [©
870 3448 273 41 additional
1174 3449 317 41 annotations
1523 3449 96 40 and
1648 3449 163 50 index]

215 3538 129 56 Van
382 3542 215 63 Doren,
635 3542 190 64 Mark,
861 3543 84 54 ed.

295 3619 439 65 [Introduction,
774 3621 75 68 by
890 3622 172 52 Mark
1103 3623 132 52 Van
1276 3623 213 52 Doren.
1532 3622 59 53 in
1633 3623 99 53 the
1769 3623 150 53 book
1961 3624 258 68 entitled]

220 3697 148 52 Nick
392 3697 64 51 of
480 3698 92 51 the
599 3699 218 57 woods;
847 3718 64 33 or,
953 3700 121 52 The
1101 3700 451 68 Jibbenainosay;
1611 3719 30 34 a
1669 3702 114 52 tale
1809 3701 64 53 of
1898 3701 327 71 Kentucky,

219 3774 76 67 by
317 3775 213 52 Robert
556 3776 403 69 Montgomery
984 3778 163 52 Bird.
1233 3779 141 52 [New
1399 3778 181 67 York]
1610 3778 436 70 Macy-Masius,
2074 3783 150 51 1928.

289 3834 1128 76 395 p. 19½ ᶜᵐ . (An American bookshelf)
224 3921 51 51 ©
306 3926 122 47 Aug.
458 3927 70 48 24,
561 3927 140 47 1928;
734 3929 67 40 2c.
838 3928 129 49 Sept.
997 3930 83 47 21;
1117 3929 83 41 aff.
1236 3930 129 48 Sept.
1396 3930 84 48 20;
1515 3931 43 39 A
1588 3931 232 49 1053765;
1855 3932 367 49 Macy-Masius,

291 3981 94 44 inc.
