2498 4384
1059 4086 101 51 663

118 418 209 60 Green,
357 416 215 54 Julien.

184 498 122 52 The
348 496 185 53 closed
577 495 235 69 garden,
853 495 76 68 by
970 493 202 53 Julian
1218 492 206 62 Green,
1467 493 316 52 translated
1830 491 153 53 from
2024 492 98 52 the

114 575 223 53 French
382 575 77 66 by
503 575 205 67 Henry
751 574 239 65 Longan
1039 570 220 66 Stuart,
1305 571 138 52 with
1492 589 71 34 an
1608 571 391 52 introduction
2044 570 78 70 by

112 653 200 53 André
342 653 274 52 Maurois.
692 652 139 53 New
863 652 165 51 York
1059 651 113 52 and
1203 651 261 59 London,
1497 650 234 68 Harper
1764 651 46 50 &
1841 649 282 67 brothers,

116 734 149 50 1928.

181 813 567 51 ix, 398, [7] p. 19½ ᶜᵐ .
183 885 307 42 “Comments
517 895 60 29 on
606 884 170 41 Julian
806 882 186 42 Green”:
1051 882 55 50 [6]
1135 893 44 38 p.
1206 883 54 39 at.
1285 882 107 41 end.

115 954 51 51 ©
197 958 79 38 May
339 958 40 45 1,
409 956 141 43 1928;
580 956 68 41 2c.
678 956 94 39 and
804 954 82 41 aff.
916 955 114 47 May
1059 954 54 46 3;
1145 954 41 39 A
1215 953 231 44 1077046;
1480 954 195 47 Harper
1705 953 36 40 &
1770 954 126 40 bros.

193 1013 284 49 (28-11925)

123 1108 294 67 [Hannay,
456 1108 204 53 James
698 1107 197 66 Owen]

180 1186 56 53 A
260 1186 162 69 royal
444 1186 304 68 marriage,
771 1185 75 69 by
871 1184 223 69 George
1117 1183 72 53 A.
1217 1184 406 68 Birmingham
1672 1184 195 67 [pseud.]
1955 1183 163 68 chap.

113 1267 97 50 1-3
254 1263 245 69 (contd.)
582 1267 48 63 [8
661 1263 378 66 instalments]

193 1347 84 47 (In
306 1342 203 43 London
540 1342 148 52 Daily
718 1356 135 29 news
885 1342 97 43 and
1012 1340 357 45 Westminster
1401 1341 228 53 gazette)

113 1412 2006 101 © 1c. each June 9, 1928; A ad int. 11196; pubd. May 9-12, 14-17; Bobbs-Merrill
401 1484 83 37 co.,
517 1474 351 47 Indianapolis.

109 1567 311 64 Hartfield,
455 1568 155 53 John
646 1569 71 53 W
1010 1586 178 50 comp.

180 1645 187 55 “Wall
412 1645 207 53 street”
665 1646 136 53 code
857 1644 242 70 (Waist)
1194 1645 136 53 1927
1376 1645 102 66 ed.,
1524 1645 140 52 with
1713 1645 225 52 5-letter
1983 1644 136 52 code

109 1724 185 52 words
339 1724 113 52 and
497 1724 331 52 mutilation
875 1724 180 52 chart.
1139 1723 293 68 Specially
1475 1723 251 68 adapted
1773 1722 94 52 for
103 1723 1992 160 investment

432 1829 349 68 speculative
810 1829 273 68 business,
1114 1829 271 69 covering
1413 1829 382 52 transactions
1825 1828 60 53 in
1915 1829 206 68 stocks,

106 1926 197 67 bonds,
350 1926 228 69 foreign
623 1927 305 68 exchange,
973 1926 196 53 future
1214 1927 409 67 commodities,
1670 1926 291 69 arbitrage
2005 1927 114 52 and

106 2004 2012 70 general banking … compiled by John W. Hartfield … New
108 2083 180 67 York,
317 2083 70 54 N.
422 2082 90 68 Y.,
541 2082 55 54 J.
626 2084 90 53 W.
747 2082 312 69 Hartfield,
1088 2083 107 52 inc.
1276 2086 151 64 [ᶜ1928]

176 2166 917 50 2 p. l., iv, 1239, [1] p. 21½ × 12 ᶜᵐ .
177 2237 178 40 Folded
391 2236 314 40 “Mutilation
735 2235 170 41 chart”
938 2237 226 39 mounted
1198 2246 61 30 on
1288 2247 43 37 p.
1366 2236 144 50 [1240]

175 2294 265 39 Published
486 2292 114 41 1912
646 2294 154 38 under
845 2292 110 41 title:
1030 2292 288 41 Hartfield’s
1363 2303 106 29 new
1515 2293 156 41 “Wall
1719 2292 181 42 street”
104 2294 1995 104 (Newwallst)

330 2352 131 40 code.

111 2403 51 53 ©
191 2409 123 39 Mar.
342 2408 70 47 31,
441 2407 114 41 1928;
611 2407 68 41 2c.
708 2407 97 39 and
834 2405 82 42 aff.
944 2406 114 48 Apr.
1087 2407 56 38 21;
1202 2407 41 38 A
1271 2406 203 40 1077022;
1534 2407 43 40 J.
1607 2408 73 40 W.
1710 2408 258 47 Hartfield,
1999 2409 119 39 New

180 2465 146 40 York.
397 2463 283 50 (28-11902)

106 2557 320 64 Hendrick,
458 2559 230 52 Burton
723 2557 188 62 Jesse,
949 2557 171 53 1870-

178 2638 122 52 The
328 2637 261 69 training
617 2636 64 54 of
710 2655 71 34 an
811 2636 338 67 American;
1182 2637 98 53 the
1310 2636 205 54 earlier
1544 2636 110 54 life
1682 2638 113 53 and
1827 2639 195 52 letters
2054 2637 64 54 of

106 2714 1987 132 Walter H. Page, 1855-1913, by Burton J. Hendrick … Boston
239 2794 113 52 and
382 2794 141 52 New
554 2793 181 68 York,
767 2791 319 71 Houghton
1119 2792 206 54 Mifflin
1358 2811 299 52 company,
1694 2797 149 50 1928.

177 2877 26 40 3
229 2887 44 37 p.
334 2908 8 15 l.,
373 2875 162 50 [v]-xii
563 2886 58 37 p.,
649 2877 25 37 1
738 2907 8 16 l.,
772 2876 87 39 444
885 2886 43 38 p.
984 2874 165 48 front.,
1177 2875 173 49 plates,
1379 2879 150 46 ports.
1585 2877 147 40 24½ᶜᵐ.

178 2933 147 40 “This
352 2933 185 40 edition
565 2933 41 39 is
633 2933 190 39 limited
850 2936 49 37 to
927 2933 138 40 three
1092 2932 225 41 hundred
1345 2933 315 49 seventy-five
1688 2934 159 48 copies
1878 2934 51 40 of
1956 2934 159 41 which

106 2991 99 40 this
231 2991 42 40 is
299 2991 79 39 for
405 2989 299 49 copyright.”

180 3047 118 41 This
338 3047 124 41 book
500 3047 42 41 is
582 3050 48 37 to
671 3048 235 47 complete
946 3048 83 40 the
1069 3047 271 48 biography
1379 3047 52 41 of
1470 3048 188 40 Walter
1699 3048 61 40 H.
1800 3049 144 47 Page.
2013 3049 103 40 The

107 3105 254 40 materials
397 3104 292 48 concerning
724 3104 77 40 his
839 3105 134 40 work
1010 3115 55 30 as
1102 3105 321 39 ambassador
1459 3116 127 29 were
1625 3115 52 30 so
1715 3105 252 41 abundant
2005 3106 110 40 that

107 3162 113 48 they
252 3162 237 40 absorbed
522 3161 288 48 practically
842 3163 66 39 all
941 3161 52 42 of
1025 3163 89 40 Mr.
1148 3161 293 41 Hendrick’s
1476 3165 94 37 two
1602 3163 217 39 volumes
1853 3162 262 49 originally

106 3219 226 48 assigned
358 3219 81 39 for
466 3220 88 40 Mr.
583 3218 170 49 Page’s
782 3218 137 41 “Life
946 3220 95 39 and
1069 3218 216 48 letters”,
1315 3218 287 49 permitting
1628 3219 82 41 the
1739 3224 178 36 merest
1946 3221 168 39 sketch

107 3276 51 40 of
190 3277 136 39 these
355 3276 267 48 fifty-eight
651 3286 157 38 years,
840 3276 116 41 here
988 3277 246 47 recorded,
1267 3277 53 40 of
1350 3277 76 39 his
1457 3277 90 40 life
1577 3277 50 39 in
1660 3277 76 40 his
1768 3287 109 30 own
1908 3280 207 45 country

107 3333 177 48 during
314 3333 81 40 the
426 3344 82 29 era
541 3333 52 40 of
623 3333 83 41 the
735 3333 412 41 transformation
1177 3334 52 40 of
1261 3333 83 42 the
1375 3333 113 41 civil
1520 3343 102 31 war
1657 3333 168 42 South,
1887 3335 61 47 cf.
1981 3331 132 45 Pref.

109 3385 51 53 ©
190 3390 114 48 Apr.
334 3391 70 40 27,
436 3390 141 47 1928;
609 3392 68 40 2c.
708 3392 94 38 and
835 3390 82 41 aff.
947 3392 115 47 Apr.
1093 3391 56 40 30;
1209 3392 42 38 A
1281 3391 231 46 1074257;
1547 3391 265 48 Houghton
1845 3391 169 40 Mifflin
2046 3403 68 30 co.

190 3447 281 48 (28-11821)

103 3541 218 62 Heron,
350 3542 339 63 Henrietta,
718 3561 179 50 comp.

174 3619 289 68 Pageants
496 3619 93 53 for
619 3621 96 52 the
745 3639 153 51 year,
928 3621 282 67 compiled
1246 3621 75 68 by
1352 3620 309 53 Henrietta
1692 3621 218 59 Heron,
103 3621 1986 128 chapter

227 3715 70 33 on
338 3698 322 68 costuming
694 3699 75 68 by
807 3699 53 54 J.
902 3699 78 53 H.
1022 3698 378 54 Shonkwiler.
1479 3698 349 62 Cincinnati,
1868 3700 86 60 O.,
1991 3699 123 52 The

106 3773 292 56 Standard
431 3775 338 70 publishing
799 3795 281 51 company
1156 3779 153 64 [ᶜ1928]

174 3858 84 40 192
291 3869 42 37 p.
393 3859 131 40 illus.
552 3858 134 48 (incl.
719 3859 180 49 music)
966 3860 148 41 23½ᶜᵐ.

173 3915 379 48 Bibliography:
583 3927 43 37 p.
656 3915 99 41 192.

109 3967 51 52 ©
188 3971 113 48 Apr.
327 3971 71 48 20,
428 3971 113 41 1928;
598 3972 67 41 2c.
694 3973 96 40 and
818 3972 82 42 aff.
927 3973 115 48 Apr.
1070 3973 82 48 27;
1184 3973 41 40 A
1253 3972 230 42 1074199;
1517 3973 247 42 Standard
1793 3973 108 50 pub.
1932 3984 68 30 co.

187 4028 282 49 (28-11738)
