2498 4384
1049 4113 99 57 673

69 455 189 63 Allen,
285 454 152 53 Fred
466 455 80 51 M.

144 523 1935 74 You and I and Uncle Si, by Fred M. Allen … Mansfield,
70 612 120 67 Pa.,
221 609 305 53 Mansfield
557 608 316 54 advertiser
905 625 174 51 press,
1113 609 150 51 1928.

138 694 26 38 2
193 703 43 37 p.
300 723 9 16 l.,
340 690 159 48 7-109,
532 691 56 49 [2]
621 702 43 37 p.
724 690 148 42 20½ᶜᵐ.

73 760 52 53 ©
150 764 113 48 Apr.
286 763 57 40 25,
443 763 56 40 1928;
552 763 68 41 2c.
646 763 95 39 and
766 761 82 42 aff.
874 761 115 49 Apr.
1014 761 56 40 27;
1126 759 40 40 A
1191 758 204 42 1069996;
1452 759 53 42 F.
1532 760 63 41 M.
1623 759 153 48 Allen,
1805 757 271 48 Mansfield,

139 823 84 39 Pa.
294 821 281 48 (28-12115)

72 929 317 53 American
417 928 359 53 association
803 927 64 53 of
893 926 328 65 petroleum
1251 924 345 66 geologists.

142 1008 228 69 Theory
399 1007 65 53 of
490 1007 351 53 continental
870 1005 178 67 drift;
1080 1025 31 33 a
1140 1004 355 69 symposium
1523 1023 71 34 on
1622 1004 96 53 the
1747 1003 191 68 origin
1967 1003 114 53 and

69 1091 322 48 movement
433 1085 65 53 of
538 1086 138 52 land
718 1104 227 47 masses,
986 1084 137 53 both
1169 1083 529 54 inter-continental
1744 1083 114 52 and
72 1082 1985 148 intracontinental,

476 1183 61 34 as
569 1164 284 67 proposed
885 1163 76 68 by
995 1161 213 54 Alfred
1241 1163 299 68 Wegener,
1571 1161 77 69 by
1677 1161 91 53 W.
1803 1161 72 52 A.
1910 1160 56 55 J.
2000 1161 81 52 M.

73 1261 111 34 van
227 1242 399 53 Waterschoot
672 1260 111 33 van
830 1242 100 52 der
976 1240 237 67 Gracht,
1262 1241 204 68 Bailey
1512 1239 212 68 Willis,
1772 1239 197 52 Rollin
2016 1239 66 52 T.

73 1317 1986 134 Chamberlin … [and others] Tulsa, Okla., The American association
390 1397 65 53 of
494 1398 317 68 petroleum
852 1398 338 69 geologists;
1233 1398 261 55 London,
1535 1398 66 51 T.
1643 1396 214 70 Murby
1899 1398 46 50 &
1985 1413 100 51 co.,

74 1480 150 50 1928.

179 1591 8 16 x,
218 1559 88 40 240
334 1570 43 37 p.
439 1558 144 49 illus.,
614 1558 181 49 diagrs.
854 1558 148 42 23½ᶜᵐ.

146 1630 317 40 “Discussion
500 1640 61 30 on
599 1630 302 40 continental
940 1630 138 48 drift,
1119 1632 51 39 at
1210 1631 83 39 the
1333 1630 118 40 New
1489 1630 132 40 York
1661 1629 211 48 meeting
1913 1629 51 40 of
2003 1632 83 39 the

73 1687 258 41 American
365 1687 298 41 association
698 1687 52 40 of
783 1689 269 46 petroleum
1087 1688 277 48 geologists,
1400 1688 270 39 November
1704 1687 69 42 15,
1810 1686 157 41 1926.”

145 1745 157 40 “Most
330 1744 271 49 important
629 1744 370 49 bibliography”:
1058 1756 42 37 p.
1130 1745 42 41 3.

77 1812 52 52 ©
157 1818 121 39 Mar.
307 1817 68 47 17,
405 1816 141 45 1928;
576 1817 68 40 2c.
673 1818 96 39 and
798 1816 82 42 aff.
910 1817 112 48 Apr.
1051 1817 83 47 26;
1166 1817 41 39 A
1236 1816 230 45 1069960;
1498 1816 160 41 Amer.
1688 1827 130 30 assn,
1848 1816 52 41 of
145 1818 1920 95 petroleum

301 1873 275 49 geologists.
644 1874 282 49 (28-12008)

81 1969 319 53 American
434 1969 216 64 digest.

77 2048 1985 147 … Third decennial edition of the American digest; a complete
255 2126 1831 69 digest of all reported cases from 1916 to 1926 … v. 4, 5.
79 2204 82 55 St.
194 2206 165 66 Paul,
387 2205 161 53 West
577 2205 338 67 publishing
943 2224 98 48 co.,
1074 2208 150 50 1928.

148 2287 264 42 2 v. 26 ᶜᵐ .
418 2368 115 31 CONTENTS.—v.
579 2356 42 42 4.
666 2359 681 49 Bankruptcy-Bridges.—v.
1394 2358 42 43 5.
1481 2359 467 51 Brokers-Colleges
1993 2361 98 41 and

76 2417 329 44 universities.

79 2498 43 30 v.
151 2489 41 41 4.
225 2484 54 52 ©
309 2490 123 38 Mar.
463 2488 70 47 30,
564 2488 116 41 1928;
739 2500 42 29 v.
813 2489 38 48 5,
886 2485 56 52 ©
969 2488 114 49 Apr.
1115 2490 56 39 17;
1230 2490 69 40 2c.
1331 2490 119 39 each
1482 2491 114 47 May
1627 2489 82 43 10;
1745 2489 109 42 affs.
1887 2491 115 47 May
2033 2491 27 39 7;
149 2545 41 40 A

217 2546 217 48 1077175,
464 2545 204 41 1077176;
724 2547 136 40 West
885 2547 109 47 pub.
1024 2557 67 31 co.

78 2640 1911 70 L’amour et l’esprit gaulois à travers l’histoire du XV ᵉ au XX ᵉ
147 2719 1941 148 siècle, préface de Edmond Haraucourt … Paris, Martin-Dupuis
420 2797 173 69 [1927]

149 2882 26 38 2
206 2893 43 37 p.
315 2913 8 17 l.,
356 2881 99 43 390.
491 2882 55 50 [6]
582 2893 43 37 p.
685 2882 164 49 front.,
883 2883 144 48 illus.,
1062 2885 157 46 plates
1249 2884 135 48 (part
1417 2885 101 47 col.,
1554 2886 111 46 part
1699 2885 198 47 double)
1926 2887 164 46 ports.,

78 2939 426 41 facsims. 31 ½ ᶜᵐ .
85 3005 1954 57 © Nov. 15, 1927; 1c. Feb. 10, 1928; A— Foreign 37441; Martin Dupuis.
163 3067 283 49 (28-12374)

84 3161 221 64 André,
336 3162 249 63 Marius,
619 3166 172 50 1868-

157 3240 329 68 Columbus,
529 3241 75 69 by
644 3242 224 54 Marius
909 3242 218 69 André,
1170 3244 319 54 translated
1535 3243 154 55 from
1732 3244 98 55 the
1871 3245 228 54 French

83 3317 76 70 by
191 3319 194 53 Eloïse
418 3319 325 54 Parkhurst
774 3321 335 69 Huguenin.
1178 3323 141 52 New
1353 3322 164 54 York
1549 3325 46 51 &
1625 3323 261 68 London,
1921 3324 71 52 A.
2027 3323 51 53 A.

83 3396 226 68 Knopf,
336 3399 152 51 1928.

156 3478 1224 52 6 p. l., 286, [2] p. front., plates, ports. 22½ ᶜᵐ .
158 3548 446 49 “Bibliographical
627 3550 142 41 note”;
825 3563 43 37 p.
912 3553 100 48 [287]

90 3616 52 52 ©
172 3620 114 48 Apr.
318 3621 68 47 13,
420 3621 140 45 1928;
592 3623 67 39 2c.
690 3623 115 47 Apr.
837 3624 82 44 18;
954 3623 82 42 aff.
1070 3626 114 47 May
1214 3626 54 46 4;
1302 3626 41 39 A
1375 3626 230 48 1074323;
1640 3627 174 41 Alfred
1844 3628 54 40 A.
1931 3629 169 48 Knopf

159 3677 91 41 inc.
322 3678 281 48 (28-12050)

88 3771 269 55 Babcock
386 3773 54 53 &
467 3773 224 55 Wilcox
723 3791 84 37 co.

160 3851 227 52 Marine
431 3857 195 48 steam.
706 3854 139 52 New
891 3854 180 61 York,
1117 3856 121 53 The
1285 3858 265 53 Babcock
1593 3861 46 51 &
1681 3860 229 54 Wilcox
91 3878 1988 119 company
325 3932 152 65 [ᶜ1928]

164 4012 983 52 7 p. l., 281 p. illus., diagrs. 26½ ᶜᵐ .
