2498 4384
1131 4065 136 55 1887

180 416 294 63 Ullmann,
506 415 115 51 Ber
654 410 328 67 Bernhard,
1020 409 324 56 1751-1837.

251 492 303 54 Chronicle
592 490 64 54 of
694 492 113 52 Ber
846 489 302 53 Bernhard
1187 486 297 66 Ullmann,
1524 487 161 63 1803;
1728 483 342 53 translation
2108 481 76 69 by

182 570 136 56 Carl
350 571 55 53 J.
440 570 272 54 Ulmann.
788 568 139 53 New
961 566 180 67 York,
1177 566 152 52 1928.

251 652 393 50 70, [1] p. 23 ᶜᵐ .
253 711 129 40 “One
408 709 221 40 hundred
655 707 160 49 copies
842 707 50 40 of
918 707 99 40 this
1043 706 122 40 book
1189 704 125 41 have
1340 704 117 39 been
1484 701 193 49 printed
1700 699 80 42 for
1805 698 193 50 private

183 697 1985 113 distribution,
390 766 262 40 numbered
678 767 20 38 1
729 768 46 37 to
799 764 126 41 100.”
979 763 118 40 This
1121 772 120 39 copy
1265 763 86 38 not
1372 759 277 41 numbered.

252 812 1935 59 “Telling of the arrests which took place … (September 23, 1803), in the
181 882 139 41 three
344 880 339 41 communities
710 879 52 41 of
790 879 211 40 Pfersee,
1031 875 334 49 Kriegshaber
1390 874 96 41 and
1516 869 285 52 Steppach.”

252 939 294 39 Translated
579 937 130 40 from
744 937 81 39 the
857 934 223 48 original,
1115 932 161 41 which
1309 931 42 41 is
1387 931 49 40 in
1470 931 222 44 Hebrew,
1730 927 101 42 into
1867 928 225 46 German,
2128 926 59 48 by

183 995 152 41 Jonas
367 995 243 45 Ullmann,
643 992 239 50 “perhaps
908 1002 131 30 some
1070 991 115 39 time
1216 989 189 41 around
1436 986 142 43 1860”
1598 997 8 36 ;
1641 987 81 40 the
1752 987 196 47 present
182 983 1987 110 translation
308 1052 43 39 is

375 1052 143 39 made
540 1051 129 40 from
697 1050 80 40 the
805 1049 210 40 German
1091 1047 61 48 of.
1187 1046 185 41 Introd.

185 1104 51 54 ©
264 1109 102 40 Oct.
391 1108 70 44 20,
488 1108 140 45 1928;
655 1108 68 39 2c.
749 1107 96 38 and
871 1105 82 41 aff.
981 1105 102 40 Oct.
1109 1104 83 41 26:
1221 1102 41 41 A
1287 1102 112 46 265;
1430 1101 112 41 Carl
1571 1100 43 40 J.
1642 1099 225 49 Ulmann,
1895 1099 119 38 New
2039 1097 147 40 York.

263 1164 280 50 (28-20360)

180 1242 265 66 Valrose,
485 1242 318 64 Eglantine
842 1242 89 52 de.

323 1311 1854 77 … Pres de toi (Poèmes inédits de Jacques Le Lorrain)
192 1395 1321 72 Paris, Éditions de La pensée latine, 1928.
261 1474 1346 54 3 p. l., 9-94 p., 1 l. illus. (facsim.) 2 port. 19 ᶜᵐ .
262 1530 1375 53 Poemes inédits de Jacques Le Lorrain: p. [45]-91.
188 1586 1987 113 © May 22, 1928: 1c. June 14; A—Foreign 39562; Louise Dumas-Georgeval,
383 1650 209 40 Mareuil
637 1648 305 50 (Dordogne)
987 1647 200 40 France.
1262 1646 281 50 (28-29450)

187 1716 129 53 Van
349 1716 180 61 Loon,
561 1714 268 53 Hendrik
863 1712 249 65 Willem,
1150 1715 171 53 1882-

254 1793 160 67 Man,
463 1792 97 53 the
608 1791 234 54 miracle
891 1791 214 66 maker,
1154 1791 74 68 by
1280 1789 270 53 Hendrik
1598 1790 132 53 Van
1780 1788 176 52 Loon.
2057 1787 139 53 [New

188 1869 859 71 York] H. Liveright [ᶜ19 28]
256 1948 1883 55 xiii, [1], 15-252 p. incl. illus.. plates. col. front., col. plates. 24½ ᶜᵐ .
191 2003 1924 57 © Nov. 26, 1928; 2c. and aff. Nov. 30; A 1996; Horace Liveright, inc.
267 2066 280 49 (28-29439)

186 2131 353 65 Vartanian,
580 2131 316 54 Parounak
937 2130 218 55 Hatch.

259 2205 1879 73 The law of automobiles in Florida, by P. H. Vartanian …
191 2286 483 69 Charlottesville,
707 2287 125 68 Va.,
865 2287 122 52 The
1019 2285 216 55 Michie
1267 2303 298 51 company,
1601 2288 150 51 1928.

260 2368 627 52 iv p., 1 l., 503 p. 23 ᶜᵐ .
192 2423 54 55 ©
270 2428 121 41 Nov.
416 2428 70 46 19,
511 2428 86 40 1928;
680 2428 70 42 2c.
775 2428 97 39 and
898 2426 82 42 aff.
1004 2427 120 41 Nov.
1149 2427 85 47 23;
1263 2426 42 40 A
1329 2426 113 48 794;
1470 2426 180 41 Michie
1675 2436 70 32 co.

271 2484 282 49 (28-29324)

190 2549 272 66 Wallace,
496 2550 209 64 Henry
737 2549 225 65 Agard,
1000 2555 172 49 1888-

263 2626 154 56 Corn
451 2628 114 54 and
599 2645 135 36 corn
765 2628 281 70 growing,
1076 2628 75 69 by
1183 2627 206 71 Henry
1420 2628 71 53 A.
1523 2626 256 56 Wallace
1811 2627 114 54 and
1959 2627 140 53 Earl
2138 2627 66 54 N.

192 2706 323 55 Bressman.
592 2707 70 53 3d
708 2707 103 69 ed.,
853 2707 340 69 completely
1236 2724 113 36 rev.
1425 2706 139 54 New
1608 2705 180 70 York,
1829 2705 56 55 J.
1927 2705 192 71 Wiley
2161 2708 46 51 &

191 2801 146 52 sons,
370 2785 138 67 inc.;
544 2784 259 70 London,
839 2783 301 70 Chapman
1173 2787 46 50 &
1249 2783 162 70 Hall,
1443 2785 242 68 limited,
1721 2786 151 53 1928.

263 2865 1943 55 vii, 371 p. incl. illus., tables, diagrs. 21 ᶜᵐ . (Half-title: The Wiley
191 2922 1572 54 farm series, ed. by A. K. Getman … and C. E. Ladd …)
197 2976 52 54 ©
279 2981 119 40 Nov.
429 2982 69 46 15,
530 2981 140 46 1928;
702 2981 68 41 2c.
802 2983 97 38 and
928 2981 84 41 aff.
1041 2982 121 40 Nov.
1191 2980 85 49 22;
1307 2981 43 39 A
1379 2981 142 47 1826;
1555 2981 171 47 Henry
1757 2981 54 40 A.
1844 2982 230 47 Wallace,
2109 2981 96 41 Des

265 3038 201 47 Moines,
495 3039 97 39 and
620 3038 116 41 Earl
766 3038 56 40 N.
850 3039 278 47 Bressman,
1158 3037 257 44 Corvallis,
1446 3039 80 40 Or.
1594 3036 281 52 (28-29320)

195 3103 229 65 Weeks,
467 3103 276 55 Herbert.

193 3179 1994 149 The mystery of Cedar Bluff, by Herbert Weeks … Brooklyn,
343 3239 1211 93 N. Y ., Colonial publishing co. [ᶜ19 28]
266 3341 745 49 3 p. l.. 253 p. front. 19 ᶜᵐ .
199 3394 51 54 ©
282 3398 119 42 Nov.
434 3400 68 42 10,
535 3400 141 41 1928:
710 3400 68 42 2c.
809 3401 120 40 Nov.
961 3401 82 41 12:
1079 3401 83 40 aff.
1194 3400 121 43 Nov.
1347 3401 82 47 13;
1464 3401 40 39 A
1536 3401 143 48 1841;
1713 3401 60 40 H.
1807 3402 189 47 Weeks,
267 3401 1943 103 Cedar-hurst,

454 3457 134 46 Long
616 3457 183 49 Island,
828 3457 58 41 N.
914 3458 55 40 Y.
1036 3456 285 52 (28-28746)

198 3520 216 67 White,
453 3522 264 55 William
749 3523 271 65 Wallace,
1062 3528 171 50 1862-

269 3601 239 54 Patents
532 3601 358 70 throughout
913 3604 96 53 the
1033 3604 201 68 world,
1259 3604 76 69 by
1361 3605 150 53 Wm.
1535 3604 257 56 Wallace
1815 3605 216 69 White,
201 3604 1986 129 Wallace

362 3677 1848 76 White … 2d ed. by Byfleet G. Ravenscroft … New
203 3755 176 66 York,
409 3758 69 52 N.
510 3759 91 67 Y.,
630 3759 189 54 Trade
846 3760 301 70 activities,
1175 3760 128 70 inc.,
1333 3764 150 52 1928.

267 3838 88 40 398
387 3850 43 36 p.
491 3840 117 40 24ᶜᵐ.

268 3895 287 41 Loose-leaf.

202 3946 52 55 ©
284 3952 102 41 Oct.
416 3953 69 43 22,
513 3953 142 48 1928;
684 3953 68 43 2c.
781 3956 96 39 and
907 3954 81 43 aff.
1017 3956 119 41 Nov.
1166 3955 83 43 16:
1281 3956 41 40 A
1351 3957 142 47 1854;
1525 3958 160 43 Trade
1714 3958 263 51 activities,
2007 3959 93 42 inc.

280 4009 283 48 (28-29155)
