2498 4384
1327 4026 100 49 654

446 472 183 47 Report
658 471 51 39 of
740 471 80 39 the
852 469 320 47 commission,
1205 472 108 38 sent
1341 470 51 38 in
1422 470 82 40 the
1533 479 212 30 summer
1774 470 51 39 of
1854 469 114 41 1927
2000 472 48 37 to
2080 470 293 48 investigate

376 528 81 40 the
496 527 246 41 condition
781 527 52 39 of
873 527 81 39 the
994 525 154 41 racial
1188 527 96 39 and
1324 525 231 49 religious
1595 525 273 41 minorities
1906 526 255 40 embraced
2200 526 173 40 within

373 587 194 45 greater
596 582 258 48 Rumania,
884 583 61 47 by
976 583 81 39 the
1083 581 260 40 American
1373 581 274 41 committee
1677 593 60 28 on
1766 582 82 39 the
1877 581 157 49 rights
2063 581 53 40 of
2144 582 230 48 religious

374 640 287 41 minorities.

385 693 53 51 ©
465 697 113 47 Apr.
605 696 70 41 20,
703 695 115 40 1928;
873 695 68 39 2c.
969 695 97 38 and
1093 693 82 41 aff.
1202 694 116 47 Apr.
1345 694 56 39 23;
1459 693 42 39 A
1527 693 205 40 1074110;
1788 695 191 38 Beacon
2008 705 137 37 press
2173 694 91 40 inc.

464 753 279 50 (28-11514)

375 833 304 62 Seefurth,
713 831 326 54 Nathaniel
1069 831 225 64 Henry.

448 911 368 68 Completing
848 909 150 53 life’s
1032 910 195 67 plans;
1266 928 30 33 a
1331 909 277 68 practical
1642 914 304 48 statement
1979 908 65 54 of
2078 909 96 54 the
377 909 1977 134 problems
558 988 63 54 of
664 994 175 47 estate

882 986 1434 71 settlement, by Nathaniel Henry Seefurth …
381 1067 290 69 [Chicago,
704 1066 243 53 Printed
980 1066 76 69 by
1087 1066 91 54 W.
1215 1067 68 51 B.
1321 1065 234 70 Conkey
1588 1084 299 51 company,
1944 1068 153 65 ᶜ1928]

447 1150 56 39 62
529 1161 43 36 p.
631 1149 148 40 23½ᶜᵐ.

384 1204 53 51 ©
472 1209 122 38 Mar.
628 1208 69 45 13,
731 1206 141 46 1928;
907 1206 67 40 2c.
1010 1207 121 39 Mar.
1164 1206 85 46 24;
1286 1205 83 41 aff.
1404 1207 123 39 Mar.
1561 1206 84 46 23;
1681 1207 41 38 A
1757 1204 229 48 1069440;
2024 1206 117 39 Natl.
2191 1206 184 41 service

452 1263 338 48 publications,
818 1263 106 47 inc.,
954 1262 223 48 Chicago:
1250 1262 280 48 (28-11456)

375 1344 194 61 Shaw,
599 1345 248 52 Warren
880 1343 242 62 Choate,
1157 1342 172 53 1887-

443 1422 247 68 History
725 1420 64 53 of
823 1421 309 52 American
1167 1426 251 63 oratory,
1454 1421 77 68 by
1564 1422 245 53 Warren
1846 1420 217 54 Choate
2102 1420 191 71 Shaw,…

373 1499 419 63 Indianapolis,
829 1499 121 52 The
986 1498 446 53 Bobbs-Merrill
1468 1516 282 46 company
1829 1501 134 50 [ᶜ1928]

443 1585 66 46 xi,
539 1585 84 40 713
653 1595 44 38 p.
755 1583 148 42 21½ᶜᵐ.

446 1640 379 48 “Bibliography
856 1640 79 39 for
968 1638 254 40 collateral
1256 1637 229 49 reading”
1520 1640 52 37 at
1604 1638 92 39 end
1729 1638 51 40 of
1811 1639 120 39 each
1963 1639 215 47 chapter.

383 1694 53 51 ©
463 1697 114 47 Apr.
605 1697 70 45 23,
703 1696 118 39 1928;
874 1695 69 40 2c.
972 1696 96 38 and
1096 1694 83 41 aff.
1207 1694 115 48 Apr.
1351 1694 56 39 27;
1464 1694 41 39 A
1534 1694 203 39 1074202;
1796 1694 371 40 Bobbs-Merrill
2196 1706 67 29 co.

464 1753 281 49 (28-11645)

375 1834 197 54 Smith
621 1833 235 64 college.
930 1833 273 53 Institute
1250 1832 99 69 for
1394 1833 93 52 the
1534 1832 420 53 co-ordination
2000 1833 65 68 of
2110 1836 263 51 womerfs

444 1913 280 52 interests.

444 1991 122 51 The
591 2008 241 50 nursery
858 1989 191 53 school
1076 2008 59 34 as
1164 2008 31 33 a
1222 1989 175 53 social
1425 1988 353 69 experiment;
1837 1988 332 54 conference
2197 1990 177 53 called

373 2069 77 69 by
492 2069 96 52 the
631 2068 275 53 Institute
952 2067 93 53 for
1090 2068 95 52 the
1230 2067 423 53 co-ordination
1697 2066 65 53 of
1806 2066 265 54 women’s
2115 2067 263 54 interests

374 2148 133 52 held
543 2152 59 47 at
639 2146 190 55 Smith
863 2146 211 69 college
1108 2151 491 62 commencement,
1634 2145 151 54 June
1823 2144 82 69 17,
1942 2144 152 55 1927.
374 2146 1979 147 Northampton,
650 2225 191 66 Mass.,
869 2223 190 55 Smith
1084 2224 229 69 college,
1340 2227 150 50 1928.

445 2305 1095 50 38 p., 1 l. 23ᶜᵐ. (Its Publication no. 4)
449 2365 129 39 “The
606 2363 283 41 conference
921 2363 224 49 reported
1175 2363 49 40 in
1256 2363 99 41 this
1384 2362 206 42 bulletin
1620 2362 41 42 is
1692 2364 81 41 the
1805 2364 174 41 second
2011 2362 285 43 conference
2328 2364 52 42 of

375 2423 82 39 the
488 2421 608 47 institute.”—Foreword,
1129 2421 169 48 signed
1317 2432 8 28 :
1361 2422 143 39 Ethel
1536 2422 50 39 P.
1619 2421 191 44 Howes,
1843 2421 226 41 director.

377 2477 53 51 ©
460 2481 122 39 Mar.
612 2481 39 45 1,
682 2479 115 40 1928;
854 2480 67 39 2c.
951 2479 114 47 Apr.
1096 2479 58 39 16;
1211 2478 84 42 aff.
1323 2479 116 47 Apr.
1468 2480 58 40 18;
1582 2479 41 39 A
1652 2479 207 40 1074012;
1916 2480 236 41 Institute
2181 2481 80 39 for
2291 2480 83 41 the

451 2537 355 40 co-ordination
834 2536 50 40 of
912 2535 226 41 women's
1166 2536 246 48 interests,
1440 2536 373 48 Northampton,
1843 2537 146 41 Mass.
461 2594 280 47 (28-11452)

378 2659 188 53 South
593 2666 238 47 western
856 2665 271 62 reporter.
1206 2659 220 54 Second
1451 2659 184 53 series.
1712 2658 170 55 Cases
1907 2661 215 68 argued
2146 2661 112 52 and
448 2660 1904 130 determined
779 2739 61 51 in
890 2739 94 51 the
1038 2737 275 68 Supreme
1365 2743 188 48 courts
1605 2738 63 52 of
1718 2738 314 67 Arkansas,
2083 2739 291 66 Missouri,

450 2817 328 65 Tennessee,
812 2817 112 51 and
959 2817 211 56 Texas;
1210 2815 208 54 Courts
1452 2815 63 53 of
1551 2817 234 67 appeals
1820 2816 64 53 of
1917 2817 307 69 Kentucky
2260 2818 113 52 and

447 2893 301 67 Missouri;
793 2892 207 54 Courts
1040 2892 64 53 of
1143 2893 136 52 civil
1319 2894 112 52 and
1472 2894 263 52 criminal
1775 2896 235 66 appeals
2051 2896 114 52 and
449 2895 1900 129 Commission
716 2971 63 52 of
813 2971 233 67 appeals
1079 2970 63 53 of
1176 2972 202 66 Texas,
1411 2972 140 51 with
1585 2972 373 68 key-number
1992 2973 381 53 annotations.

491 3048 1880 69 v. 1 (2d) February 15-March 7, 1928. Permanent ed. St.
449 3127 165 65 Paul,
646 3127 156 53 West
838 3125 336 69 publishing
1207 3145 99 48 co.,
1343 3130 149 50 1928.

523 3240 8 16 xx,
562 3209 115 40 1208
705 3218 43 37 p.
807 3207 117 41 26ᶜᵐ.
996 3207 257 48 (National
1281 3211 219 45 reporter
1531 3212 206 46 system)

383 3262 53 51 ©
463 3266 114 47 Apr.
605 3266 68 45 14,
702 3265 114 39 1928;
872 3265 67 40 2c.
969 3267 113 45 May
1111 3265 58 39 10;
1223 3265 83 41 aff.
1336 3267 114 46 May
1478 3268 26 38 7;
1561 3268 41 38 A
1630 3268 203 40 1077174
1850 3279 9 29 :
1892 3269 133 39 West
2056 3269 109 48 pub.
2195 3280 68 30 co.

381 3327 325 63 Stacpoole,
736 3328 207 62 Henry
970 3327 87 53 De
1087 3326 173 54 Vere.

448 3405 130 54 Girl
605 3404 64 54 of
695 3405 94 52 the
818 3406 207 68 golden
1055 3405 137 53 reef.
1267 3405 146 68 Apr.
1444 3409 47 64 8,
1522 3408 150 50 1928.

460 3488 47 47 (In
572 3483 201 43 London
805 3484 200 52 Sunday
1037 3483 273 51 chronicle)

382 3541 1988 51 © 1c. June 6, 1928; A ad int. 11183; pubd. Apr. 8; H. De V. Stacpoole,
452 3600 302 48 Bonchurch,
787 3600 96 40 Isle
916 3601 51 39 of
999 3601 179 48 Wight,
1212 3601 238 48 England.

373 3665 200 63 Taine,
607 3665 174 54 John.

446 3742 186 55 Green
664 3743 129 68 fire;
828 3745 95 51 the
956 3750 158 63 story
1146 3744 64 52 of
1241 3745 97 53 the
1369 3745 233 53 terrible
1635 3747 142 67 days
1811 3745 61 52 in
1904 3745 99 53 the
2033 3762 245 36 summer
2312 3743 65 53 of

379 3821 1934 72 1990. Now told in full for the first time, by John Taine …
375 3897 138 54 New
539 3899 179 68 York,
742 3900 65 52 E.
834 3901 64 51 P.
925 3901 224 52 Dutton
1172 3903 46 50 &
1243 3919 280 52 company
1553 3905 192 68 [ᶜ1928]
