2498 4384
1055 4086 101 54 773

201 506 199 39 “Issued
430 506 61 46 by
520 505 83 40 the
632 505 204 41 Francis
866 506 119 47 Vigo
1016 506 201 47 chapter
1249 507 56 39 D.
1336 506 54 40 A.
1423 506 70 48 R.,
1525 506 52 40 of
1606 506 285 48 Vincennes,
1924 507 209 41 Indiana

177 562 1118 49 … compiled by Ben F. Sager.”—Foreword.
197 621 74 38 An
301 619 256 40 historical
587 622 205 38 account
822 620 51 39 of
905 620 216 39 William
1152 620 169 46 Henry
1352 618 284 42 Harrison’s
1666 619 103 49 life,
1801 619 120 41 with
1952 620 179 49 special

129 677 247 39 reference
408 678 49 38 to
489 677 82 39 the
601 677 166 48 period
800 677 52 39 of
882 677 76 40 his
989 677 352 48 governorship
1373 677 52 39 of
1456 677 82 40 the
1570 677 283 40 Northwest
1885 677 249 49 territory,

126 735 93 39 and
243 737 50 37 to
315 736 82 38 the
419 734 140 40 home
581 736 60 38 he
664 734 228 48 occupied
917 735 52 38 at
993 734 287 40 Vincennes.

130 787 51 53 ©
209 793 114 47 Apr.
350 792 69 48 21,
448 792 140 47 1928;
617 792 68 42 2c.
713 793 95 38 and
836 791 82 42 aff.
947 792 113 48 May
1088 792 56 40 17;
1200 792 43 39 A
1269 791 231 48 1074576;
1531 791 206 42 Francis
1764 791 119 50 Vigo
1913 792 216 48 chapter,

197 849 281 48 Daughters
505 850 51 40 of
583 849 82 40 the
691 849 258 39 American
979 849 288 46 revolution,
1297 849 284 48 Vincennes,
1613 850 104 40 Ind.
206 906 283 48 (28-13305)

127 1000 327 64 Dearborn,
491 1002 259 52 Frances
784 1002 169 61 Ross,
993 1003 170 50 1881-

118 1080 2010 147 The road to citizenship, by Frances Ross Dearborn … illustrated by Maurice Day. Boston, New York [etc.] Ginn and
116 1239 507 66 company [ ᶜ1 928]
186 1320 64 47 xi,
282 1320 85 40 154
397 1331 43 37 p.
501 1320 129 41 illus.
691 1319 116 41 19ᶜᵐ.

125 1374 52 52 ©
207 1378 122 41 Mar.
355 1378 72 46 29,
456 1378 142 46 1928;
628 1378 69 41 2c.
725 1378 115 47 Apr.
869 1377 82 46 19;
982 1377 84 41 aff.
1095 1378 115 47 Apr.
1238 1377 84 47 21;
1354 1378 42 38 A
1425 1377 230 47 1069839;
1689 1378 51 41 F.
1771 1378 55 40 R.
1857 1378 268 48 Dearborn,

191 1435 149 40 Terre
370 1436 179 47 Haute,
582 1435 105 40 Ind.
758 1434 281 49 (28-13371)

117 1531 186 61 Doan,
339 1529 201 53 Frank
576 1528 295 63 Carleton,
910 1527 328 55 1877-1927.

183 1610 122 52 The
342 1610 216 51 eternal
595 1609 172 67 spirit
803 1609 59 51 in
899 1609 96 52 the
1032 1608 160 67 daily
1231 1608 213 66 round;
1486 1608 369 53 meditations
1896 1608 94 53 for
2029 1610 97 51 the

112 1686 2014 147 modern mind, by Frank Carleton Doan … with an introduction by Samuel McChord Crothers and a preface by Harold
113 1848 67 51 E.
218 1848 68 51 B.
327 1846 262 69 Speight.
665 1846 140 51 New
843 1845 164 52 York
1043 1845 113 52 and
1192 1845 262 65 London,
1489 1845 238 68 Harper
1765 1848 45 49 &
1846 1846 280 66 brothers,

114 1928 150 50 1928.

180 2008 84 47 xii,
293 2008 86 40 204
406 2019 44 37 p.
511 2007 146 41 19½ᶜᵐ.

120 2062 52 52 ©
200 2068 114 46 May
343 2067 69 46 17,
443 2065 114 40 1928;
613 2065 68 41 2c.
710 2065 97 39 and
836 2064 82 41 aff.
949 2065 115 47 May
1093 2063 55 40 19;
1207 2065 41 38 A
1278 2064 203 41 1077329;
1541 2065 195 47 Harper
1766 2064 35 41 &
1829 2064 127 41 bros.

197 2123 283 49 (28-13232)

112 2218 186 62 Dodd,
328 2216 259 55 William
620 2215 274 63 Edward,
929 2219 172 49 1869-

181 2296 244 53 Lincoln
452 2313 64 34 or
540 2295 112 52 Lee;
710 2294 360 68 comparison
1098 2294 114 53 and
1240 2299 255 48 contrast
1520 2293 65 53 of
1611 2294 96 53 the
1733 2299 115 48 two
1875 2299 250 64 greatest

113 2375 218 54 leaders
363 2374 62 53 in
456 2373 95 55 the
585 2392 118 35 war
736 2374 253 53 between
1020 2373 98 53 the
1151 2377 192 50 states.
1412 2373 123 53 The
1568 2390 228 36 narrow
1831 2373 114 54 and
113 2372 1986 135 accidental
334 2453 259 69 margins
623 2452 65 54 of
716 2471 232 35 success.
1014 2453 92 69 By
1133 2452 264 55 William
1429 2453 68 52 E.
1528 2452 192 53 Dodd.
1787 2452 141 54 New
1960 2452 164 54 York

108 2530 1085 70 & London, The Century co. [ ᶜ1 928]
181 2611 1690 51 viii p., 2 l., 177 p. front. illus. (map) ports. 20½ ᶜᵐ. $2.00
115 2669 52 52 ©
197 2674 115 47 May
338 2672 70 47 18,
437 2672 115 40 1928;
608 2672 67 40 2c.
705 2673 96 38 and
829 2671 82 41 aff.
942 2672 115 47 May
1084 2671 54 39 21;
1197 2671 44 39 A
1267 2671 204 41 1074634;
1531 2671 215 48 Century
1775 2682 69 30 co.
192 2729 283 49 (28-13309)

110 2824 253 63 Eiselen,
397 2823 318 54 Frederick
749 2822 153 63 Carl,
937 2822 172 54 1872-

182 2902 387 69 Christianity
607 2901 220 70 to-day,
863 2902 78 68 by
978 2901 315 54 Frederick
1333 2900 63 56 C.
1437 2901 248 67 Eiselen,
1725 2902 283 54 Doremus
2047 2902 73 54 A.

108 2983 212 68 Hayes,
346 2981 265 54 William
639 2981 72 52 D.
743 2980 466 68 Schermerhorn,
1236 2980 205 69 Lesley
1470 2980 67 52 E.
1567 2980 217 68 Fuller,
1814 2980 213 54 Ernest
2054 2982 66 52 F.

107 3058 1950 70 Tittle, Irl G. Whitchurch, Harris Franklin Rail (editor) …
108 3135 2013 72 with a foreword by C. Copeland Smith … Nashville, Tenn.,
107 3216 333 69 Cokesbury
467 3234 175 51 press,
672 3218 151 51 1928.

175 3298 276 50 274 p. 19 ᶜᵐ.
179 3355 1528 49 “Lectures … broadcast over WCFL … Chicago.”—Pref.
111 3410 52 52 ©
194 3415 114 47 Apr.
341 3415 40 46 7,
415 3413 117 41 1928;
590 3414 68 40 2c.
691 3415 96 38 and
820 3413 83 42 aff.
938 3414 114 47 May
1085 3413 58 40 19;
1203 3413 42 39 A
1278 3413 203 40 1074616;
1545 3414 180 39 Lamar
1758 3414 37 40 &
1827 3414 286 49 Whitmore,

178 3471 269 40 Nashville.
521 3470 281 49 (28-13458)

111 3566 223 68 [Ferry,
365 3567 140 51 Mrs.
539 3565 176 63 Abby
753 3565 336 67 (Farwell)]
1130 3569 173 49 1851-

175 3642 1879 72 Reminiscences of John V. Farwell, by his elder daughter …
149 3721 1178 69 v. 1. Chicago, R. F. Seymour [ ᶜ1 928]
177 3804 1378 50 1 p. l., 193 p. illus. (incl. facsims.) pl., ports. 23 ᶜᵐ.
176 3860 295 48 “Ancestry”
492 3872 8 28 :
526 3872 43 29 v.
625 3893 8 15 1,
659 3872 41 37 p.
730 3861 249 49 [175]-192.

175 3917 267 48 “Ancestry
467 3917 302 41 references”
789 3929 9 30 :
823 3930 44 29 v.
891 3918 40 48 1,
956 3929 44 38 p.
1023 3917 99 42 193.

110 3971 52 53 ©
197 3977 124 41 Mar.
354 3976 71 47 25,
461 3975 114 42 1928;
638 3976 67 41 2c.
743 3978 113 47 May
888 3978 28 38 4;
982 3976 82 42 aff.
1103 3977 113 48 May
1250 3977 26 41 7;
1341 3976 41 39 A
1417 3976 203 41 1077265;
1687 3977 160 48 Ralph
1885 3976 226 41 Fletcher

180 4033 248 48 Seymour.
499 4034 280 47 (28-13315)
