2498 4384
1054 4104 101 52 857

161 521 167 40 Added
365 523 98 44 t.-p.
482 531 8 28 :
533 520 181 47 Sepher
752 516 320 45 Shaashuim;
1112 526 62 28 an
1210 515 264 46 anthology
1513 514 50 39 of
1600 512 98 47 wit,
1735 513 186 46 humor,
91 523 1986 96 anecdotes
274 578 96 39 and
416 576 277 40 curiosities

740 575 206 39 selected
993 574 129 38 from
1170 571 269 47 Talmudic,
1491 572 169 40 Zohar,
1710 569 237 40 medieval
1998 570 96 39 and

90 637 199 39 modern
324 634 184 40 Jewish
543 634 272 44 literature,
850 631 242 47 arranged
1127 629 259 47 according
1421 632 48 37 to
1504 630 202 45 chapter
1740 629 95 38 and
1871 638 138 30 verse
2044 627 52 40 of

91 694 81 39 the
199 693 137 39 Bible
364 693 92 38 and
486 691 160 40 edited
674 690 119 39 with
820 688 188 41 critical
1037 690 139 37 notes
1202 688 60 46 by
1292 686 268 40 Nehemiah
1593 687 44 39 S.
1668 685 248 40 Libowitz.
1978 685 117 39 New

90 751 142 40 York.
264 750 151 39 Bloch
443 747 280 49 publishing
750 756 248 37 company,
1028 745 128 39 1927.

99 804 51 52 ©
186 810 113 45 Apr.
335 809 67 43 17,
441 807 82 39 1928;
617 807 67 40 2c.
719 806 96 39 and
850 804 82 41 aff.
970 805 111 46 May
1116 804 25 39 3;
1208 803 39 38 A
1284 803 229 41 1077080;
1552 802 150 40 Bloch
1739 802 109 47 pub.
1884 811 82 31 co.,
2003 800 91 40 inc.

175 864 280 49 (28-13823)

95 960 188 59 Lowe,
311 957 153 53 John
495 957 243 60 Adams,
773 958 170 50 1881-

160 1032 1875 70 Public library administration, by John Adams Lowe …
91 1115 270 65 Chicago,
395 1114 307 51 American
739 1112 219 66 library
996 1111 358 56 association,
1392 1112 150 50 1928.

196 1228 8 10 x,
235 1197 84 39 175
347 1207 42 38 p.
422 1196 109 39 incl.
559 1195 194 44 diagrs.,
783 1194 168 39 forms.
1012 1193 146 40 20½ᶜᵐ.

187 1253 322 42 “References”
542 1256 50 36 at
626 1254 88 38 end
751 1252 51 38 of
834 1253 117 38 each
984 1252 216 47 chapter.

100 1307 51 52 ©
191 1312 115 38 May
338 1310 69 44 31,
447 1309 114 40 1928;
626 1309 68 40 2c.
732 1309 128 39 June
894 1307 25 40 9;
987 1307 82 41 aff.
1108 1307 127 40 June
1275 1308 24 38 7;
1364 1307 42 38 A
1443 1305 203 41 1074978;
1714 1306 146 38 Amer.
1910 1305 188 47 library
169 1378 127 30 assn.
367 1365 282 49 (28-26436)

93 1461 236 59 Mahon,
361 1459 242 52 Patrick
637 1458 276 58 Herbert,
951 1461 130 49 1889
1114 1476 64 34 or
1209 1459 259 58 90-1924,
1501 1456 330 65 defendant.

161 1540 119 52 The
310 1540 134 51 trial
475 1538 64 51 of
567 1537 236 53 Patrick
833 1537 234 55 Mahon,
1097 1536 139 52 with
1269 1555 68 32 an
1372 1536 392 51 introduction
1793 1535 73 68 by
1899 1534 200 69 Edgar

90 1618 269 51 Wallace.
428 1617 258 56 London,
716 1615 68 54 G.
819 1616 131 51 Bles
988 1618 171 62 [1928]

91 1696 2009 100 286 p., 1 l. incl. front. (port.) plates, pows. 22½ᶜᵐ. (Half-title: Famous trials series. General editor: G. Dilnot)
165 1814 135 39 Trial
337 1813 79 39 for
475 1813 58 39 the
570 1814 196 37 murder
804 1813 51 39 of
893 1811 158 48 Emily
1089 1812 102 38 Beilby
1299 1812 138 46 Kaye
1475 1814 50 37 at
1565 1810 250 40 Westham
1855 1810 134 47 April
2031 1812 68 44 15,

91 1871 127 43 1924,
256 1871 110 39 held
404 1874 52 36 at
494 1871 81 38 the
614 1869 179 40 Sussex
832 1879 211 29 summer
1080 1868 196 48 assizes,
1316 1869 179 45 Lewes,
1535 1868 115 47 July
1688 1868 69 45 15,
1797 1866 141 44 1924;
1981 1868 118 45 also,

94 1928 321 46 Proceedings
445 1928 47 37 in
523 1927 81 39 the
675 1930 110 36 Court
815 1926 51 38 of
896 1926 223 40 criminal
1152 1926 188 47 appeal,
1370 1926 190 45 August
1591 1925 54 39 19,
1690 1924 128 40 1924.

101 1980 2000 53 © 1c. Mar. 27, 1928; A ad int. 10821; pubd. Jan. 31; Geoffrey Bles.
177 2041 281 49 (28-14680)

94 2136 448 62 Martin-Parry
573 2134 392 64 corporation,
1003 2135 178 66 York,
1215 2136 99 51 Pa.

163 2217 64 49 50
262 2213 493 53 vocations—how
790 2218 57 47 to
884 2213 102 52 sell
1020 2213 170 52 them.
1276 2212 198 66 [York,
1509 2213 121 64 Pa.,
1663 2212 438 68 Martin-Parry

90 2290 587 69 corporation, ᶜ1 928]
160 2375 547 49 144 p. fold. pl. 19 ᶜᵐ.
161 2433 118 40 Aids
311 2436 48 37 to
393 2433 240 39 salesmen
668 2432 51 40 of
752 2431 361 46 motor-trucks,
1148 2430 244 48 outlining
1425 2432 82 39 the
1542 2430 296 40 automobile
1871 2432 147 38 needs
2050 2431 49 39 in

90 2491 117 39 each
238 2490 50 38 of
317 2491 81 38 the
427 2489 113 46 fifty
567 2489 266 40 vocations.

103 2541 52 53 ©
196 2548 121 38 Mar.
354 2546 71 46 31,
464 2545 140 41 1928;
644 2545 68 41 2c.
751 2545 95 39 and
884 2543 83 42 aff.
1005 2544 114 47 Apr.
1156 2544 54 46 2;
1252 2544 42 38 A
1331 2543 229 47 1069710;
1603 2543 363 47 Martin-Parry
169 2554 1917 97 corporation.
480 2601 281 50 (28-13989)

95 2697 284 62 Mechem,
414 2696 211 64 Philip,
664 2699 169 50 1892-
1016 2696 83 52 ed.

173 2774 168 55 Cases
371 2775 113 52 and
517 2775 162 52 other
709 2773 292 53 materials
1033 2792 72 34 on
1136 2773 95 52 the
1264 2774 111 51 law
1408 2772 64 53 of
1503 2773 148 53 wills
1685 2773 114 53 and
100 2773 1982 146 administration,

361 2853 241 52 selected
631 2853 111 52 and
773 2852 190 53 edited
989 2852 77 68 by
1093 2852 203 68 Philip
1327 2851 257 53 Mechem
1615 2852 114 52 and
1757 2852 251 53 Thomas
2037 2852 67 52 E.

100 2930 1982 148 Atkinson … Rochester, N. Y., The Lawyers co-operative publishing
344 3027 299 50 company,
674 3011 150 50 1928.

207 3121 7 15 x,
244 3090 84 41 703
358 3101 42 37 p.
461 3091 146 40 23½ᶜᵐ.

107 3144 51 52 ©
189 3149 113 47 May
333 3149 68 41 12,
432 3149 116 40 1928;
606 3149 67 39 2c.
705 3149 113 47 May
848 3148 58 40 19;
964 3148 83 41 aff.
1079 3150 113 46 May
1223 3149 58 38 22;
1339 3149 41 38 A
1411 3149 203 39 1077354;
1675 3149 51 38 P.
1759 3149 217 40 Mechem
2007 3152 96 38 and

176 3206 210 40 Thomas
423 3207 52 39 E.
510 3206 254 46 Atkinson,
801 3206 274 46 Lawrence,
1111 3206 126 40 Kan.
1309 3205 281 48 (28-14440)

93 3301 254 61 Medina,
378 3301 222 51 Harold
632 3301 328 61 Raymond,
996 3303 171 49 1888-

177 3377 169 55 Cases
384 3397 72 33 on
495 3378 138 52 New
673 3378 164 52 York
875 3378 275 68 pleading
1190 3378 115 53 and
1344 3377 267 69 practice,
1651 3378 77 70 by
1766 3379 229 53 Harold
2037 3381 68 51 R.

104 3455 2003 71 Medina … New York, Chicago, Callaghan and company,
107 3537 148 50 1928.

175 3615 535 48 xxxviii, 1005 p. 26 ᶜᵐ.
179 3672 264 40 Published
470 3672 49 39 in
546 3672 114 40 1926
688 3673 154 39 under
870 3672 109 40 title;
1037 3673 148 40 Cases
1212 3683 61 30 on
1301 3674 118 38 New
1447 3674 131 40 York
1604 3674 228 48 practice.

110 3725 51 52 ©
196 3731 112 46 May
342 3731 68 45 28,
445 3730 141 41 1928;
621 3730 67 40 2c.
723 3731 94 38 and
851 3730 82 40 aff.
969 3732 113 46 May
1116 3731 48 39 31;
1236 3732 40 37 A
1310 3731 230 46 1074793;
1578 3733 188 39 Harold
1801 3733 55 41 R.
1893 3733 210 42 Medina.

178 3787 116 39 New
321 3787 145 39 York.
540 3787 280 48 (28-14443)

105 3865 174 60 Muir,
314 3866 333 63 Augustus,
684 3869 170 49 1892-

173 3944 120 53 The
331 3945 232 53 shadow
602 3963 67 34 on
708 3945 95 54 the
838 3945 127 56 left,
998 3946 75 67 by
1108 3946 298 69 Augustus
1442 3948 174 52 Muir.
1692 3948 259 68 London,
103 3950 1979 125 Methuen
307 4025 45 49 &
380 4042 98 37 co.,
507 4023 103 53 ltd.
647 4027 171 63 [1928]
