2498 4384
1053 4116 134 51 1065

118 457 360 65 Arensberg,
510 457 226 54 Walter
771 457 247 62 Conrad,
1056 455 171 54 1878-

185 538 122 52 The
354 535 292 54 Baconian
691 536 154 66 keys,
890 535 77 69 by
1011 535 224 54 Walter
1283 533 230 55 Conrad
1560 534 343 70 Arensberg.
1977 536 139 53 Rev.

114 615 83 52 ed.
273 614 361 69 Pittsburgh,
663 615 120 66 Pa.,
817 615 149 50 1928.

186 694 1180 51 115 p., 1 l. facsims. (71 pl. on 36 l.) 31 ᶜᵐ .
124 763 52 54 ©
206 769 116 47 July
349 767 40 50 9,
419 767 117 42 1928;
588 767 69 42 2c.
685 767 116 47 July
831 767 81 47 19;
943 765 82 42 aff.
1054 767 117 47 July
1201 766 81 47 18;
1315 766 41 39 A
1384 765 229 49 1083267;
1645 766 72 41 W.
1790 800 8 8 O.
1828 766 288 49 Arensberg,

190 826 302 47 Pittsburgh.
562 824 281 49 (28-17697)

185 934 120 53 The
340 932 467 69 Shakespearean
839 937 270 64 mystery,
1140 932 76 69 by
1248 932 223 55 Walter
1507 930 230 55 Conrad
1773 931 344 72 Arensberg.

111 1011 362 70 Pittsburgh,
500 1012 122 67 Pa.,
654 1013 151 51 1928.

184 1092 1038 49 5 p. l., 13-330 p. 222 pl. on 111 l. 31 ᶜᵐ.
184 1166 164 39 Plates
374 1164 192 41 include
594 1164 251 49 portraits,
874 1165 141 47 plans
1042 1164 96 39 and
1163 1162 285 41 facsimiles.

186 1223 290 47 “Summary
512 1222 51 41 of
600 1231 64 30 an
700 1220 379 49 interpretation
1118 1220 52 41 of
1209 1221 82 40 the
1330 1221 160 40 works
1529 1220 51 40 of
1619 1220 203 41 Francis
1860 1221 164 40 Bacon
2063 1231 55 30 as

112 1279 251 49 including
392 1280 115 39 ‘The
535 1280 188 39 workes
752 1278 52 41 of
833 1277 217 41 William
1083 1277 588 49 Shakespeare’.”—Pref.

121 1348 52 53 ©
203 1353 126 39 June
354 1353 40 46 4,
424 1351 140 47 1928;
594 1351 69 41 2c.
690 1351 117 46 July
834 1350 82 46 19;
947 1349 82 41 aff.
1059 1350 116 47 July
1203 1348 82 48 18;
1317 1350 40 38 A
1385 1348 229 48 1083268;
1645 1350 72 40 W.
1747 1349 50 42 C.
1827 1349 289 48 Arensberg,

189 1409 302 48 Pittsburgh.
562 1406 279 50 (28-17698)

117 1516 273 71 [Ashton,
424 1515 314 69 Winifred]

181 1595 122 53 The
335 1594 286 68 Babyons,
654 1593 96 54 the
782 1592 285 55 chronicle
1098 1592 65 53 of
1195 1611 32 34 a
1261 1591 225 70 family,
1515 1592 79 69 by
1626 1592 294 55 Clemence
1952 1593 166 53 Dane

138 1671 210 69 [pseud.]
435 1671 250 69 [Garden
730 1671 153 70 City,
923 1671 70 53 N.
1038 1671 91 67 Y.,
1171 1670 359 70 Doubleday,
1571 1671 199 52 Doran
1813 1671 114 53 and
110 1689 1983 131 company,
315 1751 127 67 inc.,
478 1753 151 64 1928]

176 1834 217 42 4 V. 20 ᶜᵐ.
179 1905 133 40 Each
339 1906 193 39 volume
560 1904 90 40 has
678 1903 181 49 special
889 1905 98 47 t.-p.

456 1973 1660 50 CONTENTS. — Third person singular. —Midsummer men. — Creeping
107 2031 373 48 Jenny.—Lady
513 2031 215 47 Babyon.

120 2098 52 53 ©
204 2103 117 47 July
350 2102 71 47 20,
454 2102 117 41 1928;
627 2102 69 40 2c.
728 2102 118 40 each
878 2102 98 39 and
1005 2100 109 41 affs.
1147 2102 117 47 July
1296 2101 56 40 23;
1413 2101 42 39 A
1487 2101 439 42 1082650-1082653;
186 2103 1912 104 Doubleday,

402 2160 169 39 Doran
598 2159 36 40 &
661 2169 81 37 co.,
770 2158 92 41 inc.
933 2157 280 50 (28-17640)

109 2253 292 63 Atwater,
434 2253 226 64 George
688 2251 241 64 Parkin,
964 2251 172 54 1874-

183 2331 224 54 Annals
437 2330 66 54 of
532 2351 31 33 a
594 2331 226 69 parish;
855 2350 31 33 a
917 2331 285 53 chronicle
1233 2330 65 53 of
1327 2331 97 53 the
1455 2330 289 72 founding
1776 2332 114 54 and
1922 2332 65 53 of
2016 2333 100 54 the

113 2410 226 69 growth
391 2410 115 53 and
556 2410 398 68 development
1006 2409 65 54 of
1120 2410 97 53 the
1272 2409 232 55 Church
1556 2410 65 53 of
1672 2410 125 56 Our
1850 2410 264 71 Saviour,

112 2488 221 68 Akron,
365 2487 171 69 Ohio,
567 2488 261 69 together
856 2488 143 53 with
1029 2508 31 33 a
1092 2489 266 68 personal
1389 2489 312 69 narrative,
1731 2490 78 70 by
1837 2491 98 53 the
114 2491 1977 129 Reverend

327 2565 1787 73 George Parkin Atwater … who served the parish as
112 2649 214 63 pastor,
357 2644 181 68 priest
569 2645 114 53 and
715 2650 184 48 rector
932 2644 154 53 from
1117 2645 321 54 November
1469 2649 85 65 20,
1589 2646 153 70 1897,
1773 2653 59 49 to
1867 2648 248 56 October

115 2726 47 64 1,
192 2725 150 50 1926.
413 2722 237 68 [Akron,
678 2722 87 68 O.]
797 2723 159 53 Priv.
986 2724 177 68 print,
1195 2723 96 54 for
1315 2725 98 53 the
1439 2726 277 54 members
1746 2727 114 53 and
1890 2726 223 56 friends

113 2799 1198 71 of the Church of Our Saviour [ ᶜ1 928]
182 2881 1149 51 3 p. l., 67 p., 1 l. front., plates, ports. 26 ᶜᵐ.
119 2950 51 52 ©
199 2955 126 39 June
351 2953 71 48 30,
450 2955 140 45 1928;
620 2955 68 41 2c.
716 2956 96 39 and
840 2954 82 43 aff.
950 2955 116 49 July
1094 2955 54 48 3;
1176 2956 43 39 A
1246 2956 230 48 1082562;
1509 2958 52 41 G.
1590 2959 51 41 P.
1669 2960 235 49 Atwater,
184 2962 1913 98 Brooklyn.
352 3011 282 50 (28-17798)

111 3104 223 64 Bailey,
365 3105 164 54 Alice
561 3106 241 63 Cooper.

177 3182 193 67 Kimo,
391 3183 78 67 by
489 3182 164 54 Alice
678 3183 222 69 Cooper
922 3184 221 69 Bailey,
1165 3186 327 54 illustrated
1513 3187 76 69 by
1610 3188 220 55 Lucille
1851 3190 264 71 Holling.

108 3260 1738 75 Joliet, New York, The P. F. Yolland company [ ᶜ1 928]
179 3344 1934 50 96 p. incl. col. front., col. illus. 23½ ᶜᵐ. (On cover: Volland “Nature
107 3400 248 41 children”
386 3401 175 47 books)

179 3472 290 40 Illustrated
501 3471 350 48 lining-papers
882 3471 51 40 in
964 3473 172 41 colors.

120 3537 51 52 ©
199 3542 116 46 July
341 3543 39 45 1,
407 3541 142 47 1928;
578 3541 68 41 2c.
673 3542 116 46 July
815 3541 53 47 9;
899 3541 83 42 aff.
1010 3542 116 47 July
1154 3542 52 47 5;
1236 3543 43 38 A
1304 3543 230 48 1083270;
1566 3546 51 41 P.
1646 3547 52 40 F.
1728 3548 207 42 Volland
1964 3561 52 29 co

197 3598 281 48 (28-17642)

113 3690 263 65 Bartley,
413 3693 139 52 Mrs.
589 3691 222 53 Nalbro
847 3692 307 64 Isadorah,
1196 3697 172 49 1888-

190 3770 121 52 The
347 3769 103 53 fox
483 3788 240 49 woman,
756 3769 77 70 by
867 3769 217 54 Nalbro
1121 3771 257 69 Bartley.
1451 3771 233 57 Garden
1723 3775 153 73 City,
1913 3780 70 53 N.
2022 3782 92 58 Y.,

118 3847 358 68 Doubleday,
501 3847 199 53 Doran
729 3849 46 51 &
804 3866 297 51 company,
1131 3847 128 70 inc.,
1292 3852 150 52 1928.

186 3928 472 49 3 p. l., 327 p. 19½ ᶜᵐ.
122 3997 52 53 ©
205 4002 114 48 May
349 4003 69 47 18,
450 4002 140 45 1928;
623 4003 67 40 2c.
722 4003 96 39 and
849 4002 81 41 aff.
963 4004 116 47 July
1111 4004 52 46 5;
1196 4005 44 38 A
1270 4004 229 50 1083129;
1532 4008 183 43 Nalbro
1748 4012 202 46 Bartley
188 4016 1911 91 Buffalo,
336 4060 57 40 N.
425 4060 54 40 Y.
550 4059 280 48 (28-16625)
