2498 4384
1151 4138 104 50 205

187 521 315 69 Copeland.
579 521 108 53 Ed.
744 520 114 53 [and
886 525 90 61 tr.]
1010 519 77 67 by
1116 518 184 67 Percy
1331 515 72 53 A.
1435 514 248 56 Scholes.
1766 515 279 66 [London]
2082 514 123 52 The

184 600 247 54 Aeolian
466 619 99 47 co.,
603 600 103 52 ltd.
751 597 172 68 [1927]
1015 576 150 88 (the
1201 594 229 54 world’s
1466 594 196 53 music.
1737 594 268 52 Duo-art.

178 592 2001 140 Annotated
446 677 187 55 series.
709 675 224 69 D-341)

190 755 2014 56 © 1c. June 8, 1927; A ad int. 10791; pubd. Apr. 10; Aeolian co.. New
261 820 146 41 York.
472 814 70 55 [©
578 821 105 40 text
718 818 96 40 and
847 816 333 41 illustrations
1215 826 61 30 on
1311 814 156 41 music
1501 815 107 49 roll]

180 914 229 54 Rambo
414 930 91 45 va,
539 911 296 55 Natacha.

254 993 278 68 Rudolph
589 990 329 67 Valentino,
975 988 408 55 recollections.
1459 987 141 54 New
1657 988 184 68 York,
181 988 2024 153 Jacobsen-Hodgkinson

604 1088 171 50 corp.,
814 1068 151 55 1927.

255 1156 27 39 1
321 1165 44 32 v.

191 1208 53 53 ©
275 1212 103 41 Oct.
407 1212 41 48 8,
476 1211 143 47 1927;
648 1211 69 40 2c.
747 1210 104 41 Oct.
880 1210 82 46 17;
994 1208 83 42 aff.
1109 1208 103 43 Oct.
1243 1208 82 47 22;
1358 1209 41 39 A
1428 1207 232 48 1004869;
260 1207 1929 103 Jacobsen-Hodgkinson

377 1267 327 50 corporation.

187 1366 206 61 Reese,
428 1363 274 55 Webster
730 1361 167 54 Paul.

257 1438 1889 72 Personality and success in teaching, by Webster P. Reese …
187 1522 238 66 Boston,
453 1520 68 53 R.
550 1518 69 56 G.
652 1519 233 69 Badger
919 1522 194 64 [ᶜ1928]

256 1602 985 51 2 p. l., vii-xi p., 1 l., 9-145 p. 21 ᶜᵐ .
259 1661 325 40 “References
610 1659 81 41 for
718 1658 232 48 reading”
980 1662 52 38 at
1057 1660 92 39 end
1178 1658 52 41 of
1257 1659 120 40 each
1405 1659 217 48 chapter.

195 1712 53 53 ©
288 1717 110 40 .Jan.
438 1716 71 48 23,
550 1715 143 43 1928;
734 1716 69 41 2c.
844 1716 113 40 Feb.
1000 1716 83 46 14;
1127 1714 85 41 aff.
1254 1715 114 41 Feb.
1408 1715 83 47 13;
1535 1714 42 40 A
1619 1713 231 48 1061714;
1895 1714 217 41 Richard
2158 1714 55 42 G.

265 1776 208 44 Badger.
545 1773 252 50 (28-5601)

185 1854 224 63 Rhode,
442 1854 174 54 John.

258 1932 1953 68 The murders in Praed street, by John Rhode … New
190 2011 181 68 York,
399 2012 194 67 Dodd,
618 2010 173 54 Mead
819 2012 46 52 &
891 2029 302 51 company,
1224 2013 153 50 1928.

258 2095 631 49 4 p. l., 3-298 p. 19½ ᶜᵐ .
194 2148 53 53 ©
273 2152 111 41 Feb.
410 2153 71 46 17,
507 2151 142 43 1928;
675 2152 68 40 2c.
770 2152 112 40 Feb.
907 2151 85 47 25;
1020 2151 83 41 aff.
1129 2152 114 40 Feb.
1269 2152 83 40 24;
1382 2151 41 40 A
1448 2151 232 47 1061961;
1709 2152 156 46 Dodd,
1895 2152 142 41 Mead
2066 2152 36 40 &
2128 2163 82 33 co.,

264 2210 93 42 inc.
429 2208 253 50 (28-5865)

188 2290 225 53 Robert
455 2290 220 53 Morris
713 2289 349 54 associates.
1136 2291 141 52 New
1319 2291 163 52 York
1525 2290 252 68 chapter.

260 2367 249 57 General
550 2369 174 69 study
765 2367 66 55 of
869 2368 98 54 the
1004 2368 115 54 silk
1157 2368 290 70 industry,
1485 2368 77 71 by
1601 2368 98 54 the
1739 2368 284 55 Research
188 2387 2001 129 committee,
437 2447 141 54 New

612 2447 1539 69 York chapter of the Robert Morris associates …
196 2525 1503 71 [Fernwood, Pa., Printed by J. J. Weber, ᶜ1 927]
260 2610 342 49 64 p. 23½ ᶜᵐ .
263 2667 1949 50 “Committee: David Y. Austin … Charles T. Ayles … M. Raymond
190 2724 156 49 Riley,
377 2723 300 42 chairman.”

261 2781 382 49 Bibliography:
677 2792 44 38 p.
752 2780 70 42 60.

197 2833 53 53 ©
279 2838 119 40 Nov.
429 2837 71 48 20,
532 2838 116 40 1927
665 2847 10 37 ;
706 2837 69 41 2c.
807 2838 96 39 and
935 2836 83 42 aff.
1048 2838 119 40 Nov.
1198 2837 85 47 28;
1316 2837 41 39 A
1388 2837 232 44 1061117;
1655 2838 184 41 Robert
1872 2839 179 41 Morris

265 2850 1931 93 associates,
468 2895 318 48 Lansdowne,
823 2895 84 41 Pa.
979 2894 254 50 (28-5611)

187 2973 510 65 Roger-Ducasse,
728 2974 148 54 Jean
909 2974 166 54 Jules
1105 2975 271 54 Amable.

261 3052 57 52 A
354 3053 280 53 listener’s
674 3053 395 54 introduction
1105 3059 59 48 to
1202 3054 98 53 the
1337 3053 181 55 music
1557 3054 65 54 of
1660 3055 234 55 Fauré’s
1935 3057 280 53 Berceuse

193 3130 155 54 from
390 3132 98 52 the
529 3132 179 69 Dolly
751 3132 163 57 suite,
956 3132 78 69 by
1094 3133 194 69 Roger
1348 3133 270 68 Ducasse,
1677 3133 359 55 transcribed
2098 3136 114 53 and

191 3211 211 68 played
435 3210 76 70 by
545 3209 220 56 Cortot.
842 3212 108 52 Ed.
1010 3211 113 53 [and
1157 3217 92 61 tr.]
1283 3211 78 70 by
1390 3213 186 69 Percy
1607 3212 71 53 A.
1715 3212 247 56 Scholes.
192 3215 1998 141 [London]
363 3289 123 53 The

519 3289 246 53 Aeolian
797 3309 98 35 co..
927 3290 104 52 ltd.
1091 3290 155 67 [1927]
1338 3290 150 69 (The
1521 3291 228 55 world’s
1784 3292 196 54 music.
190 3294 2022 127 Duo-art.
372 3366 336 54 Annotated

740 3367 187 54 series.
1003 3367 226 71 D-273)

198 3447 1388 55 © 1c. June 8, 1927; A ad int. 10793; pubd. Apr.
1620 3454 83 47 10;
1740 3455 204 41 Aeolian
1978 3467 68 29 co.,
2096 3457 119 40 New

267 3509 147 40 York.
478 3503 69 55 [©
581 3510 105 39 text
718 3509 97 40 and
846 3508 334 42 illustrations
1213 3521 61 29 on
1305 3511 156 41 music
1493 3512 107 50 roll]

192 3587 187 64 Scott,
414 3588 204 64 Harry
652 3588 295 64 Fletcher,
985 3593 172 50 1869-

327 3666 1829 75 … First Latin lessons, revised, by Harry Fletcher Scott …
195 3745 1998 131 and Annabel Horn … Chicago, Atlanta [etc. ] Scott, Foresman
358 3824 659 70 and company [ ᶜ1 928]
267 3905 1949 56 viii, 5-485, 44 p. front., illus., col. plates. 19½ ᶜᵐ . (The Lake classical
195 3963 176 47 series)

203 4017 51 52 ©
283 4021 112 40 Feb.
422 4021 40 43 4,
490 4022 141 47 1928;
661 4023 68 41 2c.
757 4024 97 39 and
881 4023 84 42 aff.
994 4024 112 41 Feb.
1134 4024 52 41 6:
1216 4025 43 39 A
1286 4025 230 49 1061563;
1550 4027 149 50 Scott,
1729 4029 267 41 Foresman
2026 4030 37 40 &
2091 4040 68 31 co.

281 4078 256 50 (28-5697)
