2498 4384
1092 4051 138 51 2101

154 381 379 64 Remington,
566 379 252 54 Arthur.

221 458 395 69 Remington’s
666 459 132 51 1928
844 455 138 53 desk
1025 454 148 52 book
1216 453 66 52 of
1325 453 386 68 Washington
1759 456 227 48 current
2033 451 128 66 law,

151 531 1949 74 embracing vols. 136 to 146, (inch) Supreme court reports …
150 606 2013 76 Cumulative. By Arthur Remington … [Olympia, Wash.,
151 697 151 64 1928]

222 775 513 52 viii, [3], 265 p. 24 ᶜᵐ.
154 841 1986 105 © June 29, 1928; 2c. July 9; aff. July 5; A 1083177; A . Remington, Tacoma.
151 1001 180 62 Rodó,
364 999 140 53 José
538 997 281 65 Enrique;
855 996 328 55 1872-1917.

222 1081 120 52 The
379 1080 239 52 motives
652 1078 64 52 of
750 1078 260 67 Proteus,
1044 1077 77 70 by
1153 1077 105 53 José
1324 1075 67 55 E.
1428 1075 193 59 Rodó;
1658 1074 316 53 translated
2012 1074 151 53 from

151 1160 95 52 the
281 1158 250 68 Spanish
565 1158 75 68 by
676 1156 187 69 Angel
895 1156 227 65 Flores;
1159 1155 136 52 with
1334 1173 69 34 an
1441 1153 390 54 introduction
1864 1152 76 70 by
151 1153 1991 136 Havelock

307 1234 1235 68 Ellis … New York, Brentano’s, 1928.
222 1315 633 51 xxvi p., 1 l., 378 p. 22½ᶜᵐ.
223 1390 395 47 “Bibliography.
680 1387 115 42 José
829 1387 216 49 Enrique
1081 1388 102 39 Rodó
1259 1385 379 50 (1872-1917)”:
1671 1396 44 38 p.
1747 1384 221 43 363-369.

155 1443 1738 54 © Dec. 20, 1928; 2c. and aff. Dec. 22; A 2424; Brentano’s, inc.
234 1504 223 50 (29-386)

155 1599 358 63 Rosendahl,
539 1598 134 56 Carl
700 1599 162 63 Otto,
889 1599 172 53 1875-

221 1675 1887 71 Trees and shrubs of Minnesota, by Carl Otto Rosendahl …
151 1754 1743 70 and Frederic K. Butters … Minneapolis, Minn., The
150 1754 1997 152 University
291 1837 65 55 of
381 1837 322 53 Minnesota
736 1854 173 51 press,
939 1838 149 51 1928.

223 1919 65 40 vii
316 1930 57 37 p.,
401 1919 25 40 1
476 1951 7 8 l.,
526 1918 86 40 385
641 1929 41 37 p.
757 1918 166 45 front.,
951 1917 130 40 illus.
1142 1916 118 41 26ᶜᵐ.

156 1973 2011 53 © Dec. 24, 1928; 2c. and aff. Dec. 29; A 3417; University of Minnesota,
227 2034 339 48 Minneapolis.
640 2031 223 51 (29-569)

153 2129 170 61 Ross,
352 2129 155 53 John
538 2129 197 62 Elliot,
766 2133 171 50 1884-

232 2207 143 52 Five
393 2206 219 53 minute
630 2224 252 35 sermons;
933 2206 161 53 short
1112 2205 152 54 talks
1283 2224 71 34 on
1373 2204 152 54 life’s
1545 2204 302 69 problems.
1946 2203 222 56 Second

157 2283 1989 149 series. By Rev. J. Elliot Ross … St. Louis, Mo. and London,
320 2364 65 52 B.
416 2363 230 55 Herder
672 2362 149 55 book
850 2381 99 51 co.,
979 2365 152 52 1928.

227 2445 544 49 5 p. 1. 3-313 p. 19½ ᶜᵐ.
157 2500 1823 52 © Dec. 17, 1928; 2c. and aff. Dec. 21: A 2366; B. Herder book co.
235 2560 225 50 (29-590)

154 2657 327 63 Sadowski,
516 2659 261 53 Thomas
809 2658 328 54 Abraham.

228 2735 222 55 Secrets
491 2741 58 47 to
588 2736 215 66 health,
841 2736 139 53 with
1025 2737 358 67 prevention,
1423 2755 163 35 cause
1627 2737 113 53 and
1782 2755 130 35 cure
1953 2735 64 54 of

155 2736 1992 146 disease,
321 2814 302 67 including
647 2815 135 53 data
809 2815 280 67 provided
1113 2815 77 69 by
1215 2815 219 55 United
1465 2814 189 56 States
1681 2820 391 65 government,
2096 2815 78 70 by

154 2893 250 53 Thomas
440 2893 70 53 A.
550 2892 315 56 Sadowski.
944 2892 117 56 San
1098 2894 383 68 Bernardino,
1517 2893 195 69 Calif.,
1750 2893 120 56 Sun
1908 2894 266 70 printing

155 2971 917 68 and publishing house [ ᶜ19 28]
224 3054 661 50 68. [2] p. 23 ᶜᵐ. $1.00
158 3107 2013 53 © Oct. 20, 1928; 2c. and aff. Dec. 21; A 2391: T. A. Sadowski, San
226 3169 321 47 Bernardino,
579 3169 146 40 Calif.
794 3169 222 49 (29-442)

157 3264 290 58 Schmidt,
477 3265 72 60 J.,
579 3265 70 68 jr.

225 3342 1946 71 Forgery insurance, by J. Schmidt, jr. … Hartford, Conn.,
153 3419 292 53 Hartford
483 3420 255 53 accident
773 3422 112 52 and
919 3421 324 68 indemnity
1276 3439 282 51 company
1599 3425 172 64 [1928]

220 3503 1123 50 40 p. facsims. 28½ ᶜᵐ. [Mimeographed]
223 3558 299 42 Cover-title.

156 3611 52 53 ©
233 3616 117 47 July
374 3616 69 43 12,
469 3616 84 40 1928;
638 3617 67 40 2c.
732 3617 115 47 July
872 3617 56 39 25:
984 3617 83 40 aff.
1093 3617 116 48 July
1236 3617 83 42 18:
1348 3618 39 39 A
1413 3617 230 48 1082714;
1674 3619 245 41 Hartford
1946 3620 222 40 accident

224 3673 94 39 and
346 3672 272 48 indemnity
645 3684 68 29 co.

155 3766 238 57 Seaver,
426 3768 151 52 Fred
608 3768 133 63 Jay,
775 3769 170 54 1877-

221 3847 120 53 Thc
375 3847 186 53 North
600 3847 304 54 American
941 3848 308 69 cup-fungi
1299 3848 409 70 (operculates)
1752 3852 77 70 by
1864 3852 148 55 Fred
2052 3853 115 69 Jay

153 3923 1307 74 Seaver … New York, The author, 1928.
