2498 4384
1072 4070 134 49 1535

153 412 176 63 Gray,
360 410 154 54 John
549 409 263 63 Stanley,
849 412 171 50 1894-

227 483 1926 72 Communicative speaking, by J. Stanley Gray … Boston,
156 567 187 65 Mass.,
377 564 350 69 Expression
763 581 297 50 company,
1098 564 151 51 1928.

225 616 1364 79 3 p. l., v-vi p., 2 l., 3-299 p. incl. illus., forms. 21 ᶜᵐ.
227 716 224 40 Includes
476 716 176 39 “Acres
678 715 52 40 of
753 714 267 48 diamonds,
1048 715 61 47 by
1136 714 194 40 Russell
1359 713 61 41 H.
1447 712 241 42 Conwell”
1727 712 67 48 (p.
1821 710 198 49 81-109)
2057 713 95 39 and

157 775 128 39 “The
311 783 157 37 sunny
495 772 102 41 side
622 772 52 41 of
697 771 87 42 life
813 771 88 50 [by]
931 771 166 41 James
1124 770 217 48 Hedley”
1378 769 68 50 (p.
1473 768 228 49 109-140)

224 830 349 47 Bibliography
603 832 51 37 at
683 830 89 39 end
803 829 52 39 of
882 829 118 40 each
1029 829 216 47 chapter.

155 898 51 52 ©
237 902 127 47 Sept.
391 901 69 47 22,
485 900 143 47 1928;
657 900 67 40 2c.
755 900 128 47 Sept.
910 899 83 47 29;
1023 899 82 41 aff.
1135 898 103 42 Oct.
1265 899 53 46 3;
1348 899 42 38 A
1416 898 229 47 1053704;
1678 897 297 48 Expression
2031 908 42 30 co.

230 957 280 49 (28-23422)

149 1052 247 63 Greven,
429 1050 187 54 Josef.

223 1128 339 56 Geschichte
593 1129 99 52 der
724 1128 209 53 kirche.
1004 1128 222 52 Drittes
1262 1128 275 65 Zeitalter,
1572 1144 111 34 von
1718 1127 83 52 dr.
1837 1126 55 53 J.
1929 1124 227 55 Greven

214 1203 1937 72 … in verbindung mit prof. dr. A. Burgardsmeier … Ausg. A.
150 1283 1013 69 Düsseldorf, L. Schwann [ ᶜ1 928]
223 1364 1932 50 viii, 165-345 p. illus., plates (part col., part fold.) 22 ᶜᵐ. (Licht und
151 1424 135 40 leben;
358 1423 233 40 lehrbuch
634 1423 83 39 für
760 1424 92 38 den
893 1422 342 40 katholischen
1279 1421 509 48 religionsunterricht
1833 1432 63 29 an
1939 1420 215 41 höheren

149 1480 213 39 schulen.
421 1479 274 41 Oberstufe,
752 1479 74 40 bd.
912 1480 14 48 IV)

153 1532 1749 52 © Mar. 15, 1928; 1c. July 18; A —Foreign 39709; L. Schwann.
147 1644 310 64 Harrison,
492 1644 259 53 Herbert
787 1645 275 63 Spencer.
1100 1644 172 53 1872-

223 1723 131 52 Pots
387 1722 115 52 and
537 1739 170 50 pans;
742 1721 96 53 the
870 1722 222 68 history
1127 1722 64 52 of
1222 1722 287 65 ceramics,
1539 1721 75 68 by
1647 1722 77 51 H.
1760 1720 55 55 S.
1849 1721 303 53 Harrison.

145 1800 258 67 London,
437 1798 67 56 G.
539 1799 183 53 Howe
754 1800 103 52 ltd.
918 1802 152 64 [1928]

144 1881 1992 98 vii, [1], 88 p. illus. 17 ᶜᵐ. (Half-title: The beginning of things. General
277 1939 186 41 editor:
500 1939 53 41 G.
585 1940 53 39 E.
673 1938 172 42 Smith.
923 1937 69 49 [8])

215 1996 351 48 Bibliography
584 2006 8 29 :
629 2005 42 38 p.
705 1996 83 39 vii.

151 2048 2002 52 © 1c. Sept. 1, 1928; A ad int. 11704; pubd. July 5; William Morrow &
217 2120 82 37 co.,
331 2109 106 47 inc.,
468 2109 118 40 New
618 2109 144 40 York.
832 2108 282 49 (28-23444)

140 2202 369 64 Hausmann,
540 2201 298 55 Manfred.

280 2278 1873 70 … Lampioon küsst mädchen und kleine birken; aben teuer
148 2355 1636 71 eines wanderers. Bremen, C. Schünemann [ ᶜ1 928 ]
217 2439 280 49 258 p. 18 ½ ᶜᵐ.
146 2494 1868 52 © Jan. 1, 1928; 1c. Apr. 11; A —Foreign 38318; Carl Schünemann.
228 2555 281 49 (28-23412)

144 2648 237 65 Herold,
418 2649 247 63 Stanley
701 2649 351 63 Carrollton,
1093 2653 173 49 1883-

212 2725 336 71 Analytical
598 2726 313 69 principles
961 2726 65 53 of
1073 2726 96 53 the
1220 2726 344 68 production
1615 2726 64 54 of
1727 2727 95 67 oil,
1872 2745 117 51 gas,
2040 2726 113 54 and

145 2811 173 47 water
351 2804 154 54 from
537 2804 184 68 wells;
757 2823 32 34 a
820 2804 232 54 treatise
1081 2804 173 54 based
1285 2823 156 50 upon
1473 2824 30 33 a
1535 2810 209 63 system
1774 2804 65 54 of
1869 2804 140 54 fluid
143 2823 1988 113 mechanics

404 2882 383 69 particularly
820 2882 250 68 adapted
1104 2888 58 47 to
1193 2882 98 54 the
1323 2883 172 67 study
1529 2883 64 53 of
1625 2883 96 53 the
1755 2882 397 69 performance

143 2959 1986 148 of natural reservoirs, by Stanley C. Herold … with a foreword by
462 3037 184 71 Cyrus
689 3039 64 52 F.
798 3039 243 51 Tolman
1084 3039 112 52 and
1241 3057 32 34 a
1314 3037 138 53 final
1493 3057 292 51 summary
1825 3039 74 69 by
1945 3039 208 54 Ernest

142 3117 74 53 K.
259 3117 202 53 Parks.
540 3115 283 56 Stanford
864 3115 358 71 University,
1266 3115 197 70 Calif.,
1508 3116 284 56 Stanford
1832 3117 320 71 university

143 3213 173 50 press,
356 3197 151 51 1928.

211 3277 1417 50 xviii p., 2 l., 3-659 p. front., illus., pl. , diagrs. 25½ ᶜᵐ.
151 3331 51 52 ©
231 3335 101 41 Oct.
360 3337 39 46 1,
428 3335 115 40 1928;
598 3335 67 40 2c.
694 3335 95 39 and
818 3333 82 41 aff.
930 3333 102 41 Oct.
1061 3334 52 46 8;
1144 3334 42 38 A
1212 3333 232 47 1054855;
1474 3334 163 40 Board
1667 3335 52 40 of
1747 3337 212 39 trustees
1989 3336 52 40 of
2070 3336 82 40 the

215 3393 183 39 Leland
430 3391 234 41 Stanford
693 3391 60 47 jr.
783 3390 286 49 university,
1102 3390 237 41 Stanford
1369 3390 298 49 University,
1700 3391 145 42 Calif.
227 3448 280 48 (28-23440)

145 3541 297 64 Highway
476 3541 366 54 conference.
917 3542 272 67 Boulder,
1222 3542 119 53 Col.,
1395 3545 149 51 1928.

278 3619 1873 69 … Papers presented at the Highway conference held at the
149 3698 337 68 University
508 3697 66 53 of
597 3697 283 54 Colorado
904 3716 71 34 on
998 3697 266 69 January
1290 3698 131 52 19th
1447 3698 113 52 and
1585 3698 151 68 20th,
1765 3701 149 50 1928.
149 3699 1979 142 Boulder,

295 3775 140 67 Col.,
467 3779 149 49 1928.

219 3857 445 48 88 p. diagr. 23 ᶜᵐ.
151 3909 51 51 ©
228 3913 125 40 June
377 3914 40 47 1,
443 3914 140 45 1928;
610 3914 67 40 2c.
702 3915 95 38 and
822 3914 82 40 aff.
930 3914 126 40 June
1082 3914 54 39 15;
1191 3913 42 40 A
1259 3913 201 41 1077815;
1517 3914 125 41 Civil
1669 3914 313 48 engineering
2006 3915 142 48 dept.,

219 3970 283 48 University
530 3970 53 41 of
611 3970 250 50 Colorado,
892 3971 227 48 Boulder,
1151 3970 100 42 Col.
