2498 4384
1365 4111 101 53 740

389 470 263 63 Caswell,
685 469 211 53 Albert
930 468 273 63 Edward,
1243 471 169 50 1884-

456 545 1928 71 An outline of physics, by Albert Edward Caswell … New
387 627 180 65 York,
597 625 121 53 The
747 625 335 52 Macmillan
1113 642 299 51 company,
1445 626 150 51 1928.

458 706 1116 50 xiv p., 1 l., 773 p. illus., diagrs. 22½ ᶜᵐ .
459 765 255 41 “Answers
744 768 47 38 to
821 763 298 50 problems”:
1150 773 43 39 p.
1222 763 219 42 751-756.

390 819 52 52 ©
474 824 113 46 May
615 822 68 42 15,
713 822 140 46 1928;
883 822 68 40 2c.
982 822 95 39 and
1108 821 82 41 aff.
1219 822 117 47 May
1362 821 82 47 16;
1476 822 41 39 A
1546 821 229 47 1074543;
1808 821 283 40 Macmillan
2119 833 68 29 co.

470 878 278 49 (28-13100)

393 959 334 54 Classroom
762 960 239 51 teacher,
1078 959 138 51 vols.
1253 961 47 63 8,
1334 962 81 50 11,
1451 961 79 48 12.
1608 957 270 69 Chicago,
1913 959 120 51 The
2069 957 323 54 Classroom

459 1038 622 66 teacher, inc. [ ᶜ19 28 ]
459 1118 1622 49 3 v. illus., plates (part fold.) maps, plans, diagrs. 21½ ᶜᵐ .
393 1173 52 52 ©
472 1179 121 38 Mar.
618 1177 40 47 1,
684 1176 141 47 1928;
852 1177 67 40 2c.
946 1176 118 40 each
1089 1177 97 38 and
1211 1175 83 42 aff.
1322 1177 121 39 Mar.
1470 1177 52 46 3;
1552 1176 41 39 A
1619 1176 229 46 1069181;
1878 1176 276 40 Classroom
2182 1177 209 48 teacher,

462 1234 90 41 inc.

395 1313 229 62 Collier,
657 1313 240 63 Robert,
933 1317 170 49 1885-

389 1390 1981 132 The life magnet [by] Robert Collier … New York, R. Collier
530 1472 192 64 [ ᶜ19 28 ]
460 1553 303 42 7 v. 17½ ᶜᵐ .
462 1611 130 40 Vols.
626 1611 86 39 1-2
745 1610 256 49 published
1034 1610 51 39 in
1120 1609 114 41 1927
1270 1610 155 41 under
1457 1609 136 41 title:
1630 1609 101 40 The
1766 1611 154 38 secret
1955 1610 51 40 of
2039 1611 126 45 gold.

397 1662 52 53 ©
482 1667 122 40 Mar.
638 1668 39 45 1,
710 1666 116 40 1928;
886 1667 67 40 2c.
986 1666 118 40 each
1137 1667 97 39 and
1267 1665 82 41 aff.
1382 1666 114 47 Apr.
1529 1667 82 45 27;
1648 1665 41 39 A
1721 1665 229 46 1074194;
1988 1666 181 40 Robert
2205 1665 191 48 Collier,

464 1724 91 40 inc.
630 1722 279 49 (28-13139)

398 1803 301 54 Colorado.
774 1804 278 67 Supreme
1086 1809 175 46 court.

395 1880 1980 145 Cases argued and determined … terms of April and September,
560 1960 148 53 1927.
791 1961 240 51 Newton
1080 1959 61 54 C.
1189 1958 271 68 Garbutt,
1505 1964 273 63 reporter,
1861 1978 51 33 v.
1962 1963 80 49 82.
2130 1959 270 69 Chicago,

398 2037 323 70 Callaghan
756 2040 44 49 &
836 2056 97 49 co.,
971 2041 149 50 1928.

467 2120 473 48 xvi, 663 p. 23 ᶜᵐ .
401 2173 52 52 ©
489 2179 114 46 May
636 2178 70 47 22,
741 2176 114 41 1928;
918 2177 67 40 2c.
1020 2178 96 38 and
1151 2176 83 40 aff.
1271 2178 114 46 May
1419 2176 83 47 25;
1540 2176 41 39 A
1615 2176 202 41 1074705;
1886 2177 136 40 State
2060 2177 51 40 of
2148 2176 252 49 Colorado,

470 2235 205 39 Denver.

402 2314 183 62 Corti,
616 2314 167 63 Egon
814 2314 238 62 Caesar,
1083 2319 161 48 conte
1249 2355 12 14 ,
1294 2316 169 50 1886-

472 2393 121 54 The
620 2393 109 53 rise
756 2393 64 53 of
846 2394 95 52 the
967 2393 172 53 house
1167 2393 64 53 of
1258 2393 341 53 Rothschild
1635 2393 109 68 [by]
1780 2392 186 55 Count
1998 2394 166 68 Egon
2195 2393 208 55 Caesar

402 2470 183 67 Corti,
632 2472 315 52 translated
999 2471 151 52 from
1200 2471 95 53 the
1345 2471 249 55 German
1643 2472 76 67 by
1770 2471 176 53 Brian
1999 2472 111 52 and
2165 2472 237 52 Beatrix

401 2550 186 51 Lunn.
653 2549 138 52 New
821 2550 180 65 York,
1031 2549 433 68 Cosmopolitan
1493 2549 148 53 book
1670 2549 382 68 corporation,
2086 2553 149 50 1928.

475 2631 1928 49 xii p., 1 l., 432 p. front., plates, ports., coats of arms, facsims. 24½ ᶜᵐ .
476 2689 119 40 This
621 2690 133 39 work
780 2688 253 49 appraises
1059 2689 80 40 the
1167 2689 268 48 important
1462 2688 236 42 influence
1726 2689 52 41 of
1805 2690 80 39 the
1914 2689 287 41 Rothschild
2230 2690 172 48 family

403 2757 61 28 on
497 2746 80 39 the
608 2746 194 48 politics
834 2745 51 40 of
917 2746 80 39 the
1030 2746 180 48 period,
1244 2745 275 45 1770-1830,
1554 2746 50 39 in
1637 2747 191 47 Europe
1861 2748 93 38 and
1990 2747 298 48 throughout
2326 2748 78 39 the

403 2803 167 40 world,
631 2803 61 47 cf.
726 2802 274 42 Foreword.

475 2859 205 40 “Notes”:
741 2871 42 35 p.
812 2859 204 40 409-427:
1076 2859 350 49 Bibliography:
1487 2870 41 37 p.
1558 2859 218 42 429-432.

407 2912 52 52 ©
485 2917 114 47 Apr.
625 2917 68 46 21,
721 2917 140 45 1928;
888 2918 67 40 2c.
982 2916 113 48 Apr.
1122 2918 55 39 23;
1235 2917 82 40 aff.
1344 2919 114 44 May
1485 2918 51 45 5;
1565 2917 41 39 A
1633 2916 229 48 1074422;
1894 2917 362 48 Cosmopolitan
2283 2919 124 40 book

474 2974 323 47 corporation.
868 2973 280 49 (28-12982)

412 3053 233 61 Cotton,
674 3055 136 51 Mrs.
836 3053 149 53 Jane
1020 3052 327 65 (Baldwin)

475 3132 222 65 Things
739 3132 46 53 is
826 3132 135 69 goin
1002 3151 59 34 as
1102 3133 177 53 usule.
1320 3133 188 52 edited
1549 3133 76 68 by
1665 3133 147 54 Jane
1853 3133 266 53 Baldwin
2165 3133 239 67 Cotton;

404 3210 1981 132 illustrated by Frederic J. Cotton, M. D. Boston, Mass., Marshall
584 3291 721 68 Jones company [ ᶜ19 28]
476 3372 1147 49 viii p., 2 l., 48 p. incl. front., illus. 19½ ᶜᵐ .
410 3427 53 51 ©
489 3431 114 47 Apr.
629 3430 69 47 28,
726 3432 140 47 1928;
894 3432 67 40 2c.
989 3432 114 48 May
1129 3432 19 38 1;
1211 3431 83 41 aff.
1323 3433 113 47 May
1462 3432 26 39 2;
1544 3432 41 40 A
1612 3432 200 40 1074311;
1872 3433 240 39 Marshall
2141 3433 148 40 Jones
2317 3433 91 40 inc.

489 3487 279 48 (28-12992)

413 3568 220 60 Dallas,
668 3569 212 52 Emma
911 3568 242 53 Janette
1192 3568 315 64 (Mefford)
1548 3570 169 52 “Mrs.
1753 3569 53 53 J.
1839 3570 73 52 H.
1947 3568 258 62 Dallas,”
486 3572 1924 127 1860-1916.

478 3725 237 52 Human
743 3725 164 53 heart
936 3726 215 65 throbs,
1182 3725 137 53 with
1353 3726 326 68 quotations
1710 3725 152 54 from
1894 3727 95 53 the
2020 3727 124 53 best
2173 3726 240 56 writers,

410 3802 1321 70 by Mrs. J. H. Dallas. [Los Angeles, ᶜ19 28]
481 3883 613 49 103 p. incl. port. 21 ᶜᵐ .
414 3937 52 53 ©
506 3942 113 48 Apr.
658 3942 67 45 11,
766 3942 140 47 1928;
946 3944 67 40 2c.
1052 3943 113 49 Apr.
1205 3944 59 40 18;
1329 3943 82 41 aff.
1451 3944 113 49 Apr.
1604 3944 82 48 16;
1728 3945 40 38 A
1806 3945 229 46 1077034;
2078 3944 180 40 Lillian
2298 3945 112 48 May

484 4000 1558 50 Dallas Sherbino, i. e. Mrs. N. S. Sherbino, Los Angeles.
492 4055 279 51 (28-13024)
