2498 4384
1051 4128 102 49 291

183 531 502 49 40 p. illus. 23 ᶜᵐ .
186 588 378 48 Bibliography:
597 600 44 37 p.
670 588 73 40 40.

119 640 52 52 ©
207 645 110 39 Feb.
351 644 59 40 10,
454 645 116 40 1928;
631 645 68 39 2c.
735 644 110 40 Feb.
878 643 57 39 25;
998 642 83 41 aff.
1117 642 111 40 Feb.
1263 641 82 46 28;
1384 642 40 38 A
1459 639 202 41 1069003;
1726 640 131 40 Natl.
1893 640 150 40 board
2080 639 52 40 of

187 700 82 42 the
309 701 171 47 Young
518 712 213 30 womens
772 700 253 42 Christian
1065 698 326 41 associations
1432 698 52 40 of
1526 698 80 40 the
1650 697 178 42 United
1874 697 164 41 States
2081 696 50 40 of

186 758 239 49 America,
459 759 117 40 New
609 758 145 41 York.
825 755 252 52 (28-7048)

111 853 366 62 Blackmore,
513 853 258 54 Richard
808 852 360 64 Doddridge,
1206 853 327 52 1825-1900.

183 932 187 53 Lorna
401 932 228 64 Doone;
662 950 31 34 a
722 949 261 35 romance
1010 929 65 54 of
1101 930 273 65 Exmoor,
1400 928 76 69 by
1503 928 255 53 Richard
1787 926 344 70 Doddridge

113 1005 1955 73 Blackmore, abridged and edited by Morton A. Sturtevant …
112 1088 139 53 New
281 1088 181 68 York,
490 1088 122 52 The
639 1087 337 53 Macmillan
1003 1104 302 51 company,
1335 1087 150 51 1928.

109 1168 2001 108 xx p., 1 l., 517 p. incl. front., illus. (map) plates. 18½ ᶜᵐ . (The modern readers’ series)
181 1286 441 48 “Supplementary
652 1283 261 49 reading”:
948 1295 42 36 p.
1024 1283 218 40 515-517.

114 1338 52 52 ©
199 1343 122 39 Mar.
351 1343 38 47 6,
422 1341 114 41 1928;
594 1341 67 40 2c.
692 1341 95 39 and
818 1339 83 41 aff.
932 1341 124 40 Mar.
1086 1341 53 45 7;
1172 1340 41 38 A
1245 1338 231 48 1068150;
1511 1338 283 41 Macmillan
1825 1349 68 30 co.
1975 1334 52 52 [©
181 1338 1930 101 introduction
494 1399 96 39 and
622 1401 154 46 notes]
849 1396 254 50 (28-7035)

108 1493 144 61 Bok,
293 1493 256 53 Edward
588 1492 276 62 William,
904 1496 171 49 1863-

179 1569 1951 71 Perhaps I am, by Edward W. Bok … New York, London,
110 1649 62 55 C.
205 1649 317 55 Scribner’s
551 1667 148 50 sons,
730 1651 149 51 1928.

177 1734 135 47 xviii,
344 1734 87 41 386
461 1745 43 37 p.
565 1733 118 41 21ᶜᵐ.

179 1792 159 39 Based
375 1801 61 30 on
474 1790 83 41 the
593 1789 277 41 reflections
908 1789 95 40 and
1043 1789 299 40 adventures
1377 1788 53 41 of
1465 1799 26 29 a
1531 1788 181 40 retired
1752 1788 224 40 business
2013 1799 111 30 man

107 1847 109 41 who
251 1849 108 39 sent
397 1847 78 40 his
512 1850 137 44 story
687 1850 50 37 to
774 1847 90 39 Mr.
902 1846 120 40 Bok.
1082 1846 102 39 The
1222 1844 254 41 rewritten
1515 1844 193 40 version
1748 1845 53 39 of
1838 1845 157 40 which
2036 1846 90 40 Mr.

107 1904 105 41 Bok
237 1904 41 41 is
305 1902 269 50 “perhaps”
601 1904 82 40 the
710 1903 181 40 author
917 1902 42 39 is
986 1902 139 45 given
1154 1902 129 39 here.

111 1957 52 52 ©
199 1961 111 40 Feb.
344 1960 70 47 16,
448 1960 118 40 1928;
627 1961 68 39 2c.
731 1960 112 40 Feb.
876 1959 83 46 25;
998 1958 82 41 aff.
1117 1959 111 41 Feb.
1264 1958 56 41 28;
1384 1959 41 38 A
1459 1958 205 41 1061987;
1730 1958 204 41 Charles
179 1958 1930 100 Scribner’s
337 2028 128 30 sons.
536 2017 254 48 (28-6840)

109 2111 251 65 Bolling,
389 2111 261 54 Richard
679 2111 259 62 Walker,
969 2114 171 50 1882-

239 2188 1828 72 … Surgery of childhood, by Richard Walker Bolling …
105 2271 102 50 203
242 2269 397 53 illustrations.
710 2269 139 52 New
883 2268 182 68 York,
1097 2268 262 68 London,
1393 2268 71 53 D.
1499 2267 297 70 Appleton
1831 2268 114 53 and
108 2286 1992 131 company
336 2350 154 65 [ᶜ1928]

177 2429 1949 50 xxvi, 390 p. illus. 25ᶜᵐ. (Clinical pediatrics … supervising editor,
107 2487 707 47 R. S. Haynes … vol. XV)
179 2544 352 41 “References”
560 2548 53 37 at
640 2546 92 39 end
762 2545 52 39 of
841 2547 127 38 most
998 2544 52 41 of
1078 2545 83 41 the
1189 2546 245 47 chapters.

109 2598 52 53 ©
191 2603 112 40 Feb.
330 2603 70 46 29,
431 2603 116 40 1928;
603 2604 68 40 2c.
702 2604 95 39 and
828 2603 82 41 aff.
941 2604 123 41 Mar.
1093 2603 27 41 3;
1181 2603 41 39 A
1251 2603 204 40 1069064;
1517 2603 57 42 D.
1605 2603 242 48 Appleton
1877 2607 37 41 &
1942 2614 69 30 co.

187 2660 253 48 (28-6958)

102 2753 313 65 Boreham,
451 2755 200 52 Frank
686 2754 277 64 William,
1000 2756 172 53 1871-

104 2833 1992 143 A temple of topaz, by F. W. Boreham … New York, Cincinnati,
367 2914 123 52 The
518 2913 316 63 Abingdon
865 2933 157 43 press
1080 2916 135 50 [1928]

173 2995 277 48 272 p. 19 ½ᶜᵐ
175 3052 182 47 “Fifth,
392 3054 97 39 and
520 3054 131 48 final,
684 3055 193 39 volume
910 3055 52 39 of
1000 3055 79 40 the
1112 3055 153 39 Texts
1297 3056 111 39 that
1441 3056 141 38 make
1615 3055 189 47 history
1839 3054 195 40 series."

106 3106 52 52 ©
188 3112 122 40 Mar.
339 3112 38 46 1,
406 3111 141 47 1928;
578 3112 68 41 2c.
673 3113 97 39 and
798 3113 83 40 aff.
912 3114 122 40 Mar.
1063 3114 53 40 3;
1148 3113 41 39 A
1216 3112 232 42 1069073;
1481 3113 52 41 F.
1563 3114 71 39 W.
1665 3113 258 46 Boreham,

174 3113 1929 103 Armadale,
332 3169 297 48 Melbourne,
664 3169 270 43 Australia.
1009 3170 254 49 (28-6986)

97 3248 366 65 Borgardus,
501 3251 225 64 Emory
758 3251 283 64 Stephen,
1080 3255 172 50 1882-

169 3327 1953 73 A history of social thought, by Emory S. Bogardus … 2d
100 3407 84 52 ed.
260 3408 113 52 Los
403 3408 271 70 Angeles,
704 3409 55 55 J.
792 3410 68 52 R.
892 3410 198 52 Miller
1166 3413 153 64 [ᶜ1928]

168 3491 328 48 668 p. 25 ᶜᵐ .
105 3544 51 52 ©
190 3549 111 41 Feb.
331 3550 41 47 4,
405 3549 116 41 1928;
581 3552 69 39 2c.
683 3551 123 41 Mar.
839 3551 23 39 1;
925 3551 83 41 aff.
1042 3552 123 40 Mar.
1198 3553 25 39 3;
1288 3551 40 39 A
1361 3552 203 40 1069077;
1628 3551 138 40 Jesse
1801 3551 107 47 Ray
1941 3550 178 42 Miller.

183 3606 252 50 (28-6962)

96 3686 212 64 Boyer,
342 3688 248 54 Charles
623 3689 256 64 Shimer,
914 3694 171 50 1869-

169 3765 122 54 The
324 3784 145 50 span
506 3767 65 53 of
606 3786 35 35 a
675 3773 266 64 century;
980 3788 33 33 a
1048 3768 428 68 chronological
1512 3768 223 69 history
1771 3767 65 54 of
1868 3768 97 52 the
2001 3766 116 69 city

98 3842 65 53 of
191 3842 274 71 Camden,
492 3846 284 68 compiled
806 3847 153 52 from
984 3852 160 48 notes
1172 3847 115 53 and
1315 3847 136 53 data
1479 3847 270 53 collected
1775 3845 77 69 by
1879 3845 241 56 Charles

100 3921 2017 75 S. Boyer … [Camden, N. J.] Pub. by Centennial anniversary
98 4001 322 54 committee
451 4002 65 52 of
549 4002 274 69 Camden,
856 4004 139 53 New
1028 4004 203 70 Jersey
1310 4007 134 50 [ᶜ1928]
