<alto xmlns="http://www.loc.gov/standards/alto/ns-v3#" xmlns:xlink="http://www.w3.org/1999/xlink" xmlns:xsi="http://www.w3.org/2001/XMLSchema-instance" xsi:schemaLocation="http://www.loc.gov/standards/alto/ns-v3# http://www.loc.gov/alto/v3/alto-3-0.xsd"><Description>
<MeasurementUnit>pixel</MeasurementUnit>
<sourceImageInformation>
<fileName>1928_v25_part001.pdf</fileName>
</sourceImageInformation>
<OCRProcessing ID="IdOcr">
<ocrProcessingStep>
<processingDateTime>2019-04-12</processingDateTime>
<processingSoftware>
<softwareCreator>ABBYY</softwareCreator>
<softwareName>ABBYY Recognition Server</softwareName>
<softwareVersion>4.0</softwareVersion>
</processingSoftware>
</ocrProcessingStep>
</OCRProcessing>
</Description>
<Styles>
<ParagraphStyle ID="StyleId-FFFFFFFF-FFFF-FFFF-FFFF-FFFFFFFFFFFF-" ALIGN="Left" LEFT="0." RIGHT="0." FIRSTLINE="0."/>
<ParagraphStyle ID="StyleId-0ECAC0CE-E1F0-4C69-A1B9-95E16886343B-" ALIGN="Left" LEFT="0." RIGHT="0." FIRSTLINE="0." LINESPACE="8.300000191"/>
<ParagraphStyle ID="StyleId-5C6F7A30-EC6F-4250-A8D3-0AE106DCDB5D-" ALIGN="Left" LEFT="0." RIGHT="0." FIRSTLINE="-13." LINESPACE="11.22999954"/>
<ParagraphStyle ID="StyleId-B258737E-7AF8-4B71-A0BF-0A1420B951F9-" ALIGN="Left" LEFT="0." RIGHT="0." FIRSTLINE="-13." LINESPACE="8.210000038"/>
<ParagraphStyle ID="StyleId-35C0EFA5-E89E-4731-B16E-5D3895F12270-" ALIGN="Block" LEFT="0." RIGHT="0." FIRSTLINE="-12." LINESPACE="11.22999954"/>
<ParagraphStyle ID="StyleId-7BD1F9B4-14BB-4AAF-864B-FED8FEA7DC43-" ALIGN="Left" LEFT="0." RIGHT="0." FIRSTLINE="0."/>
<ParagraphStyle ID="StyleId-CD2DA0E5-536D-42AE-AE16-8D9F5C008D5A-" ALIGN="Block" LEFT="0." RIGHT="0." FIRSTLINE="-12." LINESPACE="10."/>
<ParagraphStyle ID="StyleId-AF408F88-EED5-4CE2-A229-3F852C18D9BD-" ALIGN="Block" LEFT="0." RIGHT="0." FIRSTLINE="-14." LINESPACE="10."/>
<ParagraphStyle ID="StyleId-829CD741-943D-4B7B-9638-57AB73DE2567-" ALIGN="Center" LEFT="0." RIGHT="0." FIRSTLINE="0." LINESPACE="9.399999619"/>
<ParagraphStyle ID="StyleId-B271BDFA-6037-4875-BA99-885A067668E9-" ALIGN="Left" LEFT="0." RIGHT="0." FIRSTLINE="-14." LINESPACE="11.21000004"/>
<ParagraphStyle ID="StyleId-64F9C1D8-EA12-4F65-AD18-B72A4C6B556F-" ALIGN="Center" LEFT="0." RIGHT="0." FIRSTLINE="0." LINESPACE="11.60000038"/>
<ParagraphStyle ID="StyleId-44DA2756-E57B-4EF3-9BA4-FC1C14776DE3-" ALIGN="Left" LEFT="0." RIGHT="0." FIRSTLINE="-12." LINESPACE="12.19999981"/>
<ParagraphStyle ID="StyleId-D1D9AF19-8CA6-4F74-9AEC-1B4545205AD7-" ALIGN="Center" LEFT="0." RIGHT="0." FIRSTLINE="0." LINESPACE="11.60000038"/>
<ParagraphStyle ID="StyleId-3ADA1556-6D19-417D-8046-68449BF368BA-" ALIGN="Left" LEFT="0." RIGHT="0." FIRSTLINE="-13." LINESPACE="12.19999981"/>
<ParagraphStyle ID="StyleId-7443A930-B325-44B5-9AB8-B42B4EC78C89-" ALIGN="Block" LEFT="0." RIGHT="0." FIRSTLINE="13." LINESPACE="8.619999886"/>
<ParagraphStyle ID="StyleId-C9A9E480-E448-4934-9AF8-3D252792E396-" ALIGN="Left" LEFT="0." RIGHT="0." FIRSTLINE="-12." LINESPACE="11.38000011"/>
<ParagraphStyle ID="StyleId-73039842-464C-49B9-9440-4C0D0E749DFE-" ALIGN="Center" LEFT="0." RIGHT="0." FIRSTLINE="0." LINESPACE="11.10000038"/>
<ParagraphStyle ID="StyleId-C51F6AC2-80DA-4C65-849C-6E2D5F548EA4-" ALIGN="Left" LEFT="0." RIGHT="0." FIRSTLINE="0." LINESPACE="7.699999809"/>
<ParagraphStyle ID="StyleId-494190D9-BDDC-4834-A745-6AF520F91CD0-" ALIGN="Block" LEFT="0." RIGHT="0." FIRSTLINE="-12." LINESPACE="11.22999954"/>
<ParagraphStyle ID="StyleId-68D39D31-3386-4B28-8C90-DA9420961D78-" ALIGN="Left" LEFT="0." RIGHT="0." FIRSTLINE="0." LINESPACE="11.60000038"/>
<ParagraphStyle ID="StyleId-DF0CE7C7-E73E-44FE-8867-C904BD7F3F42-" ALIGN="Block" LEFT="0." RIGHT="0." FIRSTLINE="0." LINESPACE="12.19999981"/>
</Styles>
<Layout>
<Page ID="Page711" PHYSICAL_IMG_NR="711" HEIGHT="4384" WIDTH="2498">
<TopMargin HEIGHT="426" WIDTH="2498" VPOS="0" HPOS="0">
</TopMargin>
<LeftMargin HEIGHT="3627" WIDTH="116" VPOS="426" HPOS="0">
</LeftMargin>
<RightMargin HEIGHT="3627" WIDTH="346" VPOS="426" HPOS="2152">
</RightMargin>
<BottomMargin HEIGHT="331" WIDTH="2498" VPOS="4053" HPOS="0">
<TextBlock ID="Page711_Block1" HEIGHT="100" WIDTH="170" VPOS="4071" HPOS="1039" LANG="en-US" STYLEREFS="StyleId-FA4421BC-C0AC-415C-9E09-DD4610A03538-">
<TextLine HEIGHT="54" WIDTH="101" VPOS="4077" HPOS="1074">
<String CONTENT="711" HEIGHT="54" WIDTH="101" VPOS="4077" HPOS="1074"/>
</TextLine>
</TextBlock>
</BottomMargin>
<PrintSpace HEIGHT="3627" WIDTH="2036" VPOS="426" HPOS="116">
<TextBlock ID="Page711_Block2" HEIGHT="3627" WIDTH="2036" VPOS="426" HPOS="116" LANG="en-US" CS="1" STYLEREFS="StyleId-47855567-C10F-44DA-9124-9DBB059A7796-">
<TextLine HEIGHT="49" WIDTH="1998" VPOS="519" HPOS="139" CS="1">
<String CONTENT="Mars&#8217;" HEIGHT="40" WIDTH="146" VPOS="519" HPOS="139"/>
<SP HEIGHT="40" WIDTH="41" VPOS="519" HPOS="286"/>
<String CONTENT="Hill" HEIGHT="40" WIDTH="103" VPOS="519" HPOS="328"/>
<SP HEIGHT="38" WIDTH="41" VPOS="521" HPOS="432"/>
<String CONTENT="and" HEIGHT="38" WIDTH="94" VPOS="521" HPOS="474"/>
<SP HEIGHT="39" WIDTH="41" VPOS="521" HPOS="569"/>
<String CONTENT="the" HEIGHT="39" WIDTH="81" VPOS="521" HPOS="611"/>
<SP HEIGHT="39" WIDTH="37" VPOS="520" HPOS="693"/>
<String CONTENT="Parthenon.&#8212;Vino" HEIGHT="41" WIDTH="480" VPOS="519" HPOS="731"/>
<SP HEIGHT="39" WIDTH="39" VPOS="521" HPOS="1212"/>
<String CONTENT="di" HEIGHT="39" WIDTH="49" VPOS="520" HPOS="1252"/>
<SP HEIGHT="41" WIDTH="40" VPOS="519" HPOS="1302"/>
<String CS="1" CONTENT="Orvieto.&#8212;Two" HEIGHT="41" WIDTH="389" VPOS="519" HPOS="1343"/>
<SP HEIGHT="30" WIDTH="40" VPOS="530" HPOS="1733"/>
<String CONTENT="old" HEIGHT="39" WIDTH="78" VPOS="520" HPOS="1774"/>
<SP HEIGHT="40" WIDTH="38" VPOS="519" HPOS="1853"/>
<String CONTENT="fogies" HEIGHT="49" WIDTH="156" VPOS="519" HPOS="1892"/>
<SP HEIGHT="40" WIDTH="39" VPOS="520" HPOS="2049"/>
<String CONTENT="in" HEIGHT="39" WIDTH="48" VPOS="520" HPOS="2089"/>
</TextLine>
<TextLine HEIGHT="41" WIDTH="1506" VPOS="575" HPOS="138">
<String CONTENT="Holland.&#8212;If" HEIGHT="39" WIDTH="341" VPOS="576" HPOS="138"/>
<SP HEIGHT="38" WIDTH="26" VPOS="576" HPOS="480"/>
<String CONTENT="Dante" HEIGHT="40" WIDTH="160" VPOS="576" HPOS="507"/>
<SP HEIGHT="29" WIDTH="28" VPOS="587" HPOS="668"/>
<String CONTENT="were" HEIGHT="29" WIDTH="124" VPOS="587" HPOS="697"/>
<SP HEIGHT="30" WIDTH="28" VPOS="586" HPOS="822"/>
<String CONTENT="alive.&#8212;A" HEIGHT="39" WIDTH="244" VPOS="576" HPOS="851"/>
<SP HEIGHT="37" WIDTH="27" VPOS="577" HPOS="1096"/>
<String CONTENT="lesson" HEIGHT="39" WIDTH="159" VPOS="577" HPOS="1124"/>
<SP HEIGHT="39" WIDTH="26" VPOS="575" HPOS="1284"/>
<String CONTENT="from" HEIGHT="40" WIDTH="127" VPOS="575" HPOS="1311"/>
<SP HEIGHT="39" WIDTH="30" VPOS="575" HPOS="1439"/>
<String CONTENT="Dante." HEIGHT="41" WIDTH="174" VPOS="575" HPOS="1470"/>
</TextLine>
<TextLine HEIGHT="52" WIDTH="1881" VPOS="626" HPOS="147" CS="1">
<String CONTENT="&#169;" HEIGHT="52" WIDTH="52" VPOS="626" HPOS="147"/>
<SP HEIGHT="52" WIDTH="29" VPOS="626" HPOS="200"/>
<String CONTENT="May" HEIGHT="46" WIDTH="113" VPOS="632" HPOS="230"/>
<SP HEIGHT="47" WIDTH="25" VPOS="631" HPOS="344"/>
<String CS="1" CONTENT="8"/>
<String LANG="fr" CONTENT="," HEIGHT="14" WIDTH="8" VPOS="662" HPOS="401"/>
<SP HEIGHT="44" WIDTH="29" VPOS="632" HPOS="410"/>
<String CS="1" CONTENT="1928;" HEIGHT="40" WIDTH="85" VPOS="631" HPOS="440"/>
<SP HEIGHT="46" WIDTH="30" VPOS="631" HPOS="581"/>
<String CONTENT="2c." HEIGHT="39" WIDTH="68" VPOS="631" HPOS="612"/>
<SP HEIGHT="28" WIDTH="29" VPOS="643" HPOS="681"/>
<String CONTENT="and" HEIGHT="39" WIDTH="95" VPOS="632" HPOS="711"/>
<SP HEIGHT="39" WIDTH="30" VPOS="632" HPOS="807"/>
<String CS="1" CONTENT="aff." HEIGHT="40" WIDTH="82" VPOS="631" HPOS="838"/>
<SP HEIGHT="39" WIDTH="28" VPOS="632" HPOS="921"/>
<String CONTENT="May" HEIGHT="46" WIDTH="114" VPOS="632" HPOS="950"/>
<SP HEIGHT="46" WIDTH="28" VPOS="632" HPOS="1065"/>
<String CONTENT="10;" HEIGHT="48" WIDTH="81" VPOS="630" HPOS="1094"/>
<SP HEIGHT="46" WIDTH="34" VPOS="632" HPOS="1176"/>
<!-- cceid 1F941381-6CB2-1014-A20E-B9D6251C946A --><String CONTENT="A" HEIGHT="38" WIDTH="39" VPOS="632" HPOS="1211"/>
<SP HEIGHT="39" WIDTH="28" VPOS="631" HPOS="1251"/>
<String CONTENT="1077193;" HEIGHT="47" WIDTH="228" VPOS="630" HPOS="1280"/>
<SP HEIGHT="46" WIDTH="33" VPOS="631" HPOS="1509"/>
<String CONTENT="Henry" HEIGHT="47" WIDTH="168" VPOS="631" HPOS="1543"/>
<SP HEIGHT="48" WIDTH="30" VPOS="630" HPOS="1712"/>
<String CONTENT="Holt" HEIGHT="40" WIDTH="120" VPOS="630" HPOS="1743"/>
<SP HEIGHT="39" WIDTH="28" VPOS="631" HPOS="1864"/>
<String CONTENT="&amp;" HEIGHT="39" WIDTH="36" VPOS="631" HPOS="1893"/>
<SP HEIGHT="39" WIDTH="28" VPOS="631" HPOS="1930"/>
<String CONTENT="co." HEIGHT="30" WIDTH="69" VPOS="641" HPOS="1959"/>
</TextLine>
<TextLine HEIGHT="49" WIDTH="282" VPOS="686" HPOS="224">
<String CONTENT="(28-12575)" HEIGHT="49" WIDTH="282" VPOS="686" HPOS="224"/>
</TextLine>
<TextLine HEIGHT="65" WIDTH="1019" VPOS="767" HPOS="138" STYLEREFS="StyleId-BAE7EED5-A085-4331-A54F-9446267595B0-">
<String LANG="de" CONTENT="Heuser," HEIGHT="62" WIDTH="247" VPOS="769" HPOS="138"/>
<SP HEIGHT="62" WIDTH="32" VPOS="769" HPOS="386"/>
<String LANG="en-US" CONTENT="Herman" HEIGHT="52" WIDTH="263" VPOS="769" HPOS="419"/>
<SP HEIGHT="54" WIDTH="29" VPOS="768" HPOS="683"/>
<String LANG="en-US" CONTENT="Joseph," HEIGHT="65" WIDTH="239" VPOS="767" HPOS="713"/>
<SP HEIGHT="59" WIDTH="32" VPOS="772" HPOS="953"/>
<String LANG="en-US" CONTENT="1851-" HEIGHT="50" WIDTH="171" VPOS="771" HPOS="986"/>
</TextLine>
<TextLine HEIGHT="68" WIDTH="1933" VPOS="846" HPOS="206" STYLEREFS="StyleId-BAE7EED5-A085-4331-A54F-9446267595B0-">
<String CONTENT="The" HEIGHT="52" WIDTH="121" VPOS="846" HPOS="206"/>
<SP HEIGHT="34" WIDTH="36" VPOS="864" HPOS="328"/>
<String CONTENT="archbishop&#8217;s" HEIGHT="68" WIDTH="390" VPOS="846" HPOS="365"/>
<SP HEIGHT="49" WIDTH="36" VPOS="864" HPOS="756"/>
<String CONTENT="pocket-book," HEIGHT="67" WIDTH="391" VPOS="846" HPOS="793"/>
<SP HEIGHT="52" WIDTH="35" VPOS="846" HPOS="1185"/>
<String CONTENT="by" HEIGHT="68" WIDTH="76" VPOS="846" HPOS="1221"/>
<SP HEIGHT="67" WIDTH="35" VPOS="847" HPOS="1298"/>
<String CONTENT="Rev." HEIGHT="51" WIDTH="136" VPOS="847" HPOS="1334"/>
<SP HEIGHT="51" WIDTH="37" VPOS="847" HPOS="1471"/>
<String CONTENT="Herman" HEIGHT="51" WIDTH="255" VPOS="847" HPOS="1509"/>
<SP HEIGHT="53" WIDTH="37" VPOS="847" HPOS="1765"/>
<String CONTENT="J." HEIGHT="53" WIDTH="56" VPOS="847" HPOS="1803"/>
<SP HEIGHT="51" WIDTH="38" VPOS="847" HPOS="1860"/>
<String LANG="de" CONTENT="Heuser," HEIGHT="58" WIDTH="240" VPOS="847" HPOS="1899"/>
</TextLine>
<TextLine HEIGHT="68" WIDTH="1394" VPOS="924" HPOS="173" STYLEREFS="StyleId-BAE7EED5-A085-4331-A54F-9446267595B0-" CS="1">
<String LANG="de" CS="1" CONTENT="D"/>
<String LANG="el" CONTENT="." HEIGHT="8" WIDTH="8" VPOS="966" HPOS="173"/>
<SP HEIGHT="33" WIDTH="31" VPOS="941" HPOS="182"/>
<String CS="1" CONTENT="D"/>
<String LANG="el" CONTENT="." HEIGHT="9" WIDTH="8" VPOS="965" HPOS="251"/>
<SP HEIGHT="51" WIDTH="76" VPOS="924" HPOS="260"/>
<String CONTENT="New" HEIGHT="52" WIDTH="138" VPOS="924" HPOS="337"/>
<SP HEIGHT="51" WIDTH="28" VPOS="924" HPOS="476"/>
<String CONTENT="York," HEIGHT="57" WIDTH="178" VPOS="924" HPOS="505"/>
<SP HEIGHT="56" WIDTH="27" VPOS="925" HPOS="684"/>
<String LANG="fr" CONTENT="P." HEIGHT="51" WIDTH="64" VPOS="925" HPOS="712"/>
<SP HEIGHT="52" WIDTH="30" VPOS="924" HPOS="777"/>
<String CONTENT="J." HEIGHT="52" WIDTH="55" VPOS="924" HPOS="808"/>
<SP HEIGHT="51" WIDTH="30" VPOS="924" HPOS="864"/>
<String CONTENT="Kenedy" HEIGHT="68" WIDTH="241" VPOS="924" HPOS="895"/>
<SP HEIGHT="66" WIDTH="26" VPOS="926" HPOS="1137"/>
<String CONTENT="&amp;" HEIGHT="49" WIDTH="45" VPOS="926" HPOS="1164"/>
<SP HEIGHT="50" WIDTH="29" VPOS="926" HPOS="1210"/>
<String CONTENT="sons," HEIGHT="44" WIDTH="145" VPOS="942" HPOS="1240"/>
<SP HEIGHT="58" WIDTH="32" VPOS="928" HPOS="1386"/>
<String CONTENT="1928." HEIGHT="50" WIDTH="148" VPOS="926" HPOS="1419"/>
</TextLine>
<TextLine HEIGHT="48" WIDTH="368" VPOS="1007" HPOS="205" STYLEREFS="StyleId-BAE7EED5-A085-4331-A54F-9446267595B0-" CS="1">
<String CONTENT="iv." HEIGHT="41" WIDTH="60" VPOS="1007" HPOS="205"/>
<SP HEIGHT="41" WIDTH="29" VPOS="1007" HPOS="266"/>
<String CONTENT="291" HEIGHT="40" WIDTH="82" VPOS="1007" HPOS="296"/>
<SP HEIGHT="47" WIDTH="32" VPOS="1008" HPOS="379"/>
<String CONTENT="p." HEIGHT="37" WIDTH="42" VPOS="1018" HPOS="412"/>
<SP HEIGHT="38" WIDTH="60" VPOS="1009" HPOS="455"/>
<String CS="1" CONTENT="19&#189;" HEIGHT="40" WIDTH="57" VPOS="1007" HPOS="516"/>
<String STYLE="superscript" CS="1" CONTENT="&#7580;&#7504;."/>
</TextLine>
<TextLine HEIGHT="52" WIDTH="1997" VPOS="1057" HPOS="144" CS="1">
<String CONTENT="&#169;" HEIGHT="52" WIDTH="52" VPOS="1057" HPOS="144"/>
<SP HEIGHT="52" WIDTH="32" VPOS="1057" HPOS="197"/>
<String CONTENT="May" HEIGHT="46" WIDTH="113" VPOS="1063" HPOS="230"/>
<SP HEIGHT="45" WIDTH="29" VPOS="1064" HPOS="344"/>
<String CONTENT="7," HEIGHT="45" WIDTH="39" VPOS="1064" HPOS="374"/>
<SP HEIGHT="46" WIDTH="32" VPOS="1063" HPOS="414"/>
<String CS="1" CONTENT="1928;" HEIGHT="41" WIDTH="113" VPOS="1062" HPOS="447"/>
<SP HEIGHT="45" WIDTH="32" VPOS="1062" HPOS="588"/>
<String CONTENT="2c." HEIGHT="40" WIDTH="66" VPOS="1062" HPOS="621"/>
<SP HEIGHT="39" WIDTH="32" VPOS="1063" HPOS="688"/>
<String CONTENT="May" HEIGHT="46" WIDTH="113" VPOS="1063" HPOS="721"/>
<SP HEIGHT="46" WIDTH="30" VPOS="1063" HPOS="835"/>
<String CS="1" CONTENT="10;" HEIGHT="40" WIDTH="56" VPOS="1061" HPOS="866"/>
<SP HEIGHT="36" WIDTH="35" VPOS="1072" HPOS="948"/>
<String CONTENT="aff." HEIGHT="41" WIDTH="83" VPOS="1061" HPOS="984"/>
<SP HEIGHT="40" WIDTH="33" VPOS="1062" HPOS="1068"/>
<String CONTENT="May" HEIGHT="47" WIDTH="113" VPOS="1062" HPOS="1102"/>
<SP HEIGHT="46" WIDTH="32" VPOS="1063" HPOS="1216"/>
<String CS="1" CONTENT="11;" HEIGHT="39" WIDTH="53" VPOS="1062" HPOS="1249"/>
<SP HEIGHT="46" WIDTH="33" VPOS="1062" HPOS="1331"/>
<!-- cceid 1F94A23A-6CB2-1014-A20E-B9D6251C946A --><String CONTENT="A" HEIGHT="38" WIDTH="40" VPOS="1062" HPOS="1365"/>
<SP HEIGHT="40" WIDTH="30" VPOS="1062" HPOS="1406"/>
<String CS="1" CONTENT="1074450;" HEIGHT="41" WIDTH="205" VPOS="1061" HPOS="1437"/>
<SP HEIGHT="45" WIDTH="36" VPOS="1063" HPOS="1668"/>
<String LANG="fr" CONTENT="P." HEIGHT="38" WIDTH="50" VPOS="1063" HPOS="1705"/>
<SP HEIGHT="39" WIDTH="33" VPOS="1063" HPOS="1756"/>
<String CONTENT="J." HEIGHT="39" WIDTH="44" VPOS="1063" HPOS="1790"/>
<SP HEIGHT="40" WIDTH="32" VPOS="1062" HPOS="1835"/>
<String CONTENT="Kenedy" HEIGHT="47" WIDTH="202" VPOS="1062" HPOS="1868"/>
<SP HEIGHT="46" WIDTH="33" VPOS="1063" HPOS="2071"/>
<String CONTENT="&amp;" HEIGHT="40" WIDTH="36" VPOS="1063" HPOS="2105"/>
</TextLine>
<TextLine HEIGHT="47" WIDTH="479" VPOS="1118" HPOS="211">
<String CONTENT="sons." HEIGHT="31" WIDTH="125" VPOS="1128" HPOS="211"/>
<SP HEIGHT="44" WIDTH="69" VPOS="1119" HPOS="337"/>
<String CONTENT="(28-12551)" HEIGHT="47" WIDTH="283" VPOS="1118" HPOS="407"/>
</TextLine>
<TextLine HEIGHT="65" WIDTH="819" VPOS="1198" HPOS="133" STYLEREFS="StyleId-0D316618-2049-4B35-9567-4F6BDF6774E3-">
<String CONTENT="Hewes," HEIGHT="61" WIDTH="229" VPOS="1200" HPOS="133"/>
<SP HEIGHT="61" WIDTH="31" VPOS="1200" HPOS="363"/>
<String CONTENT="Agnes" HEIGHT="63" WIDTH="205" VPOS="1200" HPOS="395"/>
<SP HEIGHT="52" WIDTH="28" VPOS="1200" HPOS="601"/>
<String CONTENT="Danforth." HEIGHT="54" WIDTH="322" VPOS="1198" HPOS="630"/>
</TextLine>
<TextLine HEIGHT="70" WIDTH="1927" VPOS="1276" HPOS="206" STYLEREFS="StyleId-BAE7EED5-A085-4331-A54F-9446267595B0-">
<String CONTENT="Swords" HEIGHT="55" WIDTH="231" VPOS="1278" HPOS="206"/>
<SP HEIGHT="35" WIDTH="38" VPOS="1296" HPOS="438"/>
<String CONTENT="on" HEIGHT="35" WIDTH="72" VPOS="1296" HPOS="477"/>
<SP HEIGHT="47" WIDTH="37" VPOS="1283" HPOS="550"/>
<String CONTENT="the" HEIGHT="52" WIDTH="96" VPOS="1278" HPOS="588"/>
<SP HEIGHT="35" WIDTH="37" VPOS="1296" HPOS="685"/>
<String CONTENT="sea," HEIGHT="47" WIDTH="110" VPOS="1296" HPOS="723"/>
<SP HEIGHT="65" WIDTH="33" VPOS="1278" HPOS="834"/>
<String CONTENT="by" HEIGHT="68" WIDTH="76" VPOS="1278" HPOS="868"/>
<SP HEIGHT="70" WIDTH="36" VPOS="1276" HPOS="945"/>
<String CONTENT="Agnes" HEIGHT="70" WIDTH="194" VPOS="1276" HPOS="982"/>
<SP HEIGHT="52" WIDTH="37" VPOS="1278" HPOS="1177"/>
<String CONTENT="Danforth" HEIGHT="53" WIDTH="299" VPOS="1276" HPOS="1215"/>
<SP HEIGHT="51" WIDTH="37" VPOS="1278" HPOS="1515"/>
<String CONTENT="Hewes," HEIGHT="58" WIDTH="223" VPOS="1278" HPOS="1553"/>
<SP HEIGHT="57" WIDTH="36" VPOS="1279" HPOS="1777"/>
<String CONTENT="illustrated" HEIGHT="52" WIDTH="319" VPOS="1279" HPOS="1814"/>
</TextLine>
<TextLine HEIGHT="71" WIDTH="1531" VPOS="1355" HPOS="131" STYLEREFS="StyleId-BAE7EED5-A085-4331-A54F-9446267595B0-">
<String CONTENT="by" HEIGHT="69" WIDTH="76" VPOS="1357" HPOS="131"/>
<SP HEIGHT="69" WIDTH="28" VPOS="1357" HPOS="208"/>
<String CONTENT="Lou" HEIGHT="52" WIDTH="123" VPOS="1357" HPOS="237"/>
<SP HEIGHT="50" WIDTH="32" VPOS="1358" HPOS="361"/>
<String CONTENT="Block." HEIGHT="53" WIDTH="196" VPOS="1356" HPOS="394"/>
<SP HEIGHT="53" WIDTH="74" VPOS="1356" HPOS="591"/>
<String CONTENT="New" HEIGHT="53" WIDTH="139" VPOS="1356" HPOS="666"/>
<SP HEIGHT="52" WIDTH="30" VPOS="1356" HPOS="806"/>
<String CONTENT="York," HEIGHT="67" WIDTH="180" VPOS="1355" HPOS="837"/>
<SP HEIGHT="67" WIDTH="27" VPOS="1355" HPOS="1018"/>
<String CONTENT="A." HEIGHT="52" WIDTH="71" VPOS="1355" HPOS="1046"/>
<SP HEIGHT="51" WIDTH="30" VPOS="1356" HPOS="1118"/>
<String CONTENT="A." HEIGHT="51" WIDTH="70" VPOS="1356" HPOS="1149"/>
<SP HEIGHT="52" WIDTH="33" VPOS="1355" HPOS="1220"/>
<String CONTENT="Knopf," HEIGHT="69" WIDTH="225" VPOS="1355" HPOS="1254"/>
<SP HEIGHT="64" WIDTH="32" VPOS="1359" HPOS="1480"/>
<String CONTENT="1928." HEIGHT="50" WIDTH="149" VPOS="1358" HPOS="1513"/>
</TextLine>
<TextLine HEIGHT="50" WIDTH="1118" VPOS="1437" HPOS="200" CS="1">
<String CONTENT="6" HEIGHT="39" WIDTH="28" VPOS="1440" HPOS="200"/>
<SP/>
<String CS="1" CONTENT="p."/>
<SP/>
<String CS="1" CONTENT="l.," HEIGHT="14" WIDTH="7" VPOS="1471" HPOS="356"/>
<SP HEIGHT="46" WIDTH="25" VPOS="1439" HPOS="364"/>
<String CONTENT="272" HEIGHT="39" WIDTH="87" VPOS="1439" HPOS="390"/>
<SP HEIGHT="48" WIDTH="23" VPOS="1439" HPOS="478"/>
<String CS="1" CONTENT="p.,"/>
<SP/>
<String CS="1" CONTENT="1"/>
<SP/>
<String CS="1" CONTENT="l."/>
<SP HEIGHT="29" WIDTH="59" VPOS="1450" HPOS="665"/>
<String CONTENT="col." HEIGHT="40" WIDTH="86" VPOS="1439" HPOS="725"/>
<SP HEIGHT="40" WIDTH="24" VPOS="1439" HPOS="812"/>
<String CONTENT="front.," HEIGHT="46" WIDTH="165" VPOS="1439" HPOS="837"/>
<SP HEIGHT="37" WIDTH="24" VPOS="1449" HPOS="1003"/>
<String CONTENT="plates." HEIGHT="47" WIDTH="171" VPOS="1439" HPOS="1028"/>
<SP HEIGHT="42" WIDTH="60" VPOS="1437" HPOS="1200"/>
<String CS="1" CONTENT="20&#189;" HEIGHT="41" WIDTH="57" VPOS="1437" HPOS="1261"/>
<String STYLE="superscript" CS="1" CONTENT="&#7580;&#7504;."/>
</TextLine>
<TextLine HEIGHT="48" WIDTH="554" VPOS="1497" HPOS="201">
<String CONTENT="Map" HEIGHT="47" WIDTH="115" VPOS="1498" HPOS="201"/>
<SP HEIGHT="37" WIDTH="17" VPOS="1508" HPOS="317"/>
<String CONTENT="on" HEIGHT="29" WIDTH="59" VPOS="1507" HPOS="335"/>
<SP HEIGHT="37" WIDTH="22" VPOS="1498" HPOS="395"/>
<String CONTENT="lining-paper." HEIGHT="47" WIDTH="337" VPOS="1497" HPOS="418"/>
</TextLine>
<TextLine HEIGHT="53" WIDTH="1997" VPOS="1548" HPOS="142" CS="1">
<String CONTENT="&#169;" HEIGHT="53" WIDTH="51" VPOS="1548" HPOS="142"/>
<SP HEIGHT="53" WIDTH="27" VPOS="1548" HPOS="194"/>
<String CONTENT="May" HEIGHT="46" WIDTH="114" VPOS="1554" HPOS="222"/>
<SP HEIGHT="46" WIDTH="24" VPOS="1554" HPOS="337"/>
<String CONTENT="11," HEIGHT="45" WIDTH="69" VPOS="1554" HPOS="362"/>
<SP HEIGHT="45" WIDTH="26" VPOS="1554" HPOS="432"/>
<String CS="1" CONTENT="1928;" HEIGHT="41" WIDTH="115" VPOS="1552" HPOS="459"/>
<SP HEIGHT="47" WIDTH="26" VPOS="1552" HPOS="601"/>
<String CONTENT="2c." HEIGHT="40" WIDTH="68" VPOS="1552" HPOS="628"/>
<SP HEIGHT="38" WIDTH="26" VPOS="1554" HPOS="697"/>
<String CONTENT="May" HEIGHT="45" WIDTH="112" VPOS="1554" HPOS="724"/>
<SP HEIGHT="46" WIDTH="26" VPOS="1553" HPOS="837"/>
<String CS="1" CONTENT="12;" HEIGHT="39" WIDTH="55" VPOS="1552" HPOS="864"/>
<SP HEIGHT="32" WIDTH="29" VPOS="1562" HPOS="947"/>
<String CONTENT="aff." HEIGHT="41" WIDTH="83" VPOS="1551" HPOS="977"/>
<SP HEIGHT="40" WIDTH="28" VPOS="1552" HPOS="1061"/>
<String CONTENT="May" HEIGHT="45" WIDTH="113" VPOS="1552" HPOS="1090"/>
<SP HEIGHT="45" WIDTH="25" VPOS="1552" HPOS="1204"/>
<String CS="1" CONTENT="14;" HEIGHT="38" WIDTH="56" VPOS="1552" HPOS="1230"/>
<SP HEIGHT="46" WIDTH="30" VPOS="1552" HPOS="1313"/>
<!-- cceid 1F952FBE-6CB2-1014-A20E-B9D6251C946A --><String CONTENT="A" HEIGHT="38" WIDTH="40" VPOS="1552" HPOS="1344"/>
<SP HEIGHT="38" WIDTH="26" VPOS="1552" HPOS="1385"/>
<String CS="1" CONTENT="1074497;" HEIGHT="40" WIDTH="203" VPOS="1551" HPOS="1412"/>
<SP HEIGHT="48" WIDTH="28" VPOS="1551" HPOS="1642"/>
<String CONTENT="Alfred" HEIGHT="41" WIDTH="173" VPOS="1551" HPOS="1671"/>
<SP HEIGHT="40" WIDTH="27" VPOS="1552" HPOS="1845"/>
<String CONTENT="A." HEIGHT="41" WIDTH="54" VPOS="1552" HPOS="1873"/>
<SP HEIGHT="40" WIDTH="29" VPOS="1553" HPOS="1928"/>
<String CONTENT="Knopf," HEIGHT="48" WIDTH="181" VPOS="1553" HPOS="1958"/>
</TextLine>
<TextLine HEIGHT="48" WIDTH="444" VPOS="1609" HPOS="208">
<String CONTENT="inc." HEIGHT="40" WIDTH="90" VPOS="1610" HPOS="208"/>
<SP HEIGHT="47" WIDTH="69" VPOS="1610" HPOS="299"/>
<String CONTENT="(28-12657)" HEIGHT="48" WIDTH="283" VPOS="1609" HPOS="369"/>
</TextLine>
<TextLine HEIGHT="64" WIDTH="770" VPOS="1690" HPOS="131" STYLEREFS="StyleId-0D316618-2049-4B35-9567-4F6BDF6774E3-">
<String CONTENT="Hill," HEIGHT="63" WIDTH="136" VPOS="1691" HPOS="131"/>
<SP HEIGHT="62" WIDTH="28" VPOS="1692" HPOS="268"/>
<String CONTENT="Howard" HEIGHT="53" WIDTH="258" VPOS="1691" HPOS="297"/>
<SP HEIGHT="54" WIDTH="32" VPOS="1691" HPOS="556"/>
<String CONTENT="Copeland." HEIGHT="64" WIDTH="312" VPOS="1690" HPOS="589"/>
</TextLine>
<TextLine HEIGHT="69" WIDTH="1938" VPOS="1768" HPOS="199" STYLEREFS="StyleId-BAE7EED5-A085-4331-A54F-9446267595B0-" CS="1">
<String CONTENT="Vocational" HEIGHT="54" WIDTH="342" VPOS="1770" HPOS="199"/>
<SP HEIGHT="52" WIDTH="25" VPOS="1770" HPOS="542"/>
<String CONTENT="civics," HEIGHT="68" WIDTH="187" VPOS="1769" HPOS="568"/>
<SP HEIGHT="68" WIDTH="22" VPOS="1769" HPOS="756"/>
<String CONTENT="by" HEIGHT="68" WIDTH="77" VPOS="1769" HPOS="779"/>
<SP HEIGHT="68" WIDTH="23" VPOS="1769" HPOS="857"/>
<String CONTENT="Howard" HEIGHT="52" WIDTH="260" VPOS="1769" HPOS="881"/>
<SP HEIGHT="55" WIDTH="28" VPOS="1768" HPOS="1142"/>
<String CONTENT="C." HEIGHT="55" WIDTH="63" VPOS="1768" HPOS="1171"/>
<SP HEIGHT="52" WIDTH="27" VPOS="1769" HPOS="1235"/>
<String CONTENT="Hill" HEIGHT="53" WIDTH="130" VPOS="1768" HPOS="1263"/>
<SP HEIGHT="51" WIDTH="30" VPOS="1769" HPOS="1394"/>
<String CS="1" CONTENT="&#8230;"/>
<SP HEIGHT="51" WIDTH="65" VPOS="1770" HPOS="1481"/>
<String CONTENT="Boston," HEIGHT="56" WIDTH="235" VPOS="1770" HPOS="1547"/>
<SP HEIGHT="57" WIDTH="25" VPOS="1769" HPOS="1783"/>
<String CONTENT="New" HEIGHT="53" WIDTH="139" VPOS="1769" HPOS="1809"/>
<SP HEIGHT="51" WIDTH="23" VPOS="1771" HPOS="1949"/>
<String CONTENT="York" HEIGHT="54" WIDTH="164" VPOS="1769" HPOS="1973"/>
</TextLine>
<TextLine HEIGHT="68" WIDTH="997" VPOS="1847" HPOS="135" STYLEREFS="StyleId-BAE7EED5-A085-4331-A54F-9446267595B0-" CS="1">
<String CONTENT="[etc.]" HEIGHT="61" WIDTH="136" VPOS="1854" HPOS="135"/>
<SP HEIGHT="68" WIDTH="32" VPOS="1847" HPOS="272"/>
<String CONTENT="Ginn" HEIGHT="55" WIDTH="157" VPOS="1847" HPOS="305"/>
<SP HEIGHT="34" WIDTH="25" VPOS="1866" HPOS="463"/>
<String CONTENT="and" HEIGHT="52" WIDTH="112" VPOS="1848" HPOS="489"/>
<SP HEIGHT="52" WIDTH="25" VPOS="1848" HPOS="602"/>
<String CONTENT="company" HEIGHT="50" WIDTH="282" VPOS="1865" HPOS="628"/>
<SP HEIGHT="49" WIDTH="28" VPOS="1866" HPOS="911"/>
<String STYLE="subscript" CONTENT="[" HEIGHT="33" WIDTH="13" VPOS="1881" HPOS="940"/>
<String STYLE="superscript" CS="1" CONTENT="&#7580;1"/>
<String CONTENT="928" HEIGHT="50" WIDTH="100" VPOS="1850" HPOS="1015"/>
<String STYLE="subscript" CONTENT="]" HEIGHT="33" WIDTH="12" VPOS="1881" HPOS="1120"/>
</TextLine>
<TextLine HEIGHT="49" WIDTH="1015" VPOS="1930" HPOS="267" CS="1">
<String CS="1" CONTENT="xv," HEIGHT="15" WIDTH="8" VPOS="1962" HPOS="267"/>
<SP HEIGHT="46" WIDTH="25" VPOS="1931" HPOS="276"/>
<String CONTENT="365" HEIGHT="41" WIDTH="85" VPOS="1930" HPOS="302"/>
<SP HEIGHT="48" WIDTH="26" VPOS="1931" HPOS="388"/>
<String CONTENT="p." HEIGHT="38" WIDTH="43" VPOS="1941" HPOS="415"/>
<SP HEIGHT="40" WIDTH="28" VPOS="1931" HPOS="459"/>
<String CONTENT="incl." HEIGHT="40" WIDTH="109" VPOS="1931" HPOS="488"/>
<SP HEIGHT="41" WIDTH="23" VPOS="1930" HPOS="598"/>
<String CONTENT="front.," HEIGHT="47" WIDTH="165" VPOS="1930" HPOS="622"/>
<SP HEIGHT="47" WIDTH="24" VPOS="1930" HPOS="788"/>
<String CONTENT="illus.," HEIGHT="47" WIDTH="144" VPOS="1930" HPOS="813"/>
<SP HEIGHT="46" WIDTH="25" VPOS="1931" HPOS="958"/>
<String CONTENT="diagrs." HEIGHT="47" WIDTH="180" VPOS="1930" HPOS="984"/>
<SP HEIGHT="40" WIDTH="59" VPOS="1930" HPOS="1165"/>
<String CONTENT="20" HEIGHT="39" WIDTH="57" VPOS="1930" HPOS="1225"/>
<String STYLE="superscript" CS="1" CONTENT="&#7580;&#7504;."/>
</TextLine>
<TextLine HEIGHT="49" WIDTH="1933" VPOS="1986" HPOS="201" CS="1">
<String CONTENT="&#8220;Classroom" HEIGHT="41" WIDTH="305" VPOS="1988" HPOS="201"/>
<SP HEIGHT="36" WIDTH="26" VPOS="1990" HPOS="507"/>
<String CS="1" CONTENT="library&#8221;" HEIGHT="39" WIDTH="214" VPOS="1988" HPOS="534"/>
<SP HEIGHT="39" WIDTH="19" VPOS="1988" HPOS="749"/>
<String CONTENT=":" HEIGHT="28" WIDTH="8" VPOS="1999" HPOS="769"/>
<SP HEIGHT="36" WIDTH="28" VPOS="1999" HPOS="778"/>
<String CONTENT="p." HEIGHT="36" WIDTH="44" VPOS="1999" HPOS="807"/>
<SP HEIGHT="29" WIDTH="26" VPOS="1999" HPOS="852"/>
<String CONTENT="viii;" HEIGHT="45" WIDTH="114" VPOS="1988" HPOS="879"/>
<SP HEIGHT="45" WIDTH="31" VPOS="1988" HPOS="994"/>
<String CONTENT="&#8220;Books" HEIGHT="39" WIDTH="189" VPOS="1988" HPOS="1026"/>
<SP HEIGHT="37" WIDTH="29" VPOS="1990" HPOS="1216"/>
<String CONTENT="to" HEIGHT="37" WIDTH="48" VPOS="1990" HPOS="1246"/>
<SP HEIGHT="29" WIDTH="26" VPOS="1998" HPOS="1295"/>
<String CONTENT="read&#8221;" HEIGHT="39" WIDTH="143" VPOS="1987" HPOS="1322"/>
<SP HEIGHT="39" WIDTH="30" VPOS="1987" HPOS="1466"/>
<String CONTENT="at" HEIGHT="37" WIDTH="51" VPOS="1990" HPOS="1497"/>
<SP HEIGHT="37" WIDTH="25" VPOS="1990" HPOS="1549"/>
<String CONTENT="end" HEIGHT="39" WIDTH="92" VPOS="1987" HPOS="1575"/>
<SP HEIGHT="39" WIDTH="26" VPOS="1987" HPOS="1668"/>
<String CONTENT="of" HEIGHT="40" WIDTH="51" VPOS="1986" HPOS="1695"/>
<SP HEIGHT="40" WIDTH="25" VPOS="1986" HPOS="1747"/>
<String CONTENT="each" HEIGHT="38" WIDTH="118" VPOS="1988" HPOS="1773"/>
<SP HEIGHT="38" WIDTH="25" VPOS="1988" HPOS="1892"/>
<String CONTENT="chapter." HEIGHT="48" WIDTH="216" VPOS="1987" HPOS="1918"/>
</TextLine>
<TextLine HEIGHT="53" WIDTH="1998" VPOS="2040" HPOS="139" CS="1">
<String CONTENT="&#169;" HEIGHT="52" WIDTH="52" VPOS="2040" HPOS="139"/>
<SP HEIGHT="52" WIDTH="23" VPOS="2040" HPOS="192"/>
<String CONTENT="Apr." HEIGHT="48" WIDTH="113" VPOS="2045" HPOS="216"/>
<SP HEIGHT="42" WIDTH="24" VPOS="2044" HPOS="330"/>
<String CONTENT="27," HEIGHT="48" WIDTH="71" VPOS="2044" HPOS="355"/>
<SP HEIGHT="46" WIDTH="24" VPOS="2046" HPOS="427"/>
<String CS="1" CONTENT="1928;" HEIGHT="41" WIDTH="115" VPOS="2044" HPOS="452"/>
<SP HEIGHT="48" WIDTH="24" VPOS="2044" HPOS="594"/>
<String CONTENT="2c." HEIGHT="41" WIDTH="68" VPOS="2044" HPOS="619"/>
<SP HEIGHT="39" WIDTH="25" VPOS="2046" HPOS="688"/>
<String CONTENT="May" HEIGHT="46" WIDTH="114" VPOS="2046" HPOS="714"/>
<SP HEIGHT="48" WIDTH="25" VPOS="2044" HPOS="829"/>
<String CS="1" CONTENT="8;" HEIGHT="40" WIDTH="26" VPOS="2044" HPOS="855"/>
<SP HEIGHT="37" WIDTH="28" VPOS="2055" HPOS="908"/>
<String CONTENT="aff." HEIGHT="41" WIDTH="82" VPOS="2044" HPOS="937"/>
<SP HEIGHT="40" WIDTH="25" VPOS="2045" HPOS="1020"/>
<String CONTENT="May" HEIGHT="46" WIDTH="114" VPOS="2045" HPOS="1046"/>
<SP HEIGHT="47" WIDTH="23" VPOS="2044" HPOS="1161"/>
<String CS="1" CONTENT="5;" HEIGHT="39" WIDTH="25" VPOS="2044" HPOS="1185"/>
<SP HEIGHT="47" WIDTH="26" VPOS="2044" HPOS="1240"/>
<!-- cceid 1F95B946-6CB2-1014-A20E-B9D6251C946A --><String CONTENT="A" HEIGHT="39" WIDTH="41" VPOS="2044" HPOS="1267"/>
<SP HEIGHT="39" WIDTH="25" VPOS="2044" HPOS="1309"/>
<String CS="1" CONTENT="1074393;" HEIGHT="41" WIDTH="201" VPOS="2043" HPOS="1335"/>
<SP HEIGHT="47" WIDTH="29" VPOS="2044" HPOS="1566"/>
<String LANG="fr" CONTENT="H." HEIGHT="40" WIDTH="60" VPOS="2044" HPOS="1596"/>
<SP HEIGHT="41" WIDTH="27" VPOS="2043" HPOS="1657"/>
<String CONTENT="C." HEIGHT="41" WIDTH="50" VPOS="2043" HPOS="1685"/>
<SP HEIGHT="40" WIDTH="26" VPOS="2044" HPOS="1736"/>
<String CONTENT="Hill," HEIGHT="48" WIDTH="118" VPOS="2044" HPOS="1763"/>
<SP HEIGHT="48" WIDTH="29" VPOS="2044" HPOS="1882"/>
<String CONTENT="Chicago." HEIGHT="49" WIDTH="225" VPOS="2044" HPOS="1912"/>
</TextLine>
<TextLine HEIGHT="47" WIDTH="282" VPOS="2102" HPOS="217">
<String CONTENT="(28-12533)" HEIGHT="47" WIDTH="282" VPOS="2102" HPOS="217"/>
</TextLine>
<TextLine HEIGHT="65" WIDTH="1161" VPOS="2166" HPOS="127" STYLEREFS="StyleId-0D316618-2049-4B35-9567-4F6BDF6774E3-">
<String CONTENT="Hoffman," HEIGHT="62" WIDTH="303" VPOS="2169" HPOS="127"/>
<SP HEIGHT="61" WIDTH="32" VPOS="2170" HPOS="431"/>
<String CONTENT="Frederick" HEIGHT="53" WIDTH="316" VPOS="2168" HPOS="464"/>
<SP HEIGHT="52" WIDTH="31" VPOS="2168" HPOS="781"/>
<String CONTENT="Ludwig," HEIGHT="65" WIDTH="267" VPOS="2166" HPOS="813"/>
<SP HEIGHT="59" WIDTH="34" VPOS="2171" HPOS="1081"/>
<String CONTENT="1865-" HEIGHT="49" WIDTH="172" VPOS="2171" HPOS="1116"/>
</TextLine>
<TextLine HEIGHT="149" WIDTH="1985" VPOS="2246" HPOS="126" STYLEREFS="StyleId-BAE7EED5-A085-4331-A54F-9446267595B0-" CS="1">
<String CONTENT="Earthquake" HEIGHT="69" WIDTH="373" VPOS="2247" HPOS="199"/>
<SP HEIGHT="52" WIDTH="34" VPOS="2247" HPOS="573"/>
<String CONTENT="hazards" HEIGHT="52" WIDTH="244" VPOS="2247" HPOS="608"/>
<SP HEIGHT="34" WIDTH="38" VPOS="2265" HPOS="853"/>
<String CONTENT="and" HEIGHT="52" WIDTH="114" VPOS="2247" HPOS="892"/>
<SP HEIGHT="52" WIDTH="38" VPOS="2247" HPOS="1007"/>
<String CONTENT="insurance," HEIGHT="66" WIDTH="318" VPOS="2247" HPOS="1046"/>
<SP HEIGHT="66" WIDTH="34" VPOS="2247" HPOS="1365"/>
<String CONTENT="by" HEIGHT="68" WIDTH="77" VPOS="2247" HPOS="1400"/>
<SP HEIGHT="67" WIDTH="37" VPOS="2248" HPOS="1478"/>
<String CONTENT="Frederick" HEIGHT="53" WIDTH="310" VPOS="2247" HPOS="1516"/>
<SP HEIGHT="52" WIDTH="35" VPOS="2247" HPOS="1827"/>
<String CONTENT="L." HEIGHT="51" WIDTH="63" VPOS="2248" HPOS="1863"/>
<SP HEIGHT="51" WIDTH="38" VPOS="2248" HPOS="1927"/>
<String CONTENT="Hoffman" HEIGHT="133" WIDTH="1985" VPOS="2246" HPOS="126"/>
<SP HEIGHT="33" WIDTH="31" VPOS="2346" HPOS="258"/>
<String CS="1" CONTENT="&#8230;"/>
<SP HEIGHT="55" WIDTH="81" VPOS="2325" HPOS="346"/>
<String CONTENT="Chicago," HEIGHT="70" WIDTH="271" VPOS="2325" HPOS="428"/>
<SP HEIGHT="68" WIDTH="26" VPOS="2326" HPOS="700"/>
<String CONTENT="New" HEIGHT="52" WIDTH="140" VPOS="2326" HPOS="727"/>
<SP HEIGHT="52" WIDTH="26" VPOS="2325" HPOS="868"/>
<String CONTENT="York," HEIGHT="68" WIDTH="181" VPOS="2325" HPOS="895"/>
<SP HEIGHT="68" WIDTH="24" VPOS="2325" HPOS="1077"/>
<String CONTENT="The" HEIGHT="52" WIDTH="122" VPOS="2325" HPOS="1102"/>
<SP HEIGHT="55" WIDTH="29" VPOS="2324" HPOS="1225"/>
<String CONTENT="Spectator" HEIGHT="70" WIDTH="305" VPOS="2324" HPOS="1255"/>
<SP HEIGHT="34" WIDTH="23" VPOS="2344" HPOS="1561"/>
<String CONTENT="company," HEIGHT="51" WIDTH="299" VPOS="2343" HPOS="1585"/>
<SP HEIGHT="64" WIDTH="27" VPOS="2329" HPOS="1885"/>
<String CONTENT="1928." HEIGHT="50" WIDTH="151" VPOS="2328" HPOS="1913"/>
</TextLine>
<TextLine HEIGHT="49" WIDTH="655" VPOS="2409" HPOS="196" STYLEREFS="StyleId-BAE7EED5-A085-4331-A54F-9446267595B0-" CS="1">
<String CONTENT="169" HEIGHT="40" WIDTH="87" VPOS="2410" HPOS="196"/>
<SP HEIGHT="48" WIDTH="17" VPOS="2410" HPOS="284"/>
<String CONTENT="p." HEIGHT="37" WIDTH="42" VPOS="2421" HPOS="302"/>
<SP HEIGHT="40" WIDTH="59" VPOS="2410" HPOS="345"/>
<String CONTENT="illus." HEIGHT="40" WIDTH="130" VPOS="2410" HPOS="405"/>
<SP HEIGHT="48" WIDTH="27" VPOS="2410" HPOS="536"/>
<String CONTENT="(map)" HEIGHT="48" WIDTH="160" VPOS="2410" HPOS="564"/>
<SP HEIGHT="49" WIDTH="65" VPOS="2409" HPOS="725"/>
<String CONTENT="22" HEIGHT="39" WIDTH="60" VPOS="2409" HPOS="791"/>
<String STYLE="superscript" CS="1" CONTENT="&#7580;&#7504;."/>
</TextLine>
<TextLine HEIGHT="48" WIDTH="1208" VPOS="2466" HPOS="199">
<String CONTENT="&#8220;References" HEIGHT="40" WIDTH="322" VPOS="2468" HPOS="199"/>
<SP HEIGHT="37" WIDTH="23" VPOS="2469" HPOS="522"/>
<String CONTENT="to" HEIGHT="37" WIDTH="49" VPOS="2469" HPOS="546"/>
<SP HEIGHT="28" WIDTH="21" VPOS="2478" HPOS="596"/>
<String CONTENT="sources" HEIGHT="30" WIDTH="196" VPOS="2477" HPOS="618"/>
<SP HEIGHT="29" WIDTH="22" VPOS="2477" HPOS="815"/>
<String CONTENT="of" HEIGHT="39" WIDTH="52" VPOS="2467" HPOS="838"/>
<SP HEIGHT="39" WIDTH="22" VPOS="2467" HPOS="891"/>
<String CONTENT="data&#8221;" HEIGHT="40" WIDTH="144" VPOS="2466" HPOS="914"/>
<SP HEIGHT="39" WIDTH="19" VPOS="2466" HPOS="1059"/>
<String CONTENT=":" HEIGHT="28" WIDTH="8" VPOS="2477" HPOS="1079"/>
<SP HEIGHT="37" WIDTH="33" VPOS="2477" HPOS="1088"/>
<String CONTENT="p." HEIGHT="37" WIDTH="43" VPOS="2477" HPOS="1122"/>
<SP HEIGHT="39" WIDTH="22" VPOS="2467" HPOS="1166"/>
<String CONTENT="165-169." HEIGHT="41" WIDTH="218" VPOS="2466" HPOS="1189"/>
</TextLine>
<TextLine HEIGHT="52" WIDTH="1805" VPOS="2520" HPOS="137" CS="1">
<String CONTENT="&#169;" HEIGHT="52" WIDTH="52" VPOS="2520" HPOS="137"/>
<SP HEIGHT="52" WIDTH="27" VPOS="2520" HPOS="190"/>
<String CONTENT="May" HEIGHT="46" WIDTH="113" VPOS="2526" HPOS="218"/>
<SP HEIGHT="48" WIDTH="25" VPOS="2524" HPOS="332"/>
<String CONTENT="3," HEIGHT="46" WIDTH="39" VPOS="2524" HPOS="358"/>
<SP HEIGHT="45" WIDTH="27" VPOS="2525" HPOS="398"/>
<String CS="1" CONTENT="1928;" HEIGHT="40" WIDTH="114" VPOS="2524" HPOS="426"/>
<SP HEIGHT="46" WIDTH="28" VPOS="2523" HPOS="567"/>
<String CONTENT="2c." HEIGHT="41" WIDTH="67" VPOS="2523" HPOS="596"/>
<SP HEIGHT="40" WIDTH="27" VPOS="2524" HPOS="664"/>
<String CONTENT="May" HEIGHT="46" WIDTH="114" VPOS="2524" HPOS="692"/>
<SP HEIGHT="46" WIDTH="24" VPOS="2524" HPOS="807"/>
<String CS="1" CONTENT="4;" HEIGHT="38" WIDTH="29" VPOS="2524" HPOS="832"/>
<SP HEIGHT="37" WIDTH="28" VPOS="2533" HPOS="889"/>
<String CONTENT="aff." HEIGHT="41" WIDTH="83" VPOS="2522" HPOS="918"/>
<SP HEIGHT="39" WIDTH="27" VPOS="2524" HPOS="1002"/>
<String CONTENT="May" HEIGHT="46" WIDTH="115" VPOS="2524" HPOS="1030"/>
<SP HEIGHT="47" WIDTH="25" VPOS="2523" HPOS="1146"/>
<String CS="1" CONTENT="8;" HEIGHT="41" WIDTH="25" VPOS="2523" HPOS="1172"/>
<SP HEIGHT="47" WIDTH="29" VPOS="2523" HPOS="1226"/>
<!-- cceid 1F9644EA-6CB2-1014-A20E-B9D6251C946A --><String CONTENT="A" HEIGHT="39" WIDTH="41" VPOS="2523" HPOS="1256"/>
<SP HEIGHT="39" WIDTH="25" VPOS="2523" HPOS="1298"/>
<String CS="1" CONTENT="1077133;" HEIGHT="40" WIDTH="203" VPOS="2523" HPOS="1324"/>
<SP HEIGHT="47" WIDTH="35" VPOS="2522" HPOS="1555"/>
<String CONTENT="Spectator" HEIGHT="48" WIDTH="254" VPOS="2522" HPOS="1591"/>
<SP HEIGHT="29" WIDTH="27" VPOS="2533" HPOS="1846"/>
<String CONTENT="co." HEIGHT="29" WIDTH="68" VPOS="2533" HPOS="1874"/>
</TextLine>
<TextLine HEIGHT="48" WIDTH="283" VPOS="2580" HPOS="213">
<String CONTENT="(28-12535)" HEIGHT="48" WIDTH="283" VPOS="2580" HPOS="213"/>
</TextLine>
<TextLine HEIGHT="67" WIDTH="805" VPOS="2648" HPOS="131" STYLEREFS="StyleId-27C84BEE-5B80-45D2-988A-E19CA9422A40-">
<String CONTENT="Illinois." HEIGHT="52" WIDTH="240" VPOS="2648" HPOS="131"/>
<SP HEIGHT="52" WIDTH="74" VPOS="2648" HPOS="372"/>
<String CONTENT="Supreme" HEIGHT="67" WIDTH="277" VPOS="2648" HPOS="447"/>
<SP HEIGHT="34" WIDTH="36" VPOS="2665" HPOS="725"/>
<String CONTENT="court." HEIGHT="46" WIDTH="174" VPOS="2653" HPOS="762"/>
</TextLine>
<TextLine HEIGHT="148" WIDTH="2004" VPOS="2724" HPOS="129" STYLEREFS="StyleId-BAE7EED5-A085-4331-A54F-9446267595B0-" CS="1">
<String CONTENT="Reports" HEIGHT="68" WIDTH="247" VPOS="2726" HPOS="201"/>
<SP HEIGHT="33" WIDTH="31" VPOS="2745" HPOS="449"/>
<String CONTENT="of" HEIGHT="54" WIDTH="64" VPOS="2724" HPOS="481"/>
<SP HEIGHT="53" WIDTH="30" VPOS="2724" HPOS="546"/>
<String CONTENT="cases" HEIGHT="35" WIDTH="151" VPOS="2743" HPOS="577"/>
<SP HEIGHT="33" WIDTH="31" VPOS="2744" HPOS="729"/>
<String CONTENT="at" HEIGHT="47" WIDTH="59" VPOS="2730" HPOS="761"/>
<SP HEIGHT="52" WIDTH="30" VPOS="2725" HPOS="821"/>
<String CONTENT="law" HEIGHT="52" WIDTH="110" VPOS="2725" HPOS="852"/>
<SP HEIGHT="34" WIDTH="32" VPOS="2743" HPOS="963"/>
<String CONTENT="and" HEIGHT="52" WIDTH="113" VPOS="2725" HPOS="996"/>
<SP HEIGHT="52" WIDTH="31" VPOS="2725" HPOS="1110"/>
<String CONTENT="in" HEIGHT="52" WIDTH="60" VPOS="2725" HPOS="1142"/>
<SP HEIGHT="34" WIDTH="33" VPOS="2743" HPOS="1203"/>
<String CONTENT="chancery" HEIGHT="69" WIDTH="279" VPOS="2725" HPOS="1237"/>
<SP HEIGHT="51" WIDTH="34" VPOS="2743" HPOS="1517"/>
<String CONTENT="argued" HEIGHT="68" WIDTH="215" VPOS="2725" HPOS="1552"/>
<SP HEIGHT="52" WIDTH="33" VPOS="2725" HPOS="1768"/>
<String CONTENT="and" HEIGHT="53" WIDTH="113" VPOS="2725" HPOS="1802"/>
<SP HEIGHT="53" WIDTH="34" VPOS="2725" HPOS="1916"/>
<String CONTENT="determined" HEIGHT="131" WIDTH="1981" VPOS="2725" HPOS="129"/>
<SP HEIGHT="52" WIDTH="30" VPOS="2804" HPOS="321"/>
<String CS="1" CONTENT="&#8230;"/>
<SP HEIGHT="33" WIDTH="65" VPOS="2823" HPOS="408"/>
<String CS="1" CONTENT="v." HEIGHT="10" WIDTH="10" VPOS="2846" HPOS="515"/>
<SP HEIGHT="50" WIDTH="25" VPOS="2806" HPOS="526"/>
<String CONTENT="328," HEIGHT="63" WIDTH="119" VPOS="2806" HPOS="552"/>
<SP HEIGHT="48" WIDTH="22" VPOS="2821" HPOS="672"/>
<String CONTENT="containing" HEIGHT="69" WIDTH="335" VPOS="2803" HPOS="695"/>
<SP HEIGHT="51" WIDTH="22" VPOS="2821" HPOS="1031"/>
<String CONTENT="cases" HEIGHT="35" WIDTH="151" VPOS="2821" HPOS="1054"/>
<SP HEIGHT="53" WIDTH="24" VPOS="2803" HPOS="1206"/>
<String CONTENT="in" HEIGHT="52" WIDTH="60" VPOS="2803" HPOS="1231"/>
<SP HEIGHT="34" WIDTH="26" VPOS="2821" HPOS="1292"/>
<String CONTENT="which" HEIGHT="53" WIDTH="187" VPOS="2803" HPOS="1319"/>
<SP HEIGHT="52" WIDTH="27" VPOS="2803" HPOS="1507"/>
<String CONTENT="opinions" HEIGHT="68" WIDTH="264" VPOS="2803" HPOS="1535"/>
<SP HEIGHT="34" WIDTH="27" VPOS="2821" HPOS="1800"/>
<String CONTENT="were" HEIGHT="34" WIDTH="143" VPOS="2821" HPOS="1828"/>
<SP HEIGHT="52" WIDTH="27" VPOS="2803" HPOS="1972"/>
<String CONTENT="filed" HEIGHT="53" WIDTH="133" VPOS="2803" HPOS="2000"/>
</TextLine>
<TextLine HEIGHT="148" WIDTH="2004" VPOS="2880" HPOS="129" STYLEREFS="StyleId-BAE7EED5-A085-4331-A54F-9446267595B0-" CS="1">
<String CONTENT="in" HEIGHT="51" WIDTH="60" VPOS="2882" HPOS="129"/>
<SP HEIGHT="50" WIDTH="27" VPOS="2883" HPOS="190"/>
<String CONTENT="December," HEIGHT="67" WIDTH="327" VPOS="2882" HPOS="218"/>
<SP HEIGHT="63" WIDTH="31" VPOS="2886" HPOS="546"/>
<String CONTENT="1927," HEIGHT="66" WIDTH="151" VPOS="2882" HPOS="578"/>
<SP HEIGHT="48" WIDTH="29" VPOS="2900" HPOS="730"/>
<String CONTENT="and" HEIGHT="52" WIDTH="113" VPOS="2882" HPOS="760"/>
<SP HEIGHT="52" WIDTH="29" VPOS="2882" HPOS="874"/>
<String CONTENT="February," HEIGHT="69" WIDTH="316" VPOS="2881" HPOS="904"/>
<SP HEIGHT="64" WIDTH="33" VPOS="2885" HPOS="1221"/>
<String CONTENT="1928," HEIGHT="63" WIDTH="152" VPOS="2885" HPOS="1255"/>
<SP HEIGHT="48" WIDTH="30" VPOS="2900" HPOS="1408"/>
<String CONTENT="and" HEIGHT="53" WIDTH="112" VPOS="2881" HPOS="1439"/>
<SP HEIGHT="53" WIDTH="32" VPOS="2881" HPOS="1552"/>
<String CONTENT="cases" HEIGHT="35" WIDTH="150" VPOS="2899" HPOS="1585"/>
<SP HEIGHT="34" WIDTH="32" VPOS="2900" HPOS="1736"/>
<String CONTENT="wherein" HEIGHT="53" WIDTH="248" VPOS="2880" HPOS="1769"/>
<SP HEIGHT="34" WIDTH="30" VPOS="2900" HPOS="2018"/>
<String CONTENT="rehearings" HEIGHT="127" WIDTH="1978" VPOS="2901" HPOS="130"/>
<SP HEIGHT="34" WIDTH="42" VPOS="2978" HPOS="398"/>
<String CONTENT="were" HEIGHT="34" WIDTH="144" VPOS="2978" HPOS="441"/>
<SP HEIGHT="53" WIDTH="41" VPOS="2959" HPOS="586"/>
<String CONTENT="denied" HEIGHT="53" WIDTH="203" VPOS="2959" HPOS="628"/>
<SP HEIGHT="52" WIDTH="42" VPOS="2960" HPOS="832"/>
<String CONTENT="at" HEIGHT="47" WIDTH="58" VPOS="2965" HPOS="875"/>
<SP HEIGHT="47" WIDTH="40" VPOS="2965" HPOS="934"/>
<String CONTENT="the" HEIGHT="52" WIDTH="98" VPOS="2960" HPOS="975"/>
<SP HEIGHT="51" WIDTH="41" VPOS="2961" HPOS="1074"/>
<String CONTENT="February" HEIGHT="67" WIDTH="299" VPOS="2960" HPOS="1116"/>
<SP HEIGHT="62" WIDTH="40" VPOS="2965" HPOS="1416"/>
<String CONTENT="term," HEIGHT="61" WIDTH="164" VPOS="2965" HPOS="1457"/>
<SP HEIGHT="63" WIDTH="44" VPOS="2963" HPOS="1622"/>
<String CONTENT="1928." HEIGHT="50" WIDTH="150" VPOS="2962" HPOS="1667"/>
<SP HEIGHT="56" WIDTH="82" VPOS="2958" HPOS="1818"/>
<String CONTENT="Samuel" HEIGHT="56" WIDTH="232" VPOS="2958" HPOS="1901"/>
</TextLine>
<TextLine HEIGHT="63" WIDTH="2002" VPOS="3037" HPOS="129" STYLEREFS="StyleId-BAE7EED5-A085-4331-A54F-9446267595B0-">
<String CONTENT="Pashley" HEIGHT="62" WIDTH="247" VPOS="3038" HPOS="129"/>
<SP HEIGHT="63" WIDTH="28" VPOS="3037" HPOS="377"/>
<String CONTENT="Irwin," HEIGHT="63" WIDTH="200" VPOS="3037" HPOS="406"/>
<SP HEIGHT="44" WIDTH="26" VPOS="3056" HPOS="607"/>
<String CONTENT="reporter" HEIGHT="57" WIDTH="257" VPOS="3043" HPOS="634"/>
<SP HEIGHT="33" WIDTH="27" VPOS="3057" HPOS="892"/>
<String CONTENT="of" HEIGHT="53" WIDTH="64" VPOS="3037" HPOS="920"/>
<SP HEIGHT="53" WIDTH="26" VPOS="3037" HPOS="985"/>
<String CONTENT="decisions." HEIGHT="53" WIDTH="295" VPOS="3038" HPOS="1012"/>
<SP HEIGHT="50" WIDTH="66" VPOS="3040" HPOS="1308"/>
<String CONTENT="Bloomington," HEIGHT="62" WIDTH="428" VPOS="3038" HPOS="1375"/>
<SP HEIGHT="63" WIDTH="28" VPOS="3037" HPOS="1804"/>
<String CONTENT="Ill.," HEIGHT="63" WIDTH="114" VPOS="3037" HPOS="1833"/>
<SP HEIGHT="58" WIDTH="32" VPOS="3042" HPOS="1948"/>
<String CONTENT="1928." HEIGHT="50" WIDTH="150" VPOS="3041" HPOS="1981"/>
</TextLine>
<TextLine HEIGHT="48" WIDTH="458" VPOS="3118" HPOS="237" STYLEREFS="StyleId-BAE7EED5-A085-4331-A54F-9446267595B0-" CS="1">
<String CS="1" CONTENT="x," HEIGHT="15" WIDTH="7" VPOS="3150" HPOS="237"/>
<SP HEIGHT="45" WIDTH="27" VPOS="3120" HPOS="245"/>
<String CONTENT="11-707" HEIGHT="41" WIDTH="174" VPOS="3118" HPOS="273"/>
<SP HEIGHT="46" WIDTH="28" VPOS="3120" HPOS="448"/>
<String CONTENT="p." HEIGHT="36" WIDTH="42" VPOS="3130" HPOS="477"/>
<SP HEIGHT="39" WIDTH="58" VPOS="3119" HPOS="520"/>
<String CS="1" CONTENT="22&#7580;&#7504;." HEIGHT="40" WIDTH="116" VPOS="3119" HPOS="579"/>
</TextLine>
<TextLine HEIGHT="53" WIDTH="1996" VPOS="3171" HPOS="135" CS="1">
<String CONTENT="&#169;" HEIGHT="52" WIDTH="52" VPOS="3171" HPOS="135"/>
<SP HEIGHT="52" WIDTH="35" VPOS="3171" HPOS="188"/>
<String CONTENT="May" HEIGHT="46" WIDTH="113" VPOS="3177" HPOS="224"/>
<SP HEIGHT="48" WIDTH="33" VPOS="3175" HPOS="338"/>
<String CONTENT="22," HEIGHT="48" WIDTH="70" VPOS="3175" HPOS="372"/>
<SP HEIGHT="47" WIDTH="34" VPOS="3176" HPOS="443"/>
<String CS="1" CONTENT="1928;" HEIGHT="41" WIDTH="115" VPOS="3175" HPOS="478"/>
<SP HEIGHT="41" WIDTH="37" VPOS="3177" HPOS="619"/>
<String CONTENT="2c." HEIGHT="39" WIDTH="67" VPOS="3177" HPOS="657"/>
<SP HEIGHT="29" WIDTH="35" VPOS="3187" HPOS="725"/>
<String CONTENT="and" HEIGHT="39" WIDTH="95" VPOS="3177" HPOS="761"/>
<SP HEIGHT="39" WIDTH="36" VPOS="3177" HPOS="857"/>
<String CONTENT="aff." HEIGHT="41" WIDTH="82" VPOS="3175" HPOS="894"/>
<SP HEIGHT="39" WIDTH="36" VPOS="3177" HPOS="977"/>
<String CONTENT="May" HEIGHT="47" WIDTH="114" VPOS="3177" HPOS="1014"/>
<SP HEIGHT="48" WIDTH="35" VPOS="3176" HPOS="1129"/>
<String CS="1" CONTENT="25;" HEIGHT="40" WIDTH="56" VPOS="3175" HPOS="1165"/>
<SP HEIGHT="47" WIDTH="38" VPOS="3177" HPOS="1250"/>
<!-- cceid 1F96D3EC-6CB2-1014-A20E-B9D6251C946A --><String CONTENT="A" HEIGHT="38" WIDTH="41" VPOS="3177" HPOS="1289"/>
<SP HEIGHT="38" WIDTH="36" VPOS="3177" HPOS="1331"/>
<String CS="1" CONTENT="1077468;" HEIGHT="41" WIDTH="204" VPOS="3176" HPOS="1368"/>
<SP HEIGHT="47" WIDTH="42" VPOS="3176" HPOS="1598"/>
<String CONTENT="Samuel" HEIGHT="40" WIDTH="194" VPOS="3176" HPOS="1641"/>
<SP HEIGHT="38" WIDTH="37" VPOS="3177" HPOS="1836"/>
<String CONTENT="P." HEIGHT="40" WIDTH="51" VPOS="3177" HPOS="1874"/>
<SP HEIGHT="39" WIDTH="37" VPOS="3178" HPOS="1926"/>
<String CONTENT="Irwin," HEIGHT="44" WIDTH="167" VPOS="3177" HPOS="1964"/>
</TextLine>
<TextLine HEIGHT="47" WIDTH="465" VPOS="3233" HPOS="202">
<String CONTENT="Bloomington," HEIGHT="47" WIDTH="354" VPOS="3233" HPOS="202"/>
<SP HEIGHT="46" WIDTH="33" VPOS="3234" HPOS="557"/>
<String CONTENT="Ill." HEIGHT="39" WIDTH="76" VPOS="3233" HPOS="591"/>
</TextLine>
<TextLine HEIGHT="62" WIDTH="462" VPOS="3300" HPOS="131" STYLEREFS="StyleId-0D316618-2049-4B35-9567-4F6BDF6774E3-">
<String CONTENT="Jacob," HEIGHT="62" WIDTH="197" VPOS="3300" HPOS="131"/>
<SP HEIGHT="62" WIDTH="29" VPOS="3300" HPOS="329"/>
<String CONTENT="Naomi." HEIGHT="52" WIDTH="234" VPOS="3300" HPOS="359"/>
</TextLine>
<TextLine HEIGHT="69" WIDTH="1935" VPOS="3379" HPOS="195" STYLEREFS="StyleId-BAE7EED5-A085-4331-A54F-9446267595B0-">
<String LANG="en-US" CONTENT="The" HEIGHT="52" WIDTH="120" VPOS="3379" HPOS="195"/>
<SP HEIGHT="49" WIDTH="42" VPOS="3397" HPOS="316"/>
<String LANG="en-US" CONTENT="plough," HEIGHT="69" WIDTH="237" VPOS="3379" HPOS="359"/>
<SP HEIGHT="67" WIDTH="39" VPOS="3379" HPOS="597"/>
<String LANG="en-US" CONTENT="by" HEIGHT="68" WIDTH="76" VPOS="3379" HPOS="637"/>
<SP HEIGHT="68" WIDTH="43" VPOS="3379" HPOS="714"/>
<String LANG="en-US" CONTENT="Naomi" HEIGHT="52" WIDTH="206" VPOS="3379" HPOS="758"/>
<SP HEIGHT="54" WIDTH="45" VPOS="3379" HPOS="965"/>
<String LANG="en-US" CONTENT="Jacob." HEIGHT="54" WIDTH="196" VPOS="3379" HPOS="1011"/>
<SP HEIGHT="51" WIDTH="92" VPOS="3379" HPOS="1208"/>
<String LANG="en-US" CONTENT="London," HEIGHT="66" WIDTH="260" VPOS="3379" HPOS="1301"/>
<SP HEIGHT="65" WIDTH="41" VPOS="3380" HPOS="1562"/>
<String LANG="en-US" CONTENT="T." HEIGHT="51" WIDTH="65" VPOS="3380" HPOS="1604"/>
<SP HEIGHT="51" WIDTH="45" VPOS="3380" HPOS="1670"/>
<String LANG="de" CONTENT="Butterworth," HEIGHT="64" WIDTH="414" VPOS="3380" HPOS="1716"/>
</TextLine>
<TextLine HEIGHT="67" WIDTH="425" VPOS="3457" HPOS="126" STYLEREFS="StyleId-BAE7EED5-A085-4331-A54F-9446267595B0-" CS="1">
<String CONTENT="limited" HEIGHT="53" WIDTH="220" VPOS="3457" HPOS="126"/>
<SP HEIGHT="67" WIDTH="32" VPOS="3457" HPOS="347"/>
<String CS="1" CONTENT="[1928]" HEIGHT="65" WIDTH="151" VPOS="3459" HPOS="400"/>
</TextLine>
<TextLine HEIGHT="48" WIDTH="531" VPOS="3540" HPOS="192" CS="1">
<String CONTENT="3" HEIGHT="40" WIDTH="25" VPOS="3540" HPOS="192"/>
<SP/>
<String CONTENT="p." HEIGHT="38" WIDTH="43" VPOS="3550" HPOS="248"/>
<SP HEIGHT="39" WIDTH="24" VPOS="3541" HPOS="292"/>
<String CS="1" CONTENT="l.," HEIGHT="16" WIDTH="9" VPOS="3571" HPOS="354"/>
<SP HEIGHT="47" WIDTH="27" VPOS="3540" HPOS="364"/>
<String CONTENT="9-381" HEIGHT="40" WIDTH="143" VPOS="3540" HPOS="392"/>
<SP HEIGHT="48" WIDTH="27" VPOS="3540" HPOS="536"/>
<String CONTENT="p." HEIGHT="37" WIDTH="44" VPOS="3551" HPOS="564"/>
<SP HEIGHT="41" WIDTH="57" VPOS="3540" HPOS="609"/>
<String CS="1" CONTENT="19&#189;" HEIGHT="40" WIDTH="56" VPOS="3540" HPOS="667"/>
<String STYLE="superscript" CS="1" CONTENT="&#7580;&#7504;."/>
</TextLine>
<TextLine HEIGHT="66" WIDTH="1998" VPOS="3580" HPOS="127" CS="1">
<String CONTENT="&#169;" HEIGHT="52" WIDTH="52" VPOS="3593" HPOS="127"/>
<SP HEIGHT="52" WIDTH="30" VPOS="3593" HPOS="180"/>
<String CS="1" CONTENT="1c." HEIGHT="29" WIDTH="36" VPOS="3608" HPOS="240"/>
<SP HEIGHT="39" WIDTH="28" VPOS="3598" HPOS="277"/>
<String CONTENT="Apr." HEIGHT="46" WIDTH="115" VPOS="3598" HPOS="306"/>
<SP HEIGHT="40" WIDTH="27" VPOS="3597" HPOS="422"/>
<String CONTENT="30," HEIGHT="47" WIDTH="69" VPOS="3597" HPOS="450"/>
<SP HEIGHT="46" WIDTH="30" VPOS="3598" HPOS="520"/>
<String CONTENT="1928;" HEIGHT="48" WIDTH="141" VPOS="3596" HPOS="551"/>
<SP HEIGHT="46" WIDTH="31" VPOS="3598" HPOS="693"/>
<!-- cceid 1F977140-6CB2-1014-A20E-B9D6251C946A --><String CONTENT="A" HEIGHT="38" WIDTH="40" VPOS="3598" HPOS="725"/>
<SP HEIGHT="39" WIDTH="28" VPOS="3598" HPOS="766"/>
<String CONTENT="ad" HEIGHT="39" WIDTH="62" VPOS="3599" HPOS="795"/>
<SP HEIGHT="40" WIDTH="28" VPOS="3598" HPOS="858"/>
<String CONTENT="int." HEIGHT="57" WIDTH="90" VPOS="3580" HPOS="887"/>
<SP HEIGHT="57" WIDTH="27" VPOS="3580" HPOS="978"/>
<String CONTENT="11050;" HEIGHT="47" WIDTH="170" VPOS="3597" HPOS="1006"/>
<SP HEIGHT="38" WIDTH="32" VPOS="3608" HPOS="1177"/>
<String CONTENT="pubd." HEIGHT="48" WIDTH="144" VPOS="3598" HPOS="1210"/>
<SP HEIGHT="39" WIDTH="31" VPOS="3600" HPOS="1355"/>
<String CONTENT="Mar." HEIGHT="38" WIDTH="122" VPOS="3600" HPOS="1387"/>
<SP HEIGHT="39" WIDTH="30" VPOS="3599" HPOS="1510"/>
<String CONTENT="1;" HEIGHT="46" WIDTH="52" VPOS="3599" HPOS="1541"/>
<SP HEIGHT="46" WIDTH="33" VPOS="3599" HPOS="1594"/>
<String CONTENT="N." HEIGHT="40" WIDTH="56" VPOS="3599" HPOS="1628"/>
<SP HEIGHT="40" WIDTH="30" VPOS="3599" HPOS="1685"/>
<String CONTENT="Jacob," HEIGHT="46" WIDTH="165" VPOS="3599" HPOS="1716"/>
<SP HEIGHT="45" WIDTH="30" VPOS="3600" HPOS="1882"/>
<String CONTENT="London." HEIGHT="41" WIDTH="212" VPOS="3599" HPOS="1913"/>
</TextLine>
<TextLine HEIGHT="48" WIDTH="281" VPOS="3653" HPOS="211">
<String CONTENT="(28-13000)" HEIGHT="48" WIDTH="281" VPOS="3653" HPOS="211"/>
</TextLine>
<TextLine HEIGHT="62" WIDTH="674" VPOS="3720" HPOS="127" STYLEREFS="StyleId-0D316618-2049-4B35-9567-4F6BDF6774E3-">
<String CONTENT="Johnson," HEIGHT="62" WIDTH="283" VPOS="3720" HPOS="127"/>
<SP HEIGHT="61" WIDTH="32" VPOS="3721" HPOS="411"/>
<String CONTENT="Clifton," HEIGHT="62" WIDTH="242" VPOS="3720" HPOS="444"/>
<SP HEIGHT="43" WIDTH="30" VPOS="3739" HPOS="687"/>
<String CONTENT="ed." HEIGHT="53" WIDTH="83" VPOS="3721" HPOS="718"/>
</TextLine>
<TextLine HEIGHT="71" WIDTH="1865" VPOS="3797" HPOS="260" STYLEREFS="StyleId-BAE7EED5-A085-4331-A54F-9446267595B0-" CS="1">
<String CS="1" CONTENT="&#8230;"/>
<SP HEIGHT="33" WIDTH="44" VPOS="3831" HPOS="260"/>
<String CONTENT="[Revised" HEIGHT="67" WIDTH="263" VPOS="3797" HPOS="305"/>
<SP HEIGHT="52" WIDTH="33" VPOS="3798" HPOS="569"/>
<String CONTENT="introduction]" HEIGHT="67" WIDTH="408" VPOS="3798" HPOS="603"/>
<SP HEIGHT="66" WIDTH="39" VPOS="3799" HPOS="1012"/>
<String CONTENT="by" HEIGHT="69" WIDTH="77" VPOS="3799" HPOS="1052"/>
<SP HEIGHT="70" WIDTH="35" VPOS="3798" HPOS="1130"/>
<String CONTENT="Clifton" HEIGHT="55" WIDTH="227" VPOS="3798" HPOS="1166"/>
<SP HEIGHT="54" WIDTH="36" VPOS="3799" HPOS="1394"/>
<String CONTENT="Johnson" HEIGHT="54" WIDTH="261" VPOS="3799" HPOS="1431"/>
<SP HEIGHT="48" WIDTH="41" VPOS="3818" HPOS="1693"/>
<String CS="1" CONTENT="[in" HEIGHT="51" WIDTH="60" VPOS="3800" HPOS="1752"/>
<SP HEIGHT="48" WIDTH="34" VPOS="3804" HPOS="1813"/>
<String CONTENT="the" HEIGHT="53" WIDTH="96" VPOS="3799" HPOS="1848"/>
<SP HEIGHT="52" WIDTH="34" VPOS="3800" HPOS="1945"/>
<String CONTENT="book" HEIGHT="53" WIDTH="145" VPOS="3799" HPOS="1980"/>
</TextLine>
<TextLine HEIGHT="70" WIDTH="1936" VPOS="3875" HPOS="129" STYLEREFS="StyleId-BAE7EED5-A085-4331-A54F-9446267595B0-" CS="1">
<String CONTENT="entitled]" HEIGHT="67" WIDTH="255" VPOS="3875" HPOS="129"/>
<SP HEIGHT="66" WIDTH="30" VPOS="3876" HPOS="385"/>
<String CONTENT="The" HEIGHT="52" WIDTH="120" VPOS="3876" HPOS="416"/>
<SP HEIGHT="52" WIDTH="25" VPOS="3876" HPOS="537"/>
<String CONTENT="district" HEIGHT="52" WIDTH="226" VPOS="3876" HPOS="563"/>
<SP HEIGHT="47" WIDTH="23" VPOS="3882" HPOS="790"/>
<String CONTENT="school" HEIGHT="53" WIDTH="190" VPOS="3876" HPOS="814"/>
<SP HEIGHT="52" WIDTH="25" VPOS="3877" HPOS="1005"/>
<String CONTENT="as" HEIGHT="34" WIDTH="59" VPOS="3896" HPOS="1031"/>
<SP HEIGHT="53" WIDTH="23" VPOS="3877" HPOS="1091"/>
<String CONTENT="it" HEIGHT="52" WIDTH="47" VPOS="3877" HPOS="1115"/>
<SP HEIGHT="46" WIDTH="24" VPOS="3883" HPOS="1163"/>
<String CONTENT="was," HEIGHT="48" WIDTH="133" VPOS="3896" HPOS="1188"/>
<SP HEIGHT="67" WIDTH="21" VPOS="3877" HPOS="1322"/>
<String CONTENT="by" HEIGHT="68" WIDTH="76" VPOS="3877" HPOS="1344"/>
<SP HEIGHT="50" WIDTH="24" VPOS="3895" HPOS="1421"/>
<String CONTENT="one" HEIGHT="33" WIDTH="103" VPOS="3896" HPOS="1446"/>
<SP HEIGHT="33" WIDTH="25" VPOS="3896" HPOS="1550"/>
<String CONTENT="who" HEIGHT="52" WIDTH="125" VPOS="3877" HPOS="1576"/>
<SP HEIGHT="33" WIDTH="26" VPOS="3896" HPOS="1702"/>
<String CONTENT="went" HEIGHT="47" WIDTH="148" VPOS="3882" HPOS="1729"/>
<SP HEIGHT="47" WIDTH="23" VPOS="3882" HPOS="1878"/>
<String CONTENT="to" HEIGHT="47" WIDTH="58" VPOS="3883" HPOS="1902"/>
<SP HEIGHT="53" WIDTH="25" VPOS="3877" HPOS="1961"/>
<String CONTENT="it" HEIGHT="52" WIDTH="47" VPOS="3877" HPOS="1987"/>
<SP HEIGHT="46" WIDTH="30" VPOS="3883" HPOS="2035"/>
<String CS="1" CONTENT="&#8230;"/>
</TextLine>
<TextLine HEIGHT="73" WIDTH="1350" VPOS="3952" HPOS="127" STYLEREFS="StyleId-BAE7EED5-A085-4331-A54F-9446267595B0-" CS="1">
<String CONTENT="New" HEIGHT="54" WIDTH="139" VPOS="3952" HPOS="127"/>
<SP HEIGHT="53" WIDTH="25" VPOS="3952" HPOS="267"/>
<String CONTENT="York," HEIGHT="69" WIDTH="180" VPOS="3952" HPOS="293"/>
<SP HEIGHT="67" WIDTH="24" VPOS="3954" HPOS="474"/>
<String LANG="fr" CONTENT="T." HEIGHT="53" WIDTH="64" VPOS="3954" HPOS="499"/>
<SP HEIGHT="53" WIDTH="30" VPOS="3954" HPOS="564"/>
<String CONTENT="Y." HEIGHT="53" WIDTH="70" VPOS="3954" HPOS="595"/>
<SP HEIGHT="56" WIDTH="29" VPOS="3952" HPOS="666"/>
<String CONTENT="Crowell" HEIGHT="56" WIDTH="245" VPOS="3952" HPOS="696"/>
<SP HEIGHT="53" WIDTH="25" VPOS="3955" HPOS="942"/>
<String CONTENT="company" HEIGHT="52" WIDTH="283" VPOS="3973" HPOS="968"/>
<SP HEIGHT="52" WIDTH="32" VPOS="3973" HPOS="1252"/>
<String STYLE="subscript" CONTENT="[" HEIGHT="33" WIDTH="13" VPOS="3990" HPOS="1285"/>
<String STYLE="superscript" CS="1" CONTENT="&#7580;1"/>
<String CONTENT="928" HEIGHT="51" WIDTH="100" VPOS="3958" HPOS="1359"/>
<String STYLE="subscript" CONTENT="]" HEIGHT="33" WIDTH="12" VPOS="3990" HPOS="1465"/>
</TextLine>
</TextBlock>
</PrintSpace>
</Page>
</Layout>
</alto>