2498 4384
1351 4078 102 56 706

393 451 168 61 Beer,
590 450 276 61 Thomas,
900 451 169 50 1889-

466 529 123 52 The
616 529 140 51 road
786 532 58 47 to
875 527 233 65 heaven,
1137 544 31 33 a
1199 543 264 34 romance
1489 523 66 53 of
1582 524 210 52 morals
1827 523 108 67 [by]
1971 523 248 52 Thomas
2249 524 141 50 Beer

457 601 1387 70 … New York, London, A. A. Knopf, 1928.
461 685 616 50 4 p. l., 3-266 p., 11. 19½ ᶜᵐ.
405 741 52 52 ©
486 746 113 38 May
624 744 69 47 11,
720 743 114 40 1928;
890 744 68 39 2c.
985 743 114 46 May
1126 742 56 38 12;
1239 740 82 42 aff.
1349 742 114 45 May
1489 741 55 38 14;
1603 739 41 39 A
1670 738 203 42 1074494;
1930 739 172 39 Alfred
2131 739 54 40 A.
2216 737 178 50 Knopf,

474 802 91 41 inc.
634 799 281 49 (28-12656)

400 883 219 62 Bemis,
650 881 236 55 Samuel
918 881 206 62 Flagg,
1155 880 83 52 ed.

472 961 121 52 The
642 959 306 52 American
998 957 326 53 secretaries
1376 956 65 54 of
1490 962 144 48 state
1686 957 114 52 and
1850 955 149 53 their
2054 956 342 69 diplomacy,

404 1038 229 55 Samuel
659 1038 189 67 Flagg
874 1036 210 67 Bemis,
1112 1035 202 68 editor,
1342 1035 55 54 J.
1427 1034 284 53 Franklin
1739 1034 288 68 Jameson,
2056 1034 77 53 H.
2164 1036 233 52 Barrett

401 1116 277 66 Learned,
717 1115 193 53 James
950 1116 215 50 Brown
1204 1112 178 69 Scott,
1422 1113 269 68 advisory
1728 1112 196 53 board.
2042 1146 69 33 [v.
2152 1116 48 49 4.
2242 1114 156 53 John

402 1194 226 68 Quincy
655 1193 237 66 Adams,
917 1192 76 68 by
1021 1192 215 52 Dexter
1265 1191 244 53 Perkins;
1570 1190 204 69 Henry
1806 1189 162 71 Clay,
1996 1191 78 68 by
2103 1192 295 53 Theodore

402 1273 68 51 E.
499 1273 251 63 Burton;
780 1270 221 52 Martin
1028 1271 132 53 Yan
1188 1270 212 67 Buren,
1425 1270 76 68 by
1529 1270 157 53 John
1717 1268 247 69 Spencer
1992 1271 256 66 Bassett;
400 1271 1974 130 Edward
586 1348 361 68 Livingston,
963 1348 76 68 by
1066 1349 49 51 F
1120 1347 186 53 rancis
1335 1348 197 51 Rawle;
1580 1347 174 53 Louis
1784 1348 272 67 McLane,
2071 1347 77 69 by
2166 1348 233 69 Eugene

401 1425 1973 146 Irving McCormac; John Forsyth, by Eugene Irving McCormac] New York, A. A. Knopf [ ᶜ1 928]
473 1585 575 48 ix, 392 p. ports. 21½ ᶜᵐ.
408 1638 52 52 ©
489 1643 114 47 May
629 1643 68 46 11,
724 1642 115 40 1928;
895 1642 68 40 2c.
990 1643 113 46 May
1130 1642 57 38 12;
1244 1641 82 40 aff.
1356 1643 114 46 May
1497 1642 56 39 14;
1610 1642 41 39 A
1677 1641 204 41 1074495;
1937 1642 173 41 Alfred
2136 1642 55 41 A.
2220 1644 178 48 Knopf,

477 1699 91 40 inc.

401 1779 235 63 Blaker,
668 1780 190 62 Mary.

471 1859 123 52 The
616 1877 191 50 pagan
830 1859 174 66 lover,
1028 1858 73 69 by
1125 1859 172 68 Mary
1322 1858 227 53 Blaker.
1611 1858 259 69 London,
1895 1860 64 51 T.
1987 1861 411 67 Butterworth,

398 1936 223 52 limited
658 1938 171 65 [1928]

469 2017 274 49 320 p. 19½ ᶜᵐ.
409 2069 1992 55 © 1c. May 12, 1928; A ad int. 11061; pubd. Mar. 15; H. M. Blaker, New
476 2130 188 47 Milton,
700 2130 308 48 Hampshire,
1047 2131 236 47 England.
1354 2130 281 49 (28-13173)

398 2210 231 60 Bolton,
658 2212 139 52 Mrs.
831 2210 135 53 Ann
1006 2210 265 65 (Curtis)
1313 2210 326 55 1690-1747.

470 2289 121 52 The
625 2288 106 53 life
763 2288 65 53 of
860 2289 138 53 Mrs.
1035 2289 214 52 Robert
1285 2289 145 69 Clay
1464 2289 343 54 afterwards
1841 2292 139 52 Mrs.
2015 2292 216 53 Robert
398 2294 1975 126 Bolton
541 2366 126 70 (née
697 2366 137 53 Ann
866 2365 221 71 Curtis)
1133 2366 337 68 1690-1738;
1505 2368 61 52 in
1595 2368 195 54 letters
1821 2368 229 54 written
2078 2370 76 70 by
2184 2370 214 55 herself

398 2445 1995 228 to her physician and now transcribed from the original manuscript by her great grandson, the Rev. Curtis Clay. Philadelphia, September 1, 1812-March 4, 1825. [Philadelphia, ᶜ1 928]
470 2683 693 49 197 p. front. (port.) 19 ᶜᵐ.
470 2740 338 41 Introduction
836 2739 167 49 signed
1022 2751 8 28 :
1064 2741 70 41 W.
1162 2740 181 41 Nelson
1373 2741 237 48 Mayhew.

470 2796 1927 55 Contains also special t.-p. : A letter diary written 1738-1746 … by
398 2853 108 39 Ann
535 2854 121 48 Clay
681 2854 176 40 Bolton
897 2852 110 48 (née
1036 2852 189 48 Curtis)

409 2906 52 52 ©
486 2911 122 39 Mar.
631 2908 69 48 15,
725 2909 115 41 1928;
892 2909 67 39 2c.
984 2909 122 39 Mar.
1129 2908 55 40 13;
1240 2908 82 41 aff.
1348 2909 122 41 Mar.
1495 2910 56 39 27;
1606 2909 41 40 A
1671 2909 202 43 1069517;
1931 2911 156 43 Juliet
2111 2913 49 42 C.
2188 2915 210 48 Walker,

478 2965 355 49 Philadelphia.
903 2965 281 48 (28-12557)

407 3043 274 64 Bradley,
708 3043 153 55 Will.

538 3120 1863 75 … [Cover design by Will Bradley in the book entitled] The
406 3199 1995 78 district school as it was, by one who went to it … Edited by
407 3277 1987 77 Clifton Johnson. New York, T. Y. Crowell company [ ᶜ1 928]
476 3357 1162 51 2 p. l., iii-xii, 171, [18] p. front., illus. 19½ ᶜᵐ.
477 3416 72 39 On
576 3425 141 30 cover
735 3425 8 28 :
777 3416 100 47 [By]
908 3416 205 39 Warren
1142 3417 203 40 Burton.

410 3467 52 52 ©
492 3473 122 39 Mar.
643 3472 68 46 15,
742 3471 114 41 1928;
914 3472 67 41 2c.
1012 3474 122 39 Mar.
1162 3474 57 38 22;
1277 3473 83 41 aff.
1389 3476 114 46 May
1533 3476 24 38 1;
1617 3476 42 38 A
1688 3476 203 41 1074279;
1952 3478 187 41 Clifton
2169 3481 230 48 Johnson,

480 3529 204 47 Hadley,
717 3530 146 38 Mass.

401 3593 205 63 Brink,
637 3595 308 62 Raymond
974 3596 366 62 Woodward,
1374 3601 172 49 1890-

474 3672 179 52 Plane
681 3672 417 69 trigonometry;
1159 3692 31 34 a
1220 3675 272 52 textbook
1522 3675 93 54 for
1644 3678 219 53 schools
1894 3680 113 52 and
2038 3681 256 69 colleges,
2324 3681 75 69 by

404 3748 1991 76 Raymond W. Brink … New York, London, The Century co.
408 3829 192 64 [ ᶜ1 928]
471 3907 1172 55 xii p., 1 l. , 198 p. diagrs. 20½ ᶜᵐ . $1.65
412 3958 51 53 ©
493 3964 114 47 May
634 3963 38 48 5,
701 3964 115 41 1928;
871 3965 67 42 2c.
966 3968 95 40 and
1089 3967 81 43 aff.
1202 3969 114 48 May
1344 3969 26 42 8;
1428 3969 41 40 A
1497 3970 203 42 1077149;
1759 3971 214 50 Century
2002 3984 68 31 co.
489 4019 281 52 (28-12526)
