2498 4384
1046 4115 135 50 1953

112 433 201 63 Adair,
353 432 54 53 A
696 431 73 53 H.

178 512 269 69 Dinners,
476 512 138 68 long
642 512 112 52 and
785 511 177 68 short,
990 510 76 68 by
1095 508 70 52 A.
1196 508 78 54 H.
1306 506 186 55 Adair;
1551 505 141 55 with
1722 525 72 35 an
116 506 1976 138 introduction
261 591 77 56 by

365 589 78 54 X.
477 589 216 53 Marcel
723 589 299 53 Boulestin
1053 587 114 53 and
1199 605 32 34 a
1264 583 249 71 portrait
1543 586 76 69 by
1648 585 186 54 Marie
107 585 1986 138 Laurencin.
288 669 259 66 London,
578 668 70 53 V.
684 666 292 72 Gollancz,
1008 666 123 68 ltd.,
1165 667 150 52 1928.

176 746 785 53 252 p. front. (port.) 19½ ᶜᵐ .
111 819 2005 54 © 1c. Nov. 22, 1928; A ad int. 11982; pubd. Nov. 20; Alfred A. Knopf,
178 881 104 47 inc.,
313 880 120 40 New
461 879 146 40 York.
677 877 281 50 (28-30442)

107 975 256 63 Ballard,
393 975 290 51 Emerson
715 973 347 63 Etheridge,
1094 973 83 51 ed.

175 1053 251 53 Indiana
456 1052 315 53 references
801 1052 110 51 and
946 1051 382 52 annotations.
1398 1049 376 68 Supplement
1806 1068 89 35 no.
1929 1054 47 61 8,
107 1050 1986 134 December
364 1134 85 50 31,

107 1127 1986 149 1927 … Ed. by Emerson E. Ballard … Crawfordsville, Ind., National annotating company [ᶜ1928]
175 1291 363 50 128 p. 25½ ᶜᵐ .
109 1360 52 53 ©
190 1364 112 40 Feb.
330 1365 39 46 1,
398 1363 115 40 1928;
570 1363 68 40 2c.
667 1363 95 39 and
791 1361 83 42 aff.
902 1362 113 41 Dec.
1043 1361 55 40 21;
1157 1362 41 40 A
1225 1361 115 41 3302;
1401 1363 52 38 E.
1483 1362 54 40 E.
1564 1361 219 47 Ballard,
175 1360 1925 109 Crawfordsville,
335 1422 106 39 Ind.

101 1517 279 60 Bennett,
421 1515 242 54 Arnold.

174 1593 337 70 Piccadilly.
633 1594 152 67 [chap.]
826 1597 28 49 5
898 1591 341 70 (contd.)-7.

208 1677 58 39 (In
299 1673 130 42 Film
463 1671 190 53 weekly
688 1672 289 53 magazine)

109 1743 2009 53 © 1c. Dec. 31, 1928; A ad int. 12176; pubd. Nov. 5; A. Bennett, London.
105 1900 163 54 Book
298 1900 183 54 trails.
556 1934 67 33 [v.
658 1903 47 64 6]
743 1898 82 54 At
855 1900 97 52 the
984 1900 340 53 crossroads.
1397 1898 272 71 Chicago,
1704 1899 265 70 Shepard
2001 1900 115 53 and

172 1980 324 66 Lawrence,
528 1979 106 52 inc.
716 1982 152 64 [ᶜ1928]

175 2061 1013 49 vii, 9-320 p. illus. (part col.) 25 ᶜᵐ .
109 2129 52 53 ©
187 2134 113 40 Dec.
326 2134 69 47 11,
422 2132 116 42 1928;
592 2133 67 40 2c.
687 2134 95 39 and
809 2132 83 42 aff.
917 2133 113 41 Dec.
1057 2134 57 39 17;
1168 2132 41 40 A
1236 2133 118 40 2288;
1411 2132 219 49 Shepard
1658 2133 36 41 &
1721 2134 275 42 Lawrence,
2025 2133 93 41 inc.

104 2243 415 64 Braithwaite,
558 2243 257 54 William
855 2244 247 63 Stanley
1140 2244 353 64 Beaumont,
1534 2245 82 52 ed.

173 2322 340 71 Anthology
554 2322 65 53 of
658 2323 301 69 magazine
998 2342 157 34 verse
1199 2322 95 53 for
1339 2326 162 66 1928;
1549 2323 114 53 and
1705 2321 308 55 Yearbook
2055 2322 65 55 of

102 2400 308 55 American
446 2408 221 63 poetry,
702 2403 83 52 ed.
820 2403 77 66 by
930 2403 263 54 William
1234 2403 238 69 Stanley
1507 2403 397 53 Braithwaite.
1978 2402 141 55 New

104 2481 181 66 York,
314 2481 229 53 Harold
574 2481 197 54 Vinal.
802 2482 124 58 ltd.,
960 2484 152 51 1928.

173 2563 732 49 xxiv, p. 1 l., 697 p. 21 ᶜᵐ .
107 2616 52 53 ©
188 2621 118 40 Nov.
333 2621 70 48 14,
432 2621 114 40 1928;
602 2621 68 41 2c.
696 2621 119 41 Nov.
843 2621 55 39 21;
957 2621 82 41 aff.
1068 2621 119 41 Nov.
1214 2621 57 39 22;
1329 2622 42 39 A
1397 2621 116 41 1835;
1571 2622 189 40 Harold
1788 2622 159 43 Vinal,
1977 2624 87 39 ltd.

100 2730 384 64 Broadwood,
515 2730 36 54 J
838 2731 89 55 W.

171 2808 1886 71 The horoscope of Duke Camillo, by J. W. Broadwood …
99 2886 260 67 London,
386 2886 71 53 A.
488 2887 224 58 Rivers,
741 2887 242 58 limited,
1015 2887 150 55 1928.

171 2969 620 48 vii, [1]. 9-320 p. 19 ᶜᵐ .
108 3022 2012 56 © 1c. Nov. 16, 1928; A ad int. 11949; pubd. Sept. 17; Judith Winifred
174 3084 129 40 Kate
340 3084 260 41 Swinburn
637 3084 281 45 Sheldrake,
952 3086 215 40 London.
1241 3086 283 50 (28-30341)

104 3180 198 62 Caine,
336 3181 99 53 Sir
465 3179 154 65 Hall,
654 3185 174 50 1853-

178 3258 415 54 Recollections
617 3257 65 54 of
702 3258 271 58 Rossetti,
996 3259 77 67 by
1096 3260 146 52 Hall
1268 3259 194 56 Caine.
1537 3260 243 55 London
1811 3269 118 60 [etc.]

107 3262 1987 126 Cassell
239 3336 113 52 and
383 3354 300 50 company,
714 3336 104 54 ltd.
857 3340 172 65 [1928]

177 3417 65 42 ix,
279 3417 71 50 [1],
384 3417 89 41 259
504 3429 44 37 p.
608 3417 117 43 19ᶜᵐ.

181 3474 168 41 “Some
382 3473 222 49 portions
637 3474 53 41 of
720 3474 100 42 this
853 3476 124 40 book
1009 3487 128 30 were
1170 3477 258 48 published
1463 3478 50 39 in
1546 3478 116 41 1882;
1725 3481 141 39 other
1898 3481 221 48 portions

112 3530 51 41 of
191 3530 39 41 it
261 3530 51 40 in
341 3530 117 41 1908;
517 3532 145 39 much
693 3531 53 41 of
776 3531 40 41 it
847 3532 42 39 is
918 3543 111 29 now
1060 3544 121 30 new.
1258 3534 47 40 It
1337 3533 42 41 is
1412 3534 109 41 first
1552 3536 260 47 published
1845 3548 55 30 as
1935 3549 27 29 a
111 3549 1990 86 completed
294 3586 126 42 book

442 3590 52 38 at
519 3589 83 39 the
627 3590 265 45 centenary
917 3589 53 44 of
994 3589 262 42 Rossetti’s
1282 3590 147 48 birth,
1456 3591 161 42 1928.”

109 3641 2010 59 © 1c. Nov. 26, 1928; A ad int. 11967; pubd. Sept. 27; Sir H. Caine,
175 3703 231 48 Douglas,
444 3703 97 39 Isle
577 3702 53 41 of
664 3704 129 44 Man,
831 3705 239 47 England.
1145 3704 284 51 (28-30280)

104 3796 380 64 Carrington,
517 3797 343 64 Hereward,
896 3803 172 50 1880-

180 3874 218 70 Bridge
429 3874 306 68 simplified;
802 3896 25 32 a
863 3875 149 54 book
1042 3876 95 54 for
1166 3878 323 69 beginners,
1518 3880 77 64 by
1625 3881 320 56 Hereward
110 3883 1984 139 Carrington,

397 3951 394 56 introduction
826 3953 78 68 by
941 3953 218 72 Sidney
1198 3955 56 56 S.
1291 3955 169 54 Lenz.
1537 3958 141 54 New
1714 3960 183 68 York,
1933 3963 187 55 Lewis

111 4029 295 70 Copeland
439 4049 299 51 company,
772 4035 151 50 1928.
