2498 4384
1127 4089 138 54 1319

313 498 1903 50 6 p. l., 3-218 p. front. (port.) 20 ᶜᵐ. (Half-title: Duke university
216 556 351 49 publications)

286 626 350 48 Bibliography:
694 636 43 38 p.
764 625 221 41 211-214.

217 678 51 52 ©
296 683 121 48 Aug.
443 683 69 46 31,
542 682 140 48 1928;
712 683 68 40 2c.
811 682 128 48 Sept.
968 683 53 47 1;
1051 682 82 42 aff.
1164 682 130 48 Sept.
1319 681 54 47 4;
1404 681 42 39 A
1473 680 203 41 1053129;
1735 681 141 40 Duke
1905 680 131 42 univ.
2065 691 151 38 press.

293 739 282 50 (28-21047)

208 833 305 63 Wellman,
550 834 192 52 Mabel
778 833 287 64 Thacher,
1107 835 172 53 1872-

345 910 1874 71 … Food: its planning and preparation; a junior course in
216 990 138 55 food
387 992 172 67 study
592 991 139 52 with
764 1009 30 34 a
829 988 186 70 recipe
1048 990 148 53 book
1230 990 95 53 for
1357 1008 97 35 use
1486 995 59 47 at
1576 990 164 52 home
1774 989 113 53 and
1920 995 60 47 at
2011 990 210 65 school,

209 1069 35 53 by
313 1070 191 53 Mabel
534 1071 62 52 T.
628 1070 286 53 Wellman…
1088 1070 98 52 117
1216 1068 399 53 illustrations.
1691 1068 72 53 2d
1797 1068 274 53 ed.—rev.
2104 1069 108 52 and

207 1146 1987 149 reset. Philadelphia, Chicago & London, J. B. Lippincott company [ ᶜ19 28]
313 1309 60 47 xvi,
401 1309 88 40 384
515 1319 42 37 p.
584 1308 110 40 incl.
719 1308 165 47 front.,
912 1308 144 46 illus.,
1082 1308 181 47 diagrs.
1325 1308 57 40 20½ᶜᵐ.
1543 1307 344 50 (Lippincott’s
1916 1308 109 40 unit
2052 1311 157 47 texts)

279 1366 263 40 Published
567 1366 50 38 in
642 1365 113 40 1923
781 1366 153 39 under
961 1365 109 40 title:
1132 1365 133 40 Food
1290 1365 236 48 planning
1550 1366 96 39 and
1671 1365 332 49 preparation.

279 1424 320 40 “References"
658 1426 50 37 at
737 1424 91 39 end
858 1423 52 39 of
936 1423 115 39 each
1083 1423 203 47 chapter;
1345 1423 236 40 “General
1612 1422 339 48 bibliography":
2043 1433 44 37 p.
2117 1424 99 39 374.

214 1477 51 52 ©
296 1482 112 45 May
436 1480 69 48 10,
535 1480 140 41 1928;
706 1480 68 40 2c.
803 1481 96 39 and
929 1480 82 41 aff.
1042 1479 129 49 Sept.
1200 1481 23 38 1;
1286 1480 42 39 A
1355 1478 231 49 1053135;
1620 1480 44 42 J.
1694 1481 56 40 B.
1780 1479 281 49 Lippincott
2091 1491 69 30 co.

290 1537 280 49 (28-21141)

208 1631 199 69 [Weyl,
449 1632 292 66 Fernand]
790 1630 170 54 1874-

206 1710 1987 145 … La vie amoureuse de Ninon de Lanclos. [Paris] E. Flammarion [1928]
276 1871 1294 49 183 p., 1 l. 18 ᶜᵐ. (Collection “Leurs amours”)
273 1929 232 41 Author’s
529 1931 179 46 pseud.,
734 1930 226 39 Fernand
985 1929 217 46 Nozière,
1228 1931 52 38 at
1303 1930 123 39 head
1454 1929 52 40 of
1530 1929 123 40 title.

211 1983 1921 54 © Jan. 19, 1928; 1c. Feb. 3; A—Foreign 36908; Ernest Flammarion.
285 2044 282 50 (28-20731)

202 2137 219 66 White,
452 2137 256 56 William
740 2138 283 63 Alanson,
1058 2142 171 51 1870-

339 2216 1870 72 … Lectures in psychiatry (the major psychoses) by William
205 2296 73 56 A.
300 2297 199 56 White…
649 2297 139 54 New
812 2297 165 54 York
1002 2297 113 54 and
1140 2296 408 71 Washington,
1572 2296 261 56 Nervous
1858 2296 115 55 and
1996 2296 216 55 mental

205 2375 215 55 disease
451 2376 339 71 publishing
819 2395 299 51 company,
1154 2378 152 53 1928.

308 2490 9 16 v,
350 2459 88 40 167
471 2470 43 37 p.
575 2459 130 41 illus.
733 2460 266 48 (facsims.)
1046 2460 155 47 diagr.
1262 2460 56 40 23½ᶜᵐ.
1480 2460 246 48 (Nervous
1764 2460 96 40 and
1897 2461 185 39 mental
205 2460 1990 96 disease
344 2517 300 47 monograph

673 2517 165 48 series,
868 2528 75 30 no.
974 2516 80 49 51)

207 2570 51 52 ©
286 2575 122 48 Aug.
436 2575 69 48 27,
535 2574 118 41 1928;
707 2575 69 40 2c.
806 2576 96 39 and
931 2575 83 41 aff.
1042 2575 121 48 Aug.
1193 2575 56 40 31;
1309 2575 42 39 A
1380 2575 207 41 1053128;
1644 2576 72 42 W.
1748 2576 54 40 A.
1834 2575 178 42 White.
273 2575 1922 105 Washington.
528 2631 282 50 (28-20979)

203 2725 291 64 Whiting,
525 2725 155 54 John
710 2726 272 63 Downes,
1016 2730 170 49 1884-

260 2801 1952 133 S. O. S., a story of the world war at sea, by John D. Whiting … with
460 2881 384 54 illustrations
869 2881 76 69 by
971 2881 98 54 the
1096 2882 225 52 author.
1396 2881 423 69 Indianapolis,
1845 2881 122 54 The
196 2881 2013 131 Bobbs-Merrill

460 2962 519 66 company [ ᶜ19 28]
265 3043 1003 50 302, [1] p. front., illus., plates. 21 ½ ᶜᵐ.
201 3094 53 53 ©
282 3099 121 48 Aug.
432 3100 70 40 24,
531 3099 142 47 1928;
704 3100 68 40 2c.
803 3099 95 40 and
929 3099 83 41 aff.
1046 3099 128 48 Sept.
1204 3099 54 47 6;
1289 3099 42 39 A
1360 3098 232 48 1053210;
1623 3099 372 41 Bobbs-Merrill
2027 3111 68 31 co.

281 3156 282 48 (28-20925)

209 3249 196 54 Who’s
451 3251 127 52 who
624 3269 208 50 among
878 3255 224 63 pastors
1148 3251 61 51 in
1256 3250 78 52 all
1380 3251 98 52 the
1522 3249 348 70 Norwegian
1915 3251 297 52 Lutheran

271 3329 210 67 synods
520 3328 64 53 of
620 3329 286 67 America,
946 3328 328 54 1843-1927.
1350 3328 73 52 3d
1462 3329 84 52 ed.
1586 3327 66 54 of
1689 3327 191 54 Norsk
1917 3327 290 55 lutherske

271 3410 220 63 prester
526 3407 19 52 i
580 3407 295 67 Amerika,
910 3412 71 47 tr.
1020 3407 113 52 and
1171 3425 115 34 rev.
1323 3407 77 67 by
1436 3407 245 52 Rasmus
1717 3406 265 69 Malmin,
2020 3407 69 55 O.
2126 3407 80 54 M.

270 3483 217 68 Norlie,
526 3485 112 53 and
679 3484 67 55 O.
785 3485 70 52 A.
896 3485 356 69 Tingelstad.
1329 3484 408 68 Minneapolis,
1773 3484 205 67 Minn.,
268 3484 1914 147 Augsburg
448 3562 338 69 publishing
816 3562 191 67 house,
1043 3565 150 51 1928.

268 3644 703 49 662 p. illus. (ports.) 24 ᶜᵐ.
200 3696 2003 54 © Aug. 31, 1928; 2c. and aff. Sept. 4; A 1053173; Augsburg pub. house.
278 3757 281 50 (28-21029)

193 3850 203 54 Who’s
426 3853 126 52 who
585 3853 61 52 in
674 3854 95 52 the
801 3853 272 53 chemical
1104 3853 113 53 and
1251 3854 150 67 drug
1431 3852 328 54 industries.
2000 3885 13 35 [1928]
2094 3852 110 53 Ed.

263 3930 75 70 by
377 3930 291 56 Williams
706 3931 237 70 Haynes…
1124 3931 140 51 New
1305 3930 181 71 York,
1524 3931 238 69 Haynes
1800 3931 404 70 publications,

260 4008 127 70 inc.,
425 4012 149 51 1928.
