2498 4384
1027 4103 101 53 827

78 552 239 47 Giuseppe
356 549 268 42 Garibaldi.
627 550 188 39 —John
856 547 587 42 Wanamaker.—Robert
1484 546 171 40 Edwin
1697 546 172 47 Peary.
1871 569 58 4 —
76 545 1987 105 Theodore
219 609 272 39 Roosevelt.

85 677 50 52 ©
163 682 127 39 June
313 681 40 42 2,
381 679 141 47 1928;
550 680 67 39 2c.
645 680 94 38 and
767 677 82 42 aff.
877 679 126 39 June
1028 678 26 38 4;
1112 676 41 39 A
1178 675 230 41 1077562;
1439 676 45 41 J.
1512 676 53 39 A.
1593 676 119 46 Bell,
1741 674 338 47 Washington.

162 736 281 50 (28-14215)

77 833 301 62 Benedict,
409 831 210 54 Jennie
651 832 228 60 Carter,
915 834 170 49 1860-

149 912 120 51 The
293 911 140 52 road
457 916 57 47 to
539 911 211 51 Dream
778 927 124 34 acre
950 908 93 69 [by]
1073 908 208 55 Jennie
1308 906 62 56 C.
1398 905 292 55 Benedict.
1751 905 333 67 Louisville,

80 989 132 68 Ky.,
238 989 121 52 The
390 987 292 56 Standard
711 987 265 69 printing
1002 1004 98 50 co.,
1126 986 423 69 incorporated,
1579 988 149 50 1928.

153 1082 1236 51 5 p. l. , 115. [1] p. incl. illus., plates, ports. 23½ ᶜᵐ.
152 1157 100 38 The
281 1155 219 40 author’s
529 1154 87 41 life
646 1156 135 45 story
812 1154 171 47 telling
1011 1153 52 40 of
1093 1154 87 39 her
1210 1152 310 49 experiences
1552 1152 49 40 in
1635 1154 81 39 the
1748 1153 206 48 cookery
1985 1154 96 40 and

80 1212 219 48 catering
326 1212 239 40 business.

82 1280 2000 53 © Apr. 7, 1928; 2c. May 3; aff. May 18; A 1074572; Standard printing
148 1352 81 36 co.,
261 1341 90 40 inc.
424 1340 280 49 (28-14129)

68 1436 187 61 Bolte,
290 1436 226 52 Edwin.

143 1513 1937 68 Ethics for success at the bar, by Edwin Boite … Baltimore,
155 1595 196 66 Waverly
378 1611 176 49 press,
584 1592 127 67 inc.,
744 1594 149 51 1928.

148 1687 400 49 xvi, 196 p. 23½ ᶜᵐ.
152 1758 220 41 “Canons
414 1758 51 41 of
503 1758 327 48 professional
870 1758 154 40 ethics
1043 1769 9 30 :
1096 1759 118 40 also.
1258 1757 192 41 Canons
1493 1758 51 39 of
1585 1757 206 48 judicial
1832 1757 155 40 ethics
2030 1758 53 40 of

79 1817 81 38 the
185 1815 258 40 American
470 1816 88 39 bar
584 1815 325 40 association”
929 1826 9 29 :
967 1826 44 37 p.
1038 1814 219 41 107-145.

80 1882 52 53 ©
165 1888 114 46 May
310 1887 68 41 16,
412 1886 84 41 1928;
587 1887 68 40 2c.
688 1887 96 39 and
816 1885 82 42 aff.
932 1887 114 47 May
1078 1886 55 40 29;
1196 1886 42 39 A
1270 1885 203 41 1077582;
1536 1887 231 47 Waverly
1800 1896 149 38 press,
1984 1886 93 41 inc.

157 1943 282 48 (28-14441)

77 2038 308 61 Brereton,
418 2037 174 53 John.

147 2108 1937 76 Life’s adventure, by John Brereton … Oakland, Calif.,
75 2194 212 53 Hawes
315 2194 266 69 printing
610 2212 299 51 company,
941 2197 150 50 1928.

147 2289 430 49 80 p. port. 20 ᶜᵐ.
79 2356 52 54 ©
157 2362 115 48 Apr.
297 2361 69 48 28,
393 2362 117 41 1928;
564 2363 67 40 2c.
658 2364 94 39 and
780 2362 82 42 aff.
890 2364 113 47 May
1031 2363 55 40 15;
1143 2362 82 42 aff.
1255 2364 114 48 May
1395 2362 57 41 26;
1508 2363 41 41 A
1570 2362 209 43 1077493;
1837 2364 44 42 J.
153 2364 1908 102 Brereton,
282 2419 237 48 Oakland,
552 2419 145 41 Calif.
769 2420 280 48 (28-14275)

76 2514 356 63 Brookman,
459 2515 199 53 Laura
686 2515 143 53 Lou.

147 2592 1933 71 Playmate, by Laura Lou Brookman … New York, Grosset
76 2671 541 68 & Dunlap [ ᶜ1 928]
145 2767 368 48 vi, 335 p. 19½ ᶜᵐ.
80 2832 52 53 ©
171 2837 126 41 June
335 2839 39 46 1,
414 2837 83 41 1928;
594 2840 68 39 2c.
701 2840 95 40 and
835 2839 82 43 aff.
956 2841 127 40 June
1122 2842 52 46 5;
1215 2842 43 38 A
1297 2841 229 43 1074840;
1567 2843 278 47 Thompson
1883 2843 196 41 feature

149 2895 198 47 service,
382 2895 105 48 inc.,
522 2897 117 38 New
673 2897 144 40 York.
889 2897 281 50 (28-14241)

74 2989 199 63 Burtt,
307 2990 208 52 Edwin
548 2990 252 64 Arthur,
836 2995 169 49 1892-

147 3068 324 68 Principles
508 3069 114 53 and
658 3070 285 68 problems
979 3071 64 53 of
1078 3072 160 69 right
1271 3073 301 69 thinking;
1613 3092 31 34 a
1678 3075 271 53 textbook
1986 3075 95 52 for

78 3146 166 69 logic,
283 3146 284 54 reflective
607 3148 289 69 thinking,
936 3151 113 51 and
1089 3151 348 53 orientation
1476 3170 240 50 courses,
1754 3153 75 68 by
1870 3154 208 52 Edwin

77 3211 2004 88 Arthur Burtt … New York and London, Harper & brothers,
78 3306 149 50 1928.

145 3399 1370 55 xii, 590 p., 1 l. illus. (music) plates, diagrs. 21½ ᶜᵐ.
145 3470 1660 54 Bibliography at end of all the chapters except VIII and XXI.
79 3537 52 52 ©
166 3542 127 40 June
326 3544 39 46 1,
401 3542 142 47 1928;
580 3544 68 40 2c.
683 3545 127 41 June
843 3546 29 38 2;
935 3545 83 42 aff.
1054 3547 126 40 June
1215 3549 27 37 4;
1307 3549 40 38 A
1382 3549 229 47 1077564;
1650 3551 196 47 Harper
1880 3551 36 40 &
1952 3551 125 41 bros.

158 3597 281 50 (28-14269)

77 3691 316 64 Campbell,
428 3694 184 53 Oscar
643 3695 219 63 James,
899 3698 170 52 1879-
1252 3700 83 52 ed.

141 3768 1938 80 Great English poets, by Oscar James Campbell … and
70 3846 1769 79 J. F. A. Pyre … New York, F. S. Crofts & co., 1928.
137 3930 404 50 xiii, 975 p. 23½ ᶜᵐ.
81 3981 52 53 ©
161 3988 114 46 May
299 3988 69 42 28,
395 3989 142 47 1928;
565 3990 67 41 2a
660 3993 95 37 and
783 3992 83 40 aff.
894 3993 127 40 June
1045 3994 54 45 4;
1129 3995 41 38 A
1197 3994 231 48 1077573;
1460 3997 50 41 F.
1543 3997 44 41 S.
1617 3998 166 42 Crofts
1811 3999 36 41 &
1873 4010 83 36 co.,
1986 3999 92 41 inc.

159 4043 281 50 (28-14156)
