2498 4384
1037 4098 134 51 1809

115 431 235 62 Alonso,
389 428 281 64 Antonio,
709 429 84 53 ed.

245 503 1873 70 … Technical & industrial Spanish, edited with vocabulary
115 581 2004 74 by Antonio Alonso … and P. R. Hershey … Boston, New
118 663 161 54 York
310 667 139 63 [etc.]
483 663 71 51 D.
588 661 61 55 C.
679 661 196 53 Heath
906 661 113 53 and
1048 678 284 50 company
1408 662 153 64 [ᶜ1928]

185 740 1935 53 viii, 327 p. front. (port.) illus. 18½ ᶜᵐ. (Heath’s modern language
114 802 173 48 series)

119 854 1837 54 © Oct. 31, 1928; 2c. Nov. 5; aff. Nov. 3; A 435; D. C. Heath & co.
195 914 281 49 (28-27860)

110 1008 227 64 Alpert,
372 1007 299 64 Augusta,
710 1012 172 50 1898-

179 1086 121 53 The
327 1085 229 70 solving
583 1085 65 53 of
675 1085 593 69 problem-situations
1295 1085 77 70 by
1400 1085 296 68 preschool
1726 1084 258 53 children;
2046 1103 71 34 an

110 1161 1870 72 analysis, by Augusta Alpert … New York city, Teachers
109 1162 1983 148 college,
281 1239 301 56 Columbia
616 1240 338 70 university,
990 1244 150 50 1928.

107 1323 1991 98 4 p. l., 69 p. 23½ᶜᵐ. (Teachers college, Columbia university. Contributions
402 1383 49 38 to
482 1380 273 44 education,
787 1391 76 30 no.
892 1380 111 48 323)

176 1437 266 41 Published
474 1438 105 39 also
612 1448 55 29 as
700 1436 154 41 thesis
895 1437 108 43 (PH.
1071 1436 34 44 D.)
1148 1436 254 41 Columbia
1437 1436 287 47 university,
1758 1436 130 41 1928.

115 1490 51 53 ©
204 1494 128 49 Sept.
370 1494 70 48 12,
477 1494 117 40 1928;
657 1494 68 41 2c.
763 1494 104 41 Oct.
902 1494 59 40 27;
1026 1493 83 41 aff.
1149 1493 104 41 Oct.
1289 1493 56 40 26;
1412 1494 42 38 A
1488 1493 86 40 304;
1642 1494 243 40 Teachers
1923 1495 195 47 college,

182 1550 251 41 Columbia
462 1551 131 40 univ.
660 1550 281 49 (28-27877)

110 1646 119 53 The
265 1644 320 53 American
621 1646 192 53 school
850 1646 114 53 and
1001 1645 349 69 university;
1392 1665 31 33 a
1461 1644 287 70 yearbook
1783 1646 242 55 devoted
2061 1653 60 48 to

174 1723 97 53 the
310 1723 219 69 design,
568 1722 406 64 construction,
1014 1722 347 68 equipment,
1401 1722 346 69 utilization,
1786 1724 114 53 and
177 1725 1920 129 maintenance

456 1800 64 54 of
563 1801 361 53 educational
967 1801 297 68 buildings
1309 1801 115 52 and
1468 1800 274 70 grounds,
1789 1804 328 65 1928/1929.

178 1879 139 53 New
351 1879 182 67 York,
565 1879 309 53 American
910 1879 192 53 school
1136 1878 341 70 publishing
1509 1879 367 68 corporation
1959 1883 154 64 [ᶜ1928]

177 1960 1299 50 3 p. l., 5-380 p. illus. (incl. plans) diagrs. 26 ᶜᵐ.
175 2018 235 41 Contains
441 2018 305 48 advertising
775 2020 194 39 matter.

175 2075 103 40 “An
311 2076 279 47 outgrowth
623 2076 52 40 of
709 2077 83 38 the
826 2074 286 48 University
1145 2075 300 48 purchasing
1476 2074 188 49 guide.”

113 2129 51 53 ©
191 2133 103 41 Oct.
318 2133 70 47 18,
414 2132 142 48 1928;
582 2132 68 41 2c.
676 2133 120 40 Nov.
820 2132 26 41 9;
901 2132 84 41 aff.
1009 2132 120 40 Nov.
1154 2132 26 41 8;
1235 2132 43 40 A
1302 2132 116 41 1605;
1473 2133 161 41 Amer,
1661 2132 163 41 school
1851 2134 111 48 pub.
1988 2145 130 37 corp.

190 2189 282 50 (28-27759)

106 2270 331 65 Anderson,
468 2270 162 65 Nels,
664 2275 171 50 1889-

172 2349 203 57 Urban
426 2349 317 70 sociology;
794 2368 73 34 an
914 2348 394 54 introduction
1354 2354 60 48 to
1460 2348 98 55 the
1604 2349 174 71 study
1824 2349 66 55 of
1933 2351 183 55 urban

103 2427 2015 71 communities, by Nels Anderson … and Eduard C. Lindeman
164 2505 1066 70 … New York, A. A. Knopf, 1928.
172 2589 706 49 xxxiv, 414, xii p., 1 l. 22 ᶜᵐ.
176 2648 68 40 “A
273 2648 251 41 text-book
556 2646 232 49 designed
817 2647 81 40 for
928 2647 266 40 classroom
1225 2645 327 43 use.”—Pref.

176 2705 322 40 “References
525 2705 96 40 and
647 2703 258 48 readings”
932 2705 53 39 at
1012 2704 94 40 end
1130 2703 53 41 of
1208 2704 121 40 each
1355 2704 216 48 chapter.

113 2759 51 53 ©
190 2762 119 42 Nov.
334 2763 40 47 3,
401 2762 117 41 1928;
573 2762 69 41 2c.
667 2762 97 40 and
790 2760 83 42 aff.
899 2761 120 42 Nov.
1046 2761 26 41 5;
1128 2761 43 40 A
1196 2761 116 42 1582;
1368 2761 174 42 Alfred
1569 2762 56 40 A.
1652 2761 182 50 Knopf,
1863 2761 91 43 inc.

190 2819 282 49 (28-27766)

106 2900 330 64 Arendzen,
471 2899 156 54 John
660 2899 198 64 Peter,
896 2899 173 54 1873-

104 2975 1989 133 The church triumphant, by the Rev. J. P. Arendzen … introduction
471 3054 1647 70 by the Rev. Harold Purcell … New York, The
104 3133 337 54 Macmillan
472 3151 298 50 company,
806 3135 152 50 1928.

209 3215 1785 50 x, 91 p. 17 ᶜᵐ. (Half-title: The treasury of the faith series: 35)
114 3269 1674 53 © Nov. 13, 1928; 2c. and aff. Nov. 14; A 603; Macmillan co.
190 3330 281 50 (28-27959)

106 3410 211 65 Baker,
349 3411 176 63 Mary
556 3410 67 54 L.

177 3487 286 56 Sunshine
495 3487 114 53 and
642 3504 305 50 gossamer,
977 3485 77 69 by
1085 3485 174 69 Mary
1289 3486 64 52 L.
1388 3485 208 68 Baker,
1629 3487 383 56 illustrations
2042 3491 77 69 by

109 3566 217 53 Terrell
361 3565 205 69 Stapp.
644 3563 272 70 Chicago,
947 3564 160 52 Priv.
1139 3564 197 68 print.,
1371 3567 151 50 1928.

175 3646 798 52 40 p. col. front., plates. 23½ ᶜᵐ.
115 3701 51 53 ©
191 3707 122 40 Mar.
337 3706 70 42 13,
434 3705 117 41 1928;
603 3705 68 41 2c.
696 3705 97 39 and
818 3703 83 41 aff.
927 3705 124 38 Mar.
1075 3703 56 40 19;
1187 3703 41 39 A
1255 3703 203 41 1008393;
1515 3705 64 40 M.
1606 3705 51 41 L.
1684 3707 177 48 Baker,
1891 3708 227 50 Chicago.

190 3761 280 50 (28-27777)

107 3842 160 54 Book
314 3844 183 54 trails,
572 3863 51 33 v.
676 3847 47 62 5]
776 3843 85 53 To
908 3847 186 47 turret
1140 3846 148 63 tops.
1366 3840 270 72 Chicago,
1690 3844 264 70 Shepard
2003 3849 115 53 and

174 3922 322 62 Lawrence,
531 3923 108 52 inc.
723 3923 152 65 [ᶜ1928]

179 4004 81 48 vii,
291 4004 149 41 9-320
468 4015 44 38 p.
572 4004 130 39 illus.
731 4003 137 48 (part
897 4001 114 49 col.)
1080 4002 119 40 25ᶜᵐ.
