2498 4384
1350 4109 135 51 1830

401 545 53 52 ©
486 549 119 39 Nov.
638 548 69 48 10,
739 548 142 46 1928;
914 549 67 39 2c.
1014 549 118 40 Nov.
1165 549 83 45 12;
1283 547 82 41 aff.
1397 548 119 41 Nov.
1549 548 82 47 13;
1665 548 41 39 A
1738 548 141 47 1654;
1915 549 195 46 Payson
2142 547 37 40 &
2212 547 190 43 Clarke,

467 607 87 39 ltd.
624 604 281 49 (28-28528)

395 695 360 63 Erckmann,
783 684 209 74 Émile,
1023 699 329 51 1822-1899.

467 770 690 56 Erckmann-Chatrian’s
1201 771 81 53 Le
1327 771 183 53 trésor
1554 771 77 53 du
1675 770 171 54 vieux
1891 771 282 69 seigneur,
2218 770 191 55 edited

394 851 142 52 with
568 850 410 66 introduction,
1009 856 178 60 notes,
1220 850 281 52 intensive
1534 850 172 68 study
1740 849 290 68 exercises,
2063 850 114 52 and

394 848 1992 226 vocabulary, by Osmond T. Robert … New York, H. Holt and company [ᶜ1928]
467 1089 116 47 xvii,
613 1088 87 41 198
729 1100 43 37 p.
834 1090 56 39 17½ᶜᵐ.

402 1142 53 52 ©
485 1146 102 41 Oct.
615 1148 39 46 1,
682 1145 141 48 1928;
853 1146 67 39 2c.
949 1147 96 38 and
1072 1145 83 41 aff.
1183 1146 119 41 Nov.
1332 1145 82 47 12;
1447 1146 39 38 A
1514 1145 111 46 565;
1657 1146 168 47 Henry
1855 1146 121 39 Holt
2001 1145 37 40 &
2067 1156 67 28 co.

484 1202 282 50 (28-28597)

399 1283 285 64 Erdman,
713 1284 210 62 Henry
952 1283 241 64 Ernest,
1226 1287 172 50 1884-

405 1359 1982 147 American produce markets, by Henry E. Erdman … Boston, New York [ete.] D. C. Heath and company [ᶜ1928]
476 1518 1936 50 xiii, 449 p. incl. illus., tables, diagrs. 20 ᶜᵐ. ( Half-title : Agricultural
407 1586 266 31 commerce
703 1577 97 38 and
828 1575 403 41 administration
1261 1575 166 48 series,
1459 1576 72 39 ed.
1561 1576 61 47 by
1653 1576 54 40 E.
1740 1576 54 41 G.
1826 1575 213 48 Nourse)

479 1633 227 40 Lettered
733 1643 60 29 on
819 1643 142 29 cover:
1014 1632 340 48 Agricultural
1381 1632 269 41 economics
1679 1632 166 41 series.

481 1688 298 49 “Suggested
809 1688 256 48 readings”
1096 1691 52 38 at
1176 1690 93 39 end
1298 1689 52 39 of
1375 1691 127 38 most
1531 1689 53 40 of
1611 1690 82 39 the
1720 1690 244 47 chapters.

409 1743 53 52 ©
492 1747 103 40 Oct.
623 1747 70 46 25,
721 1746 116 40 1928;
893 1747 68 40 2c.
990 1747 119 39 Nov.
1137 1746 26 40 9;
1220 1746 85 41 aff.
1333 1747 119 40 Nov.
1481 1748 26 39 7;
1563 1746 41 39 A
1633 1747 113 39 1631;
1807 1747 58 40 D.
1895 1746 50 43 C.
1975 1747 167 40 Heath
2173 1747 36 40 &
2236 1759 68 28 co.

488 1802 282 50 (28-28512)

403 1882 275 65 Erskine,
709 1882 176 65 John,
920 1885 171 53 1879-

474 1962 331 68 Penelope’s
837 1981 153 49 man,
1020 1963 95 52 the
1146 1963 240 69 homing
1416 1963 257 67 instinct,
1702 1963 77 69 by
1808 1964 159 54 John
1999 1963 277 68 Erskine;
2309 1965 110 52 end

403 2059 207 50 papers
659 2041 76 68 by
781 2042 72 51 D.
904 2042 253 51 Putnam
1207 2041 257 68 Brinley.
1558 2041 423 68 Indianapolis,
2030 2042 124 53 The
2202 2041 215 54 Bobbs-

401 2119 770 68 Merrill company [ ᶜ19 28]
474 2200 279 49 275 p. 20 ᶜᵐ.
414 2254 52 52 ©
492 2259 120 40 Nov.
638 2259 70 48 13,
735 2258 115 41 1928;
905 2259 68 40 2c.
1000 2259 118 40 Nov.
1146 2260 55 38 17:
1258 2258 82 41 aff.
1368 2260 119 39 Nov.
1516 2259 59 40 19;
1628 2259 41 39 A
1696 2259 85 40 667;
1840 2258 372 41 Bobbs-Merrill
2241 2269 68 30 co.

492 2315 282 49 (28-28481)

407 2380 239 66 Ervine,
679 2382 87 54 St.
798 2381 157 55 John
989 2381 202 66 Greer,
1226 2386 173 51 1883-

476 2459 153 53 How
658 2466 59 46 to
747 2459 163 53 write
942 2478 31 34 a
1005 2461 156 68 play,
1189 2460 78 68 by
1301 2459 83 56 St.
1416 2461 158 53 John
1605 2460 233 54 Ervine.
1914 2461 141 52 New
2087 2461 182 66 York,
2299 2460 122 53 The

407 2537 338 53 Macmillan
776 2556 300 50 company,
1108 2542 152 49 1928.

476 2621 480 48 4 p. l., 126 p. 21½ᶜᵐ.
417 2674 52 52 ©
496 2678 121 40 Nov.
645 2678 68 47 13,
743 2677 141 47 1928;
914 2678 69 40 2c.
1012 2679 96 38 and
1136 2677 83 41 aff.
1249 2678 119 40 Nov.
1396 2678 82 46 14;
1509 2678 43 39 A
1579 2677 111 48 610;
1725 2678 68 41 St.
1823 2679 130 40 John
1982 2677 195 49 Ervine,
2207 2678 214 41 London.

495 2733 282 50 (28-28543)

410 2799 384 65 Farrington,
828 2799 285 53 Franklin
1148 2799 297 55 Fillmore.

482 2881 121 51 The
627 2880 205 53 second
856 2879 226 69 finding
1106 2879 64 54 of
1194 2879 216 69 Christ,
1432 2880 77 68 by
1533 2880 286 53 Franklin
1843 2880 279 54 Fillmore

409 2880 1991 131 Farrington.
604 2956 234 59 Seattle,
870 2958 217 69 Wash.,
1119 2958 170 54 Press
1325 2957 64 54 of
1422 2957 275 54 Lowman
1733 2960 46 51 &
1809 2958 281 54 Hanford
2124 2977 300 52 company,

406 3039 151 50 1928.

484 3117 87 39 347
599 3127 43 37 p.
703 3116 58 40 16½ᶜᵐ.

420 3170 52 52 ©
507 3174 103 40 Oct.
642 3175 71 47 27,
745 3173 118 41 1928;
920 3175 69 39 2c.
1022 3175 119 40 Nov.
1174 3174 82 48 15;
1293 3174 83 41 aff.
1410 3176 119 40 Nov.
1563 3176 82 47 13;
1682 3176 42 39 A
1757 3176 141 48 1684;
1936 3176 52 40 F.
2023 3177 53 40 F.
2112 3176 311 49 Farrington,

489 3230 294 41 Cincinnati.
850 3230 282 50 (28-28525)

414 3297 247 67 [Fetzer,
694 3296 285 68 Herman]
1020 3302 171 49 1899-

483 3375 1944 70 The book of Rabelais, by Jake Falstaff [ pseud.]; illustrated
414 3453 74 69 by
526 3453 133 68 Guy
698 3453 260 53 Arnoux.
1035 3453 235 55 Garden
1313 3453 154 69 City,
1504 3457 71 52 N.
1615 3456 93 66 Y.,
1745 3455 361 69 Doubleday,
2145 3456 199 52 Doran
2381 3458 46 50 &

414 3548 297 50 company,
741 3531 126 66 inc.,
901 3534 150 50 1928.

485 3613 1513 49 2 p. l., [vii]-ix p., 2 l., 3-246 p. incl. front., illus. 24½ ᶜᵐ.
424 3666 52 52 ©
509 3670 102 41 Oct.
641 3670 70 48 26,
743 3670 114 41 1928;
917 3671 68 40 2c.
1018 3672 96 38 and
1144 3671 83 41 aff.
1259 3671 118 41 Nov.
1409 3672 26 39 3;
1497 3672 40 38 A
1567 3671 114 41 1483;
1743 3672 300 48 Doubleday,
2076 3673 169 39 Doran
2275 3672 38 40 &
2343 3682 83 37 co.,

491 3727 91 40 inc.
648 3727 282 49 (28-28605)

422 3791 206 65 Flynn,
660 3792 261 54 Thomas
951 3793 275 64 Edward,
1261 3799 173 49 1880-

423 3870 1978 148 The supernatural virtues, by the Rev. T. E. Flynn … introduction by
421 3948 1981 145 Rev. Martin J. Scott … New York, The Macmillan co., 1928.
