2498 4384
1115 4077 135 53 1171

235 502 565 53 1 p. l. . 422 p. 20½ᶜᵐ.
175 561 51 52 ©
257 564 115 40 July
401 562 70 42 26,
502 560 141 42 1928:
676 561 67 39 2c.
773 559 116 47 July
918 555 82 49 30;
1034 555 82 41 aff.
1146 556 121 46 Aug.
1298 554 53 47 8;
1384 554 42 39 A
1456 551 229 48 1082911;
1723 551 147 46 Scott,
1903 548 266 42 Foresman

242 621 36 39 &
306 631 67 30 co.
445 616 280 51 (28-19106)

167 716 230 59 Brown,
434 713 289 53 Sherman
760 707 273 56 William.

239 783 1871 81 A Spanish reader for beginners, by Sherman W. Brown …
170 876 135 52 New
336 873 180 67 York,
542 872 72 52 A.
640 872 72 52 A.
739 868 228 70 Knopf,
995 871 151 50 1928.

239 956 25 41 3
299 966 41 37 p.
410 985 9 16 l.,
452 953 126 48 v-ix,
612 952 86 41 167
730 963 45 37 p.
834 951 165 49 front.,
1034 950 171 49 plates,
1241 950 165 47 ports.,
1442 957 151 39 maps.
1654 946 147 40 19½ᶜᵐ.
1872 943 301 50 (Half-title:

169 1014 100 39 The
297 1011 175 41 Borzoi
502 1010 209 48 Spanish
741 1008 155 47 texts)

242 1069 184 42 “Seven
456 1067 209 49 Spanish
694 1065 171 49 songs”
894 1064 119 42 with
1039 1063 181 41 music:
1252 1074 43 37 p.
1326 1061 219 51 [87]-108.

174 1124 51 53 ©
255 1129 121 47 Aug.
406 1126 42 42 3.
479 1125 141 48 1928;
653 1125 69 40 2c.
754 1124 96 40 and
881 1122 83 43 aff.
994 1124 121 46 Aug.
1147 1121 52 48 6;
1233 1121 43 40 A
1305 1118 231 49 1082909';
1569 1119 173 40 Alfred
1775 1119 54 40 A.
1863 1117 180 48 Knopf,
2078 1116 91 43 inc.

252 1183 280 50 (28-19338)

171 1280 207 60 Bruce,
410 1278 227 62 George
669 1276 275 52 Howard.

300 1345 1874 78 … Laboratory manual of high school chemistry, by George
172 1425 2001 75 Howard Bruce … illustrated with drawings by Will H.
174 1511 276 57 Schanck.
547 1508 656 69 Yonkers-on-Hudson,
1264 1507 69 53 N.
1399 1508 91 67 Y.,
1550 1507 114 52 and
1726 1505 271 70 Chicago,
2061 1504 114 69 Ill.,

168 1587 918 71 World book company [ c 1928]
240 1672 63 47 ix,
335 1669 83 43 101
450 1682 43 37 p.
552 1670 129 40 illus.
743 1669 146 40 19½ᶜᵐ.
960 1668 316 50 (New-world
1307 1668 187 40 science
1526 1666 176 48 series)

177 1726 51 52 ©
255 1730 116 40 July
394 1728 70 48 31,
491 1728 118 41 1928;
660 1728 68 40 2c.
754 1728 121 48 Aug.
900 1726 26 40 9;
982 1725 82 42 aff.
1092 1727 120 47 Aug.
1242 1726 52 47 8;
1324 1727 40 38 A
1392 1723 229 50 1083542;
1651 1726 165 39 World
1846 1726 124 39 book
1997 1736 68 29 co.

253 1785 281 51 (28-19153)

170 1889 364 64 Burghardt,
564 1890 140 52 Mrs.
739 1889 164 63 Lucy
934 1888 73 54 A.

238 1965 317 68 Plympton
586 1962 262 55 Corner’s
880 1962 181 70 folks;
1094 1981 31 34 a
1153 1967 159 64 story
1341 1962 65 53 of
1433 1961 206 71 homey
1668 1961 153 53 folks
1852 1960 94 53 for
1975 1961 205 70 homey

171 2044 216 67 people,
446 2042 74 67 by
579 2042 176 68 Betty
812 2041 347 70 Humphrey
1227 2040 166 69 (Mrs.
1453 2039 160 71 Lucy
1670 2040 70 52 A.
1801 2039 367 69 Burghardt)

177 2120 262 68 [Denver,
471 2121 121 52 The
625 2120 294 53 Robinson
952 2137 175 51 press,
1159 2125 19 22 c
1183 2122 153 63 1928]

238 2202 908 52 3 p. l., [9]-122 p., 1 l. pl. 16½ᶜᵐ.
180 2257 51 52 ©
259 2262 114 47 July
399 2260 71 49 23,
498 2260 141 46 1928;
670 2261 67 39 2c.
766 2260 95 39 and
890 2257 82 43 aff.
1000 2259 119 48 Aug.
1147 2261 53 45 7;
1231 2258 41 40 A
1300 2258 229 47 1083530;
1560 2260 51 40 L.
1641 2259 53 41 A.
1725 2258 297 48 Burghardt,
247 2259 1913 99 Denver.
414 2317 281 49 (28-19287)

179 2410 314 66 Campbell,
524 2413 140 52 Mrs.
697 2411 165 54 Olive
894 2410 223 55 Arnold
1158 2411 249 64 (Dame)
1449 2413 171 51 1882-

247 2491 117 53 The
405 2490 223 53 Danish
675 2489 127 54 folk
842 2490 220 68 school;
1104 2490 76 53 its
1219 2490 281 53 influence
1538 2489 62 53 in
1637 2491 97 52 the
1775 2490 106 53 life

1923 2489 64 54 of
176 2490 1980 131 Denmark
365 2569 114 54 and
507 2570 96 52 the
632 2569 207 68 North,
866 2569 77 70 by
971 2568 167 55 Olive
1166 2570 186 51 Dame

178 2566 1980 153 Campbell … with a foreword by Paul Monroe. New
1149 2645 1034 74 York, The Macmillan company,
181 2729 145 51 1928.

246 2806 1309 55 xvi, 359 p. incl. front., illus., map, diagrs. 24 ᶜᵐ .
248 2866 233 43 Contains
504 2867 169 41 music.

251 2921 1934 56 “A report … of what I saw and heard during my year of study of
182 2982 78 40 the
285 2983 105 40 folk
417 2983 164 40 school
609 2983 51 39 in
690 2982 570 43 Scandinavia.”—Pref.

187 3031 1774 60 © July 31, 1928; 2c. and aff. Aug 1; A 1082793; Macmillan co.
261 3096 279 51 (28-19129)

186 3176 172 63 Cano,
394 3178 175 54 Juan.

254 3254 1928 78 Cuentos humorísticos españoles, by Juan Cano … edited
184 3337 135 52 with
347 3342 178 65 notes,
553 3337 439 55 direct-method
1023 3339 290 67 exercises,
1341 3340 114 52 and
1483 3340 349 70 vocabulary
1860 3340 76 69 by
1968 3340 214 55 Emilio

184 3409 1790 81 Goggio … New York, The Macmillan company, 1928.
184 3491 1982 111 vii, 146 p. illus. 18 ᶜᵐ . (Lettered on cover: The Macmillan Hispanic series)
188 3601 1725 62 © Aug. 7, 1928; 2c. and aff. Aug. 8; A 1082975; Macmillan co.
266 3664 280 54 (28-19339)

188 3736 274 67 Chappie,
498 3741 220 63 Joseph
755 3740 283 66 Mitchell,
1080 3742 173 54 1867-

289 3814 124 57 “Our
436 3818 184 68 Jim”;
649 3839 31 33 a
704 3818 344 72 biography,
1070 3821 77 70 by
1171 3823 107 53 Joe
1304 3821 263 54 Mitchell
1595 3822 279 70 Chappie.
1951 3825 236 69 Boston,

187 3890 259 72 Chappie
477 3896 336 70 publishing
843 3916 299 53 company,
1173 3900 124 66 ltd.,
1332 3903 149 49 1928.

255 3975 99 50 viii,
386 3977 87 42 300
502 3990 42 37 p.
605 3978 163 50 front.,
802 3984 149 45 ports.
1013 3981 146 43 19½ᶜᵐ.
