2542 4417
1110 4073 66 49 99

133 416 331 64 Bradbury,
496 416 224 53 Robert
753 416 174 61 Hart,
961 415 170 53 1870-

202 490 1935 71 A first book in chemistry, by Robert H. Bradbury … Rev.
133 570 1700 69 ed. … New York, D. Appleton and company [ᶜ1928]
202 650 1599 52 xviii, 674, 13 p. incl. front., illus., diagrs. col. pl. 19½ ᶜᵐ .
200 724 149 40 Table
377 734 60 29 on
465 722 340 49 lining-paper.

203 780 169 42 “Some
399 780 189 48 helpful
615 780 247 40 reference
889 779 176 41 books”:
1123 790 42 37 p.
1192 778 217 41 673-674.

134 847 51 53 ©
213 852 109 40 Jan.
349 850 68 48 20,
444 851 142 47 1928;
616 851 67 40 2c.
711 851 111 39 Jan.
847 850 53 40 31:
958 849 83 42 aff.
1070 850 110 40 Jan.
1207 849 83 48 30;
1319 849 41 39 A
1388 848 204 41 1018622;
1701 882 8 7 D.
1736 849 240 49 Appleton
2006 849 37 39 &
2069 860 70 29 co.

211 907 252 49 (28-3673)

134 1005 244 61 Burton,
413 1003 242 62 Robert,
691 1003 325 53 1577-1640.

198 1082 119 53 The
347 1087 270 63 anatomy
644 1081 64 53 of
735 1081 376 68 melancholy,
1138 1081 75 68 by
1243 1080 216 54 Robert
1488 1082 244 65 Burton,
1761 1098 128 35 now
1920 1078 94 55 for
2043 1079 98 54 the

131 1161 121 53 first
285 1161 138 52 time
456 1160 140 52 with
630 1159 98 53 the
759 1159 175 53 Latin
968 1159 339 68 completely
1343 1159 170 69 given
1548 1159 58 52 in
1643 1158 347 54 translation
2025 1159 115 52 and

130 1238 293 54 embodied
467 1238 60 53 in
569 1257 74 34 an
686 1237 353 69 all-English
1082 1242 140 62 text,
1265 1237 190 53 edited
1498 1237 76 69 by
1616 1237 188 69 Floyd
1848 1236 133 54 Dell
2026 1236 111 54 and

130 1315 2012 69 Paul Jordan-Smith … New York, George H. Doran company
207 1395 101 54 [ᶜ927]

195 1477 930 49 2 v. front. (v. 2, facsim.) 24½ᶜᵐ.
201 1535 145 40 “This
374 1535 184 40 edition
589 1535 52 40 of
669 1535 101 42 The
800 1537 231 45 anatomy
1061 1535 52 39 of
1143 1535 318 47 melancholy,
1494 1534 80 41 the
1605 1534 108 41 first
1744 1534 49 39 in
1825 1545 62 29 an
1920 1535 66 39 all
129 1535 1994 97 English
249 1593 117 46 text,
396 1592 41 40 is
463 1591 189 43 limited
681 1595 48 37 to
755 1592 91 40 five

874 1592 222 39 hundred
1124 1591 161 49 copies
1313 1592 52 39 of
1393 1591 158 41 which
1581 1591 99 41 this
1709 1591 41 41 is
1779 1591 202 40 number
2009 1591 129 42 358.”

135 1644 55 53 ©
215 1650 112 39 Dec.
358 1649 68 42 23,
457 1648 115 40 1927;
631 1648 68 41 2c.
731 1650 95 39 and
856 1648 82 42 aff.
969 1649 109 40 Jan.
1112 1648 81 48 14;
1226 1649 40 39 A
1295 1648 231 47 1061513;
1563 1649 185 47 George
1780 1648 62 41 H.
1874 1649 169 38 Doran
2074 1658 68 30 co.

212 1705 253 49 (28-3840)

135 1802 257 70 [Chanel,
426 1801 310 68 Gabrielte]

199 1880 291 54 Woman’s
520 1880 198 53 world.
795 1880 254 53 Fashion
1082 1885 59 47 at
1173 1880 184 52 Paris.
1433 1880 135 52 Dec.
1604 1882 49 65 3,
1689 1880 151 53 1927.

210 1964 84 41 (In
325 1960 216 44 Outlook
572 1958 290 54 magazine)

137 2015 2005 53 © 1c. Dec. 17, 1927; A ad int. 10623; pubd. Dec. 1; New outlook co.,
202 2077 100 48 ltd.,
333 2077 213 41 London.

293 2172 539 68 Woman’s world. Fashion at Paris. Dec. 24, 31, 1927.
233 2257 61 39 (In
325 2252 216 44 Outlook
572 2252 290 53 magazine)

135 2307 2006 53 © 1c. Jan. 3, 11, 1928; A ad int. 10480, 10531; pubd. Dec. 22, 29, 1927;
205 2370 117 40 New
351 2370 198 40 outlook
578 2381 82 37 co.,
690 2371 100 47 ltd.,
821 2370 214 40 London.

131 2464 208 64 Chase,
372 2465 61 53 M
727 2465 67 53 E.

198 2547 95 50 101
320 2544 246 53 window
591 2545 258 68 displays
874 2544 273 69 designed
1172 2543 94 54 for
1289 2545 94 52 the
1405 2563 97 35 use
1523 2543 64 54 of
1608 2544 200 68 banks,
1829 2551 153 47 trust
135 2563 1987 127 companies

352 2624 114 52 and
489 2623 346 53 investment
858 2622 377 69 institutions,
1256 2623 75 70 by
1356 2624 78 51 M.
1459 2625 67 50 E.
1552 2623 201 69 Chase,
1776 2623 140 53 with
1942 2643 31 33 a
134 2623 1988 131 foreword
315 2701 75 69 by

417 2700 1731 71 Gaylord S. Morse … New York, Bankers publishing
132 2798 297 52 company,
462 2782 152 52 1926.

202 2863 870 49 viii p., 1 l., 172 p. illus. 23½ᶜᵐ.
138 2915 51 52 ©
215 2921 116 47 July
356 2921 69 48 28,
453 2921 141 48 1926;
623 2922 67 40 2c.
718 2922 95 39 and
841 2921 83 40 aff.
952 2921 110 40 Jan.
1089 2920 69 48 25,
1185 2920 142 48 1928;
1358 2922 41 38 A
1425 2921 231 46 1061420;
1689 2921 223 39 Bankers
1940 2921 109 47 pub.
2078 2931 68 30 co.

213 2977 253 49 (28-3546)

137 3072 340 65 Clevenger,
508 3073 221 64 Joseph
761 3075 51 51 R
1152 3074 83 53 ed.

204 3152 258 68 Applied
495 3153 139 67 law;
670 3152 173 69 being
878 3171 31 34 a
946 3152 277 68 complete
1259 3152 114 52 and
1407 3151 329 69 systematic
137 3151 1986 145 re-examination,

314 3230 490 53 re-classification
846 3231 112 52 and
999 3235 394 49 re-statement
1432 3229 65 54 of
1536 3249 168 50 every
1749 3230 123 53 rule
1913 3229 66 54 of
2019 3231 129 66 law,

137 3308 281 69 applying
453 3327 169 51 every
658 3309 251 52 decision
944 3307 423 71 exemplifying
1402 3309 95 53 the
1534 3309 129 66 law,
1699 3309 244 69 quoting
1979 3328 168 50 every

136 3384 2011 68 judicial declaration … Parole evidence. New York ed.
138 3461 1984 151 Originated by Joseph R. Clevenger … New York city, Applied law publishers [ᶜ1928]
243 3622 579 50 x, 1551-2218 p. 24 ½ᶜᵐ .
142 3673 51 52 ©
227 3679 110 40 Jan.
367 3680 41 47 3,
441 3680 116 41 1928;
619 3682 69 39 2c.
722 3683 95 39 and
851 3683 83 40 aff.
966 3684 97 39 Jan
1112 3683 25 40 5;
1200 3684 42 38 A
1276 3684 205 41 1018207;
1546 3685 44 39 J.
1625 3685 55 39 R.
1717 3684 277 48 Clevenger,
2032 3685 118 40 New

208 3736 143 40 York.
422 3738 254 48 (28-3726)

141 3829 150 63 Cole,
322 3831 190 54 Willis
539 3833 258 54 Vernon.

208 3905 339 73 Constanza,
581 3910 74 70 by
692 3912 194 54 Willis
925 3913 416 55 Vernon-Cole.
1417 3915 138 53 New
1596 3915 180 69 York,
1811 3916 122 54 The
139 3915 1985 121 Writers
251 3984 181 71 guild,
463 3988 151 54 1927.
