2498 4384
1104 4065 135 48 1511

296 488 1085 52 x. 186 p. in cl . front., illus., plans. 19 ½ᶜᵐ .
191 560 51 52 ©
279 564 127 47 Sept.
440 564 68 43 21,
543 563 83 40 1928;
718 563 67 40 2c.
821 563 129 48 Sept.
983 562 56 40 28;
1102 561 82 41 aff.
1220 561 130 48 Sept.
1381 561 83 46 27;
1501 561 39 39 A
1573 560 230 42 1054631;
1840 562 54 38 A.
1928 562 52 39 T.
2014 561 73 41 De
2121 561 65 40 La

259 622 135 38 Mare
424 630 68 30 co.,
556 631 71 29 inc.
695 619 282 48 (28-23004)

184 743 336 63 Sherwood,
552 742 303 53 Merriam.

253 821 121 52 The
425 821 138 52 road
614 828 57 45 to
724 820 243 68 Cathay,
1015 820 75 68 by
1139 820 278 53 Merriam
1469 819 311 55 Sherwood
1831 820 114 53 and
1998 820 193 53 Elmer

182 898 226 66 Mantz;
443 899 355 52 decorations
828 898 74 69 by
931 898 262 54 William
1226 897 206 70 Siegel.
1507 898 138 52 New
1677 897 180 67 York,
1886 898 121 53 The
182 898 1985 131 Macmillan
416 994 297 49 company,
747 978 152 51 1928.

253 1059 1663 49 xii p., 1 l., 251 p., 1 1. col. front., illus., double maps. 23ᶜᵐ.
252 1129 129 40 Title
413 1128 174 41 within
620 1130 306 39 ornamental
961 1129 201 41 border:
1197 1129 282 40 illustrated
1512 1129 366 48 lining-papers.

254 1186 159 40 “Here
438 1195 84 30 are
549 1186 100 40 told
676 1186 82 39 the
783 1185 177 41 stories
985 1185 52 40 of
1061 1185 92 40 five
1177 1189 139 45 great
1341 1186 239 39 travelers:
1637 1185 144 40 Friar
1807 1186 127 40 John
1961 1188 53 38 of
2039 1187 152 40 Plano

183 1242 214 49 Carpini.
429 1242 144 40 Friar
603 1241 176 42 Odoric
806 1242 82 39 the
918 1241 282 44 Bohemian,
1231 1242 218 39 William
1479 1242 51 39 of
1559 1242 295 47 Rubruquis,
1887 1243 85 39 Ibn
2004 1244 181 39 Batuta

184 1301 81 38 the
300 1301 136 38 Moor
471 1300 95 39 and
603 1300 164 38 Marco
803 1298 115 41 Polo
954 1298 52 39 of
1039 1298 191 45 Venice,
1268 1299 222 46 together
1524 1298 118 39 with
1679 1298 127 40 their
1841 1309 106 30 own
183 1299 1991 97 descriptions

343 1356 51 39 of
427 1357 82 39 the
540 1356 210 39 marvels
782 1355 52 40 of
865 1355 205 47 Cathay,
1104 1355 82 40 the
1220 1356 221 39 wonders
1473 1355 51 40 of
1558 1356 102 41 Ind,
1695 1356 82 39 the
1808 1354 114 41 four
1954 1355 154 39 rivers
2142 1356 50 38 of

182 1412 238 40 Paradise
455 1414 92 38 and
588 1413 81 39 the
707 1412 185 39 islands
927 1411 52 40 of
1014 1412 82 39 the
1133 1412 172 39 south:
1345 1412 92 38 and
1479 1413 81 38 the
1597 1412 124 39 tales
1759 1412 107 39 that
1903 1423 83 28 are
2024 1412 46 39 in
2111 1413 80 38 the

183 1470 121 40 book
331 1470 52 39 of
415 1470 78 40 Sir
522 1470 126 39 John
680 1470 57 37 de
768 1467 338 41 Mandeville.”

254 1524 1882 48 “The stories of the travelers themselves … in English”: p. 250-251.
189 1592 51 52 ©
269 1596 103 41 Oct.
397 1597 32 38 2,
468 1596 113 40 1928;
637 1596 67 40 2c.
732 1595 96 40 and
855 1594 82 41 aff.
967 1594 102 41 Oct.
1097 1595 26 39 3;
1182 1595 39 38 A
1252 1594 201 40 1053662;
1513 1594 282 41 Macmillan
1825 1606 66 30 co.

266 1653 283 48 (28-23074)

177 1775 200 63 Small,
414 1775 219 53 Austin
671 1775 52 53 J.

256 1852 1939 73 The master mystery, by Austin J. Small. Garden City,
189 1934 67 53 N.
292 1934 90 66 Y.,
417 1932 143 53 Pub.
598 1932 93 52 for
724 1933 95 52 the
853 1932 191 55 Crime
1078 1932 146 68 club,
1260 1933 126 67 inc.,
1421 1932 72 70 by
1527 1933 358 68 Doubleday,
1916 1934 202 53 Doran
2150 1935 44 51 &

179 2030 300 50 company,
518 2011 125 69 inc.,
687 2013 148 51 1928.

251 2092 562 49 3 p. l., 341 p. 19½ᶜᵐ.
189 2160 51 52 ©
273 2164 128 48 Sept.
433 2166 37 45 7,
501 2165 84 38 1928;
673 2165 68 40 2c.
771 2165 95 39 and
897 2164 83 41 aff.
1012 2164 129 48 Sept.
1169 2165 55 38 24;
1286 2164 40 40 A
1356 2164 203 41 1053844;
1619 2164 54 41 A.
1705 2166 43 40 J.
1783 2167 163 40 Small.
1980 2167 212 40 London.

266 2221 281 48 (28-23106)

182 2345 252 64 Steiner,
466 2345 170 54 Jesse
669 2345 336 65 Frederick,
1040 2350 171 50 1880-

257 2425 121 52 The
407 2425 309 52 American
746 2425 354 69 community
1129 2425 60 52 in
1221 2425 219 66 action;
1473 2445 122 34 case
1627 2426 215 54 studies
1873 2426 65 54 of
187 2427 1980 127 American

326 2503 1868 69 communities, by Jesse Frederick Steiner … New York,
186 2580 913 70 H. Holt and company [ᶜ 1928]
255 2662 103 46 xiii,
392 2662 87 41 392
511 2673 43 37 p.
616 2663 146 40 22½ᶜᵐ.
834 2663 300 50 (Half-title:
1168 2663 260 42 American
1462 2665 149 41 social
1648 2665 187 42 science
1870 2667 151 41 series:
187 2679 1988 80 general
317 2719 172 47 editor,
518 2720 60 41 H.
605 2721 72 40 W.
707 2720 182 48 Odum)

258 2791 248 40 “Selected
536 2791 368 49 bibliography”:
963 2803 43 38 p.
1035 2793 221 41 373-387.

187 2859 51 52 ©
269 2863 128 49 Sept.
424 2864 51 38 21,
521 2864 141 46 1928;
690 2865 69 40 2c.
789 2865 129 47 Sept.
943 2865 84 47 27;
1057 2865 83 41 aff.
1170 2865 103 41 Oct.
1301 2867 53 45 2;
1385 2867 40 39 A
1454 2867 228 43 1053688;
1715 2869 169 43 Henrv
1912 2870 120 40 Holt
2062 2871 36 39 &
2125 2881 68 31 co.

265 2920 281 48 (28-23008)

182 3028 309 64 Stribling,
524 3029 261 55 Thomas
816 3029 365 67 Sigismund,
1218 3036 172 51 1881-

256 3107 212 69 Bright
514 3110 172 54 metal
757 3110 91 71 [by]
902 3111 66 55 T.
1016 3110 55 57 S.
1121 3110 304 73 Stribling.
1509 3112 236 57 Garden
1788 3113 153 73 City,
1984 3114 73 57 N.
2103 3114 91 68 Y.,

180 3186 357 72 Doubleday,
569 3189 196 55 Doran
801 3191 45 52 &
878 3209 300 53 company,
1211 3192 128 70 inc.,
1374 3195 153 53 1928.

248 3271 624 50 4 p. l., [3]-403 p. 20ᶜᵐ.
186 3337 51 52 ©
268 3342 127 49 Sept.
425 3344 67 43 14,
522 3344 140 43 1928;
693 3345 66 41 2c.
788 3346 97 39 and
913 3345 83 42 aff.
1027 3345 129 49 Sept.
1183 3347 84 47 24;
1297 3347 42 39 A
1366 3347 230 47 1053848;
1628 3349 300 49 Doubleday,
1959 3351 166 41 Doran
2157 3357 36 40 &

252 3410 81 37 co.,
366 3400 91 41 inc.
529 3401 282 49 (28-23105)

178 3508 244 63 Tasker,
454 3509 223 53 Robert
710 3510 199 64 Joyce,
946 3516 170 49 1903-

183 3585 1981 149 Grimhaven [by] Robert Joyce Tasker. New York & London, A. A. Knopf, 1928.
253 3744 26 40 3
306 3755 43 37 p.
376 3746 31 38 1.
450 3746 142 39 3-241
623 3758 58 37 p.,
710 3748 23 38 1
783 3780 8 8 l.
851 3748 148 42 22½ᶜᵐ.

256 3814 71 39 An
363 3820 205 36 account
601 3817 52 39 of
687 3818 164 47 prison
885 3819 102 47 life,
1024 3820 196 41 written
1258 3821 146 41 while
1437 3823 83 40 the
1555 3824 180 40 author
1769 3835 102 31 was
1906 3827 198 49 serving
2138 3828 48 40 in

185 3871 81 39 the
295 3871 95 40 San
420 3872 211 48 Quentin
659 3875 180 47 prison.

184 3937 51 53 ©
268 3942 128 50 Sept.
425 3944 69 48 28,
526 3945 114 41 1928;
697 3947 67 40 2c.
794 3949 97 39 and
920 3947 83 42 aff.
1035 3948 102 43 Oct.
1168 3950 23 39 1;
1254 3949 42 41 A
1325 3950 208 42 1054702;
1590 3952 172 43 Alfred
1793 3955 54 43 A.
1879 3956 182 48 Knopf,
2093 3957 91 42 inc.

261 4000 280 44 (28-23000)
