2498 4384
1032 4124 135 52 1081

78 468 260 63 Allsopp,
371 464 316 55 Frederick
717 463 276 63 William,
1029 461 172 54 1867-

152 535 1929 77 Albert Pike; a biography, by Fred W. Allsopp … Little
82 623 175 68 Rock,
282 622 162 68 Ark.,
471 619 449 69 Parke-Harper
947 635 301 52 company,
1276 619 152 51 1928.

152 704 100 48 xix,
277 703 98 49 369,
406 704 55 49 [7]
490 714 42 37 p.
593 702 171 48 plates,
791 702 149 48 ports.
999 700 118 41 23ᶜᵐ.

153 774 42 41 A
224 773 191 42 revised
444 773 97 41 and
570 772 240 41 extended
840 771 183 42 edition
1054 770 52 41 of
1135 771 83 41 the
1250 767 219 44 author’s
1499 769 103 41 The
1632 767 90 43 life
1753 769 136 48 story
1922 767 52 43 of

83 767 1982 106 Albert
214 832 132 47 Pike,
373 830 257 50 published
654 828 130 42 1920.
844 830 62 49 cf.
934 827 131 42 Pref.

154 889 378 49 Bibliography:
567 898 45 39 p.
643 886 219 42 368-369.

88 956 1996 53 © July 7, 1928; 2c. and aff. July 9; A 1082781; F. W. Allsopp, Little
155 1018 146 48 Rock,
330 1017 119 41 Ark.
519 1016 281 49 (28-18374)

81 1111 317 54 American
436 1109 554 65 wood-preservers’
1027 1108 380 53 association.

84 1186 1978 150 Proceedings of the twenty-fourth annual meeting … Montreal,
285 1268 159 68 Que.,
482 1268 281 67 January,
799 1269 190 65 24-26,
1030 1268 150 51 1928.
1255 1265 286 68 Madison,
1578 1264 162 68 Wis.,
1777 1266 309 52 Democrat

84 1347 265 69 printing
380 1364 282 50 company
720 1348 152 63 [1928]

155 1430 99 47 327,
282 1428 156 48 xlviii,
471 1428 56 49 [1]
557 1438 45 38 p.
662 1428 143 48 illus.,
833 1427 139 48 port.,
1003 1426 157 41 tables
1187 1426 136 49 (part
1352 1426 146 48 fold.)
1537 1426 180 48 diagrs.
1774 1426 118 41 23ᶜᵐ.

88 1497 52 52 ©
177 1500 117 47 July
326 1500 41 47 3,
402 1498 143 48 1928;
580 1499 69 41 2c.
685 1499 96 39 and
817 1497 83 42 aff.
935 1498 122 48 Aug.
1091 1497 54 48 2;
1184 1497 42 41 A
1261 1496 231 49 1083461;
1528 1497 261 40 American
155 1498 1914 99 wood-preservers’

385 1566 144 38 assn.,
556 1555 225 49 Chicago.

80 1650 276 53 Arizona.
431 1650 279 69 Supreme
746 1656 174 47 court.

156 1726 1931 71 Report of cases argued and determined … From March 1,
88 1811 152 64 1926,
272 1812 59 48 to
365 1806 248 55 October
646 1810 47 64 5,
728 1809 151 50 1926.
947 1805 168 53 Alice
1144 1805 79 54 M.
1261 1805 275 68 Birdsall,
1569 1810 275 63 reporter,
1913 1824 52 35 v.
2001 1808 84 51 30.

87 1885 119 56 San
238 1885 326 67 Francisco,
598 1883 588 70 Bancroft-Whitney
1220 1901 301 51 company,
1557 1887 150 50 1928.

154 1979 146 37 xxxv,
329 1967 88 42 698
440 1977 45 39 p.
543 1967 149 42 22½ᶜᵐ.

90 2037 52 52 ©
170 2040 117 47 July
314 2039 69 47 24,
413 2038 142 47 1928;
584 2038 68 41 2c.
681 2038 121 48 Aug.
830 2037 53 48 9;
915 2037 83 41 aff.
1027 2038 121 47 Aug.
1176 2039 54 45 7;
1261 2037 43 40 A
1332 2037 231 48 1083550;
1595 2037 135 41 Alice
1760 2039 63 40 M.
1853 2038 232 49 Birdsall,

155 2097 80 40 for
264 2097 83 40 the
374 2095 178 41 benefit
580 2095 52 40 of
659 2095 84 40 the
770 2096 129 39 state
927 2094 53 41 of
1007 2094 226 49 Arizona,
1264 2094 232 49 Phoenix,
1526 2094 130 41 Ariz.

81 2190 266 64 Babbitt,
381 2190 224 64 Irving,
641 2192 172 51 1865-

215 2267 1876 72 … French literature, by Irving Babbitt. Chicago, American
82 2348 221 70 library
333 2346 360 70 association,
725 2349 151 53 1928.

153 2431 1928 53 48 p., 1 l. incl. front, (port.) 18 ᶜᵐ . (Reading with a purpose. [37])
159 2505 189 40 “Books
370 2504 367 40 recommended
759 2503 52 40 in
833 2503 101 41 this
958 2502 198 42 course”:
1219 2503 25 40 1
1268 2503 103 41 leaf
1394 2505 53 39 at
1471 2504 107 41 end.

92 2573 52 52 ©
170 2576 116 48 July
311 2575 69 49 12,
407 2575 142 47 1928;
576 2575 70 41 2c.
672 2574 115 49 July
813 2575 83 47 17;
926 2573 82 43 aff.
1035 2574 116 49 July
1178 2575 83 47 18;
1289 2574 43 40 A
1356 2574 231 49 1082570;
1616 2575 260 42 American
1901 2577 189 49 library

160 2643 129 31 assn.
359 2632 282 49 (28-18131)

83 2725 363 65 Babenroth,
475 2725 234 65 Adolph
739 2724 264 65 Charles,
1038 2727 327 62 1883-1928,
1397 2726 85 54 ed.

152 2805 294 69 Readings
480 2804 61 54 in
573 2805 238 53 modern
840 2804 255 54 business
1127 2804 316 68 literature,
1477 2806 240 54 selected
1751 2807 114 54 and
1898 2808 192 55 edited

82 2883 2009 70 by A. Charles Babenroth … and Howard T. Yiets … New
84 2962 181 68 York,
292 2961 453 68 Prentice-Hall,
772 2961 128 68 inc.,
930 2964 150 51 1928.

153 3043 657 51 ix p., 2 l., 595 p. 23½ ᶜᵐ .
155 3115 378 49 Bibliography:
561 3125 45 38 p.
635 3113 218 42 591-595.

95 3170 52 52 ©
180 3175 116 46 July
327 3173 39 47 6,
399 3172 143 48 1928;
575 3173 68 41 2c.
676 3173 97 39 and
806 3171 83 41 aff.
921 3173 117 47 July
1070 3172 84 48 24;
1188 3172 43 40 A
1262 3171 230 49 1083365;
1529 3174 377 42 Prentice-Hall.
1941 3176 91 42 inc.

172 3229 282 50 (28-18221)

90 3324 214 63 Baker,
332 3323 170 53 Edna
529 3324 184 53 Dean.

226 3401 1865 73 … The Bible in graded story, for use in week-day schools
94 3479 65 53 of
184 3479 263 69 religion,
474 3477 211 55 church
712 3479 264 52 vacation
1004 3479 113 68 day
1145 3479 219 54 schools
1394 3481 112 52 and
1535 3480 62 53 in
1623 3482 167 54 home
1815 3483 275 72 training,

94 3577 52 33 v.
173 3561 47 50 4.
246 3558 123 52 The
392 3557 169 53 silent
586 3556 271 68 builders,
881 3556 77 68 by
986 3555 171 55 Clara
1185 3558 161 52 Belle
1373 3557 192 54 Baker
1591 3560 112 52 and
1731 3560 169 54 Edna
1927 3562 165 54 Dean

96 3633 1926 75 Baker. New York, Cincinnati, The Abingdon press [ᶜ192 8]
163 3715 761 51 352 p. front., plates. 21 ᶜᵐ .
99 3770 52 52 ©
182 3775 116 47 July
325 3773 70 49 18,
425 3771 141 49 1928;
597 3772 69 41 2c.
696 3773 96 39 and
821 3770 83 43 aff.
934 3773 116 47 July
1079 3773 83 47 25;
1195 3773 44 39 A
1267 3774 230 48 1082717;
1530 3776 54 40 E.
1614 3776 58 41 D.
1702 3777 176 50 Baker,
165 3780 1910 99 Evanston,
291 3831 77 41 Ill.

89 3925 256 64 Barney,
376 3924 140 53 Mrs.
547 3922 260 65 Maginel
845 3921 299 66 (Wright)
1187 3923 173 54 1877-

164 4003 121 53 The
312 4001 198 70 baby’s
539 4002 198 53 record
768 4001 252 69 through
1050 4001 98 54 the
1178 4002 127 54 first
1334 4022 136 51 year
1501 4004 61 53 in
1594 4024 143 53 song
1769 4009 113 54 and
1915 4016 178 66 story,
