2498 4384
1296 4073 137 50 1464

382 417 310 61 Strowski,
727 417 296 54 Fortunat
1054 418 242 63 Joseph,
1333 422 169 50 1866-

378 495 1987 131 Saint François de Sales; introduction à l ’histoire du sentiment
574 574 279 68 religieux
894 593 68 33 en
1002 575 218 53 France
1262 593 72 33 au
1375 575 399 68 dix-septième
1813 575 183 68 siècle,
2037 594 108 50 par
377 577 1990 127 Fortunat

515 651 1804 70 Strowski … Nouv. ed., rev. et cor. Paris, Plon, 1928.
449 733 651 50 4 p. l., 309 p., 1 1. 20ᶜᵐ.
452 791 253 49 “Ouvrage
741 803 244 29 couronne
1020 803 90 37 par
1144 790 296 42 l’Academie
1475 791 249 49 frangaise
1768 791 143 50 (Prix
1949 791 238 49 Guizot)”

385 845 1809 52 © May 10, 1928; 1c. June 26; A—Foreign 39328; Librairie Plon.
463 905 281 49 (28-22589)

379 985 279 64 Thomas,
687 986 174 53 Pearl
892 986 227 54 Edwin.

449 1061 156 57 Cork
650 1062 344 69 insulation;
1043 1082 31 35 a
1121 1064 279 67 complete
1445 1063 326 54 illustrated
1817 1063 274 54 textbook
2134 1082 74 35 on
2254 1063 137 53 cork

376 1139 484 56 insulation—the
893 1141 191 69 origin
1116 1141 65 54 of
1213 1141 137 54 cork
1382 1142 114 53 and
1526 1142 224 69 history
1781 1141 64 53 of
1877 1142 75 53 its
1981 1160 98 35 use
2112 1141 94 53 for
374 1142 1991 130 insulation

559 1219 169 54 —the
762 1220 173 68 study
969 1219 65 53 of
1067 1220 134 52 heat
1237 1220 113 53 and
1387 1219 443 54 determination
1864 1219 65 54 of
1962 1220 99 53 the
2093 1220 133 53 heat
375 1239 1989 128 conductivity
715 1297 64 53 of
830 1298 230 52 various
1110 1297 647 69 materials—complete
1807 1297 416 69 specifications
2275 1299 113 53 and

375 1375 309 54 directions
718 1374 95 54 for
843 1376 97 52 the
972 1393 212 51 proper
1214 1375 358 69 application
1604 1375 64 54 of
1700 1376 136 53 cork
1866 1375 315 54 insulation
2213 1376 61 53 in
2307 1376 81 54 ice

375 1454 114 53 and
519 1454 127 53 cold
675 1459 227 63 storage
931 1454 194 68 plants
1154 1454 114 53 and
1298 1454 163 53 other
1488 1453 412 70 refrigeration
1929 1454 461 54 installations—

373 1532 98 54 the
511 1532 314 54 insulation
866 1531 65 53 of
969 1532 315 53 household
1325 1531 425 70 refrigerators,
1789 1532 83 53 ice
1910 1551 186 34 cream
2137 1533 251 55 cabinets

374 1608 2014 73 and soda fountains. By Pearl Edwin Thomas … Chicago,
373 1687 989 68 Nickerson & Collins co. [ ᶜ1 928]
442 1772 84 48 xii,
558 1773 85 40 534
674 1784 44 36 p.
748 1772 111 40 incl.
890 1772 144 46 illus.,
1065 1772 172 47 tables,
1270 1770 181 49 diagrs.
1510 1771 152 42 front.
1720 1772 148 41 23½ᶜᵐ.

381 1826 52 51 ©
470 1830 121 43 Aug.
627 1830 70 47 24,
735 1828 141 47 1928;
916 1829 68 39 2c.
1024 1828 129 48 Sept.
1190 1829 54 46 7;
1284 1827 83 42 aff.
1407 1828 129 48 Sept.
1572 1828 83 47 21;
1693 1828 42 40 A
1771 1828 231 48 1054579;
2042 1829 269 41 Nickerson
2350 1831 36 40 &

448 1886 184 41 Collins
664 1896 68 30 co.
802 1883 283 50 (28-22547)

373 1950 219 64 Tillier,
624 1950 238 63 Claude,
896 1953 328 50 1801-1844.

505 2027 1880 70 … Mon oncle Benjamin, edited with notes, exercises, and
371 2106 2013 71 vocabulary by Alexander H. Krappe … with a foreword by
370 2183 1843 69 Daniel Mornet … New York, Prentice-Hall, inc., 1928.
440 2268 119 43 xxii,
588 2268 85 39 206
700 2279 43 37 p.
805 2267 146 41 19½ᶜᵐ.

442 2323 452 49 “Bibliographie”:
928 2335 44 36 p.
1002 2322 240 42 xxi-xxii.

377 2379 52 52 ©
464 2383 129 49 Sept.
626 2382 69 43 10,
729 2382 115 41 1928;
904 2382 69 40 2c.
1006 2382 95 40 and
1135 2380 82 43 aff.
1254 2381 129 49 Sept.
1416 2380 83 52 20;
1533 2380 42 41 A
1609 2380 231 49 1053443;
1876 2380 379 50 Prentice-Hall,
2290 2380 91 42 inc.

449 2436 68 54 [©
550 2440 188 48 editing
767 2439 85 40 with
917 2441 153 45 notes,
1102 2438 243 40 exercises
1377 2439 96 39 and
1505 2438 311 49 vocabulary]

454 2496 282 50 (28-22593)

371 2562 233 62 Valero,
637 2561 284 53 Anselmo
952 2559 336 65 Francisco,
1325 2564 170 49 1891-

502 2637 1882 71 … Mother Adelaide of St. Theresa. Oklahoma City, Okla.,
367 2719 244 53 Printed
639 2719 75 68 by
741 2719 246 66 Prompt
1016 2717 338 69 publishing
1381 2735 98 49 co.,
1507 2720 151 49 1928.

443 2801 86 40 139
558 2812 43 36 p.
661 2801 124 47 port.
995 2831 8 8 19½ᶜᵐ.

439 2859 64 40 At
534 2859 125 39 head
693 2858 53 40 of
776 2857 136 41 title:
947 2857 80 40 Fr.
1058 2855 56 42 A.
1147 2856 52 40 F.
1231 2857 253 46 Valerson,
1549 2888 8 8 O.
1621 2888 8 8 C.
1695 2888 9 9 D.

441 2916 72 40 On
560 2925 169 30 cover:
779 2914 110 40 Life
938 2914 53 40 of
1037 2914 193 39 Mother
1277 2912 236 41 Adelaide
1562 2913 52 40 of
1666 2913 69 41 St.
1783 2914 215 39 Theresa
2058 2912 323 50 (O’Sullivan-

367 2971 213 48 Rouley)

374 3025 1988 107 © June 1, 1928; 1c. July 9; 1c. July 17; aff. July 17; A 1053288; Carmelite fathers, Oklahoma City, Okl. (28-22473)
370 3149 271 64 Viereck,
672 3149 229 64 George
930 3148 327 64 Sylvester,
1289 3151 170 51 1884-

443 3228 102 67 My
572 3227 126 53 first
720 3233 114 47 two
859 3226 286 54 thousand
1170 3244 183 49 years,
1377 3226 96 52 the
1501 3225 462 69 autobiography
1989 3224 66 54 of
2080 3225 95 53 the
373 3223 1980 150 Wandering

605 3305 126 53 Jew
780 3305 93 69 [by]
908 3304 225 69 George
1162 3302 291 70 Sylvester
1482 3303 244 54 Viereck
1755 3303 113 53 and
1898 3304 149 51 Paul
2133 3302 244 69 Eldridge.

371 3384 141 52 New
544 3383 180 67 York,
754 3383 122 52 The
906 3382 307 68 Macaulay
1243 3399 299 51 company,
1575 3384 150 50 1928.

440 3464 874 49 xiii p., 1 l., 9-501 p.. 1 1. 21½ᶜᵐ.
373 3518 52 52 ©
454 3522 128 49 Sept..
608 3523 68 46 14,
702 3521 142 47 1928;
871 3522 68 40 2c.
968 3521 130 48 Sept.
1122 3521 84 47 29;
1235 3519 83 42 aff.
1347 3520 129 48 Sept.
1501 3521 84 47 28;
1614 3520 40 40 A
1680 3519 230 48 1053630;
1940 3520 261 45 Macaulay
2229 3530 67 30 co.

450 3577 283 51 (28-22577)

365 3643 179 64 Wise,
575 3643 258 55 William
865 3644 284 53 Herman.

436 3719 1727 71 Then the Lord, by W. H. Wise … [Chicago, ᶜ1 928]
436 3803 754 50 185 p. front. (port.) 19ᶜᵐ.
438 3862 241 41 Sermons.

371 3914 52 52 ©
459 3918 121 48 Aug.
616 3919 39 47 1,
691 3918 115 40 1928;
869 3918 68 42 2c,
977 3917 129 49 Sept.
1140 3918 83 46 21;
1263 3917 84 41 aff.
1386 3917 128 49 Sept,
1550 3917 83 47 20;
1672 3917 42 40 A
1748 3916 230 48 1054630;
2017 3917 73 40 W.
2127 3916 62 40 H.
2225 3914 145 48 Wise,

439 3976 189 41 Beaver
660 3975 138 49 Dam,
831 3975 118 41 Wis.
1021 3974 283 51 (28-22471)
