2498 4384
1296 4108 100 49 812

399 524 436 48 3 p. l., 20 p. 21 ½ ᶜᵐ.
339 578 51 52 ©
424 583 114 46 May
570 582 70 47 12,
672 581 114 40 1928;
848 581 68 40 2c.
948 582 96 38 and
1076 580 82 41 aff.
1194 582 114 46 May
1342 580 54 40 19;
1458 580 43 41 A
1531 581 205 40 1077473;
1798 581 52 40 F.
1883 581 51 40 L.
1967 581 215 47 Holmes,
2216 581 118 39 New

408 639 145 39 York.
624 637 281 49 (28-13858)

331 718 234 62 Hulme,
600 717 280 63 Kathryn
917 717 273 63 Cavarly,
1230 721 171 49 1900-

404 795 1935 72 How’s the road? By Kathryn Hulme … San Francisco,
334 875 195 68 Calif.,
556 876 159 52 Priv.
743 875 195 68 print.,
970 878 150 51 1928.

404 956 650 49 1 p. l., 112 p., 1 l. 25ᶜᵐ.
407 1014 147 41 “This
586 1014 122 40 book
737 1015 89 39 has
858 1015 117 39 been
1005 1014 232 48 designed
1270 1016 95 39 and
1396 1014 194 49 printed
1622 1014 79 41 for
1733 1015 82 40 the
1847 1015 179 39 author
2060 1016 59 46 by
2152 1014 188 41 Johnck

336 1071 36 40 &
406 1071 175 48 Seeger
613 1071 50 39 in
694 1071 153 48 April,
882 1070 127 49 1928,
1045 1074 51 37 at
1132 1072 96 40 San
1264 1071 276 49 Francisco,
1576 1071 289 41 California.
1926 1071 120 41 This
2081 1071 183 41 edition
2298 1070 42 42 is

333 1128 190 40 limited
551 1132 48 36 to
626 1128 157 48 thirty
811 1128 174 48 copies,
1043 1138 76 30 no.
1148 1127 100 42 28.”

393 1185 102 40 The
530 1188 135 44 story
699 1185 52 40 of
786 1196 28 29 a
848 1185 446 40 transcontinental
1327 1186 159 39 motor
1520 1185 100 48 trip
1656 1185 147 40 taken
1839 1185 59 47 by
1935 1188 97 37 two
2069 1194 185 31 women
2291 1184 49 40 in

335 1242 141 49 June,
503 1242 128 48 1923,
658 1242 243 48 traveling
924 1242 129 40 from
1079 1242 119 40 New
1224 1241 132 41 York
1383 1246 49 37 to
1461 1242 97 41 San
1586 1242 275 41 Francisco.

341 1296 51 52 ©
422 1300 114 48 Apr.
566 1300 70 48 30,
666 1300 114 41 1928;
837 1301 68 39 2c.
934 1301 115 47 May
1078 1300 56 40 17;
1192 1299 84 41 aff.
1308 1301 114 47 May
1450 1300 25 40 5;
1534 1300 43 47 A
1605 1299 204 41 1077270;
1867 1300 230 47 Kathryn
2128 1299 211 47 Cavarly

407 1358 192 47 Hulme,
638 1358 97 40 San
768 1357 276 40 Francisco.
1116 1357 281 48 (28-13751)

334 1437 468 54 Hum-ishu-ma.

403 1514 366 70 Co-ge-we-a,
794 1516 96 52 the
914 1515 329 54 half-blood;
1298 1535 32 33 a
1355 1516 290 68 depiction
1671 1515 64 54 of
1757 1516 96 53 the
1877 1520 162 65 great
2064 1516 277 51 Montana

331 1592 2011 71 cattle range, by Hum-ishu-ma “Mourning Hove” … given
330 1672 253 69 through
624 1671 419 69 Sho-pow-tan,
1080 1672 141 53 with
1258 1678 159 47 notes
1453 1673 113 52 and
1601 1672 399 69 biographical
2037 1672 196 53 sketch
2267 1672 75 68 by

330 1749 1988 147 Lucullus V irgil McWhorter … Boston, The Four seas company [ ᶜ1 927]
399 1910 705 50 302 p. front. (port.) 19½ ᶜᵐ.
343 1964 51 52 ©
426 1969 112 40 Dec.
566 1969 70 47 27,
668 1968 113 40 1927;
840 1969 68 39 2c.
939 1969 115 46 May
1084 1969 68 46 14,
1184 1967 142 47 1928;
1361 1967 81 41 aff.
1475 1969 114 46 May
1619 1969 83 46 24;
1735 1969 41 38 A
1807 1968 229 47 1077457;
2073 1969 129 40 Four
2234 1978 107 30 seas

409 2036 68 29 co.
552 2026 281 48 (28-13788)

336 2104 397 64 Hutchinson,
768 2105 165 63 Paul,
971 2107 172 51 1890-

402 2184 180 53 What
624 2183 113 53 and
780 2184 131 68 why
954 2185 59 50 in
1056 2183 206 68 China,
1301 2184 75 69 by
1417 2185 150 51 Paul
1608 2184 385 53 Hutchinson.
2073 2183 271 69 Chicago,

331 2260 245 69 Willett,
608 2260 179 55 Clark
813 2264 46 50 &
889 2260 201 70 Colby,
1121 2264 151 50 1928.

401 2345 911 50 3 p. l., 134 p. illus. (maps) 19½ ᶜᵐ.
345 2399 1997 53 © May 5, 1928; 2c. May 12; aff. May 21; A 1077450; P. Hutchinson,
416 2460 223 48 Chicago.
711 2459 281 49 (28-13689)

341 2539 356 63 Hutchison,
728 2540 210 62 David,
971 2543 170 49 1866-

414 2619 121 53 The
574 2618 372 53 foundations
985 2619 64 52 of
1085 2619 97 53 the
1222 2618 411 68 Constitution,
1671 2620 75 68 by
1784 2621 192 52 David
2017 2621 325 53 Hutchison

404 2696 1302 69 … New York, The Grafton press [ ᶜ1 928]
409 2779 557 48 4 p. l., 406 p. 21ᶜᵐ.
414 2835 205 42 “Notes”
654 2839 51 37 at
738 2838 91 38 end
864 2836 51 40 of
947 2837 118 39 each
1099 2836 216 48 chapter.

347 2889 51 52 ©
428 2895 115 45 May
570 2894 39 47 1,
638 2893 141 45 1928;
809 2894 69 40 2c.
907 2897 96 38 and
1032 2893 81 41 aff.
1143 2895 115 47 May
1286 2893 56 40 29;
1400 2895 42 38 A
1469 2895 230 47 1077521;
1731 2895 58 41 D.
1819 2895 290 48 Hutchison,
2139 2897 204 48 Albany,

415 2951 56 40 N.
507 2951 54 39 Y.
635 2950 280 48 (28-13843)

347 3030 279 69 [Jeffries,
663 3031 261 54 Graham
960 3033 344 67 Montague]
1349 3036 170 49 1900-

406 3108 1939 71 Hate ship, by Bruce Graeme [pseud.] … New York, Dodd.
336 3186 172 54 Mead
539 3189 46 50 &
614 3205 298 51 company,
946 3190 149 50 1928.

406 3270 480 48 3 p. l., 299 p. 19½ ᶜᵐ.
350 3322 50 52 ©
437 3327 114 47 May
582 3327 70 46 25,
686 3326 115 41 1928;
863 3328 68 39 2c.
966 3328 94 38 and
1095 3326 82 41 aff.
1213 3328 114 47 May
1360 3327 56 40 29;
1479 3328 41 39 A
1555 3328 202 40 1077526;
1823 3329 153 41 Dodd.
2013 3331 144 38 Mead
2192 3331 36 38 &
2261 3341 69 29 co.,

419 3383 90 41 inc.
581 3382 282 49 (28-13912)

346 3449 216 63 Keller,
592 3450 326 52 Hermann.

418 3527 1929 71 Gespannte wässer. V on dr.-ing. Hermann Keller. Mit
347 3605 182 53 einem
574 3606 251 52 titelbild
871 3607 117 51 und
1036 3610 64 48 49
1149 3606 387 69 abbildungen
1583 3608 79 52 im
1707 3613 122 47 text
1874 3609 120 52 und
2040 3608 105 53 auf
2192 3609 153 53 einer

347 3682 160 53 tafel.
574 3683 174 53 Halle
787 3683 225 70 (Saale)
1050 3684 89 54 W.
1170 3684 239 68 Knapp,
1441 3689 151 50 1928.

419 3759 1550 56 vi p., 1 l. , 90 p. incl. front., illus., diagrs. fold. pl. 24½ ᶜᵐ.
419 3822 100 39 The
554 3822 216 40 author’s
806 3822 318 41 dissertation
1167 3822 322 50 (Technische
1524 3825 305 48 hochschule,
1866 3826 245 49 Dresden)
2156 3825 185 43 revised

347 3879 97 39 and
478 3879 244 48 enlarged,
782 3880 61 48 cf.
878 3891 43 37 p.
954 3879 64 41 vi.

420 3933 609 43 “Schriftenverzeichnis”
1049 3947 9 29 :
1097 3948 42 38 p.
1193 3936 175 51 [86]-88.

353 3988 1816 57 © Jan. 1, 1928; 1c. Mar. 2; A—Foreign 37810; Wilhelm Knapp.
431 4049 281 49 (28-14017)
