2498 4384
1089 4147 102 48 299

193 561 103 39 “An
336 559 269 49 expansion
648 559 51 40 of
739 569 28 30 a
810 558 219 48 syllabus
1068 557 118 39 used
1227 556 80 40 for
1348 565 130 31 some
1520 565 143 38 years
1706 556 154 39 under
1901 555 81 39 the
2026 554 109 40 title

123 619 47 39 My
238 619 167 41 world,
443 617 120 40 with
598 619 182 38 classes
814 619 52 37 at
901 615 209 39 Antioch
1144 613 421 46 college.”—Pref.

125 672 51 52 ©
207 676 129 48 Sept.
364 676 69 46 15,
464 675 113 40 1927;
634 675 68 41 2c.
731 674 112 40 Feb.
869 673 70 47 29,
969 672 115 41 1928;
1143 672 82 40 aff.
1255 672 113 40 Feb.
1396 671 56 41 28;
1510 671 42 39 A
1580 670 204 42 1068044;
1842 670 56 41 A.

1929 672 52 39 E.
192 671 1929 110 Morgan,
333 733 185 39 Yellow
551 731 215 49 Springs,
800 730 52 41 O.
924 729 252 49 (28-6981)

118 816 269 62 Morgan,
421 813 331 54 Katherine
787 813 67 52 B.

192 893 109 52 Mr.
343 893 354 66 Humdrum,
732 892 76 68 by
846 890 321 53 Katherine
1207 892 69 51 B.
1315 890 265 67 Morgan.
1657 889 286 66 Houston,
1983 889 158 66 Tex.,

120 973 121 52 The
272 971 255 54 Andrew
557 988 282 50 company
916 972 153 63 [ᶜ1928]

192 1052 873 50 5 p. l., 53 p. front., port. 23 ᶜᵐ .
126 1109 51 52 ©
214 1112 110 41 Feb.
358 1114 70 40 11,
461 1112 88 39 1928;
639 1112 68 39 2c.
741 1110 111 41 Feb.
886 1111 56 38 14;
1006 1109 83 41 aff.
1123 1109 114 40 Feb.
1270 1108 56 39 23;
1391 1109 39 38 A
1467 1108 229 43 1061916;
1734 1108 60 41 K.
1830 1109 53 40 B.
1919 1108 220 45 Morgan,

194 1171 240 41 Houston,
467 1170 115 39 Tex.
654 1166 252 50 (28-6998)

118 1250 178 64 Pagé,
328 1250 208 53 Victor
565 1248 272 63 Wilfred,
873 1251 172 50 1885-

198 1328 392 70 Everybody’s
626 1326 259 53 aviation
919 1326 202 69 guide;
1161 1345 31 33 a
1229 1325 299 68 complete,
1563 1324 313 69 simplified
1910 1325 233 53 treatise

125 1408 58 52 in
222 1408 258 68 question
524 1406 113 52 and
679 1424 220 34 answer
941 1404 154 53 form
1138 1403 97 53 for
1274 1404 162 53 those
1477 1403 251 70 wishing
1768 1409 59 48 to
1870 1403 201 53 obtain
2113 1423 30 33 a

123 1487 230 68 general
387 1486 112 52 and
535 1483 327 54 diversified
894 1483 339 69 knowledge
1267 1482 65 53 of
1365 1482 359 53 aeronautics
1758 1482 114 53 and
125 1483 1996 134 aerodynamics.

428 1564 58 51 It
520 1562 288 53 considers
843 1562 78 52 all
958 1567 165 64 types
1158 1561 66 52 of
1261 1561 262 68 aircraft,
1558 1562 140 52 both
125 1560 1995 135 lighter-than-air

244 1642 111 53 and
389 1641 520 53 heavier-than-air
943 1639 200 69 forms,
1176 1640 160 69 gives
1369 1640 97 53 the
1501 1640 314 69 principles
1849 1658 74 35 on
1957 1641 187 53 which

125 1721 151 52 their
298 1720 301 69 operation
624 1719 48 53 is
695 1719 173 53 based
895 1719 112 52 and
1035 1718 283 54 describes
1345 1718 391 54 construction
1763 1718 66 54 of
1855 1719 289 69 principal

126 1796 1958 72 types of dirigibles and airplanes, by Major Victor W. Pagé …
126 1878 137 52 New
292 1877 182 67 York,
498 1877 121 52 The
646 1876 259 53 Norman
930 1876 91 53 W.
1050 1875 198 70 Henly
1274 1876 340 70 publishing
1640 1894 99 50 co.,
1770 1879 151 52 1928.

197 1971 42 29 V.
270 1959 85 41 247
385 1970 45 37 p.
491 1958 144 48 illus.,
668 1958 181 48 diagrs.
910 1957 147 41 19½ᶜᵐ.

129 2013 51 52 ©
215 2017 111 41 Feb.
358 2017 71 47 25,
462 2016 142 47 1928;
638 2016 69 41 2c.
740 2017 96 38 and
870 2015 83 42 aff.
988 2016 112 41 Feb.
1132 2015 85 48 29;
1252 2016 42 39 A
1326 2016 233 48 1068050;
1595 2018 219 40 Norman
1847 2019 72 40 W.
1955 2019 191 48 Henley

196 2076 110 47 pub.
338 2085 68 30 co.
478 2073 254 50 (28-7062)

122 2154 234 53 Palacio
390 2154 238 62 Valdés,
666 2153 324 62 Armando,
1031 2156 172 50 1852-

198 2234 72 52 Ri
277 2234 204 66 verita,
515 2251 107 50 por
657 2234 132 52 Don
827 2232 300 53 Armando
1165 2233 236 54 Palacio
1441 2234 231 54 Valdés.
1751 2234 214 55 Edited
2009 2236 138 52 with

131 2312 408 66 introduction,
564 2317 179 62 notes,
768 2311 273 53 exercises
1068 2312 112 52 and
1210 2312 394 54 vocabularies
1630 2314 77 68 by
1733 2313 219 69 Joseph
1980 2315 68 52 E.
2078 2316 70 51 A.

129 2389 1852 73 Alexis … Lincoln, Neb., Midwest book company [ᶜ1928]
199 2472 1047 50 xiv, 269 p. front. (port.) illus. 19 ᶜᵐ .
199 2531 354 48 Bibliography;
612 2542 44 37 p.
686 2530 98 41 xiv.

131 2584 55 53 ©
220 2590 111 39 Jan.
366 2589 60 39 26,
476 2589 141 46 1928;
656 2589 68 41 2c.
762 2589 112 40 Feb.
912 2589 54 39 11;
1034 2588 83 42 aff.
1156 2589 114 41 Feb.
1306 2589 83 47 27;
1429 2590 42 39 A
1507 2590 232 48 1068079;
1780 2592 182 48 Joseph
2001 2594 55 41 E.
2094 2594 55 42 A.

198 2647 182 47 Alexis,
417 2647 215 46 Lincoln,
667 2646 117 40 Neb.
852 2642 68 54 [©
958 2646 199 48 editing,
1196 2647 348 48 introduction,
1582 2651 153 45 notes,
1773 2649 243 41 exercises
2052 2653 97 38 and

202 2704 354 49 vocabularies]
633 2703 253 48 (28-7175)

127 2771 219 63 Payne,
376 2769 205 54 Enoch
612 2769 247 65 George,
891 2771 173 53 1877-

202 2850 325 68 Principles
581 2849 65 53 of
700 2850 362 52 educational
1118 2850 321 70 sociology;
1499 2869 75 35 an
1627 2852 220 54 outline
1922 2854 94 70 [by]
2080 2855 68 53 E.

132 2927 2020 76 George Payne … New York, N. Y., New York university
132 3025 157 49 press
313 3006 150 53 book
486 3012 150 47 store
669 3040 13 34 [
744 3009 101 51 ᶜ1928
849 3039 14 35 ]

202 3088 725 49 2 p. l., vii-xi, 169 p. 21 ᶜᵐ .
205 3145 351 41 “References”
586 3148 53 38 at
667 3147 92 39 end
789 3147 52 39 of
870 3147 119 40 each
1017 3147 218 48 chapter.

135 3199 52 53 ©
220 3204 112 40 Feb.
363 3204 70 46 15,
466 3203 141 42 1928;
641 3204 69 41 2c.
743 3205 123 41 Mar.
899 3206 53 45 1;
987 3204 82 42 aff.
1103 3206 123 40 Mar.
1258 3205 53 45 2;
1346 3206 41 38 A
1420 3205 231 49 1068074;
1687 3208 118 40 New
1838 3209 131 40 York
2003 3210 147 49 univ.,

203 3262 118 39 New
352 3260 145 41 York.
569 3261 252 49 (28-6946)

131 3326 235 65 Phelps,
399 3327 226 53 Robert
658 3327 276 54 William.

203 3407 330 52 Petroleum
590 3406 390 70 engineering,
1034 3408 77 68 by
1167 3408 218 53 Robert
1440 3408 263 55 William
1763 3411 216 69 Phelps
2038 3414 111 52 and

136 3484 240 53 Francis
409 3484 234 54 Wilbur
676 3484 171 53 Lake.
920 3486 72 52 2d
1031 3487 85 52 ed.
1188 3487 288 69 Houston,
1514 3488 157 68 Tex.,
1708 3488 151 56 Gulf
136 3491 1990 140 publishing
260 3580 300 51 company,
590 3562 151 55 1927.

206 3644 1174 51 xii, 637 p. incl. illus., tables, diagrs. 21 ᶜᵐ .
138 3698 51 52 ©
231 3702 128 48 Sept.
397 3703 70 47 26,
505 3702 141 43 1927;
686 3703 68 41 2c.
794 3703 110 41 Feb.
942 3704 69 47 27,
1051 3705 141 46 1928;
1234 3705 83 42 aff.
1355 3707 113 41 Feb.
1507 3708 82 45 14;
1632 3709 40 37 A
1709 3708 205 41 1069004;
1984 3711 55 41 R.
2080 3712 71 41 W.

206 3760 177 48 Phelps
418 3761 96 38 and
549 3760 204 41 Francis
787 3761 190 40 Wilbur
1012 3762 146 48 Lake,
1194 3763 143 48 Brea,
1375 3763 145 42 Calif.
1592 3764 253 50 (28-7063)

135 3823 192 63 Pratt,
359 3825 210 63 Henry
598 3825 309 65 Sherring,
941 3831 173 49 1859-

205 3903 56 52 A
288 3922 194 34 course
508 3905 62 52 in
595 3907 231 67 general
851 3906 234 70 biology;
1145 3927 32 33 a
1204 3908 334 70 laboratory
1566 3912 253 66 manual,
1846 3912 75 69 by
1949 3912 204 70 Henry

139 3980 1988 149 Sherring Pratt … Boston, New York [etc.] Ginn and company [ᶜ1928]
