2498 4384
1353 4092 139 50 2032

384 427 195 63 Hand,
612 429 139 53 Mrs.
784 426 252 54 Matilda
1067 426 227 54 Butler.

459 505 57 53 A
561 523 262 34 romance
870 503 65 54 of
980 505 96 52 old
1124 503 158 69 Cape
1327 504 158 68 May,
1530 504 78 68 by
1652 502 252 53 Matilda
1949 502 206 52 Butler
2201 500 196 55 Hand.

388 582 1441 62 Philadelphia, Dorrance and company [ ᶜ1 928]
458 663 277 49 280 p. 19 ½ᶜᵐ.
393 717 53 52 ©
475 721 102 41 Oct.
603 720 70 48 20,
701 720 142 47 1928;
871 721 69 40 2c.
967 722 96 38 and
1091 720 84 42 aff.
1202 720 114 41 Dec.
1343 720 54 39 21;
1455 719 42 40 A
1522 719 144 48 2404;
1695 720 251 40 Dorrance
1973 719 37 41 &
2037 729 84 38 co.,
2149 718 92 42 inc.

471 776 282 51 (28-31013)

387 874 318 63 Hartman,
752 872 220 55 Frank.

462 949 1945 70 The wine of life, by Frank Hartman … New Richmond,
392 1027 87 68 O.,
508 1028 123 53 The
659 1028 219 52 Pronto
907 1046 176 50 press,
1114 1030 153 50 1928.

461 1111 235 41 34 l. 19 ᶜᵐ.
395 1164 53 52 ©
479 1168 114 41 Dec.
622 1168 39 47 7,
692 1167 115 40 1928;
864 1167 68 41 2c.
962 1168 97 39 and
1088 1166 83 42 aff.
1202 1167 113 40 Dec.
1346 1167 56 39 15;
1463 1167 41 39 A
1531 1166 117 41 3207;
1707 1167 182 40 Pronto
1919 1177 153 38 press.

474 1223 283 51 (28-30701)

392 1318 416 64 Hemingway,
844 1318 241 55 Ernest.

526 1394 1887 71 … Cinquante mille dollars, traduit de l’anglais par Ott de
392 1473 284 68 Weymer.
753 1473 186 68 Paris,
989 1472 347 69 Gallimard,
1384 1473 265 54 Éditions
1698 1474 68 53 de
1813 1475 57 51 la
1917 1474 277 52 Nouvelle
2244 1492 169 35 revue

394 1550 287 66 française
724 1554 173 64 [1928]

465 1633 708 51 3 p. l., [9]-226 p., 2 l. 19 ᶜᵐ.
469 1692 184 41 Stories
689 1691 210 41 selected
932 1691 129 41 from
1097 1692 82 39 the
1213 1690 221 41 author’s
1471 1691 86 39 “In
1591 1702 89 29 our
1713 1691 145 40 time”
1893 1692 97 40 and
2027 1691 140 40 “Men
2202 1691 211 41 without

395 1748 232 43 women”.

748 1827 61 5 CONTENTS.—
812 1805 275 48 Cinquante
1129 1804 135 41 mille
1306 1804 260 40 dollars.—
1570 1805 115 39 Mon
1727 1804 160 40 vieux.
1890 1827 59 4 —
1951 1803 333 40 L’invincible.
2293 1827 53 4 —
2348 1804 65 40 Le

395 1862 337 49 champion.—
733 1862 65 40 Le
833 1862 179 47 village
1048 1861 182 40 indien.
1233 1884 59 5 —
1295 1860 91 40 Les
1424 1863 185 38 tueurs.

401 1915 1880 52 © Aug. 3. 1928; 1c. Sept. 21; A— Foreign 202; Librairie Gallimard.
480 1975 282 50 (28-30943)

403 2070 429 71 [Hodgkinson,
865 2071 146 51 Ivan
1043 2068 345 68 Tattersall]
1429 2073 172 50 1891-

475 2149 122 52 The
637 2146 229 71 Society
903 2146 66 54 of
1003 2147 213 67 nobles,
1254 2165 32 34 a
1325 2146 417 68 cosmopolitan
1780 2147 333 67 adventure,
2151 2147 77 68 by
2266 2147 147 52 Ivan

402 2223 1911 71 Tattersall [ pseud.] London, Chapman and Hall, Id. [1928]
475 2306 710 49 2 p. l., vii-viii, 294 p. 19½ᶜᵐ.
404 2361 2014 53 © 1c. Nov. 22, 1928; A ad int. 11946; pubd. Sept. 27; Ivan Tattersall
473 2423 335 49 Hodgkinson,
841 2423 214 39 London.
1127 2421 225 49 (29-696)

403 2503 394 65 Huddleston,
830 2502 210 64 Sisley,
1078 2507 174 50 1883-

471 2581 168 53 Paris
688 2581 207 68 salons,
943 2580 173 69 cafés,
1164 2581 239 67 studios,
1449 2581 76 68 by
1576 2579 187 71 Sisley
1811 2581 389 69 Huddleston,
2248 2581 173 70 being

403 2659 1994 147 social, artistic and literary memories … Philadelphia & London,
569 2739 56 53 J.
660 2739 67 51 B.
762 2738 343 68 Lippincott
1138 2755 302 51 company,
1476 2739 152 52 1928.

475 2820 890 49 366 p. front., plates, ports. 24 ᶜᵐ.
409 2874 1851 52 © Oct. 19, 1928; 2c. and aff. Dec. 14; A 2384; J. B. Lippincott co.
404 2957 333 65 Hullinger,
769 2957 210 53 Edwin
1008 2958 194 63 Ware,
1238 2962 172 50 1893-

481 3036 121 52 The
631 3054 124 34 new
787 3035 201 53 fascist
1017 3041 173 60 state;
1226 3055 33 34 a
1290 3038 173 68 study
1493 3037 65 54 of
1588 3039 159 67 Italy
1777 3039 183 53 under
1989 3040 326 67 Mussolini,
2347 3039 75 70 by

412 3115 210 52 Edwin
654 3115 174 53 Ware
861 3114 331 69 Hullinger.
1264 3115 141 53 New
1439 3116 181 67 York,
1654 3117 121 53 Rae
1808 3117 72 53 D.
1916 3117 231 54 Henkle
2181 3137 97 48 co.,
2314 3118 108 53 inc.

491 3190 118 70 [ ᶜ1 928]
480 3275 405 48 xiii, 298 p. 21 ᶜᵐ.
485 3333 129 39 “The
650 3342 123 38 span
809 3331 51 41 of
897 3331 117 41 time
1050 3333 203 39 covered
1290 3332 57 48 is,
1382 3334 222 47 roughly,
1642 3334 82 40 the
1760 3334 110 41 first
1906 3334 310 42 half-decade
2254 3335 53 41 of
2343 3336 83 40 the

414 3389 2012 48 existence of the fascist régime: from the end of 1922 … to the month of
414 3446 219 48 October,
664 3445 501 42 1928.”—Foreword.

415 3499 53 52 ©
498 3503 112 39 Dec.
640 3503 68 46 12,
739 3502 115 40 1928;
914 3504 68 39 2c.
1013 3503 113 41 Dec.
1156 3504 56 39 13;
1275 3502 82 43 aff.
1389 3505 113 39 Dec.
1533 3505 56 39 14;
1648 3505 42 39 A
1719 3505 115 40 2236;
1896 3505 103 41 Rae
2029 3506 59 41 D.
2120 3506 192 41 Henkle
2342 3517 82 37 co.,

482 3559 92 41 inc.
640 3559 282 49 (28-31022)

412 3639 202 54 Idaho.
691 3641 278 67 Supreme
1016 3649 176 45 court.

482 3718 1944 72 Reports … by Clay Koelsch (ex-officio reporter) v. 45.
415 3795 118 55 San
563 3797 326 66 Francisco,
919 3796 591 70 Bancroft-Whitney
1540 3817 299 51 company,
1874 3803 150 50 1928.

484 3880 96 47 lxv,
614 3879 88 40 872
731 3889 44 38 p.
833 3880 57 39 22½ᶜᵐ.

418 3930 52 52 ©
498 3935 111 41 Dec.
636 3935 68 49 18,
730 3935 115 41 1928;
899 3936 69 40 2c.
994 3937 112 39 Dec.
1130 3936 56 40 29;
1243 3936 82 41 aff.
1352 3937 113 41 Dec.
1491 3938 57 39 27;
1603 3938 40 38 A
1667 3937 117 41 2512;
1842 3937 120 50 Clay
1988 3938 225 49 Koelsch,
2240 3938 81 41 for
2347 3938 81 41 the

487 3992 178 41 benefit
694 3993 50 40 of
775 3994 81 39 the
886 3995 129 39 state
1046 3993 52 41 of
1127 3994 170 49 Idaho,
1329 3994 158 49 Boise,
1519 3996 72 40 Id.
