2498 4384
1357 4109 102 53 118

368 471 246 62 Harvey
642 469 243 63 society,
914 469 139 51 New
1086 466 178 53 York.

448 548 120 52 The
610 548 238 67 Harvey
888 548 256 53 lectures,
1188 543 288 54 delivered
1518 543 182 53 under
1740 543 95 52 the
1879 543 256 68 auspices
2177 542 65 52 of
2283 543 96 52 the

373 626 239 68 Harvey
643 625 212 68 society
887 623 64 53 of
982 624 139 51 New
1154 622 180 65 York,
1367 621 328 67 1926-1927,
1724 621 183 52 under
1934 621 98 53 the
2062 625 315 65 patronage

377 703 65 53 of
471 705 96 51 the
596 703 139 52 New
766 702 163 52 York
962 701 271 67 academy
1263 699 65 53 of
1357 700 296 69 medicine,
1681 699 78 69 by
1788 699 104 53 Dr.
1925 699 154 53 Fred
2111 697 270 69 Neufeld,

377 783 103 52 Dr.
515 782 215 53 Robert
765 780 328 66 Chambers,
1127 779 103 52 Dr.
1265 778 222 53 Leonor
1518 777 301 55 Michaelis
1859 782 137 63 [etc.]
2080 775 185 57 Series
2297 779 84 51 22.

375 862 335 52 Baltimore,
737 860 119 51 The
882 858 290 54 Williams
1199 859 46 50 &
1269 856 253 54 Wilkins
1549 875 298 50 company,
1875 859 151 50 1928.

446 958 86 39 164
563 968 44 37 p.
668 956 142 48 illus.,
845 956 171 47 plates,
1051 954 182 48 diagrs.
1291 953 61 40 22
1350 955 46 22 ᶜᵐ
1400 985 9 9 .

381 1025 52 49 ©
461 1029 111 40 Feb.
599 1029 39 45 1,
666 1027 113 40 1928;
834 1027 67 39 2c.
928 1026 96 39 and
1051 1024 82 42 aff.
1162 1025 112 40 Feb.
1302 1025 53 38 11;
1413 1025 42 38 A
1479 1023 204 42 1018747;
1739 1024 244 40 Williams
2012 1024 36 39 &
2077 1023 209 40 Wilkins
2314 1034 68 31 co.

377 1136 251 63 Hassell,
659 1136 258 53 Richard
950 1136 249 51 Burton.

448 1215 122 52 The
602 1214 195 53 chums
830 1214 113 52 and
972 1213 152 53 their
1155 1231 329 49 powwows;
1520 1211 94 53 for
1643 1230 194 50 young
1868 1230 128 34 men
2028 1212 127 51 who
2189 1211 197 52 follow

376 1293 97 52 the
508 1294 204 68 gleam,
745 1292 75 68 by
855 1291 257 53 Richard
1149 1292 227 51 Burton
1411 1290 250 68 Hassell,
1751 1333 9 9 M.
1839 1333 10 10 A.
1925 1291 238 66 Boston,
2197 1290 191 67 Mass.,

377 1373 122 51 The
533 1370 300 57 Stratford
866 1387 300 51 company,
1199 1371 151 51 1928.

485 1500 8 16 x,
520 1468 86 40 118
630 1478 42 37 p.
734 1478 75 37 pl.,
835 1466 26 39 2
884 1467 124 47 port.
1037 1465 136 48 (incl.
1195 1464 177 48 front.)
1441 1464 146 41 19½ᶜᵐ.

384 1536 52 52 ©
473 1540 111 39 Jan.
618 1539 70 47 24,
724 1536 141 47 1928;
902 1537 69 40 2c.
1007 1536 110 41 Jan.
1153 1536 83 46 27;
1276 1535 82 42 aff.
1396 1536 110 40 Jan.
1542 1535 83 47 30;
1664 1535 42 39 A
1741 1534 229 47 1061452;
2013 1534 253 41 Stratford
2301 1545 84 37 co.,

452 1595 290 49 publishers.
814 1592 250 51 (28-3818)

377 1691 369 60 Henderson,
777 1688 203 54 James
1009 1688 160 53 Max.

453 1767 248 54 Probate
734 1766 248 69 practice;
1048 1784 31 34 a
1112 1765 233 53 treatise
1377 1783 73 35 on
1484 1764 311 69 procedure
1829 1764 61 52 in
1923 1763 468 54 administration

383 1846 66 53 of
484 1844 317 55 decedents’
837 1849 222 62 estates,
1098 1843 420 70 guardianship
1559 1844 114 52 and
1713 1843 277 68 adoption
2029 1841 67 54 of
2133 1842 258 54 children

384 1925 60 52 in
483 1924 94 52 the
618 1928 174 48 states
830 1921 66 53 of
934 1921 274 67 Arizona,
1252 1920 346 68 California,
1639 1920 304 68 Colorado,
1982 1920 208 69 Idaho,
384 1921 1984 148 Montana,
579 2001 256 67 Nevada,

876 2000 139 52 New
1056 2000 244 66 Mexico,
1342 1999 188 53 North
1574 1999 249 68 Dakota,
1866 1998 345 69 Oklahoma,
384 1998 1985 151 Oregon,
557 2078 184 56 South
778 2078 250 67 Dakota,
1064 2078 180 66 Utah,

1280 2075 407 71 Washington,
1726 2078 114 53 and
1877 2077 335 70 Wyoming,
2253 2078 137 53 with

388 2155 2005 71 forms and tables of statutes and cases cited … by James M.
385 2233 2012 72 Henderson … San Francisco, Bancroft-Whitney company,
389 2316 151 51 1928.

456 2411 29 38 4
546 2441 9 9 v.
614 2409 148 41 23½ᶜᵐ.

424 2477 1943 53 v . 1, 2, © Jan. 17, 1928; 2c. each and affs. Feb. 2; v. 3, 4, © Jan. 26;
462 2539 68 40 2c.
571 2537 118 42 each
731 2539 97 38 and
868 2538 109 40 affs.
1020 2538 111 40 Feb.
1172 2537 84 47 10;
1300 2538 42 38 A
1380 2537 217 49 1018655,
1640 2538 217 48 1018656,
1900 2538 219 47 1061616,
2162 2539 230 47 1061617;

460 2595 490 47 Bancroft-Whitney
979 2605 67 30 co.
1121 2594 251 49 (28-3728)

387 2689 355 63 Hickernell,
776 2690 250 53 Warren
1060 2690 272 62 Fayette.

458 2768 304 53 Financial
801 2768 112 52 and
952 2767 254 53 business
1247 2767 369 69 forecasting,
1652 2767 76 69 by
1765 2768 244 54 Warren
2049 2768 67 53 F.
387 2768 1988 131 Hickernell

594 2845 1806 69 … [New York] Alexander Hamilton institute, Bureau of
387 2924 255 53 business
674 2923 321 54 conditions
1075 2925 151 65 [ᶜ1928]

458 3019 780 49 2 v . diagrs. (1 fold.) 22ᶜᵐ.
390 3090 1993 107 On t.-p. of vol. I : Based upon studies made in fulfilment of the requirements
719 3148 78 39 for
828 3147 82 43 the
939 3149 173 45 degree
1142 3147 52 41 of
1223 3149 170 39 doctor
1422 3147 52 40 of
1503 3147 289 50 philosophy
1822 3151 52 39 at
1905 3150 120 41 Yale
2056 3149 289 49 university.

462 3204 350 48 Bibliography
841 3206 53 38 at
920 3206 93 38 end
1041 3204 53 41 of
1121 3204 121 40 each
1270 3204 207 42 volume.

398 3271 52 52 ©
482 3276 110 40 Jan.
624 3275 68 47 10,
724 3274 140 47 1928;
899 3275 67 41 2c.
997 3275 118 39 each
1147 3276 97 38 and
1275 3274 108 42 affs.
1416 3276 109 40 Jan.
1557 3275 83 47 30;
1674 3277 41 38 A
1745 3276 216 49 1061477,
1994 3277 232 49 1061478;
466 3279 1916 92 Alexander

652 3332 255 39 Hamilton
942 3331 240 49 institute,
1219 3333 119 39 New
1372 3333 144 39 York.
1588 3332 250 48 (28-3829)

395 3425 380 62 Holderness,
806 3426 102 51 Sir
937 3425 220 52 Ernest
1189 3424 257 54 William
1479 3425 261 54 Elmslie.

464 3503 120 51 The
613 3503 359 53 vicissitudes
1000 3502 65 53 of
1090 3502 144 69 golf.

479 3586 82 48 (In
595 3581 294 44 Illustrated
921 3581 232 53 sporting
1186 3582 97 43 and
1317 3582 246 44 dramatic
1594 3597 151 38 news,
1780 3584 114 43 Dec.
1931 3586 70 50 17,
2037 3586 146 49 1927)

401 3638 2000 54 © 1c. Feb. 11, 1928; A ad int. 10647; pubd. Dec. 16, 1927; Sir E. W. E.
470 3699 312 47 Holderness,
817 3698 521 49 Walton-on-the-Hill,
1377 3699 193 49 Surrey,
1606 3700 237 48 England.

398 3790 184 62 Hone,
613 3789 213 65 Philip,
859 3792 325 53 1780-1851.

471 3869 121 52 The
623 3869 167 69 diary
818 3869 64 53 of
911 3870 200 68 Philip
1141 3871 187 67 Hone,
1360 3874 329 66 1828-1851,
1716 3873 209 68 edited,
1952 3874 142 52 with
2124 3893 73 34 an
401 3874 1977 126 introduction

402 3946 1979 147 by Allan Nevins … New York, Dodd, Mead and company, 1927.
