<alto xmlns="http://www.loc.gov/standards/alto/ns-v3#" xmlns:xlink="http://www.w3.org/1999/xlink" xmlns:xsi="http://www.w3.org/2001/XMLSchema-instance" xsi:schemaLocation="http://www.loc.gov/standards/alto/ns-v3# http://www.loc.gov/alto/v3/alto-3-0.xsd"><Description>
<MeasurementUnit>pixel</MeasurementUnit>
<sourceImageInformation>
<fileName>1928_v25_part001.pdf</fileName>
</sourceImageInformation>
<OCRProcessing ID="IdOcr">
<ocrProcessingStep>
<processingDateTime>2019-04-12</processingDateTime>
<processingSoftware>
<softwareCreator>ABBYY</softwareCreator>
<softwareName>ABBYY Recognition Server</softwareName>
<softwareVersion>4.0</softwareVersion>
</processingSoftware>
</ocrProcessingStep>
</OCRProcessing>
</Description>
<Styles>
<ParagraphStyle ID="StyleId-FFFFFFFF-FFFF-FFFF-FFFF-FFFFFFFFFFFF-" ALIGN="Left" LEFT="0." RIGHT="0." FIRSTLINE="0."/>
<ParagraphStyle ID="StyleId-0ECAC0CE-E1F0-4C69-A1B9-95E16886343B-" ALIGN="Left" LEFT="0." RIGHT="0." FIRSTLINE="0." LINESPACE="8.300000191"/>
<ParagraphStyle ID="StyleId-5C6F7A30-EC6F-4250-A8D3-0AE106DCDB5D-" ALIGN="Left" LEFT="0." RIGHT="0." FIRSTLINE="-13." LINESPACE="11.22999954"/>
<ParagraphStyle ID="StyleId-B258737E-7AF8-4B71-A0BF-0A1420B951F9-" ALIGN="Left" LEFT="0." RIGHT="0." FIRSTLINE="-13." LINESPACE="8.210000038"/>
<ParagraphStyle ID="StyleId-35C0EFA5-E89E-4731-B16E-5D3895F12270-" ALIGN="Block" LEFT="0." RIGHT="0." FIRSTLINE="-12." LINESPACE="11.22999954"/>
<ParagraphStyle ID="StyleId-7BD1F9B4-14BB-4AAF-864B-FED8FEA7DC43-" ALIGN="Left" LEFT="0." RIGHT="0." FIRSTLINE="0."/>
<ParagraphStyle ID="StyleId-CD2DA0E5-536D-42AE-AE16-8D9F5C008D5A-" ALIGN="Block" LEFT="0." RIGHT="0." FIRSTLINE="-12." LINESPACE="10."/>
<ParagraphStyle ID="StyleId-AF408F88-EED5-4CE2-A229-3F852C18D9BD-" ALIGN="Block" LEFT="0." RIGHT="0." FIRSTLINE="-14." LINESPACE="10."/>
<ParagraphStyle ID="StyleId-829CD741-943D-4B7B-9638-57AB73DE2567-" ALIGN="Center" LEFT="0." RIGHT="0." FIRSTLINE="0." LINESPACE="9.399999619"/>
<ParagraphStyle ID="StyleId-B271BDFA-6037-4875-BA99-885A067668E9-" ALIGN="Left" LEFT="0." RIGHT="0." FIRSTLINE="-14." LINESPACE="11.21000004"/>
<ParagraphStyle ID="StyleId-64F9C1D8-EA12-4F65-AD18-B72A4C6B556F-" ALIGN="Center" LEFT="0." RIGHT="0." FIRSTLINE="0." LINESPACE="11.60000038"/>
<ParagraphStyle ID="StyleId-44DA2756-E57B-4EF3-9BA4-FC1C14776DE3-" ALIGN="Left" LEFT="0." RIGHT="0." FIRSTLINE="-12." LINESPACE="12.19999981"/>
<ParagraphStyle ID="StyleId-D1D9AF19-8CA6-4F74-9AEC-1B4545205AD7-" ALIGN="Center" LEFT="0." RIGHT="0." FIRSTLINE="0." LINESPACE="11.60000038"/>
<ParagraphStyle ID="StyleId-3ADA1556-6D19-417D-8046-68449BF368BA-" ALIGN="Left" LEFT="0." RIGHT="0." FIRSTLINE="-13." LINESPACE="12.19999981"/>
<ParagraphStyle ID="StyleId-7443A930-B325-44B5-9AB8-B42B4EC78C89-" ALIGN="Block" LEFT="0." RIGHT="0." FIRSTLINE="13." LINESPACE="8.619999886"/>
<ParagraphStyle ID="StyleId-C9A9E480-E448-4934-9AF8-3D252792E396-" ALIGN="Left" LEFT="0." RIGHT="0." FIRSTLINE="-12." LINESPACE="11.38000011"/>
<ParagraphStyle ID="StyleId-73039842-464C-49B9-9440-4C0D0E749DFE-" ALIGN="Center" LEFT="0." RIGHT="0." FIRSTLINE="0." LINESPACE="11.10000038"/>
<ParagraphStyle ID="StyleId-C51F6AC2-80DA-4C65-849C-6E2D5F548EA4-" ALIGN="Left" LEFT="0." RIGHT="0." FIRSTLINE="0." LINESPACE="7.699999809"/>
<ParagraphStyle ID="StyleId-494190D9-BDDC-4834-A745-6AF520F91CD0-" ALIGN="Block" LEFT="0." RIGHT="0." FIRSTLINE="-12." LINESPACE="11.22999954"/>
<ParagraphStyle ID="StyleId-68D39D31-3386-4B28-8C90-DA9420961D78-" ALIGN="Left" LEFT="0." RIGHT="0." FIRSTLINE="0." LINESPACE="11.60000038"/>
<ParagraphStyle ID="StyleId-DF0CE7C7-E73E-44FE-8867-C904BD7F3F42-" ALIGN="Block" LEFT="0." RIGHT="0." FIRSTLINE="0." LINESPACE="12.19999981"/>
</Styles>
<Layout>
<Page ID="Page1771" PHYSICAL_IMG_NR="1771" HEIGHT="4384" WIDTH="2498">
<TopMargin HEIGHT="492" WIDTH="2498" VPOS="0" HPOS="0">
</TopMargin>
<LeftMargin HEIGHT="3636" WIDTH="124" VPOS="492" HPOS="0">
</LeftMargin>
<RightMargin HEIGHT="3636" WIDTH="316" VPOS="492" HPOS="2182">
</RightMargin>
<BottomMargin HEIGHT="256" WIDTH="2498" VPOS="4128" HPOS="0">
</BottomMargin>
<PrintSpace HEIGHT="3636" WIDTH="2058" VPOS="492" HPOS="124">
<TextBlock ID="Page1771_Block1" HEIGHT="74" WIDTH="150" VPOS="4054" HPOS="1080" LANG="en-US" STYLEREFS="StyleId-05F78CD3-ECF1-4FCF-A2C6-F3B2E8C8FC9D-">
<TextLine HEIGHT="54" WIDTH="132" VPOS="4065" HPOS="1089">
<String CONTENT="1771" HEIGHT="54" WIDTH="132" VPOS="4065" HPOS="1089"/>
</TextLine>
</TextBlock>
<TextBlock ID="Page1771_Block2" HEIGHT="3570" WIDTH="2058" VPOS="492" HPOS="124" CS="1" STYLEREFS="StyleId-2A888678-F2B3-46C7-8EBE-73941DFCD6A0-">
<TextLine HEIGHT="54" WIDTH="1344" VPOS="502" HPOS="211" LANG="en-US" CS="1">
<String CONTENT="6" HEIGHT="40" WIDTH="25" VPOS="509" HPOS="211"/>
<SP HEIGHT="47" WIDTH="25" VPOS="509" HPOS="237"/>
<String CONTENT="p." HEIGHT="36" WIDTH="41" VPOS="520" HPOS="263"/>
<SP/>
<String CS="1" CONTENT="l.,"/>
<SP/>
<String CONTENT="3-204" HEIGHT="42" WIDTH="145" VPOS="505" HPOS="401"/>
<SP HEIGHT="46" WIDTH="26" VPOS="508" HPOS="547"/>
<String CONTENT="p.," HEIGHT="37" WIDTH="57" VPOS="517" HPOS="574"/>
<SP HEIGHT="45" WIDTH="26" VPOS="508" HPOS="632"/>
<String CONTENT="1" HEIGHT="37" WIDTH="24" VPOS="508" HPOS="659"/>
<SP HEIGHT="38" WIDTH="25" VPOS="507" HPOS="684"/>
<String CS="1" CONTENT="l." HEIGHT="9" WIDTH="8" VPOS="537" HPOS="732"/>
<SP HEIGHT="40" WIDTH="58" VPOS="506" HPOS="741"/>
<String CONTENT="illus.," HEIGHT="45" WIDTH="144" VPOS="506" HPOS="800"/>
<SP HEIGHT="46" WIDTH="28" VPOS="505" HPOS="945"/>
<String CONTENT="double" HEIGHT="39" WIDTH="173" VPOS="505" HPOS="974"/>
<SP HEIGHT="37" WIDTH="26" VPOS="514" HPOS="1148"/>
<String CONTENT="plates." HEIGHT="47" WIDTH="173" VPOS="504" HPOS="1175"/>
<SP HEIGHT="40" WIDTH="58" VPOS="502" HPOS="1349"/>
<String CS="1" CONTENT="21&#189;&#7580;&#7504;." HEIGHT="40" WIDTH="147" VPOS="502" HPOS="1408"/>
</TextLine>
<TextLine HEIGHT="56" WIDTH="1997" VPOS="559" HPOS="143" LANG="en-US" CS="1">
<String CONTENT="&#169;" HEIGHT="52" WIDTH="51" VPOS="563" HPOS="143"/>
<SP HEIGHT="52" WIDTH="32" VPOS="563" HPOS="195"/>
<String CONTENT="Oct." HEIGHT="40" WIDTH="102" VPOS="567" HPOS="228"/>
<SP HEIGHT="41" WIDTH="31" VPOS="565" HPOS="331"/>
<String CONTENT="22," HEIGHT="43" WIDTH="69" VPOS="565" HPOS="363"/>
<SP HEIGHT="42" WIDTH="31" VPOS="566" HPOS="433"/>
<String CS="1" CONTENT="1928;" HEIGHT="40" WIDTH="86" VPOS="564" HPOS="465"/>
<SP HEIGHT="41" WIDTH="33" VPOS="564" HPOS="607"/>
<String CONTENT="2c." HEIGHT="39" WIDTH="67" VPOS="564" HPOS="641"/>
<SP HEIGHT="40" WIDTH="32" VPOS="563" HPOS="709"/>
<String CONTENT="Oct." HEIGHT="40" WIDTH="102" VPOS="563" HPOS="742"/>
<SP HEIGHT="40" WIDTH="31" VPOS="563" HPOS="845"/>
<String CONTENT="31;" HEIGHT="41" WIDTH="83" VPOS="563" HPOS="877"/>
<SP HEIGHT="31" WIDTH="34" VPOS="573" HPOS="961"/>
<String CS="1" CONTENT="aff." HEIGHT="40" WIDTH="83" VPOS="562" HPOS="996"/>
<SP HEIGHT="40" WIDTH="33" VPOS="562" HPOS="1080"/>
<String CONTENT="Oct." HEIGHT="40" WIDTH="102" VPOS="562" HPOS="1114"/>
<SP HEIGHT="40" WIDTH="33" VPOS="561" HPOS="1217"/>
<String CS="1" CONTENT="30;" HEIGHT="41" WIDTH="59" VPOS="560" HPOS="1251"/>
<SP HEIGHT="40" WIDTH="36" VPOS="561" HPOS="1333"/>
<!-- cceid 29ACADAB-6CB2-1014-A20E-B9D6251C946A --><String CONTENT="A" HEIGHT="38" WIDTH="40" VPOS="561" HPOS="1370"/>
<SP HEIGHT="38" WIDTH="31" VPOS="561" HPOS="1411"/>
<String CS="1" CONTENT="338;" HEIGHT="38" WIDTH="54" VPOS="561" HPOS="1443"/>
<SP HEIGHT="39" WIDTH="38" VPOS="561" HPOS="1555"/>
<String CONTENT="E." HEIGHT="39" WIDTH="51" VPOS="561" HPOS="1594"/>
<SP HEIGHT="40" WIDTH="33" VPOS="560" HPOS="1646"/>
<String CONTENT="P." HEIGHT="38" WIDTH="50" VPOS="560" HPOS="1680"/>
<SP HEIGHT="39" WIDTH="35" VPOS="559" HPOS="1731"/>
<String CONTENT="Dutton" HEIGHT="39" WIDTH="187" VPOS="559" HPOS="1767"/>
<SP HEIGHT="40" WIDTH="33" VPOS="561" HPOS="1955"/>
<String CONTENT="&amp;" HEIGHT="40" WIDTH="36" VPOS="561" HPOS="1989"/>
<SP HEIGHT="40" WIDTH="31" VPOS="561" HPOS="2026"/>
<String LANG="ru" CONTENT="co.," HEIGHT="30" WIDTH="82" VPOS="568" HPOS="2058"/>
</TextLine>
<TextLine HEIGHT="49" WIDTH="441" VPOS="620" HPOS="210" CS="1">
<String LANG="fr" CONTENT="inc." HEIGHT="40" WIDTH="89" VPOS="623" HPOS="210"/>
<SP HEIGHT="47" WIDTH="68" VPOS="622" HPOS="300"/>
<String LANG="en-US" CS="1" CONTENT="(28-25767)" HEIGHT="49" WIDTH="282" VPOS="620" HPOS="369"/>
</TextLine>
<TextLine HEIGHT="65" WIDTH="859" VPOS="698" HPOS="136" STYLEREFS="StyleId-95B01616-8465-4A80-9449-41CAEC195DF4-">
<String LANG="en-US" CONTENT="Newcomb," HEIGHT="62" WIDTH="333" VPOS="701" HPOS="136"/>
<SP HEIGHT="63" WIDTH="31" VPOS="700" HPOS="470"/>
<String LANG="de" CONTENT="Rexford," HEIGHT="64" WIDTH="284" VPOS="698" HPOS="502"/>
<SP HEIGHT="57" WIDTH="35" VPOS="705" HPOS="787"/>
<String LANG="en-US" CONTENT="1886-" HEIGHT="49" WIDTH="172" VPOS="703" HPOS="823"/>
</TextLine>
<TextLine HEIGHT="75" WIDTH="1937" VPOS="770" HPOS="208" STYLEREFS="StyleId-95B01616-8465-4A80-9449-41CAEC195DF4-" LANG="en-US">
<String CONTENT="In" HEIGHT="53" WIDTH="72" VPOS="779" HPOS="208"/>
<SP HEIGHT="47" WIDTH="31" VPOS="784" HPOS="281"/>
<String CONTENT="the" HEIGHT="53" WIDTH="96" VPOS="778" HPOS="313"/>
<SP HEIGHT="54" WIDTH="32" VPOS="777" HPOS="410"/>
<String CONTENT="Lincoln" HEIGHT="53" WIDTH="241" VPOS="777" HPOS="443"/>
<SP HEIGHT="34" WIDTH="33" VPOS="795" HPOS="685"/>
<String CONTENT="country;" HEIGHT="59" WIDTH="268" VPOS="781" HPOS="719"/>
<SP HEIGHT="70" WIDTH="34" VPOS="775" HPOS="988"/>
<String CONTENT="journeys" HEIGHT="70" WIDTH="272" VPOS="775" HPOS="1023"/>
<SP HEIGHT="47" WIDTH="31" VPOS="780" HPOS="1296"/>
<String CONTENT="to" HEIGHT="47" WIDTH="59" VPOS="780" HPOS="1328"/>
<SP HEIGHT="48" WIDTH="31" VPOS="779" HPOS="1388"/>
<String CONTENT="the" HEIGHT="54" WIDTH="97" VPOS="773" HPOS="1420"/>
<SP HEIGHT="54" WIDTH="29" VPOS="773" HPOS="1518"/>
<String CONTENT="Lincoln" HEIGHT="52" WIDTH="244" VPOS="773" HPOS="1548"/>
<SP HEIGHT="34" WIDTH="31" VPOS="791" HPOS="1793"/>
<String CONTENT="shrines" HEIGHT="54" WIDTH="221" VPOS="771" HPOS="1825"/>
<SP HEIGHT="35" WIDTH="32" VPOS="789" HPOS="2047"/>
<String CONTENT="of" HEIGHT="53" WIDTH="65" VPOS="770" HPOS="2080"/>
</TextLine>
<TextLine HEIGHT="74" WIDTH="1813" VPOS="850" HPOS="139" STYLEREFS="StyleId-95B01616-8465-4A80-9449-41CAEC195DF4-" LANG="en-US" CS="1">
<String CONTENT="Kentucky," HEIGHT="68" WIDTH="322" VPOS="856" HPOS="139"/>
<SP HEIGHT="68" WIDTH="27" VPOS="855" HPOS="462"/>
<String CONTENT="Indiana," HEIGHT="64" WIDTH="266" VPOS="855" HPOS="490"/>
<SP HEIGHT="65" WIDTH="27" VPOS="854" HPOS="757"/>
<String CONTENT="Illinois" HEIGHT="52" WIDTH="229" VPOS="854" HPOS="785"/>
<SP HEIGHT="34" WIDTH="27" VPOS="872" HPOS="1015"/>
<String CONTENT="and" HEIGHT="52" WIDTH="112" VPOS="854" HPOS="1043"/>
<SP HEIGHT="52" WIDTH="27" VPOS="854" HPOS="1156"/>
<String CONTENT="other" HEIGHT="53" WIDTH="163" VPOS="852" HPOS="1184"/>
<SP HEIGHT="34" WIDTH="23" VPOS="871" HPOS="1348"/>
<String CONTENT="states," HEIGHT="61" WIDTH="190" VPOS="857" HPOS="1372"/>
<SP HEIGHT="67" WIDTH="23" VPOS="851" HPOS="1563"/>
<String CONTENT="by" HEIGHT="68" WIDTH="75" VPOS="851" HPOS="1587"/>
<SP HEIGHT="67" WIDTH="25" VPOS="852" HPOS="1663"/>
<String CONTENT="Rexford" HEIGHT="53" WIDTH="263" VPOS="850" HPOS="1689"/>
</TextLine>
<TextLine HEIGHT="230" WIDTH="1982" VPOS="850" HPOS="139" STYLEREFS="StyleId-95B01616-8465-4A80-9449-41CAEC195DF4-" LANG="en-US" CS="1">
<String CONTENT="Newcomb" HEIGHT="138" WIDTH="1980" VPOS="850" HPOS="139"/>
<SP HEIGHT="51" WIDTH="32" VPOS="935" HPOS="298"/>
<String CS="1" CONTENT="&#8230;"/>
<SP HEIGHT="35" WIDTH="34" VPOS="951" HPOS="388"/>
<String CONTENT="with" HEIGHT="52" WIDTH="140" VPOS="933" HPOS="423"/>
<SP HEIGHT="52" WIDTH="27" VPOS="933" HPOS="564"/>
<String CONTENT="43" HEIGHT="48" WIDTH="66" VPOS="936" HPOS="592"/>
<SP HEIGHT="51" WIDTH="29" VPOS="933" HPOS="659"/>
<String CONTENT="illustrations" HEIGHT="53" WIDTH="381" VPOS="931" HPOS="689"/>
<SP HEIGHT="34" WIDTH="28" VPOS="949" HPOS="1071"/>
<String CONTENT="and" HEIGHT="52" WIDTH="113" VPOS="931" HPOS="1100"/>
<SP HEIGHT="52" WIDTH="28" VPOS="931" HPOS="1214"/>
<String CONTENT="sketches" HEIGHT="53" WIDTH="254" VPOS="930" HPOS="1243"/>
<SP HEIGHT="34" WIDTH="28" VPOS="948" HPOS="1498"/>
<String CONTENT="and" HEIGHT="52" WIDTH="112" VPOS="930" HPOS="1527"/>
<SP HEIGHT="52" WIDTH="30" VPOS="930" HPOS="1640"/>
<String CONTENT="8" HEIGHT="49" WIDTH="30" VPOS="932" HPOS="1671"/>
<SP HEIGHT="49" WIDTH="26" VPOS="932" HPOS="1702"/>
<String CONTENT="maps." HEIGHT="49" WIDTH="179" VPOS="947" HPOS="1729"/>
<SP HEIGHT="52" WIDTH="73" VPOS="929" HPOS="1909"/>
<String CONTENT="Philadelphia" HEIGHT="152" WIDTH="1978" VPOS="928" HPOS="143"/>
<SP HEIGHT="50" WIDTH="55" VPOS="1013" HPOS="411"/>
<String CONTENT="&amp;" HEIGHT="50" WIDTH="50" VPOS="1013" HPOS="467"/>
<SP HEIGHT="52" WIDTH="53" VPOS="1011" HPOS="518"/>
<String CONTENT="London," HEIGHT="66" WIDTH="260" VPOS="1010" HPOS="572"/>
<SP HEIGHT="67" WIDTH="52" VPOS="1009" HPOS="833"/>
<String LANG="fr" CONTENT="J." HEIGHT="54" WIDTH="55" VPOS="1009" HPOS="886"/>
<SP HEIGHT="51" WIDTH="57" VPOS="1010" HPOS="942"/>
<String LANG="fr" CONTENT="B." HEIGHT="51" WIDTH="66" VPOS="1010" HPOS="1000"/>
<SP HEIGHT="52" WIDTH="52" VPOS="1009" HPOS="1067"/>
<String LANG="fr" CONTENT="Lippincott" HEIGHT="68" WIDTH="343" VPOS="1008" HPOS="1120"/>
<SP HEIGHT="46" WIDTH="52" VPOS="1013" HPOS="1464"/>
<String CONTENT="company," HEIGHT="51" WIDTH="299" VPOS="1025" HPOS="1517"/>
<SP HEIGHT="63" WIDTH="54" VPOS="1010" HPOS="1817"/>
<String CONTENT="1928." HEIGHT="50" WIDTH="150" VPOS="1008" HPOS="1872"/>
</TextLine>
<TextLine HEIGHT="53" WIDTH="1744" VPOS="1090" HPOS="207" LANG="en-US" CS="1">
<String CONTENT="191" HEIGHT="40" WIDTH="82" VPOS="1095" HPOS="207"/>
<SP HEIGHT="47" WIDTH="29" VPOS="1096" HPOS="290"/>
<String CONTENT="p." HEIGHT="37" WIDTH="42" VPOS="1106" HPOS="320"/>
<SP HEIGHT="41" WIDTH="59" VPOS="1094" HPOS="363"/>
<String CONTENT="front.." HEIGHT="41" WIDTH="165" VPOS="1094" HPOS="423"/>
<SP HEIGHT="41" WIDTH="28" VPOS="1094" HPOS="589"/>
<String CONTENT="1" HEIGHT="38" WIDTH="22" VPOS="1094" HPOS="618"/>
<SP HEIGHT="39" WIDTH="30" VPOS="1093" HPOS="641"/>
<String CONTENT="illus.," HEIGHT="46" WIDTH="143" VPOS="1093" HPOS="672"/>
<SP HEIGHT="36" WIDTH="27" VPOS="1103" HPOS="816"/>
<String CONTENT="plates," HEIGHT="46" WIDTH="172" VPOS="1093" HPOS="844"/>
<SP HEIGHT="37" WIDTH="30" VPOS="1102" HPOS="1017"/>
<String CONTENT="port.," HEIGHT="46" WIDTH="137" VPOS="1093" HPOS="1048"/>
<SP HEIGHT="35" WIDTH="28" VPOS="1102" HPOS="1186"/>
<String CONTENT="maps," HEIGHT="37" WIDTH="151" VPOS="1101" HPOS="1215"/>
<SP HEIGHT="37" WIDTH="28" VPOS="1101" HPOS="1367"/>
<String CONTENT="plan," HEIGHT="47" WIDTH="129" VPOS="1091" HPOS="1396"/>
<SP HEIGHT="46" WIDTH="26" VPOS="1090" HPOS="1526"/>
<String CONTENT="facsim." HEIGHT="39" WIDTH="191" VPOS="1090" HPOS="1553"/>
<SP HEIGHT="39" WIDTH="58" VPOS="1090" HPOS="1745"/>
<String CS="1" CONTENT="22&#189;" HEIGHT="38" WIDTH="56" VPOS="1090" HPOS="1804"/>
<String STYLE="superscript" CONTENT="&#7580;&#7504;" HEIGHT="20" WIDTH="43" VPOS="1092" HPOS="1893"/>
<String CONTENT="." HEIGHT="8" WIDTH="8" VPOS="1122" HPOS="1943"/>
</TextLine>
<TextLine HEIGHT="54" WIDTH="1838" VPOS="1146" HPOS="146" CS="1">
<String LANG="en-US" CONTENT="&#169;" HEIGHT="52" WIDTH="51" VPOS="1148" HPOS="146"/>
<SP HEIGHT="52" WIDTH="29" VPOS="1148" HPOS="198"/>
<String LANG="en-US" CONTENT="Sept." HEIGHT="46" WIDTH="126" VPOS="1153" HPOS="228"/>
<SP HEIGHT="40" WIDTH="26" VPOS="1151" HPOS="355"/>
<String LANG="en-US" CONTENT="21," HEIGHT="43" WIDTH="71" VPOS="1151" HPOS="382"/>
<SP HEIGHT="42" WIDTH="28" VPOS="1152" HPOS="454"/>
<String LANG="en-US" CS="1" CONTENT="1928;" HEIGHT="40" WIDTH="82" VPOS="1149" HPOS="483"/>
<SP HEIGHT="42" WIDTH="26" VPOS="1150" HPOS="623"/>
<String LANG="en-US" CONTENT="2c." HEIGHT="39" WIDTH="68" VPOS="1150" HPOS="650"/>
<SP HEIGHT="27" WIDTH="27" VPOS="1162" HPOS="719"/>
<String LANG="en-US" CONTENT="and" HEIGHT="38" WIDTH="95" VPOS="1150" HPOS="747"/>
<SP HEIGHT="38" WIDTH="27" VPOS="1150" HPOS="843"/>
<String LANG="en-US" CS="1" CONTENT="aff." HEIGHT="40" WIDTH="82" VPOS="1149" HPOS="871"/>
<SP HEIGHT="40" WIDTH="27" VPOS="1149" HPOS="954"/>
<String LANG="en-US" CONTENT="Nov." HEIGHT="39" WIDTH="118" VPOS="1149" HPOS="982"/>
<SP HEIGHT="38" WIDTH="27" VPOS="1150" HPOS="1101"/>
<String LANG="en-US" CONTENT="8;" HEIGHT="44" WIDTH="52" VPOS="1150" HPOS="1129"/>
<SP HEIGHT="46" WIDTH="29" VPOS="1148" HPOS="1182"/>
<!-- cceid 29ACD5F2-6CB2-1014-A20E-B9D6251C946A --><String LANG="en-US" CONTENT="A" HEIGHT="38" WIDTH="41" VPOS="1148" HPOS="1212"/>
<SP HEIGHT="38" WIDTH="27" VPOS="1148" HPOS="1254"/>
<String LANG="en-US" CS="1" CONTENT="1565" HEIGHT="36" WIDTH="16" VPOS="1149" HPOS="1282"/>
<String LANG="el" CS="1" CONTENT=";"/>
<SP HEIGHT="40" WIDTH="29" VPOS="1147" HPOS="1423"/>
<String LANG="fr" CONTENT="J." HEIGHT="40" WIDTH="43" VPOS="1147" HPOS="1453"/>
<SP HEIGHT="39" WIDTH="30" VPOS="1148" HPOS="1497"/>
<String LANG="fr" CONTENT="B." HEIGHT="39" WIDTH="52" VPOS="1148" HPOS="1528"/>
<SP HEIGHT="40" WIDTH="28" VPOS="1147" HPOS="1581"/>
<String LANG="fr" CONTENT="Lippincott" HEIGHT="48" WIDTH="278" VPOS="1146" HPOS="1610"/>
<SP HEIGHT="37" WIDTH="27" VPOS="1148" HPOS="1889"/>
<String LANG="ru" CONTENT="co." HEIGHT="29" WIDTH="67" VPOS="1157" HPOS="1917"/>
</TextLine>
<TextLine HEIGHT="49" WIDTH="281" VPOS="1207" HPOS="222" LANG="en-US" CS="1">
<String CS="1" CONTENT="(28-25745)" HEIGHT="49" WIDTH="281" VPOS="1207" HPOS="222"/>
</TextLine>
<TextLine HEIGHT="71" WIDTH="955" VPOS="1286" HPOS="141" STYLEREFS="StyleId-4A91D177-6A44-4D37-99AF-982745D455DB-" LANG="en-US" CS="1">
<String CONTENT="Otto," HEIGHT="61" WIDTH="159" VPOS="1290" HPOS="141"/>
<SP HEIGHT="61" WIDTH="30" VPOS="1290" HPOS="301"/>
<String CS="1" CONTENT="b"/>
<String LANG="ru" CONTENT="p." HEIGHT="50" WIDTH="54" VPOS="1306" HPOS="367"/>
<SP HEIGHT="33" WIDTH="32" VPOS="1308" HPOS="422"/>
<String CONTENT="of" HEIGHT="69" WIDTH="63" VPOS="1288" HPOS="455"/>
<SP HEIGHT="69" WIDTH="25" VPOS="1288" HPOS="519"/>
<String CONTENT="Freising," HEIGHT="69" WIDTH="286" VPOS="1286" HPOS="545"/>
<SP HEIGHT="67" WIDTH="27" VPOS="1288" HPOS="832"/>
<String LANG="fr" CONTENT="d." HEIGHT="51" WIDTH="54" VPOS="1288" HPOS="860"/>
<SP HEIGHT="48" WIDTH="32" VPOS="1291" HPOS="915"/>
<String CONTENT="1158." HEIGHT="49" WIDTH="148" VPOS="1290" HPOS="948"/>
</TextLine>
<TextLine HEIGHT="69" WIDTH="1938" VPOS="1361" HPOS="212" STYLEREFS="StyleId-95B01616-8465-4A80-9449-41CAEC195DF4-" LANG="en-US">
<String CONTENT="The" HEIGHT="52" WIDTH="122" VPOS="1366" HPOS="212"/>
<SP HEIGHT="47" WIDTH="28" VPOS="1371" HPOS="335"/>
<String CONTENT="two" HEIGHT="46" WIDTH="114" VPOS="1371" HPOS="364"/>
<SP HEIGHT="35" WIDTH="31" VPOS="1384" HPOS="479"/>
<String CONTENT="cities;" HEIGHT="65" WIDTH="188" VPOS="1365" HPOS="511"/>
<SP HEIGHT="48" WIDTH="34" VPOS="1382" HPOS="700"/>
<String CONTENT="a" HEIGHT="34" WIDTH="31" VPOS="1382" HPOS="735"/>
<SP HEIGHT="34" WIDTH="31" VPOS="1382" HPOS="767"/>
<String CONTENT="chronicle" HEIGHT="53" WIDTH="286" VPOS="1363" HPOS="799"/>
<SP HEIGHT="34" WIDTH="28" VPOS="1381" HPOS="1086"/>
<String CONTENT="of" HEIGHT="54" WIDTH="66" VPOS="1361" HPOS="1115"/>
<SP HEIGHT="53" WIDTH="28" VPOS="1361" HPOS="1182"/>
<String CONTENT="universal" HEIGHT="53" WIDTH="291" VPOS="1361" HPOS="1211"/>
<SP HEIGHT="51" WIDTH="31" VPOS="1362" HPOS="1503"/>
<String CONTENT="history" HEIGHT="68" WIDTH="224" VPOS="1361" HPOS="1535"/>
<SP HEIGHT="63" WIDTH="31" VPOS="1366" HPOS="1760"/>
<String CONTENT="to" HEIGHT="48" WIDTH="60" VPOS="1366" HPOS="1792"/>
<SP HEIGHT="49" WIDTH="29" VPOS="1365" HPOS="1853"/>
<String CONTENT="the" HEIGHT="52" WIDTH="98" VPOS="1361" HPOS="1883"/>
<SP HEIGHT="50" WIDTH="31" VPOS="1379" HPOS="1982"/>
<String CONTENT="year" HEIGHT="50" WIDTH="136" VPOS="1379" HPOS="2014"/>
</TextLine>
<TextLine HEIGHT="73" WIDTH="1999" VPOS="1438" HPOS="148" STYLEREFS="StyleId-95B01616-8465-4A80-9449-41CAEC195DF4-" LANG="en-US" CS="1">
<String CONTENT="1146" HEIGHT="49" WIDTH="132" VPOS="1446" HPOS="148"/>
<SP HEIGHT="49" WIDTH="24" VPOS="1446" HPOS="281"/>
<String CS="1" CONTENT="A." HEIGHT="8" WIDTH="8" VPOS="1486" HPOS="348"/>
<SP HEIGHT="34" WIDTH="28" VPOS="1461" HPOS="357"/>
<String CS="1" CONTENT="D.," HEIGHT="23" WIDTH="29" VPOS="1484" HPOS="425"/>
<SP HEIGHT="64" WIDTH="24" VPOS="1443" HPOS="455"/>
<String CONTENT="by" HEIGHT="68" WIDTH="75" VPOS="1443" HPOS="480"/>
<SP HEIGHT="70" WIDTH="27" VPOS="1441" HPOS="556"/>
<String CONTENT="Otto," HEIGHT="68" WIDTH="159" VPOS="1441" HPOS="584"/>
<SP HEIGHT="68" WIDTH="25" VPOS="1441" HPOS="744"/>
<String CONTENT="bishop" HEIGHT="67" WIDTH="206" VPOS="1441" HPOS="770"/>
<SP HEIGHT="50" WIDTH="27" VPOS="1458" HPOS="977"/>
<String CONTENT="of" HEIGHT="53" WIDTH="64" VPOS="1439" HPOS="1005"/>
<SP HEIGHT="53" WIDTH="26" VPOS="1439" HPOS="1070"/>
<String CONTENT="Freising;" HEIGHT="69" WIDTH="297" VPOS="1439" HPOS="1097"/>
<SP HEIGHT="60" WIDTH="29" VPOS="1446" HPOS="1395"/>
<String CONTENT="translated" HEIGHT="53" WIDTH="318" VPOS="1439" HPOS="1425"/>
<SP HEIGHT="53" WIDTH="29" VPOS="1438" HPOS="1744"/>
<String CONTENT="in" HEIGHT="53" WIDTH="59" VPOS="1438" HPOS="1774"/>
<SP HEIGHT="53" WIDTH="31" VPOS="1438" HPOS="1834"/>
<String CONTENT="full" HEIGHT="53" WIDTH="113" VPOS="1438" HPOS="1866"/>
<SP HEIGHT="51" WIDTH="27" VPOS="1440" HPOS="1980"/>
<String CONTENT="with" HEIGHT="53" WIDTH="139" VPOS="1438" HPOS="2008"/>
</TextLine>
<TextLine HEIGHT="71" WIDTH="1944" VPOS="1516" HPOS="145" STYLEREFS="StyleId-95B01616-8465-4A80-9449-41CAEC195DF4-" LANG="en-US" CS="1">
<String CONTENT="introduction" HEIGHT="53" WIDTH="391" VPOS="1520" HPOS="145"/>
<SP HEIGHT="33" WIDTH="46" VPOS="1538" HPOS="537"/>
<String CONTENT="and" HEIGHT="51" WIDTH="113" VPOS="1520" HPOS="584"/>
<SP HEIGHT="51" WIDTH="47" VPOS="1520" HPOS="698"/>
<String CONTENT="notes" HEIGHT="47" WIDTH="159" VPOS="1524" HPOS="746"/>
<SP HEIGHT="52" WIDTH="44" VPOS="1519" HPOS="906"/>
<String CONTENT="by" HEIGHT="68" WIDTH="76" VPOS="1519" HPOS="951"/>
<SP HEIGHT="71" WIDTH="48" VPOS="1516" HPOS="1028"/>
<String CONTENT="Charles" HEIGHT="55" WIDTH="238" VPOS="1516" HPOS="1077"/>
<SP HEIGHT="55" WIDTH="47" VPOS="1516" HPOS="1316"/>
<String CONTENT="Christopher" HEIGHT="69" WIDTH="381" VPOS="1516" HPOS="1364"/>
<SP HEIGHT="53" WIDTH="46" VPOS="1516" HPOS="1746"/>
<String CONTENT="Mierow" HEIGHT="54" WIDTH="241" VPOS="1516" HPOS="1793"/>
<SP HEIGHT="34" WIDTH="54" VPOS="1535" HPOS="2035"/>
<String CS="1" CONTENT="&#8230;"/>
</TextLine>
<TextLine HEIGHT="72" WIDTH="2007" VPOS="1594" HPOS="145" STYLEREFS="StyleId-95B01616-8465-4A80-9449-41CAEC195DF4-" LANG="en-US" CS="1">
<String CONTENT="edited" HEIGHT="53" WIDTH="188" VPOS="1598" HPOS="145"/>
<SP HEIGHT="53" WIDTH="22" VPOS="1598" HPOS="334"/>
<String CONTENT="by" HEIGHT="68" WIDTH="76" VPOS="1598" HPOS="357"/>
<SP HEIGHT="69" WIDTH="20" VPOS="1597" HPOS="434"/>
<String CONTENT="Austin" HEIGHT="53" WIDTH="213" VPOS="1597" HPOS="455"/>
<SP HEIGHT="51" WIDTH="24" VPOS="1598" HPOS="669"/>
<String CONTENT="P." HEIGHT="51" WIDTH="64" VPOS="1598" HPOS="694"/>
<SP HEIGHT="52" WIDTH="27" VPOS="1597" HPOS="759"/>
<String CONTENT="Evans" HEIGHT="52" WIDTH="194" VPOS="1597" HPOS="787"/>
<SP HEIGHT="34" WIDTH="25" VPOS="1615" HPOS="982"/>
<String CONTENT="and" HEIGHT="52" WIDTH="113" VPOS="1596" HPOS="1008"/>
<SP HEIGHT="55" WIDTH="26" VPOS="1594" HPOS="1122"/>
<String CONTENT="Charles" HEIGHT="55" WIDTH="238" VPOS="1594" HPOS="1149"/>
<SP HEIGHT="52" WIDTH="24" VPOS="1596" HPOS="1388"/>
<String CONTENT="Knapp" HEIGHT="68" WIDTH="220" VPOS="1596" HPOS="1413"/>
<SP HEIGHT="50" WIDTH="32" VPOS="1614" HPOS="1634"/>
<String CS="1" CONTENT="&#8230;"/>
<SP HEIGHT="53" WIDTH="79" VPOS="1595" HPOS="1723"/>
<String CONTENT="New" HEIGHT="53" WIDTH="140" VPOS="1595" HPOS="1803"/>
<SP HEIGHT="52" WIDTH="25" VPOS="1596" HPOS="1944"/>
<String CONTENT="York." HEIGHT="55" WIDTH="182" VPOS="1595" HPOS="1970"/>
</TextLine>
<TextLine HEIGHT="69" WIDTH="1046" VPOS="1674" HPOS="146" STYLEREFS="StyleId-95B01616-8465-4A80-9449-41CAEC195DF4-" LANG="en-US">
<String CONTENT="Columbia" HEIGHT="55" WIDTH="300" VPOS="1675" HPOS="146"/>
<SP HEIGHT="34" WIDTH="31" VPOS="1693" HPOS="447"/>
<String CONTENT="university" HEIGHT="69" WIDTH="319" VPOS="1674" HPOS="479"/>
<SP HEIGHT="51" WIDTH="31" VPOS="1692" HPOS="799"/>
<String CONTENT="press," HEIGHT="50" WIDTH="176" VPOS="1692" HPOS="831"/>
<SP HEIGHT="61" WIDTH="34" VPOS="1678" HPOS="1008"/>
<String CONTENT="1928." HEIGHT="51" WIDTH="149" VPOS="1676" HPOS="1043"/>
</TextLine>
<TextLine HEIGHT="99" WIDTH="1989" VPOS="1754" HPOS="147" LANG="en-US" CS="1">
<String CONTENT="3" HEIGHT="37" WIDTH="26" VPOS="1760" HPOS="215"/>
<SP HEIGHT="45" WIDTH="28" VPOS="1760" HPOS="242"/>
<String CONTENT="p." HEIGHT="38" WIDTH="43" VPOS="1767" HPOS="271"/>
<SP/>
<String CS="1" CONTENT="l.,"/>
<SP/>
<String CONTENT="ix-xv" HEIGHT="38" WIDTH="147" VPOS="1757" HPOS="421"/>
<SP HEIGHT="37" WIDTH="28" VPOS="1766" HPOS="569"/>
<String CONTENT="p.," HEIGHT="37" WIDTH="57" VPOS="1766" HPOS="598"/>
<SP HEIGHT="46" WIDTH="32" VPOS="1756" HPOS="656"/>
<String CONTENT="1" HEIGHT="38" WIDTH="23" VPOS="1756" HPOS="689"/>
<SP/>
<String CS="1" CONTENT="l.,"/>
<SP/>
<String CONTENT="523" HEIGHT="41" WIDTH="83" VPOS="1754" HPOS="822"/>
<SP HEIGHT="47" WIDTH="31" VPOS="1756" HPOS="906"/>
<String CONTENT="p." HEIGHT="37" WIDTH="43" VPOS="1766" HPOS="938"/>
<SP HEIGHT="40" WIDTH="58" VPOS="1755" HPOS="982"/>
<String CS="1" CONTENT="23&#7580;&#7504;." HEIGHT="40" WIDTH="117" VPOS="1755" HPOS="1041"/>
<SP HEIGHT="49" WIDTH="69" VPOS="1754" HPOS="1159"/>
<String CONTENT="(Added" HEIGHT="49" WIDTH="196" VPOS="1754" HPOS="1229"/>
<SP HEIGHT="38" WIDTH="32" VPOS="1758" HPOS="1426"/>
<String LANG="fr" CONTENT="t." HEIGHT="38" WIDTH="33" VPOS="1758" HPOS="1459"/>
<String LANG="ru" CONTENT="-p.:" HEIGHT="38" WIDTH="87" VPOS="1767" HPOS="1493"/>
<SP HEIGHT="41" WIDTH="28" VPOS="1755" HPOS="1581"/>
<String CONTENT="Records" HEIGHT="40" WIDTH="215" VPOS="1755" HPOS="1610"/>
<SP HEIGHT="30" WIDTH="31" VPOS="1765" HPOS="1826"/>
<String CONTENT="of" HEIGHT="41" WIDTH="52" VPOS="1754" HPOS="1858"/>
<SP HEIGHT="41" WIDTH="30" VPOS="1754" HPOS="1911"/>
<String CS="1" CONTENT="civilization:" HEIGHT="99" WIDTH="1989" VPOS="1754" HPOS="147"/>
</TextLine>
<TextLine HEIGHT="49" WIDTH="1848" VPOS="1811" HPOS="307" LANG="en-US">
<String CONTENT="sources" HEIGHT="30" WIDTH="196" VPOS="1823" HPOS="307"/>
<SP HEIGHT="31" WIDTH="30" VPOS="1822" HPOS="504"/>
<String CONTENT="and" HEIGHT="40" WIDTH="95" VPOS="1812" HPOS="535"/>
<SP HEIGHT="40" WIDTH="30" VPOS="1812" HPOS="631"/>
<String CONTENT="studies," HEIGHT="48" WIDTH="200" VPOS="1811" HPOS="662"/>
<SP HEIGHT="36" WIDTH="28" VPOS="1823" HPOS="863"/>
<String CONTENT="ed." HEIGHT="39" WIDTH="73" VPOS="1813" HPOS="892"/>
<SP HEIGHT="30" WIDTH="29" VPOS="1822" HPOS="966"/>
<String CONTENT="under" HEIGHT="39" WIDTH="155" VPOS="1812" HPOS="996"/>
<SP HEIGHT="37" WIDTH="28" VPOS="1814" HPOS="1152"/>
<String CONTENT="the" HEIGHT="39" WIDTH="83" VPOS="1812" HPOS="1181"/>
<SP HEIGHT="29" WIDTH="29" VPOS="1822" HPOS="1265"/>
<String CONTENT="auspices" HEIGHT="48" WIDTH="224" VPOS="1812" HPOS="1295"/>
<SP HEIGHT="30" WIDTH="30" VPOS="1822" HPOS="1520"/>
<String CONTENT="of" HEIGHT="40" WIDTH="52" VPOS="1811" HPOS="1551"/>
<SP HEIGHT="40" WIDTH="30" VPOS="1811" HPOS="1604"/>
<String CONTENT="the" HEIGHT="39" WIDTH="82" VPOS="1812" HPOS="1635"/>
<SP HEIGHT="39" WIDTH="29" VPOS="1812" HPOS="1718"/>
<String CONTENT="Department" HEIGHT="48" WIDTH="324" VPOS="1812" HPOS="1748"/>
<SP HEIGHT="38" WIDTH="30" VPOS="1815" HPOS="2073"/>
<String CONTENT="of" HEIGHT="41" WIDTH="51" VPOS="1812" HPOS="2104"/>
</TextLine>
<TextLine HEIGHT="50" WIDTH="819" VPOS="1868" HPOS="146" LANG="en-US">
<String CONTENT="history," HEIGHT="48" WIDTH="201" VPOS="1870" HPOS="146"/>
<SP HEIGHT="49" WIDTH="31" VPOS="1869" HPOS="348"/>
<String CONTENT="Columbia" HEIGHT="42" WIDTH="254" VPOS="1869" HPOS="380"/>
<SP HEIGHT="30" WIDTH="31" VPOS="1879" HPOS="635"/>
<String CONTENT="university)" HEIGHT="47" WIDTH="298" VPOS="1868" HPOS="667"/>
</TextLine>
<TextLine HEIGHT="106" WIDTH="1994" VPOS="1925" HPOS="144" LANG="en-US" CS="1">
<String CONTENT="&#8220;This" HEIGHT="40" WIDTH="146" VPOS="1926" HPOS="220"/>
<SP HEIGHT="38" WIDTH="34" VPOS="1928" HPOS="367"/>
<String CONTENT="translation" HEIGHT="40" WIDTH="298" VPOS="1926" HPOS="402"/>
<SP HEIGHT="29" WIDTH="38" VPOS="1936" HPOS="701"/>
<String CS="1" CONTENT="&#8230;"/>
<SP HEIGHT="39" WIDTH="36" VPOS="1926" HPOS="787"/>
<String CONTENT="is" HEIGHT="39" WIDTH="41" VPOS="1926" HPOS="824"/>
<SP HEIGHT="40" WIDTH="33" VPOS="1925" HPOS="866"/>
<String CONTENT="based" HEIGHT="40" WIDTH="149" VPOS="1925" HPOS="900"/>
<SP HEIGHT="39" WIDTH="35" VPOS="1926" HPOS="1050"/>
<String CONTENT="upon" HEIGHT="38" WIDTH="127" VPOS="1935" HPOS="1086"/>
<SP HEIGHT="37" WIDTH="36" VPOS="1928" HPOS="1214"/>
<String CONTENT="the" HEIGHT="39" WIDTH="83" VPOS="1926" HPOS="1251"/>
<SP HEIGHT="38" WIDTH="35" VPOS="1927" HPOS="1335"/>
<String CONTENT="text" HEIGHT="38" WIDTH="105" VPOS="1927" HPOS="1371"/>
<SP HEIGHT="39" WIDTH="34" VPOS="1926" HPOS="1477"/>
<String CONTENT="by" HEIGHT="46" WIDTH="60" VPOS="1926" HPOS="1512"/>
<SP HEIGHT="47" WIDTH="35" VPOS="1925" HPOS="1573"/>
<String LANG="de" CONTENT="Hofmeister" HEIGHT="40" WIDTH="307" VPOS="1925" HPOS="1609"/>
<SP HEIGHT="29" WIDTH="32" VPOS="1936" HPOS="1917"/>
<String CONTENT="as" HEIGHT="30" WIDTH="56" VPOS="1936" HPOS="1950"/>
<SP HEIGHT="38" WIDTH="33" VPOS="1936" HPOS="2007"/>
<String CONTENT="published" HEIGHT="96" WIDTH="1994" VPOS="1929" HPOS="144"/>
<SP HEIGHT="40" WIDTH="29" VPOS="1984" HPOS="299"/>
<String CONTENT="in" HEIGHT="39" WIDTH="49" VPOS="1984" HPOS="329"/>
<SP HEIGHT="40" WIDTH="32" VPOS="1984" HPOS="379"/>
<String CONTENT="Scriptures" HEIGHT="47" WIDTH="271" VPOS="1984" HPOS="412"/>
</TextLine>
<TextLine HEIGHT="48" WIDTH="1442" VPOS="1982" HPOS="714">
<String LANG="en-US" CONTENT="rerum" HEIGHT="29" WIDTH="162" VPOS="1993" HPOS="714"/>
<SP HEIGHT="37" WIDTH="27" VPOS="1993" HPOS="877"/>
<String LANG="de" CONTENT="germanica" HEIGHT="48" WIDTH="276" VPOS="1982" HPOS="905"/>
<SP HEIGHT="29" WIDTH="7" VPOS="1993" HPOS="1182"/>
<String LANG="en-US" CONTENT="rum" HEIGHT="28" WIDTH="108" VPOS="1994" HPOS="1190"/>
<SP HEIGHT="38" WIDTH="28" VPOS="1983" HPOS="1299"/>
<String LANG="en-US" CONTENT="in" HEIGHT="38" WIDTH="50" VPOS="1983" HPOS="1328"/>
<SP HEIGHT="29" WIDTH="28" VPOS="1993" HPOS="1379"/>
<String LANG="en-US" CONTENT="usuin" HEIGHT="29" WIDTH="141" VPOS="1994" HPOS="1408"/>
<SP HEIGHT="29" WIDTH="29" VPOS="1992" HPOS="1550"/>
<String LANG="en-US" CONTENT="scholarum" HEIGHT="39" WIDTH="278" VPOS="1984" HPOS="1580"/>
<SP HEIGHT="47" WIDTH="38" VPOS="1983" HPOS="1859"/>
<String LANG="en-US" CONTENT="(Hanover" HEIGHT="47" WIDTH="258" VPOS="1983" HPOS="1898"/>
</TextLine>
<TextLine HEIGHT="49" WIDTH="742" VPOS="2039" HPOS="143" LANG="en-US">
<String CONTENT="and" HEIGHT="39" WIDTH="95" VPOS="2042" HPOS="143"/>
<SP HEIGHT="40" WIDTH="30" VPOS="2041" HPOS="239"/>
<String CONTENT="Leipzig," HEIGHT="48" WIDTH="209" VPOS="2040" HPOS="270"/>
<SP HEIGHT="43" WIDTH="32" VPOS="2042" HPOS="480"/>
<String CONTENT="1912)&#8221;&#8212;Pref." HEIGHT="48" WIDTH="372" VPOS="2039" HPOS="513"/>
</TextLine>
<TextLine HEIGHT="50" WIDTH="645" VPOS="2094" HPOS="218" LANG="en-US" CS="1">
<String CS="1" CONTENT="Bibliography:" HEIGHT="48" WIDTH="351" VPOS="2096" HPOS="218"/>
<SP HEIGHT="37" WIDTH="32" VPOS="2106" HPOS="597"/>
<String CONTENT="p." HEIGHT="37" WIDTH="42" VPOS="2106" HPOS="630"/>
<SP HEIGHT="41" WIDTH="32" VPOS="2095" HPOS="673"/>
<String CONTENT="81-84." HEIGHT="42" WIDTH="157" VPOS="2094" HPOS="706"/>
</TextLine>
<TextLine HEIGHT="52" WIDTH="2006" VPOS="2151" HPOS="151" LANG="en-US" CS="1">
<String CONTENT="&#169;" HEIGHT="52" WIDTH="51" VPOS="2151" HPOS="151"/>
<SP HEIGHT="52" WIDTH="39" VPOS="2151" HPOS="203"/>
<String CONTENT="Oct." HEIGHT="40" WIDTH="101" VPOS="2155" HPOS="243"/>
<SP HEIGHT="40" WIDTH="36" VPOS="2154" HPOS="345"/>
<String CONTENT="6," HEIGHT="47" WIDTH="40" VPOS="2154" HPOS="382"/>
<SP HEIGHT="45" WIDTH="37" VPOS="2156" HPOS="423"/>
<String CS="1" CONTENT="1928;" HEIGHT="41" WIDTH="115" VPOS="2153" HPOS="461"/>
<SP HEIGHT="46" WIDTH="38" VPOS="2154" HPOS="603"/>
<String CONTENT="2c." HEIGHT="39" WIDTH="67" VPOS="2154" HPOS="642"/>
<SP HEIGHT="40" WIDTH="39" VPOS="2153" HPOS="710"/>
<String CONTENT="Oct." HEIGHT="40" WIDTH="102" VPOS="2153" HPOS="750"/>
<SP HEIGHT="40" WIDTH="38" VPOS="2153" HPOS="853"/>
<String CS="1" CONTENT="8;" HEIGHT="40" WIDTH="28" VPOS="2153" HPOS="892"/>
<SP HEIGHT="35" WIDTH="40" VPOS="2164" HPOS="945"/>
<String CS="1" CONTENT="aff." HEIGHT="40" WIDTH="82" VPOS="2152" HPOS="986"/>
<SP HEIGHT="40" WIDTH="39" VPOS="2153" HPOS="1069"/>
<String CONTENT="Oct." HEIGHT="40" WIDTH="103" VPOS="2153" HPOS="1109"/>
<SP HEIGHT="39" WIDTH="39" VPOS="2154" HPOS="1213"/>
<String CS="1" CONTENT="11;" HEIGHT="37" WIDTH="54" VPOS="2154" HPOS="1253"/>
<SP HEIGHT="45" WIDTH="40" VPOS="2154" HPOS="1336"/>
<!-- cceid 29ACFE15-6CB2-1014-A20E-B9D6251C946A --><String CONTENT="A" HEIGHT="38" WIDTH="41" VPOS="2154" HPOS="1377"/>
<SP HEIGHT="38" WIDTH="36" VPOS="2154" HPOS="1419"/>
<String CS="1" CONTENT="1054906;" HEIGHT="41" WIDTH="207" VPOS="2152" HPOS="1456"/>
<SP HEIGHT="48" WIDTH="42" VPOS="2152" HPOS="1688"/>
<String CONTENT="Columbia" HEIGHT="41" WIDTH="252" VPOS="2152" HPOS="1731"/>
<SP HEIGHT="29" WIDTH="40" VPOS="2164" HPOS="1984"/>
<String CONTENT="univ." HEIGHT="39" WIDTH="132" VPOS="2153" HPOS="2025"/>
</TextLine>
<TextLine HEIGHT="50" WIDTH="503" VPOS="2210" HPOS="219" LANG="en-US">
<String CONTENT="press." HEIGHT="38" WIDTH="151" VPOS="2222" HPOS="219"/>
<SP HEIGHT="48" WIDTH="68" VPOS="2211" HPOS="371"/>
<String CONTENT="(28-25768)" HEIGHT="49" WIDTH="282" VPOS="2210" HPOS="440"/>
</TextLine>
<TextLine HEIGHT="64" WIDTH="785" VPOS="2276" HPOS="141" STYLEREFS="StyleId-95B01616-8465-4A80-9449-41CAEC195DF4-" LANG="en-US">
<String CONTENT="Pfaff," HEIGHT="64" WIDTH="181" VPOS="2276" HPOS="141"/>
<SP HEIGHT="63" WIDTH="44" VPOS="2277" HPOS="323"/>
<String CONTENT="William" HEIGHT="55" WIDTH="258" VPOS="2276" HPOS="368"/>
<SP HEIGHT="54" WIDTH="44" VPOS="2276" HPOS="627"/>
<String CONTENT="Sievers." HEIGHT="54" WIDTH="254" VPOS="2276" HPOS="672"/>
</TextLine>
<TextLine HEIGHT="70" WIDTH="1942" VPOS="2352" HPOS="218" STYLEREFS="StyleId-95B01616-8465-4A80-9449-41CAEC195DF4-" LANG="en-US">
<String CONTENT="Bilfaf&#8217;s" HEIGHT="56" WIDTH="242" VPOS="2352" HPOS="218"/>
<SP HEIGHT="54" WIDTH="39" VPOS="2354" HPOS="461"/>
<String CONTENT="letters" HEIGHT="54" WIDTH="194" VPOS="2354" HPOS="501"/>
<SP HEIGHT="48" WIDTH="38" VPOS="2360" HPOS="696"/>
<String CONTENT="to" HEIGHT="48" WIDTH="60" VPOS="2360" HPOS="735"/>
<SP HEIGHT="53" WIDTH="36" VPOS="2355" HPOS="796"/>
<String CONTENT="his" HEIGHT="54" WIDTH="91" VPOS="2354" HPOS="833"/>
<SP HEIGHT="35" WIDTH="38" VPOS="2373" HPOS="925"/>
<String CONTENT="son;" HEIGHT="49" WIDTH="128" VPOS="2372" HPOS="964"/>
<SP HEIGHT="61" WIDTH="42" VPOS="2360" HPOS="1093"/>
<String CONTENT="the" HEIGHT="53" WIDTH="98" VPOS="2354" HPOS="1136"/>
<SP HEIGHT="34" WIDTH="39" VPOS="2373" HPOS="1235"/>
<String CONTENT="correspondence" HEIGHT="68" WIDTH="481" VPOS="2354" HPOS="1275"/>
<SP HEIGHT="35" WIDTH="37" VPOS="2373" HPOS="1757"/>
<String CONTENT="of" HEIGHT="55" WIDTH="65" VPOS="2353" HPOS="1795"/>
<SP HEIGHT="56" WIDTH="35" VPOS="2353" HPOS="1861"/>
<String CONTENT="William" HEIGHT="56" WIDTH="263" VPOS="2353" HPOS="1897"/>
</TextLine>
<TextLine HEIGHT="148" WIDTH="1987" VPOS="2431" HPOS="149" STYLEREFS="StyleId-95B01616-8465-4A80-9449-41CAEC195DF4-" LANG="en-US" CS="1">
<String CONTENT="Pfaff" HEIGHT="54" WIDTH="163" VPOS="2432" HPOS="149"/>
<SP HEIGHT="52" WIDTH="38" VPOS="2433" HPOS="313"/>
<String CONTENT="with" HEIGHT="52" WIDTH="141" VPOS="2433" HPOS="352"/>
<SP HEIGHT="51" WIDTH="37" VPOS="2434" HPOS="494"/>
<String CONTENT="his" HEIGHT="53" WIDTH="90" VPOS="2433" HPOS="532"/>
<SP HEIGHT="34" WIDTH="37" VPOS="2452" HPOS="623"/>
<String CONTENT="son," HEIGHT="49" WIDTH="118" VPOS="2451" HPOS="661"/>
<SP HEIGHT="48" WIDTH="39" VPOS="2452" HPOS="780"/>
<String CONTENT="while" HEIGHT="52" WIDTH="171" VPOS="2433" HPOS="820"/>
<SP HEIGHT="34" WIDTH="34" VPOS="2451" HPOS="992"/>
<String CONTENT="on" HEIGHT="34" WIDTH="72" VPOS="2451" HPOS="1027"/>
<SP HEIGHT="34" WIDTH="39" VPOS="2451" HPOS="1100"/>
<String CONTENT="a" HEIGHT="34" WIDTH="31" VPOS="2451" HPOS="1140"/>
<SP HEIGHT="57" WIDTH="41" VPOS="2431" HPOS="1172"/>
<String CONTENT="South" HEIGHT="57" WIDTH="185" VPOS="2431" HPOS="1214"/>
<SP HEIGHT="52" WIDTH="37" VPOS="2433" HPOS="1400"/>
<String CONTENT="America-Africa," HEIGHT="69" WIDTH="524" VPOS="2431" HPOS="1438"/>
<SP HEIGHT="67" WIDTH="38" VPOS="2433" HPOS="1963"/>
<String CONTENT="England," HEIGHT="146" WIDTH="1987" VPOS="2433" HPOS="149"/>
</TextLine>
<TextLine HEIGHT="70" WIDTH="1815" VPOS="2510" HPOS="347" STYLEREFS="StyleId-95B01616-8465-4A80-9449-41CAEC195DF4-" LANG="en-US" CS="1">
<String CONTENT="and" HEIGHT="53" WIDTH="113" VPOS="2511" HPOS="347"/>
<SP HEIGHT="53" WIDTH="43" VPOS="2511" HPOS="461"/>
<String CONTENT="continent" HEIGHT="53" WIDTH="293" VPOS="2511" HPOS="505"/>
<SP HEIGHT="47" WIDTH="41" VPOS="2517" HPOS="799"/>
<String CONTENT="cruise" HEIGHT="54" WIDTH="182" VPOS="2510" HPOS="841"/>
<SP HEIGHT="34" WIDTH="47" VPOS="2529" HPOS="1024"/>
<String CS="1" CONTENT="&#8230;"/>
<SP HEIGHT="52" WIDTH="78" VPOS="2511" HPOS="1128"/>
<String CONTENT="New" HEIGHT="52" WIDTH="141" VPOS="2511" HPOS="1207"/>
<SP HEIGHT="55" WIDTH="44" VPOS="2510" HPOS="1349"/>
<String CONTENT="Orleans," HEIGHT="68" WIDTH="260" VPOS="2510" HPOS="1394"/>
<SP HEIGHT="67" WIDTH="41" VPOS="2511" HPOS="1655"/>
<String CONTENT="La.," HEIGHT="67" WIDTH="119" VPOS="2511" HPOS="1697"/>
<SP HEIGHT="68" WIDTH="45" VPOS="2510" HPOS="1817"/>
<String CONTENT="Searcy" HEIGHT="70" WIDTH="211" VPOS="2510" HPOS="1863"/>
<SP HEIGHT="67" WIDTH="42" VPOS="2513" HPOS="2075"/>
<String CONTENT="&amp;" HEIGHT="50" WIDTH="44" VPOS="2513" HPOS="2118"/>
</TextLine>
<TextLine HEIGHT="69" WIDTH="513" VPOS="2589" HPOS="150" STYLEREFS="StyleId-95B01616-8465-4A80-9449-41CAEC195DF4-" LANG="en-US">
<String CONTENT="Pfaff," HEIGHT="69" WIDTH="180" VPOS="2589" HPOS="150"/>
<SP HEIGHT="68" WIDTH="27" VPOS="2590" HPOS="331"/>
<String CONTENT="ltd.," HEIGHT="68" WIDTH="124" VPOS="2590" HPOS="359"/>
<SP HEIGHT="64" WIDTH="29" VPOS="2594" HPOS="484"/>
<String CONTENT="1928." HEIGHT="51" WIDTH="149" VPOS="2591" HPOS="514"/>
</TextLine>
<TextLine HEIGHT="49" WIDTH="943" VPOS="2672" HPOS="217" LANG="en-US" CS="1">
<String CONTENT="4" HEIGHT="37" WIDTH="28" VPOS="2675" HPOS="217"/>
<SP HEIGHT="46" WIDTH="30" VPOS="2675" HPOS="246"/>
<String CONTENT="p." HEIGHT="37" WIDTH="43" VPOS="2684" HPOS="277"/>
<SP/>
<String CS="1" CONTENT="l.,"/>
<SP/>
<String CONTENT="72" HEIGHT="40" WIDTH="56" VPOS="2673" HPOS="431"/>
<SP HEIGHT="47" WIDTH="29" VPOS="2673" HPOS="488"/>
<String CONTENT="p." HEIGHT="37" WIDTH="43" VPOS="2683" HPOS="518"/>
<SP HEIGHT="40" WIDTH="58" VPOS="2672" HPOS="562"/>
<String CS="1" CONTENT="front." HEIGHT="40" WIDTH="137" VPOS="2672" HPOS="621"/>
<SP HEIGHT="48" WIDTH="28" VPOS="2672" HPOS="773"/>
<String CONTENT="(port.)" HEIGHT="48" WIDTH="173" VPOS="2672" HPOS="802"/>
<SP HEIGHT="47" WIDTH="67" VPOS="2672" HPOS="976"/>
<String CS="1" CONTENT="21&#7580;&#7504;." HEIGHT="41" WIDTH="116" VPOS="2672" HPOS="1044"/>
</TextLine>
<TextLine HEIGHT="52" WIDTH="2007" VPOS="2726" HPOS="156" LANG="en-US" CS="1">
<String CONTENT="&#169;" HEIGHT="52" WIDTH="51" VPOS="2726" HPOS="156"/>
<SP HEIGHT="52" WIDTH="25" VPOS="2726" HPOS="208"/>
<String CONTENT="Aug." HEIGHT="47" WIDTH="119" VPOS="2731" HPOS="234"/>
<SP HEIGHT="40" WIDTH="25" VPOS="2730" HPOS="354"/>
<String CONTENT="22," HEIGHT="48" WIDTH="70" VPOS="2729" HPOS="380"/>
<SP HEIGHT="47" WIDTH="26" VPOS="2730" HPOS="451"/>
<String CS="1" CONTENT="1928;" HEIGHT="41" WIDTH="115" VPOS="2729" HPOS="478"/>
<SP HEIGHT="47" WIDTH="28" VPOS="2729" HPOS="620"/>
<String CONTENT="2c." HEIGHT="39" WIDTH="67" VPOS="2729" HPOS="649"/>
<SP HEIGHT="39" WIDTH="25" VPOS="2729" HPOS="717"/>
<String CONTENT="Aug." HEIGHT="48" WIDTH="121" VPOS="2729" HPOS="743"/>
<SP HEIGHT="40" WIDTH="25" VPOS="2729" HPOS="865"/>
<String CS="1" CONTENT="27;" HEIGHT="40" WIDTH="56" VPOS="2729" HPOS="891"/>
<SP HEIGHT="36" WIDTH="29" VPOS="2739" HPOS="975"/>
<String CS="1" CONTENT="aff." HEIGHT="41" WIDTH="82" VPOS="2728" HPOS="1005"/>
<SP HEIGHT="40" WIDTH="30" VPOS="2729" HPOS="1088"/>
<String CONTENT="Sept." HEIGHT="47" WIDTH="129" VPOS="2729" HPOS="1119"/>
<SP HEIGHT="39" WIDTH="28" VPOS="2729" HPOS="1249"/>
<String CS="1" CONTENT="6;" HEIGHT="39" WIDTH="26" VPOS="2729" HPOS="1278"/>
<SP HEIGHT="46" WIDTH="28" VPOS="2729" HPOS="1331"/>
<!-- cceid 29AD275E-6CB2-1014-A20E-B9D6251C946A --><String CONTENT="A" HEIGHT="39" WIDTH="42" VPOS="2729" HPOS="1360"/>
<SP HEIGHT="39" WIDTH="25" VPOS="2729" HPOS="1403"/>
<String CS="1" CONTENT="1054107;" HEIGHT="41" WIDTH="203" VPOS="2728" HPOS="1429"/>
<SP HEIGHT="44" WIDTH="30" VPOS="2731" HPOS="1660"/>
<String CONTENT="W." HEIGHT="39" WIDTH="71" VPOS="2731" HPOS="1691"/>
<SP HEIGHT="41" WIDTH="31" VPOS="2729" HPOS="1763"/>
<String CONTENT="S." HEIGHT="41" WIDTH="44" VPOS="2729" HPOS="1795"/>
<SP HEIGHT="40" WIDTH="27" VPOS="2730" HPOS="1840"/>
<String CONTENT="Pfaff," HEIGHT="47" WIDTH="148" VPOS="2728" HPOS="1868"/>
<SP HEIGHT="45" WIDTH="26" VPOS="2730" HPOS="2017"/>
<String CONTENT="New" HEIGHT="39" WIDTH="119" VPOS="2730" HPOS="2044"/>
</TextLine>
<TextLine HEIGHT="49" WIDTH="572" VPOS="2785" HPOS="225" LANG="en-US">
<String CONTENT="Orleans." HEIGHT="40" WIDTH="219" VPOS="2787" HPOS="225"/>
<SP HEIGHT="48" WIDTH="69" VPOS="2786" HPOS="445"/>
<String CONTENT="(28-25666)" HEIGHT="49" WIDTH="282" VPOS="2785" HPOS="515"/>
</TextLine>
<TextLine HEIGHT="148" WIDTH="1988" VPOS="2851" HPOS="151" STYLEREFS="StyleId-95B01616-8465-4A80-9449-41CAEC195DF4-" LANG="en-US" CS="1">
<String CONTENT="Pictorial" HEIGHT="54" WIDTH="280" VPOS="2852" HPOS="151"/>
<SP HEIGHT="54" WIDTH="28" VPOS="2852" HPOS="432"/>
<String CONTENT="souvenir" HEIGHT="53" WIDTH="266" VPOS="2853" HPOS="461"/>
<SP HEIGHT="34" WIDTH="27" VPOS="2872" HPOS="728"/>
<String CONTENT="of" HEIGHT="54" WIDTH="64" VPOS="2852" HPOS="756"/>
<SP HEIGHT="55" WIDTH="30" VPOS="2852" HPOS="821"/>
<String CONTENT="Camp" HEIGHT="69" WIDTH="184" VPOS="2852" HPOS="852"/>
<SP HEIGHT="68" WIDTH="28" VPOS="2853" HPOS="1037"/>
<String CONTENT="Zachary" HEIGHT="68" WIDTH="260" VPOS="2853" HPOS="1066"/>
<SP HEIGHT="68" WIDTH="29" VPOS="2853" HPOS="1327"/>
<String CONTENT="Taylor," HEIGHT="68" WIDTH="233" VPOS="2853" HPOS="1357"/>
<SP HEIGHT="70" WIDTH="28" VPOS="2851" HPOS="1591"/>
<String CONTENT="Kentucky." HEIGHT="71" WIDTH="326" VPOS="2851" HPOS="1620"/>
<SP HEIGHT="35" WIDTH="79" VPOS="2885" HPOS="1947"/>
<String CS="1" CONTENT="[Edwardsville," HEIGHT="146" WIDTH="1915" VPOS="2852" HPOS="224"/>
<SP HEIGHT="68" WIDTH="22" VPOS="2930" HPOS="569"/>
<String CONTENT="Ill.," HEIGHT="68" WIDTH="114" VPOS="2930" HPOS="592"/>
<SP HEIGHT="67" WIDTH="23" VPOS="2931" HPOS="707"/>
<String CONTENT="Pictorial" HEIGHT="53" WIDTH="280" VPOS="2929" HPOS="731"/>
<SP HEIGHT="68" WIDTH="24" VPOS="2930" HPOS="1012"/>
<String CONTENT="publishing" HEIGHT="70" WIDTH="339" VPOS="2929" HPOS="1037"/>
<SP HEIGHT="50" WIDTH="24" VPOS="2949" HPOS="1377"/>
<String CONTENT="company," HEIGHT="51" WIDTH="300" VPOS="2948" HPOS="1402"/>
<SP HEIGHT="62" WIDTH="22" VPOS="2936" HPOS="1703"/>
<String CS="1" CONTENT="&#7580;1928]" HEIGHT="64" WIDTH="153" VPOS="2933" HPOS="1749"/>
</TextLine>
<TextLine HEIGHT="50" WIDTH="1102" VPOS="3010" HPOS="223" LANG="en-US" CS="1">
<String CONTENT="208" HEIGHT="42" WIDTH="86" VPOS="3010" HPOS="223"/>
<SP HEIGHT="49" WIDTH="25" VPOS="3011" HPOS="310"/>
<String CONTENT="p." HEIGHT="38" WIDTH="43" VPOS="3022" HPOS="336"/>
<SP HEIGHT="29" WIDTH="27" VPOS="3022" HPOS="380"/>
<String CONTENT="of" HEIGHT="40" WIDTH="54" VPOS="3011" HPOS="408"/>
<SP HEIGHT="39" WIDTH="23" VPOS="3011" HPOS="463"/>
<String CONTENT="illus." HEIGHT="40" WIDTH="130" VPOS="3011" HPOS="487"/>
<SP HEIGHT="46" WIDTH="26" VPOS="3011" HPOS="618"/>
<String CONTENT="(incl." HEIGHT="46" WIDTH="134" VPOS="3011" HPOS="645"/>
<SP HEIGHT="37" WIDTH="30" VPOS="3022" HPOS="780"/>
<String CONTENT="ports.)" HEIGHT="48" WIDTH="175" VPOS="3011" HPOS="811"/>
<SP HEIGHT="47" WIDTH="66" VPOS="3011" HPOS="987"/>
<String CS="1" CONTENT="23&#189;" HEIGHT="40" WIDTH="56" VPOS="3011" HPOS="1054"/>
<SP HEIGHT="47" WIDTH="17" VPOS="3012" HPOS="1140"/>
<String CS="1" CONTENT="&#215;"/>
<SP HEIGHT="40" WIDTH="15" VPOS="3012" HPOS="1190"/>
<String CS="1" CONTENT="31&#7580;&#7504;." HEIGHT="40" WIDTH="119" VPOS="3012" HPOS="1206"/>
</TextLine>
<TextLine HEIGHT="40" WIDTH="476" VPOS="3068" HPOS="224" LANG="en-US">
<String CONTENT="Title" HEIGHT="40" WIDTH="127" VPOS="3068" HPOS="224"/>
<SP HEIGHT="40" WIDTH="29" VPOS="3068" HPOS="352"/>
<String CONTENT="from" HEIGHT="40" WIDTH="130" VPOS="3068" HPOS="382"/>
<SP HEIGHT="28" WIDTH="31" VPOS="3079" HPOS="513"/>
<String CONTENT="cover." HEIGHT="30" WIDTH="155" VPOS="3078" HPOS="545"/>
</TextLine>
<TextLine HEIGHT="110" WIDTH="1989" VPOS="3122" HPOS="160" LANG="en-US" CS="1">
<String CONTENT="&#169;" HEIGHT="52" WIDTH="51" VPOS="3122" HPOS="160"/>
<SP HEIGHT="52" WIDTH="33" VPOS="3122" HPOS="212"/>
<String CONTENT="Sept." HEIGHT="49" WIDTH="127" VPOS="3125" HPOS="246"/>
<SP HEIGHT="39" WIDTH="31" VPOS="3127" HPOS="374"/>
<String CONTENT="15," HEIGHT="47" WIDTH="69" VPOS="3126" HPOS="406"/>
<SP HEIGHT="46" WIDTH="33" VPOS="3127" HPOS="476"/>
<String CS="1" CONTENT="1928;" HEIGHT="47" WIDTH="140" VPOS="3125" HPOS="510"/>
<SP HEIGHT="46" WIDTH="32" VPOS="3126" HPOS="651"/>
<String CONTENT="2c." HEIGHT="40" WIDTH="68" VPOS="3126" HPOS="684"/>
<SP HEIGHT="29" WIDTH="32" VPOS="3137" HPOS="753"/>
<String CONTENT="and" HEIGHT="39" WIDTH="95" VPOS="3127" HPOS="786"/>
<SP HEIGHT="39" WIDTH="32" VPOS="3127" HPOS="882"/>
<String CONTENT="aff." HEIGHT="40" WIDTH="83" VPOS="3126" HPOS="915"/>
<SP HEIGHT="40" WIDTH="33" VPOS="3127" HPOS="999"/>
<String CONTENT="Oct." HEIGHT="40" WIDTH="102" VPOS="3127" HPOS="1033"/>
<SP HEIGHT="39" WIDTH="32" VPOS="3127" HPOS="1136"/>
<String CONTENT="22;" HEIGHT="47" WIDTH="84" VPOS="3127" HPOS="1169"/>
<SP HEIGHT="47" WIDTH="34" VPOS="3127" HPOS="1254"/>
<!-- cceid 29AD4F33-6CB2-1014-A20E-B9D6251C946A --><String CONTENT="A" HEIGHT="39" WIDTH="42" VPOS="3127" HPOS="1289"/>
<SP HEIGHT="39" WIDTH="31" VPOS="3127" HPOS="1332"/>
<String CONTENT="1177;" HEIGHT="46" WIDTH="141" VPOS="3128" HPOS="1364"/>
<SP HEIGHT="44" WIDTH="35" VPOS="3130" HPOS="1506"/>
<String CONTENT="L." HEIGHT="38" WIDTH="51" VPOS="3130" HPOS="1542"/>
<SP HEIGHT="41" WIDTH="35" VPOS="3127" HPOS="1594"/>
<String CONTENT="C." HEIGHT="41" WIDTH="49" VPOS="3127" HPOS="1630"/>
<SP HEIGHT="39" WIDTH="33" VPOS="3128" HPOS="1680"/>
<String CONTENT="Heim," HEIGHT="48" WIDTH="158" VPOS="3127" HPOS="1714"/>
<SP HEIGHT="47" WIDTH="34" VPOS="3128" HPOS="1873"/>
<String CONTENT="Edwardsville," HEIGHT="103" WIDTH="1922" VPOS="3128" HPOS="227"/>
<SP HEIGHT="47" WIDTH="29" VPOS="3184" HPOS="355"/>
<String CONTENT="Ill." HEIGHT="38" WIDTH="75" VPOS="3184" HPOS="385"/>
<SP HEIGHT="48" WIDTH="67" VPOS="3183" HPOS="461"/>
<String CONTENT="(28-25761)" HEIGHT="49" WIDTH="282" VPOS="3183" HPOS="529"/>
</TextLine>
<TextLine HEIGHT="63" WIDTH="339" VPOS="3248" HPOS="158" STYLEREFS="StyleId-95B01616-8465-4A80-9449-41CAEC195DF4-" LANG="en-US">
<String CONTENT="Platen," HEIGHT="63" WIDTH="224" VPOS="3248" HPOS="158"/>
<SP HEIGHT="61" WIDTH="35" VPOS="3250" HPOS="383"/>
<String CONTENT="M." HEIGHT="53" WIDTH="78" VPOS="3250" HPOS="419"/>
</TextLine>
<TextLine HEIGHT="72" WIDTH="1942" VPOS="3326" HPOS="223" STYLEREFS="StyleId-95B01616-8465-4A80-9449-41CAEC195DF4-">
<String LANG="en-US" CONTENT="Die" HEIGHT="52" WIDTH="109" VPOS="3326" HPOS="223"/>
<SP HEIGHT="33" WIDTH="24" VPOS="3345" HPOS="333"/>
<String LANG="de" CONTENT="neue" HEIGHT="35" WIDTH="141" VPOS="3344" HPOS="358"/>
<SP HEIGHT="51" WIDTH="24" VPOS="3328" HPOS="500"/>
<String LANG="en-US" CONTENT="heilmethode;" HEIGHT="67" WIDTH="410" VPOS="3327" HPOS="525"/>
<SP HEIGHT="65" WIDTH="28" VPOS="3329" HPOS="936"/>
<String LANG="de" CONTENT="lehr-" HEIGHT="52" WIDTH="147" VPOS="3328" HPOS="965"/>
<SP HEIGHT="33" WIDTH="27" VPOS="3347" HPOS="1113"/>
<String LANG="de" CONTENT="und" HEIGHT="52" WIDTH="117" VPOS="3329" HPOS="1141"/>
<SP HEIGHT="52" WIDTH="27" VPOS="3329" HPOS="1259"/>
<String LANG="en-US" CONTENT="nachschlagebuch" HEIGHT="69" WIDTH="528" VPOS="3329" HPOS="1287"/>
<SP HEIGHT="52" WIDTH="26" VPOS="3330" HPOS="1816"/>
<String LANG="de" CONTENT="der" HEIGHT="52" WIDTH="101" VPOS="3330" HPOS="1843"/>
<SP HEIGHT="33" WIDTH="23" VPOS="3348" HPOS="1945"/>
<String LANG="en-US" CONTENT="natur-" HEIGHT="47" WIDTH="196" VPOS="3334" HPOS="1969"/>
</TextLine>
<TextLine HEIGHT="71" WIDTH="2011" VPOS="3405" HPOS="155" STYLEREFS="StyleId-95B01616-8465-4A80-9449-41CAEC195DF4-">
<String LANG="de" CONTENT="gem&#228;ssen" HEIGHT="64" WIDTH="289" VPOS="3407" HPOS="155"/>
<SP HEIGHT="51" WIDTH="33" VPOS="3405" HPOS="445"/>
<String LANG="en-US" CONTENT="lebensweise," HEIGHT="67" WIDTH="375" VPOS="3405" HPOS="479"/>
<SP HEIGHT="66" WIDTH="34" VPOS="3406" HPOS="855"/>
<String LANG="de" CONTENT="der" HEIGHT="52" WIDTH="100" VPOS="3406" HPOS="890"/>
<SP HEIGHT="49" WIDTH="31" VPOS="3425" HPOS="991"/>
<String LANG="de" CONTENT="gesundheitspflege" HEIGHT="69" WIDTH="557" VPOS="3406" HPOS="1023"/>
<SP HEIGHT="35" WIDTH="31" VPOS="3424" HPOS="1581"/>
<String LANG="de" CONTENT="und" HEIGHT="52" WIDTH="120" VPOS="3407" HPOS="1613"/>
<SP HEIGHT="52" WIDTH="30" VPOS="3407" HPOS="1734"/>
<String LANG="de" CONTENT="der" HEIGHT="52" WIDTH="101" VPOS="3407" HPOS="1765"/>
<SP HEIGHT="33" WIDTH="30" VPOS="3426" HPOS="1867"/>
<String LANG="en-US" CONTENT="naturge-" HEIGHT="64" WIDTH="268" VPOS="3412" HPOS="1898"/>
</TextLine>
<TextLine HEIGHT="71" WIDTH="2011" VPOS="3481" HPOS="157" STYLEREFS="StyleId-95B01616-8465-4A80-9449-41CAEC195DF4-" LANG="de">
<String CONTENT="m&#228;ssen" HEIGHT="50" WIDTH="216" VPOS="3484" HPOS="157"/>
<SP HEIGHT="51" WIDTH="38" VPOS="3483" HPOS="374"/>
<String CONTENT="heilweise" HEIGHT="55" WIDTH="285" VPOS="3481" HPOS="413"/>
<SP HEIGHT="34" WIDTH="36" VPOS="3501" HPOS="699"/>
<String CONTENT="mit" HEIGHT="53" WIDTH="107" VPOS="3483" HPOS="736"/>
<SP HEIGHT="48" WIDTH="38" VPOS="3488" HPOS="844"/>
<String CONTENT="einschluss" HEIGHT="54" WIDTH="312" VPOS="3483" HPOS="883"/>
<SP HEIGHT="52" WIDTH="39" VPOS="3485" HPOS="1196"/>
<String CONTENT="der" HEIGHT="52" WIDTH="101" VPOS="3485" HPOS="1236"/>
<SP HEIGHT="51" WIDTH="35" VPOS="3485" HPOS="1338"/>
<String CONTENT="hom&#246;opathie," HEIGHT="67" WIDTH="426" VPOS="3485" HPOS="1374"/>
<SP HEIGHT="66" WIDTH="36" VPOS="3485" HPOS="1801"/>
<String CONTENT="biochemie," HEIGHT="66" WIDTH="330" VPOS="3484" HPOS="1838"/>
</TextLine>
<TextLine HEIGHT="73" WIDTH="2010" VPOS="3559" HPOS="159" STYLEREFS="StyleId-95B01616-8465-4A80-9449-41CAEC195DF4-" LANG="de">
<String CONTENT="pflanzenheilkunde" HEIGHT="67" WIDTH="572" VPOS="3559" HPOS="159"/>
<SP HEIGHT="34" WIDTH="50" VPOS="3579" HPOS="732"/>
<String CONTENT="und" HEIGHT="52" WIDTH="119" VPOS="3562" HPOS="783"/>
<SP HEIGHT="52" WIDTH="53" VPOS="3562" HPOS="903"/>
<String CONTENT="seelischen" HEIGHT="53" WIDTH="305" VPOS="3561" HPOS="957"/>
<SP HEIGHT="52" WIDTH="53" VPOS="3563" HPOS="1263"/>
<String CONTENT="behandlung." HEIGHT="68" WIDTH="388" VPOS="3563" HPOS="1317"/>
<SP HEIGHT="53" WIDTH="88" VPOS="3564" HPOS="1706"/>
<String CONTENT="Vollst&#228;ndig" HEIGHT="69" WIDTH="374" VPOS="3563" HPOS="1795"/>
</TextLine>
<TextLine HEIGHT="145" WIDTH="1986" VPOS="3638" HPOS="157" STYLEREFS="StyleId-95B01616-8465-4A80-9449-41CAEC195DF4-" LANG="de" CS="1">
<String CONTENT="neu" HEIGHT="34" WIDTH="106" VPOS="3655" HPOS="157"/>
<SP HEIGHT="52" WIDTH="27" VPOS="3638" HPOS="264"/>
<String CONTENT="bearbeitet" HEIGHT="53" WIDTH="312" VPOS="3638" HPOS="292"/>
<SP HEIGHT="46" WIDTH="30" VPOS="3644" HPOS="605"/>
<String CONTENT="von" HEIGHT="34" WIDTH="111" VPOS="3657" HPOS="636"/>
<SP HEIGHT="49" WIDTH="31" VPOS="3657" HPOS="748"/>
<String CONTENT="praktischen" HEIGHT="68" WIDTH="368" VPOS="3638" HPOS="780"/>
<SP HEIGHT="49" WIDTH="32" VPOS="3643" HPOS="1149"/>
<String CONTENT="&#228;rzten," HEIGHT="62" WIDTH="213" VPOS="3643" HPOS="1182"/>
<SP HEIGHT="64" WIDTH="30" VPOS="3641" HPOS="1396"/>
<String CONTENT="hygienikern" HEIGHT="70" WIDTH="381" VPOS="3639" HPOS="1427"/>
<SP HEIGHT="34" WIDTH="29" VPOS="3659" HPOS="1809"/>
<String CONTENT="und" HEIGHT="53" WIDTH="117" VPOS="3641" HPOS="1839"/>
<SP HEIGHT="67" WIDTH="33" VPOS="3641" HPOS="1957"/>
<String CONTENT="P&#228;dagogen." HEIGHT="142" WIDTH="1985" VPOS="3641" HPOS="158"/>
</TextLine>
<TextLine HEIGHT="69" WIDTH="1736" VPOS="3716" HPOS="431" STYLEREFS="StyleId-95B01616-8465-4A80-9449-41CAEC195DF4-" LANG="de">
<String CONTENT="Mit" HEIGHT="52" WIDTH="114" VPOS="3716" HPOS="431"/>
<SP HEIGHT="47" WIDTH="41" VPOS="3721" HPOS="546"/>
<String CONTENT="567" HEIGHT="53" WIDTH="100" VPOS="3717" HPOS="588"/>
<SP HEIGHT="53" WIDTH="40" VPOS="3717" HPOS="689"/>
<String CONTENT="abbilclungen" HEIGHT="68" WIDTH="386" VPOS="3717" HPOS="730"/>
<SP HEIGHT="33" WIDTH="42" VPOS="3736" HPOS="1117"/>
<String CONTENT="und" HEIGHT="52" WIDTH="120" VPOS="3718" HPOS="1160"/>
<SP HEIGHT="52" WIDTH="38" VPOS="3718" HPOS="1281"/>
<String CONTENT="37" HEIGHT="52" WIDTH="66" VPOS="3719" HPOS="1320"/>
<SP HEIGHT="52" WIDTH="38" VPOS="3719" HPOS="1387"/>
<String CONTENT="bunten" HEIGHT="52" WIDTH="215" VPOS="3719" HPOS="1426"/>
<SP HEIGHT="33" WIDTH="40" VPOS="3737" HPOS="1642"/>
<String CONTENT="und" HEIGHT="52" WIDTH="118" VPOS="3719" HPOS="1683"/>
<SP HEIGHT="52" WIDTH="41" VPOS="3719" HPOS="1802"/>
<String CONTENT="schwarzen" HEIGHT="53" WIDTH="323" VPOS="3719" HPOS="1844"/>
</TextLine>
<TextLine HEIGHT="75" WIDTH="2012" VPOS="3791" HPOS="159" STYLEREFS="StyleId-95B01616-8465-4A80-9449-41CAEC195DF4-" LANG="de">
<String CONTENT="tafeln" HEIGHT="54" WIDTH="182" VPOS="3791" HPOS="159"/>
<SP HEIGHT="34" WIDTH="29" VPOS="3812" HPOS="342"/>
<String CONTENT="und" HEIGHT="51" WIDTH="119" VPOS="3795" HPOS="372"/>
<SP HEIGHT="51" WIDTH="34" VPOS="3795" HPOS="492"/>
<String CONTENT="10" HEIGHT="49" WIDTH="64" VPOS="3797" HPOS="527"/>
<SP HEIGHT="49" WIDTH="31" VPOS="3797" HPOS="592"/>
<String CONTENT="zerlegbaren" HEIGHT="69" WIDTH="362" VPOS="3794" HPOS="624"/>
<SP HEIGHT="34" WIDTH="28" VPOS="3813" HPOS="987"/>
<String CONTENT="modellen." HEIGHT="53" WIDTH="300" VPOS="3795" HPOS="1016"/>
<SP HEIGHT="51" WIDTH="66" VPOS="3797" HPOS="1317"/>
<String CONTENT="Berlin," HEIGHT="68" WIDTH="218" VPOS="3796" HPOS="1384"/>
<SP HEIGHT="67" WIDTH="28" VPOS="3797" HPOS="1603"/>
<String CONTENT="Leipzig," HEIGHT="70" WIDTH="259" VPOS="3796" HPOS="1632"/>
<SP HEIGHT="66" WIDTH="31" VPOS="3798" HPOS="1892"/>
<String CONTENT="Bong" HEIGHT="60" WIDTH="170" VPOS="3798" HPOS="1924"/>
<SP HEIGHT="59" WIDTH="27" VPOS="3799" HPOS="2095"/>
<String CONTENT="&amp;" HEIGHT="51" WIDTH="48" VPOS="3799" HPOS="2123"/>
</TextLine>
<TextLine HEIGHT="63" WIDTH="316" VPOS="3875" HPOS="160" STYLEREFS="StyleId-95B01616-8465-4A80-9449-41CAEC195DF4-" CS="1">
<String LANG="ru" CONTENT="co." HEIGHT="35" WIDTH="76" VPOS="3887" HPOS="160"/>
<SP HEIGHT="60" WIDTH="45" VPOS="3877" HPOS="237"/>
<String LANG="ru" CS="1" CONTENT="["/>
<String LANG="en-US" CS="1" CONTENT="&#7580;"/>
<String LANG="de" CONTENT="1928]" HEIGHT="63" WIDTH="152" VPOS="3875" HPOS="324"/>
</TextLine>
<TextLine HEIGHT="52" WIDTH="1631" VPOS="3953" HPOS="227" CS="1">
<String LANG="de" CONTENT="3" HEIGHT="41" WIDTH="27" VPOS="3953" HPOS="227"/>
<SP HEIGHT="41" WIDTH="30" VPOS="3953" HPOS="255"/>
<String LANG="de" CS="1" CONTENT="v." HEIGHT="8" WIDTH="8" VPOS="3987" HPOS="319"/>
<SP HEIGHT="41" WIDTH="57" VPOS="3954" HPOS="328"/>
<String LANG="de" CONTENT="illus." HEIGHT="42" WIDTH="130" VPOS="3954" HPOS="386"/>
<SP HEIGHT="49" WIDTH="27" VPOS="3954" HPOS="517"/>
<String LANG="en-US" CONTENT="(inch" HEIGHT="49" WIDTH="134" VPOS="3954" HPOS="545"/>
<SP HEIGHT="41" WIDTH="27" VPOS="3955" HPOS="680"/>
<String LANG="de" CONTENT="facsims.)" HEIGHT="48" WIDTH="244" VPOS="3955" HPOS="708"/>
<SP HEIGHT="50" WIDTH="39" VPOS="3955" HPOS="953"/>
<String LANG="en-US" CONTENT="plates" HEIGHT="49" WIDTH="158" VPOS="3956" HPOS="993"/>
<SP HEIGHT="49" WIDTH="26" VPOS="3955" HPOS="1152"/>
<String LANG="en-US" CONTENT="(part" HEIGHT="50" WIDTH="137" VPOS="3955" HPOS="1179"/>
<SP HEIGHT="39" WIDTH="30" VPOS="3958" HPOS="1317"/>
<String LANG="en-US" CONTENT="col.)" HEIGHT="48" WIDTH="113" VPOS="3957" HPOS="1348"/>
<SP HEIGHT="48" WIDTH="40" VPOS="3957" HPOS="1462"/>
<String LANG="en-US" CONTENT="ports." HEIGHT="45" WIDTH="148" VPOS="3960" HPOS="1503"/>
<SP HEIGHT="42" WIDTH="58" VPOS="3957" HPOS="1652"/>
<String LANG="en-US" CS="1" CONTENT="24&#189;&#7580;&#7504;." HEIGHT="42" WIDTH="147" VPOS="3957" HPOS="1711"/>
</TextLine>
<TextLine HEIGHT="41" WIDTH="688" VPOS="4012" HPOS="230" LANG="en-US" CS="1">
<String CONTENT="At" HEIGHT="39" WIDTH="63" VPOS="4012" HPOS="230"/>
<SP HEIGHT="39" WIDTH="27" VPOS="4012" HPOS="294"/>
<String CONTENT="head" HEIGHT="40" WIDTH="124" VPOS="4012" HPOS="322"/>
<SP HEIGHT="39" WIDTH="31" VPOS="4013" HPOS="447"/>
<String CONTENT="of" HEIGHT="40" WIDTH="52" VPOS="4012" HPOS="479"/>
<SP HEIGHT="40" WIDTH="28" VPOS="4012" HPOS="532"/>
<String CS="1" CONTENT="title:" HEIGHT="40" WIDTH="109" VPOS="4013" HPOS="561"/>
<SP HEIGHT="39" WIDTH="33" VPOS="4013" HPOS="697"/>
<String CONTENT="Platen." HEIGHT="40" WIDTH="187" VPOS="4013" HPOS="731"/>
</TextLine>
</TextBlock>
</PrintSpace>
</Page>
</Layout>
</alto>