2498 4384
1292 4094 101 50 652

347 449 425 63 Philadelphia.
848 450 330 51 Northeast
1247 448 408 64 Philadelphia
1721 449 278 53 chamber
2064 448 64 53 of
414 465 1904 115 commerce.

414 605 309 51 Northeast
754 604 427 68 Philadelphia,
1214 605 115 52 and
1361 605 146 68 why.
1576 604 428 68 Philadelphia,
2037 605 309 52 Northeast

347 681 1330 68 Philadelphia chamber of commerce, ᶜ 1928.
414 764 935 48 48 p. double plates, maps. 21 ½ᶜᵐ .
352 831 51 52 ©
436 837 113 46 Apr.
582 835 68 47 18,
683 835 116 40 1928;
857 836 67 40 2c.
958 837 95 38 and
1086 835 81 41 aff.
1201 836 114 47 Apr.
1349 835 58 40 19;
1465 836 41 38 A
1538 835 203 40 1069805;
1803 835 267 41 Northeast
420 824 1904 116 Philadelphia
562 892 226 40 chamber
815 892 52 39 of
894 902 276 30 commerce.
1243 892 280 49 (28-11580)

344 985 365 60 Porterfield,
742 986 169 51 Allen
944 985 241 61 Wilson,
1222 986 170 53 1877-
1573 986 84 53 ed.

412 1062 242 54 Modern
683 1061 251 55 German
960 1063 218 67 stories,
1207 1063 191 53 edited
1425 1063 140 52 with
1593 1063 409 67 introduction,
2028 1069 177 61 notes,
2233 1064 110 52 and

345 1140 2002 69 vocabulary by Allen W. Porterfield … Boston, New York
365 1217 1225 69 [etc.] D. C. Heath and company [ ᶜ 1928]
409 1302 186 47 xxxvii,
646 1302 87 40 409
782 1312 41 37 p.
885 1302 165 46 front.,
1100 1302 129 39 illus.
1259 1301 199 48 (ports.)
1528 1301 116 40 19ᶜᵐ.
1714 1301 230 47 (Heath’s
1995 1303 200 39 modern
340 1304 1986 103 language
525 1357 176 47 series)

414 1427 281 41 “Classified
729 1425 367 50 bibliography”
1115 1438 8 28 :
1158 1437 44 37 p.
1233 1426 358 41 xxxii-xxxvii.

350 1494 51 52 ©
429 1499 120 38 Mar.
574 1497 70 47 29,
670 1496 113 41 1928;
837 1497 66 40 2c.
929 1497 113 46 Apr.
1069 1497 55 39 18;
1178 1496 83 40 aff.
1287 1497 113 46 Apr.
1425 1497 55 38 17;
1536 1496 41 39 A
1603 1496 201 40 1069952;
1861 1498 57 40 D.
1945 1498 50 41 C.
2022 1498 165 40 Heath
2214 1503 36 39 &
2276 1509 67 31 co.

424 1551 68 53 [©
524 1554 245 46 selection,
800 1553 210 48 preface,
1042 1552 347 47 introduction,
1420 1555 139 38 notes
1590 1555 96 38 and
1718 1554 311 50 vocabulary]
428 1611 280 48 (28-11648)

339 1704 232 63 Powell,
602 1705 253 52 Edward
888 1704 357 63 Alexander,
1278 1704 171 53 1879-

414 1783 331 53 Embattled
788 1783 263 66 borders;
1100 1788 221 47 eastern
1368 1782 232 68 Europe
1646 1782 154 53 from
1843 1784 97 53 the
1987 1784 256 53 Balkans
2287 1790 60 46 to

344 1864 92 51 the
470 1863 207 65 Baltic,
709 1862 76 68 by
819 1862 66 51 E.
920 1861 331 52 Alexander
1285 1862 244 66 Powell;
1567 1861 141 52 with
1744 1861 319 70 sixty-four
342 1862 1981 131 illustrations
524 1940 151 52 from
706 1939 424 68 photographs;
1164 1939 115 52 and
1308 1957 178 50 maps.
1554 1939 140 52 New
1725 1940 181 67 York,
1935 1940 260 67 London,
2226 1941 122 52 The

343 2018 257 69 Century
623 2037 79 33 co.
756 2020 151 64 [1928]

484 2131 8 15 xx,
523 2100 85 40 374
637 2110 43 37 p.
736 2099 165 47 front.,
930 2099 172 48 plates,
1133 2101 165 46 ports.,
1329 2109 151 37 maps.
1540 2099 115 40 21ᶜᵐ.
1771 2098 130 48 $3.50

349 2154 51 51 ©
432 2158 113 47 Apr.
574 2158 70 45 20,
674 2157 114 40 1928;
846 2157 67 40 2c.
944 2158 96 38 and
1070 2156 83 41 aff.
1182 2157 116 47 Apr.
1327 2157 57 39 23;
1442 2157 42 38 A
1513 2157 203 40 1074119;
1778 2157 216 48 Century
2024 2168 68 30 co.

431 2213 280 50 (28-11641)

340 2310 205 51 Power
578 2309 164 62 plant
775 2308 404 63 engineering.

410 2389 203 52 Power
640 2389 166 67 plant
834 2387 370 69 engineering
1231 2386 288 70 questions
1550 2387 114 53 and
1693 2406 245 35 answers;
1999 2388 205 70 giving
2235 2387 111 54 full

340 2468 251 53 detailed
635 2466 381 53 information
1059 2484 71 34 on
1176 2466 100 52 the
1316 2467 129 51 how
1491 2466 114 52 and
1650 2467 133 68 why
1828 2466 64 53 of
1937 2467 299 68 operation
2284 2467 63 53 of

343 2563 188 51 power
569 2546 163 67 plant
768 2544 346 69 machinery.
1190 2544 73 52 3d
1301 2544 85 53 ed.
1459 2543 308 70 Arranged
1804 2545 76 68 by
1918 2546 98 52 the
2056 2545 287 53 Editorial

340 2621 1774 70 staff of Power plant engineering. Chicago, Ill. [ ᶜ 1928]
410 2704 1022 50 1 p. l., [5]–341 p. illus., diagrs. 20ᶜᵐ.
349 2759 51 52 ©
437 2764 114 47 Apr.
586 2763 39 47 5,
663 2762 140 47 1928;
841 2762 67 40 2c.
945 2763 96 38 and
1078 2761 82 41 aff.
1196 2762 114 47 Apr.
1347 2761 83 48 20;
1470 2763 40 38 A
1546 2761 229 49 1074073;
1815 2763 260 40 Technical
2113 2763 108 48 pub.
2260 2776 81 36 co.,

421 2820 223 48 Chicago.
718 2818 280 49 (28-11625)

340 2914 194 62 Pratt,
572 2914 128 62 Rey
737 2913 65 53 L.

408 2991 136 54 Just
572 2990 289 69 thinking,
888 2990 77 69 by
991 2990 125 68 Rey
1144 2991 65 51 L.
1239 2990 186 52 Pratt.
1496 2990 469 68 [Independence,
1993 2991 135 67 Mo.,
2159 2990 184 54 Zion’s

341 3069 262 69 printing
633 3069 113 52 and
778 3068 336 69 publishing
1142 3085 299 51 company,
1494 3070 152 65 ᶜ1928]

407 3151 591 49 3 p. l., 9-96 p. 19½ᶜᵐ.
409 3210 185 39 Poems.

348 3261 51 52 ©
432 3267 122 38 Mar.
583 3265 69 46 20,
684 3264 140 46 1928;
856 3264 68 40 2c.
954 3264 114 46 Apr.
1098 3263 81 46 19;
1214 3262 83 41 aff.
1328 3263 113 47 Apr.
1471 3262 84 47 26;
1588 3263 41 38 A
1659 3262 230 47 1069939;
1923 3263 56 41 R.
2011 3264 51 40 L.
2094 3265 156 46 Pratt,
2283 3266 57 38 El

417 3323 137 46 Paso,
588 3322 115 39 Tex.
774 3320 280 49 (28-11650)

339 3415 203 61 Purin,
572 3415 247 53 Charles
843 3414 315 52 Maltador.

338 3491 2004 223 Deutsche kulturkunde, a cultural reader, by Charles M. Purin … and Ernst Rose … illustrations by Richard A. Loederer. Richmond, Atlanta [etc.] Johnson publishing company
344 3729 193 64 [ᶜ1928]

407 3809 139 43 xxiii,
590 3808 89 40 448
723 3819 43 37 p.
826 3809 87 38 col.
959 3807 164 46 front.,
1168 3807 129 39 illus.
1359 3805 145 41 19½ᶜᵐ.
1575 3806 300 48 (Half-title:
1921 3806 259 39 Johnson’s
339 3806 1982 99 German
479 3865 176 43 series)

409 3928 140 47 Maps
578 3938 59 28 on
666 3926 364 48 lining-papers.

347 3979 51 52 ©
429 3983 113 48 Apr.
571 3983 68 47 20,
671 3982 139 48 1928;
842 3983 66 40 2c.
939 3983 95 39 and
1064 3981 82 42 aff.
1176 3982 114 48 Apr.
1320 3981 82 48 23;
1436 3981 41 39 A
1505 3981 229 47 1074131;
1768 3981 218 41 Johnson
2017 3980 109 49 pub.
2158 3992 66 29 co.

427 4040 278 48 (28-11647)
