2498 4384
1253 4070 136 53 1322

381 494 86 41 265
497 505 43 38 p.
599 494 165 47 front.,
795 494 173 47 plates.
1166 523 9 9 19½ᶜᵐ.

321 549 52 52 ©
397 553 121 47 Aug.
543 552 70 47 27,
638 551 142 47 1928;
807 552 68 39 2c.
900 551 96 39 and
1022 549 83 40 aff.
1132 548 130 49 Sept.
1288 548 82 46 18;
1397 547 42 39 A
1463 546 231 48 1053332;
1724 546 220 49 Fleming
1970 547 61 39 H.
2059 547 168 39 Revell
2254 557 68 30 co.

398 608 282 49 (28-21483)

312 702 249 63 Barnes,
594 701 222 64 Djuna.

383 781 214 70 Ryder,
633 780 78 69 by
747 778 199 71 Djuna
984 781 237 65 Barnes,
1258 778 141 53 with
1437 776 382 54 illustrations
1855 777 77 70 by
1967 777 98 53 the
2102 778 222 53 author.

311 861 141 52 New
481 860 181 67 York,
692 860 77 52 H.
799 859 323 68 Liveright,
1155 860 152 49 1928.

382 942 65 48 xi,
478 942 86 40 323
593 953 43 37 p.
696 942 165 44 front.,
891 943 173 46 plates.
1124 940 148 39 21½ᶜᵐ.

321 996 52 52 ©
405 1000 123 48 Aug.
560 1000 69 49 15,
663 999 141 47 1928;
839 1000 68 40 2c.
942 998 129 48 Sept.
1105 997 82 48 11;
1223 996 84 43 aff.
1342 997 128 48 Sept.
1505 996 82 48 18;
1621 997 42 39 A
1695 995 231 48 1053349;
1963 996 193 40 Horace
2190 995 135 41 Liveright

389 1057 146 49 ,
567 1056 92 42 inc.
730 1055 280 50 (28-21480)

313 1149 198 64 Beale,
540 1148 222 64 Joseph
791 1149 225 63 Henry,
1049 1152 170 50 1861-

383 1226 58 53 A
470 1226 298 54 collection
800 1225 65 54 of
895 1244 151 35 cases
1076 1245 72 33 on
1179 1226 98 52 the
1307 1243 255 36 measure
1590 1224 65 53 of
1685 1225 287 69 damages,
2000 1224 79 70 by
2107 1224 216 69 Joseph

313 1302 1991 151 Henry Beale … 3d ed. Boston, Little, Brown, and company, 1928.
383 1466 137 49 xviii,
551 1465 85 41 749
665 1477 43 37 p.
768 1465 118 42 23ᶜᵐ.

322 1519 52 52 ©
410 1523 129 48 Sept.
571 1523 69 47 12,
672 1522 142 46 1928;
848 1523 69 39 2c.
951 1522 96 39 and
1080 1521 83 40 aff.
1198 1521 130 48 Sept.
1361 1520 82 47 14;
1477 1521 41 39 A
1551 1520 231 48 1053300;
1819 1521 43 41 J.
1897 1522 60 39 H.
1992 1522 163 47 Beale,
389 1521 1920 107 Cambridge,
604 1580 148 39 Mass.
822 1577 283 50 (28-21525)

315 1672 257 64 Beraud,
603 1671 203 64 Henri,
842 1676 169 49 1885-

383 1750 105 70 My
527 1750 194 54 friend
758 1751 396 68 Robespierre,
1189 1750 77 69 by
1301 1750 188 53 Henri
1527 1752 251 66 Beraud,
1814 1751 321 54 translated
2175 1751 152 54 from

312 1831 97 52 the
434 1830 226 52 French
685 1830 78 68 by
793 1828 191 56 Slater
1011 1830 230 51 Brown.
1317 1829 140 52 New
1485 1829 183 68 York,
1694 1830 123 53 The
1843 1829 310 70 Macaulay
312 1848 1991 129 company,
519 1910 150 50 1928.

384 1988 1366 51 298 p., 1 l. front. (port.) plates, facsim. 23ᶜᵐ.
322 2043 52 53 ©
407 2047 130 49 Sept.
566 2049 39 47 7,
635 2048 142 47 1928;
808 2049 69 39 2c.
910 2047 128 48 Sept.
1068 2048 83 46 12;
1184 2046 83 43 aff.
1300 2046 129 49 Sept.
1459 2047 83 48 11;
1575 2047 40 39 A
1644 2046 232 49 1054252;
1909 2049 262 46 Macaulay
2203 2058 68 31 co.

400 2104 284 49 (28-21496)

313 2195 231 65 Beutel,
580 2196 337 54 Frederick.

387 2274 328 55 California
764 2280 298 63 corporate
1109 2276 313 68 procedure
1468 2275 182 55 forms
1696 2277 114 52 and
1857 2278 352 67 precedents,
2252 2276 77 71 by

311 2353 1994 148 Frederick Beutel and David P. Hatch … Los Angeles, Parker, Stone & Baird co., 1928.
383 2515 29 39 2
440 2526 44 37 p.
548 2547 9 16 l.,
586 2515 99 48 xxi,
715 2515 85 41 995
828 2527 44 37 p.
931 2516 118 41 24ᶜᵐ.

323 2568 52 55 ©
408 2573 118 48 July
555 2573 71 48 25,
660 2573 141 47 1928;
835 2574 68 41 2c.
934 2574 121 48 Aug.
1088 2575 83 46 27;
1206 2573 83 43 aff.
1323 2574 120 48 Aug.
1476 2574 83 48 23;
1594 2575 42 39 A
1668 2574 231 49 1054010;
1936 2575 52 42 F.
2022 2575 174 41 Beutel
2231 2576 96 40 and

390 2630 161 40 David
580 2631 51 40 P.
659 2631 179 48 Hatch,
866 2631 93 40 Los
987 2631 222 49 Angeles.
1281 2631 282 50 (28-21347)

316 2720 186 55 Bible.
582 2723 65 55 Ο.
690 2725 64 52 T.
828 2724 331 57 Selections.
1235 2726 265 70 English.

389 2800 124 54 The
547 2801 167 54 Bible
748 2807 160 65 story
940 2803 59 52 in
1034 2804 96 53 the
1164 2805 169 53 Bible
1366 2805 204 53 words,
1639 2804 93 54 bk.
1767 2809 49 49 4.
1851 2805 73 53 In
1959 2805 98 54 the
2090 2806 139 53 land
2263 2805 65 54 of

318 2877 172 71 kings
514 2880 113 53 and
652 2881 292 67 prophets.
1008 2879 257 56 Selected
1290 2884 114 52 and
1428 2884 285 69 arranged
1735 2884 77 69 by
1835 2884 188 54 Rabbi
2048 2884 181 55 Jacob
2255 2885 72 53 D.

321 2955 284 57 Schwarz.
687 2957 350 70 Cincinnati,
1078 2961 382 67 Department
1503 2961 65 54 of
1609 2981 329 51 synagogue
1981 2963 114 53 and
2137 2963 191 54 school

319 3036 294 54 extension
655 3036 66 54 of
761 3037 96 53 the
899 3038 196 54 Union
1138 3038 66 54 of
1246 3039 308 54 American
1598 3040 248 54 Hebrew
1890 3042 439 69 congregations

397 3117 119 65 [ ᶜ1 928]
389 3196 104 49 xiii,
524 3197 86 41 168
638 3209 43 37 p.
711 3198 111 42 incl.
851 3199 166 48 front.,
1048 3199 129 41 illus.
1236 3201 118 41 24ᶜᵐ.

322 3250 52 52 ©
405 3253 129 49 Sept.
561 3254 68 48 14,
656 3254 117 41 1928;
825 3256 69 40 2c.
922 3255 129 49 Sept.
1077 3257 83 47 27;
1191 3256 83 41 aff.
1304 3257 128 49 Sept.
1459 3259 57 39 24;
1571 3259 42 39 A
1639 3259 230 48 1053568;
1899 3260 163 40 Union
2089 3261 52 40 of
2166 3260 160 41 Amer.

391 3310 211 41 Hebrew
633 3312 386 47 congregations.

314 3386 237 65 Bowen,
581 3388 228 54 Wilbur
838 3391 251 64 Pardon,
1125 3396 173 50 1864-

449 3465 1880 77 … Applied anatomy and kinesiology; the mechanism of
312 3544 2015 74 muscular movement, by Wilbur Pardon Bowen … 4th ed.,
314 3620 353 71 thoroughly
710 3642 134 50 rev.,
887 3625 326 55 illustrated
1259 3628 141 52 with
1444 3632 104 51 224
1591 3631 363 70 engravings.
314 3632 1988 135 Philadelphia,
501 3700 116 53 Lea
647 3703 45 50 &
722 3701 263 70 Febiger,
1019 3707 150 51 1928.

496 3784 175 40 17-356
703 3795 44 37 p.
806 3785 131 41 illus.
965 3786 136 48 (part
1133 3788 114 48 col.)
1288 3789 181 49 diagrs.
1529 3792 147 40 24½ᶜᵐ.
1747 3793 125 47 (The
1903 3794 222 48 physical
313 3796 1990 83 education
445 3839 166 49 series,
640 3842 72 40 ed.
741 3841 63 48 by
828 3842 57 41 R.
912 3843 52 40 T.
991 3844 290 50 McKenzie)

384 3895 380 50 Bibliography:
794 3909 44 37 p.
868 3899 219 42 340-341.

323 3947 52 53 ©
406 3951 130 50 Sept.
562 3953 41 48 4,
632 3953 117 42 1928;
804 3956 68 42 2c.
903 3955 129 51 Sept.
1060 3958 53 48 7;
1144 3957 82 43 aff.
1259 3957 128 50 Sept.
1418 3959 52 48 8;
1501 3960 42 40 A
1571 3960 231 51 1053221;
1832 3963 97 41 Lea
1959 3963 37 42 &
2024 3964 219 48 Febiger.

400 4008 282 50 (28-21407)
