<alto xmlns="http://www.loc.gov/standards/alto/ns-v3#" xmlns:xlink="http://www.w3.org/1999/xlink" xmlns:xsi="http://www.w3.org/2001/XMLSchema-instance" xsi:schemaLocation="http://www.loc.gov/standards/alto/ns-v3# http://www.loc.gov/alto/v3/alto-3-0.xsd"><Description>
<MeasurementUnit>pixel</MeasurementUnit>
<sourceImageInformation>
<fileName>1928_v25_part001.pdf</fileName>
</sourceImageInformation>
<OCRProcessing ID="IdOcr">
<ocrProcessingStep>
<processingDateTime>2019-04-12</processingDateTime>
<processingSoftware>
<softwareCreator>ABBYY</softwareCreator>
<softwareName>ABBYY Recognition Server</softwareName>
<softwareVersion>4.0</softwareVersion>
</processingSoftware>
</ocrProcessingStep>
</OCRProcessing>
</Description>
<Styles>
<ParagraphStyle ID="StyleId-FFFFFFFF-FFFF-FFFF-FFFF-FFFFFFFFFFFF-" ALIGN="Left" LEFT="0." RIGHT="0." FIRSTLINE="0."/>
<ParagraphStyle ID="StyleId-0ECAC0CE-E1F0-4C69-A1B9-95E16886343B-" ALIGN="Left" LEFT="0." RIGHT="0." FIRSTLINE="0." LINESPACE="8.300000191"/>
<ParagraphStyle ID="StyleId-5C6F7A30-EC6F-4250-A8D3-0AE106DCDB5D-" ALIGN="Left" LEFT="0." RIGHT="0." FIRSTLINE="-13." LINESPACE="11.22999954"/>
<ParagraphStyle ID="StyleId-B258737E-7AF8-4B71-A0BF-0A1420B951F9-" ALIGN="Left" LEFT="0." RIGHT="0." FIRSTLINE="-13." LINESPACE="8.210000038"/>
<ParagraphStyle ID="StyleId-35C0EFA5-E89E-4731-B16E-5D3895F12270-" ALIGN="Block" LEFT="0." RIGHT="0." FIRSTLINE="-12." LINESPACE="11.22999954"/>
<ParagraphStyle ID="StyleId-7BD1F9B4-14BB-4AAF-864B-FED8FEA7DC43-" ALIGN="Left" LEFT="0." RIGHT="0." FIRSTLINE="0."/>
<ParagraphStyle ID="StyleId-CD2DA0E5-536D-42AE-AE16-8D9F5C008D5A-" ALIGN="Block" LEFT="0." RIGHT="0." FIRSTLINE="-12." LINESPACE="10."/>
<ParagraphStyle ID="StyleId-AF408F88-EED5-4CE2-A229-3F852C18D9BD-" ALIGN="Block" LEFT="0." RIGHT="0." FIRSTLINE="-14." LINESPACE="10."/>
<ParagraphStyle ID="StyleId-829CD741-943D-4B7B-9638-57AB73DE2567-" ALIGN="Center" LEFT="0." RIGHT="0." FIRSTLINE="0." LINESPACE="9.399999619"/>
<ParagraphStyle ID="StyleId-B271BDFA-6037-4875-BA99-885A067668E9-" ALIGN="Left" LEFT="0." RIGHT="0." FIRSTLINE="-14." LINESPACE="11.21000004"/>
<ParagraphStyle ID="StyleId-64F9C1D8-EA12-4F65-AD18-B72A4C6B556F-" ALIGN="Center" LEFT="0." RIGHT="0." FIRSTLINE="0." LINESPACE="11.60000038"/>
<ParagraphStyle ID="StyleId-44DA2756-E57B-4EF3-9BA4-FC1C14776DE3-" ALIGN="Left" LEFT="0." RIGHT="0." FIRSTLINE="-12." LINESPACE="12.19999981"/>
<ParagraphStyle ID="StyleId-D1D9AF19-8CA6-4F74-9AEC-1B4545205AD7-" ALIGN="Center" LEFT="0." RIGHT="0." FIRSTLINE="0." LINESPACE="11.60000038"/>
<ParagraphStyle ID="StyleId-3ADA1556-6D19-417D-8046-68449BF368BA-" ALIGN="Left" LEFT="0." RIGHT="0." FIRSTLINE="-13." LINESPACE="12.19999981"/>
<ParagraphStyle ID="StyleId-7443A930-B325-44B5-9AB8-B42B4EC78C89-" ALIGN="Block" LEFT="0." RIGHT="0." FIRSTLINE="13." LINESPACE="8.619999886"/>
<ParagraphStyle ID="StyleId-C9A9E480-E448-4934-9AF8-3D252792E396-" ALIGN="Left" LEFT="0." RIGHT="0." FIRSTLINE="-12." LINESPACE="11.38000011"/>
<ParagraphStyle ID="StyleId-73039842-464C-49B9-9440-4C0D0E749DFE-" ALIGN="Center" LEFT="0." RIGHT="0." FIRSTLINE="0." LINESPACE="11.10000038"/>
<ParagraphStyle ID="StyleId-C51F6AC2-80DA-4C65-849C-6E2D5F548EA4-" ALIGN="Left" LEFT="0." RIGHT="0." FIRSTLINE="0." LINESPACE="7.699999809"/>
<ParagraphStyle ID="StyleId-494190D9-BDDC-4834-A745-6AF520F91CD0-" ALIGN="Block" LEFT="0." RIGHT="0." FIRSTLINE="-12." LINESPACE="11.22999954"/>
<ParagraphStyle ID="StyleId-68D39D31-3386-4B28-8C90-DA9420961D78-" ALIGN="Left" LEFT="0." RIGHT="0." FIRSTLINE="0." LINESPACE="11.60000038"/>
<ParagraphStyle ID="StyleId-DF0CE7C7-E73E-44FE-8867-C904BD7F3F42-" ALIGN="Block" LEFT="0." RIGHT="0." FIRSTLINE="0." LINESPACE="12.19999981"/>
</Styles>
<Layout>
<Page ID="Page900" PHYSICAL_IMG_NR="900" HEIGHT="4384" WIDTH="2498">
<TopMargin HEIGHT="365" WIDTH="2498" VPOS="0" HPOS="0">
</TopMargin>
<LeftMargin HEIGHT="3660" WIDTH="274" VPOS="365" HPOS="0">
</LeftMargin>
<RightMargin HEIGHT="3660" WIDTH="104" VPOS="365" HPOS="2394">
</RightMargin>
<BottomMargin HEIGHT="359" WIDTH="2498" VPOS="4025" HPOS="0">
<TextBlock ID="Page900_Block1" HEIGHT="143" WIDTH="268" VPOS="4045" HPOS="1226" LANG="en-US" STYLEREFS="StyleId-C88B4E94-32AC-4D73-9FBD-1054DEE37767-">
<TextLine HEIGHT="52" WIDTH="101" VPOS="4065" HPOS="1278">
<String CONTENT="900" HEIGHT="52" WIDTH="101" VPOS="4065" HPOS="1278"/>
</TextLine>
</TextBlock>
</BottomMargin>
<PrintSpace HEIGHT="3660" WIDTH="2120" VPOS="365" HPOS="274">
<TextBlock ID="Page900_Block2" HEIGHT="3660" WIDTH="2120" VPOS="365" HPOS="274" LANG="en-US" CS="1" STYLEREFS="StyleId-1A7FDA6F-9F3D-440C-B9AF-4117C9EE1677-">
<TextLine HEIGHT="64" WIDTH="1028" VPOS="403" HPOS="332" STYLEREFS="StyleId-02178798-CE0B-4A3F-A48A-8905CFFA7743-">
<String CONTENT="Cleaver," HEIGHT="61" WIDTH="262" VPOS="406" HPOS="332"/>
<SP HEIGHT="61" WIDTH="30" VPOS="406" HPOS="595"/>
<String CONTENT="Mrs." HEIGHT="52" WIDTH="138" VPOS="406" HPOS="626"/>
<SP HEIGHT="52" WIDTH="32" VPOS="405" HPOS="765"/>
<String CONTENT="Elinor" HEIGHT="51" WIDTH="202" VPOS="405" HPOS="798"/>
<SP HEIGHT="51" WIDTH="28" VPOS="405" HPOS="1001"/>
<String CONTENT="Raymond." HEIGHT="64" WIDTH="330" VPOS="403" HPOS="1030"/>
</TextLine>
<TextLine HEIGHT="148" WIDTH="1978" VPOS="480" HPOS="323" STYLEREFS="StyleId-49189ED5-4893-4B4C-B1ED-055D8E6C51FF-" CS="1">
<String CS="1" CONTENT="&#8230;"/>
<SP HEIGHT="53" WIDTH="39" VPOS="482" HPOS="456"/>
<String CONTENT="After" HEIGHT="53" WIDTH="177" VPOS="482" HPOS="496"/>
<SP HEIGHT="33" WIDTH="31" VPOS="501" HPOS="674"/>
<String CONTENT="many" HEIGHT="50" WIDTH="173" VPOS="500" HPOS="706"/>
<SP HEIGHT="50" WIDTH="33" VPOS="500" HPOS="880"/>
<String CONTENT="amendments;" HEIGHT="65" WIDTH="419" VPOS="483" HPOS="914"/>
<SP HEIGHT="61" WIDTH="37" VPOS="487" HPOS="1334"/>
<String CONTENT="the" HEIGHT="53" WIDTH="98" VPOS="481" HPOS="1372"/>
<SP HEIGHT="35" WIDTH="31" VPOS="500" HPOS="1471"/>
<String CONTENT="story" HEIGHT="63" WIDTH="158" VPOS="487" HPOS="1503"/>
<SP HEIGHT="50" WIDTH="34" VPOS="500" HPOS="1662"/>
<String CONTENT="of" HEIGHT="53" WIDTH="65" VPOS="480" HPOS="1697"/>
<SP HEIGHT="53" WIDTH="33" VPOS="480" HPOS="1763"/>
<String CONTENT="another" HEIGHT="52" WIDTH="238" VPOS="481" HPOS="1797"/>
<SP HEIGHT="48" WIDTH="35" VPOS="500" HPOS="2036"/>
<String CONTENT="prohibition," HEIGHT="147" WIDTH="1978" VPOS="481" HPOS="323"/>
</TextLine>
<TextLine HEIGHT="136" WIDTH="1979" VPOS="556" HPOS="323" STYLEREFS="StyleId-49189ED5-4893-4B4C-B1ED-055D8E6C51FF-" CS="1">
<String CONTENT="by" HEIGHT="65" WIDTH="75" VPOS="561" HPOS="500"/>
<SP HEIGHT="65" WIDTH="35" VPOS="561" HPOS="576"/>
<String CONTENT="Elinor" HEIGHT="52" WIDTH="206" VPOS="561" HPOS="612"/>
<SP HEIGHT="51" WIDTH="36" VPOS="561" HPOS="819"/>
<String CONTENT="Raymond" HEIGHT="68" WIDTH="304" VPOS="561" HPOS="856"/>
<SP HEIGHT="54" WIDTH="38" VPOS="559" HPOS="1161"/>
<String CONTENT="Cleaver," HEIGHT="66" WIDTH="256" VPOS="559" HPOS="1200"/>
<SP HEIGHT="48" WIDTH="36" VPOS="577" HPOS="1457"/>
<String CONTENT="with" HEIGHT="52" WIDTH="141" VPOS="559" HPOS="1494"/>
<SP HEIGHT="52" WIDTH="37" VPOS="559" HPOS="1636"/>
<String CONTENT="a" HEIGHT="33" WIDTH="31" VPOS="578" HPOS="1674"/>
<SP HEIGHT="53" WIDTH="40" VPOS="558" HPOS="1706"/>
<String CONTENT="foreword" HEIGHT="53" WIDTH="285" VPOS="558" HPOS="1747"/>
<SP HEIGHT="53" WIDTH="37" VPOS="559" HPOS="2033"/>
<String CONTENT="by" HEIGHT="68" WIDTH="76" VPOS="559" HPOS="2071"/>
<SP HEIGHT="67" WIDTH="35" VPOS="560" HPOS="2148"/>
<String CONTENT="William" HEIGHT="136" WIDTH="1979" VPOS="556" HPOS="323"/>
</TextLine>
<TextLine HEIGHT="71" WIDTH="1759" VPOS="636" HPOS="493" STYLEREFS="StyleId-49189ED5-4893-4B4C-B1ED-055D8E6C51FF-" CS="1">
<String CONTENT="H." HEIGHT="52" WIDTH="78" VPOS="640" HPOS="493"/>
<SP HEIGHT="55" WIDTH="35" VPOS="638" HPOS="572"/>
<String CONTENT="Stayton" HEIGHT="69" WIDTH="247" VPOS="638" HPOS="608"/>
<SP HEIGHT="33" WIDTH="35" VPOS="657" HPOS="856"/>
<String CS="1" CONTENT="&#8230;"/>
<SP HEIGHT="52" WIDTH="76" VPOS="638" HPOS="951"/>
<String CONTENT="New" HEIGHT="52" WIDTH="139" VPOS="638" HPOS="1028"/>
<SP HEIGHT="52" WIDTH="33" VPOS="638" HPOS="1168"/>
<String CONTENT="York," HEIGHT="68" WIDTH="182" VPOS="636" HPOS="1202"/>
<SP HEIGHT="66" WIDTH="31" VPOS="638" HPOS="1385"/>
<String CONTENT="The" HEIGHT="52" WIDTH="122" VPOS="638" HPOS="1417"/>
<SP HEIGHT="54" WIDTH="32" VPOS="636" HPOS="1540"/>
<String CONTENT="Grafton" HEIGHT="54" WIDTH="256" VPOS="636" HPOS="1573"/>
<SP HEIGHT="49" WIDTH="30" VPOS="655" HPOS="1830"/>
<String CONTENT="press" HEIGHT="49" WIDTH="157" VPOS="655" HPOS="1861"/>
<SP HEIGHT="47" WIDTH="40" VPOS="656" HPOS="2019"/>
<String CS="1" CONTENT="["/>
<String STYLE="superscript" CS="1" CONTENT="&#7580;1"/>
<String CONTENT="928]" HEIGHT="64" WIDTH="118" VPOS="639" HPOS="2134"/>
</TextLine>
<TextLine HEIGHT="50" WIDTH="1472" VPOS="719" HPOS="394" STYLEREFS="StyleId-49189ED5-4893-4B4C-B1ED-055D8E6C51FF-" CS="1">
<String CONTENT="viii," HEIGHT="47" WIDTH="101" VPOS="721" HPOS="394"/>
<SP HEIGHT="46" WIDTH="30" VPOS="722" HPOS="496"/>
<String CONTENT="295," HEIGHT="46" WIDTH="98" VPOS="721" HPOS="527"/>
<SP HEIGHT="29" WIDTH="34" VPOS="740" HPOS="626"/>
<String CONTENT="[1]" HEIGHT="48" WIDTH="54" VPOS="721" HPOS="661"/>
<SP HEIGHT="37" WIDTH="31" VPOS="731" HPOS="716"/>
<String CONTENT="p." HEIGHT="37" WIDTH="43" VPOS="731" HPOS="748"/>
<SP HEIGHT="40" WIDTH="58" VPOS="721" HPOS="792"/>
<String CS="1" CONTENT="19&#189;&#7580;&#7504;." HEIGHT="41" WIDTH="146" VPOS="720" HPOS="851"/>
<SP HEIGHT="46" WIDTH="68" VPOS="720" HPOS="998"/>
<String CONTENT="(The" HEIGHT="46" WIDTH="126" VPOS="720" HPOS="1067"/>
<SP HEIGHT="38" WIDTH="28" VPOS="730" HPOS="1194"/>
<String CONTENT="personal" HEIGHT="48" WIDTH="227" VPOS="720" HPOS="1223"/>
<SP HEIGHT="38" WIDTH="27" VPOS="720" HPOS="1451"/>
<String CONTENT="liberty" HEIGHT="45" WIDTH="179" VPOS="719" HPOS="1479"/>
<SP HEIGHT="34" WIDTH="31" VPOS="730" HPOS="1659"/>
<String CONTENT="series)" HEIGHT="42" WIDTH="175" VPOS="719" HPOS="1691"/>
</TextLine>
<TextLine HEIGHT="52" WIDTH="1995" VPOS="775" HPOS="333">
<String CONTENT="&#169;" HEIGHT="52" WIDTH="51" VPOS="775" HPOS="333"/>
<SP HEIGHT="52" WIDTH="22" VPOS="775" HPOS="385"/>
<String CONTENT="Apr." HEIGHT="48" WIDTH="115" VPOS="779" HPOS="408"/>
<SP HEIGHT="42" WIDTH="21" VPOS="779" HPOS="524"/>
<String CONTENT="21," HEIGHT="48" WIDTH="70" VPOS="779" HPOS="546"/>
<SP HEIGHT="48" WIDTH="23" VPOS="779" HPOS="617"/>
<String CONTENT="1928;" HEIGHT="47" WIDTH="140" VPOS="778" HPOS="641"/>
<SP HEIGHT="47" WIDTH="23" VPOS="778" HPOS="782"/>
<String CONTENT="2c." HEIGHT="41" WIDTH="69" VPOS="778" HPOS="806"/>
<SP HEIGHT="31" WIDTH="22" VPOS="788" HPOS="876"/>
<String CONTENT="and" HEIGHT="40" WIDTH="97" VPOS="778" HPOS="899"/>
<SP HEIGHT="40" WIDTH="22" VPOS="778" HPOS="997"/>
<String CONTENT="aff." HEIGHT="43" WIDTH="82" VPOS="776" HPOS="1020"/>
<SP HEIGHT="41" WIDTH="23" VPOS="778" HPOS="1103"/>
<String CONTENT="May" HEIGHT="47" WIDTH="115" VPOS="778" HPOS="1127"/>
<SP HEIGHT="48" WIDTH="21" VPOS="777" HPOS="1243"/>
<String CONTENT="29;" HEIGHT="48" WIDTH="83" VPOS="776" HPOS="1265"/>
<SP HEIGHT="48" WIDTH="25" VPOS="776" HPOS="1349"/>
<!-- cceid 2231CBD6-6CB2-1014-A20E-B9D6251C946A --><String CONTENT="A" HEIGHT="40" WIDTH="42" VPOS="776" HPOS="1375"/>
<SP HEIGHT="40" WIDTH="21" VPOS="776" HPOS="1418"/>
<String CONTENT="1077520;" HEIGHT="46" WIDTH="229" VPOS="775" HPOS="1440"/>
<SP HEIGHT="44" WIDTH="27" VPOS="777" HPOS="1670"/>
<String CONTENT="E." HEIGHT="40" WIDTH="52" VPOS="777" HPOS="1698"/>
<SP HEIGHT="41" WIDTH="25" VPOS="776" HPOS="1751"/>
<String CONTENT="R." HEIGHT="41" WIDTH="56" VPOS="776" HPOS="1777"/>
<SP HEIGHT="41" WIDTH="24" VPOS="776" HPOS="1834"/>
<String CONTENT="Cleaver," HEIGHT="48" WIDTH="217" VPOS="776" HPOS="1859"/>
<SP HEIGHT="48" WIDTH="25" VPOS="776" HPOS="2077"/>
<String CONTENT="Bayside," HEIGHT="48" WIDTH="225" VPOS="775" HPOS="2103"/>
</TextLine>
<TextLine HEIGHT="50" WIDTH="651" VPOS="834" HPOS="399">
<String CONTENT="L." HEIGHT="40" WIDTH="52" VPOS="836" HPOS="399"/>
<SP HEIGHT="39" WIDTH="26" VPOS="837" HPOS="452"/>
<String CONTENT="I.," HEIGHT="47" WIDTH="53" VPOS="837" HPOS="479"/>
<SP HEIGHT="47" WIDTH="26" VPOS="837" HPOS="533"/>
<String CONTENT="N." HEIGHT="40" WIDTH="56" VPOS="837" HPOS="560"/>
<SP HEIGHT="41" WIDTH="26" VPOS="836" HPOS="617"/>
<String CONTENT="Y." HEIGHT="39" WIDTH="53" VPOS="836" HPOS="644"/>
<SP HEIGHT="49" WIDTH="69" VPOS="835" HPOS="698"/>
<String CONTENT="(28-15160)" HEIGHT="50" WIDTH="282" VPOS="834" HPOS="768"/>
</TextLine>
<TextLine HEIGHT="64" WIDTH="1060" VPOS="928" HPOS="332" STYLEREFS="StyleId-49189ED5-4893-4B4C-B1ED-055D8E6C51FF-">
<String LANG="en-US" CONTENT="Connelley," HEIGHT="63" WIDTH="333" VPOS="929" HPOS="332"/>
<SP HEIGHT="62" WIDTH="31" VPOS="930" HPOS="666"/>
<String LANG="en-US" CONTENT="William" HEIGHT="55" WIDTH="257" VPOS="928" HPOS="698"/>
<SP HEIGHT="51" WIDTH="30" VPOS="929" HPOS="956"/>
<String LANG="de" CONTENT="Elsey," HEIGHT="63" WIDTH="196" VPOS="928" HPOS="987"/>
<SP HEIGHT="60" WIDTH="35" VPOS="931" HPOS="1184"/>
<String LANG="en-US" CONTENT="1855-" HEIGHT="49" WIDTH="172" VPOS="931" HPOS="1220"/>
</TextLine>
<TextLine HEIGHT="72" WIDTH="1933" VPOS="1004" HPOS="399" STYLEREFS="StyleId-49189ED5-4893-4B4C-B1ED-055D8E6C51FF-">
<String CONTENT="History" HEIGHT="69" WIDTH="247" VPOS="1007" HPOS="399"/>
<SP HEIGHT="51" WIDTH="40" VPOS="1025" HPOS="647"/>
<String CONTENT="of" HEIGHT="54" WIDTH="64" VPOS="1006" HPOS="688"/>
<SP HEIGHT="53" WIDTH="38" VPOS="1006" HPOS="753"/>
<String CONTENT="Kansas," HEIGHT="68" WIDTH="246" VPOS="1006" HPOS="792"/>
<SP HEIGHT="48" WIDTH="42" VPOS="1026" HPOS="1039"/>
<String CONTENT="state" HEIGHT="49" WIDTH="145" VPOS="1010" HPOS="1082"/>
<SP HEIGHT="34" WIDTH="44" VPOS="1025" HPOS="1228"/>
<String CONTENT="and" HEIGHT="53" WIDTH="114" VPOS="1006" HPOS="1273"/>
<SP HEIGHT="68" WIDTH="41" VPOS="1006" HPOS="1388"/>
<String CONTENT="people," HEIGHT="68" WIDTH="220" VPOS="1006" HPOS="1430"/>
<SP HEIGHT="68" WIDTH="39" VPOS="1005" HPOS="1651"/>
<String CONTENT="Kansas" HEIGHT="53" WIDTH="230" VPOS="1005" HPOS="1691"/>
<SP HEIGHT="34" WIDTH="42" VPOS="1024" HPOS="1922"/>
<String CONTENT="at" HEIGHT="48" WIDTH="58" VPOS="1010" HPOS="1965"/>
<SP HEIGHT="48" WIDTH="42" VPOS="1010" HPOS="2024"/>
<String CONTENT="the" HEIGHT="54" WIDTH="99" VPOS="1005" HPOS="2067"/>
<SP HEIGHT="55" WIDTH="39" VPOS="1004" HPOS="2167"/>
<String CONTENT="first" HEIGHT="55" WIDTH="125" VPOS="1004" HPOS="2207"/>
</TextLine>
<TextLine HEIGHT="70" WIDTH="2003" VPOS="1083" HPOS="329" STYLEREFS="StyleId-49189ED5-4893-4B4C-B1ED-055D8E6C51FF-">
<String CONTENT="quarter" HEIGHT="62" WIDTH="231" VPOS="1091" HPOS="329"/>
<SP HEIGHT="49" WIDTH="34" VPOS="1104" HPOS="561"/>
<String CONTENT="post" HEIGHT="62" WIDTH="129" VPOS="1091" HPOS="596"/>
<SP HEIGHT="47" WIDTH="33" VPOS="1091" HPOS="726"/>
<String CONTENT="of" HEIGHT="55" WIDTH="65" VPOS="1083" HPOS="760"/>
<SP HEIGHT="54" WIDTH="31" VPOS="1083" HPOS="826"/>
<String CONTENT="the" HEIGHT="52" WIDTH="96" VPOS="1085" HPOS="858"/>
<SP HEIGHT="46" WIDTH="32" VPOS="1091" HPOS="955"/>
<String CONTENT="twentieth" HEIGHT="53" WIDTH="299" VPOS="1084" HPOS="988"/>
<SP HEIGHT="52" WIDTH="36" VPOS="1085" HPOS="1288"/>
<String CONTENT="century;" HEIGHT="64" WIDTH="265" VPOS="1089" HPOS="1325"/>
<SP HEIGHT="49" WIDTH="37" VPOS="1102" HPOS="1591"/>
<String CONTENT="written" HEIGHT="53" WIDTH="232" VPOS="1083" HPOS="1629"/>
<SP HEIGHT="35" WIDTH="34" VPOS="1101" HPOS="1862"/>
<String CONTENT="and" HEIGHT="53" WIDTH="115" VPOS="1083" HPOS="1897"/>
<SP HEIGHT="54" WIDTH="34" VPOS="1083" HPOS="2013"/>
<String CONTENT="compiled" HEIGHT="69" WIDTH="284" VPOS="1083" HPOS="2048"/>
</TextLine>
<TextLine HEIGHT="72" WIDTH="2003" VPOS="1161" HPOS="329" STYLEREFS="StyleId-49189ED5-4893-4B4C-B1ED-055D8E6C51FF-" CS="1">
<String CONTENT="by" HEIGHT="70" WIDTH="75" VPOS="1163" HPOS="329"/>
<SP HEIGHT="69" WIDTH="36" VPOS="1164" HPOS="405"/>
<String CONTENT="William" HEIGHT="54" WIDTH="262" VPOS="1163" HPOS="442"/>
<SP HEIGHT="52" WIDTH="38" VPOS="1163" HPOS="705"/>
<String CONTENT="E." HEIGHT="52" WIDTH="68" VPOS="1163" HPOS="744"/>
<SP HEIGHT="55" WIDTH="41" VPOS="1162" HPOS="813"/>
<String CONTENT="Connelley" HEIGHT="69" WIDTH="311" VPOS="1162" HPOS="855"/>
<SP HEIGHT="51" WIDTH="45" VPOS="1180" HPOS="1167"/>
<String CS="1" CONTENT="&#8230;"/>
<SP HEIGHT="52" WIDTH="80" VPOS="1163" HPOS="1270"/>
<String CONTENT="Kansas" HEIGHT="52" WIDTH="227" VPOS="1163" HPOS="1351"/>
<SP HEIGHT="53" WIDTH="37" VPOS="1162" HPOS="1579"/>
<String CONTENT="biography," HEIGHT="69" WIDTH="344" VPOS="1162" HPOS="1617"/>
<SP HEIGHT="68" WIDTH="39" VPOS="1161" HPOS="1962"/>
<String CONTENT="by" HEIGHT="71" WIDTH="78" VPOS="1161" HPOS="2002"/>
<SP HEIGHT="52" WIDTH="38" VPOS="1180" HPOS="2081"/>
<String CONTENT="special" HEIGHT="68" WIDTH="212" VPOS="1162" HPOS="2120"/>
</TextLine>
<TextLine HEIGHT="149" WIDTH="1978" VPOS="1239" HPOS="329" STYLEREFS="StyleId-49189ED5-4893-4B4C-B1ED-055D8E6C51FF-" CS="1">
<String CONTENT="staff" HEIGHT="54" WIDTH="136" VPOS="1240" HPOS="329"/>
<SP HEIGHT="54" WIDTH="21" VPOS="1240" HPOS="466"/>
<String CONTENT="of" HEIGHT="54" WIDTH="65" VPOS="1240" HPOS="488"/>
<SP HEIGHT="53" WIDTH="20" VPOS="1240" HPOS="554"/>
<String CONTENT="writers" HEIGHT="53" WIDTH="223" VPOS="1241" HPOS="575"/>
<SP HEIGHT="33" WIDTH="28" VPOS="1261" HPOS="799"/>
<String CS="1" CONTENT="&#8230;"/>
<SP HEIGHT="54" WIDTH="65" VPOS="1240" HPOS="886"/>
<String CONTENT="Chicago," HEIGHT="69" WIDTH="271" VPOS="1240" HPOS="952"/>
<SP HEIGHT="67" WIDTH="25" VPOS="1241" HPOS="1224"/>
<String CONTENT="New" HEIGHT="52" WIDTH="139" VPOS="1241" HPOS="1250"/>
<SP HEIGHT="52" WIDTH="23" VPOS="1241" HPOS="1390"/>
<String CONTENT="York," HEIGHT="69" WIDTH="181" VPOS="1240" HPOS="1414"/>
<SP HEIGHT="68" WIDTH="24" VPOS="1241" HPOS="1596"/>
<String CONTENT="The" HEIGHT="53" WIDTH="123" VPOS="1240" HPOS="1621"/>
<SP HEIGHT="53" WIDTH="23" VPOS="1240" HPOS="1745"/>
<String CONTENT="American" HEIGHT="54" WIDTH="310" VPOS="1239" HPOS="1769"/>
<SP HEIGHT="54" WIDTH="20" VPOS="1239" HPOS="2080"/>
<String CONTENT="historical" HEIGHT="132" WIDTH="1978" VPOS="1239" HPOS="329"/>
<SP HEIGHT="53" WIDTH="26" VPOS="1319" HPOS="417"/>
<String CONTENT="society," HEIGHT="70" WIDTH="229" VPOS="1318" HPOS="444"/>
<SP HEIGHT="69" WIDTH="26" VPOS="1318" HPOS="674"/>
<String CONTENT="inc.," HEIGHT="69" WIDTH="127" VPOS="1318" HPOS="701"/>
<SP HEIGHT="64" WIDTH="30" VPOS="1323" HPOS="829"/>
<String CONTENT="1928." HEIGHT="50" WIDTH="151" VPOS="1322" HPOS="860"/>
</TextLine>
<TextLine HEIGHT="50" WIDTH="1400" VPOS="1399" HPOS="400" CS="1">
<String CONTENT="5" HEIGHT="40" WIDTH="26" VPOS="1400" HPOS="400"/>
<SP/>
<String CS="1" CONTENT="v." HEIGHT="9" WIDTH="10" VPOS="1432" HPOS="490"/>
<SP HEIGHT="41" WIDTH="56" VPOS="1400" HPOS="501"/>
<String CONTENT="front.," HEIGHT="47" WIDTH="165" VPOS="1400" HPOS="558"/>
<SP HEIGHT="47" WIDTH="29" VPOS="1400" HPOS="724"/>
<String CONTENT="illus.," HEIGHT="47" WIDTH="145" VPOS="1400" HPOS="754"/>
<SP HEIGHT="38" WIDTH="27" VPOS="1411" HPOS="900"/>
<String CONTENT="ports.," HEIGHT="47" WIDTH="164" VPOS="1402" HPOS="928"/>
<SP HEIGHT="37" WIDTH="28" VPOS="1411" HPOS="1093"/>
<String CONTENT="maps" HEIGHT="38" WIDTH="140" VPOS="1411" HPOS="1122"/>
<SP HEIGHT="49" WIDTH="39" VPOS="1400" HPOS="1263"/>
<String CONTENT="(part" HEIGHT="49" WIDTH="137" VPOS="1400" HPOS="1303"/>
<SP HEIGHT="41" WIDTH="27" VPOS="1400" HPOS="1441"/>
<String CONTENT="fold.)" HEIGHT="49" WIDTH="145" VPOS="1399" HPOS="1469"/>
<SP HEIGHT="49" WIDTH="65" VPOS="1399" HPOS="1615"/>
<String CS="1" CONTENT="26&#7580;&#7504;." HEIGHT="41" WIDTH="119" VPOS="1400" HPOS="1681"/>
</TextLine>
<TextLine HEIGHT="48" WIDTH="550" VPOS="1457" HPOS="398">
<String CONTENT="Paged" HEIGHT="47" WIDTH="165" VPOS="1458" HPOS="398"/>
<SP HEIGHT="39" WIDTH="27" VPOS="1458" HPOS="564"/>
<String CONTENT="continuously." HEIGHT="48" WIDTH="356" VPOS="1457" HPOS="592"/>
</TextLine>
<TextLine HEIGHT="49" WIDTH="1107" VPOS="1513" HPOS="399">
<String CONTENT="Vols." HEIGHT="41" WIDTH="131" VPOS="1514" HPOS="399"/>
<SP HEIGHT="41" WIDTH="27" VPOS="1514" HPOS="531"/>
<String CONTENT="3-5" HEIGHT="41" WIDTH="86" VPOS="1513" HPOS="559"/>
<SP HEIGHT="41" WIDTH="27" VPOS="1513" HPOS="646"/>
<String CONTENT="contain" HEIGHT="40" WIDTH="197" VPOS="1514" HPOS="674"/>
<SP HEIGHT="39" WIDTH="26" VPOS="1515" HPOS="872"/>
<String CONTENT="biographical" HEIGHT="48" WIDTH="335" VPOS="1514" HPOS="899"/>
<SP HEIGHT="39" WIDTH="27" VPOS="1515" HPOS="1235"/>
<String CONTENT="material." HEIGHT="41" WIDTH="243" VPOS="1514" HPOS="1263"/>
</TextLine>
<TextLine HEIGHT="48" WIDTH="1439" VPOS="1570" HPOS="403">
<String CONTENT="&#8220;Authorities&#8221;" HEIGHT="41" WIDTH="365" VPOS="1570" HPOS="403"/>
<SP HEIGHT="41" WIDTH="23" VPOS="1570" HPOS="769"/>
<String CONTENT="at" HEIGHT="38" WIDTH="53" VPOS="1573" HPOS="793"/>
<SP HEIGHT="38" WIDTH="22" VPOS="1573" HPOS="847"/>
<String CONTENT="end" HEIGHT="39" WIDTH="93" VPOS="1572" HPOS="870"/>
<SP HEIGHT="39" WIDTH="21" VPOS="1572" HPOS="964"/>
<String CONTENT="of" HEIGHT="40" WIDTH="52" VPOS="1571" HPOS="986"/>
<SP HEIGHT="40" WIDTH="23" VPOS="1571" HPOS="1039"/>
<String CONTENT="some" HEIGHT="29" WIDTH="131" VPOS="1582" HPOS="1063"/>
<SP HEIGHT="29" WIDTH="22" VPOS="1582" HPOS="1195"/>
<String CONTENT="of" HEIGHT="40" WIDTH="53" VPOS="1571" HPOS="1218"/>
<SP HEIGHT="41" WIDTH="23" VPOS="1571" HPOS="1272"/>
<String CONTENT="the" HEIGHT="40" WIDTH="82" VPOS="1572" HPOS="1296"/>
<SP HEIGHT="29" WIDTH="23" VPOS="1582" HPOS="1379"/>
<String CONTENT="chapters" HEIGHT="46" WIDTH="226" VPOS="1572" HPOS="1403"/>
<SP HEIGHT="29" WIDTH="24" VPOS="1582" HPOS="1630"/>
<String CONTENT="of" HEIGHT="41" WIDTH="53" VPOS="1570" HPOS="1655"/>
<SP HEIGHT="40" WIDTH="23" VPOS="1570" HPOS="1709"/>
<String CONTENT="v." HEIGHT="29" WIDTH="43" VPOS="1582" HPOS="1733"/>
<SP HEIGHT="40" WIDTH="22" VPOS="1571" HPOS="1777"/>
<String CONTENT="1." HEIGHT="40" WIDTH="42" VPOS="1571" HPOS="1800"/>
</TextLine>
<TextLine HEIGHT="111" WIDTH="1979" VPOS="1624" HPOS="334" CS="1">
<String CONTENT="&#169;" HEIGHT="52" WIDTH="51" VPOS="1624" HPOS="334"/>
<SP HEIGHT="52" WIDTH="30" VPOS="1624" HPOS="386"/>
<String CONTENT="May" HEIGHT="47" WIDTH="114" VPOS="1630" HPOS="417"/>
<SP HEIGHT="48" WIDTH="25" VPOS="1629" HPOS="532"/>
<String CONTENT="21," HEIGHT="48" WIDTH="69" VPOS="1629" HPOS="558"/>
<SP HEIGHT="48" WIDTH="27" VPOS="1629" HPOS="628"/>
<String CS="1" CONTENT="1928;" HEIGHT="41" WIDTH="117" VPOS="1628" HPOS="656"/>
<SP HEIGHT="47" WIDTH="28" VPOS="1629" HPOS="799"/>
<String CONTENT="2c." HEIGHT="41" WIDTH="68" VPOS="1629" HPOS="828"/>
<SP HEIGHT="31" WIDTH="28" VPOS="1639" HPOS="897"/>
<String CONTENT="each" HEIGHT="39" WIDTH="118" VPOS="1630" HPOS="926"/>
<SP HEIGHT="40" WIDTH="27" VPOS="1629" HPOS="1045"/>
<String CONTENT="June" HEIGHT="41" WIDTH="128" VPOS="1629" HPOS="1073"/>
<SP HEIGHT="40" WIDTH="25" VPOS="1630" HPOS="1202"/>
<String CONTENT="14;" HEIGHT="46" WIDTH="84" VPOS="1630" HPOS="1228"/>
<SP HEIGHT="37" WIDTH="29" VPOS="1639" HPOS="1313"/>
<String CONTENT="aff." HEIGHT="42" WIDTH="83" VPOS="1628" HPOS="1343"/>
<SP HEIGHT="40" WIDTH="28" VPOS="1630" HPOS="1427"/>
<String CONTENT="May" HEIGHT="47" WIDTH="114" VPOS="1630" HPOS="1456"/>
<SP HEIGHT="47" WIDTH="25" VPOS="1630" HPOS="1571"/>
<String CONTENT="25;" HEIGHT="46" WIDTH="84" VPOS="1629" HPOS="1597"/>
<SP HEIGHT="46" WIDTH="30" VPOS="1629" HPOS="1682"/>
<!-- cceid 223240A6-6CB2-1014-A20E-B9D6251C946A --><String CONTENT="A" HEIGHT="39" WIDTH="42" VPOS="1629" HPOS="1713"/>
<SP HEIGHT="39" WIDTH="26" VPOS="1629" HPOS="1756"/>
<String CONTENT="1082009;" HEIGHT="48" WIDTH="230" VPOS="1628" HPOS="1783"/>
<SP HEIGHT="47" WIDTH="30" VPOS="1629" HPOS="2014"/>
<String CONTENT="Amer." HEIGHT="42" WIDTH="161" VPOS="1629" HPOS="2045"/>
<SP HEIGHT="42" WIDTH="28" VPOS="1629" HPOS="2207"/>
<String CONTENT="historical" HEIGHT="97" WIDTH="1914" VPOS="1629" HPOS="399"/>
<SP HEIGHT="39" WIDTH="21" VPOS="1687" HPOS="576"/>
<String CONTENT="soc.," HEIGHT="37" WIDTH="107" VPOS="1696" HPOS="598"/>
<SP HEIGHT="47" WIDTH="21" VPOS="1686" HPOS="706"/>
<String CONTENT="inc." HEIGHT="41" WIDTH="92" VPOS="1686" HPOS="728"/>
<SP HEIGHT="49" WIDTH="69" VPOS="1686" HPOS="821"/>
<String CONTENT="(28-15174)" HEIGHT="50" WIDTH="281" VPOS="1685" HPOS="891"/>
</TextLine>
<TextLine HEIGHT="65" WIDTH="621" VPOS="1778" HPOS="329" STYLEREFS="StyleId-02178798-CE0B-4A3F-A48A-8905CFFA7743-">
<String CONTENT="Crofton," HEIGHT="64" WIDTH="270" VPOS="1778" HPOS="329"/>
<SP HEIGHT="63" WIDTH="28" VPOS="1779" HPOS="600"/>
<String CONTENT="Algernon." HEIGHT="64" WIDTH="321" VPOS="1779" HPOS="629"/>
</TextLine>
<TextLine HEIGHT="130" WIDTH="1985" VPOS="1857" HPOS="322" STYLEREFS="StyleId-49189ED5-4893-4B4C-B1ED-055D8E6C51FF-" CS="1">
<String CONTENT="The" HEIGHT="52" WIDTH="122" VPOS="1858" HPOS="395"/>
<SP HEIGHT="50" WIDTH="25" VPOS="1876" HPOS="518"/>
<String CONTENT="goat&#8217;s" HEIGHT="67" WIDTH="181" VPOS="1859" HPOS="544"/>
<SP HEIGHT="53" WIDTH="24" VPOS="1858" HPOS="726"/>
<String CONTENT="hoof," HEIGHT="68" WIDTH="158" VPOS="1857" HPOS="751"/>
<SP HEIGHT="67" WIDTH="25" VPOS="1858" HPOS="910"/>
<String CONTENT="by" HEIGHT="69" WIDTH="77" VPOS="1858" HPOS="936"/>
<SP HEIGHT="69" WIDTH="23" VPOS="1858" HPOS="1014"/>
<String CONTENT="Algernon" HEIGHT="69" WIDTH="300" VPOS="1858" HPOS="1038"/>
<SP HEIGHT="54" WIDTH="28" VPOS="1858" HPOS="1339"/>
<String CONTENT="Crofton," HEIGHT="69" WIDTH="265" VPOS="1857" HPOS="1368"/>
<SP HEIGHT="67" WIDTH="25" VPOS="1859" HPOS="1634"/>
<String CONTENT="illustrations" HEIGHT="53" WIDTH="383" VPOS="1859" HPOS="1660"/>
<SP HEIGHT="53" WIDTH="25" VPOS="1860" HPOS="2044"/>
<String CONTENT="by" HEIGHT="69" WIDTH="77" VPOS="1860" HPOS="2070"/>
<SP HEIGHT="67" WIDTH="25" VPOS="1862" HPOS="2148"/>
<String CONTENT="Donald" HEIGHT="125" WIDTH="1985" VPOS="1862" HPOS="322"/>
</TextLine>
<TextLine HEIGHT="69" WIDTH="1123" VPOS="1934" HPOS="448" STYLEREFS="StyleId-49189ED5-4893-4B4C-B1ED-055D8E6C51FF-">
<String CONTENT="Denton." HEIGHT="53" WIDTH="247" VPOS="1934" HPOS="448"/>
<SP HEIGHT="55" WIDTH="76" VPOS="1934" HPOS="696"/>
<String CONTENT="Chicago," HEIGHT="69" WIDTH="270" VPOS="1934" HPOS="773"/>
<SP HEIGHT="66" WIDTH="28" VPOS="1936" HPOS="1044"/>
<String CONTENT="P." HEIGHT="51" WIDTH="65" VPOS="1936" HPOS="1073"/>
<SP HEIGHT="55" WIDTH="32" VPOS="1934" HPOS="1139"/>
<String CONTENT="Covici," HEIGHT="69" WIDTH="216" VPOS="1934" HPOS="1172"/>
<SP HEIGHT="64" WIDTH="31" VPOS="1939" HPOS="1389"/>
<String CONTENT="1928." HEIGHT="50" WIDTH="150" VPOS="1938" HPOS="1421"/>
</TextLine>
<TextLine HEIGHT="48" WIDTH="845" VPOS="2017" HPOS="395" CS="1">
<String CONTENT="246" HEIGHT="39" WIDTH="88" VPOS="2018" HPOS="395"/>
<SP HEIGHT="47" WIDTH="23" VPOS="2018" HPOS="484"/>
<String CONTENT="p." HEIGHT="36" WIDTH="43" VPOS="2029" HPOS="508"/>
<SP HEIGHT="41" WIDTH="26" VPOS="2017" HPOS="552"/>
<String CONTENT="incl." HEIGHT="40" WIDTH="110" VPOS="2017" HPOS="579"/>
<SP HEIGHT="39" WIDTH="22" VPOS="2018" HPOS="690"/>
<String CONTENT="front.," HEIGHT="47" WIDTH="164" VPOS="2018" HPOS="713"/>
<SP HEIGHT="48" WIDTH="25" VPOS="2017" HPOS="878"/>
<String CONTENT="illus." HEIGHT="40" WIDTH="129" VPOS="2017" HPOS="904"/>
<SP HEIGHT="39" WIDTH="59" VPOS="2018" HPOS="1034"/>
<String CS="1" CONTENT="19&#189;&#7580;&#7504;." HEIGHT="41" WIDTH="146" VPOS="2017" HPOS="1094"/>
</TextLine>
<TextLine HEIGHT="53" WIDTH="1997" VPOS="2071" HPOS="334">
<String CONTENT="&#169;" HEIGHT="52" WIDTH="52" VPOS="2071" HPOS="334"/>
<SP HEIGHT="52" WIDTH="24" VPOS="2071" HPOS="387"/>
<String CONTENT="Feb." HEIGHT="41" WIDTH="112" VPOS="2074" HPOS="412"/>
<SP HEIGHT="39" WIDTH="22" VPOS="2076" HPOS="525"/>
<String CONTENT="14," HEIGHT="46" WIDTH="68" VPOS="2076" HPOS="548"/>
<SP HEIGHT="47" WIDTH="22" VPOS="2075" HPOS="617"/>
<String CONTENT="1928;" HEIGHT="47" WIDTH="140" VPOS="2074" HPOS="640"/>
<SP HEIGHT="45" WIDTH="23" VPOS="2076" HPOS="781"/>
<String CONTENT="2c." HEIGHT="39" WIDTH="68" VPOS="2076" HPOS="805"/>
<SP HEIGHT="29" WIDTH="23" VPOS="2086" HPOS="874"/>
<String CONTENT="and" HEIGHT="39" WIDTH="96" VPOS="2076" HPOS="898"/>
<SP HEIGHT="39" WIDTH="21" VPOS="2076" HPOS="995"/>
<String CONTENT="aff." HEIGHT="41" WIDTH="82" VPOS="2074" HPOS="1017"/>
<SP HEIGHT="40" WIDTH="22" VPOS="2075" HPOS="1100"/>
<String CONTENT="June" HEIGHT="40" WIDTH="128" VPOS="2075" HPOS="1123"/>
<SP HEIGHT="39" WIDTH="21" VPOS="2076" HPOS="1252"/>
<String CONTENT="7;" HEIGHT="45" WIDTH="51" VPOS="2076" HPOS="1274"/>
<SP HEIGHT="45" WIDTH="26" VPOS="2076" HPOS="1326"/>
<!-- cceid 2232B91E-6CB2-1014-A20E-B9D6251C946A --><String CONTENT="A" HEIGHT="39" WIDTH="42" VPOS="2076" HPOS="1353"/>
<SP HEIGHT="39" WIDTH="19" VPOS="2076" HPOS="1396"/>
<String CONTENT="1074916;" HEIGHT="48" WIDTH="230" VPOS="2075" HPOS="1416"/>
<SP HEIGHT="47" WIDTH="25" VPOS="2076" HPOS="1647"/>
<String CONTENT="Pascal" HEIGHT="40" WIDTH="175" VPOS="2076" HPOS="1673"/>
<SP HEIGHT="40" WIDTH="24" VPOS="2076" HPOS="1849"/>
<String CONTENT="Covici," HEIGHT="48" WIDTH="177" VPOS="2076" HPOS="1874"/>
<SP HEIGHT="37" WIDTH="17" VPOS="2087" HPOS="2052"/>
<String CONTENT="pubr.," HEIGHT="47" WIDTH="152" VPOS="2077" HPOS="2070"/>
<SP HEIGHT="47" WIDTH="16" VPOS="2077" HPOS="2223"/>
<String CONTENT="inc." HEIGHT="40" WIDTH="91" VPOS="2077" HPOS="2240"/>
</TextLine>
<TextLine HEIGHT="50" WIDTH="283" VPOS="2131" HPOS="410">
<String CONTENT="(28-14555)" HEIGHT="50" WIDTH="283" VPOS="2131" HPOS="410"/>
</TextLine>
<TextLine HEIGHT="63" WIDTH="626" VPOS="2225" HPOS="323" STYLEREFS="StyleId-02178798-CE0B-4A3F-A48A-8905CFFA7743-" CS="1">
<String LANG="en-US" CS="1" CONTENT="Damer," HEIGHT="63" WIDTH="239" VPOS="2225" HPOS="323"/>
<SP HEIGHT="62" WIDTH="30" VPOS="2226" HPOS="563"/>
<String LANG="de" CONTENT="Waldemar." HEIGHT="54" WIDTH="355" VPOS="2225" HPOS="594"/>
</TextLine>
<TextLine HEIGHT="68" WIDTH="1927" VPOS="2304" HPOS="399" STYLEREFS="StyleId-49189ED5-4893-4B4C-B1ED-055D8E6C51FF-">
<String LANG="en-US" CONTENT="Die" HEIGHT="53" WIDTH="111" VPOS="2304" HPOS="399"/>
<SP HEIGHT="52" WIDTH="50" VPOS="2305" HPOS="511"/>
<String LANG="en-US" CONTENT="last" HEIGHT="51" WIDTH="111" VPOS="2305" HPOS="562"/>
<SP HEIGHT="52" WIDTH="51" VPOS="2304" HPOS="674"/>
<String LANG="de" CONTENT="des" HEIGHT="52" WIDTH="96" VPOS="2304" HPOS="726"/>
<SP HEIGHT="33" WIDTH="51" VPOS="2323" HPOS="823"/>
<String LANG="de" CONTENT="Schweigens," HEIGHT="68" WIDTH="364" VPOS="2304" HPOS="875"/>
<SP HEIGHT="47" WIDTH="52" VPOS="2324" HPOS="1240"/>
<String LANG="en-US" CONTENT="roman" HEIGHT="34" WIDTH="199" VPOS="2323" HPOS="1293"/>
<SP HEIGHT="34" WIDTH="51" VPOS="2323" HPOS="1493"/>
<String LANG="de" CONTENT="von" HEIGHT="35" WIDTH="112" VPOS="2322" HPOS="1545"/>
<SP HEIGHT="54" WIDTH="50" VPOS="2305" HPOS="1658"/>
<String LANG="de" CONTENT="Waldemar" HEIGHT="54" WIDTH="334" VPOS="2305" HPOS="1709"/>
<SP HEIGHT="51" WIDTH="51" VPOS="2308" HPOS="2044"/>
<String LANG="en-US" CONTENT="Darner." HEIGHT="51" WIDTH="230" VPOS="2308" HPOS="2096"/>
</TextLine>
<TextLine HEIGHT="70" WIDTH="875" VPOS="2381" HPOS="329" STYLEREFS="StyleId-49189ED5-4893-4B4C-B1ED-055D8E6C51FF-" CS="1">
<String LANG="en-US" CONTENT="Leipzig," HEIGHT="70" WIDTH="258" VPOS="2381" HPOS="329"/>
<SP HEIGHT="67" WIDTH="28" VPOS="2382" HPOS="588"/>
<String LANG="en-US" CONTENT="T." HEIGHT="53" WIDTH="65" VPOS="2382" HPOS="617"/>
<SP HEIGHT="55" WIDTH="28" VPOS="2381" HPOS="683"/>
<String LANG="de" CONTENT="Weicher" HEIGHT="55" WIDTH="263" VPOS="2381" HPOS="712"/>
<SP HEIGHT="47" WIDTH="35" VPOS="2403" HPOS="976"/>
<String LANG="en-US" CONTENT="[" HEIGHT="34" WIDTH="12" VPOS="2416" HPOS="1012"/>
<String STYLE="superscript" LANG="en-US" CS="1" CONTENT="&#7580;1"/>
<String LANG="en-US" CONTENT="927]" HEIGHT="69" WIDTH="118" VPOS="2381" HPOS="1086"/>
</TextLine>
<TextLine HEIGHT="48" WIDTH="368" VPOS="2464" HPOS="399" CS="1">
<String CONTENT="191" HEIGHT="40" WIDTH="85" VPOS="2464" HPOS="399"/>
<SP HEIGHT="47" WIDTH="31" VPOS="2465" HPOS="485"/>
<String CONTENT="p." HEIGHT="37" WIDTH="43" VPOS="2475" HPOS="517"/>
<SP HEIGHT="40" WIDTH="59" VPOS="2465" HPOS="561"/>
<String CS="1" CONTENT="19&#189;&#7580;&#7504;." HEIGHT="42" WIDTH="146" VPOS="2464" HPOS="621"/>
</TextLine>
<TextLine HEIGHT="54" WIDTH="1994" VPOS="2517" HPOS="335" CS="1">
<String CONTENT="&#169;" HEIGHT="52" WIDTH="51" VPOS="2517" HPOS="335"/>
<SP HEIGHT="52" WIDTH="29" VPOS="2517" HPOS="387"/>
<String CONTENT="Oct." HEIGHT="41" WIDTH="102" VPOS="2521" HPOS="417"/>
<SP HEIGHT="40" WIDTH="25" VPOS="2522" HPOS="520"/>
<String CONTENT="25," HEIGHT="47" WIDTH="69" VPOS="2521" HPOS="546"/>
<SP HEIGHT="46" WIDTH="27" VPOS="2522" HPOS="616"/>
<String CS="1" CONTENT="1927;" HEIGHT="42" WIDTH="114" VPOS="2520" HPOS="644"/>
<SP/>
<String CS="1" CONTENT="1c."/>
<SP HEIGHT="40" WIDTH="25" VPOS="2523" HPOS="882"/>
<String CONTENT="Mar." HEIGHT="40" WIDTH="123" VPOS="2523" HPOS="908"/>
<SP HEIGHT="40" WIDTH="24" VPOS="2523" HPOS="1032"/>
<String CONTENT="2," HEIGHT="47" WIDTH="41" VPOS="2523" HPOS="1057"/>
<SP HEIGHT="47" WIDTH="27" VPOS="2523" HPOS="1099"/>
<String CONTENT="1928;" HEIGHT="47" WIDTH="142" VPOS="2522" HPOS="1127"/>
<SP HEIGHT="46" WIDTH="28" VPOS="2523" HPOS="1270"/>
<!-- cceid 223335F0-6CB2-1014-A20E-B9D6251C946A --><String CONTENT="A&#8212;Foreign" HEIGHT="48" WIDTH="315" VPOS="2523" HPOS="1299"/>
<SP HEIGHT="40" WIDTH="23" VPOS="2524" HPOS="1615"/>
<String CONTENT="37806;" HEIGHT="46" WIDTH="171" VPOS="2524" HPOS="1639"/>
<SP HEIGHT="45" WIDTH="30" VPOS="2525" HPOS="1811"/>
<String CONTENT="Theodor" HEIGHT="40" WIDTH="223" VPOS="2525" HPOS="1842"/>
<SP HEIGHT="40" WIDTH="26" VPOS="2526" HPOS="2066"/>
<String LANG="de" CONTENT="Weicher." HEIGHT="42" WIDTH="236" VPOS="2525" HPOS="2093"/>
</TextLine>
<TextLine HEIGHT="49" WIDTH="281" VPOS="2577" HPOS="412">
<String CONTENT="(28-14470)" HEIGHT="49" WIDTH="281" VPOS="2577" HPOS="412"/>
</TextLine>
<TextLine HEIGHT="64" WIDTH="984" VPOS="2672" HPOS="328" STYLEREFS="StyleId-49189ED5-4893-4B4C-B1ED-055D8E6C51FF-">
<String CONTENT="Day," HEIGHT="63" WIDTH="150" VPOS="2672" HPOS="328"/>
<SP HEIGHT="61" WIDTH="30" VPOS="2673" HPOS="479"/>
<String CONTENT="Clarence" HEIGHT="54" WIDTH="279" VPOS="2672" HPOS="510"/>
<SP HEIGHT="53" WIDTH="28" VPOS="2673" HPOS="790"/>
<String CONTENT="Shepard," HEIGHT="64" WIDTH="285" VPOS="2672" HPOS="819"/>
<SP HEIGHT="59" WIDTH="34" VPOS="2677" HPOS="1105"/>
<String CONTENT="1874-" HEIGHT="52" WIDTH="172" VPOS="2674" HPOS="1140"/>
</TextLine>
<TextLine HEIGHT="73" WIDTH="1929" VPOS="2751" HPOS="395" STYLEREFS="StyleId-49189ED5-4893-4B4C-B1ED-055D8E6C51FF-">
<String CONTENT="Thoughts" HEIGHT="69" WIDTH="303" VPOS="2751" HPOS="395"/>
<SP HEIGHT="34" WIDTH="44" VPOS="2770" HPOS="699"/>
<String CONTENT="without" HEIGHT="53" WIDTH="244" VPOS="2751" HPOS="744"/>
<SP HEIGHT="46" WIDTH="44" VPOS="2758" HPOS="989"/>
<String CONTENT="words," HEIGHT="67" WIDTH="206" VPOS="2753" HPOS="1034"/>
<SP HEIGHT="67" WIDTH="43" VPOS="2753" HPOS="1241"/>
<String CONTENT="by" HEIGHT="69" WIDTH="76" VPOS="2753" HPOS="1285"/>
<SP HEIGHT="70" WIDTH="46" VPOS="2752" HPOS="1362"/>
<String CONTENT="Clarence" HEIGHT="55" WIDTH="271" VPOS="2752" HPOS="1409"/>
<SP HEIGHT="51" WIDTH="45" VPOS="2755" HPOS="1681"/>
<String CONTENT="Day." HEIGHT="68" WIDTH="148" VPOS="2755" HPOS="1727"/>
<SP HEIGHT="53" WIDTH="82" VPOS="2755" HPOS="1876"/>
<String CONTENT="New" HEIGHT="53" WIDTH="139" VPOS="2755" HPOS="1959"/>
<SP HEIGHT="51" WIDTH="48" VPOS="2757" HPOS="2099"/>
<String CONTENT="York," HEIGHT="69" WIDTH="176" VPOS="2755" HPOS="2148"/>
</TextLine>
<TextLine HEIGHT="69" WIDTH="890" VPOS="2828" HPOS="324" STYLEREFS="StyleId-49189ED5-4893-4B4C-B1ED-055D8E6C51FF-">
<String CONTENT="London," HEIGHT="67" WIDTH="260" VPOS="2828" HPOS="324"/>
<SP HEIGHT="67" WIDTH="24" VPOS="2828" HPOS="585"/>
<String CONTENT="A." HEIGHT="53" WIDTH="70" VPOS="2828" HPOS="610"/>
<SP HEIGHT="52" WIDTH="26" VPOS="2829" HPOS="681"/>
<String CONTENT="A." HEIGHT="52" WIDTH="73" VPOS="2829" HPOS="708"/>
<SP HEIGHT="53" WIDTH="25" VPOS="2828" HPOS="782"/>
<String CONTENT="Knopf," HEIGHT="69" WIDTH="226" VPOS="2828" HPOS="808"/>
<SP HEIGHT="64" WIDTH="28" VPOS="2833" HPOS="1035"/>
<String CONTENT="1928." HEIGHT="51" WIDTH="150" VPOS="2833" HPOS="1064"/>
</TextLine>
<TextLine HEIGHT="48" WIDTH="814" VPOS="2910" HPOS="395" CS="1">
<String CONTENT="xiv," HEIGHT="48" WIDTH="98" VPOS="2910" HPOS="395"/>
<SP HEIGHT="46" WIDTH="28" VPOS="2912" HPOS="494"/>
<String CONTENT="118" HEIGHT="40" WIDTH="85" VPOS="2910" HPOS="523"/>
<SP HEIGHT="48" WIDTH="27" VPOS="2910" HPOS="609"/>
<String CONTENT="p.," HEIGHT="37" WIDTH="57" VPOS="2921" HPOS="637"/>
<SP HEIGHT="44" WIDTH="28" VPOS="2912" HPOS="695"/>
<String CONTENT="2" HEIGHT="38" WIDTH="30" VPOS="2912" HPOS="724"/>
<SP/>
<String CS="1" CONTENT="l."/>
<SP/>
<String CONTENT="illus." HEIGHT="41" WIDTH="130" VPOS="2911" HPOS="870"/>
<SP HEIGHT="39" WIDTH="61" VPOS="2913" HPOS="1001"/>
<String CS="1" CONTENT="24&#189;&#7580;&#7504;." HEIGHT="40" WIDTH="146" VPOS="2913" HPOS="1063"/>
</TextLine>
<TextLine HEIGHT="69" WIDTH="1994" VPOS="2953" HPOS="334">
<String CONTENT="&#169;" HEIGHT="52" WIDTH="52" VPOS="2963" HPOS="334"/>
<SP HEIGHT="52" WIDTH="24" VPOS="2963" HPOS="387"/>
<String CONTENT="May" HEIGHT="46" WIDTH="114" VPOS="2969" HPOS="412"/>
<SP HEIGHT="47" WIDTH="21" VPOS="2968" HPOS="527"/>
<String CONTENT="11," HEIGHT="46" WIDTH="68" VPOS="2968" HPOS="549"/>
<SP HEIGHT="45" WIDTH="22" VPOS="2969" HPOS="618"/>
<String CONTENT="1928;" HEIGHT="47" WIDTH="140" VPOS="2968" HPOS="641"/>
<SP HEIGHT="46" WIDTH="23" VPOS="2969" HPOS="782"/>
<String CONTENT="2c." HEIGHT="41" WIDTH="68" VPOS="2969" HPOS="806"/>
<SP HEIGHT="40" WIDTH="22" VPOS="2970" HPOS="875"/>
<String CONTENT="May" HEIGHT="46" WIDTH="115" VPOS="2970" HPOS="898"/>
<SP HEIGHT="46" WIDTH="21" VPOS="2970" HPOS="1014"/>
<String CONTENT="12faff." HEIGHT="63" WIDTH="190" VPOS="2953" HPOS="1036"/>
<SP HEIGHT="39" WIDTH="24" VPOS="2971" HPOS="1227"/>
<String CONTENT="May" HEIGHT="47" WIDTH="114" VPOS="2971" HPOS="1252"/>
<SP HEIGHT="46" WIDTH="22" VPOS="2972" HPOS="1367"/>
<String CONTENT="14;" HEIGHT="46" WIDTH="82" VPOS="2971" HPOS="1390"/>
<SP HEIGHT="45" WIDTH="24" VPOS="2972" HPOS="1473"/>
<!-- cceid 2233DE6B-6CB2-1014-A20E-B9D6251C946A --><String CONTENT="A" HEIGHT="38" WIDTH="42" VPOS="2972" HPOS="1498"/>
<SP HEIGHT="39" WIDTH="21" VPOS="2972" HPOS="1541"/>
<String CONTENT="1074846;" HEIGHT="47" WIDTH="229" VPOS="2972" HPOS="1563"/>
<SP HEIGHT="47" WIDTH="27" VPOS="2972" HPOS="1793"/>
<String CONTENT="C." HEIGHT="42" WIDTH="49" VPOS="2972" HPOS="1821"/>
<SP HEIGHT="41" WIDTH="23" VPOS="2973" HPOS="1871"/>
<String CONTENT="Day," HEIGHT="49" WIDTH="121" VPOS="2973" HPOS="1895"/>
<SP HEIGHT="48" WIDTH="23" VPOS="2974" HPOS="2017"/>
<String CONTENT="New" HEIGHT="40" WIDTH="120" VPOS="2974" HPOS="2041"/>
<SP HEIGHT="39" WIDTH="21" VPOS="2975" HPOS="2162"/>
<String CONTENT="York." HEIGHT="41" WIDTH="144" VPOS="2975" HPOS="2184"/>
</TextLine>
<TextLine HEIGHT="50" WIDTH="282" VPOS="3023" HPOS="409">
<String CONTENT="(28-15041)" HEIGHT="50" WIDTH="282" VPOS="3023" HPOS="409"/>
</TextLine>
<TextLine HEIGHT="63" WIDTH="553" VPOS="3117" HPOS="328" STYLEREFS="StyleId-02178798-CE0B-4A3F-A48A-8905CFFA7743-">
<String LANG="de" CONTENT="De" HEIGHT="52" WIDTH="87" VPOS="3117" HPOS="328"/>
<SP HEIGHT="51" WIDTH="28" VPOS="3118" HPOS="416"/>
<String CONTENT="Haas," HEIGHT="62" WIDTH="181" VPOS="3118" HPOS="445"/>
<SP HEIGHT="62" WIDTH="30" VPOS="3118" HPOS="627"/>
<String CONTENT="Arline." HEIGHT="54" WIDTH="223" VPOS="3118" HPOS="658"/>
</TextLine>
<TextLine HEIGHT="71" WIDTH="1932" VPOS="3197" HPOS="396" STYLEREFS="StyleId-49189ED5-4893-4B4C-B1ED-055D8E6C51FF-">
<String CONTENT="Tenderloin," HEIGHT="66" WIDTH="365" VPOS="3197" HPOS="396"/>
<SP HEIGHT="47" WIDTH="35" VPOS="3216" HPOS="762"/>
<String CONTENT="novelized" HEIGHT="52" WIDTH="292" VPOS="3199" HPOS="798"/>
<SP HEIGHT="53" WIDTH="35" VPOS="3198" HPOS="1091"/>
<String CONTENT="by" HEIGHT="70" WIDTH="77" VPOS="3198" HPOS="1127"/>
<SP HEIGHT="70" WIDTH="35" VPOS="3198" HPOS="1205"/>
<String CONTENT="Arline" HEIGHT="55" WIDTH="203" VPOS="3198" HPOS="1241"/>
<SP HEIGHT="51" WIDTH="37" VPOS="3202" HPOS="1445"/>
<String LANG="de" CONTENT="De" HEIGHT="51" WIDTH="87" VPOS="3202" HPOS="1483"/>
<SP HEIGHT="52" WIDTH="34" VPOS="3201" HPOS="1571"/>
<String CONTENT="Haas," HEIGHT="66" WIDTH="180" VPOS="3201" HPOS="1606"/>
<SP HEIGHT="64" WIDTH="35" VPOS="3203" HPOS="1787"/>
<String CONTENT="illustrated" HEIGHT="53" WIDTH="326" VPOS="3203" HPOS="1823"/>
<SP HEIGHT="52" WIDTH="36" VPOS="3204" HPOS="2150"/>
<String CONTENT="with" HEIGHT="52" WIDTH="141" VPOS="3204" HPOS="2187"/>
</TextLine>
<TextLine HEIGHT="77" WIDTH="2005" VPOS="3273" HPOS="327" STYLEREFS="StyleId-49189ED5-4893-4B4C-B1ED-055D8E6C51FF-">
<String CONTENT="scenes" HEIGHT="35" WIDTH="189" VPOS="3291" HPOS="327"/>
<SP HEIGHT="53" WIDTH="29" VPOS="3273" HPOS="517"/>
<String CONTENT="from" HEIGHT="53" WIDTH="153" VPOS="3273" HPOS="547"/>
<SP HEIGHT="48" WIDTH="25" VPOS="3279" HPOS="701"/>
<String CONTENT="the" HEIGHT="53" WIDTH="96" VPOS="3275" HPOS="727"/>
<SP HEIGHT="50" WIDTH="28" VPOS="3293" HPOS="824"/>
<String CONTENT="photoplay," HEIGHT="69" WIDTH="335" VPOS="3275" HPOS="853"/>
<SP HEIGHT="48" WIDTH="16" VPOS="3295" HPOS="1189"/>
<String CONTENT="a" HEIGHT="33" WIDTH="34" VPOS="3295" HPOS="1206"/>
<SP HEIGHT="55" WIDTH="13" VPOS="3276" HPOS="1241"/>
<String CONTENT="Warner" HEIGHT="55" WIDTH="246" VPOS="3276" HPOS="1255"/>
<SP HEIGHT="53" WIDTH="28" VPOS="3279" HPOS="1502"/>
<String CONTENT="bros." HEIGHT="53" WIDTH="148" VPOS="3279" HPOS="1531"/>
<SP HEIGHT="50" WIDTH="17" VPOS="3297" HPOS="1680"/>
<String CONTENT="production," HEIGHT="68" WIDTH="362" VPOS="3279" HPOS="1698"/>
<SP HEIGHT="46" WIDTH="15" VPOS="3299" HPOS="2061"/>
<String CONTENT="starring" HEIGHT="69" WIDTH="255" VPOS="3281" HPOS="2077"/>
</TextLine>
<TextLine HEIGHT="75" WIDTH="2002" VPOS="3350" HPOS="325" STYLEREFS="StyleId-49189ED5-4893-4B4C-B1ED-055D8E6C51FF-">
<String CONTENT="Dolores" HEIGHT="55" WIDTH="241" VPOS="3350" HPOS="325"/>
<SP HEIGHT="55" WIDTH="36" VPOS="3351" HPOS="567"/>
<String CONTENT="Costello" HEIGHT="55" WIDTH="249" VPOS="3351" HPOS="604"/>
<SP HEIGHT="35" WIDTH="35" VPOS="3371" HPOS="854"/>
<String CONTENT="with" HEIGHT="52" WIDTH="141" VPOS="3354" HPOS="890"/>
<SP HEIGHT="55" WIDTH="38" VPOS="3353" HPOS="1032"/>
<String CONTENT="Conrad" HEIGHT="55" WIDTH="230" VPOS="3353" HPOS="1071"/>
<SP HEIGHT="52" WIDTH="37" VPOS="3356" HPOS="1302"/>
<String CONTENT="Nagel." HEIGHT="68" WIDTH="199" VPOS="3357" HPOS="1340"/>
<SP HEIGHT="51" WIDTH="73" VPOS="3358" HPOS="1540"/>
<String CONTENT="New" HEIGHT="52" WIDTH="139" VPOS="3358" HPOS="1614"/>
<SP HEIGHT="52" WIDTH="36" VPOS="3358" HPOS="1754"/>
<String CONTENT="York," HEIGHT="67" WIDTH="181" VPOS="3358" HPOS="1791"/>
<SP HEIGHT="66" WIDTH="37" VPOS="3359" HPOS="1973"/>
<String CONTENT="Grosset" HEIGHT="54" WIDTH="233" VPOS="3359" HPOS="2011"/>
<SP HEIGHT="50" WIDTH="37" VPOS="3362" HPOS="2245"/>
<String CONTENT="&amp;" HEIGHT="50" WIDTH="44" VPOS="3362" HPOS="2283"/>
</TextLine>
<TextLine HEIGHT="69" WIDTH="464" VPOS="3428" HPOS="325" STYLEREFS="StyleId-49189ED5-4893-4B4C-B1ED-055D8E6C51FF-" CS="1">
<String CONTENT="Dunlap" HEIGHT="69" WIDTH="236" VPOS="3428" HPOS="325"/>
<SP HEIGHT="49" WIDTH="34" VPOS="3448" HPOS="562"/>
<String CONTENT="[" HEIGHT="34" WIDTH="12" VPOS="3462" HPOS="597"/>
<String STYLE="superscript" CS="1" CONTENT="&#7580;1"/>
<String CONTENT="928]" HEIGHT="64" WIDTH="119" VPOS="3433" HPOS="670"/>
</TextLine>
<TextLine HEIGHT="51" WIDTH="989" VPOS="3511" HPOS="392" CS="1">
<String CONTENT="3" HEIGHT="40" WIDTH="28" VPOS="3511" HPOS="392"/>
<SP HEIGHT="48" WIDTH="25" VPOS="3511" HPOS="421"/>
<String CONTENT="p." HEIGHT="37" WIDTH="43" VPOS="3522" HPOS="447"/>
<SP/>
<String CS="1" CONTENT="l.,"/>
<SP HEIGHT="47" WIDTH="25" VPOS="3512" HPOS="564"/>
<String CONTENT="277" HEIGHT="40" WIDTH="87" VPOS="3512" HPOS="590"/>
<SP HEIGHT="46" WIDTH="24" VPOS="3513" HPOS="678"/>
<String CONTENT="p." HEIGHT="36" WIDTH="43" VPOS="3523" HPOS="703"/>
<SP HEIGHT="40" WIDTH="57" VPOS="3513" HPOS="747"/>
<String CONTENT="front.," HEIGHT="43" WIDTH="165" VPOS="3513" HPOS="805"/>
<SP HEIGHT="37" WIDTH="28" VPOS="3525" HPOS="971"/>
<String CONTENT="plates." HEIGHT="47" WIDTH="170" VPOS="3515" HPOS="1000"/>
<SP HEIGHT="40" WIDTH="61" VPOS="3515" HPOS="1171"/>
<String CS="1" CONTENT="19&#189;&#7580;&#7504;." HEIGHT="41" WIDTH="148" VPOS="3515" HPOS="1233"/>
</TextLine>
<TextLine HEIGHT="63" WIDTH="1992" VPOS="3563" HPOS="334">
<String CONTENT="&#169;" HEIGHT="52" WIDTH="51" VPOS="3563" HPOS="334"/>
<SP HEIGHT="52" WIDTH="23" VPOS="3563" HPOS="386"/>
<String CONTENT="June" HEIGHT="41" WIDTH="128" VPOS="3567" HPOS="410"/>
<SP HEIGHT="39" WIDTH="20" VPOS="3569" HPOS="539"/>
<String CONTENT="11," HEIGHT="46" WIDTH="68" VPOS="3569" HPOS="560"/>
<SP HEIGHT="46" WIDTH="23" VPOS="3569" HPOS="629"/>
<String CONTENT="1928;" HEIGHT="47" WIDTH="141" VPOS="3569" HPOS="653"/>
<SP HEIGHT="46" WIDTH="23" VPOS="3570" HPOS="795"/>
<String CONTENT="2c." HEIGHT="40" WIDTH="68" VPOS="3570" HPOS="819"/>
<SP HEIGHT="29" WIDTH="23" VPOS="3581" HPOS="888"/>
<String CONTENT="and" HEIGHT="39" WIDTH="95" VPOS="3573" HPOS="912"/>
<SP HEIGHT="39" WIDTH="22" VPOS="3573" HPOS="1008"/>
<String CONTENT="aff." HEIGHT="40" WIDTH="82" VPOS="3571" HPOS="1031"/>
<SP HEIGHT="39" WIDTH="23" VPOS="3573" HPOS="1114"/>
<String CONTENT="June" HEIGHT="39" WIDTH="127" VPOS="3573" HPOS="1138"/>
<SP HEIGHT="39" WIDTH="22" VPOS="3573" HPOS="1266"/>
<String CONTENT="13;" HEIGHT="47" WIDTH="81" VPOS="3573" HPOS="1289"/>
<SP HEIGHT="46" WIDTH="24" VPOS="3574" HPOS="1371"/>
<!-- cceid 22348307-6CB2-1014-A20E-B9D6251C946A --><String CONTENT="A" HEIGHT="38" WIDTH="42" VPOS="3574" HPOS="1396"/>
<SP HEIGHT="39" WIDTH="20" VPOS="3574" HPOS="1439"/>
<String CONTENT="1077742;" HEIGHT="48" WIDTH="229" VPOS="3574" HPOS="1460"/>
<SP HEIGHT="46" WIDTH="28" VPOS="3576" HPOS="1690"/>
<String CONTENT="Grosset" HEIGHT="41" WIDTH="202" VPOS="3576" HPOS="1719"/>
<SP HEIGHT="40" WIDTH="19" VPOS="3577" HPOS="1922"/>
<String CONTENT="&amp;" HEIGHT="40" WIDTH="36" VPOS="3577" HPOS="1942"/>
<SP HEIGHT="40" WIDTH="21" VPOS="3577" HPOS="1979"/>
<String CONTENT="Dunlap," HEIGHT="48" WIDTH="209" VPOS="3578" HPOS="2001"/>
<SP HEIGHT="47" WIDTH="23" VPOS="3578" HPOS="2211"/>
<String CONTENT="inc." HEIGHT="42" WIDTH="91" VPOS="3578" HPOS="2235"/>
</TextLine>
<TextLine HEIGHT="50" WIDTH="281" VPOS="3624" HPOS="409">
<String CONTENT="(28-14830)" HEIGHT="50" WIDTH="281" VPOS="3624" HPOS="409"/>
</TextLine>
<TextLine HEIGHT="66" WIDTH="930" VPOS="3702" HPOS="328" STYLEREFS="StyleId-02178798-CE0B-4A3F-A48A-8905CFFA7743-">
<String CONTENT="Dole," HEIGHT="63" WIDTH="162" VPOS="3702" HPOS="328"/>
<SP HEIGHT="61" WIDTH="26" VPOS="3704" HPOS="491"/>
<String CONTENT="Nathan" HEIGHT="52" WIDTH="245" VPOS="3704" HPOS="518"/>
<SP HEIGHT="52" WIDTH="28" VPOS="3705" HPOS="764"/>
<String CONTENT="Haskell," HEIGHT="63" WIDTH="262" VPOS="3705" HPOS="793"/>
<SP HEIGHT="56" WIDTH="32" VPOS="3712" HPOS="1056"/>
<String CONTENT="1852-" HEIGHT="50" WIDTH="169" VPOS="3710" HPOS="1089"/>
</TextLine>
<TextLine HEIGHT="82" WIDTH="1944" VPOS="3779" HPOS="384" STYLEREFS="StyleId-49189ED5-4893-4B4C-B1ED-055D8E6C51FF-">
<String CONTENT="Maine" HEIGHT="55" WIDTH="195" VPOS="3779" HPOS="384"/>
<SP HEIGHT="34" WIDTH="22" VPOS="3800" HPOS="580"/>
<String CONTENT="of" HEIGHT="53" WIDTH="64" VPOS="3781" HPOS="603"/>
<SP HEIGHT="53" WIDTH="18" VPOS="3781" HPOS="668"/>
<String CONTENT="the" HEIGHT="52" WIDTH="95" VPOS="3783" HPOS="687"/>
<SP HEIGHT="35" WIDTH="20" VPOS="3801" HPOS="783"/>
<String CONTENT="sea" HEIGHT="35" WIDTH="91" VPOS="3801" HPOS="804"/>
<SP HEIGHT="34" WIDTH="23" VPOS="3802" HPOS="896"/>
<String CONTENT="and" HEIGHT="52" WIDTH="112" VPOS="3785" HPOS="920"/>
<SP HEIGHT="67" WIDTH="22" VPOS="3785" HPOS="1033"/>
<String CONTENT="pines;" HEIGHT="68" WIDTH="190" VPOS="3785" HPOS="1056"/>
<SP HEIGHT="48" WIDTH="27" VPOS="3805" HPOS="1247"/>
<String CONTENT="a" HEIGHT="34" WIDTH="31" VPOS="3805" HPOS="1275"/>
<SP HEIGHT="52" WIDTH="24" VPOS="3787" HPOS="1307"/>
<String CONTENT="description" HEIGHT="69" WIDTH="350" VPOS="3787" HPOS="1332"/>
<SP HEIGHT="34" WIDTH="22" VPOS="3808" HPOS="1683"/>
<String CONTENT="of" HEIGHT="53" WIDTH="66" VPOS="3789" HPOS="1706"/>
<SP HEIGHT="53" WIDTH="20" VPOS="3789" HPOS="1773"/>
<String CONTENT="its" HEIGHT="53" WIDTH="75" VPOS="3790" HPOS="1794"/>
<SP HEIGHT="34" WIDTH="23" VPOS="3810" HPOS="1870"/>
<String CONTENT="scenic" HEIGHT="52" WIDTH="183" VPOS="3792" HPOS="1894"/>
<SP HEIGHT="53" WIDTH="21" VPOS="3792" HPOS="2078"/>
<String CONTENT="beauty," HEIGHT="69" WIDTH="228" VPOS="3792" HPOS="2100"/>
</TextLine>
<TextLine HEIGHT="161" WIDTH="1997" VPOS="3856" HPOS="330" STYLEREFS="StyleId-49189ED5-4893-4B4C-B1ED-055D8E6C51FF-" CS="1">
<String CONTENT="its" HEIGHT="53" WIDTH="75" VPOS="3856" HPOS="331"/>
<SP HEIGHT="33" WIDTH="36" VPOS="3876" HPOS="407"/>
<String CONTENT="rugged" HEIGHT="68" WIDTH="219" VPOS="3859" HPOS="444"/>
<SP HEIGHT="53" WIDTH="36" VPOS="3859" HPOS="664"/>
<String CONTENT="coastline," HEIGHT="67" WIDTH="288" VPOS="3861" HPOS="701"/>
<SP HEIGHT="66" WIDTH="37" VPOS="3862" HPOS="990"/>
<String CONTENT="its" HEIGHT="54" WIDTH="75" VPOS="3862" HPOS="1028"/>
<SP HEIGHT="34" WIDTH="35" VPOS="3882" HPOS="1104"/>
<String CONTENT="mountains," HEIGHT="67" WIDTH="346" VPOS="3865" HPOS="1140"/>
<SP HEIGHT="65" WIDTH="37" VPOS="3867" HPOS="1487"/>
<String CONTENT="lakes" HEIGHT="53" WIDTH="156" VPOS="3867" HPOS="1525"/>
<SP HEIGHT="34" WIDTH="37" VPOS="3886" HPOS="1682"/>
<String CONTENT="and" HEIGHT="53" WIDTH="114" VPOS="3868" HPOS="1720"/>
<SP HEIGHT="53" WIDTH="39" VPOS="3868" HPOS="1835"/>
<String CONTENT="rivers;" HEIGHT="69" WIDTH="209" VPOS="3868" HPOS="1875"/>
<SP HEIGHT="49" WIDTH="40" VPOS="3888" HPOS="2085"/>
<String CONTENT="an" HEIGHT="33" WIDTH="73" VPOS="3889" HPOS="2126"/>
<SP HEIGHT="34" WIDTH="39" VPOS="3889" HPOS="2200"/>
<String CONTENT="account" HEIGHT="99" WIDTH="1973" VPOS="3889" HPOS="330"/>
<SP HEIGHT="48" WIDTH="31" VPOS="3941" HPOS="502"/>
<String CONTENT="of" HEIGHT="54" WIDTH="64" VPOS="3935" HPOS="534"/>
<SP HEIGHT="54" WIDTH="30" VPOS="3935" HPOS="599"/>
<String CONTENT="its" HEIGHT="54" WIDTH="74" VPOS="3937" HPOS="630"/>
<SP HEIGHT="34" WIDTH="30" VPOS="3957" HPOS="705"/>
<String CONTENT="settlement," HEIGHT="69" WIDTH="337" VPOS="3940" HPOS="736"/>
<SP HEIGHT="68" WIDTH="30" VPOS="3941" HPOS="1074"/>
<String CONTENT="its" HEIGHT="55" WIDTH="74" VPOS="3941" HPOS="1105"/>
<SP HEIGHT="54" WIDTH="31" VPOS="3942" HPOS="1180"/>
<String CONTENT="Indians" HEIGHT="56" WIDTH="243" VPOS="3942" HPOS="1212"/>
<SP HEIGHT="36" WIDTH="32" VPOS="3962" HPOS="1456"/>
<String CONTENT="and" HEIGHT="54" WIDTH="112" VPOS="3945" HPOS="1489"/>
<SP HEIGHT="54" WIDTH="32" VPOS="3945" HPOS="1602"/>
<String CONTENT="their" HEIGHT="55" WIDTH="152" VPOS="3945" HPOS="1635"/>
<SP HEIGHT="53" WIDTH="30" VPOS="3947" HPOS="1788"/>
<String CONTENT="legends," HEIGHT="70" WIDTH="251" VPOS="3947" HPOS="1819"/>
<SP HEIGHT="49" WIDTH="32" VPOS="3968" HPOS="2071"/>
<String CONTENT="and" HEIGHT="54" WIDTH="115" VPOS="3949" HPOS="2104"/>
<SP HEIGHT="54" WIDTH="31" VPOS="3949" HPOS="2220"/>
<String CONTENT="its" HEIGHT="55" WIDTH="75" VPOS="3949" HPOS="2252"/>
</TextLine>
</TextBlock>
</PrintSpace>
</Page>
</Layout>
</alto>