2498 4384
1241 4078 101 52 748

301 430 324 61 Needham,
665 431 203 52 James
908 430 245 64 George,
1196 434 171 50 1868-

363 507 400 68 Leaf-mining
785 509 222 67 insects,
1030 509 74 68 by
1128 510 194 53 James
1347 509 67 55 G.
1439 511 310 64 Needham,
1777 510 201 54 Stuart
1999 512 92 52 W.
2117 511 188 66 Frost,

301 587 2002 68 Beatrice H. Tothill … Baltimore, The Williams & Wilkins
296 682 299 50 company,
632 667 149 50 1928.

365 746 1183 48 viii, 351 p. incl. illus., plates. 3 pl. 23½ᶜᵐ.
366 804 350 47 Bibliography:
777 815 43 37 p.
850 804 219 42 324-340.

299 856 51 52 ©
382 861 115 47 Apr.
528 861 58 39 30,
630 861 141 42 1928;
802 862 67 39 2c.
902 862 95 38 and
1030 861 83 42 aff.
1146 863 114 46 May
1293 863 47 37 11;
1410 862 40 39 A
1482 862 229 46 1074455;
1747 862 243 41 Williams
2022 863 37 39 &
2092 863 209 40 Wilkins

369 928 69 31 co.
509 917 282 49 (28-13104)

301 996 273 63 Newton,
603 996 212 54 Alfred
849 998 273 61 Edward,
1158 1000 170 50 1863-

364 1076 122 53 The
525 1075 217 53 format
778 1076 65 52 of
880 1077 95 52 the
1015 1076 248 68 English
1303 1077 184 66 novel,
1524 1077 74 69 by
1638 1078 70 51 A.
1749 1078 254 52 Edward
2041 1078 261 67 Newton,

295 1155 138 52 with
474 1155 433 67 reproductions
945 1154 65 53 of
1046 1155 330 68 title-pages
1418 1155 151 52 from
1606 1155 175 53 books
1820 1156 58 51 in
1916 1156 95 52 the
2049 1156 254 54 author’s

293 1231 235 69 library.
606 1232 329 66 Cleveland,
970 1232 86 67 O.,
1090 1234 120 52 The
1245 1233 278 53 Rowfant
1557 1233 147 68 club,
1741 1237 148 50 1928.

363 1316 999 47 2 p. l., 41 p. col. front., illus. 27 ᶜᵐ .
365 1373 231 39 “Printed
626 1373 61 47 by
717 1374 83 38 the
830 1383 124 38 aqua
963 1375 110 38 tone
1106 1384 194 37 process
1333 1374 60 47 by
1425 1374 209 39 Edward
1671 1374 142 41 Stern
1845 1374 36 40 &
1911 1384 250 37 company,
2195 1375 105 46 inc.,

294 1430 337 48 Philadelphia
670 1430 79 39 for
783 1431 82 39 the
899 1430 232 41 Rowfant
1166 1432 109 39 club
1309 1431 49 39 in
1393 1432 81 39 the
1510 1432 167 39 month
1712 1432 51 38 of
1799 1432 266 47 February,
2103 1431 114 42 1928
2250 1432 51 39 in

293 1498 61 29 an
386 1488 184 40 edition
602 1488 52 39 of
685 1487 86 41 289
802 1487 203 48 copies.”
1066 1488 118 39 This
1217 1499 119 36 copy
1369 1491 83 37 not
1484 1489 280 41 numbered.

296 1541 52 52 ©
378 1547 115 46 May
521 1546 55 38 14,
620 1545 140 42 1928:
791 1546 68 40 2c.
889 1547 95 38 and
1014 1545 82 42 aff.
1127 1546 115 47 May
1272 1546 54 39 15;
1385 1547 42 38 A
1456 1546 203 40 1074529;
1718 1546 55 41 A.
1803 1547 56 40 D.
1889 1547 220 40 Newton.
363 1546 1917 104 Philadelphia.

648 1602 282 48 (28-13155)

292 1683 198 52 North
523 1683 253 52 Dakota.
852 1683 278 67 Supreme
1161 1690 176 45 court.

363 1761 1938 68 Reports of cases decided … February 2, 1927 to October 22,
295 1840 150 53 1927.
524 1840 127 67 (141
684 1839 178 68 cases)
941 1840 66 51 E.
1041 1840 55 53 J.
1130 1840 234 65 Taylor,
1395 1845 273 61 reporter,
1737 1858 51 33 v.
1825 1843 80 48 55.
1974 1840 327 65 Rochester,

291 1918 69 52 N.
391 1918 92 66 Y.,
513 1918 120 52 The
665 1918 238 67 lawyers
935 1918 384 67 co-operative
1351 1916 338 70 publishing
1718 1935 298 49 company,
2051 1920 149 50 1928.

361 1976 563 72 xlviii, 1004 p. 23 ᶜᵐ .
296 2054 51 51 ©
382 2058 115 46 May
530 2058 39 45 7,
605 2056 141 46 1928;
782 2057 68 40 2c.
886 2057 117 46 May
1034 2057 82 45 11;
1153 2056 84 40 aff.
1272 2057 114 46 May
1420 2057 82 46 17;
1539 2057 41 38 A
1613 2056 230 46 1077581;
1884 2056 137 40 State
2057 2056 51 40 of
2142 2057 157 39 North

362 2114 210 46 Dakota,
606 2113 270 47 Bismarck,
910 2114 56 40 N.
1000 2113 57 41 D.

298 2193 281 69 [Oldfield,
616 2192 241 54 Reuben
892 2193 298 66 Bertram]
1234 2191 169 54 1878-

422 2270 1874 70 … Exciting adventures of Mister Bob White, by Ben Field
317 2348 1624 71 [pseud.] … New York, A. L. Burt company [ ᶜ19 28]
358 2431 1934 49 4 p. l., 119 p. col. front., col. plates. 19½ᶜᵐ. (His Wildwood series)
294 2486 51 52 ©
374 2491 114 47 May
515 2490 68 43 10,
611 2490 140 44 1928;
781 2490 67 41 2c.
876 2493 96 39 and
999 2489 83 42 aff.
1111 2491 114 47 May
1253 2491 81 45 15;
1365 2491 41 38 A
1432 2489 230 47 1077247;
1694 2490 53 40 A.
1776 2490 51 40 L.
1857 2491 124 39 Burt
2009 2500 68 30 co.

373 2546 282 49 (28-13025)

291 2626 164 63 Paul,
492 2626 155 54 John
685 2627 321 63 Haywood,
1045 2625 171 55 1877-

357 2705 122 52 The
512 2704 123 52 soul
670 2704 231 68 digger;
938 2722 81 49 or,
1054 2703 134 54 Life
1223 2705 115 51 and
1369 2704 165 52 times
1568 2703 64 53 of
1661 2703 263 55 William
1957 2703 232 70 Taylor,
2222 2703 75 67 by

287 2781 1986 69 John Paul … Upland, Ind., Taylor university press [ᶜ1928]
357 2866 87 40 318
474 2877 42 37 p.
577 2866 163 46 front.,
771 2868 150 45 ports.
980 2865 147 41 20½ᶜᵐ.

292 2918 52 52 ©
373 2923 121 39 Mar.
523 2922 69 47 16,
620 2921 141 46 1928;
789 2922 68 40 2c.
886 2922 95 38 and
1009 2921 83 41 aff.
1120 2922 115 46 May
1263 2921 82 43 16;
1374 2921 41 38 A
1442 2920 230 48 1074528;
1703 2921 179 47 Taylor
1911 2920 145 48 univ.,
2087 2920 207 48 Upland.

364 2980 106 39 Ind.
541 2978 280 49 (28-13131)

291 3059 172 62 Pont,
497 3057 255 63 Albéric,
788 3056 170 55 1870-

363 3137 435 52 L’orthodontie
841 3137 141 52 dans
1025 3137 55 51 la
1124 3136 265 68 pratique
1432 3140 287 61 courante,
1762 3154 106 48 par
1911 3136 79 52 les
2034 3135 261 53 docteurs

295 3213 1998 69 A. Pont … et J. T. Quintero … Avec 88 figures dans le texte.
294 3293 186 66 Paris,
511 3291 68 55 G.
610 3292 152 52 Doin
792 3294 47 50 &
867 3311 82 47 cⁱᵉ,
981 3295 150 49 1928.

363 3373 1020 49 vii, 131 p., 2 l. illus., diagrs. 21½ᶜᵐ.
292 3427 1864 52 © Jan. 2, 1928; 1c. Feb. 24; A—Foreign 37683; Gaston Doin & cie.
373 3487 282 49 (28-13427)

291 3567 304 64 Religious
626 3567 64 53 of
719 3567 102 53 the
855 3567 249 54 cenacle.

357 3645 122 52 The
511 3644 268 68 spiritual
812 3664 141 49 way,
987 3650 216 63 twenty
1236 3644 282 68 carefully
1550 3644 280 67 prepared
1864 3643 292 52 inductive
286 3642 1980 146 lessons,

466 3723 329 66 presenting
827 3741 153 34 more
1013 3723 137 52 than
1188 3725 100 49 150
1319 3727 330 47 statements
1683 3721 64 53 of
1779 3721 93 53 the
1905 3720 322 58 catechism,
2259 3738 31 34 a

289 3800 369 67 preparation
696 3800 94 52 for
826 3800 336 60 confession,
1199 3799 378 56 communion,
1612 3798 414 54 confirmation,
2062 3797 227 53 written

285 3877 74 67 by
412 3878 95 52 the
560 3876 295 70 Religious
910 3877 64 53 of
1027 3871 96 59 the
1176 3875 220 54 cenacle;
1481 3876 247 69 original
1784 3875 380 54 illustrations
2215 3875 75 68 by

290 3953 1242 72 Claire Armstrong. [New York, ᶜ19 28]
