2498 4384
1248 4086 136 51 1892

318 421 1575 84 Charcot, Jean Baptiste Auguste É tienne, 1867-
456 505 1864 80 … Christophe Colomb vu par un marin; preface de Paul
322 590 212 57 Chack.
610 590 186 69 Paris,
824 591 67 52 E.
920 588 397 56 Flammarion
1352 592 172 64 [1928]

393 665 1845 60 320 p., 1 l. incl. front., illus., ports., maps, facsims., diagrs. 26 ᶜᵐ .
395 730 64 40 At
482 730 127 39 head
634 729 54 40 of
713 727 137 43 title:
877 729 46 41 J.
948 729 55 40 B.
1029 728 229 42 Charcot.

319 781 1923 61 © June 28, 1928; 1c. July 9; A—Foreign 39885; Ernest Flammarion.
396 843 283 50 (28-29548)

316 925 271 64 Clausen,
626 923 270 55 Bernard
935 922 365 65 Chancellor,
1341 927 172 51 1892-

392 997 1933 77 Pen-pictures on Calvary, by Bernard C. Clausen … New
325 1076 1856 76 York, Chicago [etc. ] Fleming H. Revell company [ᶜ19 2 8]
393 1161 89 41 159
506 1172 46 38 p.
610 1162 148 40 19½ᶜᵐ.

320 1215 1926 58 © Oct. 20, 1928; 2c. and aff. Nov. 23; A 1922; Fleming H. Revell co.
398 1275 283 50 (28-29342)

319 1358 286 64 Clement,
648 1356 390 65 Marguerite.

386 1436 211 55 Where
631 1456 115 35 was
783 1436 237 69 Bobby?
1099 1438 92 69 By
1224 1435 360 71 Marguerite
1617 1436 277 70 Clement,
1929 1436 293 72 drawings
2256 1438 77 71 by

319 1515 182 54 Maud
544 1517 114 52 and
699 1514 192 56 Miska
933 1516 352 54 Petersham.
1361 1515 235 55 Garden
1639 1514 154 73 City,
1833 1516 72 54 N.

1948 1516 91 70 Y.,
320 1513 1989 154 Doubleday,
482 1594 201 53 Doran
716 1596 46 51 &
793 1612 299 54 company,
1123 1594 131 70 inc.,
1287 1597 150 51 1928.

396 1675 29 40 3
451 1685 44 38 p.
558 1706 9 15 l.,
595 1674 85 41 151
708 1685 45 38 p.
779 1674 113 41 incl.
919 1674 132 42 illus.
1079 1675 137 49 (part
1242 1673 115 50 col.)
1394 1676 160 48 plates
1580 1675 139 49 (part
1745 1674 115 49 col.)
1927 1677 91 41 col.
2044 1676 167 48 front.,
2241 1680 90 40 col.

325 1731 351 49 plates. 20 ᶜᵐ .
397 1788 292 41 Illustrated
719 1790 98 46 t.-p.
848 1788 97 40 and
972 1787 367 51 lining-papers.

321 1841 2007 57 © Nov. 16, 1928; 2c. and aff. Nov. 24; A 1882; Doubleday, Doran & co.,
389 1902 93 41 inc.
548 1900 282 52 (28-29245)

321 1981 342 65 Crenshaw,
699 1981 235 66 Bolling
968 1983 153 54 Hall.

388 2059 299 54 Teachers’
721 2059 110 71 key
865 2065 59 49 to
962 2062 171 67 plane
1169 2066 312 66 geometry,
1515 2061 78 71 by
1628 2063 238 70 Bolling
1902 2064 78 53 H.
2021 2064 310 56 Crenshaw

316 2138 1991 151 and Homer M. Derr. Boston, New York [etc.] Ginn and company [ ᶜ192 8]
385 2299 400 50 iii, 96 p. 21 ᶜᵐ .
321 2351 1655 57 © Nov. 7, 1928; 2c. Dec. 5; aff. Dec. 3; A 975; Ginn & co.
316 2437 189 64 Dana,
536 2437 245 64 Harvey
811 2438 263 66 Eugene,
1108 2444 173 51 1888-

395 2516 123 52 The
557 2515 140 54 New
736 2516 331 54 Testament
1106 2518 213 68 world;
1362 2539 32 33 a
1432 2517 155 55 brief
1626 2519 194 56 sketch
1864 2521 65 53 of
1968 2522 100 53 the
2106 2523 225 71 history

325 2594 115 52 and
483 2593 324 55 conditions
849 2594 187 53 which
1080 2614 261 51 compose
1386 2598 95 52 the
1523 2597 374 72 background
1941 2599 66 54 of
2050 2601 96 53 the
2190 2602 141 54 New

325 2671 2007 76 Testament. 2d ed.—rev. and enl. By H. E. Dana … Fort
325 2748 227 68 Worth,
586 2750 156 67 Tex.,
775 2749 244 54 Pioneer
1052 2751 340 71 publishing
1426 2772 300 52 company,
1763 2759 151 51 1928.

394 2831 27 40 3
449 2841 43 37 p.
555 2861 9 17 l.,
591 2830 100 48 204,
723 2829 55 52 [2]
809 2842 44 37 p.
912 2831 148 42 23½ᶜᵐ.

397 2886 299 49 “Suggested
723 2886 369 50 bibliography”
1112 2900 9 29 :
1151 2901 44 37 p.
1225 2889 101 43 204.

323 2940 2008 63 © Oct. 22, 1928; 2c. Nov. 26; aff. Nov. 24; A 1895; H. E. Dana, Fort
389 3001 187 48 Worth,
609 3002 115 40 Tex.
796 3002 283 49 (28-29343)

316 3080 277 65 Dickens,
629 3081 264 66 Charles,
930 3084 329 56 1812-1870.

388 3159 196 53 David
611 3158 386 71 Copperfield,
1018 3161 77 69 by
1120 3161 238 56 Charles
1383 3165 268 69 Dickens,
1675 3167 142 55 with
1843 3189 73 33 an
1941 3170 389 57 introduction

315 3237 2017 84 by Allan Nevins … New York, The Macmillan company, 1928.
387 3321 32 39 2
474 3352 9 9 v.
542 3320 147 40 18½ᶜᵐ.
760 3320 128 50 (The
907 3323 201 39 modern
1132 3324 212 41 readers’
1368 3326 176 48 series)

389 3377 237 41 Contains
648 3378 345 49 reproduction
1016 3380 51 40 of
1088 3390 225 40 wrapper
1337 3384 96 40 and
1457 3385 98 47 t.-p.
1579 3385 53 41 of
1654 3387 81 40 the
1759 3387 209 48 original
1990 3389 199 49 edition,

316 3387 1997 97 London,
447 3434 130 41 1850.

321 3486 1313 60 © Nov. 13, 1928; 2c. and aff. Nov. 14; A 615; Macmillan
1949 3513 67 31 co.
2097 3499 52 53 [©
389 3499 1921 102 introduction]
675 3548 283 50 (28-27803)

319 3627 283 65 Douglas,
638 3629 286 65 Norman,
962 3636 172 50 1868-

389 3704 185 56 South
623 3707 173 70 wind,
840 3709 77 68 by
963 3709 257 55 Norman
1266 3714 288 67 Douglas;
1602 3715 328 56 illustrated
1975 3719 75 69 by
2095 3721 231 54 Valenti

317 3783 243 70 Angelo.
635 3784 139 55 New
814 3787 181 66 York,
1032 3789 192 69 Dodd,
1264 3790 173 55 Mead
1474 3795 46 49 &
1558 3811 300 53 company,
1897 3799 150 51 1928.

387 3867 29 38 4
441 3877 44 37 p.
546 3898 9 17 l.,
581 3867 85 41 413
694 3879 43 37 p.
812 3870 87 40 col.
925 3869 166 48 front.,
1121 3873 87 39 col.
1236 3872 173 49 plates.
1470 3875 148 41 24½ᶜᵐ.

322 3919 2004 69 © Sept. 14, 1928; 2c. and aff. Sept. 20; A 1053482; Dodd, Mead & co.,
388 3979 93 42 inc.
541 3977 69 54 [©
640 3981 345 53 illustrations]
1054 3984 284 53 (28-21965)
