2498 4384
1051 4060 102 53 465

106 396 331 62 Aldworth,
469 395 218 54 Frank.

108 471 1989 150 … Chiave della stenografia Gregg, invenzione di John Robert Gregg.
564 556 44 48 1.
649 552 85 53 ed.
810 552 203 52 Nuova
1054 550 181 68 York,
1276 549 254 71 Chicago
1593 556 121 62 [etc.]
1761 551 121 54 The
1923 551 197 71 Gregg

107 630 876 70 publishing company [ ᶜ 1928]
200 712 482 49 1 p. l., 30 p. 17 ᶜᵐ .
178 784 64 40 At
267 784 124 40 head
420 783 51 41 of
498 783 109 42 title
625 793 10 31 :
663 783 165 40 Frank
856 781 267 49 Aldworth,
1153 781 82 42 Isa
1265 780 182 51 Giorgi.

108 853 52 52 ©
191 858 122 39 Mar.
343 857 38 46 1,
414 856 139 43 1928;
584 856 67 41 2c.
683 857 122 39 Mar.
835 856 53 45 7;
920 854 82 41 aff.
1033 855 124 40 Mar.
1186 854 55 47 6;
1272 855 41 39 A
1343 854 231 47 1068148;
1607 855 159 49 Gregg
1796 856 110 49 pub.
1935 868 68 30 co.

185 913 254 49 (28-9282)

107 1008 318 53 American
459 1007 110 52 law
601 1008 236 61 reports
869 1006 345 52 annotated.

177 1084 1935 71 Cumulative index … vols. 52, 53. Combining cases and
104 1166 383 52 annotations.
588 1164 315 67 Appendix
952 1163 338 69 containing
1336 1163 114 52 late
1497 1163 422 68 supplemental
103 1163 1988 134 decisions
300 1243 92 53 for

434 1243 70 52 A.
548 1243 64 51 L.
655 1243 69 52 R.
768 1241 367 53 annotations
1179 1241 59 52 in
1282 1241 396 52 continuation
1721 1240 66 54 of
1829 1241 96 53 the
1970 1242 148 53 Blue

102 1322 147 53 book
291 1321 64 53 of
401 1320 150 54 1927.
630 1319 326 66 Rochester,
1000 1319 69 52 N.
1114 1320 92 63 Y.,
1250 1320 123 52 The
1415 1320 270 68 Lawyers
1730 1321 386 67 co-operative

102 1400 338 68 publishing
466 1416 279 50 company;
806 1398 341 67 Northport,
1172 1399 67 51 L.
1266 1399 67 65 I.,
1361 1397 69 53 N.
1461 1399 89 66 Y.,
1580 1398 253 53 Edward
100 1399 1990 132 Thompson

238 1495 309 45 company;
589 1475 118 56 San
743 1475 326 65 Francisco,
1105 1475 198 65 Calif.,
1340 1476 590 64 Bancroft-Whitney
102 1497 1990 128 company,
307 1558 151 51 1928.

167 1637 437 49 208, 84 p. 24 ᶜᵐ .
103 1706 52 52 ©
186 1710 115 48 Apr.
334 1710 68 45 18,
435 1707 114 41 1928;
609 1709 68 39 2c.
709 1708 116 48 Apr.
855 1708 56 41 23;
973 1707 84 42 aff.
1088 1708 116 48 Apr.
1235 1708 57 39 24;
1354 1708 44 40 A
1429 1708 203 41 1069905;
1696 1712 230 46 Lawyers
172 1721 1923 86 co-operative
389 1765 109 49 pub.

528 1777 82 35 co.,
642 1766 212 39 Edward
884 1765 278 48 Thompson
1191 1776 83 37 co.,
1305 1767 97 39 and
1433 1766 493 50 Bancroft-Whitney
1957 1778 68 31 co.

99 1876 276 53 Arizona.
453 1877 278 67 Supreme
768 1882 175 46 court.

171 1954 1943 71 Report of cases argued and determined … from September
104 2038 81 63 16,
225 2038 151 61 1925,
415 2039 57 46 to
510 2033 297 68 February
845 2031 86 69 27,
971 2036 151 49 1926.
1196 2032 168 54 Alice
1400 2034 80 51 M.
1521 2033 277 69 Birdsall,
1835 2041 276 62 reporter.

140 2157 9 8 v.
184 2116 81 49 29.
340 2112 119 54 San
494 2110 325 68 Francisco,
855 2109 591 71 Bancroft-Whitney
1481 2130 301 51 company,
1821 2115 150 52 1928.

166 2193 770 49 xxxii, 670 p. diagr. 22½ ᶜᵐ .
99 2263 53 52 ©
179 2268 114 47 Apr.
321 2266 69 47 10,
420 2265 114 41 1928;
590 2265 68 41 2c.
686 2266 96 39 and
811 2264 83 41 aff.
922 2264 114 49 Apr.
1067 2264 55 41 16;
1177 2265 41 39 A
1249 2264 204 42 1068934;
1511 2266 135 41 Alice
1676 2268 63 40 M.
1767 2268 233 49 Birdsall,
2029 2270 82 41 for

168 2325 82 40 the
280 2323 178 42 benefit
489 2322 53 41 of
572 2323 81 42 the
683 2325 129 38 state
843 2322 53 41 of
925 2322 225 48 Arizona,
1185 2321 233 50 Phoenix,
1451 2323 131 42 Ariz.

92 2420 384 63 Armstrong,
512 2417 225 54 Martin
773 2417 421 64 Donisthorpe,
1234 2421 172 49 1882-

166 2498 327 70 Laughing,
531 2497 75 69 by
643 2497 222 52 Martin
904 2496 370 70 Armstrong,
1312 2497 171 69 being
1523 2517 103 34 one
1664 2498 65 54 of
1766 2518 29 34 a
1836 2501 171 53 series
2045 2501 65 53 of

97 2596 186 36 essays
326 2578 190 52 edited
560 2577 75 68 by
678 2577 55 53 J.
779 2577 67 50 B.
893 2575 283 69 Priestley
1219 2576 115 53 and
1379 2576 270 54 entitled:
1695 2579 180 53 These

94 2580 1991 130 diversions.
338 2656 262 66 London,
628 2655 286 66 Jarrolds,
947 2657 150 49 1928.

164 2736 975 52 86, [1] p. col. front. (port.) 17½ ᶜᵐ .
97 2807 2010 56 © 1c. Mar. 19, 1928; A ad int. 10803; pubd. Jan. 20; M. D. Armstrong,
166 2869 214 40 London.
451 2866 253 49 (28-9277)

98 2961 476 63 Ashton-Wolfe,
605 2962 73 51 H.

169 3043 247 68 Strange
454 3041 142 52 tales
633 3038 66 54 of
736 3039 224 53 French
1000 3039 218 53 crimes.
1295 3040 287 54 Narrated
1623 3041 75 70 by
1737 3043 77 52 H.

94 3043 2013 133 Ashton-Wolfe
317 3119 153 53 from
497 3119 329 52 documents
853 3117 268 68 supplied
1148 3117 74 69 by
1250 3119 104 51 Dr.
1384 3119 268 54 Edmond
1681 3121 240 54 Locard.
1985 3124 122 54 The

95 3201 126 51 iron
250 3197 257 54 nemesis.

173 3284 84 43 (In
287 3275 264 45 Pearson’s
586 3273 279 54 magazine,
897 3273 139 53 Apr.,
1072 3274 144 51 1928)

97 3333 2007 59 © 1c. May 12, 1928; A ad int. 11064; pubd. Apr. 1; Christy & Moore,
167 3397 101 47 ltd.,
302 3394 216 41 London.

261 3486 1198 72 Strange tales of French crimes. The mystery of Saida, the Egyptian.
176 3574 84 48 (In
290 3567 265 45 Pearson’s
588 3566 279 53 magazine,
900 3566 135 52 May,
1071 3566 145 50 1928)

97 3626 2007 58 © 1c. May 12, 1928; A ad int. 11065; pubd. May 1; Christy & Moore,
167 3689 102 46 ltd.,
302 3687 215 40 London.

90 3781 250 64 Baltzly,
372 3780 200 55 Oliver
603 3780 70 52 D.

166 3858 384 56 Catechetical
578 3856 348 70 evangelism;
986 3857 240 53 lectures
1256 3876 71 34 on
1354 3858 97 54 the
1478 3864 164 64 great
1668 3861 216 56 themes
1911 3863 66 54 of
2003 3884 104 35 our

94 3939 137 70 holy
268 3937 246 70 religion
552 3955 60 36 as
650 3941 84 50 set
771 3934 163 56 forth
972 3935 60 54 in
1068 3935 96 54 the
1203 3935 108 55 five
1352 3941 162 65 parts
1551 3937 67 55 of
1654 3939 266 61 Luther’s
1959 3949 146 56 cate-
