2498 4384
1207 4072 141 50 2220

346 486 1947 57 “This autographed edition … is limited to 300 copies of which this
273 553 42 40 is
343 554 205 39 number
576 552 99 42 77.”

279 605 52 53 ©
354 611 120 39 Nov.
498 609 69 43 27,
593 609 141 46 1928;
760 609 69 39 2c.
855 609 112 39 Dec.
993 607 82 46 13;
1103 605 82 42 aff.
1211 606 114 39 Dec.
1350 603 83 47 22;
1462 603 41 39 A
1527 603 143 45 2417;
1699 602 57 40 D.
1784 600 252 48 Rudhyar,
2067 600 226 48 Chicago.

358 665 253 51 (29-4007)

276 772 423 64 Saint-Andre,
731 771 238 55 Claude.

342 851 81 52 Le
464 855 216 63 regent,
722 866 108 51 par
874 848 218 54 Claude
1136 845 415 56 Saint-Andre.
1627 842 187 68 Paris,
1857 842 56 53 J.
1957 840 340 55 Tallandier

276 962 13 33 [
294 934 18 21 c
318 931 134 51 1928
458 962 12 33 ]

273 1001 2005 114 2 p. l., 252 p., 2 l. front., plates, ports. 21 ᶜᵐ . (On cover: Bibliothèque “Historia”)
343 1122 752 51 Bibliographie : p. [ 249]-250.
277 1174 1895 56 © Oct. 25, 1928; 1c. Nov. 30; A—Foreign 971; Jules Tallandier.
356 1238 253 49 (29-6357)

281 1334 453 68 [Schaumburg,
766 1332 147 53 Paul
945 1331 179 53 Erich
1158 1331 204 51 Bruno
1392 1328 282 67 Richard]
1713 1332 173 49 1884-

403 1404 1893 75 … Leben und lieben des herzogs Carl August von Weimar,
270 1494 147 52 nach
465 1494 109 51 den
618 1492 224 67 quellen
889 1489 354 70 dargestellt,
1288 1489 107 52 mit
1442 1491 65 48 33
1554 1484 184 56 tafeln
1787 1485 104 53 auf
1934 1484 363 54 kunstdruck

271 1572 117 52 und
434 1571 184 52 vielen
660 1570 193 52 bisher
896 1568 433 69 ungedruckten
1373 1564 156 55 brief
1532 1584 68 35 en
1646 1584 100 35 aus
1792 1566 128 52 dem
270 1563 1997 139 Hohenzollern-archiv.

711 1648 274 67 Weimar,
1016 1648 215 52 Panses
1263 1647 198 67 verlag
1492 1664 52 50 g.
1579 1663 71 34 m.
1682 1644 52 53 b.
1765 1644 55 51 h.
1860 1675 12 34 [
1876 1648 19 21 c
1901 1645 154 64 1928]

341 1726 1331 54 1 p. l. , [V]-x p., 1 l., 316 p. plates, ports. 22 ᶜᵐ .
341 1788 233 41 Author’s
600 1789 180 47 pseud.,
810 1788 124 39 Paul
963 1788 147 45 Burg,
1138 1788 52 38 at
1218 1786 126 39 head
1374 1784 51 40 of
1451 1785 124 40 title.

340 1845 318 48 Advertising
684 1847 208 37 matter:
922 1855 43 37 p.
993 1842 219 42 312-316.

275 1897 2015 55 © June 30, 1928; 1c. Nov. 20: A—Foreign 932; Panses verlag, g. m. b. h.
340 1959 253 50 (29-6359)

269 2042 291 63 Schmidt,
590 2040 166 64 Karl,
789 2046 172 49 1868-

337 2114 1773 72 Koswa-ventile, von baurat Karl Schmidt … Leipzig,
267 2113 2001 152 Auslieferung: F. A. Brockhaus [ᶜ19 28]
339 2276 1110 52 2 p. l., 87, [1] p. incl. illus., tables. 21 ᶜᵐ .
339 2335 565 42 “Literaturübersicht”:
965 2346 43 37 p.
1039 2334 72 41 23.

275 2390 1795 54 © Aug. 15, 1928; 1c. Oct. 29; A—Foreign 762; F. A. Brockhaus.
351 2452 254 48 (29-6342)

273 2533 274 64 Schröer,
577 2533 159 52 Frau
766 2532 259 52 Therese
1066 2531 445 66 (Langwieser)
1553 2536 329 50 1804-1885.

338 2613 125 53 Aus
506 2612 225 53 briefen
776 2613 118 52 und
936 2612 254 52 blättern
1234 2631 112 33 von
1389 2612 245 54 Therese
1679 2612 263 66 Schröer,
1984 2609 108 55 mit
2137 2609 156 55 einer

267 2689 2001 153 einführung von C. S. Picht. Stuttgart [etc. ] Orient-Occident-verlag,
685 2773 151 50 1928.

338 2853 100 47 143,
472 2852 54 49 [1]
560 2863 43 37 p.
665 2851 147 41 19½ᶜᵐ.

340 2910 157 39 “Aus:
529 2909 169 39 Briefe
727 2910 99 38 und
857 2908 182 40 blätter
1069 2919 94 29 von
1193 2908 133 40 Frau
1357 2908 225 49 Therese,
1614 2909 396 48 herausgegeben
2041 2919 94 30 von
2168 2909 124 39 Karl

266 2977 93 30 von
388 2967 167 40 Holtei
594 2966 281 48 (Plamburg
902 2968 97 38 und
1027 2965 197 49 Leipzig
1252 2965 177 48 1868)”

341 3025 119 39 “Die
486 3023 240 41 Schriften
753 3034 93 29 von
873 3024 213 39 Therese
1113 3022 235 42 Schröer”:
1407 3033 45 38 p.
1482 3024 114 49 [144]

680 3081 102 40 CONTENTS.—Aus
815 3080 191 40 briefen
1043 3091 62 29 an
1140 3081 125 39 Karl
1299 3091 94 29 von
1426 3080 348 42 Holtei.—Aus
1808 3081 247 41 blättern:
2091 3082 93 40 Die

266 3092 2010 87 geliebte
454 3150 62 28 an
557 3141 91 38 den
688 3138 255 48 geliebten,
1005 3137 124 40 über
1169 3138 89 39 das
1296 3137 189 41 wirken
1525 3149 203 30 unseres
1768 3139 526 41 meistersdichters.—

265 3197 213 40 Therese
510 3196 219 41 Schröer.
792 3195 120 40 Eine
944 3195 344 40 lebensskizze.

271 3250 2014 52 © Aug. 31, 1928; 1c. Nov. 20; A —Foreign 942; Orient-Occident-verlag.
350 3309 253 50 (29-6156)

263 3391 231 64 Schulz,
528 3391 345 63 Christoph.

337 3467 126 54 Aus
501 3467 381 70 Hagenbecks
921 3468 439 69 jagdgründen;
1402 3468 305 54 abenteuer
1747 3470 152 54 eines
1937 3470 354 70 tierfängers

267 3546 61 52 in
361 3547 111 52 den
504 3551 240 63 steppen
775 3547 119 52 und
968 3546 288 53 urwäldern
1287 3546 265 69 Afrikas,
1585 3567 112 33 von
1732 3547 136 55 Chr.
1907 3549 239 65 Schulz;
2183 3549 108 52 mit

268 3624 428 53 Illustrationen
730 3642 112 35 von
876 3624 71 53 A.
985 3624 212 54 Roloff.
1270 3628 47 49 2.
1356 3625 130 52 aufl.
1558 3626 261 70 Leipzig,

1854 3628 221 69 Verlag
268 3629 1996 127 Deutsche
425 3703 148 53 buch
578 3702 388 69 Werkstätten,
995 3722 52 50 g.
1076 3722 74 34 m.
1178 3703 51 53 b.
1261 3704 74 68 h.,
1367 3707 150 49 1928.

337 3786 1951 53 180 p. incl. illus., maps, front., plates, port. 20 ½ ᶜᵐ . ( Half-title :
266 3843 169 40 Durch
463 3844 203 47 steppen
695 3845 98 39 und
824 3844 206 40 urwald.
1106 3845 77 39 [bd.
1213 3843 71 50 3])

337 3899 201 41 “Dieses
576 3900 126 40 buch
740 3900 65 40 ist
844 3900 107 40 eine
991 3901 234 47 gekürzte
1264 3902 213 47 ausgabe
1517 3902 85 40 des
1640 3913 94 29 von
1774 3904 107 39 dem
1921 3904 222 48 gleichen
265 3915 2003 82 Verfasser
464 3958 97 40 und

599 3957 67 40 im
701 3957 221 49 gleichen
960 3959 167 48 verlag
1163 3958 350 41 erschienenen
1548 3959 189 42 Werkes
1774 3960 114 41 ‘Auf
1924 3961 361 50 grosstierfang

263 4013 86 40 für
382 4014 353 48 Hagenbeck’.”
