2498 4384
1251 4089 135 51 1884

386 518 352 48 Bibliography
756 528 9 29 :
794 529 43 37 p.
867 517 200 40 xix-xx.

319 572 51 52 ©
398 577 120 38 Nov.
546 575 70 47 20,
646 574 141 47 1928;
818 574 69 40 2c.
916 575 95 39 and
1042 573 82 41 aff.
1153 574 120 39 Nov.
1302 573 82 46 21;
1417 572 41 39 A
1486 572 112 46 764;
1632 571 284 40 Macmillan
1945 581 68 30 co.

2093 566 51 52 [©
386 571 1920 109 introduction]
673 630 281 50 (28-28966)

315 725 225 53 Punch.
656 767 10 9 v.
700 723 116 68 115,
843 743 89 33 no.
961 727 155 63 4555,
1146 722 126 55 Oct.
1301 725 86 65 24,
1417 725 151 49 1928.

319 805 2005 52 © 1c. Dec. 19, 1928; A ad int. 12122; pubd. Oct. 24; Herbert Heather,
386 866 214 40 London.

317 959 397 66 Raphaelson,
746 961 268 63 Samson,
1049 965 172 49 1896-

315 1036 1991 149 Young love, a comedy by Samson Raphaelson … introduction by
568 1117 218 67 Joseph
815 1117 187 53 Wood
1030 1116 245 52 Krutch.
1343 1116 139 52 New
1512 1115 181 67 York,
1723 1115 360 67 Brentano’s,
2115 1118 151 50 1928.

383 1198 708 49 xii p., 2 l., 3-122 p. 20 ᶜᵐ .
317 1252 51 52 ©
401 1257 120 39 Nov.
552 1256 69 47 21,
654 1255 141 47 1928;
830 1255 67 40 2c.
931 1258 96 38 and
1060 1254 82 41 aff.
1175 1255 120 40 Nov.
1328 1254 82 41 23:
1446 1255 38 38 A
1518 1254 111 46 813;
1666 1253 304 49 Brentano’s,
2007 1254 91 40 inc.

394 1312 283 49 (28-29369)

312 1392 462 65 Raushenbush,
806 1391 233 54 Hilmar
1072 1392 283 65 Stephen,
1391 1397 173 50 1896-

385 1469 1945 70 High power propaganda, by H. S. Raushenbush … New
317 1547 1163 69 York city, New republic, inc. [ ᶜ192 8]
383 1630 516 50 2 p. l. , 89 p. 18ᶜᵐ.
385 1689 102 39 The
518 1688 109 40 first
656 1690 112 45 part
797 1687 52 40 of
880 1687 83 40 the
993 1686 230 49 hearings
1255 1686 113 41 held
1400 1688 60 46 by
1492 1688 83 39 the
1607 1687 207 40 Federal
1847 1688 140 39 trade
2019 1687 309 40 commission

314 1756 61 28 on
413 1746 83 39 the
532 1744 191 47 subject
760 1744 52 39 of
847 1744 315 47 propaganda
1202 1744 62 47 by
1301 1744 82 39 the
1419 1753 162 37 power
1617 1743 278 48 companies
1932 1744 89 39 has
2058 1744 116 39 here
2212 1744 116 39 been

314 1801 327 40 summarized
682 1801 97 39 and
820 1803 74 37 set
934 1799 196 48 against
1170 1800 84 40 the
1293 1799 315 48 background
1648 1799 52 40 of
1739 1800 141 39 other
1919 1800 189 39 studies
2146 1801 61 46 by
2246 1801 83 39 the

315 1857 289 41 Committee
636 1868 60 29 on
726 1858 107 39 coal
862 1858 94 38 and
990 1856 138 48 giant
1160 1866 177 38 power,
1371 1856 201 47 notably
1603 1856 170 39 Power
1804 1856 203 39 control,
2067 1857 62 47 cf.
2163 1856 166 40 Letter

314 1914 51 40 of
401 1914 321 40 transmittal.

317 1967 51 52 ©
397 1971 103 40 Oct.
528 1971 69 46 26,
626 1970 141 46 1928;
796 1970 68 40 2c.
892 1970 96 39 and
1016 1969 82 40 aff.
1128 1969 103 40 Oct.
1259 1969 83 46 31;
1374 1968 40 39 A
1442 1968 112 47 311;
1585 1968 119 39 New
1731 1968 230 48 republic,
1991 1968 93 41 inc.

394 2027 283 49 (28-29329)

314 2107 190 64 Roux,
534 2104 287 69 Frangois
851 2104 265 65 Charles,
1150 2105 173 54 1879-

454 2181 1876 72 … Trois ambassades françaises à la veille de la guerre.
319 2261 1677 69 Preface de M. Jacques Seydoux. Paris, Plon [ ᶜ192 8]
384 2344 823 51 3 p. l., xliii, 225 p., 1 l. 19 ᶜᵐ .
385 2401 1167 43 At head of title: Fran ç ois Charles-Roux.
317 2456 1842 52 © May 10, 1928; 1c. June 26; A—Foreign 39317; Librairie Plon.
395 2516 283 49 (28-29566)

311 2595 217 65 Rubin,
562 2595 249 55 Charles
841 2596 46 54 I.

387 2672 63 55 C.
487 2672 49 53 I.
573 2672 241 54 Rubin’s
850 2672 312 54 automatic
1198 2674 156 67 plate
1388 2674 153 69 glass
1577 2675 328 66 calculator,
1941 2675 260 53 contains
2236 2675 97 52 the

313 2756 97 48 net
440 2751 156 69 price
626 2749 65 54 of
720 2768 169 51 every
919 2751 112 53 size
1062 2750 65 53 of
1156 2752 157 66 plate
1342 2752 154 68 glass
1525 2751 61 53 in
1616 2753 96 52 the
1744 2751 221 56 Official
1995 2753 156 68 plate
2180 2753 153 67 glass

314 2829 100 53 list
444 2827 66 55 of
538 2828 232 69 August
802 2833 46 63 1,
882 2831 151 65 1919,
1064 2828 61 52 in
1157 2829 293 53 discounts
1480 2830 250 69 ranging

1762 2829 155 53 from
1945 2835 65 49 75
2041 2836 60 47 to
2134 2834 66 49 96
2231 2850 101 49 per

314 2906 1460 70 cent … Brooklyn, N. Y., C. I. Rubin [ ᶜ192 8 ]
384 2990 669 49 1 p. l., 375 p. 14 × 22 ᶜᵐ .
318 3044 51 52 ©
398 3047 104 41 Oct.
529 3048 69 46 15,
626 3047 142 47 1928;
796 3047 68 40 2c.
892 3048 96 38 and
1016 3045 82 43 aff.
1126 3048 120 39 Nov.
1273 3047 83 47 24;
1387 3047 42 39 A
1455 3046 142 48 1877;
1629 3047 48 42 C.
1707 3049 38 39 I.
1774 3048 176 41 Rubin.

395 3104 284 49 (28-29338)

315 3184 344 65 Schauffler,
696 3184 223 53 Robert
953 3185 229 63 Haven,
1220 3185 84 52 ed.

385 3261 1944 72 Plays for our American holidays … v. 3, 4. Comp. & ed.
313 3341 78 68 by
424 3341 216 54 Robert
673 3340 209 52 Haven
919 3339 308 55 Schauffler
1264 3342 113 52 and
1412 3341 72 53 A.
1521 3343 65 51 P.
1626 3341 273 55 Sanford.
1971 3343 142 53 New
2150 3341 180 70 York,

313 3419 192 61 Dodd,
536 3418 172 53 Mead
742 3419 115 52 and
888 3437 299 43 company,
1223 3422 152 50 1928.

383 3500 279 42 2 v. 19 ᶜᵐ .
729 3567 43 29 CONTENTS.—v.
814 3555 41 41 3.
896 3558 147 47 Plays
1081 3557 80 40 for
1200 3557 233 48 patriotic
1474 3559 243 47 days.—v.
1758 3557 42 43 4.
1841 3561 147 47 Plays
2027 3561 82 40 for
2148 3560 180 48 special

314 3613 338 42 celebrations.

318 3667 51 52 ©
399 3672 120 38 Nov.
547 3671 69 47 17,
645 3670 142 45 1928;
818 3670 68 40 2c.
916 3671 119 39 each
1064 3672 96 38 and
1190 3670 110 41 affs.
1329 3672 119 41 Nov.
1477 3673 82 47 22;
1592 3673 41 39 A
1662 3673 128 48 1855,
1822 3673 141 46 1856;
1997 3674 154 45 Dodd,
2185 3675 143 39 Mead

386 3727 38 41 &
450 3738 81 37 co.,
558 3726 92 42 inc.

314 3805 295 65 Schmied,
642 3807 201 63 Ignaz.

385 3883 112 53 Die
536 3884 524 70 wasserbewegung
1096 3885 75 52 im
1214 3887 434 68 dammkörper;
1691 3888 381 69 erforschung
2110 3889 100 53 der

316 3889 1991 126 inneren
548 3965 293 67 Vorgänge
899 3962 76 53 im
1036 3982 153 51 wege
1247 3983 113 35 von
1417 3966 327 69 versuchen,
1803 3986 113 34 von
1972 3967 118 70 ing.
2150 3967 181 70 Ignaz
