2498 4384
1294 4106 102 53 314

321 465 336 63 McQuillin,
688 466 260 63 Eugene.

395 542 1874 69 The law of municipal corporations, by Eugene McQuillin …
323 620 2007 69 2d ed. … v. 3. Chicago, New York, Callaghan and company,
326 702 149 50 1928.

395 780 438 50 xvi, 1003 p. 26 ᶜᵐ.
327 848 51 53 ©
418 854 121 39 Mar.
576 853 69 46 21,
683 852 140 47 1928;
862 852 67 41 2c.
967 853 95 38 and
1100 851 82 42 aff.
1220 853 124 40 Mar.
1380 852 82 47 26;
1502 853 39 38 A
1578 852 229 46 1068591;
1850 852 52 41 E.
1941 851 279 48 McQuillin,
2262 851 67 41 St.

395 909 163 42 Louis.

319 1003 189 63 Miles,
544 1003 232 64 Dudley
808 1004 200 61 Howe,
1046 1006 169 50 1881-

395 1081 1935 70 English in business, by Dudley Miles … Rev. ed. New
326 1160 1316 69 York, The Ronald press company [ ᶜ1 928]
397 1242 99 48 viii,
530 1243 85 38 441
649 1254 43 36 p.
752 1242 129 41 illus.
942 1242 58 40 19½ᶜᵐ.

329 1310 51 51 ©
410 1315 123 39 Mar.
561 1314 40 41 3.
631 1313 140 47 1928;
801 1314 67 40 2c.
899 1315 121 39 Mar.
1050 1313 51 42 6;
1134 1313 83 42 aff.
1248 1315 123 40 Mar.
1400 1315 26 39 7;
1485 1314 40 39 A
1555 1313 229 47 1069182;
1818 1314 190 39 Ronald
2039 1322 136 39 press
2205 1323 68 30 co.

409 1371 253 48 (28-7312)

322 1465 219 61 Moore,
578 1465 311 63 Raymond
928 1465 172 63 Cecil,
1140 1468 172 50 1892-
1490 1466 84 53 ed.

394 1542 260 69 Geology
686 1542 65 53 of
780 1543 111 53 salt
922 1544 164 52 dome
1117 1544 78 51 oil
1226 1543 191 68 fields;
1451 1563 30 33 a
1512 1543 353 68 symposium
1896 1561 73 34 on
1999 1543 99 52 the
2126 1542 209 67 origin,

322 1625 303 63 structure,
656 1621 113 52 and
800 1621 232 68 general
1059 1622 245 68 geology
1332 1621 65 53 of
1427 1622 110 52 salt
1565 1622 210 66 domes,
1806 1620 141 53 with
1979 1620 212 68 special
324 1620 1989 132 reference

557 1705 59 46 to
654 1698 79 53 oil
772 1699 361 68 production,
1173 1700 114 52 and
1325 1699 255 69 treating
1616 1698 206 70 chiefly
1860 1700 97 52 the
1996 1698 112 53 salt
2145 1699 192 52 domes

324 1776 65 53 of
421 1778 187 52 North
641 1777 285 68 America,
956 1777 77 68 by
1065 1778 68 51 E.
1166 1778 89 53 De
1286 1776 231 70 Golyer,
1546 1778 91 55 W.
1667 1778 72 52 A.
1770 1778 57 54 J.
1858 1777 80 52 M.
1970 1795 112 34 van
324 1778 1988 130 Waterschoot

563 1854 1711 69 van der Gracht, Marcus I. Goldman [and others] …
325 1933 191 54 edited
552 1933 75 69 by
663 1933 305 69 Raymond
1006 1932 62 55 C.
1107 1933 215 67 Moore,
1359 1933 140 52 with
1536 1933 306 54 assistance
1877 1932 67 54 of
1976 1933 257 55 Wallace
2268 1933 68 54 E.

328 2010 2010 70 Pratt, Donald C. Barton [and others] … [Chicago] The
329 2090 305 53 American
676 2088 341 54 association
1061 2088 64 53 of
1169 2089 317 67 petroleum
1527 2089 326 68 geologists,
1899 2091 151 51 1926.

395 2172 1708 49 xix, 797 p. illus., maps (part fold.) diagrs. (part fold.) 23½ ᶜᵐ.
398 2231 294 40 “Presented
725 2232 52 38 at
808 2230 83 39 the
923 2228 213 49 meeting
1166 2229 51 40 of
1251 2229 82 39 the
1363 2228 260 41 American
1653 2229 298 40 association
1983 2229 52 41 of
2068 2231 266 47 petroleum

325 2287 262 50 geologists
614 2289 53 38 at
695 2287 238 46 Houston,
961 2285 172 47 Texas,
1163 2284 51 39 in
1242 2285 184 48 March,
1454 2283 487 50 1924.”—Prefatory
1966 2288 127 39 note.

397 2344 236 42 Contains
667 2341 394 49 bibliographies.

333 2397 51 53 ©
416 2403 123 39 Mar.
568 2401 69 47 27,
668 2400 142 46 1926;
841 2399 68 39 2c.
940 2399 97 39 and
1067 2397 83 41 aff.
1181 2398 113 40 Feb.
1323 2398 68 47 13,
1423 2397 141 47 1928;
1599 2398 40 39 A
1669 2398 230 47 1018959;
1934 2399 160 40 Amer.
2126 2409 115 30 assn.
2286 2398 53 42 of

398 2459 270 47 petroleum
702 2455 275 49 geologists.
1052 2454 252 49 (28-6934)

326 2554 219 61 Moore,
576 2552 260 53 Thomas
867 2552 257 51 Emmet.

401 2632 199 51 Flutes
632 2629 64 53 of
727 2629 339 65 childhood;
1098 2647 187 34 verses
1317 2628 95 52 for
1444 2628 260 53 children
1736 2629 114 52 and
1882 2629 96 53 the
2011 2635 235 61 parents
2278 2628 64 52 of

331 2705 2012 71 children, by Thomas Emmet Moore … New York, G. Sully
331 2787 651 67 and company [ ᶜ1 928]
403 2866 584 50 xvi p., 1 l., 120 p. 19½ ᶜᵐ.
335 2921 51 52 ©
418 2926 111 40 Feb.
557 2926 69 42 25,
657 2924 140 43 1928;
829 2925 68 40 2c.
927 2925 95 39 and
1052 2923 81 41 aff.
1164 2925 124 39 Mar.
1318 2924 53 47 2;
1403 2924 40 38 A
1472 2923 230 48 1068073;
1737 2924 183 46 George
1954 2923 136 49 Sully
2122 2924 36 40 &
2188 2935 67 30 co.

415 2982 251 49 (28-7183)

331 3076 314 63 Morrison,
681 3076 246 54 Charles
961 3075 267 63 Clayton.

412 3155 438 66 [Introduction]
898 3155 77 67 by
1020 3153 237 54 Charles
1304 3153 248 68 Clayton
1595 3153 290 53 Morrison
1952 3154 61 52 [in
2056 3154 97 52 the
2196 3152 148 53 book

335 3232 257 66 entitled]
634 3232 167 52 Bible
834 3231 405 68 lamplighters
1273 3231 113 52 and
1421 3231 152 53 their
1607 3250 283 50 messages
1924 3231 94 53 for
2052 3232 141 67 boys
2230 3232 112 52 and

335 3309 1983 147 girls, by Edward Shillito … New York, Chicago [etc.] Fleming H. Revell company [ ᶜ1 928]
404 3469 711 48 160 p. front., plates. 19½ ᶜᵐ.
339 3522 51 52 ©
422 3526 111 40 Feb.
562 3526 68 44 18,
660 3525 140 43 1928;
831 3526 68 40 2c.
928 3527 96 39 and
1053 3525 83 41 aff.
1166 3527 122 40 Mar.
1318 3526 52 46 6;
1402 3526 42 39 A
1471 3527 229 46 1069128;
1734 3526 221 49 Fleming
1984 3527 60 40 H.
2076 3527 168 39 Revell
2273 3537 69 30 co.

332 3635 284 52 National
645 3635 348 53 conference
1024 3651 72 36 on
1129 3635 373 53 educational
1533 3635 262 53 method.

404 3710 386 55 Educational
824 3713 376 67 supervision,
1235 3732 30 33 a
1302 3718 194 62 report
1529 3713 65 53 of
1626 3719 228 47 current
1888 3713 190 66 views,
335 3713 1983 145 investigations

338 3790 1978 130 and practices … compiled by a committee of the conference:
336 3867 1983 148 L. J. Brueckner, chairman … edited by James Fleming
470 3945 195 54 Hosic.
736 3945 138 54 New
909 3945 165 54 York
1107 3946 134 69 city,
1274 3946 122 53 The
1429 3946 275 53 National
1737 3946 334 54 conference
2104 3964 71 36 on
336 3946 1978 131 educational

614 4024 249 67 method,
896 4028 149 49 1928.
