2498 4384
1001 4111 134 50 1099

128 531 1707 53 4 p. l., 277 p. plates (1 double) 2 port. (incl. front.) 23 ½ ᶜᵐ .
129 592 310 48 Description
473 592 52 40 of
556 591 82 39 the
672 589 219 41 author’s
925 589 208 48 hunting
1167 588 99 48 trip
1299 588 50 39 in
1383 589 121 38 East
1535 587 185 40 Africa.

145 650 113 38 ‘The
289 647 204 42 Swahili
522 645 266 50 language”
808 657 10 28 :
850 656 43 37 p.
926 644 248 50 [269]-277.

70 700 52 53 ©
154 705 116 39 July
302 704 68 46 13,
403 703 141 46 1928;
579 703 67 40 2c.
680 702 115 47 July
828 702 81 46 17;
945 700 82 42 aff.
1061 702 116 46 July
1210 699 82 47 16;
1327 699 41 39 A
1484 698 145 48 1082657;
1666 699 53 40 E.
1754 698 73 41 De
1857 697 205 49 Bogory,

138 762 185 40 Dallas.
394 759 258 50 (28-18414
662 761 13 48 )

62 855 162 62 Ellis,
258 855 223 52 Robert
514 852 237 64 Sidney,
787 856 170 49 1890-

134 932 121 53 The
282 931 353 69 psychology
665 930 64 53 of
758 929 324 53 individual
1114 928 351 67 differences,
1492 928 76 68 by
1598 927 217 53 Robert
1846 927 216 69 Sidney

65 1006 1997 70 Ellis … New York, London, D. Appleton and company, 1928.
133 1088 1111 51 xxiii p., 1 l., 533 p. illus., diagrs. 21 ᶜᵐ .
134 1147 351 47 Bibliography
511 1148 52 38 at
589 1147 93 39 end
708 1146 51 39 of
785 1146 119 39 each
931 1146 217 47 chapter.

69 1200 52 53 ©
149 1205 116 40 July
291 1204 67 42 13,
386 1204 118 40 1928
519 1214 8 37 ;
557 1205 67 40 2c.
652 1204 94 39 and
774 1202 83 42 aff.
885 1204 116 47 July
1027 1203 82 46 25;
1139 1203 43 39 A
1207 1202 231 47 1082675;
1469 1203 57 40 D.
1555 1203 240 48 Appleton
1823 1202 36 40 &
1886 1212 69 31 co.

146 1260 281 50 (28418406)

63 1354 290 63 Forbush,
382 1353 257 54 William
671 1354 219 62 Byron,
922 1352 327 63 1868-1927,
1282 1370 178 50 comp.

127 1431 199 69 Myths
361 1432 114 52 and
510 1431 233 69 legends
777 1430 65 53 of
875 1429 208 56 Greece
1117 1431 114 52 and
1266 1430 196 67 Rome,
1496 1429 282 69 compiled
1812 1430 75 69 by

58 1429 2006 148 William. Byron Forbush … illustrated by Frederick Richardson.
57 1584 2009 72 Philadelphia, Chicago [etc. ] The John C. Winston company
63 1667 193 66 [ᶜ1928]

126 1746 1938 50 xii, 337 p. col. front., illus., col. plates. 21 ᶜᵐ . (Lettered on cover:
56 1806 102 39 The
189 1805 225 40 Winston
445 1806 264 45 clear-type
741 1805 205 46 popular
977 1802 225 47 classics)

130 1862 254 47 “Literary
415 1859 301 42 references”
749 1862 52 37 at
830 1860 92 39 end
954 1859 51 38 of
1032 1859 120 40 each
1182 1860 136 46 story
1347 1861 179 46 except,
1546 1870 103 30 one.

68 1913 52 53 ©
147 1919 115 46 May
288 1917 69 48 23,
385 1915 118 41 1928
518 1927 8 36 ;
554 1917 68 39 2c.
651 1916 116 47 July
792 1915 83 47 23;
905 1914 82 41 aff.
1017 1915 116 47 July
1158 1913 84 49 20;
1272 1915 44 38 A
1341 1914 202 41 1082623
1563 1926 8 36 ;
1602 1915 129 40 John
1760 1915 49 42 C.
1839 1916 227 41 Winston

135 1986 67 30 co.
273 1973 281 50 (28-18423)

59 2078 296 62 Frankau,
390 2076 258 54 Pamela.

132 2149 1933 73 The fig tree, by Pamela Frankau … 3d ed. [London] Hurst
62 2233 45 50 &
135 2230 285 68 Blackett,
447 2231 105 52 ltd.
586 2232 173 65 [1928]

131 2314 28 38 4
184 2323 44 38 p.
291 2344 8 17 l.,
325 2312 188 47 13-287,
545 2313 54 48 [1]
630 2322 43 38 p.
733 2310 148 43 19½ᶜᵐ.

68 2366 1522 54 © 1c. Aug. 7, 1928; A ad int. 11481; pubd. June 8; P.
1622 2369 246 48 Frankau,
135 2370 1911 107 Windsor,
257 2429 237 47 England.
565 2427 280 49 (28-19281)

58 2517 263 64 Garrett,
351 2517 258 54 William
640 2517 55 53 A
982 2521 173 49 1890-

131 2594 121 52 The
282 2592 383 64 professional
693 2596 181 60 guest,
902 2592 77 64 by
1005 2591 264 55 William
1299 2590 251 56 Garrett.
1615 2592 261 64 London,
1905 2593 159 55 John

61 2672 156 53 Lane
272 2673 153 65 [1928]

131 2754 28 38 4
187 2763 43 38 p.
294 2784 8 17 l.,
332 2753 86 40 316
447 2763 43 38 p.
550 2753 148 41 19½ᶜᵐ.

67 2806 1995 54 © 1c. Aug. 2, 1928; A ad int. 11460; pubd. July 20; D. Appleton & co.,
133 2868 118 41 New
279 2868 145 40 York.
495 2867 280 49 (28-19280)

59 2948 274 65 Gilligan,
368 2948 249 54 Francis
651 2948 220 53 James.

132 3027 120 53 The
281 3027 272 69 morality
583 3025 64 54 of
676 3027 95 52 the
801 3027 153 52 color
983 3026 145 67 line;
1161 3044 73 34 an
1265 3026 388 54 examination
1683 3026 66 54 of
1777 3028 95 52 the
1903 3027 160 70 right

62 3105 112 53 and
202 3105 95 52 the
325 3122 201 52 wrong
553 3103 64 54 of
645 3105 95 52 the
770 3104 488 54 discriminations
1289 3104 228 70 against
1543 3105 97 53 the
1669 3123 177 52 negro
1876 3105 60 53 in
1966 3107 98 53 the

62 3181 2002 73 United States, by Rev. Francis J. Gilligan … Washington,
61 3261 71 52 D.
162 3258 82 70 C.,
271 3259 263 56 Catholic
561 3260 319 70 university
905 3259 66 55 of
997 3260 287 69 America,
1312 3264 152 51 1928.

133 3343 26 39 3
185 3353 42 37 p.
289 3373 8 17 l.,
326 3341 129 48 ix-x,
482 3341 85 40 222
594 3352 44 38 p.
697 3343 117 40 23ᶜᵐ.

133 3399 173 40 Thesis
346 3398 64 48 (S.
474 3431 8 8 T.
545 3399 329 47 D.)—Catholic
904 3399 274 48 university
1209 3399 53 41 of
1293 3399 238 50 America,
1565 3400 130 43 1928.

135 3455 202 41 “Works
366 3454 53 42 of
447 3455 275 41 reference”
743 3467 8 28 :
782 3467 43 37 p.
856 3455 218 41 215-222.

69 3509 51 52 ©
155 3514 117 47 July
306 3514 39 47 1,
381 3513 141 47 1928;
558 3514 68 40 2c.
662 3514 116 47 July
811 3514 83 47 20;
933 3513 82 43 aff.
1049 3515 116 47 July
1199 3515 84 47 25;
1320 3515 42 40 A
1395 3514 231 49 1082710;
1664 3516 52 41 F.
1752 3517 44 40 J.
1833 3516 228 49 Gilligan,

137 3570 107 40 Fall
275 3571 161 47 River,
469 3572 147 39 Mass.
687 3570 255 49 (28-18398
952 3571 13 47 )

66 3660 354 68 [Gompertz,
450 3660 223 53 Martin
702 3661 180 54 Louis
911 3662 152 53 Alan]
1119 3667 173 49 1886-

127 3735 219 53 Mirror
383 3736 66 52 of
486 3737 240 67 dreams,
764 3755 33 34 a
835 3742 158 63 story
1030 3737 76 69 by
1144 3737 306 69 “Ganpat”
1515 3738 191 67 [pseud.]
1804 3738 261 69 London,

61 3812 239 55 Hodder
330 3815 114 52 and
476 3812 344 71 Stoughton,
849 3815 223 53 limited
1128 3818 153 65 [1928]

128 3897 87 41 319
245 3908 43 38 p.
348 3897 148 42 19½ᶜᵐ.

71 3948 1991 57 © 1c. June 30, 1928; A ad int. 11442; pubd. May 3; Doubleday, Doran
138 4011 36 40 &
203 4022 81 37 co.,
317 4011 105 47 inc.,
458 4011 194 41 Garden
683 4012 123 48 City,
839 4013 57 40 N.
929 4013 54 40 Y.
1053 4012 283 48 (28-19286)
