2498 4384
1252 4049 138 52 1334

387 473 597 48 3 p. l., 5-180 p. 18 ᶜᵐ .
325 540 1729 53 © Aug. 29, 1928; 2c. and aff. Aug. 31; A 1054230; O. L. Riggs.
402 601 282 48 (28-21389)

318 712 275 63 Roberts,
628 712 136 54 Carl
797 712 137 53 Eric
967 710 356 65 Bechhofer,
1359 715 172 49 1894-

393 791 143 53 This
562 792 118 52 side
706 791 269 68 idolatry,
1002 810 30 33 a
1059 791 165 52 novel
1251 790 171 53 based
1449 809 72 33 on
1547 790 95 53 the
1668 789 105 54 life
1800 789 64 54 of
1891 788 238 56 Charles
322 790 1984 147 Dickens,

465 871 77 67 by
574 869 60 54 C.
668 871 67 51 E.
769 869 598 53 Bechhofer-Roberts
1410 868 420 70 (“Ephesian”)
1908 870 421 68 Indianapolis,

322 948 1150 67 The Bobbs-Merrill company [ ᶜ1 928]
387 1031 102 48 349,
528 1032 54 48 [1]
617 1042 44 37 p.
860 1063 8 8 19½ᶜᵐ.

324 1098 51 53 ©
403 1103 121 48 Aug.
551 1101 69 49 31,
648 1102 141 47 1928;
817 1103 69 40 2c.
914 1103 96 39 and
1038 1101 82 42 aff.
1151 1102 130 48 Sept.
1308 1103 83 46 14;
1421 1102 41 39 A
1489 1102 230 47 1054291;
1751 1102 372 40 Bobbs-Merrill
2151 1113 68 30 co.

401 1159 283 49 (28-21370)

317 1268 350 62 Rocheleau,
701 1268 258 53 William
994 1268 265 53 Francis.

387 1345 1942 70 Transportation … by W. F. Rocheleau. Rev. ed. Chicago,
315 1424 72 53 A.
424 1425 302 68 Flanagan
759 1443 298 49 company,
1094 1427 151 50 1928.

390 1508 87 39 312
515 1518 43 37 p.
618 1507 164 43 front.,
819 1507 144 45 illus.,
1002 1506 155 49 diagr.
1327 1539 8 8 19ᶜᵐ.
1405 1506 126 48 (The
1572 1507 151 40 Great
1760 1506 260 41 American
2059 1506 267 41 industries

317 1565 167 40 series.
542 1565 85 40 4th
660 1563 103 49 bk.)

322 1632 51 52 ©
401 1636 121 48 Aug.
549 1636 69 41 28,
646 1636 141 46 1928;
816 1637 68 40 2c.
914 1636 129 48 Sept.
1070 1636 52 47 8;
1153 1635 84 41 aff.
1267 1636 129 48 Sept.
1424 1636 26 40 6;
1507 1636 40 39 A
1574 1636 230 46 1053241;
1835 1636 55 41 A.
1919 1636 255 48 Flanagan
2203 1647 67 30 co.

400 1692 282 49 (28-21356)

321 1801 201 63 Sabin,
557 1802 208 52 Edwin
795 1802 295 63 Legrand,
1126 1802 173 54 1870-

387 1878 187 56 “Old”
620 1879 123 54 Jim
789 1880 250 69 Bridger
1083 1898 73 34 on
1200 1880 96 53 the
1341 1880 291 53 Moccasin
1676 1880 168 53 trail:
1890 1898 31 34 a
1965 1880 115 53 tale
2124 1878 66 54 of
2232 1881 96 51 the

314 1957 206 54 beaver
542 1958 161 54 West
728 1959 113 52 and
867 1958 65 52 of
955 1958 95 53 the
1075 1977 128 34 men
1228 1958 129 53 who
1380 1959 219 67 opened
1623 1960 97 52 the
1743 1958 347 67 mountains,
2110 1958 77 69 by

315 1958 2012 147 Edwin L. Sabin … New York, Thomas Y. Crowell company
394 2118 120 65 [ ᶜ1 928 ]
383 2199 1343 48 xii p., 1 l., 316 p. col. front., col. plates. 20½ᶜᵐ.
321 2266 2004 52 © Sept. 10, 1928; 2c. Sept. 17; aff. Sept. 15; A 1054344; Thomas Y.
389 2326 206 41 Crowell
630 2337 68 30 co.
769 2326 280 48 (28-21420)

314 2436 239 63 Sajvers,
584 2436 273 64 Dorothy
887 2435 208 65 Leigh.

386 2515 120 52 The
558 2515 470 66 unpleasantness
1080 2521 57 46 at
1187 2516 96 52 the
1333 2515 239 52 Bellona
1624 2515 146 67 club,
1819 2515 75 69 by
1945 2515 266 70 Dorothy
2260 2515 65 53 L.

319 2592 223 69 Sayers.
618 2594 259 66 London,
911 2592 67 54 E.
1013 2594 181 66 Benn,
1227 2593 224 54 limited
1510 2596 152 64 [1928]

385 2676 100 48 287,
513 2678 54 48 [1]
592 2688 43 37 p.
835 2710 8 8 19½ᶜᵐ.

321 2744 1985 110 © 1c. Aug. 31, 1928; A ad int. 11562; pubd. July 6; D. L. Sayers, London. (28-21588)
315 2916 293 61 Shmelev,
640 2917 145 52 Ivan
817 2915 398 65 Sergi͡eevich,
1251 2916 170 54 1875-

389 2994 1934 69 Inexhaustible Cup, by Ivan Shmelov … translated from the
319 3073 249 53 Russian
608 3073 76 69 by
726 3073 247 52 Tatiana
1016 3073 355 53 Dechtereva
1416 3075 236 53 France.
1732 3074 140 53 New
1916 3074 182 68 York,
2143 3075 67 52 E.
2256 3075 65 53 P.

317 3151 835 70 Dutton & company [ ᶜ1 928]
387 3232 85 48 xii,
505 3234 86 40 147
618 3244 44 37 p.
721 3232 118 43 20ᶜᵐ.

321 3301 51 52 ©
407 3305 130 48 Sept.
569 3305 38 47 8,
639 3305 119 41 1928;
814 3306 68 39 2c.
915 3307 99 40 and
1043 3305 83 41 aff.
1161 3305 130 48 Sept.
1323 3306 82 47 11;
1440 3306 40 39 A
1513 3307 229 47 1054218;
1778 3309 52 39 E.
1865 3308 51 40 P.
1950 3307 190 41 Dutton
2173 3308 35 40 &
2239 3319 69 29 co.,

387 3361 93 41 inc.
551 3361 282 49 (28-21378)

315 3469 383 65 Shoemaker,
740 3471 208 63 Henry
987 3472 87 53 W.

395 3547 1924 72 [Preface] by Henry W. Shoemaker … [ in the book entitled]
319 3626 245 52 Pioneer
596 3626 133 64 life;
768 3646 80 41 or,
883 3628 212 67 Thirty
1127 3646 164 49 years
1326 3646 31 34 a
1391 3628 227 57 hunter,
1649 3630 173 68 being
1855 3648 187 34 scenes
2079 3630 112 52 and

319 3631 2006 144 adventures in the life of Philip Tome … [Reprint of the scarce
320 3781 2002 73 edition of 1854, … Harrisburg, Pa., The Aurand press, 1928.
386 3864 66 48 ix,
484 3865 84 39 173
599 3875 43 37 p.
673 3864 111 41 incl.
815 3865 151 40 front.
1023 3866 118 40 24ᶜᵐ.

322 3928 51 53 ©
408 3933 130 49 Sept.
570 3934 39 48 5,
642 3935 117 41 1928;
818 3936 68 40 2c.
918 3937 96 39 and
1046 3936 83 41 aff.
1164 3937 130 47 Sept.
1327 3937 82 45 10;
1445 3938 41 39 A
1518 3938 230 49 1054179;
1783 3939 55 41 A.
1872 3940 201 39 Monroe
2106 3939 215 50 Aurand,

387 3991 77 48 jr.,
496 3992 317 49 Harrisburg,
846 3993 84 41 Pa.
