2498 4384
1249 4111 105 45 212

284 449 179 62 Doty,
492 447 260 53 Bennett
781 445 262 64 Jeffries,
1074 449 174 50 1900-

358 526 123 53 The
521 526 192 69 legion
753 525 65 54 of
856 525 96 53 the
995 525 276 67 damned;
1314 525 97 53 the
1454 524 342 53 adventures
1838 521 66 55 of
1947 523 250 53 Bennett
2238 522 56 55 J.

289 604 158 69 Doty
483 604 61 52 in
577 604 98 52 the
710 603 225 53 French
972 602 229 70 foreign
1236 602 193 69 legion
1465 622 60 34 as
1560 601 125 54 told
1718 601 77 69 by
1831 600 254 54 himself.
2157 600 140 54 New

289 681 181 68 York,
496 681 260 67 London,
784 681 121 53 The
936 679 257 70 Century
1220 698 82 36 co.
1337 683 174 65 [1928]

422 759 1493 53 xv p., 2 l., 3-298 p. front. (port.) plates. 21ᶜᵐ. $3.00
291 818 53 52 ©
375 821 113 42 Feb.
518 822 68 47 17,
618 821 140 47 1928;
792 821 67 40 2c.
890 820 97 40 and
1017 820 83 41 aff.
1132 820 113 42 Feb.
1275 819 83 49 20;
1391 821 43 39 A
1463 820 231 48 1061812;
1729 819 215 48 Century
1976 831 68 29 co.

373 877 252 50 (28-5898)

288 972 194 63 Drew,
513 972 310 54 Elizabeth
852 972 72 54 A.

360 1051 149 54 Jane
534 1051 198 54 Welsh
761 1051 114 52 and
904 1050 149 54 Jane
1081 1050 249 69 Carlyle,
1358 1050 76 70 by
1465 1050 302 53 Elizabeth
1797 1049 191 67 Drew,
2018 1049 142 53 with
2192 1049 107 54 five

290 1128 399 53 illustrations.
757 1128 140 53 New
930 1128 181 68 York,
1143 1128 313 69 Harcourt,
1491 1130 181 51 Brace
1704 1130 46 51 &
1780 1146 283 51 company
2175 1131 101 50 [ᶜ1928]

362 1210 1018 49 6 p. l. , 3-282 p. front., ports. 19½ᶜᵐ.
293 1264 52 53 ©
374 1268 113 41 Feb.
514 1268 40 47 9,
582 1268 143 47 1928;
754 1268 69 40 2c.
850 1269 97 39 and
974 1268 83 41 aff.
1086 1268 112 41 Feb.
1226 1268 84 46 23;
1341 1268 42 39 A
1410 1268 229 47 1061886;
1672 1270 262 46 Harcourt,
1965 1270 158 38 Brace
2151 1270 36 38 &
2216 1279 81 37 co.,

360 1325 93 42 inc.
527 1324 253 49 (28-6005)

288 1419 317 62 Faulkner,
636 1419 170 53 Anne
838 1419 196 54 Shaw.

358 1496 181 55 What
568 1515 83 35 we
682 1497 138 53 hear
851 1497 61 53 in
944 1497 209 68 music;
1188 1517 31 33 a
1254 1516 194 35 course
1481 1496 65 55 of
1576 1498 172 68 study
1779 1498 60 53 in
1869 1498 179 53 music
2080 1499 223 68 history

289 1576 114 53 and
446 1576 414 68 appreciation,
900 1576 95 53 for
1031 1595 98 34 use
1168 1576 61 53 in
1266 1576 98 53 the
1401 1577 182 67 home,
1620 1577 143 69 high
1803 1577 238 67 schools,
2079 1578 224 52 normal

290 1655 238 67 schools,
563 1655 241 69 colleges
838 1655 114 53 and
985 1654 381 54 universities.
1440 1655 142 53 Also
1619 1655 94 53 for
1745 1655 210 68 special
1989 1674 223 35 courses
2244 1656 61 52 in

291 1733 2014 69 conservatories and music clubs … By Anne Shaw Faulkner
302 1810 2002 71 (Mrs. Marx E. Oberndorfer) … Camden, N. J., Educational
291 1892 382 67 department,
703 1891 204 54 Victor
936 1890 229 70 talking
1195 1890 263 54 machine
1487 1909 282 51 company
1878 1894 119 64 [ᶜ1928]

361 1975 86 40 640
468 1986 44 37 p.
571 1974 130 41 illus.
730 1973 135 49 (incl.
887 1973 175 50 ports.)
1131 1974 118 41 21ᶜᵐ.

363 2032 175 42 “Sixth
559 2031 191 41 revised
771 2031 200 42 edition.”

363 2089 379 48 Bibliography:
775 2100 44 37 p.
841 2087 218 42 584-589.

629 2143 309 50 CONTENTS.—Learning
956 2147 49 38 to
1022 2144 176 41 listen:
1218 2144 224 41 national
1459 2144 327 43 music.—The
1804 2145 190 49 history
2012 2146 53 40 of
2083 2146 221 41 music.—

291 2204 102 40 The
423 2205 279 40 orchestra:
734 2204 82 40 the
845 2204 338 47 development
1211 2202 54 41 of
1292 2203 347 40 instrumental
1670 2203 333 42 music.—The
2031 2215 147 37 opera
2209 2205 96 40 and

289 2263 232 40 oratorio.

297 2315 52 53 ©
373 2320 112 41 Jan.
509 2320 69 47 23,
603 2318 142 48 1928;
772 2319 68 41 2c.
865 2319 97 40 and
987 2318 82 42 aff.
1095 2318 112 41 Feb.
1234 2318 83 47 10;
1345 2317 41 40 A
1411 2316 230 49 1061619;
1670 2318 168 41 Victor
1863 2318 195 49 talking
2080 2319 223 41 machine

365 2388 69 30 co.
507 2375 253 52 (28-5989)

295 2473 123 52 The
452 2472 247 52 Federal
734 2477 272 63 reporter.
1086 2470 221 55 Second
1339 2469 186 54 series.
1602 2469 171 55 Cases
1808 2472 215 68 argued
2062 2472 112 53 and
363 2473 1915 130 determined

674 2551 59 51 in
760 2551 96 51 the
886 2549 223 55 Circuit
1136 2554 189 48 courts
1353 2548 65 53 of
1447 2549 234 68 appeals
1710 2550 113 52 and
1843 2550 249 53 District
2112 2557 189 47 courts

367 2628 66 53 of
454 2630 97 52 the
573 2629 219 54 United
820 2628 187 55 States
1034 2628 113 52 and
1171 2629 97 51 the
1296 2626 181 55 Court
1500 2627 64 53 of
1589 2629 235 67 appeals
1847 2627 65 54 of
1935 2629 97 52 the
2054 2629 248 54 District

365 2704 1926 73 of Columbia, with key-number annotations … v. 21 (2d)
368 2786 613 66 October-December,
1032 2785 151 53 1927.
1263 2783 82 56 St.
1395 2785 166 67 Paul,
1609 2785 163 53 West
1818 2785 339 70 publishing
2203 2805 99 50 co.,

367 2868 151 50 1928.

366 2945 1068 50 xxvii. 1074 p. incl. front. (map) 26ᶜᵐ.
301 3000 52 53 ©
384 3005 113 41 Feb.
524 3005 41 47 4,
594 3004 143 47 1928;
767 3005 68 40 2c.
866 3005 122 40 Mar.
1017 3004 83 47 12;
1132 3003 83 41 aff.
1245 3004 122 40 Mar.
1398 3003 83 47 10;
1513 3002 40 40 A
1583 3003 230 48 1068233;
1845 3005 139 40 West
2011 3005 111 48 pub.
2154 3016 67 30 co.

297 3113 340 63 Feuillerat,
671 3113 229 63 Albert,
933 3114 83 52 ed.

299 3190 1956 133 … [Editing, notes, appendices and index] by Albert Feuillerat
492 3271 60 51 [in
577 3271 96 51 the
697 3270 148 52 book
869 3270 257 66 entitled]
1157 3271 195 53 Venus
1378 3270 113 52 and
1517 3269 241 67 Adonis,
1780 3269 263 69 Lucrece,
2070 3271 114 53 and
2206 3271 98 53 the

298 3346 2007 71 minor poems [by William Shakespeare] … New Haven, Yale
299 3426 321 68 university
643 3444 184 50 press;
854 3427 259 54 London.
1136 3426 77 52 H.
1239 3425 267 58 Milford,
1531 3425 231 55 Oxford
1785 3427 322 69 university
2129 3446 175 50 press,

300 3504 152 55 1927.

368 3586 823 50 3 p. l., 198 p. facsim. 17½ᶜᵐ.
303 3640 52 53 ©
382 3645 120 40 Nov.
528 3644 69 47 11,
625 3643 141 47 1927;
795 3643 68 41 2c.
889 3644 118 40 Nov.
1035 3643 82 47 18;
1147 3643 82 41 aff.
1258 3645 119 39 Nov.
1405 3644 55 39 15;
1517 3644 41 40 A
1585 3643 230 43 1018161;
1847 3645 119 40 Yale
1995 3644 132 41 univ.
2155 3655 151 37 press.

299 3753 137 63 Fry,
468 3752 155 54 John
654 3752 339 65 Hemming.

373 3830 189 56 Greek
591 3831 193 68 myths
816 3832 113 52 and
962 3831 164 53 other
1158 3831 249 69 symbols
1441 3831 152 53 from
1628 3851 31 33 a
1694 3849 184 51 group
1912 3832 66 53 of
2011 3831 298 70 paintings

302 3909 75 68 by
404 3909 160 54 John
590 3909 317 69 Hemming
934 3909 150 69 Fry;
1116 3909 143 53 with
1288 3909 472 68 interpretations
1788 3909 76 70 by
1893 3910 198 53 Lilian
303 3909 1980 148 Whiting.

492 3987 445 69 [Philadelphia,
969 3988 123 54 The
1124 3988 155 54 Beck
1311 3989 319 69 engraving
1660 4007 300 51 company,
2047 3988 121 68 ᶜ1927]
