2498 4384
1301 4078 101 56 702

350 447 162 62 Taft,
545 447 254 53 William
833 448 239 51 Nelson.

422 524 1925 68 Interior display, by William Nelson Taft … New York,
351 601 1188 59 Alexander Hamilton institute, ᶜ 1928.
420 684 646 48 22 p. illus. (port.) 25 ½ ᶜᵐ.
423 755 209 47 “Report
663 765 74 28 no.
769 754 98 39 226.”

356 822 51 51 ©
438 826 112 46 Apr.
580 825 69 46 27,
681 824 113 39 1928;
853 824 66 40 2c.
951 825 96 38 and
1077 823 81 41 aff.
1191 824 113 47 Apr.
1335 823 56 40 28;
1451 824 42 38 A
1523 823 201 40 1074229;
1785 824 277 40 Alexander
2094 825 254 41 Hamilton

423 881 239 40 institute.
734 879 280 50 (28-12069)

350 990 260 62 Tappan,
641 988 209 63 Lewis,
883 989 326 52 1788-1873.

423 1068 56 51 A
516 1067 299 69 side-light
851 1086 72 34 on
960 1066 530 69 Anglo-American
1528 1067 289 68 relations,
1858 1070 326 64 1839-1858,
352 1066 1969 133 furnished
597 1144 75 69 by
714 1146 96 51 the
853 1146 478 66 correspondence
1374 1144 64 53 of
1481 1144 184 54 Lewis
1710 1146 248 67 Tappan
2000 1146 116 53 and
2158 1146 189 53 others

353 1224 140 52 with
524 1225 94 51 the
650 1223 222 53 British
904 1224 111 52 and
1048 1222 228 70 foreign
1305 1222 374 70 anti-slavery
1710 1223 228 69 society,
1967 1223 209 68 edited,
2205 1223 142 52 with

356 1301 1996 68 introduction and notes, by Annie Heloise Abel … and Frank
352 1378 1996 71 J. Klingberg … [Lancaster, Pa.] The Association for the
351 1460 176 68 study
564 1458 64 54 of
664 1478 175 50 negro
881 1458 104 54 life
1023 1460 112 52 and
1174 1458 240 69 history,
1452 1458 419 69 incorporated,
1913 1458 150 54 1927.

420 1542 384 49 vii, 407 p. 24 ᶜᵐ.
422 1614 228 48 Running
677 1613 108 41 title
804 1624 8 29 :
843 1614 102 40 The
971 1613 203 49 Tappan
1200 1623 192 39 papers.

354 1684 51 51 ©
435 1688 112 39 Dec.
575 1688 39 46 1,
643 1685 139 47 1927;
812 1685 67 40 2c.
908 1686 113 46 Apr.
1049 1684 69 48 30,
1148 1684 141 47 1928;
1321 1683 82 42 aff.
1433 1686 114 46 May
1575 1685 52 45 3;
1659 1684 41 39 A
1728 1684 203 41 1077089;
1989 1686 127 39 Assn.
2159 1685 78 40 for
2267 1685 81 40 the

421 1745 146 46 study
597 1743 51 40 of
676 1753 148 37 negro
852 1742 88 39 life
970 1742 36 39 &
1034 1741 204 48 history,
1268 1741 92 40 inc.
1431 1741 281 49 (28-12379)

349 1853 166 61 Tate,
544 1850 189 63 Allen,
764 1854 172 49 1899-

423 1930 310 54 Stonewall
769 1929 269 66 Jackson,
1074 1928 95 53 the
1205 1928 150 69 good
1391 1928 238 67 soldier;
1670 1947 31 33 a
1738 1928 293 53 narrative
2068 1928 75 69 by
2180 1929 170 53 Allen

351 2006 1712 70 Tate … New York, Minton, Balch & company, 1928.
422 2088 1672 49 viii p., 2 l., 3-322 p. front., illus. (maps) plates, ports. 21 ᶜᵐ .
420 2158 351 49 Bibliography
788 2169 9 29 :
821 2170 44 36 p.
888 2158 218 41 321-322.

353 2226 51 53 ©
436 2232 114 47 Apr.
580 2231 69 47 20,
680 2230 114 41 1928;
853 2230 67 40 2c.
950 2230 114 47 Apr.
1095 2230 56 40 27;
1211 2230 83 41 aff.
1327 2231 113 46 May
1470 2231 25 39 3;
1557 2230 41 39 A
1629 2230 201 40 1077066;
1893 2230 203 49 Minton,
2129 2232 153 40 Balch
2313 2233 36 39 &

420 2299 66 29 co.
558 2287 280 49 (28-12052)

350 2381 233 64 Taylor,
629 2381 255 55 William
933 2381 306 63 Sentman,
1291 2384 171 50 1894-

421 2461 231 53 Morton
686 2461 205 52 Prince
927 2461 111 52 and
1074 2461 296 52 abnormal
1405 2461 367 69 psychology,
1806 2462 75 68 by
1915 2462 90 53 W.
2042 2461 57 55 S.
2136 2463 214 66 Taylor

410 2539 1936 69 … New York and London, D. Appleton and company, 1928.
419 2621 883 50 xi, 136. [1] p. front. (port.) 19 ᶜᵐ.
421 2693 374 48 Bibliography:
827 2704 43 36 p.
902 2693 234 48 127-[132]

353 2760 51 52 ©
434 2765 114 47 Apr.
577 2764 68 45 30,
676 2764 114 40 1928;
848 2764 67 41 2c.
946 2765 95 38 and
1071 2763 79 41 aff.
1185 2765 114 46 May
1328 2765 25 37 2;
1414 2764 40 38 A
1483 2764 202 40 1074289;
1745 2765 57 40 D.
1832 2764 241 49 Appleton
2102 2766 36 39 &
2168 2775 67 31 co.

431 2821 281 48 (28-12093)

353 2914 293 68 [Thomas,
681 2917 137 51 Mrs.
854 2916 175 61 Mary
1058 2914 191 67 Anne]
1290 2918 167 50 1868-

419 2993 198 51 Flame
661 2992 64 53 of
764 2993 96 52 the
905 2992 197 57 forest,
1144 2992 73 68 by
1262 2992 163 53 Alice
1468 2993 240 53 Eustace
1778 3011 97 49 [pse
1918 2993 73 67 d.]
2089 2994 258 65 London,

349 3071 160 53 Mills
533 3073 44 49 &
603 3072 180 66 Boon,
806 3070 222 53 limited
1081 3072 152 65 [1927]

420 3153 266 47 254 p. 19½ ᶜᵐ.
352 3220 51 51 ©
447 3225 66 39 1c.
558 3224 127 47 Sept.
727 3224 69 47 21,
838 3223 141 46 1927;
1023 3222 42 40 A
1105 3226 62 39 ad
1209 3224 87 40 int.
1339 3223 169 45 10194;
1555 3225 141 47 pubd.
1739 3225 117 49 July
1897 3226 56 40 26;
2027 3227 140 47 Mary
2210 3226 135 40 Anne

424 3281 223 47 Thomas,
677 3280 194 48 Kymin,
900 3281 216 46 Newton,
1147 3281 290 47 Porthcawl,
1469 3281 45 40 S.
1544 3283 176 39 Wales.
1787 3282 251 50 (28-1284)

347 3373 317 63 Thomson,
697 3373 240 54 Estelle.

422 3452 121 52 The
580 3452 242 67 pumkin
862 3453 160 66 shell,
1059 3453 75 69 by
1175 3454 214 52 Estelle
1428 3454 306 68 Thomson,
1773 3455 323 53 illustrated
2137 3457 75 66 by
2253 3457 94 51 the

351 3531 222 51 author.
651 3530 117 54 San
808 3531 203 68 Diego,
1054 3531 195 66 Calif.,
1290 3533 121 52 The
1454 3532 359 70 Canterbury
1855 3552 297 50 company,
2197 3537 148 49 1928.

420 3612 461 48 159 p. illus. 19 ᶜᵐ.
355 3679 51 51 ©
432 3683 114 47 Apr.
571 3684 69 41 25,
667 3684 113 40 1928;
834 3685 68 40 2c.
929 3685 96 39 and
1050 3684 82 42 aff.
1159 3686 114 46 May
1299 3685 26 40 5;
1381 3685 40 39 A
1447 3686 202 41 1077098;
1706 3687 304 48 Canterbury
2039 3699 68 30 co.

432 3740 280 49 (28-12299)

350 3842 447 64 Thrap-Meyer,
831 3844 321 63 Johannes,
1189 3849 170 49 1898-

484 3920 1863 74 … Egoister; en høst i imdommen, roman. Oslo, Gyldendal,
351 3998 189 52 Norsk
570 3997 209 70 forlag,
813 3998 148 54 1927.
