2498 4384
1257 4100 100 51 908

304 443 198 62 Shive,
534 442 259 54 Richard
826 442 133 63 Jay,
994 443 171 52 1873-

369 519 323 55 Oklahoma
722 518 264 54 criminal
1017 520 213 68 digest;
1264 520 181 69 citing
1475 521 96 52 the
1601 525 239 48 statutes
1870 519 64 53 of
1964 519 341 68 Oklahoma,

297 597 95 53 the
424 597 277 53 decisions
731 596 65 53 of
823 597 96 52 the
952 597 275 68 Supreme
1257 603 160 47 court
1447 598 59 51 in
1537 598 79 51 all
1645 597 263 53 criminal
1938 616 151 34 cases
2122 597 180 53 found

305 675 60 52 in
400 675 138 53 vols.
579 674 135 54 1-37
750 675 275 53 inclusive
1063 676 112 52 and
1214 675 66 53 of
1314 675 97 53 the
1450 675 284 55 Criminal
1771 681 162 47 court
1969 674 64 55 of
2073 676 234 68 appeals

297 753 301 53 contained
628 752 61 53 in
716 753 137 53 vols.
885 757 27 48 1
940 758 59 47 to
1028 753 66 54 27
1122 752 295 69 inclusive,
1444 754 113 53 and
1586 754 78 52 all
1692 752 323 56 Oklahoma
2041 754 265 53 criminal

297 831 279 52 decisions
619 831 302 52 contained
963 832 61 51 in
1066 832 95 51 the
1205 831 214 53 Pacific
1462 837 259 62 reporter
1761 837 59 47 to
1863 832 110 53 vol.
2016 835 130 54 259;
2193 833 112 52 and

299 927 171 50 many
504 908 316 53 references
853 915 58 46 to
948 908 278 53 decisions
1263 908 64 53 of
1361 910 162 52 other
1556 915 191 61 states,
1780 909 379 69 cyclopedias,
2193 912 112 51 and

296 987 278 52 standard
605 992 122 47 text
757 986 190 53 books.
1016 987 54 51 A
1102 987 153 52 table
1287 986 65 53 of
1383 1006 150 34 cases
1566 986 64 53 of
1661 988 95 52 the
1788 992 222 63 reports
2043 987 264 68 officially

305 1064 304 68 published
652 1064 166 69 (vols.
855 1063 153 68 1-27,
1042 1064 167 55 Okla.
1246 1083 75 34 cr.
1355 1065 252 69 reports)
1651 1065 115 53 and
1799 1065 100 54 the
1928 1066 152 53 rules
2114 1065 66 54 of
2210 1066 98 53 the

298 1140 284 56 Criminal
619 1147 162 47 court
817 1141 65 53 of
918 1143 234 67 appeals
1189 1161 96 33 are
1321 1143 170 68 given
1528 1143 60 52 in
1623 1143 97 52 the
1757 1144 309 67 appendix.
298 1143 1984 145 Compiled

497 1220 76 69 by
617 1220 68 53 R.
729 1220 56 53 J.
832 1219 191 55 Shive.
1121 1219 323 55 Oklahoma
1491 1220 154 69 City,
1685 1221 242 52 Harlow
1970 1220 337 71 publishing

297 1316 299 49 company,
632 1300 151 50 1928.

367 1382 102 47 xix,
510 1382 84 40 662
637 1392 44 37 p.
740 1381 147 40 25½ᶜᵐ.

367 1438 229 40 Lettered
628 1448 62 29 on
720 1448 141 30 cover:
925 1437 184 41 Second
1142 1436 200 41 edition.

376 1493 135 40 First
535 1493 257 48 published
815 1492 50 40 in
888 1492 116 40 1914
1029 1493 153 39 under
1208 1492 110 40 title:
1376 1491 185 41 Shive’s
1587 1492 225 40 criminal
1838 1492 172 48 digest.

308 1547 52 52 ©
385 1552 115 47 Apr.
524 1552 69 43 23,
619 1551 115 40 1928;
786 1550 69 41 2c.
879 1551 96 38 and
1000 1549 82 42 aff.
1108 1550 114 47 Apr.
1249 1550 55 40 30;
1358 1550 41 39 A
1425 1549 201 41 1077023;
1683 1550 203 40 Harlow
1911 1551 109 48 pub.
2046 1562 69 29 co.

385 1607 282 49 (28-15029)

299 1703 341 62 Shumway,
676 1702 223 63 Waldo,
937 1705 171 49 1891-

367 1778 1940 70 The frog, a laboratory guide, by Waldo Shumway … New
298 1858 180 67 York,
507 1857 122 53 The
656 1856 337 53 Macmillan
1021 1875 299 50 company,
1349 1860 151 49 1928.

365 1941 88 41 viii
481 1952 57 37 p.,
566 1942 26 39 1
654 1972 9 16 l.,
692 1940 56 41 67
774 1952 43 37 p.
877 1940 147 41 19½ᶜᵐ.

368 1996 352 42 “References”:
782 2008 43 37 p.
858 1997 101 40 4-5.

307 2051 52 52 ©
389 2056 116 46 May
531 2054 69 47 29,
630 2053 115 40 1928;
800 2053 68 40 2c.
898 2054 96 38 and
1023 2051 82 42 aff.
1135 2053 115 46 May
1277 2052 53 39 31;
1393 2052 42 38 A
1464 2050 203 42 1079608;
1726 2052 283 40 Macmillan
2038 2063 69 31 co.

387 2110 282 49 (28-14364)

303 2193 249 62 Snyder,
586 2190 311 54 Madeline.

369 2271 106 68 My
497 2270 148 53 book
667 2269 64 54 of
754 2269 234 69 parties,
1010 2269 77 68 by
1109 2268 292 53 Madeline
1429 2268 252 68 Snyder;
1711 2269 291 69 drawings
2026 2270 77 69 by
2129 2270 177 53 Erick

306 2349 200 68 Berry.
582 2346 232 57 Garden
855 2346 153 70 City,
1046 2347 70 53 N.
1158 2347 92 68 Y.,
1287 2346 359 70 Doubleday,
1683 2348 200 52 Doran
1923 2350 46 50 &
2007 2366 299 52 company,

303 2427 128 67 inc.,
462 2429 150 51 1928.

372 2509 88 39 viii
489 2520 58 37 p.,
576 2508 25 40 1
631 2509 16 39 1.,
704 2507 85 41 191
818 2519 43 37 p.
921 2508 88 41 col.
1036 2507 167 49 front.,
1231 2507 131 41 illus.
1423 2507 149 42 20½ᶜᵐ.

307 2561 52 53 ©
383 2565 116 49 Apr.
522 2566 70 47 27,
616 2565 118 40 1928;
782 2565 69 41 2c.
875 2565 96 40 and
993 2564 82 42 aff.
1100 2565 127 39 June
1252 2565 25 40 5;
1329 2565 43 39 A
1392 2565 230 48 1074902;
1649 2565 299 49 Doubleday,
1973 2566 169 40 Doran
2164 2567 37 39 &
2224 2578 81 38 co.,

374 2622 93 42 inc.
538 2621 280 49 (28-14534)

366 2703 1880 67 … The South eastern reporter, v. 141. Permanent ed. …
371 2780 1933 70 with key-number annotations … February 4-April 7, 1928.
372 2859 84 55 St.
485 2860 167 67 Paul,
678 2860 160 53 West
867 2859 336 69 publishing
1230 2878 99 49 co.,
1359 2863 150 48 1928.

446 2942 380 49 xx, 989 p. 26 ᶜᵐ .
309 2994 51 53 ©
387 3000 116 47 May
527 2999 69 47 19,
622 2999 141 46 1928;
790 2999 69 40 2c.
886 2999 127 39 June
1038 2998 82 47 16;
1148 2998 83 41 aff.
1259 2999 129 39 June
1412 2999 82 47 15;
1522 2999 42 39 A
1590 2998 230 48 1082090;
1851 3000 136 40 West
2012 3001 112 46 pub.
2151 3011 68 31 co.

363 3134 1918 149 … South eastern reporter digest. [West Virginia ed.] Including
653 3232 151 35 cases
847 3215 266 66 reported
1157 3213 60 51 in
1260 3214 138 52 vols.
1447 3217 240 49 126-140
1731 3213 182 55 South
1957 3220 222 47 eastern
373 3233 1907 127 reporter,

616 3292 1627 69 97*, 98-103, 104† West Virginia reports, and also …
373 3369 1931 69 state reports … with table of statutes construed … Edited
372 3447 1930 70 by the editorial staff of the American digest system … St.
370 3528 167 66 Paul,
564 3527 159 53 West
755 3526 335 69 publishing
1120 3544 97 49 co.,
1248 3529 150 49 1928.

378 3609 564 48 iii, 1198, 13 p. 26 ᶜᵐ .
311 3662 52 52 ©
390 3667 115 46 May
529 3665 69 48 15,
624 3665 141 46 1928;
793 3665 67 41 2c.
888 3666 127 40 June
1040 3665 81 46 16;
1151 3665 83 41 aff.
1262 3666 126 39 June
1413 3665 81 46 15;
1523 3667 43 37 A
1591 3666 229 47 1082084;
1850 3667 137 39 West
2011 3667 110 47 pub.
2148 3677 69 30 co.

305 3745 270 63 Spriggs,
606 3744 158 53 Elsie
795 3745 53 51 H
1141 3746 82 52 ed.

372 3823 388 67 All-the-year
785 3821 199 55 stories
1013 3822 93 53 for
1133 3823 206 69 telling
1364 3828 58 47 to
1450 3823 150 52 little
1628 3822 171 67 folks,
1828 3823 188 52 edited
2044 3824 76 68 by
2148 3823 156 52 Elsie

303 3900 2000 70 H. Spriggs, with introduction by Mary Stewart … New
305 3978 1816 70 York, Chicago [etc.] Fleming H. Revell company [ ᶜ19 28]
