2498 4384
1050 4091 136 56 1763

109 513 1982 158 used over aluminum, silver and gold backgrounds … An entirely
313 620 124 35 new
469 601 133 53 field
639 600 93 52 for
765 600 96 52 the
896 596 386 69 enterprising
1315 594 240 54 interior
1590 594 313 52 decorator.
1973 590 143 53 This

109 680 147 54 book
289 679 64 54 of
386 678 380 54 information
801 677 113 52 and
947 673 344 55 instruction
1323 673 230 52 written
1588 672 112 52 and
1736 669 380 69 copyrighted

109 759 75 70 by
213 759 71 53 D.
317 757 80 54 M.
432 756 313 69 Campana.
815 753 270 70 Chicago,
1116 753 72 53 D.
1220 751 81 53 M.
1335 749 296 70 Campana
1663 754 90 48 art
1784 766 80 36 co.
1902 750 173 65 [1928]

178 842 56 41 95
261 852 43 38 p.
360 842 130 39 illus.
545 840 146 40 19½ᶜᵐ.
756 837 98 49 (On
882 848 164 29 cover:
1071 834 292 49 Campana’s
1391 835 206 47 popular
1623 835 79 38 art
1729 832 211 46 library)

180 898 85 40 “D.
298 899 62 39 M.
392 895 291 49 Campana’s
712 896 206 47 popular
948 896 79 38 art
1053 893 188 46 library
1269 892 86 40 list
1385 890 52 41 of
1465 888 355 50 publications”:
1881 898 43 38 p.
1955 887 160 40 93-95.

117 952 51 52 ©
200 955 101 41 Oct.
332 956 39 40 1,
403 954 116 39 1928;
578 954 67 39 2c.
679 952 102 41 Oct.
812 950 83 48 22;
929 950 84 41 aff.
1046 950 102 41 Oct.
1178 948 57 40 29;
1298 948 39 39 A
1369 946 112 47 277;
1517 946 57 39 D.
1607 947 63 40 M.
1705 944 262 48 Campana,
183 943 1914 115 Wilmette,
378 1011 76 40 Ill.
523 1008 281 50 (28-25751)

108 1090 288 65 Carnegie
432 1090 371 52 endowment
840 1087 96 52 for
972 1085 427 54 international
1437 1100 194 48 peace.

240 1163 1877 77 … Year book, 1928. no. 17. Washington, The Endowment,
108 1251 149 51 1928.

180 1329 99 48 xix,
308 1329 87 40 236
422 1340 43 37 p.
521 1328 137 41 front.
701 1326 172 49 (port.)
912 1327 172 47 plates.
1142 1325 148 41 25½ᶜᵐ.

117 1382 51 53 ©
203 1386 130 48 Sept.
363 1386 70 46 15,
465 1385 142 45 1928;
640 1384 68 41 2c.
741 1384 94 39 and
869 1382 83 41 aff.
985 1382 102 41 Oct.
1118 1382 55 42 4;
1208 1382 41 38 A
1280 1381 114 46 451;
1431 1380 236 45 Carnegie
1700 1380 307 39 endowment
2037 1379 82 40 for

183 1442 252 41 internatl.
467 1450 159 39 peace.

168 1518 1478 70 … Chroniques. 6. numéro. Paris, Plon [1928]
183 1599 1927 54 3 p. l., 310 p., 2 l. 20 ᶜᵐ . (Le roseau d’or; œuvres et chroniques. 30)
117 1656 1711 53 © July 20, 1928; 1c. Oct. 19; A— Foreign 308; Librairie Plon.
107 1742 179 54 Coast
321 1739 272 64 artillery
629 1738 256 66 journal.

183 1817 316 54 Advanced
541 1822 153 48 coast
735 1816 280 69 artillery,
1056 1816 285 69 prepared
1381 1815 77 68 by
1499 1815 98 53 the
1641 1814 174 55 Coast
1857 1814 264 71 artillery

112 1896 247 69 journal,
393 1896 145 52 Fort
571 1895 256 68 Monroe,
919 1912 48 35 Va.
1042 1893 345 69 Annapolis,
1421 1894 141 67 Md.,
1597 1893 276 53 National
1907 1893 213 54 service

112 1973 338 70 publishing
482 1991 282 51 company
845 1974 153 65 [ᶜ1928]

218 2087 8 16 v,
260 2056 99 46 374,
395 2054 100 48 140,
529 2054 86 39 412
651 2065 44 37 p.
755 2054 129 42 illus.
913 2053 135 48 (incl.
1084 2054 164 47 maps)
1294 2053 157 41 tables
1498 2054 47 48 (1
1584 2052 144 49 fold.)
1775 2052 180 50 diagrs.
1984 2054 138 49 (part

111 2112 145 47 fold.)
324 2112 118 40 24ᶜᵐ.

183 2168 204 41 Preface
418 2167 168 49 signed:
644 2168 182 40 Robert
856 2167 202 41 Arthur.

185 2225 236 42 Contains
450 2225 104 40 also
582 2224 241 48 chapters,
854 2223 249 49 reprinted
1131 2223 131 40 from
1291 2224 102 41 The
1423 2224 57 40 R.
1512 2223 52 42 O.
1596 2225 53 40 T.
1681 2224 50 41 C.
1762 2226 214 47 manual,
2008 2226 115 41 11th

117 2282 197 48 edition,
339 2281 128 49 1928,
492 2293 43 29 v.
557 2282 41 47 3,
621 2292 44 37 p.
688 2280 145 40 1-140;
885 2292 43 30 v.
951 2282 42 46 4,
1018 2292 43 37 p.
1085 2280 160 48 1-412,
1269 2291 60 30 on
1352 2281 83 41 the
1457 2281 255 49 following
1735 2282 216 47 subjects:
2006 2283 117 48 Map

115 2338 229 49 reading:
375 2337 378 48 interpretation
782 2338 52 40 of
862 2338 155 39 aerial
1046 2338 360 48 photographs;
1436 2338 221 48 military
1687 2339 282 48 sketching;
117 2339 1989 105 military

262 2398 96 38 law
395 2397 98 39 and
530 2396 185 40 officers
754 2405 192 31 reserve
984 2405 140 39 corps
1162 2395 303 49 regulations;
1535 2396 221 49 military
1795 2397 190 48 history
2026 2398 96 40 and

116 2453 156 48 policy;
329 2452 401 41 administration
758 2452 95 40 and
880 2454 175 46 supply;
1112 2451 113 41 field
1252 2452 326 49 engineering.

120 2507 51 53 ©
203 2511 103 41 Oct.
334 2512 40 47 1,
403 2510 143 47 1928;
577 2511 68 40 2c.
676 2510 102 41 Oct.
808 2510 83 47 27;
923 2510 83 40 aff.
1038 2510 102 41 Oct.
1170 2510 84 47 26;
1287 2510 40 39 A
1358 2510 142 47 1339;
1532 2511 117 41 Natl.
1696 2511 187 41 service
1911 2513 110 47 pub.
2054 2523 68 29 co.

197 2567 282 49 (28-25762)

112 2633 236 64 Collins,
382 2632 242 64 Joseph,
662 2636 171 51 1866-

183 2711 123 53 The
337 2712 199 52 doctor
564 2710 159 53 looks
754 2716 59 47 at
841 2710 288 70 marriage
1161 2711 115 53 and
1307 2711 297 69 medicine,
1634 2712 76 69 by
1742 2713 218 68 Joseph
113 2713 1988 130 Collins.

316 2788 234 56 Garden
593 2787 155 70 City,
788 2789 69 53 N.
900 2788 92 68 Y.,
1031 2788 361 71 Doubleday,
1430 2791 201 52 Doran
1671 2792 113 52 and
1825 2810 300 52 company,

114 2867 126 69 inc.,
276 2870 152 50 1928.

184 2951 26 39 5
238 2962 43 37 p.
310 2952 45 46 l.,
386 2950 145 41 3-313
561 2961 45 37 p.
664 2950 148 40 22½ᶜᵐ.

186 3007 162 41 “First
387 3006 229 42 edition.”

122 3059 51 53 ©
204 3064 102 41 Oct.
336 3064 69 47 11,
437 3063 117 41 1928;
610 3063 68 41 2c.
708 3064 95 40 and
834 3063 82 41 aff.
948 3063 101 41 Oct.
1080 3063 55 40 29;
1196 3063 41 40 A
1267 3063 115 41 1375;
1443 3065 299 49 Doubleday,
1775 3066 166 41 Doran
1974 3067 36 41 &
2041 3079 82 36 co.,

188 3120 92 41 inc.
348 3119 283 49 (28-25746)

117 3185 182 64 Corti,
329 3186 169 63 Egon
530 3186 238 63 Caesar,
798 3193 160 47 conte
964 3229 12 26 ,
1006 3190 172 50 1886-

186 3263 121 53 The
336 3263 165 69 reign
530 3262 65 54 of
621 3263 98 53 the
747 3263 174 53 house
951 3263 64 53 of
1043 3264 345 54 Rothschild
1439 3265 93 69 [by]
1571 3265 188 55 Count
1789 3269 167 69 Egon
117 3269 1986 125 Caesar

245 3340 180 68 Corti,
459 3341 317 53 translated
810 3340 153 54 from
996 3342 95 52 the
1127 3340 252 56 German
1411 3343 76 69 by
1521 3345 182 52 Brian
1739 3347 113 52 and
1888 3348 240 53 Beatrix

117 3419 167 52 Lunn;
343 3419 327 53 1830-1871.
746 3419 140 53 New
912 3419 180 68 York,
1117 3419 433 69 Cosmopolitan
1573 3422 149 54 book
1744 3426 383 68 corporation,

121 3499 149 51 1928.

223 3611 8 11 x,
261 3580 87 40 457
378 3591 43 37 p.
482 3580 165 40 front.,
679 3581 171 47 plates,
881 3582 164 46 ports.,
1077 3581 176 40 double
1282 3584 183 45 geneal.
1498 3583 97 41 tab.
1655 3585 147 41 24½ᶜᵐ.

191 3636 204 41 “Notes”:
459 3648 44 36 p.
534 3636 205 41 435-450:
802 3636 351 49 Bibliography:
1215 3649 44 36 p.
1291 3639 219 40 451-457.

127 3687 51 53 ©
206 3693 118 40 Nov.
351 3693 41 47 3,
420 3692 116 42 1928;
592 3693 68 40 2c.
689 3694 97 39 and
814 3693 82 40 aff.
924 3693 119 40 Nov.
1072 3693 26 40 5;
1155 3693 41 39 A
1224 3695 113 40 1481;
1399 3694 364 50 Cosmopolitan
1792 3699 123 41 book
1946 3711 128 38 corp.

205 3749 281 49 (28-25668)

119 3814 148 64 Day,
312 3815 200 52 Frank
552 3815 245 54 Parker.

192 3892 371 67 Rockbound,
602 3893 77 69 by
719 3894 200 52 Frank
958 3893 221 54 Parker
1219 3897 149 66 Day.
1448 3896 231 56 Garden
1725 3899 155 71 City,
1921 3903 71 53 N.
2036 3904 92 68 Y.,

123 3969 356 65 Doubleday,
511 3971 199 54 Doran
743 3973 46 52 &
821 3991 298 43 company,
1153 3973 128 61 inc.,
1317 3976 150 53 1928.
