2498 4384
1068 4074 101 51 483

125 403 237 62 Betten,
397 401 247 54 Francis
673 402 184 63 Sales,
892 405 171 50 1863-

198 479 251 54 Ancient
479 480 113 53 and
621 480 282 53 medieval
931 479 223 69 history
1186 479 153 53 from
1369 480 96 52 the
1494 479 191 70 origin
1713 479 66 53 of
1804 479 98 54 the
1930 480 214 54 human

129 577 126 34 race
281 563 59 47 to
367 558 97 53 the
492 559 108 52 end
628 557 64 53 of
718 558 97 53 the
843 557 271 70 religious
1144 557 167 69 unity
1339 557 65 54 of
1432 558 250 68 Europe,
1708 558 76 70 by
1812 559 242 53 Francis
2086 558 57 56 S.

128 635 2010 70 Betten … Boston, New York [etc. ] Allyn and Bacon [ᶜ 19 28]
197 720 95 47 xiv,
331 719 88 41 596
453 731 43 37 p.
556 720 164 47 front.,
759 721 130 39 illus.
918 719 135 49 (incl.
1088 719 245 47 facsims.)
1379 729 137 39 maps
1544 719 138 49 (part
1715 720 200 48 double)
1959 721 182 49 diagrs.

125 776 1129 51 19½ ᶜᵐ . [The Betten-Kaufmann histories]
197 835 163 40 “Book
388 834 143 41 list”:
565 846 42 37 p.
637 834 218 41 573-581.

131 886 1839 53 © Mar. 16, 1928 ; 2c. and aff. Apr. 2; A 1068716; Allyn & Bacon.
209 948 253 48 (28-9566)

119 1028 186 53 Bible.
384 1029 65 52 O.
488 1030 61 50 T.
626 1027 330 54 Selections.
1033 1027 265 68 English.

257 1106 1882 70 … Stories from the Old Testament, selected and edited by
122 1185 2015 69 Mabel C. Hermans … Boston, New York [etc.] Allyn and
123 1264 420 67 Bacon r ᶜ19 28]
194 1346 1944 51 viii, 462 p. front., illus. (incl. music) plates, maps. 17 ᶜᵐ . (Academy
122 1404 200 41 classics
349 1403 79 41 for
455 1404 167 47 junior
649 1404 117 48 high
795 1404 216 47 schools)

194 1462 235 41 Contains
455 1462 395 48 bibliographies.

127 1516 1992 108 © Mar. 15, 1928; 2c. and aff. Apr. 2; A 1068715; Allyn & Bacon. [© introductions,
545 1579 150 44 notes,
730 1577 244 48 appendix
1006 1578 96 39 and
1134 1577 201 49 editing]
1412 1577 252 48 (28-9564)

114 1657 322 64 Blakeney,
471 1656 155 54 John
662 1656 204 63 Oscar,
903 1659 172 50 1852-

189 1738 121 51 The
345 1736 323 53 Blakeneys
705 1736 57 52 in
796 1735 265 53 America
1099 1736 111 53 and
1247 1753 153 36 some
1432 1735 341 69 collaterals,
1809 1736 141 53 with
1985 1756 153 35 some

120 1814 287 55 reference
444 1823 59 47 to
538 1815 429 69 English-Irish
1010 1814 266 53 families.
1350 1814 253 53 Limited
1639 1815 105 67 ed.,
1780 1814 94 54 for
1910 1816 228 68 private

119 1894 391 55 distribution.
606 1896 47 50 By
729 1894 158 53 John
924 1893 181 55 Oscar
1140 1893 311 68 Blakeney.

1546 1893 180 54 Little
1759 1893 178 69 Rock,
1975 1894 163 68 Ark.,

119 1976 151 51 1928.

187 2056 27 40 2
240 2068 43 37 p.
345 2088 8 15 l.,
379 2056 130 47 3-98,
540 2056 70 49 [5],
642 2056 70 42 52.
741 2057 84 48 [14]
856 2067 43 38 p.
961 2058 135 38 coats
1124 2055 52 41 of
1203 2066 147 30 arms.
1411 2055 148 43 21½ᶜᵐ.

189 2113 1945 50 Part II Addenda has special t.-p.; Quarles, Belcher, Robertson,
116 2172 662 48 Brownlee,. Miscampbell …
187 2231 228 40 Lettered
445 2241 61 29 on
538 2240 168 30 cover:
740 2229 549 48 Blakeneys—Quarles
1319 2230 97 39 and
1447 2240 131 30 some
1611 2231 294 40 collaterals.

187 2289 155 40 Ruled
368 2298 148 39 pages
550 2287 80 49 (12
654 2289 53 40 at
732 2287 117 48 end)

121 2342 52 54 ©
205 2348 122 39 Mar.
358 2347 39 48 8,
430 2346 118 41 1928
563 2356 9 36 ;
605 2346 68 41 2c.
704 2347 123 39 Mar.
859 2346 82 42 12;
976 2344 83 42 aff.
1093 2346 122 41 Mar.
1247 2346 83 46 24;
1364 2345 40 40 A
1436 2345 232 48 1068652;
1704 2346 44 41 J.
1781 2346 54 41 O.
1868 2347 264 49 Blakeney,

189 2405 149 41 Little
373 2405 148 44 Rock,
558 2404 115 41 Ark.
745 2403 252 48 (28-9554)

108 2470 173 63 Blitz,
314 2469 257 63 Samuel,
604 2474 171 50 1888-

184 2549 404 66 Nationalism,
614 2567 33 35 a
673 2567 163 35 cause
863 2548 64 54 of
953 2547 447 69 anti-semitism,
1424 2548 77 69 by
1529 2546 230 57 Samuel
1788 2548 175 68 Blitz,
2046 2591 9 9 M.
2121 2591 9 10 A.

112 2628 140 53 New
283 2627 182 68 York,
496 2627 181 53 Bloch
708 2626 339 70 publishing
1077 2645 97 49 co.,
1207 2629 151 51 1928.

181 2711 665 49 xiii p., 1 l., 157 p. 19 ᶜᵐ .
182 2769 380 49 Bibliography:
596 2779 43 37 p.
671 2768 218 41 152-157.

118 2822 51 52 ©
203 2827 122 39 Mar.
357 2825 39 48 6,
430 2825 141 46 1928;
604 2825 67 40 2c.
706 2826 122 39 Mar.
860 2824 84 47 24;
979 2823 83 42 aff.
1095 2824 123 40 Mar.
1251 2824 83 41 28;
1370 2824 42 39 A
1444 2823 231 47 1068649;
1714 2823 45 42 S.
1792 2824 144 43 Blitz,
1971 2825 158 40 North

188 2883 273 46 Braddock,
495 2883 84 40 Pa.
650 2881 253 50 (28-9568)

105 2949 260 63 Bradby,
399 2948 268 63 Godfrey
698 2949 143 62 Fox,
876 2951 171 49 1863-

183 3025 1948 72 Mrs. D., by G. F. Bradby … London, Constable & co. ltd.,
115 3109 151 50 1928.

183 3188 469 50 234, [1] p. 19½ ᶜᵐ .
115 3242 2011 53 © 1c. Mar. 30, 1928; A ad int. 10831; pubd. Feb. 2; G. F. Bradby,
183 3304 186 48 Rugby,
405 3304 239 48 England.
715 3302 253 50 (28-9391)

104 3370 384 63 Broadwood,
521 3370 35 53 J
848 3370 89 53 W.

183 3446 1945 71 The keys of heaven, by J. W. Broadwood … London, A.
111 3527 544 67 Rivers ltd. [19½ ᶜᵐ]
180 3608 365 49 351 p. 19½ ᶜᵐ .
114 3662 2008 54 © 1c. Dec. 9, 1927; A ad int. 10549; pubd. Oct. 17; J. IV. K. Sheldrake,
180 3725 30 39 i.
244 3734 37 30 e.
315 3725 116 40 Mrs.
467 3723 289 43 Swinburne
790 3724 282 48 Sheldrake,
1106 3725 216 40 London.
1392 3723 254 49 (28-9393)

102 3790 234 62 Brown,
368 3791 176 63 Mary
574 3791 299 53 Florence.

178 3869 365 55 Adventures
583 3870 60 52 in
686 3869 387 66 friendliness,
1114 3887 302 51 programs
1459 3868 95 54 for
1592 3869 97 53 the
1729 3867 260 71 primary
110 3869 1989 151 department,
454 3949 283 70 prepared
772 3947 95 55 for

900 3968 94 35 use
1030 3949 59 53 in
1126 3949 96 54 the
1258 3948 264 57 vacation
1556 3948 213 56 church
1805 3947 210 69 school,
2047 3947 78 75 by
