2498 4384
1179 4103 106 49 250

319 524 145 41 “1928
493 524 228 42 edition.”

318 581 230 41 Lettered
573 593 62 29 on
660 592 142 30 cover:
854 583 119 40 New
998 583 131 40 York
1157 582 129 42 Code
1312 583 52 41 of
1390 582 304 42 ordinances.

319 637 1936 50 “1928 Supplement … containing all amendments to January, 1928 …”
247 695 91 40 has
363 694 183 49 special
573 698 99 46 t.-p.
700 697 96 39 and
824 698 227 46 separate
1076 695 302 50 pagination.

249 748 52 53 ©
332 752 113 42 Feb.
475 753 70 50 23,
576 753 116 40 1928;
749 753 69 41 2c.
849 753 112 42 Feb.
989 754 58 39 25;
1108 753 82 42 aff.
1223 753 114 42 Feb.
1366 754 27 39 2;
1453 754 42 40 A
1525 753 204 41 1061984;
1789 753 218 42 William
2039 755 214 39 Edward

319 810 241 49 Baldwin,
586 811 121 41 New
730 811 146 41 York.
947 810 252 50 (28-6422)

243 904 147 53 New
419 905 163 52 York
625 905 219 70 (State)
928 906 185 67 Laws,
1144 911 259 62 statutes,
1436 912 100 47 etc.

315 984 125 52 The
465 983 390 54 consolidated
882 985 138 52 laws
1050 983 65 53 of
1141 984 140 52 New
1312 984 182 68 York,
1524 984 328 67 annotated,
1882 1004 59 33 as
1971 984 278 53 amended

245 1067 59 46 to
340 1061 100 53 the
471 1062 147 52 close
652 1061 65 53 of
749 1062 97 52 the
881 1063 230 67 regular
1148 1063 212 52 session
1396 1062 65 53 of
1493 1063 99 52 the
1625 1063 333 68 legislature
1994 1062 67 53 of
2098 1062 150 54 1927.

245 1139 109 53 Ed.
396 1140 77 68 by
515 1140 229 52 Harold
786 1141 69 52 N.
900 1140 283 68 Eldridge
1224 1141 115 52 and
1381 1141 198 52 Minor
1619 1141 333 69 Bronaugh.
2025 1140 95 53 bk.
2165 1144 82 49 63.

242 1217 233 69 Village
505 1219 125 51 law.
707 1218 342 68 Northport,
1078 1218 70 52 N.
1180 1219 91 67 Y.,
1301 1219 255 53 Edward
1585 1219 333 69 Thompson
1949 1237 300 51 company,

242 1295 149 54 1927.

309 1377 371 50 365 p. 23 ½ᶜᵐ .
246 1430 52 53 ©
339 1435 103 42 Oct.
480 1436 70 47 18,
588 1435 115 41 1927;
771 1436 68 41 2c.
879 1437 123 40 Mar.
1040 1435 40 49 9,
1119 1435 143 49 1928;
1304 1435 83 43 aff.
1427 1437 123 41 Mar.
1590 1437 52 48 8;
1684 1436 40 41 A
1764 1436 231 48 1068183;
2038 1437 214 40 Edward

313 1492 278 49 Thompson
616 1502 68 32 co.

238 1586 146 53 New
414 1586 182 53 York.
671 1586 423 65 Metropolitan
1125 1603 275 37 museum
1431 1587 65 54 of
1525 1590 117 51 art.

373 1664 1880 72 … Catalogue of an exhibition of Spanish paintings from El
242 1742 1659 71 Greco to Goya, New York, February 17 to April 1, MCMXXVIII.
245 1821 561 69 [New York, ᶜ19 28]
309 1904 941 49 xxiv, 12 p., 1 l. 67 pl. on 32 l. 22 ᶜᵐ.
308 1963 64 39 At
395 1963 126 39 head
546 1961 53 41 of
621 1962 109 40 title:
790 1963 103 40 The
916 1963 351 48 Metropolitan
1287 1974 221 29 museum
1530 1964 52 40 of
1605 1966 93 38 art.

313 2018 93 42 “Of
436 2019 99 40 this
566 2021 257 46 catalogue
852 2020 132 47 1,500
1012 2019 162 49 copies
1203 2021 126 39 have
1356 2021 122 40 been
1504 2020 210 49 printed,
1743 2021 267 49 February,
2039 2021 159 42 1928.”

309 2077 343 40 Introduction
673 2077 169 48 signed:
903 2077 192 48 Bryson
1116 2078 302 48 Burroughs.

242 2130 52 52 ©
323 2134 114 41 Feb.
463 2135 70 47 15,
561 2134 119 40 1928;
731 2135 70 41 2c.
828 2135 97 40 and
953 2134 82 42 aff.
1064 2135 112 41 Feb.
1203 2135 57 40 23;
1318 2135 42 39 A
1388 2134 203 42 1061917;
1650 2136 351 47 Metropolitan
2028 2146 223 30 museum

309 2191 53 40 of
386 2194 93 46 art,
504 2192 120 40 New
647 2192 146 40 York.
864 2191 253 50 (28-6398)

236 2284 264 65 Nichols,
533 2285 176 55 Clark
742 2285 242 54 Asahel.

308 2364 260 69 Applied
606 2364 293 68 evidence;
943 2383 73 35 an
1052 2364 400 70 encyclopedic
1488 2369 308 49 treatment
1835 2364 65 55 of
1936 2366 97 53 the
2072 2364 175 71 proof

239 2442 65 54 of
335 2442 150 54 facts
514 2444 61 51 in
604 2444 267 52 evidence
897 2444 173 52 based
1099 2463 72 33 on
1201 2444 99 52 the
1329 2449 240 47 statutes
1601 2444 115 52 and
1745 2444 282 54 decisions
2056 2443 65 54 of
2149 2446 98 52 the

238 2526 174 48 states
446 2521 65 53 of
542 2521 273 69 Arizona,
850 2521 345 71 California,
1229 2520 303 70 Colorado,
1564 2522 205 68 Idaho,
1801 2521 245 69 Kansas,
238 2523 1983 144 Montana,

428 2600 255 67 Nevada,
718 2600 139 53 New
889 2599 243 69 Mexico,
1166 2599 342 69 Oklahoma,
1545 2599 249 70 Oregon,
1827 2601 179 68 Utah,
237 2601 1985 146 Washington
475 2679 113 52 and
619 2678 331 69 Wyoming,
983 2677 281 54 classified

1297 2677 307 70 primarily
1636 2679 61 51 in
1728 2679 345 53 accordance
2103 2679 142 52 with

238 2755 2007 71 the facts, by Clark A. Nichols … v. 3. Chicago, Callaghan
234 2837 46 50 &
311 2853 298 49 company,
646 2837 150 50 1928.

338 2916 504 50 v, 2141-3149 p. 26 ᶜᵐ.
240 2970 52 52 ©
321 2975 124 41 Mar.
472 2974 69 49 15,
569 2974 115 40 1928;
741 2974 68 41 2c.
836 2975 97 39 and
961 2973 83 43 aff.
1073 2974 123 42 Mar.
1225 2974 56 40 19;
1339 2974 42 39 A
1407 2973 204 42 1068375;
1670 2975 272 49 Callaghan
1970 2974 37 41 &
2035 2985 69 32 co.

235 3083 245 63 Parker,
509 3083 156 53 John
694 3084 186 62 Scott,
912 3083 83 53 ed.

307 3162 123 52 The
474 3161 366 69 corporation
882 3162 261 66 manual;
1191 3166 288 64 statutory
1522 3161 324 69 provisions
1888 3161 253 71 relating
2183 3167 60 48 to

236 3241 95 51 the
359 3240 417 69 organization,
805 3240 325 69 regulation
1159 3241 114 51 and
1302 3239 263 54 taxation
1594 3239 66 54 of
1687 3240 273 53 domestic
1986 3240 257 54 business

238 3318 412 68 corporations,
693 3319 113 51 and
847 3324 59 47 to
947 3319 96 51 the
1087 3318 329 70 admission,
1458 3318 325 69 regulation
1825 3318 114 53 and
1978 3318 264 53 taxation

238 3395 65 54 of
343 3395 230 70 foreign
611 3395 256 54 business
905 3395 413 69 corporations,
1354 3395 61 52 in
1454 3396 99 52 the
1589 3397 218 52 several
1845 3401 191 63 states,
236 3396 1981 132 territories
437 3475 114 52 and
576 3474 255 53 districts
855 3473 65 54 of
942 3475 97 52 the
1063 3474 220 54 United
1311 3473 207 68 States,
1543 3475 286 68 arranged
1852 3475 184 52 under
2060 3493 31 33 a
237 3473 1980 133 uniform
420 3552 418 69 classification,
867 3553 99 52 the
992 3551 282 55 Uniform
1301 3552 159 53 stock
1487 3550 257 55 transfer
1772 3558 107 62 act,
1908 3554 139 52 laws
236 3570 1982 130 regulating
458 3631 345 52 investment
836 3629 324 69 companies
1195 3630 115 52 and
1341 3630 98 52 the
1473 3630 116 52 sale
1624 3629 65 53 of
1722 3635 301 63 corporate
2055 3630 185 53 stocks

237 3710 113 52 and
376 3708 291 54 securities
694 3709 114 52 and
835 3707 221 54 federal
1084 3709 112 52 and
1222 3713 147 48 state
1394 3707 300 54 anti-trust
1721 3709 138 52 laws
1887 3707 142 53 with
2059 3707 181 53 forms

237 3788 114 52 and
389 3788 350 68 precedents,
777 3788 84 51 ed.
898 3787 77 68 by
1011 3787 158 53 John
1210 3785 56 55 S.
1305 3786 238 68 Parker,
1580 3784 239 54 assisted
1851 3785 79 71 by
1965 3786 56 55 J.
2063 3787 67 51 B.
2170 3785 69 53 R.

239 3865 210 68 Smith,
480 3866 113 53 and
624 3884 31 33 a
686 3865 179 52 board
897 3864 65 53 of
992 3865 315 52 associated
1338 3863 213 53 editors
1582 3864 61 52 in
1672 3864 97 52 the
1799 3864 217 52 several
2048 3868 190 48 states.

237 3945 134 52 29th
425 3944 84 53 ed.
585 3944 139 53 New
775 3943 180 58 York,
1007 3942 217 55 United
1282 3941 188 56 States
1523 3942 366 69 corporation
1941 3959 298 51 company,

237 4025 148 50 1928.
