2498 4384
1104 4043 135 49 1195

153 400 243 62 Neville,
430 400 256 62 Margot.

221 477 137 54 Kiss
410 475 190 69 proof,
649 476 77 68 by
776 475 234 68 Margot
1061 472 241 54 Neville.
1376 471 260 66 London,
1690 468 301 68 Chapman
2044 467 111 53 and

153 557 159 65 Hall,
341 555 96 66 Id.,
471 556 150 50 1928.

222 635 555 52 3 p. l., 245 p. 19½ ᶜᵐ .
164 699 1994 58 © 1c. July 12, 1928; A ad int. 11398; pubd. May 15; Neville Joske and
229 765 193 48 Margot
451 762 204 49 Goyder,
686 761 294 47 Melbourne,
1013 758 269 42 Australia.
1353 756 282 51 (28-18292)

155 857 416 63 Nottingham,
614 856 293 53 Stratton.

231 936 121 51 The
385 934 287 68 marriage
704 933 206 52 license
943 932 182 53 bonds
1160 931 63 53 of
1259 930 456 54 Westmoreland
1755 928 245 69 County,
2037 928 126 63 Va.,

163 1014 131 53 1786
341 1019 57 46 to
450 1014 150 64 1850,
648 1011 168 52 listed
865 1010 112 52 and
1028 1010 244 51 indexed
1320 1009 77 68 by
1446 1007 260 55 Stratton
1759 1006 399 68 Nottingham.

152 1090 321 59 Onancock,
509 1090 106 53 Ya.
659 1091 170 64 [1928]

230 1168 1043 51 cover-title, 2 p. l., 97 numb. l. 26½ᶜᵐ.
230 1242 347 48 Autographed
612 1240 130 41 from
776 1240 334 48 type-written
1144 1250 134 37 copy.

165 1309 51 52 ©
246 1280 116 72 May
386 1312 70 47 19,
486 1311 115 40 1928
618 1322 8 36 ;
658 1311 67 41 2c.
754 1312 96 38 and
880 1310 82 41 aff.
993 1311 114 46 May
1134 1310 84 46 28;
1251 1310 41 39 A
1321 1310 230 47 1074747;
1585 1310 45 41 S.
1659 1310 336 47 Nottingham.

242 1369 14 48 (CA
342 1368 175 41 28-393
549 1367 236 47 Unrev’d)

160 1464 300 62 Oliphant,
490 1463 122 53 Jas.
643 1464 91 60 H.,
764 1462 51 53 &
844 1477 81 37 co.

235 1541 231 55 Studies
507 1542 60 51 in
607 1540 308 65 securities,
959 1543 149 50 1928.
1208 1539 219 55 Second
1472 1540 184 52 series.
1755 1537 167 56 Some
1963 1539 64 53 of
2070 1541 96 51 the

163 1619 212 54 studies
413 1618 65 53 of
514 1638 134 33 over
684 1637 31 34 a
752 1617 263 53 hundred
1054 1617 269 53 different
1361 1617 324 68 companies
1724 1617 283 68 prepared
2049 1618 115 52 and

163 1697 303 68 published
496 1696 77 69 by
604 1696 116 53 this
753 1696 129 52 firm
917 1695 213 70 during
1163 1696 97 52 the
1294 1696 112 52 last
1441 1695 113 53 few
1588 1696 475 69 years—selected
2105 1714 59 35 as

163 1774 375 69 outstanding
597 1774 287 68 examples
945 1773 64 53 of
1069 1774 199 53 varied
1329 1773 316 69 enterprise
1659 1807 72 6 —
1746 1779 131 63 past
1937 1775 229 53 records

162 1852 248 70 brought
442 1852 121 53 into
598 1852 244 53 relation
877 1852 140 52 with
1051 1852 96 53 the
1180 1857 245 64 present.
1501 1852 140 53 New
1675 1852 182 69 York,
1893 1852 273 71 Chicago,

166 1930 905 69 J. H. Oliphant & co. [ᶜ192 8]
233 2013 83 40 101
354 2024 43 37 p.
458 2014 146 39 21½ᶜᵐ.

238 2082 196 41 Studies
468 2083 209 39 selected
710 2082 128 40 from
874 2083 82 39 the
991 2083 222 46 monthly
1247 2082 158 41 issues
1441 2083 52 40 of
1531 2083 227 41 “Studies
1794 2082 50 40 in
1881 2082 285 43 securities”

166 2140 94 39 and
287 2139 256 48 published
573 2140 248 47 annually,
882 2140 62 48 cf.
975 2139 277 41 Foreword.

168 2206 50 52 ©
248 2211 116 47 July
392 2211 73 46 14,
492 2211 118 40 1928
625 2222 8 35 ;
664 2211 67 40 2c.
761 2212 95 38 and
888 2211 82 42 aff.
1000 2211 117 48 July
1147 2211 82 47 18;
1263 2212 40 38 A
1332 2211 231 48 1082568;
1598 2212 43 41 J.
1671 2213 61 40 H.
1765 2212 234 49 Oliphant
2029 2214 38 39 &
2097 2224 67 29 co.

245 2267 281 49 (28-17874)

169 2361 350 64 O’Sullivan,
550 2361 225 54 Martin
805 2362 51 54 J.

235 2440 266 53 Problem:
553 2446 57 47 to
635 2441 197 53 trisect
854 2460 72 33 an
951 2443 167 67 angle
1139 2442 77 68 by
1251 2441 86 69 (1)
1375 2441 363 69 Carpenter’s
1763 2461 200 50 square
1990 2444 179 52 alone.

177 2517 85 69 (2)
297 2518 313 69 Auxiliary
636 2537 185 35 curve.
896 2518 87 69 (3)
1024 2518 268 71 Straight
1321 2521 140 68 edge
1489 2521 113 52 and
1633 2539 333 50 compasses.
2032 2520 138 54 And

166 2596 128 68 why
335 2598 97 51 the
474 2597 195 53 radius
712 2616 171 49 spans
926 2599 96 51 the
1064 2599 167 52 circle
1273 2598 88 53 six
1403 2599 180 53 times.
1688 2600 108 68 [By]
1846 2599 219 53 Martin
2112 2600 55 55 J.

168 2673 1210 71 O’Sullivan … Monroe, Wash., 1928.
237 2757 277 48 6 p. 23 ᶜᵐ .
172 2808 50 52 ©
252 2814 114 48 July
393 2814 40 43 2,
465 2813 140 48 1928;
636 2815 68 40 2c.
734 2815 96 39 and
860 2815 83 41 aff.
973 2815 116 48 July
1118 2816 53 45 7;
1202 2816 43 38 A
1273 2815 231 49 1082407;
1536 2817 64 40 M.
1632 2817 43 40 J.
1708 2816 294 47 O’Sullivan,

238 2819 1911 99 Monroe,
362 2871 166 40 Wash.
598 2871 282 49 (28-19200)

175 2962 223 68 [Pauze,
432 2964 221 63 Joseph
686 2964 231 68 Alfred]
958 2964 172 54 1872-
1310 2984 178 50 comp.

299 3041 1872 74 … A eucharistic day; or, Manual of adoration, by a Father
171 3117 1799 76 of the blessed sacrament … New York, Chicago [ ᶜ192 8]
343 3200 1359 52 xxx, 1360 p. front., illus., plates (part col.) 15½ ᶜᵐ .
176 3252 50 52 ©
261 3258 114 48 July
412 3258 68 48 10,
516 3259 141 46 1928;
694 3260 67 40 2c.
799 3261 92 39 and
928 3260 83 41 aff.
1047 3261 118 47 July
1200 3262 83 46 13;
1321 3263 41 38 A
1398 3263 230 47 1082497;
1668 3264 44 40 J.
1747 3264 56 40 A.
1840 3265 174 46 Pauze,
2050 3267 120 39 New

243 3314 143 41 York.
457 3315 281 50 (28-18561)

171 3404 237 66 Phipps,
442 3409 203 63 Harry
674 3410 268 64 Morgan,
979 3412 171 52 1877-
1290 3414 83 52 ed.

236 3484 300 55 Financial
573 3488 537 54 farm—industrial
1143 3491 197 58 relief;
1376 3493 97 51 the
1505 3493 249 54 solution
1786 3493 65 53 of
1882 3493 293 72 financing

170 3561 62 53 of
281 3564 312 55 America’s
640 3567 154 53 basic
843 3568 285 68 industry,
1178 3570 326 69 equalizing
1551 3572 96 53 the
1697 3591 176 50 range
1921 3573 253 53 between

169 3642 94 51 the
308 3643 279 66 producer
632 3645 113 52 and
790 3665 311 48 consumer,
1147 3649 113 51 and
1306 3647 334 71 destroying
1681 3651 97 52 the
1824 3651 351 67 speculative

170 3718 152 65 price
352 3740 175 50 range
559 3722 63 52 of
653 3724 96 52 the
779 3725 216 53 middle
1026 3744 151 48 man,
1209 3726 113 52 and
1355 3727 377 69 establishing
1761 3729 187 67 staple
1979 3729 195 53 values

170 3801 57 46 to
257 3797 137 53 both
429 3801 279 65 producer
742 3803 113 52 and
887 3821 294 35 consumer
1212 3822 158 49 upon
1400 3806 96 52 the
1528 3811 127 47 true

171 3807 2004 147 supply and demand principle. Edited by Η. M. Phipps … [Chicago,
173 3951 736 76 Clarke-McElroy, ᶜ192 8]
