2498 4384
1351 4051 139 56 1372

398 412 326 64 Chapman,
766 412 36 54 J
1091 410 249 65 Wilbur,
1386 413 328 51 1859-1918.

464 489 364 69 Awakening
856 508 268 49 sermons,
1151 489 77 69 by
1256 489 56 53 J.
1341 486 230 56 Wilbur
1601 486 320 69 Chapman,
1987 530 10 9 D.
2065 528 29 26 D.,
2121 485 281 70 compiled

395 567 115 53 and
544 567 190 53 edited
765 567 77 69 by
876 567 200 69 Edgar
1106 566 308 56 Whitaker
1441 564 200 69 Work,
1711 608 11 10 D.
1794 607 10 9 D.
1879 565 140 53 New
2056 563 179 69 York,
395 564 1985 150 Chicago

589 651 120 61 [etc.]
745 645 269 69 Fleming
1041 645 79 52 H.
1150 643 200 54 Kevell
1377 660 283 52 company
1769 645 119 64 [ᶜ1928]

465 729 87 41 186
582 740 44 38 p.
686 729 25 39 1
743 729 132 41 illus.
934 728 57 41 19½ᶜᵐ.

400 795 52 53 ©
478 800 120 48 Aug.
623 800 70 48 27,
719 799 115 41 1928;
886 800 71 39 2c.
981 799 97 39 and
1103 795 83 43 aff.
1215 796 131 49 Sept.
1371 796 55 41 18;
1479 795 43 40 A
1545 795 207 42 1053330;
1806 795 222 49 Fleming
2052 796 63 42 H.
2141 795 169 41 Revell
2336 806 70 33 co.

479 855 282 50 (28-21662)

399 949 259 65 Cleland,
688 949 306 53 Herdman
1025 947 360 64 Fitzgerald,
1420 951 171 50 1869-

469 1026 123 56 Our
627 1026 343 69 prehistoric
1007 1031 303 62 ancestors,
1345 1024 77 70 by
1455 1025 303 54 Herdman
1792 1024 338 69 Fitzgerald
2168 1023 241 56 Cleland

460 1102 1374 70 … New York, Coward-McCann, inc., 1928.
468 1186 1523 51 xvi, 379 p. col. front., illus., col. plates, diagrs. 23 ᶜᵐ.
469 1259 351 49 Bibliography:
886 1269 45 37 p.
964 1258 220 41 344-356.

402 1326 53 53 ©
495 1330 129 48 Sept.
660 1329 69 48 10,
766 1328 115 41 1928;
946 1329 69 40 2c.
1052 1328 97 40 and
1186 1326 83 42 aff.
1308 1326 129 49 Sept.
1474 1327 55 40 11;
1596 1327 43 39 A
1674 1326 205 41 1054224;
1947 1326 460 49 Coward-McCann,

472 1386 93 41 inc.
633 1384 282 51 (28-21795)

402 1479 245 64 Cleugh,
682 1478 240 65 Sophia.

474 1556 58 53 A
559 1575 260 35 common
847 1557 180 67 cheat,
1054 1556 77 70 by
1162 1556 220 69 Sophia
1414 1556 240 69 Cleugh.
1720 1555 141 54 New
1891 1555 183 69 York,
2103 1555 124 54 The
401 1555 1986 133 Macmillan

636 1653 300 52 company,
967 1638 152 51 1928.

478 1716 473 50 5 p. l. , 282 p. 19½ᶜᵐ.
405 1785 53 53 ©
490 1789 129 48 Sept.
648 1789 68 47 11,
746 1789 115 41 1928;
919 1790 68 40 2c.
1016 1791 97 39 and
1142 1788 83 42 aff.
1258 1788 129 49 Sept.
1417 1789 55 38 12;
1531 1788 43 39 A
1599 1788 205 41 1054234;
1864 1788 286 41 Macmillan
2179 1799 70 30 co.

483 1845 281 50 (28-21189)

405 1940 154 64 Cole,
596 1940 228 64 George
856 1940 265 64 Douglas
1154 1940 279 64 Howard,
1471 1944 173 50 1889-

478 2019 123 53 The
630 2037 135 35 man
799 2018 153 54 from
982 2019 96 53 the
1110 2019 172 68 river,
1314 2037 33 35 a
1375 2018 228 56 Wilson
1635 2023 176 66 story,
1842 2017 78 71 by
1952 2017 71 57 G.
2056 2018 74 54 D.
2163 2018 79 54 H.
2278 2018 137 55 Cole

407 2097 116 53 and
566 2097 298 70 Margaret
912 2096 153 55 Cole.
1147 2098 141 53 New
1332 2096 182 70 York,
1559 2097 123 54 The
1727 2096 340 54 Macmillan
2115 2115 300 51 company,

409 2178 152 51 1928.

480 2257 479 50 3 p. l. , 302 p. 20 ᶜᵐ.
481 2329 141 48 Maps
652 2339 63 29 on
742 2328 340 50 lining-paper.

409 2397 52 52 ©
494 2401 130 48 Sept.
650 2402 70 48 11,
750 2402 141 48 1928;
921 2403 69 40 2c.
1019 2403 97 39 and
1144 2401 82 43 aff.
1260 2402 129 49 Sept.
1418 2403 83 47 12;
1532 2403 43 39 A
1603 2402 231 48 1054237;
1867 2401 285 42 Macmillan
2181 2413 69 30 co.

486 2458 282 50 (28-21188)

408 2552 334 64 Comstock,
780 2553 139 53 Mrs.
958 2552 246 54 Harriet
1239 2552 264 54 Theresa
1548 2552 259 66 (Smith)
1855 2557 171 51 1860-

478 2631 331 69 Penelope’s
830 2631 139 69 web,
988 2631 77 70 by
1084 2631 244 54 Harriet
1349 2633 65 51 T.
1430 2632 319 55 Comstock.
1825 2631 236 56 Garden
2083 2632 152 69 City,
2246 2632 71 54 N.
2329 2630 92 70 Y.,

407 2710 360 69 Doubleday,
798 2711 200 52 Doran
1030 2713 46 50 &
1108 2729 300 51 company,
1439 2712 127 67 inc.,
1600 2714 152 51 1928.

480 2792 29 40 4
529 2804 44 38 p.
594 2793 45 47 l.,
661 2792 87 41 340
768 2804 44 37 p.
902 2793 29 40 19½ᶜᵐ.

412 2845 51 53 ©
492 2850 121 48 Aug.
640 2850 70 49 10,
739 2850 115 41 1928;
911 2852 68 39 2c.
1008 2852 97 40 and
1133 2851 83 41 aff.
1249 2851 129 48 Sept.
1406 2852 56 40 17;
1520 2852 43 39 A
1589 2851 203 41 1053369;
1852 2851 301 49 Doubleday,
2184 2851 169 40 Doran
2383 2850 35 41 &

480 2917 83 38 co.,
592 2907 94 41 inc.
755 2907 281 49 (28-21583)

414 3001 284 64 Conover,
734 3001 208 54 Elbert
974 3003 79 53 M.

479 3078 1943 72 Building the house of God, by Elbert M. Conover … New
409 3157 1936 69 York, Cincinnati [etc.] The Methodist book concern [ ᶜ1 928]
478 3241 1349 50 217 p. incl. illus. (incl. plans) plates. front. 22 ᶜᵐ.
479 3298 380 48 Bibliography:
897 3310 44 37 p.
974 3300 219 40 215-217.

414 3349 52 53 ©
497 3354 129 48 Sept.
651 3356 42 47 4,
720 3355 114 40 1928;
890 3357 68 39 2c.
986 3357 97 39 and
1109 3356 83 40 aff.
1222 3355 129 49 Sept.
1379 3356 58 40 19;
1490 3356 43 39 A
1559 3356 207 41 1053392;
1821 3358 56 40 E.
1903 3357 65 41 M.
1996 3357 232 47 Conover,
483 3355 1918 104 Philadelphia.

764 3411 281 49 (28-21791)

415 3504 293 64 Crandall,
742 3505 244 54 Clifford
1019 3506 288 65 Waldorf,
1343 3507 173 54 1874-

481 3581 58 53 A
572 3582 232 53 treatise
841 3602 74 34 on
951 3583 96 54 the
1084 3584 252 68 practice
1371 3584 60 53 in
1468 3585 218 54 actions
1723 3590 61 48 at
1819 3586 111 52 law
1966 3585 62 53 in
2064 3585 98 53 the
2200 3583 222 56 Circuit

412 3665 190 48 courts
632 3660 115 53 and
780 3659 277 70 Supreme
1088 3668 163 47 court
1282 3661 64 54 of
1376 3663 257 68 Florida,
1664 3663 142 53 with
1837 3662 199 69 forms,
2066 3663 77 69 by
2175 3662 247 55 Clifford

409 3737 2014 73 W. Crandall … Indianapolis, The Bobbs-Merrill company
493 3817 101 51 [ ᶜ1 928]
504 3897 69 50 liii,
606 3898 116 42 1487
753 3910 44 38 p.
856 3900 58 40 26½ᶜᵐ.

484 3954 228 44 Lettered
742 3967 62 31 on
832 3967 142 32 cover:
1034 3957 201 44 Florida
1265 3968 219 31 common
1510 3959 97 40 law
1635 3957 229 51 practice.
