<alto xmlns="http://www.loc.gov/standards/alto/ns-v3#" xmlns:xlink="http://www.w3.org/1999/xlink" xmlns:xsi="http://www.w3.org/2001/XMLSchema-instance" xsi:schemaLocation="http://www.loc.gov/standards/alto/ns-v3# http://www.loc.gov/alto/v3/alto-3-0.xsd"><Description>
<MeasurementUnit>pixel</MeasurementUnit>
<sourceImageInformation>
<fileName>1928_v25_part001.pdf</fileName>
</sourceImageInformation>
<OCRProcessing ID="IdOcr">
<ocrProcessingStep>
<processingDateTime>2019-04-12</processingDateTime>
<processingSoftware>
<softwareCreator>ABBYY</softwareCreator>
<softwareName>ABBYY Recognition Server</softwareName>
<softwareVersion>4.0</softwareVersion>
</processingSoftware>
</ocrProcessingStep>
</OCRProcessing>
</Description>
<Styles>
<ParagraphStyle ID="StyleId-FFFFFFFF-FFFF-FFFF-FFFF-FFFFFFFFFFFF-" ALIGN="Left" LEFT="0." RIGHT="0." FIRSTLINE="0."/>
<ParagraphStyle ID="StyleId-0ECAC0CE-E1F0-4C69-A1B9-95E16886343B-" ALIGN="Left" LEFT="0." RIGHT="0." FIRSTLINE="0." LINESPACE="8.300000191"/>
<ParagraphStyle ID="StyleId-5C6F7A30-EC6F-4250-A8D3-0AE106DCDB5D-" ALIGN="Left" LEFT="0." RIGHT="0." FIRSTLINE="-13." LINESPACE="11.22999954"/>
<ParagraphStyle ID="StyleId-B258737E-7AF8-4B71-A0BF-0A1420B951F9-" ALIGN="Left" LEFT="0." RIGHT="0." FIRSTLINE="-13." LINESPACE="8.210000038"/>
<ParagraphStyle ID="StyleId-35C0EFA5-E89E-4731-B16E-5D3895F12270-" ALIGN="Block" LEFT="0." RIGHT="0." FIRSTLINE="-12." LINESPACE="11.22999954"/>
<ParagraphStyle ID="StyleId-7BD1F9B4-14BB-4AAF-864B-FED8FEA7DC43-" ALIGN="Left" LEFT="0." RIGHT="0." FIRSTLINE="0."/>
<ParagraphStyle ID="StyleId-CD2DA0E5-536D-42AE-AE16-8D9F5C008D5A-" ALIGN="Block" LEFT="0." RIGHT="0." FIRSTLINE="-12." LINESPACE="10."/>
<ParagraphStyle ID="StyleId-AF408F88-EED5-4CE2-A229-3F852C18D9BD-" ALIGN="Block" LEFT="0." RIGHT="0." FIRSTLINE="-14." LINESPACE="10."/>
<ParagraphStyle ID="StyleId-829CD741-943D-4B7B-9638-57AB73DE2567-" ALIGN="Center" LEFT="0." RIGHT="0." FIRSTLINE="0." LINESPACE="9.399999619"/>
<ParagraphStyle ID="StyleId-B271BDFA-6037-4875-BA99-885A067668E9-" ALIGN="Left" LEFT="0." RIGHT="0." FIRSTLINE="-14." LINESPACE="11.21000004"/>
<ParagraphStyle ID="StyleId-64F9C1D8-EA12-4F65-AD18-B72A4C6B556F-" ALIGN="Center" LEFT="0." RIGHT="0." FIRSTLINE="0." LINESPACE="11.60000038"/>
<ParagraphStyle ID="StyleId-44DA2756-E57B-4EF3-9BA4-FC1C14776DE3-" ALIGN="Left" LEFT="0." RIGHT="0." FIRSTLINE="-12." LINESPACE="12.19999981"/>
<ParagraphStyle ID="StyleId-D1D9AF19-8CA6-4F74-9AEC-1B4545205AD7-" ALIGN="Center" LEFT="0." RIGHT="0." FIRSTLINE="0." LINESPACE="11.60000038"/>
<ParagraphStyle ID="StyleId-3ADA1556-6D19-417D-8046-68449BF368BA-" ALIGN="Left" LEFT="0." RIGHT="0." FIRSTLINE="-13." LINESPACE="12.19999981"/>
<ParagraphStyle ID="StyleId-7443A930-B325-44B5-9AB8-B42B4EC78C89-" ALIGN="Block" LEFT="0." RIGHT="0." FIRSTLINE="13." LINESPACE="8.619999886"/>
<ParagraphStyle ID="StyleId-C9A9E480-E448-4934-9AF8-3D252792E396-" ALIGN="Left" LEFT="0." RIGHT="0." FIRSTLINE="-12." LINESPACE="11.38000011"/>
<ParagraphStyle ID="StyleId-73039842-464C-49B9-9440-4C0D0E749DFE-" ALIGN="Center" LEFT="0." RIGHT="0." FIRSTLINE="0." LINESPACE="11.10000038"/>
<ParagraphStyle ID="StyleId-C51F6AC2-80DA-4C65-849C-6E2D5F548EA4-" ALIGN="Left" LEFT="0." RIGHT="0." FIRSTLINE="0." LINESPACE="7.699999809"/>
<ParagraphStyle ID="StyleId-494190D9-BDDC-4834-A745-6AF520F91CD0-" ALIGN="Block" LEFT="0." RIGHT="0." FIRSTLINE="-12." LINESPACE="11.22999954"/>
<ParagraphStyle ID="StyleId-68D39D31-3386-4B28-8C90-DA9420961D78-" ALIGN="Left" LEFT="0." RIGHT="0." FIRSTLINE="0." LINESPACE="11.60000038"/>
<ParagraphStyle ID="StyleId-DF0CE7C7-E73E-44FE-8867-C904BD7F3F42-" ALIGN="Block" LEFT="0." RIGHT="0." FIRSTLINE="0." LINESPACE="12.19999981"/>
</Styles>
<Layout>
<Page ID="Page255" PHYSICAL_IMG_NR="255" HEIGHT="4384" WIDTH="2498">
<TopMargin HEIGHT="394" WIDTH="2498" VPOS="0" HPOS="0">
</TopMargin>
<LeftMargin HEIGHT="3752" WIDTH="136" VPOS="394" HPOS="0">
</LeftMargin>
<RightMargin HEIGHT="3752" WIDTH="300" VPOS="394" HPOS="2198">
</RightMargin>
<BottomMargin HEIGHT="238" WIDTH="2498" VPOS="4146" HPOS="0">
</BottomMargin>
<PrintSpace HEIGHT="3752" WIDTH="2062" VPOS="394" HPOS="136">
<TextBlock ID="Page255_Block1" HEIGHT="72" WIDTH="124" VPOS="4074" HPOS="1112" LANG="en-US" STYLEREFS="StyleId-57929057-5EA3-4DC1-A509-2C6C8E818A57-">
<TextLine HEIGHT="50" WIDTH="103" VPOS="4085" HPOS="1122">
<String CONTENT="255" HEIGHT="50" WIDTH="103" VPOS="4085" HPOS="1122"/>
</TextLine>
</TextBlock>
<TextBlock ID="Page255_Block2" HEIGHT="3688" WIDTH="2062" VPOS="394" HPOS="136" LANG="en-US" CS="1" STYLEREFS="StyleId-C1A423DC-1A01-45DC-9466-B98277F7AB6C-">
<TextLine HEIGHT="55" WIDTH="1779" VPOS="486" HPOS="218" CS="1">
<String CONTENT="2" HEIGHT="39" WIDTH="26" VPOS="493" HPOS="218"/>
<SP/>
<String LANG="fr" CONTENT="p." HEIGHT="38" WIDTH="43" VPOS="503" HPOS="271"/>
<SP HEIGHT="41" WIDTH="25" VPOS="492" HPOS="315"/>
<String CS="1" CONTENT="l.,"/>
<SP HEIGHT="49" WIDTH="26" VPOS="490" HPOS="387"/>
<String CONTENT="184" HEIGHT="42" WIDTH="87" VPOS="490" HPOS="414"/>
<SP HEIGHT="49" WIDTH="24" VPOS="491" HPOS="502"/>
<String CONTENT="p." HEIGHT="38" WIDTH="44" VPOS="502" HPOS="527"/>
<SP HEIGHT="41" WIDTH="53" VPOS="491" HPOS="572"/>
<String CONTENT="front.," HEIGHT="47" WIDTH="166" VPOS="491" HPOS="626"/>
<SP HEIGHT="38" WIDTH="27" VPOS="501" HPOS="793"/>
<String CONTENT="plates." HEIGHT="48" WIDTH="173" VPOS="491" HPOS="821"/>
<SP HEIGHT="41" WIDTH="54" VPOS="489" HPOS="995"/>
<String CS="1" CONTENT="19&#189;&#7580;&#7504;." HEIGHT="41" WIDTH="57" VPOS="488" HPOS="1050"/>
<SP HEIGHT="49" WIDTH="66" VPOS="487" HPOS="1198"/>
<String CONTENT="(Her" HEIGHT="49" WIDTH="130" VPOS="487" HPOS="1265"/>
<SP HEIGHT="39" WIDTH="23" VPOS="488" HPOS="1396"/>
<String CONTENT="Honey" HEIGHT="48" WIDTH="174" VPOS="488" HPOS="1420"/>
<SP HEIGHT="48" WIDTH="25" VPOS="488" HPOS="1595"/>
<String CONTENT="Bunch" HEIGHT="41" WIDTH="173" VPOS="487" HPOS="1621"/>
<SP HEIGHT="40" WIDTH="26" VPOS="487" HPOS="1795"/>
<String CONTENT="books)" HEIGHT="48" WIDTH="175" VPOS="486" HPOS="1822"/>
</TextLine>
<TextLine HEIGHT="54" WIDTH="2014" VPOS="557" HPOS="155">
<String CONTENT="&#169;" HEIGHT="52" WIDTH="52" VPOS="559" HPOS="155"/>
<SP HEIGHT="52" WIDTH="33" VPOS="559" HPOS="208"/>
<String CONTENT="Feb." HEIGHT="41" WIDTH="113" VPOS="562" HPOS="242"/>
<SP HEIGHT="41" WIDTH="32" VPOS="562" HPOS="356"/>
<String CONTENT="23," HEIGHT="47" WIDTH="70" VPOS="562" HPOS="389"/>
<SP HEIGHT="47" WIDTH="34" VPOS="562" HPOS="460"/>
<String CONTENT="1928;" HEIGHT="47" WIDTH="142" VPOS="561" HPOS="495"/>
<SP HEIGHT="48" WIDTH="34" VPOS="560" HPOS="638"/>
<String CONTENT="2c." HEIGHT="42" WIDTH="70" VPOS="560" HPOS="673"/>
<SP HEIGHT="30" WIDTH="33" VPOS="571" HPOS="744"/>
<String CONTENT="and" HEIGHT="39" WIDTH="96" VPOS="562" HPOS="778"/>
<SP HEIGHT="39" WIDTH="33" VPOS="562" HPOS="875"/>
<String CONTENT="aff." HEIGHT="41" WIDTH="83" VPOS="559" HPOS="909"/>
<SP HEIGHT="41" WIDTH="35" VPOS="559" HPOS="993"/>
<String CONTENT="Feb." HEIGHT="40" WIDTH="112" VPOS="559" HPOS="1029"/>
<SP HEIGHT="40" WIDTH="32" VPOS="559" HPOS="1142"/>
<String CONTENT="25;" HEIGHT="48" WIDTH="86" VPOS="558" HPOS="1175"/>
<SP HEIGHT="48" WIDTH="36" VPOS="558" HPOS="1262"/>
<!-- cceid 17C0B14D-6CB2-1014-A20E-B9D6251C946A --><String CONTENT="A" HEIGHT="40" WIDTH="41" VPOS="558" HPOS="1299"/>
<SP HEIGHT="40" WIDTH="33" VPOS="558" HPOS="1341"/>
<String CONTENT="1061947;" HEIGHT="47" WIDTH="231" VPOS="557" HPOS="1375"/>
<SP HEIGHT="46" WIDTH="39" VPOS="558" HPOS="1607"/>
<String CONTENT="Grosset" HEIGHT="40" WIDTH="201" VPOS="558" HPOS="1647"/>
<SP HEIGHT="40" WIDTH="35" VPOS="558" HPOS="1849"/>
<String CONTENT="&amp;" HEIGHT="40" WIDTH="35" VPOS="558" HPOS="1885"/>
<SP HEIGHT="41" WIDTH="35" VPOS="557" HPOS="1921"/>
<String CONTENT="Dunlap," HEIGHT="48" WIDTH="212" VPOS="557" HPOS="1957"/>
</TextLine>
<TextLine HEIGHT="51" WIDTH="417" VPOS="617" HPOS="222">
<String CONTENT="inc." HEIGHT="41" WIDTH="92" VPOS="619" HPOS="222"/>
<SP HEIGHT="49" WIDTH="69" VPOS="619" HPOS="315"/>
<String CONTENT="(28-6310)" HEIGHT="51" WIDTH="254" VPOS="617" HPOS="385"/>
</TextLine>
<TextLine HEIGHT="65" WIDTH="916" VPOS="713" HPOS="147" STYLEREFS="StyleId-C080B5EB-2D21-4189-B5BE-0AF809EC12BF-">
<String CONTENT="Thorp," HEIGHT="64" WIDTH="217" VPOS="714" HPOS="147"/>
<SP HEIGHT="62" WIDTH="30" VPOS="715" HPOS="365"/>
<String CONTENT="Willard" HEIGHT="55" WIDTH="245" VPOS="713" HPOS="396"/>
<SP HEIGHT="55" WIDTH="30" VPOS="713" HPOS="642"/>
<String CONTENT="Long," HEIGHT="64" WIDTH="186" VPOS="713" HPOS="673"/>
<SP HEIGHT="60" WIDTH="34" VPOS="716" HPOS="860"/>
<String CONTENT="1899-" HEIGHT="51" WIDTH="168" VPOS="715" HPOS="895"/>
</TextLine>
<TextLine HEIGHT="78" WIDTH="1887" VPOS="788" HPOS="287" STYLEREFS="StyleId-0C8ED4F2-C633-443A-8693-226F1DCD07C7-" CS="1">
<String CS="1" CONTENT="&#8230;"/>
<SP HEIGHT="54" WIDTH="49" VPOS="793" HPOS="287"/>
<String CONTENT="Economic" HEIGHT="55" WIDTH="310" VPOS="792" HPOS="337"/>
<SP HEIGHT="55" WIDTH="41" VPOS="792" HPOS="648"/>
<String CONTENT="institutions," HEIGHT="68" WIDTH="379" VPOS="790" HPOS="690"/>
<SP HEIGHT="68" WIDTH="38" VPOS="790" HPOS="1070"/>
<String CONTENT="by" HEIGHT="70" WIDTH="78" VPOS="790" HPOS="1109"/>
<SP HEIGHT="71" WIDTH="39" VPOS="789" HPOS="1188"/>
<String CONTENT="Willard" HEIGHT="56" WIDTH="256" VPOS="789" HPOS="1228"/>
<SP HEIGHT="54" WIDTH="40" VPOS="789" HPOS="1485"/>
<String CONTENT="L." HEIGHT="53" WIDTH="65" VPOS="789" HPOS="1526"/>
<SP HEIGHT="53" WIDTH="44" VPOS="789" HPOS="1592"/>
<String CONTENT="Thorp" HEIGHT="70" WIDTH="202" VPOS="788" HPOS="1637"/>
<SP HEIGHT="50" WIDTH="49" VPOS="808" HPOS="1840"/>
<String CS="1" CONTENT="&#8230;"/>
<SP HEIGHT="34" WIDTH="62" VPOS="832" HPOS="1948"/>
<String CONTENT="New" HEIGHT="55" WIDTH="142" VPOS="788" HPOS="2032"/>
</TextLine>
<TextLine HEIGHT="70" WIDTH="1209" VPOS="870" HPOS="156" STYLEREFS="StyleId-0C8ED4F2-C633-443A-8693-226F1DCD07C7-">
<String CONTENT="York," HEIGHT="69" WIDTH="181" VPOS="871" HPOS="156"/>
<SP HEIGHT="68" WIDTH="24" VPOS="872" HPOS="338"/>
<String CONTENT="The" HEIGHT="54" WIDTH="124" VPOS="872" HPOS="363"/>
<SP HEIGHT="55" WIDTH="24" VPOS="871" HPOS="488"/>
<String CONTENT="Macmillan" HEIGHT="55" WIDTH="340" VPOS="870" HPOS="513"/>
<SP HEIGHT="34" WIDTH="24" VPOS="889" HPOS="854"/>
<String CONTENT="company," HEIGHT="51" WIDTH="302" VPOS="888" HPOS="879"/>
<SP HEIGHT="65" WIDTH="29" VPOS="872" HPOS="1182"/>
<String CONTENT="1928." HEIGHT="52" WIDTH="153" VPOS="871" HPOS="1212"/>
</TextLine>
<TextLine HEIGHT="53" WIDTH="1408" VPOS="950" HPOS="224" CS="1">
<String CONTENT="4" HEIGHT="39" WIDTH="28" VPOS="955" HPOS="224"/>
<SP HEIGHT="48" WIDTH="22" VPOS="955" HPOS="253"/>
<String LANG="fr" CONTENT="p." HEIGHT="38" WIDTH="44" VPOS="965" HPOS="276"/>
<SP HEIGHT="40" WIDTH="23" VPOS="955" HPOS="321"/>
<String CS="1" CONTENT="l.,"/>
<SP HEIGHT="49" WIDTH="26" VPOS="954" HPOS="391"/>
<String CONTENT="306" HEIGHT="41" WIDTH="87" VPOS="954" HPOS="418"/>
<SP HEIGHT="49" WIDTH="24" VPOS="954" HPOS="506"/>
<String CONTENT="p." HEIGHT="38" WIDTH="44" VPOS="965" HPOS="531"/>
<SP HEIGHT="41" WIDTH="58" VPOS="954" HPOS="576"/>
<String CONTENT="19" HEIGHT="41" WIDTH="57" VPOS="953" HPOS="635"/>
<String STYLE="superscript" CS="1" CONTENT="&#7580;&#7504;."/>
<SP HEIGHT="49" WIDTH="68" VPOS="952" HPOS="754"/>
<String CONTENT="(The" HEIGHT="49" WIDTH="128" VPOS="952" HPOS="823"/>
<SP HEIGHT="40" WIDTH="22" VPOS="953" HPOS="952"/>
<String CONTENT="World" HEIGHT="41" WIDTH="170" VPOS="952" HPOS="975"/>
<SP HEIGHT="41" WIDTH="24" VPOS="952" HPOS="1146"/>
<String CONTENT="today" HEIGHT="48" WIDTH="152" VPOS="952" HPOS="1171"/>
<SP HEIGHT="48" WIDTH="23" VPOS="952" HPOS="1324"/>
<String CONTENT="bookshelf)" HEIGHT="49" WIDTH="284" VPOS="950" HPOS="1348"/>
</TextLine>
<TextLine HEIGHT="50" WIDTH="1025" VPOS="1023" HPOS="225">
<String CONTENT="Bibliography" HEIGHT="49" WIDTH="356" VPOS="1024" HPOS="225"/>
<SP HEIGHT="38" WIDTH="23" VPOS="1034" HPOS="582"/>
<String CONTENT="at" HEIGHT="39" WIDTH="52" VPOS="1026" HPOS="606"/>
<SP HEIGHT="39" WIDTH="24" VPOS="1026" HPOS="659"/>
<String CONTENT="end" HEIGHT="39" WIDTH="93" VPOS="1025" HPOS="684"/>
<SP HEIGHT="39" WIDTH="25" VPOS="1025" HPOS="778"/>
<String CONTENT="of" HEIGHT="41" WIDTH="53" VPOS="1023" HPOS="804"/>
<SP HEIGHT="40" WIDTH="22" VPOS="1023" HPOS="858"/>
<String CONTENT="each" HEIGHT="41" WIDTH="122" VPOS="1023" HPOS="881"/>
<SP HEIGHT="41" WIDTH="25" VPOS="1023" HPOS="1004"/>
<String CONTENT="chapter." HEIGHT="48" WIDTH="220" VPOS="1023" HPOS="1030"/>
</TextLine>
<TextLine HEIGHT="54" WIDTH="2019" VPOS="1093" HPOS="156">
<String CONTENT="&#169;" HEIGHT="54" WIDTH="53" VPOS="1093" HPOS="156"/>
<SP HEIGHT="54" WIDTH="32" VPOS="1093" HPOS="210"/>
<String CONTENT="Feb." HEIGHT="42" WIDTH="112" VPOS="1097" HPOS="243"/>
<SP HEIGHT="41" WIDTH="33" VPOS="1098" HPOS="356"/>
<String CONTENT="21," HEIGHT="48" WIDTH="71" VPOS="1098" HPOS="390"/>
<SP HEIGHT="48" WIDTH="33" VPOS="1098" HPOS="462"/>
<String CONTENT="1928;" HEIGHT="47" WIDTH="142" VPOS="1096" HPOS="496"/>
<SP HEIGHT="47" WIDTH="33" VPOS="1096" HPOS="639"/>
<String CONTENT="2c." HEIGHT="41" WIDTH="69" VPOS="1096" HPOS="673"/>
<SP HEIGHT="31" WIDTH="32" VPOS="1106" HPOS="743"/>
<String CONTENT="and" HEIGHT="39" WIDTH="98" VPOS="1096" HPOS="776"/>
<SP HEIGHT="39" WIDTH="32" VPOS="1096" HPOS="875"/>
<String CONTENT="aff." HEIGHT="41" WIDTH="83" VPOS="1094" HPOS="908"/>
<SP HEIGHT="40" WIDTH="34" VPOS="1095" HPOS="992"/>
<String CONTENT="Feb." HEIGHT="41" WIDTH="114" VPOS="1095" HPOS="1027"/>
<SP HEIGHT="42" WIDTH="32" VPOS="1094" HPOS="1142"/>
<String CONTENT="23;" HEIGHT="47" WIDTH="85" VPOS="1094" HPOS="1175"/>
<SP HEIGHT="47" WIDTH="35" VPOS="1094" HPOS="1261"/>
<!-- cceid 17C16C2A-6CB2-1014-A20E-B9D6251C946A --><String CONTENT="A" HEIGHT="40" WIDTH="43" VPOS="1094" HPOS="1297"/>
<SP HEIGHT="40" WIDTH="31" VPOS="1094" HPOS="1341"/>
<String CONTENT="1061855;" HEIGHT="48" WIDTH="232" VPOS="1093" HPOS="1373"/>
<SP HEIGHT="46" WIDTH="37" VPOS="1095" HPOS="1606"/>
<String CONTENT="Workers" HEIGHT="41" WIDTH="232" VPOS="1094" HPOS="1644"/>
<SP HEIGHT="30" WIDTH="35" VPOS="1105" HPOS="1877"/>
<String CONTENT="education" HEIGHT="41" WIDTH="262" VPOS="1094" HPOS="1913"/>
</TextLine>
<TextLine HEIGHT="52" WIDTH="1139" VPOS="1151" HPOS="226">
<String CONTENT="bureau" HEIGHT="39" WIDTH="188" VPOS="1156" HPOS="226"/>
<SP HEIGHT="38" WIDTH="22" VPOS="1165" HPOS="415"/>
<String CONTENT="press," HEIGHT="39" WIDTH="151" VPOS="1164" HPOS="438"/>
<SP HEIGHT="48" WIDTH="24" VPOS="1154" HPOS="590"/>
<String CONTENT="inc.," HEIGHT="47" WIDTH="106" VPOS="1154" HPOS="615"/>
<SP HEIGHT="48" WIDTH="25" VPOS="1153" HPOS="722"/>
<String CONTENT="New" HEIGHT="40" WIDTH="119" VPOS="1153" HPOS="748"/>
<SP HEIGHT="41" WIDTH="22" VPOS="1151" HPOS="868"/>
<String CONTENT="York." HEIGHT="41" WIDTH="146" VPOS="1151" HPOS="891"/>
<SP HEIGHT="49" WIDTH="70" VPOS="1151" HPOS="1038"/>
<String CONTENT="(28-6423)" HEIGHT="50" WIDTH="256" VPOS="1151" HPOS="1109"/>
</TextLine>
<TextLine HEIGHT="65" WIDTH="609" VPOS="1248" HPOS="151" STYLEREFS="StyleId-C080B5EB-2D21-4189-B5BE-0AF809EC12BF-">
<String CONTENT="Todd," HEIGHT="63" WIDTH="180" VPOS="1250" HPOS="151"/>
<SP HEIGHT="63" WIDTH="27" VPOS="1250" HPOS="332"/>
<String CONTENT="John" HEIGHT="53" WIDTH="157" VPOS="1250" HPOS="360"/>
<SP HEIGHT="53" WIDTH="26" VPOS="1249" HPOS="518"/>
<String CONTENT="Philip." HEIGHT="64" WIDTH="215" VPOS="1248" HPOS="545"/>
</TextLine>
<TextLine HEIGHT="70" WIDTH="1957" VPOS="1326" HPOS="222" STYLEREFS="StyleId-0C8ED4F2-C633-443A-8693-226F1DCD07C7-">
<String CONTENT="Limerick" HEIGHT="54" WIDTH="291" VPOS="1327" HPOS="222"/>
<SP HEIGHT="53" WIDTH="24" VPOS="1327" HPOS="514"/>
<String CONTENT="rhyming" HEIGHT="69" WIDTH="276" VPOS="1327" HPOS="539"/>
<SP HEIGHT="69" WIDTH="26" VPOS="1327" HPOS="816"/>
<String CONTENT="dictionary," HEIGHT="69" WIDTH="346" VPOS="1326" HPOS="843"/>
<SP HEIGHT="62" WIDTH="23" VPOS="1332" HPOS="1190"/>
<String CONTENT="together" HEIGHT="69" WIDTH="267" VPOS="1326" HPOS="1214"/>
<SP HEIGHT="33" WIDTH="25" VPOS="1346" HPOS="1482"/>
<String CONTENT="with" HEIGHT="53" WIDTH="142" VPOS="1326" HPOS="1508"/>
<SP HEIGHT="53" WIDTH="25" VPOS="1326" HPOS="1651"/>
<String CONTENT="a" HEIGHT="33" WIDTH="31" VPOS="1346" HPOS="1677"/>
<SP HEIGHT="34" WIDTH="27" VPOS="1346" HPOS="1709"/>
<String CONTENT="special" HEIGHT="68" WIDTH="214" VPOS="1326" HPOS="1737"/>
<SP HEIGHT="51" WIDTH="26" VPOS="1328" HPOS="1952"/>
<String CONTENT="article" HEIGHT="55" WIDTH="200" VPOS="1326" HPOS="1979"/>
</TextLine>
<TextLine HEIGHT="71" WIDTH="2027" VPOS="1405" HPOS="153" STYLEREFS="StyleId-0C8ED4F2-C633-443A-8693-226F1DCD07C7-">
<String CONTENT="on" HEIGHT="34" WIDTH="74" VPOS="1426" HPOS="153"/>
<SP HEIGHT="52" WIDTH="21" VPOS="1408" HPOS="228"/>
<String CONTENT="Limerick" HEIGHT="54" WIDTH="291" VPOS="1406" HPOS="250"/>
<SP HEIGHT="53" WIDTH="21" VPOS="1406" HPOS="542"/>
<String CONTENT="writing" HEIGHT="70" WIDTH="239" VPOS="1406" HPOS="564"/>
<SP HEIGHT="71" WIDTH="23" VPOS="1405" HPOS="804"/>
<String CONTENT="for" HEIGHT="54" WIDTH="95" VPOS="1405" HPOS="828"/>
<SP HEIGHT="50" WIDTH="22" VPOS="1424" HPOS="924"/>
<String CONTENT="profit," HEIGHT="69" WIDTH="193" VPOS="1405" HPOS="947"/>
<SP HEIGHT="49" WIDTH="22" VPOS="1424" HPOS="1141"/>
<String CONTENT="written" HEIGHT="53" WIDTH="235" VPOS="1405" HPOS="1164"/>
<SP HEIGHT="34" WIDTH="20" VPOS="1424" HPOS="1400"/>
<String CONTENT="and" HEIGHT="53" WIDTH="115" VPOS="1406" HPOS="1421"/>
<SP HEIGHT="53" WIDTH="23" VPOS="1406" HPOS="1537"/>
<String CONTENT="compiled" HEIGHT="69" WIDTH="285" VPOS="1405" HPOS="1561"/>
<SP HEIGHT="53" WIDTH="24" VPOS="1405" HPOS="1847"/>
<String CONTENT="especially" HEIGHT="68" WIDTH="308" VPOS="1406" HPOS="1872"/>
</TextLine>
<TextLine HEIGHT="70" WIDTH="2027" VPOS="1484" HPOS="154" STYLEREFS="StyleId-0C8ED4F2-C633-443A-8693-226F1DCD07C7-">
<String CONTENT="for" HEIGHT="53" WIDTH="94" VPOS="1486" HPOS="154"/>
<SP HEIGHT="47" WIDTH="26" VPOS="1492" HPOS="249"/>
<String CONTENT="the" HEIGHT="53" WIDTH="97" VPOS="1486" HPOS="276"/>
<SP HEIGHT="34" WIDTH="26" VPOS="1505" HPOS="374"/>
<String CONTENT="use" HEIGHT="35" WIDTH="96" VPOS="1504" HPOS="401"/>
<SP HEIGHT="35" WIDTH="26" VPOS="1504" HPOS="498"/>
<String CONTENT="of" HEIGHT="55" WIDTH="65" VPOS="1484" HPOS="525"/>
<SP HEIGHT="54" WIDTH="23" VPOS="1484" HPOS="591"/>
<String CONTENT="limerick" HEIGHT="55" WIDTH="262" VPOS="1484" HPOS="615"/>
<SP HEIGHT="55" WIDTH="26" VPOS="1484" HPOS="878"/>
<String CONTENT="contestants," HEIGHT="63" WIDTH="369" VPOS="1490" HPOS="905"/>
<SP HEIGHT="69" WIDTH="24" VPOS="1484" HPOS="1275"/>
<String CONTENT="by" HEIGHT="70" WIDTH="78" VPOS="1484" HPOS="1300"/>
<SP HEIGHT="69" WIDTH="26" VPOS="1485" HPOS="1379"/>
<String LANG="fr" CONTENT="J." HEIGHT="54" WIDTH="56" VPOS="1485" HPOS="1406"/>
<SP HEIGHT="52" WIDTH="26" VPOS="1486" HPOS="1463"/>
<String CONTENT="P." HEIGHT="52" WIDTH="66" VPOS="1486" HPOS="1490"/>
<SP HEIGHT="52" WIDTH="27" VPOS="1485" HPOS="1557"/>
<String CONTENT="Todd." HEIGHT="53" WIDTH="186" VPOS="1485" HPOS="1585"/>
<SP HEIGHT="53" WIDTH="74" VPOS="1485" HPOS="1772"/>
<String CONTENT="New" HEIGHT="53" WIDTH="140" VPOS="1485" HPOS="1847"/>
<SP HEIGHT="52" WIDTH="26" VPOS="1486" HPOS="1988"/>
<String CONTENT="York" HEIGHT="53" WIDTH="166" VPOS="1485" HPOS="2015"/>
</TextLine>
<TextLine HEIGHT="68" WIDTH="1309" VPOS="1564" HPOS="154" STYLEREFS="StyleId-0C8ED4F2-C633-443A-8693-226F1DCD07C7-" CS="1">
<String CONTENT="city," HEIGHT="67" WIDTH="133" VPOS="1565" HPOS="154"/>
<SP HEIGHT="66" WIDTH="29" VPOS="1566" HPOS="288"/>
<String LANG="fr" CONTENT="N." HEIGHT="53" WIDTH="70" VPOS="1566" HPOS="318"/>
<SP HEIGHT="53" WIDTH="32" VPOS="1565" HPOS="389"/>
<String CONTENT="Y.," HEIGHT="67" WIDTH="92" VPOS="1565" HPOS="422"/>
<SP HEIGHT="66" WIDTH="29" VPOS="1566" HPOS="515"/>
<String CONTENT="The" HEIGHT="53" WIDTH="123" VPOS="1565" HPOS="545"/>
<SP HEIGHT="55" WIDTH="31" VPOS="1564" HPOS="669"/>
<String CONTENT="Consrad" HEIGHT="55" WIDTH="262" VPOS="1564" HPOS="701"/>
<SP HEIGHT="53" WIDTH="28" VPOS="1564" HPOS="964"/>
<String CONTENT="co.," HEIGHT="49" WIDTH="98" VPOS="1582" HPOS="993"/>
<SP HEIGHT="67" WIDTH="28" VPOS="1564" HPOS="1092"/>
<String CONTENT="inc." HEIGHT="53" WIDTH="108" VPOS="1564" HPOS="1121"/>
<SP HEIGHT="34" WIDTH="38" VPOS="1597" HPOS="1230"/>
<String CONTENT="[" HEIGHT="34" WIDTH="12" VPOS="1597" HPOS="1269"/>
<String STYLE="superscript" CS="1" CONTENT="&#7580;19"/>
<String CONTENT="28]" HEIGHT="64" WIDTH="85" VPOS="1567" HPOS="1378"/>
</TextLine>
<TextLine HEIGHT="52" WIDTH="458" VPOS="1649" HPOS="225" CS="1">
<String CONTENT="51," HEIGHT="48" WIDTH="70" VPOS="1649" HPOS="225"/>
<SP HEIGHT="30" WIDTH="22" VPOS="1669" HPOS="296"/>
<String CONTENT="[10]" HEIGHT="52" WIDTH="86" VPOS="1649" HPOS="319"/>
<SP HEIGHT="40" WIDTH="24" VPOS="1661" HPOS="406"/>
<String CONTENT="p." HEIGHT="38" WIDTH="44" VPOS="1661" HPOS="431"/>
<SP HEIGHT="42" WIDTH="56" VPOS="1649" HPOS="476"/>
<String CS="1" CONTENT="22&#189;&#7580;&#7504;." HEIGHT="42" WIDTH="150" VPOS="1649" HPOS="533"/>
</TextLine>
<TextLine HEIGHT="51" WIDTH="1569" VPOS="1718" HPOS="226">
<String CONTENT="Blank" HEIGHT="40" WIDTH="161" VPOS="1721" HPOS="226"/>
<SP HEIGHT="48" WIDTH="23" VPOS="1721" HPOS="388"/>
<String CONTENT="pages" HEIGHT="38" WIDTH="148" VPOS="1731" HPOS="412"/>
<SP HEIGHT="41" WIDTH="22" VPOS="1720" HPOS="561"/>
<String CONTENT="for" HEIGHT="41" WIDTH="81" VPOS="1720" HPOS="584"/>
<SP HEIGHT="39" WIDTH="24" VPOS="1720" HPOS="666"/>
<String CONTENT="&#8220;Reference" HEIGHT="41" WIDTH="299" VPOS="1719" HPOS="691"/>
<SP HEIGHT="40" WIDTH="21" VPOS="1720" HPOS="991"/>
<String CONTENT="book" HEIGHT="41" WIDTH="124" VPOS="1719" HPOS="1013"/>
<SP HEIGHT="41" WIDTH="23" VPOS="1719" HPOS="1138"/>
<String CONTENT="of" HEIGHT="42" WIDTH="54" VPOS="1718" HPOS="1162"/>
<SP HEIGHT="40" WIDTH="20" VPOS="1718" HPOS="1217"/>
<String CONTENT="words&#8221;" HEIGHT="42" WIDTH="190" VPOS="1718" HPOS="1238"/>
<SP HEIGHT="50" WIDTH="28" VPOS="1718" HPOS="1429"/>
<String CONTENT="(" HEIGHT="49" WIDTH="15" VPOS="1719" HPOS="1458"/>
<SP HEIGHT="50" WIDTH="10" VPOS="1719" HPOS="1474"/>
<String CONTENT="[10]" HEIGHT="51" WIDTH="86" VPOS="1718" HPOS="1485"/>
<SP HEIGHT="39" WIDTH="27" VPOS="1730" HPOS="1572"/>
<String CONTENT="at" HEIGHT="40" WIDTH="54" VPOS="1721" HPOS="1600"/>
<SP HEIGHT="40" WIDTH="21" VPOS="1721" HPOS="1655"/>
<String CONTENT="end)" HEIGHT="48" WIDTH="118" VPOS="1719" HPOS="1677"/>
</TextLine>
<TextLine HEIGHT="53" WIDTH="2018" VPOS="1789" HPOS="159" CS="1">
<String CONTENT="&#169;" HEIGHT="53" WIDTH="52" VPOS="1789" HPOS="159"/>
<SP HEIGHT="53" WIDTH="39" VPOS="1789" HPOS="212"/>
<String CONTENT="Dec." HEIGHT="40" WIDTH="113" VPOS="1794" HPOS="252"/>
<SP HEIGHT="41" WIDTH="37" VPOS="1793" HPOS="366"/>
<String CONTENT="1," HEIGHT="47" WIDTH="41" VPOS="1793" HPOS="404"/>
<SP HEIGHT="48" WIDTH="37" VPOS="1792" HPOS="446"/>
<String CS="1" CONTENT="1927;" HEIGHT="40" WIDTH="117" VPOS="1792" HPOS="484"/>
<SP HEIGHT="46" WIDTH="40" VPOS="1792" HPOS="627"/>
<String CONTENT="2c." HEIGHT="41" WIDTH="69" VPOS="1792" HPOS="668"/>
<SP HEIGHT="30" WIDTH="38" VPOS="1802" HPOS="738"/>
<String CONTENT="and" HEIGHT="39" WIDTH="98" VPOS="1792" HPOS="777"/>
<SP HEIGHT="39" WIDTH="37" VPOS="1792" HPOS="876"/>
<String CONTENT="aff." HEIGHT="43" WIDTH="83" VPOS="1790" HPOS="914"/>
<SP HEIGHT="42" WIDTH="40" VPOS="1791" HPOS="998"/>
<String CONTENT="Feb." HEIGHT="41" WIDTH="113" VPOS="1791" HPOS="1039"/>
<SP HEIGHT="41" WIDTH="37" VPOS="1791" HPOS="1153"/>
<String CONTENT="24," HEIGHT="48" WIDTH="72" VPOS="1791" HPOS="1191"/>
<SP HEIGHT="47" WIDTH="39" VPOS="1792" HPOS="1264"/>
<String CONTENT="1928;" HEIGHT="47" WIDTH="142" VPOS="1790" HPOS="1304"/>
<SP HEIGHT="46" WIDTH="42" VPOS="1791" HPOS="1447"/>
<!-- cceid 17C2212E-6CB2-1014-A20E-B9D6251C946A --><String CONTENT="A" HEIGHT="40" WIDTH="41" VPOS="1791" HPOS="1490"/>
<SP HEIGHT="40" WIDTH="38" VPOS="1791" HPOS="1532"/>
<String CONTENT="1018939;" HEIGHT="46" WIDTH="232" VPOS="1790" HPOS="1571"/>
<SP HEIGHT="44" WIDTH="43" VPOS="1792" HPOS="1804"/>
<String LANG="fr" CONTENT="J." HEIGHT="41" WIDTH="44" VPOS="1792" HPOS="1848"/>
<SP HEIGHT="41" WIDTH="40" VPOS="1792" HPOS="1893"/>
<String CONTENT="P." HEIGHT="40" WIDTH="51" VPOS="1792" HPOS="1934"/>
<SP HEIGHT="40" WIDTH="40" VPOS="1792" HPOS="1986"/>
<String CONTENT="Todd," HEIGHT="47" WIDTH="150" VPOS="1792" HPOS="2027"/>
</TextLine>
<TextLine HEIGHT="50" WIDTH="729" VPOS="1848" HPOS="229">
<String CONTENT="Yonkers," HEIGHT="48" WIDTH="235" VPOS="1850" HPOS="229"/>
<SP HEIGHT="48" WIDTH="28" VPOS="1850" HPOS="465"/>
<String LANG="fr" CONTENT="N." HEIGHT="41" WIDTH="57" VPOS="1850" HPOS="494"/>
<SP HEIGHT="41" WIDTH="25" VPOS="1850" HPOS="552"/>
<String CONTENT="Y." HEIGHT="39" WIDTH="55" VPOS="1850" HPOS="578"/>
<SP HEIGHT="48" WIDTH="69" VPOS="1849" HPOS="634"/>
<String CONTENT="(28-6329)" HEIGHT="49" WIDTH="254" VPOS="1848" HPOS="704"/>
</TextLine>
<TextLine HEIGHT="63" WIDTH="561" VPOS="1944" HPOS="151" STYLEREFS="StyleId-C080B5EB-2D21-4189-B5BE-0AF809EC12BF-">
<String CONTENT="Troxell," HEIGHT="63" WIDTH="252" VPOS="1944" HPOS="151"/>
<SP HEIGHT="62" WIDTH="33" VPOS="1945" HPOS="404"/>
<String CONTENT="Eleanor." HEIGHT="53" WIDTH="274" VPOS="1944" HPOS="438"/>
</TextLine>
<TextLine HEIGHT="70" WIDTH="1958" VPOS="2023" HPOS="225" STYLEREFS="StyleId-0C8ED4F2-C633-443A-8693-226F1DCD07C7-" CS="1">
<String CONTENT="Pammy" HEIGHT="69" WIDTH="247" VPOS="2024" HPOS="225"/>
<SP HEIGHT="51" WIDTH="27" VPOS="2042" HPOS="473"/>
<String CONTENT="and" HEIGHT="53" WIDTH="114" VPOS="2025" HPOS="501"/>
<SP HEIGHT="54" WIDTH="26" VPOS="2024" HPOS="616"/>
<String CONTENT="his" HEIGHT="54" WIDTH="92" VPOS="2024" HPOS="643"/>
<SP HEIGHT="54" WIDTH="29" VPOS="2024" HPOS="736"/>
<String CONTENT="friends," HEIGHT="67" WIDTH="240" VPOS="2023" HPOS="766"/>
<SP HEIGHT="67" WIDTH="26" VPOS="2023" HPOS="1007"/>
<String CONTENT="by" HEIGHT="69" WIDTH="77" VPOS="2023" HPOS="1034"/>
<SP HEIGHT="69" WIDTH="28" VPOS="2023" HPOS="1112"/>
<String CONTENT="Eleanor" HEIGHT="53" WIDTH="253" VPOS="2023" HPOS="1141"/>
<SP HEIGHT="52" WIDTH="26" VPOS="2023" HPOS="1395"/>
<String CONTENT="Troxell" HEIGHT="52" WIDTH="236" VPOS="2023" HPOS="1422"/>
<SP HEIGHT="52" WIDTH="33" VPOS="2023" HPOS="1659"/>
<String CS="1" CONTENT="&#8230;"/>
<SP HEIGHT="53" WIDTH="79" VPOS="2023" HPOS="1750"/>
<String CONTENT="New" HEIGHT="53" WIDTH="140" VPOS="2023" HPOS="1830"/>
<SP HEIGHT="53" WIDTH="29" VPOS="2023" HPOS="1971"/>
<String CONTENT="York," HEIGHT="68" WIDTH="182" VPOS="2023" HPOS="2001"/>
</TextLine>
<TextLine HEIGHT="72" WIDTH="1310" VPOS="2101" HPOS="158" STYLEREFS="StyleId-0C8ED4F2-C633-443A-8693-226F1DCD07C7-" CS="1">
<String CONTENT="Chicago" HEIGHT="71" WIDTH="254" VPOS="2102" HPOS="158"/>
<SP HEIGHT="49" WIDTH="44" VPOS="2122" HPOS="413"/>
<String CONTENT="[etc.]" HEIGHT="62" WIDTH="139" VPOS="2109" HPOS="458"/>
<SP HEIGHT="68" WIDTH="45" VPOS="2102" HPOS="598"/>
<String CONTENT="C." HEIGHT="55" WIDTH="62" VPOS="2102" HPOS="644"/>
<SP HEIGHT="56" WIDTH="40" VPOS="2101" HPOS="707"/>
<String CONTENT="Scribner&#8217;s" HEIGHT="56" WIDTH="315" VPOS="2101" HPOS="748"/>
<SP HEIGHT="33" WIDTH="35" VPOS="2123" HPOS="1064"/>
<String CONTENT="sons" HEIGHT="36" WIDTH="130" VPOS="2120" HPOS="1100"/>
<SP HEIGHT="48" WIDTH="43" VPOS="2121" HPOS="1231"/>
<String CONTENT="[" HEIGHT="34" WIDTH="12" VPOS="2135" HPOS="1275"/>
<String STYLE="superscript" CS="1" CONTENT="&#7580;19"/>
<String CONTENT="28]" HEIGHT="64" WIDTH="85" VPOS="2105" HPOS="1383"/>
</TextLine>
<TextLine HEIGHT="50" WIDTH="737" VPOS="2186" HPOS="226" STYLEREFS="StyleId-0C8ED4F2-C633-443A-8693-226F1DCD07C7-" CS="1">
<String CONTENT="viii" HEIGHT="41" WIDTH="88" VPOS="2186" HPOS="226"/>
<SP HEIGHT="50" WIDTH="20" VPOS="2186" HPOS="315"/>
<String LANG="fr" CONTENT="p.," HEIGHT="38" WIDTH="57" VPOS="2198" HPOS="336"/>
<SP HEIGHT="46" WIDTH="22" VPOS="2188" HPOS="394"/>
<String CONTENT="1" HEIGHT="39" WIDTH="25" VPOS="2188" HPOS="417"/>
<SP/>
<String CS="1" CONTENT="l.,"/>
<SP HEIGHT="48" WIDTH="20" VPOS="2186" HPOS="510"/>
<String CONTENT="83" HEIGHT="41" WIDTH="56" VPOS="2186" HPOS="531"/>
<SP HEIGHT="48" WIDTH="20" VPOS="2187" HPOS="588"/>
<String CONTENT="p." HEIGHT="38" WIDTH="42" VPOS="2197" HPOS="609"/>
<SP HEIGHT="40" WIDTH="60" VPOS="2186" HPOS="652"/>
<String CONTENT="illus." HEIGHT="41" WIDTH="130" VPOS="2186" HPOS="713"/>
<SP HEIGHT="40" WIDTH="59" VPOS="2187" HPOS="844"/>
<String CS="1" CONTENT="19&#189;" HEIGHT="41" WIDTH="59" VPOS="2186" HPOS="904"/>
<String STYLE="superscript" CS="1" CONTENT="&#7580;&#7504;."/>
</TextLine>
<TextLine HEIGHT="53" WIDTH="2020" VPOS="2255" HPOS="161" CS="1">
<String CONTENT="&#169;" HEIGHT="53" WIDTH="52" VPOS="2255" HPOS="161"/>
<SP HEIGHT="53" WIDTH="25" VPOS="2255" HPOS="214"/>
<String CONTENT="Feb." HEIGHT="40" WIDTH="111" VPOS="2260" HPOS="240"/>
<SP HEIGHT="40" WIDTH="24" VPOS="2260" HPOS="352"/>
<String CONTENT="17," HEIGHT="47" WIDTH="70" VPOS="2260" HPOS="377"/>
<SP HEIGHT="48" WIDTH="23" VPOS="2259" HPOS="448"/>
<String CS="1" CONTENT="1928;" HEIGHT="41" WIDTH="116" VPOS="2258" HPOS="472"/>
<SP HEIGHT="47" WIDTH="25" VPOS="2258" HPOS="615"/>
<String CONTENT="2c." HEIGHT="40" WIDTH="68" VPOS="2258" HPOS="641"/>
<SP HEIGHT="40" WIDTH="25" VPOS="2258" HPOS="710"/>
<String CONTENT="Feb." HEIGHT="40" WIDTH="112" VPOS="2258" HPOS="736"/>
<SP HEIGHT="40" WIDTH="23" VPOS="2258" HPOS="849"/>
<String CS="1" CONTENT="25;" HEIGHT="40" WIDTH="57" VPOS="2258" HPOS="873"/>
<SP HEIGHT="36" WIDTH="27" VPOS="2268" HPOS="958"/>
<String CONTENT="aff." HEIGHT="43" WIDTH="83" VPOS="2256" HPOS="986"/>
<SP HEIGHT="41" WIDTH="26" VPOS="2258" HPOS="1070"/>
<String CONTENT="Feb." HEIGHT="40" WIDTH="112" VPOS="2258" HPOS="1097"/>
<SP HEIGHT="40" WIDTH="24" VPOS="2258" HPOS="1210"/>
<String CS="1" CONTENT="23;" HEIGHT="41" WIDTH="56" VPOS="2257" HPOS="1235"/>
<SP HEIGHT="44" WIDTH="27" VPOS="2256" HPOS="1319"/>
<!-- cceid 17C2D192-6CB2-1014-A20E-B9D6251C946A --><String CONTENT="A" HEIGHT="40" WIDTH="41" VPOS="2256" HPOS="1347"/>
<SP HEIGHT="40" WIDTH="25" VPOS="2256" HPOS="1389"/>
<String CS="1" CONTENT="1061952;" HEIGHT="41" WIDTH="204" VPOS="2256" HPOS="1415"/>
<SP HEIGHT="46" WIDTH="28" VPOS="2257" HPOS="1647"/>
<String CONTENT="Charles" HEIGHT="41" WIDTH="206" VPOS="2257" HPOS="1676"/>
<SP HEIGHT="41" WIDTH="27" VPOS="2258" HPOS="1883"/>
<String CONTENT="Scribner&#8217;s" HEIGHT="42" WIDTH="270" VPOS="2257" HPOS="1911"/>
</TextLine>
<TextLine HEIGHT="50" WIDTH="453" VPOS="2315" HPOS="229">
<String CONTENT="sons." HEIGHT="31" WIDTH="127" VPOS="2327" HPOS="229"/>
<SP HEIGHT="49" WIDTH="71" VPOS="2316" HPOS="357"/>
<String CONTENT="(28-6393)" HEIGHT="50" WIDTH="253" VPOS="2315" HPOS="429"/>
</TextLine>
<TextLine HEIGHT="66" WIDTH="748" VPOS="2411" HPOS="156" STYLEREFS="StyleId-C080B5EB-2D21-4189-B5BE-0AF809EC12BF-">
<String CONTENT="Tyler," HEIGHT="65" WIDTH="195" VPOS="2412" HPOS="156"/>
<SP HEIGHT="61" WIDTH="28" VPOS="2414" HPOS="352"/>
<String CONTENT="Mrs." HEIGHT="52" WIDTH="142" VPOS="2414" HPOS="381"/>
<SP HEIGHT="55" WIDTH="29" VPOS="2411" HPOS="524"/>
<String CONTENT="Alice" HEIGHT="55" WIDTH="166" VPOS="2411" HPOS="554"/>
<SP HEIGHT="53" WIDTH="31" VPOS="2412" HPOS="721"/>
<String CONTENT="Felt." HEIGHT="54" WIDTH="151" VPOS="2411" HPOS="753"/>
</TextLine>
<TextLine HEIGHT="72" WIDTH="1952" VPOS="2489" HPOS="228" STYLEREFS="StyleId-0C8ED4F2-C633-443A-8693-226F1DCD07C7-">
<String CONTENT="The" HEIGHT="52" WIDTH="123" VPOS="2493" HPOS="228"/>
<SP HEIGHT="54" WIDTH="26" VPOS="2491" HPOS="352"/>
<String CONTENT="foreign" HEIGHT="70" WIDTH="233" VPOS="2491" HPOS="379"/>
<SP HEIGHT="49" WIDTH="23" VPOS="2510" HPOS="613"/>
<String CONTENT="policy" HEIGHT="68" WIDTH="194" VPOS="2491" HPOS="637"/>
<SP HEIGHT="50" WIDTH="24" VPOS="2509" HPOS="832"/>
<String CONTENT="of" HEIGHT="54" WIDTH="65" VPOS="2489" HPOS="857"/>
<SP HEIGHT="56" WIDTH="24" VPOS="2489" HPOS="923"/>
<String CONTENT="James" HEIGHT="54" WIDTH="198" VPOS="2491" HPOS="948"/>
<SP HEIGHT="56" WIDTH="27" VPOS="2489" HPOS="1147"/>
<String CONTENT="G." HEIGHT="56" WIDTH="70" VPOS="2489" HPOS="1175"/>
<SP HEIGHT="51" WIDTH="29" VPOS="2492" HPOS="1246"/>
<String CONTENT="Blaine," HEIGHT="68" WIDTH="226" VPOS="2490" HPOS="1276"/>
<SP HEIGHT="68" WIDTH="25" VPOS="2490" HPOS="1503"/>
<String CONTENT="by" HEIGHT="69" WIDTH="77" VPOS="2490" HPOS="1529"/>
<SP HEIGHT="69" WIDTH="25" VPOS="2490" HPOS="1607"/>
<String CONTENT="Alice" HEIGHT="54" WIDTH="167" VPOS="2490" HPOS="1633"/>
<SP HEIGHT="52" WIDTH="26" VPOS="2492" HPOS="1801"/>
<String CONTENT="Felt" HEIGHT="52" WIDTH="136" VPOS="2492" HPOS="1828"/>
<SP HEIGHT="52" WIDTH="22" VPOS="2492" HPOS="1965"/>
<String CONTENT="Tyler." HEIGHT="69" WIDTH="192" VPOS="2492" HPOS="1988"/>
</TextLine>
<TextLine HEIGHT="66" WIDTH="1815" VPOS="2568" HPOS="156" STYLEREFS="StyleId-0C8ED4F2-C633-443A-8693-226F1DCD07C7-" CS="1">
<String CONTENT="Minneapolis," HEIGHT="63" WIDTH="409" VPOS="2571" HPOS="156"/>
<SP HEIGHT="62" WIDTH="28" VPOS="2572" HPOS="566"/>
<String CONTENT="The" HEIGHT="53" WIDTH="123" VPOS="2571" HPOS="595"/>
<SP HEIGHT="54" WIDTH="29" VPOS="2571" HPOS="719"/>
<String CONTENT="University" HEIGHT="65" WIDTH="342" VPOS="2569" HPOS="749"/>
<SP HEIGHT="46" WIDTH="28" VPOS="2588" HPOS="1092"/>
<String CONTENT="of" HEIGHT="55" WIDTH="65" VPOS="2568" HPOS="1121"/>
<SP HEIGHT="54" WIDTH="30" VPOS="2568" HPOS="1187"/>
<String CONTENT="Minnesota" HEIGHT="54" WIDTH="328" VPOS="2569" HPOS="1218"/>
<SP HEIGHT="46" WIDTH="32" VPOS="2588" HPOS="1547"/>
<String CONTENT="press" HEIGHT="46" WIDTH="159" VPOS="2588" HPOS="1580"/>
<SP HEIGHT="44" WIDTH="35" VPOS="2590" HPOS="1740"/>
<String CS="1" CONTENT="["/>
<String STYLE="superscript" CS="1" CONTENT="&#7580;19"/>
<String CONTENT="27]" HEIGHT="65" WIDTH="86" VPOS="2569" HPOS="1885"/>
</TextLine>
<TextLine HEIGHT="50" WIDTH="368" VPOS="2655" HPOS="229" CS="1">
<String CONTENT="411" HEIGHT="42" WIDTH="86" VPOS="2655" HPOS="229"/>
<SP HEIGHT="50" WIDTH="26" VPOS="2655" HPOS="316"/>
<String LANG="fr" CONTENT="p." HEIGHT="38" WIDTH="44" VPOS="2667" HPOS="343"/>
<SP HEIGHT="42" WIDTH="58" VPOS="2655" HPOS="388"/>
<String CS="1" CONTENT="20&#189;&#7580;&#7504;." HEIGHT="42" WIDTH="150" VPOS="2655" HPOS="447"/>
</TextLine>
<TextLine HEIGHT="51" WIDTH="750" VPOS="2710" HPOS="229" CS="1">
<String CS="1" CONTENT="Bibliography:" HEIGHT="49" WIDTH="354" VPOS="2712" HPOS="229"/>
<SP HEIGHT="37" WIDTH="32" VPOS="2723" HPOS="611"/>
<String CONTENT="p." HEIGHT="37" WIDTH="45" VPOS="2723" HPOS="644"/>
<SP HEIGHT="30" WIDTH="37" VPOS="2731" HPOS="690"/>
<String CS="1" CONTENT="[386]-399." HEIGHT="50" WIDTH="238" VPOS="2710" HPOS="741"/>
</TextLine>
<TextLine HEIGHT="55" WIDTH="2021" VPOS="2767" HPOS="164" CS="1">
<String CONTENT="&#169;" HEIGHT="53" WIDTH="52" VPOS="2767" HPOS="164"/>
<SP HEIGHT="53" WIDTH="35" VPOS="2767" HPOS="217"/>
<String CONTENT="Dec." HEIGHT="41" WIDTH="113" VPOS="2771" HPOS="253"/>
<SP HEIGHT="40" WIDTH="34" VPOS="2772" HPOS="367"/>
<String CS="1" CONTENT="1," HEIGHT="19" WIDTH="11" VPOS="2803" HPOS="431"/>
<SP HEIGHT="51" WIDTH="34" VPOS="2771" HPOS="443"/>
<String CS="1" CONTENT="1927;" HEIGHT="40" WIDTH="116" VPOS="2771" HPOS="478"/>
<SP HEIGHT="47" WIDTH="35" VPOS="2770" HPOS="622"/>
<String CONTENT="2c." HEIGHT="42" WIDTH="68" VPOS="2770" HPOS="658"/>
<SP HEIGHT="31" WIDTH="35" VPOS="2781" HPOS="727"/>
<String CONTENT="and" HEIGHT="39" WIDTH="97" VPOS="2771" HPOS="763"/>
<SP HEIGHT="39" WIDTH="34" VPOS="2771" HPOS="861"/>
<String CONTENT="aff." HEIGHT="41" WIDTH="83" VPOS="2769" HPOS="896"/>
<SP HEIGHT="41" WIDTH="36" VPOS="2769" HPOS="980"/>
<String CONTENT="Feb." HEIGHT="41" WIDTH="112" VPOS="2769" HPOS="1017"/>
<SP HEIGHT="40" WIDTH="34" VPOS="2770" HPOS="1130"/>
<String CONTENT="27," HEIGHT="47" WIDTH="72" VPOS="2770" HPOS="1165"/>
<SP HEIGHT="47" WIDTH="36" VPOS="2770" HPOS="1238"/>
<String CS="1" CONTENT="1928;" HEIGHT="41" WIDTH="115" VPOS="2769" HPOS="1275"/>
<SP HEIGHT="41" WIDTH="38" VPOS="2770" HPOS="1418"/>
<!-- cceid 17C38E07-6CB2-1014-A20E-B9D6251C946A --><String CONTENT="A" HEIGHT="39" WIDTH="40" VPOS="2770" HPOS="1457"/>
<SP HEIGHT="39" WIDTH="36" VPOS="2770" HPOS="1498"/>
<String CONTENT="1018983;" HEIGHT="43" WIDTH="232" VPOS="2769" HPOS="1535"/>
<SP HEIGHT="41" WIDTH="39" VPOS="2771" HPOS="1768"/>
<String CONTENT="University" HEIGHT="49" WIDTH="287" VPOS="2770" HPOS="1808"/>
<SP HEIGHT="36" WIDTH="36" VPOS="2783" HPOS="2096"/>
<String CONTENT="of" HEIGHT="39" WIDTH="52" VPOS="2772" HPOS="2133"/>
</TextLine>
<TextLine HEIGHT="51" WIDTH="992" VPOS="2826" HPOS="235">
<String CONTENT="Minnesota," HEIGHT="49" WIDTH="293" VPOS="2828" HPOS="235"/>
<SP HEIGHT="49" WIDTH="30" VPOS="2828" HPOS="529"/>
<String CONTENT="Minneapolis." HEIGHT="49" WIDTH="342" VPOS="2827" HPOS="560"/>
<SP HEIGHT="49" WIDTH="68" VPOS="2827" HPOS="903"/>
<String CONTENT="(28-6279)" HEIGHT="51" WIDTH="255" VPOS="2826" HPOS="972"/>
</TextLine>
<TextLine HEIGHT="69" WIDTH="839" VPOS="2923" HPOS="162" STYLEREFS="StyleId-39DF47B1-D79D-40D3-92AE-9A985BD6188C-">
<String LANG="fr" CONTENT="U." HEIGHT="54" WIDTH="73" VPOS="2924" HPOS="162"/>
<SP HEIGHT="55" WIDTH="26" VPOS="2923" HPOS="236"/>
<String CONTENT="S." HEIGHT="55" WIDTH="58" VPOS="2923" HPOS="263"/>
<SP HEIGHT="52" WIDTH="72" VPOS="2924" HPOS="322"/>
<String CONTENT="Laws," HEIGHT="67" WIDTH="186" VPOS="2924" HPOS="395"/>
<SP HEIGHT="48" WIDTH="27" VPOS="2943" HPOS="582"/>
<String CONTENT="statutes," HEIGHT="63" WIDTH="261" VPOS="2929" HPOS="610"/>
<SP HEIGHT="50" WIDTH="27" VPOS="2942" HPOS="872"/>
<String CONTENT="etc." HEIGHT="48" WIDTH="101" VPOS="2929" HPOS="900"/>
</TextLine>
<TextLine HEIGHT="58" WIDTH="1949" VPOS="3000" HPOS="232" STYLEREFS="StyleId-0C8ED4F2-C633-443A-8693-226F1DCD07C7-">
<String CONTENT="United" HEIGHT="54" WIDTH="220" VPOS="3002" HPOS="232"/>
<SP HEIGHT="56" WIDTH="30" VPOS="3002" HPOS="453"/>
<String CONTENT="States" HEIGHT="56" WIDTH="190" VPOS="3002" HPOS="484"/>
<SP HEIGHT="55" WIDTH="29" VPOS="3001" HPOS="675"/>
<String CONTENT="Code" HEIGHT="55" WIDTH="156" VPOS="3001" HPOS="705"/>
<SP HEIGHT="34" WIDTH="26" VPOS="3021" HPOS="862"/>
<String CONTENT="annotated." HEIGHT="53" WIDTH="328" VPOS="3002" HPOS="889"/>
<SP HEIGHT="51" WIDTH="76" VPOS="3003" HPOS="1218"/>
<String CONTENT="The" HEIGHT="53" WIDTH="123" VPOS="3002" HPOS="1295"/>
<SP HEIGHT="34" WIDTH="25" VPOS="3021" HPOS="1419"/>
<String CONTENT="code" HEIGHT="53" WIDTH="138" VPOS="3002" HPOS="1445"/>
<SP HEIGHT="34" WIDTH="25" VPOS="3021" HPOS="1584"/>
<String CONTENT="of" HEIGHT="55" WIDTH="66" VPOS="3000" HPOS="1610"/>
<SP HEIGHT="55" WIDTH="24" VPOS="3000" HPOS="1677"/>
<String CONTENT="the" HEIGHT="53" WIDTH="97" VPOS="3002" HPOS="1702"/>
<SP HEIGHT="52" WIDTH="23" VPOS="3003" HPOS="1800"/>
<String CONTENT="laws" HEIGHT="53" WIDTH="142" VPOS="3003" HPOS="1824"/>
<SP HEIGHT="35" WIDTH="24" VPOS="3021" HPOS="1967"/>
<String CONTENT="of" HEIGHT="53" WIDTH="67" VPOS="3002" HPOS="1992"/>
<SP HEIGHT="54" WIDTH="23" VPOS="3002" HPOS="2060"/>
<String CONTENT="the" HEIGHT="53" WIDTH="97" VPOS="3004" HPOS="2084"/>
</TextLine>
<TextLine HEIGHT="73" WIDTH="1833" VPOS="3078" HPOS="165" STYLEREFS="StyleId-0C8ED4F2-C633-443A-8693-226F1DCD07C7-" CS="1">
<String CONTENT="United" HEIGHT="54" WIDTH="219" VPOS="3081" HPOS="165"/>
<SP HEIGHT="55" WIDTH="35" VPOS="3081" HPOS="385"/>
<String CONTENT="States" HEIGHT="55" WIDTH="190" VPOS="3081" HPOS="421"/>
<SP HEIGHT="54" WIDTH="31" VPOS="3081" HPOS="612"/>
<String CONTENT="in" HEIGHT="53" WIDTH="62" VPOS="3081" HPOS="644"/>
<SP HEIGHT="53" WIDTH="34" VPOS="3081" HPOS="707"/>
<String CONTENT="force" HEIGHT="53" WIDTH="157" VPOS="3081" HPOS="742"/>
<SP HEIGHT="52" WIDTH="32" VPOS="3082" HPOS="900"/>
<String CONTENT="December" HEIGHT="56" WIDTH="314" VPOS="3078" HPOS="933"/>
<SP HEIGHT="54" WIDTH="31" VPOS="3080" HPOS="1248"/>
<String CONTENT="7," HEIGHT="68" WIDTH="50" VPOS="3080" HPOS="1280"/>
<SP HEIGHT="64" WIDTH="35" VPOS="3084" HPOS="1331"/>
<String CONTENT="1925," HEIGHT="65" WIDTH="153" VPOS="3083" HPOS="1367"/>
<SP HEIGHT="48" WIDTH="33" VPOS="3100" HPOS="1521"/>
<String CONTENT="as" HEIGHT="34" WIDTH="60" VPOS="3100" HPOS="1555"/>
<SP HEIGHT="35" WIDTH="33" VPOS="3099" HPOS="1616"/>
<String CONTENT="enacted" HEIGHT="53" WIDTH="237" VPOS="3082" HPOS="1650"/>
<SP HEIGHT="54" WIDTH="31" VPOS="3081" HPOS="1888"/>
<String CONTENT="by" HEIGHT="70" WIDTH="78" VPOS="3081" HPOS="1920"/>
</TextLine>
<TextLine HEIGHT="148" WIDTH="1993" VPOS="3082" HPOS="165" STYLEREFS="StyleId-0C8ED4F2-C633-443A-8693-226F1DCD07C7-" CS="1">
<String CONTENT="Congress" HEIGHT="148" WIDTH="1993" VPOS="3082" HPOS="165"/>
<SP HEIGHT="55" WIDTH="24" VPOS="3158" HPOS="325"/>
<String CONTENT="June" HEIGHT="55" WIDTH="154" VPOS="3158" HPOS="350"/>
<SP HEIGHT="49" WIDTH="26" VPOS="3163" HPOS="505"/>
<String CONTENT="28" HEIGHT="50" WIDTH="67" VPOS="3163" HPOS="532"/>
<SP HEIGHT="50" WIDTH="30" VPOS="3163" HPOS="600"/>
<String CONTENT="and" HEIGHT="52" WIDTH="114" VPOS="3161" HPOS="631"/>
<SP HEIGHT="52" WIDTH="30" VPOS="3161" HPOS="746"/>
<String CONTENT="approved" HEIGHT="68" WIDTH="295" VPOS="3160" HPOS="777"/>
<SP HEIGHT="54" WIDTH="29" VPOS="3160" HPOS="1073"/>
<String CONTENT="June" HEIGHT="54" WIDTH="156" VPOS="3160" HPOS="1103"/>
<SP HEIGHT="50" WIDTH="27" VPOS="3162" HPOS="1260"/>
<String CONTENT="30," HEIGHT="68" WIDTH="84" VPOS="3162" HPOS="1288"/>
<SP HEIGHT="67" WIDTH="31" VPOS="3163" HPOS="1373"/>
<String CONTENT="1926" HEIGHT="50" WIDTH="136" VPOS="3162" HPOS="1405"/>
<SP HEIGHT="49" WIDTH="32" VPOS="3163" HPOS="1542"/>
<String CS="1" CONTENT="&#8230;"/>
<SP HEIGHT="52" WIDTH="78" VPOS="3160" HPOS="1632"/>
<String CONTENT="Title" HEIGHT="54" WIDTH="155" VPOS="3159" HPOS="1711"/>
<SP HEIGHT="50" WIDTH="28" VPOS="3163" HPOS="1867"/>
<String CONTENT="28." HEIGHT="50" WIDTH="83" VPOS="3163" HPOS="1896"/>
</TextLine>
<TextLine HEIGHT="147" WIDTH="2018" VPOS="3160" HPOS="165" STYLEREFS="StyleId-0C8ED4F2-C633-443A-8693-226F1DCD07C7-" CS="1">
<String CONTENT="Judicial" HEIGHT="131" WIDTH="1991" VPOS="3160" HPOS="165"/>
<SP HEIGHT="52" WIDTH="47" VPOS="3240" HPOS="276"/>
<String CONTENT="code" HEIGHT="54" WIDTH="138" VPOS="3238" HPOS="324"/>
<SP HEIGHT="34" WIDTH="46" VPOS="3257" HPOS="463"/>
<String CONTENT="and" HEIGHT="53" WIDTH="113" VPOS="3239" HPOS="510"/>
<SP HEIGHT="70" WIDTH="47" VPOS="3237" HPOS="624"/>
<String CONTENT="judiciary." HEIGHT="70" WIDTH="307" VPOS="3237" HPOS="672"/>
<SP HEIGHT="67" WIDTH="78" VPOS="3240" HPOS="980"/>
<String CONTENT="&#167;&#167;" HEIGHT="68" WIDTH="61" VPOS="3239" HPOS="1059"/>
<SP HEIGHT="67" WIDTH="50" VPOS="3239" HPOS="1121"/>
<String CONTENT="451" HEIGHT="50" WIDTH="102" VPOS="3241" HPOS="1172"/>
<SP HEIGHT="50" WIDTH="47" VPOS="3241" HPOS="1275"/>
<String CONTENT="to" HEIGHT="48" WIDTH="59" VPOS="3244" HPOS="1323"/>
<SP HEIGHT="55" WIDTH="47" VPOS="3237" HPOS="1383"/>
<String CONTENT="720." HEIGHT="54" WIDTH="119" VPOS="3237" HPOS="1431"/>
<SP HEIGHT="56" WIDTH="77" VPOS="3237" HPOS="1551"/>
<String CONTENT="St." HEIGHT="56" WIDTH="85" VPOS="3237" HPOS="1629"/>
<SP HEIGHT="52" WIDTH="47" VPOS="3239" HPOS="1715"/>
<String CONTENT="Paul," HEIGHT="68" WIDTH="168" VPOS="3239" HPOS="1763"/>
<SP HEIGHT="68" WIDTH="44" VPOS="3239" HPOS="1932"/>
<String CONTENT="Minn.," HEIGHT="68" WIDTH="206" VPOS="3239" HPOS="1977"/>
</TextLine>
<TextLine HEIGHT="71" WIDTH="2023" VPOS="3316" HPOS="162" STYLEREFS="StyleId-0C8ED4F2-C633-443A-8693-226F1DCD07C7-">
<String CONTENT="West" HEIGHT="54" WIDTH="162" VPOS="3318" HPOS="162"/>
<SP HEIGHT="63" WIDTH="42" VPOS="3323" HPOS="325"/>
<String CONTENT="publishing" HEIGHT="71" WIDTH="339" VPOS="3316" HPOS="368"/>
<SP HEIGHT="51" WIDTH="42" VPOS="3336" HPOS="708"/>
<String CONTENT="company;" HEIGHT="50" WIDTH="310" VPOS="3336" HPOS="751"/>
<SP HEIGHT="57" WIDTH="47" VPOS="3318" HPOS="1062"/>
<String CONTENT="Northport," HEIGHT="69" WIDTH="346" VPOS="3317" HPOS="1110"/>
<SP HEIGHT="67" WIDTH="41" VPOS="3317" HPOS="1457"/>
<String CONTENT="Long" HEIGHT="70" WIDTH="169" VPOS="3317" HPOS="1499"/>
<SP HEIGHT="70" WIDTH="38" VPOS="3317" HPOS="1669"/>
<String CONTENT="Island," HEIGHT="69" WIDTH="223" VPOS="3317" HPOS="1708"/>
<SP HEIGHT="68" WIDTH="39" VPOS="3318" HPOS="1932"/>
<String LANG="fr" CONTENT="N." HEIGHT="53" WIDTH="71" VPOS="3318" HPOS="1972"/>
<SP HEIGHT="52" WIDTH="46" VPOS="3319" HPOS="2044"/>
<String CONTENT="Y.," HEIGHT="67" WIDTH="94" VPOS="3319" HPOS="2091"/>
</TextLine>
<TextLine HEIGHT="70" WIDTH="1142" VPOS="3396" HPOS="163" STYLEREFS="StyleId-0C8ED4F2-C633-443A-8693-226F1DCD07C7-">
<String CONTENT="Edward" HEIGHT="54" WIDTH="257" VPOS="3396" HPOS="163"/>
<SP HEIGHT="53" WIDTH="32" VPOS="3396" HPOS="421"/>
<String CONTENT="Thompson" HEIGHT="68" WIDTH="333" VPOS="3396" HPOS="454"/>
<SP HEIGHT="34" WIDTH="27" VPOS="3415" HPOS="788"/>
<String CONTENT="company," HEIGHT="51" WIDTH="301" VPOS="3415" HPOS="816"/>
<SP HEIGHT="64" WIDTH="33" VPOS="3399" HPOS="1118"/>
<String CONTENT="1928." HEIGHT="50" WIDTH="153" VPOS="3399" HPOS="1152"/>
</TextLine>
<TextLine HEIGHT="49" WIDTH="419" VPOS="3479" HPOS="233" STYLEREFS="StyleId-0C8ED4F2-C633-443A-8693-226F1DCD07C7-" CS="1">
<String CONTENT="viii," HEIGHT="49" WIDTH="101" VPOS="3479" HPOS="233"/>
<SP HEIGHT="49" WIDTH="34" VPOS="3479" HPOS="335"/>
<String CONTENT="523" HEIGHT="41" WIDTH="86" VPOS="3479" HPOS="370"/>
<SP HEIGHT="49" WIDTH="34" VPOS="3479" HPOS="457"/>
<String CONTENT="p." HEIGHT="38" WIDTH="44" VPOS="3490" HPOS="492"/>
<SP HEIGHT="41" WIDTH="57" VPOS="3479" HPOS="537"/>
<String CS="1" CONTENT="24&#189;&#7580;&#7504;." HEIGHT="40" WIDTH="57" VPOS="3479" HPOS="595"/>
</TextLine>
<TextLine HEIGHT="53" WIDTH="2019" VPOS="3533" HPOS="168" CS="1">
<String CONTENT="&#169;" HEIGHT="53" WIDTH="52" VPOS="3533" HPOS="168"/>
<SP HEIGHT="53" WIDTH="32" VPOS="3533" HPOS="221"/>
<String CONTENT="Feb." HEIGHT="41" WIDTH="112" VPOS="3537" HPOS="254"/>
<SP HEIGHT="41" WIDTH="30" VPOS="3537" HPOS="367"/>
<String CONTENT="24," HEIGHT="47" WIDTH="71" VPOS="3537" HPOS="398"/>
<SP HEIGHT="47" WIDTH="32" VPOS="3537" HPOS="470"/>
<String CS="1" CONTENT="1928;" HEIGHT="41" WIDTH="116" VPOS="3535" HPOS="503"/>
<SP HEIGHT="46" WIDTH="32" VPOS="3536" HPOS="647"/>
<String CONTENT="2c." HEIGHT="42" WIDTH="68" VPOS="3536" HPOS="680"/>
<SP HEIGHT="40" WIDTH="32" VPOS="3538" HPOS="749"/>
<String CONTENT="Mar." HEIGHT="40" WIDTH="124" VPOS="3538" HPOS="782"/>
<SP HEIGHT="40" WIDTH="32" VPOS="3538" HPOS="907"/>
<String CONTENT="12;" HEIGHT="46" WIDTH="83" VPOS="3537" HPOS="940"/>
<SP HEIGHT="36" WIDTH="34" VPOS="3547" HPOS="1024"/>
<String CONTENT="aff." HEIGHT="42" WIDTH="83" VPOS="3536" HPOS="1059"/>
<SP HEIGHT="40" WIDTH="33" VPOS="3538" HPOS="1143"/>
<String CONTENT="Mar." HEIGHT="40" WIDTH="125" VPOS="3538" HPOS="1177"/>
<SP HEIGHT="41" WIDTH="32" VPOS="3537" HPOS="1303"/>
<String CONTENT="10;" HEIGHT="48" WIDTH="83" VPOS="3536" HPOS="1336"/>
<SP HEIGHT="47" WIDTH="36" VPOS="3537" HPOS="1420"/>
<!-- cceid 17C454F7-6CB2-1014-A20E-B9D6251C946A --><String CONTENT="A" HEIGHT="40" WIDTH="41" VPOS="3537" HPOS="1457"/>
<SP HEIGHT="40" WIDTH="31" VPOS="3537" HPOS="1499"/>
<String CONTENT="1068213;" HEIGHT="48" WIDTH="233" VPOS="3536" HPOS="1531"/>
<SP HEIGHT="46" WIDTH="34" VPOS="3538" HPOS="1765"/>
<String CONTENT="West" HEIGHT="40" WIDTH="139" VPOS="3538" HPOS="1800"/>
<SP HEIGHT="47" WIDTH="30" VPOS="3538" HPOS="1940"/>
<String CONTENT="pub." HEIGHT="48" WIDTH="112" VPOS="3537" HPOS="1971"/>
<SP HEIGHT="30" WIDTH="33" VPOS="3548" HPOS="2084"/>
<String CONTENT="co." HEIGHT="31" WIDTH="69" VPOS="3548" HPOS="2118"/>
</TextLine>
<TextLine HEIGHT="49" WIDTH="740" VPOS="3593" HPOS="237">
<String CONTENT="and" HEIGHT="39" WIDTH="96" VPOS="3596" HPOS="237"/>
<SP HEIGHT="40" WIDTH="26" VPOS="3595" HPOS="334"/>
<String CONTENT="Edward" HEIGHT="39" WIDTH="215" VPOS="3595" HPOS="361"/>
<SP HEIGHT="41" WIDTH="26" VPOS="3593" HPOS="577"/>
<String CONTENT="Thompson" HEIGHT="49" WIDTH="277" VPOS="3593" HPOS="604"/>
<SP HEIGHT="31" WIDTH="25" VPOS="3605" HPOS="882"/>
<String CONTENT="co." HEIGHT="31" WIDTH="69" VPOS="3605" HPOS="908"/>
</TextLine>
<TextLine HEIGHT="56" WIDTH="1885" VPOS="3686" HPOS="301" STYLEREFS="StyleId-0C8ED4F2-C633-443A-8693-226F1DCD07C7-" CS="1">
<String CS="1" CONTENT="&#8230;"/>
<SP HEIGHT="54" WIDTH="54" VPOS="3688" HPOS="301"/>
<String CONTENT="United" HEIGHT="54" WIDTH="221" VPOS="3688" HPOS="356"/>
<SP HEIGHT="56" WIDTH="53" VPOS="3686" HPOS="578"/>
<String CONTENT="States" HEIGHT="56" WIDTH="189" VPOS="3686" HPOS="632"/>
<SP HEIGHT="55" WIDTH="69" VPOS="3687" HPOS="822"/>
<String CONTENT="Code" HEIGHT="55" WIDTH="157" VPOS="3687" HPOS="892"/>
<SP HEIGHT="34" WIDTH="67" VPOS="3708" HPOS="1050"/>
<String CONTENT="annotated." HEIGHT="53" WIDTH="330" VPOS="3688" HPOS="1118"/>
<SP HEIGHT="51" WIDTH="75" VPOS="3689" HPOS="1449"/>
<String CONTENT="Title" HEIGHT="55" WIDTH="155" VPOS="3686" HPOS="1525"/>
<SP HEIGHT="50" WIDTH="65" VPOS="3691" HPOS="1681"/>
<String CONTENT="36." HEIGHT="50" WIDTH="82" VPOS="3691" HPOS="1747"/>
<SP HEIGHT="52" WIDTH="68" VPOS="3689" HPOS="1830"/>
<String CONTENT="Patriotic" HEIGHT="54" WIDTH="287" VPOS="3688" HPOS="1899"/>
</TextLine>
<TextLine HEIGHT="71" WIDTH="2016" VPOS="3765" HPOS="168" STYLEREFS="StyleId-0C8ED4F2-C633-443A-8693-226F1DCD07C7-">
<String CONTENT="societies" HEIGHT="54" WIDTH="256" VPOS="3765" HPOS="168"/>
<SP HEIGHT="34" WIDTH="48" VPOS="3786" HPOS="425"/>
<String CONTENT="and" HEIGHT="53" WIDTH="113" VPOS="3767" HPOS="474"/>
<SP HEIGHT="53" WIDTH="49" VPOS="3767" HPOS="588"/>
<String CONTENT="observances." HEIGHT="54" WIDTH="384" VPOS="3766" HPOS="638"/>
<SP HEIGHT="52" WIDTH="75" VPOS="3767" HPOS="1023"/>
<String CONTENT="Title" HEIGHT="54" WIDTH="156" VPOS="3766" HPOS="1099"/>
<SP HEIGHT="50" WIDTH="46" VPOS="3770" HPOS="1256"/>
<String CONTENT="37." HEIGHT="54" WIDTH="82" VPOS="3766" HPOS="1303"/>
<SP HEIGHT="51" WIDTH="66" VPOS="3768" HPOS="1386"/>
<String CONTENT="Pay" HEIGHT="68" WIDTH="127" VPOS="3768" HPOS="1453"/>
<SP HEIGHT="51" WIDTH="65" VPOS="3785" HPOS="1581"/>
<String CONTENT="and" HEIGHT="53" WIDTH="114" VPOS="3767" HPOS="1647"/>
<SP HEIGHT="53" WIDTH="66" VPOS="3767" HPOS="1762"/>
<String CONTENT="allowances." HEIGHT="52" WIDTH="355" VPOS="3769" HPOS="1829"/>
</TextLine>
<TextLine HEIGHT="229" WIDTH="1994" VPOS="3844" HPOS="167" STYLEREFS="StyleId-0C8ED4F2-C633-443A-8693-226F1DCD07C7-" CS="1">
<String CONTENT="Title" HEIGHT="54" WIDTH="153" VPOS="3844" HPOS="169"/>
<SP HEIGHT="50" WIDTH="43" VPOS="3848" HPOS="323"/>
<String CONTENT="38." HEIGHT="50" WIDTH="83" VPOS="3848" HPOS="367"/>
<SP HEIGHT="52" WIDTH="45" VPOS="3846" HPOS="451"/>
<String CONTENT="Pensions," HEIGHT="66" WIDTH="297" VPOS="3845" HPOS="497"/>
<SP HEIGHT="66" WIDTH="40" VPOS="3845" HPOS="795"/>
<String CONTENT="bonuses," HEIGHT="59" WIDTH="258" VPOS="3845" HPOS="836"/>
<SP HEIGHT="39" WIDTH="43" VPOS="3865" HPOS="1095"/>
<String CONTENT="and" HEIGHT="52" WIDTH="115" VPOS="3846" HPOS="1139"/>
<SP HEIGHT="52" WIDTH="43" VPOS="3846" HPOS="1255"/>
<String CONTENT="veterans&#8217;" HEIGHT="54" WIDTH="281" VPOS="3845" HPOS="1299"/>
<SP HEIGHT="53" WIDTH="43" VPOS="3845" HPOS="1581"/>
<String CONTENT="relief." HEIGHT="54" WIDTH="185" VPOS="3845" HPOS="1625"/>
<SP HEIGHT="35" WIDTH="81" VPOS="3878" HPOS="1811"/>
<String CONTENT="[Cumulative" HEIGHT="131" WIDTH="1991" VPOS="3845" HPOS="169"/>
<SP HEIGHT="34" WIDTH="26" VPOS="3942" HPOS="287"/>
<String CONTENT="annual" HEIGHT="51" WIDTH="213" VPOS="3925" HPOS="314"/>
<SP HEIGHT="68" WIDTH="26" VPOS="3925" HPOS="528"/>
<String CONTENT="pocket" HEIGHT="69" WIDTH="204" VPOS="3924" HPOS="555"/>
<SP HEIGHT="64" WIDTH="27" VPOS="3929" HPOS="760"/>
<String CONTENT="part," HEIGHT="64" WIDTH="149" VPOS="3929" HPOS="788"/>
<SP HEIGHT="56" WIDTH="29" VPOS="3928" HPOS="938"/>
<String CONTENT="1927." HEIGHT="54" WIDTH="151" VPOS="3924" HPOS="968"/>
<SP HEIGHT="56" WIDTH="78" VPOS="3923" HPOS="1120"/>
<String CONTENT="St." HEIGHT="56" WIDTH="84" VPOS="3923" HPOS="1199"/>
<SP HEIGHT="52" WIDTH="26" VPOS="3925" HPOS="1284"/>
<String CONTENT="Paul," HEIGHT="58" WIDTH="168" VPOS="3925" HPOS="1311"/>
<SP HEIGHT="58" WIDTH="25" VPOS="3925" HPOS="1480"/>
<String CONTENT="Minn.," HEIGHT="69" WIDTH="206" VPOS="3925" HPOS="1506"/>
<SP HEIGHT="69" WIDTH="23" VPOS="3925" HPOS="1713"/>
<String CONTENT="West" HEIGHT="55" WIDTH="164" VPOS="3925" HPOS="1737"/>
<SP HEIGHT="66" WIDTH="24" VPOS="3929" HPOS="1902"/>
<String CONTENT="publishing" HEIGHT="148" WIDTH="1994" VPOS="3924" HPOS="167"/>
<SP HEIGHT="51" WIDTH="26" VPOS="4021" HPOS="271"/>
<String CONTENT="company]" HEIGHT="52" WIDTH="302" VPOS="4021" HPOS="298"/>
<SP/>
<String CS="1" CONTENT="&#7580;1928." HEIGHT="51" WIDTH="84" VPOS="4006" HPOS="728"/>
</TextLine>
</TextBlock>
</PrintSpace>
</Page>
</Layout>
</alto>