2498 4384
1227 4102 105 51 206

280 459 216 63 Smith,
530 459 130 55 Olin
692 461 70 53 W
1054 478 181 50 comp.

356 538 236 55 Smith’s
620 538 326 54 California
971 539 111 51 law
1108 539 254 67 quizzer;
1392 542 137 49 2000
1554 539 288 68 questions
1869 541 113 51 and
2012 559 246 34 answers
2276 560 11 47 ;

283 617 246 68 subjects
580 617 221 52 treated
853 615 262 54 conform
1165 622 57 47 to
1275 618 96 52 the
1423 618 222 68 rulings
1696 617 65 53 of
1811 618 96 52 the
1962 617 326 54 California

284 701 188 47 courts
511 694 64 54 of
612 696 111 52 last
763 701 198 60 resort,
1001 696 112 52 and
1154 695 241 69 embody
1433 697 96 52 the
1570 696 313 68 principles
1922 696 64 52 of
2024 698 111 51 law
2176 698 113 52 and

283 774 194 70 equity
514 774 61 53 in
612 776 230 68 general
882 775 113 52 and
1033 774 96 53 the
1169 773 329 56 California
1534 775 111 53 law
1685 773 153 55 from
1876 775 97 53 the
2012 776 278 68 adoption

282 853 64 52 of
372 855 97 51 the
495 855 163 52 codes
685 855 166 51 down
879 860 58 46 to
965 850 146 56 date.
1187 854 295 67 Prepared
1510 855 76 68 by
1613 854 276 54 members
1918 854 65 53 of

284 855 1980 146 the California bar. Los Angeles, O. W. Smith [ ᶜ1 928 ]
350 1013 775 50 4 p. l., 344 p. 22 ᶜᵐ . $2.50
353 1073 190 40 “Books
574 1074 96 38 and
700 1082 135 30 cases
870 1074 366 38 recommended
1267 1073 79 40 for
1375 1073 175 48 study”
1570 1084 8 29 :
1613 1086 43 37 p.
1690 1073 232 50 [345-346]

286 1126 52 52 ©
369 1131 111 40 Jan.
508 1131 41 47 3,
579 1130 141 47 1928;
751 1131 67 40 2c.
850 1130 110 41 Jan.
991 1130 82 46 10;
1107 1129 82 42 aff.
1221 1130 111 41 Jan.
1363 1131 53 40 9:
1449 1131 40 39 A
1519 1130 230 47 1018315;
1783 1131 111 41 Olin
1925 1132 72 40 W.
2031 1130 173 42 Smith.

364 1188 252 48 (28-5747)

278 1253 217 63 Smith,
526 1253 227 54 Walter
785 1253 320 64 Robinson,
1142 1254 173 54 1875-

350 1331 326 69 Principles
725 1331 65 53 of
838 1332 361 53 educational
1249 1331 305 70 sociology,
1601 1332 76 70 by
1723 1333 223 54 Walter
1985 1332 302 54 Robinson

282 1409 2007 70 Smith … Boston, New York [etc. ] Houghton Mifflin company
286 1491 194 64 [ ᶜ1 928]
348 1570 1796 50 xviii, 773 p. diagr. 19½ ᶜᵐ . (Half-title: Riverside textbooks in
279 1573 1992 102 education,
485 1630 72 39 ed.
586 1628 60 48 by
674 1629 53 40 E.
754 1629 51 39 P.
835 1627 295 48 Cubberley)

351 1686 248 41 “Selected
630 1684 258 49 readings”
916 1687 52 38 at
995 1685 92 40 end
1117 1684 53 40 of
1196 1684 121 41 each
1346 1684 216 48 chapter.

691 1741 72 49 CONTENTS.—pt.
787 1748 34 33 I.
849 1740 316 49 Sociological
1191 1740 321 41 foundations
1538 1739 53 42 of
1615 1738 409 51 education.—pt.
2048 1746 56 33 II.
2130 1740 155 41 Social

279 1802 192 46 aspects
500 1800 53 40 of
580 1798 192 49 specific
798 1798 163 40 school
991 1798 257 49 problems.

285 1852 51 51 ©
376 1856 112 40 Feb.
527 1855 37 48 8,
603 1855 142 46 1928;
784 1855 68 40 2c.
889 1854 112 40 Feb.
1040 1853 82 47 15;
1163 1852 84 42 aff.
1285 1852 112 41 Feb.
1436 1853 83 45 18;
1559 1852 40 39 A
1636 1852 230 42 1018884;
1907 1854 71 40 IV.
2019 1854 55 40 R.
2116 1853 171 48 Smith,

355 1914 276 45 Lawrence,
663 1912 126 40 Kan.
860 1910 252 49 (28-5877)

276 1980 190 55 South
498 1980 253 52 Dakota.
827 1980 280 66 Supreme
1138 1984 176 47 court.

352 2059 249 68 Reports
634 2057 64 54 of
732 2076 151 35 cases
916 2058 235 52 decided
1184 2057 62 52 in
1277 2057 96 52 the
1411 2054 276 70 Supreme
1721 2061 163 47 court
1917 2054 65 54 of
2014 2057 98 51 the
2145 2061 146 48 state

280 2137 63 52 of
384 2136 185 56 South
606 2137 249 66 Dakota,
896 2135 152 54 from
1087 2136 97 52 the
1222 2134 280 53 decisions
1540 2133 64 54 of
1640 2134 204 52 March
1883 2137 154 66 1926,
2075 2139 59 48 to
2175 2135 112 52 and

279 2216 301 69 including
620 2215 279 53 decisions
941 2213 64 54 of
1046 2214 265 68 January
1354 2211 151 55 1927.
1581 2213 193 67 Notes,
1814 2212 318 54 references
2175 2214 112 53 and

278 2294 191 67 index,
504 2294 78 68 by
617 2294 260 52 Howard
917 2292 67 55 G.
1022 2292 216 67 Fuller,
1275 2297 162 47 court
1472 2296 274 63 reporter,
1821 2310 52 34 v.
1915 2294 80 49 50.
2071 2292 216 67 Pierre,

279 2371 162 57 State
468 2372 337 70 publishing
834 2390 98 49 co.,
963 2370 150 55 1927.

348 2457 103 47 viii,
486 2457 86 40 699
605 2468 44 37 p.
712 2456 147 41 23½ᶜᵐ.

284 2511 52 51 ©
370 2514 112 41 Feb.
516 2513 68 49 10,
619 2514 142 46 1928;
796 2513 68 41 2;c.
899 2513 96 39 and
1029 2511 82 42 aff.
1146 2512 113 40 Feb.
1292 2510 82 41 20:
1411 2510 40 40 A
1485 2510 229 47 1069187;
1754 2510 183 47 Gladys

1971 2511 132 47 Pyle,
352 2521 1919 98 secretary
494 2571 52 40 of
574 2571 82 42 the
686 2573 130 38 state
846 2570 51 41 of
930 2568 153 42 South
1115 2569 210 46 Dakota,
1356 2567 181 49 Pierre,
1572 2567 45 41 S.
1648 2567 58 41 D.

339 2634 1885 69 … The South western reporter, v. 299. Permanent ed. …
347 2716 141 52 with
530 2716 375 68 key-number
947 2713 384 58 annotations,
1370 2710 310 55 December
1723 2714 82 64 14,
1848 2710 439 71 1927-January

351 2798 82 63 11,
467 2797 148 50 1928.
695 2794 83 55 St.
810 2795 166 53 Paul,
1004 2795 162 52 West
1199 2789 338 72 publishing
1568 2808 98 49 co.,
1699 2792 152 50 1928.

350 2871 1729 54 xxii, 1202 p. 26 ᶜᵐ . (National reporter system—State series)
287 2929 52 52 ©
366 2934 113 40 Feb.
503 2935 70 46 22,
601 2933 141 48 1928;
771 2935 68 39 2c.
868 2935 123 39 Mar.
1019 2934 82 46 12;
1132 2931 82 42 aff.
1244 2933 122 39 Mar.
1393 2931 82 47 10;
1505 2930 41 39 A
1572 2928 231 47 1068227;
1835 2929 137 40 West
1999 2929 110 48 pub.
2138 2940 69 31 co.

275 2997 123 53 The
427 2997 208 64 Sunny
661 3017 146 49 mag.
885 3016 50 34 v.
968 3001 47 55 6,
1043 3016 89 33 no.
1166 2999 82 56 33,
1276 2995 166 67 Mar.,
1472 2997 148 50 1928.

283 3076 53 53 ©
399 3092 37 30 1c.
470 3082 122 40 Mar.
625 3081 70 47 15,
728 3081 142 47 1928;
904 3082 41 39 A
978 3083 62 39 ad
1072 3082 88 42 int.
1194 3083 172 48 10755;
1402 3087 143 46 pubd.
1581 3088 111 42 Feb.
1727 3091 83 46 15;
1848 3092 184 48 George
2066 3094 220 43 Newness,

351 3139 102 46 ltd.,
487 3138 214 41 London.

275 3203 359 65 Thompson,
667 3206 255 52 Edward
954 3205 174 54 John.

348 3282 182 54 These
557 3302 146 49 men,
731 3284 104 69 thy
866 3283 239 70 friends,
1133 3285 74 69 by
1239 3287 255 54 Edward
1523 3289 347 70 Thompson.
1939 3293 139 53 New
2109 3293 180 69 York,

277 3360 1203 72 Harcourt, Brace and company [ ᶜ1 928]
345 3443 758 50 319 p. illus. (map) 19½ ᶜᵐ .
284 3495 52 52 ©
362 3500 113 41 Feb.
500 3501 68 46 16,
595 3501 141 46 1928;
764 3502 68 40 2c.
859 3504 95 39 and
981 3502 82 42 aff.
1091 3503 111 42 Feb.
1229 3504 83 46 23;
1342 3505 41 39 A
1408 3505 229 44 1061885;
1667 3507 262 46 Harcourt,
1958 3511 157 40 Brace
2142 3512 35 39 &
2204 3524 83 35 co.,

351 3556 92 42 inc.
514 3557 252 48 (28-5638)

275 3609 71 54 U.
379 3610 57 54 S.
512 3611 183 53 Lancs,
726 3616 258 50 statutes,
1016 3618 98 47 etc.

415 3688 1874 79 … United States Code annotated. Title 32. National guard.
289 3765 383 66 [Cumulative
702 3769 213 50 annual
944 3768 205 61 pocket
1176 3774 150 63 part,
1359 3771 148 53 1927.
1587 3771 83 56 St.
1702 3774 166 67 Paul,
1898 3775 204 69 Minn.,
2129 3777 162 54 West

282 3844 869 70 publishing company] ᶜ1 928.
349 3927 314 47 5 p. 24½ ᶜᵐ .
352 3983 119 42 This
500 3986 249 47 pamphlet
779 3986 42 40 is
851 3986 138 41 fitted
1021 3987 103 42 into
1156 3989 86 40 the
1268 3990 173 48 pocket
1471 3993 53 40 at
1554 3992 82 44 the
1666 3993 122 40 back
1817 3993 52 41 of
1900 3994 81 42 the
2012 3995 192 41 volume
2236 3996 51 41 of

281 4040 80 41 the
395 4043 74 42 set
503 4044 47 39 to
586 4042 157 44 which
776 4043 40 45 it
847 4044 213 50 belongs.
