2498 4384
992 4112 134 51 1101

128 524 1870 55 “This report covers one major topic in a project on animal drives …
56 588 262 49 supported
349 588 61 47 by
441 587 81 41 the
555 586 199 41 Council
785 586 79 40 for
895 585 226 40 research
1154 583 50 41 in
1240 584 80 40 the
1353 583 150 41 social
1536 582 211 41 sciences
1780 582 50 40 of
53 581 1980 105 Columbia
161 643 314 48 university.”

59 699 52 52 ©
140 703 125 39 June
293 702 68 47 27,
523 712 9 36 1928;
563 701 66 40 2c.
660 701 116 47 July
803 700 83 46 23;
918 699 83 41 aff.
1031 700 126 40 June
1184 699 83 46 29;
1300 698 42 38 A
1368 696 231 48 1082627;
1631 697 148 41 Clark
1809 695 130 41 univ.

135 758 282 49 (28-18490)

51 852 236 63 Jensen,
319 852 208 53 Milton
560 852 65 52 B.

181 924 1636 74 … Objective differentiation between three groups in
51 925 1975 136 education
222 1007 298 70 (teachers,
559 1006 255 53 research
858 1005 267 68 workers,
1166 1006 114 52 and
1321 1002 491 70 administrators);
1897 1002 154 53 from

49 1086 97 52 the
174 1085 425 68 psychological
628 1083 373 54 laboratories
1032 1083 66 53 of
1129 1082 285 56 Stanford
1443 1081 338 69 university,
1811 1081 76 69 by
50 1081 1977 135 Milton

178 1159 1802 71 B. Jensen … Worcester, Mass., Clark university, ᶜ192 8.
51 1240 1982 101 1 p. l., p. 335-454, 454a-c incl. tables, diagrs., forms. 24½ ᶜᵐ . (Genetic
206 1299 1159 50 psychology monographs … vol. III, no. 5)
122 1357 378 48 Bibliography:
527 1368 43 37 p.
595 1357 218 41 428-430.

58 1411 52 52 ©
149 1416 126 39 June
310 1415 70 48 27,
420 1414 140 48 1928;
600 1415 68 41 2c.
708 1416 116 47 July
861 1415 52 46 9;
956 1414 82 42 aff.
1078 1414 126 42 June
1243 1414 83 48 20;
1366 1414 44 41 A
1446 1414 230 47 1082626;
1719 1414 149 41 Clark
1906 1412 146 50 univ.,

124 1472 286 48 Worcester,
447 1472 147 40 Mass.
665 1471 281 49 (28-18491)

46 1563 285 64 Johnson,
365 1564 150 53 Axel
549 1565 45 52 P
887 1584 178 49 comp.

115 1642 240 53 Manual
387 1641 67 54 of
483 1642 96 53 the
613 1641 290 54 furniture
936 1647 118 48 arts
1086 1643 113 52 and
1233 1642 200 68 crafts,
1463 1641 284 69 compiled
1777 1641 77 70 by
1884 1641 72 53 A.
1986 1642 66 53 P.

46 1719 261 56 Johnson
344 1721 114 52 and
494 1719 193 54 Marta
724 1720 74 53 K.
839 1719 270 68 Sironen;
1149 1720 191 53 edited
1375 1721 77 68 by
1485 1719 263 55 William
1781 1720 56 54 J.
1877 1720 179 52 Etten

110 1796 1837 70 … Grand Rapids, Mich., A. P. Johnson company, 1928.
254 1880 574 49 xxxv, 899 p. illus. 17 ᶜᵐ .
119 1938 306 40 “Annotated
463 1937 339 48 bibliography
840 1937 52 40 of
930 1936 248 41 furniture
1216 1937 207 41 books”:
1463 1949 44 37 p.
1545 1937 230 47 685-745;
47 1937 1989 105 “Bibliography

230 1993 51 42 of
308 1994 251 40 furniture
589 1994 148 40 books
777 1993 170 48 (listed
975 1993 260 49 according
1264 1995 49 39 to
1342 1994 192 47 subject
1562 1992 271 49 matter)”:
1865 2005 43 37 p.
47 1994 2008 99 745-780.

58 2103 52 52 ©
139 2108 114 47 May
281 2107 40 47 3,
351 2106 117 41 1928;
523 2107 68 40 2c.
620 2107 97 39 and
745 2106 83 40 aff.
859 2106 116 48 July
1004 2104 82 49 19;
1119 2104 44 41 A
1191 2105 230 48 1083374;
1455 2105 55 42 A.
1541 2106 51 41 P.
1623 2105 220 41 Johnson
1873 2116 67 29 co.

134 2163 282 50 (28-18389)

46 2257 196 63 Kelso,
273 2258 224 52 Robert
526 2255 243 64 Wilson,
802 2260 171 50 1880-

123 2336 122 52 The
279 2335 214 54 science
530 2335 65 53 of
630 2335 193 69 public
861 2334 253 70 welfare,
1149 2335 76 69 by
1263 2335 217 53 Robert
1514 2335 92 54 W.
1644 2335 193 54 Kelso.
1914 2335 140 53 New

53 2414 1129 69 York, H. Holt and company [ ᶜ192 8 ]
53 2495 1982 98 xii, 428 p. 22 ᶜᵐ . (Half-title: American social science series. General
182 2552 170 48 editor,
379 2553 62 41 H.
469 2553 70 45 W.
570 2552 181 49 Odum)

127 2609 123 41 “For
277 2609 198 41 further
504 2609 230 49 reading”
766 2612 53 38 at
847 2610 92 40 end
968 2609 52 41 of
1050 2611 118 39 each
1199 2611 203 47 chapter
1433 2613 173 45 except
1633 2612 82 40 the
1744 2611 113 41 last.

59 2662 52 54 ©
138 2668 126 39 June
291 2668 38 46 1,
358 2667 141 48 1928;
527 2668 69 40 2c.
625 2668 116 48 July
769 2669 52 45 7;
852 2667 83 41 aff.
964 2668 116 48 July
1108 2668 52 48 5;
1190 2668 41 39 A
1260 2668 229 48 1082705;
1520 2669 170 48 Henry
1718 2670 120 39 Holt
1866 2669 36 41 &
1929 2678 68 31 co.

135 2722 283 51 (28-18369)

46 2825 216 65 Kiddy,
294 2827 264 54 Maurice
592 2828 246 64 George,
874 2831 171 51 1894-

119 2901 122 54 The
265 2902 197 54 House
487 2902 65 53 of
577 2902 171 69 faith,
772 2904 76 68 by
873 2904 256 53 Maurice
1154 2903 69 55 G.
1250 2904 221 70 Kiddy.
1545 2904 260 69 London,

48 2904 1982 129 Hutchinson
240 2982 46 50 &
314 2999 99 49 co.,
440 2981 104 53 ltd.
580 2983 171 65 [1928]

117 3064 655 48 4 p. l., 13-287 p. 19½ ᶜᵐ .
59 3115 1449 54 © 1c. Aug. 2, 1928; A ad int. 11461; pubd. June 8;
1543 3123 63 40 M.
1639 3122 53 42 G.
1724 3122 177 47 Kiddy,
125 3123 1910 94 London.
303 3177 281 49 (28-19293)

49 3269 299 65 Kithcart,
386 3271 165 63 Boyd
589 3271 64 54 L.

120 3347 173 55 Colds
335 3350 329 67 prevented,
705 3350 239 67 asthma,
984 3351 336 63 bronchitis,
1361 3352 231 52 catarrh
1633 3352 113 52 and
1787 3351 165 68 pains
1993 3351 62 53 in

49 3425 153 53 chest
242 3425 247 55 relieved
530 3426 311 70 naturally,
882 3428 177 69 easily
1099 3429 113 52 and
1253 3430 416 69 permanently,
1709 3428 231 54 written
1977 3430 77 69 by

49 3503 1980 74 B. L. Kithcart … Kansas City, Mo., Boyd’s book co. [ ᶜ192 8]
117 3587 56 40 43
201 3598 44 37 p.
304 3587 147 41 18½ᶜᵐ.

60 3639 52 52 ©
143 3643 115 47 July
286 3644 70 47 24,
387 3643 118 40 1928;
560 3644 68 41 2c.
660 3644 116 47 July
805 3644 83 47 26;
923 3643 82 43 aff.
1037 3645 116 48 July
1183 3645 83 48 25;
1301 3646 42 39 A
1372 3645 229 47 1083389;
1636 3647 54 41 B.
1721 3647 51 39 L.
1805 3647 244 49 Kithcart,

127 3700 195 40 Kansas
352 3699 124 48 City,
508 3701 93 41 Mo.
671 3700 281 51 (28-18416)

56 3793 134 63 Lee,
219 3794 258 54 Herbert
506 3794 260 54 Patrick.

126 3872 265 68 Policing
414 3872 97 53 the
536 3876 101 64 top
662 3873 66 52 of
750 3873 97 53 the
871 3873 201 69 world,
1093 3874 78 69 by
1195 3874 253 54 Herbert
1473 3875 241 53 Patrick
1737 3876 142 69 Lee;
1908 3877 140 53 with

56 3954 346 64 twenty-one
437 3950 381 55 illustrations
856 3953 113 53 and
1006 3957 112 49 two
1152 3971 181 51 maps.
1405 3953 261 70 London,
1701 3954 157 55 John
1892 3955 158 55 Lane

62 4029 170 66 [1928]
