2498 4384
1071 4086 104 56 727

130 499 52 51 ©
211 503 115 47 Apr.
354 503 69 45 14,
454 502 139 44 1928;
624 502 67 40 2c.
722 502 113 46 May
863 503 53 44 4;
948 500 82 41 aff.
1062 502 112 45 May
1203 501 53 46 3;
1289 500 41 38 A
1358 500 202 40 1074340;
1621 501 62 39 M.
1763 533 7 8 D.
1803 500 144 47 Gray,
196 500 1915 104 Rochester,

366 559 57 40 N.
451 559 52 39 Y.
532 558 94 39 and
655 558 250 39 Thornton
935 557 218 47 Jenkins,
1185 557 209 46 Malden,
1427 558 147 39 Mass.

207 615 282 49 (28-12824)

126 718 318 64 Hagboldt,
475 718 177 52 Peter
684 718 283 52 Herman.

197 794 282 68 Building
508 794 94 53 the
631 793 251 55 German
912 792 365 69 vocabulary,
1304 793 75 70 by
1410 793 170 52 Peter
1608 792 318 69 Hagboldt.
125 792 1976 149 Chicago,

311 870 1427 70 Ill., The University of Chicago press [ ᶜ19 28]
123 952 1986 107 xvii, 71 p. 17 ᶜᵐ . (Half-title: The University of Chicago junior college
253 1011 177 48 series)

126 1064 52 52 ©
206 1070 114 46 Apr.
346 1069 27 38 2,
416 1068 114 39 1928;
585 1068 67 40 2c.
680 1068 114 47 Apr.
821 1067 55 40 25;
934 1067 82 40 aff.
1044 1068 114 47 Apr.
1186 1067 59 40 28;
1302 1068 39 38 A
1369 1067 206 41 1069978;
1630 1066 284 49 University
1942 1068 51 40 of
194 1067 1919 106 Chicago,

356 1125 224 47 Chicago.
652 1123 280 49 (28-12709)

125 1220 184 61 Hays,
346 1219 233 52 Arthur
614 1216 274 63 Garfield,
927 1221 170 49 1881-

191 1297 105 52 Let
340 1295 257 54 freedom
638 1296 149 69 ring,
825 1297 74 68 by
942 1296 226 52 Arthur
1210 1294 258 56 Garfield
1509 1296 181 68 Hays.
1767 1296 138 53 New
1950 1297 180 66 York,

122 1375 149 52 Boni
307 1375 113 52 and
455 1373 321 70 Liveright,
814 1376 148 51 1928.

190 1458 104 39 xxii
323 1467 56 38 p.,
410 1459 25 37 1
500 1489 7 14 l.,
537 1458 172 39 25-341
741 1468 43 37 p.
844 1458 172 47 plates,
1048 1459 150 46 ports.
1258 1457 147 41 21½ᶜᵐ.

189 1514 118 40 This
341 1515 122 39 book
497 1515 226 38 narrates
759 1524 131 29 some
924 1513 108 40 half
1065 1514 150 39 dozen
1251 1523 135 30 cases
1420 1524 59 29 on
1516 1513 216 40 freedom
1769 1514 51 39 of
1853 1514 273 48 education,

119 1572 173 47 speech
323 1572 95 38 and
450 1571 314 47 assemblage,
799 1580 150 37 press,
982 1570 261 46 residence,
1277 1572 137 45 stage
1445 1570 95 39 and
1573 1570 210 47 opinion,
1817 1570 117 40 with
1968 1572 159 39 which

122 1628 80 39 the
239 1627 168 40 writer
442 1627 253 47 happened
733 1629 48 37 to
818 1626 57 40 be
912 1627 275 39 connected.
1249 1626 134 47 They
1419 1627 66 38 all
1524 1627 230 39 occurred
1794 1628 214 39 between
2045 1629 84 39 the

119 1694 142 37 years
317 1683 114 40 1922
488 1684 95 39 and
640 1682 115 41 1927
810 1684 95 38 and
963 1683 123 39 have
1143 1692 90 30 one
1289 1692 218 29 common
1562 1682 384 49 characteristic,
2003 1684 126 41 fear.

119 1739 61 46 cf.
206 1751 44 37 p.
273 1740 97 41 xvi.

124 1792 52 53 ©
206 1798 114 47 Apr.
346 1796 70 46 25,
446 1795 115 41 1928;
617 1796 68 40 2c.
713 1796 113 47 Apr.
854 1794 83 47 20;
969 1793 82 42 aff.
1082 1795 114 47 May
1225 1794 53 45 9;
1310 1794 40 39 A
1380 1794 229 47 1074419;
1643 1795 124 40 Boni
1797 1796 36 39 &
1861 1796 266 46 Liveright.

191 1853 92 42 inc.
353 1851 282 49 (28-12791)

123 1946 320 63 Hayward,
477 1946 293 52 Fernand.

253 2023 1876 68 … Le dernier siècle de la Rome pontificale, t. 2. Pie vu
131 2102 110 68 (La
283 2102 440 67 restauration),
763 2102 155 52 Léon
1058 2145 11 23 XII,
1109 2102 103 52 Pie
1367 2145 11 23 VIII,
1420 2100 277 71 Grégoire
1847 2146 11 23 XVI,
1899 2103 104 52 Pie
2119 2146 12 25 IX,

123 2181 325 53 1814-1870.
524 2180 187 66 Paris,
743 2181 206 67 Payot,
984 2183 149 50 1928.

191 2264 26 40 3
254 2274 43 37 p.
368 2294 9 16 l.,
418 2262 176 50 [7]-319
629 2273 43 37 p.
733 2263 171 47 plates,
942 2263 150 47 ports.
1152 2261 148 42 19½ᶜᵐ.

122 2316 52 51 ©
205 2320 110 40 Jan.
346 2319 69 48 17,
447 2319 141 46 1928;
680 2352 8 8 1c.
719 2320 123 40 Mar.
874 2319 26 40 9;
959 2319 103 39 A—
1063 2318 210 49 Foreign
1304 2319 172 48 38029;
1510 2320 170 47 Payot.

122 2413 291 63 Hinkson,
447 2415 137 52 Mrs.
620 2413 335 53 Katharine
999 2413 269 65 (Tynan)
1315 2416 163 50 1861-

193 2493 121 52 The
362 2493 348 67 respectable
760 2493 155 67 lady,
959 2492 76 69 by
1084 2491 327 54 Katharine
1460 2493 222 68 Tynan.
1758 2493 139 52 New
1949 2494 179 65 York,

121 2572 71 52 D.
223 2572 297 67 Appleton
550 2571 111 52 and
694 2589 299 50 company,
1026 2573 149 50 1928.

188 2652 26 41 3
238 2664 44 37 p.
341 2685 8 16 l.,
372 2653 101 47 307,
500 2655 55 47 [1]
580 2664 43 38 p.
677 2653 146 40 19½ᶜᵐ.

123 2707 52 52 ©
207 2713 113 46 May
348 2712 69 47 11,
444 2711 119 40 1928;
620 2711 67 41 2c.
718 2712 95 39 and
843 2711 81 41 aff.
956 2712 114 47 May
1100 2711 54 40 15;
1213 2711 43 39 A
1285 2711 204 41 1077259;
1550 2712 57 40 D.
1639 2712 239 48 Appleton
1909 2713 35 40 &
1975 2724 67 30 co.

204 2768 280 48 (28-12882)

119 2848 181 62 Hope,
327 2847 198 53 Laura
555 2848 133 52 Lee.

189 2927 121 52 The
346 2927 213 68 Blythe
592 2927 171 68 girls:
798 2927 121 51 The
954 2926 451 68 disappearance
1436 2926 64 53 of
1531 2928 205 54 Helen,
1769 2946 81 47 or,
1882 2928 122 52 The
2037 2947 27 32 art

118 3005 2003 70 shop mystery by Laura Lee Hope … illustrated by Thelma
119 3083 1496 69 Gooch. New York, Grosset & Dunlap [ ᶜ19 28]
186 3167 60 45 iv,
273 3167 87 39 210
384 3178 43 36 p.
488 3167 163 43 front.,
679 3168 172 46 plates.
911 3167 146 40 19½ᶜᵐ.
1128 3166 128 48 (Her
1280 3167 179 47 Blythe
1486 3167 118 48 girls
1630 3167 174 46 books)

123 3219 51 52 ©
202 3225 113 46 May
340 3223 67 46 10,
435 3223 115 41 1928;
603 3223 68 41 2c.
698 3225 95 39 and
819 3223 83 42 aff.
929 3225 114 46 May
1068 3224 55 38 12;
1178 3224 41 38 A
1246 3223 203 41 1077228;
1506 3224 200 40 Grosset
1733 3224 35 39 &
1795 3224 208 47 Dunlap,
2033 3224 91 41 inc.

201 3280 280 49 (28-12655)

192 3360 1871 70 Six little Bunkers at Happy Jim’s, by Laura Lee Hope …
118 3439 325 53 illustrated
467 3440 75 68 by
564 3440 224 53 Walter
813 3438 55 56 S.
894 3440 235 68 Rogers.
1204 3440 140 52 New
1367 3438 182 68 York,
1569 3438 234 54 Grosset
1824 3441 45 50 &
1889 3439 236 67 Dunlap

122 3521 191 63 [ ᶜ19 28 ]
188 3601 59 44 iv,
272 3601 87 40 248
383 3611 44 37 p.
481 3602 86 38 col.
596 3600 163 45 front.,
785 3602 172 46 plates.
1011 3599 146 41 19½ᶜᵐ.
1220 3601 129 47 (Her
1374 3601 85 40 Six
1484 3600 130 40 little
1640 3600 223 40 Bunkers
1890 3600 176 45 series)

123 3653 52 52 ©
201 3659 114 46 May
339 3656 68 49 10,
435 3657 139 41 1928:
602 3658 67 40 2c.
695 3659 96 38 and
816 3658 83 40 aff.
926 3659 114 47 May
1065 3658 54 38 12;
1175 3658 41 38 A
1243 3657 202 41 1077225;
1504 3657 199 40 Grosset
1730 3657 36 39 &
1793 3657 209 47 Dunlap,
2031 3657 91 41 inc.

201 3713 281 49 (28-12652)

121 3795 217 61 Isaacs,
370 3794 224 52 Abram
626 3794 253 63 Samuel,
915 3798 172 49 1852-

192 3872 206 55 School
437 3873 140 68 days
615 3873 59 52 in
712 3873 187 53 Home
936 3873 198 67 Town,
1170 3873 77 69 by
1283 3872 221 53 Abram
1547 3871 56 56 S.
1642 3873 209 53 Isaacs.
120 3872 1980 142 Philadelphia,

404 3952 123 53 The
561 3951 217 54 Jewish
812 3951 355 63 publication
1201 3951 214 63 society
1449 3949 65 55 of
1546 3950 286 64 America,
1871 3952 149 52 1928.

190 4032 331 49 162 p. 20 ᶜᵐ .
