2498 4384
1309 3996 135 49 1032

378 339 121 52 The
534 338 288 53 Vermont
857 338 203 71 digest,
1094 341 338 56 annotated;
1469 339 267 69 covering
1769 342 77 50 all
1879 341 278 53 decisions
2189 341 65 52 of
2282 342 97 51 the

449 415 276 69 Supreme
757 422 163 47 court
950 417 66 52 of
1045 419 282 52 Vermont
1359 419 266 66 reported
1659 423 62 48 to
1752 419 319 52 November
2107 423 82 64 10,
2224 419 153 69 1927,

446 494 60 52 in
533 495 252 52 volumes
812 499 66 48 84
902 500 58 47 to
990 498 98 49 100
1115 497 280 52 Vermont
1421 502 223 62 reports
1672 497 112 51 and
1809 496 267 53 Atlantic
2102 503 274 62 reporter,

446 573 251 52 volumes
726 572 68 54 77
822 578 58 47 to
914 575 114 50 139.
1094 573 311 52 American
1433 574 189 67 digest
1649 573 399 53 classification
445 575 1907 128 key-number

576 656 228 63 system,
836 652 283 66 compiled
1152 652 114 51 and
1300 650 303 68 published
1637 652 184 52 under
1853 652 297 68 authority
2184 653 65 52 of
2281 654 97 52 the

446 728 1931 71 state of Vermont, v. 4 … St. Paul, West publishing co.,
447 810 151 50 1928.

443 890 65 48 xi,
540 889 88 41 859
655 901 44 37 p,
758 888 118 43 26½ᶜᵐ.

378 957 53 53 ©
457 963 130 39 June
609 961 40 49 5,
675 960 118 41 1928;
843 961 69 40 2c.
938 962 95 39 and
1060 960 83 41 aff.
1170 961 116 47 July
1311 961 83 46 14;
1422 960 41 40 A
1488 960 230 48 1082542;
1748 962 138 40 West
1910 961 110 48 pub.
2047 971 69 31 co.

370 1056 279 64 Wagner,
680 1056 174 63 Mary
885 1055 217 55 Swain.

443 1134 254 53 Auction
736 1134 202 69 bridge
978 1134 201 69 rhyme
1217 1134 115 53 and
1373 1152 228 49 reason;
1646 1151 73 36 an
1759 1134 97 53 aid
1895 1139 59 49 to
1993 1153 272 50 memory,
2301 1136 76 68 by

372 1213 172 69 Mary
582 1211 196 57 Swain
809 1212 272 69 Wagner.
1152 1212 140 53 Rev.
1330 1212 85 53 ed.
1486 1212 453 70 Poughkeepsie,
1973 1213 71 53 N.
2082 1214 92 67 Y.,
2208 1214 170 68 Mary

374 1290 563 71 S. Wagner [ ᶜ1 928]
438 1373 60 42 32
536 1384 45 39 p.
670 1373 118 42 18½ᶜᵐ.

443 1445 169 42 ‘'Fifth
644 1445 232 50 printing.”

445 1502 135 42 First
605 1502 256 49 published
890 1502 154 41 under
1072 1502 137 41 title:
1238 1502 208 41 Auction
1473 1502 182 49 bridge,
1682 1502 233 49 abridged
1941 1501 80 42 for
2046 1503 123 48 busy
2195 1504 182 47 people.

377 1556 53 53 ©
457 1562 115 46 May
596 1561 70 47 23,
693 1560 118 40 1928;
863 1561 68 40 2c.
957 1561 117 47 July
1100 1562 82 45 11;
1212 1560 83 40 aff.
1323 1561 115 47 May
1463 1560 83 48 25;
1577 1561 41 38 A
1643 1560 230 47 1082468;
1904 1561 63 40 M.
1999 1560 45 41 S.
2072 1560 224 47 Wagner.

456 1617 280 49 (28-17263)

369 1710 275 64 Wallace,
678 1710 249 55 Archer.

367 1787 1985 221 Blazing new trails, by Archer Wallace … with an introduction by Rev. George A. Little … Garden City, N. Y., Doubleday, Doran & company, inc., 1928.
437 2029 65 47 ix,
538 2027 87 41 149
659 2040 45 37 p.
763 2027 148 42 19½ᶜᵐ.

439 2085 141 48 Maps
614 2095 61 30 on
708 2083 366 49 lining-papers.

441 2142 69 40 “A
545 2142 124 40 book
704 2140 110 41 that
850 2141 111 40 tells
997 2140 52 40 of
1083 2139 171 41 fifteen
1293 2138 333 42 missionaries
1663 2141 54 39 at
1751 2140 135 41 work
1921 2139 52 40 in
2007 2150 57 31 as
2100 2151 146 38 many
366 2141 1992 97 different
563 2196 546 50 places.”—Foreword.

439 2254 125 41 “For
594 2254 199 40 further
824 2252 259 49 reading”:
1116 2263 44 37 p.
1191 2251 220 41 148-149.

376 2306 53 53 ©
459 2312 129 39 June
615 2309 69 48 15,
713 2310 140 46 1928;
885 2309 68 40 2c.
982 2310 96 38 and
1107 2307 83 42 aff.
1220 2309 117 46 July
1365 2308 82 46 13;
1479 2308 41 39 A
1549 2307 230 47 1082496;
1811 2309 301 48 Doubleday,
2143 2310 166 39 Doran
2340 2310 37 40 &

445 2379 82 36 co.,
560 2367 91 42 inc.
722 2364 280 52 (28-17428)

368 2461 395 63 Washburne,
800 2460 277 55 Carleton
1112 2460 256 64 Wolsey,
1407 2463 170 49 1889-

447 2541 199 53 Better
676 2540 247 66 schools;
960 2559 32 33 a
1024 2557 209 51 survey
1263 2537 64 55 of
1358 2538 360 69 progressive
1748 2539 302 53 education
2082 2539 62 53 in
375 2539 1978 133 American

526 2619 193 69 public
743 2618 237 67 schools,
995 2617 76 69 by
1096 2616 273 56 Carleton
1390 2616 379 68 Washburne,
1786 2617 212 69 Myron
2022 2618 81 52 M.
2124 2616 250 57 Stearns.

375 2697 140 55 New
543 2696 181 68 York,
750 2697 121 53 The
899 2695 158 55 John
1082 2695 132 69 Day
1242 2713 281 52 company
1577 2698 152 65 [1928]

444 2777 863 51 xvi, 342 p., 1 l. fold. pl. 20ᶜᵐ.
376 2833 53 53 ©
463 2839 127 39 June
623 2838 69 46 14,
726 2836 115 40 1928;
902 2836 69 40 2c.
1004 2836 116 47 July
1154 2835 53 47 6;
1244 2834 83 42 aff.
1361 2836 116 47 July
1512 2837 51 45 7;
1600 2835 41 40 A
1673 2835 230 48 1083164;
1943 2835 229 41 Carleton
443 2837 1915 105 Washburne,

638 2893 278 47 Winnetka,
946 2893 76 40 Ill.
1093 2891 281 50 (28-17071)

369 2987 200 64 Wells,
603 2987 273 64 Carolyn.

438 3064 345 68 Deep-Lake
807 3069 270 64 mystery,
1099 3064 78 58 by
1202 3064 253 69 Carolyn
1479 3065 196 54 Wells.
1751 3064 229 55 Garden
2010 3064 154 70 City,
2188 3066 70 53 N.
2284 3064 92 54 Y..

367 3143 146 53 Pub.
550 3142 94 53 for
679 3143 123 53 The
838 3142 191 55 Crime
1065 3141 145 68 club,
1247 3141 127 54 inc..
1407 3142 77 69 by
1520 3142 358 70 Doubleday,
1913 3144 199 52 Doran
2147 3145 47 51 &
368 3161 1978 129 company,
570 3221 126 66 inc.,
731 3222 152 51 1928.

437 3303 571 49 5 p. l., 275 p. 19½ᶜᵐ.
377 3356 53 53 ©
462 3362 128 39 June
618 3362 40 46 1,
689 3360 119 40 1928;
862 3360 69 40 2c.
964 3360 95 39 and
1090 3358 83 42 aff.
1205 3359 117 47 July
1353 3359 83 47 13;
1469 3360 42 38 A
1541 3359 204 41 1082492;
1807 3361 299 48 Doubleday,
2140 3362 165 39 Doran
2338 3362 37 40 &

445 3429 82 36 co.,
557 3418 92 40 inc.
719 3415 280 50 (28-17100)

371 3511 352 55 Wisconsin.
797 3512 278 66 Supreme
1113 3517 176 46 court.

373 3588 1978 132 Wisconsin reports. [v.] 194. Cases determined … October
496 3665 543 70 11,1927-January
1065 3670 258 64 10,1928.
1384 3666 311 54 Frederick
1717 3667 90 54 W.
1833 3668 244 68 Arthur,
2100 3674 273 62 reporter.

375 3745 272 61 Chicago,
682 3744 322 62 Callaghan
1040 3745 113 52 and
1188 3762 299 44 company,
1525 3748 149 50 1928.

444 3827 166 47 xxxiv,
645 3825 83 41 721
762 3837 43 37 p.
864 3826 117 41 23ᶜᵐ.

379 3880 53 53 ©
458 3885 128 39 June
609 3884 69 47 23,
705 3883 141 46 1928;
874 3883 68 41 2c.
967 3883 130 40 June
1118 3883 83 46 27;
1229 3882 83 40 aff.
1340 3883 116 47 July
1481 3883 83 48 16;
1592 3884 41 38 A
1659 3883 228 48 1082513;
1919 3884 139 41 State
2084 3883 52 42 of
448 3883 1908 106 Wisconsin,
566 3940 238 49 Madison,
832 3939 118 41 Wis.
