2498 4384
1044 4085 138 52 2089

102 413 154 52 Ama
287 412 106 64 Tu,
428 412 195 68 pseud.

170 492 406 56 Construction
628 492 58 52 in
737 491 186 53 action
990 489 323 69 (masonry)
1375 494 133 63 part
1557 489 64 54 of
1671 487 439 69 “Embracing”.

95 567 1992 150 2d ed. (enl.) By Ama Tu. Sacramento, Calif., Philosophical society [ ᶜ192 8]
166 733 341 48 251 p. 23 ᶜᵐ .
102 800 52 53 ©
189 805 113 41 Dec.
335 805 69 46 15,
440 804 143 46 1928;
617 804 69 41 2c.
720 804 113 40 Dec.
869 803 52 47 8;
957 802 83 43 aff.
1075 803 114 40 Dec.
1223 802 57 39 26
1298 813 9 35 ;
1344 802 40 39 A
1417 801 143 47 2421;
1599 801 233 41 Clarence
1866 801 243 46 Fitzhugh

170 862 291 47 Dickenson,
496 861 197 48 Fresno,
730 861 146 41 Calif.
948 859 224 49 (29-557)

98 974 317 52 American
452 971 355 59 optometric
840 971 379 54 association.

167 1052 269 53 Lectures
466 1051 287 53 delivered
782 1055 59 48 at
868 1051 97 52 the
993 1048 339 69 thirty-first
1362 1048 362 54 educational
1755 1067 263 46 congress
2049 1047 66 55 of

97 1131 96 52 the
233 1130 308 53 American
583 1129 340 68 optometric
965 1128 341 54 association
1347 1129 134 52 held
1524 1134 58 47 at
1626 1127 202 55 Grand
1870 1128 244 68 Rapids,

97 1205 1953 70 Michigan, July 23, 24, 25, 1928. Ed. by H. Riley Spitler …
99 1288 208 66 Eaton,
342 1286 87 57 O.,
462 1287 200 53 Issued
695 1286 77 66 by
804 1286 97 53 the
934 1286 382 68 Department
1352 1285 65 53 of
1451 1285 320 67 education,
1805 1285 308 53 American

98 1366 340 68 optometric
475 1365 340 54 association
858 1399 12 33 [ᶜ1
932 1368 101 51 928
1039 1398 12 33 ]

166 1449 348 49 134 p. 23 ᶜᵐ .
102 1516 52 53 ©
193 1521 116 48 July
343 1520 71 44 23,
452 1520 115 41 1928
584 1530 10 37 ;
633 1520 68 41 2c.
739 1520 96 40 and
872 1519 83 41 aff.
993 1519 122 48 Aug.
1152 1520 84 46 23;
1277 1519 40 40 A
1353 1519 232 46 1083932;
1626 1519 158 41 Amer.
1825 1519 290 48 optometric

170 1589 143 37 assn.,
344 1577 273 48 Faribault,
648 1576 151 41 Minn.

99 1686 275 63 Annand,
408 1685 191 64 Percy
632 1685 187 56 Nicol.

230 1763 1886 72 … A contribution toward a monograph of the Adelginae
108 1843 1943 71 (Phylloxceridae) of North America, by P. N. Annand …
100 1922 281 56 Stanford
423 1923 357 68 University,
822 1923 196 57 Calif.,
1061 1922 284 57 Stanford
1385 1922 323 70 university
1746 1942 175 50 press.
1962 1926 153 51 1928.

169 2005 88 40 146
311 2016 43 37 p.
430 2004 143 49 illus.,
633 2004 180 48 diagrs.
889 2004 147 41 25½ᶜᵐ.
1122 2004 264 48 (Stanford
1443 2004 274 49 university
1774 2004 343 49 publications.

101 2062 285 48 University
416 2063 165 40 series.
642 2062 268 48 Biological
942 2062 226 49 sciences,
1197 2064 95 40 vol.
1375 2096 8 15 VI,
1416 2075 76 30 no.
1522 2062 52 48 1)

170 2134 381 49 Bibliography:
579 2146 45 37 p.
651 2134 219 41 135-142.

103 2202 52 53 ©
185 2207 113 41 Dec.
326 2206 70 48 20,
426 2206 143 47 1928;
599 2207 68 40 2c.
696 2207 96 40 and
822 2206 82 41 aff.
933 2206 114 41 Dec.
1076 2206 82 48 26;
1191 2206 40 40 A
1260 2207 142 42 3323:
1434 2208 165 40 Board
1629 2208 52 40 of
1710 2210 213 39 trustees
1952 2208 52 40 of
2033 2208 84 41 the

170 2264 186 41 Leland
391 2263 237 42 Stanford
661 2264 165 48 junior
860 2264 287 48 university,
1186 2263 237 42 Stanford
1458 2264 300 50 University,
1795 2265 146 42 Calif.

183 2319 222 50 (29-571)

102 2416 242 61 Arnold,
378 2417 193 54 Sarah
602 2417 235 60 Louise,
873 2422 172 50 1859-

173 2495 123 53 The
319 2501 253 63 mastery
597 2494 66 55 of
688 2496 206 59 words,
918 2495 148 54 book
1094 2502 299 60 one[-two]
1472 2496 56 53 A
1556 2515 195 35 course
1777 2497 61 53 in
1866 2497 251 69 spelling

104 2572 2013 70 arranged for grades one to … [eight] A series of lessons based
103 2669 157 50 upon
284 2651 97 54 the
406 2652 279 68 ordinary
712 2654 264 52 essential
1003 2653 367 70 vocabulary,
1397 2659 59 49 to
1485 2673 191 36 secure
1704 2655 95 53 for
1825 2655 97 55 the
1948 2656 168 69 pupil

104 2735 235 62 prompt
365 2730 359 67 recognition
751 2730 65 54 of
839 2732 206 53 words,
1074 2737 264 49 accurate
1363 2733 268 65 spelling,
1658 2735 112 53 and
1799 2735 97 53 the
1923 2754 195 50 power

98 2808 1958 73 to help himself in the study of words, by Sarah Louise Arnold …
107 2883 1869 77 Syracuse, N. Y., Iroquois publishing company, inc. [ ᶜ192 8]
174 2967 469 43 2 V. illus. 19 ᶜᵐ .
107 3036 2011 60 © Nov. l. 1928; 2c. each and affs. Nov. 5; A 2333, 2335: Iroquois pub.
175 3109 82 37 co.,
284 3097 92 42 inc.
443 3097 222 50 (29-471)

103 3192 177 64 Baar,
319 3192 202 55 Jacob.

177 3270 367 69 Psychology
581 3269 124 70 (for
730 3271 263 70 reviews)
1030 3273 76 69 by
1130 3273 56 55 J.
1215 3275 176 67 Baar,
1415 3293 67 35 m.
1511 3294 52 34 a.
1583 3295 11 48 ;
1622 3276 393 56 introduction
2042 3279 78 69 by

107 3345 1875 79 C. J. Warden … New York, Globe book company [ ᶜ192 8]
178 3428 677 50 vii p., 1 l., 126 p. 19½ ᶜᵐ .
178 3499 380 49 Bibliography:
589 3511 44 38 p.
664 3500 220 42 119-120.

108 3566 52 53 ©
187 3571 112 41 Dec.
324 3572 72 48 24,
422 3571 143 49 1928;
593 3573 68 40 2c.
688 3574 97 39 and
812 3573 83 42 aff.
923 3574 112 41 Dec.
1062 3575 84 47 27;
1175 3575 41 39 A
1243 3575 143 48 3340;
1419 3577 149 42 Globe
1595 3580 125 40 book
1747 3592 67 30 co.

185 3627 222 51 (29-589)
1883 3636 150 44 13988

106 3722 206 64 Bague
343 3740 41 47 y
414 3723 295 66 Ramirez,
743 3725 212 54 Jaime.

176 3801 138 56 Cria
349 3804 69 52 de
451 3803 274 54 animales
760 3806 354 62 domesticos,
1146 3812 157 48 texto
1338 3826 107 48 por
1477 3811 51 52 el
1559 3810 105 54 Dr.
1697 3811 192 57 Jaime
1922 3816 201 67 Bague

106 3879 1992 155 … ejercicios pedagogicos por Oscar Porrata Doria … Boston, New York c etc.] D. C. Heath and company Γ °1928 Ί
