2498 4384
1020 4133 134 51 1829

111 526 1978 151 [and others] Edited by Kary C. Davis … Philadelphia, Chicago [etc. ] J. B. Lippincott company [ ᶜ19 28]
180 685 1933 51 ix, 550 p. illus., diagrs. 21½ ᶜᵐ. [Farm enterprise series, ed. by
111 747 58 39 K.
195 746 50 40 C.
270 744 170 50 Davis]

179 803 91 40 Job
301 801 219 48 analysis
552 801 194 48 applied
778 804 48 37 to
859 801 81 40 the
973 800 227 49 teaching
1233 800 51 40 of
1316 800 278 41 vocational
1627 800 316 48 agriculture.

179 859 296 40 “Reference
503 857 178 41 books”:
740 868 44 38 p.
813 856 98 41 521.

111 913 1809 52 © Sept. 21, 1928; 2c. and aff. Nov. 8; A 532; J. B. Lippincott co.
187 972 281 50 (28-28511)

103 1068 84 52 De
221 1067 85 52 La
337 1067 185 63 Mare,
555 1066 226 54 Walter
813 1065 175 65 John,
1023 1067 173 53 1873-
1414 1083 180 52 comp.

173 1143 172 55 Come
391 1143 222 68 hither;
664 1162 32 33 a
743 1143 297 52 collection
1088 1143 65 52 of
1199 1143 229 68 rhymes
1475 1143 114 52 and
1636 1160 194 51 poems
1877 1142 94 53 for
2016 1143 98 53 the

99 1240 194 51 young
330 1221 66 53 of
433 1222 79 52 all
548 1238 150 52 ages,
734 1221 165 52 made
937 1221 75 68 by
1049 1221 224 54 Walter
1310 1221 87 52 De
1434 1221 85 52 La
1556 1221 164 52 Mare

1756 1221 115 52 and
100 1220 1989 134 embellished
314 1300 74 68 by
419 1300 140 52 Alec
591 1298 263 53 Buckels.
929 1298 139 53 New
1104 1298 181 69 York,
1316 1299 71 52 A.
1420 1299 71 52 A.
1525 1298 210 69 Knopf
1918 1302 48 63 [ᶜ1928]

167 1382 776 50 xxxix, 823, [1] p. illus. 24 ᶜᵐ.
170 1441 145 39 “New
345 1441 97 39 and
475 1439 189 40 revised
695 1438 199 47 edition,
925 1438 284 47 November,
1242 1438 158 40 1928.”

107 1494 2004 52 © Nov. 9, 1928; 2c. Nov. 12; aff. Nov. 10; A 562; Walter De La Mare,
172 1555 213 47 Taplow,
419 1554 175 47 Bucks,
627 1553 237 48 England.
934 1550 283 51 (28-28550)

95 1634 215 64 Dollar,
342 1633 243 65 Robert,
620 1638 172 50 1844-

172 1712 274 53 Memoirs
485 1711 65 53 of
589 1711 216 53 Robert
844 1712 222 51 Dollar.
1144 1711 74 52 2d
1261 1711 104 67 ed.,
1408 1711 331 69 combining
1780 1712 254 53 volumes
2079 1715 29 49 3

104 1792 113 51 and
266 1793 49 64 4,
364 1789 266 68 October,
682 1791 150 50 1928.
922 1788 118 55 San
1091 1788 327 68 Francisco,
1468 1788 159 53 Priv.
1680 1790 133 67 pub.
1869 1788 93 55 for
2012 1791 97 53 the

102 1868 207 52 author
333 1868 76 68 by
436 1886 159 49 press
620 1866 65 53 of
710 1865 568 70 Knight-Counihan
1305 1884 79 35 co.
1565 1870 48 64 [ᶜ1928]

172 1948 1076 50 6 p. l., 251 p. front., plates, ports. 24½ ᶜᵐ.
103 2003 2008 54 © Oct. 1, 1928; 2c. and aff. Nov. 17; A 1718; Robert Dollar co., San
169 2064 276 41 Francisco.
515 2063 282 49 (28-28097)

93 2145 281 64 Dubrule,
412 2144 227 64 Noëlia,
679 2146 84 53 ed.

171 2222 440 74 [Introduction,
659 2231 176 62 notes,
885 2223 272 54 exercises
1205 2225 115 52 and
1369 2224 364 71 vocabulary,
1779 2226 77 69 by
1904 2225 205 54 Noëlia

94 2304 276 66 Dubrule]
402 2304 59 51 in
487 2304 94 52 the
606 2303 148 54 book
779 2304 239 52 entitled
1043 2303 85 52 La
1154 2304 220 67 poudre
1401 2322 111 33 aux
1535 2322 167 51 yeux,
1726 2322 107 50 par
1857 2304 252 53 Labiche

97 2389 53 47 et
192 2382 223 54 Martin
460 2384 114 52 and
618 2383 83 53 La
749 2382 182 70 cigale
975 2383 132 52 chez
1152 2382 82 54 les
1281 2380 263 72 fourmis,
1588 2402 107 50 par
1742 2383 268 70 Legouvé
2055 2390 54 49 et

95 2461 2016 72 Labiche … Boston, New York [etc.] Ginn and company
91 2544 191 64 [ ᶜ19 28]
166 2623 65 48 ix,
261 2623 86 40 176
376 2633 43 37 p.
476 2622 130 40 illus.
664 2623 57 39 17½ᶜᵐ.

101 2675 51 53 ©
181 2680 101 40 Oct.
309 2679 70 47 30,
406 2679 142 46 1928;
577 2679 68 39 2c.
672 2679 119 39 Nov.
819 2679 52 46 S;
901 2678 83 41 aff.
1012 2679 118 40 Nov.
1158 2680 26 39 7;
1241 2680 42 38 A
1307 2679 115 47 490;
1451 2680 56 40 N.
1537 2680 233 49 Dubrule,
1801 2681 305 49 Cambridge,

167 2738 148 39 Mass.

90 2818 266 64 Duffield,
396 2818 192 55 Anne.

159 2897 391 54 Predestined.
633 2897 365 67 [Instalment
1028 2900 47 64 6]

174 2980 82 47 (In
287 2976 159 42 Home
478 2975 277 52 magazine,
787 2975 142 52 Nov.,
963 2976 145 51 1928)

100 3032 2004 54 © 1c. Dec. 13, 1928; A ad int. 12061; pubd. Oct. 17; A. Duffield, London.
95 3117 218 64 Dupré,
343 3117 206 54 Henri.

223 3196 1883 70 … Purcell; translated from the French by Catherine Alison
94 3274 252 69 Phillips
376 3276 115 52 and
522 3274 195 70 Agnes
748 3275 280 53 Bedford.
1104 3275 141 52 New
1275 3275 182 70 York,
1486 3276 72 53 A.
1590 3275 73 54 A.
1693 3275 229 70 Knopf,
1954 3280 153 51 1928.

166 3355 1929 53 XV, 208, xv, [1] p. front. (port.) illus. (music) facsims. (incl. music)
96 3411 57 41 20 ᶜᵐ.
169 3468 133 41 “List
330 3468 52 40 of
412 3469 242 40 dramatic
682 3469 161 40 works
872 3469 81 40 for
980 3469 160 41 which
1171 3470 194 40 Purcell
1395 3472 256 46 composed
1681 3472 82 40 the
1794 3472 155 40 music
1980 3473 123 41 with

98 3525 338 47 approximate
465 3527 139 39 dates
633 3525 52 41 of
714 3525 349 48 composition”:
1123 3537 44 38 p.
1197 3526 220 41 201-204.

168 3582 279 48 “Religious
475 3581 183 41 music”:
718 3593 43 37 p.
792 3582 218 41 204-206.

167 3638 351 48 Bibliography:
574 3649 44 38 p.
644 3638 219 42 206-208.

99 3691 51 52 ©
178 3696 116 42 Nov.
323 3696 39 46 9,
391 3696 119 41 1928;
564 3697 68 40 2c.
660 3697 118 40 Nov.
807 3697 55 38 12;
920 3696 82 42 aff.
1031 3698 119 39 Nov.
1179 3697 60 41 10;
1294 3698 43 39 A
1364 3698 87 40 559;
1509 3699 173 41 Alfred
1711 3700 55 40 A.
1797 3700 180 48 Knopf,
2009 3700 93 41 inc.

175 3752 282 50 (28-28521)

92 3833 303 66 Edwards,
434 3835 256 54 William
728 3837 270 65 Hayden,
1041 3842 171 50 1890-

162 3913 274 71 Heading
461 3915 94 53 for
580 3934 120 34 war;
757 3916 156 54 what
936 3935 111 52 you
1074 3918 182 69 ought
1280 3923 59 48 to
1364 3917 169 53 know
1559 3919 51 51 &
1638 3917 143 70 fear,
1804 3918 78 71 by
1903 3918 91 55 W.
2021 3917 79 55 H.

94 3991 296 57 Edwards.
467 3995 139 53 New
631 3995 188 70 York,
848 3996 231 69 Payson
1108 3998 46 50 &
1184 3996 210 55 Clarke
1424 3998 124 69 ltd.,
1581 4000 149 51 1928.

163 4073 85 40 162
277 4085 44 38 p.
381 4075 57 40 19½ᶜᵐ.
