2498 4384
1255 4052 103 50 496

294 414 256 62 Walker,
583 414 203 53 James
817 412 223 54 Wilson
1075 412 253 63 Grimes,
1364 415 171 50 1868-

371 493 265 52 Trustees
675 491 64 53 of
774 491 238 69 liberty;
1054 510 73 34 an
1164 492 207 67 appeal
1411 489 95 54 for
1542 490 97 53 the
1676 489 393 69 preservation
2109 490 64 54 of
2210 491 96 53 the

302 569 393 55 Constitution
740 569 64 53 of
847 570 97 52 the
987 569 220 54 United
1257 568 189 55 States
1495 587 59 35 as
1599 568 229 54 handed
1873 568 167 53 down
2088 568 75 69 by
2210 569 96 53 the

302 647 239 67 fathers,
583 648 76 68 by
701 648 194 53 James
939 648 89 53 W.
1075 646 69 55 G.
1189 646 255 67 Walker,
1490 647 142 52 with
1677 664 75 35 an
1794 646 394 53 introduction
2231 647 75 69 by

299 724 1704 68 Kenneth C. M. Sills … New York, W. Neale, 1928.
370 808 82 48 vii,
479 808 116 41 9-19
619 820 43 37 p.
722 808 146 41 19½ᶜᵐ.

303 864 51 51 ©
393 868 123 39 Mar.
554 867 69 46 31,
662 866 141 47 1928;
844 865 68 40 2c.
950 866 95 39 and
1084 864 83 42 aff.
1204 864 116 49 Apr.
1358 866 53 46 2;
1452 866 40 38 A
1531 865 229 47 1068706;
1801 865 44 41 J.
1885 866 71 41 W.
1996 865 54 41 G.
2091 867 210 48 Walker,

370 924 178 40 Centre
579 923 225 48 Conway,
837 924 56 40 N.
927 924 60 39 H.
1058 922 253 48 (28-9542)

299 989 225 63 Walsh,
555 989 279 53 Maurice.

368 1068 193 54 While
590 1068 179 53 rivers
797 1086 123 34 run.
985 1067 164 68 chap.
1180 1070 187 49 12-15.
1459 1072 27 47 [5
1517 1067 378 67 instalments]

400 1152 61 38 (In
491 1147 316 44 Chambers’s
836 1146 226 52 journal)

302 1205 1516 51 © 1c. each Apr. 27, 1928; A ad int. 10977; pubd. Mar.
1847 1208 40 47 3,
1918 1207 69 48 10,
2018 1209 70 46 17,
2118 1209 69 40 24,
2218 1209 82 40 31:

370 1265 265 40 Frederick
662 1265 55 40 A.
750 1264 172 41 Stokes
951 1275 82 37 co.,
1064 1264 119 39 New
1212 1264 146 40 York.

291 1332 186 62 West,
508 1330 297 64 Geoffrey.

367 1410 192 52 Annie
595 1410 231 59 Besant,
863 1410 74 67 by
974 1408 270 69 Geoffrey
1278 1410 176 53 West.
1530 1409 139 53 New
1707 1409 180 68 York,
1924 1410 121 52 The
2084 1410 222 69 Viking

297 1506 176 49 press,
503 1491 149 49 1928.

367 1568 1874 51 174 p. front. (port.) 19½ᶜᵐ. (Half-title: Representative women)
369 1628 276 48 “Principal
673 1628 161 39 works
862 1626 280 42 consulted”
1163 1638 8 29 :
1200 1638 44 37 p.
1272 1627 218 41 173-174.

302 1683 51 51 ©
387 1688 124 39 Mar.
546 1686 68 47 19,
648 1686 141 46 1928;
824 1686 68 40 2c.
927 1686 122 40 Mar.
1083 1686 82 45 28;
1202 1684 85 41 aff.
1323 1686 122 39 Mar.
1479 1686 83 46 26;
1598 1685 41 40 A
1673 1685 230 48 1068613;
1942 1686 178 49 Viking
2155 1697 149 38 press,

369 1743 92 42 inc.
532 1742 252 49 (28-9559)

299 1810 308 62 Weyman,
636 1808 246 64 Stanley
910 1808 175 53 John.

370 1889 120 52 The
523 1888 203 68 Lively
759 1889 216 68 Peggy,
1051 1888 163 67 chap.
1249 1890 189 50 22-24.

403 1972 62 38 (In
492 1965 222 45 Cornhill
745 1967 276 52 magazine,
1052 1966 138 53 Apr.,
1221 1967 146 50 1928)

302 2024 1376 51 © 1c. Apr. 21, 1928: A ad int. 10939; pubd. Mar.
1709 2029 56 39 26
1783 2038 8 36 ;
1825 2028 289 48 Longmans,
2147 2029 159 40 Green

369 2086 97 38 and
498 2095 81 36 co.,
610 2085 119 39 New
759 2084 144 41 York.

291 2150 374 63 Whitehead,
702 2150 229 54 Wilbur
966 2150 296 63 Cherrier,
1303 2154 171 49 1866-

366 2227 1878 70 New picture method bridge, by Wilbur C. Whitehead …
297 2305 2009 70 edited by Geoffrey Mott-Smith and G. C. B. Rowe … New
297 2384 182 68 York,
521 2383 440 70 Experimenter
1001 2383 340 72 publishing
1380 2404 298 51 company,
1717 2386 127 68 inc.,
1975 2390 83 50 ᶜ1928.

365 2468 504 49 96 p. illus. 30 ᶜᵐ .
364 2525 317 48 Advertising
711 2526 207 39 matter:
953 2536 43 37 p.
1028 2524 159 41 94-96.

302 2578 51 51 ©
389 2582 112 40 Feb.
534 2582 70 46 25,
639 2581 141 45 1928;
816 2581 67 41 2c.
918 2581 96 39 and
1048 2579 82 42 aff.
1167 2581 122 40 Mar.
1324 2581 82 46 12;
1443 2581 41 39 A
1518 2581 229 48 1068566;
1788 2583 373 48 Experimenter
2194 2586 110 47 pub.

369 2649 83 37 co.,
487 2638 91 40 inc.
652 2637 251 49 (28-9515)

293 2704 208 63 Wiley,
534 2704 174 62 John,
747 2707 171 49 1899-

368 2783 188 63 Queer
599 2787 199 61 street;
846 2783 97 52 the
986 2787 157 64 story
1187 2782 65 53 of
1297 2801 150 35 some
1491 2784 194 53 native
1729 2785 139 53 New
1914 2786 272 68 Yorkers,
2228 2787 76 70 by

298 2860 1663 70 John Wiley … New York, C. Scribner’s sons, 1928.
367 2944 549 49 3 p. l.. 283 p. 19½ ᶜᵐ .
302 2996 52 54 ©
384 3003 122 39 Mar.
534 3001 69 47 30,
632 3002 141 42 1928;
804 3002 68 39 2c.
900 3002 114 47 Apr.
1043 3003 53 44 7;
1128 3001 82 41 aff.
1239 3001 115 49 Apr.
1384 2992 55 52 5;
1468 3003 41 38 A
1537 3002 230 48 1069635;
1801 3005 203 40 Charles
2036 3005 267 42 Scribner’s

370 3069 127 30 sons.
568 3057 251 49 (28-9655)

294 3124 241 62 Wilson,
571 3124 223 53 Robert
830 3124 264 63 McNair,
1135 3128 172 49 1882-

366 3202 1940 72 Napoleon the man, by R. McNair Wilson … New York,
296 3279 1042 70 London, The Century co. [ ᶜ19 28]
366 3363 1648 49 xviii p., 2 l., 3-621 p. front., plates, ports. 22 ᶜᵐ . $5.00
303 3416 51 51 ©
386 3421 124 39 Mar.
539 3420 70 40 23,
642 3419 140 47 1928;
814 3419 69 40 2c.
914 3420 96 39 and
1042 3419 81 41 aff.
1155 3420 124 40 Mar.
1310 3419 83 47 26;
1425 3421 40 38 A
1497 3420 229 49 1068575;
1762 3422 215 49 Century
2009 3435 69 29 co.

381 3475 252 48 (28-8760)

295 3541 177 61 Wolf,
506 3541 202 63 Harry
739 3542 71 51 D.

371 3620 121 52 The
531 3619 277 53 Railroad
849 3620 160 52 labor
1046 3621 198 63 board,
1282 3621 75 69 by
1393 3621 78 52 H.
1511 3623 72 52 D.
1621 3622 179 54 Wolf.
1878 3623 271 73 Chicago,
2190 3627 113 53 Ill.,

301 3698 121 52 The
455 3697 339 69 University
828 3697 64 53 of
927 3697 252 70 Chicago
1215 3717 158 49 press
1455 3699 151 67 ᶜ1927]

405 3778 1779 55 x. 473 p. 21 ᶜᵐ . (Half-title: Materials for the study of business)
371 3837 248 40 “Selected
650 3837 395 48 bibliography”:
1076 3849 43 37 p.
1149 3837 219 42 467-470.

305 3891 51 51 ©
392 3895 116 46 July
541 3894 70 47 26,
647 3894 140 43 1927;
823 3895 67 41 2c.
926 3896 95 39 and
1056 3895 82 41 aff.
1174 3897 124 40 Mar.
1333 3898 39 45 7,
1408 3897 141 43 1928;
1587 3897 41 40 A
1662 3898 229 49 1068161;
1932 3900 284 47 University
2251 3901 52 41 of

373 3950 224 51 Chicago,
634 3951 223 49 Chicago.
928 3953 252 49 (28-7421)
