2498 4384
1058 4100 103 54 407

90 440 232 62 Friend,
351 440 186 53 Oscar
563 438 53 54 J.

158 518 226 68 Bloody
423 517 243 69 ground,
704 517 76 69 by
819 516 179 55 Oscar
1036 516 57 53 J.
1134 513 235 54 Friend.
1446 512 273 70 Chicago,
1757 512 73 54 A.
1872 512 61 55 C.
89 512 1982 153 McClurg

300 597 46 51 &
376 614 100 49 co.,
508 598 150 50 1928.

158 676 485 49 5 p. l., 343 p. 19½ ᶜᵐ.
90 731 52 51 ©
176 736 123 39 Mar.
331 735 69 47 24,
436 734 141 46 1928;
611 735 68 40 2c.
713 735 96 39 and
843 733 82 40 aff.
960 733 122 40 Mar.
1116 731 82 47 26;
1236 731 40 39 A
1310 731 230 47 1068513;
1579 730 53 41 O.
1667 730 43 41 J.
1746 729 194 47 Friend,
1976 730 119 40 Fort

160 791 171 49 Smith,
364 792 117 41 Ark.
555 791 251 50 (28-8512)

85 886 135 61 Gee,
253 886 156 53 John
443 886 249 53 Archer.

156 963 122 52 The
312 962 108 53 life
454 964 113 52 and
602 962 185 54 works
822 961 65 54 of
921 962 250 52 Thomas
1204 962 237 67 Lupset,
1476 960 141 52 with
1653 980 31 33 a
1720 959 220 53 critical
1975 964 123 47 text

86 1036 1949 74 of the original treatises and the letters, by John Archer Gee …
86 1119 139 52 New
257 1118 226 68 Haven,
518 1118 147 53 Yale
694 1116 321 70 university
1049 1135 187 49 press;
1272 1116 261 67 London,
1566 1116 78 52 H.
1677 1114 268 68 Milford,

88 1114 1985 136 Oxford
256 1195 321 70 university
611 1212 175 51 press,
822 1197 149 50 1928.

155 1277 1106 52 xvi p., 1 l., 357 p. front. (facsim.) 24 ᶜᵐ.
157 1337 135 40 With
322 1336 246 41 facsimile
600 1334 370 49 reproductions
1003 1334 52 41 of
1083 1333 212 50 original
1328 1334 291 49 title-pages.

158 1394 130 40 “The
315 1395 198 47 present
541 1393 192 39 volume
760 1391 41 41 is
830 1391 83 40 the
940 1390 142 40 ninth
1111 1390 137 41 work
1275 1389 259 50 published
1560 1390 61 48 by
1649 1390 82 40 the
1759 1390 120 40 Yale
86 1390 1995 108 university

218 1460 137 38 press
388 1460 62 30 on
483 1449 84 40 the
595 1448 181 40 Amasa
813 1448 146 40 Stone
993 1447 197 40 Mather
1221 1446 255 41 memorial
1510 1446 303 49 publication
1844 1445 168 43 fund.”

160 1506 381 49 “Bibliography
575 1506 96 39 and
708 1515 154 30 canon
898 1505 52 40 of
986 1503 223 48 Lupset’s
1245 1503 219 41 works”:
1500 1513 44 38 p.
1596 1504 236 48 [157]-174.

94 1559 51 52 ©
175 1564 123 40 Mar.
325 1562 40 48 9,
393 1562 115 41 1928;
564 1561 68 41 2c.
662 1562 123 39 Mar.
814 1561 56 40 17;
927 1559 83 42 aff.
1040 1561 124 40 Mar.
1192 1559 56 40 15;
1307 1560 41 38 A
1375 1559 204 41 1069341;
1639 1560 120 39 Yale
1788 1559 131 42 univ.
1949 1570 151 38 press.

170 1620 252 48 (28-8372)

91 1715 234 61 Gowen,
356 1713 259 53 Herbert
646 1712 225 63 Henry,
904 1714 172 50 1864-

160 1788 1940 70 The journal of Kenk ō ; musings of a Japanese qoheleth in
91 1871 93 53 the
220 1869 331 53 fourteenth
585 1873 256 63 century,
873 1868 76 69 by
983 1866 254 54 Herbert
1269 1867 78 52 H.
1383 1866 232 56 Gowen.
1688 1866 233 69 Seattle,
92 1868 1986 149 University
334 1946 65 54 of
428 1946 387 68 Washington
844 1944 151 54 book
1021 1950 168 63 store,
1223 1945 151 54 1927.

160 2032 56 41 38
253 2042 44 38 p.
362 2030 58 41 18½ᶜᵐ.
586 2028 303 50 (Half-title:
925 2028 287 48 University
1249 2029 53 40 of
1337 2028 325 49 Washington
1700 2030 290 48 chapbooks,
2028 2031 73 40 ed.

92 2090 60 47 by
178 2088 53 42 G.
261 2088 217 48 Hughes,
537 2097 76 31 no.
640 2085 81 49 11)

162 2144 146 41 “This
339 2155 144 37 essay
514 2143 243 49 appeared
788 2141 263 49 originally
1082 2142 50 39 in
1161 2141 103 40 The
1295 2151 121 38 open
1448 2142 182 40 court.”

97 2198 51 52 ©
173 2202 111 40 Dec.
309 2201 68 48 14,
401 2200 116 40 1927;
570 2200 67 40 2c.
662 2200 124 39 Mar.
810 2199 40 47 9,
875 2198 116 40 1928;
1045 2197 82 41 aff.
1154 2198 123 40 Mar.
1303 2197 57 40 10;
1412 2198 42 39 A
1478 2197 203 41 1069206;
1737 2199 61 40 H.
1824 2199 61 40 H.
1912 2198 193 48 Gowen,

165 2258 199 41 Seattle.
436 2256 252 49 (28-8375)

94 2346 2008 71 The Grub street book of verse … New York, H. Harrison
171 2429 171 69 [1927]

161 2514 26 38 1
255 2546 8 8 v.
325 2512 56 41 23½ᶜᵐ.

92 2570 201 40 Editor:
324 2569 61 41 H.
415 2567 258 41 Harrison.

99 2623 1992 109 © Sept. 15, 1927; 2c. Mar. 9, 1928; aff. Mar. 10; A 1069219; Henry Harrison. (28-8394)
93 2776 286 63 Haldane,
414 2777 139 52 Mrs.
590 2775 308 55 Charlotte
941 2775 340 64 (Franken)

100 2853 1987 149 Motherhood and its enemies, by Charlotte Haldane … Garden City, N. Y., Doubleday,
1030 2931 200 54 Doran
1260 2934 46 51 &
1334 2951 300 52 company,
1664 2932 127 70 inc.,
1825 2936 150 52 1928.

171 3013 648 51 5 p. l., 253, [1] p. 20ᶜᵐ.
172 3070 353 41 “References”
552 3073 51 38 at
633 3072 92 39 end
754 3071 52 40 of
833 3071 119 40 each
981 3071 218 48 chapter.

102 3126 51 52 ©
184 3129 111 41 Feb.
325 3129 69 48 10,
425 3128 115 41 1928;
598 3129 68 40 2c.
696 3129 97 39 and
822 3128 83 42 aff.
937 3130 123 40 Mar.
1091 3129 56 40 17;
1205 3129 43 39 A
1277 3129 204 41 1068412;
1542 3131 301 48 Doubleday,
1876 3132 168 39 Doran
2076 3132 34 40 &

170 3197 81 37 co.,
283 3187 91 39 inc.
449 3185 252 50 (28-8339)

95 3278 325 64 Hamilton,
456 3279 230 54 Cosmo.

169 3357 330 69 Daughters
527 3357 64 53 of
617 3357 166 69 folly,
808 3358 75 69 by
912 3357 205 55 Cosmo
1142 3359 323 53 Hamilton.
1541 3360 141 53 New
1702 3362 163 52 York
1890 3365 46 50 &

99 3362 1989 141 London,
258 3435 67 55 G.
354 3437 66 51 P.
451 3436 297 55 Putnam’s
779 3454 146 50 sons,
954 3439 152 51 1928.

169 3519 26 39 3
228 3530 42 36 p.
323 3551 8 7 l.,
377 3518 146 41 3-332
556 3530 43 37 p.
660 3519 56 40 19½ᶜᵐ.

173 3576 293 40 “Published
501 3576 49 39 in
590 3576 149 41 Great
774 3577 195 39 Britain
1006 3578 155 39 under
1198 3579 82 39 the
1317 3578 110 41 title
1465 3580 199 46 ‘Among
1700 3581 138 39 those
1874 3581 238 48 sailing’.”

106 3629 51 52 ©
193 3635 121 40 Mar.
347 3634 71 47 23,
452 3633 141 47 1928;
629 3635 69 41 2c.
732 3636 96 39 and
862 3635 83 41 aff.
980 3636 122 40 Mar.
1137 3637 82 46 24;
1258 3636 41 40 A
1333 3637 230 47 1069437;
1603 3638 50 41 C.
1689 3638 269 47 Hamilton,
1995 3640 116 39 New

173 3691 145 40 York.
388 3690 253 50 (28-8409)

101 3779 223 64 Hardy,
362 3780 242 66 Jocelyn
642 3783 134 64 Lee,
817 3788 172 50 1894-

102 3857 1989 131 I escape! By Captain J. L. Hardy … With an introduction
255 3935 1855 79 by Sir Arthur Conan Doyle … New York, Dodd, Mead
103 4014 45 50 &
175 4030 298 53 company,
504 4019 151 52 1928.
