2498 4384
1044 3948 135 56 1017

96 299 314 52 American
443 297 227 63 mining
703 311 298 49 congress.

169 391 153 51 Year
361 390 148 51 book
548 407 71 33 on
658 389 121 51 coal
818 387 149 52 mine
1007 385 451 53 mechanization
1502 385 94 51 for
1631 386 97 50 the
1767 402 136 51 year
1945 387 149 50 1928.

95 464 1845 73 Washington, D. C., The American mining congress [ ᶜ19 28]
167 548 1014 52 6 p. l., 9-273 p. illus., diagrs. 23 ᶜᵐ .
92 615 1985 112 “The National standardization division of the American mining congress … submits
572 676 99 40 this
699 674 594 50 publication.”—Introd.

167 733 263 40 Published
460 732 126 47 1928,
616 733 153 39 under
798 731 83 41 the
907 730 239 40 direction
1174 730 51 40 of
1255 730 51 40 L.
1336 730 52 40 E.
1418 730 184 47 Young.

168 790 267 49 Compiler:
474 789 126 49 1928,
638 789 53 42 G.
727 789 54 41 B.
819 787 306 42 Southward.

163 846 233 43 Contains
429 846 354 49 bibliography.

101 914 52 52 ©
183 919 113 46 May
321 918 40 47 4,
390 917 142 40 1928:
562 917 68 40 2c.
658 916 95 39 and
782 914 82 42 aff.
893 915 128 41 June
1048 914 81 41 11:
1160 914 42 39 A
1229 913 230 47 1077722;
1489 912 257 41 American
1777 912 185 48 mining
167 923 1912 100 congress.
387 972 280 50 (28-17036)

101 1095 318 53 American
451 1094 226 64 society
708 1094 64 53 of
800 1093 364 54 mechanical
1197 1093 332 63 engineers.

169 1188 219 53 Record
421 1188 111 51 and
562 1187 187 52 index,
814 1206 51 33 v.
899 1191 45 55 1,
977 1186 149 53 1927.
1193 1186 139 52 New
1363 1186 180 67 York,
1571 1186 69 52 N.
1672 1186 91 67 Y.,
1793 1184 308 53 American

98 1265 1234 70 society of mechanical engineers [ ᶜ19 28]
166 1347 757 50 299 p. front. (port.) 23 ᶜᵐ .
170 1420 264 43 “Contains
470 1420 255 41 historical
762 1421 95 39 and
896 1419 249 41 reference
1180 1419 229 41 material
1444 1418 279 42 heretofore
1757 1417 257 51 published
2047 1418 52 41 in

98 1480 84 40 the
204 1480 127 39 Year
356 1478 125 41 book
505 1479 96 39 and
624 1477 734 41 Transactions.”—Foreword.

104 1546 52 53 ©
189 1551 128 39 June
345 1550 70 47 26,
448 1550 86 39 1928;
623 1550 67 40 2c.
723 1550 129 39 June
880 1549 84 47 30;
998 1549 83 40 aff.
1114 1549 129 40 June
1272 1548 83 47 28;
1391 1548 42 39 A
1463 1548 230 47 1082318;
1727 1548 160 41 Amer.
1921 1558 93 31 soc.
2046 1548 53 41 of

170 1607 301 40 mechanical
496 1606 266 49 engineers.
833 1605 280 49 (28-16707)

97 1731 273 62 Amidon,
402 1730 166 63 Luey
596 1728 175 54 Earle
804 1727 331 64 Cleveland,
1171 1731 171 50 1885-

176 1819 1861 70 Essentials of cost accounting, by L. Cleveland Amidon …
106 1898 1971 149 and Theodore Lang … New York, The Ronald press company [ ᶜ19 28 ]
212 2057 927 52 x, 383 p. incl. diagrs., forms. 22 ᶜᵐ .
107 2128 51 53 ©
191 2133 126 39 June
346 2132 70 47 29,
448 2131 140 48 1928;
620 2132 69 40 2c.
721 2132 116 46 July
867 2132 26 39 7;
954 2130 82 41 aff.
1069 2131 116 47 July
1216 2131 27 40 3;
1303 2131 42 39 A
1376 2130 229 48 1083161;
1641 2132 190 41 Ronald
1863 2142 138 39 press
2033 2144 68 31 co.

183 2189 281 49 (28-16992)

105 2310 378 54 Association
520 2310 65 53 of
618 2309 190 64 grand
844 2309 203 64 jurors
1083 2309 64 53 of
1182 2308 149 54 New
1367 2308 164 53 York
1569 2309 252 65 County.
1895 2311 211 54 Prison

175 2389 336 54 committee.

179 2481 284 55 Criminal
486 2481 272 53 receivers
783 2480 62 54 in
868 2481 96 53 the
988 2481 218 55 United
1235 2479 188 57 States;
1480 2480 176 54 social
1681 2481 115 54 and
1820 2482 285 54 economic

107 2560 285 70 problems
430 2559 65 55 of
528 2560 97 53 the
663 2558 401 55 “fence”—the
1099 2577 197 35 source
1331 2558 66 54 of
1432 2559 310 69 organized
1779 2560 173 54 crime
1990 2561 114 54 and

108 2644 220 48 creator
362 2638 66 53 of
461 2638 310 68 criminals,
804 2637 311 54 submitted
1149 2642 63 48 to
1244 2637 100 54 the
1376 2637 141 54 New
1552 2638 165 53 York
1751 2643 146 50 state
1933 2638 170 56 crime

107 2717 378 67 commission,
535 2716 276 54 National
862 2716 175 53 crime
1087 2715 380 69 commission,
1519 2716 275 54 National
109 2718 1972 131 commissioners

359 2814 74 34 on
467 2794 261 54 uniform
762 2800 146 48 state
944 2795 157 67 laws,
1136 2794 278 54 National
1449 2795 166 53 trade
1650 2795 272 55 relations
108 2815 1974 112 committee

338 2872 65 54 of
436 2873 98 53 the
569 2871 284 56 Chamber
887 2871 66 55 of
987 2890 310 36 commerce
1329 2872 65 54 of
1428 2873 97 53 the
1559 2872 220 55 United
1816 2872 189 57 States
2041 2874 67 54 of

109 2951 267 53 America
404 2951 113 53 and
544 2950 363 54 Association
934 2949 65 55 of
1024 2952 259 67 casualty
1309 2951 113 53 and
1449 2957 194 63 surety
1670 2951 335 70 executives,
2031 2953 76 69 by

110 3030 97 53 the
243 3029 209 53 Prison
491 3029 319 53 committee
848 3027 66 54 of
949 3029 97 53 the
1083 3028 365 54 Association
1485 3027 67 55 of
1589 3030 185 69 grand
1813 3029 189 71 jurors
2041 3032 68 53 of

111 3108 139 53 New
276 3107 164 53 York
467 3107 244 69 County.
786 3107 140 54 New
952 3107 180 68 York,
1157 3107 262 69 London,
1446 3106 69 56 G.
1542 3109 66 51 P.
1636 3108 298 56 Putnam’s
1961 3128 149 49 sons,

113 3189 149 51 1928.

183 3268 118 48 xxii,
339 3267 85 41 143
460 3278 43 38 p.
565 3267 147 41 23½ᶜᵐ.
828 3265 132 51 $1.50

187 3339 200 48 “Digest
421 3338 51 40 of
504 3339 121 39 laws
660 3338 51 40 of
744 3338 85 41 the
860 3340 170 46 states,
1064 3337 276 43 territories
1375 3339 95 39 and
1507 3339 82 40 the
1624 3339 179 41 United
1840 3340 164 41 States
112 3352 1980 92 relating

295 3398 49 38 to
370 3395 241 41 receivers
639 3395 51 41 of
718 3396 156 40 stolen
902 3393 260 51 property”:
1220 3406 45 38 p.
1293 3395 190 42 93-117.

114 3461 52 53 ©
193 3467 128 39 June
345 3467 70 47 22,
444 3466 141 47 1928;
614 3467 67 40 2c.
709 3467 96 39 and
833 3466 82 42 aff.
944 3467 128 39 June
1096 3466 83 47 23;
1209 3467 43 39 A
1279 3466 229 46 1082183;
1538 3467 309 41 Association
1875 3469 52 41 of
1954 3471 154 46 grand

179 3523 165 47 jurors
368 3523 52 40 of
442 3524 119 40 New
582 3524 131 39 York
738 3523 202 48 County,
965 3524 118 39 New
1105 3523 146 40 York.
1322 3523 281 48 (28-16794)

109 3648 250 62 Benton,
393 3646 201 52 Frank
622 3646 231 63 Weber,
889 3650 172 49 1855-

177 3739 121 52 The
339 3738 188 53 desert
588 3737 93 69 [by]
729 3737 66 53 F.
837 3737 206 55 Weber
1084 3738 242 52 Benton.
1425 3737 113 53 [Los
1578 3737 268 72 Angeles,
1885 3742 226 54 Benton

107 3815 133 68 pub.
274 3834 99 49 co.,
406 3818 153 64 1928]

182 3897 652 51 [12] p. illus. 18 × 27 ᶜᵐ .
