2498 4384
1253 4068 136 51 1428

318 435 269 63 O’Brien,
620 436 243 54 Robert.

387 512 378 69 Chauffeurs’,
794 514 374 68 pedestrians’
1195 514 114 53 and
1337 514 362 53 motormens’
1728 514 200 69 guide;
1961 534 31 34 a
2019 516 307 52 handbook

315 590 65 53 of
414 591 96 53 the
545 592 202 68 theory
783 592 114 53 and
929 593 251 67 practice
1214 591 66 53 of
1313 591 190 70 safety
1536 592 143 68 first,
1712 593 76 69 by
1821 593 216 53 Robert
2074 593 250 55 O’Brien

377 667 1156 70 … St. Louis, Mo., R. O’Brien, ᶜ19 28.
385 752 516 50 178 p. diagrs. 15½ ᶜᵐ.
322 819 51 52 ©
406 823 129 48 Sept.
563 824 41 47 4,
634 823 115 41 1928;
806 825 68 39 2c.
907 825 128 47 Sept.
1064 824 56 40 13;
1180 823 84 43 aff.
1296 824 129 48 Sept.
1455 824 58 39 12;
1569 825 42 39 A
1639 825 203 41 1054463;
1903 826 57 41 R.
1991 825 221 41 O’Brien.

400 880 282 49 (28-22291)

312 988 198 64 Olson,
544 988 140 54 Ted.

383 1066 1945 71 A stranger and afraid [by] Ted Olson … New Haven,
315 1144 148 53 Yale
502 1144 320 68 university
863 1163 185 49 press;
1093 1145 262 68 London,
1395 1146 78 52 H.
1515 1145 267 69 Milford,
1828 1146 232 54 Oxford
313 1148 1990 142 university
458 1240 175 49 press,
663 1224 151 50 1928.

387 1304 56 40 50
476 1316 44 37 p.
581 1304 57 40 19½ᶜᵐ.
798 1304 98 47 (On
930 1314 164 31 cover:
1126 1305 102 39 The
1263 1305 120 40 Yale
1416 1306 152 40 series
1600 1305 52 41 of
1683 1316 216 37 younger
1931 1305 164 49 poets)

323 1371 51 52 ©
404 1375 130 47 Sept.
560 1375 39 47 7,
626 1374 118 40 1928;
794 1375 69 40 2c.
892 1375 129 47 Sept.
1047 1375 60 39 22;
1160 1374 84 41 aff.
1273 1375 129 48 Sept.
1429 1376 56 38 21;
1541 1375 42 39 A
1608 1375 205 41 1054507;
1869 1376 120 39 Yale
2016 1375 133 41 univ.
2177 1385 150 38 press.

401 1430 281 50 (28-22320)

312 1525 199 64 Owen,
547 1523 197 56 Ethel.

385 1601 356 54 Hallowe’en
784 1603 143 52 tales
970 1605 46 50 &
1057 1621 210 50 games,
1308 1603 76 68 by
1427 1603 174 53 Ethel
1645 1603 195 67 Owen,
1883 1603 328 53 illustrated
2252 1603 76 70 by

316 1681 283 53 Eleanore
652 1680 237 54 Mineah
943 1681 305 54 Hubbard.
1342 1681 271 69 Chicago,
1667 1681 72 53 A.
1793 1681 302 56 Whitman
2150 1684 46 50 &
2250 1700 79 35 co.

321 1761 195 65 [ ᶜ19 28 ]
386 1842 1420 50 127 p. incl. front., illus. 21 ᶜᵐ. [A just right book]
323 1908 52 53 ©
402 1913 122 48 Aug.
551 1912 69 48 31,
650 1912 141 46 1928;
820 1912 69 41 2c.
920 1912 128 48 Sept.
1077 1913 27 39 7;
1162 1911 84 42 aff.
1276 1912 128 47 Sept.
1433 1911 83 48 10;
1547 1912 42 39 A
1616 1912 230 48 1054174;
1877 1912 171 41 Albert
2077 1913 253 41 Whitman

391 1969 38 41 &
460 1980 68 30 co.
599 1969 282 48 (28-22231)

318 2062 274 64 Patchin,
623 2062 201 53 Frank
855 2061 220 65 Glines,
1108 2066 327 51 1861-1925.

386 2142 123 53 Ted
547 2142 177 54 Jones
763 2146 59 47 at
861 2141 385 67 Desperation
1285 2140 229 67 Island;
1560 2160 80 47 or,
1679 2141 122 52 The
1843 2137 170 57 affair
2054 2142 141 53 with
2235 2145 97 51 the

313 2218 2018 71 yellow coral prince, by Frank Gee Patchin … Philadelphia,
315 2298 206 68 Henry
550 2297 264 53 Altemus
844 2315 281 50 company
1271 2299 85 63 [ᶜ1928]

386 2378 1738 51 256 p. incl. front., illus. 19 ᶜᵐ. (His Fortune hunters series)
324 2447 52 53 ©
407 2453 129 47 Sept.
563 2451 70 48 26,
662 2451 141 47 1928;
831 2452 68 38 2c.
927 2451 97 39 and
1051 2449 82 41 aff.
1164 2450 131 48 Sept.
1320 2450 57 40 27;
1433 2449 42 39 A
1502 2449 231 47 1053599;
1764 2451 218 39 Howard
2010 2451 56 39 E.
2093 2450 236 40 Altemus.

403 2508 283 49 (28-22315)

318 2601 227 54 Punch.
660 2646 10 10 v.
708 2602 116 68 175,
855 2621 91 33 no.
979 2601 154 67 4547,
1165 2600 153 70 Aug.
1350 2603 85 67 29,
1470 2603 150 51 1928.

325 2681 2004 53 © 1c. Oct. 26, 1928; A ad int. 11822; pubd. Aug. 29; Herbert Heather,
392 2742 214 41 London.

322 2837 215 63 Quinn,
570 2835 235 54 Arthur
838 2834 261 64 Hobson,
1136 2834 171 54 1875-
1527 2833 85 55 ed.

395 2914 473 69 Representative
908 2911 307 53 American
1257 2912 184 68 plays,
1485 2909 154 55 from
1681 2910 137 55 1767
1859 2917 59 47 to
1961 2913 99 52 the
2101 2917 230 63 present

325 2993 132 69 day,
494 2991 191 54 edited
721 2991 143 52 with
900 2989 423 54 introductions
1362 2989 114 53 and
1514 2995 160 47 notes
1709 2989 77 69 by
1823 2989 227 54 Arthur
2090 2990 240 54 Hobson

326 3067 2003 148 Quinn … 4th ed., rev. and enl. New York, The Century co. [ᶜ1928]
397 3224 1549 54 ix, [1] p., 2 l., 3-1052 p. illus. (facsims.) 23 ᶜᵐ. $4.00
399 3298 236 42 Contains
663 3297 371 49 reproductions
1062 3296 52 40 of
1143 3295 210 48 original
1382 3295 278 50 title-pages
1689 3297 52 40 of
1769 3307 132 30 some
1930 3297 52 40 of
2010 3299 83 39 the
2121 3299 153 47 plays.

400 3356 238 40 “General
664 3354 339 48 bibliography
1031 3353 52 40 of
1109 3353 82 40 the
1218 3352 261 41 American
1507 3353 199 41 drama”;
1764 3365 44 37 p.
1836 3353 278 43 1045-1052.

329 3424 51 53 ©
413 3427 128 49 Sept.
568 3427 70 47 18,
666 3426 118 41 1928;
836 3426 69 40 2c.
933 3425 98 40 and
1058 3424 83 42 aff.
1171 3424 130 48 Sept.
1328 3424 84 47 20;
1442 3424 42 39 A
1511 3424 231 48 1053469;
1774 3424 216 49 Century
2019 3436 68 30 co.

406 3483 282 51 (28-22248)

323 3578 313 64 Richards,
664 3576 175 64 John,
871 3580 173 50 1884-

395 3656 186 69 Songs
635 3654 65 53 of
755 3674 31 33 a
841 3655 423 66 schoolmaster,
1315 3654 78 69 by
1446 3654 158 54 John
1658 3653 300 54 Richards.
2055 3653 278 69 Concord,

322 3733 290 55 Rumford
643 3751 157 51 press
946 3735 84 64 [ᶜ1928]

391 3817 63 48 vi,
485 3816 54 41 53
566 3827 46 38 p.
671 3815 56 41 19½ᶜᵐ.

393 3888 187 40 Poems.

330 3955 51 52 ©
417 3958 121 49 Aug.
571 3957 70 50 20,
677 3957 116 41 1928;
854 3958 69 41 2c.
959 3957 96 40 and
1090 3956 82 42 aff.
1211 3955 130 50 Sept.
1375 3956 57 39 14;
1496 3955 41 40 A
1570 3954 204 42 1054307;
1839 3955 45 41 J.
1919 3954 256 48 Richards,
397 3952 1916 111 Concord,

562 4016 57 41 N.
654 4016 61 40 H.
786 4014 280 49 (28-22174)
