2498 4384
1309 4105 134 51 1016

372 525 143 53 with
543 524 358 69 suggestions
933 523 94 54 for
1060 525 159 69 daily
1251 525 314 68 devotions,
1596 525 75 69 by
1702 526 56 54 J.
1795 525 280 55 Sherman
2105 525 271 55 Wallace.

371 602 1671 70 Philadelphia, Boston [etc.] The Judson press [ ᶜ19 28]
442 684 783 51 10 p. l., 229, [7] p. 14 × 7½ᶜᵐ.
443 756 162 40 Blank
630 766 148 39 pages
804 755 79 41 for
911 755 206 41 “Notes”
1154 755 84 51 ([7]
1269 757 52 39 at
1347 754 118 50 end)

377 824 52 54 ©
464 830 129 39 June
624 829 71 46 27,
730 828 119 41 1928;
908 828 68 41 2c.
1012 828 96 40 and
1141 827 83 42 aff.
1261 827 129 40 June
1420 827 84 48 30;
1542 827 41 39 A
1617 827 231 48 1082345;
1886 828 189 39 Judson
2108 838 152 38 press.

454 885 281 49 (28-16772)

369 978 294 64 Webster,
698 977 309 54 Elizabeth
1040 977 327 56 Charlotte.

438 1057 113 52 Pot
578 1055 155 54 holes;
796 1074 73 34 an
900 1057 313 52 adventure
1243 1054 66 54 of
1335 1055 96 54 the
1461 1055 273 53 diamond
1761 1054 181 69 fields,
1967 1055 79 70 by
2075 1054 301 54 Elizabeth

369 1134 299 55 Charlotte
702 1133 277 55 Webster.
1053 1133 260 68 London,
1349 1132 302 69 Chapman
1683 1134 114 52 and
1829 1133 162 68 Hall,
2024 1134 97 67 Id.,
2156 1136 151 50 1928.

437 1215 1211 51 3 p. l., xi-xiv, 273 p. front. (plan) 19½ᶜᵐ.
375 1269 1998 54 © 1c. July 7, 1928; A ad int. 11376; pubd. May 8; E. C. Webster,
444 1331 388 47 Johannesburg,
869 1328 155 42 South
1054 1328 187 41 Africa.
1312 1328 281 49 (28-17213)

371 1424 331 55 Wheatena
734 1423 392 64 corporation,
1158 1423 280 70 Rahway,
1465 1423 72 52 N.
1566 1424 56 51 J.

442 1503 258 69 Feeding
728 1502 100 53 the
854 1501 156 54 child
1041 1500 155 54 from
1224 1501 121 53 crib
1373 1507 59 47 to
1461 1501 229 69 college.
1765 1501 142 54 This
1933 1501 150 54 book
2110 1502 104 54 has
2239 1502 136 54 been

373 1582 282 68 prepared
684 1581 77 69 by
792 1599 73 34 an
895 1580 249 53 eminent
1174 1579 380 54 child-health
1583 1579 290 69 specialist
1903 1579 95 54 for
2023 1580 97 54 the
371 1580 1984 134 Wheatena

503 1658 1220 71 corporation … [Rahway, N. J., ᶜ19 28]
441 1742 799 51 1 p. l., 44 p., 1 l. illus. 21 ᶜᵐ .
444 1799 408 50 “Bibliography”
877 1802 52 38 at
955 1801 91 39 end
1071 1799 51 41 of
1146 1802 127 38 most
1297 1799 53 40 of
1375 1800 81 39 the
1480 1799 243 48 chapters.

375 1855 53 52 ©
469 1859 114 48 May
620 1859 55 40 23,
730 1858 142 46 1928;
912 1858 69 39 2c.
1021 1860 97 38 and
1157 1856 84 42 aff.
1281 1857 129 40 June
1445 1857 84 47 27;
1571 1857 42 39 A
1651 1856 230 47 1083067;
1923 1857 272 40 Wheatena
2234 1868 142 37 corp.,

444 1916 235 47 Rahway,
710 1916 56 41 N.
796 1915 44 40 J.
912 1914 281 49 (28-16701)

369 2008 219 64 White,
622 2007 337 64 Frederick,
994 2010 171 50 1869-

448 2087 121 54 The
627 2086 528 69 spicklefisherman
1213 2085 115 54 and
1389 2085 208 68 others,
1655 2084 77 71 by
1791 2084 314 55 Frederick
2162 2085 213 56 White.

376 2165 141 53 New
544 2164 181 68 York,
751 2164 121 53 The
900 2163 321 70 Derrydale
1251 2181 176 51 press,
1457 2166 152 51 1928.

448 2244 1066 51 6 p. l., 112 p., 1 l. front., illus. 23½ᶜᵐ.
450 2303 185 41 “Seven
681 2303 222 40 hundred
951 2304 96 39 and
1096 2302 314 48 seventy-five
1456 2302 162 49 copies
1663 2302 54 40 of
1763 2301 100 42 this
1910 2303 124 40 book
2084 2303 125 41 have
2257 2304 120 41 been

376 2359 238 51 printed.”

375 2416 53 52 ©
456 2420 130 39 June
609 2420 42 47 4,
678 2419 118 40 1928;
848 2419 69 40 2c.
945 2419 130 40 June
1098 2417 83 48 26;
1212 2417 84 42 aff.
1325 2418 129 40 June
1478 2418 84 48 25;
1592 2418 41 39 A
1662 2418 231 48 1082248;
1924 2419 275 48 Derrydale
2226 2430 151 38 press.

453 2475 282 50 (28-16629)

370 2569 325 64 Whitford,
732 2568 176 56 Caleb
942 2567 226 65 Bailey,
1207 2572 172 49 1850-

448 2647 286 71 Training
766 2648 97 54 the
898 2647 135 55 bird
1064 2647 131 71 dog,
1229 2648 79 70 by
1344 2646 65 57 C.
1444 2648 69 54 B.
1547 2646 324 57 Whitford.
1943 2647 142 56 New
2120 2648 104 70 ed.,
2261 2666 115 37 rev.

376 2726 115 55 and
516 2726 294 69 amended,
834 2726 77 71 by
936 2726 257 54 Edward
1220 2724 172 57 Cave.
1451 2726 166 56 With
1643 2725 383 57 illustrations
2055 2725 155 56 from
375 2727 1976 148 photographs

686 2804 77 70 by
795 2804 261 54 Howard
1089 2805 166 54 Betts
1287 2804 319 55 Rathbone.
1676 2805 141 54 New
1849 2805 182 69 York,
2066 2806 121 54 The
375 2805 1978 132 Macmillan

607 2900 299 53 company,
938 2885 152 52 1928.

448 2965 1073 49 xiv p., 2 l., 258 p. front., plates. 21 ᶜᵐ .
376 3020 53 52 ©
459 3025 115 47 May
601 3024 70 47 22,
700 3023 141 47 1928;
871 3024 69 40 2c.
969 3025 97 38 and
1095 3023 83 41 aff.
1208 3024 115 48 May
1351 3024 56 40 23;
1465 3024 41 39 A
1535 3024 230 48 1077406;
1799 3025 287 40 Macmillan
2112 3036 69 30 co.

454 3080 281 50 (28-16838)

371 3175 250 63 Winter,
652 3175 148 52 Paul
829 3174 78 54 M.

438 3251 178 56 What
649 3251 155 69 price
839 3252 300 66 tolerance,
1174 3251 78 70 by
1286 3251 148 53 Paul
1468 3253 81 53 M.
1583 3253 243 55 Winter.
1901 3253 272 69 Hewlett,
2207 3254 66 53 L.
2348 3296 29 25 I.,

370 3330 70 53 N.
474 3328 90 69 Y.,
593 3328 437 54 All-American
1059 3329 164 68 book,
1255 3330 211 52 lecture
1497 3331 114 52 and
1641 3331 256 53 research
1927 3331 215 53 bureau
2285 3335 67 48 [ᶜ1928]

439 3412 64 48 xi,
536 3412 88 41 350
656 3424 42 37 p.
758 3413 25 39 1
817 3413 145 47 illus.,
994 3413 172 47 plates,
1199 3415 165 46 ports.,
1396 3413 232 47 facsims.,
1661 3414 120 40 fold,
1815 3415 154 47 diagr.
2060 3415 116 41 19½ᶜᵐ.

377 3465 53 52 ©
470 3470 115 47 May
622 3471 40 46 1,
702 3469 141 46 1928;
883 3469 69 41 2c.
990 3469 129 40 June
1156 3469 53 47 9;
1251 3469 83 41 aff.
1375 3469 127 41 June
1539 3469 83 46 23;
1664 3470 43 39 A
1744 3470 230 49 1082265;
2017 3471 361 41 All-American

444 3526 137 48 book,
609 3527 185 39 lecture
822 3525 36 40 &
886 3526 228 40 research
1140 3526 202 40 bureau.
1412 3526 282 50 (28-16328)

373 3618 233 65 Young,
638 3619 140 53 Erle
805 3619 195 53 Fiske.

446 3696 268 54 Juvenile
758 3697 403 68 delinquency;
1206 3698 241 52 selected
1490 3697 268 70 readings
1799 3699 284 68 compiled
2122 3700 77 68 by
2240 3701 137 52 Erle

376 3773 1977 132 Fiske Young … and Pauline V. Young … Los Angeles, Western
509 3853 358 53 educational
898 3853 229 67 service,
1160 3855 150 51 1928.

445 3934 1183 53 5 p. l., 93 numb. l. 28 ᶜᵐ . [Mimeographed]
379 3988 53 52 ©
466 3993 116 47 May
612 3992 71 49 20,
717 3992 118 41 1928;
894 3993 68 41 2c.
996 3994 129 41 June
1156 3994 55 39 11;
1276 3994 82 41 aff.
1394 3995 128 42 June
1552 3995 59 39 22;
1673 3996 43 39 A
1747 3995 207 42 1077989;
2015 3998 54 39 E.
2104 3997 53 41 F.
2190 3998 182 48 Young,

448 4049 93 40 Los
567 4049 223 48 Angeles.
