2498 4384
1035 4093 102 50 467

90 423 253 62 Bonner,
375 424 174 61 Mary
579 423 363 62 Davenport,
975 439 177 49 comp.

163 503 122 52 The
314 502 128 52 club
475 519 267 35 womans
776 500 138 53 cook
944 500 163 58 book,
1138 499 282 68 compiled
1455 499 74 67 by
1560 499 170 67 Mary
1764 499 327 66 Davenport

93 583 244 50 Bonner.
415 581 193 66 Tyler,
644 581 155 64 Tex.,
834 578 121 53 The
991 578 225 66 author,
1255 579 151 51 1928.

162 662 367 48 208 p. 23½ ᶜᵐ .
163 721 159 39 Blank
351 730 147 37 pages
527 720 79 39 for
636 717 205 41 “Notes”
883 716 254 50 (195-208)

95 774 52 53 ©
178 778 121 41 Mar.
326 778 70 45 24,
425 777 115 41 1928;
595 778 67 40 2c.
691 777 96 40 and
815 774 82 43 aff.
927 776 123 40 Mar.
1077 774 85 48 31;
1191 774 42 40 A
1260 773 203 43 1068687;
1523 775 62 40 M.
1615 774 57 41 D.
1702 774 207 42 Bonner,
1940 773 159 48 Tyler,

163 836 115 40 Tex.
349 835 253 49 (28-9365)

92 930 347 63 Bridgman,
473 928 253 53 Edward
760 928 60 53 C.

168 1008 440 67 [Introduction]
656 1007 76 68 by
775 1006 250 53 Edward
1075 1004 62 55 C.
1183 1004 325 69 Bridgman
1575 1004 60 52 [in
1679 1004 95 53 the
1816 1003 149 54 book
90 1022 1985 131 entitled]

330 1081 1771 73 Meyer’s Handbook of ornament … by Franz Sales
90 1160 2005 72 Meyer … 1st ed. Pelham, N. Y., Bridgman publishers [ᶜ1928]
157 1244 634 52 61, [3] p. illus. 22½ ᶜᵐ .
92 1299 52 52 ©
177 1304 110 39 Feb.
321 1303 68 48 15,
422 1302 141 46 1928;
596 1303 68 39 2c.
697 1303 122 38 Mar.
851 1302 53 44 5;
939 1299 82 42 aff.
1055 1302 123 39 Mar.
1210 1300 86 47 30;
1329 1301 41 39 A
1402 1300 230 46 1069571;
1669 1299 282 49 Bridgman,
160 1301 1921 100 publishers.

81 1454 234 61 Brown,
345 1452 225 53 Hilton.

160 1530 233 56 Ostrich
426 1549 144 51 eyes,
603 1550 31 33 a
664 1531 185 67 novel,
879 1530 75 70 by
987 1530 210 53 Hilton
1230 1531 231 51 Brown.
1529 1529 261 68 London,
1824 1528 70 56 G.
1926 1528 174 55 Allen

88 1611 46 50 &
158 1610 215 54 Unwin
401 1610 104 53 ltd.
542 1612 171 64 [1928]

157 1691 336 48 319 p. 19 ᶜᵐ .
89 1745 2007 52 © 1c. Mar. 27, 1928; A ad int. 10815; pubd. Jan. 31; H. Brown, Salem,
158 1807 157 41 India.
387 1806 252 48 (28-9394)

82 1901 318 62 Burdekin,
433 1902 139 52 Mrs.
608 1900 353 53 Katharine.

157 1979 121 53 The
324 1979 253 69 burning
623 1979 151 69 ring,
820 1978 76 70 by
943 1978 327 53 Katharine
1320 1977 316 54 Burdekin.
1720 1978 262 68 London,
2032 1979 66 52 T.

88 2058 395 53 Butterworth
509 2057 225 53 limited
787 2056 153 67 [1927]

155 2140 87 41 318
278 2151 42 37 p.
381 2140 148 40 19½ᶜᵐ.

87 2194 1991 109 © 1c. Dec. 14, 1927; A ad int. 10417; pubd. Oct. 21; K. Burdekin, Carharrack, Porth Curno, Cornwall, England. (28-9161)
77 2350 181 64 Byrd,
290 2349 259 55 Richard
584 2348 247 65 Evelyn,
868 2352 171 50 1888-

155 2429 312 70 Skyward;
511 2428 178 54 man’s
727 2433 251 63 mastery
1016 2428 63 53 of
1116 2428 96 53 the
1251 2428 86 53 air
1376 2447 61 35 as
1476 2429 197 53 shown
1710 2429 75 68 by
1821 2429 97 53 the
81 2428 1989 134 brilliant

262 2508 199 69 flights
498 2507 64 53 of
596 2507 316 53 America’s
949 2507 233 69 leading
1216 2507 89 53 air
1341 2508 279 68 explorer.
1697 2507 112 55 His
1845 2508 124 68 life,
2005 2508 90 54 his

80 2587 270 69 thrilling
378 2587 360 57 adventures,
766 2586 89 53 his
883 2586 189 52 North
1098 2587 129 67 pole
1257 2586 113 53 and
1400 2591 183 49 trans-
1588 2586 264 54 Atlantic
1878 2587 217 69 flights,

81 2666 261 69 together
377 2665 142 53 with
557 2665 89 53 his
685 2666 166 67 plans
889 2664 93 53 for
1018 2664 350 70 conquering
1404 2665 96 53 the
1536 2665 302 53 Antarctic
1876 2664 76 71 by
1989 2666 106 68 air,

78 2743 1992 145 by Richard Evelyn Byrd … New York, London, G. P. Putnam’s sons, 1928.
218 2937 9 11 xv,
261 2905 87 41 359
381 2917 44 37 p.
499 2906 164 46 front.,
698 2906 172 48 plates,
905 2907 164 46 ports.,
1104 2904 181 49 diagrs.
1346 2905 148 41 22½ᶜᵐ.

150 2965 140 47 Maps
318 2975 60 29 on
409 2963 367 49 lining-papers.

83 3017 52 52 ©
168 3023 121 39 Mar.
317 3021 70 43 30,
419 3021 115 40 1928;
591 3022 68 40 2c.
689 3021 97 39 and
816 3020 84 42 aff.
931 3022 123 39 Mar.
1084 3020 55 41 31;
1201 3020 42 40 A
1272 3020 204 41 1069545;
1538 3022 56 41 R.
1626 3023 53 39 E.
1711 3022 147 48 Byrd,
1892 3023 199 41 Boston.

162 3078 253 49 (28-9367)

87 3173 259 70 [Chanel,
381 3172 294 56 Gabrielle]

149 3251 294 55 Woman’s
473 3253 197 52 world.
736 3251 134 54 Life
900 3257 57 47 at
988 3252 184 53 Paris.
1238 3251 146 69 Apr.
1416 3255 84 64 28,
1533 3255 151 50 1928.

159 3335 83 47 (In
273 3331 217 44 Outlook
521 3330 290 54 magazine)

83 3388 2006 53 © 1c. May 7, 1928; A ad int. 11033; pubd. Apr. 26; New outlook co.,
150 3451 101 46 ltd.,
281 3449 214 41 London.

244 3532 398 68 Woman’s world. Life at Paris. May 5, 1928.
157 3616 85 46 (In
273 3610 218 44 Outlook
526 3611 288 52 magazine)

83 3667 2005 53 © 1c. May 12, 1928; A ad int. 11072; pubd. May 3; New outlook co.,
150 3729 100 47 ltd.,
280 3729 215 40 London.

74 3808 195 63 Clark,
307 3809 248 53 Barrett
595 3810 252 62 Harper,
891 3813 172 49 1890-

149 3888 57 53 A
242 3889 174 67 study
454 3888 64 53 of
554 3889 96 53 the
688 3889 234 52 modern
963 3889 228 53 drama;
1235 3908 31 33 a
1303 3887 309 54 handbook
1651 3887 94 53 for
1782 3887 96 53 the
1917 3886 173 66 study

79 3967 113 54 and
233 3966 394 58 appreciation
669 3966 66 55 of
772 3967 97 54 the
906 3967 123 54 best
1071 3967 185 57 plays,
1297 3967 328 57 European,
1666 3965 266 59 English,
1973 3965 116 56 and
