2498 4384
1253 4116 136 50 1094

322 470 217 62 Smith,
572 469 231 54 Darrell
835 470 293 54 Hevenor.

453 546 1874 71 … The United States Civil service commission; its history,
319 624 285 55 activities
639 626 114 52 and
786 624 415 70 organization,
1234 625 77 69 by
1343 626 233 53 Darrell
1609 626 270 53 Hevenor
1914 625 208 56 Smith.
319 625 1984 146 Baltimore,

568 702 141 70 Md.,
738 703 121 53 The
887 703 185 54 Johns
1100 703 272 68 Hopkins
1401 721 175 50 press,
1606 706 150 51 1928.

317 786 1990 107 xii, 153 p. 22½ ᶜᵐ . (Institute for government research. Service monographs
558 844 52 40 of
638 845 82 39 the
749 844 179 41 United
960 844 163 40 States
1149 846 329 46 government,
1508 856 75 30 no.
1610 844 83 48 49)

389 901 378 48 Bibliography:
802 911 44 38 p.
877 900 219 41 140-149.

330 952 51 53 ©
414 958 117 47 July
561 957 39 48 6,
632 957 114 40 1928
765 968 8 35 ;
805 957 69 40 2c.
906 958 96 38 and
1032 956 83 41 aff.
1148 957 118 47 July
1296 956 82 47 11;
1412 956 42 39 A
1484 956 230 48 1082656;
1750 956 235 43 Institute
2015 957 81 41 for

395 968 1911 86 government
562 1013 241 49 research,
837 1013 337 48 Washington.
1245 1012 281 51 (28-18298)

320 1107 216 63 Smith,
570 1107 223 54 Robert
828 1106 265 65 Metcalf,
1130 1110 172 50 1886-
1483 1107 85 54 ed.

452 1184 1873 70 … Types of social comedy, edited by Robert Metcalf Smith
380 1262 1252 69 … New York, Prentice-Hall, inc., 1928.
386 1345 1330 50 vi p., 1 l., 759 p. 19½ ᶜᵐ . (World drama series)
389 1401 351 42 “References”
775 1404 53 38 at
861 1404 93 38 end
988 1402 53 40 of
1071 1403 83 40 the
1188 1402 334 41 introduction
1557 1404 50 39 to
1641 1404 119 39 each
1792 1404 128 47 play.

729 1459 41 40 CONTENTS.—A
813 1470 107 29 new
962 1470 111 37 way
1115 1460 49 39 to
1206 1470 98 37 pay
1346 1460 80 39 old
1469 1460 153 47 debts,
1665 1459 64 48 by
1769 1459 164 49 Philip
1975 1460 350 49 Massinger.—

316 1516 239 49 Tartuffe,
590 1516 64 48 by
687 1515 380 41 Moliere.—The
1100 1525 112 38 way
1247 1515 52 40 of
1332 1516 84 39 the
1449 1515 167 48 world,
1652 1515 62 48 by
1747 1516 221 40 William
2003 1516 323 49 Congreve.—

319 1574 95 41 She
450 1575 164 46 stoops
650 1574 50 39 to
737 1582 223 38 conquer,
998 1572 62 47 by
1096 1570 166 43 Oliver
1299 1571 454 42 Goldsmith.—The
1791 1573 163 40 school
1989 1572 81 41 for
2107 1574 216 49 scandal,

316 1632 63 47 by
426 1631 216 39 Richard
688 1629 228 47 Brinsley
964 1627 255 41 Sheridan.
1236 1650 60 6 —
1312 1628 137 47 Lady
1495 1627 374 42 Windermere’s
1912 1628 103 48 fan,
2064 1630 62 48 by
2172 1631 152 40 Oscar

316 1687 337 42 Wilde.—The
682 1696 94 38 gay
806 1685 127 40 Lord
964 1684 151 48 Quex,
1146 1684 63 48 by
1240 1683 78 42 Sir
1346 1684 189 41 Arthur
1565 1684 144 49 Wing
1738 1684 357 43 Pinero.—Our
2124 1686 198 49 betters,

315 1744 62 47 by
405 1744 73 40 W.
509 1743 244 41 Somerset
782 1742 280 48 Maugham.

327 1796 51 53 ©
407 1800 118 47 July
552 1800 40 47 6,
620 1798 142 48 1928;
791 1798 69 41 2c.
888 1798 97 39 and
1013 1796 82 43 aff.
1124 1797 119 47 July
1270 1797 83 46 24;
1383 1796 43 39 A
1453 1796 228 48 1083364;
1714 1796 377 51 Prentice-Hall,
2122 1798 91 41 inc.

403 1856 281 49 (28-18132)

320 1951 308 62 Snowden,
662 1950 205 53 James
899 1949 225 63 Henry,
1163 1950 172 51 1852-

389 2028 117 57 Old
561 2027 154 54 faith
768 2028 113 52 and
932 2045 125 34 new
1108 2026 355 69 knowledge,
1513 2026 77 69 by
1641 2026 195 54 James
1888 2027 77 53 H.
2022 2026 301 56 Snowden.

316 2107 141 54 New
495 2107 165 53 York
697 2107 114 52 and
849 2106 261 67 London,
1146 2105 236 68 Harper
1417 2106 47 51 &
1499 2104 280 69 brothers,
1819 2108 151 50 1928.

385 2190 91 41 xiii
505 2201 58 37 p.,
593 2190 25 39 1
686 2220 7 17 l.,
726 2188 85 41 279
841 2199 44 38 p.
944 2187 148 42 22½ᶜᵐ.

325 2244 52 52 ©
409 2248 118 47 July
554 2247 70 48 20,
656 2247 114 40 1928
788 2257 9 37 ;
828 2246 69 41 2c.
928 2246 117 47 July
1073 2244 83 48 20;
1190 2244 84 41 aff.
1305 2244 117 48 July
1451 2244 83 47 23;
1568 2243 41 40 A
1639 2244 230 48 1082644;
1902 2245 199 48 Harper
2129 2248 37 41 &
2194 2246 126 41 bros.

403 2304 283 49 (28-18008)

319 2385 271 65 Spriggs,
621 2384 158 54 Elsie
810 2383 243 54 Helena.

383 2464 123 52 The
532 2463 159 53 three
718 2463 222 67 camels,
967 2481 31 33 a
1026 2467 159 63 story
1211 2460 66 54 of
1302 2461 191 68 India,
1519 2461 77 69 by
1624 2461 156 53 Elsie
1807 2461 223 54 Helena
2059 2460 264 72 Spriggs,

313 2542 253 68 pictures
598 2540 77 70 by
707 2540 158 54 Elsie
897 2540 173 53 Anna
1100 2540 205 55 Wood.
1375 2539 139 54 New
1547 2538 182 69 York,
1762 2539 351 69 Friendship
2147 2558 175 51 press,

442 2624 46 49 ᶜ192 8.
384 2700 1315 53 58, [3] p. col. illus. 14 ᶜᵐ . [The nursery series]
325 2755 51 53 ©
406 2759 129 41 June
560 2759 70 48 25,
660 2759 141 46 1928;
832 2759 69 41 2c.
930 2760 97 38 and
1055 2756 84 44 aff.
1168 2758 117 48 July
1314 2756 83 48 20;
1427 2757 43 39 A
1498 2756 231 49 1082665;
1762 2757 54 42 G.
1847 2757 53 49 Q.
1930 2757 242 49 LeSourd,
2202 2759 119 41 New

391 2817 146 40 York.
608 2815 281 50 (28-18136)

315 2896 182 55 Stone
526 2895 51 54 &
604 2895 276 54 Webster
908 2895 116 53 and
1051 2894 271 63 Blodget,
1352 2893 112 54 inc.

386 2973 125 56 One
542 2974 287 53 thousand
863 2974 215 52 dollars
1111 2992 31 33 a
1175 2973 233 66 second;
1442 2971 267 54 America
1743 2992 61 34 as
1834 2992 31 33 a
1897 2973 183 54 world
313 2973 1983 133 investment

517 3052 239 53 market.
848 3052 141 52 New
1038 3050 180 68 York,
1269 3049 174 56 Stone
1492 3053 46 50 &
1582 3050 262 56 Webster
1892 3052 113 52 and
2054 3051 268 70 Blodget,

312 3131 340 67 inc. [ ᶜ192 8]
383 3210 1239 52 3 p. l., [5]-31, [1] p. incl. tables, diagrs. 23 ᶜᵐ .
323 3266 51 53 ©
405 3272 115 46 May
548 3271 38 47 8,
616 3270 118 40 1928
748 3281 9 36 ;
788 3270 68 40 2c.
886 3270 96 39 and
1009 3267 83 43 aff.
1122 3269 130 39 June
1278 3267 82 49 20;
1393 3268 41 39 A
1463 3267 229 49 1077922;
1729 3267 146 42 Stone
1904 3268 37 40 &
1969 3268 222 41 Webster
2222 3271 95 39 and

389 3329 220 47 Blodget,
638 3327 92 40 inc.
801 3324 280 50 (28-18222)

316 3406 320 63 Swetman,
671 3406 192 64 Ralph
896 3405 224 63 Waldo,
1156 3408 173 49 1886-

388 3482 237 56 Outline
652 3484 114 52 and
793 3483 186 69 digest
1005 3482 65 54 of
1097 3481 328 56 California
1453 3482 192 54 school
1671 3484 112 51 law
1809 3483 115 52 and
1951 3486 146 50 state
2125 3482 191 54 school

316 3558 1999 72 system. 1928 revision. By Ralph W. Swetman … Stanford
314 3636 1661 71 University, Calif., Stanford university press [ ᶜ192 8]
386 3718 1281 50 vii, 125 p. illus. (map) diagrs. 23 ᶜᵐ . $1.00
389 3776 217 40 “Fourth
632 3775 227 41 edition.”

389 3832 216 41 Judicial
644 3832 240 41 decisions
925 3834 95 39 and
1060 3832 224 49 opinions
1323 3832 51 40 in
1415 3833 256 48 Appendix
1712 3844 33 30 a
1784 3833 237 48 compiled
2062 3834 62 46 by
2167 3833 50 41 C.
2260 3835 53 39 E.

316 3889 287 40 Purviance.
664 3890 62 48 cf.
755 3889 274 41 Foreword.

389 3945 249 42 “Selected
665 3945 329 42 references”:
1026 3957 43 38 p.
1098 3945 218 42 123-125.

322 4000 51 51 ©
401 4005 116 46 May
541 4004 69 48 30,
638 4004 118 40 1928
771 4015 8 36 ;
809 4004 68 41 2c.
906 4005 116 47 July
1048 4005 81 47 12;
1160 4004 84 41 aff.
1273 4005 116 47 July
1416 4005 82 47 23;
1528 4004 41 39 A
1596 4005 230 48 1082658;
1859 4006 236 40 Stanford

389 4005 1906 103 university
516 4071 150 38 press.
737 4061 280 49 (28-18099)
