2498 4384
1024 4078 135 50 1625

98 429 232 61 Frazer,
365 427 102 53 Sir
499 425 203 54 James
739 424 246 64 George,
1024 428 171 50 1854-

161 520 119 52 Der
313 518 240 69 goldene
587 517 179 69 zweig
811 516 149 69 (The
993 515 207 69 golden
1237 513 220 69 bough)
1504 514 102 52 das
1641 513 315 69 geheimnis
1990 531 111 35 von

92 596 245 70 glauben
370 596 118 52 und
526 596 172 52 sitten
735 595 99 52 der
908 593 176 67 völker,
1119 611 110 34 von
1269 591 96 55 Sir
1399 591 195 54 James
1631 591 224 69 George
1889 591 214 52 Frazer

153 668 1771 74 … Abgekürzte ausg. Leipzig, C. L. Hirschfeld, 1928.
164 769 578 50 vii, 1087, [1] p. 24 ᶜᵐ .
193 840 170 49 Einzig·
393 852 109 28 vom
566 840 217 39 verfasser
815 838 297 47 berechtigte
1181 838 290 45 übersetzung
1505 836 154 40 durch
1691 836 71 40 dr.
1797 834 117 50 phil.
1947 835 157 39 Helen

91 910 90 29 von
211 898 206 40 Bauer.”

98 962 1837 56 © Apr. 18, 1928; 1c. July 18; A — Foreign 39624; C. L. Hirschfeld.
176 1024 282 51 (28-24734)

93 1122 307 61 Freeman,
438 1117 222 54 Harold
699 1116 269 54 Webber.

165 1211 218 68 Joseph
414 1212 51 50 &
496 1210 89 52 his
614 1209 270 52 brethren
921 1207 109 70 [by]
1067 1208 77 52 H.
1175 1208 92 54 W.
1301 1208 309 66 Freeman;
1644 1206 143 53 with
1819 1224 73 35 an
96 1206 1983 136 introduction
355 1288 76 69 by

460 1288 68 51 R.
557 1287 78 52 H.
663 1287 296 52 Mottram.
1035 1286 261 67 London,
1327 1284 212 56 Chatto
1571 1287 50 50 &
1651 1284 267 68 Windus,
1952 1286 151 51 1928.

165 1380 469 50 xi, 359 p. 19½ ᶜᵐ .
98 1450 2005 54 © 1c. Oct. 19, 1928; A ad int. 11809; pubd. Oct. 11; Henry Holt & co.,
164 1513 118 39 New
311 1511 145 41 York.
525 1509 281 50 (28-25468)

93 1608 307 62 Freeman,
440 1605 260 54 Richard
742 1604 240 65 Austin,
1026 1607 171 52 1862-

231 1696 1873 71 … The eye of Osiris, by R. Austin Freeman. New York, C.
99 1775 316 56 Scribner’s
446 1794 148 49 sons,
628 1778 150 50 1928.

170 1869 1926 51 6 p. l. , 344 p. front. 19½ ᶜᵐ . (The S. S. Van Dine detective library)
97 1940 52 52 ©
184 1944 128 47 Sept.
343 1942 70 48 13,
446 1942 140 46 1928;
620 1942 68 40 2c.
721 1941 104 40 Oct.
856 1942 83 46 23;
974 1941 83 40 aff.
1092 1941 102 40 Oct.
1225 1941 84 47 20;
1345 1941 43 41 A
1419 1941 142 48 1169;
1597 1941 204 42 Charles
1837 1942 267 41 Scribner’s

165 2011 127 30 sons.
355 1995 70 54 [©
455 1998 332 48 frontispiece,
818 1998 295 48 publisher’s
1142 2000 127 46 note,
1301 1998 350 50 introduction]

176 2056 281 51 (28-24483)

95 2150 424 65 Fülöp-Miller,
556 2150 180 64 René,
777 2153 172 50 1891-

161 2243 308 69 Rasputin,
502 2243 94 52 the
630 2242 137 69 holy
802 2242 172 68 devil,
1007 2242 74 69 by
1116 2243 124 52 René
1307 2242 417 69 Fülöp-Miller
1740 2262 12 49 ;
1788 2243 320 54 translated

94 2321 152 54 from
278 2322 96 52 the
405 2320 253 55 German
687 2320 76 69 by
794 2320 65 52 F.
896 2319 56 55 S.
985 2320 163 53 Flint
1180 2321 114 52 and
1326 2321 72 52 D.
1431 2321 67 52 F.
1531 2321 152 52 Tait.
1752 2322 140 53 New
1927 2320 182 72 York,

93 2402 122 52 The
242 2401 223 69 Viking
493 2419 176 49 press,
699 2403 150 50 1928.

166 2497 83 49 xii,
278 2497 86 41 386
390 2507 44 37 p.
491 2498 172 46 plates,
692 2498 136 46 ports.
871 2496 134 48 (incl.
1032 2495 177 49 front.)
1245 2495 219 42 facsims.
1521 2497 149 40 24½ᶜᵐ.

167 2568 234 41 “Sources
434 2568 97 39 and
563 2566 396 49 bibliography”:
996 2577 43 38 p.
1072 2566 222 42 375-380.

98 2634 52 52 ©
179 2638 103 42 Oct.
311 2638 68 47 15,
407 2637 142 48 1928;
580 2638 68 39 2c.
676 2639 97 38 and
801 2637 83 41 aff.
915 2637 102 40 Oct.
1046 2637 83 48 20;
1158 2637 43 39 A
1228 2638 144 47 1108;
1403 2638 179 49 Viking
1610 2650 151 38 press,
1791 2640 92 41 inc.

177 2694 283 50 (28-24396)

95 2789 305 64 Garrison,
437 2789 273 54 Winfred
749 2789 239 64 Ernest,
1030 2790 171 54 1874-

163 2867 359 53 Affirmative
572 2866 263 70 religion,
883 2867 76 69 by
1008 2867 275 55 Winfred
1334 2869 211 52 Ernest
1595 2868 297 55 Garrison.
1968 2871 140 53 New

95 2945 163 53 York
289 2946 114 53 and
434 2945 260 68 London,
724 2945 235 68 Harper
990 2947 46 51 &
1065 2945 281 69 brothers,
1378 2949 151 51 1928.

164 3042 827 50 viii p., 1 l., 292 p., 1 l. 19½ ᶜᵐ .
99 3111 52 52 ©
182 3115 102 40 Oct.
312 3114 69 48 19,
408 3113 118 41 1928
542 3124 8 36 ;
581 3113 68 41 2c.
678 3112 103 41 Oct.
882 3124 9 35 18;
923 3112 82 42 aff.
1036 3113 103 40 Oct.
1166 3112 86 48 20;
1282 3113 41 39 A
1352 3113 140 48 1088;
1525 3115 195 48 Harper
1749 3119 37 41 &
1813 3117 126 41 bros.

177 3170 282 50 (28-24262)

94 3268 181 53 Gesta
309 3267 423 52 Romanorum.

231 3343 1872 69 … Tales of the monks, from the Gesta Romanorum. New
101 3423 181 67 York,
325 3423 65 53 L.
438 3422 357 69 MacVeagh,
842 3422 121 53 The
1010 3421 138 53 Dial
1196 3441 187 49 press;
1435 3423 275 70 Toronto,
1757 3426 348 70 Longmans,

99 3500 187 55 Green
316 3503 47 49 &
392 3518 301 50 company,
726 3502 150 50 1928.

172 3593 90 41 xiii
293 3604 57 38 p.,
383 3595 25 37 1
476 3624 9 17 l.,
515 3593 86 40 320
630 3604 43 37 p.
731 3593 148 41 24½ᶜᵐ.
949 3593 125 48 (The
1105 3594 188 48 library
1326 3596 52 40 of
1408 3595 154 49 living
1593 3597 215 49 classics,
1842 3599 73 42 ed.
1947 3600 62 48 by
2041 3603 63 39 M.

101 3650 246 48 Komroff)

171 3721 177 40 Edited
378 3721 62 47 by
472 3721 199 40 Manuel
700 3721 236 41 Komroff.

175 3777 1929 55 “The translation by the Rev. Charles Swan … revised by Wynnard
106 3834 2001 52 Hooper and in 1877 printed in Bohn’s famous library … forms the basis
103 3891 77 40 for
210 3892 81 40 the
322 3893 199 46 present
550 3890 335 50 edition.”—p.
919 3892 104 40 xiii.

102 3958 52 53 ©
185 3963 115 48 July
331 3964 68 47 11,
432 3963 141 48 1928;
605 3964 68 40 2c.
708 3963 127 49 Sept.
867 3965 52 47 7;
953 3963 82 43 aff.
1070 3964 128 50 Sept.
1228 3966 84 41 22:
1348 3966 40 40 A
1417 3967 230 50 1054977;
1683 3969 115 41 Dial
1829 3979 150 40 press,
2012 3970 92 42 inc.

180 4020 282 48 (28-24290)
