2498 4384
1054 4171 100 50 309

168 572 87 41 284
285 583 44 37 p.
390 572 55 40 13½ᶜᵐ.

171 631 173 40 “Sixth
377 629 230 41 edition.”

171 687 189 40 “Books
389 687 81 40 for
495 687 198 40 further
723 684 230 49 reading”:
1014 695 44 38 p.
1085 683 220 41 271-272.

102 741 52 52 ©
188 745 111 41 Feb.
330 745 56 39 15,
434 744 115 41 1928;
609 744 68 41 2c.
709 745 96 39 and
836 742 83 42 aff.
952 743 124 40 Mar.
1108 743 26 39 7;
1196 743 43 38 A
1269 741 204 41 1068145;
1537 743 214 47 Popular
1783 741 191 41 science
2003 742 112 48 pub.

173 814 81 36 co.,
285 802 106 47 inc.,
423 804 118 38 New
571 802 145 40 York.
786 799 253 51 (28-7272)

96 897 287 63 Gardner,
422 897 256 53 Edward
715 894 155 55 Hall.

166 971 1948 70 Effective business letters, by Edward Hall Gardner … and
95 1049 2016 72 Robert Ray Aurner … Rev. ed. New York, The Ronald
95 1130 702 70 press company [ ᶜ1 928]
164 1215 64 47 vi,
258 1215 87 41 385
376 1226 44 37 p.
480 1214 130 40 illus.
669 1213 56 39 22ᶜᵐ.

101 1268 52 52 ©
187 1272 111 40 Feb.
329 1271 69 43 29,
432 1270 117 39 1928;
604 1269 69 40 2c.
706 1270 123 39 Mar.
861 1269 52 43 5;
949 1267 83 42 aff.
1066 1269 122 40 Mar.
1220 1268 55 42 3;
1310 1268 38 39 A
1383 1267 202 40 1068092;
1651 1268 189 39 Ronald
1876 1279 136 37 press
2045 1279 70 32 co.

179 1328 254 49 (28-7153)

97 1408 388 63 Gerberding,
521 1408 228 63 George
783 1406 226 64 Henry,
1047 1405 172 54 1847-

165 1486 392 53 Reminiscent
618 1484 319 53 reflections
997 1484 66 53 of
1123 1502 31 34 a
1215 1484 278 69 youthful
1556 1484 425 68 octogenarian,
2040 1485 74 68 by

94 1562 2022 72 George Henry Gerberding … Minneapolis, Minn., Augsburg
94 1641 340 71 publishing
470 1642 190 67 house,
704 1642 151 52 1928.

164 1727 87 41 294
280 1739 31 37 p
383 1726 60 41 20
444 1728 45 22 ᶜᵐ

100 1780 52 52 ©
184 1784 112 40 Feb.
325 1783 69 47 28,
426 1782 141 47 1928;
599 1782 68 40 2c.
698 1782 96 39 and
824 1780 84 42 aff.
939 1782 123 40 Mar.
1094 1780 52 47 6;
1181 1780 40 39 A
1251 1780 232 48 1069150;
1516 1780 260 49 Augsburg
1806 1781 110 48 pub.
1947 1782 167 42 house.

178 1840 253 50 (28-7290)

96 1921 319 63 Germany.
491 1920 396 67 Auswärtiges
920 1925 135 46 amt.

166 2000 109 52 Die
322 2018 193 51 grosse
560 1998 213 69 politik
819 1999 100 52 der
966 1996 413 69 europäischen
1423 1997 312 68 kabinette,
1785 1998 330 53 1871-1914.

98 2077 343 69 Sammlung
478 2077 102 52 der
617 2076 482 68 diplomatischen
1138 2075 173 53 akten
1350 2076 97 52 des
1486 2074 411 71 Auswärtigen
1936 2082 180 47 amtes

95 2154 1998 149 … hrsg. von Johannes Lepsius, Albrecht Mendelssohn Bartholdy,
346 2233 303 53 Friedrich
678 2233 281 52 Thimme.
1024 2235 82 50 40.
1136 2232 94 53 bd.
1299 2233 219 67 Berlin,
1547 2232 286 53 Deutsche
96 2234 1996 148 verlagsgesellschaft
501 2310 99 53 für
632 2311 213 68 politik
876 2311 118 52 und
1028 2310 324 70 geschichte
1384 2330 73 33 m.
1492 2312 51 52 b.
1578 2312 74 67 h.,
1689 2313 152 52 1927.

164 2393 493 51 5 p. l., 176 p. 25 ᶜᵐ.
98 2449 1997 110 © Sept. 13, 1927; 1c. Jan. 5, 1928; A —Foreign 36980; Deutsche verlagsgesellschaft
625 2509 87 40 für
743 2509 176 49 politik
952 2510 99 39 und
1084 2509 281 48 geschichte
1397 2521 61 30 m.
1491 2510 42 40 b.
1566 2509 47 41 h.

92 2589 673 65 Gielgud, V al Henry.
164 2667 1949 70 Old swords, by V al Gielgud. Boston and New York,
93 2747 323 70 Houghton
448 2747 207 53 Mifflin
688 2764 301 52 company,
1022 2748 152 51 1928.

200 2861 9 12 x.
240 2830 88 40 296
357 2841 44 37 p.
462 2829 56 41 19½ᶜᵐ.

165 2889 114 46 Map
308 2899 58 29 on
395 2887 368 48 lining-papers.

99 2940 52 53 ©
185 2946 123 40 Mar.
339 2945 40 48 9,
414 2945 140 47 1928;
589 2945 68 41 2c.
691 2946 124 40 Mar.
848 2945 82 47 12;
967 2944 83 42 aff.
1084 2946 123 40 Mar.
1242 2944 82 48 10;
1361 2945 39 39 A
1436 2945 231 48 1068245;
1705 2947 53 40 V.
1792 2947 62 40 H.
1890 2945 221 48 Gielgud,

167 3003 212 40 London.
451 2998 253 53 (28-7325)

91 3081 355 64 Goldsmith,
482 3082 217 64 Oliver,
735 3081 328 55 1728-1774.

165 3161 138 53 New
345 3179 206 50 essays,
591 3162 76 68 by
709 3160 200 56 Oliver
951 3161 352 68 Goldsmith,
1343 3180 129 34 now
1514 3161 126 54 first
1682 3163 271 53 collected
1997 3163 113 53 and

93 3239 190 53 edited
326 3239 141 52 with
508 3257 74 34 an
620 3240 395 52 introduction
1056 3241 112 52 and
1210 3246 162 47 notes
1411 3238 76 71 by
1529 3241 229 52 Ronald
1804 3239 57 56 S.
1906 3240 204 55 Crane.

97 3316 271 70 Chicago,
399 3317 123 53 The
551 3317 342 69 University
923 3317 65 54 of
1020 3317 256 70 Chicago
1308 3337 176 50 press,
1519 3319 151 53 1927.

163 3400 83 47 xli,
278 3400 99 47 147,
413 3400 56 49 [1]
502 3410 43 38 p.
603 3398 60 41 20ᶜᵐ.

164 3457 130 39 “The
324 3456 226 48 eighteen
580 3467 168 37 essays
778 3457 196 48 printed
1004 3457 51 40 in
1086 3458 100 40 this
1215 3459 194 40 volume
1439 3459 259 48 appeared,
1729 3459 276 48 originally,
93 3461 2004 93 between

275 3514 239 48 January,
543 3514 129 47 1760,
702 3515 97 39 and
828 3514 140 48 June,
996 3515 129 48 1762,
1155 3525 55 31 as
1237 3526 303 38 anonymous
1567 3515 359 42 contributions
1954 3520 48 37 to
2031 3518 82 40 the

95 3572 191 40 British
324 3572 267 48 magazine,
631 3571 83 41 the
754 3572 156 48 Royal
949 3573 267 48 magazine,
1259 3573 83 41 the
1381 3573 171 41 Public
1589 3573 180 49 ledger,
1812 3574 80 40 the
1935 3575 176 47 Lady’s

95 3629 266 48 magazine,
395 3630 99 39 and
527 3628 195 49 Lloyd’s
755 3629 205 49 evening
994 3632 123 46 post.
1183 3629 63 42 So
1280 3631 83 39 far
1397 3641 54 30 as
1487 3631 23 39 I
1546 3641 79 29 am
1660 3640 178 38 aware,
1876 3631 113 47 they
2026 3642 84 30 are

95 3686 115 40 here
239 3686 79 40 for
349 3686 83 40 the
461 3686 109 40 first
599 3686 118 41 time
747 3686 222 40 ascribed
1000 3690 50 37 to
1083 3686 166 42 Oliver
1281 3686 517 43 Goldsmith.”—Pref.

98 3738 52 52 ©
189 3743 112 41 Dec.
337 3744 26 38 2,
416 3743 114 40 1927;
597 3743 68 41 2c.
703 3745 96 38 and
837 3742 83 43 aff.
959 3745 123 40 Mar.
1120 3746 39 46 7,
1199 3745 118 39 1928;
1383 3745 40 38 A
1461 3744 203 40 1068157;
1735 3744 284 47 University
2060 3745 50 40 of

167 3799 223 49 Chicago,
425 3800 225 48 Chicago.
722 3800 253 49 (28-7314)

92 3878 239 63 Grente,
367 3879 281 65 Georges,
684 3880 171 54 1872-

229 3961 1883 77 … Le beau voyage des cardinaux français aux États-Unis
95 4043 1193 72 et au Canada … Paris, Plon [ ᶜ1 927]
