2498 4384
1310 4075 101 54 726

410 516 1699 54 135, [1] p., 1 l. 17½ᶜᵐ. ( Half-title: Wege zum wissen. [88])
345 573 1884 54 © Sept. 15, 1927; 1c. Jan. 5, 1928; A—Foreign 36933; Ullstein a.-g.
424 634 281 50 (28-13150)

347 700 244 62 Garber,
624 699 146 53 Paul
803 699 273 52 Edward.

415 779 281 69 Building
737 779 112 52 and
887 777 183 70 flying
1110 777 188 53 model
1339 774 270 70 aircraft;
1653 794 31 35 a
1725 775 172 71 guide
1940 775 93 53 for
2071 775 272 70 youthful

341 859 302 69 beginners
671 858 60 51 in
758 856 372 68 aeronautics,
1160 856 281 68 prepared
1470 855 93 52 for
1590 856 372 68 Playground
1993 856 111 51 and
342 874 1980 116 recreation

492 933 1855 70 association of America, by Paul Edward Garber … New
344 1015 1310 69 York, The Ronald press company [ ᶜ19 28]
343 1095 1989 102 viii, 300 p. illus. (incl. ports., facsim.) diagrs. 22 ᶜᵐ . (Ronald aeronautic
537 1156 199 47 library,
766 1155 49 41 C.
843 1156 59 39 de
928 1155 52 41 F.
1007 1155 258 46 Chandler,
1293 1153 181 47 editor)

347 1210 51 52 ©
432 1215 114 46 May
576 1214 39 46 5,
647 1213 140 46 1928;
819 1213 68 40 2c.
918 1213 96 38 and
1045 1212 82 41 aff.
1160 1213 114 46 May
1304 1211 81 46 10;
1418 1212 42 38 A
1489 1211 203 40 1077167;
1754 1212 313 46 Playground
2099 1214 35 40 &
416 1220 1915 91 recreation

550 1281 115 29 assn.
709 1270 51 40 of
789 1269 238 46 America,
1060 1269 90 40 inc.,
1197 1269 119 39 New
1347 1269 145 38 York.
1564 1268 280 48 (28-12717)

349 1336 266 63 Gautier,
657 1336 235 62 Claude,
934 1338 171 49 1883-

479 1413 1872 68 … Le métabolisme basal; ses applications en clinique, par
349 1490 2003 69 Claude Gautier … et René Wolff … Avec onze figures dans
348 1570 1143 68 le texte. Paris, G. Doin & c ⁱᵉ , 1928.
417 1650 1935 51 vi, 172 p., 1 l. diagrs. 18 ᶜᵐ . (Collection des actualités de médecine
345 1710 251 49 pratique)

418 1766 421 49 “Bibliographie”:
902 1777 42 37 p.
978 1766 249 50 [147]-167.

350 1820 2002 53 © Nov. 23, 1927; 1c. Feb. 24, 1928; A— Foreign 37680; Gaston Doin &
418 1881 85 41 cie.
577 1880 280 49 (28-13105)

353 1947 195 63 Gillin,
576 1947 155 53 John
761 1946 209 63 Lewis,
1003 1947 171 52 1871-

488 2023 1867 70 … Social problems, by John Lewis Gillin … Clarence G.
347 2102 2009 71 Dittmer … [and] Roy J. Colbert … New York & London, The
353 2182 576 69 Century co. [ ᶜ19 28]
457 2264 1898 48 x, 534 p. illus. (incl. maps) diagrs. 23 ᶜᵐ . (The Century social
350 2320 187 41 science
562 2319 175 47 series)
855 2320 130 49 $3.75

422 2377 350 42 “References”
796 2381 52 37 at
872 2380 89 39 end
990 2378 52 40 of
1065 2378 119 40 each
1207 2379 216 47 chapter.

354 2432 51 52 ©
438 2438 114 46 May
581 2438 40 46 7,
652 2437 140 41 1928:
824 2437 67 41 2c.
922 2438 96 39 and
1048 2437 83 41 aff.
1163 2438 114 46 May
1308 2437 52 47 9;
1393 2437 42 39 A
1464 2436 230 48 1074412;
1728 2437 215 47 Century
1973 2447 69 30 co.

433 2493 280 48 (28-12890)

353 2558 714 62 Gr á tz, Guszt á v, 1875-
420 2636 121 52 The
582 2636 283 53 economic
908 2637 189 68 policy
1140 2636 64 52 of
1246 2637 557 68 Austria-Hungary
1845 2637 214 69 during
2100 2637 96 53 the
2238 2655 118 34 war

349 2713 1981 131 in its external relations, by Dr. Gustav Gratz … and Professor
351 2791 1975 147 Richard Schüller … English version by W. Alison Phillips … New
806 2870 223 65 Haven,
1065 2870 146 52 Yale
1247 2870 314 68 university
1596 2889 184 49 press;
1817 2871 262 67 London,
2110 2871 77 53 H.
353 2871 1974 143 Milford,

552 2946 228 56 Oxford
828 2947 317 69 university
1190 2965 158 49 press
1393 2947 94 52 for
1530 2948 96 52 the
1674 2947 279 70 Carnegie
1999 2949 357 52 endowment

354 3025 93 53 for
494 3024 405 54 international
951 3043 183 49 peace,
1180 3023 264 54 Division
1493 3025 64 52 of
1602 3026 311 53 economics
1959 3027 112 52 and
2116 3027 238 69 history,

354 3107 150 50 1928.

423 3185 1930 51 xxiii, 286 p. 25 ᶜᵐ . [Carnegie endowment for international peace.
353 3243 223 41 Division
608 3242 52 40 of
689 3242 268 40 economics
987 3243 94 38 and
1115 3241 204 48 history.
1378 3243 257 39 Economic
1666 3244 94 39 and
1791 3244 150 39 social
1972 3244 188 48 history
2192 3245 50 39 of
2275 3246 79 38 the

353 3301 152 40 world
531 3310 116 29 war.
701 3299 290 39 Translated
1023 3299 93 38 and
1145 3298 232 48 abridged
1405 3299 165 48 series]

692 3356 172 39 CONTENTS.—The
893 3355 242 40 economic
1163 3354 209 40 alliance
1401 3355 120 40 with
1551 3355 420 48 Germany.—The
2001 3367 146 36 peace
353 3357 1982 97 negotiations

550 3415 53 37 at
638 3411 546 41 Brest-Litovsk.—The
1218 3421 146 37 peace
1399 3411 328 47 negotiations
1762 3415 51 37 at
354 3413 1983 96 Bukharest.—Negotiations

585 3480 60 28 on
672 3469 82 39 the
780 3468 165 40 Polish
972 3467 237 48 question.

359 3521 51 52 ©
444 3526 123 39 Mar.
597 3525 70 46 23,
700 3524 140 46 1928;
873 3524 68 40 2c.
973 3524 114 47 Apr.
1120 3523 29 39 6;
1208 3522 82 40 aff.
1325 3523 114 47 Apr.
1470 3523 54 47 4;
1559 3523 40 39 A
1632 3523 229 47 1077209;
1899 3524 239 48 Carnegie
425 3526 1913 95 endowment

585 3582 78 38 for
693 3581 216 39 internatl.
973 3590 158 38 peace,
1162 3579 337 48 Washington.
1573 3580 280 49 (28-12799)

364 3645 179 63 Gray,
574 3646 205 52 Mason
811 3646 69 52 D.

429 3723 1866 72 Latin for today: second-year course, by Mason D. Gray …
358 3803 1993 67 and Thornton Jenkins … Boston, New York [etc.] Ginn and
358 3884 508 64 company [ ᶜ19 28]
429 3963 131 48 xxiv,
599 3963 98 48 521,
736 3963 84 40 156
856 3974 44 38 p.
974 3964 87 41 col.
1098 3963 163 44 front.,
1300 3963 142 48 illus.,
1481 3964 87 41 col.
1604 3965 171 48 plates,
1812 3974 137 39 maps
1976 3963 135 50 (part
2149 3965 197 47 double)

357 4020 147 41 19½ᶜᵐ.
