2498 4384
1313 4081 133 52 1008

444 510 581 51 261, [1] p., 1 l. 19 ᶜᵐ .
372 576 2000 53 © Oct. 31, 1927; 1c. Mar. 14, 1928; A —Foreign 38080; Ernst Rowohlt
440 638 181 48 verlag,
649 638 46 40 k.
724 647 44 39 g.
797 647 43 31 a.
869 647 43 31 a.
983 636 282 50 (28-17016)

368 729 233 64 Unruh,
634 729 164 55 Fritz
829 747 133 47 von,
998 734 170 49 1885-

444 810 152 68 Way
637 809 65 53 of
743 809 280 68 sacrifice;
1068 809 320 53 translated
1432 808 154 54 from
1628 809 97 53 the
1769 807 253 56 German
2066 808 77 70 by
2190 808 62 55 C.
2299 807 72 54 A.

373 886 366 71 Macartney;
792 887 94 69 [by]
922 886 163 54 Fritz
1115 905 111 35 von
1255 887 228 54 Unruh.
1558 887 140 53 New
1728 886 183 69 York,
1939 885 73 54 A.
2042 885 73 54 A.
2146 886 228 69 Knopf,

374 968 153 50 1928.

445 1046 700 51 6 p. l., 3-181, [1] p. 21 ᶜᵐ .
373 1100 1998 54 © May 11, 1928; 2c. May 12; aff. May 14; A 1074496; Alfred A. Knopf,
440 1161 92 41 inc.
602 1160 282 50 (28-16982)

370 1254 288 64 Walther,
688 1254 237 54 Elmore
955 1256 166 54 Curt.

438 1333 123 53 The
595 1333 301 53 education
932 1333 65 53 of
1030 1334 259 52 children
1325 1334 253 68 through
1614 1333 364 70 geography;
2018 1344 69 58 <a
2121 1334 255 69 syllabus

366 1409 1985 148 of problems for teachers> [By] E. Curt Walther … Baltimore,
574 1492 150 51 1928.

437 1570 27 41 5
489 1584 44 37 p.
595 1603 8 17 l.,
630 1573 85 40 174
744 1583 44 37 p.
849 1573 25 38 1
903 1571 131 42 illus.
1061 1571 161 50 (map)
1260 1573 172 48 plates.
1491 1572 149 41 23½ᶜᵐ.

438 1630 135 40 “List
602 1630 52 39 of
681 1630 274 39 references
983 1629 79 40 for
1089 1629 306 48 geography”:
1457 1641 44 37 p.
1529 1613 218 58 107-172.

437 1686 353 49 Bibliography
813 1688 54 39 at
891 1687 92 39 end
1009 1686 52 40 of
1085 1688 128 39 most
1237 1686 53 41 of
1315 1687 82 40 the
1423 1687 242 47 chapters.

372 1740 1984 102 © June 23, 1928; 2c. and aff. June 25; A 10803042,; E. C. Walther, Baltimore.
700 1800 281 49 (28-16868)

370 1893 293 65 Webster,
693 1894 194 64 Noah,
922 1895 328 53 1758-1843.

432 1972 308 55 Webster’s
779 1973 229 52 wonder
1046 1973 159 52 word
1242 1972 166 69 book,
1446 1970 538 71 self-pronouncing
2020 1971 354 69 dictionary;

364 2070 31 33 a
423 2050 342 53 serviceable
788 2051 226 52 volume
1041 2050 93 53 for
1160 2051 288 68 everyday
1473 2050 307 68 reference,
1805 2050 336 69 containing
2167 2070 31 33 a
2223 2049 154 54 brief

364 2127 224 70 history
620 2128 66 52 of
718 2129 96 52 the
848 2128 248 69 English
1127 2129 304 68 language,
1464 2128 314 69 principles
1812 2128 65 53 of
1908 2147 309 50 grammar,
364 2147 1989 113 prefixes

554 2207 114 52 and
717 2206 238 68 suffixes,
1005 2223 328 52 synonyms,
1383 2211 321 64 antonyms,
1755 2207 318 53 condensed
2122 2206 255 54 business

367 2284 198 68 forms,
604 2302 257 35 common
899 2302 185 35 errors
1122 2284 59 53 in
1220 2284 250 69 spelling
1508 2285 114 52 and
1660 2284 254 69 writing,
1950 2284 327 69 dictionary
2313 2284 64 53 of

365 2381 120 36 war
522 2363 113 54 and
673 2362 163 54 radio
874 2367 192 65 terms,
1102 2367 133 64 etc.;
1277 2380 133 36 over
1450 2364 136 52 1200
1621 2362 401 70 illustrations,
2058 2364 170 53 latest
365 2362 1987 134 official

513 2460 214 50 census,
763 2441 209 67 edited,
1006 2440 223 54 revised
1265 2441 115 53 and
1416 2442 271 68 enlarged
1719 2442 77 68 by
1831 2441 165 54 Prof.
2035 2441 63 55 C.
2134 2442 79 52 M.
366 2441 1986 134 Stevans

531 2517 1823 74 [!] … Nashville, Tenn., The Southwestern company [ ᶜ19 28]
438 2605 114 50 [722]
589 2615 44 39 p.
691 2603 152 42 front.
871 2603 52 49 (5
957 2602 150 50 port.)
1151 2602 132 42 illus.
1341 2603 149 42 20½ᶜᵐ.

434 2661 210 42 Various
678 2660 219 50 pagings.

437 2718 146 41 “New
614 2717 186 41 edition
831 2716 122 42 with
983 2716 210 49 changes
1226 2716 97 40 and
1355 2715 291 43 additions.”

435 2775 266 41 Published
733 2773 115 42 1926
882 2774 155 40 under
1070 2772 109 42 title:
1244 2772 262 42 Webster’s
1539 2774 154 40 world
1726 2774 239 41 standard
1999 2773 291 50 dictionary.

374 2826 53 55 ©
452 2831 127 42 June
602 2831 68 48 12,
696 2830 117 42 1928;
862 2830 69 41 2c.
956 2830 127 40 June
1105 2829 57 41 23;
1216 2828 85 43 aff.
1326 2829 129 42 June
1475 2829 57 41 25;
1586 2830 43 39 A
1652 2829 203 42 1083041;
1913 2830 367 42 Southwestern
2307 2842 68 32 co.

452 2888 281 49 (28-16472)

366 2981 306 64 Weltmer,
706 2981 240 63 Ernest,
982 2983 172 51 1880-

444 3059 364 68 Relaxation,
845 3059 216 68 health,
1101 3059 113 53 and
1254 3059 340 68 happiness;
1637 3059 129 53 how
1806 3064 59 49 to
1905 3060 113 53 live
2061 3060 316 70 efficiently,

373 3137 2003 63 healthily, abundantly, by Ernest Weltmer … Nevada, Mo.,
374 3216 69 53 E.
474 3216 295 67 Weltmer,
801 3217 150 51 1928.

442 3296 770 51 3 p. l., [11]-156, [2] p. 18 ᶜᵐ .
377 3351 1997 52 © June 14, 1928; 2c. June 23; aff. June 22;; A 1082186; E. C. Weltmer.
456 3410 280 50 (28-17076)

373 3505 186 62 West,
588 3503 191 55 Willis
808 3504 229 62 Mason,
1072 3502 172 54 1857-

513 3581 1863 71 … The story of world progress. New ed. By Willis Mason
376 3658 1900 72 West … Boston, New York [etc.] Allyn and Bacon [ ᶜ19 28]
449 3741 135 48 xviii,
613 3741 98 48 683,
739 3741 57 40 47
824 3752 43 37 p.
928 3742 87 40 col.
1042 3741 165 48 front.,
1237 3741 143 49 illus.,
1411 3742 158 48 plates
1607 3744 138 48 (part
1772 3743 112 47 col.)
1921 3753 139 40 maps
2099 3745 137 48 (part
377 3746 1980 101 double)

510 3797 1857 52 ports., facsim. 21 ᶜᵐ . (Allyn and Bacon’s series of school histories)
452 3854 70 40 “A
548 3855 148 40 select
722 3855 86 40 list
836 3855 51 40 of
914 3854 149 41 books
1092 3866 60 30 on
1181 3856 258 47 European
1468 3856 190 49 history
1685 3857 80 41 for
1793 3857 117 49 high
1939 3857 218 41 schools”:
2216 3869 44 38 p.
2289 3860 86 40 1-7

379 3913 53 39 at
459 3912 107 40 end.

381 3963 53 54 ©
469 3968 128 41 June
629 3968 40 48 2,
705 3968 118 42 1928;
883 3968 67 42 2c.
987 3969 129 40 June
1148 3969 82 48 27;
1270 3968 82 42 aff.
1389 3970 130 43 June
1549 3969 83 50 26;
1670 3970 43 40 A
1747 3971 229 49 1083054;
2015 3973 73 41 W.
2125 3973 63 40 M.
2224 3972 150 50 West,

448 4025 338 45 Minneapolis.
858 4025 279 45 (28-16394)
