2498 4384
1145 4103 101 50 885

195 455 201 62 Davis,
429 454 307 63 Raymond
768 452 157 60 Earl,
958 455 168 49 1885-

260 526 1871 74 Surveying theory and practice, by Raymond E. Davis …
188 603 2004 70 Francis S. Foote … and TV. H. Rayner … 1st ed. New York
192 694 137 60 [etc.]
364 686 431 53 McGraw-Hill
824 684 146 53 book
999 701 299 50 company,
1328 682 126 66 inc.,
1485 685 150 49 1928.

253 771 133 46 xxix,
421 769 117 41 1016
571 780 42 38 p.
650 769 110 40 incl.
791 768 145 46 illus.,
974 767 167 40 tables,
1204 765 180 49 diagrs.
1413 765 136 48 (part
1582 764 145 48 fold.)
1796 765 145 41 19½ᶜᵐ.
2062 764 129 49 $5.00

257 826 349 42 “References”
636 829 51 37 at
714 827 90 38 end
834 824 51 41 of
911 825 113 46 part
1050 823 51 40 of
1130 824 80 39 the
1239 824 240 46 chapters.

195 880 52 52 ©
274 884 126 39 June
427 885 37 43 7,
491 883 142 45 1928;
660 882 68 41 2c.
754 882 95 39 and
876 880 82 41 aff.
985 880 127 40 June
1138 880 81 40 11:
1249 878 40 39 A
1316 878 229 46 1077693;
1576 878 353 41 McGraw-Hill
1956 878 124 40 book
2108 889 82 37 co.,

263 940 90 40 inc.
429 938 280 50 (28-15140)

190 1033 233 62 Delsuc,
452 1032 222 52 Pierre.

258 1107 1872 68 La rude nuit de Kervizel, roman scout par Pierre Delsuc …
186 1189 383 52 illustrations
603 1188 68 53 de
702 1187 149 52 Paul
886 1185 161 55 Coze.
1116 1186 186 66 Paris,
1336 1184 299 54 “Editions
1672 1184 195 69 Spes”,
1903 1187 151 51 1927.

258 1266 1931 53 236 p., 1 l. incl. plates. 23ᶜᵐ. (On cover: “Des fleurs et des fruits”;
186 1327 330 47 bibliotheque
551 1337 121 38 pour
708 1327 71 39 les
815 1326 186 47 jeunes.
1077 1325 42 40 [2.
1158 1324 135 49 sér.])

194 1380 1998 53 © Nov. 22, 1927; 1c. Feb. 10, 1928; A—Foreign 37411; Editions Spes.
272 1440 282 50 (28-15050)

198 1535 299 68 [Edinger,
532 1534 225 54 Gaston]

324 1610 1868 69 … Non, ne te marie pas … roman. [Paris, J. Ferenczi et
186 1692 107 67 fils,
322 1691 154 67 1927]

254 1774 99 48 214,
389 1774 55 49 [1]
478 1784 43 38 p.
581 1773 116 40 19ᶜᵐ.

256 1830 231 41 Author’s
515 1831 179 47 pseud.,
726 1830 253 47 Sheridan,
1009 1831 53 38 at
1088 1829 126 40 head
1244 1828 52 41 of
1324 1829 123 41 title.

194 1884 1999 52 © Dec. 30, 1927; 1c. Feb. 24, 1928; A—Foreign 37688; J. Ferenczi & fils.
272 1943 280 50 (28-15045)

191 2040 232 63 Ehrler,
453 2041 169 52 Hans
651 2039 303 63 Heinrich,
989 2039 166 54 1872-

257 2120 119 52 Das
420 2124 185 64 gesetz
647 2120 100 51 der
788 2119 161 66 liebe,
991 2138 111 33 von
1146 2119 168 52 Hans
1356 2119 282 52 Heinrich
1682 2120 224 52 Ehrler.
1984 2120 211 63 Gotha,

186 2199 62 51 L.
281 2198 194 60 Klotz,
509 2200 149 50 1928.

255 2279 542 49 4 p. l., 315 p. 19 ᶜᵐ .
195 2333 1998 53 © Jan. 1, 1928; 1c. Mar. 2; A —Foreign 37877; Leopold Klotz verlag.
270 2395 281 49 (28-15201)

191 2489 255 63 Eichler,
476 2489 230 53 Lillian.

260 2567 1915 70 The art of conversation, by Lillian Eichler … Garden City
188 2646 70 53 N.
301 2647 89 67 Y.,
435 2647 142 53 Pub.
624 2646 93 53 for
758 2647 70 52 N.
871 2646 358 69 Doubleday,
1271 2647 127 64 inc.,
1438 2646 76 70 by
1553 2646 360 70 Doubleday,
1953 2648 158 67 Page
2150 2649 45 50 &

190 2744 298 50 company,
523 2724 150 54 1927.

255 2808 29 40 2
337 2840 9 9 v.
406 2809 148 41 18½ᶜᵐ.

261 2867 179 40 “What
470 2869 48 37 to
550 2866 174 40 read”:
758 2867 92 39 vol.
882 2876 52 36 ii,
966 2877 42 37 p.
1042 2864 230 48 187-215;
1309 2866 249 41 “Selected
1588 2865 396 49 bibliography”:
2019 2867 92 39 vol.
2184 2898 8 15 II,

188 2935 43 37 p.
253 2923 218 42 216-218.

189 2977 52 52 ©
266 2981 112 40 Dec.
401 2981 70 41 23,
496 2981 114 40 1927;
661 2981 68 41 2c.
752 2982 114 47 May
888 2981 40 47 3,
952 2981 140 46 1928;
1119 2980 82 40 aff.
1224 2982 115 47 May
1361 2981 82 47 31;
1469 2982 41 38 A
1532 2980 230 40 1074905;
1788 2981 180 40 Nelson
262 2981 1918 105 Doubleday,

403 3037 106 50 inc.,
545 3037 193 41 Garden
773 3037 123 48 City,
930 3039 56 40 N.
1020 3038 55 39 Y.
1146 3037 281 50 (28-14851)

188 3118 314 62 Etherton,
535 3119 187 62 Percy
756 3117 277 63 Thomas,
1071 3120 169 51 1879-

259 3195 1873 70 The Pacific, a forecast, by Lieut.-Colonel P. T. Etherton …
188 3274 1982 148 & H. Hessell Tiltman … Boston, Little, Brown, and company, 1928.
260 3436 83 48 xii,
376 3436 84 40 261
495 3447 43 37 p.
600 3436 164 48 front.,
798 3437 172 47 plates.
1033 3436 147 42 21½ᶜᵐ.

196 3489 52 52 ©
282 3493 130 40 June
443 3493 38 47 6,
517 3492 117 41 1928;
694 3493 66 40 2c.
795 3494 97 39 and
926 3493 82 41 aff.
1043 3494 127 38 June
1203 3493 82 46 12;
1323 3493 41 39 A
1398 3492 230 47 1074968;
1666 3492 163 46 Little,
1865 3493 193 47 Brown,
2096 3495 96 39 and

263 3560 250 38 company.
584 3549 280 50 (28-14917)

191 3630 121 52 The
366 3630 246 52 Federal
668 3635 272 62 reporter.
1033 3629 219 55 Second
1307 3630 183 52 series.
1585 3628 169 54 Cases
1811 3629 213 68 argued
2082 3629 111 51 and

263 3708 346 52 determined
660 3707 57 53 in
763 3708 96 52 the
904 3707 218 54 Circuit
1168 3713 189 47 courts
1403 3707 63 53 of
1511 3708 235 66 appeals
1791 3708 112 51 and
1949 3706 244 54 District

263 3791 188 48 courts
480 3785 64 53 of
572 3786 95 52 the
696 3785 217 53 United
946 3785 189 55 States
1166 3786 113 52 and
1310 3786 97 52 the
1437 3785 179 54 Court
1647 3785 64 52 of
1742 3785 234 68 appeals
2005 3785 64 53 of
2098 3786 95 51 the

261 3863 1932 68 District of Columbia, with key-number annotations … v. 23
276 3940 126 70 (2d)
442 3941 553 69 February-March,
1026 3945 149 50 1928.
1244 3941 81 56 St.
1356 3943 165 66 Paul,
1547 3943 159 54 West
1733 3941 337 70 publishing
2098 3960 98 53 co.,

264 4022 148 50 1928.
