2498 4384
1297 4086 103 51 416

420 494 833 49 “Als manuskript … gedruckt.”
352 549 1978 108 © Dec. 13, 1927; 1c. Dec. 27; A —Foreign 36425; Philosophisch-anthroposophischer verlag. (28-8535)
343 661 230 62 Theiss,
596 661 194 53 Lewis
813 659 226 63 Edwin,
1067 660 172 53 1878-

420 740 252 68 Keepers
712 737 64 54 of
813 739 96 52 the
947 757 121 49 sea;
1108 739 97 52 the
1244 743 158 66 story
1442 737 65 55 of
1546 739 96 52 the
1681 737 220 55 United
1943 736 190 56 States
348 737 1979 133 lighthouse

549 818 229 65 service,
802 817 77 68 by
904 817 184 53 Lewis
1118 817 68 52 E.
1216 817 219 67 Theiss,
1462 816 328 54 illustrated
1816 815 76 69 by
1920 817 66 52 P.
2017 817 65 52 L.
2112 816 237 53 Martin.

349 895 1210 68 Boston, W. A. Wilde company [ ᶜ19 27]
417 977 87 40 320
530 988 43 37 p.
632 976 151 41 front.
842 976 147 41 19½ᶜᵐ.

352 1030 51 52 ©
432 1035 128 47 Sept.
586 1034 68 47 10,
681 1035 113 39 1927;
848 1034 68 40 2c.
943 1035 97 39 and
1065 1033 82 42 aff.
1174 1035 124 39 Mar.
1323 1034 69 48 26,
1419 1034 115 40 1928;
1589 1034 41 39 A
1655 1034 203 40 1068534;
1915 1035 71 40 W.
2014 1034 55 39 A.
2096 1034 158 40 Wilde
2280 1045 68 30 co.

429 1091 251 48 (28-8517)

342 1144 182 62 Uren,
557 1143 212 53 Lester
804 1142 264 63 Charles,
1107 1146 171 50 1888-

417 1222 56 52 A
504 1221 239 53 decimal
776 1220 400 54 classification
1209 1220 95 54 for
1334 1221 97 53 the
1463 1221 166 69 filing
1660 1220 64 53 of
1757 1221 136 53 data
1927 1220 332 69 pertaining
2291 1227 57 46 to

347 1297 1940 70 the petroleum and related industries, by Lester C. Uren …
352 1375 1699 70 [Cleveland] National petroleum publishing co., ᶜ19 28.
419 1458 442 49 1 p. l ., 78 p. 23 ᶜᵐ.
421 1516 71 40 On
522 1526 140 29 cover:
723 1515 218 40 Decimal
972 1515 146 40 index
1148 1515 52 40 of
1228 1516 269 47 petroleum
1529 1515 300 48 technology.

420 1573 248 39 “Modeled
705 1572 132 40 after
873 1572 81 41 the
990 1582 132 31 same
1158 1574 117 46 plan
1311 1582 54 30 as
1401 1572 111 40 that
1548 1573 118 39 used
1702 1573 61 46 by
1801 1572 192 48 Dewey,
2031 1575 170 45 except
2240 1573 108 41 that

346 1631 69 38 all
452 1630 283 47 knowledge
772 1629 41 40 is
853 1629 284 40 considered
1176 1639 54 30 as
1270 1628 316 42 subordinate
1627 1631 48 39 to
1716 1629 81 40 the
1836 1628 113 41 field
1988 1629 52 40 of
2080 1630 265 47 petroleum

347 1684 435 50 technology.”—p.
812 1687 42 41 2.

415 1743 135 40 With
583 1743 189 48 subject
806 1743 161 41 index.

349 1796 51 51 ©
434 1800 122 40 Mar.
588 1800 68 47 17,
688 1800 140 46 1928;
861 1801 68 39 2c.
962 1800 97 39 and
1089 1799 83 42 aff.
1204 1801 124 40 Mar.
1359 1800 83 47 22;
1476 1799 41 39 A
1548 1799 230 47 1069406;
1813 1799 232 40 National
2080 1801 268 47 petroleum

419 1857 109 47 pub.
560 1868 67 29 co.
698 1856 252 49 (28-8334)

342 1909 131 52 Van
499 1910 70 51 de
597 1910 204 61 Voort,
831 1909 162 53 Alice
1022 1909 212 52 Maria.

418 1988 121 52 The
569 1988 268 68 teaching
867 1987 64 53 of
962 1987 215 53 science
1206 1988 61 52 in
1297 1988 224 52 normal
1554 1986 219 54 schools
1806 1988 112 52 and
1952 1987 254 54 teachers

346 1987 1979 148 colleges,
538 2066 75 68 by
634 2065 164 53 Alice
820 2065 191 53 Maria
1035 2066 131 54 Van
1191 2066 69 52 de
1283 2066 187 52 Voort…
1632 2065 140 53 New
1793 2065 165 53 York
1981 2066 136 67 city,
346 2064 1975 133 Teachers
458 2145 230 68 college,
715 2143 299 55 Columbia
1039 2143 339 69 university,
1405 2143 150 54 1927.

347 2226 1983 106 iv p., 2 l., 96 p. 23½ᶜᵐ. (Teachers college, Columbia university. Contributions to education, no. 287)
415 2342 350 47 Bibliography;
827 2353 42 37 p.
888 2341 158 42 88-96.

349 2395 51 52 ©
433 2401 112 39 Feb.
574 2401 70 47 28,
676 2400 115 41 1928;
850 2399 68 41 2c.
950 2401 122 39 Mar.
1102 2400 28 40 6;
1188 2399 83 42 aff.
1304 2402 123 40 Mar.
1459 2400 25 40 8;
1545 2400 41 39 A
1616 2400 174 40 1069178;
1880 2401 243 39 Teachers
2155 2401 192 47 college,

421 2456 251 40 Columbia
703 2457 129 40 univ.
904 2456 251 50 (28-8489)

341 2509 207 64 Vialle,
582 2510 292 53 Fernand.

415 2587 240 69 L’appel
692 2589 76 51 du
805 2588 176 52 soleil.
1060 2589 133 65 [Par]
1255 2589 269 52 Fernand
1561 2588 191 53 Vialle
1789 2593 53 47 et
1882 2587 248 82 Casinjir
344 2588 1979 145 Tourneyrie.

622 2665 193 67 Brive,
843 2665 269 53 Editions
1142 2666 68 52 de
1241 2666 116 52 “La
1388 2665 218 69 Brise”,
1639 2665 149 54 1927.

437 2748 75 39 1 v.
347 2799 1998 54 © Apr. 15, 1927; 1c. May 31; A—Foreign 36159; Fernand Vialle, Brive,
421 2861 199 40 France.

341 2913 195 62 Wells,
568 2913 259 53 Herbert
861 2913 246 64 George,
1142 2917 172 49 1866-

346 2991 1979 146 … Menschen göttern gleich, roman. Berlin [etc.] P. Zsolnay, 1927.
416 3150 376 49 378, [4] p. 20 ᶜᵐ.
349 3207 1986 96 “Autorisierte ü bersetzung aus dem englischen von Paul von Sonnenthal
479 3265 98 39 und
607 3264 113 41 Otto
750 3265 210 39 Mandl.”

419 3321 68 40 “1.
516 3321 72 40 bis
617 3320 70 41 20.
718 3321 250 41 tausend.”

347 3373 1998 55 © July 25, 1927; 1c. Oct. 15; A —Foreign 35984; Paul Zsolnay, verlag,
416 3445 96 36 ges.
543 3446 60 29 m.
632 3435 43 39 b.
705 3435 45 39 h.
821 3434 251 50 (28-8526)

340 3486 241 63 Wilson,
611 3487 156 53 John
798 3487 252 63 Arthur,
1087 3491 171 49 1890-

414 3564 121 52 The
586 3563 308 70 chemistry
942 3564 66 52 of
1057 3565 219 53 leather
1324 3563 420 70 manufacture,
1789 3566 37 53 by
1915 3567 159 53 John
2121 3567 227 52 Arthur

344 3643 2005 71 Wilson … 2d ed. v. 1. New York, The Chemical catalog
345 3738 299 50 company,
673 3720 127 66 inc.,
833 3723 149 50 1928.

415 3801 1931 53 495 p. illus., plates, diagrs. 23½ ᶜᵐ. (American chemical society.
344 3858 301 48 Monograph
675 3857 166 41 series.
919 3870 73 29 [no.
1022 3858 98 50 12])

415 3913 1709 51 “References” at end of each chapter except chap, I of vol. I.
349 3966 51 53 ©
431 3971 122 40 Mar.
579 3970 69 47 20,
676 3970 115 41 1928;
846 3971 67 42 2c.
942 3972 96 43 and
1064 3970 81 44 aff.
1174 3973 124 40 Mar.
1324 3972 83 47 21;
1438 3973 41 40 A
1507 3972 229 49 1069375;
1768 3973 245 45 Chemical
2043 3975 192 46 catalog
2263 3984 82 39 co.,

418 4027 91 55 inc,
580 4027 227 51 (28-8500)
