2498 4384
1056 4052 134 50 1431

209 477 886 54 4 p. l., [vii]-xlviii, 379, [1] p. 21½ ᶜᵐ.
211 549 248 48 “Original
490 549 108 40 title:
655 550 98 39 Der
781 547 330 49 leibhaftige.”

143 600 1996 59 © Sept. 28, 1928; 2c. and aff. Oct. 1; A 1054705; Alfred A. Knopf, inc.
219 662 282 51 (28-22354)

134 758 199 62 Treat,
365 758 236 63 Payson
635 756 276 64 Jackson,
949 757 171 55 1879-

204 836 194 69 Japan
439 837 112 52 and
591 835 95 54 the
724 835 219 54 United
984 835 207 68 States,
1233 837 329 64 1853-1921,
1601 833 220 53 revised
1861 834 110 52 and
135 848 1984 122 continued
368 919 60 48 to
466 916 152 65 1928,
650 914 77 68 by

761 909 1383 75 Payson J. Treat … Stanford University,
135 988 1290 73 Calif., Stanford university press [ ᶜ19 28 ]
204 1071 1102 53 ix, 307 p. incl. front., illus. (maps) 20 ᶜᵐ.
205 1132 162 41 “With
399 1134 82 38 the
512 1132 253 47 exception
797 1131 51 40 of
880 1132 81 40 the
991 1131 107 40 first
1130 1132 95 39 and
1257 1131 271 40 thirteenth
1560 1131 241 47 chapters,
1833 1130 84 40 the
1945 1131 197 47 present

133 1190 191 39 volume
353 1188 209 42 consists
590 1188 52 40 of
672 1189 209 39 lectures
909 1188 236 47 prepared
1175 1188 81 39 for
1286 1188 215 46 delivery
1531 1189 52 39 at
1611 1187 114 40 four
1755 1186 51 41 of
1836 1188 82 38 the
1947 1185 196 47 leading

134 1246 244 48 Japanese
415 1244 313 41 universities
764 1244 49 39 in
848 1246 83 39 the
965 1244 91 40 fall
1093 1244 51 40 of
1179 1243 353 41 1921.”—Pref.

142 1298 52 52 ©
231 1302 127 49 Sept.
392 1302 69 46 20,
497 1301 114 41 1928;
674 1301 68 41 2c.
779 1300 128 48 Sept.
942 1299 81 47 26;
1062 1299 82 41 aff.
1182 1300 129 47 Sept.
1347 1300 82 46 25;
1467 1300 40 39 A
1541 1298 230 48 1054549;
1809 1300 51 39 P.
1897 1298 43 41 J.
1977 1299 163 46 Treat,

211 1357 235 43 Stanford
482 1357 296 48 University,
815 1356 144 42 Calif.
1034 1356 283 49 (28-22218)

141 1452 147 63 Veil,
321 1451 164 55 Paul.

203 1524 1942 76 Traité d’électrocardiographie clinique, par Paul Veil … et
139 1604 1998 70 Juan Codina-Altès … avec la collaboration de R. [i. e. L.]
136 1681 2008 74 Bard [ e. a.] … Préface de L. Gallavardin … Avec 197
138 1760 2004 75 figures et XXI planches dans le texte et hors texte. Paris,
134 1840 616 68 G. Doin & c ⁱᵉ , 1928.
203 1921 1684 55 2 p. l., [vii]-xix, 447 p. illus., plates (part fold.) diagrs. 24 ᶜᵐ.
142 1977 1866 55 © Feb. 4, 1928; 1c. May 18; A—Foreign 38891; Gaston Doin & cie.
218 2037 282 50 (28-22443)

132 2130 302 66 Vergilius
466 2132 186 63 Maro,
685 2131 263 56 Publius.

139 2208 1980 152 … The Aeneid of Vergil, books I-VI, and the Metamorphoses
375 2289 66 53 of
476 2288 172 69 Ovid,
682 2289 313 68 selections,
1032 2289 141 53 with
1209 2289 440 69 introductions,
1683 2295 178 64 notes,
1898 2291 114 54 and
139 2306 1979 134 vocabulary

449 2365 1693 75 by Charles Knapp … Rev. ed. Chicago, Atlanta
269 2443 1229 73 [etc. ] Scott, Foresman and company, 1928.
209 2526 96 48 645,
334 2526 86 41 202
446 2538 44 38 p.
550 2529 172 47 plates,
750 2528 119 41 fold.
897 2538 126 38 map.
1083 2528 56 41 19½ᶜᵐ.
1302 2529 126 48 (The
1457 2529 132 43 Lake
1618 2530 226 41 classical
1871 2531 177 48 series)

209 2584 183 41 Folded
418 2595 115 37 map
557 2586 230 39 mounted
814 2597 60 28 on
901 2585 137 41 front
1065 2585 342 49 lining-paper.

139 2638 53 52 ©
221 2641 129 50 Sept.
376 2642 39 47 8,
442 2642 115 41 1928;
612 2643 69 41 2c.
707 2644 96 39 and
828 2642 83 42 aff.
941 2643 128 50 Sept.
1097 2643 56 40 12;
1209 2645 42 38 A
1277 2645 208 40 1054260;
1541 2645 147 49 Scott,
1718 2647 266 40 Foresman
2012 2647 36 40 &
2076 2658 68 31 co.

210 2693 69 56 [©
308 2698 191 42 revised
526 2699 347 49 introduction,
904 2701 139 40 notes
1071 2702 95 38 and
1195 2702 314 49 vocabulary]

216 2754 283 51 (28-22250)

269 2849 1872 73 … The Aeneid of Vergil, books I-VI, selections VII-XII, with
138 2927 1941 75 an introduction, notes, and vocabulary by Charles Knapp …
136 3004 1981 150 Rev. ed. Chicago, Atlanta [etc. ] Scott, Foresman and company, 1928.
208 3162 1537 55 646, 202 p. plates. 19½ ᶜᵐ. (The Lake classical series)
209 3220 68 39 “A
303 3219 130 42 brief
459 3221 368 49 bibliography”:
886 3235 43 36 p.
957 3224 217 41 132-136.

139 3273 2003 60 © Sept. 14, 1928; 2c. and aff. Sept. 19; A 1053396; Scott, Foresman &
205 3346 68 29 co.
339 3331 70 54 [©
445 3336 301 41 mechanical
781 3337 213 42 revision
1030 3339 52 39 of
1116 3341 107 39 text
1259 3341 96 39 and
1392 3340 191 42 revised
1619 3341 346 49 introduction,
2003 3346 140 38 notes

202 3392 98 40 and
329 3392 313 51 vocabulary]
714 3394 283 51 (28-22249)

130 3483 272 65 Vincent,
434 3486 255 54 Wallace
722 3488 265 55 Dunbar.

203 3561 120 54 The
357 3562 146 70 jolly
533 3563 148 54 book
713 3564 64 53 of
807 3584 124 35 new
965 3585 219 51 games;
1220 3568 375 71 thirty-eight
1627 3588 155 36 more
1815 3590 192 50 games
2044 3572 96 54 for

132 3639 2004 160 real boys and girls, by Wallace Dunbar Vincent … with illustrations by the author. New York, Chicago [etc. ] Fleming H.
132 3792 200 54 Revell
364 3813 282 52 company
794 3801 84 64 [ᶜ1928]

203 3873 465 51 158 p. illus. 19½ ᶜᵐ.
136 3927 53 52 ©
213 3931 121 49 Aug.
357 3934 72 47 27,
453 3934 115 40 1928;
620 3936 69 40 2c.
715 3938 96 38 and
836 3936 83 41 aff.
947 3938 129 50 Sept.
1102 3939 58 40 18:
1212 3940 42 38 A
1279 3940 202 42 1053333;
1539 3943 223 51 Fleming
1786 3946 61 41 H.
1874 3946 168 41 Revell
2069 3958 68 30 co.

211 3988 284 52 (28-22203)
