2498 4384
1103 4069 102 55 957

154 427 240 63 Tolstoi,
427 427 121 51 Lev
579 425 405 61 Nikolaevich,
1014 424 137 69 graf
1156 465 10 22 ,
1202 425 325 50 1828-1910.

215 505 121 52 The
372 503 292 67 Cossacks,
699 521 32 34 a
768 502 310 68 throbbing
1115 519 260 34 romance
1411 499 65 53 of
1510 500 126 52 love
1671 499 113 52 and
1822 499 329 66 adventure,

144 583 170 52 based
350 600 73 34 on
459 582 94 52 the
587 581 217 51 motion
839 580 221 68 picture
1094 584 175 61 story,
1303 577 75 69 by
1411 577 155 68 Lyof
1600 577 69 52 N.
1704 575 238 54 Tolstoi.
2013 576 137 51 New

146 656 1534 71 York, Jacobsen-Hodgkinson-corporation [ ᶜ1 928]
214 741 546 50 3 p. l., 5-127 p. 20ᶜᵐ
155 810 52 51 ©
232 814 126 39 June
381 814 39 45 1,
446 812 141 46 1928;
611 812 69 41 2c.
704 812 127 39 June
854 810 81 46 16;
962 810 83 41 aff.
1068 811 128 40 June
1218 810 84 47 15;
1327 810 40 38 A
1391 808 228 47 1077961;
223 807 1915 103 Jacobsen-Hodgkinson

335 868 323 49 corporation.
731 867 282 50 (28-15792)

150 976 200 62 Treat,
380 977 236 61 Payson
646 975 276 59 Jackson,
956 975 169 53 1879-

223 1055 121 52 The
369 1054 117 52 Far
512 1054 169 53 East:
709 1073 32 33 a
767 1053 260 68 political
1053 1053 113 53 and
1192 1052 339 69 diplomatic
1557 1051 241 69 history,
1823 1051 77 70 by
1925 1051 228 69 Payson

154 1129 2003 69 J. Treat … New York and London, Harper & brothers, 1928.
224 1212 64 48 xi,
317 1212 97 48 549,
447 1214 54 48 [1]
532 1224 43 37 p.
634 1213 118 41 fold,
782 1214 164 46 front.,
973 1222 152 38 maps.
1186 1213 117 40 22ᶜᵐ.
1368 1212 249 49 [Harper’s
1647 1210 253 41 historical
1931 1211 167 49 series]

225 1284 443 47 “Bibliographical
699 1284 195 40 notes”:
927 1295 44 36 p.
1002 1282 215 45 519-529.

157 1350 52 53 ©
234 1356 127 39 June
383 1356 70 46 15,
478 1356 140 46 1928;
644 1356 67 41 2c.
736 1356 127 39 June
887 1356 81 46 15;
996 1355 83 41 aff.
1104 1356 127 39 June
1256 1354 82 45 18;
1367 1355 39 39 A
1431 1354 230 47 1077839;
1689 1355 196 48 Harper
1909 1354 37 40 &
1972 1353 126 41 bros.

235 1412 282 49 (28-15605)

153 1522 71 53 U.
262 1521 57 54 S.
393 1522 204 52 Forest
634 1539 227 36 service.
935 1522 204 53 Forest
1175 1521 274 68 products
1487 1520 347 70 laboratory,
1869 1520 285 53 Madison.

219 1596 328 71 Chemistry
570 1598 65 53 of
657 1600 96 52 the
776 1598 253 69 sulphite
1052 1617 242 50 process,
1317 1599 75 68 by
1418 1599 68 52 R.
1511 1599 69 53 N.
1605 1598 196 53 Miller
1826 1599 112 52 and
1962 1598 90 53 TY
2079 1598 77 53 H.

149 1674 294 70 Swanson,
475 1677 79 52 M.
587 1677 90 54 W.
712 1678 175 67 Bray,
921 1678 65 51 T.
1019 1677 80 53 M.
1132 1677 301 67 Andrews,
1463 1677 69 52 R.
1569 1675 353 70 Söderquist,
1953 1677 90 53 IV.
2078 1676 78 53 H.

146 1754 271 53 Monsson
443 1753 65 54 of
533 1756 94 51 the
652 1755 217 54 United
899 1752 189 57 States
1115 1754 182 53 forest
1322 1754 271 68 products
1619 1754 347 68 laboratory,
146 1754 1986 144 Madison,

319 1831 1839 69 Wisconsin … New York, N. Y., Pub. for the Technical
148 1910 340 53 association
523 1910 64 53 of
621 1911 95 52 the
754 1911 141 67 pulp
931 1910 113 52 and
1084 1928 176 50 paper
1293 1909 268 71 industry
1595 1910 74 69 by
1703 1911 98 52 the
1836 1911 320 53 Lockwood

147 1988 971 69 trade journal company [ ᶜ1 928]
217 2072 84 40 166
332 2083 43 37 p.
437 2072 142 47 illus.,
611 2071 180 49 diagrs.
851 2072 146 41 23½ᶜᵐ.

157 2144 52 53 ©
237 2150 126 40 June
388 2150 41 46 4,
457 2148 141 47 1928;
626 2149 67 40 2c.
722 2150 94 38 and
844 2148 83 41 aff.
955 2148 127 42 June
1108 2148 82 47 13;
1219 2148 42 39 A
1288 2148 230 48 1077748;
1548 2148 259 42 Technical
1836 2160 115 30 assn.
1994 2150 52 41 of
2074 2151 83 40 the

228 2207 116 47 pulp
375 2207 96 39 and
503 2206 83 40 the
617 2216 151 37 paper
798 2206 241 47 industry,
1073 2206 118 39 New
1223 2206 147 40 York.
1440 2205 281 49 (28-15396)

154 2314 353 64 University
537 2315 191 52 travel
760 2314 379 53 association.

226 2394 408 69 Photographs
665 2394 65 53 of
757 2395 96 52 the
885 2394 125 54 first
1038 2394 322 69 university
1389 2395 181 53 world
1601 2395 209 65 cruise;
1840 2397 225 53 Walter
2096 2396 61 55 C.

155 2473 2002 69 Harris … cruise photographer; University travel association
217 2551 1942 70 … S. S. Ryndam, September 18, 1926 to May 2,1927 … [New
155 2629 389 69 York, ᶜ1 927]
223 2713 945 49 3 p. l., 202 p. of illus. 28½ × 36½ᶜᵐ.
224 2781 255 41 Half-title:
540 2781 204 41 Pioneer
768 2782 273 48 university
1065 2783 153 40 world
1242 2783 173 41 cruise.

159 2848 2000 55 © Aug. 16, 1927; 2c. June 20, 1928; aff. May 31; A 1077942; University
228 2911 156 39 travel
409 2918 130 32 assn,
562 2910 105 47 inc.,
692 2911 117 39 New
832 2910 146 41 York.
1052 2910 282 49 (28-15561)

154 3018 245 62 Villard,
434 3018 234 54 Oswald
702 3017 303 64 Garrison,
1042 3018 170 54 1872-

287 3095 1872 71 … Prophets true and false. New York, London, A. A.
152 3173 226 69 Knopf,
406 3176 152 51 1928.

225 3255 759 51 6 p. l., [3]—355, [1] p. 21½ᶜᵐ.
229 3326 184 40 “These
439 3326 187 41 studies
652 3326 49 40 in
729 3328 256 40 character
1011 3338 85 30 are
1122 3329 82 39 the
1230 3328 153 41 fruits
1411 3329 52 40 of
1490 3329 267 47 thirty-one
1782 3340 143 37 years
1954 3331 52 40 of
2031 3331 128 41 close

156 3382 314 47 journalistic
501 3383 310 41 observation
844 3384 53 40 of
929 3395 108 30 men
1072 3386 95 39 and
1202 3395 185 31 women
1422 3385 49 40 in
1506 3387 83 39 the
1623 3386 217 49 political
1877 3388 95 40 and
2009 3388 147 40 social

154 3438 89 41 life
272 3439 52 40 of
350 3440 83 40 the
464 3439 179 41 United
674 3440 546 43 States.”—Foreword.

158 3506 52 52 ©
237 3511 127 40 June
388 3511 69 47 15,
485 3511 117 41 1928;
654 3513 67 40 2c.
748 3514 95 38 and
870 3513 83 40 aff.
980 3514 128 40 June
1132 3513 82 47 18;
1244 3514 41 39 A
1311 3513 231 48 1077849;
1571 3515 173 41 Alfred
1770 3516 54 42 A.
1852 3517 167 51 Knopf.
2062 3517 91 40 inc.

236 3567 305 49 (28-15599)

152 3675 298 63 Wachter,
481 3677 144 52 Karl
657 3693 132 47 von,
825 3682 171 49 1859-

226 3753 186 70 Krieg
440 3756 117 52 und
585 3756 173 68 geist;
792 3757 100 53 das
921 3757 314 53 mistrauen
1265 3758 60 52 in
1356 3758 108 52 den
1496 3758 147 69 geist
1674 3759 82 54 als
1827 3761 195 53 ursache
155 3779 1974 105 unseres

339 3833 415 53 militärischen
793 3853 301 50 versagens
1133 3853 68 34 zu
1241 3835 211 69 beginn
1493 3837 96 52 des
1683 3837 320 70 weltkrieges,
2042 3856 108 36 von

156 3908 2001 79 Karl von Wächter … München und Berlin, R. Oldenbourg,
158 3986 151 55 1927.
