2498 4384
1193 4087 140 50 2206

335 487 266 40 Published
632 487 103 40 also
768 497 54 30 as
853 486 154 41 thesis
1048 487 108 48 (PH.
1219 486 34 48 D.)
1295 485 251 43 Columbia
1582 485 288 48 university,
1903 485 129 41 1928.

335 544 380 48 Bibliography:
752 554 42 38 p.
828 543 218 42 191-194.

274 597 2010 52 © Nov. 1, 1928; 2c. Dec. 26; aff. Dec. 27; A 3359; Teachers college,
343 658 252 40 Columbia
622 658 131 41 univ.
817 658 253 49 (29-2504)

266 740 288 64 Sprague,
587 739 170 54 Jesse
790 740 345 65 Rainsford,
1171 741 173 54 1872-

333 820 197 55 James
570 821 179 69 Read,
789 820 268 71 building
1097 822 265 53 material
1405 821 315 66 merchant,
1763 821 75 67 by
1880 820 160 55 Jesse

264 819 2000 134 Rainsford
436 899 278 69 Sprague.
798 901 367 66 [Allentown,
1199 902 122 66 Pa.,
1356 898 225 70 Lehigh
1615 899 286 53 Portland
1938 904 220 48 cement
2189 918 99 47 co.,

317 982 120 63 ᶜ1928]

332 1061 774 48 2 p. l ., 3-179 p. plates. 19½ ᶜᵐ.
271 1114 2012 53 © Dec. 10, 1928; 2c. and aff. Dec. 29; A 3394; Lehigh Portland cement
339 1186 69 31 co.
478 1175 252 50 (29-3419)

265 1257 202 64 Stöhr,
495 1257 255 66 Philipp,
784 1263 170 50 1891-

336 1337 499 68 Mikroskopische
892 1338 287 55 anatomie
1239 1337 97 54 des
1392 1337 364 69 vegetativen
1812 1340 474 62 nervensystems,

265 1414 1995 150 von Philipp Stöhr jr. … mit 243 zum teil farbigen abbildungen.
458 1496 219 68 Berlin,
707 1496 56 54 J.
797 1495 300 69 Springer,
1130 1497 152 51 1928.

331 1577 1041 50 viii, 251, [1] p. illus. (part col.) 25 ½ ᶜᵐ.
333 1635 313 41 “Literatur”:
708 1647 43 37 p.
782 1635 219 41 219-251.

270 1690 1810 52 © Sept. 9, 1928; 1c. Dec. 4; A —Foreign 1104: Julius Springer.
348 1750 254 49 (29-5393)

263 1833 359 63 Thompson,
657 1832 250 55 Charles
936 1833 225 62 Henry.

343 1912 72 66 [A
443 1911 105 53 life
577 1910 65 53 of
668 1911 329 68 patriotism
1027 1912 112 51 and
1170 1911 219 55 drama,
1418 1911 113 52 and
1559 1916 132 47 note
1719 1911 78 68 by
1827 1910 60 55 C.
1919 1911 77 52 H.
265 1911 1992 132 Thompson

395 1991 61 52 in
484 1991 97 52 the
607 1990 149 53 book
783 1990 258 66 entitled]
1075 1990 322 52 Historical
1429 1988 149 54 facts
1608 1990 59 51 in
1696 1989 96 53 the
1823 1989 142 54 lives
1995 1988 67 54 of
2092 1988 193 55 Count

265 2067 2019 69 Pulaski and Baron de Lovzinski … [By Jean Baptiste Louvet
263 2150 69 51 de
384 2148 271 67 Couvrai]
747 2147 359 69 Plattsburg,
1156 2148 136 57 Mo.,
1344 2147 121 52 The
1517 2147 221 52 Leader
1790 2146 344 70 publishing
2182 2166 99 39 co.,

354 2231 83 50 ᶜ19 28.
331 2310 243 49 44 p. 22 ᶜᵐ.
265 2364 51 53 ©
357 2368 128 41 June
522 2366 70 49 20,
631 2366 142 48 1928;
814 2367 68 41 2c.
922 2366 117 48 July
1077 2366 83 47 26;
1202 2365 84 41 aff.
1327 2365 128 42 June
1492 2366 82 47 22;
1618 2366 40 40 A
1697 2365 231 48 1077995;
1972 2365 205 41 Charles
2271 2401 8 7 H.

333 2426 292 47 Thompson,
657 2425 301 47 Plattsburg,
991 2425 94 39 Mo.

255 2506 227 62 Tilden,
510 2505 156 55 John
695 2507 226 62 Henry,
952 2511 172 49 1851-

331 2584 300 67 Children,
678 2584 151 53 their
875 2584 198 52 health
1123 2584 114 53 and
1284 2583 342 69 happiness;
1680 2604 32 33 a
1762 2585 178 69 ready
1989 2583 290 55 reference

262 2663 148 53 book
447 2662 94 53 for
574 2662 254 53 mothers
862 2662 126 53 who
1025 2662 184 54 desire
1244 2667 56 48 to
1336 2662 170 53 know
1543 2663 129 52 how
1708 2667 59 49 to
1802 2663 175 69 bring
2010 2681 80 51 up
2128 2663 152 55 their

257 2740 2016 70 children in health, by Dr. J. H. Tilden. Denver, Col. [ ᶜ19 28]
327 2823 86 41 181
445 2834 44 37 p.
550 2822 58 40 20½ᶜᵐ.

263 2877 51 52 ©
344 2882 121 39 Nov.
491 2881 70 46 28,
590 2880 116 40 1928;
763 2880 68 40 2c.
860 2883 95 39 and
984 2880 83 40 aff.
1098 2881 113 41 Dec.
1241 2880 55 40 26:
1356 2880 40 39 A
1424 2881 116 40 3349;
1600 2882 44 41 J.
1674 2883 62 40 H.
1766 2883 187 48 Tilden,
1985 2884 209 40 Denver.

342 2937 255 49 (29-2565)

253 3003 265 65 Tolkien,
550 3004 205 53 James
785 3003 300 65 Kenneth,
1121 3009 173 50 1881-

325 3081 1954 69 Thoughts here and there, by James K. Tolkien … Los
254 3159 1050 70 Angeles, The Virgil press [ ᶜ19 28]
325 3243 1266 49 xii p., 2 l., 17-75 p. front. (port.) plates. 22 ᶜᵐ.
262 3296 2010 54 © Dec. 14, 1928; 2c. and aff. Dec. 26; A 3320: J. K. Tolkien, Inglewood,
331 3357 147 41 Calif.
547 3358 253 48 (29-4005)

249 3421 87 53 Tu
376 3423 108 63 Fu,
521 3423 261 56 712-770.

325 3501 123 53 The
476 3501 150 54 book
657 3502 65 54 of
752 3522 166 37 seven
949 3522 171 51 songs
1147 3505 77 68 by
1256 3505 90 51 Tu
1378 3504 108 66 Fu,
1516 3505 320 55 translated
1867 3508 123 53 into
2022 3507 250 64 English

253 3579 76 70 by
366 3580 171 54 Edna
571 3582 305 68 Worthley
913 3583 371 54 Underwood
1320 3583 114 53 and
1474 3583 373 70 Chi-Hwang
1885 3585 145 55 Chu.
254 3588 1994 139 Portland,

442 3660 130 61 Me.,
604 3661 122 53 The
757 3661 233 54 Mosher
1022 3681 177 49 press,
1235 3665 151 51 1928.

324 3743 282 48 [13] p. 16 ᶜᵐ.
322 3798 1948 52 “Five hundred copies of this little book printed … on American white
250 3866 132 30 wove
435 3867 151 37 paper
636 3859 97 39 and
783 3859 81 39 the
916 3860 112 47 type
1080 3858 299 42 distributed
1429 3859 50 40 in
1531 3860 83 40 the
1665 3861 168 39 month
1883 3861 53 40 of
1988 3861 283 49 September

249 3915 402 41 MDCCCCXXVIII.”

259 3965 51 53 ©
338 3969 104 44 Oct.
466 3971 40 43 6,
532 3970 114 42 1928;
700 3973 69 40 2c.
795 3972 104 41 Oct.
924 3973 56 41 27;
1036 3973 82 42 aff.
1146 3972 105 43 Oct.
1276 3973 83 47 26;
1389 3973 41 40 A
1455 3973 86 42 270;
1599 3974 194 41 Mosher
1821 3986 151 38 press.

338 4027 253 50 (29-3501)
