2498 4384
1075 4118 101 48 345

119 451 413 60 Hammerton,
565 447 156 54 John
756 446 356 62 Alexander,
1144 446 84 52 ed.

120 536 1990 137 The universal history of the world, edited by J. A. Hammerton … v.
592 622 47 48 2.
672 619 177 51 From
880 617 97 51 the
1008 615 219 53 Hittite
1260 614 218 68 empire
1508 620 61 47 to
1599 614 97 53 the
1731 613 255 69 Spartan
2019 615 115 53 and

120 698 296 53 Athenian
456 696 230 69 empire.
762 696 139 52 New
943 694 181 67 York,
1164 693 123 53 The
1325 693 447 69 Amalgamated
1812 711 177 50 press,
2029 693 105 53 ltd.

125 779 171 66 [1928]

221 858 378 50 v, 140 p. 25 ᶜᵐ .
122 928 52 52 ©
207 932 123 39 Mar.
362 930 40 49 6,
436 929 141 47 1928;
611 929 68 41 2c.
710 927 96 41 and
839 926 84 43 aff.
956 928 123 39 Mar.
1111 926 83 48 28;
1230 927 43 38 A
1305 925 231 49 1068651;
1572 926 374 49 Amalgamated
1981 937 153 39 press,

193 989 86 40 ltd.

116 1097 289 62 Hamsun,
442 1096 185 62 Knut,
664 1097 172 50 1859-

249 1186 1640 69 … Vildt kor. Oslo, Gyldendal, Norsk forlag, 1927.
188 1268 1792 53 109, [1] p. 13½ ᶜᵐ . (Half-title: Gyldendals smaa digtsamlinger)
121 1339 2013 52 © Nov. 14, 1927; 1c. Jan. 4, 1928; A—Foreign 36797; Gyldendal. Norsk
189 1401 177 48 forlag.
438 1398 226 50 (28-7563
676 1398 14 48 )

118 1509 331 69 [Harrison,
484 1508 269 67 Fairfax]
795 1510 171 51 1869-

188 1603 122 52 The
336 1602 201 68 equine
561 1601 64 52 F.
655 1601 65 52 F.
746 1602 118 65 Vs.,
890 1618 32 35 a
946 1599 172 69 study
1143 1598 65 54 of
1230 1600 99 53 the
1355 1601 266 53 evidence
1648 1600 94 54 for
1765 1600 98 55 the
1889 1603 246 67 English

121 1682 189 53 horses
353 1680 286 68 imported
684 1680 120 52 into
847 1679 273 69 Virginia
1162 1678 201 55 before
1402 1680 97 53 the
1540 1681 341 53 revolution.
121 1682 1991 145 Richmond,
341 1761 127 66 Va.,

498 1759 160 52 Priv.
694 1758 197 69 print.,
922 1758 122 53 The
1077 1757 118 56 Old
1226 1758 318 53 Dominion
1576 1778 177 49 press,
1788 1762 151 51 1928.

185 1842 1683 51 2 p. l., [7]-184 p., 1 l. col. front., plates (1 fold.) ports. 24 ᶜᵐ .
187 1914 205 41 Preface
418 1914 197 48 signed:
650 1914 52 40 F.
728 1914 61 40 H.
821 1914 44 49 [i.
891 1924 38 29 e.
957 1913 211 40 Fairfax
1191 1913 261 50 Harrison]

185 1972 379 49 Bibliography:
598 1983 42 38 p.
666 1972 192 49 [11]-24.

121 2041 52 52 ©
206 2046 123 39 Mar.
360 2046 40 47 7,
433 2044 116 40 1928;
609 2044 68 40 2c.
710 2043 96 40 and
839 2042 83 41 aff.
955 2043 124 41 Mar.
1111 2042 53 47 9;
1199 2042 44 39 A
1273 2042 232 48 1068209;
1542 2043 52 41 F.
1628 2043 258 49 Harrison,
1923 2044 212 46 Belvoir,

192 2102 248 48 Fauquier
471 2102 94 48 Co.,
596 2101 86 40 Va.
754 2100 253 49 (28-7680)

114 2212 251 62 Houser,
397 2210 226 53 Martin
656 2209 249 54 Luther.

184 2302 1951 70 Abraham Lincoln; an address by M. L. Houser … March
118 2381 1992 74 1, 1928 … [Peoria, Ill.] Priv. print. [by E. J. Jacob, c 1928]
186 2465 598 50 3 p. l., 9-29 p. 23½ ᶜᵐ .
189 2537 380 41 “References”:
604 2548 45 38 p.
680 2536 162 43 27-29.

121 2604 52 52 ©
213 2609 123 40 Mar.
375 2607 42 49 2,
457 2607 115 41 1928;
640 2607 70 41 2c.
750 2608 96 39 and
886 2606 84 43 aff.
1011 2608 123 40 Mar.
1174 2608 52 45 5;
1270 2607 40 40 A
1351 2607 231 49 1069144;
1627 2609 211 41 Edward
1881 2609 44 42 J.
1968 2610 167 49 Jacob,

190 2665 187 48 Peoria,
412 2665 76 41 Ill.
558 2665 254 49 (28-7780)

115 2776 194 62 Innes,
343 2774 258 55 William
632 2775 327 63 Thornton,
994 2775 172 53 1874-

185 2867 1952 72 The modern aquarium, by William T. Innes … photographic
114 2945 385 54 illustrations
532 2945 75 70 by
640 2946 98 53 the
770 2945 225 54 author.
1068 2949 85 50 1st
1187 2946 87 53 ed.
1345 2947 433 69 Philadelphia,
1811 2947 174 55 Innes
2020 2949 115 53 and

114 3042 130 36 sons
283 3057 13 35 [
301 3030 18 22 c
324 3027 153 64 1928]

184 3108 55 40 62
271 3119 43 38 p.
374 3108 131 41 illus.
566 3107 147 43 19½ᶜᵐ.

187 3179 70 38 “A
294 3177 351 41 condensation
682 3177 53 41 of
771 3178 83 40 the
893 3181 127 37 most
1057 3178 272 48 important
1366 3178 165 49 points
1567 3179 52 40 in
1654 3190 91 30 our
1783 3182 164 47 larger
1982 3183 151 48 work,

115 3234 233 42 ‘Goldfish
382 3234 235 41 varieties
653 3235 95 39 and
784 3234 208 48 tropical
1026 3235 263 48 aquarium
1323 3235 548 44 fishes’.”—Foreword.

121 3301 52 52 ©
204 3305 111 41 Feb.
343 3305 41 48 2,
416 3304 142 48 1928;
588 3305 69 41 2c.
687 3306 123 40 Mar.
840 3305 84 47 12;
955 3305 83 41 aff.
1069 3307 123 39 Mar.
1222 3306 84 48 10;
1338 3307 42 39 A
1409 3306 232 50 1068273;
1675 3309 147 41 Innes
1853 3310 37 40 &
1921 3321 127 30 sons.

198 3361 255 49 (28-7695)

116 3472 286 62 Johnson,
438 3471 254 65 Georgia
725 3472 179 64 Borg.

186 3563 421 70 Organization
639 3563 65 53 of
732 3564 97 54 the
862 3565 259 68 required
1157 3566 263 68 physical
1452 3567 303 54 education
1789 3568 95 54 for
1915 3587 220 37 women

116 3641 2020 73 in state universities, by Georgia Borg Johnson … New York
116 3720 135 69 city,
288 3720 281 53 Teachers
606 3722 232 67 college,
876 3719 303 56 Columbia
1216 3723 341 70 university,
1595 3725 151 54 1927.

186 3803 1944 56 viii, 171 p. incl. diagrs., forms. 23½ ᶜᵐ . (Teachers college, Columbia
116 3860 286 48 university.
465 3861 371 41 Contributions
870 3865 49 37 to
950 3862 276 49 education,
1259 3874 74 31 no.
1365 3864 112 49 253)

187 3929 379 50 Bibliography:
601 3941 43 38 p.
676 3931 220 42 142-144.

122 3996 52 52 ©
205 4001 110 40 Jan.
343 4001 70 45 31,
443 4001 117 41 1928;
612 4002 68 41 2c.
710 4002 111 41 Feb.
849 4002 83 43 20:
964 4003 83 42 aff.
1077 4004 112 41 Feb.
1217 4004 85 48 29;
1333 4005 39 39 A
1404 4006 228 44 1068033;
1665 4008 243 42 Teachers
1937 4010 194 46 college,

190 4056 253 43 Columbia
480 4059 130 41 univ.
680 4060 252 48 (28-8623)
