2498 4384
1314 4089 139 50 2006

812 500 1577 43 CONTENTS.— Saudades et modinhas. — J’aime le souvenir de ces
387 556 208 50 époques
630 568 120 29 nues
840 556 290 42 …—L’Orient
1166 557 233 41 l’attirait
1491 557 202 41 …—Cette
1728 558 156 40 bonne
1921 558 164 40 vieille
2123 559 266 48 Europe.—

387 614 803 48 Heureux qui, comme Ulysse …
384 683 2004 52 © July 10, 1928; 1c. Aug. 17; A— Foreign 39892: L. Piérard, Brussels.
462 743 281 49 (28-30452)

374 855 149 63 Ray,
558 855 243 52 Medora
833 854 256 54 Loomis.

451 933 296 52 Teacher’s
773 932 307 53 handbook
1107 932 93 52 for
1226 933 301 52 Lecciones
1555 933 375 66 elementales,
1956 933 76 68 by
2058 933 240 52 Medora
2324 932 65 53 L.

379 1011 128 68 Ray
535 1012 113 52 and
676 1011 158 52 Ruth
862 1010 71 53 A.
962 1011 235 52 Bahret.
1263 1012 235 66 Boston,
1527 1011 139 52 New
1695 1010 164 53 York
1910 1016 121 61 [etc.]
2065 1010 182 69 Allyn
2276 1012 114 52 and

378 1090 195 53 Bacon
612 1092 193 64 [ᶜ1928]

447 1172 18 39 l
501 1184 43 36 p.
574 1173 45 47 l.,
648 1173 58 40 34
735 1183 46 38 p.
836 1171 148 43 18½ᶜᵐ.

382 1240 53 52 ©
465 1245 121 38 Mar.
616 1243 68 48 28,
712 1243 142 45 1928;
883 1244 68 39 2c.
980 1244 95 39 and
1104 1243 83 40 aff.
1217 1244 115 45 May
1361 1244 80 45 14;
1475 1243 39 38 A
1542 1242 230 47 1074519;
1805 1243 144 48 Allyn
1978 1244 37 39 &
2044 1244 180 40 Bacon.

380 1367 334 65 Rowlands,
747 1366 274 65 Dorothy
1052 1366 278 56 Howard.

449 1446 120 52 The
619 1451 136 47 turn
806 1444 64 54 of
919 1446 95 52 the
1066 1445 140 53 road
1265 1444 92 69 [by]
1430 1446 267 68 Dorothy
1747 1445 260 54 Howard
2059 1445 329 54 Rowlands.

378 1524 259 67 London,
667 1524 67 53 E.
766 1525 181 66 Benn,
977 1523 225 54 limited
1260 1526 153 65 [1928]

444 1606 341 50 288 p. 19 ᶜᵐ .
381 1674 2008 53 © 1c. Dec. 15, 1928; A ad int. 12088; pubd. Oct. 19; D. H. Rowlands,
451 1735 226 48 Creigian
717 1736 142 48 (near
890 1734 212 48 Cardiff)
1141 1736 179 39 Wales.
1389 1735 223 49 (29-243)

373 1844 251 66 Ruskin,
663 1845 175 64 John,
880 1850 328 51 1819-1900.

446 1925 163 52 Time
640 1925 113 52 and
784 1925 120 52 tide
936 1925 113 52 and
1082 1925 245 52 Munera
1360 1923 273 69 pulveris,
1663 1925 76 67 by
1771 1924 158 54 John
1959 1924 254 68 Ruskin;
2250 1924 138 53 with

373 2001 1996 149 an introduction by Paul Kaufman … New York, The Macmillan company, 1928.
447 2165 98 47 xix,
578 2165 86 40 268
697 2176 42 37 p.
770 2164 111 40 incl.
913 2164 149 41 front.
1124 2165 148 40 18½ᶜᵐ.
1342 2165 127 48 (The
1499 2165 200 40 modern
1731 2164 215 41 readers’
1979 2163 177 48 series)

380 2234 52 54 ©
462 2238 111 40 Dec.
602 2238 68 47 11,
699 2237 142 40 1928:
871 2238 66 40 2c.
966 2238 96 39 and
1091 2236 83 42 aff.
1202 2237 115 41 Dec.
1344 2238 54 38 12;
1457 2236 40 40 A
1525 2236 116 41 3154;
1700 2236 283 40 Macmillan
2013 2247 68 30 co.
2144 2231 68 54 [©
448 2235 1923 101 introduction
680 2296 95 40 and
808 2297 152 48 notes]
1035 2294 283 50 (28-30603)

372 2405 473 64 Sale-Harrison,
881 2404 290 55 Leonard.

448 2483 120 53 The
604 2483 227 68 coming
865 2488 162 63 great
1061 2483 277 52 northern
1373 2481 406 70 confederacy;
1817 2501 81 49 or,
1935 2483 121 52 The
2094 2480 195 55 future
2327 2481 64 53 of

374 2560 1990 150 Russia … By L. Sale-Harrison … [Chicago, Ill., The Diligent press, 1928]
446 2724 286 49 cover-title,
763 2724 59 41 20
851 2735 44 38 p.
954 2724 149 42 18½ᶜᵐ.

379 2792 53 52 ©
459 2796 121 48 Aug.
609 2797 38 46 7,
675 2795 116 41 1928;
847 2795 68 41 2c.
944 2796 96 39 and
1068 2795 83 41 aff.
1183 2796 129 47 Sept.
1340 2796 27 38 4;
1425 2795 41 39 A
1493 2793 205 42 1053164;
1755 2794 53 41 L.
1840 2793 390 49 Sale-Harrison,
448 2794 1924 107 Philadelphia.

374 2947 805 65 Sarojinī N ā ya ḍ u, 1879-
446 3026 121 52 The
594 3026 260 66 sceptred
882 3025 164 67 flute;
1078 3043 171 51 songs
1278 3025 65 53 of
1369 3025 174 53 India
1570 3026 78 68 by
1677 3024 257 70 Sarojini
1964 3025 212 53 Naidu.
2251 3025 141 53 New

377 3104 180 66 York,
585 3104 191 68 Dodd,
804 3104 172 52 Mead
1005 3106 46 50 &
1076 3122 284 50 company
1392 3107 194 64 [ᶜ1928]

444 3188 117 48 xvii,
594 3188 84 40 231
714 3198 43 37 p.
817 3188 137 40 front.
997 3187 174 48 (port.)
1239 3187 119 42 21ᶜᵐ.

448 3259 130 39 “The
620 3258 233 40 collected
896 3267 164 38 poems
1103 3257 52 39 of
1200 3257 219 47 Sarojini
1461 3257 163 39 Naidu
1668 3257 256 48 published
1969 3257 50 39 in
2062 3258 102 39 The
2206 3258 182 39 broken

374 3315 142 48 wing,
546 3315 101 40 The
674 3314 108 40 bird
811 3314 52 40 of
890 3314 130 47 time,
1049 3314 102 39 The
1179 3314 175 48 golden
1382 3313 297 41 threshold.”

446 3371 341 41 Introduction
819 3371 62 47 by
912 3371 182 47 Joseph
1126 3370 292 41 Auslander.

380 3438 53 52 ©
462 3443 112 39 Dec.
604 3442 39 47 8,
671 3442 115 40 1928;
843 3442 68 40 2c.
940 3442 97 39 and
1066 3440 82 41 aff.
1178 3441 114 40 Dec.
1321 3441 56 38 14;
1435 3440 41 39 A
1503 3440 116 40 2238;
1677 3440 155 48 Dodd,
1864 3441 143 39 Mead
2036 3441 38 40 &
2102 3451 82 36 co.,
2214 3440 91 41 inc.

452 3495 69 54 [©
550 3498 348 49 introduction]
970 3496 282 50 (28-30699)

375 3592 217 65 Shook,
623 3595 138 53 Mrs.
791 3592 176 54 Anna
995 3593 152 53 Nott
1183 3591 290 66 (Strunk)
1513 3591 174 56 1873-

444 3672 123 52 The
603 3671 148 53 book
788 3671 65 53 of
892 3671 261 69 weaving
1198 3672 110 68 [by]
1352 3671 172 53 Anna
1562 3671 144 53 Nott
1747 3670 207 55 Shook.
2030 3671 141 53 New
2210 3669 181 69 York,

373 3751 122 52 The
522 3750 158 55 John
707 3750 133 68 Day
868 3768 282 50 company
1184 3783 12 33 [
1201 3755 18 22 c
1225 3752 153 64 1928]

447 3833 99 46 xix,
581 3832 86 40 190
698 3842 58 38 p.,
789 3833 24 39 1
869 3865 7 7 l.
938 3832 144 46 illus.,
1117 3833 159 47 plates
1303 3832 15 48 (XII
1437 3833 101 45 col.,
1572 3832 110 40 incl.
1717 3831 176 47 front.)
1961 3831 119 40 26ᶜᵐ.

446 3903 203 41 Colored
680 3905 159 47 plates
865 3903 195 48 printed
1090 3904 50 39 in
1168 3905 231 39 Holland.

380 3970 53 53 ©
462 3974 118 43 Nov.
611 3975 38 49 1,
681 3975 113 41 1928;
853 3976 67 40 2c.
950 3976 118 41 Nov.
1099 3976 56 40 17;
1215 3975 82 42 aff.
1329 3976 118 41 Nov.
1478 3975 55 42 15;
1592 3975 42 40 A
1663 3976 113 40 1721;
1835 3975 57 42 A.
1921 3976 57 41 N.
2013 3975 173 43 Shook.
447 3974 1925 107 Peekskill,
578 4034 57 40 N.
662 4034 53 39 Y.
782 4032 282 49 (28-30613)
