2498 4384
1060 4117 101 54 457

170 527 1936 54 “The blending of the subject matter and viewpoints of … neurology
98 595 95 38 and
221 589 533 52 psychology.”—Pref.

99 661 52 52 ©
190 665 110 40 Feb.
337 664 69 46 20,
448 663 140 46 1928;
626 661 67 41 2c.
732 661 95 40 and
865 659 82 41 aff.
987 660 122 39 Mar.
1146 657 82 45 26;
1270 657 40 39 A
1348 656 230 47 1068543;
1620 657 52 41 F.
1709 657 72 40 W.
1820 656 148 40 Jones
2007 657 95 39 and

172 722 200 46 Stanley
404 721 159 38 David
596 720 220 44 Porteus,
847 716 265 40 Honolulu.
1182 713 252 48 (28-8926)

94 817 257 64 Jouglet,
381 815 180 63 René,
596 818 171 49 1884-

227 888 1069 71 … Frères. Paris, B. Grasset, 1927.
167 974 766 51 2 p. l., [7]-225 p., 1 l. 18½ᶜᵐ.
99 1042 2008 55 © Oct. 20, 1927; 1c. Jan. 27, 1928; A—Foreign 37307; Bernard Grasset.
178 1104 282 50 (28-26230)

93 1200 215 62 Keller,
340 1199 128 52 Ella
499 1199 179 52 Flatt.

167 1278 314 68 Watching
514 1278 95 51 the
641 1282 162 47 stars.
874 1275 265 65 Hudson,
1171 1274 196 65 Mich.,
1401 1274 122 51 The
1557 1273 226 66 author,
1819 1272 150 53 1927.

165 1363 24 37 1
257 1394 8 7 v.

100 1427 52 52 ©
181 1432 118 39 Nov.
328 1431 68 47 25,
427 1430 115 40 1927;
599 1430 68 39 2c.
697 1430 97 38 and
822 1427 83 41 aff.
935 1428 119 40 Nov.
1083 1427 83 47 30;
1199 1427 41 39 A
1270 1426 230 47 1013383;
1534 1428 52 39 E.
1619 1427 51 40 F.
1701 1427 181 40 Keller.

94 1540 177 64 King,
301 1542 139 51 Mrs.
468 1539 155 53 John
653 1538 356 52 Alexander.

167 1619 338 67 Weddings,
594 1618 150 64 modes,
774 1635 264 33 manners
1071 1617 112 51 and
1216 1621 247 47 customs
1493 1615 64 53 of
1588 1615 313 69 weddings.
1971 1615 140 53 New

98 1697 181 66 York,
310 1697 353 65 Delineator,
697 1695 150 53 1927.

191 1781 75 39 1 v.
101 1846 52 52 ©
182 1850 112 41 Dec.
322 1850 38 47 6,
390 1849 115 41 1927;
560 1850 69 40 2c.
657 1850 96 39 and
782 1849 83 41 aff.
894 1849 113 40 Dec.
1036 1849 53 46 8;
1118 1848 42 39 A
1188 1848 232 47 1013479;
1452 1847 260 40 Butterick
1740 1848 110 47 pub.
1880 1858 82 37 co.,
1991 1848 120 40 New

169 1907 144 40 York.

98 2001 208 62 Kirlin,
336 1999 222 64 Joseph
589 1999 180 53 Louis
799 2000 33 53 J
1130 2002 328 50 1868-1926.

169 2080 254 67 Priestly
464 2080 188 51 virtue
694 2080 112 51 and
849 2079 147 64 zeal;
1042 2097 27 33 a
1114 2079 172 67 study
1328 2077 64 53 of
1432 2079 96 51 the
1571 2078 106 52 life
1719 2078 64 52 of
1828 2078 82 55 St.
1953 2079 156 53 John

101 2159 233 67 Baptist
376 2158 285 68 Vianney,
704 2158 95 52 the
841 2158 130 52 curé
1013 2157 174 53 d’Ars
1228 2158 114 51 and
1385 2163 206 62 patron
1638 2156 64 54 of
1743 2157 226 68 priests,
100 2177 1985 127 applied

296 2243 57 46 to
394 2237 96 52 the
531 2237 319 52 sacredotal
888 2236 106 52 life
1035 2235 64 53 of
1137 2236 195 69 today,
1371 2236 77 68 by
1487 2236 95 53 the
1621 2237 116 52 late
1775 2237 154 69 Very
1970 2238 139 52 Rev.

100 2314 2012 70 Msgr. J. L. J. Kirlin … with preface by Right Rev. Francis
102 2394 2010 70 C. Kelley … New York, Cincinnati [etc.] Benziger brothers,
104 2477 148 49 1928.

167 2556 85 41 179
281 2568 43 36 p.
384 2556 151 41 front.
596 2556 117 41 19ᶜᵐ.

102 2624 52 52 ©
184 2629 111 40 Feb.
323 2628 39 47 9,
393 2627 117 41 1928;
564 2629 69 39 2c.
664 2628 111 41 Feb.
803 2629 56 39 23;
919 2628 82 41 aff.
1032 2630 122 39 Mar.
1183 2629 58 38 24;
1301 2629 41 39 A
1370 2628 206 41 1069422;
1635 2629 237 46 Benziger
1901 2631 126 39 bros.

181 2685 252 47 (28-9084)

99 2779 303 69 [Lathrop,
437 2780 180 52 Lorin
652 2780 311 68 Andrews]
1006 2784 171 50 1858-

167 2857 123 54 The
328 2858 135 53 mad
502 2859 389 68 masquerade,
932 2858 74 70 by
1048 2860 246 68 Kenyon
1336 2859 273 55 Gambier
1657 2861 199 67 [pseud.]
97 2862 1992 126 Boston
227 2937 114 52 and
371 2936 141 53 New

546 2937 179 67 York,
756 2937 322 69 Houghton
1106 2937 206 53 Mifflin
1344 2955 300 52 company,
1678 2940 151 50 1928.

166 3020 640 50 3 p. l., [3]-297 p. 19ᶜᵐ.
104 3086 52 52 ©
190 3091 123 40 Mar.
345 3089 70 48 30,
450 3090 115 40 1928;
627 3091 68 40 2c.
727 3091 115 47 Apr.
875 3091 26 39 2;
966 3090 83 41 aff.
1083 3092 123 40 Mar.
1241 3092 55 40 31;
1361 3092 41 39 A
1436 3092 205 41 1068689;
1704 3093 51 40 L.
1789 3093 55 41 A.
1880 3093 231 49 Lathrop,

171 3148 118 39 New
321 3147 147 41 York.
538 3147 252 49 (28-9052)

93 3241 242 63 Laufer,
376 3241 305 63 Berthold,
726 3241 171 55 1874-

169 3319 1776 71 The giraffe in history and art, by Berthold Laufer … 9
99 3395 1990 148 plates in photogravure, 23 text-figures, and 1 vignette … Chicago,
286 3474 169 54 Field
485 3493 256 35 museum
771 3475 65 53 of
862 3477 233 51 natural
1123 3476 242 69 history,
1396 3481 150 49 1928.

169 3558 1940 53 cover-title, 100 p. illus., IX pl. 21½ᶜᵐ. ([Field museum of natural
99 3614 203 50 history]
366 3616 368 47 Anthropology
764 3616 165 41 leaflet
958 3616 82 47 27)

170 3672 379 48 Bibliography:
580 3683 43 37 p.
654 3671 189 42 98-100.

107 3723 51 53 ©
196 3729 122 39 Mar.
354 3727 69 48 19,
461 3727 114 41 1928;
640 3729 68 39 2c.
744 3729 97 39 and
877 3728 82 41 aff.
998 3730 122 40 Mar.
1156 3730 55 38 21;
1280 3731 40 37 A
1356 3730 203 40 1068441;
1628 3731 136 40 Field
1803 3742 219 30 museum
2062 3733 52 39 of

173 3786 199 38 natural
410 3784 204 48 history,
654 3785 225 49 Chicago.
950 3785 252 48 (28-9065)

97 3879 134 61 Lee,
266 3879 111 63 Ivy
409 3879 341 63 Ledbetter,
791 3878 171 55 1877-

175 3957 381 70 Present-day
589 3958 226 68 Russia,
847 3958 77 70 by
958 3959 111 70 Ivy
1102 3960 128 53 Lee.
1303 3960 140 54 New
1479 3961 181 69 York,
1696 3962 121 55 The
106 3962 1985 125 Macmillan
228 4053 300 52 company,
557 4039 150 51 1928.
