2498 4384
1074 4073 98 53 981

208 558 8 14 x,
246 525 84 41 204
360 535 41 37 p.
463 523 142 47 illus.,
637 520 180 48 diagrs.
876 518 56 41 19½ᶜᵐ.

103 568 1991 65 © June 15 . 1928; 2c. and aff. June 23; A 1082179; Thaddeus Merriman,
171 640 115 39 New
310 638 145 41 York.
518 634 279 51 (28-16197)

102 749 277 54 National
418 745 313 55 industrial
766 742 347 56 conference
1147 740 201 52 board.

165 827 120 51 The
323 823 284 54 economic
640 827 182 49 status
857 820 64 53 of
957 821 94 52 the
1091 837 155 50 wage
1281 836 198 34 earner
1514 817 57 51 in
1610 815 138 54 New
1786 814 162 53 York
1985 815 110 52 and

95 905 162 53 other
322 907 188 49 states.
605 901 138 52 New
810 899 179 65 York,
1055 897 274 52 National
1395 893 309 55 industrial
1768 891 332 54 conference

97 982 193 66 board,
323 981 126 65 inc.,
484 981 148 50 1928.

167 1057 1020 57 xi, [1], 125 p. incl. tables, diagrs. 23½ ᶜᵐ.
167 1134 225 41 Lettered
429 1142 60 32 on
522 1141 140 30 cover;
724 1129 102 40 The
860 1138 133 38 wage
1026 1136 175 32 earner
1233 1126 50 39 in
1315 1125 117 41 New
1466 1125 131 40 York
1629 1123 96 41 and
1757 1125 139 39 other
1930 1126 170 39 states.

106 1192 1996 62 © June 1, 1928; 2c. and aff. June 20; A 1082157; National industrial
173 1261 286 42 conference
483 1259 163 45 board,
673 1257 90 40 inc.
828 1253 279 51 (28-16149)

105 1372 145 51 New
279 1369 162 52 York
483 1368 218 68 (State)
785 1366 185 55 Laws,
997 1369 232 50 satates,
1258 1370 102 46 etc.

177 1447 408 55 Gilbert-Bliss
620 1446 134 52 civil
792 1443 249 68 practice
1075 1442 64 52 of
1175 1443 95 50 the
1305 1446 145 47 state
1484 1440 63 52 of
1585 1440 137 51 New
1761 1439 179 54 York,

107 1457 1973 139 containing
372 1526 96 52 the
509 1524 152 54 Civil
699 1522 248 70 practice
988 1526 106 48 act.
1131 1521 95 51 the
1269 1517 358 71 Surrogate's
1664 1524 161 47 court
1865 1524 106 49 act,
2010 1519 96 51 the

110 1605 217 54 Justice
363 1609 161 48 court
561 1610 85 45 act
683 1602 113 52 and
834 1601 77 51 all
947 1599 161 53 other
1146 1598 247 67 practice
1431 1605 116 44 acts
1584 1599 110 51 and
1729 1598 95 51 the
1859 1597 149 52 rules
2043 1599 65 49 of

108 1683 136 54 civil
279 1682 250 68 practice
564 1681 113 51 and
713 1680 164 51 other
912 1684 163 46 court
1110 1676 170 63 rules,
1314 1675 141 53 with
1491 1675 391 54 amendments
1920 1681 54 46 to
2011 1674 98 54 the

109 1763 144 52 close
275 1760 63 53 of
359 1759 95 53 the
476 1758 357 69 Legislature
855 1756 63 52 of
963 1756 147 56 1928,
1133 1754 305 53 annotated
1484 1754 139 51 with
1661 1759 158 48 notes
1858 1752 64 53 of

111 1752 1999 154 judicial decisions to June 1. 1928 … edited by Frank B. Gilbert
172 1908 1937 75 … Austin B. Griffin and John T. Fitzpatrick … with complete
111 1986 2000 78 indexes prepared by Alden I. Rosbrook … v. 12. Rules of the
113 2075 284 68 appellate
428 2070 276 56 divisions
734 2070 110 53 and
875 2067 427 54 miscellaneous
1333 2073 161 48 court
1523 2068 164 52 rules.
1764 2067 138 52 New
1932 2067 180 69 York,

111 2153 204 53 Baker.
337 2150 248 55 Voorhis
610 2151 44 49 &
676 2166 308 51 company;
1012 2145 340 70 Northport,
1376 2145 69 53 N.
1471 2146 90 66 Y.,
1585 2145 253 54 Edward
112 2146 1977 138 Thompson

238 2246 307 52 company;
573 2228 139 51 New
737 2226 164 53 York
924 2227 111 50 and
1064 2224 249 70 Albany,
1340 2224 278 53 Matthew
1644 2225 226 53 Bender
1895 2227 45 49 &
110 2242 1978 136 company,
314 2308 127 59 inc.,
475 2309 149 49 1928.

180 2388 458 52 3 p l., 146 p. 26 ᶜᵐ.
115 2459 52 54 ©
199 2464 128 40 June
355 2462 70 47 22,
456 2461 140 46 1928;
630 2461 69 40 2c.
730 2461 96 39 and
856 2459 82 41 aff.
971 2458 127 42 June
1128 2458 83 47 25;
1246 2458 42 39 A
1319 2457 229 49 1083038;
1584 2457 238 43 Matthew
1854 2459 192 40 Bender
2078 2459 35 40 &

183 2531 81 37 co.,
290 2521 104 46 inc.,
422 2520 95 40 and
542 2516 391 42 Baker-Voorhis
958 2527 67 30 co.

112 2629 181 64 Odell,
329 2628 248 55 Charles
608 2627 285 62 Watters,
930 2628 172 50 1891-

249 2700 1868 77 … Traditional examinations and new-type tests, by C. W.
119 2778 1799 78 Odell … New York & London, The Century co. [ᶜ1928]
187 2860 1868 58 xvii, 469 p. illus., diagrs. 21 ᶜᵐ. (The Century education series)
119 2923 131 50 $2.50

190 2993 349 50 Bibliography:
595 3005 43 37 p.
664 2991 219 43 439-462.

120 3062 52 55 ©
199 3068 126 39 June
353 3066 68 45 18,
450 3064 116 43 1928;
620 3065 67 41 2c.
716 3064 128 41 June
868 3064 83 47 21;
982 3063 83 42 aff.
1094 3065 126 39 June
1249 3064 82 46 22;
1362 3065 43 39 A
1432 3064 229 47 1082202;
1694 3063 215 51 Century
1937 3075 68 31 co.

197 3122 281 51 (28-16201)

117 3220 231 63 Papier,
380 3220 67 51 R.

188 3289 1870 89 Études sur la tréfilerie et ses dérivés, par R. Papier … 2 ᵐᵉ
123 3383 131 66 ptie.
294 3380 369 54 Fabrication
718 3380 96 53 des
869 3378 238 68 pointes,
1162 3380 172 58 clous,
1391 3379 190 54 rivets.
1653 3379 185 67 Paris,
1891 3378 230 55 L'usine

127 3459 191 68 [ ᶜ 1927 ]
191 3537 1782 57 187 p., 2 l. illus., tables, diagrs. 22 ᶜᵐ. (Bibliothèque de l’usine)
123 3603 1772 62 © Dec. 20, 1927; 1c. Apr. 27, 1928; A— Foreign 38698; L’usine.
120 3722 237 62 Patton,
395 3722 223 53 Harald
657 3722 214 54 Smith.

198 3799 183 55 Grain
418 3799 265 70 growers’
718 3800 366 68 coöperation
1118 3800 60 52 in
1214 3804 240 49 western
1493 3798 254 70 Canada,
1782 3800 75 69 by
1894 3800 230 55 Harald

131 3871 1992 82 S. Patton, PH . D. Cambridge, Harvard university press, 1928.
200 3952 1923 60 xix, 471 p. 22 ½ ᶜᵐ. ( Half-title : Harvard economic studies … vol.
285 4015 15 48 XXXII )
