2498 4384
1078 4096 134 49 1945

122 455 312 63 Goldberg,
473 452 185 63 Isaac,
699 450 172 54 1887-

193 533 121 52 The
341 537 159 62 story
528 528 63 55 of
618 528 226 56 Gilbert
874 526 113 53 and
1018 524 268 56 Sullivan;
1345 541 81 48 or,
1454 521 123 53 The
1606 518 317 69 ‘compleat’
120 515 1988 166 Savoyard,
323 610 76 68 by

439 608 165 53 Isaac
646 606 311 68 Goldberg.
1034 603 137 53 New
1215 601 182 67 York,
1441 598 200 57 Simon
1683 597 115 53 and
1843 594 290 69 Schuster,

125 692 149 51 1928.

190 770 136 48 xviii,
364 768 86 42 588
487 779 58 39 p.,
582 769 22 38 1
666 801 7 8 l.
738 765 165 49 front.,
940 763 129 43 illus.
1098 762 135 50 (incl.
1270 761 180 50 music)
1497 760 173 49 plates,
1708 758 166 49 ports.,
1913 754 220 42 facsims.

130 824 532 53 (incl. music) 24 ᶜᵐ .
195 898 102 39 “An
331 895 268 41 annotated
631 894 85 40 list
750 893 50 41 of
833 893 151 40 books
1016 903 128 38 upon
1179 890 189 41 Gilbert
1403 890 96 39 and
1536 888 236 47 Sullivan,
1807 884 329 48 individually

121 956 95 40 and
247 954 49 39 in
328 951 410 42 collaboration”:
771 961 44 38 p.
846 948 218 43 569-573.

123 1020 52 54 ©
201 1025 104 38 Nov.
346 1024 39 41 1,
413 1023 54 38 1928;
580 1021 69 41 2c.
675 1021 119 40 Nov.
821 1020 54 39 12;
931 1019 84 43 aff.
1041 1019 119 40 Nov.
1187 1019 60 38 10;
1300 1019 40 38 A
1365 1016 112 48 574;
1508 1015 166 41 Simon
1703 1016 35 39 &
1768 1013 233 41 Schuster.
2042 1012 93 40 inc.

201 1079 283 49 (28-30038)

122 1174 304 65 Gonzalez,
465 1173 267 54 Alfredo.

257 1243 1885 76 … Carranza; novela de la revolucion. San Antonio, Tex.,
123 1333 246 66 Lozano,
402 1332 152 51 1928.

194 1412 330 50 200 p. 19 ᶜᵐ .
126 1480 52 54 ©
210 1483 103 41 Oct.
343 1484 70 42 25,
443 1482 116 40 1928;
616 1481 67 41 2c.
714 1482 96 39 and
841 1480 82 40 aff.
955 1480 119 41 Nov.
1106 1481 51 44 7;
1190 1479 43 39 A
1260 1479 87 39 485;
1407 1478 56 41 A.
1496 1477 255 46 Gonzalez,
1783 1476 99 40 San
1914 1473 227 41 Antonio.

204 1540 283 50 (28-29995)

124 1634 340 64 Goodchild,
501 1632 248 66 George,
788 1636 171 50 1888-

130 1703 1988 141 The rain on the roof, by Geo. Goodchild … London, Hodder
261 1791 112 51 and
407 1787 348 70 Stoughton,
785 1787 225 53 limited
1048 1789 173 65 [1928]

200 1871 87 41 312
316 1882 44 37 p.
421 1870 147 42 19½ᶜᵐ.

128 1935 1889 58 © 1c. Nov. 30, 1928; A ad int. 11990; pubd. Oct. 4; G. Goodchild,
194 1938 1934 110 Exeter,
342 1999 240 48 England.
652 1997 283 49 (28-30071)

127 2095 253 64 Gordon,
416 2092 292 65 Dorothy,
745 2094 84 53 ed.

202 2172 146 70 Sing
379 2172 48 53 it
458 2170 286 71 yourself;
780 2169 299 54 collection
1111 2168 66 55 of
1210 2169 128 53 folk
1370 2186 170 53 songs
1575 2169 156 52 from
1764 2166 157 57 “The
1953 2186 196 51 young

131 2252 246 68 people’s
413 2254 226 49 concert
671 2248 200 68 hour”,
904 2248 76 69 by
1014 2247 270 71 Dorothy
1317 2246 257 70 Gordon,
1611 2247 142 52 with
1789 2265 32 34 a
1858 2245 291 55 foreword

131 2323 2017 77 by George H. Gartlan … illustrations by Alida Conover.
131 2408 139 54 New
299 2407 182 68 York,
508 2408 68 51 E.
604 2408 66 50 P.
697 2407 228 52 Dutton
950 2408 48 51 &
1024 2423 100 51 co.,
1151 2405 109 53 inc.
1335 2407 154 66 [ᶜ1928]

202 2487 1045 52 8 p. l., 3-82 p. incl. front., illus. 31 ᶜᵐ .
202 2562 290 40 Illustrated
525 2558 369 51 lining-papers.

133 2627 51 54 ©
213 2632 118 40 Nov.
359 2631 71 47 20,
460 2631 115 40 1928;
632 2631 68 40 2c.
727 2630 120 41 Nov.
876 2630 57 40 28;
990 2629 83 42 aff.
1102 2631 120 40 Nov.
1253 2631 56 39 27;
1368 2631 40 38 A
1437 2629 117 42 1950;
1614 2632 53 40 E.
1698 2632 51 39 P.
1781 2630 190 41 Dutton
2001 2630 35 40 &
2068 2641 81 37 co.,

200 2689 93 40 inc.
359 2686 283 51 (28-30036)

130 2782 301 66 Grierson,
469 2782 249 55 Francis
753 2781 290 56 Durham.

200 2860 121 53 The
352 2861 210 69 golden
591 2860 238 54 barrier.
903 2860 393 67 [Instalments
1327 2862 192 66 22-33]

234 2945 59 38 (In
327 2940 204 44 London
564 2939 148 54 Daily
748 2940 145 50 mail)

135 2991 1988 61 © 1c. each Dec. 27, 1928; A ad int. 12160; pubd. Oct. 29-Nov. 3, 5-10;
203 3056 52 41 F.
283 3057 58 41 D.
370 3055 245 45 Grierson,
645 3056 214 42 London.

133 3151 152 66 Hall,
319 3151 256 53 Edward
607 3152 335 64 Hagaman,
977 3156 172 51 1858-

202 3230 56 53 A
289 3231 175 69 guide
496 3236 60 49 to
588 3231 97 54 the
719 3230 314 55 Cathedral
1066 3232 216 53 church
1316 3232 64 54 of
1414 3231 170 57 Saint
1616 3233 159 53 John
1806 3234 98 52 the
1936 3232 218 54 Divine

136 3309 59 54 in
225 3310 94 53 the
352 3309 119 68 city
502 3309 65 54 of
597 3309 139 53 New
769 3309 180 69 York,
981 3310 76 71 by
1091 3311 257 53 Edward
1380 3310 313 70 Hagaman
1725 3311 161 69 Hall,
1958 3354 10 10 L.
2057 3354 10 11 H.
2140 3354 10 11 D.

135 3387 139 55 New
304 3388 181 71 York,
513 3388 122 53 The
663 3389 303 69 Laymen’s
996 3389 129 53 club
1154 3389 64 54 of
1245 3390 98 53 the
1372 3389 333 71 Cathedral,
1737 3393 151 51 1928.

212 3465 1434 54 132 p. incl. front., illus., plan, coats of arms. 17½ ᶜᵐ .
212 3525 182 39 “Ninth
427 3524 228 42 edition.”

139 3577 51 58 ©
224 3582 120 41 Nov.
377 3583 71 47 24,
483 3582 141 46 1928;
661 3584 67 39 2c.
764 3585 95 38 and
895 3583 82 41 aff.
1012 3583 119 43 Nov.
1166 3586 85 46 27;
1288 3585 43 39 A
1365 3584 114 42 1937;
1544 3586 257 48 Laymen’s
1837 3587 109 40 club
1983 3587 51 40 of
2072 3588 81 39 the

206 3638 266 42 Cathedral
507 3640 52 41 of
594 3639 68 42 St.
696 3641 131 39 John
861 3641 81 40 the
977 3640 191 43 Divine.
1240 3640 284 52 (28-30162)

136 3734 220 65 Hayes,
391 3734 295 55 Doremus
718 3734 197 66 Almy,
952 3740 173 51 1863-

204 3812 124 53 The
359 3813 230 65 heights
624 3813 65 52 of
724 3813 298 54 Christian
1055 3814 376 67 blessedness;
1473 3835 30 33 a
1541 3817 172 67 study
1748 3816 65 54 of
1846 3818 96 53 the
134 3817 1995 129 beatitudes,

348 3886 1802 82 by Doremus A. Hayes … New York, Cincinnati [etc.]
135 3969 121 54 The
285 3968 317 70 Abingdon
630 3988 158 50 press
865 3972 151 66 [ᶜ1928]
