2498 4384
1116 4062 134 50 1541

169 401 308 63 Richards,
513 399 190 65 Ralph
739 399 177 64 Reed,
955 399 168 54 1876-

234 479 457 67 Championship
743 478 220 68 bridge,
1014 477 74 68 by
1140 477 66 51 R.
1261 476 68 51 R.
1381 474 284 52 Richards
1722 473 446 69 .…presenting

163 576 167 49 every
362 557 96 53 bid
497 557 110 52 and
642 556 137 68 play
811 554 64 54 of
906 555 96 53 the
1035 557 64 50 52
1132 554 185 52 hands
1349 553 59 51 in
1443 553 95 51 the
1573 551 164 53 finals
1771 550 64 54 of
1866 552 96 52 the
162 557 2005 130 team-of-four

419 632 438 69 championship
892 632 207 68 played
1132 632 59 52 in
1224 632 96 51 the
1354 630 243 68 league’s
1632 629 125 53 first
1785 634 385 51 tournament,

165 714 56 52 in
264 714 93 51 the
400 713 154 51 hotel
600 711 297 58 Sherman,
943 709 269 67 Chicago,
1256 708 261 68 together
1560 707 139 52 with
1744 712 310 48 comments
2097 706 72 70 by

164 792 94 52 the
295 790 208 53 author
540 808 70 34 on
648 808 169 49 every
851 787 173 54 hand.
1099 787 140 53 New
1277 786 182 67 York,
1495 784 329 71 Greenberg
1941 787 119 65 [ᶜ1928]

235 873 83 39 114
349 884 41 36 p.
453 872 127 40 illus.
642 872 54 39 23½ᶜᵐ

173 926 51 52 ©
251 931 118 39 Aug.
395 930 70 41 29,
494 929 116 39 1928;
663 929 66 39 2c.
760 927 128 48 Sept.
915 928 54 39 13;
1026 926 82 42 aff.
1140 926 128 48 Sept.
1297 925 82 47 29;
1409 926 40 38 A
1478 924 230 47 1053626;
1739 924 288 46 Greenberg,
239 923 1914 110 publisher,
435 986 91 40 inc.
596 983 254 51 (28-23630)

161 1080 220 63 Riedel,
415 1080 176 53 Kurt.

235 1158 347 53 Pestalozzis
609 1156 430 69 bildungslehre
1071 1156 58 52 in
1161 1155 156 52 ihrer
1348 1153 405 69 entwicklung,
1783 1152 149 68 sinn,
1961 1153 188 69 grund
166 1240 168 55 sätze,

370 1230 1804 69 mittel und methode, von Kurt Riedel … Dresden, A.
166 1314 212 56 Huhle,
410 1316 149 49 1928.

305 1395 410 49 xv. 294, [9], p. 23 ½ ᶜᵐ.
239 1452 322 41 “Schrifttum”
612 1462 9 29 :
653 1462 42 37 p.
724 1451 181 39 xii-xv.

176 1506 1755 52 © Feb. 24, 1928; 1c. May 29; A —Foreign 39052; Alwin Huhle.
254 1565 281 50 (28-23455)

171 1645 222 64 Riegel,
425 1645 154 52 Emil
609 1644 329 63 Raymond,
973 1648 169 49 1882-

238 1722 322 53 Industrial
586 1722 326 68 chemistry,
936 1740 68 33 an
1033 1720 420 66 introduction;
1481 1740 72 33 an
1578 1720 347 68 elementary
1948 1718 232 54 treatise

171 1800 92 53 for
296 1801 94 52 the
423 1801 231 52 student
687 1800 113 52 and
833 1800 229 68 general
1096 1799 218 66 reader,
1344 1799 76 68 by
1453 1798 155 52 Emil
1641 1798 305 68 Raymond
1979 1798 201 68 Riegel

231 1875 1950 70 … With the support of a large number of collaborators.
170 1957 139 53 New
340 1956 180 65 York,
550 1956 121 52 The
703 1954 292 55 Chemical
1025 1955 228 68 catalog
1281 1971 299 51 company,
1609 1953 126 67 inc.,
1767 1957 151 50 1928.

241 2037 1112 50 649 p. front. (port.) illus., diagrs. 23½ ᶜᵐ.
243 2097 251 44 “Kending
523 2094 303 41 references”
858 2098 52 37 at
940 2095 89 39 end
1064 2094 51 40 of
1145 2095 119 39 each
1296 2095 216 46 chapter.

180 2150 51 52 ©
268 2154 102 40 Oct.
405 2154 40 46 5,
481 2153 140 41 1928;
658 2153 67 39 2c.
761 2153 95 38 and
892 2151 82 40 aff.
1011 2151 102 41 Oct.
1151 2151 52 47 8;
1242 2151 40 38 A
1318 2150 230 47 1053815;
1588 2150 246 41 Chemical
1872 2152 193 45 catalog
2101 2162 82 34 co.,

247 2210 91 41 inc.
407 2208 281 51 (28-23438)

169 2289 268 63 Rinkliff,
472 2288 228 65 George
731 2288 199 54 Louis.

243 2366 465 68 Administering
736 2365 174 56 God’s
941 2364 163 72 gifts,
1132 2364 77 71 by
1238 2364 222 71 George
1488 2364 176 55 Louis
1693 2364 266 55 Rinkliff.
173 2366 1988 148 Philadelphia,

490 2446 121 66 Pa.,
638 2446 122 52 The
786 2445 220 54 United
1034 2445 298 52 Lutheran
1360 2444 357 68 publication
1744 2446 175 52 house
1953 2479 12 33 [
2027 2448 100 50 ᶜ1928]

245 2530 253 48 99 p. 19½ ᶜᵐ.
182 2582 52 53 ©
263 2587 102 41 Oct.
393 2587 41 47 4,
464 2586 140 43 1928;
635 2587 67 39 2c.
734 2585 102 41 Oct.
865 2587 52 45 8;
949 2585 83 41 aff.
1061 2586 102 40 Oct.
1194 2585 53 47 6;
1279 2586 40 38 A
1347 2585 231 46 1053778;
1611 2587 163 39 Board
1805 2586 51 40 of
1885 2586 302 48 publication

247 2644 52 40 of
325 2644 80 40 the
433 2644 180 40 United
639 2644 252 39 Lutheran
917 2643 182 40 church
1126 2643 50 39 in
1203 2643 241 47 America,
1473 2643 357 48 Philadelphia.
260 2700 282 50 (28-23566)

176 2781 270 63 Roemer,
478 2779 255 55 William
767 2779 266 65 Francis,
1070 2784 169 50 1894-

253 2857 1935 71 The ethical basis of international law … by William Francis
183 2935 1698 71 Roemer … [Chicago, Loyola university press, ᶜ1 928]
253 3017 409 48 126 p., 1 l. 22½ ᶜᵐ.
255 3074 173 40 Thesis
467 3074 109 47 (PH.
638 3074 391 48 D.)—University
1059 3075 52 40 of
1140 3075 153 41 Notre
1322 3076 169 40 Dame.

254 3131 129 40 Vita.

187 3184 51 52 ©
273 3189 127 48 Sept.
435 3189 38 47 8,
506 3189 116 40 1928
639 3200 8 30 ;
680 3190 68 39 2c.
782 3190 95 39 and
910 3189 82 41 aff.
1026 3190 103 40 Oct.
1162 3191 23 37 1
1205 3201 8 36 ;
1249 3190 42 39 A
1322 3190 203 41 1053632
1543 3202 9 36 ;
1588 3192 72 40 W.
1694 3192 52 41 F.
1781 3193 218 44 Roemer,
2038 3192 154 41 South

254 3246 149 47 Bend,
437 3247 104 39 Ind.
611 3246 281 49 (28-23516)

181 3323 259 64 Schmid,
472 3324 327 66 Friedrich,
833 3326 170 54 1870-

255 3401 119 54 Das
408 3403 410 53 zodiakallicht
835 3422 11 44 ;
882 3404 120 53 sein
1035 3423 201 39 wesen,
1269 3405 150 53 seine
1452 3405 316 55 kosmische
1802 3407 137 53 oder
1972 3407 194 54 telluri
185 3479 128 52 sche

335 3480 268 67 Stellung,
626 3499 107 33 von
760 3482 83 52 dr.
868 3483 55 51 h.
947 3501 44 33 c.
1017 3482 306 54 Friedrich
1349 3482 254 56 Schmid.
1662 3485 113 52 Mit
1802 3485 181 53 einem
190 3487 1980 138 mehrfarbigen

487 3558 301 67 titelbilde,
819 3562 67 48 22
917 3559 390 69 abbildungen
1337 3561 78 52 im
1446 3567 140 63 text,
1616 3565 30 49 3
1676 3562 186 54 tafeln
1895 3565 119 53 und
2046 3568 31 49 3
187 3571 1982 115 tabellen.
464 3635 324 69 Hamburg,

816 3636 78 53 H.
925 3636 221 69 Grand,
1176 3641 152 50 1928.

192 3715 2003 103 X, 132 p. col. front., 3 fold. tab., diagrs. (part fold.) 24 ᶜᵐ. ( Added t.-p.: Probleme der kosmischen
1083 3776 192 47 physik.
1400 3776 14 47 XI)

261 3828 350 48 Bibliography
641 3830 223 42 included
894 3831 51 41 in
977 3832 265 49 “Anhang”
1283 3835 67 47 (p.
1381 3835 230 47 127-128)

261 3884 175 40 Errata
472 3885 94 48 slip
594 3887 230 42 inserted.

194 3936 1759 63 © May 31, 1928; 1c. June 26; A—Foreign 39430; Henri Grand.
272 4000 282 49 (28-23513)
