2498 4384
1332 4078 98 51 644

364 435 249 61 Covello,
641 435 288 52 Leonard.

432 511 1928 69 First book in Italian, by Leonardo Covello … and Annita E.
362 588 1999 70 Giacobbe … illustrations by Anthony J. De Beilis, Arthur J.
361 668 88 52 De
492 667 178 53 Beilis
715 668 112 51 and
875 666 298 55 Salvatore
1215 667 169 53 Rosa.
1459 667 139 52 New
1641 667 180 67 York,
1865 668 121 52 The
2028 667 332 53 Macmillan

361 763 299 50 company,
695 748 150 50 1928.

501 859 9 17 xv,
541 829 82 40 531
654 839 43 37 p.
757 829 88 39 col.
872 828 164 42 front.,
1068 828 143 47 illus.,
1241 839 126 37 map.
1427 828 146 41 19½ᶜᵐ.

372 880 52 52 ©
456 885 113 47 Apr.
599 885 69 46 24,
700 884 114 39 1928;
873 885 68 39 2c.
972 885 96 39 and
1099 884 82 41 aff.
1211 885 114 47 Apr.
1357 884 56 40 25;
1473 884 41 40 A
1545 884 204 40 1074150;
1811 885 281 40 Macmillan
2124 896 69 31 co.

453 940 279 50 (28-11644)

362 1022 274 62 Dawson,
671 1022 246 53 Francis
949 1020 406 65 Warrington,
1394 1020 170 54 1878-

433 1102 120 51 The
596 1100 283 69 guardian
922 1101 250 66 demons,
1211 1100 77 69 by
1328 1100 379 69 Warrington
1748 1102 265 51 Dawson.
2109 1102 258 57 London,

362 1180 181 52 Rider
566 1182 44 49 &
633 1198 79 33 co.
744 1180 171 65 [1928]

433 1262 98 44 286,
562 1262 54 49 [1]
648 1273 42 36 p.
750 1262 146 39 19½ᶜᵐ.

374 1315 52 52 ©
463 1320 66 39 1c.
563 1319 114 48 Apr.
710 1319 70 41 21,
816 1318 141 46 1928;
994 1319 40 38 A
1069 1319 67 39 ad
1165 1319 88 40 int.
1288 1318 170 47 10996;
1496 1319 143 48 pubd.
1675 1319 111 40 Feb.
1821 1319 83 47 24;
1943 1319 52 41 F.
2031 1320 72 40 W.
2140 1319 226 48 Dawson,

445 1376 212 40 London.
728 1376 281 48 (28-12434)

367 1457 85 52 De
483 1457 182 62 Haas,
698 1456 223 53 Arline.

437 1533 269 55 Glorious
737 1535 203 68 Betsy;
973 1534 172 69 being
1174 1535 97 52 the
1302 1534 280 53 romantic
1613 1540 158 63 story
1801 1534 65 53 of
1896 1534 96 54 the
2023 1534 175 54 Dixie
2229 1535 144 53 belle

368 1614 127 51 who
528 1612 183 53 defied
746 1613 315 67 Napoleon,
1093 1613 296 52 novelized
1423 1612 75 68 by
1531 1612 205 53 Arline
1770 1614 88 51 De
1891 1613 161 53 Haas
2090 1612 153 53 from
2277 1613 96 52 the

369 1692 137 66 play
546 1691 75 69 by
663 1691 152 52 Rida
856 1691 260 53 Johnson
1160 1691 232 69 Young,
1433 1690 326 53 illustrated
1804 1690 140 53 with
1987 1709 188 35 scenes
2221 1690 152 54 from

370 1771 95 51 the
503 1770 319 67 photoplay
861 1788 31 33 a
932 1770 245 53 Warner
1216 1769 147 53 bros.
1407 1769 362 68 production,
1809 1769 253 53 directed
2102 1768 75 71 by
2221 1770 151 52 Alan

370 1847 301 68 Crosland,
710 1848 257 69 starring
1009 1848 241 52 Dolores
1295 1847 265 54 Costello.
1640 1848 140 53 New
1824 1847 181 68 York,
2051 1847 235 55 Grosset
2328 1851 47 49 &

369 1926 235 67 Dunlap
679 1929 151 64 [ᶜ1928]

440 2007 966 49 2 p. l., 320 p. front., plates. 19½ᶜᵐ.
377 2061 52 52 ©
459 2066 113 47 Apr.
602 2067 69 46 25,
703 2066 140 45 1928;
875 2067 68 40 2c.
973 2067 114 46 Apr.
1117 2066 83 46 30;
1234 2066 82 41 aff.
1347 2066 115 47 Apr.
1490 2067 84 46 27;
1606 2067 40 38 A
1677 2065 231 47 1074217;
1942 2065 204 44 Grosset
2174 2066 37 41 &
445 2067 1908 103 Dunlap,
565 2123 91 40 inc.
726 2123 281 49 (28-11528)

368 2204 281 64 Douglas,
679 2206 138 52 Mrs.
850 2204 304 53 Marietta.

442 2283 121 52 The
607 2282 268 68 disputed
921 2283 144 67 title,
1109 2282 75 69 by
1229 2283 274 52 Marietta
1548 2282 274 69 Douglas.
1906 2283 236 65 Boston,
2187 2283 68 52 R.
2305 2282 69 55 G.

373 2361 450 69 Badger [ c 1928]
441 2444 86 38 244
552 2455 44 37 p.
655 2444 57 40 20
715 2446 43 21 ᶜᵐ
764 2476 8 8 .

379 2497 52 52 ©
471 2502 114 47 Apr.
625 2501 68 47 18,
734 2501 141 46 1928;
916 2502 68 40 2c.
1023 2502 115 47 Apr.
1176 2501 85 47 30;
1303 2501 83 41 aff.
1426 2502 114 47 Apr.
1579 2502 83 46 27;
1705 2501 43 39 A
1786 2501 229 47 1074225;
2061 2501 213 41 Richard
2318 2502 53 42 G.

450 2559 206 47 Badger.
727 2558 281 49 (28-11531)

371 2638 216 62 Drake,
618 2637 255 55 William
906 2638 46 52 A
1254 2641 168 50 1899-

444 2714 456 70 Contemporary
930 2715 332 69 ’European
1311 2715 241 68 writers,
1603 2715 75 69 by
1728 2715 261 55 William
2038 2715 72 53 A.
2163 2716 211 54 Drake.

375 2793 135 53 New
539 2792 180 69 York,
747 2793 121 53 The
895 2794 157 53 John
1081 2794 132 68 Day
1241 2811 297 51 company,
1570 2796 149 50 1928.

478 2877 627 49 x, [3]-408 p., 1 l. 21½ᶜᵐ.
443 2933 476 48 “Bibliographies”:
957 2945 44 37 p.
1054 2933 237 48 [347]-398.

381 2986 52 52 ©
468 2991 113 47 Apr.
617 2990 68 47 19,
720 2990 141 44 1928;
898 2990 67 40 2c.
999 2989 114 48 Apr.
1148 2989 82 47 26;
1269 2988 82 41 aff.
1386 2989 113 47 Apr.
1533 2990 84 45 25;
1654 2990 40 38 A
1729 2989 229 48 1069930;
1995 2991 73 40 W.
2103 2989 55 41 A.
2194 2991 178 47 Drake,

452 3049 119 38 New
600 3048 144 39 York.
815 3045 280 50 (28-11519)

374 3113 209 63 Eagin,
617 3113 199 53 Frank
849 3112 216 60 Oliver,
1100 3116 172 49 1884-
1451 3113 85 53 ed.

447 3191 322 55 Oklahoma
824 3208 334 50 newspaper
1214 3191 153 65 code,
1424 3190 280 68 compiled
1764 3191 113 53 and
1935 3191 311 53 annotated
2302 3191 75 69 by

376 3270 198 52 Frank
616 3269 65 55 O.
726 3269 206 69 Eagin.
1011 3268 323 55 Oklahoma
1377 3269 154 68 City,
1570 3269 241 52 Harlow
1852 3269 338 69 publishing
375 3288 1977 127 company,
573 3350 149 50 1928.

446 3429 102 47 xiii,
572 3430 86 39 344
682 3440 42 37 p.
776 3430 57 38 22
836 3432 43 20 ᶜᵐ
885 3461 8 9 .

448 3487 100 39 The
578 3488 115 38 code
721 3487 97 39 had
846 3486 65 40 its
939 3486 157 48 origin
1126 3488 52 38 at
1208 3496 28 30 a
1267 3485 211 48 meeting
1507 3485 52 41 of
1589 3487 81 39 the
1702 3486 268 41 Oklahoma
2003 3496 137 38 press
378 3486 1978 98 association
510 3543 50 40 in
590 3544 235 46 January,
858 3543 128 40 1927.
1047 3543 38 39 A
1117 3542 275 41 committee
1425 3553 99 29 was
1556 3543 274 48 appointed,
1865 3542 268 49 consisting
2165 3543 50 39 of
2250 3544 47 39 C.
2371 3576 5 6 S.

379 3600 174 48 Storm,
584 3601 43 40 J.
657 3600 50 44 C.
737 3601 177 45 Nance,
945 3601 95 39 and
1070 3601 166 46 Harry
1266 3600 144 47 Jolly,
1442 3601 49 39 to
1521 3610 207 38 arrange
1759 3600 80 40 for
1870 3601 81 39 the
1982 3600 314 48 compilation
2328 3600 51 40 of

378 3658 82 39 the
488 3659 121 38 laws
640 3657 51 40 of
722 3657 265 41 Oklahoma
1025 3657 210 47 relating
1265 3659 48 38 to
1344 3667 323 37 newspapers,
1728 3658 61 48 cf.
1823 3657 274 41 Foreword.

385 3711 51 51 ©
467 3715 113 48 Apr.
611 3716 39 45 5,
682 3715 140 47 1928;
855 3716 68 40 2c.
954 3716 113 47 Apr.
1098 3715 82 46 24;
1214 3714 84 40 aff.
1330 3714 113 48 Apr.
1474 3715 83 47 26;
1592 3716 40 38 A
1664 3714 228 48 1074198;
1929 3716 203 39 Harlow
2163 3714 109 49 pub.
2306 3725 68 31 co.

466 3772 280 49 (28-11720)

381 3838 209 62 Eakin,
625 3838 217 54 Frank.

450 3915 1925 72 Revaluing Scripture, by Frank Eakin … New York, The
377 3995 335 54 Macmillan
743 4014 297 53 company,
1071 4000 132 50 1928.
