2498 4384
1031 4073 135 51 1369

128 415 303 63 Academy
458 415 65 53 of
551 415 257 63 political
839 415 245 64 science,
1113 416 140 52 New
1284 416 177 53 York.

257 493 1875 69 … Fact-finding in labor disputes; a series of addresses and
127 589 204 50 papers
366 572 293 66 presented
699 578 57 46 at
787 572 95 52 the
916 572 380 52 semi-annual
1329 572 251 68 meeting
1611 571 64 53 of
1708 571 96 54 the
1837 572 295 69 Academy

126 649 63 53 of
224 650 259 67 political
518 650 212 52 science
767 650 62 52 in
863 650 95 52 the
995 651 102 67 city
1150 649 64 53 of
1250 651 139 51 New
1428 650 180 67 York,
1644 650 176 67 April
1859 653 82 65 11,
1973 653 158 53 1928,

124 728 187 52 edited
345 727 76 68 by
455 727 219 53 Parker
710 728 249 52 Thomas
991 728 192 52 Moon.
1265 728 157 67 [New
1458 727 180 68 York]
1680 728 121 52 The
1835 728 295 71 Academy

123 806 64 53 of
218 807 259 67 political
508 807 231 66 science,
772 806 301 55 Columbia
1105 807 338 68 university,
1477 810 150 50 1928.

192 888 1796 49 xii, 194 p. 22 ᶜᵐ. (Its Proceedings … vol. XIII, no. 1, June, 1928)
461 960 302 40 CONTENTS.—Preface:
801 960 332 41 Semi-annual
1167 960 212 48 meeting
1411 960 345 48 (forty-eighth
1788 961 143 47 year)
1961 960 51 41 of
2045 960 82 40 the

123 1018 240 46 Academy
386 1017 53 40 of
461 1017 219 48 political
705 1017 198 46 science,
928 1017 117 40 New
1069 1018 132 39 York
1225 1017 113 47 city,
1358 1017 138 48 April
1515 1018 68 45 11,
1604 1015 522 50 1928.—Fact-finding,

120 1074 62 47 by
204 1075 366 47 governmental
595 1085 54 29 or
673 1075 261 46 voluntary
959 1074 612 48 agencies.—Injunctions
1596 1073 49 40 in
1669 1074 137 40 labor
1832 1074 295 48 disputes.—

119 1132 158 39 Trade
313 1131 244 40 unionism
591 1132 96 39 and
723 1132 244 47 employee
1006 1131 390 48 representation
1433 1131 424 48 plans.—Present
1893 1131 146 40 needs
2077 1130 47 40 in

118 1188 238 48 industry.

120 1255 1985 102 © July 7, 1928; 2c. July 13; aff. Aug. 28; A 1054101; Academy of political
291 1316 200 40 science.
563 1316 281 49 (28-21636)

117 1408 287 65 Babcock,
434 1409 256 54 William
718 1410 244 63 Wayne,
996 1409 172 55 1872-

184 1487 55 52 A
287 1487 297 53 text-book
632 1487 64 53 of
745 1506 239 49 surgery
1035 1487 95 54 for
1177 1488 260 53 students
1488 1488 113 53 and
1651 1488 348 68 physicians,
2047 1489 78 68 by

114 1565 2011 69 W. Wayne Babcock … with 1041 illustrations and 9 plates in
115 1645 167 52 color.
358 1644 410 68 Philadelphia
810 1644 113 53 and
962 1644 260 67 London,
1259 1645 89 52 W.
1389 1646 67 50 B.
1498 1643 289 55 Saunders
1824 1662 301 50 company.

116 1724 149 50 1928.

184 1804 1458 49 2 p. l. , 11-1367 p. illus., plates (part col.) diagrs. 26 ᶜᵐ.
115 1870 51 52 ©
198 1874 128 49 Sept.
357 1875 39 47 5,
428 1874 140 47 1928;
600 1876 68 40 2c.
699 1876 95 39 and
825 1874 82 41 aff.
942 1874 128 48 Sept.
1101 1875 52 46 8;
1187 1874 42 39 A
1259 1872 204 42 1053270;
1524 1875 72 40 W.
1627 1875 54 40 B.
1716 1874 247 41 Saunders
1993 1885 71 30 co.

192 1930 281 50 (28-21639)

111 2026 254 63 Barney,
398 2026 177 54 Chas.
606 2027 89 63 D.,
727 2026 52 53 &
808 2042 83 38 co.

179 2104 373 69 Investment,
575 2123 253 34 common
853 2104 203 54 stocks.
1135 2105 139 52 New
1297 2103 182 68 York,
1499 2104 430 68 Philadelphia,
1953 2104 168 53 Chas.

109 2184 71 51 D.
214 2184 231 69 Barney
477 2186 45 49 &
553 2201 79 36 co.
672 2186 171 69 [1928]

177 2266 350 49 99 p., 11. 23 ᶜᵐ.
112 2334 51 52 ©
191 2338 127 48 Sept.
343 2338 70 48 10,
439 2338 118 40 1928;
607 2339 68 41 2c.
701 2339 96 39 and
822 2337 82 42 aff.
935 2338 128 47 Sept.
1089 2336 55 40 12;
1200 2336 43 39 A
1265 2335 208 42 1054282;
1527 2335 49 42 C.
1603 2336 57 41 D.
1687 2336 196 48 Barney
1908 2335 36 41 &
1971 2347 67 29 co.

187 2394 282 50 (28-21632)

109 2490 263 63 Barrett,
407 2489 134 55 Otis
574 2490 270 63 Warren,
880 2493 173 50 1872-

175 2570 119 53 The
331 2569 248 68 tropical
613 2587 194 50 crops;
846 2588 31 33 a
914 2567 246 69 popular
1194 2571 311 49 treatment
1538 2566 64 53 of
1635 2567 97 53 the
1768 2567 250 68 practice
2052 2568 67 53 of

107 2649 347 68 agriculture
497 2648 60 52 in
600 2647 247 68 tropical
890 2646 246 70 regions,
1177 2646 142 52 with
1366 2645 316 54 discussion
1727 2645 64 53 of
1834 2645 285 71 cropping

105 2732 235 62 systems
387 2727 115 53 and
548 2726 261 53 methods
856 2725 65 53 of
968 2724 263 70 growing
1277 2724 97 54 the
1420 2723 235 70 leading
1701 2724 292 69 products,
2039 2722 77 72 by

106 2802 2012 70 Otis Warren Barrett … New York, The Macmillan company,
105 2886 147 50 1928.

104 2962 1995 102 xviii p., 1 l., 445 p. front., plates. 19½ᶜᵐ. (Half-title: The rural science
241 3023 163 48 series,
434 3024 72 39 ed.
532 3023 62 47 by
618 3022 53 41 L.
697 3024 62 39 H.
786 3021 198 48 Bailey)

107 3091 51 52 ©
190 3095 126 48 Sept.
345 3096 69 46 11,
444 3094 115 41 1928;
616 3093 68 41 2c.
714 3094 97 39 and
839 3092 83 40 aff.
955 3092 129 48 Sept.
1113 3091 54 40 12;
1229 3091 43 39 A
1299 3090 205 41 1054239;
1564 3090 285 42 Macmillan
1878 3102 67 31 co.

184 3151 280 50 (28-21709)

106 3244 176 54 Barst
288 3263 104 46 ow,
425 3245 264 53 Robbins
719 3243 275 55 Wolcott.

173 3323 240 70 Getting
448 3322 340 69 acquainted
825 3321 142 52 with
1004 3319 158 69 God;
1200 3339 34 33 a
1268 3320 150 53 book
1453 3320 64 53 of
1552 3320 297 54 devotions
1887 3320 95 54 for
2016 3339 97 35 use

102 3401 60 52 in
192 3401 190 54 homes
414 3401 186 53 where
630 3400 160 53 there
822 3418 95 34 are
950 3399 277 66 children,
1259 3398 77 69 by
1368 3398 257 53 Robbins
1655 3399 253 54 Wolcott
101 3401 1988 131 Barstow.

303 3480 139 53 New
475 3478 181 68 York,
686 3477 121 53 The
839 3476 338 54 Macmillan
1209 3494 300 51 company,
1544 3479 152 51 1928.

170 3564 84 40 115
285 3574 44 38 p.
419 3564 28 40 19½ᶜᵐ.

105 3629 51 52 ©
185 3634 127 48 Sept.
338 3634 68 47 11,
435 3632 115 41 1928;
604 3633 69 39 2c.
701 3632 95 39 and
824 3630 83 42 aff.
938 3630 128 48 Sept.
1094 3629 55 39 12;
1207 3629 43 39 A
1275 3628 204 42 1054233;
1539 3630 284 41 Macmillan
1851 3643 68 30 co.

181 3690 280 50 (28-21657)

103 3784 207 63 Baum,
337 3784 203 53 James
568 3782 227 62 Edwin,
828 3780 171 54 1887-

179 3858 1934 75 Spears in the sun, by James Edwin Baum … Chicago,
107 3937 1263 71 New York, The Reilly & Lee co. [ ᶜ1 928]
175 4020 561 51 3 p. l. , 11-280 p. 20 ᶜᵐ.
