2498 4384
1058 4085 99 50 669

80 505 75 68 by
194 505 158 53 John
390 505 184 66 Reed;
615 504 331 68 ninety-one
985 500 384 54 illustrations
1405 501 76 69 by
1520 501 96 52 the
1654 501 223 52 author.
81 499 1981 152 Chicago,

267 582 121 52 The
418 581 213 53 Inland
662 582 223 67 printer
913 598 299 50 company,
1245 582 150 50 1928.

150 663 1145 50 2 p. l., vii-ix, 132 p. illus., diagrs. 17 ᶜᵐ .
153 735 304 48 “Originally
489 735 193 47 printed
714 746 55 28 as
801 745 28 29 a
862 734 152 40 series
1044 733 51 41 of
1126 733 200 41 articles
1357 733 50 39 in
1439 734 82 38 the
1554 734 177 38 Inland
1763 732 188 48 printer
81 734 1993 106 during

192 790 307 43 1926-1927.”

87 857 52 52 ©
166 862 115 47 Apr.
309 861 70 45 20,
408 861 143 48 1928;
580 862 68 39 2c.
676 862 96 39 and
801 859 82 42 aff.
912 860 115 48 Apr.
1054 860 83 45 23;
1168 860 42 39 A
1240 859 230 47 1074078;
1503 860 44 41 J.
1578 860 145 48 Reed,
1756 860 224 47 Chicago.

164 918 283 49 (28-11894)

83 1013 297 52 Research
414 1013 244 62 service,
692 1012 431 63 incorporated.

155 1090 1937 68 Zinc and its corrosion resistance … prepared by the Research
82 1168 230 67 service,
345 1168 421 67 incorporated,
797 1168 183 52 under
1012 1168 96 52 the
1142 1168 280 52 direction
1455 1167 64 53 of
1553 1169 94 51 the
1679 1169 418 67 Development

84 1246 64 52 of
186 1246 269 69 industry
493 1245 319 53 committee
852 1244 64 53 of
954 1246 95 51 the
1085 1245 312 53 American
1434 1246 125 53 zinc
1596 1247 280 67 institute,
83 1248 1989 144 incorporated.

458 1324 139 52 New
663 1323 164 52 York
888 1324 135 68 city,
1085 1323 310 53 American
1458 1324 125 53 zinc
1645 1324 281 68 institute,
1988 1326 108 53 inc.

164 1405 118 64 [ᶜ1928]

154 1486 306 49 82 p. 23 ᶜᵐ .
156 1543 162 40 “With
358 1544 83 39 the
480 1542 291 47 permission
809 1541 52 40 of
899 1542 81 39 the
1019 1540 235 41 National
1294 1543 227 38 research
1560 1542 189 40 council
1791 1544 80 39 the
1911 1544 183 41 section

85 1599 273 42 ‘Corrosion
387 1599 53 40 of
468 1598 106 41 zinc
617 1598 51 40 of
695 1600 83 38 the
808 1598 259 40 ‘Research
1098 1597 322 41 information
1448 1607 204 39 surveys
1680 1610 60 29 on
1768 1600 247 40 corrosion
2046 1601 52 40 of

84 1655 203 48 metals’,
319 1656 164 39 issued
514 1655 49 39 in
595 1654 394 48 mimeographed
1019 1654 129 40 form
1178 1654 63 48 by
1272 1655 81 39 the
1386 1654 201 41 Council
1617 1655 50 39 in
1699 1655 127 48 1924,
1859 1657 89 39 has
1979 1658 117 39 been

85 1714 118 39 used
231 1723 54 30 as
314 1713 81 39 the
423 1711 133 41 basis
584 1711 53 40 of
664 1711 98 40 this
789 1710 345 49 publication.”

157 1771 69 38 “A
250 1780 191 29 resume
465 1769 96 39 and
587 1767 339 48 bibliography
952 1767 51 41 of
1027 1768 82 39 the
1133 1766 258 49 published
1415 1767 229 41 material
1670 1779 61 29 on
1755 1769 82 40 the
1863 1770 234 47 subject.”

157 1825 296 41 “Reference
484 1824 175 41 index”:
720 1836 44 37 p.
794 1824 159 40 75-82.

90 1879 52 52 ©
173 1884 123 39 Mar.
325 1882 68 41 15,
425 1881 141 41 1928:
597 1881 68 40 2c.
695 1882 97 38 and
821 1879 83 41 aff.
933 1880 116 47 Apr.
1076 1880 57 39 25;
1192 1879 42 39 A
1263 1878 202 41 1074192;
1527 1879 146 40 Amer.
1719 1880 107 42 zinc
1855 1882 243 49 institute,

156 1940 93 39 inc.
322 1938 283 50 (28-11983)

86 2034 385 63 Riesenberg,
504 2032 183 63 Felix,
722 2031 171 54 1879-

159 2112 348 68 Shipmates,
540 2111 76 68 by
651 2110 166 53 Felix
852 2110 377 69 Riesenberg;
1266 2110 255 53 sketches
1555 2110 64 53 of
1653 2111 95 53 the
1782 2130 108 33 sea.
1961 2112 140 52 New

89 2190 1351 66 York, Harcourt, Brace & company [ᶜ 1928 ]
232 2274 337 48 x. 233 p. 19 ᶜᵐ .
93 2327 52 52 ©
172 2332 115 47 Apr.
315 2332 39 45 5,
382 2330 143 45 1928;
554 2329 69 40 2c.
651 2329 96 39 and
774 2327 83 41 aff.
886 2328 114 47 Apr.
1028 2327 83 47 25;
1142 2327 41 39 A
1211 2327 231 47 1074161;
1474 2329 263 48 Harcourt,
1769 2330 156 40 Brace
1955 2331 35 40 &
2019 2341 83 33 co.,

162 2388 92 41 inc.
325 2386 283 51 (28-11892)

88 2483 405 63 Rodenwaldt,
526 2482 278 62 Gerhart,
839 2484 172 50 1886-

161 2564 109 53 Die
306 2563 175 52 kunst
518 2563 100 52 der
658 2561 195 53 antike
892 2561 239 67 <Hellas
1167 2561 119 52 und
1326 2562 183 65 Rom>
1552 2580 112 34 von
1704 2561 251 55 Gerhart
91 2564 1989 132 Rodenwaldt.

474 2639 1044 69 Berlin, Propyläen-verlag [ᶜ 1927]
161 2722 1821 53 711, [1] p. incl. plates, plans, XLIII pl. (part col. mounted) 28½ ᶜᵐ.
102 2780 1221 51 (Half-title: Propyläen-kunstgeschichte. III )
95 2837 1993 109 © Nov. 10, 1927: 1c. Feb. 27, 1928; A—Foreign 37518; Propyläen verlag,
286 2909 43 37 g.
412 2930 8 8 m.
450 2897 42 40 b.
522 2897 45 40 h.
639 2895 282 49 (28-12088)

92 2991 541 65 R ø nberg, Georg.
94 3069 1989 149 … Caterina Sforza. K ø benhavn, Gyldendal, Nordisk forlag,
238 3147 151 55 1927.

166 3231 369 48 323 p. 21 ½ ᶜᵐ .
167 3288 72 41 On
268 3299 142 29 cover:
472 3287 229 41 Caterina
736 3287 188 46 Sforza,
955 3287 275 48 tigerinden
1261 3288 80 40 fra
1375 3288 147 48 Forli,
1554 3288 239 41 historisk
1824 3301 171 29 roman
2026 3292 79 40 fra

94 3345 325 48 Borgiaernes
448 3344 87 41 tid.

99 3399 1992 108 © Dec. 3, 1927; 1c. Jan. 28, 1928: A— Foreign 37223; Gyldendalske boghandel,
392 3459 216 40 Nordisk
635 3459 177 48 forlag.
884 3459 282 49 (28-12120)

97 3553 153 63 Ruh,
281 3553 225 53 Harold
538 3552 216 64 Oliver,
790 3556 172 50 1884-

169 3633 123 53 The
329 3632 203 54 child’s
571 3633 398 67 development
1009 3633 113 52 and
1161 3633 198 52 health
1399 3634 217 64 record,
1653 3634 78 69 by
1769 3635 228 53 Harold
2040 3635 69 55 O.

100 3709 1985 148 Ruh … and Justin A. Garvin … New York, London, D. Appleton
324 3789 114 52 and
467 3806 299 51 company,
795 3791 152 52 1928.

168 3869 910 50 4 p. l., 107 p. diagrs. 26½ × 21 ᶜᵐ .
176 3926 282 41 “Provision
487 3927 89 41 has
602 3928 118 44 been
747 3930 143 38 made
913 3929 80 40 for
1020 3929 82 39 the
1130 3930 258 47 recording
1415 3930 50 39 in
1493 3931 195 47 orderly
1717 3942 234 37 sequence
1979 3933 128 39 from

103 3984 130 41 birth
259 3984 211 49 through
496 3986 81 39 the
602 3996 87 38 age
714 3986 51 40 of
789 3987 227 41 fourteen
1042 3997 143 37 years
1210 3988 53 40 of
1288 3989 138 40 those
1453 3991 168 39 events
1647 3991 97 39 and
1770 3992 338 40 observations
