2498 4384
1267 4082 135 48 1596

324 426 316 64 Sidgwick,
672 426 196 66 Ethel,
902 427 169 55 1877-

398 504 188 54 When
609 505 32 51 I
664 523 159 50 grow
848 504 141 68 rich,
1012 506 75 68 by
1112 505 174 53 Ethel
1315 503 311 72 Sidgwick.
1689 506 139 54 New
1855 506 164 54 York
2046 507 114 53 and
328 507 1981 143 London,

488 582 235 68 Harper
749 585 46 49 &
822 583 279 68 brothers,
1134 586 151 50 1928.

399 663 27 39 5
453 674 43 37 p.
524 665 43 39 1..
596 664 100 43 461,
728 665 54 47 [1]
813 675 43 37 p.
917 665 118 41 20ᶜᵐ.

332 716 51 52 ©
414 721 102 41 Oct.
545 721 68 47 19,
643 721 141 47 1928;
813 722 68 40 2c.
912 722 102 40 Oct.
1042 722 81 47 16;
1156 722 83 41 aff.
1271 722 102 40 Oct.
1400 723 84 47 2.0;
1515 723 41 39 A
1583 723 142 48 1079;
1757 725 54 39 E.
1843 723 258 49 Sidgwick,
2132 723 202 50 Oxford,

397 779 238 47 England.
706 778 281 50 (28-23921)

323 872 240 63 Society
596 872 63 53 of
693 872 245 54 colonial
970 889 175 37 wars.
1219 875 140 51 New
1393 875 219 68 Jersey.

395 949 263 54 Historic
691 949 293 55 roadsides
1020 951 59 52 in
1117 952 141 52 New
1293 952 230 69 Jersey;
1564 971 31 33 a
1632 952 316 53 condensed
1987 952 350 69 description

325 1026 66 54 of
419 1027 97 54 the
545 1028 290 68 principal
864 1027 245 54 colonial
1141 1029 114 52 and
1285 1029 431 70 revolutionary
1745 1030 335 53 landmarks
2109 1030 60 52 in
2200 1031 139 52 New

325 1104 1990 227 Jersey, arranged for the convenience of students and motorists. The society of colonial wars in the state of New Jersey … Plainfield, N. J., W. L. Glenney [1928]
397 1345 1195 49 1 p. l., 115 p. front., illus., fold. map. 23ᶜᵐ.
397 1403 116 47 Map
540 1403 232 39 mounted
803 1412 59 30 on
894 1401 341 49 lining-paper.

397 1458 379 49 Bibliography:
815 1469 43 38 p.
893 1459 100 38 111.

331 1512 52 52 ©
414 1516 129 47 Sept.
570 1515 67 48 10,
665 1515 115 40 1928;
835 1516 68 40 2c·.
932 1515 102 40 Oct.
1060 1515 53 46 3;
1143 1514 83 40 aff.
1257 1515 102 40 Oct.
1386 1514 83 47 26;
1498 1514 41 39 A
1566 1514 230 47 1054918;
1830 1514 192 48 Society
2050 1514 53 41 of
2130 1515 207 40 colonial

400 1583 130 29 wars
554 1572 50 39 in
630 1572 83 40 the
738 1574 129 38 state
892 1572 53 39 of
969 1572 118 40 New
1112 1572 187 47 Jersey,
1327 1571 272 48 Plainfield,
1626 1572 56 39 N.
1710 1572 43 39 J.

409 1628 282 49 (28-23778)

325 1725 179 62 Sonn,
547 1723 211 53 Albert
798 1723 55 53 H
1148 1723 173 54 1867-

402 1802 183 69 Early
623 1801 309 53 American
972 1801 268 68 wrought
1279 1801 126 52 iron
1469 1801 93 68 [by]
1608 1800 208 54 Albert
1856 1801 79 53 H.
1981 1801 176 68 Sonn,
2198 1801 142 53 with

330 1880 160 53 three
514 1880 264 52 hundred
806 1879 113 53 and
944 1885 218 62 twenty
1188 1879 185 68 plates
1403 1877 153 54 from
1585 1879 293 69 drawings
1904 1880 76 69 by
2007 1879 97 54 the
2134 1880 206 53 author

391 1955 1229 69 … New York, C. Scribner’s sons, 1928.
399 2037 1381 49 3 v. fronts., illus. (incl. facsims.) 320 pl. 32½ᶜᵐ.
401 2096 352 48 Bibliography:
817 2097 92 41 vol.
1006 2127 8 10 III.
1049 2107 42 36 p.
1126 2095 219 41 243-244.

332 2150 52 52 ©
420 2154 102 41 Oct.
555 2154 38 47 5,
628 2154 141 47 1928;
805 2154 68 41 2c.
906 2154 120 39 each
1060 2153 103 41 Oct.
1196 2154 83 45 17;
1317 2152 82 41 aff.
1435 2153 102 40 Oct.
1570 2154 83 46 11;
1689 2154 41 39 A
1764 2154 118 39 1020;
1943 2154 205 40 Charles
398 2155 1924 96 Scribner’s
555 2221 127 30 sons.
750 2209 282 50 (28-24035)

325 2291 454 55 Southwestern
814 2293 273 61 reporter
1129 2290 105 64 (2d
1269 2290 147 63 ser.)

396 2370 297 54 Arkansas
750 2370 279 55 decisions
1086 2369 268 69 reported
1412 2369 59 53 in
1531 2368 182 56 South
1770 2376 241 48 western
2068 2376 274 63 reporter.

333 2450 221 56 Second
595 2451 185 52 series.
857 2450 158 53 Vols.
1059 2453 27 48 1
1140 2447 129 70 (2d)
1320 2455 59 46 to
1420 2452 34 48 4
1503 2447 128 70 (2d)
1719 2448 299 70 February
2086 2452 153 63 [1928]
2284 2455 61 47 to

330 2526 1991 150 May. Annotated … with tables of statutes construed and alphabetical
694 2607 114 52 and
844 2607 314 51 numerical
1194 2605 182 53 tables
1413 2604 65 54 of
1516 2604 183 55 South
1736 2611 242 47 western
2014 2623 153 35 cases
331 2603 1988 136 published

549 2686 62 52 in
640 2686 110 52 vol.
786 2684 117 68 173,
933 2684 298 52 Arkansas
1264 2689 239 63 reports.
1576 2681 83 57 St.
1694 2684 166 67 Paul,
1893 2683 162 55 West
330 2683 1990 150 publishing
459 2783 100 49 co.,
589 2767 152 50 1928.

401 2847 211 40 Various
642 2845 218 49 pagings.
918 2844 118 42 26ᶜᵐ.

399 2903 229 41 Lettered
656 2913 59 29 on
745 2912 169 30 cover:
946 2902 105 46 Key
1082 2901 204 41 number
1314 2903 197 45 system.

401 2961 97 39 “To
540 2961 57 39 be
638 2959 127 41 cited
806 2958 61 48 by
908 2960 192 38 volume
1142 2958 98 40 and
1281 2968 121 38 page
1443 2957 51 40 of
1536 2958 83 40 the
1663 2958 154 40 South
1858 2959 211 39 western
2112 2960 234 46 reporter.

331 3019 185 40 Second
544 3015 196 43 series.”

336 3071 52 52 ©
417 3075 121 48 Aug.
566 3074 69 48 31,
664 3073 141 47 1928;
836 3074 68 40 2c.
934 3073 96 39 and
1059 3071 83 42 aff.
1174 3072 130 48 Sept.
1333 3072 82 47 10;
1448 3072 41 38 A
1516 3071 231 47 1053238;
1777 3072 137 40 West
1943 3071 109 49 pub.
2083 3082 69 29 co.

415 3129 281 51 (28-23968)

327 3211 256 65 Staples,
615 3212 189 52 Zenas
839 3210 297 54 Carleton.

399 3285 1886 72 Factors of economic geography, by Z. Carleton Staples …
329 3363 1990 138 and G. Morell York … Cincinnati, New York [etc.] Southwestern
600 3446 873 69 publishing company [ ᶜ1 928]
401 3530 88 41 596
519 3542 43 36 p.
622 3529 130 40 illus.
780 3528 135 47 (incl.
949 3526 163 50 maps)
1155 3527 181 47 diagrs.
1396 3527 147 39 22½ᶜᵐ.

338 3585 52 52 ©
417 3589 121 47 Aug.
563 3588 69 46 30,
658 3586 140 47 1928;
826 3587 68 40 2c.
920 3587 97 38 and
1043 3585 83 42 aff.
1154 3585 103 41 Oct.
1284 3584 82 46 12;
1395 3584 41 38 A
1463 3583 231 47 1053921;
1725 3582 386 41 South-western
2139 3581 109 47 pub.
2276 3590 69 30 co.

418 3643 281 50 (28-23956)

332 3726 257 62 Strawn,
621 3723 252 64 Arthur,
906 3728 172 49 1900-

407 3802 151 55 Sails
595 3804 51 51 &
685 3801 244 67 swords;
968 3801 173 67 being
1176 3800 96 52 the
1311 3798 208 71 golden
1557 3798 340 53 adventures
1936 3795 64 54 of
2036 3795 221 53 Balboa
2294 3796 51 51 &

335 3881 88 53 his
461 3879 256 69 intrepid
757 3897 299 50 company,
1093 3877 349 53 freebooters
1481 3876 96 66 all,
1616 3876 346 53 discoverers
2001 3873 66 53 of
2103 3873 96 53 the
333 3873 1989 139 Pacific.

548 3959 92 69 By
677 3957 226 54 Arthur
942 3955 247 57 Strawn.
1271 3991 12 33 [
1288 3956 140 53 New
1467 3954 181 68 York]
1692 3952 358 68 Brentano’s,
2090 3953 151 51 1928.
