2542 4417
1090 4103 102 53 109

120 422 194 61 Sears,
351 420 169 54 Jesse
558 418 338 63 Brundage,
938 416 171 54 1876-

196 498 323 56 Classroom
548 495 400 71 organization
976 494 114 53 and
1123 492 237 54 control.
1428 492 138 52 Rev.
1599 490 113 53 and
1745 489 108 54 enl.
1887 488 84 54 ed.
2041 489 90 68 By

125 566 2006 75 Jesse B. Sears … Boston, New York [etc.] Houghton Mifflin
123 671 280 52 company
477 656 152 64 [ᶜ1928]

127 741 1990 106 xii p., 2 l., [3]-400 p. diagrs. 19½ ᶜᵐ . (Half-title: Riverside textbooks
124 798 2008 113 in education, ed. by E. P. Cubberley … [Division of secondary education] )
195 931 323 40 “References
542 931 80 40 for
648 930 274 41 additional
952 929 231 48 reading”
1211 930 54 40 at
1290 929 93 39 end
1410 927 53 41 of
1490 928 118 40 each
1638 927 217 48 chapter.

127 998 52 53 ©
206 1003 110 40 Jan.
343 1002 69 48 25,
439 1002 141 47 1928;
609 1003 67 39 2c.
703 1002 110 40 Jan.
841 1001 84 47 28;
954 1000 83 42 aff.
1066 1001 110 40 Jan.
1202 1002 84 46 27;
1314 999 41 40 A
1382 998 205 42 1018595;
1645 999 44 41 J.
1717 999 54 41 B.
1804 998 160 47 Sears,
193 997 1924 103 Stanford
337 1059 298 49 University,

665 1058 144 42 Calif.
881 1057 253 50 (28-3661)

127 1153 1122 71 [Shampaign, C E ]
193 1232 330 54 Handbook
553 1252 72 34 on
659 1251 184 49 craps,
875 1231 336 70 containing
1242 1231 151 54 rules
1427 1229 94 55 for
1552 1230 94 53 the
1680 1230 186 53 inside
1896 1230 240 69 playing

122 1309 2015 76 of the game … American method of playing; with numerous
125 1391 178 53 tables
356 1391 113 53 and
519 1390 353 54 tabulations
922 1395 58 47 to
1031 1389 188 53 which
1271 1388 48 54 is
1371 1387 303 70 appended
1727 1406 73 34 an
1850 1387 288 53 elaborate

122 1468 231 54 treatise
377 1488 72 35 on
472 1469 97 54 the
594 1469 258 53 doctrine
876 1467 64 55 of
964 1469 255 67 chances,
1242 1468 77 69 by
1344 1466 250 56 “Sham”
1644 1466 181 69 [pseud.]

121 1465 1991 151 Cleveland,
307 1548 159 54 Priv.
499 1547 198 70 print.,
731 1550 151 52 1928.

191 1641 87 43 128
298 1652 44 39 p.
402 1642 58 41 18½
490 1644 44 22 ᶜᵐ
540 1674 10 10 .

195 1714 155 49 “Only
378 1726 27 29 a
436 1715 98 39 few
564 1714 162 48 copies
756 1715 51 40 of
838 1713 100 42 this
966 1715 194 40 volume
1190 1724 129 30 were
1347 1713 195 49 printed
1572 1711 80 41 for
1684 1710 192 50 private
124 1710 1994 103 distribution
245 1772 61 48 by
328 1773 84 40 the
432 1771 222 42 author.”

195 1828 905 50 “Copyright … C. E. Shampaign.”
129 1896 51 53 ©
208 1901 110 40 Jan.
346 1901 70 48 23,
445 1900 116 41 1928;
619 1901 67 40 2c.
715 1901 97 39 and
841 1898 81 42 aff.
952 1899 109 41 Jan.
1090 1900 57 38 24;
1203 1898 41 40 A
1274 1897 205 42 1018539;
1540 1897 49 42 C.
1621 1898 53 40 E.
1707 1895 314 50 Shampaign,
195 1896 1926 111 Toledo,
350 1957 52 42 O.
473 1957 254 49 (28-3476)

127 2053 195 63 Shaw,
357 2053 261 53 Thomas
652 2053 195 62 Shaw,
886 2053 193 67 baron,
1115 2054 173 51 1850-

197 2132 121 53 The
351 2133 163 53 other
544 2131 232 68 bundle,
807 2131 77 69 by
917 2131 156 53 Lord
1112 2129 173 57 Shaw
1320 2128 65 55 of
1418 2128 439 68 Dunfermline;
1897 2127 142 55 with
2075 2131 64 51 18

127 2210 397 54 illustrations.
594 2210 261 68 London,
888 2208 370 54 Hutchinson
1291 2210 47 51 &
1370 2227 100 49 co.,
1503 2207 105 54 ltd.
1650 2207 175 68 [1927]

198 2303 87 42 256
310 2315 44 38 p.
413 2303 165 50 front.,
606 2305 172 48 plates,
807 2306 164 47 ports.,
1000 2303 193 42 facsim.
1253 2304 56 41 23½
1342 2306 46 22 ᶜᵐ
1393 2336 7 8 .

202 2373 1941 52 “A companion to the Letters [to Isabel, London, 1921] … It is the
130 2434 195 39 nearest
349 2434 49 39 to
425 2432 390 49 autobiography
842 2433 111 40 that
979 2434 23 38 I
1030 2443 91 30 can
1147 2431 378 42 come.”—Note.

132 2498 2010 54 © 1c. Dec. 31, 1927; A ad int. 10547; pubd. Nov. 4; Thomas Shaw, Baron
199 2560 147 42 Shaw
380 2561 53 40 of
467 2561 358 47 Dunfermline,
863 2560 257 49 Torphins,
1157 2560 404 48 Aberdeenshire,
1602 2560 245 41 Scotland.

208 2616 254 50 (28-3315)

125 2712 180 65 Shay,
344 2713 220 64 Frank,
603 2717 173 51 1888-
953 2714 84 54 ed.

198 2791 170 71 Fifty
397 2809 156 37 more
585 2798 439 64 contemporary
1055 2798 224 48 one-act
1311 2793 186 69 plays,
1526 2792 243 54 selected
1803 2792 114 54 and
1952 2791 191 54 edited

129 2869 74 71 by
230 2870 200 53 Frank
461 2869 174 70 Shay.
701 2871 140 53 New
870 2871 181 61 York,
1079 2872 72 52 D.
1182 2871 300 69 Appleton
1512 2871 114 54 and
1657 2888 301 52 company,
1991 2873 151 51 1928.

198 2952 102 48 viii,
328 2951 88 42 510
437 2963 45 38 p.
540 2951 56 42 21
600 2954 46 23 ᶜᵐ
650 2985 10 10 .

133 3004 51 53 ©
210 3009 110 41 Jan.
346 3009 70 49 27,
444 3009 116 42 1928;
615 3009 69 43 2c.
711 3011 110 41 Jan.
848 3011 56 40 31;
962 3011 84 41 aff.
1072 3011 110 41 Jan.
1211 3011 56 41 30;
1321 3011 43 40 A
1390 3010 204 42 1018621;
1653 3011 59 41 D.
1740 3010 242 49 Appleton
2009 3010 40 41 &
2073 3021 68 31 co.

210 3065 253 50 (28-3719)

128 3160 310 65 Sheridan,
481 3164 138 53 Mrs.
664 3163 169 54 Clare
877 3163 289 55 Consuelo
1215 3163 308 66 (Frewen)
1573 3167 173 50 1885-

200 3240 171 54 Nuda
403 3241 230 68 veritas,
664 3241 76 70 by
773 3241 171 55 Clare
976 3241 304 56 Sheridan.
1349 3241 262 69 London,
1645 3242 65 53 T.
1746 3241 396 54 Butterworth

130 3317 223 55 limited
408 3317 153 70 [1927]

200 3400 88 41 347
313 3411 44 38 p.
386 3400 112 42 incl.
525 3401 153 41 front,
737 3404 151 46 ports.
947 3402 120 42 23ᶜᵐ.

202 3456 102 41 The
331 3458 137 47 story
494 3459 53 39 of
573 3459 84 40 the
684 3458 220 42 author’s
931 3459 102 41 life.

136 3507 2008 58 © 1c. Jan. 9, 1928; A ad int. 10522; pubd. Nov. 24, 1927; Harper & bros.,
201 3571 118 40 New
345 3572 146 41 York.
563 3572 253 51 (28-2952)

129 3663 251 65 Steiner,
412 3666 239 64 Rudolf,
687 3671 326 51 1861-1925.

201 3743 151 54 True
389 3745 112 53 and
539 3744 148 55 false
723 3746 170 68 paths
928 3746 59 53 in
1024 3747 273 68 spiritual
1333 3747 430 70 investigation,
1801 3751 63 50 11
1901 3748 242 54 lectures

134 3819 169 69 given
339 3827 59 48 at
435 3823 287 69 Torquay,
758 3823 248 70 August,
1044 3827 137 51 1924
1236 3825 95 70 [by]
1373 3825 226 54 Rudolf
1637 3824 244 70 Steiner,
1920 3825 155 55 from
2112 3844 32 35 a

133 3897 317 55 shorthand
479 3906 196 62 report
703 3901 301 55 unrevised
1032 3902 77 69 by
1137 3903 96 53 the
1262 3903 260 53 lecturer.
1598 3904 261 69 London,
134 3904 2010 140 Anthro-posophical
500 3978 337 71 publishing
870 3998 97 50 co.,
1003 3979 152 55 1927.
