2498 4384
1095 4119 101 51 351

104 449 235 62 Sellers,
371 448 222 53 Ernest
624 446 277 62 Orlando,
936 447 170 51 1869-

176 526 151 53 How
368 531 60 48 to
471 526 263 68 improve
773 524 211 54 church
1026 520 211 68 music;
1283 539 31 34 a
1358 519 278 69 practical
1680 517 307 54 handbook
2033 518 93 52 for

107 596 1990 155 pastors and choir leaders, by Ernest O. Sellers … with introduction by
565 675 1556 72 Edwin C. Dargan … New York, Chicago [etc. ]
108 757 1155 74 Fleming H. Eevell company [ ᶜ19 28]
177 844 370 51 159 p. 19½ ᶜᵐ .
179 915 382 49 Bibliography:
595 925 44 38 p.
669 912 219 42 157-159.

115 979 2014 56 © Feb. 18. 1928; 2c. and aff. Mar. 6; A 1009127; Fleming H. Revell co.
193 1042 254 51 (28-7830)

109 1137 196 63 Shaw,
340 1136 249 56 Charles
622 1135 211 54 Green.

184 1216 124 53 The
341 1216 326 65 low-down,
701 1213 77 69 by
815 1212 239 55 Charles
1093 1211 69 54 G.
1204 1210 190 56 Shaw.
1468 1212 140 52 New
1648 1211 182 68 York,
1867 1211 78 52 H.
1984 1211 148 54 Holt

114 1295 663 67 and company [19 28]
188 1372 1165 53 vi p., 4 l., 3-289 p. illus. (ports.) 19½ ᶜᵐ .
119 1445 52 52 ©
199 1450 121 39 Mar.
345 1447 39 48 9,
412 1447 140 40 1928:
581 1447 68 40 2c.
674 1446 97 40 and
796 1444 83 42 aff.
906 1446 122 40 Mar.
1056 1445 80 46 13;
1167 1444 40 40 A
1234 1443 230 47 1069269;
1495 1444 49 41 O.
1572 1444 53 41 G.
1656 1444 158 47 Sliaw,
1843 1445 117 39 New
1988 1445 145 42 York.

197 1504 252 50 (28-7766)

112 1600 312 62 Sheridan,
457 1599 177 53 Alma
667 1597 266 64 Stanley.

187 1678 296 70 Teaching
509 1677 428 54 intermediates
965 1676 60 53 in
1053 1676 98 53 the
1177 1676 212 53 church
1418 1675 212 68 school,
1654 1676 77 69 by
1758 1675 169 54 Alma
118 1675 1991 152 Stanley
243 1756 317 67 Sheridan;
597 1775 31 34 a

663 1755 273 54 textbook
969 1755 60 52 in
1063 1755 98 52 the
1195 1754 281 54 standard
1511 1754 328 69 leadership
1874 1754 263 71 training

117 1835 367 67 curriculum,
513 1834 258 53 outlined
804 1834 109 52 and
948 1833 296 68 approved
1275 1832 76 70 by
1380 1832 96 54 the
1508 1833 424 53 International
118 1851 1993 116 council

237 1910 1900 72 of religious education … [New York] Printed for the
119 1992 252 53 Teacher
396 1991 262 68 training
683 1990 339 69 publishing
1050 1990 340 53 association
1419 1990 74 69 by
1520 1991 97 52 the
1644 1990 319 54 Methodist
1989 1990 149 54 book

119 2072 470 64 concern [ ᶜ19 28]
189 2150 1057 51 215 p. 19½ ᶜᵐ . (Specialization series)
193 2223 324 40 “References
548 2222 80 40 for
659 2223 399 48 supplementary
1090 2220 233 50 reading”
1357 2224 52 38 at
1442 2223 92 39 end
1567 2222 52 41 of
1650 2223 118 40 each
1803 2222 217 49 chapter.

123 2290 1555 53 © Feb. 23, 1928; 2c. and aff. Mar. 12; A 1008210; A. S.
1711 2294 256 47 Sheridan,
194 2296 1926 105 Delaware,
372 2351 53 43 O.
496 2350 253 51 (28-7762)

117 2447 252 63 Shields,
402 2446 313 54 Elizabeth
749 2447 302 53 McEwan.

193 2526 320 70 Beginners
547 2525 59 53 in
643 2525 176 56 God’s
854 2527 211 66 world;
1104 2544 305 52 programs
1445 2525 95 55 for
1576 2526 96 54 the
1707 2527 304 70 beginners
123 2528 1994 146 department;

478 2605 284 67 prepared
797 2603 95 54 for
922 2622 98 36 use
1052 2605 63 52 in
1146 2606 96 52 the
1276 2605 266 53 vacation
1575 2606 213 52 church
1823 2607 210 66 school,
2068 2607 74 69 by

123 2681 1994 149 Elizabeth McE. Shields. John T. Faris, D . D., editor. Philadelphia,
424 2762 195 52 Board
666 2760 64 54 of
778 2760 298 55 Christian
1124 2761 305 54 education
1476 2761 66 55 of
1588 2763 95 53 the
1732 2762 410 70 Presbyterian

124 2841 211 52 church
366 2839 61 53 in
455 2840 96 52 the
580 2839 74 55 U.
686 2838 58 56 S.
772 2838 94 69 A.,
897 2842 151 51 1928.

194 2921 1152 51 141 p. illus (incl. music) diagrs. 23½ ᶜᵐ .
197 2993 220 47 “Hymns
449 2993 95 39 and
577 2991 201 49 songs”:
813 3003 45 38 p.
891 2992 219 43 133-141.

129 3046 52 52 ©
210 3049 111 42 Feb.
349 3050 70 47 14,
447 3049 141 45 1928;
617 3049 69 41 2c.
714 3051 96 39 and
838 3049 83 42 aff.
950 3050 112 41 Feb.
1090 3051 82 46 15;
1203 3051 41 39 A
1272 3051 231 47 1061732;
1536 3052 347 48 Presbyterian
1914 3054 151 40 board
2095 3055 51 40 of

198 3106 254 42 Christian
486 3106 276 41 education.
832 3107 254 49 (28-7759)

122 3200 256 64 Thayer,
412 3201 217 53 Vivian
660 3202 191 53 Trow.

196 3279 1950 75 The passing of the recitation, by V. T. Thayer … Boston,
127 3357 1626 74 New York [etc. ] D. C. Heath and company [ ᶜ19 28 ]
198 3441 468 49 viii, 331 p. 20 ᶜᵐ .
199 3497 354 49 Bibliography
580 3499 53 39 at
658 3499 93 40 end
779 3498 52 42 of
856 3500 119 40 each
1003 3500 217 48 chapter.

135 3549 2013 57 © Mar. l. 1928 ; 2c. Mar. 8; aff. Mar. 6; A 1069195; D. C. Heath & co.
212 3611 254 49 (28-7703)

126 3703 267 64 Thynne,
428 3705 199 64 Molly.

201 3781 121 54 The
373 3782 286 70 Draycott
707 3785 235 53 murder
990 3791 273 66 mystery,
1310 3788 77 69 by
1436 3789 186 70 Molly
1674 3791 260 68 Thynne.
2010 3792 140 52 New

134 3859 179 68 York,
343 3860 313 54 Frederick
684 3862 72 53 A.
791 3862 203 56 Stokes
1023 3883 302 51 company,
1355 3869 151 51 1928.

201 3943 571 51 3 p. l. , 305 p. 19½ᶜᵐ.
139 3995 52 52 ©
222 4000 123 40 Mar.
375 4001 69 47 15,
474 4002 117 41 1928
607 4013 8 35 ;
647 4004 69 40 2c.
746 4004 96 40 and
872 4004 83 42 aff.
987 4006 123 39 Mar.
1140 4007 83 46 17;
1255 4006 43 40 A
1327 4007 232 48 1009325;
1592 4009 266 45 Frederick
1889 4012 54 40 A.
1978 4011 174 42 Stokes

206 4067 68 33 co.
345 4056 254 53 (28-7869)
