2547 4432
1358 4138 100 51 108

471 559 146 40 “This
642 559 185 40 edition
851 559 42 40 is
915 559 190 40 limited
1128 562 49 37 to
1202 569 145 31 seven
1370 560 223 40 hundred
1616 559 202 49 copies.”

470 616 335 40 “Authorities
827 615 280 41 consulted”:
1170 627 43 38 p.
1235 616 217 41 165-166.

404 668 51 52 ©
496 673 110 40 Jan.
644 673 69 47 14,
751 671 142 48 1928;
933 672 69 41 2c.
1042 673 110 40 Jan.
1189 673 83 47 24;
1314 672 84 40 aff.
1437 673 110 40 Jan.
1585 673 83 47 31;
1709 672 42 40 A
1790 670 231 48 1018640;
2064 672 227 40 Kenneth
2332 673 72 40 W.

470 730 165 40 Moore
665 740 82 36 co.,
780 729 230 41 Trenton.
1081 729 253 48 (28-3560)

398 823 279 63 Rawdon,
713 823 208 64 Henry
956 823 39 55 S
1289 825 172 52 1880-

468 900 1938 71 Protective metallic coatings, by Henry S. Rawdon … New
400 980 180 68 York,
612 980 121 53 The
769 979 291 55 Chemical
1093 981 226 68 catalog
1351 998 300 52 company,
1684 980 127 68 inc.,
1846 982 151 51 1928.

469 1062 86 41 277
600 1073 44 38 p.
704 1061 144 48 illus.,
897 1061 181 48 diagrs.
1137 1062 147 41 23½ᶜᵐ.
1356 1061 283 48 (American
1687 1061 236 42 chemical
1971 1060 197 49 society.
397 1062 1993 104 Monograph
579 1117 166 42 series,
824 1129 75 30 [no.
926 1118 100 50 40])

469 1175 351 48 Bibliography:
876 1186 44 38 p.
946 1176 218 40 237-266.

402 1228 51 52 ©
482 1233 110 40 Jan.
620 1232 71 48 23,
720 1232 117 41 1928;
895 1232 68 41 2c.
994 1233 96 39 and
1118 1232 84 40 aff.
1232 1233 111 39 Jan.
1372 1232 56 38 24;
1487 1231 43 40 A
1557 1231 204 41 1018547;
1823 1231 248 42 Chemical
2101 1232 193 48 catalog
2324 1242 83 38 co.,

467 1288 92 42 inc.
629 1289 254 48 (28-3570)

397 1384 330 63 Raymond,
757 1384 227 54 Walter
1015 1383 251 53 Marion.

464 1462 211 55 Where
707 1460 95 54 the
837 1461 197 54 James
1067 1460 186 68 flows;
1291 1460 97 53 the
1423 1466 159 63 story
1616 1460 66 54 of
1718 1479 31 35 a
1787 1460 223 69 perfect
2046 1461 250 69 palship,
2330 1461 71 69 by

397 1539 220 56 Walter
645 1538 233 54 Marion
906 1538 321 69 Raymond.
1303 1537 141 54 New
1474 1537 179 70 York,
1682 1538 66 55 F.
1776 1539 79 53 H.
1885 1539 339 69 Hitchcock,
2254 1540 150 53 1927.

463 1622 536 50 3 p. l., 250 p. 21 ᶜᵐ .
400 1675 51 52 ©
478 1680 116 47 July
617 1679 70 47 22,
715 1678 116 40 1927;
884 1678 68 40 2c.
979 1679 97 38 and
1101 1676 82 42 aff.
1211 1678 110 40 Jan.
1348 1677 69 48 31,
1445 1677 119 41 1928;
1616 1678 42 39 A
1683 1678 204 40 1018634;
1944 1680 71 39 W.
2044 1679 63 41 M.
2134 1679 270 48 Raymond.

468 1735 226 47 Newark,
717 1735 57 40 N.
800 1734 46 41 J.
916 1733 253 49 (28-3692)

395 1830 246 63 Rogers,
672 1829 222 64 Edgar,
927 1828 174 54 1873-

464 1907 122 54 The
622 1908 205 52 second
865 1907 113 53 and
1016 1907 160 53 third
1218 1906 262 56 Seleucid
1518 1907 235 69 coinage
1790 1907 65 54 of
1891 1909 170 68 Tyre,
2095 1908 77 70 by
2208 1908 201 69 Edgar

396 1988 234 67 Rogers.
706 1986 141 53 New
881 1984 182 69 York,
1097 1985 123 54 The
1251 1985 311 53 American
1594 1986 367 53 numismatic
1993 1986 230 69 society,
2257 1987 151 53 1927.

464 2068 88 48 2p.
607 2100 9 16 l.,
634 2068 56 40 33
709 2079 43 36 p.
807 2068 158 48 plates
994 2067 136 50 (part
1155 2069 200 47 double)
1414 2069 56 40 17
1473 2070 44 21 ᶜᵐ
1522 2101 9 8 .
1594 2068 302 49 (Half-title:
1919 2068 327 42 Numismatic
2269 2071 137 40 notes

393 2127 97 38 and
510 2126 341 47 monographs,
915 2136 89 37 [no.
1025 2126 71 48 34]
1111 2127 14 47 )

469 2184 129 39 “The
624 2183 110 40 first
766 2182 222 41 Seleucid
1018 2182 200 48 coinage
1248 2182 52 41 of
1327 2183 142 48 Tyre,
1498 2184 61 47 by
1589 2184 212 40 Edward
1828 2180 55 45 T.
1910 2183 212 41 Newell”
2151 2184 255 49 published

393 2241 118 40 New
531 2241 145 47 York,
698 2240 131 41 1921.

400 2293 54 52 ©
483 2299 111 39 Jan.
620 2298 70 47 13,
718 2296 143 48 1928;
891 2297 69 40 2c.
987 2297 96 40 and
1111 2296 83 41 aff.
1222 2297 111 40 Jan.
1360 2296 84 48 21;
1475 2296 42 39 A
1544 2296 231 48 1061341;
1806 2296 262 41 American
2095 2296 315 42 numismatic

466 2365 94 30 soc.
631 2354 253 49 (28-3467)

394 2448 235 63 Rowell,
661 2448 294 54 Gertrude
987 2448 278 62 Frances,
1297 2466 180 50 comp.

468 2525 188 57 Guide
688 2531 158 64 posts
879 2527 62 52 in
971 2526 304 53 education
1306 2544 76 35 on
1414 2526 97 54 the
1543 2526 302 70 highways
1881 2526 115 53 and
2027 2526 265 70 byways;
2327 2544 83 49 or,

399 2605 326 53 Education
748 2603 97 55 for
867 2604 339 69 citizenship
1233 2606 114 52 and
1373 2604 312 68 character,
1712 2604 286 69 compiled
2021 2604 76 70 by
2123 2602 287 57 Gertrude

398 2683 65 54 F.
491 2682 220 54 Rowell
739 2683 114 53 and
881 2682 102 54 her
1009 2683 259 54 students
1297 2682 63 54 in
1388 2682 304 55 education
1720 2681 96 56 for
1842 2682 359 70 citizenship.
2291 2681 118 58 [San

396 2761 154 67 Jose]
583 2760 118 56 San
726 2761 136 55 Jose
887 2767 146 47 state
1058 2761 256 54 teachers
1339 2762 232 69 college,
1599 2761 151 56 1927.

466 2842 528 49 46 p. illus. 23 ½cm .
400 2895 54 52 ©
478 2901 113 40 Dec.
615 2900 42 48 1,
683 2899 116 41 1927;
852 2900 68 40 2c.
947 2900 111 40 Jan.
1083 2900 70 48 12,
1181 2899 118 41 1928;
1353 2900 83 41 aff.
1464 2902 110 39 Jan.
1600 2901 57 40 10;
1712 2901 43 40 A
1778 2900 206 42 1018415;
2042 2901 53 41 G.
2125 2901 52 41 F.
2208 2901 199 49 Rowell,

471 2955 99 41 San
601 2957 127 48 Jose,
762 2956 146 41 Calif.
979 2956 228 49 (28-3655
1217 2957 14 48 )

395 3051 265 63 Sackett,
691 3051 261 54 Herbert
983 3052 65 53 L.

469 3127 487 71 Supplementary
987 3129 285 68 problems
1305 3130 61 52 in
1399 3130 250 69 algebra,
1680 3131 76 69 by
1787 3130 255 54 Herbert
2072 3131 66 52 L.
2175 3130 231 55 Sackett

397 3205 1986 148 … and Mary Fitzgerald … New York, The Macmillan company, 1928.
499 3398 10 18 v,
542 3368 88 40 110
660 3378 44 38 p.
764 3367 182 48 diagrs.
1006 3367 147 41 19½ᶜᵐ.

402 3420 51 52 ©
485 3425 111 39 Jan.
626 3423 68 48 10,
725 3423 143 48 1928;
898 3423 68 41 2c.
996 3425 97 38 and
1122 3423 83 41 aff.
1235 3424 111 40 Jan.
1377 3424 83 48 11;
1492 3424 41 39 A
1564 3423 232 49 1061154;
1829 3424 284 41 Macmillan
2143 3435 68 31 co.

479 3480 253 49 (28-3442)

396 3575 186 63 Scott,
612 3575 191 52 Zenos
831 3575 67 53 E.

470 3654 121 52 The
632 3671 146 49 open
821 3653 138 52 door
1001 3653 288 68 language
1329 3653 186 53 series.
1596 3654 186 53 Third
1824 3654 165 53 book.
2073 3653 230 56 Success
2348 3656 61 52 in

399 3730 2008 71 speaking and writing. By Zenos E. Scott … Randolph T.
401 3807 2009 72 Congdon … Harriet E. Peet … and Laura Frazee … Boston,
400 3886 139 52 New
574 3885 163 53 York
793 3890 121 61 [etc.]
952 3885 322 68 Houghton
1307 3886 205 52 Mifflin
1545 3906 282 51 company
1866 3891 194 65 [ᶜ1928]

470 3966 724 50 xi, [1], 434 p. illus. 19 ᶜᵐ .
405 4017 52 53 ©
487 4023 110 40 Jan.
624 4022 70 48 25,
722 4023 142 48 1928;
895 4023 67 40 2c.
990 4024 111 40 Jan.
1128 4024 83 48 28;
1243 4023 82 41 aff.
1357 4025 110 40 Jan.
1497 4025 83 49 27;
1611 4026 43 40 A
1681 4024 232 50 1018590;
1944 4027 265 48 Houghton
2241 4026 169 42 Mifflin

472 4089 68 31 co.
