2498 4384
1381 4078 100 51 146

406 495 250 69 Oregon,
693 494 183 55 South
912 495 248 67 Dakota,
1192 495 179 67 Utah,
1404 495 403 69 Washington,
1840 496 332 68 Wyoming,
2203 496 77 68 by
2312 496 97 53 the

405 573 341 68 publishers’
796 573 267 53 editorial
1111 572 136 54 staff.
1338 591 52 35 v.
1439 576 46 49 4.
1563 573 119 55 San
1728 574 326 67 Francisco,
2100 574 308 53 Bancroft-

403 651 278 69 Whitney
710 669 298 51 company,
1040 653 150 51 1928.

581 734 493 48 xxv, 3517-4785 p. 25 ᶜᵐ.
413 787 52 53 ©
496 790 112 42 Feb.
640 789 39 50 8,
710 790 118 41 1928;
883 790 69 43 2c.
983 792 95 40 and
1110 789 82 43 aff.
1225 790 113 42 Feb.
1368 791 56 41 23;
1485 790 40 41 A
1556 790 204 43 1061854;
1821 789 491 50 Bancroft-Whitney
2344 803 68 30 co.

406 900 213 63 Barry,
655 900 133 52 Iris.

478 977 262 53 Portrait
776 977 66 53 of
877 978 166 68 Lady
1078 978 172 69 Mary
1284 978 262 69 Wortley
1578 978 284 69 Montagu
1918 977 78 70 [by]
2054 976 118 55 Iris
2207 980 206 66 Barry.

414 1055 277 68 [London]
729 1055 67 52 E.
827 1056 182 67 Benn,
1037 1054 226 55 limited
1320 1058 152 65 [1928]

478 1138 1128 50 3 p. l ., 5-294 p. front., plates, ports. 22ᶜᵐ.
415 1191 52 52 ©
497 1196 68 39 1c.
594 1195 112 40 Feb.
733 1195 41 47 4,
804 1194 142 47 1928;
975 1195 43 39 A
1046 1196 61 39 ad
1136 1195 88 40 int.
1255 1193 171 49 10626;
1456 1195 144 48 pubd.
1630 1195 111 42 Jan.
1771 1195 53 48 6;
1858 1195 95 40 Iris
1984 1196 187 46 Porter,
2201 1194 214 42 London.

496 1250 251 50 (28-4909)

406 1359 269 65 Belding,
706 1359 212 54 Albert
951 1360 68 54 G.

480 1437 297 54 Teacher’s
810 1439 233 52 manual
1078 1443 60 48 to
1171 1438 274 53 Rational
1476 1438 396 69 bookkeeping
1907 1439 113 52 and
2057 1438 356 69 accounting.

410 1515 2004 70 Advanced course, by Albert G. Belding … and Russell T.
409 1593 2007 71 Greene … New York [etc.] The Gregg publishing company,
416 1675 193 65 [ᶜ1928]

484 1755 605 49 1 p. l ., 151-417 p. 24 ᶜᵐ.
418 1809 52 52 ©
500 1813 113 40 Feb.
643 1812 69 48 16,
744 1812 118 41 1928;
917 1812 68 41 2c.
1017 1813 95 39 and
1144 1812 83 41 aff.
1260 1812 112 41 Feb.
1402 1812 55 41 23;
1517 1812 41 39 A
1588 1812 202 41 1061911;
1853 1812 159 49 Gregg
2040 1812 112 49 pub.
2182 1822 69 31 co.

410 1920 213 64 Belloc,
653 1920 245 64 Hilaire,
930 1922 170 53 1870-

483 1998 1939 70 Danton; a study, by Hilaire Belloc … 1st American ed.,
414 2076 141 54 with
592 2095 124 34 new
757 2076 233 69 preface
1028 2077 113 52 and
1183 2077 66 53 17
1289 2076 398 54 illustrations.
1762 2077 139 53 New
1943 2076 182 68 York,
2162 2077 256 54 London,

415 2155 69 55 G.
514 2156 65 52 P.
609 2155 299 53 Putnam’s
936 2172 148 50 sons,
1115 2157 152 51 1928.

484 2237 1299 50 xxiv, 448 p. front., plates, ports., facsims. 24 ᶜᵐ.
487 2296 213 48 “Report
730 2296 52 40 of
814 2295 82 40 the
926 2295 109 40 first
1068 2294 289 42 Committee
1388 2294 52 41 of
1469 2294 162 49 public
1661 2294 177 48 safety,
1871 2293 217 50 treating
2119 2295 52 39 of
2202 2296 81 39 the
415 2306 1989 88 general
552 2352 248 42 condition
835 2352 51 41 of
920 2352 83 41 the
1038 2351 230 49 republic,
1303 2352 95 40 and
1432 2353 116 39 read
1581 2352 61 48 by
1676 2351 210 41 Barrère
1921 2352 48 41 to
2003 2352 84 40 the
2120 2351 299 42 Convention

415 2421 61 30 on
502 2411 319 46 Wednesday,
851 2410 115 46 May
992 2409 70 48 29,
1090 2408 143 42 1793”:
1291 2420 45 37 p.
1361 2407 219 42 399-438.

422 2462 52 52 ©
504 2466 113 40 Feb.
645 2466 40 47 3,
715 2465 116 41 1928;
888 2466 69 40 2c.
988 2466 95 38 and
1113 2464 82 42 aff.
1227 2464 112 41 Feb.
1368 2465 26 38 4;
1455 2464 40 39 A
1524 2463 204 41 1018699;
1788 2464 54 42 G.
1873 2465 50 41 P.
1955 2465 253 40 Putnam’s
2239 2475 114 30 sons.

509 2518 616 53 [ © preface] (28-4514)
419 2631 284 63 Bennion,
741 2630 229 63 Milton,
1013 2631 171 53 1870-

487 2709 190 53 Moral
705 2708 297 69 teachings
1033 2708 67 53 of
1127 2707 98 54 the
1255 2707 139 53 New
1425 2707 358 67 Testament;
1816 2727 32 33 a
1879 2725 196 36 source
2104 2708 148 53 book
2283 2708 138 53 with

418 2783 2007 72 commentaries, by Milton Bennion … Salt Lake City, Utah,
419 2866 123 53 The
568 2865 237 53 Deseret
831 2863 149 54 book
1007 2881 300 51 company,
1337 2865 151 51 1928.

486 2948 278 49 239 p. 19½ ᶜᵐ.
489 3006 237 41 “General
761 3003 302 42 references”:
1128 3015 43 37 p.
1208 3003 250 49 [232]-234.

424 3058 52 52 ©
511 3062 110 40 Jan.
652 3061 69 48 26,
755 3060 117 41 1928;
929 3060 69 40 2c.
1030 3059 112 41 Feb.
1174 3060 28 40 8;
1263 3058 83 42 aff.
1379 3059 112 40 Feb.
1524 3060 25 39 7;
1610 3058 40 40 A
1684 3058 203 40 1061594;
1951 3061 63 40 M.
2048 3059 234 48 Bennion,
2320 3061 106 41 Salt

491 3119 132 39 Lake
651 3116 125 49 City.
846 3116 253 49 (28-4634)

418 3225 354 63 Blanshard,
805 3224 165 64 Paul,
1007 3227 172 51 1892-

494 3303 193 54 Labor
720 3304 61 52 in
817 3304 272 53 southern
1128 3307 194 48 cotton
1357 3301 173 67 mills,
1565 3301 76 69 by
1680 3301 148 53 Paul
1867 3302 346 54 Blanshard.
2287 3302 140 54 New

424 3382 164 53 York
612 3381 136 69 city,
772 3381 140 53 New
937 3380 275 69 republic,
1238 3379 108 53 inc.
1421 3378 153 68 [ᶜ1927]

493 3460 744 52 2 p. 1., 88 p. 18 ᶜᵐ. $0.25
426 3517 52 52 ©
515 3522 112 39 Dec.
661 3521 69 46 17,
765 3519 115 41 1927;
943 3520 69 40 2c.
1046 3522 96 38 and
1177 3519 83 41 aff.
1296 3519 112 41 Feb.
1442 3519 40 46 3,
1519 3518 114 40 1928;
1697 3519 41 39 A
1773 3517 203 43 1061537;
2040 3519 119 41 New
2196 3520 229 48 republic,

496 3577 92 41 inc.
661 3576 253 49 (28-4673)

421 3670 179 63 Book,
634 3670 257 55 William
928 3670 337 63 Frederick,
1304 3669 171 55 1872-

424 3747 1973 146 How to succeed in college, by William F. Book … Baltimore, Warwick & York, inc., 1927.
493 3909 274 49 192 p. 19 ᶜᵐ.
429 3962 52 53 ©
514 3966 112 41 Dec.
659 3965 38 49 5,
730 3965 114 41 1927:
903 3965 68 42 2c.
1002 3965 113 42 Dec.
1147 3965 56 41 14;
1265 3964 83 43 aff.
1381 3965 112 41 Feb.
1525 3964 39 49 6,
1598 3964 115 42 1928;
1775 3964 40 41 A
1848 3964 201 43 1061564;
2113 3965 245 42 Warwick
2391 3965 37 42 &

496 4023 144 48 York,
667 4022 91 42 inc.
829 4022 252 50 (28-4519)
