2498 4384
1325 4058 135 51 1980

357 399 252 64 Corday,
642 397 235 65 Michel,
911 398 173 55 1870-

501 487 1871 69 … La vie amoureuse de Diderot. [Paris] E. Flammarion
393 571 152 63 [ 1928]
438 648 1300 50 187, [1] p. 18 ᶜᵐ. (Collection “Leurs amours”)
366 718 1848 52 © Oct. 11, 1928; 1c. Oct. 19; A—Foreign 258; Ernest Flammarion.
445 778 282 50 (28-30365)

365 889 287 64 Cushing,
685 889 231 53 Luther
947 890 269 63 Stearns,
1255 893 328 50 1808-1856.

438 982 305 70 Cushing’s
779 983 241 53 Manual
1056 982 65 54 of
1156 982 456 70 parliamentary
1648 982 278 68 practice;
1965 982 151 54 rules
2151 981 66 54 of
367 1000 1988 115 procedure

618 1063 113 52 and
776 1062 202 53 debate
1021 1062 61 52 in
1130 1060 374 55 deliberative
1550 1059 340 71 assemblies,
1934 1061 79 69 by
2055 1060 221 54 Luther
2322 1059 59 57 S.

370 1138 1948 72 Cushing. New ed., edited and enl. by Albert S. Bolles …
365 1218 303 70 including
699 1238 31 34 a
762 1218 521 70 self-explanatory
1315 1220 182 68 chart,
1527 1218 262 70 showing
1819 1220 97 52 the
1947 1220 341 67 precedence
2318 1218 66 55 of

366 1298 265 70 motions,
667 1296 220 70 typical
924 1298 287 67 examples
1251 1297 65 54 of
1354 1317 31 33 a
1425 1297 375 54 constitution
1837 1299 114 52 and
1985 1298 246 69 by-laws
2269 1298 113 53 and

367 1377 129 52 how
524 1382 59 47 to
612 1376 268 69 organize
910 1377 112 52 and
1053 1377 245 52 conduct
1324 1375 295 70 meetings,
1646 1376 98 53 the
1772 1375 396 55 Constitution
2195 1375 66 55 of
2286 1377 97 53 the

368 1454 217 55 United
631 1454 206 69 States,
875 1456 97 51 the
1010 1454 374 53 Declaration
1424 1454 64 54 of
1527 1455 442 70 independence,
2008 1459 103 50 etc.
370 1455 1988 148 Philadelphia,

654 1533 1556 70 Chicago, The John C. Winston company [ ᶜ1 928]
441 1613 897 50 4, 275 p. front. (fold. tab.) 15 ᶜᵐ.
371 1683 52 52 ©
452 1688 114 47 Apr.
593 1687 71 47 24,
693 1686 141 47 1928;
863 1686 69 41 2c.
960 1686 112 41 Dec.
1100 1686 83 47 11;
1214 1685 84 42 aff.
1327 1686 113 40 Dec.
1469 1686 82 47 12;
1582 1687 41 38 A
1649 1685 143 48 2215;
1823 1686 130 40 John
1981 1686 50 41 C.
2061 1687 226 41 Winston
2315 1699 68 29 co.

450 1743 282 50 (28-30419)

364 1852 196 53 Dante
599 1852 315 65 Alighieri,
956 1857 329 50 1265-1321.

438 1945 104 67 My
577 1944 252 54 favorite
865 1963 241 51 passage
1142 1944 154 53 from
1332 1946 210 66 Dante,
1577 1945 205 52 chosen
1820 1946 114 52 and
1970 1946 307 67 explained
2320 1945 67 70 by

366 2024 98 52 the
506 2030 148 47 most
696 2024 425 68 distinguished
1167 2024 193 51 Dante
1401 2024 185 52 lovers
1630 2022 65 54 of
1735 2024 98 52 the
1875 2024 184 52 world
2102 2025 206 67 today;
2356 2044 31 33 a

368 2101 1958 70 compilation with an introduction by John T. Slattery …
369 2180 1520 69 New York, The Devin-Adair company [ ᶜ1 928]
440 2263 591 49 4 p. l. , 313 p., 1 l. 23½ᶜᵐ.
441 2336 102 39 The
571 2336 219 38 extracts
816 2344 84 30 are
926 2334 144 47 given
1096 2334 50 39 in
1172 2333 185 40 Italian
1387 2334 97 40 and
1513 2334 219 48 English.

442 2393 353 48 Bibliography
813 2403 9 28 :
855 2403 43 37 p.
929 2390 220 43 302-306.

375 2461 53 52 ©
457 2466 112 40 Dec.
597 2465 68 46 12,
692 2464 115 40 1928;
862 2464 68 41 2c.
958 2465 96 38 and
1082 2463 82 41 aff.
1193 2464 114 40 Dec.
1335 2464 56 38 14;
1447 2464 41 38 A
1513 2463 116 39 2241;
1688 2463 332 41 Devin-Adair
2049 2475 69 29 co.

455 2521 282 50 (28-30352)

373 2631 205 63 Davis,
611 2630 170 64 Kary
814 2630 279 64 Cadmus,
1130 2630 173 55 1867-
1520 2631 86 53 ed.

444 2723 333 68 Field-crop
806 2723 361 69 enterprises,
1193 2722 302 69 including
1521 2721 106 55 soil
1653 2727 403 65 management
2102 2721 95 71 [by]
2226 2720 168 72 Kary

375 2799 2020 72 C. Davis … Edward H. Jones … [and others] Edited by
374 2879 1996 150 Kary C. Davis … Philadelphia [etc.] J. B. Lippincott company [ ᶜ1 928]
380 3040 1997 99 vi p., 1 l., 528 p. illus., diagrs. 22 ᶜᵐ. (Lettered on cover: Lippincott’s
549 3098 133 40 farm
710 3097 273 49 enterprise
1013 3097 178 48 series)

455 3155 298 41 “Reference
782 3154 178 42 books”
980 3166 9 29 :
1023 3166 43 38 p.
1099 3155 99 41 503.

380 3209 53 53 ©
462 3214 119 40 Nov.
610 3213 69 48 10,
709 3213 115 41 1928;
881 3213 68 41 2c.
978 3214 98 39 and
1103 3212 84 41 aff.
1217 3214 114 40 Dec.
1361 3212 55 40 12;
1474 3214 41 38 A
1543 3213 117 41 2185;
1718 3215 44 40 J.
1791 3214 55 41 B.
1876 3213 283 49 Lippincott
2186 3225 68 29 co.

460 3271 282 48 (28-30414)

378 3380 356 63 Desbordes,
772 3379 169 65 Jean,
982 3384 169 50 1906-

515 3470 1124 69 … J’adore. Paris, B. Grasset, 1928.
451 3554 381 49 224 p., 1 l. 19 ᶜᵐ.
382 3609 1847 51 © June 29, 1928; 1c. Sept. 21; A—Foreign 184; Bernard Grasset.
462 3666 282 51 (28-30304)

381 3762 297 64 Eberlein,
712 3763 223 54 Harold
971 3763 359 55 Donaldson.

450 3853 209 53 Manor
714 3854 202 55 houses
971 3856 114 52 and
1141 3854 240 54 historic
1435 3856 194 52 homes
1684 3854 66 53 of
1803 3854 165 70 Long
2022 3856 204 53 Island
2284 3856 114 52 and

383 3930 203 57 Staten
624 3932 221 69 Island,
882 3932 76 71 by
995 3933 229 54 Harold
1265 3934 338 54 Donaldson
1644 3933 300 69 Eberlein;
1985 3933 142 54 with
2168 3952 31 35 a
2239 3932 158 55 fron-
