2498 4384
1304 4102 135 53 1796

443 533 849 50 ix p., 1 l., 97, [1] p., 1 l. 22 ½ᶜᵐ .
376 603 53 52 ©
456 607 103 40 Oct.
583 606 69 47 26,
679 605 141 47 1928;
847 605 69 40 2c.
941 605 119 40 Nov.
1085 606 25 37 1;
1166 603 84 41 aff.
1277 602 103 42 Oct.
1406 603 55 40 31;
1517 603 42 38 A
1584 602 142 48 1592;
1754 602 54 41 A.
1837 603 53 39 E.
1918 601 239 48 Coppard,
2184 601 193 41 Kimble

443 664 164 44 Wood,
640 662 248 46 Skirmett,
917 661 517 47 Henley-on-Thames,
1463 661 238 46 England.
1767 658 282 50 (28-27675)

369 759 258 64 Coulter,
660 757 148 55 Ellis
837 759 254 64 Merton,
1126 762 174 51 1890-

447 833 1932 73 College life in the old South, by E. Merton Coulter … New
375 916 180 67 York,
586 916 123 52 The
737 915 339 53 Macmillan
1106 932 301 50 company,
1441 916 150 51 1928.

443 1010 1265 51 ix p., 3 l., 381 p. front., plates, maps. 20½ᶜᵐ.
447 1084 86 39 “In
569 1094 79 37 my
684 1085 209 46 attempt
930 1085 47 38 to
1014 1082 177 40 isolate
1227 1084 98 39 and
1361 1083 203 46 portray
1602 1081 81 40 the
1721 1081 309 47 atmosphere
2068 1081 96 39 and
375 1091 1989 98 accomplishments
696 1140 52 40 of

775 1140 83 40 the
887 1141 180 46 college
1096 1140 50 38 in
1176 1139 84 40 the
1289 1139 190 48 growth
1510 1138 51 41 of
1591 1138 301 40 civilization
1923 1138 51 39 in
2003 1138 84 40 the
2117 1138 78 40 old
2229 1137 151 41 South

426 1194 1788 50 … I have selected the University of Georgia as the type.”—Pref.
443 1254 379 48 Bibliography:
858 1264 42 38 p.
933 1252 220 43 361-369.

377 1320 53 52 ©
460 1325 105 40 Oct.
593 1324 69 41 30,
692 1324 115 40 1928;
866 1324 67 41 2c.
962 1325 97 39 and
1088 1324 82 40 aff.
1201 1323 104 42 Oct.
1335 1324 54 39 31;
1450 1323 40 39 A
1520 1323 85 40 357;
1667 1321 283 41 Macmillan
1978 1333 69 29 co.
456 1381 283 48 (28-27567)

374 1476 320 63 Criscuolo,
727 1475 194 64 Luigi,
959 1476 172 54 1887-

446 1553 1939 70 Montenegro’s right to live, by Luigi Criscuolo … an address
374 1631 197 54 before
602 1633 96 51 the
730 1631 383 70 Advertising
1144 1632 149 67 club,
1323 1632 140 53 New
1497 1631 179 53 York.
1752 1632 140 52 New
1926 1630 183 68 York,
2141 1631 240 53 Printed

378 1708 95 54 for
497 1711 99 52 the
620 1711 208 51 author
852 1710 77 69 by
956 1708 62 56 C.
1047 1710 79 53 H.
1154 1710 178 54 Jones
1358 1712 46 50 &
1431 1728 99 49 co.,
1556 1710 108 53 inc.
1740 1712 152 64 [ᶜ1928]

446 1805 60 41 48
529 1816 44 37 p.
600 1804 110 41 incl.
738 1805 137 40 front.
919 1805 172 48 (port.)
1130 1805 130 40 illus.
1289 1803 186 50 (maps)
1544 1804 117 42 19ᶜᵐ.

450 1876 146 40 “This
621 1886 120 37 copy
767 1885 74 30 no.
868 1874 124 41 C-2”;
1048 1874 169 48 signed
1244 1875 62 47 by
1331 1875 84 40 the
1442 1875 193 40 author.

379 1945 53 52 ©
464 1948 102 41 Oct.
597 1948 68 47 15,
698 1947 114 40 1928;
870 1947 68 40 2c.
971 1948 96 38 and
1098 1946 82 41 aff.
1213 1946 104 41 Oct.
1346 1946 60 40 20;
1462 1947 42 38 A
1534 1946 115 41 1298;
1709 1947 50 40 L.
1794 1946 265 50 Criscuolo,
2091 1948 118 39 New
2240 1948 145 39 York.

458 2004 282 50 (28-27692)

371 2099 88 52 De
495 2097 206 65 Celles,
736 2098 269 52 Leander
1038 2098 66 53 T.

446 2174 153 55 Let’s
626 2193 73 51 go
720 2175 10 52 !
810 2176 92 68 By
930 2175 262 53 Leander
1222 2176 66 51 T.
1320 2175 87 53 De
1441 2173 199 55 Celles.
1717 2175 236 68 Boston,
1983 2176 194 68 Mass.,
2211 2174 173 57 Stone

374 2254 781 68 & Burr company [ ᶜ 1928 ]
446 2348 339 50 279 p. 20 ᶜᵐ .
380 2418 53 52 ©
468 2422 103 41 Oct.
602 2421 69 47 26,
704 2421 115 40 1928;
881 2421 66 40 2c.
981 2422 96 38 and
1109 2420 82 42 aff.
1224 2421 120 41 Nov.
1377 2422 26 39 3;
1466 2421 42 39 A
1540 2422 117 40 1628;
1717 2423 51 40 L.
1802 2423 52 41 T.
1889 2423 72 40 De
1995 2423 171 48 Celles,
448 2423 1921 104 Somerville,
608 2479 147 40 Mass.
826 2478 282 48 (28-27592)

372 2574 129 52 Den
526 2574 260 63 Dooven,
813 2573 56 52 K
1159 2571 262 66 Camille,
1451 2578 173 49 1889-

375 2651 1987 132 The modern cook book [ by] K. Camille Den Dooven … illustrated
602 2730 155 52 from
791 2730 251 69 original
1075 2731 415 68 photographs.
1563 2730 236 69 Boston,
1833 2732 193 68 Mass.,
2062 2733 123 53 The
374 2732 1987 129 Colonial
527 2828 158 49 press
723 2812 172 64 [1928]

483 2937 9 17 x,
520 2906 100 48 224,
652 2905 86 50 [22]
768 2916 44 37 p.
869 2905 166 49 front.,
1064 2916 63 38 pl.
1184 2905 149 43 19½ᶜᵐ.

447 2977 162 39 Blank
635 2986 148 38 pages
810 2976 81 40 for
921 2976 376 40 “Memoranda”
1338 2977 79 49 (22
1447 2980 52 38 at
1528 2977 118 49 end)

380 3043 53 52 ©
461 3048 119 40 Nov.
608 3048 38 48 8,
676 3048 118 39 1928;
846 3048 67 41 2c.
943 3049 96 38 and
1067 3046 83 42 aff.
1179 3049 120 39 Nov.
1328 3049 52 46 8;
1411 3049 42 39 A
1479 3049 142 47 1580;
1654 3049 221 41 Colonial
1903 3061 152 39 press.
458 3105 282 49 (28-27659)

371 3198 263 65 Dreiser,
666 3198 322 66 Theodore,
1025 3200 171 54 1871-

503 3277 1883 75 … Dreiser looks at Russia. New York, H. Liveright, 1928.
443 3361 87 39 264
558 3371 42 36 p.
661 3360 129 40 illus.
850 3360 148 41 21½ᶜᵐ.

381 3427 53 52 ©
462 3432 118 39 Nov.
610 3431 40 48 1,
677 3431 115 40 1928;
848 3432 68 39 2c.
944 3432 120 40 Nov.
1093 3432 29 39 6;
1178 3431 83 41 aff.
1290 3433 119 39 Nov.
1439 3432 29 40 8;
1522 3433 42 39 A
1592 3434 114 40 1575;
1765 3435 53 39 T.
1848 3434 213 50 Dreiser,
2092 3437 119 39 New
2240 3437 145 41 York.

458 3487 281 49 (28-27605)

374 3578 207 66 Drum,
612 3581 251 53 Warren
896 3581 212 55 Nevin.

447 3658 1938 72 A preview of teaching, by Warren Nevin Drum … Boston.
375 3736 141 52 New
547 3736 164 53 York
747 3743 138 61 [etc.]
924 3737 158 55 Ginn
1114 3739 113 52 and
1260 3757 283 51 company
1620 3743 152 65 [ᶜ1928]

446 3817 81 49 vii,
555 3818 86 40 338
669 3829 44 37 p.
768 3819 24 39 1
822 3819 143 49 illus.,
995 3819 180 50 diagrs.
1231 3820 151 43 20½ᶜᵐ.

448 3874 235 41 Contains
714 3875 168 42 music.

449 3931 351 40 “References”
831 3935 52 38 at
912 3934 92 39 end
1036 3933 52 41 of
1117 3933 121 41 each
1269 3934 216 49 chapter.

381 3982 53 53 ©
462 3988 103 40 Oct.
592 3988 69 44 11,
689 3989 114 40 1928;
859 3990 67 41 2c.
955 3991 118 41 Nov.
1102 3992 25 38 5;
1185 3992 84 41 aff.
1295 3993 120 41 Nov.
1443 3995 26 39 3;
1526 3994 43 40 A
1592 3994 114 48 476;
1738 3995 127 40 Ginn
1892 3996 38 40 &
1957 4007 68 31 co.

458 4044 281 49 (28-27570)
