2498 4384
1051 4129 99 49 641

86 463 272 63 Alsberg,
393 462 135 54 Carl
559 462 209 61 Lucas,
804 460 171 54 1877-

215 535 1876 73 … The fats and oils, a general view, by Carl L. Alsberg and
82 612 1987 151 Alonzo E. Taylor … Stanford University, Calif., Food research institute, 1928.
155 778 100 48 viii,
295 778 84 41 103
419 789 44 38 p.
522 777 148 42 22½ᶜᵐ.
740 777 226 50 ([Leland
1009 776 236 42 Stanford
1286 775 166 50 junior
1493 774 287 49 university.
1852 774 131 42 Food
85 785 1991 91 research
282 836 243 48 institute]
584 836 118 40 Fats
731 836 95 39 and
854 834 90 41 oils
972 834 201 48 studies,
1202 844 76 30 no.
1306 834 52 48 1)

91 903 52 52 ©
173 908 122 39 Mar.
323 907 70 47 27,
423 906 85 41 1928;
595 907 68 40 2c.
692 907 95 39 and
818 905 82 41 aff.
929 906 114 48 Apr.
1073 905 55 40 17;
1187 905 41 39 A
1258 904 204 41 1069792;
1521 906 163 39 Board
1716 905 51 40 of
1797 907 212 38 trustees
2040 905 52 42 of

162 965 182 39 Leland
376 964 235 40 Stanford
639 963 167 48 junior
834 962 144 49 univ.,
1010 962 237 41 Stanford
1276 962 145 48 univ.,
1452 962 145 41 Calif.
169 1020 282 50 (28-11628)

89 1114 317 54 American
456 1115 247 53 medical
751 1113 379 54 association.
1208 1113 243 54 Council
1499 1133 72 34 on
1618 1114 313 69 pharmacy
1981 1114 115 53 and

159 1194 322 68 chemistry.

158 1273 140 52 New
344 1272 113 53 and
502 1270 320 54 nonofficial
868 1271 291 65 remedies,
1208 1274 150 50 1928.
1444 1270 355 70 Containing
87 1271 1982 132 descriptions
272 1350 64 53 of
370 1351 96 52 the
503 1350 226 53 articles
765 1349 186 53 which
988 1350 167 52 stand
1194 1349 267 68 accepted
1498 1350 76 68 by
1610 1350 96 52 the
1744 1349 239 54 Council
2019 1369 75 34 on

87 1429 313 68 pharmacy
434 1429 112 52 and
577 1428 309 67 chemistry
917 1427 63 52 of
1010 1428 97 52 the
1136 1427 310 53 American
1477 1428 244 52 medical
1753 1429 343 53 association

88 1525 73 34 on
197 1507 265 67 January
503 1511 45 62 1,
588 1509 150 49 1928.
814 1504 272 71 Chicago,
1123 1505 310 53 American
1471 1506 243 53 medical
1752 1507 343 53 association

93 1588 172 64 [1928]

157 1667 100 48 489,
287 1667 123 40 xlvii
439 1678 44 37 p.
545 1666 118 42 20ᶜᵐ.

92 1721 2002 52 © May 9, 1928; 2c. and aff. May 14; A 1077234; Amer. medical assn.
84 1834 247 62 Barker,
365 1833 237 54 Arthur
631 1834 88 54 W.

155 1914 121 52 The
318 1913 153 69 light
512 1912 152 53 from
708 1912 284 67 Sealonia,
1032 1912 75 69 by
1145 1913 228 53 Arthur
1414 1915 89 53 W.
1547 1915 237 53 Barker.
1862 1917 236 66 Boston,

85 1994 122 52 The
235 1993 157 52 Four
418 2010 120 35 seas
568 2010 282 49 company
924 1991 152 67 [ᶜ1927]

155 2075 85 40 197
268 2086 43 37 p.
371 2074 147 41 19½ᶜᵐ.

93 2129 52 52 ©
173 2133 113 41 Dec.
314 2132 70 48 29,
415 2132 115 40 1927;
587 2133 68 40 2c.
686 2134 122 39 Mar.
839 2132 69 49 19,
939 2132 115 41 1928;
1114 2132 82 42 aff.
1225 2133 116 48 Apr.
1372 2133 59 41 30;
1488 2134 42 39 A
1559 2134 203 41 1074219;
1824 2136 131 40 Four
1986 2147 109 31 seas

161 2201 67 30 co.
300 2190 281 49 (28-11706)

88 2284 278 62 Bennett,
399 2285 209 62 Henry
640 2285 310 62 Eastman,
986 2284 172 54 1873-

159 2363 207 56 School
395 2368 232 64 posture
657 2363 113 54 and
800 2363 252 70 seating;
1087 2382 31 35 a
1146 2366 235 52 manual
1412 2364 94 55 for
1536 2368 272 68 teachers,
1839 2367 263 71 physical

87 2442 1951 72 directors and school officials, by Henry Eastman Bennett …
87 2522 235 66 Boston,
353 2521 141 53 New
525 2521 165 52 York
743 2527 120 61 [etc.]
901 2520 158 56 Ginn
1092 2522 113 54 and
1239 2541 282 52 company
1601 2527 153 65 [ᶜ1928]

157 2603 85 48 xii,
266 2603 85 41 323
376 2614 44 37 p.
446 2602 109 42 incl.
580 2603 145 48 illus.,
751 2603 195 49 diagrs.,
970 2603 169 42 forms.
1199 2605 148 42 20½ᶜᵐ.

160 2660 249 41 “Selected
434 2660 369 49 bibliography”
821 2672 10 30 :
860 2672 43 37 p.
928 2661 220 42 315-320.

90 2714 52 52 ©
176 2720 122 40 Mar.
329 2719 70 47 21,
431 2718 141 43 1928;
606 2720 68 39 2c.
704 2719 116 48 Apr.
852 2719 83 47 19;
970 2719 83 41 aff.
1085 2720 114 48 Apr.
1231 2721 84 47 21;
1349 2721 41 39 A
1422 2722 231 49 1069843;
1689 2725 60 40 H.
1784 2725 53 41 E.
1871 2726 225 43 Bennett.

162 2775 225 49 Chicago.
459 2775 282 51 (28-11450)

93 2871 120 51 The
238 2869 132 53 best
395 2870 354 53 continental
772 2870 161 53 short
957 2871 201 53 stories
1183 2871 64 53 of
1275 2871 150 55 1927.
1503 2874 214 55 Edited
1742 2876 76 70 by
1842 2878 258 54 Richard

163 2948 1733 75 Eaton … New York, Dodd, Mead & company, 1928.
162 3030 685 49 viii p., 1 l. , 254 p. 19½ᶜᵐ.
97 3084 52 52 ©
182 3090 115 46 May
328 3088 70 48 11,
431 3087 116 41 1928;
606 3089 68 40 2c.
708 3089 115 47 May
855 3089 55 39 12;
973 3089 82 41 aff.
1089 3091 115 47 May
1237 3091 56 40 15;
1354 3092 42 39 A
1428 3092 203 41 1077241;
1696 3095 154 50 Dodd,
1886 3099 143 40 Mead
2064 3100 36 40 &

165 3156 82 37 co.,
279 3145 92 41 inc.

90 3239 182 53 Bible.
351 3240 66 52 O.
450 3241 63 51 T.
579 3239 329 54 Selections.
984 3242 191 53 Latin.

159 3316 375 54 Narrationes
575 3316 259 54 Biblicae
872 3317 153 54 from
1064 3319 98 54 the
1198 3321 270 69 Vulgate,
1505 3323 77 69 by
1619 3324 220 55 Abram
1877 3329 224 71 Lipsky

91 3394 1987 149 … and Harry E. Wedeck … New York, Newark [etc.] Silver, Burdett and company [ᶜ1928]
159 3556 65 47 ix,
260 3558 71 48 [1],
363 3557 62 40 70
450 3568 44 36 p.
554 3557 131 41 illus.
743 3557 117 42 18ᶜᵐ.
939 3559 102 40 [The
1072 3559 180 40 climax
1283 3562 167 48 series]

100 3610 52 52 ©
180 3613 115 48 Apr.
323 3613 70 48 16,
423 3613 141 47 1928;
594 3614 68 40 2c.
692 3614 96 40 and
817 3613 82 42 aff.
928 3614 115 48 Apr.
1072 3616 83 47 18;
1187 3617 41 39 A
1257 3617 204 42 1074009;
1524 3620 170 50 Silver,
1725 3624 213 45 Burdett
1967 3631 36 39 &
2032 3639 54 30 co

177 3669 282 50 (28-11524)

90 3764 278 63 Branom,
401 3764 318 54 Frederick
749 3765 298 55 Kenneth.

160 3842 351 70 Geography
538 3843 64 53 of
630 3843 249 69 Europe,
906 3845 160 68 Asia,
1093 3846 228 70 Africa,
1347 3849 301 56 Australia
1675 3855 113 53 and
1815 3858 98 52 the
1939 3860 166 67 polar

91 3921 1950 81 regions, by Frederick K. Branom … and Helen M. Ganey …
90 4001 138 52 New
257 4001 182 68 York,
462 4002 90 53 W.
580 4001 78 53 H.
688 4001 230 55 Sadlier
987 4007 135 50 [ᶜ1928]
