2498 4384
1335 4130 134 50 1982

447 551 578 50 7 p. l., 91 p., 2 l. 19½ ᶜᵐ.
448 625 185 39 Poems.

380 690 53 52 ©
460 695 113 40 Dec.
598 694 38 48 1,
664 692 115 41 1928;
833 694 70 38 2c.
929 693 114 40 Dec.
1068 693 25 39 6;
1150 692 85 41 aff.
1262 692 114 40 Dec.
1403 691 53 39 11;
1513 691 43 39 A
1581 691 116 40 3152;
1752 690 204 49 Willett,
1985 690 151 41 Clark
2162 691 37 39 &
2226 689 164 48 Colby.

458 749 283 51 (28-30480)

379 859 301 65 Goodwin,
710 861 139 52 Mrs.
881 860 213 52 Emma
1126 858 268 65 Eugenie
1433 857 316 66 (Quigley)
1787 862 172 50 1866-

454 939 204 52 Poems
695 937 95 53 for
823 938 159 52 those
1020 938 126 52 who
1183 937 161 52 work
1380 938 113 51 and
1529 936 150 68 hope
1714 937 114 52 and
1864 936 127 53 love
2033 934 110 70 [by]
2186 936 207 52 Emma

384 1014 1681 72 Eugenie Goodwin. New York, H. Vinal ltd. [ ᶜ1 928]
452 1098 534 49 6 p. l. , 3-149 p. 18½ᶜᵐ.
382 1166 53 52 ©
463 1171 121 39 Nov.
610 1169 69 48 30,
708 1169 141 48 1928;
879 1170 69 39 2c.
977 1170 99 39 Dec.
1120 1168 52 48 6;
1205 1168 83 41 aff.
1318 1169 114 39 Dec.
1459 1170 27 38 7;
1544 1168 41 38 A
1613 1167 143 48 3165;
1788 1168 189 39 Harold
2007 1167 159 48 Vinal,
2197 1168 87 38 ltd.

462 1226 282 49 (28-30470)

384 1335 292 64 Grayson,
711 1334 177 53 Ethel
920 1333 170 55 Kirk.

450 1414 234 54 Willow
731 1412 210 68 smoke,
985 1412 76 69 by
1108 1411 176 53 Ethel
1330 1411 155 53 Kirk
1533 1410 281 70 Grayson.
1899 1412 140 52 New
2088 1410 182 69 York,
2318 1411 78 54 H.

378 1492 198 67 Vinal,
607 1492 125 67 ltd.,
765 1493 152 52 1928.

450 1573 591 51 4 p. l. , 343, [1] p. 20 ᶜᵐ.
385 1642 52 52 ©
466 1646 120 40 Nov.
613 1645 69 48 19,
712 1645 142 46 1928;
884 1645 69 39 2c.
981 1645 112 40 Dec.
1122 1644 53 47 6;
1206 1644 84 41 aff.
1320 1644 113 41 Dec.
1462 1645 25 39 7;
1546 1643 42 39 A
1615 1643 143 48 2084;
1790 1644 190 39 Harold
2009 1643 160 48 Vinal,
2199 1644 88 40 ltd.

463 1702 282 50 (28-29963)

383 1797 307 63 Haertter,
723 1796 271 53 Leonard
1027 1796 215 64 Daum,
1280 1800 171 49 1895-

454 1874 1946 71 Plane geometry, by Leonard D. Haertter … New York,
383 1954 1038 70 London, The Century co. [ ᶜ1 928]
460 2032 1803 52 xi, 327 p. incl. illus., plates, plan, diagrs. front. 19½ ᶜᵐ. $1.36
387 2104 52 52 ©
468 2108 120 41 Nov.
615 2108 69 47 12,
713 2107 142 46 1928;
886 2107 67 40 2c.
983 2108 97 38 and
1108 2106 83 40 aff.
1221 2107 119 40 Nov.
1370 2106 83 47 15;
1483 2105 43 39 A
1553 2106 142 47 1696;
1728 2106 217 48 Century
1973 2118 69 29 co.

466 2164 282 49 (28-30426)

386 2259 153 64 Hall,
575 2258 261 53 Herbert
867 2258 222 64 James,
1126 2258 328 54 1870-1923.

455 2338 389 55 Handicrafts
890 2338 95 54 for
1029 2338 97 54 the
1169 2336 423 71 handicapped.
1667 2337 140 55 Rev.
1853 2338 85 54 ed.
2014 2339 93 70 By
2150 2336 254 57 Herbert

387 2416 2015 72 J. Hall, M . D. and Mertice M. C. Buck Knox … illustrated with
385 2497 255 55 sketches
674 2497 75 69 by
784 2497 96 53 the
912 2497 236 53 authors
1183 2497 115 53 and
1332 2497 415 68 photographs.
1822 2495 139 55 New
1997 2495 182 72 York,
2211 2497 192 65 Dodd,

382 2575 170 55 Mead
586 2577 114 52 and
732 2593 300 51 company,
1065 2577 152 52 1928.

456 2657 84 41 xiv
566 2668 57 38 p.,
651 2657 26 40 3
726 2688 22 17 l.,
775 2657 145 40 3-181
948 2668 44 37 p.
1051 2656 165 48 front.,
1248 2656 144 48 illus.,
1421 2657 173 47 plates.
1654 2656 57 41 19½ᶜᵐ.

459 2729 190 41 “Books
676 2729 52 39 of
754 2727 157 41 crafts”:
998 2737 43 38 p.
1066 2727 221 41 167-171.

456 2786 353 48 Bibliography:
867 2796 44 37 p.
940 2784 218 41 173-181.

391 2855 52 52 ©
479 2859 103 40 Oct.
614 2858 68 48 12,
717 2857 142 47 1928;
894 2858 69 38 2c.
996 2855 104 42 Oct.
1134 2857 82 46 17;
1253 2855 83 41 aff.
1371 2855 103 41 Oct.
1507 2856 83 47 23;
1627 2856 42 39 A
1701 2856 143 48 2202;
1881 2858 154 48 Dodd,
2072 2859 143 39 Mead
2250 2862 37 40 &
2321 2869 81 38 co.,

458 2916 93 40 inc.
619 2912 282 52 (28-30443)

387 3010 155 64 Hall,
573 3008 227 55 Walter
829 3006 238 65 Phelps,
1100 3012 173 50 1884-
1481 3009 85 54 ed.

526 3086 1879 71 … Historical readings in nineteenth century thought, edited
392 3163 2012 70 with introductions by Walter Phelps Hall … and Elmer A.
393 3241 1759 71 Beller … New York, London, The Century co. [ ᶜ1 928]
462 3323 1552 51 5 p. l. , 3-306 p. 19½ᶜᵐ. (The Century historical series)
744 3395 136 41 CONTENTS.—On
910 3406 25 29 a
968 3395 133 49 piece
1130 3396 53 40 of
1212 3395 158 49 chalk,
1401 3397 63 47 by
1493 3397 53 41 T.
1576 3397 62 40 H.
1669 3397 326 48 Huxley.—Is
2025 3399 139 40 there
2195 3409 27 30 a
2255 3399 148 40 social

394 3452 219 42 science?
664 3454 74 47 By
762 3453 61 39 H.
851 3452 593 48 Spencer.—Communist
1468 3453 278 48 manifesto,
1773 3455 63 47 by
1860 3455 60 41 K.
1947 3455 341 41 Marx.—Law
2311 3456 94 40 and

393 3509 268 49 authority,
690 3510 61 48 by
779 3510 53 40 P.
860 3509 590 49 Kropotkin.—Doctrine
1480 3511 52 39 of
1560 3511 386 41 non-resistance
1976 3515 49 37 to
2056 3512 95 40 evil
2180 3513 62 47 by
2270 3512 135 41 force

392 3570 133 37 must
551 3566 270 48 inevitably
847 3567 57 39 be
930 3568 229 47 accepted
1186 3567 63 47 by
1275 3578 110 29 men
1412 3567 52 41 of
1491 3567 82 41 the
1600 3570 197 46 present
1825 3569 108 47 day,
1961 3570 63 47 by
2051 3569 52 42 L.
2130 3569 277 49 Tolstoy.—

393 3624 103 40 The
523 3623 249 41 condition
801 3623 52 40 of
879 3624 152 47 labor,
1060 3625 62 47 by
1149 3623 96 42 Leo
1375 3657 9 9 XIII.

395 3691 53 51 ©
477 3695 120 39 Nov.
626 3694 38 48 9,
694 3695 115 40 1928;
865 3695 68 40 2c.
963 3695 114 41 Dec.
1107 3695 54 40 10;
1221 3694 82 41 aff.
1334 3695 120 42 Nov.
1482 3696 56 40 13;
1597 3695 41 40 A
1666 3696 114 40 2133;
1842 3696 217 49 Century
2089 3707 68 31 co.

474 3751 282 49 (28-30477)

396 3846 265 64 Hallock,
697 3845 225 55 Gerard
957 3846 320 64 Benjamin
1311 3848 184 64 Fleet,
1532 3853 172 49 1856-
1921 3868 182 51 comp.

467 3926 184 53 Three
693 3927 265 52 hundred
1002 3925 357 55 five-minute
1401 3946 251 35 sermons
1696 3927 95 53 for
1831 3929 280 70 children,
2152 3949 32 34 a
397 3929 1987 144 cyclopedia

598 4004 64 54 of
688 4005 189 53 choice
905 4006 114 53 and
1048 4006 280 68 practical
1355 4008 371 69 present-day
1753 4026 252 36 sermons
2031 4014 60 49 to
2119 4008 287 70 children;
