2498 4384
1202 4043 137 53 1478

365 470 738 50 xix, 842 p. diagrs. 22½ ᶜᵐ .
367 540 351 41 “References”
746 543 51 39 at
825 543 90 38 end
944 542 52 40 of
1022 545 111 46 part
1161 543 53 39 of
1241 543 82 40 the
1349 544 242 47 chapters.

301 608 55 52 ©
389 613 129 47 Sept.
550 613 70 47 28,
652 612 115 41 1928;
828 614 67 40 2c.
929 614 96 39 and
1057 613 83 40 aff.
1174 613 104 41 Oct.
1310 614 24 38 1;
1398 613 42 39 A
1471 613 203 41 1054699;
1737 615 51 41 L.
1821 615 55 41 A.
1909 616 234 48 Rufener,
369 618 1912 99 Morgantown,
641 670 72 40 W.
742 670 86 40 Va.
896 670 281 48 (28-22674)

295 764 309 64 Sampson,
635 764 226 54 Martin
890 764 259 65 Wright,
1185 768 173 51 1866-

370 842 1931 70 The good giant, by Martin Sampson … Boston and New
301 920 180 68 York,
506 921 322 69 Houghton
855 921 205 52 Mifflin
1088 939 300 51 company,
1417 925 151 51 1928.

367 1003 1371 49 5 p. l., 218 p. incl. illus., plates. col. front. 21 ᶜᵐ .
298 1070 52 52 ©
378 1075 129 47 Sept.
530 1075 69 47 28,
622 1074 116 41 1928;
790 1075 68 40 2c.
883 1076 96 39 and
1004 1074 83 40 aff.
1113 1075 103 40 Oct.
1242 1075 24 38 1;
1321 1075 42 39 A
1386 1074 204 42 1054697;
1645 1076 63 41 M.
1734 1077 72 40 W.
1835 1077 250 47 Sampson,
2113 1076 186 50 Ithaca,

365 1132 57 41 N.
453 1133 53 39 Y.
577 1130 282 47 (28-22724)

291 1225 269 64 Schwab,
590 1225 264 54 Antonia
883 1223 71 57 Y.

368 1302 190 56 Silver
588 1304 279 66 shadows,
897 1304 76 68 by
1002 1303 258 54 Antonia
1292 1305 71 52 Y.
1398 1303 258 56 Schwab.
1724 1304 262 69 Atlanta,
2018 1306 69 53 E.
295 1305 1980 143 Hartsock,
472 1382 124 53 The
623 1383 215 51 Bozart
865 1401 157 49 press
1099 1384 153 65 [ᶜ1928]

364 1464 591 50 2 p. l. , [3]-40 p. 19ᶜᵐ.
364 1536 186 40 Poems.

294 1601 52 52 ©
385 1606 129 47 Sept.
549 1606 69 47 25,
655 1605 117 40 1928;
833 1606 68 40 2c.
938 1606 95 39 and
1068 1605 84 40 aff.
1190 1605 130 48 Sept.
1355 1605 83 43 28;
1476 1606 42 38 A
1553 1605 230 47 1054633;
1823 1607 179 39 Ernest
2035 1607 262 41 Hartsock.

361 1662 219 40 Atlanta.
651 1662 281 48 (28-22722)

288 1755 1150 69 Scott, Sir Walter, b art ., 1771-1832.
357 1835 385 66 Kenilworth,
766 1834 76 69 by
870 1833 97 56 Sir
991 1835 225 53 Walter
1245 1834 179 68 Scott,
1445 1835 168 67 bart.,
1637 1834 191 54 edited
1855 1835 139 53 with
2021 1854 73 34 an
287 1835 1987 131 introduction

545 1912 1750 70 by Eunice J. Cleveland … New York, The Macmillan
283 2010 299 51 company,
616 1994 150 51 1928.

356 2074 1937 50 xix, [1], 550 p. incl. front., illus. (map) plates. 18½ ᶜᵐ . (The modern
283 2132 212 41 readers’
518 2132 177 49 series)

291 2200 52 52 ©
370 2205 103 40 Oct.
499 2205 41 46 2,
567 2204 142 46 1928;
736 2204 68 39 2c.
832 2204 95 39 and
955 2202 82 41 aff.
1066 2203 103 40 Oct.
1196 2203 54 40 3;
1279 2202 42 39 A
1347 2201 230 47 1053656;
1608 2201 285 41 Macmillan
1920 2213 68 30 co.
2047 2198 70 53 [©
358 2202 1918 99 introduction
587 2262 96 38 and
712 2262 237 47 glossary]
1018 2259 283 49 (28-22775)

284 2355 221 64 Seldes,
540 2354 227 56 Gilbert
799 2354 235 64 Vivian,
1071 2359 171 50 1893-

353 2434 123 52 The
516 2433 375 69 stammering
932 2439 239 63 century
1233 2432 94 70 [by]
1374 2432 228 56 Gilbert
1644 2431 212 56 Seldes.
1931 2433 141 52 New
2120 2433 175 67 York,

282 2513 122 53 The
434 2512 157 55 John
620 2512 132 68 Day
782 2529 283 50 company
1120 2513 154 65 [1928]

350 2595 1233 49 xviii, 414 p., 1 l. front., plates. ports. 24 ᶜᵐ .
349 2668 40 40 A
423 2668 168 39 record
625 2666 52 40 of
710 2667 82 39 the
824 2667 127 38 cults
984 2667 96 38 and
1114 2665 193 39 manias
1341 2665 49 39 in
1424 2664 224 40 America
1683 2664 176 47 during
1893 2666 82 39 the
2008 2665 282 41 nineteenth

279 2726 219 46 century.

351 2780 264 42 “Sources”
634 2791 10 30 :
676 2792 43 36 p.
753 2780 113 49 [412]

287 2848 52 52 ©
369 2852 130 47 Sept.
526 2852 39 46 6,
594 2850 141 47 1928;
765 2851 68 40 2c.
862 2851 95 38 and
986 2849 82 41 aff.
1100 2850 129 47 Sept.
1257 2848 83 47 26;
1371 2849 42 39 A
1439 2848 231 42 1054643;
1704 2849 53 41 G.
1789 2850 179 47 Seldes,
1997 2850 120 39 New
2145 2851 145 40 York.

363 2908 283 49 (28-22704)

282 3002 181 64 Shay,
497 3001 219 65 Frank,
751 3006 170 50 1888-
1143 3019 180 50 comp.

347 3079 164 53 More
538 3079 165 68 pious
730 3078 224 54 friends
981 3079 112 53 and
1120 3078 259 53 drunken
1410 3078 397 68 companions;
1836 3097 169 50 songs
2032 3078 114 53 and
278 3077 1987 134 ballads

442 3157 64 52 of
542 3155 395 70 conviviality,
974 3157 270 52 collected
1280 3155 77 69 by
1393 3156 200 52 Frank
1633 3155 185 69 Shay:
1858 3155 431 68 magnificently

277 3236 364 53 illuminated
676 3236 77 68 by
789 3235 157 54 John
980 3233 174 68 Held,
1190 3234 101 69 jr.;
1330 3234 239 53 musical
1605 3239 403 63 arrangement
2045 3233 94 53 for
2176 3252 113 52 any

276 3315 203 69 degree
502 3313 64 53 of
588 3313 301 69 inebriety,
910 3313 76 69 by
1009 3313 187 53 Helen
1220 3312 264 69 Ramsey.
1543 3312 143 53 New
1708 3312 180 66 York,
1911 3312 123 53 The

276 3312 1988 149 Macaulay
402 3410 284 50 company
764 3393 152 65 [ᶜ1928]

344 3474 852 50 190 p. incl. front., illus. 22½ ᶜᵐ .
345 3546 290 40 Illustrated
668 3544 367 49 lining-papers.

282 3611 52 52 ©
364 3616 130 47 Sept.
522 3616 68 46 14,
620 3615 117 41 1928;
791 3616 68 39 2c.
890 3615 129 47 Sept.
1046 3614 59 40 29;
1162 3613 83 41 aff.
1277 3614 128 47 Sept.
1434 3613 56 41 28;
1549 3614 42 39 A
1617 3613 207 41 1053628;
1880 3614 52 42 F.
1965 3614 144 47 Shay,
349 3615 1917 104 Provincetown,
634 3673 147 39 Mass.
848 3670 282 50 (28-22790)

282 3765 454 67 [Shellabarger,
768 3764 255 68 Samuel]
1062 3769 173 50 1888-

350 3844 121 52 The
496 3844 140 52 door
660 3843 64 54 of
747 3844 190 59 death,
960 3862 32 34 a
1014 3849 256 61 mystery
1292 3848 175 63 story,
1490 3843 77 68 by
1587 3843 155 54 John
1770 3844 246 51 Esteven
2066 3842 213 68 [pseud.]

279 3922 140 52 New
442 3921 181 68 York,
644 3922 260 67 London,
926 3922 122 53 The
1074 3920 257 71 Century
1353 3940 79 34 co.
1503 3924 152 65 [ᶜ1928]
