2498 4384
1303 4051 104 55 776

327 507 44 30 v.
408 497 40 46 1,
489 490 52 52 ©
579 495 114 47 Apr.
729 493 69 48 30,
835 492 117 40 1928;
1016 504 43 29 v.
1095 493 40 44 2,
1176 487 52 52 ©
1268 492 116 47 May
1420 491 56 39 15;
1542 491 69 40 2c.
1649 490 119 40 each
1805 491 96 39 and
1939 489 109 41 afts.
2087 490 114 47 May
2238 489 56 40 19;

397 552 43 40 A
469 550 216 48 1077310,
718 549 200 41 1077311;
981 549 52 41 T.
1066 549 198 47 Bodley,
1297 547 279 49 Louisville,
1611 548 95 39 and
1742 547 193 40 Samuel
1970 544 208 49 Mackay
398 546 1905 110 Wilson,
530 607 284 47 Lexington,
847 607 91 46 Ky.
1012 605 283 49 (28-13306)

325 703 186 62 Hope,
544 702 198 51 Laura
774 701 135 51 Lee.

394 781 213 68 Bunny
638 780 213 52 Brown
883 778 113 53 and
1028 778 90 53 his
1152 778 166 53 sister
1354 776 111 56 Sue
1496 782 59 48 at
1591 775 179 56 Shore
1803 776 195 67 Acres,
2029 776 77 70 by
2137 776 191 53 Laura

323 854 2007 72 Lee Hope … illustrated by Walter S. Rogers. New York,
323 936 802 67 Grosset & Dunlap [ ᶜ1 928]
395 1020 27 38 2
451 1031 44 36 p.
523 1021 45 45 1.,
598 1019 86 40 248
713 1030 43 37 p.
816 1018 164 47 front.,
1011 1020 172 46 plates.
1244 1017 146 40 19½ᶜᵐ.
1461 1017 127 48 (Her
1617 1018 176 46 Bunny
1825 1018 179 38 Brown
2035 1015 175 48 series)

333 1073 52 52 ©
412 1078 78 39 May
550 1077 68 47 15,
643 1076 117 40 1928;
809 1076 68 41 2c.
903 1077 78 38 May
1040 1075 81 42 18;
1149 1074 84 42 aff.
1259 1076 114 47 May
1397 1076 82 45 17;
1507 1075 42 38 A
1572 1074 230 45 1074590;
1833 1074 201 40 Grosset
2058 1073 37 40 &
2119 1074 210 46 Dunlap,

401 1134 93 42 inc.
568 1133 281 48 (28-13225)

331 1228 250 69 [Horler,
610 1228 257 65 Sydney]
906 1230 171 49 1888-

402 1305 123 53 The
558 1306 173 52 house
765 1303 65 54 of
860 1304 291 69 Wingate,
1184 1303 79 70 by
1295 1303 222 52 Martin
1552 1302 282 70 Heritage
1895 1303 215 68 [pseud.]
333 1302 1978 147 London,
490 1382 190 53 Hurst
706 1384 46 50 &
779 1381 284 69 Blackett,
1088 1382 105 53 ltd.
1228 1383 173 66 [1928]

404 1464 383 49 285, [1] p. 19½ ᶜᵐ.
337 1518 1981 108 © 1c. Apr. 26, 1928; A ad int. 10966; pubd. Mar. 2; S. Horler, Bournemouth, Hants, England. (28-14409)
336 1673 121 51 The
492 1672 312 52 Humorist.
898 1691 51 33 v.
987 1674 81 67 12,
1100 1689 90 34 no.
1224 1674 121 64 306,
1377 1671 151 53 June
1564 1674 82 63 16,
1681 1674 148 49 1928.

339 1751 1997 52 © 1c. June 19, 1928; A ad int. 11250; pubd. June 9; George Newnes. ltd.,
407 1813 214 40 London.

503 1904 908 68 The Humorist. v. 12, no. 307, June 23, 1928.
341 1985 1998 109 © 1c. June 22, 1928; A ad int. 11295; pubd. June 16; George Newnes, ltd., London.
338 2138 252 63 Hutton,
620 2138 149 53 Jean
803 2137 312 63 Gertrude,
1150 2136 172 55 1871-

471 2214 1875 71 … Building for to-morrow; a series of twenty-five lessons
340 2294 96 53 for
463 2295 140 69 boys
634 2294 113 53 and
780 2294 143 69 girls
952 2294 150 67 nine,
1132 2300 114 61 ten,
1277 2295 113 51 and
1423 2294 191 52 eleven
1646 2311 164 51 years
1842 2292 64 54 of
1937 2311 122 51 age,
2089 2292 78 71 by
2198 2293 148 54 Jean

339 2372 287 56 Gertrude
658 2373 248 59 Hutton,
940 2372 282 69 prepared
1258 2372 60 53 in
1350 2373 392 67 co-operation
1777 2372 141 53 with
1951 2372 97 53 the
340 2371 1981 133 International
552 2451 340 53 association
921 2450 64 53 of
1014 2451 160 69 daily
1200 2451 267 53 vacation
1496 2451 168 52 Bible
1692 2452 236 52 schools.
1994 2451 141 53 New
2165 2450 182 68 York,

342 2529 1242 69 Cincinnati, The Abingdon press [ ᶜ1 928 ]
413 2610 1907 49 129 p. front., plates. 20 ᶜᵐ. ( The Abingdon religious education texts;
345 2670 58 39 D.
444 2668 53 40 G.
536 2670 229 45 Downey,
805 2669 196 46 general
1042 2668 173 40 editor.
1283 2667 149 48 Daily
1471 2668 228 40 vacation
1739 2668 182 39 church
1962 2668 163 40 school
2169 2667 177 49 series;

344 2726 53 40 G.
422 2725 62 41 H.
508 2726 154 47 Betts,
686 2725 182 47 editor)

417 2781 180 41 “Other
620 2781 177 41 stories
820 2784 49 37 to
894 2781 98 40 find
1017 2782 94 39 and
1136 2781 146 40 read”
1308 2783 52 38 at
1385 2782 92 39 end
1503 2781 52 40 of
1581 2783 120 39 each
1724 2784 176 38 lesson.

349 2835 52 52 ©
431 2841 115 47 May
571 2841 41 46 4,
642 2839 140 47 1928;
813 2839 68 41 2c.
911 2840 97 38 and
1035 2839 83 42 aff.
1146 2840 116 46 May
1290 2839 82 46 18;
1402 2839 42 38 A
1472 2839 230 46 1074555;
1735 2840 44 41 J.
1811 2840 53 41 G.
1893 2841 208 46 Hutton,
2132 2840 94 39 Los
417 2839 1912 106 Angeles.
632 2895 280 50 (28-13326)

346 2989 2006 146 … Building for to-morrow, teacher’s manual, by Jean Gertrude Hutton, prepared in co-operation with the International
346 3145 1982 148 association of daily vacation Bible schools. New York, Cincinnati, The Abingdon press [ ᶜ1 928]
349 3305 2004 106 124 p. 20 ᶜᵐ. (The Abingdon religious education texts; D. G. Downey, general editor. Daily vacation church school series; G. H. Betts,
350 3418 182 48 editor)

422 3475 134 40 “List
579 3475 52 40 of
652 3476 149 40 books
822 3475 52 40 in
895 3476 160 40 which
1077 3475 178 41 stories
1275 3486 113 37 may
1409 3475 185 41 found”
1613 3487 9 29 :
1647 3487 43 37 p.
1716 3476 217 41 123-124.

356 3528 52 52 ©
437 3534 78 38 May
576 3533 69 45 10,
672 3533 117 40 1928;
841 3533 68 41 2c.
936 3533 95 39 and
1059 3533 82 41 aff.
1169 3534 115 46 May
1309 3533 59 39 18;
1420 3533 42 39 A
1487 3533 206 40 1074556;
1748 3535 43 40 J.
1822 3533 53 42 G.
1903 3535 206 46 Hutton,
2138 3534 95 40 Los
423 3534 1911 103 Angeles.
638 3589 279 49 (28-13328)

346 3681 311 61 Jacobson,
687 3683 257 53 Herbert.

426 3759 283 69 Roulette,
747 3765 571 63 trente-et-quarante
1356 3761 114 53 and
1506 3761 166 53 boule
1711 3779 61 35 as
1810 3762 209 68 played
2061 3766 59 48 at
2158 3761 198 53 Monte

357 3836 172 54 Carlo
559 3838 112 52 and
700 3857 72 33 on
801 3839 96 52 the
928 3838 328 54 Continent.
1321 3839 123 53 The
1474 3838 342 54 forerunner
1845 3838 65 54 of
1940 3840 95 52 the
2066 3838 290 54 infallible

356 3919 175 48 tester
561 3916 113 52 and
706 3916 97 52 the
834 3917 181 52 tested
1046 3922 210 64 system
1289 3935 72 34 on
1394 3935 113 52 any
1538 3936 138 34 even
1709 3917 224 53 chance.
2003 3917 156 53 Both
2192 3916 162 54 certi-
