2498 4384
1041 4138 102 55 647

161 564 119 40 This
307 564 125 40 book
460 564 136 39 deals
624 562 120 40 with
773 563 175 47 grades
976 562 115 39 four
1120 563 47 38 to
1198 561 115 40 nine
1341 560 252 41 inclusive,
1654 562 61 48 cf.
1747 560 131 41 Pref.

162 621 248 41 “Selected
438 619 302 41 references”
766 622 53 38 at
844 620 90 39 end
961 619 51 39 of
1037 619 119 39 each
1182 619 218 47 chapter.

97 674 52 52 ©
178 680 121 39 Mar.
328 678 68 48 19,
425 678 141 46 1928;
595 678 67 40 2c.
689 677 114 48 Apr.
833 678 54 37 19;
944 676 83 41 aff.
1055 677 113 47 Apr.
1198 675 82 47 18;
1311 676 41 38 A
1380 674 230 48 1069817;
1641 676 43 40 J.
1714 675 50 42 L.
1794 676 303 47 Henderson,

166 735 192 48 Austin,
393 735 117 40 Tex.
580 734 282 49 (28-11454)

89 802 137 63 Hill,
254 802 155 53 John
440 801 198 64 Louis,
673 801 170 54 1872-

158 880 122 52 The
314 879 375 68 preparation
723 878 113 53 and
871 878 257 68 delivery
1162 877 65 52 of
1260 877 195 68 public
1488 878 312 66 addresses,
1832 878 76 67 by
1943 877 159 54 John

88 954 2007 70 Louis Hill … New York, J. H. Sears & company, inc. [ᶜ1928]
156 1040 654 49 xii p., 1 l. , 142 p. 20ᶜᵐ.
97 1094 52 52 ©
174 1098 114 47 Apr.
313 1097 69 43 21,
410 1096 141 46 1928;
579 1097 66 40 2c.
672 1097 113 46 Apr.
812 1095 83 46 26;
925 1094 82 42 aff.
1034 1096 113 47 Apr.
1174 1095 56 40 25;
1288 1096 39 38 A
1356 1094 228 48 1069925;
1615 1095 44 41 J.
1687 1096 61 40 H.
1779 1095 145 41 Sears
1952 1096 36 39 &
2014 1107 68 29 co.,

164 1155 91 41 inc.
326 1153 282 49 (28-11521)

88 1219 235 63 Hottes,
357 1219 212 53 Alfred
609 1218 153 64 Carl,
799 1222 172 49 1891-

162 1295 1941 71 The book of annuals, by Alfred C. Hottes … New York,
91 1379 69 52 N.
187 1379 90 66 Y.,
301 1378 71 52 A.
397 1378 66 52 T.
488 1378 91 52 De
598 1376 85 53 La
707 1377 163 52 Mare
895 1393 299 51 company,
1218 1376 128 67 inc.,
1372 1378 151 51 1928.

164 1458 1669 52 172, [8] p. incl. front., illus. 19 ᶜᵐ . [The “Little book” series]
154 1518 160 40 Blank
341 1528 148 38 pages
517 1518 80 40 for
625 1518 223 40 “Garden
875 1519 139 38 notes
1041 1517 96 39 and
1165 1516 345 40 memoranda”
1541 1516 82 49 ([8]
1653 1519 52 38 at
1732 1516 116 48 end)

162 1576 264 40 Published
456 1576 51 39 in
533 1575 115 41 1922
675 1577 154 38 under
856 1575 137 40 title:
1022 1575 40 38 A
1089 1575 129 39 little
1246 1575 122 39 book
1394 1574 51 40 of
1471 1576 223 38 annuals.

95 1630 52 52 ©
173 1635 113 47 Apr.
312 1634 69 47 17,
406 1633 116 41 1928;
576 1633 67 40 2c.
668 1633 115 47 Apr.
807 1632 55 39 21;
919 1631 82 42 aff.
1027 1633 115 47 Apr.
1167 1631 57 40 20;
1281 1632 40 39 A
1346 1631 203 41 1069877
1568 1642 9 32 :
1606 1633 54 39 A.
1687 1632 52 40 T.
1768 1632 69 39 De
1865 1634 66 38 La
1962 1633 138 39 Mare

162 1702 83 37 co.,
279 1690 91 41 inc.
446 1690 281 49 (28-11445)

87 1758 231 62 Howes,
346 1758 141 53 Mrs.
518 1756 177 53 Ethel
725 1755 204 54 Dench
966 1755 268 65 (Puffer)
1275 1754 172 54 1872-

157 1836 121 53 The
317 1835 386 68 co-operative
742 1852 242 51 nursery
1022 1834 222 67 school;
1288 1833 156 53 what
1484 1833 48 53 it
1573 1852 106 35 can
1720 1834 71 53 do
1835 1833 94 54 for
86 1851 1993 131 parents;
276 1932 72 34 an
384 1913 414 69 experimental
835 1913 456 53 demonstration
1326 1911 65 54 of
1426 1913 96 52 the
1557 1912 279 53 Institute
1874 1912 94 53 for
2005 1913 98 53 the

86 1992 424 53 co-ordination
534 1992 65 53 of
623 1992 264 53 women’s
911 1991 282 68 interests,
1218 1992 78 69 by
1323 1991 175 53 Ethel
1523 1990 201 54 Puffer
1749 1991 212 54 Howes
1988 1993 113 52 and

85 2068 2016 72 Dorothea Beach … Northampton, Mass., Smith college, 1928.
89 2152 2015 105 74 p., 1 l. incl. diagrs., forms. 2 pl. 23½ᶜᵐ. (Half-title: Institute for the co-ordination of women’s interests. Publication no. 3)
157 2268 40 38 A
223 2268 146 47 study
393 2268 53 39 of
471 2268 81 40 the
580 2267 189 48 history
796 2268 95 39 and
920 2266 339 49 organization
1286 2267 52 40 of
1365 2268 82 39 the
1474 2268 361 47 Northampton
88 2277 1995 88 co-operative
208 2336 209 37 nursery
442 2326 178 39 school.

88 2379 52 53 ©
170 2383 110 41 Feb.
309 2383 69 48 17,
407 2382 116 42 1928;
580 2383 68 42 2c.
676 2383 114 48 Apr.
820 2382 58 41 16;
935 2382 83 42 aff.
1047 2383 114 48 Apr.
1191 2382 57 42 18;
1307 2383 40 39 A
1376 2382 204 42 1074013
1598 2394 9 34 :
1642 2382 235 42 Institute
1907 2383 81 41 for
2016 2383 82 41 the

155 2441 356 40 co-ordination
544 2441 51 40 of
627 2441 227 40 women’s
888 2441 247 48 interests,
1168 2441 376 47 Northampton,
1580 2442 148 41 Mass.
165 2498 283 50 (28-11453)

92 2564 340 64 Huguenin,
470 2564 264 64 Charles,
772 2565 83 53 ed.

220 2643 1873 70 … [New introduction, biographies, notes and vocabulary]
89 2721 2008 69 by Charles Huguenin … t in the book entitled] Modern French
88 2801 237 65 writers,
379 2818 33 34 a
467 2800 249 53 revision
771 2798 65 54 of
890 2800 218 53 Mellé’s
1164 2801 158 51 “The
1377 2805 440 63 contemporary
1873 2801 223 53 French

91 2878 272 53 writers”.
433 2880 235 65 Boston,
698 2879 139 52 New
869 2878 163 53 York
1087 2884 120 62 [etc.]
1245 2878 157 55 Ginn
1433 2879 113 52 and
1579 2897 283 51 company
1899 2913 12 33 [
1916 2886 17 21 c
1940 2883 153 64 1928]

161 2961 97 47 xvi,
287 2961 89 39 270
402 2971 45 38 p.
507 2961 56 40 17½
595 2962 45 21 ᶜᵐ
646 2993 8 9 .

93 3014 52 52 ©
173 3018 123 41 Mar.
322 3017 72 48 26,
423 3017 114 40 1928;
593 3018 69 41 2c.
689 3018 114 48 Apr.
831 3017 56 40 19;
944 3017 83 42 aff.
1055 3019 114 47 Apr.
1197 3018 55 40 21;
1311 3018 42 40 A
1380 3018 202 41 1069841;
1643 3019 127 40 Ginn
1799 3017 37 42 &
1862 3029 67 31 co.

85 3141 204 62 Jenks,
321 3140 223 54 Leland
579 3141 326 64 Hamilton,
944 3144 171 51 1892-

216 3218 1883 72 … Our Cuban colony, a study in sugar, by Leland Hamilton
84 3298 193 52 Jenks.
340 3297 139 53 New
504 3298 181 69 York,
710 3299 320 69 Vanguard
1056 3317 159 51 press
1247 3302 174 66 [1928]

85 3379 1999 107 xxi, 341 p. front., pl., map. 19½ᶜᵐ. (Half-title: American imperialism … edited … by H. E. Barnes)
154 3494 65 39 At
242 3494 123 40 head
392 3494 53 40 of
469 3495 108 39 title
595 3505 9 29 :
634 3495 197 41 Studies
855 3495 50 39 in
931 3495 260 41 American
1217 3495 336 49 imperialism.

155 3551 296 40 “Reference
475 3551 167 41 notes”
662 3563 9 29 :
697 3563 41 37 p.
764 3552 219 42 315-341.

92 3604 52 52 ©
173 3609 113 47 Apr.
314 3609 70 46 21,
415 3609 140 46 1928;
586 3609 67 41 2c.
682 3610 114 48 Apr.
826 3610 83 47 26;
941 3610 82 42 aff.
1051 3611 116 48 Apr.
1197 3611 83 47 25;
1313 3612 40 38 A
1382 3611 230 47 1069933;
1646 3612 266 48 Vanguard
1942 3622 152 38 press,

160 3665 91 41 inc.
323 3666 281 49 (28-11578)

82 3730 308 65 Kingsley,
422 3732 243 54 Harold.

155 3809 121 53 The
323 3807 137 55 fifth
509 3811 132 63 god,
686 3811 77 63 by
809 3811 228 53 Harold
1085 3811 302 63 Kingsley.
1462 3812 261 62 London,
1773 3811 230 63 Selwyn
2051 3816 47 49 &

86 3887 233 66 Blount,
349 3887 105 53 ltd.
494 3890 173 65 [1928]

153 3970 26 40 2
208 3981 42 38 p.
314 4002 9 16 l.,
351 3970 102 50 301,
486 3972 54 49 [1]
573 3982 43 38 p.
676 3971 118 43 19ᶜᵐ.

94 4022 2000 57 © 1c. May 3, 1928; A ad int. 11005; pubd. Mar. 6; H. Kingsley, London.
175 4083 281 49 (28-12552)
