2498 4384
1112 4096 100 50 715

154 527 56 46 to
238 521 94 52 the
359 521 108 52 end
497 519 65 53 of
587 519 95 52 the
712 517 230 70 regular
969 516 210 53 session
1207 514 64 54 of
1300 517 150 50 1928.
1513 513 135 52 20th
1677 513 104 66 ed.,
1805 513 75 67 by
1907 513 155 54 John
2091 513 65 51 T.

152 591 1981 154 Fitzpatrick … Albany, N. Y., M. Bender &, company, incorporated, 1928.
220 752 1262 55 1 p. l., v-xlviii p., 1 l. , [1225] p. 23 ᶜᵐ. $9.00
222 819 61 38 At
307 817 121 40 head
452 816 52 40 of
525 816 107 39 title
652 827 7 28 :
695 814 231 41 Bender’s
948 813 198 41 edition.

221 874 209 44 Various
454 873 216 48 paging.

162 926 52 53 ©
244 932 75 38 May
387 932 38 44 7,
456 929 113 40 1928;
629 929 66 39 2c.
724 928 96 39 and
850 927 81 40 aff.
963 928 111 45 May
1106 925 52 42 8:
1190 925 39 38 A
1260 925 230 46 1077144;
1524 925 237 38 Matthew
1791 924 190 38 Bender
2011 923 36 40 &
2077 934 83 36 co.,

230 987 77 40 inc.
391 985 282 48 (28-12529)

157 1082 145 51 New
340 1081 163 51 York
544 1080 307 67 analytical
893 1097 121 33 case
1055 1077 198 52 finder.
1332 1075 392 68 Supplement.
1801 1075 138 52 New
1980 1074 180 65 York,

226 1158 308 55 American
564 1158 109 51 law
702 1157 146 52 book
878 1173 300 51 company,
1210 1157 150 50 1928.

229 1239 434 49 l p. l., 30 p. 24 ᶜᵐ.
162 1292 52 53 ©
245 1298 77 38 May
390 1297 70 42 21,
491 1295 115 40 1928;
666 1296 68 39 2c.
765 1296 95 38 and
892 1294 80 43 aff.
1007 1295 113 46 May
1150 1293 57 38 22;
1268 1294 41 37 A
1340 1292 201 41 1077401;
1606 1293 146 38 Amer.
1798 1293 95 39 law
1925 1292 123 39 book
2078 1302 83 37 co.,

230 1354 262 46 Brooklyn,
522 1353 57 40 N.
607 1353 55 39 Y.

155 1448 261 61 Nielsen,
446 1447 271 52 Kristian
748 1446 173 62 Emil,
954 1447 169 51 1879-

224 1528 112 51 Det
381 1532 150 47 store
573 1526 272 67 problem.
940 1525 132 51 Kan
1117 1523 212 53 tanken
1373 1542 90 36 om
1507 1522 131 55 Gud
1683 1543 122 33 soin
1847 1542 68 34 en
1958 1524 203 68 kærlig

155 1605 166 54 fader
364 1604 239 69 forliges
643 1604 125 52 med
815 1603 333 67 erfaringen
1193 1601 64 53 af
1302 1602 81 52 alt
1425 1602 96 53 det
1562 1602 145 53 onde
1748 1621 74 50 og
1862 1602 299 69 sørgelige,

155 1684 100 53 der
293 1684 130 53 sker
463 1684 17 52 i
523 1682 242 53 verden?
844 1682 379 65 København,
1265 1680 347 69 Gyldendal,
1653 1681 255 52 Nordisk
1952 1680 210 70 forlag,
158 1763 147 52 1927.

224 1846 83 39 163
337 1856 44 37 p.
441 1844 116 41 20ᶜᵐ.

224 1903 64 40 At
314 1903 127 40 head
469 1901 52 42 of
547 1901 109 41 title
674 1912 9 29 :
713 1901 60 41 K.
801 1901 55 42 E.
883 1900 212 41 Nielsen.

226 1960 209 48 “Oplag:
468 1959 114 40 1250
611 1957 371 49 eksemplarer.”

163 2012 1986 107 © Dec. 7, 1927; 1c. Jan. 28, 1928; A—Foreign 37225; Gyldendalske boghandel, Nordisk forlag. (28-13011)
155 2168 200 63 Paine,
382 2167 278 63 Thomas,
692 2167 325 52 1737-1809.

228 2246 278 55 Common
542 2264 174 49 sense,
750 2246 77 68 by
863 2245 249 53 Thomas
1149 2245 201 67 Paine,
1387 2245 137 52 with
1567 2264 30 33 a
1637 2244 231 69 preface
1905 2245 77 68 by
158 2245 1980 132 William
330 2325 76 53 M.
446 2325 131 54 Van
614 2324 100 52 der
747 2324 233 69 Weyde.
1053 2323 139 53 New
1231 2323 182 69 York,
1448 2324 342 70 Rimington
1827 2326 45 50 &
1908 2324 256 69 Hooper,
159 2406 150 51 1928.

329 2484 1611 50 xxv, 129 p., 1 l. front., illus. (incl. facsims.) pl., ports. 22ᶜᵐ.
228 2544 129 38 “The
393 2542 132 47 holly
560 2541 223 48 editions,
820 2541 131 41 issue
987 2542 204 39 number
1227 2541 153 41 three.
1445 2543 118 39 This
1601 2543 40 40 is
1679 2543 203 39 number
1919 2544 55 38 50
2012 2543 52 40 of
2101 2555 60 27 an

157 2600 184 41 edition
374 2599 52 41 of
458 2598 88 41 376
577 2599 159 48 copies
771 2600 126 47 only,
932 2598 52 41 of
1017 2599 157 40 which
1210 2599 161 48 copies
1406 2600 229 40 numbers
1669 2599 59 40 26
1763 2603 46 37 to
1844 2600 85 40 376
1964 2611 84 29 are
2085 2600 79 40 for

155 2656 145 42 sale.”

230 2713 132 40 First
392 2712 198 48 edition,
622 2712 356 49 Philadelphia,
1009 2712 129 42 1776.

230 2769 283 49 “Appendix
544 2773 48 37 to
626 2769 243 41 ‘Common
899 2769 197 41 sense’”
1115 2781 9 28 :
1156 2781 44 37 p.
1230 2769 178 41 97-116;
1469 2770 216 48 “Epistle
1717 2773 48 37 to
1799 2771 234 47 Quakers.
2096 2771 67 38 To

159 2828 80 40 the
266 2827 410 49 representatives
703 2826 52 40 of
779 2826 83 41 the
888 2826 231 48 religious
1147 2826 184 48 society
1359 2827 51 40 of
1437 2827 82 41 the
1547 2828 167 47 people
1743 2828 154 39 called
1928 2827 234 47 Quakers.

160 2896 52 29 or
247 2890 48 36 to
330 2895 51 29 so
418 2894 145 38 many
599 2884 51 40 of
685 2883 130 41 them
854 2895 53 29 as
944 2894 126 32 were
1107 2885 266 39 concerned
1411 2884 48 39 in
1496 2884 282 48 publishing
1815 2895 24 28 a
1934 2888 44 36 late
2016 2885 133 47 piece

157 2942 204 40 entitled
409 2942 116 39 ‘The
569 2941 193 41 ancient
808 2941 263 47 testimony
1116 2942 97 39 and
1259 2941 263 48 principles
1569 2941 51 41 of
1666 2941 82 41 the
1794 2943 167 47 people
2007 2943 154 38 called

159 2998 221 48 Quakers
410 2999 236 47 renewed,
677 2998 120 40 with
827 3000 187 46 respect
1045 3000 49 38 to
1125 2998 81 40 the
1237 2999 117 47 king
1385 2999 96 39 and
1511 3000 329 45 government,
1872 3000 95 38 and
158 2999 1987 105 touching
273 3055 82 41 the
387 3056 316 40 commotions
737 3066 107 30 now
877 3055 274 48 prevailing
1184 3055 51 39 in
1268 3055 136 41 these
1438 3056 96 39 and
1569 3056 139 40 other
1743 3057 137 46 parts
1915 3055 49 40 of
159 3056 1987 96 America’
331 3112 23 16 …”
374 3124 9 28 :
414 3124 44 37 p.
486 3111 216 43 117-129.

165 3165 51 51 ©
244 3169 113 47 Apr.
385 3169 70 46 18,
484 3168 139 42 1928:
656 3168 66 40 2c.
752 3170 95 38 and
876 3166 82 43 aff.
987 3168 113 48 Apr.
1131 3168 82 43 23;
1246 3169 40 38 A
1316 3167 231 49 1074080;
1578 3167 283 48 Rimington
1891 3168 36 40 &
1956 3169 209 47 Hooper.

243 3225 282 48 (28-11823)

159 3321 261 63 Patrick,
455 3321 210 52 Diana.

230 3399 102 55 See
361 3418 97 50 my
486 3400 234 68 shining
750 3401 213 66 palace,
991 3401 75 68 by
1096 3399 192 53 Diana
1321 3399 254 53 Patrick.
1651 3400 260 68 London,
158 3400 1979 130 Hutchinson
351 3481 43 49 &
422 3497 98 47 co.,
549 3479 103 51 ltd.
689 3481 171 64 [1928]

229 3560 567 48 5 p. l., 15-288 p. 19½ ᶜᵐ.
167 3611 1999 55 © 1c. May 19, 1928: A ad int. 11094; pubd. Mar. 23; Desemea Wilson,
254 3707 8 7 i.
296 3685 37 29 e.
365 3675 116 41 Mrs.
513 3675 164 45 Harry
709 3675 42 43 J.
786 3675 198 47 Wilson,
1019 3675 327 48 Wallingford
1380 3686 58 28 on
1473 3675 224 47 Thames,
1733 3675 277 46 Berkshire,
234 3676 1917 94 England.
435 3731 281 47 (28-13495)

157 3811 251 62 Peattie,
440 3814 136 51 Mrs.
607 3813 213 53 Louise
858 3813 321 64 (Redfield)

229 3891 229 67 Dagny,
500 3892 76 66 by
615 3892 207 53 Louise
862 3891 259 54 Redfield
1166 3893 241 52 Peattie.
1492 3892 233 55 Garden
1768 3892 153 70 City,
1963 3893 67 51 N.
2076 3893 89 60 Y.,

159 3969 356 68 Doubleday,
546 3970 197 53 Doran
774 3972 46 51 &
849 3990 299 50 company,
1178 3972 127 67 inc.,
1337 3974 150 51 1928.
