2498 4384
1236 4019 133 50 1298

296 451 168 53 Mott.
541 451 231 55 Garden
820 450 154 72 City,
1020 454 68 51 N.
1136 454 91 66 Y.,
1272 454 358 69 Doubleday,
1676 456 199 52 Doran
1920 458 46 50 &
2009 475 300 51 company,

295 530 128 66 inc.,
457 533 150 49 1928.

366 612 65 48 ix,
460 613 84 40 117
570 624 43 36 p.
703 612 117 42 19½ᶜᵐ.

367 685 77 39 An
478 687 205 38 account
717 685 51 39 of
802 686 80 39 the
918 685 285 40 conference
1241 686 51 38 of
1327 686 82 40 the
1446 685 357 41 International
1842 687 293 47 missionary
297 698 1995 84 council

391 741 157 40 which
584 744 97 38 met
716 753 59 28 on
811 743 82 39 the
927 743 171 39 Mount
1130 741 52 40 of
1214 741 165 41 Olives
1411 744 52 38 at
1497 743 177 40 Easter
1706 743 129 47 time,
1869 743 129 41 1928.

304 810 2005 54 © July 6, 1928; 2c. and aff. Aug. 31; A 1053111; Doubleday, Doran &
371 882 82 37 co.,
485 871 91 40 inc.
647 871 282 49 (28-20781)

299 965 259 62 Meader,
594 965 262 63 Stephen
890 966 268 60 Warren,
1196 969 172 50 1898-

370 1044 398 69 Longshanks,
797 1044 75 69 by
906 1043 253 68 Stephen
1188 1044 92 54 W.
1310 1044 253 67 Meader,
1594 1044 327 53 illustrated
1949 1045 76 68 by
2056 1044 254 53 Edward

302 1121 2003 70 C. Caswell. New York, Harcourt, Brace and company [ ᶜ19 28 ]
367 1204 880 49 4 p. l., 243 p. front., plates. 19½ ᶜᵐ.
303 1258 51 52 ©
386 1262 120 48 Aug.
536 1262 70 41 30,
638 1262 117 40 1928;
811 1262 68 40 2c.
913 1262 129 48 Sept.
1071 1263 54 45 4;
1158 1261 85 41 aff.
1277 1261 128 49 Sept.
1437 1262 51 46 1;
1521 1263 41 38 A
1593 1262 230 46 1053152;
1858 1262 263 46 Harcourt,
2155 1262 154 41 Brace

371 1319 36 40 &
438 1330 81 36 co.,
551 1319 91 40 inc.
713 1318 282 50 (28-20763)

304 1413 363 69 [Merriman,
699 1414 138 52 Mrs.
871 1413 144 51 Effie
1056 1412 410 64 (Woodward)]
1533 1413 171 53 1857-

366 1489 1945 70 Rejuvenated, by Mrs. James C. Fifield … Minneapolis,
293 1568 1204 69 Minn., The Midwest company, ᶜ19 28.
364 1652 550 49 1 p. l., 5-294 p. 20½ ᶜᵐ.
302 1705 52 52 ©
380 1709 122 48 Aug.
526 1709 70 47 24,
624 1708 141 46 1928;
793 1709 68 39 2c.
888 1708 120 48 Aug.
1033 1708 54 40 31;
1145 1708 83 41 aff.
1259 1708 128 48 Sept.
1415 1709 19 37 1;
1497 1708 40 39 A
1564 1708 198 40 1054061;
1828 1709 226 40 Midwest
2081 1720 68 30 co.

379 1765 283 49 (28-20916)

297 1859 235 64 Michie,
575 1859 260 53 Thomas
875 1859 285 63 Johnson,
1204 1861 84 52 ed.

370 1938 122 52 The
526 1938 397 67 encyclopedic
956 1938 187 68 digest
1175 1937 66 53 of
1272 1937 271 68 Virginia
1579 1938 113 52 and
1725 1938 161 54 West
1917 1938 274 69 Virginia
298 1957 1988 126 reports.
556 2019 133 50 1928

728 2016 380 67 supplement,
1147 2016 174 66 being
1360 2034 32 33 a
1431 2016 276 66 complete
1749 2016 403 68 encyclopedia
2195 2017 114 52 and

301 2094 186 68 digest
525 2093 64 53 of
626 2094 77 52 all
740 2094 95 53 the
872 2094 271 67 Virginia
1184 2094 113 51 and
1336 2092 162 54 West
1532 2093 273 69 Virginia
1843 2113 126 34 case
2004 2094 111 52 law
2157 2093 152 54 from

300 2172 224 53 volume
551 2176 98 48 145
673 2177 58 46 to
757 2172 223 52 volume
1008 2171 115 65 147,
1147 2171 270 67 Virginia
1448 2177 239 62 reports,
1711 2172 136 52 both
1876 2172 294 68 inclusive,
2196 2174 113 52 and

301 2249 153 53 from
489 2250 225 53 volume
751 2252 98 49 102
883 2255 58 47 to
977 2250 223 51 volume
1240 2252 116 64 104,
1390 2249 163 55 West
1584 2250 274 69 Virginia
1895 2256 241 62 reports,
2170 2251 139 52 both

299 2328 292 53 inclusive.
653 2328 201 53 Under
878 2327 95 52 the
1000 2327 268 53 editorial
1294 2328 360 68 supervision
1681 2327 63 54 of
1770 2327 250 54 Thomas
2047 2329 262 53 Johnson

298 2408 233 65 Michie,
559 2407 234 52 assisted
825 2407 75 67 by
930 2406 209 52 Beirne
1170 2405 277 55 Stedman
1476 2407 113 52 and
1619 2407 71 52 A.
1721 2408 67 51 R.
1821 2407 239 53 Yellott.
299 2407 1985 145 Charlottesville,

654 2485 126 67 Va.,
811 2485 121 51 The
963 2483 212 53 Michie
1208 2502 300 50 company,
1543 2488 150 50 1928.

368 2566 619 50 viii p., 1 l., 792 p. 24½ᶜᵐ.
302 2621 51 52 ©
387 2625 129 48 Sept.
546 2624 69 47 18,
645 2623 141 46 1928;
818 2623 68 41 2c.
917 2625 95 39 and
1043 2622 83 41 aff.
1158 2623 129 48 Sept.
1317 2623 55 40 20;
1432 2624 40 39 A
1503 2624 230 47 1053404;
1767 2623 178 41 Michie
1975 2635 68 29 co.

297 2719 211 63 Miller,
538 2718 268 52 Bernard
835 2717 273 63 Vincent,
1140 2718 172 54 1873-

365 2795 1882 71 The fall of man and original sin, by the Rev. B. V. Miller …
296 2875 391 53 introduction
717 2873 75 69 by
822 2873 223 69 George
1076 2873 70 53 N.
1179 2873 258 55 Shuster.
1512 2874 140 52 New
1684 2874 181 68 York,
1897 2875 122 53 The
295 2874 1989 132 Macmillan

422 2971 299 50 company,
754 2954 151 50 1928.

364 3034 1854 50 ix, 85 p. 17½ ᶜᵐ. (Half-title: The treasury of the faith series: 10)
302 3089 51 52 ©
385 3093 130 48 Sept.
542 3094 41 45 4,
614 3092 116 40 1928;
785 3092 68 39 2c.
883 3092 96 39 and
1008 3090 82 42 aff.
1123 3091 130 47 Sept.
1283 3091 52 46 5;
1367 3091 41 39 A
1437 3091 231 47 1054075;
1703 3092 281 40 Macmillan
2017 3103 68 29 co.

379 3148 282 50 (28-20851)

299 3245 228 61 Moura,
560 3243 167 53 Jean.

430 3318 1877 81 … La mariée noire. Paris, Éditions de La vraie France,
300 3409 151 50 1928.

369 3485 1929 61 246 p. 19 ᶜᵐ. (On cover: Éditions de La vraie France. S ⁱᵉ c, n° 51)
300 3550 2004 52 © Jan. 23, 1928; 1c. Mar. 23; A— Foreign 38248; Simone Louvet, Paris.
381 3610 283 48 (28-20596)

301 3704 231 60 Munro,
564 3704 170 50 Dana
766 3701 294 64 Carleton,
1096 3706 172 50 1866-

428 3779 1817 69 … The middle ages, 395-1500, by Dana Carleton Munro …
296 3858 1986 148 and Raymond James Sontag … Rev. ed. New York, London, The Centtiry co. [ᶜ19 28]
