2498 4384
1105 4095 136 56 1875

249 517 284 41 “Rendered
566 516 128 41 from
731 517 82 39 the
848 515 211 41 German
1092 514 62 47 by
1189 512 124 41 Jean
1351 511 141 41 Starr
177 508 1982 107 Untermeyer.”—Publisher’s
296 575 401 39 announcement.

173 628 52 52 ©
251 633 118 40 Nov.
395 632 69 46 17,
491 630 141 47 1928;
659 630 68 41 2c.
753 632 96 39 and
875 628 83 42 aff.
984 629 119 39 Nov.
1128 627 55 39 22;
1240 626 42 40 A
1307 625 140 47 1857;
1478 625 154 48 Dodd,
1661 625 143 40 Mead
1831 623 37 41 &
1893 634 83 32 co:,
2003 623 93 40 inc.

250 687 282 50 (28-29516)

167 782 240 64 Birney,
447 780 302 64 Hoffman,
791 784 172 51 1891-

169 852 1984 153 Steeldust, the story of a horse, by Hoffman Birney … Philadelphia,
491 933 1212 70 The Penn publishing company [ ᶜ1 928]
238 1019 86 40 264
354 1030 44 38 p.
459 1020 86 39 col.
575 1018 165 47 front.,
772 1017 143 46 illus.,
947 1017 173 48 plates.
1179 1016 60 40 19½ᶜᵐ.

173 1073 52 52 ©
250 1077 119 39 Nov.
397 1077 39 46 1,
463 1075 141 47 1928;
633 1075 67 40 2c.
728 1073 96 41 and
850 1073 83 41 aff.
961 1074 118 39 Nov.
1106 1072 83 48 26;
1219 1072 43 40 A
1288 1071 111 48 835;
1430 1072 133 39 Penn
1591 1072 111 47 pub.
1729 1081 71 30 co.

250 1132 281 50 (28-29071)

168 1225 349 65 Bosschère,
547 1225 148 54 Jean
728 1225 88 64 de,
851 1224 172 55 1878-

238 1304 232 52 Marthe
502 1304 113 51 and
648 1303 96 52 the
776 1302 287 67 madman,
1095 1302 76 68 by
1204 1302 147 52 Jean
1385 1302 68 52 de
1487 1300 327 67 Bosschère,
1847 1298 137 53 with
168 1298 1989 137 illustrations

445 1381 74 68 by
553 1381 96 52 the
682 1380 235 66 author;
953 1380 320 53 translated
1307 1379 153 52 from
1492 1380 97 51 the
1619 1378 224 53 French
1875 1377 76 68 by
1982 1376 199 53 Pierre

168 1459 244 69 Loving.
487 1459 139 52 New
661 1457 181 68 York,
876 1456 215 68 Covici,
1126 1458 226 65 Friede,
1388 1459 148 49 1928.

238 1541 1023 48 3 p. l. , 3-265 p., 1 l. incl. plates. 21 ᶜᵐ.
172 1595 52 52 ©
253 1600 118 40 Nov.
399 1599 70 42 21,
498 1598 141 47 1928;
669 1598 67 40 2c.
765 1598 118 40 Nov.
912 1597 82 47 30;
1025 1596 83 42 aff.
1138 1597 113 40 Dec.
1280 1598 52 45 1;
1363 1596 42 39 A
1433 1596 85 40 907;
1579 1596 177 48 Covici,
1789 1595 185 48 Friede,
2006 1596 93 40 inc.

249 1654 282 50 (28-29429)

168 1749 328 65 Burkhart,
528 1749 245 63 Harvey
803 1748 200 65 Jacob,
1040 1753 173 50 1861-

241 1825 1879 70 Care of the mouth and teeth, by Harvey J. Burkhart …
168 1905 141 54 New
340 1905 165 53 York
534 1905 114 52 and
676 1904 261 68 London,
966 1904 171 52 Funk
1164 1906 46 50 &
1237 1904 303 69 Wagnalls
1567 1922 300 51 company,
1898 1907 150 50 1928.

239 1986 1942 51 iv, 45 p. illus., plates. 15½ ᶜᵐ. (The National health series, ed. by
168 2046 83 39 the
283 2044 234 41 National
550 2045 169 40 health
752 2043 213 47 council)

172 2098 52 52 ©
255 2102 103 41 Oct.
387 2102 70 47 31,
488 2101 140 47 1928;
660 2101 68 41 2c.
758 2101 97 40 and
884 2100 82 41 aff.
996 2100 119 41 Nov.
1145 2099 82 48 26;
1261 2100 42 39 A
1332 2098 111 48 826;
1478 2100 142 39 Funk
1650 2100 37 40 &
1716 2100 256 48 Wagnalls
2000 2110 70 31 co.

250 2158 283 48 (28-29431)

169 2251 373 65 Burroughs,
572 2252 203 64 Edgar
804 2250 160 65 Rice,
998 2251 172 55 1875-

238 2329 1915 71 Tarz á n y el león de oro, novela por Edgar Rice Burroughs;
167 2408 2016 70 traducci ó n de Emilio M. Martínez Amador. Barcelona, G.
168 2486 140 69 Gili,
341 2490 152 50 1928.

239 2569 1623 50 2 p. l. , 310, [1] p. 19½ᶜᵐ. (His Aventuras de Tarz á n. 9)
172 2623 52 54 ©
254 2627 114 50 Apr.
396 2628 71 49 20,
497 2627 143 42 1928:
700 2639 37 30 1c.
766 2628 117 48 July
911 2628 54 47 3;
996 2627 314 50 A—Foreign
1339 2627 112 49 106;
1485 2628 219 42 Gustavo
1736 2629 111 43 Gili.

251 2685 283 51 (28-29541)

171 2780 327 65 Chalmers,
542 2780 214 65 Barry.

242 2860 122 53 The
392 2860 128 69 Boy
545 2866 159 48 scout
730 2862 114 52 and
868 2860 89 54 his
982 2861 130 68 law,
1135 2860 76 70 by
1240 2861 192 71 Barry
1459 2860 315 57 Chalmers.
1835 2862 140 55 New
2002 2863 185 74 York,

168 2939 120 53 The
321 2937 337 55 Macmillan
692 2957 299 52 company,
1026 2941 152 51 1928.

240 3020 1207 51 xii p., 1 l., 174 p. front., illus., plates. 19½ᶜᵐ.
174 3073 52 52 ©
255 3078 118 39 Nov.
402 3077 71 47 20,
503 3077 116 41 1928;
676 3078 68 41 2c.
774 3079 95 39 and
899 3077 83 42 aff.
1012 3079 119 40 Nov.
1160 3079 55 38 21;
1276 3079 42 39 A
1347 3079 89 41 769;
1493 3081 284 40 Macmillan
1808 3092 67 32 co.

252 3134 282 48 (28-29141)

171 3228 194 65 Clark,
397 3228 236 54 Arthur
666 3229 93 65 H.,
791 3246 102 49 co.,
929 3231 326 55 Cleveland.

241 3306 121 52 The
390 3306 219 54 United
642 3305 191 57 States;
894 3327 32 33 a
956 3310 298 68 catalogue
1283 3309 65 53 of
1374 3309 177 54 books
1580 3312 251 69 relating
1857 3320 59 46 to
1945 3314 97 53 the
170 3314 1991 138 history

337 3382 66 54 of
439 3384 75 53 its
550 3384 230 53 various
817 3390 192 63 states,
1045 3387 255 53 counties
1337 3388 114 53 and
1488 3389 160 53 cities
1685 3391 113 52 and
1835 3392 319 54 territories

171 3463 286 67 arranged
491 3462 448 70 alphabetically
970 3463 77 70 by
1079 3469 192 63 states,
1306 3467 114 52 and
1451 3465 214 55 offered
1700 3467 95 53 for
1826 3470 116 52 sale
1975 3475 59 48 at
171 3490 1989 103 reasonable

436 3539 1748 80 prices … Cleveland, The Arthur H. Clark company
252 3621 100 50 [ ᶜ1 928]
241 3701 801 49 4 p. l. , 411, [1] p. front. 24½ᶜᵐ.
242 3757 270 49 Catalogue
546 3769 74 29 no.
656 3757 100 41 255.

241 3814 162 48 10,639
431 3814 184 41 entries;
674 3814 180 49 priced.

245 3870 1941 60 “Of this catalogue … 245 copies were specially printed on antique
171 3927 102 41 laid
301 3938 152 38 paper
481 3928 96 40 and
607 3928 160 40 bound
798 3927 50 40 in
878 3928 174 40 cloth.”

177 3978 52 55 ©
260 3983 102 43 Oct.
390 3984 70 49 19,
488 3984 115 43 1928;
660 3986 67 40 2c.
756 3986 96 40 and
881 3984 81 43 aff.
991 3986 120 41 Nov.
1140 3986 26 41 6;
1223 3986 43 40 A
1293 3988 115 40 1845;
1465 3989 189 42 Arthur
1683 3992 61 41 H.
1775 3992 149 43 Clark
1952 4006 54 29 co.

255 4042 282 49 (28-28995)
