2498 4384
1096 4118 138 51 2009

125 457 316 58 American
476 456 350 63 acceptance
862 449 242 64 council,
1135 451 141 53 New
1313 450 177 53 York.

193 537 258 54 Bankers
485 537 387 64 acceptances;
912 530 224 52 volume
1169 529 114 52 and
1317 532 152 48 rates
1500 527 59 52 in
1592 527 96 52 the
1722 526 263 53 discount
2019 525 114 53 and

124 634 201 50 money
379 613 266 53 markets.
739 611 139 52 New
933 608 180 67 York,
1164 607 71 52 N.
1291 606 91 67 Y.,
1436 605 308 53 American
1801 609 333 63 acceptance

123 693 219 55 council
378 726 13 34 [
396 699 19 21 c
421 694 151 64 1928]

194 767 1011 59 43, [1] p. incl. facsim., diagrs. 30 ½ᶜᵐ .
131 832 52 53 ©
218 836 99 39 Dec
362 834 71 48 14,
467 831 115 41 1928;
643 830 68 41 2c.
744 830 114 41 Dec.
891 829 57 40 17;
1012 827 82 41 aff.
1128 826 115 41 Dec.
1276 826 56 40 15;
1395 825 42 40 A
1469 824 115 42 3222;
1650 825 159 41 Amer,
1845 826 290 46 acceptance

199 890 201 42 council.
472 887 282 51 (28-30865)

133 985 264 72 [Barker,
432 982 271 55 Leonard
739 980 167 67 Noel]
950 984 153 51 1882-

130 1054 1986 156 Wings of fate, by L. Noel [pseud.] … New York, The Curtiss press [ᶜ1928]
237 1257 9 14 v,
276 1225 86 40 300
391 1234 45 38 p.
496 1221 117 42 20ᶜᵐ.

135 1279 52 53 ©
214 1284 113 39 Dec.
354 1282 40 46 1,
422 1280 116 41 1928;
594 1280 68 40 2c.
690 1280 95 39 and
814 1277 82 41 aff.
923 1277 113 41 Dec.
1064 1275 54 41 15;
1175 1276 41 40 A
1244 1276 115 40 2342;
1419 1275 192 41 Curtiss
1638 1286 151 38 press.
212 1338 284 51 (28-30770)

132 1433 282 63 Bartlett,
452 1432 163 53 Alice
651 1431 188 54 Hunt.

204 1506 1878 70 Caesar—the undefeated; poetic drama … Limited ed. …
140 1591 156 68 [New
327 1589 183 67 York,
541 1587 220 70 Jeffrey
790 1587 267 69 printing
1085 1605 99 49 co.,
1216 1589 154 64 1928]

203 1674 56 39 64
290 1684 44 37 p.
393 1672 165 47 front.,
592 1671 130 41 illus.
783 1670 118 43 27ᶜᵐ.

139 1726 52 53 ©
221 1730 129 48 Sept.
377 1728 72 48 26,
476 1728 117 41 1928;
650 1727 68 41 2c.
747 1729 95 39 and
872 1726 84 42 aff.
987 1727 130 48 Sept.
1144 1727 57 40 27;
1260 1726 41 40 A
1329 1726 205 41 1053743;
1591 1726 55 41 A.
1676 1726 61 41 H.
1767 1726 231 41 Bartlett.
2028 1726 119 41 New

206 1787 146 41 York.

135 1879 257 64 Barzini,
430 1879 264 54 Mantica
737 1878 394 65 (Pesavento)
1176 1883 175 50 1882-

270 1955 1879 70 … La casa del mago, fiabe; illustrazioni di D. Tofani.
137 2035 257 60 Firenze,
427 2036 69 53 R.
531 2035 329 68 Bemporad
894 2037 45 51 &
971 2034 160 68 figlio
1170 2036 174 66 [1928]

206 2121 86 40 242
328 2132 58 37 p.,
424 2121 23 38 1
507 2151 8 8 l.
575 2118 145 45 illus.,
757 2119 174 48 plates.
990 2118 148 41 22½cm.

208 2178 64 40 At
299 2178 126 39 head
456 2176 51 41 of
533 2176 110 41 title:
702 2175 218 41 Mantica
949 2174 216 42 Barzini.

211 2235 71 39 “II
312 2232 176 50 doppio
517 2234 126 40 delle
670 2232 137 42 cose”
836 2241 103 31 was
968 2232 104 40 also
1099 2230 258 49 published
1386 2233 280 47 separately
1693 2232 50 39 in
1772 2232 131 41 1923.

552 2291 41 38 CONTENTS.—II
626 2289 175 49 doppio
833 2290 124 40 delle
988 2288 352 44 cose.—Maghi
1373 2288 50 39 in
1453 2288 266 48 pantofole.

144 2343 1848 54 © Mar. 10, 1928; 1c. July 28; A—Foreign 267; R. Bemporad & f°.
223 2404 283 51 (28-30789)

139 2498 297 65 Benkard,
479 2499 205 63 Ernst,
731 2502 172 50 1883-

279 2575 1880 70 … Das ewigê antlitz; eine Sammlung von totenmasken mit
148 2655 180 53 einem
359 2654 321 69 geleitwort
709 2672 112 35 von
853 2653 193 71 Georg
1076 2654 203 53 Kolbe.
1356 2653 220 69 Berlin,
1609 2654 393 55 Frankfurter
147 2675 1987 128 verlags-anstalt,
567 2732 152 55 1927.

221 2814 1183 50 xlii, [1] p., 1 l., 73, [2] p. VI, 112 pl. 24 ½ᶜᵐ .
150 2869 1995 109 © Nov. 5, 1926; 1c. May 6, 1927; A —Foreign 39203; Frankfurter verlags-anstalt a. g. (28-30685)
145 3022 183 54 Bible.
403 3023 264 69 English.

148 3099 1990 132 … The Holy Bible, containing the Old and New Testaments
361 3178 310 69 according
699 3183 57 47 to
787 3178 96 54 the
911 3178 336 54 authorized
1277 3198 64 34 or
1371 3179 164 71 King
1563 3180 215 55 James’
1806 3183 244 58 version,
150 3190 1989 132 together
386 3256 142 53 with

569 3255 391 69 frontispiece,
999 3257 392 68 presentation
1430 3277 147 51 page
1617 3260 112 53 and
1767 3260 164 69 helps
1970 3267 59 48 to
2068 3263 96 54 the

150 3335 87 53 De
285 3335 199 69 Molay
533 3335 247 53 student.
856 3333 431 71 Philadelphia,
1335 3336 70 53 A.
1455 3336 56 55 J.
1560 3337 258 54 Holman
1866 3358 300 53 company,

173 3416 150 50 ᶜ1928.

223 3497 69 47 16,
326 3496 130 47 1164,
489 3495 84 40 121
607 3505 43 38 p.
709 3495 166 46 front.,
909 3498 138 46 port.,
1081 3506 152 38 maps.
1295 3497 117 41 19ᶜᵐ.

223 3553 64 41 At
316 3553 127 40 head
472 3552 52 41 of
552 3552 137 40 title:
722 3552 72 40 De
825 3552 164 47 Molay
1018 3552 200 41 edition.

225 3609 237 43 Contains
495 3609 104 40 also
632 3608 279 49 title-pages
945 3609 51 40 of
1029 3610 83 40 the
1144 3610 213 40 Holman
1392 3613 333 49 pronouncing
1755 3615 212 42 editions
2000 3628 26 28 of
2086 3619 83 40 the

156 3666 137 41 Bible
322 3666 97 40 and
449 3665 51 41 of
527 3665 84 40 the
638 3665 120 40 New
786 3665 298 42 Testament.

226 3722 160 42 “Four
422 3722 246 41 thousand
703 3721 252 49 questions
990 3723 96 39 and
1122 3733 219 31 answers
1376 3735 60 29 on
1472 3725 84 41 the
1592 3725 90 42 Old
1717 3729 94 39 and
1849 3729 118 40 New
155 3731 1991 96 Testaments,

359 3779 232 41 intended
625 3780 49 38 to
706 3789 120 37 open
859 3789 65 37 up
960 3779 79 40 the
1074 3778 278 50 Scriptures
1384 3780 81 41 for
1496 3782 83 40 the
1611 3793 87 31 use
1729 3784 53 41 of
1813 3787 226 42 students
2071 3790 98 40 and

158 3835 386 49 Sunday-school
571 3833 253 42 teachers”:
886 3834 85 40 121
1001 3845 44 37 p.
1075 3837 53 39 at
1157 3837 109 39 end.

162 3889 52 53 ©
250 3893 104 41 Oct.
386 3892 71 48 22,
491 3891 117 41 1928;
671 3891 67 41 2c.
774 3889 103 43 Oct.
911 3891 57 40 24;
1032 3891 83 42 aff.
1150 3892 120 42 Nov.
1305 3893 57 39 14:
1426 3893 44 40 A
1501 3894 116 42 2205:
1683 3897 55 40 A.
1773 3898 45 41 J.
1852 3900 215 42 Holman
2102 3913 68 31 co.

235 3945 69 56 [©
338 3949 200 42 articles
570 3948 205 41 entitled:
837 3949 102 40 The
972 3948 141 42 Bible
1143 3950 97 41 and
1273 3951 73 40 De
1381 3951 165 50 Molay;
1609 3953 343 46 Presentation;
231 3959 1928 89 Scriptural
395 4006 239 41 allusions
666 4007 96 39 and
792 4006 297 49 quotations,
1121 4009 89 39 etc.
1242 4008 62 47 by
1336 4008 167 41 Frank
1538 4009 45 43 S.
1617 4011 136 42 Land
1788 4016 95 39 and
1918 4015 167 41 Frank
2117 4018 56 41 A.

232 4064 256 49 Marshall]
557 4061 284 51 (28-30625)
