2498 4384
1065 4074 133 49 1815

113 436 281 62 Griscom,
429 434 174 52 Anna
637 433 263 61 Bassett,
936 449 177 50 comp.

181 516 179 51 Peace
395 512 314 66 crusaders,
746 510 340 52 adventures
1124 509 58 51 in
1220 507 301 70 goodwill;
1563 526 30 33 a
1629 506 150 54 book
1814 504 64 54 of
114 504 1976 141 recitations

295 590 93 52 for
422 590 277 64 children,
733 588 749 66 stories—poems—essays,
1516 584 282 68 compiled
1832 583 77 68 by
1943 582 169 53 Anna

115 672 224 50 Bassett
373 667 262 55 Griscom
668 665 95 53 for
795 666 95 52 the
924 664 307 53 American
1268 663 245 52 Friends
1549 661 211 54 service
1796 659 321 55 committee

174 740 1944 73 … Philadelphia and London, J. B. Lippincott company, 1928.
182 824 1221 53 7 p. l., 17-191 p. col. front., illus., pl. 20ᶜᵐ.
117 897 51 52 ©
200 900 102 40 Oct.
331 899 39 40 3.
402 898 115 39 1928;
574 897 68 41 2c.
673 897 96 38 and
799 895 83 41 aff.
913 896 118 40 Nov.
1064 896 26 39 8:
1151 895 40 38 A
1221 894 85 39 533;
1368 894 159 39 Amer,
1558 892 192 40 friends
1781 891 186 40 service
185 901 1917 95 committee.

397 953 357 48 Philadelphia.
824 951 282 50 (28-27863)

111 1050 283 61 Harman,
430 1046 156 54 John
620 1046 275 63 William,
932 1049 172 50 1869-
1321 1045 84 53 ed.

183 1124 556 54 Harman-Harmon
774 1123 315 70 genealogy
1123 1123 113 52 and
1269 1121 345 69 biography,
1649 1120 139 52 with
1823 1118 293 54 historical

116 1209 176 60 notes,
324 1205 63 49 19
455 1246 8 8 B.
530 1245 9 9 C.
570 1208 59 45 to
660 1204 133 49 1928
865 1244 9 9 A.
944 1242 28 24 D.,
1001 1200 284 67 compiled
1317 1200 113 51 and
1462 1198 189 53 edited
1682 1198 76 69 by
1789 1198 157 53 John

118 1196 1977 149 William Harman … Parsons, W. Va., 1928.
185 1359 868 50 465, vi p. front., pl., ports. 23½ ᶜᵐ.
120 1428 1987 109 © Nov. 7, 1928; 2c. Nov. 10: aff. Nov. 9; A 1603; J. W. Harman, Parsons,
345 1490 72 39 W.
450 1489 85 40 Va.
605 1487 282 49 (28-28396)

112 1584 190 63 Helm,
333 1581 351 55 Katherine.

189 1661 121 52 The
349 1666 127 47 true
516 1665 159 63 story
715 1658 65 54 of
819 1659 188 68 Mary,
1049 1657 136 54 wife
1227 1658 66 52 of
1331 1658 273 65 Lincoln;
1649 1657 336 70 containing
2027 1658 97 52 the

119 1738 388 53 recollections
539 1736 64 54 of
631 1737 173 69 Mary
835 1736 289 54 Lincoln’s
1158 1737 166 52 sister
1358 1736 211 53 Emilie
1614 1735 167 69 (Mrs.
1815 1736 123 53 Ben
121 1736 1981 133 Hardin

254 1814 233 70 Helm),
523 1819 247 48 extracts
808 1814 153 53 from
995 1814 102 53 her
1135 1814 283 53 war-time
1458 1814 185 69 diary,
1679 1832 306 35 numerous
120 1814 1983 133 letters

275 1894 112 52 and
429 1894 164 52 other
634 1893 330 52 documents
1005 1910 129 35 now
1174 1892 127 53 first
1344 1892 306 68 published
1692 1892 75 69 by
1809 1893 101 52 her
1953 1892 174 67 niece,

120 1970 1982 146 Katherine Helm … New York and London, Harper & brothers, 1928.
192 2128 1938 51 6 p. l., 309, [1] p. front., illus. (coat of arms) plates, ports., facsims.
125 2188 54 39 24½ᶜᵐ.

125 2241 51 52 ©
212 2245 118 40 Nov.
365 2245 70 47 14,
473 2244 114 40 1928;
651 2244 68 41 2c.
756 2244 119 40 Nov.
912 2245 55 38 14;
1033 2243 83 41 aff.
1152 2244 120 41 Nov.
1310 2244 57 40 16;
1432 2245 41 38 A
1509 2244 85 40 642;
1661 2244 275 41 Katherine
1971 2246 159 47 Helm,

194 2302 285 47 Lexington,
509 2302 91 47 Ky.
667 2300 282 50 (28-28395)

120 2397 323 63 Holloway,
472 2395 256 55 William
758 2396 222 64 James,
1015 2397 171 53 1873-

131 2473 2001 150 Participation in curriculum making as a means of supervision of rural schools, by William J. Holloway … New
130 2630 164 52 York
328 2629 135 69 city,
500 2630 280 52 Teachers
815 2629 230 68 college,
1086 2628 301 56 Columbia
1425 2631 339 70 university,
1805 2635 150 50 1928.

200 2710 1936 51 3 p. l., 54 p. incl. tables, form. 23½ ᶜᵐ. (Teachers college, Columbia
132 2768 286 47 university.
477 2767 368 41 Contributions
876 2770 49 37 to
957 2767 274 44 education,
1263 2779 76 30 no.
1369 2768 112 46 301)

130 2822 51 52 ©
213 2826 102 40 Oct.
345 2826 70 46 23,
446 2825 117 40 1928;
618 2825 69 40 2c.
719 2825 102 40 Oct.
851 2825 57 39 27;
968 2824 82 42 aff.
1082 2825 103 41 Oct.
1216 2826 58 40 26;
1333 2827 41 38 A
1404 2827 59 40 308;
1551 2828 243 40 Teachers
1825 2829 193 47 college,
196 2829 1921 93 Columbia
409 2882 131 40 univ.
609 2882 281 48 (28-28347)

125 2979 121 52 The
275 2977 334 54 Humorist,
686 2997 51 34 v.
773 2981 80 59 13,
886 2997 89 33 no.
1008 2981 118 66 331,
1155 2979 134 53 Dec.
1323 2982 47 65 8,
1403 2982 150 50 1928.
1624 2978 321 57 Christmas
191 3000 1923 111 number.

133 3135 2004 55 © 1c. Dec. 8, 1928; A ad int. 12039; pubd. Dec. 1; George Newnes, ltd.,
201 3196 214 40 London.

127 3291 120 52 The
279 3289 323 53 Insurance
639 3291 110 51 law
784 3288 247 70 journal.
1119 3290 301 70 (Indexes)

264 3367 1875 69 … Ten year index to volumes LI-LXIX, 1918-1927. New
136 3444 178 69 York,
341 3445 64 52 L.
432 3445 72 52 A.
532 3445 190 68 Mack,
751 3448 150 50 1928.

204 3525 86 41 166
318 3537 42 37 p.
422 3526 147 40 24½ᶜᵐ.

207 3583 178 40 “Table
414 3582 51 41 of
492 3593 136 30 cases
658 3583 268 48 reported.”

138 3636 51 52 ©
219 3641 118 40 Nov.
367 3641 40 46 1,
438 3640 115 41 1928;
611 3641 67 39 2c.
709 3642 95 38 and
835 3640 82 42 aff.
946 3641 120 40 Nov.
1096 3641 28 40 6;
1181 3642 42 38 A
1252 3642 115 40 1522;
1427 3643 52 40 L.
1510 3643 278 41 Alexander
1820 3645 157 39 Mack.

216 3696 281 49 (28-28382)

132 3790 274 63 Jackson,
442 3790 180 54 Jacob
656 3791 200 64 Hugh.

205 3871 297 53 Teachers’
537 3870 110 69 key
684 3871 111 52 and
831 3873 233 51 manual
1100 3877 59 48 to
1195 3888 350 53 accompany
1582 3873 412 69 Bookkeeping
2032 3873 115 53 and

134 3947 253 55 business
422 3949 350 69 knowledge.
844 3949 161 55 First
1035 3969 137 50 year
1207 3967 212 52 course,
1453 3951 76 69 by
1564 3952 56 54 J.
1657 3951 183 71 Hugh
1875 3951 271 69 Jackson,
