2547 4432
1401 4094 68 52 36

410 446 276 64 Creager,
718 445 225 55 Harold
974 446 65 53 L.

482 523 336 70 Beginners’
856 523 247 54 Hebrew
1143 542 309 51 grammar,
1492 523 78 69 by
1608 524 140 52 Rev.
1788 522 229 54 Harold
2058 522 66 53 L.
2168 519 251 71 Creager

414 599 1979 147 … with the collaboration of Rev. Herbert C. Alleman … Boston,
553 679 140 52 New
720 679 165 52 York
934 684 121 62 [etc.]
1086 680 72 52 D.
1189 678 63 55 C.
1280 679 197 52 Heath
1504 679 113 53 and
1644 695 284 52 company
1960 676 194 69 [ᶜ1927]

482 771 45 36 X,
556 759 87 41 356
668 771 44 37 p.
771 760 149 42 20½ᶜᵐ.

416 812 52 52 ©
498 817 113 41 Dec.
639 817 70 48 30,
741 817 141 47 1927;
915 818 69 40 2c.
1014 818 111 40 Jan.
1155 817 39 48 6,
1225 816 142 48 1928;
1401 816 83 42 aff.
1516 817 111 42 Jan.
1657 817 52 48 5;
1743 817 42 40 A
1814 814 231 49 1001090;
2078 815 59 41 D.
2168 814 51 42 C.
2250 815 167 41 Heath

485 873 37 42 &
554 884 67 32 co.
692 873 253 51 (28-1867)

410 967 245 64 Crosby,
686 968 304 54 Laurence
1023 968 208 64 Alden,
1265 970 85 53 ed.

481 1044 231 56 Oxford
739 1045 67 53 of
832 1046 206 69 today;
1067 1064 32 35 a
1126 1047 235 53 manual
1389 1046 95 54 for
1510 1046 359 69 prospective
1894 1045 231 54 Rhodes
2151 1044 269 67 scholars,

412 1122 189 55 edited
628 1122 77 70 by
732 1123 293 54 Laurence
1051 1123 73 54 A.
1155 1123 239 70 Crosby,
1422 1124 200 53 Frank
1648 1124 330 70 Aydelotte,
2004 1122 157 54 Alan
2191 1121 63 56 C.

411 1121 1986 134 Valentine.
693 1203 141 52 New
866 1201 180 69 York,
1080 1201 231 56 Oxford
1344 1201 320 71 university
1695 1220 176 51 press,
1905 1201 153 54 1927.

482 1284 1339 51 xi, [1] p., 1 l., 305 p. front., plates, port. 19½ᶜᵐ.
484 1341 213 42 “Second
727 1341 231 42 edition.”

484 1398 69 40 “A
580 1399 149 40 select
757 1398 87 41 list
872 1399 53 40 of
953 1398 149 41 books
1129 1398 82 41 for
1239 1398 307 42 reference”:
1576 1410 44 37 p.
1652 1398 251 50 [281]-285.

417 1449 53 54 ©
506 1455 113 41 Dec.
652 1454 70 49 30,
757 1455 116 40 1927
890 1465 9 38 ;
935 1455 69 41 2c.
1038 1456 96 39 and
1169 1454 83 41 aff.
1287 1455 113 41 Jan.
1434 1454 70 49 10,
1540 1455 141 47 1928;
1719 1455 40 39 A
1794 1454 231 47 1018320;
2065 1453 189 42 Oxford
2323 1453 99 41 univ.

485 1522 150 38 press,
666 1511 161 42 Amer.
858 1512 199 41 branch.
1127 1511 254 50 (28-1854)

420 1603 225 69 [Daiell,
682 1605 246 64 Harvey
961 1604 49 54 L]
1360 1609 173 50 1899-

484 1682 161 56 First
676 1682 96 54 aid
806 1683 115 52 and
952 1682 244 54 medical
1227 1682 213 54 service
1474 1683 61 53 in
1567 1683 285 70 industry,
1886 1682 284 69 compiled
2205 1683 153 52 from
2392 1701 33 34 a

414 1778 223 51 survey.
712 1760 141 54 New
881 1759 359 70 Brunswick,
1267 1760 71 55 N.
1368 1761 76 68 J.,
1472 1761 262 54 Johnson
1761 1763 46 51 &
1834 1760 264 55 Johnson
2171 1763 153 64 [ᶜ1928]

485 1843 1352 51 3 p. l., [9]-134, [2] p. illus. (incl. forms) 23½ᶜᵐ.
488 1901 130 41 “The
646 1902 192 47 reports
867 1901 115 40 here
1012 1901 173 47 briefly
1215 1899 327 42 summarized
1572 1912 85 29 are
1687 1902 83 39 the
1800 1902 182 39 results
2011 1900 52 41 of
2092 1911 63 29 an
2184 1900 241 41 extended

416 1968 178 38 survey
619 1958 141 39 made
786 1957 64 48 by
876 1957 85 41 Dr.
988 1958 61 41 H.
1076 1957 52 41 L.
1155 1956 457 42 Daiell.”—Introd.

420 2007 53 54 ©
500 2014 112 41 Dec.
637 2014 70 47 27,
734 2013 142 47 1927;
905 2014 68 40 2c.
1000 2014 96 39 and
1123 2012 83 42 aff.
1233 2014 112 41 Jan.
1371 2013 70 48 13,
1468 2013 141 47 1928;
1639 2012 42 40 A
1707 2012 231 48 1061192;
1969 2012 219 41 Johnson
2216 2013 37 40 &
488 2012 1921 99 Johnson.
660 2069 252 50 (28-1850)

416 2165 205 62 Dame,
656 2163 237 54 Arthur
926 2163 178 65 Kent,
1141 2167 172 51 1860-

489 2244 123 53 The
650 2244 110 52 law
802 2242 66 54 of
908 2243 238 68 probate
1186 2243 113 53 and
1342 2243 470 53 administration
1853 2242 96 54 for
1988 2243 313 68 Nebraska,
418 2243 1986 149 including

692 2321 421 70 guardianship
1155 2322 113 53 and
1311 2321 279 69 adoption
1628 2320 64 55 of
1729 2321 279 68 children,
2046 2322 141 52 with
2229 2320 199 55 forms.

418 2399 2013 70 3d ed. By Arthur K. Dame … St. Louis, Thomas law book
419 2496 300 52 company,
743 2482 152 49 1928.

490 2561 1125 49 2 p. l., iii-xxvi, 922 p. incl. tables. 23½ᶜᵐ.
424 2615 52 53 ©
506 2620 110 40 Jan.
644 2620 40 46 9,
713 2619 119 41 1928
846 2630 9 36 ;
886 2620 69 40 2c.
984 2620 112 40 Jan.
1125 2619 82 47 11;
1240 2618 83 42 aff.
1354 2619 110 40 Jan.
1493 2619 82 47 12;
1608 2618 42 40 A
1678 2618 195 42 1018361
1901 2629 9 37 ;
1943 2618 55 42 A.
2028 2619 60 41 K.
2120 2619 166 47 Dame,
494 2619 1918 107 Fremont,

674 2677 117 41 Neb.
863 2676 253 50 (28-1688)

419 2755 86 52 De
538 2753 376 61 Schweinitz,
945 2752 165 56 Karl.

493 2831 281 71 Growing
812 2851 107 50 up;
960 2833 97 53 the
1094 2837 159 65 story
1290 2831 67 55 of
1394 2832 128 53 how
1562 2851 81 34 we
1682 2831 227 54 become
1948 2831 168 69 alive,
2154 2850 97 35 are
2287 2831 149 55 born

423 2910 113 53 and
571 2927 158 53 grow
763 2928 98 50 up,
894 2909 78 71 by
1004 2910 151 53 Karl
1187 2911 71 53 de
1293 2908 363 57 Schweinitz.
1727 2908 140 55 New
1904 2909 181 68 York,
2120 2909 124 54 The
422 2909 1988 131 Macmillan
652 3005 302 52 company,
983 2990 152 51 1928.

495 3068 1032 50 Ill p. incl. front., illus., plates. 21ᶜᵐ.
426 3121 52 53 ©
506 3126 110 40 Jan.
644 3125 68 48 10,
740 3126 143 47 1928;
913 3126 69 41 2c.
1009 3127 98 40 and
1134 3126 84 42 aff.
1245 3127 112 41 Jan.
1385 3127 83 47 11;
1498 3127 40 39 A
1566 3126 230 48 1061158;
1828 3126 285 42 Macmillan
2141 3138 69 30 co.

505 3182 252 50 (28-1598)

422 3263 313 63 Fairburn,
768 3264 258 54 William
1063 3264 384 66 Armstrong.

494 3341 388 69 Prohibition,
918 3342 174 70 being
1129 3344 99 53 the
1265 3344 114 53 last
1414 3343 110 54 five
1563 3344 265 68 chapters
1867 3342 67 54 of
1973 3361 34 35 a
2045 3344 192 69 larger
2278 3343 161 54 work

425 3419 240 53 entitled
704 3418 221 55 Justice
965 3421 114 53 and
1120 3422 111 52 law
1293 3420 95 70 [by]
1432 3421 263 54 William
1736 3420 352 71 Armstrong
2127 3421 310 54 Fairburn.

426 3497 139 52 New
593 3496 180 68 York,
802 3497 216 53 Nation
1048 3517 158 50 press
1234 3499 269 70 printing
1530 3518 99 49 co.,
1659 3499 106 53 inc.
1844 3498 136 55 [ᶜ1927]

497 3577 28 39 2
552 3588 43 38 p.
658 3609 8 16 l.,
694 3578 87 40 224
810 3589 43 37 p.
912 3580 118 41 22ᶜᵐ.

429 3630 52 52 ©
508 3635 113 41 Dec.
646 3635 71 47 27,
745 3635 143 47 1927;
917 3636 69 42 2c.
1013 3639 96 39 and
1137 3638 83 42 aff.
1248 3640 113 40 Jan.
1389 3639 68 48 11,
1487 3639 140 46 1928;
1659 3638 42 40 A
1727 3638 231 43 1061176;
1989 3639 72 39 W.
2093 3638 52 41 A.
2175 3637 259 50 Fairburn,

500 3691 327 49 Morristown,
865 3693 56 40 N.
959 3694 44 41 J.
1074 3694 253 51 (28-1703)

424 3772 265 63 Farmer,
722 3773 257 55 Edward
1011 3775 211 54 Lewis.

498 3850 261 54 Escrows
797 3853 115 52 and
949 3853 96 53 the
1083 3855 139 53 laws
1259 3853 66 54 of
1361 3856 119 52 real
1519 3859 296 65 property,
1849 3854 78 70 by
1965 3855 69 53 E.
2073 3855 66 52 L.
2177 3855 258 54 Farmer.

433 3929 129 65 [Los
602 3929 269 70 Angeles]
917 3932 122 53 The
1079 3933 113 53 Los
1233 3933 251 71 Angeles
1525 3934 256 68 chapter,
1820 3933 310 54 American
2172 3933 266 55 institute

427 4006 65 54 of
512 4007 258 71 banking
798 4009 174 69 [1927]
