2498 4384
0 0 0 0 2105
147 416 316 54 American
497 410 451 66 foundrymen’s
980 407 380 56 association.

209 481 1944 78 Transactions … Proceedings of the thirty-second annual
139 573 267 70 meeting,
458 569 430 69 Philadelphia,
938 565 447 70 Pennsylvania,
1436 562 141 69 May
1632 565 66 49 14
1747 566 60 48 to
1863 564 82 64 18,
1998 563 152 50 1928.

182 695 10 10 v.
231 655 82 50 36.
386 651 110 53 Ed.
532 650 76 69 by
645 648 215 53 Robert
899 647 66 53 E.
1004 644 300 69 Kennedy.
1381 640 273 70 Chicago,
1691 641 115 67 Ill.,
1843 638 309 54 American

142 728 432 72 foundrymen’s
609 726 359 68 association,
1002 727 151 51 1928.

211 804 1446 59 lxxx, 934 p. front. (port.) illus., diagrs., tables. 24 ᶜᵐ.
145 868 52 52 ©
224 871 112 41 Dec.
362 870 70 47 18,
460 869 115 40 1928;
628 868 68 40 2c.
722 867 113 41 Dec.
860 866 57 41 29;
975 865 82 41 aff.
1085 865 111 40 Jan.
1223 864 71 49 28,
1321 862 118 41 1929;
1493 862 42 40 A
1560 860 118 41 2500;
1734 860 160 40 Amer,
211 859 1927 110 foundrymen’s
389 937 146 34 assn.,
562 926 93 40 inc.

147 1022 332 64 Anderson,
512 1020 240 64 August
785 1019 276 65 Magnus,
1095 1018 173 54 1878-

212 1102 247 54 African
495 1100 216 69 jungle,
744 1100 75 68 by
855 1098 70 53 A.
960 1097 81 53 M.
1078 1097 322 66 Anderson,
1478 1138 9 9 A.
1563 1136 9 10 B.
1648 1093 324 68 Anderson,
2006 1092 151 67 Ind.,

142 1178 1035 72 Gospel trumpet company [ ᶜ19 28 ]
213 1258 507 53 192 p. plates. 19½ ᶜᵐ.
146 1316 52 53 ©
225 1319 114 41 Dec.
365 1319 69 43 10,
462 1317 118 41 1928;
632 1317 68 40 2c.
728 1316 114 40 Dec.
868 1316 56 39 14;
981 1314 83 42 aff.
1092 1314 112 40 Dec.
1233 1313 55 41 13;
1346 1313 41 40 A
1414 1312 118 41 3195;
1587 1312 175 47 Gospel
1792 1312 214 46 trumpet
2035 1321 69 30 co.

225 1375 223 50 (29-937)

146 1459 381 63 Armstrong,
556 1455 309 64 Anthony,
894 1454 195 70 pseud.

213 1537 240 54 Patrick
491 1537 192 67 helps;
727 1555 34 33 a
799 1535 311 53 humorous
1147 1533 187 67 novel,
1372 1530 76 71 by
1489 1531 280 70 Anthony
1809 1530 353 70 Armstrong

154 1609 1935 77 (“A. A.” of Punch) … London, S. Paul & co., ltd., 1928.
215 1695 562 52 5 p. l., 15-220 p. 19½ ᶜᵐ.
147 1747 2014 57 © 1c. Dec. 17, 1928; A ad int. 12095; pubd. Oct. 19: Antliony Armstrong
215 1811 175 49 Willis,
422 1812 214 40 London.
706 1808 253 51 (29-2241)

144 1892 243 63 Arnold,
420 1890 192 56 Sarah
644 1889 234 62 Louise,
913 1894 171 51 1859-

218 1969 122 55 The
370 1968 137 71 City
536 1968 66 54 of
630 1969 140 53 New
800 1966 165 55 York
993 1966 219 54 edition
1243 1964 67 55 of
1337 1966 123 53 The
1488 1969 252 67 mastery
1769 1963 66 56 of
1864 1964 190 55 words
2084 1964 77 70 by

149 2047 184 57 Sarah
365 2047 209 53 Louise
603 2046 244 53 Arnold.
924 2045 164 54 Book
1121 2063 105 35 one
1236 2078 13 34 [
1251 2049 169 62 -two]
1499 2042 57 54 A
1588 2062 196 35 course
1816 2043 62 54 in
1910 2043 252 70 spelling

149 2121 2014 75 for grades one to … [eight] including the prescribed spelling
143 2204 117 68 list,
281 2203 281 55 classified
583 2202 77 69 by
681 2202 223 70 grades,
929 2202 263 70 together
1213 2201 143 53 with
1380 2200 278 70 complete
1683 2200 263 54 material
151 2219 1991 132 covering
288 2281 97 54 the
424 2281 163 53 other
626 2279 410 70 requirements
1075 2278 66 55 of
1178 2279 98 54 the
1317 2279 140 54 New
1496 2279 166 54 York
1701 2278 119 71 city
1860 2298 198 36 course
2097 2280 65 54 of

147 2359 188 71 study.
415 2357 297 71 Syracuse,
743 2358 70 54 N.
847 2358 92 69 Y.,
971 2357 266 71 Iroquois
1269 2356 339 74 publishing
1641 2376 282 54 company
2071 2361 86 67 [ᶜ1928]

219 2441 501 43 2 v. illus. 18 ½ᶜᵐ .
150 2495 54 54 ©
232 2500 119 41 Nov.
382 2500 41 48 1,
455 2499 142 47 1928;
630 2499 67 41 2c.
728 2499 120 40 each
878 2499 96 41 and
1006 2498 109 42 affs.
1146 2499 122 41 Nov.
1299 2499 52 47 5;
1384 2499 42 40 A
1456 2497 130 51 2336,
1618 2499 143 48 2337;
1797 2500 224 48 Iroquois
2052 2502 112 47 pub.

218 2568 81 38 co.,
327 2556 93 42 inc.
486 2556 224 50 (29-593)

149 2638 266 65 Bassett,
442 2636 191 56 Sarah
662 2636 199 66 Janet,
892 2642 173 51 1895-

278 2713 1884 78 … Retention of history in the sixth, seventh and eighth
146 2795 207 70 grades
385 2795 144 53 with
561 2794 212 69 special
807 2793 290 56 reference
1129 2800 58 47 to
1219 2794 100 54 the
1354 2793 217 56 factors
1604 2795 130 53 that
1768 2795 277 55 influence

148 2816 1992 126 retention,
414 2873 77 69 by
521 2872 185 56 Sarah
735 2873 176 54 Janet
941 2873 245 68 Bassett,
1214 2891 100 35 ph.
1344 2893 48 33 d.
1460 2873 336 70 Baltimore,
1827 2875 121 53 The
1978 2874 188 57 Johns

146 2950 273 70 Hopkins
453 2970 175 50 press,
664 2953 151 52 1928.

219 3032 1947 57 viii, 110 p. incl. tables, diagr. 24½ ᶜᵐ. (The Johns Hopkins university
148 3091 187 42 studies
366 3092 52 39 in
447 3090 276 49 education,
753 3101 76 30 no.
860 3089 82 50 12)

220 3148 266 42 Published
518 3149 104 39 also
653 3159 54 29 as
739 3147 153 41 thesis
934 3148 108 50 (PH.
1106 3148 35 48 D.)
1180 3147 159 42 Johns
1369 3147 224 51 Hopkins
1627 3149 290 50 university,
1949 3151 132 41 1928.

219 3204 352 51 Bibliography:
634 3216 44 38 p.
712 3204 160 42 79-88.

154 3259 52 52 ©
231 3262 113 42 Dec.
370 3262 70 48 11,
466 3261 142 48 1928;
636 3262 68 40 2c.
731 3262 112 41 Dec.
868 3260 83 48 20;
981 3261 83 41 aff.
1091 3262 113 41 Dec.
1229 3262 85 48 27;
1343 3263 42 39 A
1409 3263 143 48 3352;
1582 3264 154 41 Johns
1764 3264 224 50 Hopkins
2015 3277 152 37 press.

232 3318 223 51 (29-679)

146 3399 143 64 Bell,
322 3399 181 65 Clive,
536 3403 174 51 1881-

219 3479 214 55 Proust
471 3479 110 67 [by]
621 3478 164 55 Clive
821 3478 144 54 Bell.
1041 3479 261 70 London,
1336 3480 63 54 L.
1437 3482 112 53 and
1646 3527 9 9 V.
1690 3482 218 71 Woolf,
1944 3487 151 52 1928.

220 3560 69 47 88,
323 3560 55 51 [1]
412 3571 43 37 p.
516 3560 147 41 17½ᶜᵐ.

155 3611 2016 62 © 1c. Dec. 28, 1928; A ad int. 12163; pubd. Nov. 1; Harcourt, Brace &
223 3686 82 37 co.,
333 3674 108 49 inc.,
470 3675 119 39 New
616 3673 147 42 York.
830 3673 253 50 (29-1552)

151 3754 189 67 Blatz,
369 3755 260 55 William
661 3756 196 63 Emet,
893 3758 173 53 1895-

221 3833 1886 74 Parents and the pre-school child, by William E. Blatz …
154 3911 2016 78 and Helen McM. Bott … London & Toronto, J. M. Dent and
152 4013 129 35 sons
313 3994 124 68 ltd.,
471 3995 149 51 1928.
