2498 4384
1169 4051 136 51 1267

213 400 209 54 Cream
451 398 64 52 of
543 397 196 52 wheat
770 411 304 48 company,
1105 392 404 68 Minneapolis.

274 476 57 53 A
366 474 156 54 brief
559 492 290 51 summary
887 472 64 54 of
988 473 95 52 the
1123 470 312 70 principles
1474 469 64 53 of
1573 468 312 66 nutrition;
1928 466 281 69 prepared

205 555 73 68 by
311 572 71 34 an
417 552 296 68 authority
745 570 70 34 on
850 550 194 53 health
1079 549 111 53 and
1224 547 284 54 nutrition
1542 552 57 47 at
1632 546 96 53 the
1763 550 221 64 request
2018 544 64 53 of
2114 544 96 53 the

207 632 203 54 Cream
444 630 65 53 of
541 630 184 52 wheat
760 646 297 50 company,
1092 626 93 54 for
1219 626 95 52 the
1348 643 94 35 use
1476 623 64 55 of
1572 623 346 69 physicians,
1952 623 259 67 dentists,

206 728 194 34 nurses
431 709 112 52 and
572 708 162 52 other
764 706 247 52 workers
1040 705 59 52 in
1127 705 95 52 the
1251 704 236 52 modern
1515 706 90 49 art
1634 702 112 52 and
1776 700 213 55 science
2018 699 65 54 of
208 718 1979 123 nutrition.
501 784 324 57 Submitted
861 788 58 49 to
955 783 112 53 and
1104 782 202 69 passed
1341 781 76 69 by
1451 780 94 53 the
1581 777 379 72 Advertising
1993 777 220 55 council

208 866 65 53 of
307 866 95 53 the
438 864 305 54 American
779 862 241 53 medical
1057 860 357 53 association.
1495 857 421 69 [Minneapolis,
1955 860 152 64 1928]

277 949 69 46 39.
382 951 56 48 [1]
472 960 42 36 p.
574 948 145 39 22½ᶜᵐ.

218 1002 52 53 ©
301 1007 129 39 June
460 1006 68 46 11,
560 1004 141 46 1928;
734 1002 67 40 2c.
834 1002 94 38 and
961 999 82 42 aff.
1075 1000 116 47 July
1223 999 53 47 9·;
1312 999 39 39 A
1383 998 228 42 1082451;
1647 998 173 41 Cream
1853 997 51 40 of
1936 997 161 40 wheat
2130 1007 82 37 co.,

287 1060 339 49 Minneapolis.
696 1057 279 51 (28-20317)

214 1155 250 62 Cullum,
497 1151 302 65 Ridgwell,
836 1150 171 54 1867-

283 1224 1873 74 The mystery of the barren lands, by Ridgwell Cullum …
211 1308 427 69 Philadelphia,
669 1307 55 54 J.
759 1307 66 52 B.
858 1304 339 69 Lippincott
1228 1322 300 51 company,
1562 1307 150 50 1928.

282 1393 84 41 318
396 1404 43 37 p.
498 1392 116 41 20ᶜᵐ.

223 1445 52 53 ©
300 1450 114 47 Apr.
439 1448 68 48 26,
532 1447 114 40 1928;
700 1446 67 41 2c.
793 1445 96 40 and
914 1444 83 41 aff.
1023 1443 120 49 Aug.
1169 1443 83 48 31;
1279 1443 41 39 A
1346 1443 230 47 1053112;
1607 1444 43 39 J.
1677 1444 54 39 B.
1758 1442 279 49 Lippincott
2064 1453 68 31 co.

301 1504 278 50 (28-20462)

220 1594 2000 68 Digest of the United States Supreme court Reports … v. 5.
295 1676 279 55 Criminal
599 1676 110 50 law
734 1679 59 47 to
818 1674 350 67 Indemnity.
1233 1673 327 65 Rochester,
1588 1673 68 51 N.
1687 1673 90 64 Y.,
1804 1672 121 52 The
1952 1672 269 68 Lawyers

289 1752 379 70 co-operative
700 1752 336 68 publishing
1069 1769 299 50 company,
1403 1752 150 52 1928.

291 1832 1163 53 1 p. l., 2737-3685 p. front. (port.) 25ᶜᵐ.
227 1890 50 51 ©
304 1893 126 47 Sept.
455 1892 69 47 11,
550 1891 141 47 1928;
719 1891 66 40 2c.
812 1891 96 39 and
934 1890 83 41 aff.
1046 1889 128 48 Sept.
1202 1891 82 45 17;
1313 1890 40 38 A
1379 1888 231 48 1053309;
1640 1889 230 48 Lawyers
1898 1889 325 48 co-operative

291 1950 108 48 pub.
426 1960 67 29 co.

222 2043 237 62 Dooley,
487 2041 257 54 William
775 2041 235 63 Henry,·
1035 2044 171 49 1880-

290 2121 155 51 Drill
483 2119 286 68 problems
809 2119 58 52 in
906 2117 324 53 vocational
1270 2117 415 67 mathematics,
1724 2117 77 70 by
1840 2118 264 54 William
2144 2119 77 52 H.

220 2195 2002 72 Dooley … Boston, New York [etc.] D. C. Heath and company
226 2278 192 65 [ ᶜ1 928]
290 2358 64 45 ix,
384 2356 86 42 195
498 2368 44 38 p.
602 2356 144 46 illus.,
776 2356 181 49 diagrs.
1124 2387 10 11 19ᶜᵐ.

294 2416 95 39 “To
418 2416 305 47 supplement
752 2414 82 40 the
865 2413 219 41 author’s
1115 2414 119 47 text,
1267 2413 288 41 Vocational
1587 2413 582 43 mathematics.”—Pref.

228 2468 52 53 ©
305 2474 122 47 Aug.
452 2472 41 48 2,
521 2472 117 40 1928;
689 2473 68 40 2c.
784 2472 121 48 Aug.
932 2472 54 39 15;
1042 2471 83 41 aff.
1152 2471 121 48 Aug.
1301 2473 81 45 14;
1412 2472 41 39 A
1480 2472 230 47 1083684;
1740 2473 57 40 D.
1825 2472 49 41 C.
1903 2473 166 40 Heath
2096 2474 36 39 &
2159 2484 68 31 co.

304 2529 282 50 (28-20363)

225 2624 91 52 Du
341 2623 153 52 Pont
521 2623 69 52 de
614 2623 315 60 Nemours,
955 2623 67 52 E.
1047 2622 63 62 L,
1136 2622 51 53 &
1212 2638 308 48 company,
1551 2623 396 67 Wilmington,
1974 2624 125 53 Del.

294 2701 53 52 A
391 2701 224 69 history
660 2700 65 53 of
769 2700 93 53 the
908 2701 95 51 Du
1048 2701 151 52 Pont
1247 2700 326 70 company’s
1621 2701 273 54 relations
1942 2701 142 54 with
2132 2703 95 53 the

222 2779 218 54 United
470 2777 189 56 States
683 2783 390 64 government,
1101 2779 341 68 1802-1927;
1471 2780 282 68 prepared
1781 2780 114 53 and
1924 2780 301 68 published

224 2857 75 69 by
331 2856 317 55 Smokeless
679 2857 232 67 powder
942 2857 381 67 department,
1356 2858 67 52 E.
1456 2858 49 52 I.
1537 2858 94 52 Du
1665 2858 152 53 Pont
1849 2858 71 54 de
1948 2859 280 55 Nemours

223 2934 1369 70 & company, inc. Wilmington, Del. [ ᶜ1 928]
296 3015 1033 50 3 p. l., 9-120 p. illus., diagrs. 23½ᶜᵐ.
231 3071 51 51 ©
310 3075 121 48 Aug.
458 3075 69 46 24,
556 3073 141 48 1928;
728 3075 67 40 2c.
824 3075 96 39 and
949 3073 82 42 aff.
1059 3075 121 48 Aug.
1207 3075 85 47 25;
1323 3075 41 39 A
1392 3075 230 48 1053012;
1655 3078 53 39 E.
1740 3078 37 40 I.
1808 3078 63 39 du
1901 3078 122 39 Pont
2056 3079 57 39 de
298 3079 1915 92 Nemours
491 3134 35 40 &
553 3142 81 36 co.,
664 3131 105 48 inc.,
797 3131 331 49 Wilmington,
1159 3132 106 40 Del.
1336 3132 281 50 (28-20316)

230 3223 217 64 Eifrig,
480 3224 245 54 Charles
756 3223 256 54 William
1046 3224 284 64 Gustave,
1367 3226 170 53 1871-

361 3301 1871 75 … Mammals, by C. W. G. Eifrig … New York, Chicago
253 3379 1235 70 [etc.] Rand, M c Nally & company [ ᶜ1 928]
232 3461 1984 104 xiii, [1], 257 p. col. front., illus., col. pl. 20ᶜᵐ. (Our great outdoors)
303 3574 68 40 “A
398 3574 395 48 bibliography”:
822 3586 44 37 p.
893 3575 220 43 245-247.

236 3627 52 53 ©
318 3632 117 47 July
464 3632 68 48 19,
563 3632 141 47 1928;
735 3633 67 41 2c.
832 3634 96 39 and
959 3633 82 41 aff.
1073 3634 116 48 July
1218 3635 84 47 28;
1334 3635 41 39 A
1406 3635 229 47 1083410;
1669 3637 141 40 Rand
1841 3638 226 42 McNally
2098 3639 35 39 &
2164 3650 67 30 co.

314 3688 280 48 (28-20362)

236 3765 272 65 Erskine,
539 3767 215 53 Laurie
786 3769 180 64 York,
1002 3774 170 49 1894-

302 3844 273 54 Renfrew
624 3847 151 53 rides
825 3847 96 53 the
971 3848 122 69 sky,
1141 3850 77 68 by
1268 3851 210 52 Laurie
1530 3851 164 52 York
1743 3852 262 53 Erskine.
2100 3853 137 53 New

234 3920 179 71 York,
448 3923 259 68 London,
739 3925 72 52 D.
850 3925 293 70 Appleton
1183 3929 113 51 and
1333 3946 297 52 company,
1670 3933 150 50 1928.
