2498 4384
1379 4085 99 49 854

409 426 222 64 Henry,
664 425 258 53 Thomas
956 424 254 53 Millard.

413 499 1975 149 The optimist, by Thomas Millard Henry. [New York, Hebbons press, ᶜ1 928]
488 660 887 49 1 p. l., v-xii, 49 p. incl. port. 16½ ᶜᵐ.
487 719 185 40 Poems.

422 771 51 53 ©
511 777 126 40 June
672 776 40 48 4,
750 774 140 48 192,8;
928 775 68 42 2c.
1032 776 96 39 and
1164 774 84 43 aff.
1285 775 128 40 June
1449 775 52 48 6;
1539 775 41 39 A
1616 774 229 48 1077617;
1885 775 53 42 T.
1975 775 63 42 M.
2077 775 181 47 Henry,
2296 774 117 41 New

487 834 145 39 York.
705 832 281 49 (28-14449)

410 927 316 63 Heyward,
755 928 140 51 Mrs.
929 926 272 63 Dorothy
1231 926 265 53 Hartzell
1536 925 272 65 (Kuhns)

488 1005 223 68 Porgy;
749 1023 31 33 a
814 1005 137 68 play
984 1004 59 52 in
1078 1002 133 53 four
1246 1009 134 62 acts,
1412 1004 76 68 by
1521 1003 266 69 Dorothy
1819 1003 296 70 Heyward
2150 1004 113 52 and
418 1004 1975 131 Dubose
577 1081 312 69 Heyward,
920 1080 153 53 from
1103 1082 95 51 the
1227 1081 167 52 novel
1423 1081 77 68 by
1529 1081 228 53 Dubose
1787 1081 325 69 Heyward;
2144 1081 96 53 the
419 1081 1974 131 Theatre
568 1159 163 70 guild
762 1158 194 70 acting
984 1158 243 68 version,
1260 1159 140 52 with
1433 1178 71 33 an
1537 1159 392 53 introduction
1960 1177 73 35 on
2066 1159 96 53 the
419 1158 1974 132 American
557 1255 176 51 negro
768 1237 61 52 in
864 1242 106 47 art.
1044 1236 235 55 Garden
1318 1235 153 71 City,
1507 1237 70 53 N.
1616 1238 91 67 Y.,
1743 1238 358 68 Doubleday,
2138 1239 200 52 Doran
2374 1240 46 50 &

418 1333 298 51 company,
743 1315 126 68 inc.,
897 1317 150 51 1928.

490 1395 1484 50 xxi p., 1 l. , 203 p. 20 ᶜᵐ. (The Theatre guild library)
423 1450 51 52 ©
517 1455 114 47 Apr.
673 1455 68 47 13,
785 1454 139 43 1928;
968 1455 68 40 2c.
1080 1456 114 46 May
1237 1455 82 46 12;
1365 1454 82 42 aff.
1491 1455 126 39 June
1660 1456 52 45 5;
1757 1456 42 38 A
1841 1454 229 48 1074903;
2118 1455 297 49 Doubleday,

494 1512 165 39 Doran
687 1511 36 40 &
750 1522 81 37 co.,
860 1511 91 41 inc.
1022 1512 281 47 (28-14453)

414 1604 275 64 Higgins,
721 1605 221 53 James.

482 1682 296 53 Teachers’
806 1685 233 50 manual
1070 1682 94 53 for
1192 1683 96 53 the
1317 1682 308 54 American
1655 1684 204 53 second
1889 1684 200 52 reader
2121 1683 93 52 for
413 1682 1981 130 Catholic

558 1760 1863 69 schools, by Rev. James Higgins … the school Sisters of
412 1838 2008 69 Notre Dame and Mary Christina Austin … Boston, New
415 1915 1441 70 York [etc.] D. C. Heath and company [ ᶜ1 928]
516 2031 9 17 v,
566 2000 83 39 112
692 2011 42 37 p.
795 2000 145 40 18½ᶜᵐ.

427 2051 51 52 ©
514 2057 114 47 May
660 2056 69 48 31,
763 2056 141 46 1928;
940 2056 68 41 2c.
1044 2056 127 40 June
1203 2055 53 47 5;
1295 2055 82 42 aff.
1412 2056 128 39 June
1572 2057 53 46 2;
1663 2057 42 38 A
1738 2056 203 41 1074827;
2007 2057 58 42 D.
2101 2056 50 42 C.
2186 2057 164 40 Heath
2385 2057 36 40 &

492 2123 67 30 co.
631 2112 280 50 (28-14424)

419 2207 286 63 Hispanic
734 2207 227 63 society
993 2206 64 53 of
1086 2206 298 54 America.

497 2284 251 55 Carreño
774 2286 68 52 de
868 2286 272 52 Miranda
1166 2286 60 51 in
1252 2285 96 53 the
1371 2286 299 52 collection
1695 2285 64 53 of
1780 2288 96 51 the
1902 2287 287 68 Hispanic
2212 2288 210 68 society

423 2363 65 55 of
509 2364 284 53 America.
868 2364 139 53 New
1032 2364 180 66 York,
1235 2364 239 54 Printed
1499 2364 75 70 by
1598 2366 167 52 order
1787 2365 64 53 of
1873 2365 95 53 the
1991 2370 258 63 trustees,
2273 2369 148 51 1928.

422 2447 2001 108 v, 20 p. illus., IV pl. 16½ ᶜᵐ. (Half-title: Hispanic notes & monographs; essays, studies, and brief biographies issued by the Hispanic
422 2563 182 48 society
628 2563 53 40 of
703 2561 249 49 America)

494 2619 348 41 “References”
863 2630 8 29 :
905 2630 43 37 p.
975 2619 70 41 20.

772 2676 406 48 CONTENTS.—Biographical
1246 2676 375 48 preface.—The
1685 2679 320 39 Immaculate
2070 2678 351 48 conception.—

423 2735 204 41 Charles
663 2735 82 40 the
784 2735 196 46 Second,
1017 2734 116 47 king
1169 2734 52 40 of
1259 2734 389 48 Spain.—Philip
1683 2735 82 40 the
1798 2735 201 40 Fourth,
2034 2735 117 48 king
2187 2735 51 39 of
2274 2736 148 47 Spain

434 2790 1990 51 (attributed)—Don Rernabé de Ochoa de Chincl.etru y Fern á ndez de
424 2849 779 49 Z úñ iga ( attributed ) —Notes.
432 2903 51 52 ©
525 2908 122 40 Mar.
688 2909 39 45 7,
797 2906 111 46 1928;
951 2906 67 40 2c.
1060 2907 96 38 and
1196 2905 83 41 aff.
1321 2907 115 46 May
1475 2906 82 47 28;
1601 2906 42 38 A
1683 2906 202 40 1074736;
1957 2906 239 48 Hispanic
2238 2917 92 30 soc.
2373 2907 51 39 of

499 2963 238 47 America,
766 2964 118 39 New
912 2963 144 40 York.
1128 2962 281 49 (28-14259)

501 3056 366 54 Choir-stalls
910 3055 152 53 from
1104 3056 96 52 the
1243 3061 327 63 monastery
1611 3055 64 53 of
1719 3055 116 55 San
1877 3057 324 67 Francisco,
2316 3075 110 46 Lima,

429 3136 168 66 Peru,
640 3135 59 52 in
741 3135 98 52 the
878 3135 296 52 collection
1215 3133 65 53 of
1320 3134 95 52 the
1458 3134 286 68 Hispanic
1783 3135 213 67 society
2036 3134 65 53 of
2141 3135 281 52 America.

430 3214 139 53 New
599 3213 180 67 York,
807 3213 242 52 Printed
1078 3213 76 68 by
1182 3212 171 52 order
1378 3211 69 53 of
1470 3213 95 52 the
1595 3218 257 62 trustees,
1883 3216 149 49 1928.

425 3294 1999 107 v, 12 p. front., illus., pl. 16½ ᶜᵐ. (Half-title: Hispanic notes & monographs; essays, studies, and brief biographies issued by the Hispanic
426 3411 183 47 society
634 3410 52 40 of
712 3410 248 48 America)

498 3467 349 41 “References”
866 3478 8 28 :
909 3477 43 38 p.
980 3467 69 40 12.

434 3521 52 51 ©
528 3526 122 39 Mar.
691 3525 38 47 1,
770 3524 117 40 1928;
953 3525 68 39 2c.
1062 3525 96 38 and
1198 3523 84 41 aff.
1324 3524 115 47 May
1477 3523 83 47 28;
1603 3524 42 38 A
1685 3524 228 45 1074738;
1959 3523 238 48 Hispanic
2238 3535 94 30 soc.
2373 3523 52 41 of

504 3581 236 48 America,
770 3581 117 40 New
915 3581 145 39 York.
1131 3580 280 48 (28-14257)

501 3674 178 69 Jorge
723 3675 234 51 Manuel
1002 3674 413 67 Theotocopuli
1460 3675 60 51 in
1563 3675 95 51 the
1704 3675 296 51 collection
2046 3673 64 53 of
2152 3675 95 51 the
434 3674 1967 147 Hispanic
640 3753 211 68 society
888 3752 64 53 of
987 3752 297 52 America:
1324 3752 165 53 Jesus
1528 3753 59 51 in
1624 3753 96 52 the
1754 3753 175 52 house
1965 3751 64 53 of
2069 3751 198 55 Simon
432 3752 1970 147 (attributed)
798 3831 139 52 New
961 3831 180 66 York,
1165 3831 242 51 Printed
1431 3831 76 67 by
1529 3831 167 52 order
1718 3830 65 53 of
1805 3831 95 52 the
1923 3836 256 61 trustees,
2207 3833 147 50 1928.

430 3913 1994 106 v, 12 p. incl. pl. pl. 16½ ᶜᵐ. (Half-title: Hispanic notes & monographs; essays, studies, and brief biographies issued by the Hispanic
430 4028 182 48 society
640 4028 52 41 of
716 4028 249 48 America)
