2498 4384
1296 4090 101 50 464

344 431 303 63 Winchell,
680 432 337 52 Alexander
1048 433 271 61 Newton,
1355 431 171 54 1874-

349 510 1970 146 … The optic and microscopic characters of artificial minerals, by
659 589 1686 53 Alexander Newton Winchell … with determinative
347 668 180 52 tables
594 666 92 53 for
750 665 357 70 identifying
1173 665 269 54 artificial
1504 667 270 53 minerals
1837 666 508 68 microscopically,

348 745 204 69 chiefly
586 745 74 69 by
693 763 194 35 means
921 744 65 52 of
1019 744 152 52 their
1205 744 154 69 optic
1393 745 335 68 properties.
1804 745 286 67 Madison,
2126 747 148 51 1927.

496 828 1847 48 xv, 215 p. diagrs. 23 ᶜᵐ . (University of Wisconsin studies in science,
346 897 74 30 no.
442 886 51 45 4)

422 944 128 39 “The
584 942 253 47 following
871 944 207 38 account
1109 952 112 37 may
1256 942 310 48 accordingly
1600 943 59 39 be
1690 941 283 41 considered
2007 952 54 29 as
2096 952 27 30 a
347 943 1979 97 supplement
509 1002 47 37 to

585 998 1437 49 Part II of the author's Optical mineralogy’.”—Pref.
347 1053 51 52 ©
427 1058 109 40 Jan.
561 1058 41 46 4,
629 1056 115 40 1928;
798 1057 68 40 2c.
892 1056 114 48 Apr.
1032 1056 54 40 13;
1143 1056 82 41 aff.
1253 1056 115 48 Apr.
1395 1057 54 38 11;
1506 1057 41 38 A
1573 1056 203 41 1068889;
1834 1056 284 48 University
2146 1057 51 39 of

414 1057 1912 104 Wisconsin,
631 1113 237 47 Madison,
903 1113 117 40 Wis.
1092 1113 281 48 (28-27128)

334 1179 388 60 Wodehouse,
757 1178 245 53 Pelham
1037 1178 314 63 Grenville,
1390 1182 170 49 1881-

409 1257 156 52 Meet
608 1256 111 53 Mr.
767 1255 294 68 Mulliner,
1105 1256 76 69 by
1225 1257 66 52 P.
1339 1256 68 55 G.
1454 1255 374 55 Wodehouse.
1910 1255 230 55 Garden
2194 1255 152 69 City,

340 1336 69 52 N.
442 1335 90 61 Y.,
558 1334 358 62 Doubleday,
943 1334 198 52 Doran
1170 1336 47 49 &
1242 1351 299 45 company,
1567 1332 127 64 inc.,
1725 1336 150 50 1928.

407 1418 564 49 4 p. l., 308 p. 19½ ᶜᵐ .
345 1470 51 52 ©
427 1476 122 39 Mar.
578 1474 28 38 2,
648 1473 115 40 1928;
819 1473 67 40 2c.
915 1474 97 39 and
1040 1472 82 41 aff.
1151 1472 115 48 Apr.
1295 1473 26 38 2;
1379 1472 42 39 A
1449 1472 203 40 1068699;
1711 1473 51 40 P.
1794 1472 52 41 G.
1876 1472 317 41 Wodehouse.
414 1474 1912 97 London.
596 1530 250 48 (28-9057)

336 1595 412 64 Woodbridge,
792 1593 318 65 Benjamin
1154 1594 258 62 Mather,
1459 1598 172 49 1884-
1811 1594 85 53 ed.

413 1671 1936 71 La semeuse, by Benjamin M. Woodbridge … Chicago, Ill.,
343 1750 1266 69 The University of Chicago press [ ᶜ 1928]
344 1831 1985 103 xiv, 182 p. illus. 20 ᶜᵐ . (Half-title: The University of Chicago junior college
654 1890 164 39 series.
881 1890 243 39 Romance
1153 1889 292 48 languages)

345 1944 51 52 ©
466 1958 75 30 Jan.
576 1948 69 47 31,
680 1947 114 40 1928;
855 1948 68 39 2c.
958 1948 123 40 Mar.
1114 1948 83 45 24;
1236 1946 82 41 aff.
1353 1948 123 40 Mar.
1511 1948 81 45 16;
1629 1947 41 39 A
1704 1947 230 46 1068536;
1973 1947 251 41 University
2293 1948 51 41 of

414 2005 223 48 Chicago.
708 2004 252 49 (28-8950)

338 2070 229 53 Yerkes
603 2071 407 62 observatory.

424 2148 1697 70 Zone + 45° of Kapteyn's selected areas : photographic
340 2148 1979 147 photometry
553 2226 93 53 for
674 2231 133 48 1550
832 2232 162 47 stars.
1058 2227 48 51 By
1173 2227 158 53 John
1358 2226 276 53 Adelbert
1660 2226 342 66 Parkhurst,
2027 2228 314 66 completed

340 2306 75 68 by
447 2305 162 52 Alice
642 2306 141 51 Hall
819 2304 388 53 Farnsworth.
1280 2304 272 69 Chicago,
1583 2305 121 52 The
1738 2305 340 68 University
2111 2304 63 53 of
341 2304 1980 148 Chicago
515 2402 174 49 press,
724 2382 149 55 1927.

439 2465 1620 50 1 v. (Publications of the Yerkes observatory. v. 4, pt. 6)
344 2518 51 52 ©
438 2523 127 47 Sept.
603 2523 69 42 28,
711 2521 142 48 1927;
892 2522 67 40 2c.
997 2523 119 40 Nov.
1154 2522 52 47 9;
1249 2522 82 40 aff.
1369 2523 119 40 Nov.
1527 2524 52 45 7;
1619 2523 40 39 A
1697 2522 229 47 1013561;
1969 2524 284 46 University
2290 2525 53 40 of

416 2579 223 48 Chicago.

336 2644 288 62 Yoakam,
662 2644 215 53 Gerald
914 2644 171 63 Alan,
1125 2644 171 54 1887-

467 2723 208 69 Reading
722 2724 113 52 and
883 2724 201 67 study;
1132 2742 156 34 more
1338 2723 256 53 effective
1641 2723 173 70 study
1860 2725 254 68 through
2164 2725 182 53 better

340 2800 2006 71 reading habits, by Gerald Alan Yoakam … New York, The
340 2879 334 51 Macmillan
704 2897 299 51 company,
1035 2882 151 50 1928.

410 2959 645 49 xi, 502 p. illus. 19½ ᶜᵐ .
414 3016 434 48 “Supplementary
881 3016 229 49 reading”
1145 3019 52 38 at
1228 3019 92 38 end
1354 3018 52 39 of
1436 3019 118 38 each
1587 3019 202 48 chapter
1821 3022 171 46 except
2025 3020 202 48 chapter
2282 3053 7 8 I.

343 3069 52 53 ©
427 3075 110 39 Feb.
566 3075 69 47 28,
666 3075 114 40 1928;
838 3075 68 40 2c.
936 3077 96 37 and
1062 3075 82 40 aff.
1175 3076 112 39 Feb.
1315 3075 56 39 29;
1431 3076 41 38 A
1501 3075 203 41 1068014;
1764 3077 282 40 Macmillan
2079 3089 67 30 co.

423 3130 250 48 (28-6945)

336 3195 231 65 Young,
598 3197 237 53 Samuel
864 3197 153 62 Hall,
1050 3198 325 53 1847-1927.

407 3273 144 53 Hall
588 3275 210 69 Young
833 3274 63 53 of
928 3273 238 69 Alaska,
1188 3276 156 52 “The
1377 3276 269 70 mushing
1680 3279 273 66 parson”;
1991 3280 97 52 the

341 3279 1973 141 autobiography
648 3351 64 53 of
758 3352 55 55 S.
860 3354 141 51 Hall
1049 3354 229 68 Young,
1324 3355 140 51 with
1511 3355 389 53 introduction
1947 3357 75 67 by
2069 3357 154 54 John
2271 3357 72 53 A.

341 3429 275 68 Marquis.
691 3431 139 51 New
870 3431 163 52 York
1071 3433 112 51 and
1225 3430 272 71 Chicago,
1536 3433 267 69 Fleming
1840 3434 77 52 H.
2014 3435 141 52 Revell
341 3453 1975 121 company
571 3506 152 68 [ᶜ1927]

408 3588 912 50 448 p. front., ports., map. 23 ᶜᵐ .
345 3640 51 52 ©
427 3645 110 40 Feb.
567 3645 68 44 18,
664 3645 140 42 1928;
835 3647 67 40 2c.
932 3648 95 38 and
1055 3647 83 41 aff.
1167 3649 123 39 Mar.
1320 3648 52 46 6;
1403 3648 41 39 A
1473 3649 229 46 1069129;
1736 3651 219 48 Fleming
1984 3653 60 39 H.
2077 3653 167 39 Revell
2274 3663 67 31 co.

424 3701 250 47 (28-7302)

339 3753 208 61 Zanta,
582 3754 304 53 Léontine.

472 3832 1212 71 … La part du feu. Paris, Plon [ ᶜ 1927]
409 3914 640 48 4 p. l., 242 p., 1 l. 19 ᶜᵐ .
345 3966 51 53 ©
432 3971 127 48 Sept.
591 3971 70 48 26,
694 3972 113 41 1927;
899 3984 22 30 1c.
968 3974 117 43 Nov.
1119 3975 54 40 23;
1237 3975 310 50 A—Foreign
1578 3977 143 42 36291;
1787 3978 241 44 Librairie
2062 3980 133 41 Plon.

424 4028 250 52 (28-7978)
