2498 4384
1109 4086 101 50 939

135 438 191 62 Diehl,
355 437 227 54 Walter
612 437 229 61 Stuart,
876 438 171 50 1895-

205 511 1933 74 Engineering aerodynamics, by Walter S. Diehl … New
135 593 1300 68 York, The Ronald press company [ ᶜ1 928]
204 677 64 43 xi,
356 676 26 40 288
409 687 43 36 p.
512 677 171 46 plates,
710 674 180 48 diagrs.
950 673 117 40 22ᶜᵐ.
1137 671 217 48 (Ronald
1385 671 285 41 aeronautic
1695 671 200 48 library,
1925 670 49 43 C.
2002 672 58 39 de
2089 671 51 41 F.

136 733 256 45 Chandler,
422 731 181 45 editor)

142 802 52 52 ©
220 806 126 40 June
371 804 69 47 19,
468 803 114 41 1928;
635 802 68 41 2c.
728 802 127 40 June
880 802 83 45 22;
990 800 82 41 aff.
1099 801 127 40 June
1252 800 82 47 21;
1363 800 41 39 A
1429 799 231 47 1077979;
1690 800 190 40 Ronald
1908 810 135 37 press
2072 810 67 30 co.

220 860 282 50 (28-15881)

134 968 282 65 Douglas,
449 969 285 60 Norman,
770 969 171 50 1868-

135 1043 1984 149 Old Calabria, by Norman Douglas. New York, The Modern library [ ᶜ1 928 ]
211 1207 101 48 viii,
338 1206 89 41 440
452 1217 43 37 p.
550 1206 115 40 17ᶜᵐ.
732 1205 300 49 (Half-title:
1058 1204 101 40 The
1187 1204 198 40 modern
1413 1203 188 48 library
1628 1203 52 41 of
1708 1204 82 42 the
1816 1204 194 41 world’s
2038 1204 108 41 best

139 1264 174 47 books)

144 1331 52 52 ©
227 1335 111 40 Jan.
368 1333 71 48 25,
471 1332 117 41 1928;
645 1333 67 40 2c.
743 1332 115 48 Apr.
890 1332 53 47 2;
978 1331 82 41 aff.
1094 1332 123 40 Mar.
1249 1331 83 46 31;
1366 1331 43 39 A
1440 1330 230 48 1074048;
1707 1331 200 40 Modern
1942 1331 201 49 library,

211 1392 91 40 inc.
369 1386 69 54 [©
468 1388 347 50 introduction]

142 1485 181 62 Field,
354 1484 211 53 Albert
597 1482 244 54 Martin.

266 1559 1881 70 … Farm mechanics, a guide-book for students and farmers,
135 1637 2012 72 by A. M. Field … R. W. Olson … V. E. Nylin … New York,
136 1715 1053 69 London, The Century co. [ ᶜ1 928]
205 1800 131 48 xxvi,
376 1800 86 41 385
502 1810 43 38 p.
588 1799 111 41 incl.
737 1798 164 48 front.,
943 1799 144 47 illus.,
1129 1798 181 48 diagrs.
1369 1799 149 40 22½ᶜᵐ.
1588 1800 127 48 (The
1754 1799 217 49 Century
135 1812 1992 86 vocational
319 1856 165 48 series,
514 1857 72 40 ed.
612 1856 62 48 by
702 1855 50 42 C.
779 1855 54 40 A.
863 1855 227 47 Prosser)
1215 1853 131 50 $2.50

208 1924 350 42 “References”
589 1928 52 37 at
668 1925 92 39 end
790 1924 51 39 of
870 1934 130 30 some
1030 1923 51 41 of
1112 1924 81 39 the
1221 1925 243 46 chapters.

147 1993 52 52 ©
228 1996 127 41 June
381 1995 42 48 7,
450 1994 118 41 1928;
621 1994 69 41 2c.
717 1994 97 39 and
842 1992 82 42 aff.
953 1992 127 41 June
1109 1992 82 48 13;
1222 1993 43 38 A
1292 1992 230 48 1077735;
1556 1994 215 49 Century
1801 2007 67 30 co.

227 2051 282 50 (28-15682)

145 2146 209 63 Flynn,
390 2145 255 53 Vincent
683 2143 281 64 Stephen,
1004 2147 172 49 1902-

217 2222 1935 71 The norm of morality … by Rev. Vincent Stephen Flynn
207 2299 1945 79 … Washington, D. C., The Catholic university of America,
147 2384 150 52 1928.

211 2464 678 49 3 p. l., 144 p., 1 l. 23ᶜᵐ.
217 2535 173 41 Thesis
430 2535 62 48 (s.
520 2545 40 29 t.
588 2533 362 48 d.)—Catholic
978 2534 274 48 university
1280 2534 52 41 of
1359 2535 238 49 America,
1628 2536 130 42 1928.

212 2592 129 41 Vita.

213 2649 378 48 Bibliography:
624 2659 44 37 p.
698 2647 217 42 129-133.

151 2717 52 53 ©
228 2721 128 41 June
378 2721 69 47 12,
471 2719 114 42 1928;
638 2720 68 40 2c.
731 2721 96 39 and
852 2719 83 41 aff.
960 2720 127 40 June
1112 2721 81 46 15;
1220 2721 44 38 A
1288 2720 230 48 1077821;
1546 2722 54 39 V.
1628 2721 45 42 S.
1700 2723 171 48 Flynn,
219 2724 1917 95 Washington.
387 2777 283 48 (28-16047)

151 2870 246 62 Haanel,
427 2869 245 55 Charles
701 2870 265 63 Francis,
997 2874 172 49 1866-

211 2947 1943 75 A book about you, by Charles F. Haanel … New York,
143 3025 1249 70 N. Y., The Master key institute [ ᶜ1 928 ]
213 3110 68 48 iii,
316 3110 86 40 284
438 3121 43 37 p.
540 3110 117 40 18ᶜᵐ.

215 3180 227 40 Lettered
471 3189 60 29 on
558 3190 168 29 cover:
755 3179 125 41 How
906 3182 48 38 to
982 3181 201 47 develop
1208 3182 228 46 personal
1463 3183 305 47 magnetism.

215 3236 263 40 Published
509 3235 51 40 in
589 3235 115 41 1927
735 3237 155 39 under
920 3237 135 40 title:
1088 3237 120 41 You.

216 3293 167 39 “Fifth
418 3292 231 49 printing,
685 3293 237 48 January,
956 3292 158 41 1928.”

156 3358 52 52 ©
240 3363 128 39 June
397 3363 69 46 15,
498 3362 141 47 1928;
672 3363 68 40 2c.
773 3363 95 39 and
900 3360 83 43 aff.
1016 3363 125 40 June
1173 3363 83 48 22;
1291 3364 41 39 A
1362 3364 229 48 1077980;
1628 3366 49 42 C.
1712 3367 51 41 F.
1796 3368 206 44 Haanel,
2037 3370 118 40 New

223 3419 146 40 York.
440 3418 281 50 (28-15803)

155 3511 263 63 Hallock,
451 3511 186 54 Grace
666 3513 210 62 Taber,
910 3517 170 49 1893-

221 3590 54 52 A
305 3592 115 51 tale
449 3590 64 53 of
543 3609 137 50 soap
714 3592 113 52 and
857 3598 194 51 water,
1080 3593 96 53 the
1206 3594 299 54 historical
1536 3615 264 50 progress
1833 3598 65 53 of
151 3600 1981 136 cleanliness,

327 3669 229 52 written
591 3671 46 50 &
669 3669 326 55 illustrated
1029 3671 75 68 by
1138 3671 185 55 Grace
1357 3673 65 52 T.
1460 3673 266 54 Hallock.
1801 3676 140 52 New
1977 3676 182 67 York,

154 3744 349 56 Cleanliness
530 3747 280 68 institute,
840 3751 150 50 1928.

223 3827 55 41 96
309 3839 43 37 p.
412 3828 129 41 illus.
600 3829 147 43 18½ᶜᵐ.

226 3897 215 41 “Books”:
503 3910 44 37 p.
576 3899 158 41 94-96.

163 3963 52 53 ©
241 3967 125 42 June
393 3968 69 50 10,
490 3969 140 49 1928;
659 3971 67 42 2c.
755 3972 95 40 and
877 3971 81 42 aff.
987 3973 126 42 June
1141 3973 82 48 19;
1254 3973 41 40 A
1322 3973 229 50 1082113;
1584 3975 301 43 Cleanliness
1915 3978 240 41 institute.

240 4025 281 51 (28-15885)
