2498 4384
1071 4045 139 56 2179

148 379 236 64 Bulliet,
425 380 44 54 C
760 380 53 54 J.

218 458 194 54 Venus
449 457 264 68 Castina;
753 459 226 53 famous
1016 457 207 54 female
1258 457 466 69 impersonators,
1758 457 250 54 celestial
2045 458 115 53 and

150 538 230 58 human,
404 537 76 69 by
505 535 62 57 C.
593 538 56 53 J.
676 538 216 52 Bulliet;
950 537 139 53 with
1115 537 383 53 illustrations
1522 537 75 70 by
1622 535 331 55 Alexander
1978 535 179 71 King.

148 615 139 54 New
316 615 181 67 York,
529 614 216 70 Covici,
774 615 226 69 Friede,
1030 618 150 51 1928.

221 696 1127 50 5 p. l., 308 p., 1 1. front., plates. 27½ᶜᵐ.
222 768 336 49 Head-pieces.

222 826 129 40 “The
394 825 186 41 edition
625 826 209 40 consists
878 826 53 40 of
974 826 114 40 nine
1132 827 223 40 hundred
1401 825 133 49 sixty
1580 827 265 40 numbered
1891 826 161 50 copies
2100 837 60 31 on

149 883 235 41 Aurelian
420 893 164 38 paper,
621 883 81 40 the
735 882 110 41 first
881 883 213 41 thirteen
1130 883 52 41 of
1217 883 160 41 which
1414 882 194 42 include
1643 893 63 30 an
1742 882 210 50 original
1991 883 170 50 signed

149 941 223 47 drawing
406 941 63 46 by
503 939 281 41 Alexander
820 939 144 49 King,
1001 941 95 40 and
1133 941 127 40 have
1296 940 119 41 been
1452 940 235 49 specially
1725 941 175 40 bound.
1960 941 121 41 This
2117 940 43 41 is

145 998 205 40 number
376 996 131 42 779.”

152 1066 52 53 ©
235 1070 102 41 Oct.
365 1070 71 48 29,
464 1070 115 41 1928;
637 1069 67 42 2c.
734 1070 119 40 Nov.
880 1069 58 41 30;
996 1068 82 42 aff.
1108 1070 113 41 Dec.
1251 1069 24 39 1;
1337 1069 40 40 A
1406 1069 87 40 912;
1551 1069 179 49 Covici,
1762 1070 189 48 Friede,
1982 1070 92 40 inc.

230 1127 254 49 (29-2712)

145 1252 247 60 Bumke,
427 1251 253 65 Oswald,
717 1250 172 57 1877-
1103 1254 83 51 ed.

218 1330 330 54 Handbuch
586 1331 100 52 der
723 1329 609 70 geisteskrankheiten,
1367 1329 189 53 bearb.
1595 1348 112 35 von
1744 1330 75 52 K.
1859 1330 301 69 Beringer,

147 1407 2011 71 K. Birnbaum, A. Bostroem [u. a.] … Hrsg, von Oswald
372 1487 1523 70 Bumke … 6. bd., spezieller teil 2, 7. bd., spezieller teil
1923 1492 48 49 3.
146 1489 1990 146 Berlin,
276 1568 57 55 J.
367 1567 301 70 Springer,
702 1571 151 50 1928.

214 1650 691 50 2 v. illus., diagrs. 26 ᶜᵐ .
215 1723 236 42 Contains
483 1722 397 50 bibliographies.

145 1789 1980 54 6. bd., teil 2, © Aug. 24, 1928; 7. bd., teil 3, © July 23; 1c. each Dec. 4;
215 1852 40 40 A
257 1852 272 49 —Foreign
554 1850 128 49 1091,
709 1851 142 48 1092;
881 1851 165 41 Julius
1075 1850 246 50 Springer.

138 1961 268 65 Chaplin,
445 1962 280 55 Stewart.

210 2039 350 69 Suspension
590 2038 65 55 of
681 2040 96 53 the
806 2058 192 50 power
1025 2039 65 54 of
1118 2040 334 68 alienation,
1480 2040 114 53 and
1624 2043 439 66 postponement
2092 2039 67 54 of

141 2119 239 70 vesting,
417 2120 183 52 under
636 2119 95 54 the
769 2120 138 52 laws
946 2118 64 54 of
1046 2119 140 54 New
1223 2118 181 55 York.
1478 2118 165 54 With
1683 2138 31 33 a
1754 2118 296 54 collection
2092 2118 66 54 of

138 2196 200 70 forms,
366 2198 114 53 and
510 2198 141 53 with
681 2197 318 54 references
1027 2201 58 50 to
1114 2197 95 54 the
1241 2197 139 54 laws
1408 2196 67 55 of
1503 2197 274 68 Arizona,
1808 2195 347 69 California,

135 2276 247 56 District
409 2275 66 54 of
504 2275 320 68 Columbia,
853 2277 206 67 Idaho,
1087 2276 271 67 Indiana,
1386 2277 178 66 Iowa,
1591 2275 328 71 Kentucky,
135 2275 1994 151 Michigan,

310 2355 346 67 Minnesota,
701 2356 298 67 Montana,
1045 2356 189 54 North
1281 2355 250 69 Dakota,
1578 2353 343 66 Oklahoma,
1969 2354 184 57 South

136 2434 2018 70 Dakota and Wisconsin, by Stewart Chaplin … 3d ed. New
135 2514 182 64 York,
350 2514 209 65 Baker,
592 2514 250 54 Voorhis
875 2516 46 50 &
954 2531 302 52 company,
1292 2516 151 52 1928.

202 2599 63 46 lv,
299 2597 84 41 531
419 2608 43 38 p.
525 2597 155 50 diagr.
742 2597 119 42 24ᶜᵐ.

206 2669 134 41 “List
370 2669 52 41 of
451 2670 97 40 law
578 2669 179 41 review
787 2668 229 42 articles”:
1077 2680 44 38 p.
1152 2668 222 43 486-489.

143 2736 52 53 ©
224 2741 102 40 Oct.
351 2741 72 47 26,
450 2740 142 49 1928;
622 2741 68 41 2c.
716 2741 96 40 and
840 2740 83 42 aff.
951 2741 113 40 Dec.
1092 2740 84 47 29;
1205 2740 42 40 A
1274 2741 143 46 3427;
1451 2740 45 41 S.
1526 2739 223 49 Chaplin,
1778 2741 116 40 New
1924 2740 146 41 York.

221 2797 254 49 (29-3015)

135 2907 243 64 Chassé,
414 2907 266 56 Charles.

130 2984 1996 133 … Styles et physiologie; petite histoire naturelle des écrivains.
377 3063 766 68 Paris, A. Michel [ ᶜ 1928]
201 3146 792 50 4 p. l., [11]-316 p., 1 l. 19 ᶜᵐ .
143 3214 1673 53 © Oct. 5, 1928; 1c. Nov. 23; A— Foreign 706: Albin Michel.
218 3275 253 49 (29-4675)

135 3384 224 63 Cinelli,
393 3384 247 56 Delfino.

263 3461 1717 71 … Castiglion c he Dio sol sa. Milano, L’Eroica [ ᶜ 1928]
201 3545 916 50 2 p. l., 7-348, [3] p. illus. 19 ½ᶜᵐ .
139 3611 1841 54 © Aug. 31, 1928; 1c. Nov. 13; A— Foreign 673: D. Cinelli, Milano.
216 3671 254 51 (29-4665)

262 3782 1571 68 … La trappola, romanzo. Milano, L’Eroica [ ᶜ 1928]
199 3864 724 51 2 p. l., 7-164, [2] p. 39 ½ᶜᵐ .
141 3930 1844 57 © May 31, 1928; 1c. Nov. 13; A— Foreign 672; D. Cinelli, Milano.
216 3992 253 50 (29-4667)
