2498 4384
1243 4163 98 50 198

338 610 28 39 4
390 620 45 37 p.
497 640 9 17 l.,
534 609 88 40 308
648 619 44 37 p.
751 608 147 40 19½ᶜᵐ.

275 661 53 53 ©
362 666 113 40 Feb.
508 665 70 47 16,
613 664 117 40 1928;
789 664 69 40 2c.
892 663 111 41 Feb.
1037 662 83 46 25;
1157 661 84 42 aff.
1275 662 112 40 Feb.
1420 662 84 47 23;
1540 662 41 39 A
1615 661 231 46 1061953;
1885 660 204 42 Charles

343 661 1918 102 Scribner’s
502 732 127 31 sons.
703 719 252 50 (28-5866)

269 801 309 64 Griswold,
610 801 200 54 Frank
846 801 179 63 Gray,
1062 804 173 49 1854-

340 882 57 51 A
422 883 221 51 salmon
666 881 170 67 river,
859 880 76 69 by
960 880 64 52 F.
1054 878 161 69 Gray
1240 878 306 55 Griswold.
1622 879 139 53 New
1786 878 183 68 York,
1993 879 291 59 Dutton’s,

273 963 149 50 1928.

342 1042 26 40 5
397 1053 44 37 p.
506 1073 9 17 l.,
546 1041 200 50 [ix]-xii,
775 1041 99 48 239,
951 1060 10 30 [1]
993 1053 44 37 p.
1095 1042 86 39 col.
1208 1040 167 48 front.,
1402 1043 159 46 plates
1590 1041 49 48 (1
1668 1041 113 49 col.)
1815 1041 140 48 port.,
1983 1050 126 38 map.
2166 1040 118 41 21ᶜᵐ.

345 1100 148 40 “This
517 1099 186 40 edition
727 1099 42 40 is
795 1099 189 40 limited
1011 1101 48 37 to
1086 1101 95 37 two
1205 1099 224 40 hundred
1453 1100 95 39 and
1572 1099 112 48 fifty
1708 1098 204 49 copies.”

344 1156 237 42 Contains
614 1157 228 47 chapters
877 1155 62 49 by
974 1157 72 40 W.
1081 1156 44 41 J.
1160 1157 64 40 M.
1262 1156 225 46 Menzies,
1523 1157 73 40 W.
1631 1156 51 41 L.
1719 1155 317 41 Calderwood
2071 1156 96 39 and
2203 1155 80 40 the

275 1216 254 46 Marquess
556 1214 52 40 of
632 1214 316 44 Lansdowne,
1014 1244 11 8 K.
1082 1244 8 9 G.

280 1267 51 52 ©
366 1272 115 39 Feb.
512 1272 40 47 7,
584 1270 143 47 1928;
759 1270 69 40 2c.
860 1271 112 39 Feb.
1005 1270 84 47 13;
1124 1268 84 41 aff.
1243 1269 112 40 Feb.
1389 1268 84 48 10;
1509 1269 41 39 A
1584 1268 232 49 1061680;
1851 1269 53 40 F.
1940 1268 54 41 G.
2030 1267 257 49 Griswold,

346 1328 120 41 New
494 1328 145 40 York.
710 1326 254 49 (28-5770)

272 1409 223 63 Harap,
526 1410 224 61 Henry,
783 1411 171 50 1893-

343 1484 1880 70 The technique of curriculum making, by Henry Harap …
276 1565 138 54 New
443 1564 180 68 York,
651 1564 122 52 The
799 1563 339 52 Macmillan
1167 1581 298 51 company,
1495 1565 152 52 1928.

343 1648 65 48 xi,
438 1648 87 40 315
553 1659 44 37 p.
626 1647 111 40 incl.
766 1647 145 47 illus.,
940 1646 169 48 diagr.,
1138 1646 172 41 forms.
1370 1647 147 41 19½ᶜᵐ.

345 1704 379 48 Bibliography:
755 1715 43 36 p.
830 1703 218 40 281-312.

281 1757 51 52 ©
364 1761 112 40 Feb.
506 1762 69 46 14,
605 1760 141 41 1928;
777 1760 68 41 2c.
876 1760 94 39 and
1000 1758 83 41 aff.
1114 1759 111 40 Feb.
1256 1759 82 40 15:
1371 1759 43 39 A
1441 1758 231 48 1061721;
1705 1760 284 39 Macmillan
2019 1770 70 31 co.

359 1817 254 50 (28-5600)

274 1899 285 61 Harmon,
595 1897 192 53 Nolan
823 1896 225 64 Bailey,
1085 1900 173 49 1892-

348 1975 352 54 Ministerial
731 1975 178 53 ethics
940 1976 114 52 and
1086 1975 289 68 etiquette,
1405 1976 76 69 by
1513 1976 139 53 Rev.
1684 1976 192 54 Nolan
1907 1978 67 51 B.
2008 1977 284 67 Harmon,

279 2054 89 69 jr.,
396 2072 68 34 M.
494 2072 51 34 a.
612 2053 317 68 Nashville,
959 2054 197 67 Tenn.,
1188 2052 332 71 Cokesbury
1553 2072 176 51 press,
1762 2057 152 51 1928.

351 2135 89 41 180
466 2147 43 37 p.
569 2134 147 42 19½ᶜᵐ.

283 2189 51 52 ©
367 2194 111 39 Jan.
508 2193 71 48 24,
609 2193 142 47 1928;
783 2193 68 41 2c.
884 2194 96 38 and
1011 2192 83 41 aff.
1127 2193 113 40 Feb.
1271 2194 82 46 17;
1388 2193 40 39 A
1457 2193 233 48 1018892;
1724 2195 179 39 Lamar
1935 2194 35 41 &

2003 2194 286 50 Whitmore,

350 2250 269 41 Nashville.
693 2250 251 49 (28-5883)

275 2331 261 63 Harvey,
570 2330 258 54 William
864 2329 158 53 Earl.

351 2408 189 70 Songs
584 2408 65 54 of
696 2410 96 52 the
838 2409 177 67 West,
1063 2410 34 52 by
1184 2410 144 54 Will
1375 2410 254 69 Harvey.
1708 2410 84 56 St.
1840 2413 167 67 Paul,
2056 2413 232 52 Review

277 2486 339 70 publishing
650 2507 97 51 co.,
782 2487 150 54 1927.

380 2572 81 40 1 v.
286 2623 53 53 ©
374 2628 103 40 Oct.
512 2628 71 47 17,
616 2627 141 47 1927;
794 2628 67 40 2c.
898 2627 104 42 Oct.
1036 2628 83 47 22;
1157 2627 83 43 aff.
1277 2628 101 41 Oct.
1413 2628 84 47 29;
1534 2628 41 40 A
1609 2628 231 48 1004960;
1878 2631 72 40 W.
1987 2631 52 41 E.
2077 2631 214 49 Harvey,

356 2684 69 42 St.
454 2685 138 41 Paul.

282 2765 324 63 Heckman,
640 2765 188 53 Helen
863 2765 329 63 Elizabeth,
1231 2769 172 50 1898-

350 2843 107 69 My
486 2842 107 54 life
622 2843 410 68 transformed,
1063 2843 77 70 by
1171 2844 190 53 Helen
1393 2844 317 54 Heckman.
1784 2846 140 54 New
1956 2847 183 69 York,
2173 2849 120 52 The

285 2921 335 53 Macmillan
647 2938 299 52 company,
977 2923 152 52 1928.

351 3004 72 40 xii
450 3016 58 37 p.,
538 3006 26 38 1
628 3036 9 17 l.,
664 3004 87 41 202
780 3015 43 38 p.
883 3005 166 47 front.,
1080 3007 149 45 ports.
1289 3004 149 42 22½ᶜᵐ.

289 3056 51 52 ©
371 3061 112 41 Feb.
514 3061 69 48 14,
612 3060 116 41 1928;
786 3061 67 40 2c.
884 3062 95 38 and
1010 3060 82 42 aff.
1124 3061 112 41 Feb.
1267 3062 81 46 15;
1381 3061 41 39 A
1450 3061 231 49 1061722;
1715 3063 283 42 Macmillan
2028 3076 70 30 co.

370 3117 253 49 (28-5792)

284 3182 278 63 Herbert,
598 3182 153 52 Alan
785 3182 261 54 Patrick.

350 3261 122 52 The
503 3261 167 53 trials
699 3259 65 55 of
793 3262 208 67 Topsy.
1078 3265 82 49 24.
1193 3261 256 55 Politics.

365 3344 86 48 (In
486 3340 195 50 Punch)

291 3395 1435 55 © 1c. Mar. 24, 1928; A ad int. 10805; pubd. Jan.
1762 3404 84 47 25;
1885 3405 54 41 A.
1977 3407 51 40 P.
2066 3407 226 43 Herbert.

358 3456 216 41 London.

284 3520 203 62 Hicks,
524 3521 317 54 Frederick
876 3522 265 64 Charles,
1178 3525 173 53 1875-

357 3599 239 53 Human
632 3599 264 69 jettison;
936 3620 29 34 a
1004 3621 92 33 sea
1131 3604 114 51 tale
1285 3602 154 53 from
1475 3603 95 53 the
1606 3606 128 66 law,
1770 3606 75 68 by
1882 3607 312 54 Frederick
2232 3609 61 55 C.

287 3678 200 52 Hicks.
567 3677 167 55 Saint
772 3679 168 66 Paul,
977 3681 161 53 West
1178 3680 338 71 publishing
1555 3701 299 51 company,
1896 3686 150 53 1927.

357 3761 27 37 4
419 3770 44 37 p.
530 3791 9 16 l.,
570 3760 199 47 xiii-xv,
802 3762 85 38 414
920 3772 44 37 p.
1037 3763 164 46 front.,
1305 3795 9 14 pl.,
1347 3766 150 46 ports.
1557 3765 117 41 21ᶜᵐ.

360 3817 368 40 “Illustrations
758 3819 62 46 by
850 3819 156 40 Helen
1038 3820 203 41 Babbitt
1274 3822 95 39 and
1402 3823 144 39 Ethel
1579 3823 266 41 Blossom.”

359 3875 102 39 The
491 3877 135 45 story
655 3875 52 40 of
736 3876 82 39 the
848 3878 98 38 loss
977 3877 52 39 of
1058 3878 82 39 the
1169 3878 259 40 American
1459 3879 123 49 ship,
1612 3880 216 41 William
1860 3883 194 48 Brown,
2085 3885 96 39 and
2214 3886 82 40 the

292 3931 115 39 trial
438 3932 53 40 of
520 3942 88 29 one
638 3932 52 40 of
720 3933 81 39 the
833 3943 140 38 crew,
1005 3934 278 41 Alexander
1314 3936 216 40 William
1562 3938 214 41 Holmes,
1837 3940 61 48 cf.
1933 3941 223 41 Prelude.

360 3990 377 47 Bibliography:
771 4001 44 37 p.
846 3992 219 41 411-414.

298 4040 51 52 ©
379 4046 112 40 Dec.
520 4047 39 46 5,
588 4046 141 48 1927;
760 4047 68 41 2c.
856 4049 110 41 Feb.
996 4049 69 46 18,
1229 4061 10 37 1928;
1271 4050 82 41 aff.
1383 4051 112 41 Feb.
1525 4052 82 48 17;
1638 4053 41 38 A
1706 4053 230 49 1018841;
1968 4056 51 41 F.
2050 4056 51 41 C.
2131 4056 167 48 Hicks,

364 4102 119 40 New
513 4104 145 40 York.
728 4104 252 49 (28-5745)
