2498 4384
1332 4079 100 50 144

384 444 357 63 Thorndike,
773 444 252 55 Russell.

458 522 164 70 Sybil
647 522 482 70 Thorndike—by
1151 524 102 52 her
1275 523 249 54 brother.
1598 526 49 51 2.
1672 524 329 54 Theatrical
2024 523 361 71 beginnings.

490 607 61 38 (In
579 602 185 44 Strand
793 602 277 52 magazine,
1100 603 127 51 Jan.,
1259 603 145 51 1928)

390 658 1980 109 © 1c. Feb. 25, 1928; A ad int. 10682; pubd. Dec. 30, 1927; R. Thorndike,
607 719 213 41 London.

381 799 202 63 Tittle,
617 800 220 53 Ernest
868 800 301 63 Fremont,
1202 803 173 50 1885-

456 877 123 54 The
625 877 245 69 religion
917 878 65 52 of
1026 878 97 53 the
1166 877 201 69 spirit;
1415 878 214 54 studies
1676 878 61 53 in
1784 877 153 54 faith
1985 878 116 53 and
2146 877 124 69 life,
2314 879 74 68 by

384 955 214 54 Ernest
620 955 276 54 Fremont
921 956 196 53 Tittle.
1178 957 141 52 New
1345 955 182 69 York,
1554 955 347 69 Cincinnati,
1927 956 123 53 The
2075 955 309 68 Abingdon

383 1051 159 51 press
622 1036 152 65 [ᶜ1928]

452 1117 87 42 327
569 1128 45 38 p.
702 1116 29 42 19½ᶜᵐ.

388 1168 53 53 ©
469 1173 111 41 Jan.
608 1173 68 48 16,
704 1172 117 41 1928;
876 1173 68 41 2c.
972 1173 96 40 and
1096 1172 84 41 aff.
1207 1172 114 41 Feb.
1349 1173 24 39 1;
1432 1172 41 40 A
1500 1172 204 42 1061484;
1763 1174 53 41 E.
1844 1173 53 42 F.
1926 1173 165 49 Tittle,
2122 1174 265 48 Evanston,

456 1231 77 40 Ill.
606 1230 251 48 (28-4251)

377 1310 175 63 Tory,
588 1309 298 64 Geoffroy,
921 1312 327 51 1480-1533.

458 1387 223 70 Champ
726 1389 199 69 fleury,
966 1389 76 68 by
1085 1387 259 70 Geofroy
1387 1389 183 69 Tory;
1617 1390 317 53 translated
1977 1390 123 53 into
2144 1390 245 70 English

384 1467 112 53 and
536 1467 310 53 annotated
885 1468 76 68 by
998 1466 225 70 George
1263 1468 67 51 B.
1371 1467 147 54 Ives.
1600 1468 139 53 New
1781 1467 180 69 York,
2001 1469 124 53 The
2163 1468 48 55 G
2221 1470 170 52 roller

380 1547 148 66 club,
561 1545 150 55 1927.

452 1628 933 49 3 p. l ., xxiii, 208 p., 1 l. illus. 32 ᶜᵐ.
454 1686 128 40 “The
612 1686 275 41 committee
917 1696 60 30 on
1006 1684 328 50 publications
1364 1685 53 40 of
1443 1685 82 41 the
1556 1686 190 40 Grolier
1774 1686 110 41 club
1913 1686 210 41 certifies
2153 1687 111 40 that
2290 1686 98 42 this

384 1753 119 38 copy
532 1743 52 41 of
616 1743 186 48 George
832 1744 54 40 B.
917 1742 151 41 Ives’s
1097 1742 299 41 translation
1425 1742 53 41 of
1508 1742 212 49 Geofroy
1748 1742 169 49 Tory’s
1948 1743 189 49 Champ
2163 1744 155 47 fleury
2345 1744 43 39 is

382 1811 89 30 one
495 1800 52 41 of
571 1811 64 30 an
660 1800 185 41 edition
869 1800 270 48 consisting
1163 1799 52 42 of
1241 1800 87 41 390
1351 1799 161 50 copies
1537 1811 61 30 on
1623 1800 200 49 antique
1847 1811 133 30 wove
2004 1810 90 39 rag
2117 1811 149 38 paper
2292 1802 93 39 and

379 1858 27 40 7
435 1858 159 49 copies
620 1869 61 29 on
709 1859 135 47 large
871 1859 293 39 hand-made
1192 1868 165 38 paper.
1417 1858 277 47 December,
1722 1857 158 41 1927.”

455 1915 259 49 Colophon,
741 1915 120 41 with
888 1914 170 49 design
1084 1914 52 41 of
1161 1915 158 40 Bruce
1345 1915 184 48 Rogers:
1582 1915 66 40 At
1671 1915 85 40 the
1778 1914 221 49 printing
2021 1915 153 41 house
2198 1914 52 41 of
382 1915 1988 98 William

525 1972 172 41 Edwin
722 1973 184 48 Rudge,
932 1974 173 39 Mount
1125 1972 210 47 Vernon,
1360 1972 118 40 New
1502 1972 146 47 York,
1673 1971 219 48 October,
1917 1972 129 40 1927.

385 2027 54 52 ©
467 2032 113 40 Dec.
608 2030 69 48 15,
707 2030 113 41 1927;
879 2030 68 41 2c.
976 2030 96 40 and
1101 2028 83 43 aff.
1212 2029 112 41 Jan.
1354 2029 39 48 5,
1423 2028 142 48 1928;
1597 2029 41 39 A
1667 2028 230 47 1061052;
1931 2029 193 40 Grolier
2151 2028 125 42 club.

463 2088 252 48 (28-4222)

382 2168 501 64 Trendelenburg,
914 2167 356 64 Ferdinand,
1300 2168 85 53 ed.

453 2246 271 67 Akustik,
762 2245 313 54 bearbeitet
1114 2263 112 35 von
1265 2245 79 53 H.
1386 2244 323 69 Backhaus,
1749 2245 56 54 J.
1848 2244 214 68 Friese,
2103 2245 69 53 E.
2213 2245 80 52 Μ.
2336 2264 51 35 v.

381 2322 2007 71 Hornbostel [ u. a.] … redigiert von F. Trendelenburg. Mit 252
381 2404 405 68 abbildungen.
849 2402 219 68 Berlin,
1092 2402 56 55 J.
1178 2402 301 69 Springer,
1508 2402 152 55 1927.

381 2483 1990 99 ix, [1], 712 p. illus., diagrs. 26 ᶜᵐ. ( Added t.-p.: Handbuch der physik …
559 2541 130 48 hrsg.
714 2552 94 29 von
833 2541 61 41 H.
920 2540 174 48 Geiger
1120 2542 97 39 und
1246 2541 124 40 Karl
1399 2541 169 41 Scheel.
1642 2542 76 40 bd.
1845 2540 13 48 VIII)

383 2595 1830 53 © July 12, 1927; 1c. Nov. 8; A— Foreign 36443; Julius Springer.
461 2655 252 50 (28-3671)

376 2736 204 63 Trent,
615 2735 201 64 Lucia,
851 2736 84 53 ed.

448 2812 268 55 America
765 2814 306 69 arraigned
1092 2813 11 53 !
1190 2814 215 53 Edited
1452 2813 76 69 by
1575 2813 179 54 Lucia
1800 2814 179 53 Trent
2025 2814 114 53 and
2186 2814 194 69 Ralph

378 2891 289 71 Cheyney,
692 2892 142 53 with
861 2911 71 34 an
959 2892 393 53 introduction
1378 2893 76 68 by
1480 2892 157 55 John
1663 2893 237 69 Haynes
1926 2892 257 54 Holmes.
2246 2893 140 53 New

378 2969 182 69 York,
586 2971 164 53 Dean
778 2972 45 51 &
850 2988 298 51 company,
1178 2973 151 50 1928.

446 3053 56 40 95
534 3063 43 39 p.
636 3052 56 40 21½ᶜᵐ.

448 3110 255 40 Memorial
731 3110 197 47 tribute,
957 3109 51 40 in
1035 3120 153 38 verse,
1217 3111 50 39 to
1296 3109 169 41 Nicola
1497 3110 148 41 Sacco
1675 3110 96 40 and
1800 3110 311 40 Bartolomeo
2141 3109 242 43 Vanzetti.

374 3167 64 46 cf.
471 3167 275 41 Foreword.

381 3218 53 53 ©
464 3224 111 40 Jan.
603 3224 70 47 20,
704 3223 116 41 1928;
876 3224 69 40 2c.
975 3224 110 40 Jan.
1115 3223 56 41 25;
1230 3223 84 42 aff.
1346 3224 111 41 Jan.
1486 3224 56 40 26;
1602 3223 42 40 A
1673 3223 201 40 1018551;
1936 3223 139 40 Dean
2106 3223 37 41 &
2173 3235 68 30 co.

463 3280 250 48 (28-4111)

373 3359 73 53 U.
475 3359 59 54 S.
607 3360 186 68 Laws,
820 3365 259 62 statutes,
1108 3365 101 48 etc.

447 3437 217 54 United
696 3437 188 55 States
914 3437 155 54 Code
1098 3439 327 51 annotated.
1501 3438 122 52 The
1651 3438 136 52 code
1813 3436 64 54 of
1905 3437 97 53 the
2027 3438 140 54 laws
2196 3437 64 54 of
2286 3438 96 53 the

378 3516 219 54 United
633 3515 189 55 States
856 3516 61 52 in
951 3515 157 54 force
1141 3516 311 53 December
1486 3515 50 68 7,
1572 3519 153 64 1925,
1759 3534 60 35 as
1855 3516 234 52 enacted
2123 3515 76 69 by
377 3515 1981 147 Congress

377 3593 1980 130 June 28 and approved June 30, 1926 … Title 32. National
604 3671 201 68 guard.
890 3670 83 55 St.
1019 3672 167 66 Paul,
1231 3671 205 68 Minn.,
1480 3671 162 55 West
1687 3670 336 70 publishing
2070 3689 308 51 company;

376 3748 344 68 Northport,
750 3749 166 69 Long
946 3749 220 67 Island,
1198 3749 70 53 N.
1303 3749 92 68 Y.,
1428 3749 256 53 Edward
1717 3749 331 67 Thompson
2082 3766 299 52 company,

379 3829 151 51 1928.

446 3908 65 47 xi,
542 3907 87 41 154
658 3917 44 39 p.
760 3908 57 39 24½ᶜᵐ.

380 3959 53 54 ©
463 3965 112 41 Dec.
604 3964 70 49 20,
704 3964 115 42 1927;
877 3965 68 41 2c.
976 3965 112 42 Feb.
1118 3965 68 49 18,
1218 3965 116 42 1928;
1393 3965 84 43 aff.
1508 3965 112 42 Feb.
1650 3966 56 41 17;
1765 3965 41 41 A
1835 3965 204 42 1018858;
2100 3966 136 41 West
2266 3965 109 49 pub.

447 4033 83 38 co.,
555 4023 211 40 Edward
790 4022 276 49 Thompson
1088 4032 69 32 co.
