2498 4384
1189 4122 101 51 195

216 453 175 63 Cook,
425 453 274 53 Edmund
733 451 264 62 Francis,
1033 451 172 52 1867-

351 522 1822 72 … Methodism and world service, by Edmund F. Cook …
217 610 317 66 Nashville,
565 610 198 66 Tenn.,
796 607 332 69 Cokesbury
1156 624 177 50 press,
1364 607 151 51 1928.

289 691 86 41 172
401 703 46 36 p.
507 691 116 40 19ᶜᵐ.
695 689 305 49 (Cokesbury
1029 687 442 49 training·course)

220 759 53 54 ©
305 762 112 43 Jan.
447 763 70 49 28,
549 762 142 48 1928;
724 762 68 41 2c.
824 761 96 41 and
951 760 83 42 aff.
1067 761 112 41 Feb.
1210 760 84 43 17;
1328 760 41 39 A
1400 758 231 47 1018893;
1668 759 178 39 Lamar
1879 757 36 42 &
1948 757 286 43 Whitmore.

288 822 269 40 Nashville.
629 820 253 49 (28-5886)

216 914 294 63 Crecraft,
546 915 140 52 Earl
716 913 208 63 Willis,
961 917 170 50 1886-

287 992 393 56 Government
713 993 114 52 and
862 991 286 67 business;
1188 1010 32 34 a
1255 990 175 69 study
1465 990 61 53 in
1561 990 97 53 the
1693 989 287 53 economic
2015 994 222 62 aspects

216 1071 65 53 of
306 1076 376 65 government
707 1071 114 52 and
846 1070 98 53 the
969 1069 196 69 public
1190 1074 223 63 aspects
1438 1067 66 54 of
1525 1068 275 67 business,

216 1066 2023 149 by Earl Willis Crecraft … Yonkers-on-Hudson, N. Y. and Chicago, Ill.,
217 1228 206 55 World
450 1227 148 54 book
626 1244 282 52 company
1016 1228 119 65 [ᶜ1928]

287 1312 65 46 xi,
379 1312 88 41 508
494 1323 43 37 p.
598 1311 117 40 21ᶜᵐ.

288 1368 380 49 Bibliography:
702 1378 44 38 p.
776 1366 221 42 485-500.

223 1421 52 53 ©
306 1426 113 40 Feb.
449 1426 39 46 7,
518 1424 141 41 1928;
693 1424 67 40 2c.
791 1423 112 41 Feb.
933 1422 84 41 20:
1050 1422 82 42 aff.
1165 1422 112 41 Feb.
1308 1422 54 41 17,
1422 1422 40 39 A
1493 1422 231 41 1061795;
1760 1422 166 40 World
1957 1422 124 39 book
2112 1432 69 30 co.

302 1482 254 49 (28-5797)

221 1576 294 70 [Cubellis,
549 1577 140 53 Mrs.
725 1576 165 63 Lucy
932 1574 291 65 (Binetti)]
1294 1577 172 50 1886-

291 1655 123 53 The
443 1654 191 56 Count
660 1653 340 68 Vurenscki,
1027 1653 76 70 by
1134 1652 222 54 Lucille
1388 1651 223 71 Corbey
1666 1653 216 68 [pseud.]
1977 1653 114 52 [Los
221 1652 1993 151 Angeles,
413 1733 220 55 Wetzel

659 1732 339 70 publishing
1025 1750 99 49 co.,
1152 1734 154 65 1928]

293 1815 287 47 cover-title,
608 1815 58 41 20
690 1826 44 37 p.
794 1814 148 42 20½ᶜᵐ.

224 1870 52 53 ©
310 1874 112 41 Jan.
454 1874 69 47 21,
690 1883 9 37 1928;
732 1873 68 40 2c.
835 1872 112 42 Feb.
980 1874 52 40 1:
1069 1872 83 41 aff.
1186 1872 112 41 Jan.
1331 1873 51 39 31
1406 1883 8 31 :
1452 1873 39 39 A

1526 1872 231 42 1061515;
1795 1872 50 41 L.
1881 1872 230 43 Cubellis.
2148 1873 93 42 Los

295 1931 222 49 Angeles.
589 1930 253 49 (28-5806)

216 2025 565 64 Descriptive-word
830 2025 189 67 index,
1067 2028 150 49 1926.
1297 2025 70 52 3d
1416 2025 296 52 decennial
1758 2024 206 70 digest,
286 2025 1927 149 supplementing

570 2104 529 68 descriptive-word
1126 2104 174 52 index
1325 2109 58 47 to
1407 2103 94 53 the
1525 2102 123 55 first
1675 2104 113 52 and
1812 2104 205 53 second
287 2104 1928 133 decennial

442 2181 1800 72 digests (American digest system) … St. Paul, West
286 2262 340 69 publishing
657 2280 300 50 company,
993 2264 150 50 1928.

291 2346 64 49 vi,
387 2346 88 41 754
507 2357 43 38 p.
613 2345 119 42 26ᶜᵐ.

226 2399 52 53 ©
308 2404 112 41 Feb.
448 2404 69 48 11,
545 2403 142 47 1928;
716 2403 68 41 2c.
813 2405 123 40 Mar.
963 2403 84 41 12:
1077 2402 82 42 aff.
1189 2404 123 40 Mar.
1342 2403 83 41 10:
1456 2403 41 40 A
1525 2403 231 43 1068236;
1788 2405 134 40 West
1952 2404 111 49 pub.
2093 2415 68 30 co.

220 2513 213 63 Dixon,
466 2513 284 53 Franklin
781 2514 88 54 W.

353 2592 1891 70 … The missing chums, by Franklin W. Dixon … illustrated
221 2672 76 68 by
322 2671 226 54 Walter
579 2669 58 56 S.
668 2671 235 69 Rogers.
971 2671 140 53 New
1142 2671 183 67 York,
1356 2670 237 56 Grosset
1621 2673 47 51 &
1696 2672 240 68 Dunlap
1973 2705 13 34 [
2048 2674 101 51 ᶜ1928
2156 2706 12 33 ]

291 2754 62 47 iv,
383 2753 88 40 214
501 2764 44 37 p.
607 2753 151 41 front.
820 2753 147 41 19½ᶜᵐ.
1061 2754 95 40 (His
1186 2753 104 41 The
1321 2754 173 48 Hardy
1527 2754 144 49 boys)

229 2807 51 52 ©
316 2811 113 40 Feb.
464 2810 69 47 10,
569 2809 142 42 1928;
748 2810 68 41 2c.
851 2811 97 40 and
983 2810 83 41 aff.
1103 2811 112 40 Feb.
1253 2811 82 46 15;
1373 2811 40 39 A
1449 2811 232 47 1061704;
1722 2811 202 41 Grosset
1960 2812 36 40 &
2032 2813 211 48 Dunlap,

295 2867 92 42 inc.
459 2867 253 49 (28-5644)

225 2962 267 62 Durlam,
530 2962 227 64 George
790 2963 236 52 Arthur
1059 2963 131 53 Van
1224 2963 297 64 Weyrick.

298 3039 253 70 Captain
588 3040 289 71 Courage;
915 3042 99 52 the
1046 3048 158 63 story
1240 3041 64 55 of
1337 3043 97 52 the
1469 3042 259 54 Monitor
1761 3044 115 52 and
1908 3044 98 53 the
226 3044 1993 127 Merrimac.

450 3120 262 53 Pictures
759 3121 112 52 and
920 3127 159 63 story
1124 3122 76 68 by
1248 3120 69 56 G.
1366 3121 70 53 A.
1484 3122 133 54 Van
1662 3121 275 55 Weyrick
1982 3122 265 54 Durlam.

220 3196 368 70 Hollywood,
621 3197 195 67 Calif.,
847 3199 144 52 Earl
1019 3199 167 68 Hays
1215 3217 177 50 press,
1424 3199 151 54 1927.

297 3280 26 40 1 v.
230 3333 52 53 ©
317 3338 122 47 Aug.
474 3337 70 48 20,
581 3337 141 43 1927;
760 3339 69 41 2c.
864 3340 97 39 and
997 3339 84 41 aff.
1118 3339 121 42 Nov.
1275 3340 83 48 14;
1397 3340 42 40 A
1474 3340 232 47 1010375;
1747 3340 54 42 G.
1839 3341 54 41 A.
1932 3342 53 40 V.
2024 3341 223 49 Durlam,

298 3395 305 48 Hollywood,
637 3395 144 40 Calif.

228 3487 372 63 Emmanuel,
634 3489 282 54 Maurice.

295 3565 57 53 A
381 3565 281 54 listener’s
691 3567 389 55 introduction
1113 3576 58 46 to
1201 3571 96 52 the
1328 3570 179 54 music
1536 3571 64 52 of
1630 3571 228 54 Ravel’s
1886 3573 235 52 Pavane
2152 3571 94 55 for

229 3663 27 33 a
303 3644 146 53 dead
491 3645 252 67 princess
786 3646 64 52 of
892 3645 200 71 Spain,
1134 3649 75 68 by
1321 3692 9 9 M.
1375 3650 360 66 Emmanuel,
1779 3651 209 68 played
2030 3651 78 69 by
2150 3651 96 53 the

227 3740 308 51 composer.
613 3724 108 53 Ed.
761 3725 131 66 [and
922 3731 71 47 tr.]
1048 3727 76 68 by
1154 3728 184 68 Percy
1371 3728 71 52 A.
1478 3727 248 55 Scholes.
1809 3729 278 67 [London]
2124 3730 121 52 The

227 3800 247 54 Aeolian
510 3821 98 46 co.,
644 3803 104 52 ltd.
813 3803 152 67 [1927]
1057 3805 149 67 (The
1245 3806 229 53 world’s
1510 3806 194 54 music.
1781 3808 268 54 Duo-art.
224 3808 1998 124 Annotated
493 3880 186 54 series.
755 3881 225 68 D-283)

235 3957 2015 61 © 1c. June 22, 1927; A ad int. 10795; pubd. Apr. 25; Aeolian co., New
304 4020 146 46 York,
532 4016 52 52 [©
616 4023 104 42 text
748 4024 95 41 and
875 4022 332 43 illustrations
1239 4036 60 29 on
1329 4026 155 41 music
1513 4029 108 38 roll]
