2498 4384
1046 4110 100 51 403

110 435 181 62 Buck,
324 435 135 54 Carl
489 434 266 65 Darling,
791 438 169 50 1866-

246 510 1645 71 … Introduction to the study of the Greek dialects;
112 531 1985 126 grammar,
283 591 241 52 selected
555 591 390 68 inscriptions,
975 590 277 69 glossary.
1377 607 82 35 Rey.
1495 589 86 53 ed.
1652 590 90 69 By
1779 588 136 56 Carl

114 590 2007 148 Darling Buck … Boston, New York [etc.] Ginn and company
225 748 84 65 [ ᶜ19 28 ]
181 827 1940 50 xviii, 348 p. map, charts (part fold.) 23 ᶜᵐ. (College series of
113 885 156 40 Greek
309 886 219 46 authors,
568 886 71 40 ed.
681 886 153 39 under
874 887 80 38 the
993 884 307 49 supervision
1341 884 52 41 of
1434 886 43 39 J.
1518 886 72 40 W.
1633 885 161 41 White
1836 887 92 39 and
1974 887 48 41 C.
2066 888 52 40 B.

112 941 199 47 Gulick)

182 998 247 41 “Selected
464 999 337 48 bibliography
834 998 52 41 of
920 998 160 40 works
1115 998 52 40 of
1200 998 249 41 reference
1484 998 118 41 with
1640 1000 81 39 the
1754 998 366 43 abbreviations

109 1055 279 48 employed”:
449 1067 42 38 p.
520 1055 218 42 289-295.

110 1109 52 52 ©
193 1113 112 42 Feb.
333 1112 70 49 29,
435 1114 113 41 1928;
606 1114 67 40 2c.
705 1113 123 40 Mar.
857 1112 55 40 19;
972 1112 83 42 aff.
1086 1114 123 39 Mar.
1240 1113 55 40 17;
1356 1112 40 40 A
1425 1112 204 42 1068385;
1690 1114 204 41 Charles
1926 1115 190 40 Burton

178 1170 187 48 Gulick,
397 1170 302 48 Cambridge,
730 1172 147 39 Mass.
942 1165 70 54 [©
1043 1169 251 41 extensive
1324 1170 226 49 changes]

187 1227 254 49 (28-8524)

102 1321 214 63 Burns,
346 1322 223 53 Robert
598 1322 136 52 Leo.

175 1400 420 53 Measurement
625 1399 65 54 of
719 1400 95 53 the
844 1400 142 53 need
1020 1399 93 54 for
1144 1401 404 69 transporting
1577 1402 225 67 pupils;
1836 1401 152 54 basis
2021 1401 95 54 for

104 1484 146 47 state
273 1478 383 70 equalization
680 1477 65 54 of
767 1479 458 68 transportation
1251 1484 165 61 costs,
1439 1479 76 69 by
1540 1480 216 53 Robert
1780 1480 115 53 Leo
1922 1481 193 53 Burns

165 1556 1951 73 … New York city, Teachers college, Columbia university,
106 1635 149 54 1927.

173 1718 1939 52 5 p. l., 61 p. diagrs. 23½ᶜᵐ. (Teachers college, Columbia university.
104 1775 367 42 Contributions
501 1779 47 39 to
576 1776 272 47 education,
876 1788 77 29 no.
980 1775 112 48 289)

173 1834 38 39 A
238 1835 145 46 study
412 1834 145 40 based
583 1845 60 30 on
671 1834 80 41 the
777 1835 118 39 New
921 1834 172 48 Jersey
1118 1835 163 40 school
1310 1836 197 45 system.

172 1890 377 49 Bibliography:
584 1891 220 49 p.60-61.

104 1944 52 52 ©
188 1949 110 41 Feb.
330 1949 38 47 8,
400 1948 141 47 1928;
574 1950 67 40 2c.
674 1950 111 39 Feb.
815 1949 83 43 20;
932 1949 82 41 aff.
1047 1950 111 40 Feb.
1190 1950 83 47 29;
1306 1950 40 39 A
1377 1949 232 48 1068034;
1643 1950 243 41 Teachers
1916 1952 194 49 college,

175 2006 251 40 Columbia
459 2006 129 41 univ.
660 2006 254 50 (28-8484)

94 2098 184 64 Bush,
312 2100 206 65 Irving
549 2101 46 52 T
892 2104 169 50 1869-

165 2177 286 70 Working
479 2178 140 53 with
650 2179 94 52 the
775 2179 200 67 world,
1002 2178 74 70 by
1106 2179 209 69 Irving
1342 2180 67 52 T.
1439 2178 176 54 Bush.
1692 2178 230 56 Garden
1958 2178 155 71 City,

95 2255 70 53 N.
198 2256 89 64 Y.,
317 2256 359 64 Doubleday,
706 2257 200 52 Doran
936 2259 45 50 &
1011 2275 300 45 company,
1340 2257 127 63 inc.,
1498 2260 150 51 1928.

165 2340 573 49 5 p. l., 315 p. 21½ᶜᵐ.
167 2398 163 41 “First
365 2397 231 42 edition.”

100 2450 51 52 ©
183 2455 109 40 Jan.
322 2454 69 47 27,
423 2453 114 42 1928;
595 2454 68 42 2c.
693 2454 96 40 and
820 2453 81 42 aff.
933 2455 122 40 Mar.
1086 2453 55 40 12;
1202 2454 41 39 A
1274 2453 203 42 1068423;
1540 2455 300 48 Doubleday,
1873 2455 167 41 Doran
2074 2457 36 40 &

167 2522 82 37 co.,
280 2511 91 41 inc.
444 2511 252 49 (28-8360)

92 2591 437 63 Chamberlain,
568 2591 228 65 George
835 2592 244 63 Agnew,
1120 2590 172 54 1879-

163 2671 120 52 The
316 2676 265 63 stranger
612 2675 57 48 at
701 2670 96 53 the
832 2669 149 55 feast
1037 2669 92 69 [by]
1168 2669 224 71 George
1423 2670 223 70 Agnew
1681 2671 423 55 Chamberlain.

93 2749 139 54 New
263 2749 166 53 York
457 2751 46 51 &
534 2750 262 66 London,
825 2749 68 55 G.
926 2751 65 51 P.
1023 2748 300 54 Putnam’s
1355 2767 148 51 sons,
1539 2753 149 49 1928.

163 2831 416 49 1 p. l., 352 p. 19½ ᶜᵐ.
97 2886 52 52 ©
183 2891 120 40 Mar.
335 2890 69 46 23,
439 2889 140 46 1928;
613 2890 67 40 2c.
713 2891 96 39 and
841 2888 82 43 aff.
959 2891 121 39 Mar.
1111 2890 83 45 24;
1229 2890 45 40 A
1303 2889 230 48 1069436;
1569 2890 55 42 G.
1656 2890 53 41 A.
1745 2891 360 45 Chamberlain.

164 2947 282 49 Bridgeton,
479 2948 57 40 N.
569 2948 44 40 J.
684 2947 252 48 (28-8408)

89 3024 168 63 Chiu,
297 3025 382 64 Chang-Wei,
721 3029 170 49 1899-

163 3104 122 53 The
317 3105 241 68 speaker
590 3104 64 54 of
686 3104 95 53 the
814 3105 197 52 House
1045 3104 65 54 of
1143 3105 477 67 representatives
1655 3105 151 54 since
1844 3108 152 63 1896,
2030 3104 76 70 by

93 3181 359 71 Chang-Wei
503 3182 171 68 Chiu,
808 3226 9 9 PH.
906 3225 10 10 D.
1010 3183 139 53 New
1199 3183 184 67 York,
1432 3182 302 56 Columbia
1784 3183 318 70 university

94 3280 185 49 press;
309 3262 260 66 London,
595 3263 65 51 P.
692 3261 57 56 S.
776 3262 165 70 King
965 3264 47 50 &
1036 3280 122 49 son,
1182 3262 126 67 ltd.,
1338 3265 150 51 1928.

161 3344 1942 49 347 p. 23 ᶜᵐ. (Half-title: Studies in history, economics and public law,
92 3403 72 40 ed.
196 3403 59 46 by
288 3401 79 41 the
399 3402 207 48 Faculty
637 3402 51 40 of
719 3402 217 48 political
968 3402 186 42 science
1186 3403 52 40 of
1271 3403 251 41 Columbia
1557 3402 285 46 university,
1877 3413 73 31 no.
1982 3403 111 41 297)

164 3458 265 41 Published
465 3459 103 40 also
605 3469 55 30 as
698 3460 152 39 thesis
896 3460 109 47 (PH.
1074 3459 359 49 D.)—Columbia
1475 3459 286 47 university,
1801 3459 130 41 1928.

163 3516 352 49 Bibliography:
577 3528 43 37 p.
638 3517 217 41 344-347.

94 3569 52 52 ©
177 3574 109 40 Jan.
315 3574 69 41 30,
416 3574 115 41 1928;
589 3575 66 40 2c.
687 3575 110 41 Feb.
828 3575 28 40 6;
913 3574 82 42 aff.
1028 3575 109 41 Feb.
1169 3575 55 40 23;
1286 3575 40 39 A
1357 3575 201 41 1061881;
1622 3575 207 47 Faculty
1861 3575 51 41 of
161 3574 1922 97 political
268 3631 201 47 science,
505 3632 252 40 Columbia
791 3632 144 48 univ.,
970 3633 117 39 New
1120 3633 145 40 York.
1337 3631 253 49 (28-8479)

89 3710 237 54 Church
354 3711 66 52 of
446 3711 177 53 Jesus
654 3711 205 55 Christ
889 3712 64 52 of
979 3712 331 63 latter-day
1337 3712 212 52 saints.

159 3789 247 54 Himnos
438 3791 67 53 de
541 3790 139 55 Sion
714 3791 69 53 de
814 3792 55 51 la
900 3791 214 69 Iglesia
1146 3792 69 52 de
1246 3790 315 55 Jesucristo
1595 3791 68 52 de
1694 3790 83 52 los
1807 3795 193 47 santos
2031 3789 70 53 de

88 3867 1989 148 los ultimos dias, publicado por la Misi ó n mexicana. Independence,
424 3948 135 68 Mo.,
591 3949 181 68 Impr.
808 3949 67 52 de
912 3948 186 53 Zion’s
1133 3948 266 69 printing
1433 3948 110 53 and
1581 3945 338 74 publishing
88 3965 1987 129 company,
291 4025 150 55 1927.
