2498 4384
1102 4043 135 50 1333

213 480 850 52 4 p. l., 11-231, [3] p., 1 l. 19 ᶜᵐ .
151 545 1915 57 © Oct. 21, 1927; 1c. Dec. 5; A— Foreign 37700; Henri Gilson, Paris.
230 609 281 49 (28-21173)

150 702 296 63 Newlove,
481 701 228 63 George
743 699 192 63 Hillis,
975 703 169 50 1893-

218 779 62 56 C.
324 779 66 54 P.
434 778 70 54 A.
550 777 368 70 accounting;
964 777 219 69 theory,
1226 775 306 70 questions,
1576 774 113 53 and
1732 773 304 70 problems,
2078 772 72 69 by

146 850 1984 153 George Hillis Newlove … 3d ed., rev. and enl. … Washington,
292 936 70 53 D.
394 934 81 68 C.,
502 936 120 52 The
649 933 196 55 White
873 951 156 50 press
1059 950 298 50 company,
1387 931 125 67 inc.,
1543 933 151 50 1928.

219 1017 31 42 4
311 1050 9 10 v.
380 1018 148 41 23½ᶜᵐ.

225 1087 379 42 “References”:
635 1098 41 29 v.
705 1089 41 44 1,
775 1097 43 37 p.
845 1085 232 47 339-344;
1110 1085 281 48 duplicated
1420 1084 50 40 in
1498 1095 43 29 v.
1570 1084 40 48 3,
1640 1095 43 37 p.
1711 1082 219 42 308-313.

155 1157 52 53 ©
238 1161 129 48 Sept.
396 1162 41 45 1,
467 1159 141 47 1928;
638 1159 68 40 2c.
736 1157 118 41 each
885 1158 97 39 and
1010 1156 82 41 aff.
1126 1156 129 48 Sept.
1285 1156 83 48 11;
1400 1155 42 40 A
1471 1154 231 49 1053258;
1737 1156 52 41 G.
1821 1156 60 41 H.
1912 1155 243 47 Newlove,

222 1218 192 47 Austin,
447 1216 115 41 Tex.
633 1213 279 51 (28-21355)

153 1311 213 62 Olcott,
398 1308 292 65 Virginia.

227 1388 291 65 Concetta,
553 1388 96 52 the
687 1387 152 52 coral
878 1385 131 69 girl,
1045 1385 76 69 by
1158 1384 273 70 Virginia
1472 1383 212 68 Olcott,
1723 1383 141 54 with
156 1383 1975 136 illustrations

334 1466 113 52 and
478 1464 356 54 decorations
863 1463 77 70 by
971 1462 314 56 Catharine
1319 1462 207 56 Smith.
1593 1462 139 55 New
1765 1461 181 69 York,
155 1463 1978 133 Frederick
334 1542 71 53 A.
439 1542 202 55 Stokes
671 1559 298 52 company,
1002 1544 151 50 1928.

225 1625 97 47 xiv,
351 1626 70 46 77,
452 1624 55 49 [5]
536 1634 45 38 p.
641 1624 86 41 col.
756 1624 165 47 front.,
951 1624 87 39 col.
1067 1623 128 41 illus.
1258 1623 146 41 21½ᶜᵐ.

157 1693 51 52 ©
243 1696 128 48 Sept.
403 1696 71 48 13,
507 1695 141 48 1928;
682 1696 68 41 2c.
786 1695 129 48 Sept.
946 1695 83 47 17;
1064 1694 83 41 aff.
1184 1694 130 49 Sept.
1347 1694 83 48 15;
1465 1694 42 40 A
1538 1694 231 48 1054356;
1806 1695 265 40 Frederick
2104 1695 54 40 A.

226 1752 172 41 Stokes
429 1764 68 29 co.
568 1752 281 49 (28-21421)

156 1845 228 55 Oxford
428 1846 116 53 and
586 1844 282 65 Asquith,
912 1845 260 53 Herbert
1214 1845 209 64 Henry
1466 1844 282 65 Asquith,
1791 1849 86 50 1st
1919 1845 119 54 earl
2081 1845 79 69 of,

216 1927 326 50 1852-1928.

227 2002 305 53 Memories
562 2003 113 52 and
705 2002 335 68 reflections,
1072 2002 329 67 1852-1927,
1429 2002 77 68 by
1534 2001 97 54 the
1661 2001 143 53 Earl
1833 2000 66 55 of
1930 2001 230 56 Oxford

160 2080 2003 71 and Asquith, k. g. … Boston, Little, Brown, and company,
161 2162 150 52 1928.

228 2243 29 40 2
318 2274 9 10 v.
382 2242 192 47 fronts.,
603 2241 144 49 illus.,
776 2243 165 47 ports.,
971 2240 120 43 fold,
1120 2250 127 40 map,
1277 2240 219 43 facsims.
1552 2241 150 42 24½ᶜᵐ.

229 2300 102 40 The
359 2298 367 49 responsibility
752 2298 80 41 for
861 2298 82 41 the
972 2301 345 45 arrangement
1347 2299 53 40 of
1429 2299 82 40 the
1539 2301 99 38 last
1668 2298 134 42 third
1831 2298 53 41 of
1912 2298 98 41 this
2040 2300 124 40 book

161 2358 96 40 and
292 2356 83 42 the
408 2356 118 40 final
563 2355 212 42 revision
811 2355 52 42 of
899 2355 82 42 the
1017 2355 156 42 whole
1208 2355 91 42 has
1334 2357 120 40 been
1492 2356 148 41 borne
1676 2357 61 47 by
1774 2356 83 42 the
1893 2358 270 41 executors.

157 2415 102 42 The
298 2414 137 40 work
475 2413 90 41 has
606 2414 118 40 been
765 2413 192 43 carried
998 2416 84 38 out
1124 2414 62 47 by
1228 2415 91 39 Mr.
1362 2415 278 39 Alexander
1684 2413 325 44 Mackintosh,
2055 2414 107 40 who

161 2471 211 41 assisted
399 2471 130 40 Lord
558 2470 189 41 Oxford
775 2470 301 48 throughout
1104 2470 85 41 the
1214 2470 319 50 preparation
1562 2470 53 42 of
1643 2470 82 44 the
1754 2471 137 41 book.
1949 2471 62 49 cf.
2041 2471 124 41 Note

158 2529 60 47 by
251 2528 128 42 Lord
415 2527 228 42 Oxford’s
676 2529 270 39 executors.

161 2582 51 52 ©
247 2585 128 48 Sept.
408 2585 40 47 6,
480 2584 119 42 1928;
654 2584 68 42 2c.
754 2584 122 40 each
906 2586 97 39 and
1034 2584 83 41 aff.
1152 2583 130 50 Sept.
1316 2585 82 47 13;
1434 2585 41 39 A
1507 2584 230 49 1054302;
1773 2584 164 50 Little,
1971 2585 194 49 Brown,

229 2643 96 39 and
356 2652 250 38 company.
677 2641 282 49 (28-21383)

159 2735 229 64 Porter,
419 2736 138 53 Mrs.
591 2735 255 52 Eleanor
883 2734 379 66 (Hodgman)
1302 2737 329 53 1868-1920.

229 2814 121 52 The
385 2812 295 54 fortunate
713 2814 189 67 Mary,
936 2813 75 70 by
1047 2814 251 52 Eleanor
1332 2814 77 52 H.
1448 2815 221 52 Porter.
1747 2813 232 56 Garden
2017 2813 153 71 City,

159 2892 69 52 N.
257 2893 89 61 Y.,
371 2891 360 63 Doubleday,
758 2892 200 52 Doran
983 2893 46 51 &
1054 2909 301 45 company,
1381 2892 127 62 inc.,
1538 2895 151 51 1928.

225 2974 537 49 3 p. l., 265 p. 19½ᶜᵐ.
233 3032 149 40 Short
401 3031 191 41 stories.

165 3084 51 52 ©
247 3089 116 47 July
393 3088 71 47 13,
495 3087 117 41 1928;
668 3089 68 39 2c.
768 3089 97 39 and
896 3088 82 42 aff.
1012 3088 129 48 Sept.
1174 3089 53 47 8;
1261 3089 42 40 A
1333 3088 232 48 1053359;
1599 3089 301 49 Doubleday,
1933 3089 170 40 Doran
2134 3090 37 40 &

232 3156 82 37 co.,
345 3145 91 40 inc.
507 3145 281 49 (28-21586)

162 3238 159 63 Rice,
349 3238 256 54 Wallace
634 3238 70 53 de
736 3238 183 54 Groot
950 3238 172 64 Cecil,
1155 3244 174 50 1859-

228 3317 122 52 The
393 3315 254 70 Chicago
686 3316 160 54 stock
887 3317 318 69 exchange;
1250 3336 32 34 a
1322 3317 242 69 history,
1604 3317 77 70 by
1719 3318 256 55 Wallace
2017 3318 138 55 Rice

164 3393 291 65 [Chicago]
494 3395 121 52 The
649 3393 339 55 Committee
1019 3413 69 35 on
1124 3395 222 63 library
1378 3396 66 53 of
1473 3397 96 53 the
1604 3396 253 62 Chicago
1889 3397 160 53 stock
160 3416 1986 125 exchange,
428 3475 149 51 1928.

232 3556 84 40 103
346 3567 43 37 p.
449 3556 151 41 front.
658 3558 118 40 22ᶜᵐ.

170 3607 51 52 ©
256 3612 120 48 Aug.
410 3613 71 47 22,
516 3612 117 41 1928;
693 3614 68 41 2c.
795 3614 98 39 and
926 3613 83 42 aff.
1047 3613 129 49 Sept.
1211 3614 84 48 11;
1332 3614 42 40 A
1408 3614 231 48 1054245;
1678 3615 210 49 Chicago
1923 3617 139 40 stock
238 3628 1918 89 exchange.
504 3668 280 49 (28-21555)

165 3761 207 64 Riggs,
404 3762 147 54 Ollie
582 3763 65 53 L.

234 3839 185 52 Three
457 3839 139 68 days
635 3841 114 52 and
786 3842 159 52 three
982 3841 197 69 nights
1216 3841 61 53 in
1314 3844 96 52 the
1447 3844 163 52 heart
1648 3843 66 53 of
1746 3845 97 53 the
1881 3846 181 66 earth,
2103 3845 71 69 by

168 3912 1749 78 Ollie L. Riggs … Durham, N. C., The author [ ᶜ1 928]
