2498 4384
1113 4052 136 52 1429

155 403 388 63 Richardson,
575 399 242 64 Norval,
852 399 168 54 1877-

223 468 1935 80 Mother of kings, by Norval Richardson … New York,
154 560 258 66 London,
444 557 61 55 C.
538 555 312 57 Scribner’s
880 572 147 49 sons,
1058 555 150 51 1928.

225 635 941 55 4 p. l., 3-471 p. front., ports. 23½ᶜᵐ.
163 708 52 52 ©
247 712 127 47 Sept.
405 711 68 47 14,
504 709 140 46 1928;
675 710 67 39 2c.
775 708 129 47 Sept.
931 707 83 46 21;
1046 705 83 42 aff.
1163 705 129 48 Sept.
1321 703 82 46 17;
1436 702 41 39 A
1506 701 230 42 1053514;
1770 699 204 41 Charles
230 697 1912 111 Scribner’s
392 777 127 31 sons.
590 763 280 52 (28-22149)

157 862 274 62 Roberts,
465 859 309 54 Elizabeth
808 858 235 53 Madox.

232 940 271 69 Jingling
539 939 59 52 in
633 939 96 52 the
764 934 155 55 wind
960 936 109 68 [by]
1108 934 304 53 Elizabeth
1445 932 217 53 Madox
1695 930 260 53 Roberts.
2025 929 141 52 New

162 1017 179 68 York,
369 1018 122 52 The
519 1016 221 68 Viking
770 1032 174 51 press,
975 1015 150 52 1928.

232 1096 573 51 4 p. l., 256 p. 19½ ᶜᵐ ·
166 1167 52 52 ©
247 1171 129 46 Sept.
402 1170 70 46 24,
500 1168 115 41 1928;
670 1168 68 40 2c.
766 1166 102 41 Oct.
896 1167 24 38 1;
978 1165 83 41 aff.
1092 1166 128 47 Sept.
1247 1164 83 47 29;
1361 1164 40 40 A
1428 1163 230 47 1054678;
1688 1161 180 49 Viking
1896 1171 149 39 press,
2075 1160 92 41 inc.

244 1225 280 50 (28-22353)

160 1319 266 62 Rolland,
460 1316 269 65 Romain,
768 1320 170 51 1866-

233 1396 168 53 Palm
451 1395 256 69 Sunday,
754 1395 76 68 by
875 1393 246 54 Romain
1169 1393 282 67 Rolland;
1502 1391 317 53 translated
1871 1388 153 55 from
2073 1390 97 53 the

167 1474 225 53 French
416 1473 77 69 by
518 1474 234 68 Eugene
778 1471 244 54 Lohrke.
1086 1472 140 52 New
1255 1470 180 68 York,
1463 1470 77 52 H.
1569 1470 147 53 Holt
1745 1469 113 52 and
1886 1486 284 51 company

173 1554 192 65 [ ᶜ19 28]
306 1630 312 50 xv, 147 p. 19½ ᶜᵐ.
238 1703 42 40 A
309 1703 129 48 play.

171 1771 51 54 ©
254 1776 129 47 Sept.
412 1775 70 47 21,
512 1774 116 40 1928;
684 1773 68 41 2c.
786 1775 128 47 Sept.
943 1774 57 39 24;
1059 1772 82 42 aff.
1174 1773 130 48 Sept.
1334 1773 57 40 27;
1449 1772 42 40 A
1521 1772 207 40 1053589;
1785 1772 169 47 Henry
1985 1772 122 40 Holt
2136 1771 37 40 &

239 1842 67 30 co.
376 1830 282 50 (28-22253)

166 1924 333 64 Roosevelt,
530 1924 285 53 Franklin
845 1923 241 65 Delano,
1120 1928 173 49 1882-

235 2004 121 52 The
392 2003 200 68 happy
626 2002 257 68 warrior,
918 2001 215 55 Alfred
1169 2002 69 53 E.
1277 2000 220 69 Smith;
1535 2020 33 34 a
1604 2001 172 69 study
1811 1999 64 55 of
1912 2019 29 34 a
1980 2000 195 69 public

165 2086 247 63 servant,
452 2080 76 70 by
568 2080 285 53 Franklin
893 2081 72 52 D.
1006 2080 320 53 Roosevelt.
1403 2080 217 53 Boston
1662 2081 112 52 and
1815 2080 140 53 New
1995 2079 181 69 York,

165 2159 321 69 Houghton
520 2158 205 54 Mifflin
759 2176 299 52 company,
1095 2160 151 51 1928.

236 2243 340 50 vi, 40 p. 20 ᶜᵐ.
174 2308 52 54 ©
258 2312 127 50 Sept.
414 2313 68 49 18,
511 2312 118 43 1928;
681 2312 68 43 2c.
778 2312 96 41 and
901 2311 84 43 aff.
1015 2311 130 50 Sept.
1171 2311 57 41 24;
1286 2311 41 40 A
1353 2310 208 43 1054527;
1616 2311 266 50 Houghton
1911 2311 170 41 Mifflin
2110 2321 68 33 co.

252 2369 283 53 (28-22398)

169 2464 472 66 Sale-Harrison,
671 2464 289 56 Leonard.

173 2542 1982 148 The League of nations; or, The future of Europe, by L. Sale-Harrison … Philadelphia,
1097 2621 65 54 L.
1199 2620 449 56 Sale-Harrison
1796 2624 67 51 [ᶜ1928]

244 2701 586 51 48 p. 18½ ᶜᵐ. $0.25
178 2757 52 52 ©
258 2760 121 49 Aug.
407 2760 70 48 18,
506 2760 115 40 1928;
678 2761 69 39 2c.
775 2762 96 38 and
900 2760 83 41 aff.
1016 2762 130 47 Sept.
1173 2762 27 38 4;
1260 2761 42 41 A
1331 2762 207 41 1053165;
1593 2763 52 41 L.
1679 2761 391 43 Sale-Harrison.

257 2817 281 50 (28-22199)

175 2908 293 66 Salomon,
497 2909 199 54 Julian
727 2911 234 55 Harris.

244 2987 121 53 The
397 2987 149 54 book
578 2988 65 52 of
674 2988 214 54 Indian
922 2989 182 54 crafts
1135 2992 46 50 &
1212 2990 215 53 Indian
1460 2991 137 68 lore,
1628 2991 77 68 by
1737 2990 202 54 Julian
1972 2990 212 54 Harris

177 3063 299 70 Salomon;
518 3065 141 53 with
697 3085 174 49 many
908 3067 384 54 illustrations
1329 3068 77 69 by
1442 3068 98 54 the
1578 3069 207 52 author
1824 3069 114 53 and
1975 3069 209 53 others.

175 3144 139 52 New
345 3142 164 54 York
539 3145 113 52 and
681 3144 260 69 London,
971 3145 234 68 Harper
1235 3147 46 51 &
1305 3146 279 68 brothers,
1615 3149 151 50 1928.

245 3226 1400 52 xvii p., 1 l., 418 p. front., illus., plates, ports. 23 ᶜᵐ.
246 3283 158 41 Music:
462 3295 44 37 p.
534 3283 219 43 297-327.

247 3341 140 47 Maps
418 3351 61 29 on
507 3340 367 49 lining-papers.

246 3397 119 40 This
395 3397 125 40 book
550 3408 103 30 was
684 3397 199 41 written
912 3397 80 40 for
1022 3398 117 47 boys
1171 3399 96 39 and
1299 3398 119 47 girls
1448 3399 109 40 who
1587 3401 133 38 want
1751 3400 48 39 to
1827 3400 139 39 learn
1997 3401 109 39 how
2139 3403 47 38 to

177 3455 60 39 do
276 3454 81 40 the
395 3453 166 49 things
598 3455 82 39 the
720 3454 204 40 Indians
962 3453 81 42 did
1083 3456 96 39 and
1218 3455 105 40 also
1361 3455 80 40 for
1478 3466 140 37 camp
1655 3455 239 41 directors
1932 3458 49 38 to
2018 3456 168 40 enrich

177 3509 130 42 their
335 3520 255 38 programs
618 3510 51 40 in
699 3510 299 49 handicraft,
1028 3513 272 46 pageantry
1330 3513 95 39 and
1453 3511 308 41 ceremonial,
1822 3512 61 48 cf.
1914 3512 132 40 Pref.

249 3566 379 49 Bibliography:
664 3578 42 37 p.
741 3567 219 41 405-410.

186 3619 52 52 ©
269 3624 128 47 Sept.
424 3623 69 47 21,
522 3623 115 40 1928;
692 3623 68 41 2c.
791 3624 128 47 Sept.
947 3624 50 38 21;
1060 3623 83 41 aff.
1175 3624 129 48 Sept.
1332 3624 57 39 24;
1445 3622 41 40 A
1514 3623 204 41 1054484;
1775 3625 194 47 Harper
1999 3624 36 40 &
2062 3625 127 40 bros.

265 3679 281 49 (28-22308)

183 3770 323 64 Schwartz,
536 3771 182 54 Louis
746 3773 273 65 Edward,
1054 3778 173 49 1903-

257 3849 163 52 Trial
459 3849 65 53 of
560 3851 345 53 automobile
947 3852 256 53 accident
1243 3870 170 50 cases,
1451 3852 76 69 by
1566 3852 176 54 Louis
1784 3853 68 53 E.
1895 3851 295 56 Schwartz

248 3926 1942 75 … Albany, N. Y., M. Bender & company, incorporated, 1928.
