2498 4384
1242 4082 136 52 2098

360 496 1636 51 viii, 254 p. 20 ½ ᶜᵐ. ( Half-title : Studies in adult education)
293 566 52 52 ©
372 571 114 40 Dec.
512 571 68 45 18,
607 570 142 46 1928;
777 571 67 39 2c.
872 571 96 39 and
995 569 82 41 aff.
1105 570 113 39 Dec.
1246 569 82 46 19;
1358 569 41 38 A
1424 567 142 48 2358;
1596 568 284 40 Macmillan
1907 579 68 30 co.

372 626 223 50 (29-676)

293 722 133 65 Lee,
462 721 287 56 Baldwin.

432 798 1871 71 … Issues in the social studies, by Baldwin Lee … New
299 878 165 53 York
496 879 134 68 city,
664 878 143 53 Pub.
842 879 77 68 by
953 879 231 51 Bureau
1219 876 66 54 of
1319 877 404 68 publications,
1758 877 282 54 Teachers
2076 878 230 69 college,

298 954 1985 149 Columbia university, for the Lincoln school of Teachers college [ ᶜ19 28]
368 1114 1736 50 viii, 191 p. 1 illus. 23 ᶜᵐ. (Social science monographs, no. 3)
371 1186 64 40 At
462 1186 127 40 head
616 1186 53 40 of
698 1185 109 41 title:
866 1185 102 40 The
998 1185 202 40 Lincoln
1228 1186 166 39 school
1424 1186 52 39 of
1504 1186 244 40 Teachers
1777 1186 196 47 college.

369 1242 237 41 Contains
635 1241 396 49 bibliographies.

295 1310 53 53 ©
372 1316 121 40 Nov.
516 1316 70 47 23,
610 1315 141 47 1928;
778 1316 68 39 2c.
871 1316 119 39 Nov.
1014 1314 57 41 30;
1126 1314 83 41 aff.
1235 1315 110 40 Jan.
1372 1316 68 47 17,
1467 1314 142 49 1929;
1637 1315 41 40 A
1702 1315 112 48 938;
1843 1315 244 40 Teachers
2113 1315 193 48 college,

365 1371 253 41 Columbia
649 1372 288 47 university.
1008 1370 284 51 (28-30060)

293 1467 259 64 Linfert,
584 1466 520 55 Harriette-Elise.

426 1544 1884 70 … A scale for measuring the mental development of infants
293 1622 2017 71 during the first year of life, by Harriette-Elise Linfert … and
292 1702 2021 69 Helen M. Hierholzer … Baltimore, The Williams & Wilkins
291 1784 519 66 company [ ᶜ19 28]
398 1863 1914 50 v, 33 p. tables. 23 ᶜᵐ. (Studies in psychology and psychiatry … ed.
294 1920 1145 51 by E. A. Pace … v. 1, no. 4, June, 1928)
298 1987 52 52 ©
379 1992 129 40 June
537 1992 69 47 13,
637 1992 141 46 1928;
810 1992 68 41 2c.
909 1993 96 38 and
1035 1991 83 41 aff.
1149 1992 129 40 June
1305 1991 84 48 26;
1422 1992 42 39 A
1492 1991 231 48 1083048;
1758 1992 245 41 Williams
2034 1992 39 41 &
2100 1992 212 41 Wilkins

365 2058 71 33 co.

296 2142 186 65 Long,
513 2143 209 54 James
752 2144 187 64 Scott,
976 2148 172 50 1892-

371 2221 1880 71 Qualitative analysis, by J. S. Long … D. S. Chamberlin …
301 2300 2012 69 and H. Y. Anderson … New York, Prentice-Hall, inc., 1928.
371 2381 105 50 xiii,
506 2382 85 42 193
620 2394 44 38 p.
724 2382 144 49 illus.,
900 2382 181 49 diagrs.
1142 2382 56 42 23½ᶜᵐ.

299 2452 52 52 ©
380 2455 130 49 Sept.
537 2455 69 47 18,
632 2455 117 41 1928;
802 2456 68 41 2c.
897 2456 96 40 and
1020 2455 83 42 aff.
1133 2455 130 49 Sept.
1289 2456 57 40 20;
1403 2456 42 38 A
1470 2455 205 41 1053449;
1732 2455 382 50 Prentice-Hall,
2141 2457 93 41 inc.

377 2512 283 49 (28-22237)

299 2607 175 63 Lord,
508 2607 157 54 John
698 2607 179 65 King,
914 2611 330 51 1848-1926.

367 2686 58 53 A
461 2686 224 69 history
724 2685 66 54 of
826 2686 96 53 the
961 2691 155 48 town
1155 2685 65 54 of
1258 2686 294 68 Hanover,
1592 2687 69 53 N.
1703 2687 97 68 H.,
1840 2687 75 69 by
1953 2687 159 54 John
2152 2686 165 70 King

295 2765 175 68 Lord,
499 2765 141 52 with
670 2783 74 34 an
772 2765 294 68 appendix
1094 2783 75 35 on
1195 2765 278 52 Hanover
1502 2765 169 53 roads
1701 2765 76 69 by
1805 2764 306 54 Professor
2139 2765 56 55 J.
2226 2764 90 57 W.

297 2843 378 55 Goldthwait.
753 2843 311 67 [Hanover]
1104 2843 245 53 Printed
1385 2842 95 54 for
1512 2844 98 52 the
1643 2849 156 47 town
1833 2843 66 53 of
1930 2844 279 52 Hanover
2241 2843 77 70 by

296 2922 96 53 the
421 2922 355 53 Dartmouth
807 2940 176 50 press,
1016 2924 152 52 1928.

366 3004 1322 50 3 p. l., 339 p. plates, ports., maps (1 fold.) 25 ᶜᵐ.
370 3076 243 40 “Editor’s
648 3075 141 41 note”
824 3075 170 49 signed:
1057 3075 191 40 Arthur
1283 3074 291 43 Fairbanks.

371 3133 161 40 “Lists
560 3133 51 40 of
636 3143 108 29 men
772 3133 223 47 entering
1022 3132 82 41 the
1132 3132 222 48 military
1382 3133 186 40 service
1594 3133 53 40 of
1674 3133 82 40 the
1784 3132 181 42 United
1996 3133 165 41 States
2188 3133 130 41 from

300 3190 245 47 Hanover,
580 3191 57 39 N.
671 3190 75 47 H.,
781 3189 51 39 in
865 3189 82 40 the
982 3200 128 30 wars
1145 3189 52 41 of
1230 3189 264 41 1861-1865
1529 3191 97 39 and
1660 3189 293 42 1917-1918”:
2019 3201 45 37 p.
2099 3189 218 43 194-217.

303 3256 52 52 ©
387 3260 115 41 Dec.
533 3261 68 47 17,
633 3260 116 40 1928;
809 3260 68 40 2c.
909 3260 113 40 Dec.
1054 3259 59 40 26;
1172 3259 84 41 aff.
1288 3259 114 41 Dec.
1433 3259 57 39 22;
1551 3260 42 39 A
1624 3260 119 41 2480;
1801 3261 150 40 Town
1985 3261 52 40 of
2069 3261 246 47 Hanover,

370 3317 57 40 N.
455 3318 62 40 H.
584 3317 223 49 (29-457)

301 3412 158 64 Low,
500 3412 289 54 Barbara.

369 3489 1949 69 Psycho-analysis and education, by Barbara Low … with
303 3566 2018 71 foreword by T. Percy Nunn … New York, Harcourt, Brace
301 3647 115 52 and
446 3664 283 52 company
873 3649 86 64 [ᶜ1928]

370 3730 88 39 224
490 3740 44 38 p.
595 3728 56 41 19½ᶜᵐ.

373 3800 201 40 London
601 3799 186 40 edition
829 3798 308 50 (University
1168 3799 53 40 of
1250 3799 198 40 London
1480 3809 150 38 press,
1661 3799 113 49 ltd.)
1813 3799 91 41 has
1933 3799 138 40 title:
2104 3799 101 39 The
303 3809 1998 88 unconscious

584 3856 50 39 in
664 3856 163 40 action;
887 3855 65 41 its
982 3855 238 41 influence
1252 3866 128 38 upon
1410 3855 275 42 education.

373 3913 298 41 “Reference
700 3911 115 43 list”:
876 3924 45 38 p.
951 3912 220 42 213-214.

307 3966 52 53 ©
386 3971 119 41 Nov.
529 3971 71 48 22,
626 3969 118 42 1928;
795 3970 70 41 2c.
890 3971 119 41 Nov.
1035 3970 57 40 24;
1149 3969 82 43 aff.
1261 3970 113 41 Dec.
1401 3969 56 42 29;
1513 3970 42 40 A
1580 3970 117 41 2505;
1753 3971 55 41 B.
1837 3971 128 49 Low,
1993 3970 216 41 London.

385 4027 223 50 (29-467)
