2498 4384
1106 4040 136 55 1417

198 393 211 52 Adam.
441 392 240 52 Robert.
715 392 323 54 1728-1792.

268 481 173 56 Color
471 483 247 53 schemes
750 482 65 53 of
846 482 192 54 Adam
1071 483 265 67 ceilings;
1373 482 408 69 lithographed
1816 482 152 52 from
196 487 1981 126 water-color

375 560 254 54 sketches
657 560 74 68 by
760 559 213 56 Gerald
1006 561 72 51 K.
1108 559 302 69 Geerlings
1439 560 113 53 and
1581 561 177 67 Betty
1785 560 65 51 F.
1881 558 320 70 Geerlings,

194 639 385 67 reproducing
605 638 95 53 the
730 638 248 69 original
1006 638 214 53 studies
1247 638 76 68 by
1350 637 95 53 the
1473 637 192 53 Adam
1692 637 261 54 brothers
1981 656 130 35 now
2139 638 61 52 in

194 716 95 53 the
328 715 99 56 Sir
460 715 157 55 John
656 714 183 56 Soane
876 734 272 47 museum,
1183 715 271 62 London;
1495 715 399 69 introductory
1928 721 160 48 notes
2126 716 74 68 by

193 793 214 57 Gerald
441 794 73 53 K.
547 792 316 71 Geerlings.
932 794 140 53 New
1104 792 181 69 York,
1318 792 62 56 C.
1416 791 313 58 Scribner’s
1761 812 147 50 sons,
1942 796 150 51 1928.

262 879 494 48 7 p., v col. pl. 34 ᶜᵐ.
263 951 58 37 In
350 949 248 49 portfolio.

198 1015 2001 53 © Mar. 2. 1928; 2c. and aff. Aug. 3; A 1082879; Charles Scribner’s sons.
275 1075 282 50 (28-22392)

192 1187 189 62 Allen,
408 1185 190 53 Nellie
626 1184 327 63 Burnham,
987 1188 169 50 1864-

265 1276 424 71 Geographical
724 1277 114 52 and
874 1276 310 53 industrial
1219 1276 244 68 studies;
1507 1277 249 68 Europe,
1792 1277 76 68 by
1904 1277 185 54 Nellie
2129 1279 65 51 B.

193 1351 1869 72 Allen. Boston, New York [etc. ] Ginn and company [ ᶜ19 28 ]
264 1434 1396 51 xvi, 419 p. incl. front., illus. maps (1 double) 19 ᶜᵐ.
195 1505 52 52 ©
286 1509 115 48 May
439 1508 69 48 18,
546 1508 141 46 1928;
728 1509 67 39 2c.
835 1507 127 40 June
999 1507 53 46 9;
1093 1506 82 41 aff.
1214 1507 127 40 June
1380 1508 81 46 14;
1502 1508 41 39 A
1581 1508 230 48 1082013;
1852 1510 57 41 N.
1949 1511 52 38 B.
2041 1511 155 47 Allen,

262 1565 266 48 Lynnfield,
560 1566 149 39 Mass.
770 1560 69 53 [©
870 1575 108 30 new
1008 1566 117 46 text,
1158 1574 138 38 maps
1328 1564 96 40 and
1455 1564 345 51 illustrations]

272 1621 281 50 (28-22196)

189 1716 240 63 Atkins,
460 1715 186 55 Gaius
675 1716 206 64 Glenn,
916 1720 171 50 1868-

255 1808 412 71 Reinspecting
701 1809 301 54 Victorian
1037 1808 274 69 religion;
1348 1828 31 34 a
1411 1809 146 53 back
1589 1817 58 47 to
1679 1811 225 52 normal
1937 1811 259 70 critique,

183 1887 173 67 being
387 1888 98 53 the
518 1887 230 55 Samuel
780 1886 212 54 Harris
1024 1888 241 51 lectures
1299 1905 74 34 on
1405 1886 297 55 literature
1737 1889 113 52 and
1885 1888 105 54 life
2025 1890 172 69 given

185 1971 59 48 at
300 1968 237 67 Bangor
589 1966 343 67 theological
988 1965 288 68 seminary
1331 1964 60 53 in
1446 1965 263 54 nineteen
1760 1966 266 54 hundred
2082 1969 113 52 and

184 2042 2011 70 twenty-eight [by] Gaius Glenn Atkins … New York, The
183 2122 337 54 Macmillan
549 2140 297 52 company,
878 2124 150 53 1928.

254 2205 83 41 151
368 2217 44 38 p.
473 2206 57 41 19½ᶜᵐ.

191 2274 52 53 ©
274 2279 128 48 Sept.
433 2278 68 48 18,
531 2277 116 41 1928;
702 2277 68 41 2c.
799 2277 96 40 and
924 2275 82 42 aff.
1039 2276 128 50 Sept.
1196 2275 56 42 19;
1312 2275 41 41 A
1381 2275 203 42 1053411;
1647 2276 282 42 Macmillan
1959 2288 68 31 co.

268 2334 282 51 (28-22175)

188 2431 240 64 Austin,
455 2432 139 54 Mrs.
624 2431 174 64 Mary
834 2429 296 66 (Hunter)
1169 2433 171 51 1868-

252 2525 120 53 The
412 2524 259 54 children
708 2523 129 70 sing
872 2523 61 53 in
970 2523 95 53 the
1105 2522 95 53 far
1235 2523 177 67 West,
1448 2522 77 70 by
1560 2523 172 68 Mary
1767 2523 243 67 Austin;
2051 2525 143 53 with

181 2602 292 69 drawings
498 2603 76 69 by
604 2601 215 56 Gerald
849 2601 258 68 Cassidy.
1184 2602 219 52 Boston
1431 2602 114 52 and
1572 2601 140 54 New
1740 2601 181 69 York,
180 2602 1989 132 Houghton

308 2681 206 52 Mifflin
541 2699 299 49 company,
870 2682 150 51 1928.

251 2739 814 74 xiii, [1], 187, [1] p. “ illus. 19½ ᶜᵐ.
252 2836 184 39 Poems.

189 2901 52 53 ©
269 2905 128 48 Sept.
422 2906 70 47 21,
519 2904 141 47 1928;
689 2905 67 39 2c.
784 2904 95 39 and
906 2902 83 42 aff.
1018 2903 129 47 Sept.
1173 2903 84 46 24;
1286 2902 41 39 A
1352 2901 231 48 1054528;
1614 2904 63 40 M.
1705 2903 191 48 Austin,
1928 2904 150 41 Santa
2111 2903 78 49 Fé,

255 2961 56 42 N.
345 2962 63 41 M.
479 2961 281 49 (28-22323)

183 3056 324 63 Bachelier,
542 3055 206 63 Irving
783 3052 285 65 Addison,
1107 3057 173 50 1859-

252 3148 246 68 Coming
525 3166 78 49 up
631 3147 96 53 the
755 3146 141 52 road;
955 3145 297 52 memories
1279 3143 66 54 of
1374 3164 30 33 a
1434 3145 172 52 north
1637 3151 243 63 country
1908 3146 283 70 boyhood,

177 3222 2012 74 by Irving Bachelier … Indianapolis, The Bobbs-Merrill
178 3322 283 50 company
640 3305 46 64 [ᶜ1928]

248 3387 86 41 316
363 3398 43 38 p.
468 3385 55 40 22½ᶜᵐ.

186 3455 52 53 ©
273 3459 127 48 Sept.
433 3458 68 45 14,
533 3454 115 42 1928;
707 3456 66 40 2c.
808 3454 128 49 Sept.
966 3455 55 38 22;
1083 3453 83 40 aff.
1201 3453 129 48 Sept.
1360 3453 50 39 21;
1477 3455 41 37 A
1551 3453 203 41 1053472;
1816 3455 373 41 Bobbs-Merrill

253 3527 68 29 co.
391 3511 282 52 (28-22325)

181 3611 265 61 Bassett,
484 3606 254 54 Edward
773 3607 268 61 Murray,
1079 3607 172 51 1863-

315 3693 1873 75 … Zoning cases in the United States, by Edward M. Bassett
184 3771 2003 73 and Frank B. Williams … New York, Regional plan of New
182 3857 164 55 York
376 3856 115 53 and
521 3854 75 53 its
628 3852 283 66 environs,
945 3852 152 51 1928.

255 3930 1931 61 59 p. 28 ᶜᵐ. [Regional survey of New York and its environs, vol. VI,
183 4007 107 33 app.]
