2498 4384
1074 4080 101 50 923

146 494 2005 70 ward Bane Robert … and Linus P. Terrebonne … Chicago,
144 570 1664 69 Atlanta [etc.] Scott, Foresman and company [ ᶜ19 28]
214 656 55 38 64
307 666 42 37 p.
410 655 180 45 diagrs.
651 655 146 40 23½ᶜᵐ.

152 707 52 52 ©
335 724 26 28 June
387 712 40 46 5,
457 711 140 47 1928;
628 711 67 41 2c.
725 711 95 39 and
849 710 82 41 aff.
961 710 126 40 June
1160 720 8 36 8;
1200 710 41 38 A
1270 709 229 48 1077666;
1535 710 148 48 Scott,
1716 712 270 41 Foresman
2012 717 36 39 &
2078 723 66 30 co.

215 768 281 50 (28-15484)

147 835 208 62 Bruce,
389 835 228 62 George
650 834 275 52 Howard.

280 911 1805 71 … High school chemistry, by George Howard Bruce …
150 991 323 53 illustrated
512 991 141 52 with
692 991 396 67 photographs
1124 991 113 52 and
1276 990 140 52 with
1454 991 291 68 drawings
1780 991 77 68 by
1890 992 143 54 Will
2069 993 76 52 H.

148 1069 277 55 Schanck.
498 1068 654 67 Yonkers-on-Hudson,
1174 1068 70 53 N.
1268 1069 91 66 Y.,
1380 1069 113 52 and
1518 1068 270 70 Chicago,
1808 1070 115 67 Ill.,
1942 1071 204 53 World

145 1148 688 68 book company [ ᶜ19 28]
258 1229 1566 49 x, 550 p. illus., diagrs. 19½ᶜᵐ. (New-world science series)
208 1289 149 39 Table
384 1299 62 28 on
472 1288 338 47 lining-paper.

146 1342 52 52 ©
226 1347 127 39 June
379 1345 70 47 13,
478 1344 140 47 1928;
648 1345 68 40 2c.
745 1345 125 39 June
899 1344 82 47 15;
1012 1343 82 42 aff.
1124 1344 130 40 June
1280 1344 82 46 16;
1394 1344 40 39 A
1461 1344 230 47 1082049;
1724 1345 166 40 World
1922 1346 122 39 book
2074 1356 67 31 co.

223 1402 282 49 (28-15568)

139 1469 120 51 The
283 1467 238 64 buyers’
549 1466 393 71 pocket-book,
968 1469 148 49 1928.
1258 1508 9 9 [v.
1294 1469 48 63 6]
1407 1466 184 66 Paris,
1620 1465 217 55 Société
1865 1485 279 51 anonyme

208 1546 284 65 française
522 1547 69 51 de
621 1545 383 67 publications
1033 1544 324 68 étrangères
1395 1547 171 64 [1928]

208 1627 934 49 xii, 612, xiii-xxiv p. illus. 15 ᶜᵐ .
143 1682 52 52 ©
285 1718 8 9 1c.
325 1686 129 39 June
484 1684 59 41 30,
587 1684 141 45 1928;
763 1684 41 39 A
836 1685 63 39 ad
931 1684 87 40 int.
1052 1683 171 47 11359;
1261 1684 142 48 pubd.
1438 1685 114 47 May
1586 1684 53 46 3;
1679 1683 187 41 Société
1901 1695 237 38 anonyme

213 1742 251 49 française
495 1743 57 38 de
585 1742 325 47 publications
943 1740 296 49 étrangères.

140 1809 228 62 Clarke,
400 1808 192 53 Isabel
625 1807 349 55 Constance.

210 1884 1934 71 Strangers of R ome, a novel, by Isabel C. Clarke … London,
137 1963 900 69 Hutchinson & co., ltd. [ 1928]
206 2046 29 39 4
261 2056 43 37 p.
367 2076 9 17 l.,
405 2045 175 41 13-336
607 2056 41 37 p.
709 2044 146 42 19½ᶜᵐ.

139 2098 52 53 ©
223 2104 67 39 1c.
323 2104 130 39 June
480 2103 69 48 15,
580 2103 119 40 1928;
755 2103 42 39 A
828 2104 61 39 ad
920 2103 87 40 int.
1038 2102 172 47 11258;
1245 2103 143 48 pubd.
1421 2104 114 47 May
1568 2103 52 47 3;
1655 2103 289 49 Longmans,
1979 2104 158 41 Green

206 2161 97 39 and
330 2171 82 37 co.,
440 2160 118 40 New
585 2161 144 39 York.
800 2159 281 50 (28-16166)

136 2226 206 62 Coker,
378 2225 255 54 William
673 2225 345 63 Chambers,
1058 2226 170 52 1872-

201 2305 122 52 The
358 2304 207 53 Gaster
568 2310 277 62 omycetes
879 2303 64 54 of
974 2304 97 53 the
1107 2308 223 49 eastern
1361 2304 220 55 United
1618 2304 192 55 States
1841 2307 113 52 and
132 2306 1982 145 Canada,

304 2382 1834 70 by William Chambers Coker … and John Nathaniel
132 2461 2005 71 Couch … with 123 plates. Chapel Hill, The University of
127 2542 188 52 North
346 2540 272 54 Carolina
647 2559 175 49 press,
854 2542 150 50 1928.

198 2622 959 50 2 p. l., vii-ix, 201 p. 123 pl. 28 ᶜᵐ .
200 2682 164 39 Plates
401 2680 204 40 105-123
641 2679 343 49 accompanied
1021 2679 61 48 by
1119 2679 332 40 unnumbered
1486 2680 162 40 leaves
1686 2679 121 41 with
1843 2680 293 48 descriptive

127 2740 300 47 letterpress.

200 2794 337 42 “Literature”:
593 2805 43 37 p.
662 2792 218 42 194-195.

134 2849 52 52 ©
210 2854 126 39 June
359 2854 39 46 7,
424 2852 141 46 1928;
591 2852 67 41 2c.
682 2852 126 39 June
830 2850 54 47 9;
911 2850 82 41 aff.
1018 2851 126 40 June
1167 2851 55 40 13;
1275 2850 43 40 A
1339 2851 202 40 1077763;
1596 2850 283 49 University
1902 2851 53 42 of
1976 2851 158 40 North

203 2909 228 41 Carolina
459 2915 150 42 press.
680 2907 281 50 (28-15374)

132 2976 262 61 Cramer,
425 2974 183 54 Ruth.

194 3054 136 52 And
377 3052 79 53 all
501 3070 96 50 my
641 3051 105 54 life
798 3052 109 69 [by]
958 3052 159 52 Ruth
1164 3051 253 55 Cramer.
1492 3051 302 67 Portland,
1836 3052 131 66 Me.,
2012 3051 122 53 The

122 3132 230 52 Mosher
386 3149 176 49 press,
597 3133 151 50 1928.

192 3214 795 49 5 p. l., 3-37, [1] p., 1 l. 15 ᶜᵐ .
195 3273 183 38 “Three
423 3271 222 39 hundred
689 3270 159 48 copies
894 3270 52 40 of
988 3269 99 41 this
1131 3270 123 39 book
1296 3269 125 39 have
1463 3270 118 39 been
1624 3269 194 48 printed
1863 3280 60 28 on
122 3269 1991 99 American

266 3327 150 41 white
451 3337 133 30 wove
618 3337 150 37 paper
803 3327 96 39 and
934 3327 82 39 the
1050 3328 112 45 type
1198 3325 297 41 distributed
1528 3325 50 39 in
1613 3326 82 39 the
1728 3326 169 39 month
1930 3325 52 40 of
2015 3327 114 47 May
481 3384 36 40 MDCCCCXXVIII.”

193 3442 185 39 Poems.

133 3493 52 52 ©
211 3498 114 46 May
349 3497 70 46 24,
445 3495 141 48 1928;
612 3495 68 41 2c.
707 3495 128 40 June
859 3494 82 47 16;
970 3493 83 42 aff.
1080 3494 126 40 June
1233 3494 82 46 15;
1344 3493 41 39 A
1411 3493 230 46 1082106;
1671 3493 140 40 Anna
1838 3493 51 39 L.
1917 3494 210 47 Mosher,

200 3554 248 47 Portland,
474 3554 90 38 Me.
639 3551 280 48 (28-15505)

130 3620 207 61 Crane,
366 3619 226 53 Judson
621 3618 244 52 Adams.

194 3692 1935 72 Cases on damages, by Judson A. Crane … St. Paul, West
122 3773 336 69 publishing
492 3791 297 50 company,
825 3775 150 50 1928.

190 3854 1935 50 xiii, 508 p. 26 ᶜᵐ . (American casebook series. W. R. Vance, general
120 3913 182 46 editor)

132 3964 1750 54 © May 21, 1928; 2c. and aff. June 15; A 1082080; West pub. co.
207 4026 281 50 (28-15401)
