2498 4384
1091 4092 100 49 653

114 412 388 61 Richardson,
535 410 257 55 William
824 411 255 62 Payson.

188 490 236 55 Outline
460 489 65 53 of
559 489 133 53 bills
727 489 112 52 and
876 492 177 60 notes,
1086 486 76 69 by
1195 484 265 55 William
1497 485 231 68 Payson
1766 483 356 53 Richardson

179 561 1930 74 … 3d ed., rev. by Henry Wilbur Humble … Brooklyn, N. Y.
117 647 120 52 The
265 645 297 69 Brooklyn
584 646 111 51 law
720 644 209 67 school,
955 645 150 50 1928.

187 726 884 50 2 p. l., [ix]-xxxvii, 213 p. 23½ᶜᵐ.
127 781 51 53 ©
215 786 114 48 Apr.
365 785 39 43 9,
443 784 115 41 1928;
622 785 67 41 2c.
729 787 94 39 and
860 783 83 42 aff.
980 783 114 48 Apr.
1132 783 82 46 11;
1254 781 41 40 A
1332 781 229 46 1068884;
1603 781 71 41 W.
1713 781 51 41 P.
1804 780 320 44 Richardson,

195 844 262 46 Brooklyn.
528 842 282 49 (28-11457)

120 937 319 62 Robinson,
472 936 115 53 Lee
619 936 237 53 Lamar.

188 1016 308 68 Kentucky
531 1015 59 52 in
624 1014 414 68 Washington;
1075 1012 225 69 history
1334 1013 60 52 in
1428 1011 154 54 brief
1616 1010 65 55 of
1716 1011 413 68 participation

119 1094 64 53 of
215 1094 326 68 Kentucky,
574 1093 251 68 through
858 1092 416 66 Kentuckians,
1308 1092 56 51 in
1403 1090 198 54 affairs
1635 1095 59 48 at
1726 1090 406 69 Washington,

121 1173 310 53 1792-1928
472 1172 109 69 [by]
620 1172 109 52 Lee
764 1172 212 51 Lamar
1011 1170 312 53 Robinson.
1393 1169 334 68 Louisville,
1761 1169 122 53 The
121 1168 1983 135 Standard
247 1251 266 68 printing
536 1268 300 50 company,
860 1249 127 67 inc.,
1014 1251 150 50 1928.

191 1332 84 41 143
301 1344 41 36 p.
368 1332 111 41 incl.
502 1332 164 47 front.,
693 1332 143 46 illus.,
863 1333 149 46 ports.
1072 1331 116 43 27ᶜᵐ.

129 1386 51 53 ©
208 1391 114 48 Apr.
350 1391 39 47 5,
418 1390 141 46 1928;
589 1390 67 40 2c.
685 1391 95 38 and
809 1389 82 41 aff.
919 1390 114 47 Apr.
1062 1389 82 46 14;
1175 1388 40 39 A
1244 1388 230 47 1069764;
1507 1389 51 40 L.
1588 1390 51 39 L.
1669 1388 260 44 Robinson,
199 1389 1912 107 Washington.
456 1447 282 49 (28-11579)

121 1541 311 63 Rockwell,
466 1541 316 54 Frederick
813 1542 173 62 Frye,
1021 1543 172 50 1884-

196 1620 338 69 Gardening
576 1620 141 52 with
762 1625 132 62 peat
935 1638 177 48 moss;
1159 1639 31 32 a
1235 1620 172 69 guide
1450 1625 58 47 to
1552 1620 178 52 easier
1772 1620 260 52 methods
2077 1620 53 51 in

120 1700 265 68 growing
414 1718 156 33 more
601 1698 285 53 beautiful
920 1698 239 67 flowers,
1191 1698 204 53 shrubs
1428 1699 113 52 and
1574 1704 145 47 trees
1752 1698 113 53 and
1897 1698 238 69 making

120 1776 2013 70 more permanent lawns, by F. F. Rockwell … and Wm. G.
128 1855 1905 68 Breitenbucher. New York, Atkins & Durbrow, inc. [ ᶜ 1928]
199 1938 1853 50 5 p. l., 72, [2] p. col. front., illus., plates (part col.) diagrs. 20ᶜᵐ.
199 1998 160 39 Blank
384 2008 148 37 pages
557 1997 78 40 for
663 1996 426 41 “Memorandum”
1126 1996 82 49 ([2]
1237 1998 52 38 at
1313 1998 118 42 end)

132 2051 52 52 ©
218 2057 122 38 Mar.
371 2055 71 47 19,
473 2054 141 47 1928;
649 2055 67 40 2c.
750 2055 96 39 and
878 2053 82 42 aff.
993 2054 114 48 Apr.
1140 2054 82 47 19;
1258 2054 40 39 A
1331 2054 231 46 1069822;
1597 2054 178 40 Atkins
1809 2054 35 40 &
1878 2054 256 48 Durbrow,

199 2113 91 41 inc.
361 2112 282 49 (28-11446)

135 2209 263 67 [Rogers,
432 2206 183 68 Ruth]

199 2286 121 52 The
371 2286 266 66 wrecker,
686 2285 74 69 by
812 2285 227 53 Arnold
1091 2286 212 67 Ridley
1355 2286 113 52 and
1521 2286 264 52 Bernard
1838 2286 294 53 Merivale.

133 2364 308 56 Serialised
469 2364 75 70 by
573 2364 158 53 Ruth
760 2363 330 54 Alexander
1148 2365 191 67 [pseud.
1406 2364 347 53 Instalment
1785 2367 81 64 10]

211 2449 83 46 (In
322 2444 239 43 Answers
594 2443 289 53 magazine)

135 2501 2001 53 © 1c. June 6, 1928; A ad int. 11184; pubd. Apr. 7; R. Rogers, London.
129 2615 171 61 Rose,
333 2616 138 52 Mrs.
504 2614 196 53 Hilda.

196 2693 121 52 The
349 2698 193 63 stump
577 2692 170 68 farm,
781 2712 31 33 a
844 2693 286 53 chronicle
1163 2693 64 53 of
1262 2693 354 70 pioneering,
1648 2693 76 69 by
1757 2694 183 53 Hilda
1977 2695 165 66 Rose,

127 2770 2016 71 with a foreword by Samuel A. Eliot … Boston, Little, Brown,
128 2850 114 52 and
267 2868 299 50 company,
592 2853 150 50 1928.

197 2932 65 48 xi,
286 2934 56 39 178
394 2943 44 37 p.
498 2932 163 47 front.,
687 2934 172 47 plates,
884 2935 150 46 ports.
1094 2933 148 41 20½ᶜᵐ.

138 2986 52 52 ©
221 2990 115 48 Apr.
369 2991 70 47 14,
472 2990 141 47 1928;
648 2992 68 39 2c.
750 2992 95 38 and
878 2990 83 42 aff.
994 2992 115 47 Apr.
1140 2991 84 45 25;
1262 2991 41 39 A
1336 2992 230 47 1074179;
1603 2993 61 41 H.
1699 2993 140 47 Rose,
1875 2993 119 41 Fort
205 2995 1918 100 Vermillion,
442 3048 216 48 Alberta,
693 3048 215 41 Canada.
979 3048 283 50 (28-11575)

129 3142 310 61 Rouillion,
472 3142 200 53 Louis.

203 3219 187 69 Cams,
436 3221 198 68 layout
680 3222 111 52 and
839 3222 295 70 drafting;
1185 3241 32 34 a
1264 3222 278 69 practical
1588 3223 160 53 work
1793 3242 73 34 on
1914 3224 231 54 various

133 3298 180 54 forms
353 3299 66 53 of
458 3318 151 34 cams
650 3301 113 52 and
804 3300 151 53 their
996 3301 219 69 design,
1259 3302 114 53 and
1413 3301 192 54 useful
1647 3302 360 69 suggestions
2050 3302 96 53 for

131 3377 200 69 laying
373 3383 99 47 out
515 3378 113 53 and
672 3378 269 70 drafting
982 3379 219 70 typical
1247 3379 200 68 forms,
1489 3379 76 71 by
1609 3380 177 54 Louis
1829 3381 314 54 Rouillion.

132 3456 137 52 Rev.
307 3457 113 52 and
456 3457 107 51 enl.
600 3457 85 53 ed.
758 3458 139 52 New
935 3458 182 68 York,
1152 3459 124 53 The
1312 3459 258 53 Norman
1607 3460 90 54 W.
1735 3460 227 70 Henley
132 3460 1988 144 publishing
371 3553 100 49 co.,
499 3538 149 50 1928.

203 3616 936 51 3 p. l., 51 p. illus., diagrs. 18½ᶜᵐ.
203 3673 264 41 Published
491 3674 49 39 in
565 3675 113 41 1903
705 3677 152 39 under
882 3676 109 41 title
1009 3687 9 29 :
1045 3677 102 41 The
1171 3677 223 49 drafting
1419 3678 52 40 of
1495 3689 147 30 cams.

142 3726 51 53 ©
220 3732 114 47 Apr.
361 3732 69 48 19,
458 3733 141 47 1928;
627 3734 68 40 2c.
721 3734 113 48 Apr.
862 3735 83 46 23;
974 3734 82 42 aff.
1084 3735 115 48 Apr.
1225 3736 56 38 21;
1339 3735 41 40 A
1408 3736 230 48 1074100;
1670 3739 215 38 Norman
1914 3740 71 39 W.
209 3740 1915 96 Henley
316 3789 110 47 pub.
457 3801 68 29 co.
597 3790 280 50 (28-11624)

135 3869 349 63 Roumania,
512 3876 96 47 ten
634 3889 164 51 years
827 3872 167 54 after.
1072 3875 236 67 Boston,
1337 3875 191 67 Mass.,
1557 3876 121 53 The
1709 3878 226 52 Beacon
1964 3896 177 52 press,

203 3945 107 56 inc.
346 3981 13 34 [
364 3953 18 22 ᶜ
387 3951 135 51 1928]

203 4031 64 49 ix,
297 4032 85 41 143
414 4044 44 37 p.
516 4034 118 42 21ᶜᵐ.
