2498 4384
1277 4087 136 50 1066

333 455 246 63 Barton,
615 454 257 55 William
907 454 265 62 Eleazar,
1211 455 172 51 1861-

403 533 299 53 Abraham
745 532 243 53 Lincoln
1033 532 114 52 and
1190 531 99 52 the
1333 528 235 55 Hooker
1614 529 194 67 letter;
1858 546 73 34 an
1977 527 234 54 address
2254 526 77 70 by

333 604 2000 62 William E. Barton … delivered before the Pennell club of
334 688 412 68 Philadelphia
772 694 59 47 at
858 706 32 34 a
916 687 205 53 dinner
1147 686 172 70 given
1345 686 61 53 in
1431 686 96 53 the
1553 685 198 55 Union
1777 685 200 69 league
2003 683 129 55 club;
2190 684 143 53 with

335 786 32 35 a
408 765 288 55 foreword
734 767 76 69 by
847 765 264 56 William
1147 764 71 54 A.
1263 764 161 56 Carr.
1499 764 140 54 New
1680 762 182 71 York,
1901 763 123 54 The
2065 762 269 71 Bowling

332 844 189 56 Green
548 863 175 50 press,
752 846 151 51 1928.

403 924 1025 51 29 p., 2 l. mounted fold, facsim. 24 ᶜᵐ.
410 996 185 41 “Seven
634 996 223 40 hundred
898 997 97 39 and
1034 995 114 48 fifty
1187 995 161 48 copies
1389 995 195 49 printed
1625 1006 61 29 on
1728 995 274 40 handmade
2045 1005 152 38 paper
2239 997 96 39 and

338 1054 174 40 twelve
538 1052 159 49 copies
724 1063 61 30 on
813 1052 161 49 Japan
1000 1053 192 47 vellum,
1221 1054 54 39 at
1303 1052 83 41 the
1412 1052 219 49 printing
1657 1052 151 41 house
1837 1051 52 42 of
1915 1052 219 41 William
2163 1051 173 42 Edwin

337 1110 183 49 Rudge,
556 1110 87 41 Mt.
678 1110 206 47 Vernon,
920 1110 119 40 New
1072 1110 146 48 York,
1254 1108 51 41 in
1342 1110 183 47 March,
1562 1108 158 42 1928.”
1780 1108 119 42 This
1935 1119 121 38 copy
2090 1119 62 31 on
334 1109 1983 98 handmade
503 1177 162 39 paper.

341 1235 52 53 ©
421 1239 115 48 Apr.
564 1240 68 47 17,
661 1238 142 47 1928;
831 1239 69 40 2c.
929 1239 117 47 July
1072 1238 83 47 18;
1186 1238 84 41 aff.
1299 1239 117 47 July
1443 1239 56 40 17;
1557 1239 42 38 A
1625 1238 230 48 1082572;
1886 1238 219 41 William
2135 1240 53 39 E.
408 1239 1912 105 Barton,
533 1296 235 48 Foxboro,

796 1296 148 41 Mass.
1014 1296 282 48 (28-17734)

332 1402 265 66 Blachly,
631 1404 277 55 Clarence
938 1405 150 63 Dan,
1124 1408 171 49 1881-

407 1481 223 69 Poems,
672 1481 76 71 by
793 1482 272 55 Clarence
1108 1483 135 53 Dan
1285 1481 264 72 Blachly,
1680 1526 10 10 PH.
1774 1526 10 10 D.
1860 1482 257 54 Takoma
2161 1482 176 69 Park,

335 1558 406 71 Washington,
770 1559 72 54 D.
874 1560 82 69 C.,
983 1560 389 71 Washington
1401 1562 211 69 college
1642 1579 176 52 press,
1849 1564 150 51 1928.

406 1640 87 42 158
519 1652 44 39 p.
622 1641 149 43 13½ᶜᵐ.

344 1708 52 53 ©
432 1714 127 39 June
592 1714 40 47 9,
667 1714 115 40 1928;
844 1715 69 40 2c.
947 1716 97 39 and
1078 1714 83 41 aff.
1195 1716 130 41 June
1357 1716 54 38 11;
1475 1716 41 39 A
1550 1716 203 41 1077715;
1819 1717 50 41 C.
1904 1717 57 40 D.
1996 1717 219 47 Blachly.
410 1717 1910 93 Takoma
582 1771 143 48 Park,
755 1772 96 40 Md.

922 1771 281 48 (28-17694)

334 1878 220 64 Brady,
587 1879 315 64 Kathryne
933 1879 206 54 Helen.

403 1956 1937 73 The dream path … [by] Kathryne Helen Brady. Denver,
335 2032 345 69 Col., ᶜ1 928.
401 2117 248 48 31 p. 18 ᶜᵐ.
404 2187 186 40 Poems.

345 2251 52 53 ©
433 2257 118 47 July
582 2256 69 49 12,
686 2257 141 47 1928;
863 2258 69 41 2c.
966 2259 116 47 July
1116 2259 81 47 18;
1237 2258 83 42 aff.
1355 2260 117 48 July
1505 2261 83 47 17;
1623 2260 42 40 A
1699 2261 230 49 1082598;
1967 2263 59 40 K.
2062 2264 61 39 H.
2158 2264 179 47 Brady,

412 2312 207 42 Denver.
689 2314 282 50 (28-17654)

341 2422 230 64 Carter,
602 2423 234 53 Russell
866 2424 253 54 Gordon.

406 2501 123 53 The
572 2501 173 53 white
790 2502 192 68 plume
1026 2503 64 52 of
1132 2503 277 70 Navarre,
1451 2506 77 68 by
1569 2507 227 53 Russell
1838 2506 239 56 Gordon
2122 2509 220 68 Carter,

335 2578 382 54 illustrations
765 2580 77 69 by
891 2581 262 53 Beatrice
1201 2581 254 56 Stevens.
1548 2585 197 68 Joliet,
1793 2586 140 53 New
1981 2587 164 53 York
2216 2592 120 64 [etc.]

336 2658 1127 71 The P. F. Volland company [ ᶜ1 928 ]
404 2739 1204 53 192 p. incl. col. front. illus. (part col.) 21½ ᶜᵐ.
347 2806 52 53 ©
428 2811 117 48 July
571 2812 38 47 1,
637 2811 141 48 1928;
807 2812 68 42 2c.
903 2813 117 48 July
1046 2813 53 48 9;
1129 2813 82 42 aff.
1240 2816 117 48 July
1384 2816 52 47 5;
1466 2817 42 40 A
1534 2816 229 49 1083272;
1794 2818 52 41 P.
1873 2817 53 41 F.
1953 2819 210 40 Volland
2190 2830 69 30 co.

424 2868 281 50 (28-17484)

339 2975 195 64 Clark,
565 2975 311 65 Virginius
906 2978 220 64 Evans,
1162 2982 172 50 1886-

406 3054 292 54 Elements
739 3054 66 54 of
843 3056 283 68 aviation;
1172 3076 73 34 an
1285 3059 372 68 explanation
1696 3060 65 54 of
1799 3062 170 69 flight
2011 3063 330 70 principles,

333 3131 2007 81 by Virginius Evans Clark … New York, The Ronald press
333 3215 511 67 company [ ᶜ1 928]
444 3295 1896 57 x, 193 p. illus., diagrs. 22 ᶜᵐ. (Ronald aeronautic library, C. de F.
336 3350 259 50 Chandler,
626 3352 183 50 editor)

346 3417 52 53 ©
427 3423 117 47 July
570 3423 68 48 13,
666 3423 141 49 1928;
835 3424 69 42 2c.
933 3425 117 47 July
1076 3425 82 48 16;
1189 3424 83 42 aff.
1300 3427 117 47 July
1443 3428 83 47 17;
1556 3428 42 40 A
1625 3428 229 50 1083249;
1887 3431 191 40 Ronald
2106 3441 137 38 press
2270 3442 68 32 co.

425 3479 280 49 (28-17412)

341 3586 347 65 Cubberley,
721 3589 181 52 Hazel
934 3589 53 54 J.

412 3664 167 54 Field
612 3665 217 71 hockey
862 3669 276 68 analyzed
1173 3668 96 54 for
1304 3670 312 55 instructor
1649 3673 114 53 and
1798 3674 217 68 player,
2047 3676 77 68 by
2155 3675 185 53 Hazel

339 3742 1999 80 J. Cubberley … New York, A. S. Barnes and company, 1928.
477 3827 1854 59 xv p., 1 l., 188 p. illus., diagrs. 19 ᶜᵐ. (Half-title: Athletics for women)
396 3896 352 50 Bibliography
764 3909 11 30 :
806 3909 45 38 p.
870 3900 219 42 187-188.

346 3963 53 53 ©
425 3968 126 40 June
574 3968 69 49 25,
668 3969 141 50 1928;
834 3971 68 41 2c.
928 3972 128 42 June
1078 3972 83 49 29;
1188 3973 83 42 aff.
1333 3975 81 48 July
1437 3975 54 49 2;
1517 3975 41 40 A
1583 3976 230 51 1083242;
1838 3978 55 42 A.
1923 3978 44 43 S.
1993 3980 188 40 Barnes
2208 3980 35 41 &
2268 3992 67 29 co.

426 4024 280 52 (28-17608)
