2498 4384
1285 4090 101 51 820

340 510 177 67 York,
585 509 231 69 Orange
883 510 162 54 Judd
1112 511 337 68 publishing
1515 529 297 51 company,
1878 510 136 68 inc.;
2083 511 259 67 London,

337 587 73 53 K.
451 588 164 66 Paul,
653 587 242 67 Trench,
931 587 262 53 Trubner
1227 590 47 50 &
1309 606 98 50 co.,
1442 589 123 67 ltd.,
1603 591 150 51 1928.

406 671 85 40 127
533 681 44 38 p.
636 671 165 47 front.,
845 670 143 48 illus.,
1032 672 173 46 plates.
1296 671 87 41 19ᶜᵐ.
1453 671 253 49 (Lettered
1747 682 61 30 on
1850 681 163 31 cover:
2055 672 146 40 Farm
2244 673 94 39 and
334 728 184 47 garden
550 726 213 48 library)

345 779 52 53 ©
424 783 115 49 Apr.
566 783 67 48 12,
661 782 140 48 1928;
830 783 68 40 2c.
925 783 95 40 and
1048 782 82 42 aff.
1159 784 114 47 May
1299 783 83 48 25;
1412 784 40 39 A
1479 783 230 48 1074685;
1741 783 195 50 Orange
1961 784 132 41 Judd
2120 784 110 49 pub.
2258 794 82 38 co.,

412 840 91 41 inc.
574 840 282 49 (28-13924)

339 920 269 63 Schwab,
638 921 138 52 Mrs.
807 920 180 53 Jewel
1018 920 302 54 Huelster.

412 1000 74 51 In
516 1000 97 52 the
642 998 250 53 African
922 999 163 66 bush,
1119 1018 31 33 a
1182 1017 195 36 course
1411 998 93 54 for
1536 998 194 70 junior
1761 1000 138 68 boys
1933 1001 113 52 and
2078 999 159 70 girls,
2266 999 77 70 by

338 1076 1999 70 Jewel Huelster Schwab. New York, Friendship press [ ᶜ1 928]
403 1160 686 49 viii, 130 p. fold. pl. 19½ ᶜᵐ.
403 1217 379 49 Bibliography;
817 1228 44 37 p.
892 1217 218 41 125-130.

344 1270 52 52 ©
437 1276 114 46 May
589 1274 70 48 11,
698 1274 141 46 1928;
880 1274 68 41 2c.
987 1274 96 39 and
1122 1273 83 40 aff.
1247 1274 113 47 May
1399 1273 83 48 19;
1524 1275 40 38 A
1603 1273 231 48 1077313;
1877 1274 53 41 G.
1970 1273 53 48 Q.
2064 1274 66 39 Le
2172 1274 169 47 Sourd,

414 1332 118 40 New
565 1331 146 40 York.
785 1329 281 50 (28-13569)

339 1410 186 63 Scott,
555 1409 183 65 Hugh
767 1409 220 64 Lenox,
1018 1412 169 51 1853-

412 1486 1932 72 Some memories of a soldier, by Hugh Lenox Scott … New
340 1566 180 68 York,
544 1566 259 68 London,
828 1567 122 52 The
976 1565 257 71 Century
1257 1585 100 50 co.,
1384 1569 151 50 1928.

407 1647 1556 49 xvii, 673 p. front., plates, ports., facsim. 23 ᶜᵐ. $5.00
345 1702 52 52 ©
430 1708 114 46 May
574 1707 69 47 18,
675 1706 142 47 1928;
851 1717 37 30 c.
920 1707 96 39 and
1047 1706 83 40 aff.
1164 1708 115 46 May
1309 1707 83 46 21;
1426 1707 40 38 A
1499 1706 231 48 1074637;
1766 1707 215 48 Century
2013 1717 70 31 co.
421 1763 282 49 (28-13504)

337 1843 128 63 See,
492 1843 225 53 Alonzo
743 1843 68 54 B.

405 1920 1937 71 Schools, by Alonzo B. See … [Philadelphia, The Ferguson
333 2018 173 49 press,
536 1999 148 69 priv.
716 1998 196 70 print.]
950 2003 150 50 1928.

400 2083 277 49 244 p. 18 ᶜᵐ.
341 2135 52 52 ©
424 2141 113 47 May
564 2139 39 49 5,
632 2139 141 46 1928;
804 2140 67 40 2c.
901 2141 114 46 May
1042 2140 83 46 24;
1156 2138 84 42 aff.
1269 2140 115 47 May
1411 2140 83 45 23;
1527 2140 40 38 A
1596 2139 229 47 1074678;
1857 2140 55 39 A.
1942 2139 54 41 B.
2029 2139 100 49 See,
412 2140 1911 105 Brooklyn,
547 2197 57 40 N.
642 2197 54 40 Y.
767 2195 281 51 (28-13638)

336 2263 244 60 Seltzer,
611 2263 316 53 Lawrence
961 2262 278 53 Howard.

409 2341 57 54 A
503 2340 270 55 financial
810 2340 222 70 history
1072 2340 64 55 of
1173 2342 98 53 the
1308 2340 309 54 American
1657 2341 346 54 automobile
2042 2342 295 69 industry;

339 2439 32 33 a
400 2421 173 68 study
601 2419 65 53 of
692 2420 95 52 the
816 2438 154 51 ways
999 2420 61 52 in
1089 2420 188 53 which
1307 2420 97 53 the
1432 2420 234 69 leading
1693 2419 308 53 American
2032 2421 308 67 producers

337 2497 1979 225 of automobiles have met their capital requirements, by Lawrence H. Seltzer … Boston and New York, Houghton Mifflin company, 1928.
337 2733 2003 108 xxi, 297 p. 1 illus., diagrs. 21 ᶜᵐ. (Half-title: Hart, Schaffner & Marx prize essays, XLIV)
686 2850 589 47 CONTENTS.—Introductory.—The
1304 2852 334 46 development
1666 2851 52 40 of
1745 2851 83 40 the
1854 2850 296 41 automobile
338 2851 1984 103 industry.—The
639 2906 128 43 Ford
812 2909 156 38 motor
1012 2908 417 47 company.—The
1473 2907 208 41 General
1726 2910 183 38 motors
1954 2907 385 49 corporation.—

338 2964 152 40 Other
529 2964 197 48 leading
764 2964 295 40 automobile
1099 2963 602 50 producers.—Summary
1743 2967 95 38 and
1880 2965 305 41 conclusions;
2256 2965 83 41 the

337 3021 222 47 mobility
591 3021 52 40 of
674 3021 612 49 capital.—Bibliography
1329 3021 67 50 (p.
1447 3021 247 51 [279]-284)

340 3074 52 52 ©
419 3079 114 46 May
555 3078 70 47 25,
651 3078 118 40 1928;
819 3079 67 40 2c.
913 3080 114 46 May
1050 3078 57 40 28;
1162 3078 84 40 aff.
1273 3080 114 47 May
1411 3079 56 39 26;
1522 3080 40 38 A
1588 3079 205 40 1074716;
1847 3079 142 48 Hart,
2021 3078 255 42 Schaffner
2302 3079 36 40 &

408 3135 157 48 Marx,
604 3134 224 49 Chicago.
899 3135 282 49 (28-13844)

336 3200 196 64 Shaw,
560 3202 141 52 Mrs.
731 3202 259 52 Frances
1027 3201 240 65 (Wells)
1307 3201 170 55 1872-

403 3277 185 70 Songs
624 3278 65 52 of
722 3297 31 33 a
788 3279 196 68 baby’s
1020 3280 130 67 day,
1184 3284 59 48 to
1278 3280 96 52 the
1408 3286 138 47 tune
1578 3279 64 54 of
1674 3280 97 53 the
1805 3281 158 68 Very
1998 3280 190 69 gentle
2220 3279 117 70 jog,

328 3355 75 69 by
450 3356 248 53 Frances
747 3355 200 68 Shaw;
996 3357 382 53 illustrations
1422 3356 76 70 by
1548 3357 200 70 Sylvia
1797 3357 187 55 Shaw.
2068 3357 269 69 Chicago,

330 3433 1088 69 Ill., F. J. & E. M. Schmidt, ᶜ1 928.
397 3517 957 49 27 1. incl. front. (music) illus. 16 ᶜᵐ.
400 3573 202 40 Printed
629 3584 59 29 on
716 3584 89 29 one
831 3574 104 40 side
961 3574 52 39 of
1039 3573 172 41 double
1239 3574 103 40 leaf
1369 3585 60 29 on
1457 3574 219 48 opposite
1702 3585 160 38 pages.

341 3625 51 52 ©
429 3631 113 46 May
576 3630 69 46 12,
681 3629 140 47 1928;
858 3629 68 41 2c.
961 3631 96 38 and
1092 3629 82 41 aff.
1210 3631 115 46 May
1359 3629 81 46 19;
1478 3631 41 37 A
1555 3630 229 47 1077312;
1823 3631 51 40 F.
1913 3629 158 49 Shaw,
2109 3631 224 48 Chicago.

409 3681 70 54 [©
513 3696 106 30 new
653 3697 164 29 verses
851 3688 96 38 and
981 3686 331 40 illustrations
1347 3688 96 38 and
1478 3687 211 48 changes
1722 3687 50 39 in
1807 3688 172 48 plates]
419 3742 281 49 (28-13530)

336 3807 174 63 Shea,
540 3807 242 53 Patrick
813 3809 63 52 F.

410 3885 281 53 Accident
732 3886 337 68 prevention
1111 3887 253 69 through
1410 3886 301 54 education
1753 3887 60 52 in
1853 3887 97 53 the
1991 3888 346 67 elementary

337 3964 219 54 schools;
617 3983 31 34 a
675 3965 232 53 manual
936 3964 94 54 for
1056 3965 253 54 teachers
1339 3966 113 52 and
1481 3965 212 69 pupils,
1718 3965 75 70 by
1821 3965 240 54 Patrick
2087 3965 65 54 F.
2185 3964 147 57 Shea
