2498 4384
1306 4073 100 49 538

416 501 1923 50 3 p. l., [9]-399 p. front., illus. (incl. ports., facsims.) 19 ᶜᵐ. (On
346 568 164 29 cover:
541 558 265 40 Collection
837 559 147 39 Prose
1014 560 49 38 et
1092 559 134 46 vers)

418 614 234 40 Contains
680 615 369 47 reproductions
1079 615 51 41 of
1158 615 209 48 original
1397 616 290 48 title-pages.

350 667 1739 53 © Dec. 15, 1927; 1c. Feb. 10, 1928; A— Foreign 37436; Payot.
341 823 314 62 Morrison,
687 825 139 51 Mrs.
863 823 346 53 Emmeline.

412 902 122 52 The
560 903 112 50 last
700 901 64 51 of
791 901 97 52 the
913 901 228 52 Lovells;
1202 919 32 34 a
1263 920 262 34 romance
1553 902 65 52 of
1647 900 183 55 South
1859 902 219 66 Devon,
2105 902 76 69 by
339 902 1983 129 Emmeline

583 978 305 53 Morrison.
963 978 259 67 London,
1259 979 368 52 Hutchinson
1665 981 45 50 &
1745 997 98 48 co.,
1881 980 102 51 ltd.
2028 982 173 64 [1928]

409 1061 966 49 3 p. l., 13-288 p. front. (map) 19½ ᶜᵐ.
351 1114 1994 52 © 1c. Apr. 5, 1928; A ad int. 10862; pubd. Feb. 10; E. Morrison, Epsom,
421 1176 193 47 Surrey,
646 1175 236 47 England.
954 1174 282 50 (28-10388)

341 1279 225 62 Moure,
596 1278 147 53 Jean
775 1278 237 54 Gabriel
1042 1268 208 63 Émile.

419 1355 324 68 Technique
782 1355 378 68 chirurgicale
1199 1355 811 69 oto-rhino-laryngologique,
2048 1374 107 50 par
2195 1356 153 53 E.-J.

348 1432 1999 148 Moure … G. Liébault … G. Canuyt … 3. fasc. Arrière-Gorge et pharynx … Paris,
1289 1510 68 54 G.
1387 1511 155 52 Doin
1569 1513 46 50 &
1643 1512 117 67 cie.,
1791 1514 150 50 1928.

418 1594 26 38 2
474 1604 44 37 p.
569 1626 8 7 l.,
620 1592 99 48 239,
754 1612 9 29 [1]
841 1604 43 37 p.
947 1592 130 40 illus.
1136 1592 57 40 25½ᶜᵐ.

351 1646 1999 53 © Oct. 11, 1927; 1c. Feb. 24, 1928; A—Foreign 37659; Gaston Doin &
419 1707 85 41 cie.

340 1787 279 63 Murphy,
651 1787 137 53 Leo.

416 1867 122 51 The
572 1866 109 52 hill
718 1866 66 51 of
818 1866 290 67 triumph;
1150 1884 31 34 a
1220 1871 159 63 story
1417 1866 65 53 of
1518 1866 321 54 Jerusalem
1875 1866 62 53 in
1975 1867 99 53 the
2110 1866 139 53 time
2289 1866 64 53 of

347 1943 215 68 Christ,
586 1944 77 69 by
686 1944 138 53 Rev.
851 1944 116 53 Leo
992 1943 275 70 Murphy.
1330 1944 139 52 New
1497 1944 181 68 York,
1703 1945 66 52 P.
1798 1944 55 55 J.
1881 1944 245 70 Kenedy
2151 1947 47 50 &
2223 1962 130 36 sons

351 2025 193 64 [ ᶜ19 28 ]
415 2103 526 50 3 p l., 3-322 p 20½ᶜᵐ.
353 2158 52 52 ©
436 2163 115 47 Apr.
584 2162 39 48 9,
656 2162 115 40 1928;
831 2162 68 40 2c.
931 2163 114 47 Apr.
1079 2162 58 39 12;
1196 2162 84 41 aff.
1313 2162 115 49 Apr.
1459 2163 56 40 13;
1576 2163 43 40 A
1651 2163 204 41 1068888;
1917 2164 51 40 P.
2003 2164 43 41 J.
2080 2164 202 46 Kenedy
2315 2165 37 39 &

423 2229 127 31 sons.
624 2218 280 49 (28-10100)

341 2300 348 62 Natteford,
723 2300 155 53 John
912 2299 265 54 Francis.

418 2379 215 56 Streets
665 2379 66 53 of
764 2378 327 70 Shanghai;
1130 2398 71 34 an
1237 2378 125 70 epic
1394 2378 65 54 of
1493 2379 244 53 oriental
1770 2379 271 70 intrigue,
2075 2379 170 55 based
2280 2399 71 34 on

343 2459 98 52 the
479 2458 215 52 motion
737 2459 222 67 picture
998 2464 176 63 story,
1212 2457 77 70 by
1329 2459 157 52 John
1526 2459 240 52 Francis
1806 2459 331 53 Natteford.
2214 2460 138 52 New

344 2536 1539 69 York, Jacobsen-Hodgkinson-corporation [ ᶜ19 28 ]
415 2619 723 49 1 p. l., 5-128 p. illus. 19½ᶜᵐ.
353 2673 52 52 ©
438 2677 112 41 Feb.
578 2678 41 47 3,
641 2677 124 40 Ί928;
822 2677 69 40 2c.
921 2678 96 39 and
1048 2676 83 42 aff.
1162 2678 113 41 Feb.
1304 2677 56 41 23;
1421 2677 42 39 A
1493 2678 204 40 1061903;
1758 2677 361 49 Tiffany-Stahl
422 2679 1912 103 productions,
595 2734 105 48 inc.,
732 2735 117 39 New
879 2735 146 39 York.
1095 2734 253 49 (28-9986)

348 2814 147 53 New
525 2814 163 52 York
731 2815 218 68 (State)
1033 2815 184 57 Laws,
1249 2820 258 61 statutes,
1540 2822 100 45 etc.

422 2893 121 52 The
580 2894 389 52 consolidated
1005 2894 138 52 laws
1180 2893 67 53 of
1283 2894 138 52 New
1459 2893 182 67 York,
1679 2894 327 52 annotated.
350 2893 1978 130 Cumulative
505 2972 378 66 supplement,

924 2971 150 53 1927.
1160 2969 318 71 (Covering
1515 2971 97 52 the
1649 2971 328 69 legislation
2014 2971 68 52 of
2122 2970 134 54 1917
2293 2976 59 47 to

355 3047 152 68 1927,
536 3048 293 67 inclusive,
859 3049 113 52 and
1002 3067 122 34 new
1156 3049 278 53 decisions
1465 3048 338 68 subsequent
1832 3054 59 47 to
1922 3049 164 53 those
352 3067 1976 127 appearing
492 3127 61 51 in
591 3127 96 51 the

726 3126 1625 69 original annotations) [v. 1] Ed. by Harold N.
353 3204 300 68 Eldridge,
695 3204 236 53 assisted
971 3204 35 53 by
1086 3205 198 52 Minor
1322 3205 317 68 Bronaugh
1680 3206 114 52 and
1833 3204 277 54 members
2153 3205 65 52 of
2257 3205 97 53 the

353 3281 268 53 editorial
664 3282 149 52 staff.
893 3282 342 68 Northport,
1279 3283 68 52 N.
1395 3283 90 56 Y.,
1529 3283 256 52 Edward
1830 3284 332 67 Thompson
352 3301 1977 126 company,
558 3359 149 53 1927.

422 3441 575 48 Various pagings. 24 ᶜᵐ.
356 3493 52 52 ©
449 3498 102 41 Oct.
590 3498 68 47 18,
698 3498 114 40 1927;
878 3499 68 41 2c.
985 3500 122 39 Mar.
1146 3498 39 49 9,
1225 3499 142 46 1928;
1408 3498 83 43 aff.
1532 3501 121 40 Mar.
1692 3501 53 46 8;
1787 3500 41 39 A
1866 3499 231 48 1068184;
2139 3500 211 40 Edward

428 3555 276 47 Thompson
734 3566 67 30 co.

349 3634 263 62 Nichols,
645 3635 176 53 Clark
851 3635 240 54 Asahel.

425 3713 258 68 Applied
721 3714 291 65 evidence;
1054 3733 72 33 an
1165 3715 396 68 encyclopedic
1599 3721 306 46 treatment
1944 3715 66 53 of
2045 3716 98 52 the
2181 3715 174 68 proof

356 3790 66 52 of
450 3791 148 53 facts
627 3791 60 51 in
717 3792 264 52 evidence
1008 3791 172 54 based
1210 3811 73 33 on
1313 3793 97 51 the
1439 3798 238 47 statutes
1709 3793 114 52 and
1853 3793 279 52 decisions
2163 3792 64 53 of
2256 3793 97 52 the

355 3873 174 48 states
560 3868 65 52 of
654 3868 271 67 Arizona,
960 3869 345 58 California,
1339 3869 302 68 Colorado,
1674 3871 204 66 Idaho,
1910 3870 246 67 Kansas,
356 3871 1972 141 Montana,
543 3945 254 69 Nevada,

829 3947 140 53 New
1001 3947 243 69 Mexico,
1279 3947 341 69 Oklahoma,
1656 3948 248 69 Oregon,
1938 3949 179 67 Utah,
2149 3948 203 55 Wash-
