2498 4384
1293 4120 101 48 330

396 545 358 54 Unrevealed
796 548 206 48 secrets
1045 542 66 54 of
1153 562 135 34 man
1355 543 93 69 [by]
1499 543 223 69 George
1768 544 66 52 F.
1881 543 232 55 Jowett.
2194 544 139 53 New

329 621 1383 69 York city, The Jowett institute, inc. [ ᶜ1 928]
392 704 28 39 2
443 715 43 30 v.
539 704 57 40 17½ᶜᵐ.

327 772 51 53 ©
408 776 112 41 Feb.
550 775 68 49 10,
649 775 140 48 1928;
819 775 69 41 2c.
918 775 117 40 each
1065 776 96 39 and
1190 774 85 43 aff.
1305 775 111 42 Feb.
1445 775 83 48 29;
1560 775 40 40 A
1630 774 230 49 1068042;
1893 775 182 41 Jowett
2105 775 227 42 institute

394 834 52 40 of
476 834 220 47 physical
728 834 203 46 culture,
963 833 92 40 inc.
1125 833 254 48 (28-7514)

319 929 245 61 Judson,
596 927 339 53 Alexander
969 926 236 64 Corbin,
1239 928 85 53 ed.

393 1005 648 68 Seventeenth-century
1085 1004 193 69 lyrics,
1321 1005 190 53 edited
1556 1005 140 53 with
1743 1005 162 53 short
1947 1004 388 70 biographies,

324 1082 1949 70 bibliographies, and notes, by Alexander Corbin Judson …
323 1160 1722 71 Chicago, Ill., The University of Chicago press [ ᶜ1 927]
389 1244 507 51 xix, 412, [1] p. 22½ ᶜᵐ.
327 1312 52 52 ©
408 1316 113 41 Dec.
548 1315 38 47 6,
615 1315 141 46 1927;
784 1314 68 41 2c.
878 1315 95 38 and
1002 1313 83 42 aff.
1113 1314 123 40 Mar.
1264 1314 39 42 7,
1333 1312 83 40 1928;
1505 1315 39 38 A
1572 1314 201 40 1068163;
1834 1315 285 49 University
2148 1317 51 39 of
395 1316 1922 104 Chicago
546 1383 151 37 press.
768 1371 257 48 (28-7546)

321 1467 223 64 Kelley,
576 1467 207 63 Henry
814 1465 218 63 Smith,
1064 1468 328 51 1832-1911.

396 1547 53 52 A
478 1546 231 53 treatise
738 1563 72 34 on
838 1544 264 53 criminal
1132 1545 110 50 law
1273 1544 113 52 and
1419 1544 248 67 practice
1697 1544 95 53 for
1820 1564 96 34 use
1947 1547 59 51 in
2038 1547 79 52 all
2147 1554 190 46 courts

327 1626 180 52 under
536 1625 96 52 the
664 1624 135 52 code
830 1629 227 61 system,
1090 1622 252 68 adapted
1374 1623 307 69 especially
1713 1630 57 46 to
1805 1624 98 53 the
1932 1626 109 51 law
2076 1626 112 52 and
324 1627 1987 130 evidence

535 1702 250 69 relating
820 1708 59 46 to
918 1701 201 53 crimes
1158 1701 225 53 defined
1421 1701 75 69 by
1533 1702 97 54 the
1665 1708 241 48 statutes
1944 1702 65 53 of
2046 1704 293 69 Missouri,

326 1783 245 66 Kansas,
614 1782 114 52 and
773 1780 342 67 Oklahoma,
1161 1780 140 52 with
1349 1779 181 54 forms
1576 1781 113 52 and
1735 1782 332 67 precedents
2114 1782 93 53 for
325 1784 1986 143 indictments,

688 1857 1648 74 by Henry S. Kelley … 4th ed., thoroughly rev.
326 1936 2013 72 and enl., by Jay M. Lee … Kansas City, Mo., Vernon law
325 2018 147 53 book
502 2034 300 51 company,
833 2018 150 50 1928.

397 2098 698 49 1 p. l. , v-xxi, 1310 p. 23½ᶜᵐ.
330 2156 52 51 ©
414 2159 111 40 Feb.
554 2158 70 48 29,
655 2157 140 46 1928;
827 2157 68 40 2c.
926 2158 123 39 Mar.
1078 2156 83 47 12;
1194 2155 84 42 aff.
1308 2157 124 40 Mar.
1462 2156 82 47 10;
1576 2157 42 39 A
1647 2157 230 48 1068237;
1911 2159 194 40 Vernon
2136 2159 95 40 law
2262 2160 76 41 bk.

401 2227 68 31 co.
541 2214 252 50 (28-7415)

326 2311 204 62 Lainé,
562 2311 67 51 E.

400 2389 196 53 Precis
636 2387 292 70 d’analyse
965 2384 448 71 mathématique.
1504 2392 40 47 t.
1587 2390 46 65 1,
1673 2389 49 51 2.
1798 2388 117 52 Par
1956 2388 67 53 E.
2065 2388 180 54 Lainé
2284 2396 55 47 et

328 2469 68 54 G.
434 2468 347 68 Bouligand.
857 2466 185 66 Paris,
1074 2465 287 53 Librairie
1393 2465 262 69 Vuibert,
1689 2465 152 55 1927.

397 2551 220 41 2 v. 25 ½ ᶜᵐ.
399 2609 147 39 Tome
572 2608 30 38 2
627 2618 88 37 par
744 2608 53 39 E.
824 2604 152 42 Lainé
1003 2607 48 38 et
1080 2605 53 41 G.
1162 2604 292 49 Bouligand.

331 2657 1992 113 t. 1, © Mar. 1, 1927; 1c. Apr. 25; t. 2, © Sept. 23; 1c. Nov. 23; A— Foreign
539 2722 158 45 34277,
728 2720 144 40 36424;
933 2719 243 40 Librairie
1206 2719 219 41 Vuibert.

329 2813 1988 150 Lectures on legal topics … 1922-1923, by Simon Fleischmann,
632 2891 1704 71 Martin T. Manton, J. S. Y. Ivins … [and others]
400 2976 140 52 New
578 2973 181 67 York,
795 2973 122 52 The
952 2971 339 53 Macmillan
1329 2987 301 51 company,
1668 2974 151 50 1928.

400 3057 89 41 viii
526 3068 57 37 p.,
622 3056 27 39 2
708 3087 23 16 l.,
770 3054 146 41 3-393
956 3064 43 38 p.
1059 3054 57 39 22½ᶜᵐ.
1277 3053 15 48 (
1301 3054 256 48 Half-title
1565 3065 15 30 :
1617 3054 231 40 Lectures
1888 3055 246 40 delivered
2176 3055 165 41 before

333 3117 80 38 the
443 3113 309 41 Association
783 3113 52 39 of
864 3113 83 39 the
976 3112 90 39 bar
1094 3112 52 40 of
1175 3111 83 41 the
1288 3110 100 48 city
1420 3110 53 41 of
1500 3111 120 41 New
1649 3112 145 46 York,
1828 3112 92 40 vol.
2011 3112 13 47 IV)

335 3169 52 52 ©
426 3173 111 40 Feb.
570 3171 70 47 28,
678 3171 140 45 1928;
855 3170 68 40 2c.
959 3170 96 38 and
1092 3169 83 41 aff.
1211 3169 112 40 Feb.
1359 3168 83 47 29;
1480 3169 41 38 A
1556 3169 231 47 1068028;
1825 3169 311 41 Association
2173 3171 51 38 of
2261 3170 83 40 the

402 3231 90 38 bar
522 3229 51 40 of
603 3228 81 40 the
715 3227 98 47 city
844 3227 52 39 of
926 3227 117 39 New
1074 3226 145 47 York,
1252 3225 117 40 New
1401 3225 146 41 York.
1617 3225 252 49 (28-7417)

334 3324 388 60 Lindemann,
755 3322 192 62 Hugo,
981 3339 178 49 comp.

406 3401 111 52 Die
591 3400 188 53 sieben
856 3399 274 52 schlösser
1207 3398 97 52 des
1379 3398 183 52 Melik
1639 3397 207 55 Schah.
1923 3398 423 55 Orientalische

334 3480 269 52 märchen
647 3478 112 52 frei
804 3477 255 52 arbeitet.
1136 3476 294 66 Potsdam,
1474 3475 309 69 Germany,
1824 3475 224 55 Gustav
333 3477 1984 147 Kiepenheuer,
557 3559 149 49 1926.

405 3641 27 39 1
462 3650 44 31 v.

339 3693 1987 107 © Oct. 31, 1926; 1c. Apr. 15, 1927; A —Foreign 34419; Gustav Kiepenheuer verlag a. g.
340 3847 243 53 London
614 3846 233 68 opinion.
944 3865 50 33 v.
1026 3849 83 63 96,
1138 3864 88 34 no.
1260 3848 152 64 1254,
1443 3845 143 67 Apr.
1621 3848 81 64 14,
1736 3848 149 50 1928.
1962 3846 207 52 Easter
409 3845 1908 150 holiday
554 3944 89 34 no.

341 4006 2001 52 © 1c. Apr. 10, 1928; A ad int. 10884; pubd. Apr. 6; George Newnes,
410 4066 102 48 ltd.,
542 4066 213 40 London.
