<alto xmlns="http://www.loc.gov/standards/alto/ns-v3#" xmlns:xlink="http://www.w3.org/1999/xlink" xmlns:xsi="http://www.w3.org/2001/XMLSchema-instance" xsi:schemaLocation="http://www.loc.gov/standards/alto/ns-v3# http://www.loc.gov/alto/v3/alto-3-0.xsd"><Description>
<MeasurementUnit>pixel</MeasurementUnit>
<sourceImageInformation>
<fileName>1928_v25_part001.pdf</fileName>
</sourceImageInformation>
<OCRProcessing ID="IdOcr">
<ocrProcessingStep>
<processingDateTime>2019-04-12</processingDateTime>
<processingSoftware>
<softwareCreator>ABBYY</softwareCreator>
<softwareName>ABBYY Recognition Server</softwareName>
<softwareVersion>4.0</softwareVersion>
</processingSoftware>
</ocrProcessingStep>
</OCRProcessing>
</Description>
<Styles>
<ParagraphStyle ID="StyleId-FFFFFFFF-FFFF-FFFF-FFFF-FFFFFFFFFFFF-" ALIGN="Left" LEFT="0." RIGHT="0." FIRSTLINE="0."/>
<ParagraphStyle ID="StyleId-0ECAC0CE-E1F0-4C69-A1B9-95E16886343B-" ALIGN="Left" LEFT="0." RIGHT="0." FIRSTLINE="0." LINESPACE="8.300000191"/>
<ParagraphStyle ID="StyleId-5C6F7A30-EC6F-4250-A8D3-0AE106DCDB5D-" ALIGN="Left" LEFT="0." RIGHT="0." FIRSTLINE="-13." LINESPACE="11.22999954"/>
<ParagraphStyle ID="StyleId-B258737E-7AF8-4B71-A0BF-0A1420B951F9-" ALIGN="Left" LEFT="0." RIGHT="0." FIRSTLINE="-13." LINESPACE="8.210000038"/>
<ParagraphStyle ID="StyleId-35C0EFA5-E89E-4731-B16E-5D3895F12270-" ALIGN="Block" LEFT="0." RIGHT="0." FIRSTLINE="-12." LINESPACE="11.22999954"/>
<ParagraphStyle ID="StyleId-7BD1F9B4-14BB-4AAF-864B-FED8FEA7DC43-" ALIGN="Left" LEFT="0." RIGHT="0." FIRSTLINE="0."/>
<ParagraphStyle ID="StyleId-CD2DA0E5-536D-42AE-AE16-8D9F5C008D5A-" ALIGN="Block" LEFT="0." RIGHT="0." FIRSTLINE="-12." LINESPACE="10."/>
<ParagraphStyle ID="StyleId-AF408F88-EED5-4CE2-A229-3F852C18D9BD-" ALIGN="Block" LEFT="0." RIGHT="0." FIRSTLINE="-14." LINESPACE="10."/>
<ParagraphStyle ID="StyleId-829CD741-943D-4B7B-9638-57AB73DE2567-" ALIGN="Center" LEFT="0." RIGHT="0." FIRSTLINE="0." LINESPACE="9.399999619"/>
<ParagraphStyle ID="StyleId-B271BDFA-6037-4875-BA99-885A067668E9-" ALIGN="Left" LEFT="0." RIGHT="0." FIRSTLINE="-14." LINESPACE="11.21000004"/>
<ParagraphStyle ID="StyleId-64F9C1D8-EA12-4F65-AD18-B72A4C6B556F-" ALIGN="Center" LEFT="0." RIGHT="0." FIRSTLINE="0." LINESPACE="11.60000038"/>
<ParagraphStyle ID="StyleId-44DA2756-E57B-4EF3-9BA4-FC1C14776DE3-" ALIGN="Left" LEFT="0." RIGHT="0." FIRSTLINE="-12." LINESPACE="12.19999981"/>
<ParagraphStyle ID="StyleId-D1D9AF19-8CA6-4F74-9AEC-1B4545205AD7-" ALIGN="Center" LEFT="0." RIGHT="0." FIRSTLINE="0." LINESPACE="11.60000038"/>
<ParagraphStyle ID="StyleId-3ADA1556-6D19-417D-8046-68449BF368BA-" ALIGN="Left" LEFT="0." RIGHT="0." FIRSTLINE="-13." LINESPACE="12.19999981"/>
<ParagraphStyle ID="StyleId-7443A930-B325-44B5-9AB8-B42B4EC78C89-" ALIGN="Block" LEFT="0." RIGHT="0." FIRSTLINE="13." LINESPACE="8.619999886"/>
<ParagraphStyle ID="StyleId-C9A9E480-E448-4934-9AF8-3D252792E396-" ALIGN="Left" LEFT="0." RIGHT="0." FIRSTLINE="-12." LINESPACE="11.38000011"/>
<ParagraphStyle ID="StyleId-73039842-464C-49B9-9440-4C0D0E749DFE-" ALIGN="Center" LEFT="0." RIGHT="0." FIRSTLINE="0." LINESPACE="11.10000038"/>
<ParagraphStyle ID="StyleId-C51F6AC2-80DA-4C65-849C-6E2D5F548EA4-" ALIGN="Left" LEFT="0." RIGHT="0." FIRSTLINE="0." LINESPACE="7.699999809"/>
<ParagraphStyle ID="StyleId-494190D9-BDDC-4834-A745-6AF520F91CD0-" ALIGN="Block" LEFT="0." RIGHT="0." FIRSTLINE="-12." LINESPACE="11.22999954"/>
<ParagraphStyle ID="StyleId-68D39D31-3386-4B28-8C90-DA9420961D78-" ALIGN="Left" LEFT="0." RIGHT="0." FIRSTLINE="0." LINESPACE="11.60000038"/>
<ParagraphStyle ID="StyleId-DF0CE7C7-E73E-44FE-8867-C904BD7F3F42-" ALIGN="Block" LEFT="0." RIGHT="0." FIRSTLINE="0." LINESPACE="12.19999981"/>
</Styles>
<Layout>
<Page ID="Page1691" PHYSICAL_IMG_NR="1691" HEIGHT="4384" WIDTH="2498">
<TopMargin HEIGHT="438" WIDTH="2498" VPOS="0" HPOS="0">
</TopMargin>
<LeftMargin HEIGHT="3734" WIDTH="138" VPOS="438" HPOS="0">
</LeftMargin>
<RightMargin HEIGHT="3734" WIDTH="320" VPOS="438" HPOS="2178">
</RightMargin>
<BottomMargin HEIGHT="212" WIDTH="2498" VPOS="4172" HPOS="0">
</BottomMargin>
<PrintSpace HEIGHT="3734" WIDTH="2040" VPOS="438" HPOS="138">
<TextBlock ID="Page1691_Block1" HEIGHT="70" WIDTH="152" VPOS="4102" HPOS="1078" LANG="en-US" STYLEREFS="StyleId-CA6CA29D-192F-459F-8F3F-5E49EEF1F854-">
<TextLine HEIGHT="49" WIDTH="132" VPOS="4113" HPOS="1088">
<String CONTENT="1691" HEIGHT="49" WIDTH="132" VPOS="4113" HPOS="1088"/>
</TextLine>
</TextBlock>
<TextBlock ID="Page1691_Block2" HEIGHT="3672" WIDTH="2040" VPOS="438" HPOS="138" LANG="en-US" CS="1" STYLEREFS="StyleId-E9B5A298-9D7A-435F-9F6B-BFE5EF17ED7B-">
<TextLine HEIGHT="65" WIDTH="590" VPOS="449" HPOS="149" STYLEREFS="StyleId-05F15A45-75CB-4A24-AE88-07BAADB11C2D-">
<String CONTENT="Lummis," HEIGHT="64" WIDTH="287" VPOS="450" HPOS="149"/>
<SP HEIGHT="64" WIDTH="33" VPOS="450" HPOS="437"/>
<String CONTENT="Jessie" HEIGHT="54" WIDTH="192" VPOS="449" HPOS="471"/>
<SP HEIGHT="51" WIDTH="31" VPOS="451" HPOS="664"/>
<String CONTENT="I." HEIGHT="53" WIDTH="43" VPOS="451" HPOS="696"/>
</TextLine>
<TextLine HEIGHT="68" WIDTH="1879" VPOS="527" HPOS="279" STYLEREFS="StyleId-CA6CA29D-192F-459F-8F3F-5E49EEF1F854-" CS="1">
<String CS="1" CONTENT="&#8230;"/>
<SP HEIGHT="50" WIDTH="51" VPOS="530" HPOS="279"/>
<String CONTENT="The" HEIGHT="51" WIDTH="121" VPOS="529" HPOS="331"/>
<SP HEIGHT="33" WIDTH="45" VPOS="547" HPOS="453"/>
<String CONTENT="road" HEIGHT="51" WIDTH="137" VPOS="529" HPOS="499"/>
<SP HEIGHT="51" WIDTH="48" VPOS="529" HPOS="637"/>
<String CONTENT="of" HEIGHT="52" WIDTH="64" VPOS="528" HPOS="686"/>
<SP HEIGHT="52" WIDTH="44" VPOS="528" HPOS="751"/>
<String CONTENT="health" HEIGHT="51" WIDTH="195" VPOS="529" HPOS="796"/>
<SP HEIGHT="51" WIDTH="46" VPOS="529" HPOS="992"/>
<String CONTENT="to" HEIGHT="46" WIDTH="59" VPOS="534" HPOS="1039"/>
<SP HEIGHT="55" WIDTH="46" VPOS="527" HPOS="1099"/>
<String CONTENT="Grown-up" HEIGHT="67" WIDTH="322" VPOS="527" HPOS="1146"/>
<SP HEIGHT="66" WIDTH="45" VPOS="528" HPOS="1469"/>
<String CONTENT="Town," HEIGHT="65" WIDTH="198" VPOS="528" HPOS="1515"/>
<SP HEIGHT="65" WIDTH="41" VPOS="528" HPOS="1714"/>
<String CONTENT="by" HEIGHT="67" WIDTH="76" VPOS="528" HPOS="1756"/>
<SP HEIGHT="68" WIDTH="45" VPOS="527" HPOS="1833"/>
<String CONTENT="Jessie" HEIGHT="54" WIDTH="182" VPOS="527" HPOS="1879"/>
<SP HEIGHT="53" WIDTH="44" VPOS="527" HPOS="2062"/>
<String CONTENT="I." HEIGHT="53" WIDTH="51" VPOS="527" HPOS="2107"/>
</TextLine>
<TextLine HEIGHT="68" WIDTH="2010" VPOS="604" HPOS="148" STYLEREFS="StyleId-CA6CA29D-192F-459F-8F3F-5E49EEF1F854-" CS="1">
<String CONTENT="Lummis" HEIGHT="52" WIDTH="256" VPOS="607" HPOS="148"/>
<SP HEIGHT="34" WIDTH="34" VPOS="625" HPOS="405"/>
<String CONTENT="and" HEIGHT="51" WIDTH="112" VPOS="607" HPOS="440"/>
<SP HEIGHT="52" WIDTH="31" VPOS="607" HPOS="553"/>
<String CONTENT="Williedell" HEIGHT="53" WIDTH="315" VPOS="606" HPOS="585"/>
<SP HEIGHT="55" WIDTH="36" VPOS="605" HPOS="901"/>
<String CONTENT="Schawe;" HEIGHT="67" WIDTH="262" VPOS="605" HPOS="938"/>
<SP HEIGHT="48" WIDTH="39" VPOS="624" HPOS="1201"/>
<String CONTENT="with" HEIGHT="52" WIDTH="140" VPOS="605" HPOS="1241"/>
<SP HEIGHT="51" WIDTH="33" VPOS="605" HPOS="1382"/>
<String CONTENT="illustrations" HEIGHT="54" WIDTH="384" VPOS="604" HPOS="1416"/>
<SP HEIGHT="54" WIDTH="27" VPOS="604" HPOS="1801"/>
<String CS="1" CONTENT="by" HEIGHT="49" WIDTH="36" VPOS="623" HPOS="1870"/>
<SP HEIGHT="67" WIDTH="33" VPOS="605" HPOS="1907"/>
<String CONTENT="Eunice" HEIGHT="53" WIDTH="217" VPOS="604" HPOS="1941"/>
</TextLine>
<TextLine HEIGHT="71" WIDTH="1990" VPOS="681" HPOS="149" STYLEREFS="StyleId-CA6CA29D-192F-459F-8F3F-5E49EEF1F854-" CS="1">
<String CONTENT="Stephenson" HEIGHT="69" WIDTH="359" VPOS="683" HPOS="149"/>
<SP HEIGHT="33" WIDTH="29" VPOS="703" HPOS="509"/>
<String CONTENT="and" HEIGHT="52" WIDTH="112" VPOS="684" HPOS="539"/>
<SP HEIGHT="52" WIDTH="34" VPOS="684" HPOS="652"/>
<String CONTENT="Ellen" HEIGHT="51" WIDTH="166" VPOS="684" HPOS="687"/>
<SP HEIGHT="51" WIDTH="32" VPOS="684" HPOS="854"/>
<String CONTENT="Kettunen." HEIGHT="52" WIDTH="308" VPOS="684" HPOS="887"/>
<SP HEIGHT="51" WIDTH="78" VPOS="683" HPOS="1196"/>
<String CONTENT="Yonkers-on-Hudson," HEIGHT="67" WIDTH="656" VPOS="682" HPOS="1275"/>
<SP HEIGHT="67" WIDTH="29" VPOS="682" HPOS="1932"/>
<String LANG="fr" CONTENT="N." HEIGHT="52" WIDTH="70" VPOS="682" HPOS="1962"/>
<SP HEIGHT="53" WIDTH="34" VPOS="681" HPOS="2033"/>
<String CS="1" CONTENT="Y.," HEIGHT="53" WIDTH="71" VPOS="681" HPOS="2068"/>
</TextLine>
<TextLine HEIGHT="70" WIDTH="1534" VPOS="761" HPOS="148" STYLEREFS="StyleId-CA6CA29D-192F-459F-8F3F-5E49EEF1F854-" CS="1">
<String CONTENT="and" HEIGHT="52" WIDTH="112" VPOS="763" HPOS="148"/>
<SP HEIGHT="55" WIDTH="35" VPOS="761" HPOS="261"/>
<String CONTENT="Chicago." HEIGHT="70" WIDTH="271" VPOS="761" HPOS="297"/>
<SP HEIGHT="54" WIDTH="33" VPOS="762" HPOS="569"/>
<String CONTENT="Ill.," HEIGHT="57" WIDTH="112" VPOS="762" HPOS="603"/>
<SP HEIGHT="57" WIDTH="31" VPOS="762" HPOS="716"/>
<String CONTENT="World" HEIGHT="54" WIDTH="203" VPOS="762" HPOS="748"/>
<SP HEIGHT="54" WIDTH="34" VPOS="761" HPOS="952"/>
<String CONTENT="book" HEIGHT="54" WIDTH="148" VPOS="761" HPOS="987"/>
<SP HEIGHT="54" WIDTH="30" VPOS="761" HPOS="1136"/>
<String CONTENT="company" HEIGHT="52" WIDTH="284" VPOS="778" HPOS="1167"/>
<SP HEIGHT="51" WIDTH="36" VPOS="779" HPOS="1452"/>
<String CS="1" CONTENT="[&#7580;1928]" HEIGHT="64" WIDTH="150" VPOS="763" HPOS="1532"/>
</TextLine>
<TextLine HEIGHT="49" WIDTH="1510" VPOS="843" HPOS="218" STYLEREFS="StyleId-CA6CA29D-192F-459F-8F3F-5E49EEF1F854-" CS="1">
<String CONTENT="vi," HEIGHT="47" WIDTH="60" VPOS="844" HPOS="218"/>
<SP HEIGHT="46" WIDTH="30" VPOS="845" HPOS="279"/>
<String CONTENT="152" HEIGHT="39" WIDTH="84" VPOS="844" HPOS="310"/>
<SP HEIGHT="48" WIDTH="30" VPOS="844" HPOS="395"/>
<String CONTENT="p." HEIGHT="37" WIDTH="41" VPOS="855" HPOS="426"/>
<SP HEIGHT="30" WIDTH="60" VPOS="855" HPOS="468"/>
<String CONTENT="col." HEIGHT="40" WIDTH="86" VPOS="845" HPOS="529"/>
<SP HEIGHT="40" WIDTH="31" VPOS="844" HPOS="616"/>
<String CONTENT="illus." HEIGHT="40" WIDTH="128" VPOS="844" HPOS="648"/>
<SP HEIGHT="39" WIDTH="59" VPOS="845" HPOS="777"/>
<String CS="1" CONTENT="19&#7580;&#7504;." HEIGHT="40" WIDTH="115" VPOS="843" HPOS="837"/>
<SP HEIGHT="46" WIDTH="71" VPOS="844" HPOS="953"/>
<String CONTENT="(Health" HEIGHT="46" WIDTH="208" VPOS="844" HPOS="1025"/>
<SP HEIGHT="38" WIDTH="31" VPOS="845" HPOS="1234"/>
<String CONTENT="readers:" HEIGHT="39" WIDTH="226" VPOS="844" HPOS="1266"/>
<SP HEIGHT="39" WIDTH="29" VPOS="844" HPOS="1493"/>
<String CONTENT="book" HEIGHT="39" WIDTH="123" VPOS="844" HPOS="1523"/>
<SP HEIGHT="40" WIDTH="28" VPOS="843" HPOS="1647"/>
<String CONTENT="3)" HEIGHT="46" WIDTH="52" VPOS="843" HPOS="1676"/>
</TextLine>
<TextLine HEIGHT="53" WIDTH="1837" VPOS="896" HPOS="156" CS="1">
<String CONTENT="&#169;" HEIGHT="53" WIDTH="51" VPOS="896" HPOS="156"/>
<SP HEIGHT="53" WIDTH="28" VPOS="896" HPOS="208"/>
<String CONTENT="Oct." HEIGHT="40" WIDTH="101" VPOS="901" HPOS="237"/>
<SP HEIGHT="39" WIDTH="26" VPOS="902" HPOS="339"/>
<String CONTENT="16," HEIGHT="46" WIDTH="69" VPOS="901" HPOS="366"/>
<SP HEIGHT="44" WIDTH="28" VPOS="903" HPOS="436"/>
<String CS="1" CONTENT="1928;" HEIGHT="40" WIDTH="114" VPOS="901" HPOS="465"/>
<SP HEIGHT="39" WIDTH="29" VPOS="902" HPOS="606"/>
<String CONTENT="2c." HEIGHT="39" WIDTH="66" VPOS="902" HPOS="636"/>
<SP HEIGHT="40" WIDTH="29" VPOS="901" HPOS="703"/>
<String CONTENT="Oct." HEIGHT="40" WIDTH="101" VPOS="901" HPOS="733"/>
<SP HEIGHT="39" WIDTH="28" VPOS="902" HPOS="835"/>
<String CS="1" CONTENT="19;" HEIGHT="38" WIDTH="58" VPOS="901" HPOS="864"/>
<SP HEIGHT="29" WIDTH="31" VPOS="911" HPOS="946"/>
<String CONTENT="aff." HEIGHT="40" WIDTH="82" VPOS="901" HPOS="978"/>
<SP HEIGHT="41" WIDTH="29" VPOS="900" HPOS="1061"/>
<String CONTENT="Oct." HEIGHT="41" WIDTH="102" VPOS="900" HPOS="1091"/>
<SP HEIGHT="40" WIDTH="27" VPOS="901" HPOS="1194"/>
<String CS="1" CONTENT="20;" HEIGHT="40" WIDTH="60" VPOS="900" HPOS="1222"/>
<SP HEIGHT="40" WIDTH="31" VPOS="901" HPOS="1305"/>
<!-- cceid 294E48D6-6CB2-1014-A20E-B9D6251C946A --><String CONTENT="A" HEIGHT="38" WIDTH="40" VPOS="901" HPOS="1337"/>
<SP HEIGHT="38" WIDTH="26" VPOS="901" HPOS="1378"/>
<String CS="1" CONTENT="1126;" HEIGHT="39" WIDTH="84" VPOS="900" HPOS="1405"/>
<SP HEIGHT="46" WIDTH="31" VPOS="901" HPOS="1547"/>
<String CONTENT="World" HEIGHT="40" WIDTH="166" VPOS="900" HPOS="1579"/>
<SP HEIGHT="39" WIDTH="26" VPOS="900" HPOS="1746"/>
<String CONTENT="book" HEIGHT="39" WIDTH="125" VPOS="900" HPOS="1773"/>
<SP HEIGHT="38" WIDTH="26" VPOS="900" HPOS="1899"/>
<String CONTENT="co." HEIGHT="29" WIDTH="67" VPOS="910" HPOS="1926"/>
</TextLine>
<TextLine HEIGHT="48" WIDTH="282" VPOS="958" HPOS="233" CS="1">
<String CS="1" CONTENT="(28-24867)" HEIGHT="48" WIDTH="282" VPOS="958" HPOS="233"/>
</TextLine>
<TextLine HEIGHT="65" WIDTH="1122" VPOS="1050" HPOS="151" STYLEREFS="StyleId-CA6CA29D-192F-459F-8F3F-5E49EEF1F854-" CS="1">
<String CONTENT="Magruder," HEIGHT="64" WIDTH="340" VPOS="1051" HPOS="151"/>
<SP HEIGHT="63" WIDTH="29" VPOS="1052" HPOS="492"/>
<String CONTENT="Thomas" HEIGHT="53" WIDTH="259" VPOS="1050" HPOS="522"/>
<SP HEIGHT="52" WIDTH="29" VPOS="1051" HPOS="782"/>
<String CS="1" CONTENT="Pickett," HEIGHT="53" WIDTH="235" VPOS="1050" HPOS="812"/>
<SP HEIGHT="56" WIDTH="28" VPOS="1057" HPOS="1072"/>
<String CONTENT="1867-" HEIGHT="50" WIDTH="172" VPOS="1055" HPOS="1101"/>
</TextLine>
<TextLine HEIGHT="147" WIDTH="2014" VPOS="1129" HPOS="147" STYLEREFS="StyleId-CA6CA29D-192F-459F-8F3F-5E49EEF1F854-" CS="1">
<String CONTENT="The" HEIGHT="53" WIDTH="120" VPOS="1130" HPOS="219"/>
<SP HEIGHT="54" WIDTH="33" VPOS="1131" HPOS="340"/>
<String CONTENT="United" HEIGHT="55" WIDTH="218" VPOS="1130" HPOS="374"/>
<SP HEIGHT="55" WIDTH="37" VPOS="1129" HPOS="593"/>
<String CONTENT="States" HEIGHT="55" WIDTH="189" VPOS="1129" HPOS="631"/>
<SP HEIGHT="36" WIDTH="31" VPOS="1148" HPOS="821"/>
<String CONTENT="navy," HEIGHT="49" WIDTH="169" VPOS="1148" HPOS="853"/>
<SP HEIGHT="66" WIDTH="31" VPOS="1130" HPOS="1023"/>
<String CONTENT="by" HEIGHT="68" WIDTH="75" VPOS="1130" HPOS="1055"/>
<SP HEIGHT="69" WIDTH="33" VPOS="1129" HPOS="1131"/>
<String CONTENT="Rear-Admiral" HEIGHT="53" WIDTH="450" VPOS="1129" HPOS="1165"/>
<SP HEIGHT="51" WIDTH="34" VPOS="1130" HPOS="1616"/>
<String CONTENT="Thomas" HEIGHT="52" WIDTH="251" VPOS="1130" HPOS="1651"/>
<SP HEIGHT="52" WIDTH="30" VPOS="1130" HPOS="1903"/>
<String CONTENT="P." HEIGHT="51" WIDTH="67" VPOS="1130" HPOS="1934"/>
<SP HEIGHT="53" WIDTH="33" VPOS="1129" HPOS="2002"/>
<String CONTENT="Magruder" HEIGHT="146" WIDTH="1990" VPOS="1129" HPOS="147"/>
<SP HEIGHT="32" WIDTH="32" VPOS="1227" HPOS="361"/>
<String CS="1" CONTENT="&#8230;"/>
<SP HEIGHT="51" WIDTH="36" VPOS="1208" HPOS="450"/>
<String CONTENT="illustrated" HEIGHT="51" WIDTH="325" VPOS="1208" HPOS="487"/>
<SP HEIGHT="51" WIDTH="31" VPOS="1208" HPOS="813"/>
<String CONTENT="with" HEIGHT="52" WIDTH="136" VPOS="1207" HPOS="845"/>
<SP HEIGHT="51" WIDTH="33" VPOS="1208" HPOS="982"/>
<String CONTENT="official" HEIGHT="53" WIDTH="200" VPOS="1207" HPOS="1016"/>
<SP HEIGHT="67" WIDTH="31" VPOS="1208" HPOS="1217"/>
<String CONTENT="photographs" HEIGHT="69" WIDTH="398" VPOS="1207" HPOS="1249"/>
<SP HEIGHT="55" WIDTH="31" VPOS="1206" HPOS="1648"/>
<String CONTENT="from" HEIGHT="53" WIDTH="154" VPOS="1206" HPOS="1680"/>
<SP HEIGHT="47" WIDTH="27" VPOS="1212" HPOS="1835"/>
<String CONTENT="the" HEIGHT="52" WIDTH="97" VPOS="1207" HPOS="1863"/>
<SP HEIGHT="53" WIDTH="29" VPOS="1207" HPOS="1961"/>
<String CONTENT="Navy" HEIGHT="69" WIDTH="170" VPOS="1207" HPOS="1991"/>
</TextLine>
<TextLine HEIGHT="68" WIDTH="1937" VPOS="1285" HPOS="149" STYLEREFS="StyleId-CA6CA29D-192F-459F-8F3F-5E49EEF1F854-" CS="1">
<String CONTENT="department." HEIGHT="67" WIDTH="379" VPOS="1286" HPOS="149"/>
<SP HEIGHT="50" WIDTH="74" VPOS="1287" HPOS="529"/>
<String CONTENT="Philadelphia." HEIGHT="67" WIDTH="428" VPOS="1285" HPOS="604"/>
<SP HEIGHT="53" WIDTH="41" VPOS="1286" HPOS="1033"/>
<String CONTENT="Dorrance" HEIGHT="51" WIDTH="295" VPOS="1286" HPOS="1075"/>
<SP HEIGHT="33" WIDTH="38" VPOS="1304" HPOS="1371"/>
<String CONTENT="and" HEIGHT="52" WIDTH="114" VPOS="1286" HPOS="1410"/>
<SP HEIGHT="52" WIDTH="39" VPOS="1286" HPOS="1525"/>
<String CONTENT="company" HEIGHT="50" WIDTH="280" VPOS="1303" HPOS="1565"/>
<SP HEIGHT="50" WIDTH="45" VPOS="1303" HPOS="1846"/>
<String STYLE="subscript" CS="1" CONTENT="[&#7580;"/>
<String CONTENT="1928" HEIGHT="50" WIDTH="135" VPOS="1287" HPOS="1933"/>
<String STYLE="subscript" CONTENT="]" HEIGHT="34" WIDTH="13" VPOS="1318" HPOS="2073"/>
</TextLine>
<TextLine HEIGHT="49" WIDTH="938" VPOS="1366" HPOS="220" STYLEREFS="StyleId-CA6CA29D-192F-459F-8F3F-5E49EEF1F854-" CS="1">
<String CONTENT="179" HEIGHT="40" WIDTH="84" VPOS="1368" HPOS="220"/>
<SP HEIGHT="47" WIDTH="26" VPOS="1368" HPOS="305"/>
<String CONTENT="p." HEIGHT="36" WIDTH="42" VPOS="1379" HPOS="332"/>
<SP HEIGHT="39" WIDTH="59" VPOS="1368" HPOS="375"/>
<String CONTENT="front.," HEIGHT="40" WIDTH="164" VPOS="1368" HPOS="435"/>
<SP HEIGHT="37" WIDTH="29" VPOS="1378" HPOS="600"/>
<String CONTENT="plates," HEIGHT="47" WIDTH="169" VPOS="1368" HPOS="630"/>
<SP HEIGHT="36" WIDTH="31" VPOS="1378" HPOS="800"/>
<String CONTENT="ports." HEIGHT="46" WIDTH="147" VPOS="1368" HPOS="832"/>
<SP HEIGHT="40" WIDTH="59" VPOS="1366" HPOS="980"/>
<String CONTENT="21" HEIGHT="39" WIDTH="55" VPOS="1366" HPOS="1040"/>
<String STYLE="superscript" CS="1" CONTENT="&#7580;&#7504;"/>
<String CONTENT="." HEIGHT="8" WIDTH="9" VPOS="1399" HPOS="1149"/>
</TextLine>
<TextLine HEIGHT="52" WIDTH="1922" VPOS="1420" HPOS="157" CS="1">
<String CONTENT="&#169;" HEIGHT="52" WIDTH="52" VPOS="1420" HPOS="157"/>
<SP HEIGHT="52" WIDTH="28" VPOS="1420" HPOS="210"/>
<String CONTENT="Oct." HEIGHT="40" WIDTH="100" VPOS="1425" HPOS="239"/>
<SP HEIGHT="39" WIDTH="29" VPOS="1426" HPOS="340"/>
<String CONTENT="1," HEIGHT="41" WIDTH="38" VPOS="1426" HPOS="370"/>
<SP HEIGHT="42" WIDTH="29" VPOS="1425" HPOS="409"/>
<String CS="1" CONTENT="1928;" HEIGHT="39" WIDTH="113" VPOS="1425" HPOS="439"/>
<SP HEIGHT="41" WIDTH="29" VPOS="1424" HPOS="579"/>
<String CONTENT="2c." HEIGHT="40" WIDTH="67" VPOS="1424" HPOS="609"/>
<SP HEIGHT="38" WIDTH="30" VPOS="1426" HPOS="677"/>
<String CONTENT="Oct." HEIGHT="38" WIDTH="101" VPOS="1426" HPOS="708"/>
<SP HEIGHT="39" WIDTH="30" VPOS="1425" HPOS="810"/>
<String CONTENT="19;" HEIGHT="40" WIDTH="79" VPOS="1425" HPOS="841"/>
<SP HEIGHT="30" WIDTH="32" VPOS="1435" HPOS="921"/>
<String CONTENT="aff." HEIGHT="41" WIDTH="81" VPOS="1423" HPOS="954"/>
<SP HEIGHT="41" WIDTH="30" VPOS="1423" HPOS="1036"/>
<String CONTENT="Oct." HEIGHT="40" WIDTH="102" VPOS="1423" HPOS="1067"/>
<SP HEIGHT="38" WIDTH="30" VPOS="1425" HPOS="1170"/>
<String CONTENT="18;" HEIGHT="41" WIDTH="82" VPOS="1424" HPOS="1201"/>
<SP HEIGHT="40" WIDTH="31" VPOS="1425" HPOS="1284"/>
<!-- cceid 294E7C99-6CB2-1014-A20E-B9D6251C946A --><String CONTENT="A" HEIGHT="38" WIDTH="38" VPOS="1425" HPOS="1316"/>
<SP HEIGHT="38" WIDTH="28" VPOS="1425" HPOS="1355"/>
<String CONTENT="244;" HEIGHT="42" WIDTH="112" VPOS="1425" HPOS="1384"/>
<SP HEIGHT="42" WIDTH="31" VPOS="1425" HPOS="1497"/>
<String CONTENT="Dorrance" HEIGHT="40" WIDTH="250" VPOS="1425" HPOS="1529"/>
<SP HEIGHT="40" WIDTH="26" VPOS="1425" HPOS="1780"/>
<String CONTENT="&amp;" HEIGHT="40" WIDTH="37" VPOS="1425" HPOS="1807"/>
<SP HEIGHT="40" WIDTH="27" VPOS="1425" HPOS="1845"/>
<String CS="1" CONTENT="co.," HEIGHT="29" WIDTH="67" VPOS="1435" HPOS="1873"/>
<SP HEIGHT="41" WIDTH="30" VPOS="1424" HPOS="1955"/>
<String CONTENT="inc." HEIGHT="41" WIDTH="93" VPOS="1424" HPOS="1986"/>
</TextLine>
<TextLine HEIGHT="50" WIDTH="281" VPOS="1481" HPOS="235">
<String CONTENT="(28-24910)" HEIGHT="50" WIDTH="281" VPOS="1481" HPOS="235"/>
</TextLine>
<TextLine HEIGHT="65" WIDTH="536" VPOS="1573" HPOS="150" STYLEREFS="StyleId-05F15A45-75CB-4A24-AE88-07BAADB11C2D-">
<String CONTENT="Masefield," HEIGHT="64" WIDTH="321" VPOS="1574" HPOS="150"/>
<SP HEIGHT="64" WIDTH="39" VPOS="1574" HPOS="472"/>
<String CONTENT="John." HEIGHT="54" WIDTH="174" VPOS="1573" HPOS="512"/>
</TextLine>
<TextLine HEIGHT="147" WIDTH="1989" VPOS="1652" HPOS="150" STYLEREFS="StyleId-CA6CA29D-192F-459F-8F3F-5E49EEF1F854-" CS="1">
<String CONTENT="Midsummer" HEIGHT="51" WIDTH="377" VPOS="1654" HPOS="220"/>
<SP HEIGHT="33" WIDTH="32" VPOS="1671" HPOS="598"/>
<String CONTENT="night," HEIGHT="69" WIDTH="185" VPOS="1652" HPOS="631"/>
<SP HEIGHT="37" WIDTH="36" VPOS="1671" HPOS="817"/>
<String CONTENT="and" HEIGHT="51" WIDTH="109" VPOS="1653" HPOS="854"/>
<SP HEIGHT="51" WIDTH="35" VPOS="1653" HPOS="964"/>
<String CONTENT="other" HEIGHT="51" WIDTH="163" VPOS="1653" HPOS="1000"/>
<SP HEIGHT="46" WIDTH="32" VPOS="1658" HPOS="1164"/>
<String CONTENT="tales" HEIGHT="52" WIDTH="144" VPOS="1653" HPOS="1197"/>
<SP HEIGHT="52" WIDTH="34" VPOS="1653" HPOS="1342"/>
<String CONTENT="in" HEIGHT="51" WIDTH="59" VPOS="1653" HPOS="1377"/>
<SP HEIGHT="34" WIDTH="33" VPOS="1671" HPOS="1437"/>
<String CONTENT="verse," HEIGHT="47" WIDTH="176" VPOS="1671" HPOS="1471"/>
<SP HEIGHT="65" WIDTH="30" VPOS="1653" HPOS="1648"/>
<String CONTENT="by" HEIGHT="69" WIDTH="76" VPOS="1653" HPOS="1679"/>
<SP HEIGHT="69" WIDTH="31" VPOS="1653" HPOS="1756"/>
<String CONTENT="John" HEIGHT="54" WIDTH="157" VPOS="1653" HPOS="1788"/>
<SP HEIGHT="53" WIDTH="32" VPOS="1652" HPOS="1946"/>
<String CONTENT="Masefield." HEIGHT="132" WIDTH="1989" VPOS="1652" HPOS="150"/>
<SP HEIGHT="52" WIDTH="74" VPOS="1731" HPOS="299"/>
<String CONTENT="New" HEIGHT="52" WIDTH="138" VPOS="1731" HPOS="374"/>
<SP HEIGHT="52" WIDTH="36" VPOS="1731" HPOS="513"/>
<String CONTENT="York," HEIGHT="66" WIDTH="180" VPOS="1730" HPOS="550"/>
<SP HEIGHT="65" WIDTH="32" VPOS="1731" HPOS="731"/>
<String CONTENT="The" HEIGHT="52" WIDTH="121" VPOS="1731" HPOS="764"/>
<SP HEIGHT="53" WIDTH="32" VPOS="1730" HPOS="886"/>
<String CS="1" CONTENT="Macmillan" HEIGHT="52" WIDTH="338" VPOS="1730" HPOS="919"/>
<SP HEIGHT="35" WIDTH="32" VPOS="1748" HPOS="1258"/>
<String CONTENT="company," HEIGHT="51" WIDTH="300" VPOS="1748" HPOS="1291"/>
<SP HEIGHT="53" WIDTH="35" VPOS="1735" HPOS="1592"/>
<String CONTENT="1928." HEIGHT="49" WIDTH="150" VPOS="1734" HPOS="1628"/>
</TextLine>
<TextLine HEIGHT="49" WIDTH="665" VPOS="1812" HPOS="221" STYLEREFS="StyleId-CA6CA29D-192F-459F-8F3F-5E49EEF1F854-" CS="1">
<String CONTENT="viii" HEIGHT="39" WIDTH="88" VPOS="1813" HPOS="221"/>
<SP HEIGHT="48" WIDTH="24" VPOS="1813" HPOS="310"/>
<String CS="1" CONTENT="p.," HEIGHT="37" WIDTH="29" VPOS="1824" HPOS="335"/>
<SP HEIGHT="41" WIDTH="30" VPOS="1814" HPOS="394"/>
<String CONTENT="1" HEIGHT="37" WIDTH="23" VPOS="1814" HPOS="425"/>
<SP/>
<String CS="1" CONTENT="l.,"/>
<SP/>
<String CONTENT="164" HEIGHT="40" WIDTH="85" VPOS="1812" HPOS="552"/>
<SP HEIGHT="46" WIDTH="28" VPOS="1813" HPOS="638"/>
<String CONTENT="p." HEIGHT="36" WIDTH="42" VPOS="1823" HPOS="667"/>
<SP HEIGHT="40" WIDTH="59" VPOS="1812" HPOS="710"/>
<String CS="1" CONTENT="23&#7580;&#7504;." HEIGHT="41" WIDTH="116" VPOS="1812" HPOS="770"/>
</TextLine>
<TextLine HEIGHT="109" WIDTH="1991" VPOS="1866" HPOS="158" CS="1">
<String CONTENT="&#169;" HEIGHT="52" WIDTH="52" VPOS="1866" HPOS="158"/>
<SP HEIGHT="52" WIDTH="27" VPOS="1866" HPOS="211"/>
<String CONTENT="Oct." HEIGHT="40" WIDTH="101" VPOS="1870" HPOS="239"/>
<SP HEIGHT="39" WIDTH="24" VPOS="1870" HPOS="341"/>
<String CONTENT="25," HEIGHT="47" WIDTH="71" VPOS="1870" HPOS="366"/>
<SP HEIGHT="46" WIDTH="28" VPOS="1871" HPOS="438"/>
<String CS="1" CONTENT="1928;" HEIGHT="40" WIDTH="56" VPOS="1869" HPOS="467"/>
<SP HEIGHT="47" WIDTH="28" VPOS="1869" HPOS="609"/>
<String CONTENT="2c." HEIGHT="40" WIDTH="68" VPOS="1869" HPOS="638"/>
<SP HEIGHT="29" WIDTH="28" VPOS="1880" HPOS="707"/>
<String CONTENT="and" HEIGHT="38" WIDTH="95" VPOS="1870" HPOS="736"/>
<SP HEIGHT="38" WIDTH="28" VPOS="1870" HPOS="832"/>
<String CONTENT="aff." HEIGHT="41" WIDTH="82" VPOS="1869" HPOS="861"/>
<SP HEIGHT="42" WIDTH="30" VPOS="1868" HPOS="944"/>
<String CONTENT="Oct." HEIGHT="41" WIDTH="102" VPOS="1868" HPOS="975"/>
<SP HEIGHT="39" WIDTH="27" VPOS="1870" HPOS="1078"/>
<String CS="1" CONTENT="26;" HEIGHT="40" WIDTH="56" VPOS="1868" HPOS="1106"/>
<SP HEIGHT="46" WIDTH="30" VPOS="1870" HPOS="1189"/>
<!-- cceid 294EADB8-6CB2-1014-A20E-B9D6251C946A --><String CONTENT="A" HEIGHT="38" WIDTH="42" VPOS="1870" HPOS="1220"/>
<SP HEIGHT="39" WIDTH="26" VPOS="1869" HPOS="1263"/>
<String CS="1" CONTENT="268;" HEIGHT="40" WIDTH="56" VPOS="1869" HPOS="1290"/>
<SP HEIGHT="46" WIDTH="31" VPOS="1870" HPOS="1403"/>
<String CONTENT="J." HEIGHT="40" WIDTH="43" VPOS="1870" HPOS="1435"/>
<SP HEIGHT="40" WIDTH="29" VPOS="1870" HPOS="1479"/>
<String CONTENT="Masefield," HEIGHT="49" WIDTH="266" VPOS="1869" HPOS="1509"/>
<SP HEIGHT="48" WIDTH="30" VPOS="1870" HPOS="1776"/>
<String CONTENT="Oxford," HEIGHT="46" WIDTH="201" VPOS="1869" HPOS="1807"/>
<SP HEIGHT="45" WIDTH="30" VPOS="1870" HPOS="2009"/>
<String CONTENT="England." HEIGHT="97" WIDTH="1926" VPOS="1870" HPOS="223"/>
<SP HEIGHT="48" WIDTH="68" VPOS="1927" HPOS="355"/>
<String CONTENT="(28-25079)" HEIGHT="49" WIDTH="282" VPOS="1926" HPOS="424"/>
</TextLine>
<TextLine HEIGHT="64" WIDTH="805" VPOS="2019" HPOS="157" STYLEREFS="StyleId-05F15A45-75CB-4A24-AE88-07BAADB11C2D-">
<String CONTENT="Mathews," HEIGHT="63" WIDTH="313" VPOS="2020" HPOS="157"/>
<SP HEIGHT="63" WIDTH="32" VPOS="2020" HPOS="471"/>
<String CONTENT="Shailer," HEIGHT="64" WIDTH="250" VPOS="2019" HPOS="504"/>
<SP HEIGHT="58" WIDTH="35" VPOS="2025" HPOS="755"/>
<String CONTENT="1863-" HEIGHT="50" WIDTH="171" VPOS="2024" HPOS="791"/>
</TextLine>
<TextLine HEIGHT="69" WIDTH="1946" VPOS="2098" HPOS="219" STYLEREFS="StyleId-CA6CA29D-192F-459F-8F3F-5E49EEF1F854-" CS="1">
<String CONTENT="Jesus" HEIGHT="54" WIDTH="168" VPOS="2098" HPOS="219"/>
<SP HEIGHT="34" WIDTH="39" VPOS="2117" HPOS="388"/>
<String CONTENT="on" HEIGHT="34" WIDTH="72" VPOS="2116" HPOS="428"/>
<SP HEIGHT="34" WIDTH="38" VPOS="2116" HPOS="501"/>
<String CONTENT="social" HEIGHT="53" WIDTH="174" VPOS="2098" HPOS="540"/>
<SP HEIGHT="52" WIDTH="38" VPOS="2098" HPOS="715"/>
<String CONTENT="institutions," HEIGHT="66" WIDTH="378" VPOS="2098" HPOS="754"/>
<SP HEIGHT="65" WIDTH="36" VPOS="2099" HPOS="1133"/>
<String CONTENT="by" HEIGHT="68" WIDTH="77" VPOS="2099" HPOS="1170"/>
<SP HEIGHT="69" WIDTH="42" VPOS="2098" HPOS="1248"/>
<String CONTENT="Shailer" HEIGHT="55" WIDTH="228" VPOS="2098" HPOS="1291"/>
<SP HEIGHT="52" WIDTH="39" VPOS="2099" HPOS="1520"/>
<String CONTENT="Mathews" HEIGHT="53" WIDTH="283" VPOS="2099" HPOS="1560"/>
<SP HEIGHT="33" WIDTH="45" VPOS="2119" HPOS="1844"/>
<String CS="1" CONTENT="&#8230;"/>
<SP HEIGHT="53" WIDTH="79" VPOS="2098" HPOS="1945"/>
<String CONTENT="New" HEIGHT="54" WIDTH="140" VPOS="2098" HPOS="2025"/>
</TextLine>
<TextLine HEIGHT="67" WIDTH="1201" VPOS="2177" HPOS="153" STYLEREFS="StyleId-CA6CA29D-192F-459F-8F3F-5E49EEF1F854-" CS="1">
<String CONTENT="York," HEIGHT="66" WIDTH="176" VPOS="2177" HPOS="153"/>
<SP HEIGHT="65" WIDTH="26" VPOS="2178" HPOS="330"/>
<String CONTENT="The" HEIGHT="52" WIDTH="122" VPOS="2177" HPOS="357"/>
<SP HEIGHT="52" WIDTH="26" VPOS="2177" HPOS="480"/>
<String CS="1" CONTENT="Macmillan" HEIGHT="52" WIDTH="336" VPOS="2177" HPOS="507"/>
<SP HEIGHT="34" WIDTH="27" VPOS="2195" HPOS="844"/>
<String CONTENT="company," HEIGHT="50" WIDTH="299" VPOS="2194" HPOS="872"/>
<SP HEIGHT="63" WIDTH="30" VPOS="2180" HPOS="1172"/>
<String CONTENT="1928." HEIGHT="50" WIDTH="151" VPOS="2179" HPOS="1203"/>
</TextLine>
<TextLine HEIGHT="49" WIDTH="337" VPOS="2258" HPOS="252" CS="1">
<String CS="1" CONTENT="158" HEIGHT="40" WIDTH="56" VPOS="2259" HPOS="252"/>
<SP HEIGHT="48" WIDTH="29" VPOS="2259" HPOS="309"/>
<String CONTENT="p." HEIGHT="38" WIDTH="43" VPOS="2269" HPOS="339"/>
<SP HEIGHT="40" WIDTH="59" VPOS="2259" HPOS="383"/>
<String CS="1" CONTENT="19&#189;" HEIGHT="40" WIDTH="56" VPOS="2258" HPOS="443"/>
<String STYLE="superscript" CS="1" CONTENT="&#7580;&#7504;"/>
<String CONTENT="." HEIGHT="7" WIDTH="7" VPOS="2291" HPOS="582"/>
</TextLine>
<TextLine HEIGHT="49" WIDTH="1941" VPOS="2315" HPOS="224" CS="1">
<String CONTENT="&#8220;This" HEIGHT="39" WIDTH="145" VPOS="2316" HPOS="224"/>
<SP HEIGHT="39" WIDTH="35" VPOS="2316" HPOS="370"/>
<String CONTENT="little" HEIGHT="40" WIDTH="131" VPOS="2315" HPOS="406"/>
<SP HEIGHT="39" WIDTH="32" VPOS="2316" HPOS="538"/>
<String CONTENT="book" HEIGHT="39" WIDTH="123" VPOS="2316" HPOS="571"/>
<SP HEIGHT="38" WIDTH="36" VPOS="2316" HPOS="695"/>
<String CS="1" CONTENT="&#8230;"/>
<SP HEIGHT="27" WIDTH="39" VPOS="2327" HPOS="778"/>
<String CONTENT="replaces" HEIGHT="46" WIDTH="217" VPOS="2317" HPOS="818"/>
<SP HEIGHT="29" WIDTH="33" VPOS="2326" HPOS="1036"/>
<String CONTENT="my" HEIGHT="37" WIDTH="79" VPOS="2326" HPOS="1070"/>
<SP HEIGHT="48" WIDTH="37" VPOS="2315" HPOS="1150"/>
<String CONTENT="Social" HEIGHT="40" WIDTH="160" VPOS="2315" HPOS="1188"/>
<SP HEIGHT="40" WIDTH="33" VPOS="2316" HPOS="1349"/>
<String CONTENT="teaching" HEIGHT="49" WIDTH="229" VPOS="2315" HPOS="1383"/>
<SP HEIGHT="37" WIDTH="33" VPOS="2327" HPOS="1613"/>
<String CONTENT="of" HEIGHT="39" WIDTH="51" VPOS="2316" HPOS="1647"/>
<SP HEIGHT="40" WIDTH="33" VPOS="2316" HPOS="1699"/>
<String CONTENT="Jesus," HEIGHT="45" WIDTH="157" VPOS="2317" HPOS="1733"/>
<SP HEIGHT="35" WIDTH="37" VPOS="2327" HPOS="1891"/>
<String CONTENT="although" HEIGHT="48" WIDTH="236" VPOS="2316" HPOS="1929"/>
</TextLine>
<TextLine HEIGHT="48" WIDTH="1926" VPOS="2372" HPOS="157" CS="1">
<String CONTENT="I" HEIGHT="39" WIDTH="18" VPOS="2373" HPOS="157"/>
<SP HEIGHT="39" WIDTH="27" VPOS="2373" HPOS="176"/>
<String CONTENT="have" HEIGHT="39" WIDTH="123" VPOS="2374" HPOS="204"/>
<SP HEIGHT="30" WIDTH="25" VPOS="2383" HPOS="328"/>
<String CONTENT="not" HEIGHT="40" WIDTH="86" VPOS="2374" HPOS="354"/>
<SP HEIGHT="40" WIDTH="25" VPOS="2373" HPOS="441"/>
<String CONTENT="hesitated" HEIGHT="41" WIDTH="243" VPOS="2372" HPOS="467"/>
<SP HEIGHT="40" WIDTH="27" VPOS="2373" HPOS="711"/>
<String CONTENT="to" HEIGHT="38" WIDTH="48" VPOS="2375" HPOS="739"/>
<SP HEIGHT="30" WIDTH="29" VPOS="2383" HPOS="788"/>
<String CONTENT="use" HEIGHT="31" WIDTH="83" VPOS="2382" HPOS="818"/>
<SP HEIGHT="31" WIDTH="27" VPOS="2382" HPOS="902"/>
<String CONTENT="some" HEIGHT="31" WIDTH="131" VPOS="2382" HPOS="930"/>
<SP HEIGHT="38" WIDTH="26" VPOS="2382" HPOS="1062"/>
<String CONTENT="portions" HEIGHT="48" WIDTH="220" VPOS="2372" HPOS="1089"/>
<SP HEIGHT="30" WIDTH="28" VPOS="2383" HPOS="1310"/>
<String CONTENT="of" HEIGHT="41" WIDTH="51" VPOS="2372" HPOS="1339"/>
<SP HEIGHT="42" WIDTH="25" VPOS="2372" HPOS="1391"/>
<String CONTENT="this" HEIGHT="41" WIDTH="100" VPOS="2373" HPOS="1417"/>
<SP HEIGHT="30" WIDTH="26" VPOS="2384" HPOS="1518"/>
<String CONTENT="older" HEIGHT="40" WIDTH="136" VPOS="2374" HPOS="1545"/>
<SP HEIGHT="29" WIDTH="25" VPOS="2384" HPOS="1682"/>
<String CONTENT="work.&#8221;&#8212;" HEIGHT="41" WIDTH="240" VPOS="2373" HPOS="1708"/>
<String LANG="fr" CS="1" CONTENT="Pref." HEIGHT="40" WIDTH="132" VPOS="2374" HPOS="1951"/>
</TextLine>
<TextLine HEIGHT="52" WIDTH="1813" VPOS="2426" HPOS="159" CS="1">
<String CONTENT="&#169;" HEIGHT="52" WIDTH="52" VPOS="2426" HPOS="159"/>
<SP HEIGHT="52" WIDTH="27" VPOS="2426" HPOS="212"/>
<String CONTENT="Oct." HEIGHT="40" WIDTH="102" VPOS="2430" HPOS="240"/>
<SP HEIGHT="39" WIDTH="25" VPOS="2431" HPOS="343"/>
<String CONTENT="23," HEIGHT="43" WIDTH="71" VPOS="2431" HPOS="369"/>
<SP HEIGHT="43" WIDTH="28" VPOS="2431" HPOS="441"/>
<String CS="1" CONTENT="1928;" HEIGHT="40" WIDTH="113" VPOS="2430" HPOS="470"/>
<SP HEIGHT="45" WIDTH="28" VPOS="2431" HPOS="611"/>
<String CONTENT="2c." HEIGHT="39" WIDTH="68" VPOS="2431" HPOS="640"/>
<SP HEIGHT="40" WIDTH="29" VPOS="2430" HPOS="709"/>
<String CONTENT="Oct." HEIGHT="40" WIDTH="101" VPOS="2430" HPOS="739"/>
<SP HEIGHT="40" WIDTH="28" VPOS="2430" HPOS="841"/>
<String CS="1" CONTENT="24;" HEIGHT="39" WIDTH="55" VPOS="2430" HPOS="870"/>
<SP HEIGHT="30" WIDTH="30" VPOS="2441" HPOS="953"/>
<String CONTENT="aff." HEIGHT="41" WIDTH="83" VPOS="2430" HPOS="984"/>
<SP HEIGHT="41" WIDTH="30" VPOS="2430" HPOS="1068"/>
<String CONTENT="Oct." HEIGHT="41" WIDTH="103" VPOS="2430" HPOS="1099"/>
<SP HEIGHT="40" WIDTH="27" VPOS="2431" HPOS="1203"/>
<String CS="1" CONTENT="25;" HEIGHT="39" WIDTH="57" VPOS="2430" HPOS="1231"/>
<SP HEIGHT="41" WIDTH="31" VPOS="2430" HPOS="1315"/>
<!-- cceid 294EE01E-6CB2-1014-A20E-B9D6251C946A --><String CONTENT="A" HEIGHT="39" WIDTH="40" VPOS="2430" HPOS="1347"/>
<SP HEIGHT="39" WIDTH="26" VPOS="2430" HPOS="1388"/>
<String CS="1" CONTENT="1235;" HEIGHT="39" WIDTH="115" VPOS="2431" HPOS="1415"/>
<SP HEIGHT="38" WIDTH="31" VPOS="2432" HPOS="1559"/>
<String CS="1" CONTENT="Macmillan" HEIGHT="39" WIDTH="284" VPOS="2431" HPOS="1591"/>
<SP HEIGHT="28" WIDTH="28" VPOS="2442" HPOS="1876"/>
<String CONTENT="co." HEIGHT="29" WIDTH="67" VPOS="2442" HPOS="1905"/>
</TextLine>
<TextLine HEIGHT="48" WIDTH="282" VPOS="2487" HPOS="238">
<String CONTENT="(28-24974)" HEIGHT="48" WIDTH="282" VPOS="2487" HPOS="238"/>
</TextLine>
<TextLine HEIGHT="65" WIDTH="1042" VPOS="2580" HPOS="151" STYLEREFS="StyleId-05F15A45-75CB-4A24-AE88-07BAADB11C2D-">
<String LANG="fr" CONTENT="M&#233;groz," HEIGHT="64" WIDTH="256" VPOS="2581" HPOS="151"/>
<SP HEIGHT="63" WIDTH="36" VPOS="2582" HPOS="408"/>
<String LANG="fr" CONTENT="Rodolphe" HEIGHT="65" WIDTH="301" VPOS="2580" HPOS="445"/>
<SP HEIGHT="52" WIDTH="35" VPOS="2581" HPOS="747"/>
<String LANG="en-US" CONTENT="Louis," HEIGHT="63" WIDTH="198" VPOS="2581" HPOS="783"/>
<SP HEIGHT="57" WIDTH="38" VPOS="2587" HPOS="982"/>
<String LANG="en-US" CONTENT="1891-" HEIGHT="50" WIDTH="172" VPOS="2586" HPOS="1021"/>
</TextLine>
<TextLine HEIGHT="71" WIDTH="1940" VPOS="2659" HPOS="229" STYLEREFS="StyleId-CA6CA29D-192F-459F-8F3F-5E49EEF1F854-">
<String CONTENT="Dante" HEIGHT="51" WIDTH="188" VPOS="2661" HPOS="229"/>
<SP HEIGHT="55" WIDTH="31" VPOS="2659" HPOS="418"/>
<String CONTENT="Gabriel" HEIGHT="55" WIDTH="235" VPOS="2659" HPOS="450"/>
<SP HEIGHT="52" WIDTH="29" VPOS="2660" HPOS="686"/>
<String CONTENT="Rossetti," HEIGHT="57" WIDTH="269" VPOS="2660" HPOS="716"/>
<SP HEIGHT="48" WIDTH="29" VPOS="2679" HPOS="986"/>
<String CONTENT="painter" HEIGHT="67" WIDTH="231" VPOS="2660" HPOS="1016"/>
<SP HEIGHT="48" WIDTH="31" VPOS="2679" HPOS="1248"/>
<String CONTENT="poet" HEIGHT="62" WIDTH="130" VPOS="2665" HPOS="1280"/>
<SP HEIGHT="47" WIDTH="31" VPOS="2665" HPOS="1411"/>
<String CONTENT="of" HEIGHT="52" WIDTH="65" VPOS="2660" HPOS="1443"/>
<SP HEIGHT="52" WIDTH="28" VPOS="2660" HPOS="1509"/>
<String CONTENT="heaven" HEIGHT="52" WIDTH="216" VPOS="2661" HPOS="1538"/>
<SP HEIGHT="51" WIDTH="32" VPOS="2662" HPOS="1755"/>
<String CONTENT="in" HEIGHT="51" WIDTH="57" VPOS="2662" HPOS="1788"/>
<SP HEIGHT="34" WIDTH="33" VPOS="2680" HPOS="1846"/>
<String CONTENT="earth," HEIGHT="58" WIDTH="182" VPOS="2661" HPOS="1880"/>
<SP HEIGHT="58" WIDTH="29" VPOS="2661" HPOS="2063"/>
<String CONTENT="by" HEIGHT="69" WIDTH="76" VPOS="2661" HPOS="2093"/>
</TextLine>
<TextLine HEIGHT="69" WIDTH="1507" VPOS="2737" HPOS="159" STYLEREFS="StyleId-CA6CA29D-192F-459F-8F3F-5E49EEF1F854-" CS="1">
<String LANG="fr" CONTENT="R." HEIGHT="50" WIDTH="66" VPOS="2739" HPOS="159"/>
<SP HEIGHT="50" WIDTH="27" VPOS="2739" HPOS="226"/>
<String LANG="en-US" CONTENT="L." HEIGHT="51" WIDTH="63" VPOS="2739" HPOS="254"/>
<SP HEIGHT="52" WIDTH="29" VPOS="2738" HPOS="318"/>
<String LANG="fr" CONTENT="M&#233;groz." HEIGHT="68" WIDTH="251" VPOS="2738" HPOS="348"/>
<SP HEIGHT="51" WIDTH="63" VPOS="2738" HPOS="600"/>
<String LANG="en-US" CONTENT="London," HEIGHT="54" WIDTH="261" VPOS="2738" HPOS="664"/>
<SP HEIGHT="54" WIDTH="28" VPOS="2738" HPOS="926"/>
<String LANG="en-US" CONTENT="Faber" HEIGHT="52" WIDTH="187" VPOS="2738" HPOS="955"/>
<SP HEIGHT="50" WIDTH="27" VPOS="2740" HPOS="1143"/>
<String LANG="en-US" CONTENT="&amp;" HEIGHT="50" WIDTH="46" VPOS="2740" HPOS="1171"/>
<SP HEIGHT="55" WIDTH="29" VPOS="2737" HPOS="1218"/>
<String LANG="en-US" CONTENT="Gwyer" HEIGHT="69" WIDTH="211" VPOS="2737" HPOS="1248"/>
<SP HEIGHT="47" WIDTH="34" VPOS="2758" HPOS="1460"/>
<String LANG="en-US" CS="1" CONTENT="[1928]" HEIGHT="63" WIDTH="151" VPOS="2742" HPOS="1515"/>
</TextLine>
<TextLine HEIGHT="49" WIDTH="1667" VPOS="2820" HPOS="229" CS="1">
<String LANG="fr" CONTENT="xi" HEIGHT="39" WIDTH="51" VPOS="2820" HPOS="229"/>
<SP HEIGHT="48" WIDTH="22" VPOS="2820" HPOS="281"/>
<String LANG="fr" CONTENT="p.," HEIGHT="37" WIDTH="57" VPOS="2831" HPOS="304"/>
<SP HEIGHT="47" WIDTH="27" VPOS="2821" HPOS="362"/>
<String CONTENT="1" HEIGHT="38" WIDTH="24" VPOS="2821" HPOS="390"/>
<SP/>
<String CS="1" CONTENT="l.,"/>
<SP/>
<String CONTENT="15-339." HEIGHT="41" WIDTH="186" VPOS="2820" HPOS="514"/>
<SP HEIGHT="29" WIDTH="31" VPOS="2840" HPOS="701"/>
<String CONTENT="[1]" HEIGHT="48" WIDTH="54" VPOS="2821" HPOS="733"/>
<SP HEIGHT="38" WIDTH="29" VPOS="2831" HPOS="788"/>
<String CONTENT="p." HEIGHT="37" WIDTH="42" VPOS="2831" HPOS="818"/>
<SP HEIGHT="39" WIDTH="54" VPOS="2821" HPOS="861"/>
<String CONTENT="front.," HEIGHT="39" WIDTH="165" VPOS="2821" HPOS="916"/>
<SP HEIGHT="37" WIDTH="27" VPOS="2831" HPOS="1082"/>
<String CONTENT="plates," HEIGHT="46" WIDTH="172" VPOS="2822" HPOS="1110"/>
<SP HEIGHT="38" WIDTH="28" VPOS="2831" HPOS="1283"/>
<String CONTENT="ports.," HEIGHT="46" WIDTH="163" VPOS="2823" HPOS="1312"/>
<SP HEIGHT="48" WIDTH="27" VPOS="2821" HPOS="1476"/>
<String CONTENT="facsims." HEIGHT="41" WIDTH="218" VPOS="2821" HPOS="1504"/>
<SP HEIGHT="40" WIDTH="55" VPOS="2822" HPOS="1723"/>
<String CONTENT="23" HEIGHT="39" WIDTH="56" VPOS="2822" HPOS="1779"/>
<String STYLE="superscript" CS="1" CONTENT="&#7580;&#7504;"/>
<String CONTENT="." HEIGHT="7" WIDTH="7" VPOS="2855" HPOS="1889"/>
</TextLine>
<TextLine HEIGHT="50" WIDTH="1936" VPOS="2877" HPOS="231">
<String CONTENT="&#8220;Bibliographical" HEIGHT="48" WIDTH="444" VPOS="2877" HPOS="231"/>
<SP HEIGHT="37" WIDTH="28" VPOS="2879" HPOS="676"/>
<String CONTENT="list" HEIGHT="41" WIDTH="84" VPOS="2877" HPOS="705"/>
<SP HEIGHT="38" WIDTH="29" VPOS="2880" HPOS="790"/>
<String CONTENT="of" HEIGHT="39" WIDTH="51" VPOS="2878" HPOS="820"/>
<SP HEIGHT="39" WIDTH="29" VPOS="2878" HPOS="872"/>
<String CONTENT="the" HEIGHT="39" WIDTH="80" VPOS="2878" HPOS="902"/>
<SP HEIGHT="30" WIDTH="29" VPOS="2888" HPOS="983"/>
<String CONTENT="chief" HEIGHT="41" WIDTH="131" VPOS="2877" HPOS="1013"/>
<SP HEIGHT="40" WIDTH="28" VPOS="2877" HPOS="1145"/>
<String CONTENT="sources" HEIGHT="30" WIDTH="197" VPOS="2888" HPOS="1174"/>
<SP HEIGHT="29" WIDTH="29" VPOS="2889" HPOS="1372"/>
<String CONTENT="of" HEIGHT="40" WIDTH="51" VPOS="2878" HPOS="1402"/>
<SP HEIGHT="39" WIDTH="29" VPOS="2878" HPOS="1454"/>
<String CONTENT="information" HEIGHT="40" WIDTH="321" VPOS="2878" HPOS="1484"/>
<SP HEIGHT="38" WIDTH="31" VPOS="2880" HPOS="1806"/>
<String CONTENT="drawn" HEIGHT="38" WIDTH="170" VPOS="2880" HPOS="1838"/>
<SP HEIGHT="29" WIDTH="29" VPOS="2890" HPOS="2009"/>
<String CONTENT="upon" HEIGHT="37" WIDTH="128" VPOS="2890" HPOS="2039"/>
</TextLine>
<TextLine HEIGHT="48" WIDTH="702" VPOS="2934" HPOS="158">
<String CONTENT="in" HEIGHT="38" WIDTH="48" VPOS="2934" HPOS="158"/>
<SP HEIGHT="37" WIDTH="27" VPOS="2936" HPOS="207"/>
<String CONTENT="this" HEIGHT="39" WIDTH="98" VPOS="2934" HPOS="235"/>
<SP HEIGHT="38" WIDTH="25" VPOS="2935" HPOS="334"/>
<String CONTENT="book&#8221;" HEIGHT="39" WIDTH="152" VPOS="2935" HPOS="360"/>
<SP HEIGHT="38" WIDTH="18" VPOS="2935" HPOS="513"/>
<String CONTENT=":" HEIGHT="28" WIDTH="9" VPOS="2945" HPOS="532"/>
<SP HEIGHT="37" WIDTH="28" VPOS="2945" HPOS="542"/>
<String CONTENT="p." HEIGHT="37" WIDTH="43" VPOS="2945" HPOS="571"/>
<SP HEIGHT="40" WIDTH="25" VPOS="2935" HPOS="615"/>
<String CONTENT="319-321." HEIGHT="40" WIDTH="219" VPOS="2934" HPOS="641"/>
</TextLine>
<TextLine HEIGHT="109" WIDTH="1986" VPOS="2986" HPOS="162" CS="1">
<String CONTENT="&#169;" HEIGHT="52" WIDTH="52" VPOS="2986" HPOS="162"/>
<SP HEIGHT="52" WIDTH="25" VPOS="2986" HPOS="215"/>
<String CONTENT="1c." HEIGHT="40" WIDTH="67" VPOS="2991" HPOS="241"/>
<SP HEIGHT="40" WIDTH="25" VPOS="2991" HPOS="309"/>
<String CONTENT="Nov." HEIGHT="39" WIDTH="119" VPOS="2991" HPOS="335"/>
<SP HEIGHT="38" WIDTH="26" VPOS="2991" HPOS="455"/>
<String CONTENT="14," HEIGHT="47" WIDTH="68" VPOS="2991" HPOS="482"/>
<SP HEIGHT="47" WIDTH="27" VPOS="2991" HPOS="551"/>
<String CONTENT="1928;" HEIGHT="47" WIDTH="141" VPOS="2990" HPOS="579"/>
<SP HEIGHT="46" WIDTH="28" VPOS="2991" HPOS="721"/>
<!-- cceid 294F0F7C-6CB2-1014-A20E-B9D6251C946A --><String CONTENT="A" HEIGHT="39" WIDTH="41" VPOS="2991" HPOS="750"/>
<SP HEIGHT="39" WIDTH="26" VPOS="2991" HPOS="792"/>
<String CONTENT="ad" HEIGHT="38" WIDTH="61" VPOS="2992" HPOS="819"/>
<SP HEIGHT="38" WIDTH="25" VPOS="2992" HPOS="881"/>
<String CONTENT="int." HEIGHT="39" WIDTH="86" VPOS="2992" HPOS="907"/>
<SP HEIGHT="38" WIDTH="27" VPOS="2992" HPOS="994"/>
<String CONTENT="11898;" HEIGHT="42" WIDTH="170" VPOS="2991" HPOS="1022"/>
<SP HEIGHT="37" WIDTH="29" VPOS="3002" HPOS="1193"/>
<String CONTENT="pubd." HEIGHT="47" WIDTH="143" VPOS="2992" HPOS="1223"/>
<SP HEIGHT="41" WIDTH="30" VPOS="2991" HPOS="1367"/>
<String CONTENT="Oct." HEIGHT="41" WIDTH="102" VPOS="2991" HPOS="1398"/>
<SP HEIGHT="39" WIDTH="26" VPOS="2993" HPOS="1501"/>
<String CONTENT="26;" HEIGHT="41" WIDTH="83" VPOS="2992" HPOS="1528"/>
<SP HEIGHT="41" WIDTH="30" VPOS="2992" HPOS="1612"/>
<String LANG="fr" CONTENT="R." HEIGHT="41" WIDTH="56" VPOS="2992" HPOS="1643"/>
<SP HEIGHT="40" WIDTH="27" VPOS="2993" HPOS="1700"/>
<String LANG="fr" CONTENT="L." HEIGHT="40" WIDTH="50" VPOS="2993" HPOS="1728"/>
<SP HEIGHT="40" WIDTH="29" VPOS="2993" HPOS="1779"/>
<String LANG="fr" CONTENT="M&#233;groz." HEIGHT="49" WIDTH="207" VPOS="2991" HPOS="1809"/>
<SP HEIGHT="41" WIDTH="28" VPOS="2993" HPOS="2017"/>
<String CONTENT="London." HEIGHT="94" WIDTH="1919" VPOS="2993" HPOS="229"/>
<SP HEIGHT="48" WIDTH="70" VPOS="3047" HPOS="337"/>
<String CONTENT="(28-27619)" HEIGHT="48" WIDTH="281" VPOS="3047" HPOS="408"/>
</TextLine>
<TextLine HEIGHT="65" WIDTH="582" VPOS="3141" HPOS="154" STYLEREFS="StyleId-05F15A45-75CB-4A24-AE88-07BAADB11C2D-">
<String CONTENT="Minot," HEIGHT="63" WIDTH="208" VPOS="3141" HPOS="154"/>
<SP HEIGHT="63" WIDTH="38" VPOS="3141" HPOS="363"/>
<String CONTENT="George" HEIGHT="65" WIDTH="229" VPOS="3141" HPOS="402"/>
<SP HEIGHT="52" WIDTH="36" VPOS="3142" HPOS="632"/>
<String CONTENT="E." HEIGHT="54" WIDTH="67" VPOS="3142" HPOS="669"/>
</TextLine>
<TextLine HEIGHT="70" WIDTH="1942" VPOS="3220" HPOS="225" STYLEREFS="StyleId-CA6CA29D-192F-459F-8F3F-5E49EEF1F854-" CS="1">
<String CONTENT="Murder" HEIGHT="52" WIDTH="239" VPOS="3220" HPOS="225"/>
<SP HEIGHT="33" WIDTH="47" VPOS="3239" HPOS="465"/>
<String CONTENT="will" HEIGHT="51" WIDTH="120" VPOS="3221" HPOS="513"/>
<SP HEIGHT="52" WIDTH="47" VPOS="3221" HPOS="634"/>
<String CONTENT="out" HEIGHT="47" WIDTH="101" VPOS="3226" HPOS="682"/>
<SP HEIGHT="61" WIDTH="51" VPOS="3226" HPOS="784"/>
<String CS="1" CONTENT="[by]" HEIGHT="70" WIDTH="94" VPOS="3220" HPOS="851"/>
<SP HEIGHT="67" WIDTH="53" VPOS="3220" HPOS="946"/>
<String CONTENT="George" HEIGHT="70" WIDTH="222" VPOS="3220" HPOS="1000"/>
<SP HEIGHT="52" WIDTH="51" VPOS="3222" HPOS="1223"/>
<String CONTENT="E." HEIGHT="52" WIDTH="65" VPOS="3222" HPOS="1275"/>
<SP HEIGHT="52" WIDTH="51" VPOS="3222" HPOS="1341"/>
<String CONTENT="Minot." HEIGHT="52" WIDTH="205" VPOS="3222" HPOS="1393"/>
<SP HEIGHT="50" WIDTH="89" VPOS="3224" HPOS="1599"/>
<String CONTENT="Boston," HEIGHT="66" WIDTH="236" VPOS="3224" HPOS="1689"/>
<SP HEIGHT="67" WIDTH="47" VPOS="3223" HPOS="1926"/>
<String CONTENT="Mass.," HEIGHT="67" WIDTH="193" VPOS="3223" HPOS="1974"/>
</TextLine>
<TextLine HEIGHT="69" WIDTH="1031" VPOS="3298" HPOS="156" STYLEREFS="StyleId-CA6CA29D-192F-459F-8F3F-5E49EEF1F854-" CS="1">
<String CONTENT="Marshall" HEIGHT="52" WIDTH="283" VPOS="3298" HPOS="156"/>
<SP HEIGHT="53" WIDTH="28" VPOS="3298" HPOS="440"/>
<String CONTENT="Jones" HEIGHT="53" WIDTH="175" VPOS="3298" HPOS="469"/>
<SP HEIGHT="34" WIDTH="28" VPOS="3317" HPOS="645"/>
<String CONTENT="company" HEIGHT="50" WIDTH="283" VPOS="3317" HPOS="674"/>
<SP HEIGHT="50" WIDTH="35" VPOS="3317" HPOS="958"/>
<String CS="1" CONTENT="[&#7580;1928]" HEIGHT="64" WIDTH="153" VPOS="3302" HPOS="1034"/>
</TextLine>
<TextLine HEIGHT="50" WIDTH="605" VPOS="3379" HPOS="258" CS="1">
<String CS="1" CONTENT="x"/>
<SP HEIGHT="37" WIDTH="25" VPOS="3391" HPOS="258"/>
<String CS="1" CONTENT="p.," HEIGHT="37" WIDTH="30" VPOS="3391" HPOS="284"/>
<SP HEIGHT="44" WIDTH="27" VPOS="3381" HPOS="343"/>
<String CONTENT="1" HEIGHT="38" WIDTH="24" VPOS="3381" HPOS="371"/>
<SP/>
<String CS="1" CONTENT="l.,"/>
<SP/>
<String CONTENT="291" HEIGHT="41" WIDTH="83" VPOS="3379" HPOS="500"/>
<SP HEIGHT="48" WIDTH="30" VPOS="3381" HPOS="584"/>
<String CONTENT="p." HEIGHT="37" WIDTH="43" VPOS="3392" HPOS="615"/>
<SP HEIGHT="39" WIDTH="58" VPOS="3382" HPOS="659"/>
<String CS="1" CONTENT="19&#189;" HEIGHT="40" WIDTH="55" VPOS="3380" HPOS="718"/>
<String STYLE="superscript" CS="1" CONTENT="&#7580;&#7504;"/>
<String CONTENT="." HEIGHT="7" WIDTH="7" VPOS="3414" HPOS="856"/>
</TextLine>
<TextLine HEIGHT="47" WIDTH="1156" VPOS="3437" HPOS="228">
<String CONTENT="A" HEIGHT="38" WIDTH="39" VPOS="3438" HPOS="228"/>
<SP HEIGHT="38" WIDTH="26" VPOS="3438" HPOS="268"/>
<String CONTENT="description" HEIGHT="47" WIDTH="296" VPOS="3437" HPOS="295"/>
<SP HEIGHT="29" WIDTH="27" VPOS="3448" HPOS="592"/>
<String CONTENT="of" HEIGHT="40" WIDTH="52" VPOS="3437" HPOS="620"/>
<SP HEIGHT="39" WIDTH="25" VPOS="3437" HPOS="673"/>
<String CONTENT="29" HEIGHT="40" WIDTH="57" VPOS="3437" HPOS="699"/>
<SP HEIGHT="40" WIDTH="24" VPOS="3437" HPOS="757"/>
<String CONTENT="famous" HEIGHT="40" WIDTH="195" VPOS="3438" HPOS="782"/>
<SP HEIGHT="29" WIDTH="26" VPOS="3449" HPOS="978"/>
<String CONTENT="murder" HEIGHT="39" WIDTH="199" VPOS="3439" HPOS="1005"/>
<SP HEIGHT="29" WIDTH="27" VPOS="3449" HPOS="1205"/>
<String CONTENT="cases." HEIGHT="30" WIDTH="151" VPOS="3449" HPOS="1233"/>
</TextLine>
<TextLine HEIGHT="57" WIDTH="2003" VPOS="3490" HPOS="164" CS="1">
<String CONTENT="&#169;" HEIGHT="52" WIDTH="52" VPOS="3490" HPOS="164"/>
<SP HEIGHT="52" WIDTH="25" VPOS="3490" HPOS="217"/>
<String CONTENT="Aug." HEIGHT="47" WIDTH="119" VPOS="3495" HPOS="243"/>
<SP HEIGHT="40" WIDTH="24" VPOS="3494" HPOS="363"/>
<String CONTENT="25," HEIGHT="47" WIDTH="71" VPOS="3494" HPOS="388"/>
<SP HEIGHT="47" WIDTH="26" VPOS="3494" HPOS="460"/>
<String CONTENT="1928;" HEIGHT="41" WIDTH="140" VPOS="3494" HPOS="487"/>
<SP HEIGHT="40" WIDTH="28" VPOS="3495" HPOS="628"/>
<String CONTENT="2c." HEIGHT="40" WIDTH="66" VPOS="3495" HPOS="657"/>
<SP HEIGHT="41" WIDTH="29" VPOS="3495" HPOS="724"/>
<String CONTENT="Sept." HEIGHT="48" WIDTH="127" VPOS="3495" HPOS="754"/>
<SP HEIGHT="40" WIDTH="27" VPOS="3496" HPOS="882"/>
<String CONTENT="15;" HEIGHT="46" WIDTH="80" VPOS="3496" HPOS="910"/>
<SP HEIGHT="36" WIDTH="30" VPOS="3506" HPOS="991"/>
<String CONTENT="aff." HEIGHT="41" WIDTH="82" VPOS="3496" HPOS="1022"/>
<SP HEIGHT="42" WIDTH="28" VPOS="3495" HPOS="1105"/>
<String CONTENT="Sept." HEIGHT="52" WIDTH="129" VPOS="3495" HPOS="1134"/>
<SP HEIGHT="40" WIDTH="25" VPOS="3497" HPOS="1264"/>
<String CS="1" CONTENT="11;" HEIGHT="38" WIDTH="52" VPOS="3497" HPOS="1290"/>
<SP HEIGHT="45" WIDTH="29" VPOS="3497" HPOS="1374"/>
<!-- cceid 294F40EC-6CB2-1014-A20E-B9D6251C946A --><String CONTENT="A" HEIGHT="38" WIDTH="40" VPOS="3497" HPOS="1404"/>
<SP HEIGHT="38" WIDTH="26" VPOS="3497" HPOS="1445"/>
<String CONTENT="1053754;" HEIGHT="42" WIDTH="231" VPOS="3496" HPOS="1472"/>
<SP HEIGHT="40" WIDTH="31" VPOS="3498" HPOS="1704"/>
<String CONTENT="Marshall" HEIGHT="39" WIDTH="239" VPOS="3498" HPOS="1736"/>
<SP HEIGHT="39" WIDTH="28" VPOS="3498" HPOS="1976"/>
<String CONTENT="Jones," HEIGHT="41" WIDTH="162" VPOS="3498" HPOS="2005"/>
</TextLine>
<TextLine HEIGHT="49" WIDTH="444" VPOS="3551" HPOS="230">
<String CONTENT="inc." HEIGHT="41" WIDTH="91" VPOS="3551" HPOS="230"/>
<SP HEIGHT="48" WIDTH="70" VPOS="3551" HPOS="322"/>
<String CONTENT="(28-24825)" HEIGHT="49" WIDTH="281" VPOS="3551" HPOS="393"/>
</TextLine>
<TextLine HEIGHT="64" WIDTH="1111" VPOS="3645" HPOS="155" STYLEREFS="StyleId-05F15A45-75CB-4A24-AE88-07BAADB11C2D-">
<String CONTENT="Mitchell," HEIGHT="64" WIDTH="284" VPOS="3645" HPOS="155"/>
<SP HEIGHT="64" WIDTH="32" VPOS="3645" HPOS="440"/>
<String CONTENT="Sydney" HEIGHT="64" WIDTH="241" VPOS="3645" HPOS="473"/>
<SP HEIGHT="63" WIDTH="28" VPOS="3646" HPOS="715"/>
<String CONTENT="Bancroft," HEIGHT="63" WIDTH="309" VPOS="3646" HPOS="744"/>
<SP HEIGHT="56" WIDTH="37" VPOS="3653" HPOS="1054"/>
<String CONTENT="1878-" HEIGHT="53" WIDTH="174" VPOS="3648" HPOS="1092"/>
</TextLine>
<TextLine HEIGHT="72" WIDTH="1874" VPOS="3723" HPOS="292" STYLEREFS="StyleId-CA6CA29D-192F-459F-8F3F-5E49EEF1F854-" CS="1">
<String CS="1" CONTENT="&#8230;"/>
<SP HEIGHT="52" WIDTH="35" VPOS="3723" HPOS="292"/>
<String CONTENT="Adventures" HEIGHT="53" WIDTH="365" VPOS="3723" HPOS="328"/>
<SP HEIGHT="52" WIDTH="30" VPOS="3724" HPOS="694"/>
<String CONTENT="in" HEIGHT="52" WIDTH="60" VPOS="3724" HPOS="725"/>
<SP HEIGHT="51" WIDTH="29" VPOS="3725" HPOS="786"/>
<String CONTENT="flower" HEIGHT="51" WIDTH="191" VPOS="3725" HPOS="816"/>
<SP HEIGHT="49" WIDTH="30" VPOS="3744" HPOS="1008"/>
<String CONTENT="gardening," HEIGHT="68" WIDTH="340" VPOS="3725" HPOS="1039"/>
<SP HEIGHT="66" WIDTH="28" VPOS="3726" HPOS="1380"/>
<String CONTENT="by" HEIGHT="68" WIDTH="76" VPOS="3726" HPOS="1409"/>
<SP HEIGHT="69" WIDTH="33" VPOS="3725" HPOS="1486"/>
<String CONTENT="Sydney" HEIGHT="70" WIDTH="234" VPOS="3725" HPOS="1520"/>
<SP HEIGHT="66" WIDTH="30" VPOS="3729" HPOS="1755"/>
<String CONTENT="B." HEIGHT="51" WIDTH="67" VPOS="3729" HPOS="1786"/>
<SP HEIGHT="53" WIDTH="32" VPOS="3727" HPOS="1854"/>
<String CONTENT="Mitchell." HEIGHT="53" WIDTH="279" VPOS="3727" HPOS="1887"/>
</TextLine>
<TextLine HEIGHT="71" WIDTH="1438" VPOS="3800" HPOS="164" STYLEREFS="StyleId-CA6CA29D-192F-459F-8F3F-5E49EEF1F854-">
<String CONTENT="Chicago," HEIGHT="69" WIDTH="271" VPOS="3800" HPOS="164"/>
<SP HEIGHT="66" WIDTH="28" VPOS="3801" HPOS="436"/>
<String CONTENT="American" HEIGHT="53" WIDTH="308" VPOS="3801" HPOS="465"/>
<SP HEIGHT="51" WIDTH="30" VPOS="3803" HPOS="774"/>
<String CONTENT="library" HEIGHT="68" WIDTH="220" VPOS="3803" HPOS="805"/>
<SP HEIGHT="50" WIDTH="31" VPOS="3821" HPOS="1026"/>
<String CONTENT="association," HEIGHT="66" WIDTH="359" VPOS="3803" HPOS="1058"/>
<SP HEIGHT="61" WIDTH="33" VPOS="3808" HPOS="1418"/>
<String CONTENT="1928." HEIGHT="50" WIDTH="150" VPOS="3807" HPOS="1452"/>
</TextLine>
<TextLine HEIGHT="55" WIDTH="1927" VPOS="3883" HPOS="232" CS="1">
<String CONTENT="34" HEIGHT="40" WIDTH="58" VPOS="3883" HPOS="232"/>
<SP HEIGHT="46" WIDTH="24" VPOS="3884" HPOS="291"/>
<String LANG="fr" CONTENT="p.," HEIGHT="36" WIDTH="56" VPOS="3894" HPOS="316"/>
<SP HEIGHT="42" WIDTH="29" VPOS="3884" HPOS="373"/>
<String CONTENT="1" HEIGHT="38" WIDTH="25" VPOS="3884" HPOS="403"/>
<SP HEIGHT="38" WIDTH="28" VPOS="3884" HPOS="429"/>
<String CS="1" CONTENT="l." HEIGHT="8" WIDTH="8" VPOS="3916" HPOS="480"/>
<SP HEIGHT="41" WIDTH="27" VPOS="3883" HPOS="489"/>
<String CS="1" CONTENT="incl." HEIGHT="40" WIDTH="77" VPOS="3883" HPOS="517"/>
<SP HEIGHT="42" WIDTH="26" VPOS="3883" HPOS="628"/>
<String CONTENT="front.," HEIGHT="47" WIDTH="165" VPOS="3883" HPOS="655"/>
<SP HEIGHT="44" WIDTH="28" VPOS="3886" HPOS="821"/>
<String CONTENT="1" HEIGHT="38" WIDTH="24" VPOS="3886" HPOS="850"/>
<SP HEIGHT="39" WIDTH="28" VPOS="3885" HPOS="875"/>
<String CONTENT="illus." HEIGHT="40" WIDTH="129" VPOS="3885" HPOS="904"/>
<SP HEIGHT="39" WIDTH="56" VPOS="3886" HPOS="1034"/>
<String CONTENT="18" HEIGHT="40" WIDTH="56" VPOS="3885" HPOS="1091"/>
<String STYLE="superscript" CS="1" CONTENT="&#7580;&#7504;"/>
<String CONTENT="." HEIGHT="8" WIDTH="8" VPOS="3917" HPOS="1199"/>
<SP HEIGHT="47" WIDTH="68" VPOS="3886" HPOS="1208"/>
<String CONTENT="(Reading" HEIGHT="48" WIDTH="245" VPOS="3886" HPOS="1277"/>
<SP HEIGHT="36" WIDTH="25" VPOS="3898" HPOS="1523"/>
<String CONTENT="with" HEIGHT="39" WIDTH="121" VPOS="3887" HPOS="1549"/>
<SP HEIGHT="40" WIDTH="31" VPOS="3887" HPOS="1671"/>
<String CONTENT="a" HEIGHT="29" WIDTH="26" VPOS="3898" HPOS="1703"/>
<SP HEIGHT="37" WIDTH="30" VPOS="3898" HPOS="1730"/>
<String CONTENT="purpose." HEIGHT="37" WIDTH="222" VPOS="3898" HPOS="1761"/>
<SP HEIGHT="30" WIDTH="62" VPOS="3907" HPOS="1984"/>
<String CONTENT="[36])" HEIGHT="50" WIDTH="112" VPOS="3888" HPOS="2047"/>
</TextLine>
<TextLine HEIGHT="45" WIDTH="1441" VPOS="3939" HPOS="235">
<String CONTENT="&#8220;Books" HEIGHT="41" WIDTH="189" VPOS="3939" HPOS="235"/>
<SP HEIGHT="29" WIDTH="26" VPOS="3950" HPOS="425"/>
<String CONTENT="recommended" HEIGHT="38" WIDTH="365" VPOS="3942" HPOS="452"/>
<SP HEIGHT="39" WIDTH="27" VPOS="3941" HPOS="818"/>
<String CONTENT="in" HEIGHT="39" WIDTH="49" VPOS="3941" HPOS="846"/>
<SP HEIGHT="37" WIDTH="27" VPOS="3944" HPOS="896"/>
<String CONTENT="this" HEIGHT="41" WIDTH="99" VPOS="3941" HPOS="924"/>
<SP HEIGHT="30" WIDTH="26" VPOS="3952" HPOS="1024"/>
<String CONTENT="course&#8221;" HEIGHT="39" WIDTH="198" VPOS="3943" HPOS="1051"/>
<SP HEIGHT="39" WIDTH="19" VPOS="3943" HPOS="1250"/>
<String CONTENT=":" HEIGHT="29" WIDTH="9" VPOS="3953" HPOS="1270"/>
<SP HEIGHT="39" WIDTH="28" VPOS="3943" HPOS="1280"/>
<String CONTENT="1" HEIGHT="38" WIDTH="24" VPOS="3943" HPOS="1309"/>
<SP HEIGHT="39" WIDTH="27" VPOS="3943" HPOS="1334"/>
<String CONTENT="leaf" HEIGHT="40" WIDTH="102" VPOS="3943" HPOS="1362"/>
<SP HEIGHT="40" WIDTH="26" VPOS="3943" HPOS="1465"/>
<String CONTENT="at" HEIGHT="38" WIDTH="52" VPOS="3946" HPOS="1492"/>
<SP HEIGHT="38" WIDTH="25" VPOS="3946" HPOS="1545"/>
<String CONTENT="end." HEIGHT="39" WIDTH="105" VPOS="3945" HPOS="1571"/>
</TextLine>
<TextLine HEIGHT="57" WIDTH="1969" VPOS="3992" HPOS="167" CS="1">
<String CONTENT="&#169;" HEIGHT="53" WIDTH="51" VPOS="3992" HPOS="167"/>
<SP HEIGHT="53" WIDTH="32" VPOS="3992" HPOS="219"/>
<String CONTENT="Apr." HEIGHT="48" WIDTH="112" VPOS="3997" HPOS="252"/>
<SP HEIGHT="39" WIDTH="32" VPOS="3998" HPOS="365"/>
<String CONTENT="26," HEIGHT="42" WIDTH="70" VPOS="3998" HPOS="398"/>
<SP HEIGHT="41" WIDTH="33" VPOS="3999" HPOS="469"/>
<String CONTENT="1928;" HEIGHT="46" WIDTH="141" VPOS="3998" HPOS="503"/>
<SP HEIGHT="45" WIDTH="32" VPOS="3999" HPOS="645"/>
<String CONTENT="2c." HEIGHT="39" WIDTH="67" VPOS="3999" HPOS="678"/>
<SP HEIGHT="39" WIDTH="33" VPOS="3999" HPOS="746"/>
<String CONTENT="June" HEIGHT="40" WIDTH="128" VPOS="3999" HPOS="780"/>
<SP HEIGHT="39" WIDTH="30" VPOS="4000" HPOS="909"/>
<String CONTENT="18;" HEIGHT="46" WIDTH="82" VPOS="4000" HPOS="940"/>
<SP HEIGHT="36" WIDTH="35" VPOS="4010" HPOS="1023"/>
<String CONTENT="aff." HEIGHT="40" WIDTH="81" VPOS="3999" HPOS="1059"/>
<SP HEIGHT="38" WIDTH="34" VPOS="4001" HPOS="1141"/>
<String CONTENT="May" HEIGHT="47" WIDTH="114" VPOS="4001" HPOS="1176"/>
<SP HEIGHT="46" WIDTH="32" VPOS="4002" HPOS="1291"/>
<String CONTENT="11;" HEIGHT="46" WIDTH="82" VPOS="4001" HPOS="1324"/>
<SP HEIGHT="46" WIDTH="36" VPOS="4001" HPOS="1407"/>
<!-- cceid 294F70F1-6CB2-1014-A20E-B9D6251C946A --><String CONTENT="A" HEIGHT="39" WIDTH="40" VPOS="4001" HPOS="1444"/>
<SP HEIGHT="39" WIDTH="32" VPOS="4001" HPOS="1485"/>
<String CONTENT="1077825;" HEIGHT="48" WIDTH="230" VPOS="4001" HPOS="1518"/>
<SP HEIGHT="47" WIDTH="36" VPOS="4002" HPOS="1749"/>
<String LANG="fr" CONTENT="Amer," HEIGHT="41" WIDTH="160" VPOS="4002" HPOS="1786"/>
<SP HEIGHT="38" WIDTH="33" VPOS="4005" HPOS="1947"/>
<String CS="1" CONTENT="library" HEIGHT="40" WIDTH="155" VPOS="4003" HPOS="1981"/>
</TextLine>
<TextLine HEIGHT="50" WIDTH="480" VPOS="4054" HPOS="233">
<String CONTENT="assn." HEIGHT="31" WIDTH="127" VPOS="4064" HPOS="233"/>
<SP HEIGHT="48" WIDTH="71" VPOS="4055" HPOS="361"/>
<String CONTENT="(28-13421)" HEIGHT="50" WIDTH="280" VPOS="4054" HPOS="433"/>
</TextLine>
</TextBlock>
</PrintSpace>
</Page>
</Layout>
</alto>