2498 4384
1026 4112 99 49 861

69 519 186 41 verdict
291 518 51 40 of
375 522 85 38 not
494 516 170 49 guilty,
701 517 85 39 but
822 515 184 40 insane.
1072 513 72 41 On
1181 514 190 47 August
1407 513 69 46 17,
1514 512 127 47 1913,
1679 512 152 39 Thaw
1869 511 202 48 escaped

69 577 128 39 from
227 577 301 38 Matteawan
556 576 129 38 state
712 573 228 47 hospital.
998 572 101 39 The
1128 580 111 31 case
1269 570 146 48 again
1444 570 197 40 entered
1674 569 79 43 the
1785 571 164 37 courts
1978 569 93 38 and

69 634 58 39 he
154 643 101 29 was
281 632 141 47 given
448 631 77 41 his
550 631 178 47 liberty
754 630 51 40 in
832 630 125 40 June
984 628 130 42 1915.

79 682 1995 56 © 1c. Mar. 27, 1928; A ad int. 10822; pubd. Jan. 31; Geoffrey Bles.
158 745 282 49 (28-14679)

69 813 223 62 Tilney,
330 812 335 60 Frederick,
708 811 169 52 1875-

137 890 120 52 The
291 889 166 52 brain
491 889 152 52 from
677 906 106 50 ape
813 893 59 47 to
904 905 134 34 man;
1103 906 31 33 a
1166 885 390 54 contribution
1589 891 58 46 to
1680 884 96 53 the
1808 885 172 67 study
2012 882 65 53 of

66 961 2011 152 the evolution and development of the human brain, by Frederick Tilney … with chapters on the reconstruction of the
66 1142 145 50 gray
238 1127 211 48 matter
480 1123 58 51 in
567 1122 98 53 the
693 1122 246 67 primate
968 1121 167 52 brain
1165 1126 161 61 stem,
1355 1120 75 68 by
1460 1120 204 67 Henry
1695 1119 183 67 Alsop
1909 1118 168 68 Riley

128 1196 1952 72 … foreword by Henry Fairfield Osborn … 557 illustrations,
67 1275 1809 73 many in color … New York, P. B. Hoeber, inc., 1928.
136 1364 26 38 2
190 1374 40 29 V.
286 1362 129 40 illus.
444 1362 136 48 (part
607 1360 112 48 col.)
757 1360 179 48 diagrs.
990 1360 149 40 27½ᶜᵐ.

137 1420 162 48 Paged
335 1418 357 47 continuously.

139 1476 290 40 Illustrated
461 1475 364 48 lining-papers.

140 1533 323 40 “References
493 1531 80 40 for
603 1530 198 41 further
833 1528 230 47 reading”
1082 1540 9 28 :
1126 1540 43 29 v.
1199 1529 41 45 2,
1273 1539 43 38 p.
1349 1527 277 41 1047-1075.

80 1580 1998 58 © May 25, 1928; 2c. each and aff. June 6; A 1077612; Paul B. Hoeber,
147 1646 79 40 inc.
313 1643 281 51 (28-14363)

80 1711 247 68 [Treich,
356 1710 178 67 Léon]
569 1711 83 52 ed.

207 1785 1800 71 … L’esprit de Georges Feydeau. Paris, Gallimard [ 1927]
149 1868 1934 62 3 p. l., [9]-159, [1] p. 17 ᶜᵐ. (Collection d’anas sous la direction de
79 1927 127 40 Léon
235 1927 189 39 Treich.
488 1928 68 47 [n°
583 1926 97 49 30])

82 1980 1982 109 © Dec. 31, 1927; 1c. Feb. 10. 1928; A—Foreign 37463; Librairie Gallimard. (28-14048)
74 2108 213 60 Usher,
317 2107 261 52 Thomas
603 2107 337 63 Benjamin,
974 2110 170 49 1861-

139 2184 297 52 Textbook
481 2183 95 53 for
619 2184 249 53 notaries
914 2184 194 68 public
1151 2185 114 51 and
1311 2184 452 53 commissioners
1806 2183 63 53 of
1913 2184 170 53 deeds

70 2262 63 51 of
163 2262 138 52 New
333 2262 220 69 Jersey,
585 2262 136 52 with
758 2262 111 52 full
900 2262 373 53 instructions
1304 2281 59 34 as
1393 2267 58 48 to
1483 2260 150 54 their
1664 2261 419 68 appointment,

69 2358 237 51 powers,
354 2340 204 69 rights,
606 2340 204 69 duties,
857 2340 309 70 privileges
1213 2340 114 53 and
1373 2340 296 53 liabilities
1716 2340 180 53 under
1943 2340 136 53 New

69 2419 199 68 Jersey
303 2420 113 52 and
452 2418 219 54 federal
702 2420 166 66 laws;
904 2419 95 53 the
1030 2424 219 63 protest
1281 2418 64 53 of
1376 2419 358 53 commercial
1767 2437 197 50 paper,
68 2438 1991 128 acknowledgments

601 2504 57 45 to
700 2497 391 66 instruments,
1132 2496 469 54 administration
1642 2497 65 53 of
1747 2498 181 53 oaths,
69 2497 1989 132 affidavits
287 2577 111 51 and
430 2575 384 67 affirmations,

843 2575 116 53 fees
988 2575 258 67 allowed,
1273 2581 258 62 excerpts
1559 2576 153 53 from
1738 2577 97 52 the
1861 2577 110 51 law
68 2595 1991 129 relating
281 2660 57 48 to
365 2654 95 53 the
487 2654 205 70 taking
716 2653 64 53 of
806 2654 373 68 depositions,

1201 2656 112 66 &c.,
1337 2654 141 52 with
1507 2653 199 67 forms,
1731 2655 75 68 by
1833 2656 250 52 Thomas

71 2732 2010 71 B. Usher … Trenton, N. J., Usher publishing company, 1928.
140 2817 486 49 6 p. l., 154 p. 23½ ᶜᵐ.
141 2873 1940 43 “The author … had the assistance of Mrs. Rose Lerne r Perlman … in
71 2933 79 40 the
186 2933 125 48 legal
346 2933 136 40 work
514 2941 260 39 necessary
806 2931 51 40 in
890 2932 82 40 the
1005 2931 316 49 compilation
1357 2931 52 41 of
1444 2931 99 41 this
1578 2931 361 42 book.”—Pref.

142 2990 173 40 “Sixth
349 2988 231 50 printing,
618 2990 128 46 May,
782 2987 156 41 1928.”

81 3041 52 53 ©
170 3047 114 47 May
318 3046 69 47 22,
426 3045 140 47 1928;
604 3046 67 39 2c.
711 3047 113 45 May
858 3044 83 47 29;
981 3043 82 43 aff.
1101 3046 113 47 May
1251 3044 83 48 28;
1373 3045 41 39 A
1451 3045 230 47 1074765;
1722 3047 52 40 T.
1812 3047 54 40 B.
1907 3047 171 48 Usher,

149 3103 228 48 Trenton,
413 3103 56 40 N.
505 3103 43 40 J.
620 3101 280 49 (28-14423)

75 3168 244 64 Vesper,
351 3168 152 63 Will,
538 3171 171 50 1882-

142 3248 118 52 Der
298 3247 211 69 heilige
549 3248 117 52 und
709 3247 100 53 der
850 3251 189 64 papst,
1080 3247 121 53 eine
1244 3248 220 53 novelle
1507 3266 110 34 von
1659 3248 142 54 Will
1847 3250 230 67 Vesper.

76 3324 258 70 Leipzig,
362 3325 78 51 H.
469 3324 257 68 Haessel,
757 3327 150 51 1928.

141 3408 385 47 114, [1] p. 17 ᶜᵐ.
145 3466 66 38 “1.
241 3464 73 39 bis
342 3465 41 39 3.
414 3463 250 41 tausend.”

81 3515 1997 58 © Nov. 30, 1927; 1c. Mar. 2, 1928; A—Foreign 37840; H. Haessel,
147 3579 180 46 vertag.
398 3577 281 49 (28-14839)

77 3642 277 63 Walpole,
387 3644 201 63 Hugh,
624 3647 171 49 1884-

143 3721 278 68 Anthony
455 3723 289 67 Trollope,
775 3723 75 68 by
883 3723 181 69 Hugh
1098 3724 282 68 Walpole.
1450 3725 260 68 London,
1743 3727 332 53 Macmillan

73 3799 113 51 and
219 3817 98 48 co.,
350 3799 242 67 limited,
628 3803 149 50 1928.

75 3880 2000 106 vii, 205 p. 20 ᶜᵐ. (Half-title: English men of letters, ed. by J. C. Squire)
83 3990 1993 62 © 1c. May 23, 1928; A ad int. 11112; pubd. May 15; Macmillan and co.,
147 4052 87 40 ltd.
305 4051 281 49 (28-14581)
