2498 4384
1101 4103 133 50 1491

163 452 241 64 Parker,
442 450 226 53 Bertha
703 449 235 55 Morris.

173 521 1974 138 The book of electricity, by Bertha Morris Parker … Boston and
447 606 138 52 New
620 604 178 67 York,
828 603 320 69 Houghton
1181 601 201 53 Mifflin
1417 617 299 51 company,
1754 600 149 53 1928.

274 684 758 51 x p., 1 l., 314 p. illus. 20 ᶜᵐ .
173 751 2000 58 © Oc t. 5, 1928; 2c. Oct. 8 ; aff. Oct. 6; A 1053783; B . M. Parker, Chicago.
251 815 282 49 (28-23015)

169 924 265 64 Phillips,
470 922 219 53 Harold
727 922 209 62 Cooke,
977 926 169 49 1892-

245 996 1929 73 Life that is life indeed, by Harold Cooke Phillips … New
181 1079 173 67 York,
381 1079 121 53 The
530 1078 275 54 Womans
835 1096 174 49 press,
1043 1080 147 50 1928.

245 1158 590 50 5 p. l., 3-88 p. 19½ ᶜᵐ .
247 1232 68 38 “A
339 1230 152 40 series
516 1230 51 40 of
592 1231 89 38 five
708 1230 257 40 addresses
994 1229 245 40 delivered
1266 1232 52 36 at
1347 1230 80 38 the
1453 1228 221 40 national
1701 1227 288 41 convention
2017 1226 53 41 of
2093 1228 84 39 the

177 1288 167 48 Young
372 1287 226 40 women’s
625 1285 252 43 Christian
905 1284 323 42 associations
1259 1285 51 40 of
1339 1285 237 44 America,

1607 1288 49 37 at
1691 1283 328 50 Sacramento,
174 1283 1986 108 California,
381 1344 50 39 in
458 1344 153 47 April.
640 1342 158 42 1928.”

175 1412 52 53 ©
259 1416 120 47 Aug.
409 1416 72 47 23,
513 1415 113 40 1928;
686 1413 69 43 2c.
786 1414 120 45 Aug.
937 1414 54 39 27;
1055 1413 84 43 aff.
1172 1413 120 49 Aug.
1324 1413 83 46 31;
1442 1414 39 38 A
1513 1414 232 47 1053105;
1777 1413 118 40 Natl.
1941 1413 154 41 board
2127 1411 52 40 of

245 1474 78 38 the
364 1473 170 46 Young
574 1481 211 31 womens
825 1470 254 41 Christian
1118 1469 325 42 associations
1484 1471 51 39 of
1576 1471 85 39 the
1700 1469 179 42 United
1925 1470 163 40 States
2128 1469 51 40 of

243 1529 237 48 America,
514 1530 116 39 New
663 1528 145 41 York.
880 1527 280 49 (28-22937)

170 1638 274 64 Porcher,
478 1639 174 62 Mary
686 1637 44 52 F
1023 1635 329 55 Wickham.

244 1715 300 68 Cherique,
572 1716 74 68 by
678 1715 168 69 Mary
879 1716 62 51 F.
972 1714 306 54 Wickham
1308 1715 268 52 Porcher.
1660 1715 131 51 New
1824 1714 178 66 York,
172 1715 1983 147 London,
332 1795 71 52 D.
437 1793 296 68 Appleton
767 1794 111 51 and
913 1810 299 51 company,
1247 1795 150 51 1928.

240 1873 1019 52 3 p. l., 203, [1] p. front., map. 19 ½ᶜᵐ .
177 1944 51 53 ©
258 1948 103 41 Oct.
386 1949 39 47 5,
453 1948 142 47 1928;
622 1948 69 42 2c.
718 1947 103 42 Oct.
847 1948 54 46 4;
931 1947 82 40 aff.
1041 1947 104 41 Oct.
1172 1946 53 49 9;
1255 1947 41 39 A
1323 1946 207 40 1054849;
1584 1946 58 41 D.
1670 1946 241 49 Appleton
1940 1945 37 40 &
2002 1956 71 31 co.

255 2005 281 48 (28-23049)

173 2100 343 64 Pottenger,
553 2099 246 54 Francis
834 2099 250 60 Marion,
1124 2101 171 51 1869-

239 2178 400 53 Tuberculosis
672 2178 110 53 and
820 2178 126 51 how
980 2184 57 45 to
1072 2176 224 54 combat
1329 2178 73 63 it;
1441 2195 30 33 a
1505 2176 148 52 book
1686 2175 94 53 for
1812 2176 95 52 the
1942 2176 240 67 patient,

170 2252 2011 75 by Francis M. Pottenger … 2d ed. St. Louis, The C. V.
171 2334 203 64 Mosby
401 2353 300 44 company,
731 2335 150 51 1928.

240 2393 158 73 275‘p.
458 2417 147 41 20½ᶜᵐ.

179 2484 51 53 ©
261 2490 130 47 Sept.
418 2489 71 47 29,
518 2489 141 42 1928;
688 2488 69 41 2c.
787 2487 102 42 Oct.
918 2488 28 40 8;
1002 2487 83 41 aff.
1116 2487 103 40 Oct.
1249 2486 25 40 5;
1332 2486 41 40 A
1402 2487 231 42 1053777;
1665 2485 49 43 C.
1745 2486 54 39 V.
1832 2485 168 47 Mosby
2030 2496 68 29 co.

254 2545 281 48 (28-23080)

170 2640 320 65 Robinson,
522 2640 154 53 John
709 2639 53 54 J.

248 2714 1933 73 New York real estate forms, by John el. Robinson … New
181 2797 176 66 York,
384 2797 158 52 Hart
571 2794 335 71 publishing
936 2813 300 50 company,
1268 2797 150 50 1928.

248 2877 337 49 608 p. 23 ᶜᵐ .
180 2945 52 53 ©
261 2950 128 40 June
415 2950 70 47 15,
514 2949 142 46 1928;
684 2948 70 43 2c.
781 2951 96 38 and
906 2948 84 42 aff.
1019 2948 103 41 Oct.
1149 2949 55 46 4;
1236 2948 41 40 A
1304 2947 205 41 1053716;
1567 2948 131 39 Hart
1726 2946 112 50 pub.
1867 2956 83 33 co.,
1979 2946 95 40 inc.

258 3006 281 49 (28-22926)

177 3100 317 65 Robinson,
531 3099 256 55 William
825 3099 315 64 Josephus,
1183 3101 171 53 1867-

248 3178 313 53 America’s
589 3197 94 34 sex
713 3179 111 52 and
855 3178 284 68 marriage
1168 3177 304 68 problems,
1499 3177 171 53 based
1702 3194 72 35 on
1803 3176 185 69 thirty
2018 3195 165 50 years

180 3253 2002 74 practice and study, by William J. Robinson … New York,
179 3332 284 66 Eugenics
494 3332 336 65 publishing
859 3351 299 45 company,
1193 3334 151 53 1928.

246 3413 594 50 3 p. l., 5-475 p. 21 ᶜᵐ .
178 3481 54 54 ©
263 3486 129 49 Sept.
421 3488 71 47 14,
520 3488 119 39 1928;
693 3487 70 42 2c.
795 3488 128 47 Sept.
951 3486 85 49 20;
1068 3487 84 41 aff.
1185 3486 132 50 Sept.
1345 3487 84 47 19;
1459 3488 44 38 A
1532 3488 231 47 1053701;
1796 3488 241 48 Eugenics
2068 3488 112 48 pub.

245 3554 81 38 co.,
354 3544 93 42 inc.
512 3543 281 51 (28-22928)

168 3637 245 65 Rogers,
447 3638 231 53 Lillian.

249 3716 119 52 The
402 3716 252 68 shadow,
686 3717 35 53 by
797 3717 216 52 Lillian
1048 3717 234 69 Rogers.
1356 3718 138 51 New
1533 3717 179 66 York,
1748 3718 46 51 I.
1831 3718 348 66 Washburn,

181 3795 148 52 1928.

246 3875 576 49 4 p. l., 341 p. 19½ ᶜᵐ .
179 3939 51 54 ©
271 3944 128 49 Sept.
433 3946 70 47 28,
541 3945 114 42 1928;
718 3946 68 43 2c.
823 3948 94 39 and
956 3947 83 42 aff.
1076 3947 104 41 Oct.
1216 3947 52 48 8;
1308 3948 40 39 A
1385 3946 231 48 1053810;
1656 3948 51 42 L.
1747 3947 196 51 Rogers,
1982 3949 193 40 Leaden

247 4002 203 46 Roding.
482 4002 252 50 Dunmow,
768 4004 238 48 England.
1076 4003 283 50 (28-22961)
