2498 4384
1104 4111 100 54 731

155 445 146 51 New
342 444 180 52 York.
600 443 136 63 City
775 442 339 54 committee
1153 458 74 37 on
1267 442 136 63 plan
1443 442 115 52 and
1599 457 238 47 survey.
1913 441 250 68 Budget,

225 523 218 67 finance
478 523 113 52 and
621 540 241 34 revenue
896 522 467 52 sub-committee.

222 601 120 51 The
393 599 247 53 finances
693 600 111 52 and
855 599 268 53 financial
1174 597 470 54 administration
1693 599 64 50 of
1808 598 137 52 New
2000 597 161 53 York

151 679 144 67 city;
344 677 548 53 recommendations
936 678 111 51 and
1093 685 196 59 report
1330 676 64 52 of
1436 676 96 52 the
1577 675 469 55 Sub-committee
2089 694 70 33 on

151 756 229 69 budget,
420 754 235 70 finance,
695 755 112 53 and
848 772 257 49 revenue,
1144 754 63 54 of
1245 755 94 52 the
1380 753 134 70 City
1553 753 321 54 committee
1911 771 71 36 on
2022 753 140 69 plan

151 835 111 51 and
299 853 223 49 survey,
559 834 250 51 Herbert
846 834 75 51 H.
958 834 276 65 Lehman,
1269 833 322 66 chairman;
1632 833 257 68 Lindsay
1926 834 219 67 Rogers,

153 912 256 53 Howard
458 913 110 52 Lee
615 911 266 66 McBain,
928 911 216 52 Robert
1191 911 242 68 Murray
1479 911 177 68 Haig,
1703 912 354 51 consultants
2102 918 59 45 to

152 990 94 53 the
297 990 468 53 sub-committee.
843 989 138 52 New
1032 988 179 67 York,
1262 989 241 52 Printed
1553 989 74 68 by
1677 989 56 53 J.
1781 988 55 54 J.
1887 989 180 52 Little
2116 991 44 50 &

152 1069 128 52 Ives
309 1086 299 49 company,
638 1070 150 49 1928.

222 1149 1415 50 xii p.. 1 l., xiii-lxxii p., 1 l., 361 p. diagrs. 23½ ᶜᵐ .
234 1208 69 39 “A
321 1208 207 39 selected
549 1206 353 47 bibliography,
924 1206 234 46 prepared
1182 1207 59 46 by
1265 1206 211 39 Rebecca
1500 1206 52 40 B.
1574 1206 224 39 Rankin”:
1849 1216 41 37 p.
1910 1206 219 41 352-361.

156 1259 51 52 ©
239 1264 112 47 Apr.
382 1264 69 42 27,
484 1263 140 40 1928:
657 1262 68 40 2c.
758 1263 93 38 and
884 1261 82 41 aff.
998 1263 114 46 Apr.
1143 1261 27 39 28;
1260 1262 41 38 A
1333 1261 230 43 1077205;
1599 1262 210 40 Herbert
1843 1263 168 47 Henry
224 1262 1919 101 Lehman,

380 1320 119 39 New
530 1319 144 40 York.
746 1318 281 49 (28-12796)

156 1415 443 61 Niedermeyer,
630 1413 315 52 Frederick
976 1413 211 53 David.

223 1493 287 52 Palestine
538 1492 300 67 pathways;
897 1510 251 33 sermons
1175 1490 65 53 of
1266 1492 183 51 travel
1477 1491 60 53 in
1566 1492 94 53 the
1688 1492 161 70 Holy
1876 1493 186 65 Land,
2089 1494 77 68 by

155 1570 2008 69 Frederick David Niedermeyer … with introduction by Charles
156 1647 2006 71 R. Erdman … New York, Chicago [etc.] Fleming H. Revell
155 1745 280 51 company
473 1759 13 34 [
491 1733 18 21 ᶜ
514 1730 151 63 1928]

223 1809 350 48 190 p. 19½ ᶜᵐ .
155 1863 52 52 ©
235 1868 113 47 Apr.
375 1867 56 40 28,
529 1866 84 46 1928;
643 1867 66 40 2c.
738 1867 96 39 and
862 1866 81 41 aff.
972 1868 114 45 May
1115 1867 81 46 11;
1226 1866 42 39 A
1295 1866 230 47 1074516;
1558 1867 220 49 Fleming
1806 1869 61 40 H.
1897 1869 167 41 Revell
2095 1880 67 31 co.

236 1924 281 49 (28-12885)

155 2019 191 61 Nims,
376 2019 221 52 Elinor.

150 2096 1987 132 … The Illinois adoption law and its administration, by Elinor
290 2174 1873 71 Nims … Chicago, Ill., The University of Chicago press
199 2256 150 64 [ᶜ1928]

221 2335 1816 52 xvi, 127 p. incl. forms. 23 ᶜᵐ . (Social service monograph, no. 2)
226 2393 1553 50 Editor’s preface signed: “ Sophonisba P. Breckinridge.”
222 2450 352 48 Bibliography:
640 2461 43 37 p.
721 2449 188 42 99-100.

155 2503 51 52 ©
243 2509 121 39 Mar.
399 2507 69 48 13,
504 2507 117 40 1928;
681 2507 68 41 2c.
783 2508 115 47 Apr.
932 2507 56 39 25;
1054 2506 81 42 aff.
1172 2507 115 48 Apr.
1321 2507 57 40 28;
1442 2508 41 39 A
1519 2507 199 42 1069981;
1789 2509 284 48 University
2111 2511 50 39 of

226 2563 223 49 Chicago,
480 2563 225 48 Chicago.
776 2563 281 50 (28-12893)

156 2658 257 62 O’Kane,
442 2657 227 54 Walter
701 2657 235 58 Collins,
972 2659 169 51 1877-

151 2735 1987 133 … Trails and summits of the Adirondacks, by Walter Collins O’Kane … Boston
921 2815 111 53 and
1062 2815 139 53 New
1228 2815 182 69 York,
1434 2816 322 69 Houghton
1783 2817 203 54 Mifflin
152 2837 1985 124 company,
349 2895 150 50 1928.

304 2974 1859 50 x, 330 p. front., plates, fold. map. 17 ᶜᵐ . (The Riverside outdoor
152 3030 308 47 handbooks)

155 3084 52 52 ©
239 3090 113 47 May
383 3090 69 46 11,
484 3089 141 42 1928;
658 3090 67 40 2c.
758 3091 95 38 and
886 3089 81 42 aff.
1001 3091 113 47 May
1147 3091 55 39 14;
1264 3092 41 38 A
1336 3091 230 47 1074484;
1602 3093 57 40 W
1708 3093 49 41 C.
1792 3093 209 47 O’Kane,
222 3096 1920 97 Durham,
377 3147 57 41 N.
462 3147 61 39 H.
597 3146 280 48 (28-12817)

149 3225 384 63 Oppenheim,
570 3227 251 52 Edward
857 3226 265 64 Phillips,
1160 3231 170 49 1866-

152 3304 1875 142 The fortunate wayfarer, by E. Phillips Oppenheim. Bos ton,
294 3383 196 67 Little,
520 3383 229 67 Brown,
778 3384 112 52 and
918 3403 297 50 company,
1247 3389 149 49 1928.

217 3465 600 48 3 p. l., [3]-352 p. 20 ᶜᵐ .
157 3518 51 52 ©
246 3523 114 47 May
395 3523 69 47 12,
503 3523 113 41 1928;
681 3524 67 40 2c.
787 3525 96 39 and
919 3524 82 42 aff.
1040 3526 114 47 May
1191 3526 83 46 14;
1314 3526 40 38 A
1392 3526 228 47 1074474;
1663 3529 52 39 E.
1754 3529 49 40 P.
1845 3527 311 51 Oppenheim,

223 3579 259 48 Reepham,
517 3580 220 46 Norfolk,
772 3581 235 47 England.
1080 3582 282 49 (28-12654)

155 3659 291 62 Prescott,
480 3660 198 52 Frank
709 3660 307 63 Williams,
1052 3666 171 49 1896-

152 3737 1982 131 An outline of Europe since 1815, by Frank Williams Prescott … New
597 3816 1120 73 York, H. Holt and company [ ᶜ 1928]
222 3896 426 49 vii, 97 p. 21½ ᶜᵐ .
227 3954 67 39 “A
337 3954 144 48 guide
525 3957 197 39 manual
769 3958 48 39 to
863 3967 294 39 accompany
1204 3957 203 42 Charles
1453 3960 57 41 D.
1558 3960 182 44 Hazen,
1789 3962 191 49 Europe
2026 3962 132 42 since

154 4010 126 48 1815,
314 4013 92 39 and
444 4012 52 41 G.
531 4014 49 39 P.
616 4013 173 48 Gooch,
824 4014 204 48 History
1063 4016 51 39 of
1147 4016 200 39 modern
1381 4017 430 48 Europe.”—Pref.
