2498 4384
1103 4098 134 50 1453

226 520 327 41 “Authorized
575 520 259 39 literature
859 519 52 39 of
935 519 80 39 the
1040 517 133 40 First
1197 516 182 40 church
1405 515 52 40 of
1482 514 179 48 Christ,
1689 513 244 47 Scientist,
1960 513 48 39 in
155 515 1977 110 Boston,
278 576 432 41 Massachusetts.”

225 633 343 41 “Rudimental
597 631 162 41 divine
786 630 215 41 science”
1028 630 279 48 previously
1333 628 164 40 issued
1525 627 49 40 in
1600 626 204 50 English
1830 627 157 40 under
2011 626 139 41 title:

158 691 288 39 Rudiments
475 690 94 39 and
602 690 128 38 rules
760 688 53 40 of
840 687 162 40 divine
1032 686 214 47 science;
1281 685 100 40 “No
1410 685 96 40 and
1536 684 112 48 yes”
1679 683 277 49 previously
1985 683 163 40 issued

157 749 153 37 under
334 747 135 40 title:
500 745 249 42 Christian
778 744 213 40 science:
1018 754 62 29 no
1108 743 94 39 and
1228 752 99 37 yes.

154 801 51 52 ©
240 807 128 46 Sept.
400 805 40 47 8,
472 804 140 42 1928:
645 804 67 40 2c.
743 803 118 40 each
896 802 128 47 Sept.
1056 802 82 46 12;
1172 799 110 42 affs.
1318 800 128 47 Sept.
1479 800 81 45 11;
1595 800 41 38 A
1668 798 216 48 1054286,
1919 798 231 45 1054287;

255 872 131 29 James
422 862 54 40 A.
512 861 136 46 Neal,
685 859 210 40 Edward
931 859 55 40 A.
1023 857 210 47 Merritt,
1269 857 217 39 William
1522 856 56 39 R.
1616 855 241 48 Rathvon,
1894 854 160 40 Annie
2089 855 63 39 M.

222 919 168 45 Knott,
420 917 183 41 George
629 916 218 40 Wendell
874 915 196 46 Adams,
1099 915 96 38 and
1224 913 171 40 Josiah
1425 914 53 39 E.
1507 912 225 47 Fernald,
1762 913 210 38 trustees
2001 912 153 38 under

223 975 83 40 the
335 975 99 39 will
466 974 50 39 of
548 974 142 46 Mary
719 973 164 38 Baker
913 972 151 46 Eddy,
1096 971 199 41 Boston.
1366 968 280 51 (28-21513)

228 1053 372 53 Rudimental
631 1051 193 53 divine
854 1051 229 52 science.
1153 1051 89 52 No
1274 1050 114 52 and
1417 1067 112 51 yes.
1600 1048 385 53 Elementaire
2016 1047 137 70 god-

157 1130 212 69 delijke
395 1130 375 66 wetenschap.
832 1128 156 53 Neen
1014 1146 67 34 en
1108 1127 75 68 ja.
1254 1128 254 66 [Boston,
1534 1127 122 51 The
1681 1127 265 52 Trustees
1973 1126 182 52 under

155 1204 1275 72 the will of Mary Baker G. Eddy, ᶜ1 928]
227 1291 26 38 2
283 1301 43 29 V.
357 1289 50 39 in
438 1289 41 40 1.
539 1287 146 42 19½ᶜᵐ.

230 1346 267 40 Half-title.
558 1345 132 40 Each
719 1345 123 39 book
874 1344 89 40 has
993 1343 181 48 special
1207 1343 278 48 title-pages
1518 1343 49 39 in
1601 1342 202 48 English
1837 1343 94 40 and
1965 1343 191 48 Dutch;

162 1407 104 36 text
289 1403 50 39 in
364 1402 204 48 English
594 1402 94 39 and
715 1401 162 40 Dutch
903 1411 60 29 on
988 1400 219 48 opposite
1235 1410 160 37 pages,
1422 1401 265 39 numbered
1713 1400 50 39 in
1788 1400 261 47 duplicate.

231 1459 323 40 “Authorized
581 1458 259 40 literature
865 1457 52 40 of
939 1458 83 39 the
1046 1458 134 39 First
1204 1458 184 39 church
1412 1457 52 40 of
1489 1457 180 47 Christ,
1697 1456 246 49 Scientist,
1967 1457 51 39 in
161 1458 1979 106 Boston,
283 1514 432 42 Massachusetts.”

231 1572 344 41 “Rudimental
603 1571 162 40 divine
793 1570 215 41 science”
1035 1570 280 48 previously
1340 1570 164 40 issued
1531 1570 51 39 in
1609 1570 203 49 English
1839 1571 154 40 under
2020 1570 138 41 title:

162 1630 290 40 Rudiments
480 1629 96 40 and
607 1628 130 40 rules
766 1627 52 41 of
847 1627 162 41 divine
1038 1627 215 47 science;
1289 1628 99 39 “No
1417 1628 96 39 and
1545 1627 112 48 yes”
1687 1627 278 49 previously
1994 1627 165 40 issued

161 1687 154 40 under
338 1686 110 40 title;
506 1684 251 42 Christian
784 1684 213 40 science:
1024 1695 62 28 no
1114 1684 94 39 and
1237 1694 97 36 yes.

159 1740 52 52 ©
245 1745 128 47 Sept.
405 1744 40 48 8,
477 1743 117 40 1928;
650 1742 68 41 2c.
750 1742 118 41 each
902 1743 129 47 Sept.
1063 1742 82 46 12;
1180 1740 110 41 affs.
1325 1742 129 47 Sept.
1487 1742 54 38 11;
1604 1742 40 39 A
1677 1741 217 50 1054284,
1926 1742 231 46 1054285;

228 1801 164 40 James
427 1800 55 41 A.
518 1800 135 46 Neal,
691 1800 212 39 Edward
939 1799 55 40 A.
1030 1798 211 48 Merritt,
1278 1798 217 40 William
1532 1799 56 40 R.
1626 1798 242 48 Rathvon,
1905 1798 157 43 Annie
2098 1800 63 38 M.

227 1858 169 47 Knott,
427 1857 183 47 George
639 1856 218 40 Wendell
886 1855 183 40 Adams
1098 1857 95 38 and
1222 1855 174 40 Josiah
1426 1856 53 39 E.
1509 1855 226 49 Fernald,
1766 1858 212 37 trustees
2008 1856 155 39 under

227 1915 83 40 the
340 1914 102 40 will
473 1913 53 41 of
555 1914 142 47 Mary
728 1913 162 39 Baker
923 1913 152 47 Eddy,
1108 1912 200 40 Boston.
1380 1910 280 51 (28-21511)

233 1979 374 53 Rudimental
646 1978 194 53 divine
879 1978 229 53 science.
1183 1978 90 53 No
1315 1977 114 53 and
1469 1996 113 50 yes.
1660 1977 502 71 Grundlseggende

163 2056 432 71 guddommelig
630 2055 330 54 videnskab.
1032 2055 107 69 Nej
1182 2074 73 51 og
1291 2055 76 69 ja.
1447 2056 255 67 [Boston,
1737 2056 122 53 The
1895 2056 269 55 Trustees

163 2132 1455 71 under the will of Mary Baker G. Eddy, ᶜ1 928
234 2216 26 40 2
325 2248 9 9 v.
365 2216 48 39 in
447 2216 40 40 1.
547 2214 146 42 19½ᶜᵐ.

237 2273 268 40 Half-title.
562 2274 133 38 Each
722 2273 123 39 book
872 2273 89 39 has
990 2272 180 48 special
1200 2272 278 49 title-pages
1507 2272 51 40 in
1586 2272 203 49 English
1820 2274 94 39 and
1945 2273 191 42 Danish;

167 2332 104 39 text
294 2330 51 39 in
367 2329 203 48 English
594 2331 95 38 and
712 2329 191 40 Danish
925 2340 60 29 on
1009 2328 218 49 opposite
1250 2340 161 37 pages,
1436 2330 263 40 numbered
1725 2329 49 40 in
1800 2330 262 48 duplicate.

238 2386 326 41 “Authorized
588 2386 259 40 literature
872 2386 53 41 of
946 2388 82 39 the
1054 2386 133 42 First
1210 2387 182 40 church
1420 2387 51 40 of
1495 2386 181 50 Christ,
1704 2387 246 48 Scientist,
1975 2388 49 40 in
167 2388 1980 104 Boston,
290 2444 433 40 Massachusetts.”

238 2502 344 39 “Rudimental
611 2501 163 40 divine
800 2500 215 41 science”
1043 2501 280 48 previously
1348 2501 164 40 issued
1539 2501 51 40 in
1616 2502 204 48 English
1847 2504 154 38 under
2028 2502 138 41 title:

168 2558 291 40 Rudiments
487 2559 95 38 and
615 2559 129 39 rules
773 2557 52 40 of
854 2557 162 41 divine
1046 2557 185 41 science;
1296 2559 99 39 “No
1425 2560 96 39 and
1552 2558 113 48 yes”
1695 2559 278 48 previously
2003 2559 162 41 issued

170 2616 151 39 under
346 2615 136 40 title:
513 2615 251 40 Christian
791 2614 214 40 science:
1032 2626 61 29 no
1121 2615 94 39 and
1244 2625 97 37 yes.

167 2669 51 51 ©
253 2673 128 48 Sept.
414 2674 39 43 8,
485 2672 141 46 1928;
657 2673 68 40 2c.
758 2672 118 40 each
911 2672 128 48 Sept.
1071 2672 82 47 12;
1187 2671 110 42 affs.
1333 2673 128 47 Sept.
1495 2673 81 46 11;
1611 2674 41 38 A
1683 2673 217 48 1054288,
1934 2673 230 48 1054289;

234 2729 167 40 James
437 2731 53 39 E.
525 2730 136 46 Neal,
698 2729 214 40 Edward
945 2729 55 41 A.
1037 2729 211 48 Merritt,
1284 2729 216 41 William
1538 2730 56 40 R.
1632 2731 241 47 Rathvon,
1911 2731 157 40 Annie
2105 2732 64 40 M.

235 2787 168 47 Knott,
435 2786 182 48 George
645 2786 219 40 Wendell
894 2787 181 39 Adams
1104 2787 95 39 and
1229 2787 174 39 Josiah
1432 2788 54 39 E.
1516 2787 226 49 Fernald,
1772 2790 213 37 trustees
2015 2789 155 39 under

235 2843 83 40 the
348 2843 100 40 will
480 2843 52 40 of
563 2844 142 46 Mary
737 2843 164 39 Baker
930 2844 153 48 Eddy,
1116 2844 199 40 Boston.
1386 2843 281 50 (28-21512)

233 2909 373 53 Rudimental
655 2909 193 52 divine
897 2909 229 53 science.
1219 2910 89 52 No
1358 2910 112 52 and
1519 2928 112 50 yes.
1725 2909 448 72 Guddommelig

164 2987 345 67 videnskaps
556 2987 642 69 begjmnelsesgrunner.
1292 2987 108 53 Nei
1449 3006 73 50 og
1571 2987 75 69 ja.
1747 2989 253 67 [Boston,
2051 2990 121 52 The

165 3065 1815 70 Trustees under the will of Mary Baker G. Eddy, ᶜ1 928]
235 3148 27 39 2
327 3180 8 8 v.
365 3147 50 39 in
446 3148 40 39 1.
545 3146 146 42 19½ᶜᵐ.

238 3204 267 40 Half-title.
566 3205 133 39 Each
742 3205 123 39 book
905 3205 91 39 has
1038 3203 180 49 special
1263 3204 277 49 title-pages
1581 3205 50 39 in
1673 3204 203 49 English
1920 3206 93 38 and
168 3206 1989 103 Norwegian;
422 3263 105 38 text
562 3261 50 39 in
652 3261 203 48 English
894 3263 95 38 and
1026 3261 293 48 Norwegian
1358 3272 59 29 on
1455 3261 218 48 opposite
1711 3271 160 39 pages,
1910 3263 263 39 numbered

168 3317 48 40 in
245 3317 259 49 duplicate.

241 3375 327 40 “Authorized
607 3375 259 40 literature
907 3375 51 39 of
1000 3375 82 40 the
1123 3375 136 40 First
1298 3375 181 40 church
1520 3375 51 40 of
1612 3375 180 47 Christ,
1838 3375 245 47 Scientist,
2125 3376 48 40 in

169 3433 195 45 Boston,
396 3431 433 41 Massachusetts.”

240 3488 344 41 “Rudimental
612 3488 162 40 divine
803 3488 215 40 science”
1045 3488 280 49 previously
1353 3488 163 40 issued
1546 3488 48 41 in
1623 3488 203 48 English
1855 3490 153 39 under
2038 3489 136 40 title:

172 3545 289 41 Rudiments
490 3547 95 38 and
616 3546 131 39 rules
780 3545 51 40 of
860 3545 164 40 divine
1053 3544 214 48 science;
1303 3545 100 40 “No
1435 3545 95 40 and
1560 3545 112 47 yes”
1703 3546 278 48 previously
2011 3545 164 41 issued

172 3604 151 38 under
350 3602 137 40 title:
516 3601 251 41 Christian
794 3601 213 41 science:
1034 3613 61 28 no
1122 3603 96 39 and
1246 3612 98 37 yes.

178 3655 51 52 ©
261 3660 128 47 Sept.
418 3659 69 48 15,
517 3659 141 43 1928;
688 3659 68 41 2c.
785 3659 118 40 each
935 3660 129 47 Sept.
1094 3660 81 46 17;
1208 3658 109 42 affs.
1351 3659 128 47 Sept.
1509 3659 55 41 18;
1623 3659 41 39 A
1694 3659 216 48 1054411,
1942 3659 230 42 1054412;

245 3714 165 42 James
444 3716 56 40 A.
534 3716 135 46 Neal,
707 3716 211 40 Edward
955 3716 54 40 A.
1044 3715 212 47 Merritt,
1292 3715 218 41 William
1547 3716 56 40 R.
1640 3716 241 47 Rathvon,
1918 3716 157 42 Annie
2111 3717 63 38 M.

245 3772 169 45 Knott,
445 3772 183 46 George
656 3773 218 39 Wendell
904 3772 181 40 Adams
1114 3774 94 38 and
1239 3772 172 40 Josiah
1442 3773 52 39 E.
1525 3772 225 49 Fernald,
1781 3775 211 38 trustees
2023 3774 154 38 under

247 3829 82 39 the
357 3829 103 40 will
489 3829 52 40 of
570 3830 142 47 Mary
742 3830 162 40 Baker
935 3831 151 46 Eddy,
1119 3831 199 39 Boston.
1388 3828 280 49 (28-21923)

180 3892 339 64 Edschmid,
550 3895 282 64 Kasimir,
868 3900 171 49 1890-

308 3971 1871 67 … Sport urn Gagaly, roman. Berlin [etc.] P. Zsolnay, 1928.
