2498 4384
1047 4077 136 52 1997

78 426 281 63 Deedera,
394 423 295 63 Carleton,
726 426 168 50 1880-

149 491 1936 82 Diary of Garry Baldy, by Carleton Deedera … Boston,
79 574 1329 75 The Christopher publishing house [ ᶜ1 928]
149 661 245 51 96 p. 18½ ᶜᵐ.
81 716 52 52 ©
161 720 111 39 Dec.
300 719 20 38 1,
367 717 116 39 1928;
537 717 67 39 2c.
634 716 111 40 Dec.
775 716 51 45 7;
856 714 82 40 aff.
967 714 112 40 Dec.
1108 712 25 39 6;
1191 713 38 38 A
1259 711 115 39 3087;
1433 709 50 42 C.
1513 708 233 47 Deedera,
1777 708 198 38 Boston.

159 774 284 51 (28-30559)

79 873 83 52 De
197 873 55 51 la
285 870 239 63 Ramée,
558 868 232 64 Louise,
828 871 326 51 1839-1908.

148 949 56 52 A
241 948 113 70 dog
389 946 66 53 of
491 945 299 67 Flanders,
824 945 76 68 by
934 944 207 52 Louise
1176 943 88 52 De
1300 943 55 50 la
1392 940 211 53 Ramée
1650 938 248 69 (Ouida)
1948 936 141 52 with

80 1025 391 54 introduction
508 1024 113 52 and
656 1028 160 48 notes
850 1022 75 69 by
963 1021 255 52 Blanche
1256 1020 67 52 E.
1359 1018 255 67 Weekes,
1651 1015 327 55 illustrated
2013 1014 77 69 by

81 1105 155 53 John
266 1102 151 69 Fitz,
443 1102 70 69 jr.
578 1100 430 69 Philadelphia,
1038 1097 255 70 Chicago
1346 1103 119 60 [etc.]
1500 1096 121 52 The
1648 1093 156 56 John
1836 1092 63 56 C.
80 1093 1986 142 Winston

238 1181 510 68 company [ ᶜ1 928]
150 1257 1444 56 viii, 84 p. incl. illus., plates, col. front., col. pl. 21 ᶜᵐ.
153 1321 289 41 Illustrated
471 1318 367 49 lining-papers.

86 1374 52 52 ©
171 1379 123 40 Mar.
327 1377 53 39 13,
429 1376 115 40 1928;
604 1376 67 39 2c.
706 1374 111 40 Dec.
851 1373 82 46 10;
969 1372 82 41 aff.
1088 1373 127 46 Sept.
1250 1371 48 38 21;
1368 1371 40 37 A
1441 1370 141 45 3205;
1620 1368 129 41 John
1783 1368 49 40 C.
1866 1367 227 41 Winston

154 1445 66 30 co.
295 1428 52 54 [©
375 1432 333 41 introduction
734 1430 95 41 and
856 1433 152 43 notes,
1037 1429 61 47 by
1125 1429 55 39 B.
1208 1428 53 41 E.
1289 1427 217 47 Weekes,
1536 1426 95 39 and
1659 1424 343 42 illustrations,
2031 1424 63 47 by

160 1491 123 40 John
311 1489 122 49 Fitz,
461 1490 78 48 jr.]
607 1486 281 51 (28-30698)

82 1585 236 63 Dewey,
350 1584 141 53 Mrs.
525 1582 157 54 Julia
716 1581 78 54 M.

159 1662 151 53 How
359 1667 60 47 to
468 1660 162 53 teach
678 1676 267 36 manners
994 1663 58 48 to
1102 1656 192 55 school
1343 1655 278 67 children,
1670 1654 76 70 by
1799 1653 162 56 Julia
2013 1652 81 53 M.

90 1734 1505 75 Dewey … New York, Noble and Noble [ ᶜ1 928]
159 1820 277 49 127 p. 18½ ᶜᵐ.
91 1876 51 51 ©
170 1880 118 39 Nov.
314 1877 70 47 23,
414 1877 113 40 1928;
582 1877 69 39 2c.
679 1876 112 42 Dec.
820 1876 17 37 1;
901 1874 83 41 aff.
1012 1875 113 40 Dec.
1150 1874 27 39 4;
1236 1873 41 40 A
1304 1872 85 41 956;
1446 1873 152 39 Noble
1625 1872 36 40 &
1688 1871 166 42 Noble.

168 1934 281 50 (28-30691)

83 2014 239 65 Dobias,
363 2015 200 52 Frank
603 2014 57 54 S.

163 2094 123 53 The
318 2093 223 68 picture
574 2091 148 54 book
756 2090 64 55 of
893 2091 160 69 flying,
1086 2090 76 69 by
1196 2089 200 54 Frank
1432 2088 235 54 Dobias.
1741 2089 140 53 New
1919 2087 181 69 York,

93 2172 121 52 The
243 2170 340 54 Macmillan
615 2186 300 53 company,
949 2171 152 50 1928.

163 2247 1937 55 64 p. illus. (part col.) 28½ ᶜᵐ. [The Macmillan picture books, no. 2]
166 2309 290 41 Illustrated
487 2311 97 45 t.-p.
615 2308 96 39 and
740 2305 352 51 lining-papers
1123 2306 49 39 in
1203 2306 170 41 colors.

94 2363 52 53 ©
173 2368 119 41 Nov.
318 2366 70 49 20,
418 2366 116 41 1928;
589 2366 68 40 2c.
685 2366 96 40 and
808 2364 84 42 aff.
918 2365 119 40 Nov.
1065 2365 55 39 21;
1179 2365 41 40 A
1250 2364 83 41 773;
1392 2364 285 41 Macmillan
1705 2373 68 34 co.

172 2423 282 50 (28-30681)

90 2508 147 63 Dop,
271 2506 166 55 Paul.

165 2584 237 54 Manuel
430 2585 69 52 de
530 2583 298 69 technique
860 2583 324 69 botanique,
1216 2582 307 71 histologie
1553 2588 56 48 et
1638 2582 272 55 microbie
102 2583 1980 146 végétales,

97 2658 1983 135 par Paul Dop … [et] Albert Gautié … 2. éd. entièrement
100 2735 1980 136 refondue et mise à jour … Préface de M. Henri Lecomte
374 2815 899 71 … Paris, J. Lamarre [ ᶜ1 928]
172 2897 944 51 xxii, 594 p. incl. illus., tables. 21 ᶜᵐ.
174 2956 183 41 “Index
383 2954 451 49 bibliographique”
864 2958 52 38 at
943 2956 92 39 end
1062 2955 52 40 of
1143 2955 121 41 each
1292 2957 215 47 chapter.

174 3011 396 50 “Bibliographie
602 3010 284 50 générale”:
920 3022 45 38 p.
1001 3011 251 50 [573]-574.

101 3066 52 52 ©
183 3072 112 46 May
322 3070 70 47 24,
423 3070 142 42 1928;
625 3081 38 30 1c.
691 3069 128 41 June
846 3070 84 46 26;
960 3069 103 39 A—
1065 3068 211 51 Foreign
1302 3069 172 49 39372;
1507 3071 44 41 J.
1582 3070 249 43 Lamarre.

179 3126 284 50 (28-30537)

100 3205 187 65 Dyke,
326 3205 260 53 Andrew
623 3206 134 64 Lee,
799 3207 172 54 1875-

167 3283 213 69 Dyke’s
414 3283 243 54 aircraft
693 3284 203 71 engine
928 3285 329 53 instructor.
1333 3287 139 51 Rev.
1508 3286 85 52 ed.
1628 3286 142 53 with
1804 3287 310 53 additions.

100 3359 1990 150 By A. L. Dyke … Chicago, The Goodheart-Willcox company,
300 3441 128 68 inc.,
459 3444 150 49 1928.

217 3519 1780 58 x, 404 p. col. front., illus. (part col.) 2 fold. col. pl., diagrs. 25 ᶜᵐ.
108 3576 53 52 ©
188 3581 113 41 Dec.
329 3581 40 48 5,
396 3581 120 40 1928;
567 3581 71 40 2c.
666 3581 114 42 Dec.
807 3581 54 47 8;
891 3581 83 41 aff.
1003 3582 114 40 Dec.
1146 3582 83 46 10;
1260 3581 44 39 A
1328 3582 145 47 3145;
1503 3584 55 39 A.
1587 3583 52 41 L.
1668 3582 152 49 Dyke.
1852 3583 68 41 St.
1951 3584 166 41 Louis.

185 3636 284 51 (28-30615)

106 3716 382 67 Ehrenpreis,
524 3719 259 64 Marcus,
825 3724 169 50 1869-

113 3792 1979 134 … The soul of the East; experiences and reflections, translated
309 3872 154 55 from
500 3875 97 53 the
639 3872 259 57 Swedish
937 3875 76 69 by
1054 3873 239 58 Alfhild
1334 3877 289 53 Huebsch.
1699 3877 303 70 Vignettes
2041 3877 77 69 by

115 3947 241 58 Gunnar
378 3951 292 54 Lindvall.
746 3951 138 55 New
910 3953 182 69 York,
1115 3954 123 55 The
1261 3954 224 71 Viking
1508 3974 177 50 press,
1710 3958 152 53 1928.
