2498 4384
1311 4084 138 49 2020

356 500 1999 100 CONTENTS.— Le patron.— Frousses. — La fin de Marie Pacific.—Accident.—Bifur.—Keulb
971 559 91 40 ben
1098 558 452 41 Keulbat.—Sifflez
1584 569 122 37 pour
1742 557 254 41 direction.

361 613 1820 52 © July 27, 1928; 1c. Sept. 21; A— Foreign 191; Bernard Grasset.
440 672 282 50 (28-30912)

357 767 185 64 Horn,
580 766 239 65 Ernest,
859 771 172 50 1882-

428 845 123 52 The
584 844 519 69 Horn-Ashbaugh
1135 844 144 69 high
1313 844 192 53 school
1539 845 236 67 speller;
1811 843 437 70 incorporating
2278 844 98 52 the

359 922 253 69 findings
646 922 66 53 of
744 941 31 33 a
811 921 229 54 tabular
1076 920 253 70 analysis
1364 922 65 53 of
1465 924 276 66 5,100,000
1775 922 189 53 words
1998 921 67 53 of
2096 922 278 69 ordinary

359 1000 239 69 writing
625 1000 114 53 and
768 999 65 53 of
860 1018 134 35 over
1024 1002 278 65 1,000,000
1328 1000 255 69 running
1611 1000 188 53 words
1827 1000 66 53 of
1919 1001 198 52 letters
2144 1000 233 53 written

359 1077 2015 70 by high school students, by Ernest Horn … and Ernest J.
358 1155 2020 71 Ashbaugh … Philadelphia [etc.] J. B. Lippincott company
365 1268 13 34 [
405 1237 138 50 ᶜ1928
546 1267 14 34 ]

429 1317 139 48 xxiii,
611 1317 56 40 64
708 1328 45 37 p.
813 1316 156 49 diagr.
1027 1316 120 42 20ᶜᵐ.

365 1370 53 53 ©
446 1375 120 39 Nov.
595 1374 39 47 8,
663 1373 116 41 1928;
834 1374 69 39 2c.
932 1374 96 39 and
1058 1372 83 41 aff.
1170 1373 114 41 Dec.
1314 1373 55 39 12;
1428 1373 44 39 A
1497 1372 115 40 2182;
1672 1373 44 41 J.
1747 1374 55 40 B.
1832 1373 282 48 Lippincott
2142 1384 69 31 co.

444 1429 282 51 (28-30839)

432 1524 122 53 The
599 1522 519 69 Horn-Ashbaugh
1163 1522 197 69 junior
1405 1522 142 70 high
1594 1523 192 52 school
1832 1522 237 69 speller;
360 1524 1995 147 incorporating
586 1602 97 53 the

711 1600 254 70 findings
996 1600 65 54 of
1091 1620 31 33 a
1151 1600 230 53 tabular
1413 1600 252 69 analysis
1696 1601 65 53 of
1789 1604 278 65 5,100,000
2097 1602 188 53 words
2315 1600 66 54 of

361 1680 279 69 ordinary
672 1679 238 69 writing
944 1679 113 52 and
1092 1678 64 53 of
1189 1697 135 34 over
1360 1681 277 65 1,000,000
1671 1678 255 70 running
1958 1680 189 53 words
2181 1679 65 53 of
361 1682 1996 129 letters
509 1758 231 52 written

771 1757 77 68 by
880 1757 260 53 students
1172 1756 67 53 of
1269 1756 196 69 junior
1496 1757 110 52 and
1641 1757 188 52 senior
1860 1757 144 69 high
2035 1758 238 64 schools,
2303 1758 76 70 by

362 1834 2019 71 Ernest Horn … and Ernest J. Ashbaugh … Philadelphia
385 1920 121 62 [etc.]
548 1914 56 55 J.
643 1914 67 53 B.
747 1913 342 68 Lippincott
1125 1930 285 51 company
1493 1915 152 64 [ᶜ1928]

430 1997 140 49 xxiii,
608 1998 56 41 64
699 2009 44 37 p.
804 1997 155 48 diagrs.
1018 1996 58 41 20
1078 1997 45 23 ᶜᵐ
1128 2028 10 9 .

367 2051 53 53 ©
445 2056 120 40 Nov.
590 2054 39 48 5,
655 2054 115 40 1928;
824 2054 68 40 2c.
918 2054 95 39 and
1040 2052 83 41 aff.
1149 2052 115 41 Dec.
1290 2053 55 38 12;
1401 2052 43 39 A
1467 2052 115 41 2181;
1638 2052 44 41 J.
1709 2053 55 40 B.
1791 2052 282 50 Lippincott
2098 2065 68 30 co.

446 2110 283 51 (28-30838)

364 2206 225 64 Irving,
620 2205 258 55 William
910 2205 225 63 Henry.

435 2284 160 55 John
624 2283 175 69 Gay’s
827 2283 242 52 London
1100 2282 330 53 illustrated
1461 2281 155 53 from
1644 2282 98 53 the
1771 2288 205 64 poetry
2005 2283 68 54 of
2101 2284 96 54 the
2228 2284 156 69 time,

361 2363 79 70 by
478 2362 265 56 William
782 2361 207 70 Henry
1028 2361 225 69 Irving.
1334 2360 367 71 Cambridge,
1742 2362 272 54 Harvard
2062 2362 320 71 university

364 2460 177 50 press,
574 2444 151 51 1928.

436 2524 138 48 xviii,
600 2523 88 41 459
714 2535 43 37 p.
813 2523 152 41 front,
993 2522 174 50 (port.)
1202 2524 25 38 1
1258 2522 144 49 illus.,
1430 2524 173 47 plates,
1631 2523 121 41 fold.
1780 2534 127 38 map.
1964 2523 120 43 22ᶜᵐ.

436 2580 354 49 Bibliography:
847 2590 45 38 p.
939 2579 238 50 [425]-442.

369 2634 53 53 ©
458 2638 113 40 Dec.
606 2637 39 48 8,
679 2637 115 40 1928;
857 2637 69 40 2c.
961 2637 97 39 and
1094 2635 83 41 aff.
1212 2636 114 40 Dec.
1362 2637 56 39 17;
1481 2637 44 39 A
1556 2636 118 41 2304;
1738 2636 259 42 President
2032 2638 39 41 &
2104 2638 192 41 fellows
2332 2639 52 41 of

436 2695 233 40 Harvard
704 2695 194 47 college,
933 2693 305 48 Cambridge,
1276 2694 148 39 Mass.
1499 2693 282 49 (28-30836)

365 2788 285 64 Johnson,
683 2787 285 55 Claudius
995 2787 285 65 Osborne,
1314 2792 172 50 1894-

438 2865 205 55 Carter
681 2866 206 68 Henry
925 2863 290 55 Harrison
1281 2906 12 26 I,
1331 2865 262 68 political
1632 2866 210 68 leader,
1878 2866 77 69 by
1995 2866 280 56 Claudius
2315 2867 69 56 O.

364 2941 2023 73 Johnson … Chicago, Ill., The University of Chicago press
371 3025 174 65 [1928]

436 3105 105 48 xiii,
575 3105 88 41 306
694 3116 44 37 p.
797 3105 167 46 front.,
998 3106 150 46 ports.
1208 3105 150 39 21½ᶜᵐ.
1427 3104 304 48 (Half-title:
1767 3105 160 41 Social
1960 3105 189 41 science
2182 3106 201 50 studies,

366 3162 218 42 directed
615 3162 63 48 by
709 3162 83 40 the
822 3161 148 40 Local
1000 3161 302 48 community
1333 3162 228 39 research
1593 3161 277 41 committee
1900 3163 53 40 of
1983 3164 85 40 the
2101 3163 284 49 University

366 3220 53 40 of
451 3218 227 49 Chicago,
711 3229 75 29 no.
883 3217 14 48 XI)

439 3275 380 49 Bibliography:
856 3286 45 37 p.
934 3274 221 41 296-300.

372 3329 53 52 ©
450 3332 121 49 Aug.
595 3333 40 47 7,
659 3332 115 40 1928;
827 3332 69 40 2c.
920 3331 115 41 Dec.
1058 3332 55 39 17;
1169 3329 84 42 aff.
1277 3332 119 40 Nov.
1422 3330 56 40 16;
1533 3331 41 39 A
1597 3330 116 41 3235;
1768 3331 287 49 University
2081 3332 55 41 of
2160 3332 225 49 Chicago,

442 3389 225 48 Chicago.
737 3387 283 50 (28-30993)

365 3482 264 64 Kausch,
669 3482 204 64 Oscar,
916 3482 171 55 1872-

439 3561 111 52 Die
581 3560 193 53 aktive
804 3560 189 68 kohle,
1023 3561 124 52 ihre
1178 3560 359 69 herstellung
1566 3560 120 53 und
1758 3560 368 70 verwendung,
2157 3579 113 35 von
2301 3561 86 54 dr.

369 3637 2018 71 Oskar Kausch … mit 53 abbildungen. Halle (Saale) W.
367 3716 240 69 Knapp,
641 3720 151 49 1928.

438 3797 1951 51 4 p. l., 342 p. illus., diagrs. 24 ᶜᵐ . ( Added t. -p.: Monographien über
368 3855 1558 49 chemisch-technische fabrikationsmethoden … bd. XLII)
440 3913 353 48 Bibliography:
850 3924 44 37 p.
925 3912 205 41 273-275:
1207 3912 238 49 [296]-306.

375 3966 1896 54 © May 18, 1928; 1c. June 26; A —Foreign 39439; Wilhelm Knapp.
453 4027 283 50 (28-30858)
