2498 4384
1065 4059 134 50 1585

143 406 228 64 Fisher,
403 404 224 65 Irving,
661 404 169 54 1867-

144 476 1978 153 The money illusion, by Irving Fisher … New York, Adelphi
277 561 492 68 company [ ᶜ19 28]
279 640 565 52 xv, 245 p. diagrs. 19½ ᶜᵐ.
215 713 145 40 “This
393 713 124 40 book
547 712 43 41 is
622 713 146 39 based
802 722 60 29 on
895 712 210 39 lectures
1136 709 142 49 given
1310 708 50 40 in
1393 709 81 40 the
1506 718 212 30 summer
1749 708 52 40 of
1832 706 114 42 1927
1979 707 166 41 before

141 771 81 41 the
254 769 194 42 Geneva
478 769 163 41 school
672 768 51 41 of
751 766 353 42 international
1135 764 428 43 studies.”—Pref.

213 826 250 49 “Reading
492 825 113 42 list”:
665 836 44 38 p.
739 823 220 42 203-215.

147 893 51 52 ©
228 897 126 39 June
381 896 71 47 25,
483 895 141 46 1928;
655 895 67 39 2c.
752 894 96 39 and
878 891 83 42 aff.
992 892 103 41 Oct.
1126 892 82 47 16;
1241 891 41 40 A
1311 891 82 48 61;
1425 890 211 49 Adelphi
1663 901 67 30 co.

223 951 281 45 (28-24181)

139 1060 172 64 Ford,
343 1059 154 54 Ford
530 1058 235 64 Madox,
799 1059 172 54 1873-

276 1133 1872 72 … A little less than gods. New York, The Viking press,
145 1218 149 50 1928.

246 1294 316 50 x, 361 p. 20 ᶜᵐ.
145 1364 51 52 ©
224 1367 102 41 Oct.
351 1367 69 47 15,
448 1366 142 47 1928;
617 1367 69 40 2c.
712 1367 97 39 and
836 1366 84 40 aff.
948 1365 104 42 Oct.
1078 1365 56 40 20;
1190 1365 41 40 A
1259 1365 141 48 1106;
1431 1366 54 41 F.
1512 1366 64 40 M.
1605 1366 141 47 Ford,
1775 1365 157 42 Paris.

221 1423 283 50 (28-23919)

138 1533 235 63 Frazer,
405 1532 190 52 Marie
626 1530 288 65 Milligan.

208 1608 94 56 On
336 1609 97 53 the
469 1609 95 53 old
599 1609 167 53 trails
802 1609 59 52 in
895 1608 344 69 Wyoming;
1279 1628 31 33 a
1345 1608 224 68 history
1605 1608 65 53 of
1703 1608 314 70 Wyoming
2055 1608 95 53 for

136 1686 1951 70 the elementary schools, grades 3-8 [by] Marie M. Frazer …
134 1765 284 68 Laramie,
446 1765 315 69 Wyoming
788 1770 147 48 state
962 1764 192 54 school
1183 1765 232 68 supply,
1445 1768 151 49 1928.

206 1849 87 41 186
324 1860 43 37 p.
428 1848 131 41 illus.
586 1848 136 49 (incl.
753 1847 177 50 ports.)
996 1849 58 40 23½ᶜᵐ.

142 1915 51 53 ©
224 1919 104 41 Oct.
356 1918 40 49 9,
427 1918 115 41 1928;
598 1918 70 41 2c.
699 1918 104 41 Oct.
832 1918 56 40 16;
947 1917 84 42 aff.
1063 1917 103 42 Oct.
1196 1917 58 40 15;
1311 1917 42 39 A
1382 1918 56 39 14;
1497 1919 65 40 M.
1592 1919 62 40 M.
1687 1919 195 48 Frazer,
1913 1919 234 48 Douglas.

208 1977 106 47 Wy.
384 1975 285 50 (23-23980)

139 2083 250 66 French,
429 2086 176 63 Mary
652 2083 293 66 (French)
1208 2083 211 55 Daniel
1461 2083 253 56 Chester
1752 2083 290 56 French.”

210 2164 308 53 Memories
565 2162 65 54 of
680 2183 31 33 a
763 2163 302 69 sculptor’s
1116 2162 156 69 wife,
1322 2163 77 70 by
1449 2163 142 54 Mrs.
1644 2164 210 53 Daniel
1909 2164 239 55 Chester

141 2241 1982 148 French … Boston and New York, Houghton Mifflin company, 1928.
241 2401 1623 50 x p., 1 l., 294 p. plates, ports. (incl. front.) facsims. 23ᶜᵐ.
140 2469 51 53 ©
221 2474 103 40 Oct.
349 2473 70 48 13,
446 2473 142 47 1928;
616 2474 70 41 2c.
714 2473 103 41 Oct.
843 2474 83 47 15;
957 2473 82 42 aff.
1070 2474 102 41 Oct.
1201 2474 84 47 16;
1314 2475 42 39 A
1383 2474 53 41 51;
1497 2475 142 48 Mary
1668 2475 204 50 French,
1900 2477 32 40 i.
1962 2488 38 30 e.
2029 2479 118 39 Mrs.

207 2530 179 41 Daniel
420 2530 203 41 Chester
655 2529 202 50 French,
892 2531 119 40 New
1043 2531 146 42 York.
1261 2531 282 49 (28-24031)

134 2623 201 65 Gates,
368 2623 204 54 Aaron
606 2623 221 66 Avery,
864 2628 173 52 1887-
1248 2645 180 50 comp.

205 2702 106 69 My
335 2701 179 54 belief
540 2703 59 52 in
628 2703 400 69 immortality,
1056 2705 286 67 prepared
1368 2706 77 68 by
1474 2705 139 53 Rev.
1643 2705 73 55 A.
1745 2705 197 72 Avery
1970 2707 178 55 Gates

199 2779 1949 76 … Garden City, N. Y., Doubleday, Doran & company, inc.,
138 2860 149 52 1928.

206 2939 749 50 xiv p., 2 l., 3-230 p. 19½ᶜᵐ.
206 3009 212 41 Articles
445 3011 61 46 by
533 3010 59 40 16
618 3011 215 41 eminent
859 3022 124 31 men.

140 3078 51 52 ©
226 3082 130 49 Sept.
386 3082 70 48 28,
489 3082 142 47 1928;
664 3084 70 40 2c.
766 3085 97 39 and
895 3083 84 43 aff.
1012 3084 103 41 Oct.
1147 3087 83 46 12;
1266 3087 42 39 A
1338 3087 84 48 29;
1457 3087 301 51 Doubleday,
1793 3090 168 41 Doran
1994 3091 36 40 &
2064 3103 82 37 co.,

207 3139 91 42 inc.
366 3139 284 50 (28-23928)

134 3233 278 63 Gizycka,
438 3233 255 53 Eleanor
715 3235 62 53 M
1078 3237 384 65 (Patterson)
1495 3246 272 50 countess.

208 3311 133 52 Fall
367 3311 188 69 flight,
582 3312 77 70 by
687 3313 251 53 Eleanor
966 3313 274 71 Gizycka.
1305 3317 141 53 New
1475 3316 181 70 York,
1684 3319 250 71 Minton,
1963 3322 183 54 Balch

139 3390 43 51 &
209 3407 300 51 company,
539 3392 153 52 1928.

205 3469 625 51 3 p. l., 3-277 p. 19½ᶜᵐ.
141 3538 51 52 ©
222 3543 103 41 Oct.
351 3544 40 47 7,
421 3543 142 48 1928;
592 3544 69 41 2c.
690 3545 102 41 Oct.
822 3546 83 47 13;
936 3546 83 42 aff.
1049 3547 104 41 Oct.
1181 3549 84 46 19;
1297 3549 40 40 A
1367 3550 111 47 133;
1511 3552 203 49 Minton,
1746 3554 153 40 Balch
1929 3555 37 40 &
1995 3566 69 31 co.

218 3599 282 51 (28-23918)

136 3691 230 66 Golder,
402 3693 202 54 Frank
640 3694 232 67 Alfred,
910 3697 172 55 1877-
1299 3702 85 54 ed.

205 3770 122 53 The
366 3772 197 52 march
605 3772 65 53 of
708 3773 97 54 the
846 3775 265 54 Mormon
1151 3777 285 55 battalion
1479 3780 154 54 from
1675 3782 242 55 Council
1957 3785 191 54 Bluffs

134 3853 57 47 to
226 3846 355 71 California;
616 3851 172 53 taken
823 3852 152 54 from
1006 3854 97 54 the
1134 3854 231 69 journal
1398 3858 65 53 of
1492 3859 205 57 Henry
1731 3860 310 70 Standage,
2073 3864 76 70 by

135 3924 200 56 Frank
362 3927 215 55 Alfred
607 3928 216 55 Golder
852 3931 60 53 in
944 3932 412 57 collaboration
1387 3936 142 54 with
1559 3938 251 57 Thomas
1840 3941 70 54 A.
1942 3942 205 72 Bailey
