2498 4384
1315 4069 106 54 938

345 507 225 53 Arthur
606 507 92 54 W.
740 507 230 52 Brown.
1082 505 373 68 Providence,
1497 505 69 52 R.
1607 505 69 67 I.,
1716 504 262 55 William
2019 505 69 52 R.
2133 506 214 52 Brown

343 586 500 67 company, ᶜ1 928.
414 667 56 40 48
498 677 44 37 p.
601 665 130 41 illus.
771 665 134 48 (incl.
936 664 175 49 ports.)
1287 696 9 9 23ᶜᵐ.

418 723 72 41 On
522 732 141 30 cover
680 733 9 28 :
723 722 101 40 The
858 721 144 49 spirit
1033 722 53 40 of
1116 722 199 39 Madam
1348 721 179 47 Perry;
1562 719 439 49 world-encircling
2034 731 55 29 as
347 721 1984 99 exemplified
479 779 96 41 and
612 778 248 41 exercised
900 779 212 48 through
1150 777 88 41 her
1277 779 95 40 two
1411 779 140 47 great
1589 778 303 41 commodore
1932 787 111 31 sons
2085 779 95 40 and
2222 778 128 41 their

346 838 169 39 hearts
546 836 51 40 of
629 836 93 40 oak
753 847 61 28 on
845 846 89 30 our
964 838 209 38 western
1205 835 113 40 lake
1349 835 52 40 of
1432 836 165 47 glassy
1628 837 151 39 calms
1811 836 89 40 but
1930 834 193 42 wildest
2158 837 191 46 storms,

348 904 60 29 on
448 893 81 40 the
568 892 379 41 corsair-cursed
986 893 187 39 central
1214 902 97 37 sea,
1353 892 95 39 and
1489 902 60 30 on
1589 892 169 40 locked
1796 892 144 40 lands
1982 893 96 39 and
2121 892 228 48 typhoon-

349 950 222 39 tortured
596 951 180 39 waters
803 949 52 40 of
882 950 82 39 the
989 949 97 39 Far
1113 949 136 40 East.

351 1003 50 52 ©
435 1008 127 39 June
592 1009 39 45 7,
664 1007 141 47 1928;
838 1007 69 41 2c.
939 1007 96 39 and
1067 1005 83 42 aff.
1182 1007 128 39 June
1341 1007 54 46 8;
1429 1006 42 39 A
1502 1005 229 48 1077675;
1766 1007 56 40 A.
1854 1008 72 40 W.
1957 1008 194 44 Brown,
421 1006 1909 106 Providence,
610 1064 57 41 R.
694 1065 38 40 I.
802 1063 282 49 (28-15602)

347 1143 250 62 Cardon,
622 1142 183 54 Alice.

477 1220 1876 71 … Premiere annee de frangais de junior high-school, par
344 1298 1984 148 Alice Cardon … et Leopold Cardon … New York and London, The Century co. [ ᶜ1 928]
415 1460 103 47 xiii,
564 1460 83 40 261
693 1471 43 37 p.
797 1460 129 40 illus.
988 1459 55 40 19½
1075 1462 44 21 ᶜᵐ
1124 1492 9 8 .
1204 1459 126 48 (The
1376 1460 216 47 Century
1636 1461 200 39 modern
1882 1462 241 45 language
2168 1459 177 49 series)

344 1516 130 48 $1.50

353 1571 50 52 ©
435 1577 128 39 June
590 1576 69 47 12,
690 1575 140 47 1928;
862 1576 68 39 2c.
958 1575 95 39 and
1084 1574 84 42 aff.
1196 1576 129 40 June
1354 1576 82 46 14;
1469 1575 41 39 A
1539 1574 231 49 1082021;
1804 1576 215 47 Century
2049 1587 70 28 co.

431 1632 281 49 (28-15808)

346 1712 240 63 Carver,
620 1711 255 55 William
913 1712 197 62 Owen,
1150 1716 172 48 1868-

419 1790 119 52 The
575 1789 581 69 self-interpretation
1193 1790 66 52 of
1293 1791 185 54 Jesus,
1624 1789 262 54 William
1923 1789 179 55 Owen
2139 1789 216 54 Carver

411 1868 1552 69 … New York, George H. Doran company [ ᶜ1 926 ]
423 1951 792 48 viii p., 2 l., 13-181 p. 19½ᶜᵐ.
355 2004 52 52 ©
439 2009 111 40 Jan.
579 2008 69 47 15,
679 2007 141 46 1926;
851 2008 68 41 2c.
949 2009 99 39 and
1076 2007 82 41 aff.
1189 2008 128 40 June
1346 2008 70 48 22,
1448 2008 142 47 1928;
1623 2008 42 40 A
1694 2008 230 46 1077971;
1960 2008 199 48 Sunday
2190 2008 164 41 school

421 2066 151 39 board
602 2064 51 40 of
682 2066 81 38 the
795 2065 241 39 Southern
1067 2065 198 48 Baptist
1293 2065 302 48 convention,
1624 2065 268 40 Nashville.

354 2145 168 62 Case,
553 2143 222 54 Robert
808 2144 280 54 Ormond.

417 2222 205 52 Riders
648 2220 65 53 of
737 2222 95 52 the
858 2221 234 55 Grande
1117 2222 219 68 Ronde,
1359 2223 75 68 by
1460 2223 216 52 Robert
1703 2222 258 55 Ormond
1990 2222 158 55 Case.
346 2223 1987 129 Garden
491 2299 152 69 City,
676 2299 70 53 N.
781 2300 90 65 Y.,
904 2299 360 69 Doubleday,
1296 2300 200 52 Doran
1529 2303 45 50 &
1607 2318 300 51 company,
1939 2300 127 68 inc.,
2101 2304 150 49 1928.

417 2383 560 49 4 p. l., 373 p. 19½ᶜᵐ.
358 2436 52 52 ©
442 2441 114 47 May
583 2440 40 46 4,
653 2439 141 46 1928;
825 2440 69 40 2c.
922 2441 97 38 and
1048 2439 82 40 aff.
1161 2441 128 40 June
1317 2441 83 46 22;
1432 2440 42 39 A
1501 2440 231 44 1077969;
1765 2441 56 41 R.
1853 2442 52 40 O.
1937 2442 136 47 Case,
2106 2442 249 44 Portland,

431 2496 79 41 Or.
581 2496 281 49 (28-15625)

357 2576 180 63 Cody,
567 2576 209 52 Hiram
805 2575 231 54 Alfred.

420 2653 285 69 Fighting
752 2658 163 62 stars,
963 2654 76 68 by
1087 2654 77 52 H.
1214 2655 72 51 A.
1338 2655 179 69 Cody.
1593 2655 139 53 New
1782 2656 181 68 York,
2011 2655 223 71 George
2280 2656 78 53 H.

349 2731 742 68 Doran company [ ᶜ1 927]
453 2815 675 48 x p., 1 l., 13-272 p. 19ᶜᵐ.
361 2866 53 52 ©
446 2872 115 46 May
589 2872 40 46 4,
662 2871 141 47 1928;
836 2872 68 40 2c.
936 2872 96 39 and
1063 2871 82 41 aff.
1178 2872 128 40 June
1335 2872 84 47 22;
1453 2873 42 39 A
1524 2872 231 49 1077972;
1790 2873 300 50 Doubleday,
2124 2875 168 41 Doran
2324 2879 37 41 &

430 2937 82 39 co.,
540 2927 92 41 inc.
702 2927 281 49 (28-15624)

359 3005 246 67 [Colver,
636 3007 277 67 Rachela]

490 3084 1872 73 … The link of the golden horse-shoe. [Centralia, Wash.,
353 3162 1062 70 Workers of Christ society, ᶜ1 928]
431 3245 88 40 160
548 3256 45 37 p.
652 3245 117 41 19ᶜᵐ.

431 3302 65 40 At
523 3302 124 40 head
676 3302 52 40 of
755 3301 135 41 title:
924 3302 169 48 Spirit,
1120 3303 120 48 soul,
1269 3303 139 49 body.

365 3354 53 52 ©
451 3359 113 47 May
594 3358 69 47 12,
695 3358 140 46 1928;
869 3359 68 41 2c.
967 3360 114 47 May
1111 3361 83 45 24;
1228 3359 84 43 aff.
1344 3363 114 46 May
1489 3362 82 46 23;
1605 3362 42 39 A
1677 3363 230 47 1077414;
1942 3364 44 40 J.
2020 3363 50 41 C.
2103 3365 258 42 Auterson.

435 3415 263 48 Centralia,
724 3415 166 41 Wash.

369 3492 294 68 [Cubellis,
693 3494 139 53 Mrs.
861 3494 163 64 Lucy
1061 3495 315 68 (Binetti)]
1416 3501 169 49 1886-

427 3571 258 66 Popular
721 3573 212 66 novels,
970 3572 76 69 by
1085 3573 220 53 Lucille
1345 3574 222 70 Corbey
1635 3577 174 66 [pseud
1814 3620 10 9 .]
1945 3578 112 52 Los
2097 3578 266 69 Angeles,

356 3647 944 71 Wetzel publishing co., ᶜ1 928]
431 3732 114 47 [177]
578 3741 45 37 p.
682 3731 117 41 20ᶜᵐ.

431 3787 131 39 Each
592 3789 137 45 story
757 3788 90 40 has
878 3788 182 48 special
1090 3789 239 41 half-title
1357 3792 96 39 and
1483 3795 227 45 separate
1739 3793 193 50 paging.

696 3844 232 48 CONTENTS.—Sadie,
968 3857 26 28 a
1036 3845 166 41 thief’s
1242 3847 254 47 daughter.
1513 3871 60 5 —
1589 3849 139 47 Joan,
1768 3850 111 40 “the
1915 3851 128 40 false
2081 3851 283 41 friend”.—

361 3898 220 48 Dangers
623 3900 52 39 of
716 3899 357 49 beauty.—The
1116 3903 476 41 adventurer.—The
1634 3905 158 41 Count
1833 3907 286 41 Vurenscki.

370 3950 53 53 ©
455 3956 114 47 May
598 3956 69 48 31,
699 3955 141 48 1928;
873 3957 68 41 2c.
971 3957 128 41 June
1127 3957 83 49 20;
1246 3957 82 43 aff.
1360 3959 126 41 June
1518 3961 82 46 18;
1634 3961 42 40 A
1707 3961 228 49 1077924;
1971 3964 132 49 Lucy
2135 3964 227 48 Cubellis,

442 4012 91 39 Los
567 4012 222 48 Angeles.
858 4014 281 49 (28-15630)
