2498 4384
1222 4093 101 49 488

334 542 1732 69 von A. Bethe [u. a.] l. bd. A. Allgemeine physiologie.
334 544 1912 144 Berlin,
463 621 56 54 J.
553 619 298 70 Springer,
885 620 150 54 1927.

332 702 1093 48 xii, 748 p. illus., diagrs., tables. 26 ᶜᵐ .
266 755 2004 54 © Oct. 26, 1927; 1c. Feb. 27, 1928; A—Foreign 37557; Julius Springer.
257 841 266 62 Hansen,
555 843 186 52 Ernst
769 843 50 52 R
1111 843 68 52 B.

332 920 208 53 Polens
580 920 186 69 drang
803 921 145 51 nach
989 920 126 52 dem
1157 926 226 60 westen,
1421 938 110 34 von
1570 919 178 53 Ernst
1787 920 69 52 R.
1897 921 66 51 B.
2003 920 266 65 Hansen;

262 997 2009 70 mit einem Vorwort von dr. August Müller … Berlin und
259 1076 260 71 Leipzig,
545 1077 72 52 K.
646 1077 63 52 F.
736 1077 270 65 Koehler,
1035 1076 149 54 1927.

331 1160 69 43 63,
430 1162 56 48 [1]
512 1171 44 37 p.
617 1160 116 41 22cm.

267 1213 2004 52 © Mar. 7, 1927; 1c. July 14; A —Foreign 35627; K. F. Koehler, g. m.
337 1276 42 39 b.
406 1275 47 41 h.
527 1273 252 50 (28-9435)

266 1342 227 63 Hardy,
522 1341 276 52 Thomas.

335 1420 92 53 He
468 1438 170 34 never
679 1420 269 67 expected
990 1420 197 66 much;
1233 1439 30 33 a
1307 1419 289 53 reflection
1637 1438 73 33 on
1752 1438 98 50 my
1892 1419 381 69 eighty-sixth

263 1497 291 70 birthday.
631 1497 333 67 [Published
998 1497 454 69 posthumously]

343 1581 85 48 (In
458 1576 202 43 London
690 1576 147 53 Daily
870 1575 290 54 telegraph)

268 1631 2001 55 © 1c. May 2, 1928; A ad int. 11018; pubd. Mar. 19; Florence E. Hardy,
339 1695 308 47 Dorchester,
689 1694 190 47 Dorset,
922 1694 235 48 England,
1200 1695 96 39 and
1339 1694 192 48 Sydney
1572 1695 49 41 C.
1663 1695 263 48 Cockerell,
1969 1694 302 49 Cambridge,

336 1752 238 48 England.

335 1818 121 53 The
490 1837 123 33 new
647 1817 213 53 dawn’s
892 1818 271 53 business.
1243 1817 331 67 [Published
1610 1818 437 68 posthumously]

346 1900 86 48 (In
460 1897 203 43 London
692 1896 147 52 Daily
871 1896 290 53 telegraph)

268 1953 2001 52 © 1c. May 2, 1928; A ad int. 11019; pubd. Mar. 20; Florence E. Hardy,
338 2014 308 47 Dorchester,
687 2013 191 49 Dorset,
920 2015 237 47 England,
1198 2015 95 38 and
1339 2014 190 47 Sydney
1572 2013 50 42 C.
1663 2014 263 48 Cockerell,
1969 2013 302 50 Cambridge,

336 2072 238 48 England.

333 2136 179 53 Talks
564 2137 140 52 with
756 2136 249 53 Thomas
1057 2136 211 69 Hardy
1320 2142 59 47 at
1429 2137 138 52 Max
1619 2142 147 63 gate,
1821 2140 328 65 1920-1922,
2200 2137 72 70 by

266 2216 143 54 Vere
442 2214 77 53 H.
553 2214 235 54 Collins.
869 2214 277 67 [London]
1182 2214 374 67 Duckworth,
1591 2216 149 51 1928.

400 2298 596 50 xv, [1], 84, [2] p. 22½ ᶜᵐ .
269 2351 2004 53 © 1c. Mar. 29, 1928; A ad int. 10825; pubd. Feb. 2; Doubleday, Doran
336 2413 36 40 &
402 2424 82 37 co.,
516 2413 104 47 inc.,
654 2412 196 40 Garden
882 2412 123 48 City,
1037 2412 57 40 N.
1126 2412 54 40 Y.
1251 2411 253 48 (28-9578)

263 2479 321 64 Harrigan,
617 2478 251 53 Mildred
901 2479 73 52 H.

333 2557 316 68 Traveling
681 2556 167 69 light,
878 2557 77 67 by
986 2556 79 52 M.
1097 2556 76 52 H.
1208 2556 329 69 Harrigan;
1572 2557 129 51 how
1732 2563 58 46 to
1822 2575 87 35 see
1943 2557 183 68 Spain
2161 2559 112 52 and

262 2636 283 66 Morocco,
574 2652 31 35 a
631 2634 277 68 practical
938 2634 170 68 guide
1138 2632 93 54 for
1261 2634 343 52 economical
1630 2635 220 68 people.
1925 2635 140 53 New
2095 2635 178 64 York,

264 2713 573 66 Brentano’s [ ᶜ19 28]
332 2795 860 50 xxi, 287 p. fold. maps. 17½ ᶜᵐ .
334 2856 141 46 Maps
506 2863 61 30 on
595 2852 366 48 lining-papers.

336 2911 67 39 “A
434 2910 397 48 supplementary
857 2907 86 41 list
970 2906 52 42 of
1050 2907 259 46 reading”:
1341 2918 42 37 p.
1412 2908 219 41 281-284.

269 2963 52 52 ©
350 2967 115 47 Apr.
493 2966 39 46 2,
563 2965 140 45 1928;
733 2965 67 40 2c.
829 2964 96 39 and
954 2962 83 42 aff.
1066 2963 115 47 Apr.
1210 2964 52 46 5;
1294 2964 42 38 A
1363 2963 229 48 1069613;
1626 2965 304 48 Brentano’s,
1962 2966 90 42 inc.

350 3022 253 50 (28-9680)

261 3089 312 61 Harwood,
606 3088 134 61 Dix,
774 3090 171 49 1893-

337 3168 153 52 Love
520 3166 94 53 for
640 3166 243 52 animals
912 3166 113 52 and
1052 3165 128 53 how
1208 3165 47 53 it
1283 3166 311 68 developed
1623 3166 58 52 in
1713 3165 180 55 Great
1920 3167 251 69 Britain,
2200 3169 73 69 by

267 3246 118 52 Dix
408 3245 312 54 Harwood.
796 3243 138 53 New
961 3243 181 68 York,
1169 3246 150 51 1928.

337 3329 28 38 4
389 3337 44 38 p.
493 3357 9 17 l.,
528 3326 84 40 381
639 3336 43 37 p.
742 3326 147 40 21½ᶜᵐ.

340 3383 148 41 “This
516 3384 145 46 study
688 3383 42 39 is
757 3381 256 49 primarily
1040 3382 266 40 concerned
1337 3382 120 41 with
1488 3384 82 39 the
1599 3382 214 42 attitude
1843 3384 51 40 of
1921 3396 109 29 men
2062 3387 214 39 towards

270 3442 164 39 beasts
462 3450 54 30 as
544 3441 258 46 expressed
832 3439 49 39 in
911 3439 202 47 English
1142 3438 261 41 literature
1432 3439 126 40 from
1590 3441 83 39 the
1701 3440 262 49 beginning
1993 3444 48 38 to
2072 3443 83 39 the
2183 3443 89 40 end

269 3498 52 40 of
345 3499 83 39 the
452 3497 282 47 eighteenth
758 3495 247 48 century.”

340 3554 377 48 Bibliography:
744 3564 43 37 p.
812 3553 216 41 371-373.

271 3608 52 52 ©
361 3613 123 39 Mar.
520 3611 69 46 31,
627 3610 140 43 1928;
807 3611 67 40 2c.
912 3611 95 39 and
1045 3609 82 41 aff.
1166 3610 113 47 Apr.
1317 3610 53 47 3;
1410 3610 41 39 A
1487 3609 230 44 1069580;
1758 3612 56 41 D.
1854 3613 261 46 Harwood,
2155 3614 118 39 New

341 3668 146 41 York.
558 3667 252 48 (28-9539)

271 3733 315 62 Hermans,
619 3732 192 54 Mabel
843 3732 187 63 Clare,
1062 3735 83 51 ed.

345 3811 467 67 [Introductions,
855 3817 176 52 notes,
1075 3811 292 68 appendix
1410 3811 113 53 and
1567 3812 239 69 editing]
1853 3813 76 68 by
1971 3814 193 52 Mabel
2208 3813 63 54 C.

269 3889 287 53 Hermans
617 3889 61 51 [in
715 3889 94 52 the
847 3889 147 53 book
1032 3890 257 66 entitled]
1337 3888 216 55 Stories
1594 3889 151 53 from

269 3891 1977 146 the Old Testament … Boston, New York [etc.] Allyn and Bacon [ ᶜ19 28]
