2498 4384
1231 4092 136 54 1706

713 531 175 40 CONTENTS.—Benito
931 531 497 47 Cereno.—Bartleby
1470 531 82 41 the
1595 531 424 42 scrivener.—The
300 533 1985 102 Encantadas;

447 598 67 37 or,
546 588 286 39 Enchanted
862 587 324 48 isles.—Billy
1218 587 156 48 Budd,
1406 587 323 49 foretopman.

301 654 51 52 ©
382 659 104 40 Oct.
512 659 71 47 27,
612 658 142 48 1928;
783 660 69 40 2c.
880 660 97 39 and
1004 658 83 42 aff.
1118 659 103 40 Oct.
1251 658 84 48 30;
1366 659 43 39 A
1435 659 142 47 1354;
1610 660 191 40 Horace
1831 660 267 48 Liveright,
2128 661 91 41 inc.

371 711 70 54 [©
470 715 348 50 introduction]
889 715 282 50 (28-25350)

292 811 323 64 Michigan.
689 813 280 68 Supreme
1005 819 175 47 court.

369 888 1937 71 Michigan reports. Cases decided … from December 1, 1927,
296 972 58 47 to
400 967 299 69 February
746 971 82 64 14,
875 971 150 49 1928.
1108 968 258 52 Richard
1410 968 90 54 W.
1550 967 239 69 Cooper,
1836 973 146 48 state
2028 975 273 62 reporter.

339 1088 10 9 v.
375 1048 120 50 241.
560 1050 84 48 1st
670 1046 84 52 ed.
819 1045 272 69 Chicago,
1119 1044 326 70 Callaghan
1469 1048 47 49 &
1541 1064 300 53 company,
1870 1049 150 51 1928.

366 1127 518 50 xxxii, 790 p. 23 ᶜᵐ .
301 1193 51 52 ©
385 1197 104 42 Oct.
519 1197 71 48 25,
622 1197 141 46 1928;
795 1197 68 40 2c.
895 1198 96 38 and
1023 1196 82 41 aff.
1139 1196 103 41 Oct.
1274 1196 82 48 29;
1391 1197 42 38 A
1462 1196 113 48 280;
1611 1197 129 40 John
1774 1197 45 41 S.
1852 1198 268 48 Haggerty,
369 1209 1917 93 secretary

508 1254 51 40 of
588 1256 128 39 state
743 1254 80 39 for
852 1254 82 39 the
963 1255 128 39 state
1121 1253 51 40 of
1202 1253 262 49 Michigan,
1495 1253 229 49 Lansing,
1754 1254 144 42 Mich.

298 1348 320 64 Michigan.
693 1346 371 65 University.
1144 1347 258 55 William
1468 1349 64 54 L.
1604 1349 288 55 Clements
1957 1350 221 70 library
2246 1351 65 71 of

364 1428 312 53 American
707 1427 237 70 history.

365 1503 1946 71 Benjamin West’s “The death of Wolfe” … Ann Arbor, The
299 1584 257 55 William
581 1584 64 52 L.
674 1582 288 55 Clements
987 1583 237 69 library,
1254 1586 150 51 1928.

365 1666 1275 50 [10] p. front., pl. 24ᶜᵐ. (Its Bulletin no. 17)
365 1739 23 17 “
409 1739 116 39 ‘The
552 1738 145 40 death
725 1737 55 40 of
802 1737 190 46 Wolfe’,
1017 1738 62 46 by
1105 1737 264 47 Benjamin
1395 1737 149 48 West,
1571 1737 158 41 which
1755 1739 89 40 has
1873 1739 118 40 been
2018 1738 52 41 in

2095 1740 82 40 the
296 1750 1993 86 possession
504 1795 51 40 of
577 1796 81 39 the
681 1794 192 49 princes
897 1794 51 40 of
970 1795 234 40 Waldeck
1228 1794 132 41 since
1383 1795 129 47 1776,
1535 1806 101 30 was

1661 1797 258 46 presented
1941 1799 50 37 to
2015 1796 83 40 the
2121 1796 186 50 library

296 1853 60 48 by
381 1854 90 39 Mr.
498 1852 243 41 Clements
768 1852 51 39 in
842 1851 138 48 April
1004 1851 159 41 1928.”

301 1920 51 52 ©
387 1924 128 40 June
548 1924 40 47 1,
621 1922 142 47 1928;
796 1923 68 40 2c.
900 1922 102 42 Oct.
1037 1922 53 47 8;
1126 1922 82 41 aff.
1244 1923 103 40 Oct.
1381 1923 83 47 22;
1499 1922 43 40 A
1573 1922 113 48 176;
1721 1922 219 42 William
1973 1925 52 39 L.
2063 1923 244 42 Clements

367 1980 201 48 library.
638 1980 281 49 (28-25187)

293 2074 306 65 Michigan
631 2073 216 65 digest.

371 2152 395 56 Semi-annual
797 2152 299 69 Michigan
1129 2152 205 68 digest,
1366 2152 269 69 covering
1667 2152 278 54 decisions
1976 2153 65 53 of
2072 2154 99 53 the

299 2152 1985 148 Supreme
531 2237 162 46 court
732 2230 64 53 of
833 2230 299 69 Michigan
1173 2230 268 67 reported
1482 2230 59 52 in
1580 2233 102 49 216
1722 2231 68 52 N.
1833 2231 89 54 W.
1962 2235 104 49 481
2107 2238 58 46 to
2206 2235 101 50 219

299 2310 70 53 N.
396 2310 92 54 W.
518 2313 100 50 816
646 2309 113 52 and
787 2310 138 51 vols.
955 2308 135 52 241*
1120 2314 59 46 to
1207 2307 157 68 243*,
1390 2308 300 69 Michigan
1719 2313 224 64 reports
1984 2308 123 70 (*in
2138 2309 160 70 part)

299 2389 265 68 January
595 2393 28 48 1
652 2394 59 46 to
742 2387 152 54 June
923 2390 85 64 29,
1039 2389 150 51 1928.
1261 2385 485 71 Supplementing
1773 2387 303 70 Michigan
2105 2388 204 70 digest,

299 2465 2010 70 volumes 1-9 and 1926-1927 cumulative digest … Comp. under
297 2542 1986 151 the American digest classification … St. Paul, West publishing co., 1928.
368 2707 70 48 iii,
468 2706 57 41 98
553 2716 44 39 p.
656 2705 149 40 24½ᶜᵐ.

303 2772 51 52 ©
387 2775 130 49 Sept.
544 2776 71 47 24,
644 2774 142 47 1928;
817 2774 67 41 2c.
915 2775 97 39 and
1040 2773 83 41 aff.
1154 2774 104 40 Oct.
1288 2773 84 48 12;
1403 2772 44 40 A
1474 2772 232 49 1054940;
1737 2774 140 40 West
1903 2774 110 48 pub.
2044 2784 69 31 co.

295 2885 294 64 Milanesi,
626 2883 208 65 Guido,
871 2883 172 55 1872-

295 2960 1992 151 … Fille de roi, roman, traduit de l ’italien par Joseph Delage; préface
295 3038 1993 150 de Claude Farrere. Paris, Neuch â tel, V. Attinger, 1928.
367 3199 848 52 3 p. l., [ix]-x, 243 p., 1 l. 19ᶜᵐ.
301 3277 2007 53 © Feb. 23, 1928; 1c. June 30; A—Foreign 39498; Editions Victor
371 3337 241 48 Attinger.
680 3333 282 52 (28-25992)

298 3429 292 65 Miskella,
624 3429 257 54 William
916 3429 222 54 James.

368 3508 289 54 Practical
702 3507 326 69 japanning
1074 3507 113 52 and
1237 3507 323 68 enameling
1617 3507 210 68 (baked
1873 3505 305 70 finishing)
2235 3506 76 68 by

299 3584 1776 57 William J. Miskella … a handbook on modern metal
298 3582 1988 151 finishing,
470 3663 301 69 including
823 3662 380 53 information
1259 3680 74 34 on
1385 3667 351 63 gas-meters,
1791 3662 133 52 heat
1977 3662 334 66 insulation,

299 3742 249 68 rubbing
601 3741 308 66 machines,
963 3740 418 68 sandblasting,
1434 3739 449 67 thermometers,
1937 3738 215 69 special

299 3737 1989 149 finishes,
493 3820 173 51 metal
697 3818 280 68 cleaning,
1006 3817 351 53 mechanical
1390 3817 346 67 decoration,
1766 3817 112 53 silk
1908 3816 248 67 stencils,
2187 3833 124 37 new

299 3893 1949 72 application methods, lithographing and water japanning …
301 3974 272 71 Chicago,
610 3973 311 70 Finishing
955 3973 257 53 research
1252 3971 392 70 laboratories,
1679 3972 127 68 inc.,
1844 3974 152 51 1928.
