2498 4384
1070 4078 135 50 1359

226 479 260 40 Published
515 479 104 39 also
646 489 54 29 as
728 478 154 39 thesis
917 478 107 47 (PH.
1085 477 32 47 D.)
1157 477 252 41 Columbia
1440 477 285 49 university,
1755 478 127 41 1928.

224 535 349 47 Bibliography:
637 545 42 37 p.
713 534 219 41 435-447.

157 588 51 52 ©
238 593 125 38 June
392 591 56 40 29,
492 590 115 41 1928;
664 591 68 40 2c.
766 592 128 46 Sept.
925 591 81 46 18;
1039 590 81 40 aff.
1155 590 128 48 Sept.
1315 590 81 43 19;
1429 591 42 39 A
1501 591 229 43 1054554;
1765 591 54 40 A.
1850 590 305 48 Hasbrouck,

223 649 117 39 New
372 648 144 40 York.
587 647 281 47 (28-21429)

148 728 302 63 Hepburn,
487 727 194 53 Earle.

217 806 56 52 A
303 805 233 53 manual
570 805 93 52 for
695 804 251 54 notaries
979 805 211 68 public,
1224 823 431 51 conveyancers,
1690 805 469 68 commissioners,

148 886 118 65 etc.,
307 883 142 52 with
494 882 181 54 forms
719 882 64 53 of
826 883 575 68 acknowledgments,
1445 882 299 69 affidavits,
1788 883 371 68 depositions,

147 962 179 67 oaths,
360 960 219 69 proofs,
613 966 263 63 protests,
908 960 323 69 negotiable
1267 960 391 68 instruments,
1691 966 119 63 etc.,
1844 960 93 54 for
146 962 1987 146 Pennsylvania,

479 1038 1678 69 and instructions, by Earle Hepburn … 5th ed.
146 1116 427 69 Philadelphia,
606 1116 265 53 Notaries
905 1115 194 69 public
1130 1116 212 53 service
1373 1117 232 67 bureau,
1639 1120 150 50 1928.

238 1200 412 49 1 p. l., 94 p. 22½ᶜᵐ.
216 1258 68 39 “A
315 1258 86 39 list
434 1257 52 40 of
516 1256 217 41 notaries
766 1255 175 48 public,
974 1255 121 40 with
1127 1256 130 40 their
1289 1256 287 40 addresses”:
1640 1268 43 36 p.
1713 1256 160 42 92-94.

153 1310 53 52 ©
237 1313 116 47 July
381 1313 70 47 10,
483 1313 140 46 1928;
656 1313 67 39 2c.
755 1313 116 46 July
901 1312 82 43 14;
1017 1312 82 40 aff.
1133 1312 116 48 July
1280 1312 82 46 24;
1396 1313 42 38 A
1468 1312 230 42 1083337;
1732 1312 229 41 Notaries
1993 1313 162 48 public

219 1370 182 39 service
434 1370 197 39 bureau.
704 1368 281 49 (28-21561)

143 1450 183 62 Hood,
356 1450 178 62 Mary
562 1449 66 52 L.

213 1527 120 52 The
371 1526 218 69 pranks
625 1525 65 53 of
725 1532 113 47 two
875 1525 145 68 jolly
1057 1526 244 67 goblins,
1336 1526 76 69 by
1447 1526 172 69 Mary
1655 1527 63 51 L.
1755 1528 201 51 Hood:
143 1527 1989 131 illustrated

356 1605 77 69 by
456 1605 190 53 Isabel
671 1604 198 53 Moore
896 1604 112 52 and
1035 1604 160 52 Rena
1220 1604 72 52 A.
1320 1604 202 69 Daley.
1588 1603 269 71 Chicago,
1883 1606 71 52 A.
144 1606 1988 146 Flanagan
323 1700 299 51 company,
658 1684 152 51 1928.

208 1764 1399 51 4 p. l. , 7-127, [1] p. incl. front., illus., plates. 18½ ᶜᵐ.
149 1818 51 53 ©
226 1823 119 48 Aug.
372 1822 70 45 30,
471 1821 114 42 1928;
640 1822 69 40 2c.
739 1821 128 48 Sept.
894 1822 27 39 4;
978 1821 83 42 aff.
1092 1820 129 49 Sept.
1249 1821 24 39 1;
1332 1821 41 39 A
1401 1821 205 40 1054068;
1662 1822 56 40 A.
1747 1822 255 48 Flanagan
2030 1835 69 30 co.

227 1879 282 49 (28-21405)

143 1962 248 61 Hotson,
426 1958 155 54 John
617 1958 211 54 Leslie.

210 2038 120 52 The
360 2036 471 53 commonwealth
863 2037 114 52 and
1008 2035 344 54 restoration
1384 2042 177 63 stage,
1590 2037 76 68 by
1693 2037 187 53 Leslie
1908 2038 244 53 Hotson.

143 2115 364 69 Cambridge,
537 2114 278 53 Harvard
844 2114 320 68 university
1195 2132 176 50 press,
1404 2117 151 50 1928.

209 2197 1708 50 ix p., 3 l., [3]-424 p. front. (port.) plates, plan, facsim. 24½ ᶜᵐ.
211 2255 205 41 “Notes”
448 2257 53 38 at
529 2256 93 39 end
652 2254 51 41 of
733 2254 119 40 each
882 2254 217 48 chapter.

147 2308 51 53 ©
231 2313 128 48 Sept.
389 2312 39 47 1,
459 2311 142 48 1928;
632 2311 67 40 2c.
734 2310 129 48 Sept.
892 2310 54 46 4;
979 2309 81 42 aff.
1096 2310 128 47 Sept.
1256 2310 82 46 10;
1371 2311 42 38 A
1443 2310 230 47 1054186;
1708 2311 258 40 President
1997 2312 36 40 &
213 2312 1919 98 fellows

367 2368 54 42 of
455 2368 232 42 Harvard
725 2369 193 47 college,
958 2367 303 49 Cambridge,
1302 2368 146 40 Mass.
1526 2367 281 50 (28-21403)

142 2448 309 64 Hughson,
485 2447 235 64 Shirley
751 2448 231 53 Carter.

214 2529 120 51 The
373 2545 170 51 green
584 2527 133 52 wall
756 2525 63 54 of
855 2532 281 63 mystery;
1179 2531 237 47 venture
1455 2526 113 53 and
1606 2527 313 53 adventure
1959 2528 60 53 in
2058 2529 94 52 the

149 2607 327 52 hinterland
515 2605 65 53 of
616 2606 162 53 West
815 2604 227 68 Africa,
1078 2604 77 70 by
1196 2602 232 71 Shirley
1468 2604 62 55 C.
1569 2605 305 70 Hughson,
1951 2651 9 9 O.
2052 2650 10 10 H.
2140 2650 11 11 C.

141 2685 161 54 West
327 2684 176 69 Park,
528 2684 69 53 N.
628 2684 89 68 Y.,
743 2683 160 69 Holy
930 2701 152 35 cross
1108 2700 176 51 press,
1313 2685 150 51 1928.

208 2766 914 50 6 p. l. , 222 p. front., plates. 19 ᶜᵐ.
209 2825 113 48 Map
355 2835 62 29 on
448 2823 341 49 lining-paper.

144 2877 51 52 ©
220 2882 118 47 Aug.
365 2881 68 47 10,
459 2880 141 42 1928;
627 2880 68 40 2c.
724 2879 128 48 Sept.
876 2880 28 38 4;
959 2878 83 41 aff.
1067 2878 121 48 Aug.
1213 2878 85 47 30;
1325 2879 41 39 A
1392 2879 201 40 1053131;
1653 2879 154 40 Order
1834 2879 53 41 of
1912 2880 81 40 the
2021 2881 97 41 Holy

210 2949 144 37 cross,
388 2938 137 39 West
558 2937 144 47 Park,
736 2937 56 39 N.
826 2937 54 39 Y.
951 2935 282 48 (28-21281)

141 3016 239 53 Illinois.
455 3017 278 67 Supreme
772 3022 174 47 court.

143 3093 2006 146 Reports of cases at law and in chancery argued and determined … V. 330, containing cases in which opinions were filed
143 3250 60 52 in
239 3250 175 68 April
451 3251 112 52 and
602 3251 169 65 June,
812 3253 152 62 1928,
1003 3250 112 51 and
1154 3268 152 34 cases
1344 3249 250 52 wherein
1633 3249 332 70 rehearings
2003 3269 145 34 were

144 3329 200 51 denied
387 3334 57 46 at
488 3329 94 51 the
623 3329 152 53 June
816 3334 163 60 term,
1024 3330 150 50 1928.
1255 3326 231 54 Samuel
1528 3327 249 69 Pashley
1820 3328 200 68 Irwin,
143 3348 1980 125 reporter

366 3405 66 53 of
463 3406 295 52 decisions.
827 3405 430 69 Bloomington,
1290 3405 114 67 Ill.,
1440 3408 150 50 1928.

210 3488 63 47 ix,
311 3489 203 49 [11]-701
548 3500 43 36 p.
650 3488 61 40 22,½ᶜᵐ.

146 3540 51 52 ©
225 3545 101 41 Oct.
351 3545 39 47 3,
419 3544 114 40 1928;
587 3545 68 40 2c.
683 3546 95 38 and
806 3544 82 41 aff.
917 3543 103 42 Oct.
1046 3543 25 40 6;
1127 3544 41 39 A
1195 3544 204 40 1054803;
1459 3544 194 41 Samuel
1683 3545 50 40 P.
1762 3545 165 41 Irwin.
212 3546 1916 104 Bloomington,
423 3603 76 40 Ill.

141 3678 264 65 Kendall,
440 3681 234 53 Arthur
706 3682 187 61 Isaac,
929 3681 172 54 1877-

212 3759 419 69 Bacteriology,
675 3762 247 69 general,
968 3760 392 69 pathological
1404 3762 114 52 and
1560 3760 315 70 intestinal,
1917 3762 76 68 by
142 3761 1982 127 Arthur

297 3837 1849 71 Isaac Kendall … 3d ed., thoroughly rev., illustrated with
145 3916 97 49 103
283 3915 345 71 engravings
669 3917 110 52 and
824 3921 29 49 8
895 3918 198 68 plates.
1170 3917 431 70 Philadelphia,
1639 3918 116 53 Lea
1797 3920 45 50 &
1883 3918 263 69 Febiger,

143 3995 149 52 1928.
