2498 4384
0 0 0 0 2092
290 422 210 64 Carey,
539 420 195 54 Lewis
768 419 54 56 J.

358 499 333 55 Franklin’s
739 498 284 55 economic
1072 499 191 67 views,
1308 498 78 68 by
1432 496 187 54 Lewis
1667 495 55 54 J.
1775 494 201 70 Carey.
2072 494 234 56 Garden

289 580 153 69 City,
474 579 71 53 Ν’.
580 579 91 69 Y.,
704 578 360 67 Doubleday,
1098 578 202 51 Doran
1332 578 46 50 &
1412 591 299 52 company,
1745 572 127 70 inc.,
1908 575 152 51 1928.

359 655 1938 54 vi p., 2 l., 243 p. 22½ ᶜᵐ. (Lettered on cover: Franklin monographs)
360 732 165 39 “First
553 729 230 42 edition.”

360 788 353 49 Bibliography
740 788 52 40 at
818 787 92 40 end
938 786 53 41 of
1017 786 119 41 each
1163 786 217 48 chapter.

293 856 2010 54 © Nov. 30, 1928; 2c. and aff. Dec. 31; A 2523; Doubleday, Doran & co.,
359 918 95 41 inc.
521 916 223 51 (29-583)

289 1023 250 67 Carlyle,
574 1025 279 64 Thomas,
893 1026 324 54 1795-1881.

420 1100 1888 72 … Essay on Burns, by Thomas Carlyle, with selected poems
293 1181 74 70 by
414 1182 219 53 Robert
679 1182 209 53 Burns.
964 1181 141 53 New
1154 1180 106 68 ed.,
1308 1180 142 53 with
1499 1184 179 64 notes,
1726 1179 414 68 introduction,
2192 1178 114 54 full

287 1258 1996 147 study and teaching equipment by Thomas L. Doyle … Boston, New York [etc.]
970 1336 1078 70 Houghton Mifflin company [ ᶜ19 28]
355 1419 1951 51 xxi, 136 p., 1 l., [137]-164 p. front. (port.) 18 ᶜᵐ. (The Riverside
286 1478 260 41 literature
583 1478 167 41 series.
814 1476 143 51 [105])

290 1545 2001 111 © Dec. 7, 1928; 2c. Dec. 14; aff. Jan. 4, 1929; A 2255; Houghton Mifflin co. [© notes, introduction, full study and teaching equipment]
368 1663 284 49 (28-30830)

290 1772 212 65 Chase,
538 1772 247 55 Charles
818 1773 73 56 H.

356 1850 419 54 Behaviorism.
844 1851 57 52 A
932 1870 185 49 poem,
1148 1851 175 70 being
1354 1851 98 53 the
1486 1851 236 69 actions,
1756 1851 283 54 reactions
2075 1852 114 54 and
285 1870 1998 127 responses

544 1928 65 54 of
634 1948 105 35 one
766 1929 239 55 Charles
1030 1930 79 52 H.
1140 1929 203 70 Chase,
1369 1949 74 34 on
1470 1929 244 70 reading
1739 1930 99 53 the
1863 1931 273 53 so-called
285 1931 1998 147 Psychology

573 2007 65 54 of
679 2008 403 54 behaviorism.
1163 2008 145 54 East
1351 2009 277 70 Lansing,
1671 2009 197 66 Mich.,
1912 2010 123 53 The
2081 2009 227 69 author,

284 2090 151 51 1928.

354 2170 427 50 16, [3] p. 23 ᶜᵐ .
289 2236 1998 111 © July 31, 1928; 2c. Aug. 7; aff. Aug. 6; A 1083527; C. H. Chase, Lansing, Mich.
288 2406 303 66 Chekhoy,
623 2408 203 54 Anton
860 2409 339 64 Pavlovich,
1235 2414 329 51 1860-1904.

363 2484 177 57 Short
572 2487 220 68 stories,
824 2488 77 68 by
930 2488 200 54 Anton
1162 2489 347 53 Pavlovitch
1545 2488 295 69 Chekhov,
1873 2489 322 55 translated
2228 2491 77 68 by

289 2562 1991 150 Constance Garnett, with an introduction by Evelyn May Albright … New
814 2644 182 68 York,
1024 2645 123 53 The
1174 2645 340 55 Macmillan
1543 2665 302 53 company,
1876 2650 152 52 1928.

361 2724 1935 56 xxvi p., 2 l., 309 p. incl. front. 18½ ᶜᵐ. (The modern readers' series)
288 2791 52 53 ©
372 2795 130 50 Sept.
530 2797 69 49 18,
630 2797 116 42 1928;
803 2799 69 40 2c.
902 2799 96 39 and
1028 2798 83 42 aff.
1144 2799 130 49 Sept.
1304 2800 55 40 19;
1419 2800 40 40 A
1488 2800 204 42 1053412;
1753 2802 286 42 Macmillan
2070 2814 68 31 co.

366 2852 283 50 (28-21827)

286 2947 260 65 Cheney,
580 2949 259 54 William
875 2950 194 63 Fitch,
1108 2956 172 51 1866-

421 3027 1881 70 … The diagnosis and treatment of diseases of the stomach
286 3104 2011 78 and intestines, by William Fitch Cheney … New York [etc.]
286 3180 233 56 Oxford
550 3182 324 71 university
904 3203 160 49 press
1210 3188 86 65 [ᶜ1928]

357 3263 1945 59 2 p. l., iii-vi, 280 p. 25½ ᶜᵐ. (Oxford monographs on diagnosis and
287 3320 595 50 treatment … vol. II)
357 3389 289 43 Loose-leaf.

356 3446 254 42 Half-title:
671 3448 189 41 Oxford
890 3449 207 42 medical
1128 3451 343 48 publications.

286 3512 2012 69 © Dec. 24, 1928; 2c. and aff. Dec. 27; A 3354; Oxford university press,
352 3574 120 41 New
501 3575 145 49 York,
678 3575 92 41 inc.
841 3577 223 49 (29-371)

286 3666 339 68 Chetwood,
667 3670 263 55 Thomas
971 3672 68 56 B.

358 3745 185 53 Black
582 3748 114 52 and
735 3748 191 67 white,
967 3768 32 34 a
1038 3752 186 68 novel,
1265 3752 77 68 by
1381 3754 251 56 Thomas
1675 3758 67 52 B.
1787 3757 332 71 Chetwood,
2194 3805 10 10 S.
2285 3807 10 9 J.

285 3821 141 54 New
454 3823 181 67 York,
663 3825 55 54 J.
748 3826 64 52 F.
842 3826 273 71 Wagner,
1142 3829 139 66 inc.;
1312 3831 262 71 London,
1603 3836 66 52 B.
1700 3835 230 55 Herder
2074 3841 86 65 [ᶜ1928]

355 3903 479 51 3 p. l., 295 p. 19½ᶜᵐ.
284 3968 52 54 ©
364 3973 120 42 Nov.
511 3974 69 49 10,
607 3976 116 42 1928;
778 3978 69 41 2c.
875 3980 96 40 and
999 3979 82 43 aff.
1109 3981 113 43 Dec.
1251 3983 57 41 28:
1364 3984 43 41 A
1431 3987 116 40 2487;
1605 3988 183 50 Joseph
1817 3990 53 43 F.
1898 3993 225 48 Wagner,
2153 3994 79 41 inc

362 4030 224 50 (29-697)
