2498 4384
1263 4065 138 52 1434

328 426 289 64 Barbour,
648 426 194 64 Ralph
873 427 226 65 Henry,
1134 427 173 54 1870-

403 503 1927 71 Substitute Jimmy, by Ralph Henry Barbour … illustrated
330 582 77 69 by
446 581 238 55 Charles
721 583 236 53 Lassell.
1030 583 140 53 New
1208 582 166 53 York
1411 584 47 51 &
1493 582 261 69 London,
1792 583 122 52 The
1956 581 257 71 Century
2250 601 80 35 co.

334 663 174 64 [1928]

399 742 84 48 vii,
514 742 85 40 321
630 753 44 37 p.
733 742 166 48 front.,
931 744 173 47 plates.
1163 741 56 40 19½ᶜᵐ.
1427 739 130 51 $1.75

332 810 52 52 ©
417 814 128 48 Sept.
572 814 70 47 28,
670 814 114 41 1928;
841 815 68 40 2c.
938 815 97 39 and
1062 813 84 42 aff.
1175 813 104 42 Oct.
1307 814 25 39 1;
1389 813 43 40 A
1459 814 202 41 1054721;
1722 813 215 49 Century
1965 825 68 30 co.

409 870 282 49 (28-22460)

323 979 204 63 Bazin,
562 979 179 64 René,
779 983 173 51 1853-

395 1057 1942 70 Juniper farm, “Il était quatre petits enfants” [by] René
327 1136 203 68 Bazin,
582 1137 318 52 translated
956 1135 154 53 from
1162 1136 98 53 the
1313 1137 224 53 French
1590 1136 77 69 by
1718 1137 276 69 Margery
2046 1137 291 55 Williams

326 1215 235 52 Bianco.
636 1214 140 53 New
812 1214 182 67 York,
1031 1215 123 51 The
1189 1214 338 53 Macmillan
1563 1232 300 51 company,
1902 1217 152 50 1928.

397 1295 1940 50 vii p., 1 l., 180 p. incl. illus., plates, col. front., col. plates. 19½ᶜᵐ.
329 1354 117 48 [The
476 1352 283 41 Macmillan
785 1352 261 41 children’s
1075 1352 216 50 classics]

332 1420 52 53 ©
416 1425 129 48 Sept.
572 1423 70 48 25,
672 1424 113 40 1928;
843 1424 69 41 2c.
942 1424 97 40 and
1066 1424 83 41 aff.
1181 1423 129 49 Sept.
1339 1424 56 40 26;
1454 1424 41 39 A
1523 1422 203 42 1054603;
1787 1423 285 41 Macmillan
2100 1434 69 31 co.

409 1480 283 50 (28-22312)

329 1587 211 64 Beebe,
573 1588 247 55 Charles
851 1588 275 65 William,
1160 1589 172 55 1877-

398 1666 259 53 Beneath
700 1666 187 68 tropic
929 1684 149 46 seas;
1125 1685 32 35 a
1199 1667 199 53 record
1441 1666 65 54 of
1548 1666 204 69 diving
1794 1684 209 51 among
2042 1666 101 54 the
2184 1666 155 53 coral

327 1743 2010 70 reefs of Haiti, by William Beebe … with sixty illustrations.
327 1822 141 54 New
499 1821 180 69 York,
707 1822 259 67 London,
996 1821 69 56 G.
1097 1823 66 52 P.
1193 1822 300 54 Putnam’s
1521 1840 148 50 sons,
1699 1824 153 52 1928.

395 1906 1276 49 xiii, 234 p. col. front., plates, port., map. 23 ᶜᵐ.
403 1976 335 48 Frontispiece
765 1977 94 39 and
889 1987 89 30 one
1004 1976 52 40 of
1084 1977 81 40 the
1192 1977 159 48 plates
1381 1976 343 49 accompanied
1752 1976 62 49 by
1841 1978 156 47 guard
2025 1977 164 40 sheets
2217 1977 120 40 with

326 2033 295 49 descriptive
654 2034 301 47 letterpress.

398 2091 289 40 Illustrated
720 2090 366 49 lining-papers.

398 2148 42 39 A
469 2147 96 40 few
595 2146 288 48 high-lights
913 2147 51 40 of
993 2147 82 40 the
1105 2148 139 39 tenth
1275 2146 281 48 expedition
1585 2146 53 40 of
1666 2147 82 39 the
1777 2146 324 48 Department
2130 2146 53 40 of
328 2148 1993 96 tropical

451 2214 131 30 resea
594 2205 82 39 rch
706 2203 51 40 of
786 2205 82 39 the
895 2204 118 39 New
1039 2204 133 39 York
1200 2202 261 48 zoological
1492 2202 196 48 society,
1718 2202 198 45 making
1944 2213 26 29 a
2001 2203 148 46 study
2176 2202 53 40 of
2255 2203 83 40 the

334 2262 130 38 coral
496 2260 128 41 reefs
652 2262 93 37 and
777 2260 82 40 the
885 2259 146 41 fishes
1060 2260 48 39 in
1137 2259 83 41 the
1248 2259 106 47 Bay
1382 2259 52 40 of
1461 2258 411 48 Port-au-Prince,
1901 2257 157 43 Haiti,
2116 2258 62 49 cf.
2207 2258 131 42 Pref.

334 2326 52 53 ©
417 2330 128 49 Sept.
572 2332 69 45 21,
670 2332 141 41 1928:
840 2332 65 40 2c.
938 2332 128 48 Sept.
1093 2332 83 47 24;
1206 2331 84 41 aff.
1321 2332 128 48 Sept.
1476 2331 83 47 22;
1589 2330 43 40 A
1658 2329 231 49 1054494;
1919 2331 73 40 W.
2021 2330 171 44 Beebe,
2220 2330 119 40 New

401 2389 146 41 York.
618 2388 281 50 (28-22400)

335 2483 143 56 Bell,
512 2483 178 62 Clive,
728 2488 171 49 1881-

401 2560 401 61 Civilization;
834 2580 70 34 an
934 2580 177 49 essay,
1137 2561 77 69 by
1243 2560 162 55 Clive
1433 2561 144 53 Bell.
1653 2560 140 54 New
1819 2559 183 70 York,
2026 2560 314 68 Harcourt,

330 2640 181 52 Brace
542 2641 46 51 &
618 2657 282 51 company
936 2642 173 65 [1928]

398 2723 316 49 ix, 264 p. 19½ ᶜᵐ.
335 2789 52 53 ©
423 2794 129 48 Sept.
582 2794 71 47 13,
683 2793 141 43 1928:
856 2794 68 40 2c.
956 2795 97 39 and
1085 2793 82 43 aff.
1202 2794 130 48 Sept.
1361 2793 84 47 26;
1478 2793 43 40 A
1551 2792 231 48 1054570;
1816 2793 265 49 Harcourt,
2115 2794 155 40 Brace
2302 2793 37 41 &

401 2861 84 37 co.,
517 2850 91 42 inc.
680 2849 281 50 (28-22432)

333 2944 322 59 Bercovici,
686 2945 262 62 Konrad,
982 2949 170 49 1882-

406 3023 122 53 The
563 3029 159 62 story
755 3023 65 53 of
852 3025 95 53 the
981 3023 264 69 Gypsies.
1277 3024 37 53 by
1394 3023 236 54 Konrad
1666 3022 316 66 Bercovici,
2015 3023 326 54 illustrated

333 3101 76 69 by
458 3101 298 55 Charlotte
801 3102 263 54 Lederer.
1139 3102 141 54 New
1325 3101 182 71 York,
1552 3100 434 71 Cosmopolitan
2028 3100 151 56 book
334 3120 1985 128 corporation.
652 3182 149 53 1928.

408 3261 1129 49 5 p. l., 294 p. col front., col. plates. 22½ ᶜᵐ.
337 3329 52 53 ©
426 3334 129 48 Sept.
586 3334 70 42 22,
690 3334 141 45 1928;
866 3334 68 40 2c.
968 3335 96 39 and
1096 3334 83 42 aff.
1215 3335 130 48 Sept.
1377 3335 84 47 24;
1494 3335 43 40 A
1569 3335 231 48 1054544;
1836 3336 204 40 Konrad
2074 3334 265 46 Bercovici,

403 3390 120 40 New
552 3391 146 41 York.
768 3390 282 50 (28-22362)

340 3483 182 68 [Best,
554 3485 137 54 Mrs.
723 3484 207 54 Aliena
968 3485 403 68 (Champlin)]

401 3561 183 54 Black
624 3561 127 54 folk
788 3564 159 56 tales,
986 3565 183 52 retold
1212 3563 155 53 from
1404 3564 96 53 the
1538 3564 230 53 Haussa
1808 3564 64 54 of
1909 3564 294 53 Northern

330 3563 1988 143 Nigeria,
542 3641 161 53 West
738 3641 225 53 Africa.
1037 3642 164 54 With
1238 3642 384 54 illustrations
1657 3643 78 68 by
1769 3643 97 53 the
1904 3642 225 68 author,
2165 3641 179 54 Erick

330 3718 188 68 Berry
578 3719 216 66 [pseud.]
873 3720 140 53 New
1052 3720 165 53 York
1256 3720 113 53 and
1406 3720 261 69 London,
1702 3721 236 68 Harper
1975 3723 51 50 &
2063 3720 281 69 brothers,

332 3799 153 51 1928.

438 3879 481 50 x. 80 p. illus. 22 ᶜᵐ.
336 3945 52 53 ©
420 3949 129 49 Sept.
575 3951 69 47 21,
673 3951 115 43 1928;
843 3951 55 46 2c
942 3951 129 55 Sept,
1099 3952 53 42 21;
1211 3952 84 42 aff.
1326 3952 128 49 Sept.
1482 3952 57 41 24;
1596 3952 41 40 A
1665 3952 203 42 1054483;
1926 3952 196 51 Harper
2151 3952 37 42 &
2214 3952 126 42 bros.

414 4006 281 51 (28-22488)
