2498 4384
1256 4085 102 53 324

304 443 215 62 Burke,
552 442 257 55 William
842 441 263 55 Willard.

373 518 491 56 Administration
898 518 66 53 of
998 519 227 68 private
1257 518 175 54 social
1466 518 213 54 service
1713 517 287 71 agencies:
2033 537 34 34 a
2100 519 214 69 topical

307 592 2008 78 bibliography with supplement, by W. W. Burke … Chicago,
306 676 114 67 Ill.,
456 674 121 54 The
611 672 341 70 University
988 673 65 53 of
1092 672 255 70 Chicago
1383 692 158 49 press
1583 674 174 66 [1927]

375 757 379 51 viii, 41 p. 23 ᶜᵐ.
377 828 268 48 Reprinted
679 827 129 41 from
845 827 82 40 the
961 825 162 42 Social
1157 825 187 43 service
1376 827 178 41 review
1587 828 51 39 of
1671 827 172 41 March
1875 829 96 39 and
2007 828 142 43 June.
2184 828 129 44 1927.

307 885 120 40 with
456 884 223 41 addition
710 883 52 41 of
791 883 322 48 supplement.

311 951 51 52 ©
388 956 120 38 Nov.
535 954 39 48 1,
602 954 141 48 1927;
769 953 69 40 2c.
865 953 96 39 and
988 952 82 40 aff.
1097 953 124 39 Mar.
1249 952 40 48 7,
1315 952 142 47 1928;
1486 952 41 39 A
1554 952 230 49 1068156;
1816 954 285 48 University
2129 956 51 39 of
378 952 1920 111 Chicago,
543 1010 225 49 Chicago.
842 1008 251 50 (28-7403)

311 1103 346 55 California.
732 1104 185 67 Laws,
950 1108 258 63 statutes,
1241 1109 102 48 etc.

378 1182 271 53 Biennial
676 1182 361 68 supplement
1066 1187 57 47 to
1151 1182 96 52 the
1277 1181 183 54 Codes
1488 1181 64 54 of
1578 1181 97 54 the
1703 1186 145 50 state
1877 1182 65 53 of
1971 1182 346 70 California,

310 1260 262 68 showing
594 1260 77 52 all
695 1259 98 54 the
813 1260 245 68 changes
1082 1258 275 70 affecting
1377 1260 96 52 the
1497 1260 164 53 codes
1684 1260 202 70 passed
1910 1261 76 69 by
2009 1262 97 52 the
307 1258 2006 137 forty-seventh

582 1335 1734 75 session of the legislature (1927) … Connects with
307 1417 114 53 and
461 1416 294 54 continues
794 1416 280 69 Hillyer’s
1114 1415 410 57 Consolidated
1564 1417 382 69 supplement,
1989 1422 327 50 1921-1925.

309 1494 302 69 Compiled
652 1493 111 55 and
805 1495 308 52 annotated
1154 1494 73 69 by
1269 1493 197 56 Curtis
1506 1495 248 68 Hillyer.
1833 1494 116 56 San
1989 1496 324 68 Francisco,

307 1573 410 53 Bender-Moss
751 1591 299 50 company,
1086 1576 150 49 1928.

444 1655 343 49 xv, 1235 p. 26 ᶜᵐ.
310 1722 51 52 ©
389 1726 116 48 Apr.
534 1727 40 47 3,
605 1725 115 42 1928;
777 1727 67 40 2c.
875 1726 95 40 and
1000 1726 83 41 aff.
1112 1725 114 49 Apr.
1258 1727 26 39 9;
1344 1726 40 40 A
1414 1727 203 41 1068809;
1677 1729 345 40 Bender-Moss
2052 1741 68 29 co.

309 1876 382 64 Callaghan’s
742 1876 322 55 Wisconsin
1118 1876 206 71 digest,
1375 1878 270 69 covering
1700 1877 97 56 187
1847 1880 469 55 Wisconsin-192

375 1955 322 53 Wisconsin
728 1955 114 54 and
869 1958 102 50 205
998 1955 434 54 Northwestern
1462 1960 244 49 625-214
1733 1957 433 54 Northwestern
2198 1961 117 53 832.

378 2036 134 50 1928
549 2033 379 69 supplement,
964 2033 340 70 continuing
1344 2034 369 69 Callaghan’s
1748 2034 326 56 Wisconsin
2113 2038 202 69 digest.

378 2111 213 53 Edited
631 2111 76 69 by
747 2110 351 55 Publishers’
1138 2111 268 54 editorial
1447 2112 150 53 staff.
1678 2112 273 71 Chicago,
1993 2114 322 72 Callaghan

375 2190 115 51 and
524 2205 300 53 company,
861 2192 150 51 1928.

374 2270 478 50 2 p. l., 278 p. 26 ᶜᵐ.
309 2337 51 52 ©
390 2342 123 40 Mar.
539 2342 71 47 31,
638 2341 84 40 1928;
807 2343 67 39 2c.
902 2343 96 39 and
1026 2342 82 40 aff.
1136 2342 116 51 Apr.
1279 2344 53 42 4;
1362 2343 40 39 A
1431 2344 229 46 1068732;
1693 2344 271 52 Callaghan
1992 2347 36 39 &
2056 2358 68 29 co.

305 2451 288 63 Callihan,
622 2451 268 54 Tressler
917 2453 87 53 W.

374 2544 57 51 A
466 2544 154 52 brief
654 2562 198 36 course
887 2545 59 52 in
983 2545 96 53 the
1115 2545 208 70 selling
1359 2545 64 54 of
1457 2546 107 54 life
1597 2547 318 70 insurance,
1949 2550 76 68 by
2060 2551 254 55 Tressler

309 2622 1768 74 W. Callihan … New York, Prentice-Hall, inc., 1927.
369 2706 27 38 2
418 2717 42 29 v.
519 2705 170 41 forms.
751 2706 54 40 19ᶜᵐ.

308 2773 52 52 ©
390 2777 112 41 Feb.
528 2777 69 42 20,
628 2778 85 39 1928;
799 2778 68 40 2c.
896 2780 95 38 and
1020 2778 83 40 aff.
1133 2779 123 42 Mar.
1283 2779 83 47 12;
1397 2780 41 38 A
1466 2780 173 40 1068292;
1728 2781 379 43 Prentice-Hall.
2138 2784 90 42 inc.

388 2834 254 49 (28-7676)

301 2927 319 64 Campbell,
651 2928 187 65 Lang.

371 3004 124 53 The
536 3005 181 68 dinky
758 3006 323 69 ducklings,
1120 3007 76 69 by
1236 3007 167 71 Lang
1444 3008 315 70 Campbell.
1836 3011 198 68 Joliet,
2077 3014 236 68 Boston,

325 3082 1270 73 [etc.] The P. F. Volland company [ ᶜ1 928]
300 3165 1993 110 40 p. illus. (part col.) 19 ᶜᵐ. (On cover: Volland “Sunny book” series)
373 3292 182 40 “Third
583 3291 229 44 edition.”

372 3349 291 40 Illustrated
693 3348 367 51 lining-papers.

307 3401 51 52 ©
389 3406 123 39 Mar.
543 3405 39 46 1,
612 3404 142 48 1928;
784 3406 68 41 2c.
883 3407 96 39 and
1008 3407 83 41 aff.
1122 3408 124 41 Mar.
1276 3409 83 47 12;
1390 3409 42 39 A
1461 3410 230 47 1068260;
1725 3413 51 41 P.
1808 3413 51 41 F.
1891 3414 209 40 Volland
2130 3426 69 30 co.

383 3461 255 49 (28-7549)

300 3555 220 63 Cavan,
555 3555 163 52 Ruth
753 3556 235 54 Shonle.

375 3632 248 68 Suicide,
657 3633 75 69 by
767 3635 156 52 Ruth
965 3635 212 55 Shonle
1215 3636 215 70 Cavan,
1557 3683 8 9 PH.
1641 3682 10 9 D.
1730 3640 270 72 Chicago,
2037 3645 114 61 Ill.,
2188 3646 119 52 The

300 3710 1112 73 University of Chicago press [ ᶜ1 928]
370 3792 1936 61 xxvii, 359 p. incl. illus. (maps) tables, diagrs. 20 ᶜᵐ. (Half-title: The
302 3849 283 49 University
613 3850 51 40 of
692 3850 210 49 Chicago
932 3853 309 49 sociological
1271 3856 152 41 series
1516 3857 14 48 …)

370 3906 379 51 Bibliography:
781 3920 43 37 p.
854 3909 219 42 338-350.

304 3959 53 54 ©
387 3964 113 42 Jan.
527 3965 42 48 3,
598 3965 118 41 1928;
773 3968 67 40 2c.
870 3969 95 40 and
996 3967 82 44 aff.
1109 3970 126 43 Mar.
1261 3972 55 46 7;
1347 3971 43 42 A
1417 3972 233 50 1068160;
1684 3973 284 54 University
1998 3977 53 43 of
2081 3977 225 54 Chicago,

375 4021 225 51 Chicago.
671 4023 252 54 (28-7420)
