2498 4384
1063 4079 133 54 1075

87 449 226 62 Hanke,
345 449 184 52 Oscar
561 446 257 62 August,
854 445 170 50 1902-
1206 457 179 51 comp.

161 541 174 52 From
375 537 164 54 chick
576 543 58 46 to
672 536 176 68 layer,
890 533 140 54 with
1071 533 277 67 complete
1389 528 235 72 feeding
1663 528 308 54 directions
2010 527 79 69 by

89 605 1935 80 noted poultry authorities, compiled by O. A. Hanke …
89 688 1354 73 Mount Morris, Ill., Poultry tribune [ ᶜ1 928]
160 766 1835 59 32 p. illus. 29½ ᶜᵐ. (Poultry tribune series, ed. by O. A. Hanke)
97 846 51 52 ©
177 850 117 47 July
321 848 39 47 1,
390 847 141 46 1928;
562 845 68 42 2c.
658 846 95 39 and
782 843 82 42 aff.
894 842 115 50 July
1038 842 54 47 9;
1122 842 42 39 A
1191 841 231 47 1082501;
1454 841 204 48 Poultry
1687 839 196 42 tribune
1909 850 69 30 eo.

175 904 281 50 (28-17880)

94 1013 283 63 Harding,
413 1011 233 52 Arthur
679 1007 381 65 McCracken,
1099 1010 171 50 1884-

162 1096 1935 77 Plane trigonometry, by Arthur M. Harding … and George
100 1175 1929 72 W. Mullins … New York, The Macmillan company, 1928.
164 1258 1931 55 vii, 118 p. diagrs. 20½ ᶜᵐ. [A series of mathematical texts, ed. by
93 1325 52 39 E.
168 1324 55 40 R.
245 1322 231 49 Hedrick]

102 1385 1826 58 © July 17, 1928; 2c. and aff. July 18; A 1082567; Macmillan co.
180 1448 281 52 (28-17889)

95 1559 154 61 Hull,
284 1559 138 54 Mrs.
457 1556 183 54 Edith
673 1557 234 52 Maude.

164 1629 1936 74 The lion-tamer, by E. M. Hull … New York, Dodd, Mead
93 1717 45 50 &
164 1731 299 52 company,
493 1714 151 51 1928.

162 1794 479 52 3 p. l., 337 p. 19½ ᶜᵐ.
107 1859 1996 57 © July 20, 1928; 2c. July 24; aff. July 25; A 1082699; Dodd, Mead &
175 1936 81 37 co.,
286 1924 91 40 inc.
449 1921 281 50 (28-17814)

97 2017 274 64 Hultzen,
405 2016 182 56 Claud
618 2015 74 54 H.

177 2108 216 57 Stories
425 2108 65 53 of
522 2109 95 52 old
650 2107 284 69 Niagara;
970 2105 173 70 being
1177 2124 31 34 a
1242 2104 223 69 reprint
1500 2103 64 54 of
1598 2122 32 35 a
1664 2103 171 54 series
1868 2102 66 55 of
104 2103 1976 138 articles
245 2187 256 68 recently
530 2184 305 70 published
869 2184 61 54 in
964 2202 365 50 newspapers
1362 2182 114 54 and
1509 2182 274 71 designed
1816 2188 59 48 to
105 2182 1976 137 familiarize

303 2265 95 54 the
423 2263 211 69 public,
659 2261 382 71 particularly
1066 2261 193 54 school
1286 2260 277 69 children,
1589 2261 143 53 with
1757 2261 97 54 the
106 2279 1974 119 romantic
225 2343 287 70 struggles

554 2341 64 54 of
660 2341 160 54 those
863 2341 158 70 early
1064 2340 262 69 pioneers
1371 2338 187 56 whose
1601 2339 265 72 untiring
1909 2339 198 55 efforts

106 2422 119 53 laid
253 2421 97 54 the
379 2419 346 54 foundation
756 2419 94 53 for
879 2419 96 54 the
1004 2419 258 69 Niagara
1292 2418 248 54 frontier
1570 2420 113 52 and
1713 2419 96 53 the
1839 2418 269 55 America

108 2495 2000 74 which we know today. By Claud H. Hultzen, sr. … published
109 2573 2000 76 by Old Fort Niagara association, inc. … [Niagara Falls,
107 2655 72 55 N.
206 2655 91 68 Y.,
322 2655 205 54 Power
553 2654 117 70 city
696 2672 177 51 press]
907 2656 151 52 1928.

179 2735 723 50 31 p. incl. front., illus. 23 ᶜᵐ.
117 2804 51 52 ©
197 2809 117 47 July
340 2809 39 47 1,
407 2807 142 46 1928;
578 2808 69 41 2c.
675 2808 117 47 July
820 2807 82 47 14;
933 2806 82 44 aff.
1044 2808 117 48 July
1187 2807 55 47 9;
1273 2808 41 39 A
1342 2806 230 50 1082516;
1605 2807 50 42 C.
1684 2809 61 40 H.
1774 2809 228 47 Hultzen,
2032 2819 79 39 sr.,

182 2864 217 50 Niagara
431 2865 148 48 Falls,
610 2865 57 40 N.
697 2865 53 40 Y.
821 2863 281 51 (28-17736)

113 2961 121 52 The
261 2958 332 55 Humorist.
668 2979 50 33 v.
752 2963 80 64 13,
860 2977 87 36 no.
978 2961 117 66 315,
1123 2959 152 69 Aug.
1308 2962 81 66 18,
1421 2961 149 52 1928.

120 3050 1994 60 © 1c. Aug. 24, 1928; A ad int. 11547; pubd. Aug. 11; George Newnes,
186 3115 102 47 ltd.,
317 3112 213 43 London.

112 3208 197 63 Joyce,
340 3207 220 54 James.

191 3285 413 55 Continuation
637 3285 64 53 of
731 3285 56 53 A
818 3285 158 54 work
1007 3286 60 52 in
1100 3304 280 50 progress.
1453 3283 279 72 Summer,
1765 3290 152 50 1928.

197 3369 82 48 (In
308 3365 290 45 Transition
628 3365 288 52 magazine)

125 3418 1907 59 © 1c. Aug. 16, 1928; A ad int. 11539; pubd. July 15; J. Joyce, Paris.
122 3532 266 70 [Knight,
421 3534 288 52 Emerson
741 3534 85 62 B.,
860 3533 129 65 inc.,
1023 3535 402 68 Indianapolis]

192 3626 96 51 An
336 3625 275 54 unbiased
662 3626 172 68 study
883 3623 66 55 of
997 3623 314 70 Hartford,
1363 3622 373 57 Connecticut
1787 3625 115 54 and
1953 3625 168 55 small

124 3700 1575 72 towns … [Hartford, The Hartford times] ᶜ1 928.
194 3782 1836 55 1 p. l., 42 p. incl. illus., mounted facsim., tables (1 fold.) diagrs. 29½ ᶜᵐ.
198 3854 185 50 Survey
406 3855 62 47 by
494 3857 233 39 Emerson
751 3856 55 41 B.
831 3855 201 51 Knight,
1057 3855 93 43 inc.;
1205 3857 263 47 sponsored
1494 3855 62 49 by
1582 3856 85 41 the
1690 3857 245 40 Hartford
1961 3856 159 44 times.

131 3922 51 52 ©
211 3927 127 41 June
367 3927 70 47 17,
467 3926 118 40 1928;
639 3927 68 41 2c.
737 3930 95 38 and
862 3926 82 42 aff.
975 3928 117 47 July
1121 3927 82 48 18;
1235 3928 42 38 A
1304 3926 230 49 1082599;
1569 3928 234 40 Emerson
1833 3929 54 40 B.
1919 3927 201 50 Knight,

199 3983 103 48 inc.,
336 3983 350 50 Indianapolis.
757 3982 281 53 (28-17716)
