2498 4384
1279 4106 104 50 298

388 545 298 49 32 p. 23 ᶜᵐ .
321 598 52 52 ©
400 603 113 40 Dec.
538 602 69 47 26,
635 602 114 40 1927;
804 602 68 40 2c.
899 602 110 40 Jan.
1036 602 68 46 14,
1133 600 117 40 1928;
1305 600 82 41 aff.
1416 601 110 41 Jan.
1554 601 58 39 10;
1666 601 40 39 A
1733 600 207 41 1018376;

387 600 1920 99 Intersynodical
497 659 265 40 catechism
796 658 290 48 committee,
1122 657 276 49 Columbus,
1436 658 52 40 O.
1559 657 253 51 (28-1991)

315 753 256 63 Meeker,
604 751 307 66 Marjorie.

391 832 173 54 Color
586 831 64 53 of
672 836 194 63 water,
888 831 75 70 by
988 830 280 70 Marjorie
1293 831 246 53 Meeker.
1599 831 140 53 New
1765 830 182 69 York,
1970 829 359 60 Brentano’s,

322 913 149 50 1928.

389 990 440 50 xiii, 62 p. 19 ᶜᵐ .
390 1050 185 39 Poems.

322 1102 52 52 ©
404 1108 122 39 Mar.
557 1107 39 47 5,
627 1106 141 47 1928;
799 1106 69 41 2c.
896 1107 95 38 and
1022 1104 83 43 aff.
1135 1107 123 40 Mar.
1288 1106 25 39 7;
1372 1104 41 40 A
1442 1104 229 49 1068175;
1706 1105 304 48 Brentano's,
2042 1105 91 40 inc.

402 1164 253 48 (28-7177)

314 1257 332 62 Merchant,
686 1256 311 53 Elizabeth
1038 1256 212 53 Lodor.

390 1336 164 69 King
594 1336 227 51 Arthur
862 1335 113 52 and
1016 1334 90 53 his
1145 1334 258 69 knights,
1444 1334 284 68 compiled
1771 1335 113 52 and
1928 1335 286 68 arranged
2255 1334 77 69 by

322 1411 2008 71 Elizabeth Lodor Merchant … illustrated by Frank Godwin.
321 1491 430 68 Philadelphia,
792 1490 253 69 Chicago
1109 1496 120 61 [etc.]
1275 1491 122 53 The
1437 1491 158 54 John
1635 1491 63 54 C.
1738 1491 271 54 Winston
2049 1509 284 51 company

368 1570 153 67 [ᶜ1927]

460 1650 1200 49 xv, 260 p. col. front., illus., col. plates. 22 ᶜᵐ .
324 1705 51 52 ©
415 1710 111 40 Dec.
564 1709 70 48 28,
673 1708 142 47 1927;
853 1708 70 41 2c.
961 1709 123 40 Mar.
1120 1709 41 48 2,
1199 1707 143 48 1928;
1383 1708 81 41 aff.
1504 1710 123 39 Mar.
1666 1709 53 47 6;
1760 1709 42 39 A
1839 1708 232 48 1069108;
2113 1709 129 40 John
2279 1709 51 42 C.

391 1767 224 40 Winston
643 1777 69 30 co.
769 1761 69 54 [©
864 1765 347 48 introduction,
1240 1765 332 41 illustrations
1597 1766 99 40 and
1722 1766 201 49 editing]

405 1823 252 50 (28-7172)

317 1918 222 63 Meyer,
575 1916 223 54 Harold
835 1916 300 64 Diedrich,
1176 1919 171 50 1892-

454 1994 1879 68 … Parent-teacher handbook for North Carolina. 4th ed.,
324 2094 111 33 rev.
513 2075 212 53 Edited
772 2075 75 67 by
890 2074 227 52 Harold
1162 2075 72 51 D.
1278 2074 216 68 Meyer,
1539 2074 139 52 with
1721 2074 97 53 the
1861 2075 366 66 cooperation
2268 2074 66 53 of

322 2153 230 53 officials
584 2152 65 53 of
678 2153 96 52 the
808 2152 161 55 State
1003 2152 460 67 parent-teacher
1497 2152 358 53 association.
1933 2152 222 69 Chapel
2186 2153 150 68 Hill,

323 2232 69 53 N.
429 2232 81 66 C.,
541 2232 121 51 The
692 2230 340 68 University
1063 2229 64 54 of
1156 2230 190 53 North
1381 2229 272 55 Carolina
1684 2249 158 50 press
1901 2230 151 67 [1927]

391 2312 1943 50 138 p. 23 ᶜᵐ . ([North Carolina. University] University extension
323 2372 224 40 division.
624 2370 283 50 University
952 2369 51 42 of
1044 2367 159 44 North
1247 2370 229 42 Carolina
1521 2370 255 42 extension
1821 2371 205 41 bulletin.
2116 2373 91 40 vol.
2324 2405 9 16 VII,

321 2441 76 31 no.
425 2430 50 47 8)

395 2488 134 39 First
562 2488 96 38 and
692 2487 176 39 second
902 2485 211 41 editions
1147 2486 257 48 published
1440 2487 155 39 under
1631 2485 109 41 title
1758 2497 9 29 :
1805 2487 102 40 The
1940 2488 396 47 parent-teacher

323 2544 311 48 association,
663 2555 28 28 a
721 2543 259 40 handbook
1005 2543 80 40 for
1112 2544 159 39 North
1299 2543 244 41 Carolina.
1601 2544 154 40 Third
1782 2544 200 48 edition,
2012 2545 155 39 under
2196 2545 109 40 title
2324 2555 9 29 :

323 2603 102 39 The
451 2613 106 29 new
582 2600 393 49 parent-teacher
1002 2601 261 39 handbook
1290 2600 79 40 for
1395 2601 158 40 North
1581 2601 246 42 Carolina.

393 2659 237 42 Contains
661 2657 367 41 “References”.

329 2714 52 52 ©
409 2718 113 40 Dec.
551 2718 69 47 16,
648 2716 114 41 1927;
819 2716 67 41 2c.
916 2716 112 40 Feb.
1056 2715 40 48 9,
1125 2715 116 41 1928;
1299 2715 84 43 aff.
1412 2716 112 42 Feb.
1553 2717 26 40 7;
1637 2716 40 39 A
1705 2716 230 48 1018713;
1969 2716 286 48 University
2285 2716 52 40 of

396 2775 158 40 North
585 2773 230 41 Carolina
847 2783 152 38 press.
1069 2772 282 50 (28-27069)

322 2869 218 62 Millen,
574 2869 172 52 Rose.

397 2948 180 68 Light
612 2965 73 35 on
721 2945 277 68 dietetics,
1034 2946 303 69 including
1371 2946 216 68 recipes
1624 2946 113 53 and
1774 2964 198 35 menus
2010 2945 95 54 for

328 2947 2012 147 reducing and gaining weight, by Rose Millen … Boston, The Four
327 3122 121 34 seas
472 3120 283 51 company
828 3100 153 69 [ᶜ1927]

399 3183 917 49 88 p. front. (port.) illus. 19½ ᶜᵐ .
332 3239 52 52 ©
414 3243 119 40 Nov.
563 3242 68 47 23,
663 3241 114 41 1927;
836 3242 67 40 2c.
935 3242 112 41 Dec.
1079 3241 82 47 10;
1193 3241 84 41 aff.
1310 3242 111 41 Feb.
1451 3241 70 49 29,
1552 3242 142 47 1928;
1728 3242 42 39 A
1800 3241 231 47 1068030;
2068 3243 129 39 Four
2229 3254 108 29 seas

399 3310 68 30 co.
539 3298 251 49 (28-6812)

325 3378 207 63 Millin,
563 3379 138 52 Mrs.
734 3378 192 54 Sarah
960 3377 314 55 Gertrude.

397 3456 97 52 An
533 3455 169 53 artist
740 3455 61 52 in
840 3455 96 53 the
976 3455 227 69 family,
1241 3455 76 69 by
1358 3454 185 56 Sarah
1585 3454 286 56 Gertrude
1909 3456 214 53 Millin.
2200 3457 138 52 New

330 3533 180 68 York,
544 3532 150 53 Boni
729 3534 113 52 and
873 3532 323 70 Liveright,
1233 3535 150 51 1928.

397 3615 368 49 281 p. 19½ ᶜᵐ .
331 3669 52 52 ©
419 3675 121 37 Mar.
571 3673 41 45 3,
643 3672 140 42 1928;
818 3672 66 40 2c.
918 3674 122 39 Mar.
1072 3673 25 39 5;
1158 3672 84 40 aff.
1274 3673 122 39 Mar.
1428 3672 51 42 8;
1515 3672 40 39 A
1585 3672 230 48 1069188;
1850 3673 124 40 Boni
2004 3674 35 39 &
2072 3674 266 47 Liveright,

399 3730 92 40 inc.
562 3728 251 50 (28-7033)

329 3811 268 62 Morgan,
631 3809 234 53 Arthur
898 3810 238 62 Ernest,
1173 3809 172 54 1878-

401 3888 1938 69 My world, by Arthur E. Morgan … 2d ed. Yellow
335 3966 246 69 Springs
637 3966 86 68 [O.]
759 3967 202 53 Kahoe
990 3969 47 51 &
1068 3966 222 69 Spieth,
1323 3966 149 55 1927.

402 4049 506 49 4 p. l., 72 p. 24 ᶜᵐ .
