2498 4384
1284 4090 135 51 1954

409 519 494 49 xxi, 322 p. 19½ ᶜᵐ .
442 579 142 39 "Laws
619 577 52 39 of
704 576 198 40 auction
935 575 169 48 bridge
1149 573 217 49 (revised
1400 575 50 38 to
1484 571 153 49 April,
1673 570 140 48 1926)
1859 569 251 49 reprinted
2145 570 61 46 by
340 578 1987 97 permission

569 634 52 39 of
646 634 82 40 the
754 633 163 41 Whist
940 632 109 40 club
1076 631 51 40 of
1153 632 119 39 New
1298 629 160 41 York”:
1516 639 45 38 p.
1592 626 251 51 [257]-293.

339 689 51 52 ©
420 694 118 38 Nov.
569 691 68 47 10,
669 691 141 46 1928;
842 691 67 40 2c.
939 691 118 39 Nov.
1086 689 56 39 26;
1202 687 84 41 aff.
1316 688 119 39 Nov.
1465 686 82 47 28;
1581 686 41 39 A
1653 685 111 48 864;
1797 684 157 42 Lewis
1986 684 247 48 Copeland
2264 692 81 38 co.,

405 749 92 40 inc.
567 747 281 49 (28-30453)

329 816 201 64 Coffin,
563 814 199 65 Louis,
799 819 173 50 1884-
1188 832 180 51 comp.

412 894 55 51 A
495 893 223 68 history
750 892 63 53 of
843 893 95 52 the
971 892 187 52 Third
1186 890 136 53 field
1355 890 280 68 artillery,
1668 888 151 55 Ohio
1850 886 263 54 national
2144 885 204 70 guard,

342 972 186 52 which
563 971 198 53 served
794 970 254 69 through
1082 969 96 52 the
1212 968 183 52 world
1430 986 137 48 war,
1605 965 153 68 1917,
1794 969 153 63 1918,
1983 967 135 50 1919
2156 983 61 34 as
2251 963 95 53 the

345 1050 167 51 136th
542 1050 64 51 F.
636 1048 71 52 A.
738 1047 299 69 regiment,
1065 1047 72 54 U.
1170 1045 57 56 S.
1259 1047 91 67 A.,
1379 1045 301 69 including
1709 1042 314 55 chronicles
2056 1043 113 52 and
342 1060 1982 135 composite

552 1131 210 47 rosters
791 1124 64 54 of
883 1126 75 52 its
987 1124 327 53 individual
1343 1123 157 53 units
1530 1123 141 52 with
1702 1121 218 54 certain
1946 1120 372 70 biographies;

342 1198 2007 74 compiled by Captain Louis Coffin … First Lieut. Cameron H.
345 1279 1710 68 Sanders … [Cincinnati, The Mountel press co., 1928]
413 1358 1547 53 453 p. incl. illus., ports., maps (1 double) front. 23 ᶜᵐ .
416 1420 73 40 On
514 1430 141 29 cover:
709 1420 102 38 The
834 1419 143 40 136th
1002 1418 113 40 field
1141 1417 226 48 artillery
1392 1417 50 39 in
1467 1417 83 40 the
1576 1417 153 40 world
1756 1427 118 30 war.

343 1473 51 52 ©
438 1478 119 39 Nov.
599 1478 69 44 15,
709 1477 116 40 1928;
895 1477 69 40 2c.
1006 1476 119 41 Nov.
1168 1476 55 39 17;
1298 1475 82 41 aff.
1422 1475 120 40 Nov.
1584 1475 56 40 27;
1712 1475 42 38 A
1795 1474 115 40 1939;
1983 1474 126 39 Paul
2152 1473 202 41 Lincoln

410 1535 234 44 Mitchell,
676 1533 293 41 Cincinnati.
1039 1532 283 49 (28-30456)

337 1601 253 64 Conrad,
624 1599 242 65 Joseph,
903 1599 328 55 1857-1924.

414 1678 225 53 Letters
698 1676 81 68 [of]
820 1678 219 67 Joseph
1079 1676 232 55 Conrad
1348 1683 58 46 to
1443 1676 257 53 Richard
1740 1674 202 69 Curie;
1981 1675 192 54 edited
2211 1675 142 54 with

344 1753 2010 72 an introduction and notes by R. C. … New York, C. Gaige,
345 1837 153 50 1928.

419 1914 798 51 [207] p. front. (port.) 23 ᶜᵐ .
419 1972 113 41 “850
557 1972 161 49 copies
746 1982 61 30 on
833 1973 179 47 all-rag
1035 1982 150 38 paper
1213 1972 98 40 and
1339 1971 29 41 9
1393 1971 160 49 copies
1581 1982 62 30 on
1669 1981 147 38 green
1843 1981 165 38 paper.
2069 1970 204 42 Printed
2302 1974 52 38 at

348 2030 82 40 the
472 2040 137 38 press
652 2029 51 40 of
746 2029 218 41 William
1008 2028 175 41 Edwin
1226 2029 185 48 Rudge.
1472 2028 326 49 Typography
1842 2028 62 48 by
1949 2029 160 40 Bruce
2155 2029 199 48 Rogers.

346 2086 312 41 Distributed
686 2086 50 40 in
765 2086 224 40 America
1017 2087 61 47 by
1108 2086 223 40 Random
1358 2086 166 47 house,
1554 2086 57 40 N.
1641 2084 83 43 Y.”

421 2141 1935 49 “150 letters … that Conrad wrote … from the year … 1912, to the
345 2211 119 37 year
493 2199 53 41 of
574 2200 77 41 his
682 2201 162 47 death,
876 2198 355 43 1924.”—Pref.

345 2254 51 53 ©
426 2259 121 48 Aug.
574 2259 70 48 20,
674 2258 115 41 1928;
847 2258 68 41 2c.
943 2259 121 48 Aug.
1094 2258 56 41 18;
1208 2257 84 42 aff.
1321 2259 120 41 Nov.
1469 2258 56 41 27;
1583 2258 41 40 A
1652 2257 116 42 2019;
1829 2258 183 49 Crosby
2043 2257 165 49 Gaige,
2239 2258 118 40 New

412 2317 146 41 York.
626 2314 282 51 (28-30281)

336 2382 253 67 Cowley,
629 2382 280 67 Ramsey.

409 2463 121 53 The
564 2462 118 71 gift
713 2481 279 51 supreme,
1022 2461 76 72 by
1130 2463 249 70 Ramsey
1412 2461 248 71 Cowley.
1735 2463 260 69 London,
2029 2462 74 55 A.
2134 2463 225 69 Rivers,

337 2542 126 68 ltd.,
493 2545 151 50 1928.

410 2624 369 49 288 p. 19½ ᶜᵐ .
346 2678 51 52 ©
428 2683 67 40 1c.
523 2684 119 39 Nov.
670 2683 70 48 30,
770 2683 116 40 1928;
942 2683 41 39 A
1011 2684 63 39 ad
1101 2683 87 40 int.
1218 2682 146 41 11984;
1423 2683 143 48 pubd.
1598 2684 103 40 Oct.
1731 2683 24 40 1;
1818 2684 56 40 R.
1904 2683 207 49 Cowley,
2143 2684 214 40 London.

424 2739 283 50 (28-30340)

341 2805 331 65 Crawford,
704 2806 261 52 Thomas
996 2805 266 65 Dwight.

415 2883 364 55 Cumulative
817 2884 297 54 Arkansas
1151 2885 216 69 digest;
1405 2885 188 69 digest
1629 2884 64 53 of
1730 2886 78 51 all
1843 2885 100 52 the
1977 2885 281 53 decisions
2295 2884 64 54 of

341 2963 96 51 the
469 2961 276 69 Supreme
774 2968 164 47 court
965 2962 64 53 of
1056 2962 299 54 Arkansas
1384 2964 266 67 reported
1680 2963 61 52 in
1770 2964 138 52 vols.
1943 2965 100 51 160
2072 2968 59 48 to
2164 2961 100 55 176
2294 2962 65 54 of

342 3040 298 53 Arkansas
671 3047 227 62 reports
927 3042 113 52 and
1072 3041 61 52 in
1164 3041 111 52 vol.
1309 3045 101 48 253
1442 3047 59 47 to
1532 3042 110 52 vol.
1678 3046 29 48 5
1751 3039 127 70 (2d)
1922 3040 65 54 of
2017 3041 98 55 the
343 3039 1991 133 Southwestern

611 3125 276 62 reporter,
913 3120 76 67 by
1017 3120 65 51 T.
1112 3120 71 52 D.
1215 3119 325 54 Crawford.
1609 3119 82 55 St.
1721 3119 195 64 Louis,
1944 3119 137 68 Mo.,
2109 3120 250 52 Thomas

339 3198 113 52 law
481 3197 148 53 book
659 3215 300 50 company,
993 3201 150 50 1928.

414 3279 567 49 1 p. l. , 1196 p. 26 ᶜᵐ .
348 3333 51 52 ©
437 3337 113 41 Dec.
587 3337 68 47 11,
688 3336 144 47 1928;
871 3337 68 40 2c.
975 3337 113 40 Dec.
1125 3337 81 46 13;
1247 3336 82 42 aff.
1367 3337 112 41 Dec.
1516 3337 83 47 15;
1638 3337 42 39 A
1715 3337 142 47 3208;
1897 3338 53 39 T.
1987 3337 58 41 D.
2085 3336 271 49 Crawford,

415 3393 152 41 Little
596 3393 147 48 Rock,
773 3393 116 40 Ark.

341 3459 245 63 France,
628 3459 273 64 Anatole,
946 3465 329 49 1844-1924.

413 3537 1946 70 Œuvres complètes illustrées … t. 14. Crainquebille, Putois,
341 3615 210 69 Riquet
602 3621 54 47 et
703 3615 286 68 plusieurs
1038 3622 189 48 autres
1277 3617 168 53 récits
1494 3615 349 70 profitables.
1930 3615 426 71 Crainquebille

353 3692 277 69 (comédie
666 3712 66 34 en
765 3693 143 54 trois
940 3693 324 69 tableaux).
1335 3696 79 52 Le
1448 3695 348 69 mannequin
1831 3696 204 53 d’osier
2081 3694 279 70 (comédie

343 3771 1953 72 en quatre actes). Au petit bonheur (comédie en un acte) …
342 3850 187 66 Paris,
566 3849 487 69 Calmann-Lévy,
1091 3854 151 50 1928.

415 3932 874 48 2 p. l., 578 p., 1 l. illus. 25 ½ ᶜᵐ .
347 3983 1714 57 © Oct. 12, 1928; 1c. Nov. 2; A— Foreign 404; Calmann-Lévy.
