2547 4432
1353 4103 67 49 90

379 461 300 71 [McNeile,
710 462 265 52 Herman
1010 461 180 67 Cyril]

447 541 122 53 The
599 540 259 69 undoing
890 539 65 54 of
983 540 140 52 Mrs.
1159 538 262 69 Cransby
1475 538 93 70 [by]
1609 537 225 69 Sapper
1895 538 210 68 [pseud.]

479 623 62 39 (In
570 618 265 44 Pearson’s
867 617 277 53 magazine,
1175 618 131 51 Dec.,
1339 617 147 52 1927)

380 689 53 52 ©
469 693 71 50 1c.
571 694 111 40 Jan.
717 692 70 48 25,
825 692 141 47 1928;
1004 692 42 39 A
1080 693 62 39 ad
1177 692 87 40 int.
1301 691 171 47 10603;
1511 691 144 49 pubd.
1692 692 113 40 Dec.
1842 692 40 47 1,
1919 689 141 49 1927;
2100 691 61 41 H.
2198 690 50 42 C.
447 692 1914 105 McNeile,

628 749 259 48 Duncroft,
917 750 160 47 Ascot,
1109 749 238 48 England.

372 844 273 63 Madden,
677 845 140 51 Mrs.
851 844 215 52 Maude
1108 841 392 67 (Whitmore)

449 921 343 69 Chopsticks
831 922 113 53 and
983 922 172 69 clogs,
1191 920 76 69 by
1305 921 214 53 Maude
1554 921 92 54 W.
1685 921 272 53 Madden.
2034 920 349 69 Cincinnati,

378 997 848 70 O., Powell & White [ ᶜ 1927]
447 1081 87 41 127
559 1091 43 38 p.
662 1080 130 41 illus.
853 1080 146 43 19½ᶜᵐ.

381 1148 52 53 ©
460 1153 113 40 Dec.
598 1152 70 48 20,
695 1152 116 40 1927;
865 1152 68 41 2c.
961 1153 95 39 and
1084 1150 82 42 aff.
1195 1151 110 40 Jan.
1333 1151 70 47 18,
1431 1151 119 40 1928;
1602 1151 42 40 A
1670 1151 201 42 1061271;
1932 1153 178 39 Powell
2141 1152 37 40 &
2204 1151 178 42 White.

462 1208 252 51 (28-3317)

373 1302 221 65 Manly,
625 1303 156 54 John
813 1304 79 53 M.

448 1380 1936 71 Good reading. Sixth reader, by John M. Manly … Edith
377 1458 2010 71 Rickert … Nina Leubrie … With illustrations by Blanche
377 1537 193 55 Greer.
674 1538 141 53 New
864 1537 180 68 York,
1095 1536 254 70 Chicago
1423 1543 119 61 [etc.]
1600 1536 237 55 Charles
1890 1536 315 56 Scribner’s
2254 1556 130 35 sons

490 1619 85 64 [ ᶜ 1928]
448 1698 93 41 448
567 1709 43 38 p.
670 1698 130 41 illus.
861 1697 117 42 19ᶜᵐ.

381 1765 53 52 ©
462 1770 110 40 Jan.
598 1769 40 48 3,
667 1768 142 48 1928;
838 1769 68 41 2c.
934 1769 110 40 Jan.
1071 1768 83 47 25;
1185 1767 83 42 aff.
1297 1769 111 41 Jan.
1436 1768 82 48 20;
1549 1768 42 40 A
1618 1768 229 48 1061399;
1882 1769 203 41 Charles
2117 1767 267 42 Scribner’s

450 1836 127 32 sons.

373 1919 243 64 Martin,
646 1922 140 52 Mrs.
817 1920 104 53 Ida
960 1919 237 66 (Shaw)
1237 1919 173 54 1867-

448 1999 122 52 The
616 1998 250 68 sorority
913 1997 323 68 handbook,
1285 1998 76 69 by
1410 1998 110 53 Ida
1572 1997 172 55 Shaw
1792 1997 239 54 Martin.
2118 1998 133 53 10th
2301 1998 85 53 ed.

378 2077 218 53 Boston
627 2076 127 67 [Ida
782 2075 59 56 S.
868 2075 240 68 Martin]
1143 2078 151 51 1928.

448 2157 99 49 169,
581 2158 41 49 [2]
669 2168 44 38 p.
772 2158 166 47 front.,
968 2158 173 48 plates.
1201 2156 58 42 19½ᶜᵐ.

449 2215 161 40 Blank
636 2225 121 38 page
781 2214 82 41 for
892 2213 292 41 “Addenda”
1225 2213 135 49 (169)

382 2268 53 52 ©
466 2273 110 40 Jan.
607 2273 69 47 11,
707 2272 119 40 1928;
882 2272 68 41 2c.
981 2272 114 40 Jan.
1123 2272 57 39 14;
1239 2270 83 43 aff.
1353 2272 112 41 Jan.
1495 2272 54 40 13;
1612 2271 42 40 A
1683 2271 208 42 1061208;
1950 2273 38 41 I.
2022 2272 45 41 S.
2100 2272 198 41 Martin.

463 2329 252 49 (28-2948)

373 2423 488 54 Merrill-Palmer
894 2424 216 63 school,
1142 2425 248 53 Detroit.

448 2502 96 53 An
578 2503 217 52 outline
831 2501 95 54 for
958 2502 97 53 the
1090 2502 270 70 teaching
1394 2502 65 53 of
1493 2502 285 53 nutrition
1814 2503 114 53 and
1964 2503 193 53 health
2198 2502 61 53 in
2293 2503 98 52 the

378 2581 346 69 elementary
759 2582 223 69 grades.
1057 2581 138 53 Rev.
1231 2582 84 52 ed.
1392 2581 247 68 Detroit,
1673 2582 193 67 Mich.,
1903 2581 488 53 Merrill-Palmer

376 2660 209 68 school,
619 2663 150 51 1928.

445 2743 86 42 198
551 2754 44 38 p.
654 2743 118 42 23ᶜᵐ.

449 2800 133 42 First
608 2800 165 41 issued
802 2802 51 38 in
879 2801 113 40 1921
1023 2802 153 39 under
1204 2800 110 41 title:
1372 2801 198 41 Outline
1595 2801 79 40 for
1703 2801 82 40 the
1811 2800 230 48 teaching
2067 2801 52 40 of
2145 2800 243 41 nutrition

377 2857 51 40 in
456 2859 299 46 elementary
781 2860 191 46 grades.
1030 2859 128 39 “The
1188 2858 190 40 revised
1406 2858 185 40 edition
1618 2858 52 40 of
1697 2859 84 40 the
1807 2857 187 41 outline
2021 2868 101 30 was
2150 2859 237 47 prepared

376 2916 61 47 by
465 2915 121 41 Miss
611 2916 86 40 Iva
725 2917 63 39 M.
815 2915 238 41 Church.”

450 2972 288 48 “Summary
765 2972 53 40 of
843 2972 275 40 references
1143 2973 96 39 and
1265 2983 172 29 source
1463 2971 283 41 materials”:
1808 2983 44 37 p.
1878 2971 218 41 184-197.

382 3026 53 52 ©
464 3030 111 41 Jan.
603 3030 69 47 18,
701 3029 142 47 1928;
874 3030 68 40 2c.
972 3031 96 38 and
1097 3029 83 41 aff.
1209 3029 111 41 Jan.
1350 3029 82 47 21;
1465 3029 42 39 A
1534 3028 204 41 1018507;
1798 3028 407 40 Merrill-Palmer
451 3028 1917 99 motherhood
660 3087 35 41 &
724 3087 141 39 home
895 3086 220 49 training
1143 3086 177 49 school,
1352 3085 209 43 Detroit.
1631 3085 254 49 (28-2931)

376 3180 212 64 Minor,
620 3179 252 65 Raleigh
906 3180 259 64 Colston,
1201 3183 328 51 1869-1923.

450 3260 123 52 The
605 3259 110 52 law
750 3258 65 53 of
848 3259 118 52 real
999 3264 277 64 property
1320 3259 199 69 (based
1553 3277 74 35 on
1662 3258 240 54 Minor’s
1936 3257 332 69 Institutes)
2311 3258 75 68 by

380 3336 1981 133 Raleigh Colston Minor … 2d ed., by Frederick Deane Goodwin
379 3414 1984 149 Ribble … v. 1. Charlottesville, Va., The Michie company, 1928.
449 3576 101 48 viii,
579 3575 117 42 1080
723 3586 43 38 p.
827 3576 54 40 23½ᶜᵐ.

384 3629 53 52 ©
464 3634 111 40 Jan.
603 3634 68 46 14,
700 3633 115 41 1928;
871 3634 67 40 2c.
966 3634 96 39 and
1090 3633 82 42 aff.
1201 3634 109 40 Jan.
1338 3633 57 41 19;
1452 3634 42 39 A
1521 3633 202 41 1061282;
1782 3632 180 41 Michie
1989 3643 69 31 co.

464 3689 254 51 (28-3195)

380 3785 337 62 Morawetz,
750 3784 224 63 Victor,
1012 3788 170 50 1859-

452 3864 293 54 Elements
775 3863 65 53 of
871 3864 96 52 the
998 3864 111 52 law
1141 3863 64 53 of
1236 3869 303 63 contracts,
1569 3865 76 67 by
1675 3863 204 54 Victor
1909 3863 327 53 Morawetz.
2311 3863 73 53 2d

382 3943 105 65 ed.,
528 3961 113 35 rev.
717 3942 140 53 New
899 3942 182 67 York,
1120 3943 144 52 Pub.
1308 3942 96 53 for
1442 3942 95 53 the
1580 3943 208 52 author
1825 3942 78 68 by
1942 3941 98 53 the
2084 3940 300 55 Columbia

383 4020 317 69 university
725 4038 177 51 press,
928 4018 151 56 1927.
