<alto xmlns="http://www.loc.gov/standards/alto/ns-v3#" xmlns:xlink="http://www.w3.org/1999/xlink" xmlns:xsi="http://www.w3.org/2001/XMLSchema-instance" xsi:schemaLocation="http://www.loc.gov/standards/alto/ns-v3# http://www.loc.gov/alto/v3/alto-3-0.xsd"><Description>
<MeasurementUnit>pixel</MeasurementUnit>
<sourceImageInformation>
<fileName>1928_v25_part001.pdf</fileName>
</sourceImageInformation>
<OCRProcessing ID="IdOcr">
<ocrProcessingStep>
<processingDateTime>2019-04-12</processingDateTime>
<processingSoftware>
<softwareCreator>ABBYY</softwareCreator>
<softwareName>ABBYY Recognition Server</softwareName>
<softwareVersion>4.0</softwareVersion>
</processingSoftware>
</ocrProcessingStep>
</OCRProcessing>
</Description>
<Styles>
<ParagraphStyle ID="StyleId-FFFFFFFF-FFFF-FFFF-FFFF-FFFFFFFFFFFF-" ALIGN="Left" LEFT="0." RIGHT="0." FIRSTLINE="0."/>
<ParagraphStyle ID="StyleId-0ECAC0CE-E1F0-4C69-A1B9-95E16886343B-" ALIGN="Left" LEFT="0." RIGHT="0." FIRSTLINE="0." LINESPACE="8.300000191"/>
<ParagraphStyle ID="StyleId-5C6F7A30-EC6F-4250-A8D3-0AE106DCDB5D-" ALIGN="Left" LEFT="0." RIGHT="0." FIRSTLINE="-13." LINESPACE="11.22999954"/>
<ParagraphStyle ID="StyleId-B258737E-7AF8-4B71-A0BF-0A1420B951F9-" ALIGN="Left" LEFT="0." RIGHT="0." FIRSTLINE="-13." LINESPACE="8.210000038"/>
<ParagraphStyle ID="StyleId-35C0EFA5-E89E-4731-B16E-5D3895F12270-" ALIGN="Block" LEFT="0." RIGHT="0." FIRSTLINE="-12." LINESPACE="11.22999954"/>
<ParagraphStyle ID="StyleId-7BD1F9B4-14BB-4AAF-864B-FED8FEA7DC43-" ALIGN="Left" LEFT="0." RIGHT="0." FIRSTLINE="0."/>
<ParagraphStyle ID="StyleId-CD2DA0E5-536D-42AE-AE16-8D9F5C008D5A-" ALIGN="Block" LEFT="0." RIGHT="0." FIRSTLINE="-12." LINESPACE="10."/>
<ParagraphStyle ID="StyleId-AF408F88-EED5-4CE2-A229-3F852C18D9BD-" ALIGN="Block" LEFT="0." RIGHT="0." FIRSTLINE="-14." LINESPACE="10."/>
<ParagraphStyle ID="StyleId-829CD741-943D-4B7B-9638-57AB73DE2567-" ALIGN="Center" LEFT="0." RIGHT="0." FIRSTLINE="0." LINESPACE="9.399999619"/>
<ParagraphStyle ID="StyleId-B271BDFA-6037-4875-BA99-885A067668E9-" ALIGN="Left" LEFT="0." RIGHT="0." FIRSTLINE="-14." LINESPACE="11.21000004"/>
<ParagraphStyle ID="StyleId-64F9C1D8-EA12-4F65-AD18-B72A4C6B556F-" ALIGN="Center" LEFT="0." RIGHT="0." FIRSTLINE="0." LINESPACE="11.60000038"/>
<ParagraphStyle ID="StyleId-44DA2756-E57B-4EF3-9BA4-FC1C14776DE3-" ALIGN="Left" LEFT="0." RIGHT="0." FIRSTLINE="-12." LINESPACE="12.19999981"/>
<ParagraphStyle ID="StyleId-D1D9AF19-8CA6-4F74-9AEC-1B4545205AD7-" ALIGN="Center" LEFT="0." RIGHT="0." FIRSTLINE="0." LINESPACE="11.60000038"/>
<ParagraphStyle ID="StyleId-3ADA1556-6D19-417D-8046-68449BF368BA-" ALIGN="Left" LEFT="0." RIGHT="0." FIRSTLINE="-13." LINESPACE="12.19999981"/>
<ParagraphStyle ID="StyleId-7443A930-B325-44B5-9AB8-B42B4EC78C89-" ALIGN="Block" LEFT="0." RIGHT="0." FIRSTLINE="13." LINESPACE="8.619999886"/>
<ParagraphStyle ID="StyleId-C9A9E480-E448-4934-9AF8-3D252792E396-" ALIGN="Left" LEFT="0." RIGHT="0." FIRSTLINE="-12." LINESPACE="11.38000011"/>
<ParagraphStyle ID="StyleId-73039842-464C-49B9-9440-4C0D0E749DFE-" ALIGN="Center" LEFT="0." RIGHT="0." FIRSTLINE="0." LINESPACE="11.10000038"/>
<ParagraphStyle ID="StyleId-C51F6AC2-80DA-4C65-849C-6E2D5F548EA4-" ALIGN="Left" LEFT="0." RIGHT="0." FIRSTLINE="0." LINESPACE="7.699999809"/>
<ParagraphStyle ID="StyleId-494190D9-BDDC-4834-A745-6AF520F91CD0-" ALIGN="Block" LEFT="0." RIGHT="0." FIRSTLINE="-12." LINESPACE="11.22999954"/>
<ParagraphStyle ID="StyleId-68D39D31-3386-4B28-8C90-DA9420961D78-" ALIGN="Left" LEFT="0." RIGHT="0." FIRSTLINE="0." LINESPACE="11.60000038"/>
<ParagraphStyle ID="StyleId-DF0CE7C7-E73E-44FE-8867-C904BD7F3F42-" ALIGN="Block" LEFT="0." RIGHT="0." FIRSTLINE="0." LINESPACE="12.19999981"/>
</Styles>
<Layout>
<Page ID="Page251" PHYSICAL_IMG_NR="251" HEIGHT="4384" WIDTH="2498">
<TopMargin HEIGHT="426" WIDTH="2498" VPOS="0" HPOS="0">
</TopMargin>
<LeftMargin HEIGHT="3756" WIDTH="104" VPOS="426" HPOS="0">
</LeftMargin>
<RightMargin HEIGHT="3756" WIDTH="282" VPOS="426" HPOS="2216">
</RightMargin>
<BottomMargin HEIGHT="202" WIDTH="2498" VPOS="4182" HPOS="0">
</BottomMargin>
<PrintSpace HEIGHT="3756" WIDTH="2112" VPOS="426" HPOS="104">
<TextBlock ID="Page251_Block1" HEIGHT="3756" WIDTH="2112" VPOS="426" HPOS="104" LANG="en-US" CS="1" STYLEREFS="StyleId-0C8ED4F2-C633-443A-8693-226F1DCD07C7-">
<TextLine HEIGHT="0" WIDTH="0" VPOS="0" HPOS="0" CS="1">
<String CS="1" CONTENT="251"/>
</TextLine>
<TextLine HEIGHT="52" WIDTH="612" VPOS="520" HPOS="307" LANG="de" CS="1">
<String CS="1" CONTENT="xv"/>
<SP HEIGHT="37" WIDTH="26" VPOS="533" HPOS="307"/>
<String CONTENT="p.," HEIGHT="37" WIDTH="58" VPOS="533" HPOS="334"/>
<SP HEIGHT="46" WIDTH="29" VPOS="523" HPOS="393"/>
<String CONTENT="1" HEIGHT="38" WIDTH="25" VPOS="523" HPOS="423"/>
<SP HEIGHT="38" WIDTH="27" VPOS="523" HPOS="449"/>
<String CS="1" CONTENT="l.,"/>
<SP HEIGHT="48" WIDTH="28" VPOS="522" HPOS="523"/>
<String CONTENT="2444" HEIGHT="39" WIDTH="117" VPOS="522" HPOS="552"/>
<SP HEIGHT="50" WIDTH="27" VPOS="522" HPOS="670"/>
<String CONTENT="p." HEIGHT="40" WIDTH="44" VPOS="532" HPOS="698"/>
<SP HEIGHT="42" WIDTH="56" VPOS="520" HPOS="743"/>
<String CONTENT="26" HEIGHT="41" WIDTH="58" VPOS="520" HPOS="800"/>
<String LANG="en-US" CS="1" CONTENT="&#189;&#7580;&#7504;"/>
<String CONTENT="." HEIGHT="8" WIDTH="8" VPOS="553" HPOS="911"/>
</TextLine>
<TextLine HEIGHT="53" WIDTH="2013" VPOS="575" HPOS="176" STYLEREFS="StyleId-C1A423DC-1A01-45DC-9466-B98277F7AB6C-" LANG="de" CS="1">
<String CONTENT="&#169;" HEIGHT="52" WIDTH="52" VPOS="576" HPOS="176"/>
<SP HEIGHT="52" WIDTH="25" VPOS="576" HPOS="229"/>
<String CONTENT="Jan." HEIGHT="41" WIDTH="112" VPOS="579" HPOS="255"/>
<SP HEIGHT="41" WIDTH="24" VPOS="579" HPOS="368"/>
<String CONTENT="3," HEIGHT="47" WIDTH="41" VPOS="579" HPOS="393"/>
<SP HEIGHT="46" WIDTH="26" VPOS="580" HPOS="435"/>
<String CS="1" CONTENT="1928;" HEIGHT="41" WIDTH="116" VPOS="578" HPOS="462"/>
<SP HEIGHT="48" WIDTH="28" VPOS="578" HPOS="605"/>
<String CONTENT="2c." HEIGHT="41" WIDTH="68" VPOS="578" HPOS="634"/>
<SP HEIGHT="30" WIDTH="26" VPOS="589" HPOS="703"/>
<String CONTENT="and" HEIGHT="39" WIDTH="96" VPOS="579" HPOS="730"/>
<SP HEIGHT="39" WIDTH="27" VPOS="579" HPOS="827"/>
<String CONTENT="aff." HEIGHT="41" WIDTH="83" VPOS="577" HPOS="855"/>
<SP HEIGHT="40" WIDTH="26" VPOS="578" HPOS="939"/>
<String CONTENT="Jan." HEIGHT="39" WIDTH="111" VPOS="578" HPOS="966"/>
<SP HEIGHT="41" WIDTH="25" VPOS="576" HPOS="1078"/>
<String CS="1" CONTENT="4;" HEIGHT="39" WIDTH="28" VPOS="576" HPOS="1104"/>
<SP HEIGHT="46" WIDTH="29" VPOS="577" HPOS="1159"/>
<!-- cceid 17AB99CD-6CB2-1014-A20E-B9D6251C946A --><String LANG="en-US" CONTENT="A" HEIGHT="38" WIDTH="42" VPOS="577" HPOS="1189"/>
<SP HEIGHT="38" WIDTH="25" VPOS="577" HPOS="1232"/>
<String CS="1" CONTENT="1018199;" HEIGHT="42" WIDTH="207" VPOS="575" HPOS="1258"/>
<SP HEIGHT="48" WIDTH="31" VPOS="575" HPOS="1491"/>
<String CONTENT="Corporation" HEIGHT="49" WIDTH="325" VPOS="575" HPOS="1523"/>
<SP HEIGHT="29" WIDTH="25" VPOS="586" HPOS="1849"/>
<String LANG="en-US" CONTENT="manual" HEIGHT="39" WIDTH="202" VPOS="576" HPOS="1875"/>
<SP HEIGHT="40" WIDTH="27" VPOS="576" HPOS="2078"/>
<String CONTENT="co.," HEIGHT="38" WIDTH="83" VPOS="585" HPOS="2106"/>
</TextLine>
<TextLine HEIGHT="40" WIDTH="291" VPOS="636" HPOS="244" STYLEREFS="StyleId-C1A423DC-1A01-45DC-9466-B98277F7AB6C-" LANG="de">
<String CONTENT="New" HEIGHT="39" WIDTH="120" VPOS="637" HPOS="244"/>
<SP HEIGHT="39" WIDTH="21" VPOS="637" HPOS="365"/>
<String CONTENT="York." HEIGHT="40" WIDTH="148" VPOS="636" HPOS="387"/>
</TextLine>
<TextLine HEIGHT="64" WIDTH="461" VPOS="728" HPOS="168" LANG="de">
<String CONTENT="Pennsylvania." HEIGHT="64" WIDTH="461" VPOS="728" HPOS="168"/>
</TextLine>
<TextLine HEIGHT="149" WIDTH="1990" VPOS="806" HPOS="174" CS="1">
<String CONTENT="Workmen&#8217;s" HEIGHT="54" WIDTH="350" VPOS="808" HPOS="252"/>
<SP HEIGHT="35" WIDTH="50" VPOS="827" HPOS="603"/>
<String CONTENT="compensation" HEIGHT="70" WIDTH="429" VPOS="806" HPOS="654"/>
<SP HEIGHT="34" WIDTH="51" VPOS="826" HPOS="1084"/>
<String CONTENT="supplement" HEIGHT="67" WIDTH="366" VPOS="808" HPOS="1136"/>
<SP HEIGHT="48" WIDTH="49" VPOS="811" HPOS="1503"/>
<String CONTENT="to" HEIGHT="48" WIDTH="59" VPOS="811" HPOS="1553"/>
<SP HEIGHT="52" WIDTH="52" VPOS="807" HPOS="1613"/>
<String CONTENT="Department" HEIGHT="68" WIDTH="386" VPOS="807" HPOS="1666"/>
<SP HEIGHT="48" WIDTH="49" VPOS="811" HPOS="2053"/>
<String CONTENT="reports" HEIGHT="128" WIDTH="1990" VPOS="826" HPOS="174"/>
<SP HEIGHT="34" WIDTH="30" VPOS="906" HPOS="335"/>
<String CONTENT="of" HEIGHT="54" WIDTH="66" VPOS="886" HPOS="366"/>
<SP HEIGHT="53" WIDTH="25" VPOS="886" HPOS="433"/>
<String CONTENT="Pennsylvania," HEIGHT="69" WIDTH="446" VPOS="886" HPOS="459"/>
</TextLine>
<TextLine HEIGHT="70" WIDTH="1257" VPOS="884" HPOS="934">
<String CONTENT="containing" HEIGHT="70" WIDTH="341" VPOS="884" HPOS="934"/>
<SP HEIGHT="50" WIDTH="24" VPOS="904" HPOS="1276"/>
<String CONTENT="rulings" HEIGHT="69" WIDTH="225" VPOS="885" HPOS="1301"/>
<SP HEIGHT="34" WIDTH="30" VPOS="904" HPOS="1527"/>
<String CONTENT="and" HEIGHT="52" WIDTH="114" VPOS="886" HPOS="1558"/>
<SP HEIGHT="52" WIDTH="29" VPOS="886" HPOS="1673"/>
<String CONTENT="opinions" HEIGHT="69" WIDTH="269" VPOS="885" HPOS="1703"/>
<SP HEIGHT="35" WIDTH="26" VPOS="904" HPOS="1973"/>
<String CONTENT="of" HEIGHT="54" WIDTH="67" VPOS="884" HPOS="2000"/>
<SP HEIGHT="54" WIDTH="25" VPOS="884" HPOS="2068"/>
<String CONTENT="the" HEIGHT="52" WIDTH="97" VPOS="886" HPOS="2094"/>
</TextLine>
<TextLine HEIGHT="148" WIDTH="1994" VPOS="963" HPOS="174" CS="1">
<String CONTENT="Workmen" HEIGHT="53" WIDTH="313" VPOS="966" HPOS="174"/>
<SP HEIGHT="35" WIDTH="21" VPOS="984" HPOS="488"/>
<String CONTENT="s" HEIGHT="33" WIDTH="25" VPOS="986" HPOS="510"/>
<SP HEIGHT="35" WIDTH="27" VPOS="984" HPOS="536"/>
<String CONTENT="compensation" HEIGHT="69" WIDTH="429" VPOS="964" HPOS="564"/>
<SP HEIGHT="53" WIDTH="25" VPOS="964" HPOS="994"/>
<String CONTENT="board," HEIGHT="67" WIDTH="199" VPOS="964" HPOS="1020"/>
<SP HEIGHT="49" WIDTH="28" VPOS="982" HPOS="1220"/>
<String CONTENT="opinions" HEIGHT="68" WIDTH="267" VPOS="964" HPOS="1249"/>
<SP HEIGHT="35" WIDTH="29" VPOS="982" HPOS="1517"/>
<String CONTENT="of" HEIGHT="54" WIDTH="65" VPOS="963" HPOS="1547"/>
<SP HEIGHT="53" WIDTH="25" VPOS="963" HPOS="1613"/>
<String CONTENT="the" HEIGHT="52" WIDTH="98" VPOS="964" HPOS="1639"/>
<SP HEIGHT="33" WIDTH="26" VPOS="983" HPOS="1738"/>
<String CONTENT="attorney" HEIGHT="65" WIDTH="266" VPOS="968" HPOS="1765"/>
<SP HEIGHT="51" WIDTH="25" VPOS="982" HPOS="2032"/>
<String CONTENT="general," HEIGHT="129" WIDTH="1991" VPOS="982" HPOS="177"/>
<SP HEIGHT="62" WIDTH="23" VPOS="1049" HPOS="314"/>
<String CONTENT="the" HEIGHT="53" WIDTH="97" VPOS="1044" HPOS="338"/>
</TextLine>
<TextLine HEIGHT="71" WIDTH="1730" VPOS="1041" HPOS="462">
<String CONTENT="various" HEIGHT="51" WIDTH="229" VPOS="1045" HPOS="462"/>
<SP HEIGHT="34" WIDTH="26" VPOS="1062" HPOS="692"/>
<String CONTENT="courts" HEIGHT="47" WIDTH="190" VPOS="1049" HPOS="719"/>
<SP HEIGHT="33" WIDTH="25" VPOS="1063" HPOS="910"/>
<String CONTENT="of" HEIGHT="54" WIDTH="65" VPOS="1042" HPOS="936"/>
<SP HEIGHT="53" WIDTH="23" VPOS="1042" HPOS="1002"/>
<String CONTENT="Pennsylvania" HEIGHT="69" WIDTH="431" VPOS="1043" HPOS="1026"/>
<SP HEIGHT="34" WIDTH="27" VPOS="1061" HPOS="1458"/>
<String CONTENT="and" HEIGHT="52" WIDTH="114" VPOS="1043" HPOS="1486"/>
<SP HEIGHT="52" WIDTH="25" VPOS="1043" HPOS="1601"/>
<String CONTENT="the" HEIGHT="53" WIDTH="98" VPOS="1042" HPOS="1627"/>
<SP HEIGHT="54" WIDTH="23" VPOS="1043" HPOS="1726"/>
<String CONTENT="United" HEIGHT="54" WIDTH="220" VPOS="1043" HPOS="1750"/>
<SP HEIGHT="56" WIDTH="30" VPOS="1041" HPOS="1971"/>
<String CONTENT="States" HEIGHT="56" WIDTH="190" VPOS="1041" HPOS="2002"/>
</TextLine>
<TextLine HEIGHT="69" WIDTH="2016" VPOS="1121" HPOS="175">
<String CONTENT="Supreme" HEIGHT="68" WIDTH="279" VPOS="1122" HPOS="175"/>
<SP HEIGHT="34" WIDTH="44" VPOS="1141" HPOS="455"/>
<String CONTENT="court" HEIGHT="48" WIDTH="161" VPOS="1127" HPOS="500"/>
<SP HEIGHT="52" WIDTH="43" VPOS="1122" HPOS="662"/>
<String CONTENT="involving" HEIGHT="69" WIDTH="303" VPOS="1121" HPOS="706"/>
<SP HEIGHT="63" WIDTH="43" VPOS="1127" HPOS="1010"/>
<String CONTENT="the" HEIGHT="52" WIDTH="97" VPOS="1122" HPOS="1054"/>
<SP HEIGHT="54" WIDTH="43" VPOS="1122" HPOS="1152"/>
<String CONTENT="Workmen&#8217;s" HEIGHT="55" WIDTH="365" VPOS="1121" HPOS="1196"/>
<SP HEIGHT="34" WIDTH="41" VPOS="1140" HPOS="1562"/>
<String CONTENT="compensation" HEIGHT="69" WIDTH="430" VPOS="1121" HPOS="1604"/>
<SP HEIGHT="52" WIDTH="43" VPOS="1122" HPOS="2035"/>
<String CONTENT="law" HEIGHT="52" WIDTH="112" VPOS="1122" HPOS="2079"/>
</TextLine>
<TextLine HEIGHT="71" WIDTH="2015" VPOS="1198" HPOS="175">
<String CONTENT="of" HEIGHT="53" WIDTH="65" VPOS="1200" HPOS="175"/>
<SP HEIGHT="53" WIDTH="37" VPOS="1200" HPOS="241"/>
<String CONTENT="Pennsylvania" HEIGHT="69" WIDTH="429" VPOS="1200" HPOS="279"/>
<SP HEIGHT="52" WIDTH="42" VPOS="1201" HPOS="709"/>
<String CONTENT="during" HEIGHT="69" WIDTH="215" VPOS="1200" HPOS="752"/>
<SP HEIGHT="64" WIDTH="37" VPOS="1205" HPOS="968"/>
<String CONTENT="the" HEIGHT="53" WIDTH="97" VPOS="1200" HPOS="1006"/>
<SP HEIGHT="50" WIDTH="37" VPOS="1219" HPOS="1104"/>
<String CONTENT="year" HEIGHT="53" WIDTH="138" VPOS="1216" HPOS="1142"/>
<SP HEIGHT="49" WIDTH="42" VPOS="1204" HPOS="1281"/>
<String CONTENT="1927." HEIGHT="54" WIDTH="151" VPOS="1199" HPOS="1324"/>
<SP HEIGHT="52" WIDTH="76" VPOS="1200" HPOS="1476"/>
<String CONTENT="Edited" HEIGHT="55" WIDTH="216" VPOS="1198" HPOS="1553"/>
<SP HEIGHT="53" WIDTH="39" VPOS="1200" HPOS="1770"/>
<String CONTENT="by" HEIGHT="69" WIDTH="77" VPOS="1200" HPOS="1810"/>
<SP HEIGHT="69" WIDTH="39" VPOS="1200" HPOS="1888"/>
<String CONTENT="Karl" HEIGHT="52" WIDTH="151" VPOS="1200" HPOS="1928"/>
<SP HEIGHT="52" WIDTH="41" VPOS="1200" HPOS="2080"/>
<String CONTENT="E." HEIGHT="53" WIDTH="68" VPOS="1200" HPOS="2122"/>
</TextLine>
<TextLine HEIGHT="228" WIDTH="1996" VPOS="1278" HPOS="175" CS="1">
<String CONTENT="Richards" HEIGHT="53" WIDTH="286" VPOS="1280" HPOS="175"/>
<SP HEIGHT="33" WIDTH="45" VPOS="1299" HPOS="462"/>
<String CS="1" CONTENT="&#8230;"/>
<SP HEIGHT="51" WIDTH="79" VPOS="1280" HPOS="564"/>
<String CONTENT="Reprinted" HEIGHT="68" WIDTH="320" VPOS="1279" HPOS="644"/>
<SP HEIGHT="53" WIDTH="41" VPOS="1278" HPOS="965"/>
<String CONTENT="from" HEIGHT="53" WIDTH="153" VPOS="1278" HPOS="1007"/>
<SP HEIGHT="33" WIDTH="39" VPOS="1298" HPOS="1161"/>
<String CONTENT="volume" HEIGHT="51" WIDTH="228" VPOS="1280" HPOS="1201"/>
<SP HEIGHT="49" WIDTH="41" VPOS="1282" HPOS="1430"/>
<String CONTENT="13" HEIGHT="50" WIDTH="63" VPOS="1281" HPOS="1472"/>
<SP HEIGHT="50" WIDTH="40" VPOS="1281" HPOS="1536"/>
<String CONTENT="of" HEIGHT="53" WIDTH="66" VPOS="1278" HPOS="1577"/>
<SP HEIGHT="53" WIDTH="35" VPOS="1278" HPOS="1644"/>
<String CONTENT="Department" HEIGHT="69" WIDTH="388" VPOS="1279" HPOS="1680"/>
<SP HEIGHT="47" WIDTH="38" VPOS="1284" HPOS="2069"/>
<String CONTENT="reports" HEIGHT="127" WIDTH="1990" VPOS="1298" HPOS="177"/>
<SP HEIGHT="34" WIDTH="44" VPOS="1377" HPOS="338"/>
<String CONTENT="of" HEIGHT="54" WIDTH="65" VPOS="1357" HPOS="383"/>
<SP HEIGHT="52" WIDTH="43" VPOS="1357" HPOS="449"/>
<String CONTENT="Pennsylvania." HEIGHT="69" WIDTH="445" VPOS="1357" HPOS="493"/>
<SP HEIGHT="33" WIDTH="81" VPOS="1391" HPOS="939"/>
<String CONTENT="[Harrisburg," HEIGHT="71" WIDTH="400" VPOS="1356" HPOS="1021"/>
<SP HEIGHT="66" WIDTH="43" VPOS="1359" HPOS="1422"/>
<String CONTENT="Pa.," HEIGHT="68" WIDTH="122" VPOS="1359" HPOS="1466"/>
<SP HEIGHT="68" WIDTH="42" VPOS="1359" HPOS="1589"/>
<String CONTENT="Telegraph" HEIGHT="69" WIDTH="328" VPOS="1358" HPOS="1632"/>
<SP HEIGHT="68" WIDTH="43" VPOS="1358" HPOS="1961"/>
<String CONTENT="printing" HEIGHT="148" WIDTH="1994" VPOS="1358" HPOS="177"/>
<SP HEIGHT="50" WIDTH="28" VPOS="1456" HPOS="279"/>
<String CONTENT="co.," HEIGHT="48" WIDTH="98" VPOS="1456" HPOS="308"/>
<SP HEIGHT="63" WIDTH="31" VPOS="1441" HPOS="407"/>
<String CONTENT="1928]" HEIGHT="64" WIDTH="152" VPOS="1439" HPOS="439"/>
</TextLine>
<TextLine HEIGHT="49" WIDTH="279" VPOS="1519" HPOS="243" STYLEREFS="StyleId-C1A423DC-1A01-45DC-9466-B98277F7AB6C-" CS="1">
<String CONTENT="515" HEIGHT="39" WIDTH="86" VPOS="1521" HPOS="243"/>
<SP HEIGHT="47" WIDTH="30" VPOS="1521" HPOS="330"/>
<String CONTENT="p." HEIGHT="37" WIDTH="44" VPOS="1531" HPOS="361"/>
<SP HEIGHT="41" WIDTH="58" VPOS="1519" HPOS="406"/>
<String CONTENT="24" HEIGHT="40" WIDTH="57" VPOS="1519" HPOS="465"/>
<String STYLE="superscript" CS="1" CONTENT="&#7580;&#7504;."/>
</TextLine>
<TextLine HEIGHT="52" WIDTH="2017" VPOS="1573" HPOS="178" STYLEREFS="StyleId-C1A423DC-1A01-45DC-9466-B98277F7AB6C-" CS="1">
<String CONTENT="&#169;" HEIGHT="52" WIDTH="52" VPOS="1573" HPOS="178"/>
<SP HEIGHT="52" WIDTH="34" VPOS="1573" HPOS="231"/>
<String CONTENT="Mar." HEIGHT="39" WIDTH="122" VPOS="1578" HPOS="266"/>
<SP/>
<String CONTENT="15," HEIGHT="48" WIDTH="68" VPOS="1577" HPOS="424"/>
<SP HEIGHT="48" WIDTH="34" VPOS="1577" HPOS="493"/>
<String CONTENT="1928;" HEIGHT="48" WIDTH="142" VPOS="1576" HPOS="528"/>
<SP HEIGHT="47" WIDTH="35" VPOS="1577" HPOS="671"/>
<String CONTENT="2c." HEIGHT="41" WIDTH="69" VPOS="1577" HPOS="707"/>
<SP HEIGHT="32" WIDTH="32" VPOS="1586" HPOS="777"/>
<String CONTENT="and" HEIGHT="38" WIDTH="95" VPOS="1578" HPOS="810"/>
<SP HEIGHT="39" WIDTH="33" VPOS="1578" HPOS="906"/>
<String CONTENT="aff." HEIGHT="42" WIDTH="83" VPOS="1576" HPOS="940"/>
<SP HEIGHT="40" WIDTH="34" VPOS="1578" HPOS="1024"/>
<String CONTENT="Mar." HEIGHT="40" WIDTH="123" VPOS="1578" HPOS="1059"/>
<SP HEIGHT="40" WIDTH="34" VPOS="1578" HPOS="1183"/>
<String CONTENT="17;" HEIGHT="46" WIDTH="83" VPOS="1578" HPOS="1218"/>
<SP HEIGHT="46" WIDTH="36" VPOS="1578" HPOS="1302"/>
<!-- cceid 17AC586D-6CB2-1014-A20E-B9D6251C946A --><String CONTENT="A" HEIGHT="38" WIDTH="42" VPOS="1578" HPOS="1339"/>
<SP HEIGHT="39" WIDTH="32" VPOS="1578" HPOS="1382"/>
<String CONTENT="1069332;" HEIGHT="47" WIDTH="231" VPOS="1576" HPOS="1415"/>
<SP HEIGHT="45" WIDTH="37" VPOS="1578" HPOS="1647"/>
<String CONTENT="Karl" HEIGHT="39" WIDTH="124" VPOS="1578" HPOS="1685"/>
<SP HEIGHT="39" WIDTH="35" VPOS="1578" HPOS="1810"/>
<String CONTENT="E." HEIGHT="39" WIDTH="53" VPOS="1578" HPOS="1846"/>
<SP HEIGHT="41" WIDTH="36" VPOS="1576" HPOS="1900"/>
<String CONTENT="Richards," HEIGHT="48" WIDTH="258" VPOS="1576" HPOS="1937"/>
</TextLine>
<TextLine HEIGHT="48" WIDTH="321" VPOS="1634" HPOS="246" STYLEREFS="StyleId-C1A423DC-1A01-45DC-9466-B98277F7AB6C-">
<String CONTENT="Harrisburg." HEIGHT="48" WIDTH="321" VPOS="1634" HPOS="246"/>
</TextLine>
<TextLine HEIGHT="69" WIDTH="766" VPOS="1728" HPOS="177">
<String CONTENT="[Potter," HEIGHT="69" WIDTH="245" VPOS="1728" HPOS="177"/>
<SP HEIGHT="63" WIDTH="28" VPOS="1729" HPOS="423"/>
<String CONTENT="Blanche]" HEIGHT="69" WIDTH="281" VPOS="1728" HPOS="452"/>
<SP HEIGHT="65" WIDTH="37" VPOS="1732" HPOS="734"/>
<String CONTENT="1864-" HEIGHT="50" WIDTH="171" VPOS="1732" HPOS="772"/>
</TextLine>
<TextLine HEIGHT="70" WIDTH="1953" VPOS="1807" HPOS="247">
<String CONTENT="Recollections" HEIGHT="53" WIDTH="417" VPOS="1807" HPOS="247"/>
<SP HEIGHT="33" WIDTH="30" VPOS="1827" HPOS="665"/>
<String CONTENT="of" HEIGHT="53" WIDTH="65" VPOS="1807" HPOS="696"/>
<SP HEIGHT="53" WIDTH="28" VPOS="1807" HPOS="762"/>
<String CONTENT="a" HEIGHT="34" WIDTH="31" VPOS="1826" HPOS="791"/>
<SP HEIGHT="52" WIDTH="28" VPOS="1808" HPOS="823"/>
<String CONTENT="little" HEIGHT="53" WIDTH="152" VPOS="1808" HPOS="852"/>
<SP HEIGHT="52" WIDTH="29" VPOS="1809" HPOS="1005"/>
<String CONTENT="life." HEIGHT="54" WIDTH="123" VPOS="1807" HPOS="1035"/>
<SP HEIGHT="53" WIDTH="68" VPOS="1809" HPOS="1159"/>
<String CONTENT="New" HEIGHT="53" WIDTH="142" VPOS="1809" HPOS="1228"/>
<SP HEIGHT="53" WIDTH="31" VPOS="1809" HPOS="1371"/>
<String CONTENT="York," HEIGHT="69" WIDTH="183" VPOS="1808" HPOS="1403"/>
<SP HEIGHT="68" WIDTH="29" VPOS="1809" HPOS="1587"/>
<String CONTENT="Priv." HEIGHT="54" WIDTH="161" VPOS="1808" HPOS="1617"/>
<SP HEIGHT="49" WIDTH="33" VPOS="1828" HPOS="1779"/>
<String CONTENT="print.," HEIGHT="69" WIDTH="198" VPOS="1808" HPOS="1813"/>
<SP HEIGHT="65" WIDTH="34" VPOS="1812" HPOS="2012"/>
<String CONTENT="1927." HEIGHT="55" WIDTH="153" VPOS="1808" HPOS="2047"/>
</TextLine>
<TextLine HEIGHT="50" WIDTH="1313" VPOS="1889" HPOS="248" CS="1">
<String CONTENT="7" HEIGHT="39" WIDTH="26" VPOS="1891" HPOS="248"/>
<SP HEIGHT="46" WIDTH="23" VPOS="1891" HPOS="275"/>
<String LANG="fr" CONTENT="p." HEIGHT="37" WIDTH="43" VPOS="1900" HPOS="299"/>
<SP HEIGHT="39" WIDTH="23" VPOS="1891" HPOS="343"/>
<String CS="1" CONTENT="l.,"/>
<SP HEIGHT="48" WIDTH="23" VPOS="1889" HPOS="414"/>
<String CONTENT="ix-xviii," HEIGHT="48" WIDTH="220" VPOS="1889" HPOS="438"/>
<SP HEIGHT="47" WIDTH="23" VPOS="1890" HPOS="659"/>
<String CONTENT="310" HEIGHT="41" WIDTH="87" VPOS="1889" HPOS="683"/>
<SP HEIGHT="49" WIDTH="23" VPOS="1889" HPOS="771"/>
<String CONTENT="p." HEIGHT="37" WIDTH="44" VPOS="1901" HPOS="795"/>
<SP HEIGHT="41" WIDTH="57" VPOS="1890" HPOS="840"/>
<String CONTENT="front.," HEIGHT="48" WIDTH="166" VPOS="1890" HPOS="898"/>
<SP HEIGHT="38" WIDTH="25" VPOS="1901" HPOS="1065"/>
<String CONTENT="plates," HEIGHT="48" WIDTH="174" VPOS="1891" HPOS="1091"/>
<SP HEIGHT="37" WIDTH="25" VPOS="1902" HPOS="1266"/>
<String CONTENT="ports." HEIGHT="46" WIDTH="152" VPOS="1893" HPOS="1292"/>
<SP HEIGHT="41" WIDTH="57" VPOS="1891" HPOS="1445"/>
<String CS="1" CONTENT="24&#189;" HEIGHT="40" WIDTH="58" VPOS="1891" HPOS="1503"/>
<String STYLE="superscript" CS="1" CONTENT="&#7580;&#7504;."/>
</TextLine>
<TextLine HEIGHT="51" WIDTH="1952" VPOS="1946" HPOS="251" STYLEREFS="StyleId-C1A423DC-1A01-45DC-9466-B98277F7AB6C-">
<String CONTENT="&#8220;Only" HEIGHT="48" WIDTH="154" VPOS="1946" HPOS="251"/>
<SP HEIGHT="48" WIDTH="32" VPOS="1946" HPOS="406"/>
<String CONTENT="fifty" HEIGHT="48" WIDTH="114" VPOS="1946" HPOS="439"/>
<SP HEIGHT="37" WIDTH="35" VPOS="1957" HPOS="554"/>
<String CONTENT="copies" HEIGHT="49" WIDTH="161" VPOS="1946" HPOS="590"/>
<SP HEIGHT="29" WIDTH="35" VPOS="1958" HPOS="752"/>
<String CONTENT="of" HEIGHT="39" WIDTH="52" VPOS="1948" HPOS="788"/>
<SP HEIGHT="39" WIDTH="34" VPOS="1948" HPOS="841"/>
<String CONTENT="this" HEIGHT="40" WIDTH="101" VPOS="1948" HPOS="876"/>
<SP HEIGHT="40" WIDTH="35" VPOS="1948" HPOS="978"/>
<String CONTENT="book" HEIGHT="40" WIDTH="125" VPOS="1948" HPOS="1014"/>
<SP HEIGHT="39" WIDTH="34" VPOS="1948" HPOS="1140"/>
<String CONTENT="have" HEIGHT="40" WIDTH="126" VPOS="1948" HPOS="1175"/>
<SP HEIGHT="41" WIDTH="36" VPOS="1948" HPOS="1302"/>
<String CONTENT="been" HEIGHT="41" WIDTH="121" VPOS="1948" HPOS="1339"/>
<SP HEIGHT="37" WIDTH="35" VPOS="1960" HPOS="1461"/>
<String CONTENT="printed.&#8221;" HEIGHT="49" WIDTH="240" VPOS="1948" HPOS="1497"/>
<SP HEIGHT="40" WIDTH="60" VPOS="1948" HPOS="1738"/>
<String CONTENT="This" HEIGHT="41" WIDTH="121" VPOS="1948" HPOS="1799"/>
<SP HEIGHT="29" WIDTH="35" VPOS="1960" HPOS="1921"/>
<String CONTENT="copy" HEIGHT="37" WIDTH="120" VPOS="1960" HPOS="1957"/>
<SP HEIGHT="37" WIDTH="38" VPOS="1960" HPOS="2078"/>
<String CONTENT="not" HEIGHT="38" WIDTH="86" VPOS="1952" HPOS="2117"/>
</TextLine>
<TextLine HEIGHT="41" WIDTH="280" VPOS="2003" HPOS="178" STYLEREFS="StyleId-C1A423DC-1A01-45DC-9466-B98277F7AB6C-">
<String CONTENT="numbered." HEIGHT="41" WIDTH="280" VPOS="2003" HPOS="178"/>
</TextLine>
<TextLine HEIGHT="43" WIDTH="973" VPOS="2060" HPOS="249" STYLEREFS="StyleId-C1A423DC-1A01-45DC-9466-B98277F7AB6C-" CS="1">
<String CONTENT="Lettered" HEIGHT="41" WIDTH="230" VPOS="2060" HPOS="249"/>
<SP HEIGHT="39" WIDTH="25" VPOS="2062" HPOS="480"/>
<String CONTENT="on" HEIGHT="30" WIDTH="61" VPOS="2071" HPOS="506"/>
<SP HEIGHT="29" WIDTH="24" VPOS="2072" HPOS="568"/>
<String CS="1" CONTENT="cover:" HEIGHT="29" WIDTH="142" VPOS="2072" HPOS="593"/>
<SP HEIGHT="39" WIDTH="27" VPOS="2062" HPOS="764"/>
<String CONTENT="Blanche" HEIGHT="40" WIDTH="217" VPOS="2062" HPOS="792"/>
<SP HEIGHT="40" WIDTH="27" VPOS="2062" HPOS="1010"/>
<String CONTENT="Potter." HEIGHT="41" WIDTH="184" VPOS="2062" HPOS="1038"/>
</TextLine>
<TextLine HEIGHT="55" WIDTH="2019" VPOS="2115" HPOS="179" STYLEREFS="StyleId-C1A423DC-1A01-45DC-9466-B98277F7AB6C-" CS="1">
<String CONTENT="&#169;" HEIGHT="52" WIDTH="52" VPOS="2115" HPOS="179"/>
<SP HEIGHT="52" WIDTH="31" VPOS="2115" HPOS="232"/>
<String CONTENT="Dec." HEIGHT="41" WIDTH="113" VPOS="2119" HPOS="264"/>
<SP HEIGHT="40" WIDTH="30" VPOS="2120" HPOS="378"/>
<String CONTENT="17," HEIGHT="47" WIDTH="69" VPOS="2120" HPOS="409"/>
<SP HEIGHT="47" WIDTH="30" VPOS="2120" HPOS="479"/>
<String CS="1" CONTENT="1927;" HEIGHT="40" WIDTH="115" VPOS="2119" HPOS="510"/>
<SP HEIGHT="47" WIDTH="30" VPOS="2119" HPOS="653"/>
<String CONTENT="2c." HEIGHT="41" WIDTH="69" VPOS="2119" HPOS="684"/>
<SP HEIGHT="40" WIDTH="30" VPOS="2120" HPOS="754"/>
<String CONTENT="Jan." HEIGHT="41" WIDTH="112" VPOS="2120" HPOS="785"/>
<SP HEIGHT="40" WIDTH="29" VPOS="2121" HPOS="898"/>
<String CONTENT="14," HEIGHT="48" WIDTH="69" VPOS="2120" HPOS="928"/>
<SP HEIGHT="48" WIDTH="31" VPOS="2120" HPOS="998"/>
<String CONTENT="1928;" HEIGHT="48" WIDTH="142" VPOS="2119" HPOS="1030"/>
<SP HEIGHT="37" WIDTH="32" VPOS="2130" HPOS="1173"/>
<String CONTENT="aff." HEIGHT="43" WIDTH="85" VPOS="2119" HPOS="1206"/>
<SP HEIGHT="41" WIDTH="29" VPOS="2121" HPOS="1292"/>
<String CONTENT="Jan." HEIGHT="41" WIDTH="112" VPOS="2121" HPOS="1322"/>
<SP HEIGHT="41" WIDTH="29" VPOS="2121" HPOS="1435"/>
<String CONTENT="25;" HEIGHT="47" WIDTH="84" VPOS="2121" HPOS="1465"/>
<SP HEIGHT="47" WIDTH="33" VPOS="2121" HPOS="1550"/>
<!-- cceid 17AD3361-6CB2-1014-A20E-B9D6251C946A --><String CONTENT="A" HEIGHT="40" WIDTH="43" VPOS="2121" HPOS="1584"/>
<SP HEIGHT="40" WIDTH="29" VPOS="2121" HPOS="1628"/>
<String CONTENT="1010978;" HEIGHT="49" WIDTH="233" VPOS="2120" HPOS="1658"/>
<SP HEIGHT="47" WIDTH="33" VPOS="2122" HPOS="1892"/>
<String CONTENT="B." HEIGHT="41" WIDTH="55" VPOS="2122" HPOS="1926"/>
<SP HEIGHT="41" WIDTH="30" VPOS="2122" HPOS="1982"/>
<String CONTENT="Potter," HEIGHT="48" WIDTH="185" VPOS="2122" HPOS="2013"/>
</TextLine>
<TextLine HEIGHT="51" WIDTH="618" VPOS="2176" HPOS="247" STYLEREFS="StyleId-C1A423DC-1A01-45DC-9466-B98277F7AB6C-">
<String CONTENT="New" HEIGHT="39" WIDTH="119" VPOS="2177" HPOS="247"/>
<SP HEIGHT="39" WIDTH="23" VPOS="2177" HPOS="367"/>
<String CONTENT="York." HEIGHT="40" WIDTH="148" VPOS="2177" HPOS="391"/>
<SP HEIGHT="49" WIDTH="69" VPOS="2177" HPOS="540"/>
<String CONTENT="(28-6417)" HEIGHT="51" WIDTH="255" VPOS="2176" HPOS="610"/>
</TextLine>
<TextLine HEIGHT="63" WIDTH="552" VPOS="2270" HPOS="173">
<String LANG="de" CONTENT="Privat," HEIGHT="63" WIDTH="227" VPOS="2270" HPOS="173"/>
<SP HEIGHT="62" WIDTH="34" VPOS="2271" HPOS="401"/>
<String LANG="en-US" CONTENT="Edmond." HEIGHT="53" WIDTH="289" VPOS="2271" HPOS="436"/>
</TextLine>
<TextLine HEIGHT="74" WIDTH="1887" VPOS="2349" HPOS="311" CS="1">
<String LANG="en-US" CS="1" CONTENT="&#8230;"/>
<SP HEIGHT="52" WIDTH="66" VPOS="2350" HPOS="311"/>
<String LANG="en-US" CONTENT="Historio" HEIGHT="55" WIDTH="267" VPOS="2349" HPOS="378"/>
<SP HEIGHT="54" WIDTH="63" VPOS="2350" HPOS="646"/>
<String LANG="fr" CONTENT="de" HEIGHT="54" WIDTH="70" VPOS="2350" HPOS="710"/>
<SP HEIGHT="52" WIDTH="60" VPOS="2352" HPOS="781"/>
<String LANG="fr" CONTENT="la" HEIGHT="52" WIDTH="55" VPOS="2352" HPOS="842"/>
<SP HEIGHT="52" WIDTH="63" VPOS="2352" HPOS="898"/>
<String LANG="en-US" CONTENT="lingvo" HEIGHT="70" WIDTH="198" VPOS="2350" HPOS="962"/>
<SP HEIGHT="35" WIDTH="64" VPOS="2370" HPOS="1161"/>
<String LANG="fr" CONTENT="esp&#233;ranto." HEIGHT="63" WIDTH="319" VPOS="2357" HPOS="1226"/>
<SP HEIGHT="35" WIDTH="81" VPOS="2386" HPOS="1546"/>
<String LANG="fr" CS="1" CONTENT="["/>
<String LANG="en-US" CONTENT="Dua" HEIGHT="54" WIDTH="133" VPOS="2353" HPOS="1645"/>
<SP HEIGHT="51" WIDTH="64" VPOS="2372" HPOS="1779"/>
<String LANG="en-US" CS="1" CONTENT="part]]" HEIGHT="64" WIDTH="187" VPOS="2359" HPOS="1844"/>
<SP HEIGHT="67" WIDTH="80" VPOS="2354" HPOS="2032"/>
<String LANG="en-US" CONTENT="La" HEIGHT="54" WIDTH="85" VPOS="2354" HPOS="2113"/>
</TextLine>
<TextLine HEIGHT="72" WIDTH="1658" VPOS="2429" HPOS="179">
<String CONTENT="movado" HEIGHT="53" WIDTH="248" VPOS="2429" HPOS="179"/>
<SP HEIGHT="50" WIDTH="27" VPOS="2432" HPOS="428"/>
<String CONTENT="1900-1927." HEIGHT="54" WIDTH="328" VPOS="2429" HPOS="456"/>
<SP HEIGHT="51" WIDTH="74" VPOS="2431" HPOS="785"/>
<String CONTENT="Leipzig," HEIGHT="70" WIDTH="262" VPOS="2430" HPOS="860"/>
<SP HEIGHT="68" WIDTH="27" VPOS="2431" HPOS="1123"/>
<String CONTENT="F." HEIGHT="53" WIDTH="65" VPOS="2431" HPOS="1151"/>
<SP HEIGHT="53" WIDTH="29" VPOS="2431" HPOS="1217"/>
<String LANG="de" CONTENT="Hirt" HEIGHT="54" WIDTH="146" VPOS="2430" HPOS="1247"/>
<SP HEIGHT="50" WIDTH="23" VPOS="2434" HPOS="1394"/>
<String CONTENT="&amp;" HEIGHT="50" WIDTH="48" VPOS="2434" HPOS="1418"/>
<SP HEIGHT="52" WIDTH="23" VPOS="2434" HPOS="1467"/>
<String CONTENT="sohn," HEIGHT="68" WIDTH="162" VPOS="2433" HPOS="1491"/>
<SP HEIGHT="64" WIDTH="29" VPOS="2437" HPOS="1654"/>
<String CONTENT="1927." HEIGHT="54" WIDTH="153" VPOS="2433" HPOS="1684"/>
</TextLine>
<TextLine HEIGHT="49" WIDTH="285" VPOS="2512" HPOS="250" STYLEREFS="StyleId-C1A423DC-1A01-45DC-9466-B98277F7AB6C-" CS="1">
<String CONTENT="199" HEIGHT="40" WIDTH="85" VPOS="2512" HPOS="250"/>
<SP HEIGHT="49" WIDTH="33" VPOS="2512" HPOS="336"/>
<String CONTENT="p." HEIGHT="37" WIDTH="45" VPOS="2524" HPOS="370"/>
<SP HEIGHT="39" WIDTH="59" VPOS="2514" HPOS="416"/>
<String CS="1" CONTENT="19&#189;&#7580;&#7504;." HEIGHT="41" WIDTH="59" VPOS="2512" HPOS="476"/>
</TextLine>
<TextLine HEIGHT="56" WIDTH="2020" VPOS="2565" HPOS="181" STYLEREFS="StyleId-C1A423DC-1A01-45DC-9466-B98277F7AB6C-" CS="1">
<String CONTENT="&#169;" HEIGHT="52" WIDTH="52" VPOS="2565" HPOS="181"/>
<SP HEIGHT="52" WIDTH="23" VPOS="2565" HPOS="234"/>
<String CONTENT="Aug." HEIGHT="48" WIDTH="122" VPOS="2570" HPOS="258"/>
<SP HEIGHT="41" WIDTH="24" VPOS="2570" HPOS="381"/>
<String CONTENT="3," HEIGHT="49" WIDTH="40" VPOS="2570" HPOS="406"/>
<SP HEIGHT="48" WIDTH="26" VPOS="2571" HPOS="447"/>
<String CS="1" CONTENT="1927;" HEIGHT="42" WIDTH="114" VPOS="2569" HPOS="474"/>
<SP/>
<String CS="1" CONTENT="1c."/>
<SP/>
<String CONTENT="Dec." HEIGHT="41" WIDTH="114" VPOS="2571" HPOS="740"/>
<SP HEIGHT="40" WIDTH="24" VPOS="2572" HPOS="855"/>
<String CS="1" CONTENT="20;" HEIGHT="41" WIDTH="60" VPOS="2570" HPOS="880"/>
<SP HEIGHT="47" WIDTH="28" VPOS="2572" HPOS="965"/>
<!-- cceid 17AE14FA-6CB2-1014-A20E-B9D6251C946A --><String CONTENT="A&#8212;Foreign" HEIGHT="50" WIDTH="316" VPOS="2571" HPOS="994"/>
<SP HEIGHT="40" WIDTH="25" VPOS="2573" HPOS="1311"/>
<String CS="1" CONTENT="36534;" HEIGHT="41" WIDTH="146" VPOS="2572" HPOS="1337"/>
<SP HEIGHT="47" WIDTH="29" VPOS="2573" HPOS="1511"/>
<String CONTENT="Ferdinand" HEIGHT="41" WIDTH="283" VPOS="2573" HPOS="1541"/>
<SP HEIGHT="40" WIDTH="26" VPOS="2574" HPOS="1825"/>
<String LANG="de" CONTENT="Hirt" HEIGHT="42" WIDTH="119" VPOS="2574" HPOS="1852"/>
<SP HEIGHT="41" WIDTH="26" VPOS="2575" HPOS="1972"/>
<String CONTENT="&amp;" HEIGHT="39" WIDTH="37" VPOS="2575" HPOS="1999"/>
<SP HEIGHT="40" WIDTH="25" VPOS="2575" HPOS="2037"/>
<String CONTENT="sohn." HEIGHT="41" WIDTH="138" VPOS="2575" HPOS="2063"/>
</TextLine>
<TextLine HEIGHT="66" WIDTH="1099" VPOS="2679" HPOS="178">
<String CONTENT="Rendinell," HEIGHT="65" WIDTH="326" VPOS="2679" HPOS="178"/>
<SP HEIGHT="64" WIDTH="30" VPOS="2680" HPOS="505"/>
<String CONTENT="Joseph" HEIGHT="65" WIDTH="223" VPOS="2680" HPOS="536"/>
<SP HEIGHT="53" WIDTH="32" VPOS="2680" HPOS="760"/>
<String CONTENT="Edward," HEIGHT="64" WIDTH="276" VPOS="2681" HPOS="793"/>
<SP HEIGHT="59" WIDTH="33" VPOS="2686" HPOS="1070"/>
<String CONTENT="1894-" HEIGHT="50" WIDTH="173" VPOS="2685" HPOS="1104"/>
</TextLine>
<TextLine HEIGHT="76" WIDTH="1953" VPOS="2756" HPOS="250" CS="1">
<String CONTENT="One" HEIGHT="55" WIDTH="124" VPOS="2756" HPOS="250"/>
<SP HEIGHT="34" WIDTH="22" VPOS="2777" HPOS="375"/>
<String CONTENT="man&#8217;s" HEIGHT="53" WIDTH="181" VPOS="2759" HPOS="398"/>
<SP HEIGHT="34" WIDTH="22" VPOS="2778" HPOS="580"/>
<String CS="1" CONTENT="war:" HEIGHT="34" WIDTH="121" VPOS="2778" HPOS="603"/>
<SP HEIGHT="48" WIDTH="22" VPOS="2765" HPOS="753"/>
<String CONTENT="the" HEIGHT="53" WIDTH="98" VPOS="2760" HPOS="776"/>
<SP HEIGHT="53" WIDTH="23" VPOS="2760" HPOS="875"/>
<String CONTENT="diary" HEIGHT="70" WIDTH="169" VPOS="2760" HPOS="899"/>
<SP HEIGHT="51" WIDTH="22" VPOS="2779" HPOS="1069"/>
<String CONTENT="of" HEIGHT="54" WIDTH="65" VPOS="2760" HPOS="1092"/>
<SP HEIGHT="54" WIDTH="21" VPOS="2760" HPOS="1158"/>
<String CONTENT="a" HEIGHT="34" WIDTH="32" VPOS="2780" HPOS="1180"/>
<SP HEIGHT="51" WIDTH="22" VPOS="2763" HPOS="1213"/>
<String CONTENT="leatherneck," HEIGHT="68" WIDTH="382" VPOS="2762" HPOS="1236"/>
<SP HEIGHT="67" WIDTH="21" VPOS="2763" HPOS="1619"/>
<String CONTENT="by" HEIGHT="68" WIDTH="77" VPOS="2763" HPOS="1641"/>
<SP HEIGHT="68" WIDTH="22" VPOS="2763" HPOS="1719"/>
<String CONTENT="Corporal" HEIGHT="69" WIDTH="285" VPOS="2763" HPOS="1742"/>
<SP HEIGHT="54" WIDTH="23" VPOS="2764" HPOS="2028"/>
<String LANG="fr" CONTENT="J." HEIGHT="54" WIDTH="57" VPOS="2764" HPOS="2052"/>
<SP HEIGHT="53" WIDTH="25" VPOS="2764" HPOS="2110"/>
<String CONTENT="E." HEIGHT="53" WIDTH="67" VPOS="2764" HPOS="2136"/>
</TextLine>
<TextLine HEIGHT="74" WIDTH="1850" VPOS="2836" HPOS="179" CS="1">
<String CONTENT="Rendinell" HEIGHT="54" WIDTH="307" VPOS="2836" HPOS="179"/>
<SP HEIGHT="51" WIDTH="26" VPOS="2839" HPOS="487"/>
<String CONTENT="&amp;" HEIGHT="50" WIDTH="51" VPOS="2840" HPOS="514"/>
<SP HEIGHT="55" WIDTH="30" VPOS="2837" HPOS="566"/>
<String CONTENT="George" HEIGHT="71" WIDTH="224" VPOS="2837" HPOS="597"/>
<SP HEIGHT="52" WIDTH="28" VPOS="2840" HPOS="822"/>
<String CONTENT="Pattullo." HEIGHT="52" WIDTH="278" VPOS="2840" HPOS="851"/>
<SP HEIGHT="54" WIDTH="75" VPOS="2840" HPOS="1130"/>
<String CONTENT="New" HEIGHT="54" WIDTH="142" VPOS="2840" HPOS="1206"/>
<SP HEIGHT="52" WIDTH="27" VPOS="2842" HPOS="1349"/>
<String CONTENT="York," HEIGHT="69" WIDTH="181" VPOS="2841" HPOS="1377"/>
<SP HEIGHT="68" WIDTH="26" VPOS="2842" HPOS="1559"/>
<String CONTENT="J." HEIGHT="54" WIDTH="57" VPOS="2842" HPOS="1586"/>
<SP HEIGHT="53" WIDTH="27" VPOS="2842" HPOS="1644"/>
<String CONTENT="H." HEIGHT="54" WIDTH="79" VPOS="2842" HPOS="1672"/>
<SP HEIGHT="56" WIDTH="32" VPOS="2841" HPOS="1752"/>
<String CONTENT="Sears" HEIGHT="56" WIDTH="168" VPOS="2841" HPOS="1785"/>
<SP HEIGHT="50" WIDTH="28" VPOS="2846" HPOS="1954"/>
<String CONTENT="&amp;" HEIGHT="50" WIDTH="46" VPOS="2846" HPOS="1983"/>
</TextLine>
<TextLine HEIGHT="124" WIDTH="1998" VPOS="2862" HPOS="182" CS="1">
<String CONTENT="company," HEIGHT="122" WIDTH="1998" VPOS="2862" HPOS="182"/>
<SP HEIGHT="68" WIDTH="29" VPOS="2916" HPOS="352"/>
<String CONTENT="inc." HEIGHT="54" WIDTH="109" VPOS="2916" HPOS="382"/>
<SP HEIGHT="34" WIDTH="37" VPOS="2950" HPOS="492"/>
<String STYLE="subscript" CONTENT="[" HEIGHT="34" WIDTH="14" VPOS="2950" HPOS="530"/>
<String STYLE="superscript" CS="1" CONTENT="&#7580;19"/>
<String CONTENT="28" HEIGHT="51" WIDTH="69" VPOS="2920" HPOS="638"/>
<String STYLE="subscript" CONTENT="]" HEIGHT="35" WIDTH="14" VPOS="2951" HPOS="711"/>
</TextLine>
<TextLine HEIGHT="49" WIDTH="436" VPOS="2999" HPOS="249" CS="1">
<String LANG="en-US" CONTENT="xii," HEIGHT="47" WIDTH="84" VPOS="2999" HPOS="249"/>
<SP HEIGHT="46" WIDTH="21" VPOS="3000" HPOS="334"/>
<String LANG="en-US" CONTENT="177" HEIGHT="41" WIDTH="86" VPOS="3000" HPOS="356"/>
<SP HEIGHT="47" WIDTH="19" VPOS="3001" HPOS="443"/>
<String LANG="fr" CONTENT="p." HEIGHT="37" WIDTH="43" VPOS="3011" HPOS="463"/>
<SP HEIGHT="41" WIDTH="59" VPOS="3000" HPOS="507"/>
<String LANG="fr" CS="1" CONTENT="20cm." HEIGHT="42" WIDTH="118" VPOS="3000" HPOS="567"/>
</TextLine>
<TextLine HEIGHT="60" WIDTH="2016" VPOS="3052" HPOS="185" STYLEREFS="StyleId-C1A423DC-1A01-45DC-9466-B98277F7AB6C-" CS="1">
<String CONTENT="&#169;" HEIGHT="52" WIDTH="52" VPOS="3052" HPOS="185"/>
<SP HEIGHT="52" WIDTH="26" VPOS="3052" HPOS="238"/>
<String CONTENT="Feb." HEIGHT="42" WIDTH="112" VPOS="3056" HPOS="265"/>
<SP HEIGHT="39" WIDTH="24" VPOS="3058" HPOS="378"/>
<String CONTENT="15," HEIGHT="47" WIDTH="70" VPOS="3058" HPOS="403"/>
<SP HEIGHT="47" WIDTH="24" VPOS="3058" HPOS="474"/>
<String CS="1" CONTENT="1928;" HEIGHT="41" WIDTH="119" VPOS="3057" HPOS="499"/>
<SP HEIGHT="46" WIDTH="26" VPOS="3059" HPOS="642"/>
<String CONTENT="2c." HEIGHT="41" WIDTH="69" VPOS="3059" HPOS="669"/>
<SP HEIGHT="41" WIDTH="24" VPOS="3059" HPOS="739"/>
<String CONTENT="Feb." HEIGHT="41" WIDTH="113" VPOS="3059" HPOS="764"/>
<SP HEIGHT="41" WIDTH="24" VPOS="3059" HPOS="878"/>
<String CS="1" CONTENT="21;" HEIGHT="40" WIDTH="56" VPOS="3059" HPOS="903"/>
<SP HEIGHT="37" WIDTH="29" VPOS="3070" HPOS="988"/>
<String CONTENT="aff." HEIGHT="42" WIDTH="83" VPOS="3059" HPOS="1018"/>
<SP HEIGHT="41" WIDTH="26" VPOS="3060" HPOS="1102"/>
<String CONTENT="Feb." HEIGHT="42" WIDTH="114" VPOS="3060" HPOS="1129"/>
<SP HEIGHT="40" WIDTH="25" VPOS="3062" HPOS="1244"/>
<String CS="1" CONTENT="18;" HEIGHT="40" WIDTH="57" VPOS="3062" HPOS="1270"/>
<SP HEIGHT="46" WIDTH="29" VPOS="3062" HPOS="1353"/>
<!-- cceid 17AF52C3-6CB2-1014-A20E-B9D6251C946A --><String CONTENT="A" HEIGHT="38" WIDTH="42" VPOS="3062" HPOS="1383"/>
<SP HEIGHT="39" WIDTH="23" VPOS="3062" HPOS="1426"/>
<String CS="1" CONTENT="1018917;" HEIGHT="42" WIDTH="206" VPOS="3061" HPOS="1450"/>
<SP HEIGHT="47" WIDTH="30" VPOS="3063" HPOS="1683"/>
<String LANG="fr" CONTENT="J." HEIGHT="40" WIDTH="44" VPOS="3063" HPOS="1714"/>
<SP HEIGHT="40" WIDTH="28" VPOS="3063" HPOS="1759"/>
<String CONTENT="H." HEIGHT="41" WIDTH="61" VPOS="3063" HPOS="1788"/>
<SP HEIGHT="42" WIDTH="29" VPOS="3062" HPOS="1850"/>
<String CONTENT="Sears" HEIGHT="41" WIDTH="146" VPOS="3062" HPOS="1880"/>
<SP HEIGHT="41" WIDTH="26" VPOS="3063" HPOS="2027"/>
<String CONTENT="&amp;" HEIGHT="41" WIDTH="37" VPOS="3063" HPOS="2054"/>
<SP HEIGHT="41" WIDTH="25" VPOS="3063" HPOS="2092"/>
<String CONTENT="co.," HEIGHT="38" WIDTH="83" VPOS="3074" HPOS="2118"/>
</TextLine>
<TextLine HEIGHT="52" WIDTH="418" VPOS="3113" HPOS="252" STYLEREFS="StyleId-C1A423DC-1A01-45DC-9466-B98277F7AB6C-">
<String CONTENT="inc." HEIGHT="42" WIDTH="92" VPOS="3113" HPOS="252"/>
<SP HEIGHT="49" WIDTH="70" VPOS="3114" HPOS="345"/>
<String CONTENT="(28-6324)" HEIGHT="51" WIDTH="254" VPOS="3114" HPOS="416"/>
</TextLine>
<TextLine HEIGHT="66" WIDTH="727" VPOS="3192" HPOS="176">
<String CONTENT="Ricker," HEIGHT="64" WIDTH="234" VPOS="3192" HPOS="176"/>
<SP HEIGHT="62" WIDTH="35" VPOS="3194" HPOS="411"/>
<String CONTENT="Gustav," HEIGHT="64" WIDTH="249" VPOS="3194" HPOS="447"/>
<SP HEIGHT="58" WIDTH="32" VPOS="3200" HPOS="697"/>
<String CONTENT="1870-" HEIGHT="55" WIDTH="173" VPOS="3195" HPOS="730"/>
</TextLine>
<TextLine HEIGHT="154" WIDTH="1996" VPOS="3270" HPOS="180" CS="1">
<String LANG="en-US" CONTENT="Sklerose" HEIGHT="56" WIDTH="266" VPOS="3270" HPOS="252"/>
<SP HEIGHT="34" WIDTH="30" VPOS="3291" HPOS="519"/>
<String LANG="de" CONTENT="und" HEIGHT="52" WIDTH="119" VPOS="3274" HPOS="550"/>
<SP HEIGHT="52" WIDTH="30" VPOS="3274" HPOS="670"/>
<String LANG="fr" CONTENT="hypertonie" HEIGHT="69" WIDTH="343" VPOS="3274" HPOS="701"/>
<SP HEIGHT="52" WIDTH="31" VPOS="3277" HPOS="1045"/>
<String LANG="la" CONTENT="der" HEIGHT="52" WIDTH="101" VPOS="3277" HPOS="1077"/>
<SP HEIGHT="53" WIDTH="31" VPOS="3277" HPOS="1179"/>
<String LANG="la" CONTENT="innervi" HEIGHT="54" WIDTH="227" VPOS="3277" HPOS="1211"/>
<String LANG="de" CONTENT="erten" HEIGHT="48" WIDTH="159" VPOS="3283" HPOS="1444"/>
<SP HEIGHT="34" WIDTH="32" VPOS="3297" HPOS="1604"/>
<String LANG="la" CONTENT="arterien," HEIGHT="69" WIDTH="268" VPOS="3279" HPOS="1637"/>
<SP HEIGHT="49" WIDTH="31" VPOS="3299" HPOS="1906"/>
<String LANG="de" CONTENT="von" HEIGHT="35" WIDTH="114" VPOS="3298" HPOS="1938"/>
<SP HEIGHT="56" WIDTH="32" VPOS="3279" HPOS="2053"/>
<String LANG="de" CONTENT="Gustav" HEIGHT="124" WIDTH="1996" VPOS="3279" HPOS="180"/>
<SP HEIGHT="54" WIDTH="23" VPOS="3349" HPOS="309"/>
<String LANG="en-US" CONTENT="Ricker" HEIGHT="54" WIDTH="213" VPOS="3349" HPOS="333"/>
<SP HEIGHT="33" WIDTH="30" VPOS="3370" HPOS="547"/>
<String LANG="de" CS="1" CONTENT="&#8230;"/>
<SP HEIGHT="52" WIDTH="78" VPOS="3352" HPOS="635"/>
<String LANG="de" CONTENT="Berlin." HEIGHT="54" WIDTH="219" VPOS="3352" HPOS="714"/>
<SP HEIGHT="54" WIDTH="27" VPOS="3353" HPOS="934"/>
<String LANG="de" CONTENT="J." HEIGHT="54" WIDTH="56" VPOS="3353" HPOS="962"/>
<SP HEIGHT="56" WIDTH="30" VPOS="3352" HPOS="1019"/>
<String LANG="de" CONTENT="Springer," HEIGHT="72" WIDTH="304" VPOS="3352" HPOS="1050"/>
<SP HEIGHT="65" WIDTH="28" VPOS="3359" HPOS="1355"/>
<String LANG="de" CONTENT="1927." HEIGHT="53" WIDTH="152" VPOS="3357" HPOS="1384"/>
</TextLine>
<TextLine HEIGHT="51" WIDTH="479" VPOS="3433" HPOS="250" LANG="de" CS="1">
<String CONTENT="iv," HEIGHT="49" WIDTH="63" VPOS="3433" HPOS="250"/>
<SP HEIGHT="47" WIDTH="30" VPOS="3435" HPOS="314"/>
<String CONTENT="193," HEIGHT="49" WIDTH="101" VPOS="3433" HPOS="345"/>
<SP HEIGHT="31" WIDTH="33" VPOS="3453" HPOS="447"/>
<String CONTENT="[1]" HEIGHT="49" WIDTH="56" VPOS="3435" HPOS="481"/>
<SP HEIGHT="37" WIDTH="30" VPOS="3446" HPOS="538"/>
<String CONTENT="p." HEIGHT="37" WIDTH="44" VPOS="3446" HPOS="569"/>
<SP HEIGHT="39" WIDTH="57" VPOS="3436" HPOS="614"/>
<String CONTENT="24" HEIGHT="39" WIDTH="57" VPOS="3436" HPOS="672"/>
<String LANG="en-US" CS="1" CONTENT="&#189;"/>
<String STYLE="superscript" CS="1" CONTENT="&#7580;&#7504;."/>
</TextLine>
<TextLine HEIGHT="61" WIDTH="1793" VPOS="3486" HPOS="186" STYLEREFS="StyleId-C1A423DC-1A01-45DC-9466-B98277F7AB6C-" LANG="de" CS="1">
<String CONTENT="&#169;" HEIGHT="52" WIDTH="52" VPOS="3486" HPOS="186"/>
<SP HEIGHT="52" WIDTH="27" VPOS="3486" HPOS="239"/>
<String LANG="en-US" CONTENT="July" HEIGHT="47" WIDTH="117" VPOS="3491" HPOS="267"/>
<SP HEIGHT="47" WIDTH="28" VPOS="3491" HPOS="385"/>
<String CONTENT="7," HEIGHT="47" WIDTH="40" VPOS="3491" HPOS="414"/>
<SP HEIGHT="47" WIDTH="27" VPOS="3491" HPOS="455"/>
<String CS="1" CONTENT="1927;" HEIGHT="41" WIDTH="115" VPOS="3489" HPOS="483"/>
<SP/>
<String CS="1" CONTENT="1c."/>
<SP/>
<String CONTENT="Nov." HEIGHT="42" WIDTH="120" VPOS="3492" HPOS="751"/>
<SP HEIGHT="41" WIDTH="27" VPOS="3493" HPOS="872"/>
<String CONTENT="8;" HEIGHT="47" WIDTH="53" VPOS="3493" HPOS="900"/>
<SP HEIGHT="47" WIDTH="28" VPOS="3493" HPOS="954"/>
<!-- cceid 17B041AE-6CB2-1014-A20E-B9D6251C946A --><String LANG="en-US" CONTENT="A" HEIGHT="40" WIDTH="44" VPOS="3493" HPOS="983"/>
<String CONTENT="&#8212;Foreign" HEIGHT="49" WIDTH="273" VPOS="3494" HPOS="1027"/>
<SP HEIGHT="40" WIDTH="27" VPOS="3496" HPOS="1301"/>
<String CS="1" CONTENT="36437;" HEIGHT="42" WIDTH="146" VPOS="3495" HPOS="1329"/>
<SP HEIGHT="46" WIDTH="31" VPOS="3498" HPOS="1503"/>
<String CONTENT="Julius" HEIGHT="41" WIDTH="166" VPOS="3497" HPOS="1535"/>
<SP HEIGHT="41" WIDTH="29" VPOS="3497" HPOS="1702"/>
<String CONTENT="Springer." HEIGHT="50" WIDTH="247" VPOS="3497" HPOS="1732"/>
</TextLine>
<TextLine HEIGHT="54" WIDTH="253" VPOS="3542" HPOS="268" STYLEREFS="StyleId-C1A423DC-1A01-45DC-9466-B98277F7AB6C-" LANG="de">
<String CONTENT="(28-6629)" HEIGHT="54" WIDTH="253" VPOS="3542" HPOS="268"/>
</TextLine>
<TextLine HEIGHT="70" WIDTH="1267" VPOS="3626" HPOS="181">
<String LANG="de" CONTENT="Roberts," HEIGHT="65" WIDTH="275" VPOS="3626" HPOS="181"/>
<SP HEIGHT="63" WIDTH="33" VPOS="3628" HPOS="457"/>
<String LANG="de" CONTENT="Arthur" HEIGHT="54" WIDTH="236" VPOS="3628" HPOS="491"/>
<SP HEIGHT="53" WIDTH="30" VPOS="3630" HPOS="728"/>
<String LANG="en-US" CONTENT="Jeremiah," HEIGHT="66" WIDTH="323" VPOS="3630" HPOS="759"/>
<SP HEIGHT="59" WIDTH="35" VPOS="3637" HPOS="1083"/>
<String LANG="de" CONTENT="1867-1927." HEIGHT="56" WIDTH="329" VPOS="3633" HPOS="1119"/>
</TextLine>
<TextLine HEIGHT="134" WIDTH="1998" VPOS="3704" HPOS="182" CS="1">
<String CONTENT="Footprints;" HEIGHT="70" WIDTH="371" VPOS="3704" HPOS="251"/>
<SP HEIGHT="48" WIDTH="35" VPOS="3726" HPOS="623"/>
<String CONTENT="selections" HEIGHT="56" WIDTH="296" VPOS="3707" HPOS="659"/>
<SP HEIGHT="54" WIDTH="33" VPOS="3709" HPOS="956"/>
<String CONTENT="from" HEIGHT="55" WIDTH="155" VPOS="3709" HPOS="990"/>
<SP HEIGHT="48" WIDTH="29" VPOS="3717" HPOS="1146"/>
<String CONTENT="the" HEIGHT="54" WIDTH="99" VPOS="3712" HPOS="1176"/>
<SP HEIGHT="35" WIDTH="31" VPOS="3731" HPOS="1276"/>
<String CONTENT="writings" HEIGHT="71" WIDTH="264" VPOS="3713" HPOS="1308"/>
<SP HEIGHT="36" WIDTH="31" VPOS="3732" HPOS="1573"/>
<String CONTENT="of" HEIGHT="53" WIDTH="67" VPOS="3715" HPOS="1605"/>
<SP HEIGHT="53" WIDTH="28" VPOS="3715" HPOS="1673"/>
<String CONTENT="Arthur" HEIGHT="54" WIDTH="230" VPOS="3715" HPOS="1702"/>
<SP HEIGHT="54" WIDTH="27" VPOS="3717" HPOS="1933"/>
<String CONTENT="J." HEIGHT="54" WIDTH="56" VPOS="3717" HPOS="1961"/>
<SP HEIGHT="52" WIDTH="33" VPOS="3718" HPOS="2018"/>
<String CONTENT="Roberts" HEIGHT="120" WIDTH="1998" VPOS="3717" HPOS="182"/>
<SP HEIGHT="34" WIDTH="34" VPOS="3803" HPOS="296"/>
<String CS="1" CONTENT="&#8230;"/>
<SP HEIGHT="33" WIDTH="36" VPOS="3804" HPOS="390"/>
<String CONTENT="edited" HEIGHT="53" WIDTH="192" VPOS="3785" HPOS="427"/>
</TextLine>
<TextLine HEIGHT="81" WIDTH="1555" VPOS="3785" HPOS="650" CS="1">
<String CONTENT="by" HEIGHT="69" WIDTH="77" VPOS="3785" HPOS="650"/>
<SP HEIGHT="69" WIDTH="31" VPOS="3785" HPOS="728"/>
<String CONTENT="Carl" HEIGHT="55" WIDTH="138" VPOS="3785" HPOS="760"/>
<SP HEIGHT="54" WIDTH="29" VPOS="3788" HPOS="899"/>
<String CONTENT="J." HEIGHT="54" WIDTH="56" VPOS="3788" HPOS="929"/>
<SP HEIGHT="55" WIDTH="30" VPOS="3789" HPOS="986"/>
<String CONTENT="Weber" HEIGHT="55" WIDTH="208" VPOS="3789" HPOS="1017"/>
<SP HEIGHT="34" WIDTH="36" VPOS="3810" HPOS="1226"/>
<String CS="1" CONTENT="&#8230;"/>
<SP HEIGHT="56" WIDTH="77" VPOS="3791" HPOS="1320"/>
<String CONTENT="Waterville," HEIGHT="72" WIDTH="358" VPOS="3791" HPOS="1398"/>
<SP HEIGHT="69" WIDTH="27" VPOS="3794" HPOS="1757"/>
<String CONTENT="Me.," HEIGHT="70" WIDTH="133" VPOS="3794" HPOS="1785"/>
<SP HEIGHT="68" WIDTH="29" VPOS="3796" HPOS="1919"/>
<String CONTENT="Pub." HEIGHT="53" WIDTH="146" VPOS="3796" HPOS="1949"/>
<SP HEIGHT="53" WIDTH="31" VPOS="3796" HPOS="2096"/>
<String CONTENT="by" HEIGHT="70" WIDTH="77" VPOS="3796" HPOS="2128"/>
</TextLine>
<TextLine HEIGHT="75" WIDTH="1121" VPOS="3861" HPOS="183">
<String CONTENT="the" HEIGHT="53" WIDTH="95" VPOS="3861" HPOS="183"/>
<SP HEIGHT="47" WIDTH="27" VPOS="3867" HPOS="279"/>
<String CONTENT="trustees" HEIGHT="49" WIDTH="241" VPOS="3867" HPOS="307"/>
<SP HEIGHT="35" WIDTH="30" VPOS="3881" HPOS="549"/>
<String CONTENT="of" HEIGHT="53" WIDTH="66" VPOS="3863" HPOS="580"/>
<SP HEIGHT="55" WIDTH="28" VPOS="3863" HPOS="647"/>
<String CONTENT="Colby" HEIGHT="71" WIDTH="184" VPOS="3863" HPOS="676"/>
<SP HEIGHT="51" WIDTH="28" VPOS="3883" HPOS="861"/>
<String CONTENT="college," HEIGHT="69" WIDTH="230" VPOS="3867" HPOS="890"/>
<SP HEIGHT="65" WIDTH="30" VPOS="3871" HPOS="1121"/>
<String CONTENT="1928." HEIGHT="52" WIDTH="152" VPOS="3870" HPOS="1152"/>
</TextLine>
<TextLine HEIGHT="52" WIDTH="821" VPOS="3945" HPOS="252" STYLEREFS="StyleId-C1A423DC-1A01-45DC-9466-B98277F7AB6C-" CS="1">
<String CONTENT="223," HEIGHT="49" WIDTH="99" VPOS="3945" HPOS="252"/>
<SP HEIGHT="32" WIDTH="40" VPOS="3965" HPOS="352"/>
<String CONTENT="[1]" HEIGHT="50" WIDTH="56" VPOS="3947" HPOS="393"/>
<SP HEIGHT="39" WIDTH="37" VPOS="3957" HPOS="450"/>
<String CONTENT="p." HEIGHT="38" WIDTH="44" VPOS="3957" HPOS="488"/>
<SP HEIGHT="41" WIDTH="57" VPOS="3947" HPOS="533"/>
<String CS="1" CONTENT="front." HEIGHT="42" WIDTH="138" VPOS="3947" HPOS="591"/>
<SP HEIGHT="50" WIDTH="28" VPOS="3947" HPOS="744"/>
<String CONTENT="(port.)" HEIGHT="50" WIDTH="173" VPOS="3947" HPOS="773"/>
<SP HEIGHT="49" WIDTH="67" VPOS="3948" HPOS="947"/>
<String CONTENT="19" HEIGHT="41" WIDTH="58" VPOS="3951" HPOS="1015"/>
<String STYLE="superscript" CS="1" CONTENT="&#7580;&#7504;."/>
</TextLine>
<TextLine HEIGHT="67" WIDTH="2012" VPOS="3997" HPOS="189" STYLEREFS="StyleId-C1A423DC-1A01-45DC-9466-B98277F7AB6C-">
<String CONTENT="&#169;" HEIGHT="52" WIDTH="52" VPOS="3997" HPOS="189"/>
<SP HEIGHT="52" WIDTH="39" VPOS="3997" HPOS="242"/>
<String CONTENT="Feb." HEIGHT="41" WIDTH="112" VPOS="4002" HPOS="282"/>
<SP HEIGHT="39" WIDTH="39" VPOS="4004" HPOS="395"/>
<String CONTENT="18," HEIGHT="46" WIDTH="69" VPOS="4004" HPOS="435"/>
<SP HEIGHT="45" WIDTH="39" VPOS="4005" HPOS="505"/>
<String CONTENT="1928;" HEIGHT="48" WIDTH="142" VPOS="4004" HPOS="545"/>
<SP HEIGHT="47" WIDTH="38" VPOS="4005" HPOS="688"/>
<String CONTENT="2c." HEIGHT="41" WIDTH="68" VPOS="4005" HPOS="727"/>
<SP HEIGHT="31" WIDTH="39" VPOS="4015" HPOS="796"/>
<String CONTENT="and" HEIGHT="38" WIDTH="97" VPOS="4007" HPOS="836"/>
<SP HEIGHT="40" WIDTH="38" VPOS="4007" HPOS="934"/>
<String CONTENT="aff." HEIGHT="43" WIDTH="83" VPOS="4006" HPOS="973"/>
<SP HEIGHT="41" WIDTH="40" VPOS="4008" HPOS="1057"/>
<String CONTENT="Feb." HEIGHT="42" WIDTH="112" VPOS="4008" HPOS="1098"/>
<SP HEIGHT="40" WIDTH="41" VPOS="4010" HPOS="1211"/>
<String CONTENT="23;" HEIGHT="48" WIDTH="84" VPOS="4010" HPOS="1253"/>
<SP HEIGHT="47" WIDTH="41" VPOS="4011" HPOS="1338"/>
<!-- cceid 17B109A0-6CB2-1014-A20E-B9D6251C946A --><String CONTENT="A" HEIGHT="39" WIDTH="40" VPOS="4011" HPOS="1380"/>
<SP HEIGHT="39" WIDTH="40" VPOS="4011" HPOS="1421"/>
<String CONTENT="3061923;" HEIGHT="48" WIDTH="232" VPOS="4012" HPOS="1462"/>
<SP HEIGHT="46" WIDTH="40" VPOS="4014" HPOS="1695"/>
<String CONTENT="Ada" HEIGHT="40" WIDTH="104" VPOS="4014" HPOS="1736"/>
<SP HEIGHT="39" WIDTH="43" VPOS="4015" HPOS="1841"/>
<String CONTENT="L." HEIGHT="42" WIDTH="51" VPOS="4015" HPOS="1885"/>
<SP HEIGHT="41" WIDTH="40" VPOS="4016" HPOS="1937"/>
<String CONTENT="Roberts," HEIGHT="48" WIDTH="223" VPOS="4016" HPOS="1978"/>
</TextLine>
<TextLine HEIGHT="54" WIDTH="744" VPOS="4059" HPOS="259" STYLEREFS="StyleId-C1A423DC-1A01-45DC-9466-B98277F7AB6C-">
<String CONTENT="Waterville," HEIGHT="49" WIDTH="300" VPOS="4059" HPOS="259"/>
<SP HEIGHT="46" WIDTH="27" VPOS="4062" HPOS="560"/>
<String CONTENT="Me." HEIGHT="40" WIDTH="90" VPOS="4062" HPOS="588"/>
<SP HEIGHT="49" WIDTH="70" VPOS="4062" HPOS="679"/>
<String CONTENT="(28-6215)" HEIGHT="51" WIDTH="253" VPOS="4062" HPOS="750"/>
</TextLine>
</TextBlock>
</PrintSpace>
</Page>
</Layout>
</alto>