2498 4384
1100 4078 136 52 1951

136 407 217 70 [Small,
388 405 221 53 Austin
644 403 71 68 J.]

198 486 184 51 Down
417 483 167 54 river,
615 482 75 68 by
724 479 275 57 Seamark
1055 478 193 68 [pseud.
1321 481 28 47 5
1384 475 375 65 instalments]

237 568 50 38 (In
323 561 202 44 London
556 560 149 52 Daily
736 558 233 53 express)

134 626 2002 60 © 1c. each Dec. 20, 1928; A ad int. 12173; pubd. Nov. 5-9; A. J. Small,
203 694 212 40 London.

133 788 353 65 Something
518 796 56 47 to
650 809 48 37 do,
732 788 94 53 for
855 788 139 69 boys
1027 787 114 53 and
1172 784 144 71 girls
1349 784 126 53 who
1509 781 113 55 like
1656 787 57 49 to
1747 780 163 54 make
1941 779 198 70 things

262 858 1879 75 … Mountain View, Calif., Portland, Ore. [etc.] Pacific press
201 946 336 69 publishing
575 945 337 54 association
995 946 151 64 [ᶜ1928]

203 1026 753 50 94 p. illus.. diagrs. 22½ ᶜᵐ .
139 1095 52 52 ©
219 1099 103 41 Oct.
349 1099 71 41 17,
448 1098 115 38 1928;
619 1098 66 40 2c.
716 1098 93 38 and
840 1095 81 41 aff.
949 1096 118 40 Nov.
1098 1096 25 37 5;
1183 1096 38 38 A
1251 1095 84 40 443;
1394 1094 178 41 Pacific
1599 1104 137 38 press
1765 1094 109 48 pub.
1904 1103 128 30 assn.

217 1155 282 48 (28-30188)

137 1248 358 65 Stanislaus,
537 1249 273 64 Ignatius
851 1248 275 53 Valerius
1167 1247 266 62 Stanley,
1475 1247 170 54 1870-

209 1328 306 55 American
549 1348 138 49 soap
718 1327 240 55 maker’s
990 1326 200 70 guide:
1224 1346 71 34 an
1326 1346 79 48 up
1437 1332 57 48 to
1526 1327 132 52 date
1688 1325 231 54 treatise
1951 1344 71 35 on
2054 1325 94 53 the

138 1415 92 47 art
256 1409 113 52 and
397 1409 213 53 science
638 1408 63 53 of
726 1408 96 52 the
848 1406 403 53 manufacture
1276 1406 64 53 of
1366 1424 184 51 soaps,
1578 1404 228 55 candles
1833 1405 114 53 and
1975 1404 171 54 allied

139 1483 2009 72 toilet preparations, by I. V. Stanley Stanislaus … and P. B.
139 1561 2011 69 Meerbott … The most complete and exhaustive book in the
139 1643 248 69 English
428 1645 299 66 language.
804 1642 207 67 Partly
1067 1642 174 53 based
1284 1660 72 35 on
1417 1640 273 55 Brannt’s
1752 1639 401 71 Soapmaker’s

141 1721 155 54 hand
328 1721 164 54 book.
568 1722 140 51 New
739 1721 180 68 York,
949 1720 77 53 H.
1060 1719 62 56 C.
1158 1719 183 54 Baird
1372 1722 46 50 &
1449 1740 98 47 co.,
1576 1720 126 68 inc.,
1734 1722 152 51 1928.

265 1803 608 48 xi, 709 p. illus. 24½ ᶜᵐ .
209 1873 102 41 The
345 1874 59 40 3d
440 1873 184 40 edition
659 1874 52 39 of
743 1872 232 41 Brannt’s
1009 1873 40 40 A
1083 1872 237 50 practical
1355 1872 205 41 treatise
1593 1884 60 29 on
1689 1873 81 40 the
1805 1873 347 40 manufacture

139 1930 53 41 of
221 1941 119 37 soap
370 1932 95 38 and
498 1931 210 39 candles.
770 1929 62 48 cf.
861 1930 132 41 Pref.

145 1997 53 52 ©
226 2002 118 40 Nov.
370 2001 70 47 30,
470 2001 114 40 1928;
641 2002 67 39 2c.
737 2002 95 39 and
861 2000 82 41 aff.
972 2001 112 40 Dec.
1113 2001 26 40 3;
1196 2000 42 41 A
1266 1998 116 42 2016;
1440 2000 170 49 Henry
1640 2000 156 51 Carey
1824 2000 153 42 Baird
2006 2001 36 40 &
2072 2011 81 37 co.,

214 2058 92 41 inc.
374 2057 282 50 (28-30189)

143 2154 262 62 Stetson,
438 2153 226 53 Harlan
695 2153 173 64 True,
902 2158 172 49 1885-

217 2231 57 54 A
305 2233 234 52 manual
572 2231 65 53 of
669 2232 332 69 laboratory
1034 2237 332 63 astronomy
1402 2230 94 54 for
1529 2250 100 35 use
1661 2232 59 52 in
1757 2232 402 69 introductory

148 2309 2012 70 courses, by Harlan True Stetson … with the collaboration of
150 2388 2010 73 John Charles Duncan … New ed. Boston, Eastern science
148 2468 210 71 supply
388 2486 101 50 co.,
520 2471 151 52 1928.

253 2551 998 51 x p., 1 l., 185 p. illus., diagrs. 21 ½ᶜᵐ .
223 2620 352 44 “References”
606 2626 52 38 at
688 2623 264 51 beginning
981 2624 52 42 of
1063 2625 119 41 each
1212 2624 232 44 exercise.

153 2687 52 55 ©
233 2693 118 43 Nov.
378 2693 40 48 3,
448 2693 142 49 1928;
619 2695 68 43 2c.
716 2695 114 42 Dec.
858 2695 54 49 3;
943 2696 82 42 aff.
1054 2697 119 42 Nov.
1202 2697 84 48 30;
1318 2697 41 41 A
1387 2697 112 50 949;
1533 2699 210 41 Eastern
1772 2698 185 43 science
1988 2699 142 49 supply

221 2761 67 31 co.
357 2751 282 50 (28-30048)

150 2845 232 65 Stokes,
416 2847 169 54 Isaac
616 2848 254 53 Newton
901 2848 236 65 Phelps.

220 2924 121 52 The
371 2925 397 70 iconography
796 2926 65 52 of
888 2927 349 54 Manhattan
1268 2929 221 69 Island,
1521 2934 329 65 1498-1909,
1881 2933 284 68 compiled

153 3000 153 54 from
337 3003 251 69 original
619 3023 222 35 sources
872 3007 114 52 and
1019 3006 328 54 illustrated
1378 3007 78 69 by
1487 3008 450 71 photo-intaglio
151 3025 1990 108 reproductions

455 3081 64 52 of
558 3082 320 68 important
916 3103 182 50 maps,
1138 3087 186 67 plans,
1364 3088 172 52 views
1578 3088 113 52 and
1734 3089 331 53 documents
2106 3090 62 52 in

152 3158 193 68 public
379 3160 115 52 and
527 3161 228 66 private
786 3163 343 58 collections,
1161 3164 79 68 by
1271 3164 49 52 I.
1354 3165 70 52 N.
1458 3166 216 68 Phelps
1711 3165 218 56 Stokes.
2067 3211 9 9 [v.
2114 3171 47 65 6]

153 3237 139 51 New
322 3237 181 68 York,
532 3237 215 55 Robert
776 3239 76 53 H.
885 3241 192 67 Dodd,
1109 3244 151 52 1928.

225 3319 1934 58 xviii, 677 p., 1 l. double front. (part col.) illus., plates (part double)
225 3400 151 37 maps,
409 3391 154 47 plans,
594 3391 217 42 facsims.
868 3392 118 43 29ᶜᵐ.

160 3441 53 52 ©
239 3446 111 40 Dec.
377 3448 40 46 7,
445 3447 116 40 1928;
614 3449 67 40 2c.
708 3451 96 38 and
830 3450 82 41 aff.
940 3452 112 41 Dec.
1080 3453 56 38 14;
1192 3453 42 39 A
1258 3453 116 40 2245;
1432 3455 37 40 I.
1498 3455 55 40 N.
1581 3456 51 39 P.
1663 3456 186 49 Stokes,
1877 3458 119 39 New
2022 3459 146 39 York.

154 3556 329 63 Sugimoto,
525 3558 152 52 Etsu
725 3559 311 65 (Inagaki)

230 3632 1880 82 A daughter of the Samurai, by Etsu Inagaki Sugimoto …
161 3711 141 52 with
326 3731 71 33 an
423 3713 391 55 introduction
839 3717 76 69 by
941 3716 383 71 Christopher
1346 3720 241 69 Morley.
1651 3722 151 53 How
1829 3743 31 34 a
1887 3723 288 71 daughter

162 3787 64 53 of
261 3788 199 54 feudal
493 3792 212 68 Japan,
740 3794 186 70 living
960 3796 293 54 hundreds
1289 3797 65 54 of
1387 3817 164 49 years
1586 3800 59 53 in
1681 3819 105 35 one
1821 3803 352 68 generation,

164 3866 221 54 became
428 3888 29 32 a
498 3872 234 51 modern
774 3872 325 54 American.
1177 3876 397 55 Illustrations
1614 3879 76 68 by
1731 3879 235 55 Tekisui
2007 3881 166 54 Ishii.

164 3943 231 56 Garden
428 3946 153 71 City,
610 3949 68 53 N.
711 3951 91 66 Y.,
831 3950 358 73 Doubleday,
1219 3955 200 54 Doran
1451 3959 51 51 &
1532 3975 301 53 company,
1861 3959 127 69 inc.,
2022 3962 152 53 1928.
