2542 4417
1100 4130 30 50 1

112 431 356 62 Alexander,
502 429 276 64 William,
813 432 171 51 1848-

183 509 134 54 Life
356 510 303 52 insurance
699 509 214 67 simply
953 507 325 69 explained,
1319 507 95 53 for
1455 508 228 69 laymen
1723 508 115 53 and
1881 508 94 53 for

113 514 1994 128 students
317 589 60 52 in
415 588 220 55 schools
674 587 116 53 and
827 587 300 53 insurance
1166 586 220 54 classes.
1462 587 74 53 2d
1575 587 86 53 ed.
1738 588 92 68 By
1867 587 263 54 William

111 665 2020 69 Alexander … with an introduction by Frank L. Jones. New
112 746 182 67 York,
331 744 272 71 Chicago,
639 745 123 52 The
797 743 303 70 Spectator
1134 761 285 52 company
1500 743 154 68 [ᶜ1927]

180 827 308 51 92 p. 20 ᶜ ᵐ.
183 900 146 42 “This
360 901 130 40 little
522 900 123 42 book
677 899 245 41 embodies
954 899 191 40 several
1177 902 221 37 extracts
1431 898 131 40 from
1596 899 83 40 the
1712 898 221 41 author's
1966 900 164 48 larger

111 959 189 39 volume
330 958 206 40 entitled
568 958 161 40 ‘What
761 957 90 40 life
882 956 261 41 insurance
1174 956 43 40 is
1247 957 97 39 and
1377 957 134 39 what
1542 956 41 40 it
1614 955 172 42 does’.”

109 1026 2020 53 © Dec. 27, 1927; 2c. and aff. Jan. 3, 1928; A 1018103; W. Alexander.
179 1088 120 40 New
327 1088 146 40 York.
544 1085 224 51 (28-854)

104 1183 321 53 American
452 1183 227 52 bureau
708 1181 65 53 of
800 1180 300 65 shipping,
1127 1182 141 51 New
1299 1178 178 55 York.

238 1259 1893 70 … Record of American and foreign shipping, 1928 … New
106 1342 182 66 York,
317 1340 311 53 American
658 1338 212 54 bureau
908 1339 65 53 of
1004 1339 299 69 shipping,
1339 1341 151 51 1928.

173 1423 113 41 1291
319 1435 44 37 p.
422 1422 119 42 28ᶜᵐ.

107 1477 51 53 ©
191 1483 112 39 Jan.
335 1482 38 46 2,
408 1480 141 46 1928;
582 1481 69 39 2c.
683 1483 93 38 and
812 1479 83 41 aff.
929 1479 111 40 Jan.
1070 1480 54 45 4;
1161 1479 36 39 A
1235 1479 231 47 1018152;
1503 1479 159 41 Amer.
1697 1479 184 40 bureau

1917 1480 52 39 of
174 1480 1940 107 shipping.

103 1633 321 54 American
455 1633 113 53 law
598 1635 239 61 reports
869 1631 349 54 annotated.

174 1710 1954 71 A. L. R. cumulative index-digest for the years 1924-1927. vols.
267 1795 190 51 28-51.
521 1790 318 55 Combined
865 1791 233 52 indexes
1123 1795 58 48 to
1208 1808 152 35 cases
1387 1791 115 52 and
1529 1791 386 53 annotations.
103 1791 2001 149 Supplementing

101 1868 2004 149 the five year A. L. R. digest for vols. 1-27. Rochester, N.
411 1950 92 66 Y.,
539 1948 124 54 The
698 1949 271 68 Lawyers
1008 1948 389 68 co-operative
1434 1947 341 71 publishing
1813 1967 314 52 company;

102 2029 346 68 Northport,
490 2029 64 51 L.
599 2028 69 67 I.,
711 2028 69 52 N.
827 2027 93 67 Y.,
963 2027 258 53 Edward
1266 2027 337 69 Thompson
1646 2045 314 51 company;
2012 2027 118 56 San

103 2108 326 67 Francisco,
460 2105 198 69 Calif.,
687 2104 595 70 Bancroft-Whitney
1310 2123 286 52 company
1674 2105 155 69 [ᶜ1927]

171 2191 114 39 1192
317 2201 43 38 p.
418 2189 151 41 25½ᶜᵐ.

104 2243 1785 53 © Dec. 29, 1927; 2c. Dec. 30; aff. Dec. 31; A 1018070; Lawyers
175 2258 1935 88 co-operative
336 2305 110 49 pub.
478 2315 83 37 co.,
594 2305 214 40 Edward
840 2304 278 47 Thompson
1149 2313 84 38 co.,
1266 2303 497 49 Bancroft-Whitney
1795 2315 70 31 co.

101 2400 180 64 Arey,
314 2399 212 55 Albert
555 2399 341 64 Llewellyn.

171 2477 1892 74 New physiography for beginners, by Albert L. Arey …
103 2556 2022 72 Frank L. Bryant … William W. Clendenin … William T.
101 2636 2001 152 Morrey … Boston, New York [etc.] D. C. Heath and company [ᶜ1927]
171 2802 81 47 vii,
287 2801 87 41 596
405 2812 44 38 p.
510 2800 146 48 illus.,
689 2801 89 40 col.
879 2831 9 17 pl.,
923 2810 138 38 maps
1088 2799 51 47 (1
1174 2798 201 49 double)
1417 2800 183 49 diagrs.
1661 2801 120 41 21ᶜᵐ.

172 2859 263 41 Published
469 2859 50 39 in
549 2858 115 41 1911
695 2859 156 39 under
883 2858 138 41 title:
1053 2857 375 49 Physiography
1460 2858 79 40 for
1572 2858 118 47 high
1722 2860 206 41 schools.

102 2915 51 53 ©
182 2920 113 40 Dec.
320 2918 71 48 29,
418 2917 143 47 1927;
589 2917 69 41 2c.
685 2916 97 41 and
809 2915 84 42 aff.
921 2916 111 42 Jan.
1058 2916 41 48 3,
1127 2915 143 49 1928;
1299 2917 43 40 A
1367 2916 233 49 1018095;
1632 2918 58 42 D.
1720 2918 50 42 C.
1798 2919 168 41 Heath
1994 2920 37 40 &
2058 2931 68 30 co.

179 2975 225 51 (28-576)

99 3071 241 63 Arnett,
374 3071 178 53 Anna
580 3069 312 55 Williams.

170 3150 123 53 The
320 3149 235 53 brother
585 3148 183 67 bears,
797 3148 115 53 and
942 3147 164 53 other
1135 3147 223 68 stories,
1386 3147 75 70 by
1490 3147 175 54 Anna
1693 3149 294 56 Williams
98 3151 2006 145 Arnett,
282 3228 329 53 illustrated

650 3226 79 70 by
769 3224 251 72 Ludwig
1059 3226 115 53 and
1214 3225 244 70 Regina.
1536 3225 275 72 Chicago,
101 3229 2025 147 Beckley-Cardy

328 3324 285 51 company
651 3339 13 34 [
693 3305 137 54 ᶜ1927
834 3337 13 35 ]

169 3392 86 41 125
290 3403 44 37 p.
395 3391 88 41 col.
517 3390 132 40 illus.
709 3389 149 41 19½ᶜᵐ.

101 3445 51 53 ©
190 3449 103 41 Oct.
328 3448 70 47 31,
434 3447 116 40 1927;
614 3447 69 40 2c.
719 3447 97 39 and
852 3445 84 43 aff.
971 3445 111 41 Jan.
1117 3445 42 48 3,
1195 3445 143 47 1928;
1379 3445 42 40 A
1456 3446 233 43 1018107;
1728 3449 399 50 Beckley-Cardy

171 3517 69 31 co.
311 3504 225 50 (28-325)

99 3600 116 53 Art
255 3601 235 66 studies,
526 3598 302 67 medieval,
867 3597 358 54 renaissance
1265 3598 114 52 and
1417 3599 259 71 modern,
1714 3601 86 53 ed.
1838 3601 77 71 by
169 3621 1934 113 members

337 3679 66 54 of
441 3680 98 52 the
578 3679 413 67 Departments
1031 3677 66 53 of
1136 3677 97 53 the
1275 3676 112 54 fine
1428 3683 119 49 arts
1590 3684 62 48 at
1690 3680 280 55 Harvard
2012 3683 116 53 and

170 3760 313 52 Princeton
509 3756 384 54 universities.
982 3775 52 33 [v.
1066 3760 48 62 5]
1189 3755 369 71 Cambridge,
1588 3757 280 55 Harvard
170 3760 1933 146 university
315 3855 178 51 press,
525 3833 153 56 1927.

169 3920 100 48 xix,
301 3921 71 49 [1],
400 3919 100 48 155,
532 3919 55 50 [1]
617 3929 44 38 p.
719 3919 173 47 plates,
921 3918 155 48 plans,
1105 3916 234 50 facsims.,
1370 3917 183 49 diagrs.
1608 3917 150 42 30½ᶜᵐ.

102 3974 51 53 ©
184 3978 114 41 Dec.
329 3977 70 48 30,
429 3977 117 40 1927;
604 3976 69 40 2c.
705 3977 96 39 and
834 3974 83 42 aff.
949 3975 110 40 Jan.
1090 3975 40 46 3,
1164 3974 143 47 1928;
1340 3975 42 39 A
1413 3975 233 48 1061010;
1681 3977 260 42 President
1973 3979 37 41 &

169 3980 1939 96 fellows
322 4034 52 41 of
406 4035 233 39 Harvard
674 4035 195 47 college,
905 4031 305 49 Cambridge,
1245 4033 150 40 Mass.
