2498 4384
1049 4116 133 51 1981

102 531 2008 83 tispiece in photogravure and 75 illustrations in doubletone.
101 616 409 69 Philadelphia
548 619 51 49 &
639 616 259 66 London,
937 616 55 54 J.
1031 617 67 51 B.
1135 614 342 70 Lippincott
1514 632 300 51 company,
1854 617 149 50 1928.

168 693 1180 58 4 p. l., vii-x, [1], 318 p. front., plates. 24½ ᶜᵐ.
172 756 237 41 “Limited
437 754 227 42 edition.”

175 807 1854 61 © Oct. 12, 1928; 2c. and aff. Dec. 11; A 3125; J. B. Lippincott co.
182 869 281 51 (28-30240)

103 964 304 63 Edwards,
443 963 227 65 George
701 963 327 64 Thornton,
1063 968 171 50 1868-

168 1042 186 52 Music
397 1042 113 52 and
554 1041 307 54 musicians
904 1040 64 55 of
1010 1042 213 66 Maine,
1265 1042 75 68 by
1385 1040 225 71 George
1650 1042 302 52 Thornton
102 1036 1987 155 Edwards;

353 1119 172 69 being
559 1138 31 33 a
624 1119 223 69 history
879 1118 65 54 of
979 1120 96 52 the
1111 1137 266 52 progress
1411 1118 65 53 of
1508 1118 179 54 music
1724 1119 60 52 in
1818 1119 98 54 the
100 1114 1989 158 territory

260 1197 186 53 which
477 1198 104 52 has
610 1215 154 36 come
794 1203 58 47 to
885 1198 68 52 be
981 1198 208 52 known
1222 1216 61 35 as
1315 1198 95 52 the
1442 1202 147 49 state
1620 1197 64 53 of
1715 1198 212 67 Maine,
1961 1197 153 54 from

103 1279 100 50 1604
272 1281 59 46 to
369 1277 153 51 1928.
597 1275 302 67 Portland,
934 1275 132 67 Me.,
1101 1276 125 52 The
1266 1274 375 57 Southworth
1676 1294 178 51 press,
1892 1279 153 50 1928.

270 1352 1498 59 xxv p., 2 l., 542 p. front., illus. (incl. music) ports. 23½ ᶜᵐ.
173 1413 376 51 “Biographical
585 1414 198 47 section,
820 1413 292 43 1927-1928”:
1181 1426 44 37 p.
1261 1414 219 42 355-477.

106 1468 52 53 ©
191 1473 119 39 Nov.
345 1472 69 42 16,
581 1483 8 35 1928;
625 1471 68 43 2c.
729 1473 95 39 and
860 1471 84 42 aff.
978 1472 119 41 Nov.
1132 1472 83 47 21;
1254 1473 41 39 A
1328 1472 143 41 2100:
1510 1473 52 40 G.
1599 1474 53 39 T.
1689 1473 252 41 Edwards.
172 1468 1925 115 Portland,

334 1530 91 39 Me.
495 1528 281 50 (28-30345)

104 1622 202 63 Ernst,
340 1620 222 54 Morris
592 1620 274 65 Leopold,
900 1625 172 52 1888-

174 1696 1942 78 To the pure … A study of obscenity and the censor, by
102 1779 212 54 Morris
339 1779 65 55 L.
435 1780 180 53 Ernst
640 1780 114 54 and
780 1779 261 55 William
1072 1779 220 71 Seagle.
1368 1781 140 52 New
1536 1780 181 71 York,
1745 1782 123 53 The
1892 1781 225 71 Viking

102 1876 175 50 press,
309 1859 153 52 1928.

178 1936 611 52 xiv p., 1 l., 336 p. 21 ᶜᵐ.
178 1994 379 50 Bibliography:
590 2007 44 37 p.
663 1993 219 44 311-321.

107 2048 1897 59 © Oct. 8, 1928; 2c. Oct. 16; aff. Nov. 15; A 2106; Viking press. inc.
184 2108 282 50 (28-30424)

106 2203 301 64 Fanciulli,
450 2203 313 65 Giuseppe.

241 2281 1875 76 … Fiore; romanzo per ragazzi … Firenze, Bemporad
112 2362 172 65 [1928]

173 2441 478 51 4 p. l ., 168 p. 19½ᶜᵐ.
177 2498 278 42 “Vincitore
486 2501 76 39 del
593 2510 229 31 concorso
853 2500 318 50 Bemporad.”

108 2550 1820 61 © Feb. 10, 1928; 1c. July 28; A—Foreign 262; R. Bemporad & fᵒ.
185 2611 282 50 (28-30484)

106 2705 392 64 Fleischman,
537 2707 178 54 Doris
752 2708 160 66 Elsa,
955 2715 170 50 1891-
1347 2715 83 52 ed.

182 2783 95 52 An
326 2784 219 54 outline
592 2784 65 54 of
704 2805 218 36 careers
974 2787 95 54 for
1117 2807 248 49 women;
1420 2809 31 33 a
1504 2790 278 70 practical
1834 2794 174 67 guide
2058 2800 59 47 to

113 2860 404 69 achievement,
561 2864 283 68 compiled
889 2865 114 54 and
1047 2867 192 54 edited
1282 2868 77 69 by
1402 2868 174 56 Doris
1622 2871 66 51 E.
1736 2870 381 55 Fleischman.

113 2937 232 55 Garden
390 2939 154 69 City,
587 2941 69 53 N.
703 2942 92 68 Y.,
837 2942 360 72 Doubleday,
1241 2945 202 54 Doran
1487 2948 114 53 and
1646 2968 300 51 company,
1991 2951 128 66 inc.,

113 3019 150 50 1928.

182 3097 85 48 xii,
301 3096 84 43 514
417 3109 44 37 p.
520 3099 56 40 21½ᶜᵐ.

184 3155 183 47 Essays
401 3155 62 47 by
496 3156 56 40 43
589 3166 200 40 women,
824 3158 406 50 internationally
1267 3161 196 43 famous
1499 3163 51 41 in
1587 3165 129 40 their
1751 3165 277 44 businesses
2067 3179 54 30 or

114 3210 315 47 professions.

111 3263 2010 69 © Nov. 23, 1928; 2c. and aff. Dec. 5; A 2082; Doubleday, Doran & co.,
177 3324 93 42 inc.
336 3325 284 50 (28-30061)

102 3418 300 66 Frédérix,
438 3420 223 56 Pierre.

245 3497 1519 82 … Ta main gauche. Paris, Calmann-Lévy, 1928.
185 3577 1763 64 3 p. l. , [3]-218 p., 1 l. 19½ ᶜᵐ. (On cover: Collection Le prisme)
464 3660 61 5 CONTENTS.—
525 3637 72 40 Ta
626 3637 134 41 main
787 3639 742 49 gauche.—Cumberland.—La
1561 3648 152 48 petite
1742 3649 156 41 Edna.

112 3686 1813 67 © May 30, 1928; 1c. Aug. 11; A—Foreign 39746; Calmann-Lévy.
190 3747 283 52 (28-30366)

112 3826 211 66 Fuller,
357 3828 181 54 Ethel
568 3831 233 65 Romig.

180 3905 199 55 White
411 3908 176 67 peaks
622 3910 116 53 and
769 3930 192 52 green,
992 3914 78 69 by
1103 3916 176 55 Ethel
1313 3919 212 71 Romig
1559 3922 215 53 Fuller.
1849 3923 275 73 Chicago,

114 3982 138 54 New
280 3985 182 69 York,
489 3987 246 70 Willett,
766 3989 179 56 Clark
974 3994 113 53 and
1119 3994 203 70 Colby,
1353 4001 150 51 1928.
