2498 4384
1091 4104 103 49 343

180 522 98 49 xiv,
311 523 87 40 476
433 533 43 38 p.
510 522 112 41 incl.
657 522 157 40 tables
840 520 50 50 (1
924 518 145 48 fold.)
1113 518 183 49 diagrs.
1354 518 120 41 24ᶜᵐ.
1590 515 133 51 $7.50

182 591 324 41 “References
540 591 80 41 for
653 589 193 42 outside
881 587 231 49 reading”
1144 589 54 39 at
1230 588 93 39 end
1357 588 52 39 of
1439 587 120 41 each
1593 587 218 48 chapter.

117 658 52 52 ©
198 661 112 41 Feb.
336 661 70 48 28,
436 660 142 47 1928;
607 660 69 41 2c.
705 661 123 39 Mar.
856 659 26 40 9;
940 657 84 41 aff.
1052 658 124 40 Mar.
1205 657 85 47 13;

1319 656 43 40 A
1389 655 233 49 1069264;
1654 657 59 41 D.
1743 657 106 40 Van
1877 657 248 39 Nostrand

187 730 82 36 co.,
301 718 93 41 inc.
465 716 252 50 (28-7844)

111 827 470 53 Fundamentals
604 825 64 54 of
688 826 167 67 dairy
879 824 232 68 science,
1131 823 77 70 by
1233 823 301 54 associates
1557 823 65 53 of
1641 824 149 53 Lore
1812 823 72 53 A.
1908 824 220 69 Rogers

184 906 59 52 in
271 906 95 53 the
395 904 259 55 research
683 903 375 54 laboratories
1085 902 65 54 of
1176 903 96 53 the
1301 904 230 51 Bureau
1558 901 65 54 of
1650 902 168 69 dairy
1846 903 287 68 industry,

178 981 1955 70 United States Department of agriculture … New York, The
186 1062 294 55 Chemical
512 1062 227 69 catalog
770 1079 300 51 company,
1102 1060 127 68 inc.,
1264 1063 151 50 1928.

181 1143 1952 52 543 p. front. (port.) illus., diagrs. 23½ᶜᵐ. (American chemical society.
114 1205 302 48 Monograph
437 1204 151 41 series
609 1214 76 30 no.
710 1204 113 49 [41])

184 1275 352 42 “References”
562 1276 53 39 at
638 1275 93 39 end
754 1274 52 40 of
829 1273 120 41 each
973 1274 216 47 chapter.

119 1343 53 54 ©
204 1350 122 40 Mar.
356 1348 40 48 3,
429 1347 141 46 1928;
602 1346 69 41 2c.
702 1345 113 41 Feb.
844 1345 85 47 28;
962 1344 83 41 aff.
1077 1345 124 40 Mar.
1234 1344 54 48 5;
1321 1344 43 39 A
1393 1343 232 48 1068136;
1659 1344 247 41 Chemical
1938 1346 196 46 catalog

188 1416 82 38 co.,
302 1405 92 41 inc.
468 1402 227 51 (28-7682
708 1404 13 48 )

116 1514 262 63 Gemelli,
412 1514 283 63 Agustín.

191 1592 432 55 Orientaciones
669 1592 67 53 de
782 1591 54 52 la
883 1590 318 69 psicología
1249 1590 433 68 experimental,
1727 1608 108 50 por
1878 1590 260 69 Agustin

120 1671 260 55 Gemelli.
460 1670 247 54 Version
749 1669 309 53 castellana
1103 1686 105 35 con
1251 1687 79 34 un
1374 1669 260 68 prologo,
1678 1687 107 50 por
1828 1668 310 54 Fernando

119 1750 191 52 Marla
343 1749 245 52 Palmes.
660 1748 336 67 Barcelona,

1031 1746 204 69 Spain,
1268 1746 263 70 Eugenio
1570 1745 307 71 Subirana,
1912 1747 154 54 1927.

0 0 0 0 1 v.
122 1900 1903 52 © Mar. 15, 1927; 1c. June 6; A—Foreign 34710; Eugenio Subirana.
118 2012 314 65 Ginzberg,
462 2011 199 54 Louis.

192 2091 121 54 The
346 2092 235 69 legends
614 2090 65 53 of
710 2090 96 53 the
840 2090 174 69 Jews,
1043 2090 76 70 by
1151 2090 178 54 Louis
1363 2090 309 71 Ginzberg.
1767 2109 71 50 [v.]
1880 2095 47 50 6.
1963 2092 178 53 Notes

121 2169 1994 132 to volumes III and IV. From Moses in the wilderness to Esther.
333 2248 432 68 Philadelphia,
796 2248 121 53 The
951 2248 218 53 Jewish
1202 2248 361 69 publication
1595 2249 213 69 society
1840 2249 66 53 of
121 2249 1996 147 America,
257 2329 151 51 1928.

192 2409 540 50 4 p. l. , 490 p. 22 ᶜᵐ .
125 2478 52 52 ©
207 2482 124 40 Mar.
357 2480 70 49 16,
456 2480 142 48 1928;
627 2481 70 41 2c.
726 2482 124 40 Mar.
877 2481 84 48 21;
992 2480 84 42 aff.
1107 2482 122 42 Mar.
1259 2482 83 48 29;
1376 2483 39 39 A
1445 2481 231 50 1068668;
1710 2483 185 41 Jewish

194 2484 1926 95 publication
326 2548 97 31 soc.
452 2537 53 41 of
534 2538 240 42 America.

119 2631 293 65 Glasgow,
447 2631 183 55 Alice.

192 2710 123 53 The
346 2710 230 54 twisted
607 2711 244 69 tendril;
888 2729 31 36 a
950 2716 159 65 story
1141 2711 65 54 of
1236 2713 265 69 eighteen
1531 2713 311 71 sixty-five,
1872 2715 75 69 by
1977 2715 166 53 Alice

122 2788 286 70 Glasgow.
477 2789 140 53 New
652 2789 182 68 York,
866 2790 314 54 Frederick
1209 2790 73 54 A.
1318 2790 205 56 Stokes
1555 2811 302 52 company,
1892 2796 150 51 1928.

190 2873 28 39 4
244 2883 44 38 p.
351 2904 10 17 l.,
387 2873 88 41 311
502 2884 44 37 p.
635 2873 119 42 19½ᶜᵐ.

128 2938 52 52 ©
211 2943 123 40 Mar.
364 2942 70 48 15,
464 2941 143 49 1928;
637 2942 70 42 2c.
736 2943 97 40 and
863 2942 84 43 aff.
978 2945 124 40 Mar.
1131 2945 83 47 17;
1248 2945 42 40 A
1319 2945 231 48 1069324;
1585 2947 264 41 Frederick
1880 2948 55 41 A.
1969 2949 173 41 Stokes

197 3010 68 31 co.
339 2999 254 50 (28-7867)

127 3091 360 65 Goodspeed,
520 3093 204 64 Edgar
753 3093 288 66 Johnson,
1076 3096 172 54 1871-

195 3170 140 54 New
379 3171 280 54 solutions
703 3171 66 54 of
811 3173 140 54 New
996 3174 332 54 Testament
1372 3176 304 69 problems,
1718 3178 78 70 by
1841 3180 201 69 Edgar
2086 3180 58 54 J.

125 3247 2021 80 Goodspeed … Chicago, Ill., The University of Chicago press
131 3360 13 34 [
150 3332 18 22 c
173 3326 153 68 1927]

194 3410 434 50 xi, 127 p. 22 ᶜᵐ .
133 3476 52 52 ©
219 3480 113 42 Dec.
366 3480 72 49 20,
472 3480 143 49 1927;
650 3481 69 42 2c.
754 3485 97 39 and
886 3483 83 42 aff.
1005 3485 123 41 Mar.
1165 3486 39 48 7,
1242 3486 143 48 1928;
1423 3486 42 40 A
1499 3487 231 49 1068155;
1771 3490 287 49 University
2095 3492 52 41 of

202 3537 225 50 Chicago,
463 3537 225 50 Chicago.
759 3540 229 48 (28-7704
998 3541 14 48 )

127 3629 255 64 Griffith,
413 3631 236 55 Hubert
680 3633 293 66 Freeling,
1007 3639 172 51 1896-

199 3707 411 71 Iconoclastes;
662 3729 83 51 or,
794 3713 124 53 The
968 3713 198 56 future
1214 3715 67 54 of
1331 3716 411 72 Shakespeare,
1792 3721 75 69 by
1917 3722 230 54 Hubert

130 3783 247 56 Griffith.
454 3787 141 54 New
633 3788 182 71 York,
851 3791 69 53 E.
957 3792 66 54 P.
1062 3792 229 55 Dutton
1325 3797 47 51 &
1409 3814 78 36 co.
1532 3831 13 33 [
1550 3803 18 21 c
1574 3800 134 51 1928
1715 3831 11 35 ]

201 3869 1189 60 86 p. 16 ᶜᵐ . [To-day and to-morrow series]
137 3933 52 53 ©
219 3938 123 42 Mar.
370 3939 40 50 8,
439 3940 142 50 1928;
610 3942 69 41 2c.
708 3944 96 39 and
833 3944 83 42 aff.
945 3945 124 43 Mar.
1097 3946 53 48 9;
1183 3946 39 41 A
1253 3947 232 50 1068189;
1517 3951 54 42 E.
1601 3952 50 42 P.
1682 3953 188 42 Dutton
1900 3955 36 41 &
1964 3965 55 31 co

218 3995 253 53 (28-7712)
