2542 4417
1202 4089 67 54 31

190 415 262 64 Solberg,
489 411 249 57 Charles
772 408 196 64 Orrin,
1009 410 171 52 1869-

262 495 200 57 Oliver
489 491 251 65 Nidson;
772 507 72 35 an
872 485 270 70 orphan’s
1168 484 287 70 struggles
1483 483 113 53 and
1626 482 284 67 victories,
1935 482 76 69 by
2039 480 62 56 C.
2131 480 70 56 O.

195 574 255 67 Solberg.
542 566 408 70 Minneapolis,
1005 564 206 67 Minn.,
1264 561 316 71 Augsburg
1637 560 339 70 publishing
2028 559 175 54 house

199 649 177 71 [ c 1927]
263 734 86 40 167
371 743 46 38 p.
475 730 119 42 20ᶜᵐ.

195 801 52 53 ©
282 805 113 40 Dec.
430 803 40 49 5,
506 802 143 47 1927;
685 801 69 41 2c.
791 801 96 40 and
924 798 82 42 aff.
1043 799 111 40 Jan.
1190 797 41 49 3,
1267 795 143 49 1928;
1451 795 41 40 A
1527 793 232 49 1018077;
1799 793 260 49 Augsburg
2094 792 111 49 pub.

262 862 164 40 house.
500 856 253 54 (28-1278)

193 955 450 58 Southwestern
675 954 290 62 reporter.

265 1034 273 54 Missouri
577 1031 279 55 decisions
893 1029 268 69 reported
1198 1028 60 53 in
1294 1027 97 54 the
1430 1025 185 56 South
1652 1030 242 49 western
1931 1029 278 64 reporter,

198 1101 1948 77 annotated, vols. 295 and 296. July to September, 1927 …
202 1192 82 56 St.
311 1191 168 66 Paul,
504 1190 162 54 West
693 1187 337 70 publishing
1058 1205 98 47 co.,
1188 1182 151 56 1927.

266 1274 212 41 Various
511 1272 221 50 pagings.
793 1270 120 41 26ᶜᵐ.

199 1343 52 49 ©
281 1347 113 39 Dec.
423 1345 71 47 23,
525 1342 116 42 1927
658 1353 10 37 ;
699 1343 68 41 2c.
799 1342 112 40 Jan.
941 1340 70 50 20,
1043 1340 142 47 1928;
1219 1338 84 42 aff.
1336 1339 111 40 Jan.
1478 1338 84 45 18;
1595 1337 41 40 A
1666 1335 232 49 1061285;
1935 1337 136 39 West
2101 1335 111 49 pub.

269 1413 69 32 co.

200 1497 221 64 Staley,
451 1495 247 55 Delbert
726 1496 226 63 Moyer.

269 1568 1885 76 Psychology of the spoken word, by Delbert Moyer Staley …
200 1653 277 67 Woburn,
514 1652 195 66 Mass.,
747 1650 260 55 Woburn
1048 1649 161 70 daily
1248 1648 169 55 times
1455 1667 161 51 press
1703 1648 154 67 [ᶜ1927]

270 1738 86 41 351
389 1748 45 38 p.
493 1736 119 42 19ᶜᵐ.
682 1734 254 51 (Lettered
970 1744 62 31 on
1064 1742 166 32 cover:
1263 1733 198 42 Studies
1493 1732 53 42 in
1577 1731 289 49 literature)

203 1801 1998 113 © Sept. 20, 1927; 2c. and aff. Dec. 3; A 1061112; D. M. Staley, Brookline, Mass. (28-1167)
203 1958 176 64 Steel,
409 1957 312 55 Matthew.

277 2036 272 71 Physical
585 2036 312 70 chemistry
933 2036 114 53 and
1083 2035 332 69 biophysics
1455 2032 96 55 for
1588 2034 262 54 students
1888 2031 66 56 of
1989 2032 235 71 biology

208 2110 2019 74 and medicine, by Matthew Steel … New York, J. Wiley &
208 2211 146 49 sons,
384 2192 138 68 inc.;
554 2192 262 67 London,
847 2191 304 70 Chapman
1183 2194 47 51 &
1258 2192 164 68 Hall,
1453 2191 245 68 limited,
1731 2193 153 52 1928.

315 2306 9 17 x,
347 2275 87 41 372
460 2286 44 38 p.
529 2274 113 42 incl.
665 2274 145 48 illus.,
837 2274 170 49 tables,
1034 2274 182 48 diagrs.
1277 2274 119 41 24ᶜᵐ.
1512 2272 133 50 $4.00

208 2342 2016 53 © Jan. 3, 1928; 2c. Jan. 7: aff. Jan. 6; A 1018231; M. Steel, Hempstead,
279 2404 51 41 L.
364 2405 52 46 I.,
448 2404 57 40 N.
536 2404 54 39 Y.
661 2403 255 49 (28-1186)

207 2497 219 65 Stekel,
457 2498 294 65 Wilhelm,
785 2502 172 51 1868-

279 2576 332 69 Impotence
637 2577 61 53 in
723 2577 98 54 the
844 2578 177 67 male;
1050 2577 97 54 the
1174 2577 236 69 psychic
1435 2577 290 54 disorders
1750 2575 66 55 of
1842 2577 196 53 sexual

211 2575 2019 150 function in the male, by Wilhelm Stekel, M. D.; authorized English
212 2733 1995 149 version by Oswald H. Boltz … New York, Boni and Liveright, 1927.
279 2895 28 41 2
370 2928 10 10 v.
439 2896 150 42 22½.

283 2953 1948 49 Half-title; Disorders of the instincts and the emotions … by Wilhelm
216 3009 203 49 Stekel, M. D.
216 3061 51 53 ©
297 3066 113 42 Dec.
440 3067 40 47 1,
510 3067 145 47 1927;
686 3067 68 41 2c.
785 3066 119 41 each
935 3066 113 42 Dec.
1078 3067 57 39 12
1153 3077 10 37 ;
1195 3066 84 41 aff.
1310 3067 113 41 Jan.
1451 3067 43 49 4,
1524 3066 144 48 1928;
1701 3067 44 40 A
1772 3066 234 49 1018155;
2040 3067 124 41 Boni
2197 3067 37 41 &

283 3123 266 50 Liveright,
584 3124 93 41 inc.
747 3124 254 49 (28-1064)

217 3217 198 65 Stone,
449 3218 117 54 Lee
600 3217 359 64 Alexander,
994 3218 174 55 1879-

288 3296 124 54 The
435 3301 160 65 story
620 3296 66 54 of
711 3296 348 70 phallicism,
1083 3297 77 69 by
1184 3297 113 54 Lee
1323 3296 334 55 Alexander
1686 3296 194 69 Stone,
1961 3341 12 11 M.
2039 3342 29 24 D.,
2094 3298 142 54 with

218 3374 164 54 other
412 3392 188 52 essays
631 3392 75 36 on
736 3375 218 53 related
984 3374 249 70 subjects
1261 3375 78 70 by
1369 3375 253 55 eminent
1653 3375 370 69 authorities;

220 3377 1992 147 introduction by Frederick Starr … Chicago, P. Covici, 1927.
287 3536 29 40 2
342 3547 44 31 v.
443 3537 121 42 23ᶜᵐ.

289 3593 163 49 Paged
486 3593 360 49 continuously.

293 3650 93 42 “Of
421 3650 101 41 this
560 3651 184 41 edition
784 3652 138 40 there
958 3652 125 40 have
1121 3652 121 40 been
1277 3651 167 41 issued
1482 3652 64 49 by
1582 3653 177 40 Pascal
1798 3652 179 48 Covici,
2014 3653 81 41 for
220 3655 2001 93 subscribers

471 3708 128 48 only,
643 3718 90 30 one
776 3708 247 41 thousand
1065 3709 97 40 and
1204 3708 115 49 fifty
1360 3708 178 50 copies.
1598 3708 205 42 Printed
1846 3710 63 48 by
1950 3710 83 41 the
2075 3710 165 42 Cuneo

224 3772 149 38 press,
424 3763 107 49 inc.,
581 3764 51 40 in
683 3765 142 47 June,
877 3765 130 41 1927.
1066 3765 329 50 Typography
1444 3766 63 48 by
1558 3766 220 49 Douglas
1830 3766 52 42 C.
1933 3767 305 42 McMurtrie.

223 3819 118 41 This
366 3818 43 43 is
434 3831 77 31 no.
536 3821 130 42 630.”

564 3879 1678 50 CONTENTS.— v. l. Introduction. The story of phallicism, by L. A.
228 3932 159 42 Stone.
451 3934 108 48 Sex,
592 3935 82 41 the
704 3935 296 41 foundation
1032 3935 53 41 of
1115 3936 83 41 the
1232 3936 104 41 God
1366 3936 125 46 idea,
1523 3937 62 48 by
1616 3936 140 42 Eliza
1786 3937 57 41 B.
1876 3937 216 42 Gamble.
226 3938 1998 100 Religious
431 3990 137 43 ideas

599 3992 1644 53 in Japanese phallicism, by G. Kat ō . Phallicism in Japan,
