2498 4384
0 0 0 0 328
365 552 170 40 “Brief
564 551 85 39 list
678 550 51 40 of
757 550 118 40 desk
905 547 204 42 books”:
1142 559 42 37 p.
1214 547 144 46 ix-x;
1391 547 237 40 “General
1659 545 337 48 bibliography”:
2089 555 42 37 p.
2162 555 141 28 x-xv.

301 618 51 52 ©
379 623 123 39 Mar.
527 621 39 48 9,
592 620 115 40 1928;
760 620 68 40 2c.
854 621 95 37 and
975 618 83 40 aff.
1084 620 123 39 Mar.
1234 618 55 40 10;
1344 618 41 38 A
1409 616 203 41 1069216;
1668 617 55 40 A.
1749 617 54 39 B.
1830 617 143 46 Hart,
2001 614 304 47 Cambridge,

369 680 148 38 Mass.
582 673 67 54 [©
682 677 242 45 thorough
956 675 213 40 revision
1200 675 97 39 and
1329 674 227 48 bringing
1586 675 140 39 down
1758 675 49 38 to
1839 674 128 47 date]

380 733 253 51 (28-7533)

296 832 260 61 Harvey,
589 829 228 63 George
846 828 252 52 Brinton
1129 826 337 63 McClellan,
1500 829 169 50 1864-

370 910 206 67 Henry
604 908 146 67 Clay
778 906 193 69 Frick,
998 907 96 52 the
1121 925 152 48 man,
1301 905 73 69 by
1404 904 222 69 George
1656 905 252 67 Harvey.
1976 903 138 52 New
2148 902 161 53 York

297 990 45 50 &
372 987 260 67 London,
664 985 62 55 C.
760 983 316 57 Scribner’s
1105 1002 149 49 sons,
1287 986 151 51 1928.

373 1064 1595 54 4 p. l. , 382 p. mounted front., plates, ports., facsims. 24½ᶜᵐ.
305 1136 51 52 ©
393 1140 111 40 Feb.
538 1139 69 48 16,
641 1139 141 45 1928;
818 1138 67 40 2c.
921 1138 111 40 Feb.
1065 1138 83 45 25;
1185 1137 84 40 aff.
1306 1137 110 40 Feb.
1450 1136 83 42 23;
1571 1136 41 39 A
1647 1135 229 46 1061954;
1915 1134 204 39 Charles
372 1133 1920 103 Scribner’s
529 1206 127 30 sons.
727 1195 252 49 (28-7428)

299 1291 358 62 Hathaway,
690 1290 207 53 Helen.

371 1370 291 65 Manners,
704 1368 307 52 American
1054 1367 289 68 etiquette,
1385 1367 74 67 by
1503 1366 184 51 Helen
1731 1366 348 67 Hathaway.
2175 1365 134 51 New

305 1447 1223 68 York, E. P. Dutton & company [ ᶜ1 928]
373 1528 610 49 vi. 442 p. diagrs. 21 ᶜᵐ.
308 1582 52 54 ©
388 1590 123 38 Mar.
538 1588 39 47 8,
605 1586 84 40 1928;
776 1587 66 40 2c.
870 1587 97 39 and
995 1585 82 41 aff.
1106 1586 121 40 Mar.
1257 1584 52 47 9;
1340 1584 39 39 A
1406 1584 203 41 1068190;
1668 1585 52 40 E.
1748 1585 51 40 P.
1828 1584 189 39 Dutton
2046 1584 36 39 &
2110 1594 67 30 co.

388 1644 253 50 (28-7430)

303 1738 244 63 Hillyer,
580 1737 224 53 Robert
835 1736 287 63 Silliman,
1156 1739 172 50 1895-

374 1816 122 52 The
528 1815 235 54 seventh
796 1815 125 67 hill,
953 1814 74 69 by
1060 1814 217 53 Robert
1309 1814 248 68 Hillyer.
1635 1814 139 52 New
1809 1812 179 67 York,
2021 1812 122 53 The
305 1812 1987 151 Viking

434 1912 176 50 press,
640 1895 151 50 1928.

373 1977 244 49 85 p. 21 ᶜᵐ.
374 2036 186 39 Poems.

310 2087 51 52 ©
400 2092 123 39 Mar.
560 2090 38 45 5,
636 2089 140 46 1928;
815 2089 67 41 2c.
921 2090 122 39 Mar.
1080 2088 81 46 12;
1200 2087 84 41 aff.
1323 2088 122 39 Mar.
1481 2086 82 46 10;
1603 2088 41 38 A
1680 2086 230 48 1068263;
1951 2087 180 48 Viking
2167 2098 150 37 press,

378 2148 92 40 inc.
542 2146 252 49 (28-7543)

306 2243 249 61 Horton,
585 2240 224 54 Robert
837 2240 53 53 J.

378 2316 1942 71 The “killer’s” protégé, by Robert J. Horton … Chicago,
308 2401 68 53 A.
412 2399 62 56 C.
506 2398 282 69 McClurg
819 2401 45 49 &
894 2417 99 48 co.,
1027 2401 150 49 1928.

377 2481 499 50 4 p. l., 306 p. 19½ᶜᵐ.
314 2538 51 52 ©
398 2543 123 39 Mar.
553 2541 68 47 10,
652 2539 141 42 1928;
827 2539 67 41 2c.
927 2540 122 40 Mar.
1080 2538 81 42 12;
1196 2537 84 42 aff.
1313 2539 122 40 Mar.
1467 2538 82 42 14;
1583 2539 39 38 A
1655 2537 229 43 1068309;
1921 2539 54 41 A.
2009 2538 50 42 C.
2093 2538 229 46 McClurg

382 2598 37 41 &
449 2609 68 30 co.
588 2596 252 49 (28-7493)

309 2691 425 64 Houghteling,
768 2690 181 63 Leila,
989 2688 329 55 1889-1927.

381 2771 124 52 The
535 2770 218 52 income
786 2769 113 52 and
930 2768 278 53 standard
1243 2767 65 54 of
1340 2768 186 69 living
1559 2768 65 52 of
1659 2767 284 55 unskilled
1979 2769 252 53 laborers
2268 2769 53 51 in

311 2845 1990 149 Chicago, by Leila Houghteling … Chicago, Ill., The University
452 2923 757 70 of Chicago press [ ᶜ1 927]
385 3005 1940 50 xvii, 224 p. incl. tables. 21 ᶜᵐ. (Half-title: Social science studies,
315 3064 216 39 directed
561 3064 60 46 by
652 3064 82 38 the
766 3063 145 39 Local
942 3063 298 47 community
1275 3064 224 39 research
1533 3063 275 40 committee
1842 3063 52 40 of
1927 3064 81 40 the
2045 3064 280 48 University

315 3120 51 40 of
392 3120 225 47 Chicago,
678 3130 75 30 no.
882 3120 13 47 VIII)

387 3176 254 49 Appendix
721 3188 8 28 D:
767 3177 101 39 The
903 3176 127 40 diets
1065 3176 52 40 of
1153 3175 247 48 fifty-four
1434 3176 417 48 self-supporting,
1890 3177 242 41 unskilled
316 3179 1994 94 laborers’

436 3233 1271 48 families … prepared by Ethel Austin Martin.
319 3287 51 52 ©
398 3292 119 39 Nov.
544 3292 38 46 1,
611 3290 140 47 1927;
780 3291 67 40 2c.
875 3292 95 38 and
998 3290 82 40 aff.
1110 3292 121 39 Mar.
1260 3292 38 46 7,
1326 3290 140 47 1928;
1497 3291 41 39 A
1564 3291 229 47 1068158;
1825 3291 285 48 University
2139 3292 51 39 of
387 3292 1920 104 Chicago,
554 3347 224 48 Chicago.
849 3347 251 49 (28-7525)

317 3442 122 51 The
468 3441 331 53 Humorist.
875 3461 49 32 v.
959 3444 81 64 12,
1067 3459 89 34 no.
1184 3444 120 57 298,
1329 3441 144 67 Apr.
1500 3444 85 54 21,
1616 3444 149 50 1928.

321 3520 2003 53 © 1c. Apr. 19, 1928; A ad int. 10928; pubd. Apr. 14; George Newnes,
388 3581 102 48 ltd.,
524 3581 213 40 London.

315 3672 252 63 Jaffray,
600 3672 241 65 Robert,
877 3678 170 49 1854-

386 3750 164 69 King
588 3750 226 54 Arthur
854 3752 113 52 and
1009 3752 96 53 the
1146 3752 160 69 Holy
1347 3752 195 68 Grail;
1586 3771 71 35 an
1698 3753 390 52 examination
2127 3752 65 53 of
2230 3753 97 52 the

317 3828 158 68 early
506 3827 297 55 literature
835 3829 332 69 pertaining
1195 3837 60 46 to
1284 3830 96 52 the
1411 3830 232 68 legends
1672 3830 65 54 of
1766 3831 163 68 King
1955 3831 229 52 Arthur
2213 3830 112 52 and

318 3904 64 53 of
408 3905 97 53 the
532 3905 159 70 Holy
720 3905 184 69 Grail,
932 3907 262 69 together
1222 3907 140 53 with
1393 3927 31 33 a
1456 3908 150 52 brief
1633 3909 205 52 review
1865 3908 64 53 of
1957 3908 95 53 the
2082 3908 245 53 theories

320 3984 248 70 relating
601 3990 57 47 to
690 3984 95 54 the
818 3986 516 53 latter—intended
1367 3992 58 46 to
1456 4005 157 34 serve
1647 4006 60 34 as
1739 4006 72 34 an
1845 3987 390 52 introduction
2268 3993 59 47 to
