2498 4384
1025 4114 136 50 2045

91 453 242 62 Graves,
364 449 257 55 William
650 448 252 64 Whites,
935 448 172 54 1871-

159 528 133 54 Life
331 529 115 52 and
483 528 194 52 letters
716 526 65 53 of
816 527 138 52 Rev.
994 526 218 52 Father
1247 525 156 54 John
1445 523 467 67 Schoenmakers,
1982 565 8 8 S.
2071 564 29 24 J.,

92 599 2008 77 apostle to the Osages, by W. W. Graves … Parsons, Kan., The
92 683 939 68 Commercial publishers [ ᶜ1 928]
159 763 987 54 1 p. l ., 5-144, [4] p. plates, port. 19½ᶜᵐ.
93 838 51 52 ©
172 841 112 40 Dec.
313 841 67 46 14,
410 838 85 40 1928;
583 839 68 40 2c.
680 838 97 39 and
805 837 82 41 aff.
918 838 113 39 Dec.
1060 837 81 46 17;
1174 835 41 40 A
1243 835 143 47 2319;
1418 835 73 41 W.
1521 836 73 40 W.
1627 834 199 48 Graves,
1860 834 68 40 St.
1959 833 139 39 Paul.

169 896 281 50 (28-31186)

91 992 157 63 Hite,
280 989 195 54 Lewis
508 988 181 64 Field,
726 992 172 51 1852-

161 1067 432 69 Swedenborg’s
623 1066 297 53 historical
951 1065 270 68 position,
1254 1064 337 69 containing
1621 1064 99 53 the
1747 1062 354 54 testimonies

91 1147 64 53 of
191 1147 250 52 eminent
478 1164 129 34 men
646 1144 66 53 of
747 1144 90 53 his
876 1162 129 34 own
1044 1144 113 52 and
1196 1142 343 69 subsequent
1575 1141 185 68 times,
1798 1141 76 69 by
1913 1139 187 54 Lewis

91 1218 2008 70 Field Hite … Boston, Massachusetts New-church union, 1928.
158 1305 542 50 2 p. l ., [3]-174 p. 20½ ᶜᵐ.
91 1374 51 53 ©
171 1379 112 39 Dec.
311 1379 69 45 17,
543 1387 8 36 1928;
581 1376 68 39 2c.
678 1376 113 39 Dec.
818 1375 83 46 21;
933 1374 82 42 aff.
1046 1375 111 39 Dec.
1187 1373 83 42 19;
1302 1375 39 38 A
1371 1374 142 47 2373;
1545 1373 391 40 Massachusetts
157 1372 1926 102 Newchurch

368 1433 164 40 union.
601 1432 282 49 (28-31133)

90 1527 307 64 Hurlbutt,
434 1527 254 63 Gordon,
722 1545 179 51 comp.

157 1606 298 53 Windows
494 1605 113 52 and
648 1605 198 68 wings.
926 1603 361 68 Companion
1326 1610 59 46 to
1425 1603 206 69 Wings
1671 1601 65 54 of
1774 1602 97 53 the
1911 1601 189 69 spirit.

89 1684 182 69 Eight
309 1683 265 52 hundred
614 1683 114 52 and
767 1681 323 69 thirty-five
1129 1681 385 53 illustrations
1556 1680 154 53 from
1751 1681 79 52 all
87 1680 1993 135 departments

309 1760 65 54 of
409 1761 217 52 human
665 1760 354 69 knowledge,
1058 1759 303 70 including
1399 1764 130 48 true
1567 1758 203 54 stories
1811 1758 154 53 from
2004 1758 97 53 the

88 1840 328 68 experience
466 1838 65 53 of
577 1839 201 68 nearly
826 1857 103 34 one
979 1838 266 53 hundred
1295 1839 115 52 and
1459 1836 138 70 fifty
1645 1836 291 55 ministers
1985 1837 117 52 and

87 1918 188 52 others
318 1917 397 68 representing
757 1916 95 53 the
895 1916 234 69 leading
1172 1916 354 69 evangelical
1570 1915 535 54 denominations—

90 1995 91 53 for
230 1996 320 68 preachers,
601 1994 460 69 Sunday-school
1109 1994 274 67 teachers,
1433 1995 291 67 lecturers,
1773 1994 115 53 and
1938 1994 165 53 other

88 2074 282 69 speakers,
405 2074 114 52 and
555 2072 95 53 for
682 2073 409 68 inspirational
1125 2073 243 69 reading
1403 2074 60 51 in
1496 2073 97 53 the
1628 2072 184 69 home,
1845 2071 77 70 by
89 2071 1990 134 Gordon

227 2150 1805 70 Hurlbutt … Louisville, Ky., The Standard press, 1928.
153 2235 281 48 352 p. 24 ᶜᵐ.
91 2302 51 52 ©
174 2306 113 40 Dec.
318 2307 38 46 1,
389 2305 143 41 1928;
565 2305 68 40 2c.
712 2316 67 28 Dec.
810 2304 83 48 14;
928 2304 83 41 aff.
1043 2305 113 40 Dec.
1189 2304 84 48 12;
1307 2305 43 39 A
1381 2304 141 48 3197;
1560 2304 52 41 G.
1647 2305 255 48 Hurlbutt,
156 2305 1930 99 Louisville.
352 2362 283 50 (28-31136)

87 2456 299 64 Husslein,
420 2456 222 64 Joseph
675 2457 240 63 Casper,
950 2458 172 54 1873-

158 2535 123 52 The
319 2535 166 68 reign
525 2535 65 53 of
631 2535 215 68 Christ,
886 2536 95 52 the
1023 2536 295 52 immortal
1360 2536 142 70 king
1545 2536 66 53 of
1652 2555 150 51 ages,
1844 2536 75 70 by
1961 2537 139 54 Rev.

91 2612 1914 72 Joseph Husslein … New York, P. J. Kenedy & sons, 1928.
193 2727 9 17 x,
232 2696 86 39 265
349 2707 43 37 p.
451 2695 166 49 front.,
649 2697 173 47 plates.
882 2696 58 41 20½ᶜᵐ.

91 2761 51 53 ©
169 2766 112 40 Dec.
307 2767 70 47 11,
404 2766 116 40 1928;
574 2767 69 40 2c.
670 2767 113 40 Dec.
810 2767 55 39 15;
922 2767 83 41 aff.
1033 2768 113 40 Dec.
1174 2767 55 40 19;
1287 2768 41 39 A
1354 2768 115 40 2340;
1527 2769 51 41 P.
1607 2769 44 40 J.
1680 2769 170 41 Kenedy
1911 2769 37 41 &
1975 2779 129 31 sons.

168 2822 281 49 (28-31130)

88 2916 266 66 Klewdtz,
386 2916 185 66 Felix,
605 2923 171 50 1884-

87 2994 1994 131 Das bronchialasthma, von prof. dr. Felix Klewitz … Dresden
223 3074 119 52 und
372 3073 261 70 Leipzig,
662 3075 67 53 T.
763 3073 346 71 Steinkopff,
1142 3079 152 50 1928.

157 3156 1880 53 vi, [4], 3-81 p. 22 ᶜᵐ. (Added t.-p.: Medizinische praxis … bd. III)
91 3223 1849 57 © July 3, 1928; 1c. Sept. 19; A—Foreign 141; Theodor Steinkopff.
168 3284 283 49 (28-31005)

91 3378 82 54 La
202 3380 175 64 Tour,
408 3381 241 64 Ernest,
680 3382 243 54 vicomte
956 3382 89 55 de.

89 3458 1989 146 … Le sentiment français; é tudes historiques et philosophiques
359 3555 98 34 sur
491 3537 55 51 la
581 3538 298 52 mentalité
916 3537 285 66 française
1240 3540 484 69 d’après-guerre;
1764 3541 233 69 préface
2033 3544 70 53 de

93 3613 1679 74 Fernand Laudet … Paris, J. Peyronnet & c ⁱᵉ , 1928.
161 3696 615 49 130 p., 1 l. front. 20ᶜᵐ.
160 3767 64 40 At
251 3768 127 40 head
407 3768 53 40 of
490 3768 108 41 title:
658 3769 218 41 Vicomte
906 3772 59 39 de
994 3770 69 40 La
1094 3771 147 41 Tour.

160 3824 86 40 No.
275 3825 88 39 226
391 3825 53 40 of
473 3836 63 29 an
565 3825 186 41 edition
780 3827 52 40 of
861 3827 132 48 1,500
1022 3827 175 49 copies.

440 3896 1664 56 CONTENTS. — Vox clamantis in deserto.— Le Français de l’étranger et
91 3950 43 41 le
174 3951 190 42 Conseil
404 3953 225 41 national
669 3953 618 53 économique.—L’équipe
1328 3958 64 40 du
1434 3959 386 50 coq.—Prestige
1862 3963 48 39 et
98 3961 1984 89 diplomatie.—L’avenir

581 4014 48 38 et
665 4013 47 38 la
751 4012 195 41 vitalité
984 4014 59 41 de
1078 4015 48 39 la
1166 4015 346 42 race.—Ordre
1550 4020 48 38 et
1635 4018 467 46 progrès.—France
