2542 4417
1176 4080 68 51 95

193 418 263 62 Suckow,
491 417 183 65 Ruth,
710 420 172 51 1892-

259 492 1943 68 The Bonney family [ by] Ruth Suckow. New York, A. A.
190 573 224 70 Knopf,
447 576 152 51 1928.

258 656 708 50 3 p. l., 3-296 p., 1 l. 20 ᶜᵐ .
197 724 51 53 ©
277 729 109 40 Jan.
414 727 70 48 20,
513 727 142 47 1928;
683 727 69 41 2c.
780 727 111 40 Jan.
919 725 83 47 30;
1033 724 84 43 aff.
1146 726 111 41 Jan.
1285 724 84 48 25;
1400 725 41 39 A
1470 724 231 47 1061458;
1733 724 173 41 Alfred
1937 725 54 46 A,
2021 724 182 50 Knopf,

264 785 91 41 inc.
426 784 253 49 (28-3333)

193 892 283 64 Sullivan,
507 891 173 65 Alan,
715 895 172 51 1868-

260 967 1944 71 The verdict of the sea, by Alan Sullivan … New York,
192 1050 67 53 E.
291 1049 65 53 P.
387 1049 226 53 Dutton
645 1049 46 51 &
722 1065 298 52 company,
1056 1049 151 52 1928.

259 1131 621 50 3 p. l., 3-264 p. 19½ᶜᵐ.
197 1199 52 53 ©
275 1203 111 41 Jan.
409 1203 71 48 27,
505 1202 141 47 1928;
673 1203 69 40 2d.
767 1202 116 42 Jan.
903 1202 56 41 28;
1014 1201 83 41 aff.
1124 1202 112 41 Jan.
1260 1201 83 47 30;
1373 1201 39 40 A
1440 1201 230 47 1061460;
1700 1203 52 40 E.
1780 1203 52 41 P.
1860 1203 186 40 Dutton
2075 1203 36 40 &
2138 1213 68 31 co.

274 1260 253 49 (28-3332)

190 1368 312 63 Sweetser,
540 1367 194 65 Ralph
773 1368 221 63 Hayes,
1035 1367 173 54 1871-

263 1445 179 57 Clean
479 1447 141 67 coal,
659 1465 71 33 an
772 1451 303 65 argument
1113 1445 94 54 for
1246 1445 236 55 marked
1523 1446 446 69 improvements
2010 1446 61 54 in
2108 1447 97 53 the

194 1525 258 53 methods
495 1524 66 53 of
603 1525 335 68 evaluating
980 1523 314 55 America’s
1340 1529 148 49 most
1531 1525 321 68 important
1897 1525 311 55 industrial

196 1602 138 68 fuel,
369 1603 77 69 by
484 1603 195 69 Ralph
716 1603 197 68 Hayes
953 1601 293 56 Sweetser.
1324 1601 331 70 Cleveland,
1697 1602 87 69 O.,
1822 1603 123 53 The
1982 1604 227 54 Penton

194 1681 337 70 publishing
560 1700 99 50 co.,
693 1681 151 54 1927.

297 1794 9 17 v,
337 1763 71 50 [1],
437 1763 58 41 67
519 1774 45 38 p.
624 1763 131 41 illus.
815 1763 148 42 21½ᶜᵐ.

198 1830 52 53 ©
277 1835 113 41 Dec.
416 1835 70 48 28,
515 1834 115 41 1927;
684 1835 68 41 2c.
781 1835 110 40 Jan.
918 1835 68 46 14,
1015 1835 115 41 1928;
1219 1834 50 42 aff.
1298 1835 111 41 Jan.
1438 1835 55 41 13;
1551 1836 41 39 A
1619 1835 206 41 1061217;
1882 1837 188 40 Penton
2098 1836 112 48 pub.

268 1903 68 30 co.
407 1891 255 50 (28-3050)

191 2001 267 51 Talmud.
535 2002 49 50 Ta'
641 2001 138 51 amit.

1917 2113 224 64 מסכת
1653 2115 226 70 תענית
1541 2113 78 92 מן
1269 2081 240 98 תלמוד
1031 2083 202 96 בבלי.
735 2115 220 62 הוגהה
619 2083 88 102 על
513 2115 76 62 פי
295 2113 188 64 כתבי
193 2113 72 62 יד

2009 2229 208 62 שונים
1675 2227 290 64 והוצאות
1363 2227 268 98 עתיקות
1033 2227 276 90 ונעתקה
767 2195 220 96 לשפת
465 2195 258 96 אנגלית
337 2195 88 104 על
191 2229 102 60 ידי

2087 2343 128 62 צבי
1781 2309 264 102 מלטער
1651 2385 86 18 ...
1169 2309 442 98 פילאדלפיא,
865 2341 272 64 החברה
521 2341 300 64 היהודית
195 2309 284 96 להוצאת

1973 2441 244 62 ספרים
1755 2441 174 62 אשר
1309 2439 406 66 באמיריסא,
1003 2439 276 64 תרפ״ח.

266 2551 137 50 xlvii,
434 2551 100 49 240,
565 2551 100 49 240,
695 2551 205 42 241-243
931 2562 44 38 p.
1035 2552 58 41 17
1094 2553 45 23 ᶜᵐ
1144 2583 9 9 .
1224 2551 127 49 (The
1386 2551 157 42 Schiff
1571 2551 189 49 library
1793 2551 54 42 of
1876 2551 188 42 Jewish
198 2553 2000 104 classics)

270 2680 204 49 English
505 2682 99 47 t.-p.
637 2682 144 39 reads:
843 2681 104 40 The
978 2680 207 41 treatise
1217 2680 197 41 Ta’anit
1446 2680 52 41 of
1532 2681 84 40 the
1648 2680 310 49 Babylonian
1992 2681 223 48 Talmud,

199 2737 244 48 critically
474 2737 164 41 edited
669 2749 61 29 on
762 2738 84 40 the
877 2738 133 40 basis
1042 2738 53 40 of
1124 2737 333 49 manuscripts
1490 2739 98 39 and
1622 2739 79 39 old
1735 2737 211 42 editions
1980 2739 99 40 and
200 2749 1999 87 provided
374 2795 121 41 with

527 2795 1689 50 a translation and notes by Henry Malter … Philadelphia,
199 2852 102 41 The
325 2851 186 42 Jewish
538 2852 303 49 publication
867 2852 183 48 society
1077 2853 53 40 of
1156 2852 241 50 America,
1424 2853 131 42 1928.

270 2910 211 41 Hebrew
519 2913 107 38 text
664 2912 96 39 and
799 2909 204 50 English
1045 2910 300 41 translation
1385 2921 62 30 on
1486 2910 222 49 opposite
1748 2921 148 38 pages;
1970 2911 155 49 paged
2166 2910 50 41 in

199 2966 263 49 duplicate.

203 3034 51 53 ©
286 3038 111 43 Jan.
427 3039 69 49 12,
529 3039 142 47 1928;
703 3040 69 40 2c.
804 3040 111 41 Jan.
947 3039 82 48 14;
1064 3039 83 41 aff.
1181 3040 112 41 Jan.
1324 3040 84 47 16;
1443 3041 41 39 A
1515 3039 233 49 1061226;
1783 3040 186 41 Jewish
272 3040 1922 97 publication
406 3107 95 31 soc.
532 3097 52 41 of

613 3097 239 48 America,
885 3096 360 49 Philadelphia.
1316 3097 255 49 (28-3305)

196 3205 252 64 Tanner,
477 3206 202 54 Jacob.

268 3283 1947 71 Ten studies in the catechism, by Jacob Tanner … published
199 3362 181 54 under
409 3362 97 54 the
535 3362 258 70 auspices
825 3362 66 54 of
919 3363 97 54 the
1047 3363 197 54 Board
1275 3362 66 55 of
1370 3363 350 70 elementary
1753 3363 298 56 Christian
200 3363 1991 131 education

412 3440 65 54 of
500 3441 97 53 the
621 3440 347 70 Norwegian
992 3441 299 53 Lutheran
1315 3441 213 54 church
1554 3441 66 54 of
1643 3440 286 55 America.
200 3442 1991 145 Minneapolis,
431 3518 204 69 Minn.,

667 3518 314 71 Augsburg
1010 3519 340 70 publishing
1379 3520 192 68 house,
1603 3520 152 55 1927.

269 3603 58 41 84
353 3613 45 39 p.
456 3603 119 42 20ᶜᵐ.

207 3667 51 53 ©
291 3673 113 42 Dec.
436 3674 70 48 15,
539 3673 143 43 1927;
717 3674 69 41 2c.
820 3674 97 40 and
951 3673 82 42 aff.
1067 3674 112 41 Jan.
1211 3675 41 47 3,
1287 3674 142 47 1928;
1466 3675 42 39 A
1542 3674 231 49 1018075;
1811 3675 260 49 Augsburg
2105 3675 111 49 pub.

273 3729 165 43 house.
508 3731 254 50 (28-2833)

198 3837 238 64 Tarbot,
470 3839 196 65 Jerry.

206 3916 1987 148 Jerry Tarbot, the living unknown soldier. New York, Tyler publishing co. [ ᶜ1928]
