2498 4384
1220 4121 101 52 196

331 542 57 53 A
432 542 278 54 listener’s
753 541 393 54 introduction
1187 547 60 48 to
1289 541 99 53 the
1426 540 180 54 music
1648 539 65 54 of
1753 539 228 54 Ravel’s
2025 539 246 53 Toccata

261 620 155 54 from
445 622 122 51 The
597 621 156 52 tomb
786 620 64 54 of
881 620 307 69 Couperin,
1217 620 78 69 by
1323 620 79 52 M.
1435 619 360 67 Emmanuel,
1825 618 211 68 played
2066 618 78 69 by
2172 617 96 53 the

259 717 307 50 composer.
644 699 107 53 Ed.
808 699 114 53 [and
951 705 90 60 tr.]
1077 699 77 68 by
1184 699 185 68 Percy
1398 697 71 53 A.
1503 697 248 55 Scholes.
1833 695 277 68 [London]
2147 696 122 52 The

256 777 247 54 Aeolian
539 798 98 47 co.,
673 778 103 53 ltd.
820 775 172 74 [1927]
1084 776 150 70 (The
1272 776 227 55 world’s
1535 776 195 54 music.
1805 775 269 53 Duo-art.
260 773 1984 137 Annotated
527 856 186 53 series.
788 855 225 69 D-213)

267 936 2007 52 © 1c. June 22, 1927; A ad int. 10794; pubd. Apr. 25; Aeolian co., New
335 997 145 40 York.
548 992 69 53 [©
650 998 106 38 text
786 997 98 38 and
914 995 333 40 illustrations
1278 1006 62 30 on
1368 995 156 41 music
1554 996 108 48 roll]

260 1076 383 64 Engelsman,
673 1074 193 65 Ralph
899 1075 67 55 G.

330 1152 1947 71 Making sales contacts, by Ralph G. Engelsman … New
264 1232 165 54 York
455 1233 114 52 and
596 1232 260 68 London,
881 1231 237 69 Harper
1142 1234 47 51 &
1213 1231 282 69 brothers,
1525 1234 150 51 1928.

331 1316 72 40 xii
447 1326 58 38 p.,
548 1316 25 39 1
654 1346 10 18 l.,
708 1315 86 40 106
835 1326 44 38 p.
939 1314 145 49 illus.,
1127 1317 174 47 plates.
1360 1315 119 42 21ᶜᵐ.
1550 1314 259 50 (Harper’s
1866 1314 89 41 life
2013 1313 262 42 insurance

262 1373 201 47 library,
490 1373 73 40 ed.
588 1372 64 48 by
677 1372 44 41 J.
747 1372 55 41 A.
832 1372 269 41 Stevenson
1126 1373 96 39 and
1253 1371 53 42 G.
1333 1372 63 41 M.
1424 1372 260 47 Lovelace)

268 1425 52 52 ©
350 1429 112 41 Feb.
491 1428 70 49 16,
590 1428 142 47 1928;
762 1428 68 41 2c.
861 1429 96 39 and
986 1428 83 41 aff.
1099 1428 112 41 Feb.
1242 1428 82 47 18;
1355 1428 42 39 A
1425 1427 230 48 1018837;
1688 1428 197 48 Harper
1912 1428 37 40 &
1977 1428 127 41 bros.

345 1485 254 50 (28-5794)

261 1564 366 65 Ergebnisse
661 1565 100 53 der
795 1564 243 54 exakten
1072 1563 664 55 naturwissenschaften.
1810 1564 178 70 Hrsg,
2025 1583 114 34 von
2174 1564 101 54 der

331 1642 1921 149 schriftleitung der “Naturwissenschaften”. 6. bd. … Berlin, J. Springer, 1927.
337 1804 1163 49 2 p. l., 378 p. illus., tables, diagrs. 24 ½ ᶜᵐ.
269 1859 2009 52 © Sept. 17, 1927; 1c. Jan. 5, 1928; A —Foreign 36896; Julius Springer.
263 1927 348 65 Etheridge,
641 1927 258 55 William
932 1927 251 64 Carlyle,
1218 1932 172 49 1885-

334 2006 1946 70 Field crops, by William Carlyle Etheridge … Boston, New
271 2085 160 53 York
485 2091 120 61 [etc.]
643 2085 158 55 Ginn
834 2086 115 53 and
979 2104 284 50 company
1374 2088 118 65 [ᶜ1928]

335 2169 63 47 vi,
425 2168 86 41 606
537 2180 43 37 p.
641 2168 129 41 illus.
800 2168 135 49 (incl.
962 2169 163 48 maps)
1152 2168 182 49 diagrs.
1394 2168 118 43 20ᶜᵐ.

337 2226 286 41 “Classified
644 2226 305 41 references”
968 2237 9 29 :
1010 2237 44 38 p.
1076 2226 221 41 597-599.

271 2280 52 52 ©
355 2285 111 39 Jan.
496 2284 40 47 3,
568 2283 141 41 1928;
742 2284 68 41 2c.
841 2284 110 40 Jan.
982 2284 83 46 13;
1099 2283 83 42 aff.
1214 2284 112 40 Jan.
1356 2284 83 46 14;
1472 2283 42 40 A
1543 2283 231 47 1018381;
1809 2284 71 40 W.
1914 2283 49 41 C.
1998 2283 279 49 Etheridge.

338 2341 270 47 Columbia,
641 2342 93 40 Mo.
806 2340 252 49 (28-5771)

264 2407 248 53 Federal
546 2408 187 69 digest
765 2408 270 69 covering
1067 2407 279 54 decisions
1379 2406 65 54 of
1476 2408 96 52 the
1604 2408 219 53 United
1861 2407 190 55 States
2087 2412 189 49 courts

334 2485 1944 71 reported in Federal reporter, vols. 1-300; Supreme court
337 2568 276 64 reporter,
639 2568 162 63 1-44;
829 2565 218 54 United
1076 2564 190 55 States
1289 2570 241 62 reports,
1556 2567 268 64 106-265;
1851 2565 288 68 Lawyers’
335 2565 1920 137 edition,
518 2643 219 54 United

783 2643 189 55 States
1014 2647 243 64 reports,
1299 2643 200 65 27-68;
1545 2641 232 70 Appeal
1819 2661 168 49 cases,
2029 2642 249 55 District

335 2720 1918 147 of Columbia reports 49-55; Circuit courts of appeals reports, 1-171 … v. 12. Public
1317 2800 211 53 service
1557 2799 720 55 commissions-Searches.

341 2879 215 53 Edited
598 2878 77 68 by
715 2878 97 53 the
852 2878 266 54 editorial
1162 2878 135 53 staff
1340 2877 64 53 of
1443 2878 97 52 the
1581 2878 310 53 American
1934 2878 189 70 digest

332 2898 1922 127 system … St. Paul, West publishing co., 1928.
339 3039 211 41 Various
586 3039 219 49 pagings.
865 3039 117 42 26ᶜᵐ.

273 3092 52 52 ©
354 3097 113 41 Feb.
496 3097 70 47 16,
595 3096 142 47 1928;
767 3097 68 40 2c.
865 3097 123 40 Mar.
1018 3096 83 48 12;
1133 3095 82 42 aff.
1247 3097 124 40 Mar.
1399 3095 83 48 10;
1513 3096 42 39 A
1584 3096 232 47 1068239;
1848 3098 135 40 West
2013 3098 110 48 pub.
2154 3108 67 31 co.

266 3162 250 62 Fenton,
548 3162 288 63 Norman,
870 3166 170 49 1895-

337 3238 97 54 An
475 3238 393 54 introduction
907 3245 59 48 to
1007 3239 363 54 educational
1407 3244 459 63 measurements,
1905 3239 77 70 by
2022 3240 257 53 Norman

267 3316 2015 69 Fenton … and Dean A. Worcester … Boston, New York
292 3401 121 61 [etc.]
447 3393 158 56 Ginn
632 3395 114 52 and
773 3412 282 52 company
1162 3397 120 64 [ᶜ1928]

337 3479 66 48 ix,
434 3478 85 41 149
546 3489 44 38 p.
620 3478 110 41 incl.
758 3478 170 48 forms,
958 3478 182 49 diagrs.
1198 3478 120 41 20ᶜᵐ.

339 3535 237 41 Contains
607 3534 394 49 bibliographies.

277 3587 52 52 ©
367 3591 112 40 Jan.
516 3591 69 47 10,
622 3590 141 46 1928;
804 3591 67 39 2c.
910 3590 111 40 Feb.
1058 3590 82 46 11;
1180 3589 84 41 aff.
1303 3590 111 40 Feb.
1453 3590 82 41 13:
1575 3590 41 40 A
1653 3590 230 49 1061665;
1923 3593 57 41 N.
2019 3594 188 39 Fenton
2245 3594 36 40 &

343 3648 139 40 Dean
514 3647 55 41 A.
602 3648 289 47 Worcester,
926 3647 200 47 Athens,
1163 3646 53 42 O.
1287 3645 252 51 (28-5603)

269 3712 181 63 Field,
484 3712 257 53 Bradda.

339 3791 123 52 The
501 3790 235 53 earthen
774 3791 99 67 lot,
913 3790 76 69 by
1027 3791 238 53 Bradda
1305 3791 184 53 Field.
1567 3792 138 52 New
1747 3792 180 69 York,
1968 3793 312 69 Harcourt,

269 3868 182 53 Brace
486 3867 114 53 and
637 3885 280 51 company
1034 3871 119 64 [ᶜ1928]

337 3951 28 39 4
392 3961 45 38 p.
503 3980 9 18 l.,
541 3949 90 42 312
657 3960 44 39 p.
761 3949 147 44 19½ᶜᵐ.

277 4003 52 52 ©
357 4007 113 41 Feb.
497 4007 41 48 9,
566 4007 140 45 1928;
737 4008 67 41 2c.
833 4009 95 39 and
957 4008 82 42 aff.
1068 4008 112 42 Feb.
1208 4009 83 42 23;
1323 4009 41 40 A
1392 4009 230 48 1061884;

1653 4010 263 49 Harcourt,
1946 4012 156 40 Brace
2132 4016 36 39 &
2197 4023 82 38 co.,

343 4063 93 42 inc.
507 4064 253 50 (28-5639)
