2498 4384
1228 4080 138 51 1424

281 445 257 64 Hyland,
566 445 205 53 James
800 444 73 55 A.

350 523 181 52 Rome
562 523 113 52 and
709 523 96 52 the
836 523 197 54 White
1065 522 225 67 House;
1327 539 149 51 pope
1509 523 114 52 and
1656 522 309 69 president,
1999 523 66 53 “a
279 525 1985 143 parallel”,

445 599 1844 71 by James A. Hyland … New York, The Devin-Adair
280 696 283 50 company
642 680 153 65 [ᶜ1928]

350 760 1416 51 vii p., 3 l., 137 p. front., plates, ports., diagrs. 19½ ᶜᵐ.
288 829 1891 52 © Sept. 11, 1928; 2c. and aff. Sept. 17; A 1054341; Devin-Adair co.
367 889 283 50 (28-22166)

284 984 260 65 Hyman,
577 983 241 54 Esther.

354 1061 1941 70 Study in bronze, by Esther Hyman … New York, H. Holt
282 1141 650 67 and company [ ᶜ19 28 ]
352 1223 89 40 317
467 1233 43 38 p.
571 1220 56 42 19½ᶜᵐ.

291 1290 52 52 ©
375 1293 131 47 Sept.
532 1293 70 47 21,
633 1292 116 40 1928;
807 1292 68 40 2c.
907 1291 129 48 Sept.
1065 1291 57 39 24;
1182 1290 84 42 aff.
1299 1291 128 49 Sept.
1457 1293 55 40 27;
1573 1292 41 39 A
1643 1292 205 41 1053587;
1907 1294 170 47 Henry
2109 1294 120 39 Holt
2259 1293 37 41 &

358 1360 68 30 co.
497 1348 282 50 (23-22140)

287 1442 222 63 Isham,
546 1443 268 52 Norman
852 1441 314 65 Morrison,
1208 1446 174 50 1864-

361 1520 1872 69 Early American houses, by Norman Morrison Isham …
295 1600 254 66 [Boston]
584 1598 122 53 The
733 1598 268 68 Walpole
1028 1598 230 69 society,
1290 1601 152 50 1928.

363 1679 1925 51 6 p. l., 3-61 p., 1 l., [11] p. illus. (incl. plans) 33 pl. (incl. front.)
289 1736 57 41 24½ᶜᵐ.

365 1806 131 41 “One
522 1807 223 40 hundred
773 1808 96 39 and
896 1807 314 47 seventy-five
1236 1807 161 48 copies
1423 1807 195 48 printed
1644 1808 81 39 for
1751 1808 83 40 the
1864 1808 222 48 Walpole
2115 1808 180 48 society

293 1874 61 29 on
386 1863 237 40 Aurelian
657 1865 67 38 all
759 1874 88 37 rag·
879 1872 150 39 paper
1064 1867 52 37 at
1150 1864 84 40 the
1270 1864 229 47 Wayside
1536 1875 149 37 press,
1721 1865 258 48 Topsfield,
2017 1866 262 39 Massachusetts."

293 1974 51 53 ©
373 1978 121 48 Aug.
521 1978 70 48 28,
621 1978 118 40 1928;
792 1979 68 39 2c.
889 1979 96 38 and
1014 1978 82 40 aff.
1129 1978 129 49 Sept.
1287 1979 54 40 17;
1401 1978 40 40 A
1470 1978 231 48 1054348;
1733 1980 220 48 Walpole
1982 1990 94 31 soc.

371 2034 282 50 (28-22206)

288 2129 223 64 James,
543 2129 207 63 Henry
782 2129 265 54 Francis.

358 2206 122 53 The
518 2206 378 69 agricultural
933 2206 268 69 industry
1239 2206 65 54 of
1339 2208 395 52 southeastern
1771 2208 456 68 Pennsylvania;
2268 2228 26 33 a

287 2286 175 67 study
487 2285 62 52 in
574 2284 284 53 economic
883 2285 336 68 geography
1252 2284 109 69 [by]
1394 2285 205 69 Henry
1624 2286 241 53 Francis
1891 2286 214 56 James,
2219 2329 10 9 PH.
2289 2331 8 8 D.

287 2361 431 71 Philadelphia,
752 2364 151 52 1928.

359 2446 1940 51 xi, 168 p. illus. (incl. maps) diagrs. 23 ᶜᵐ. (Special publication
288 2517 74 29 no.
399 2506 27 39 3
464 2504 52 41 of
551 2505 81 39 the
670 2503 354 49 Geographical
1060 2504 185 47 society
1280 2503 52 41 of
1365 2504 368 48 Philadelphia)

359 2562 266 40 Published
655 2561 104 39 also
788 2571 55 29 as
874 2559 154 41 thesis
1067 2560 109 48 (PH.
1240 2560 34 48 D.)
1313 2560 285 48 University
1627 2561 52 40 of
1708 2562 376 46 Pennsylvania.
2115 2563 128 39 1927.

289 2616 1994 106 “This material … is being published in the Bulletin of the Geographical society of Philadelphia,
1125 2673 51 39 in
1213 2684 29 29 a
1278 2672 152 41 series
1467 2673 51 40 of
1553 2673 77 40 six
1667 2674 271 40 successive
1975 2675 214 43 articles,
288 2676 1996 105 beginning
519 2731 121 41 with
666 2732 83 39 the
776 2730 132 40 issue
935 2729 53 41 of
1012 2729 240 49 January,
1281 2728 159 43 1928.”

363 2787 450 49 “Bibliographies”:
878 2797 43 37 p.
955 2785 219 41 164-168.

297 2842 52 52 ©
383 2846 115 47 Apr.
532 2845 69 48 14,
635 2844 114 40 1928;
810 2844 68 40 2c.
914 2842 131 48 Sept.
1076 2841 55 40 15;
1194 2841 85 41 aff.
1315 2841 128 49 Sept.
1477 2842 55 39 21;
1595 2842 41 39 A
1669 2842 204 40 1053489;
1936 2843 62 41 H.
2033 2843 52 40 F.
2120 2844 180 48 James,

367 2902 345 47 Swarthmore,
748 2901 84 40 Pa.
903 2898 282 50 (28-22298)

292 2996 234 63 Knapp,
563 2993 264 65 Charles,
865 2995 83 52 ed.

374 3074 375 67 [Mechanical
780 3072 249 52 revision
1059 3070 65 54 of
1153 3075 122 48 text
1306 3071 114 52 and
1451 3070 221 54 revised
1704 3071 410 69 introduction,
2146 3078 158 48 notes

298 3153 114 51 and
443 3151 364 67 vocabulary]
841 3150 77 68 by
949 3149 238 54 Charles
1216 3149 220 68 Knapp
1475 3150 78 66 [in
1581 3150 99 51 the
1707 3149 149 53 book
1887 3151 258 66 entitled]
2183 3151 120 53 The

298 3230 222 52 Aeneid
556 3228 65 54 of
654 3229 221 68 Vergil,
909 3227 176 53 books
1123 3230 118 64 1-6,
1277 3227 296 53 selections
1608 3227 154 53 7-12.
1835 3228 138 52 Rev.
2010 3229 85 52 ed.
299 3228 1979 148 Chicago,
485 3308 140 51 New
655 3306 164 52 York
854 3311 137 61 [etc.]
1030 3303 177 69 Scott,
1237 3305 313 52 Foresman
1579 3306 114 52 and
1724 3324 298 52 company,
2056 3310 150 50 1928.

366 3387 639 50 646, 202 p. plates. 19½ ᶜᵐ.
301 3443 52 52 ©
387 3445 130 49 Sept.
548 3446 68 47 14,
649 3445 114 40 1928;
823 3446 68 39 2c.
922 3445 96 39 and
1051 3443 81 42 aff.
1167 3443 129 48 Sept.
1329 3444 82 46 19;
1444 3444 41 39 A
1517 3444 231 48 1053396;
1786 3445 148 49 Scott,
1969 3445 266 41 Foresman
2268 3447 37 40 &

369 3513 71 32 co.

377 3596 263 67 [Revised
687 3595 409 67 introduction,
1142 3599 178 62 notes,
1368 3595 112 52 and
1529 3595 363 69 vocabulary]
1944 3596 77 69 by
2069 3596 237 54 Charles

301 3675 219 67 Knapp
554 3674 78 66 [in
658 3673 97 53 the
779 3673 148 52 book
953 3673 256 66 entitled]
1244 3673 121 52 The
1391 3672 223 54 Aeneid
1643 3672 64 54 of
1733 3674 222 68 Vergil,
1982 3674 177 54 books
2190 3678 116 64 1-6,

302 3753 115 51 and
456 3752 98 51 the
591 3751 491 67 Metamorphoses
1122 3749 64 54 of
1226 3750 173 68 Ovid,
1439 3751 311 53 selections.
1826 3753 139 51 Rev.
2007 3753 85 52 ed.
302 3753 1980 145 Chicago,
488 3829 140 52 New
658 3828 164 52 York
856 3833 137 61 [etc.]
1031 3827 178 68 Scott,
1239 3828 313 52 Foresman
1582 3829 112 52 and
1725 3848 299 50 company,
2057 3833 150 51 1928.

371 3911 99 48 645,
500 3910 87 40 202
615 3921 43 37 p.
718 3911 171 47 plates,
919 3910 119 40 fold.
1068 3921 125 37 map.
1252 3910 59 39 19½ᶜᵐ.

305 3963 51 53 ©
386 3967 131 48 Sept.
542 3967 39 48 8,
608 3966 114 41 1928;
777 3967 68 41 2c.
872 3968 96 39 and
994 3965 83 44 aff.
1107 3966 129 49 Sept.
1262 3967 59 39 12;
1373 3967 41 40 A
1440 3967 207 42 1054260;
1704 3968 147 49 Scott,
1880 3968 267 41 Foresman
2174 3967 37 42 &
2237 3978 69 32 co.
