2498 4384
1218 4114 136 54 1702

261 451 273 64 Garnett,
572 451 139 54 Mrs.
751 448 215 54 Louise
1014 447 257 67 (Ayres)

328 530 122 52 The
470 529 207 69 joyous
701 528 320 68 pretender,
1046 527 76 69 by
1145 527 209 53 Louise
1377 526 185 69 Ayres
1589 526 263 55 Garnett.
1926 527 140 53 New
2091 526 180 68 York,

258 607 1008 67 The Macmillan company, 1928.
330 689 610 49 xi p., 1 l., 232 p. 20 ᶜᵐ .
268 757 1649 54 © Oct. 30, 1928 ; 2c. and aff. Oct. 31; A 350; Macmillan co.
345 818 283 50 (28-25176)

260 912 187 65 Gillis,
488 912 71 54 W
846 912 71 54 D.

333 990 122 53 The
493 990 187 52 Idaho
716 989 390 69 Legislature;
1147 1007 31 34 a
1216 1007 207 50 survey
1460 987 66 54 of
1561 988 186 53 Idaho
1784 986 323 70 legislative
262 1004 1987 117 procedure

498 1068 262 68 together
791 1066 141 53 with
965 1085 31 34 a
1028 1066 393 69 compilation,
1452 1066 141 53 with
1623 1066 250 67 indexes,
1904 1064 66 54 of
1998 1065 99 53 the
2126 1065 151 52 rides

264 1145 65 54 of
360 1145 75 54 its
472 1144 206 56 Senate
712 1146 114 52 and
858 1145 197 52 House
1088 1144 65 53 of
1185 1144 494 68 representatives,
1712 1144 113 53 and
1859 1143 65 54 of
1954 1144 161 52 those
263 1161 1989 116 constitutional

634 1222 324 69 provisions
1003 1222 113 53 and
1160 1225 289 66 statutory
1493 1227 348 48 enactments
1884 1222 61 51 in
1989 1221 289 53 reference

265 1300 1988 148 to the Legislature. By W. D. Gillis … [Arco, Id., Arco advertiser] 1928.
334 1464 344 48 119 p. 24 ᶜᵐ .
273 1531 52 52 ©
356 1535 122 47 Aug.
507 1534 71 48 21,
608 1532 142 47 1928;
783 1533 69 40 2c.
884 1533 96 39 and
1011 1531 83 42 aff.
1128 1532 130 49 Sept.
1289 1532 83 48 22;
1405 1531 42 40 A
1478 1531 231 49 1053507;
1807 1564 9 9 W.
1848 1532 57 42 D.
1940 1532 159 42 Gillis.
2132 1532 145 48 Filer,

341 1593 73 39 Id.
480 1589 282 51 (28-25156)

268 1684 327 64 Goldstein,
634 1682 320 65 Benjamin
996 1683 305 64 Franklin,
1344 1688 172 49 1895-

337 1762 365 68 Marketing:
739 1780 32 34 a
808 1761 262 54 farmer’s
1107 1761 276 68 problem,
1418 1761 76 69 by
1530 1761 310 69 Benjamin
1875 1762 66 52 F.
1979 1761 304 56 Goldstein

331 1839 1476 70 … New York, The Macmillan company, 1928.
339 1923 701 50 xiv p., 1 l., 330 p. 22½ ᶜᵐ .
343 1992 335 41 “Authorities
711 1992 186 41 cited”:
932 2003 43 38 p.
1008 1992 219 41 319-330.

277 2046 1837 53 © Oct. 23, 1928; 2c. Oct. 24; aff. Oct. 25; A 1239; Macmillan co.
354 2107 284 49 (28-25054)

268 2199 537 65 H ā fiz, 14 th cent.
274 2277 1988 133 … Hafiz, the Tongue of the hidden; an attempt to transfuse
438 2356 123 54 into
598 2356 247 70 English
882 2356 269 69 rubáiyát
1188 2357 95 53 the
1320 2356 173 69 spirit
1529 2355 65 55 of
1627 2356 97 54 the
1759 2357 241 55 Persian
2037 2363 150 64 poet,
2226 2377 60 36 as

275 2434 107 54 felt
426 2435 77 69 by
551 2434 273 55 Clarence
869 2435 75 53 K.
994 2434 208 68 Streit;
1251 2435 142 52 with
1439 2455 31 33 a
1519 2434 307 70 foreword,
1873 2456 31 33 a
1951 2454 216 51 proem,
2215 2456 73 34 an

274 2513 281 69 epilogue,
582 2532 31 33 a
642 2513 194 53 sketch
864 2512 65 53 of
954 2513 96 52 the
1078 2512 106 53 life
1214 2512 66 53 of
1305 2512 171 53 Hafiz
1505 2514 114 52 and
1647 2532 32 34 a

1706 2519 131 47 note
1866 2532 73 34 on
1966 2514 117 54 this
274 2515 1990 129 adaptation.
552 2591 140 53 New
728 2590 181 68 York,
946 2592 123 52 The
1105 2591 224 69 Viking
1363 2609 176 50 press,
1579 2594 150 50 1928.

344 2672 460 50 96 p., 1 l. 20½ᶜᵐ.
346 2729 324 41 Decorations
706 2729 51 39 in
796 2729 205 40 Persian
1039 2729 152 49 script
1229 2740 62 30 on
1329 2729 253 49 half-title,
1620 2733 54 38 at
1711 2731 127 39 head
1875 2730 52 40 of
1964 2732 100 47 t.-p.
2103 2732 96 39 and
2238 2732 53 39 at

277 2788 126 39 head
438 2788 98 38 and
571 2786 106 40 foot
714 2787 52 39 of
802 2787 119 39 each
960 2796 121 38 page
1120 2787 51 39 of
1207 2787 83 39 the
1329 2786 231 47 rubaiyat
1598 2798 84 29 are
1719 2788 62 47 by
1818 2787 143 40 Hafiz
1997 2787 293 48 Nejmeddin

277 2843 208 48 Effendi,
514 2844 250 48 professor
793 2843 52 40 of
874 2843 318 48 calligraphy,
1223 2843 418 48 Constantinople.

284 2897 2004 52 © Sept. 10, 1928; 2c. Sept. 20; aff. Sept. 19; A 1053399; Viking press,
350 2957 93 41 inc.
511 2957 282 49 (28-25082)

274 3051 261 65 Hamlin,
575 3051 266 55 Scoville.

348 3129 197 54 Waste
580 3133 331 48 not—want
944 3133 130 62 not;
1113 3129 260 52 stabilize
1409 3129 341 68 production
1791 3130 113 53 and
1942 3130 221 53 control
281 3149 1986 126 expansion,
574 3206 77 70 by

687 3205 1604 71 Scoville Hamlin … Philadelphia, Dorrance and
281 3287 514 66 company [ ᶜ192 8 ]
349 3367 612 49 224 p. diagrs. 19½ ᶜᵐ .
353 3424 379 48 Bibliography:
767 3435 43 37 p.
840 3424 219 40 223-224.

289 3476 1922 53 © Oct. 15, 1928; 2c. Oct. 19; aff. Oct. 18; A 245; Dorrance & co., inc.
366 3537 283 50 (28-25053)

285 3631 316 64 Hanstein,
640 3631 203 54 Otfrid
880 3647 133 48 von,
1054 3636 171 50 1869-

355 3710 116 52 Ein
514 3709 120 70 flug
674 3728 95 33 um
813 3710 90 52 die
948 3710 133 52 welt
1121 3710 119 52 und
1284 3710 91 53 die
1416 3710 143 53 insei
1604 3711 100 52 der
1747 3711 301 52 seltsamen
2091 3711 200 69 dinge;

286 3788 314 68 erzählung
644 3805 112 34 von
802 3786 206 55 Otfrid
1054 3805 111 35 von
1211 3787 308 68 Hanstein,
1564 3788 107 53 mit
1715 3788 185 53 vielen
1944 3789 351 53 textbildern

286 3865 1863 70 von Kurt Reimer. Leipzig, Koehler & Amelang [ᶜ1927 ]
357 3947 1196 49 230 p. col. front., illus., col. plates. 22 ½ ᶜᵐ .
294 4001 1837 52 © Sept. 29, 1927; 1c. Aug. 22, 1928; A —Foreign 39755; Koehler &
361 4005 1916 105 Amelang,
518 4072 42 38 g.
590 4072 61 30 m.
680 4062 43 40 b.
752 4062 46 39 h.
869 4061 260 49 (28-25990)
