2547 4432
1451 4093 63 54 70

443 458 286 64 Goodsell,
767 458 355 64 Willystine.

576 529 1872 74 … Problems of the family, by Willystine Goodsell … New
449 611 1358 69 York and London, The Century co. [ ᶜ 1928]
551 727 8 17 x,
590 697 86 39 474
707 708 44 37 p.
811 696 56 40 23
870 698 44 22 ᶜᵐ
919 728 9 9 .
999 696 126 48 (The
1153 695 217 48 Century
1400 694 150 41 social
1580 694 187 42 science
1796 692 178 49 series)
2099 689 131 51 $3.50

517 765 203 49 “Topics
748 765 81 40 for
861 763 218 49 reports”
1114 766 51 38 at
1196 764 92 40 end
1319 763 54 41 of
1403 764 118 39 each
1552 763 52 40 of
1634 764 83 40 the
1748 764 229 47 chapters
2007 764 172 46 except
2207 771 102 30 one.

452 829 52 53 ©
534 835 110 39 Jan.
673 833 39 49 9,
742 833 85 40 1928;
915 834 67 40 2c.
1012 834 110 39 Jan.
1152 833 82 46 11;
1266 832 83 41 aff.
1380 833 110 41 Jan.
1519 834 82 46 12;
1633 833 42 39 A
1703 832 204 41 1018335;
1968 831 215 47 Century
2212 840 68 31 co.

530 889 253 52 (28-2829)

448 985 282 63 Graham,
767 984 291 64 Dorothy,
1098 987 171 50 1893-

448 1059 1982 135 The French wife, by Dorothy Graham … New York, Frederick A.
736 1140 204 55 Stokes
970 1157 298 50 company,
1301 1142 152 50 1928.

517 1222 480 49 3 p. l., 266 p. 19½ᶜᵐ.
456 1276 51 52 ©
540 1281 111 40 Jan.
683 1280 67 47 19,
783 1279 118 39 1928;
958 1279 68 41 2c.
1059 1279 96 39 and
1186 1277 82 42 aff.
1301 1278 111 41 Jan.
1444 1279 82 46 21;
1561 1278 41 39 A
1633 1277 231 49 1018492;
1899 1276 263 41 Frederick
2195 1277 53 41 A.
2284 1276 173 41 Stokes

524 1348 68 30 co.
662 1334 253 51 (28-2379)

452 1431 244 62 Graves,
733 1430 259 53 Jackson
1029 1429 285 63 Alpheus,
1356 1432 169 50 1852-

521 1509 104 67 My
655 1512 234 64 seventy
919 1525 165 51 years
1113 1506 61 53 in
1207 1505 345 69 California,
1586 1507 328 68 1857-1927,
1942 1507 77 68 by
2050 1507 57 53 J.
2138 1506 72 53 A.
2242 1505 220 55 Graves

514 1584 1489 69 … Los Angeles, The Times-mirror press, 1927.
522 1670 116 46 xvii,
670 1669 87 40 478
787 1680 44 37 p.
891 1668 164 48 front.,
1089 1669 172 47 plates,
1293 1670 151 45 ports.
1503 1668 58 39 24
1562 1670 44 21 ᶜᵐ
1612 1700 9 8 .

459 1722 51 52 ©
540 1726 118 40 Nov.
687 1725 69 47 25,
786 1724 116 40 1927;
959 1725 68 39 2c.
1057 1723 112 41 Dec.
1199 1723 27 41 6:
1286 1722 83 42 aff.
1400 1723 113 41 Dec.
1542 1724 54 39 31;
1656 1724 42 39 A
1726 1723 205 41 1018074;
1992 1725 43 40 J.
2066 1724 54 41 A.
2153 1723 198 47 Graves,

529 1723 1914 107 Alhambra,
782 1780 147 42 Calif.
999 1780 253 49 (28-2680)

457 1875 198 65 Greig,
688 1875 249 64 Maysie.

526 1955 121 52 The
674 1955 212 67 luxury
913 1953 280 67 husband,
1220 1952 76 69 by
1323 1953 223 68 Maysie
1574 1952 195 69 Greig.
1835 1953 140 53 New
2006 1952 180 68 York,
2214 1952 66 53 L.
457 1952 2008 149 Mac-Veagh,
704 2032 123 52 The
856 2031 138 53 Dial
1025 2049 175 50 press,
1233 2033 150 51 1928.

525 2112 641 51 3 p. l., v-vi, 324 p. 19½ᶜᵐ.
463 2168 52 52 ©
548 2172 109 41 Jan.
690 2172 68 46 17,
792 2169 142 48 1928;
968 2170 66 40 2c.
1068 2170 110 40 Jan.
1210 2169 82 47 19;
1327 2168 84 42 aff.
1443 2170 110 40 Jan.
1585 2170 83 47 23;
1702 2170 42 39 A
1775 2168 232 49 1061344;
2043 2169 114 40 Dial
2189 2180 150 39 press,
2373 2171 92 40 inc.

541 2227 253 50 (28-2382)

461 2321 239 62 Guerin,
738 2320 206 53 Eddie.

532 2397 1348 71 The Ł S. D. of crime. ([You can’t win])
563 2483 61 39 (In
654 2478 204 44 London
886 2476 208 54 People)

466 2536 2004 52 © 1c. Jan. 17, 1928; A ad int. 10573; pubd. Jan. 1; Sydney Theodore
535 2596 241 48 Felstead,
810 2596 150 46 Hove,
997 2594 193 48 Sussex,
1224 2595 239 47 England.

463 2688 324 64 Hamilton,
818 2687 230 54 Marion
1081 2686 195 55 Ethel.

532 2769 122 51 The
681 2767 264 53 ultimate
971 2767 158 52 lover
1157 2767 112 52 and
1298 2766 165 53 other
1490 2784 210 51 poems,
1726 2766 75 69 by
1829 2767 232 53 Marion
2091 2767 173 54 Ethel

462 2768 1986 130 Hamilton.
700 2844 273 69 Chicago,
1008 2845 66 52 P.
1113 2843 216 69 Covici,
1368 2843 151 55 1927.

532 2929 55 39 72
619 2938 44 37 p.
722 2927 59 40 19½ᶜᵐ.

471 2980 51 52 ©
562 2984 129 48 Sept.
727 2984 68 47 15,
834 2983 140 46 1927;
1013 2984 68 40 2c.
1118 2983 113 41 Dec.
1267 2984 84 46 27;
1390 2982 83 42 aff.
1510 2983 111 41 Jan.
1658 2983 69 49 18,
1766 2983 142 48 1928;
1949 2985 41 38 A
2027 2983 230 48 1061300;
2297 2986 175 39 Pascal

539 3041 176 47 Covici,
752 3040 263 48 publisher,
1053 3040 91 41 inc.
1215 3039 253 49 (28-2654)

467 3134 121 51 The
616 3133 218 63 Happy
859 3151 148 50 mag.
1083 3152 51 33 v.
1165 3135 81 65 12,
1273 3151 90 34 no.
1392 3135 82 65 69,
1502 3133 84 67 70,
1614 3132 154 69 Feb.,
1794 3133 169 69 Mar.,
1994 3137 150 51 1928.

538 3217 28 39 2
594 3227 43 29 v.

473 3268 2000 54 © 1c. Jan. 17, Feb. 21, 1928; A ad int. 10550, 10670; pubd. Jan. 6. Feb.
540 3329 26 40 3;
630 3330 184 46 George
844 3329 218 47 Newnes,
1095 3330 101 46 ltd.,
1229 3329 214 41 London.

470 3421 328 59 Harbeson,
829 3421 155 53 John
1016 3422 336 62 Frederick,
1386 3427 170 49 1888-

539 3499 123 53 The
693 3499 175 69 study
897 3498 65 54 of
992 3499 405 53 architectural
1430 3499 219 70 design,
1681 3500 140 54 with
1854 3501 213 69 special
2098 3501 287 55 reference
2418 3508 59 48 to

470 3576 95 53 the
594 3593 275 51 program
898 3576 64 52 of
990 3577 97 53 the
1117 3578 345 52 Beaux-arts
1491 3577 263 54 institute
1781 3578 65 53 of
1874 3578 219 70 design,
2125 3580 71 68 by
2223 3581 158 54 John
2410 3581 67 53 F.

471 3654 2007 72 Harbeson … Foreword by Lloyd Warren … New York,
472 3731 122 53 The
621 3731 200 53 Pencil
851 3730 192 68 points
1071 3749 176 50 press,
1273 3732 127 66 inc.,
1430 3732 151 54 1927.

542 3814 1936 54 xii, 310 p., 1 l. col. front., illus. (incl. plans) col. pl. 30½ᶜᵐ. (The
474 3870 163 40 Pencil
667 3869 164 49 points
862 3869 210 48 library)

545 3926 236 41 “Revised
813 3926 199 41 edition.
1032 3926 10 13 ’

480 3978 1997 57 © Jan. 9, 1928: 2c. and aff. Jan. 14; A 1061221; Pencil points press,
547 4038 91 41 inc.
712 4037 252 47 (28-2559)
