2498 4384
0 0 0 0 523
136 449 292 64 Maxwell,
458 449 241 63 Joseph,
732 452 171 50 1858-

271 523 1599 70 … La divination … Paris, E. Flammarion, 1927.
208 605 1756 55 282 p., 1 l. 18½ ᶜᵐ. (Bibliothèque de philosophie scientifique)
208 681 64 40 At
299 681 127 39 head
454 679 52 41 of
532 680 110 40 title:
699 679 44 41 J.
771 680 244 39 Maxwell.

146 746 1924 54 © Nov. 17, 1927; 1c. Dec. 3; A—Foreign 36503; Ernest Flammarion.
224 807 253 49 (28-9765)

137 917 290 62 Mintum,
464 916 221 64 Joseph
724 915 189 63 Allen,
953 919 172 49 1861-

213 996 249 52 Frances
496 995 230 54 Slocum
758 994 65 53 of
854 994 205 52 Miami
1093 995 198 68 lodge;
1325 993 97 53 the
1454 992 283 53 dramatic
1770 997 159 64 story
1962 991 66 53 of
2061 992 97 52 the

143 1073 173 53 white
346 1074 115 68 girl
492 1074 127 51 that
647 1073 226 52 became
904 1092 72 33 an
1007 1072 216 53 Indian
1254 1072 253 68 princess
1541 1071 113 53 and
1686 1072 102 52 her
1820 1071 247 52 relation
2098 1075 59 48 to

144 1152 94 51 the
266 1151 244 68 stirring
534 1156 193 47 events
754 1151 252 68 through
1037 1150 186 53 which
1255 1151 96 52 the
1379 1150 333 53 Northwest
1736 1149 279 70 territory
2042 1167 116 35 was

144 1230 239 52 wrested
418 1228 153 53 from
603 1229 96 52 the
733 1229 224 52 British
992 1229 114 52 and
1139 1228 263 69 Indians,
1433 1228 77 70 by
1543 1228 220 69 Joseph
1797 1227 177 53 Allen
143 1227 1992 133 Minturn;

341 1307 327 52 illustrated
697 1307 75 69 by
803 1307 290 52 woodcuts
1126 1307 199 52 drawn
1359 1308 113 52 and
1506 1307 287 69 engraved
1824 1306 79 70 by
1933 1307 97 52 the
143 1325 1992 113 author.

358 1384 1532 72 Indianapolis, Ind., Globe publishing co. [ ᶜ19 28]
215 1467 761 49 122 p. incl. front., illus. 21 ᶜᵐ.
145 1537 2000 106 “The story of Frances Slocum is here first told in prose … and is followed by
414 1596 83 39 the
523 1597 136 46 story
685 1595 49 39 in
762 1594 290 49 verse.”—p.
1078 1595 70 41 11.

219 1652 70 40 On
316 1662 143 30 cover:
514 1652 214 40 Frances
758 1652 190 40 Slocum
976 1652 52 39 of
1056 1652 170 40 Miami
1255 1652 153 48 lodge,
1438 1653 97 39 and
1562 1654 87 38 her
1675 1654 112 47 part
1815 1652 50 41 in
1895 1654 84 40 the
145 1654 2002 103 struggle
249 1712 49 37 to
325 1709 160 40 retain
514 1710 81 39 the
623 1710 284 39 Northwest
935 1709 235 48 territory
1198 1709 233 48 acquired
1458 1710 62 47 by
1549 1709 190 42 Clark’s
1767 1713 204 46 capture
2001 1710 54 41 of
2083 1711 80 40 old

146 1766 286 41 Vincennes.

150 1834 1991 112 © Mar. 15, 1928; 2c. and aff. Apr. 7; A 1069661; J. A. Minturn, Indianapolis. (28-9890)
142 1990 271 63 Morgan,
447 1990 262 53 Adalene
745 1990 338 64 Benjamin.

216 2069 293 52 Elements
561 2068 65 52 of
675 2076 90 46 art
818 2070 113 51 and
983 2069 330 53 decoration
1390 2069 92 70 [by]
1539 2070 260 53 Adalene
1849 2070 312 69 Benjamin

145 2147 2018 72 Morgan … Milwaukee, Wis., The Bruce publishing company
151 2229 191 64 [ ᶜ19 28]
216 2309 694 48 120 p. illus., diagrs. 20 ᶜᵐ.
152 2376 52 53 ©
231 2382 122 40 Mar.
377 2381 72 48 29,
475 2380 118 41 1928;
643 2381 69 41 2c.
738 2382 97 40 and
860 2381 83 43 aff.
970 2382 114 48 Apr.
1111 2381 53 49 6;
1193 2382 43 40 A
1260 2382 231 49 1068796;
1521 2383 55 43 A.
1604 2384 55 42 B.
1687 2384 218 48 Morgan,
1934 2383 229 41 Baldwin

221 2439 144 48 Park,
398 2437 147 43 Calif.
615 2439 253 48 (28-9897)

168 2533 271 63 [Morgan,
468 2534 138 53 Mrs.
641 2534 159 53 Elise
841 2534 315 69 (Nevins)]
1194 2534 174 56 1876-

219 2610 162 54 Your
419 2629 127 35 own
582 2612 159 68 path.
816 2612 222 69 Akron,
1076 2612 87 69 O.,
1204 2612 123 56 Sun
1362 2613 340 71 publishing
1736 2631 79 36 co.
1901 2617 153 65 [ᶜ1928]

217 2695 275 48 111 p. 14 ᶜᵐ.
219 2752 992 50 “Copyright … by Elise N. Morgan.”
218 2809 172 40 Issued
420 2808 50 40 in
497 2811 113 46 part
639 2811 154 39 under
819 2811 82 39 the
929 2820 133 30 same
1090 2809 109 41 title
1226 2811 51 39 in
1306 2811 129 42 1920.

155 2860 2009 57 © Apr. 2, 1928; 2c. and aff. Apr. 7; A 1068803; E. N. Morgan, Akron, O.
233 2921 254 50 (28-9957)

156 3016 345 64 Munnings,
533 3017 317 54 Frederick
881 3018 275 64 Tansley.

225 3095 121 52 The
383 3095 180 69 bogus
601 3095 252 54 medium
892 3098 130 51 sells
1061 3096 89 54 his
1190 3097 193 54 sitters
1423 3117 31 33 a
1495 3098 173 68 spirit
1706 3118 137 50 pup.
1920 3100 83 53 As
2043 3099 124 54 told

153 3178 59 48 to
250 3174 194 68 Sydney
516 3174 71 53 A.
623 3175 254 69 Moseley
911 3175 75 69 by
1022 3175 313 53 Frederick
1370 3177 250 69 Tansley
1655 3178 335 70 Munnings.

234 3257 82 48 (In
347 3253 204 44 London
582 3254 207 52 People)

158 3309 2009 57 © 1c. May 17, 1928; A ad int. 11079; pubd. Mar. 18; Francis Arthur
227 3371 162 48 Jones,
418 3372 118 39 New
563 3372 145 40 York.

152 3462 1102 65 Nao ú m, Phokion P 1875-
226 3542 1943 72 Schiess- und sprengstoffe, von dr. Ph. Naoum … Mit 12
154 3620 388 71 abbildungen
574 3624 113 52 und
726 3624 360 53 zahlreichen
1118 3625 265 53 tabellen.
1459 3627 262 53 Dresden
1753 3628 121 53 und
1909 3629 261 69 Leipzig,

154 3700 64 52 T.
250 3699 345 69 Steinkopff,
625 3701 149 54 1927.

223 3781 1946 54 xi, 212 p. illus. 22 ᶜᵐ. (Added t.-p.: Technische fortschrittsberichte
205 3840 939 52 … hrsg. von B. Rassow … bd. XVI )
227 3897 1512 56 Chapter XI , “Flüssigluft-sprengstoffe”, by K. F. Meyer.
225 3955 317 50 Advertising
567 3958 180 40 matter:
802 3969 43 38 p.
872 3958 219 44 200-212.

163 4009 1523 60 © Oct. 25, 1927; 1c. Jan. 25, 1928; A— Foreign 37011;
1753 4024 223 39 Theodor
230 4023 1920 96 Steinkopff.
451 4072 251 48 (28-9662)
