2498 4384
1311 4092 134 49 1062

422 532 227 40 Lettered
687 543 61 29 on
784 532 122 40 back
923 543 9 30 :
972 533 82 47 My
1090 533 279 40 bookhouse
1387 544 9 28 :
1437 534 75 47 Up
1546 544 89 29 one
1670 533 109 49 pair
1815 533 51 41 of
1902 533 165 48 stairs,
2103 535 111 44 two,

423 602 289 40 Illustrated
748 605 98 45 t.-p.
880 604 96 38 and
1010 602 352 49 lining-papers
1395 602 51 40 in
1479 604 169 40 colors.

363 667 1996 54 © June 26, 1928; 2c. June 27; aff. July 13; A 1083210; O. B. Miller,
431 728 276 48 Winnetka,
739 729 76 40 Ill.
886 729 281 48 (28-17198)

353 837 147 53 New
531 837 163 52 York
763 838 192 69 (State)
1040 839 183 66 Laws,
1256 844 257 63 statutes,
1545 846 100 45 etc.

430 917 125 51 Tax
591 918 110 51 law
736 916 64 53 of
832 918 97 51 the
963 923 146 46 state
1143 916 64 53 of
1242 917 139 52 New
1419 916 191 67 York;
1650 916 322 68 provisions
2007 916 65 53 of
2107 917 96 52 the
2240 917 123 51 Tax

358 995 111 52 law
507 994 65 53 of
607 996 97 51 the
743 1001 146 46 state
926 995 64 52 of
1028 996 140 51 New
1207 993 166 54 York
1412 994 249 69 relating
1700 1001 59 46 to
1797 996 146 51 local
1984 1001 379 61 assessments,

357 1072 173 70 being
568 1074 95 52 the
702 1073 126 53 first
868 1073 158 68 eight
1067 1073 226 53 articles
1332 1073 244 66 thereof,
1617 1074 112 52 and
1770 1072 241 54 sections
2051 1076 121 65 205,
2210 1073 148 68 219-j

359 1152 117 52 and
510 1154 168 63 219-l,
716 1151 141 52 with
897 1152 79 51 all
1012 1152 391 52 amendments
1440 1157 58 47 to
1536 1152 97 51 the
1669 1152 109 52 end
1814 1151 64 53 of
1912 1152 98 52 the
2043 1151 322 67 legislative

359 1230 212 53 session
622 1229 64 54 of
738 1233 150 49 1928.
975 1230 295 67 Prepared
1323 1229 94 53 for
1466 1230 97 51 the
1613 1236 146 47 state
1809 1231 124 51 Tax
1985 1230 377 53 commission.

360 1308 361 69 Completely
750 1309 260 52 indexed.
1079 1309 138 51 New
1251 1308 179 66 York,
1462 1309 208 66 Baker,
1700 1309 249 53 Voorhis
1979 1311 46 49 &
2054 1326 310 53 company;

359 1387 252 69 Albany,
644 1388 69 52 N.
748 1388 71 52 Y.
853 1387 113 52 and
1000 1387 139 51 New
1174 1387 182 68 York,
1388 1387 69 52 N.
1491 1387 92 68 Y.,
1615 1387 79 53 M.
1729 1388 228 51 Bender
1990 1389 45 50 &
2069 1406 297 50 company,

352 1466 422 68 incorporated,
807 1468 150 50 1928.

426 1546 587 51 152 (i. e. 150) p. 23 ᶜᵐ.
426 1620 250 47 Irregular
705 1618 192 49 paging.

365 1688 53 52 ©
448 1692 127 39 June
601 1691 69 47 22,
699 1690 116 40 1928;
869 1690 69 40 2c.
967 1690 116 47 July
1110 1690 53 46 3;
1194 1688 84 42 aff.
1308 1689 127 40 June
1461 1689 83 47 25;
1575 1689 43 39 A
1645 1689 231 48 1082554;
1907 1690 239 41 Matthew
2174 1691 192 40 Bender

434 1749 37 40 &
497 1759 82 37 co.,
609 1748 91 41 inc.
730 1749 97 38 and
856 1747 176 47 Baker,
1063 1746 211 40 Voorhis
1302 1746 36 40 &
1367 1756 68 31 co.
1506 1746 282 49 (28-17401)

355 1856 268 64 Phillips,
663 1856 251 52 Everett
952 1854 304 63 Franklin,
1300 1854 171 53 1878-

427 1935 392 68 Beekeeping;
854 1954 31 33 a
918 1933 315 54 discussion
1265 1932 64 54 of
1357 1933 97 52 the
1483 1932 108 53 life
1622 1932 64 53 of
1715 1933 95 53 the
1840 1933 288 70 honeybee
2160 1935 115 53 and
2305 1935 64 53 of

356 2011 1950 71 the production of honey, by Everett Franklin Phillips …
356 2094 137 53 Rev.
535 2093 84 53 ed.
696 2092 139 53 New
874 2090 182 67 York,
1093 2090 121 53 The
1255 2088 337 70 Macmillan
1630 2108 299 50 company,
1970 2092 152 51 1928.

428 2171 1944 52 xxvii p., 1 l., 490 p. front., illus., plates, diagrs. 20½ ᶜᵐ. (Half-title:
356 2234 103 39 The
489 2233 137 39 rural
654 2231 187 41 science
868 2228 176 49 series)

368 2300 53 52 ©
450 2304 117 47 July
595 2304 69 46 17,
693 2302 118 40 1928;
865 2302 68 40 2c.
962 2302 97 39 and
1087 2300 83 41 aff.
1199 2300 117 47 July
1345 2299 83 48 18;
1460 2300 41 38 A
1528 2298 230 48 1082566;
1792 2299 284 40 Macmillan
2106 2309 68 30 co.

448 2359 281 51 (28-17397)

361 2469 340 64 Phillpotts,
737 2468 182 62 Eden,
956 2469 172 50 1862-

430 2546 120 54 The
584 2545 133 70 ring
750 2545 179 67 fence,
960 2544 76 69 by
1070 2544 165 53 Eden
1267 2543 336 68 Phillpotts.
1671 2543 140 52 New
1845 2542 180 68 York,
2060 2542 120 52 The
357 2541 1988 137 Macmillan
592 2640 299 52 company,
926 2624 151 51 1928.

428 2706 481 50 3 p. l., 388 p. 20 ᶜᵐ.
371 2775 53 53 ©
456 2780 116 46 July
603 2779 67 46 17,
703 2777 117 40 1928;
876 2776 68 41 2c.
976 2777 95 38 and
1102 2774 84 41 aff.
1217 2775 118 47 July
1365 2774 82 47 18;
1481 2774 42 38 A
1552 2772 230 49 1082565;
1817 2773 285 40 Macmillan
2133 2783 67 31 co.

449 2835 281 50 (28-17274)

362 2943 154 63 Pier,
547 2941 235 53 Arthur
810 2939 334 63 Stanwood,
1180 2939 172 52 1874-

431 3020 122 52 The
576 3019 191 67 coach,
788 3018 76 69 by
887 3017 226 53 Arthur
1140 3015 312 56 Stanwood
1474 3015 154 67 Pier,
1651 3014 327 53 illustrated
1999 3015 78 67 by
2101 3012 268 54 Frederic

359 3098 74 54 A.
476 3097 319 53 Anderson.
872 3094 429 68 Philadelphia,
1343 3093 122 53 The
1507 3094 162 51 Penn
1710 3091 337 69 publishing
2089 3109 279 51 company

367 3210 14 34 [
408 3177 135 52 ᶜ1928
548 3208 13 35 ]

431 3253 895 54 261 p. front., illus., plates. 19½ ᶜᵐ.
375 3326 52 52 ©
454 3330 115 46 July
594 3330 40 45 1,
660 3327 141 46 1928;
827 3326 69 41 2c.
922 3326 96 39 and
1044 3324 83 41 aff.
1152 3325 117 46 July
1296 3325 82 45 14;
1406 3323 43 39 A
1472 3323 204 40 1083237;
1732 3323 133 40 Penn
1891 3322 110 48 pub.
2029 3332 68 31 co.
452 3384 282 51 (28-17275)

367 3493 222 54 Punch.
666 3512 50 33 V.
751 3492 116 67 174,
895 3510 89 33 no.
1015 3489 155 72 4537,
1198 3489 153 53 June
1379 3491 84 65 20,
1496 3491 149 49 1928.

376 3567 1992 58 © 1c. Aug. 16, 1928; A ad int. 11521; pubd. June 20; Herbert Heather,
445 3633 212 41 London.

368 3740 287 62 Radford,
689 3739 175 62 Ruby
898 3737 301 53 Lorraine.

368 3808 2001 152 The mystery of Adventure Island, by Ruby Lorraine Radford … illustrated by Katharine McCollum. Philadelphia,
367 3971 122 55 The
520 3972 162 53 Penn
713 3970 336 70 publishing
1080 3987 299 51 company,
1412 3970 150 51 1928.
