<alto xmlns="http://www.loc.gov/standards/alto/ns-v3#" xmlns:xlink="http://www.w3.org/1999/xlink" xmlns:xsi="http://www.w3.org/2001/XMLSchema-instance" xsi:schemaLocation="http://www.loc.gov/standards/alto/ns-v3# http://www.loc.gov/alto/v3/alto-3-0.xsd"><Description>
<MeasurementUnit>pixel</MeasurementUnit>
<sourceImageInformation>
<fileName>1928_v25_part001.pdf</fileName>
</sourceImageInformation>
<OCRProcessing ID="IdOcr">
<ocrProcessingStep>
<processingDateTime>2019-04-12</processingDateTime>
<processingSoftware>
<softwareCreator>ABBYY</softwareCreator>
<softwareName>ABBYY Recognition Server</softwareName>
<softwareVersion>4.0</softwareVersion>
</processingSoftware>
</ocrProcessingStep>
</OCRProcessing>
</Description>
<Styles>
<ParagraphStyle ID="StyleId-FFFFFFFF-FFFF-FFFF-FFFF-FFFFFFFFFFFF-" ALIGN="Left" LEFT="0." RIGHT="0." FIRSTLINE="0."/>
<ParagraphStyle ID="StyleId-0ECAC0CE-E1F0-4C69-A1B9-95E16886343B-" ALIGN="Left" LEFT="0." RIGHT="0." FIRSTLINE="0." LINESPACE="8.300000191"/>
<ParagraphStyle ID="StyleId-5C6F7A30-EC6F-4250-A8D3-0AE106DCDB5D-" ALIGN="Left" LEFT="0." RIGHT="0." FIRSTLINE="-13." LINESPACE="11.22999954"/>
<ParagraphStyle ID="StyleId-B258737E-7AF8-4B71-A0BF-0A1420B951F9-" ALIGN="Left" LEFT="0." RIGHT="0." FIRSTLINE="-13." LINESPACE="8.210000038"/>
<ParagraphStyle ID="StyleId-35C0EFA5-E89E-4731-B16E-5D3895F12270-" ALIGN="Block" LEFT="0." RIGHT="0." FIRSTLINE="-12." LINESPACE="11.22999954"/>
<ParagraphStyle ID="StyleId-7BD1F9B4-14BB-4AAF-864B-FED8FEA7DC43-" ALIGN="Left" LEFT="0." RIGHT="0." FIRSTLINE="0."/>
<ParagraphStyle ID="StyleId-CD2DA0E5-536D-42AE-AE16-8D9F5C008D5A-" ALIGN="Block" LEFT="0." RIGHT="0." FIRSTLINE="-12." LINESPACE="10."/>
<ParagraphStyle ID="StyleId-AF408F88-EED5-4CE2-A229-3F852C18D9BD-" ALIGN="Block" LEFT="0." RIGHT="0." FIRSTLINE="-14." LINESPACE="10."/>
<ParagraphStyle ID="StyleId-829CD741-943D-4B7B-9638-57AB73DE2567-" ALIGN="Center" LEFT="0." RIGHT="0." FIRSTLINE="0." LINESPACE="9.399999619"/>
<ParagraphStyle ID="StyleId-B271BDFA-6037-4875-BA99-885A067668E9-" ALIGN="Left" LEFT="0." RIGHT="0." FIRSTLINE="-14." LINESPACE="11.21000004"/>
<ParagraphStyle ID="StyleId-64F9C1D8-EA12-4F65-AD18-B72A4C6B556F-" ALIGN="Center" LEFT="0." RIGHT="0." FIRSTLINE="0." LINESPACE="11.60000038"/>
<ParagraphStyle ID="StyleId-44DA2756-E57B-4EF3-9BA4-FC1C14776DE3-" ALIGN="Left" LEFT="0." RIGHT="0." FIRSTLINE="-12." LINESPACE="12.19999981"/>
<ParagraphStyle ID="StyleId-D1D9AF19-8CA6-4F74-9AEC-1B4545205AD7-" ALIGN="Center" LEFT="0." RIGHT="0." FIRSTLINE="0." LINESPACE="11.60000038"/>
<ParagraphStyle ID="StyleId-3ADA1556-6D19-417D-8046-68449BF368BA-" ALIGN="Left" LEFT="0." RIGHT="0." FIRSTLINE="-13." LINESPACE="12.19999981"/>
<ParagraphStyle ID="StyleId-7443A930-B325-44B5-9AB8-B42B4EC78C89-" ALIGN="Block" LEFT="0." RIGHT="0." FIRSTLINE="13." LINESPACE="8.619999886"/>
<ParagraphStyle ID="StyleId-C9A9E480-E448-4934-9AF8-3D252792E396-" ALIGN="Left" LEFT="0." RIGHT="0." FIRSTLINE="-12." LINESPACE="11.38000011"/>
<ParagraphStyle ID="StyleId-73039842-464C-49B9-9440-4C0D0E749DFE-" ALIGN="Center" LEFT="0." RIGHT="0." FIRSTLINE="0." LINESPACE="11.10000038"/>
<ParagraphStyle ID="StyleId-C51F6AC2-80DA-4C65-849C-6E2D5F548EA4-" ALIGN="Left" LEFT="0." RIGHT="0." FIRSTLINE="0." LINESPACE="7.699999809"/>
<ParagraphStyle ID="StyleId-494190D9-BDDC-4834-A745-6AF520F91CD0-" ALIGN="Block" LEFT="0." RIGHT="0." FIRSTLINE="-12." LINESPACE="11.22999954"/>
<ParagraphStyle ID="StyleId-68D39D31-3386-4B28-8C90-DA9420961D78-" ALIGN="Left" LEFT="0." RIGHT="0." FIRSTLINE="0." LINESPACE="11.60000038"/>
<ParagraphStyle ID="StyleId-DF0CE7C7-E73E-44FE-8867-C904BD7F3F42-" ALIGN="Block" LEFT="0." RIGHT="0." FIRSTLINE="0." LINESPACE="12.19999981"/>
</Styles>
<Layout>
<Page ID="Page1253" PHYSICAL_IMG_NR="1253" HEIGHT="4384" WIDTH="2498">
<TopMargin HEIGHT="390" WIDTH="2498" VPOS="0" HPOS="0">
</TopMargin>
<LeftMargin HEIGHT="3622" WIDTH="219" VPOS="390" HPOS="0">
</LeftMargin>
<RightMargin HEIGHT="3622" WIDTH="219" VPOS="390" HPOS="2279">
</RightMargin>
<BottomMargin HEIGHT="372" WIDTH="2498" VPOS="4012" HPOS="0">
<TextBlock ID="Page1253_Block1" HEIGHT="68" WIDTH="154" VPOS="4038" HPOS="1193" LANG="en-US" STYLEREFS="StyleId-9B1F7310-31C7-4564-9EE8-C5ED77E767BD-">
<TextLine HEIGHT="48" WIDTH="133" VPOS="4048" HPOS="1204">
<String CONTENT="1253" HEIGHT="48" WIDTH="133" VPOS="4048" HPOS="1204"/>
</TextLine>
</TextBlock>
</BottomMargin>
<PrintSpace HEIGHT="3622" WIDTH="2060" VPOS="390" HPOS="219">
<TextBlock ID="Page1253_Block2" HEIGHT="1592" WIDTH="2043" VPOS="390" HPOS="219" LANG="en-US" CS="1" STYLEREFS="StyleId-C6BCF711-0346-4522-B176-8C7567D3EB89-">
<Shape>
<Polygon POINTS="2109,390 2259,390 2259,753 2260,753 2260,1327 2261,1327 2261,1902 2262,1902 2262,1978 2114,1978 2114,1979 1539,1979 1539,1980 964,1980 964,1981 389,1981 389,1982 222,1982 222,1907 221,1907 221,1332 220,1332 220,757 219,757 219,394 384,394 384,393 959,393 959,392 1534,392 1534,391 2109,391 2109,390"/>
</Shape>
<TextLine HEIGHT="66" WIDTH="775" VPOS="402" HPOS="231" STYLEREFS="StyleId-D6145652-B7F0-4B1F-A7AA-79F0EB45D83D-">
<String LANG="la" CONTENT="Deam," HEIGHT="59" WIDTH="204" VPOS="409" HPOS="231"/>
<SP HEIGHT="60" WIDTH="30" VPOS="407" HPOS="436"/>
<String LANG="de" CONTENT="Thomas" HEIGHT="52" WIDTH="259" VPOS="406" HPOS="467"/>
<SP HEIGHT="53" WIDTH="27" VPOS="403" HPOS="727"/>
<String LANG="de" CONTENT="Marion." HEIGHT="54" WIDTH="251" VPOS="402" HPOS="755"/>
</TextLine>
<TextLine HEIGHT="81" WIDTH="1933" VPOS="471" HPOS="303" STYLEREFS="StyleId-233113FC-0134-4228-AE87-927AF86D9526-">
<String CONTENT="Socializing" HEIGHT="70" WIDTH="350" VPOS="482" HPOS="303"/>
<SP HEIGHT="63" WIDTH="29" VPOS="488" HPOS="654"/>
<String CONTENT="the" HEIGHT="52" WIDTH="94" VPOS="482" HPOS="684"/>
<SP HEIGHT="50" WIDTH="32" VPOS="499" HPOS="779"/>
<String CONTENT="pupil" HEIGHT="70" WIDTH="165" VPOS="479" HPOS="812"/>
<SP HEIGHT="52" WIDTH="30" VPOS="480" HPOS="978"/>
<String CONTENT="through" HEIGHT="68" WIDTH="251" VPOS="478" HPOS="1009"/>
<SP HEIGHT="52" WIDTH="31" VPOS="478" HPOS="1261"/>
<String CONTENT="extra-curricular" HEIGHT="56" WIDTH="504" VPOS="474" HPOS="1293"/>
<SP HEIGHT="33" WIDTH="31" VPOS="493" HPOS="1798"/>
<String CONTENT="activities," HEIGHT="69" WIDTH="301" VPOS="471" HPOS="1830"/>
<SP HEIGHT="67" WIDTH="28" VPOS="472" HPOS="2132"/>
<String CONTENT="by" HEIGHT="68" WIDTH="75" VPOS="472" HPOS="2161"/>
</TextLine>
<TextLine HEIGHT="74" WIDTH="2005" VPOS="549" HPOS="231" STYLEREFS="StyleId-233113FC-0134-4228-AE87-927AF86D9526-" CS="1">
<String CONTENT="Thomas" HEIGHT="53" WIDTH="250" VPOS="561" HPOS="231"/>
<SP HEIGHT="53" WIDTH="37" VPOS="560" HPOS="482"/>
<String CONTENT="M." HEIGHT="52" WIDTH="80" VPOS="560" HPOS="520"/>
<SP HEIGHT="52" WIDTH="40" VPOS="560" HPOS="601"/>
<String CONTENT="Deam" HEIGHT="52" WIDTH="180" VPOS="560" HPOS="642"/>
<SP HEIGHT="32" WIDTH="43" VPOS="578" HPOS="823"/>
<String CS="1" CONTENT="&#8230;"/>
<SP HEIGHT="36" WIDTH="44" VPOS="575" HPOS="923"/>
<String CONTENT="and" HEIGHT="53" WIDTH="111" VPOS="557" HPOS="968"/>
<SP HEIGHT="56" WIDTH="41" VPOS="555" HPOS="1080"/>
<String CONTENT="Olive" HEIGHT="56" WIDTH="167" VPOS="555" HPOS="1122"/>
<SP HEIGHT="54" WIDTH="38" VPOS="554" HPOS="1290"/>
<String CONTENT="M." HEIGHT="53" WIDTH="81" VPOS="554" HPOS="1329"/>
<SP HEIGHT="51" WIDTH="40" VPOS="555" HPOS="1411"/>
<String CONTENT="Bear" HEIGHT="53" WIDTH="151" VPOS="554" HPOS="1452"/>
<SP HEIGHT="33" WIDTH="42" VPOS="573" HPOS="1604"/>
<String CS="1" CONTENT="&#8230;"/>
<SP HEIGHT="55" WIDTH="83" VPOS="551" HPOS="1702"/>
<String CONTENT="Chicago," HEIGHT="69" WIDTH="271" VPOS="551" HPOS="1786"/>
<SP HEIGHT="67" WIDTH="38" VPOS="550" HPOS="2058"/>
<String CONTENT="New" HEIGHT="55" WIDTH="139" VPOS="549" HPOS="2097"/>
</TextLine>
<TextLine HEIGHT="71" WIDTH="1056" VPOS="635" HPOS="232" STYLEREFS="StyleId-233113FC-0134-4228-AE87-927AF86D9526-">
<String CONTENT="York," HEIGHT="67" WIDTH="181" VPOS="639" HPOS="232"/>
<SP HEIGHT="66" WIDTH="27" VPOS="639" HPOS="414"/>
<String LANG="fr" CONTENT="B." HEIGHT="52" WIDTH="65" VPOS="639" HPOS="442"/>
<SP HEIGHT="53" WIDTH="28" VPOS="638" HPOS="508"/>
<String CONTENT="H." HEIGHT="52" WIDTH="77" VPOS="638" HPOS="537"/>
<SP HEIGHT="56" WIDTH="31" VPOS="636" HPOS="615"/>
<String CONTENT="Sanborn" HEIGHT="56" WIDTH="260" VPOS="636" HPOS="647"/>
<SP HEIGHT="50" WIDTH="28" VPOS="638" HPOS="908"/>
<String CONTENT="&amp;" HEIGHT="51" WIDTH="46" VPOS="637" HPOS="937"/>
<SP HEIGHT="50" WIDTH="25" VPOS="637" HPOS="984"/>
<String CONTENT="co.," HEIGHT="49" WIDTH="98" VPOS="653" HPOS="1010"/>
<SP HEIGHT="65" WIDTH="29" VPOS="637" HPOS="1109"/>
<String CONTENT="1928." HEIGHT="50" WIDTH="149" VPOS="636" HPOS="1139"/>
</TextLine>
<TextLine HEIGHT="51" WIDTH="606" VPOS="719" HPOS="299" STYLEREFS="StyleId-233113FC-0134-4228-AE87-927AF86D9526-" CS="1">
<String CONTENT="xii," HEIGHT="48" WIDTH="85" VPOS="722" HPOS="299"/>
<SP HEIGHT="47" WIDTH="30" VPOS="722" HPOS="384"/>
<String CONTENT="324" HEIGHT="42" WIDTH="86" VPOS="721" HPOS="414"/>
<SP HEIGHT="47" WIDTH="31" VPOS="722" HPOS="500"/>
<String CONTENT="p." HEIGHT="37" WIDTH="43" VPOS="732" HPOS="531"/>
<SP HEIGHT="39" WIDTH="60" VPOS="722" HPOS="574"/>
<String CONTENT="diagr" HEIGHT="48" WIDTH="142" VPOS="720" HPOS="634"/>
<SP HEIGHT="39" WIDTH="72" VPOS="719" HPOS="776"/>
<String CS="1" CONTENT="18&#189;" HEIGHT="39" WIDTH="57" VPOS="719" HPOS="848"/>
<String STYLE="superscript" CS="1" CONTENT="&#7580;&#7504;."/>
</TextLine>
<TextLine HEIGHT="56" WIDTH="1905" VPOS="780" HPOS="334" CS="1">
<String CS="1" CONTENT="&#8220;References&#8221;" HEIGHT="43" WIDTH="321" VPOS="789" HPOS="334"/>
<SP HEIGHT="40" WIDTH="23" VPOS="789" HPOS="656"/>
<String CONTENT="at" HEIGHT="39" WIDTH="53" VPOS="790" HPOS="680"/>
<SP HEIGHT="39" WIDTH="20" VPOS="790" HPOS="734"/>
<String CONTENT="end" HEIGHT="41" WIDTH="92" VPOS="788" HPOS="755"/>
<SP HEIGHT="40" WIDTH="23" VPOS="788" HPOS="848"/>
<String CONTENT="of" HEIGHT="42" WIDTH="52" VPOS="786" HPOS="872"/>
<SP HEIGHT="42" WIDTH="20" VPOS="786" HPOS="925"/>
<String CONTENT="each" HEIGHT="41" WIDTH="118" VPOS="787" HPOS="946"/>
<SP HEIGHT="40" WIDTH="22" VPOS="787" HPOS="1065"/>
<String CONTENT="chapter" HEIGHT="48" WIDTH="204" VPOS="786" HPOS="1088"/>
<SP HEIGHT="30" WIDTH="19" VPOS="795" HPOS="1293"/>
<String CONTENT="except" HEIGHT="46" WIDTH="171" VPOS="786" HPOS="1313"/>
<SP HEIGHT="38" WIDTH="20" VPOS="786" HPOS="1485"/>
<String CONTENT="chap," HEIGHT="50" WIDTH="137" VPOS="782" HPOS="1506"/>
<SP HEIGHT="32" WIDTH="22" VPOS="792" HPOS="1644"/>
<String CS="1" CONTENT="I"/>
<SP HEIGHT="30" WIDTH="20" VPOS="792" HPOS="1688"/>
<String CONTENT="and" HEIGHT="39" WIDTH="95" VPOS="783" HPOS="1709"/>
<SP HEIGHT="39" WIDTH="23" VPOS="783" HPOS="1805"/>
<String CS="1" CONTENT="X;"/>
<SP HEIGHT="48" WIDTH="26" VPOS="781" HPOS="1888"/>
<String CONTENT="&#8220;References" HEIGHT="43" WIDTH="324" VPOS="780" HPOS="1915"/>
</TextLine>
<TextLine HEIGHT="53" WIDTH="871" VPOS="842" HPOS="231">
<String CONTENT="for" HEIGHT="39" WIDTH="78" VPOS="850" HPOS="231"/>
<SP HEIGHT="40" WIDTH="30" VPOS="848" HPOS="310"/>
<String CONTENT="further" HEIGHT="42" WIDTH="199" VPOS="847" HPOS="341"/>
<SP HEIGHT="29" WIDTH="30" VPOS="858" HPOS="541"/>
<String CONTENT="study&#8221;" HEIGHT="49" WIDTH="174" VPOS="845" HPOS="572"/>
<SP HEIGHT="40" WIDTH="17" VPOS="845" HPOS="747"/>
<String CONTENT=":" HEIGHT="29" WIDTH="8" VPOS="856" HPOS="765"/>
<SP HEIGHT="37" WIDTH="35" VPOS="855" HPOS="774"/>
<String CONTENT="p." HEIGHT="37" WIDTH="42" VPOS="855" HPOS="810"/>
<SP HEIGHT="41" WIDTH="30" VPOS="844" HPOS="853"/>
<String CONTENT="280-294." HEIGHT="42" WIDTH="218" VPOS="842" HPOS="884"/>
</TextLine>
<TextLine HEIGHT="60" WIDTH="1995" VPOS="907" HPOS="239" CS="1">
<String CONTENT="&#169;" HEIGHT="52" WIDTH="52" VPOS="915" HPOS="239"/>
<SP HEIGHT="52" WIDTH="25" VPOS="915" HPOS="292"/>
<String CS="1" CONTENT="July"/>
<SP HEIGHT="41" WIDTH="24" VPOS="916" HPOS="436"/>
<String CONTENT="31," HEIGHT="47" WIDTH="69" VPOS="916" HPOS="461"/>
<SP HEIGHT="45" WIDTH="28" VPOS="918" HPOS="531"/>
<String CONTENT="1928;" HEIGHT="41" WIDTH="138" VPOS="916" HPOS="560"/>
<SP HEIGHT="42" WIDTH="28" VPOS="915" HPOS="699"/>
<String CONTENT="2c." HEIGHT="39" WIDTH="67" VPOS="915" HPOS="728"/>
<SP HEIGHT="40" WIDTH="25" VPOS="914" HPOS="796"/>
<String CONTENT="Aug." HEIGHT="46" WIDTH="118" VPOS="914" HPOS="822"/>
<SP HEIGHT="42" WIDTH="28" VPOS="912" HPOS="941"/>
<String CONTENT="16;" HEIGHT="46" WIDTH="81" VPOS="912" HPOS="970"/>
<SP HEIGHT="36" WIDTH="28" VPOS="922" HPOS="1052"/>
<String CONTENT="aff." HEIGHT="41" WIDTH="82" VPOS="911" HPOS="1081"/>
<SP HEIGHT="40" WIDTH="26" VPOS="912" HPOS="1164"/>
<String CONTENT="Aug." HEIGHT="47" WIDTH="121" VPOS="912" HPOS="1191"/>
<SP HEIGHT="41" WIDTH="25" VPOS="910" HPOS="1313"/>
<String CONTENT="2;" HEIGHT="47" WIDTH="54" VPOS="910" HPOS="1339"/>
<SP HEIGHT="47" WIDTH="28" VPOS="910" HPOS="1394"/>
<!-- cceid 2611CCA4-6CB2-1014-A20E-B9D6251C946A --><String CONTENT="A" HEIGHT="39" WIDTH="39" VPOS="910" HPOS="1423"/>
<SP HEIGHT="39" WIDTH="28" VPOS="910" HPOS="1463"/>
<String CONTENT="1083792;" HEIGHT="47" WIDTH="229" VPOS="909" HPOS="1492"/>
<SP HEIGHT="45" WIDTH="30" VPOS="910" HPOS="1722"/>
<String CONTENT="Benj." HEIGHT="47" WIDTH="139" VPOS="908" HPOS="1753"/>
<SP HEIGHT="39" WIDTH="29" VPOS="909" HPOS="1893"/>
<String CONTENT="H." HEIGHT="40" WIDTH="59" VPOS="909" HPOS="1923"/>
<SP HEIGHT="41" WIDTH="30" VPOS="908" HPOS="1983"/>
<String CONTENT="Sanborn" HEIGHT="42" WIDTH="220" VPOS="907" HPOS="2014"/>
</TextLine>
<TextLine HEIGHT="52" WIDTH="479" VPOS="970" HPOS="309" CS="1">
<String LANG="en-US" CONTENT="&amp;" HEIGHT="40" WIDTH="36" VPOS="974" HPOS="309"/>
<SP HEIGHT="40" WIDTH="22" VPOS="974" HPOS="346"/>
<String LANG="fr" CS="1" CONTENT="co." HEIGHT="31" WIDTH="69" VPOS="984" HPOS="369"/>
<SP HEIGHT="46" WIDTH="69" VPOS="975" HPOS="439"/>
<String LANG="en-US" CONTENT="(28-20139)" HEIGHT="51" WIDTH="279" VPOS="970" HPOS="509"/>
</TextLine>
<TextLine HEIGHT="63" WIDTH="544" VPOS="1080" HPOS="241" STYLEREFS="StyleId-D6145652-B7F0-4B1F-A7AA-79F0EB45D83D-">
<String CONTENT="Dell," HEIGHT="62" WIDTH="145" VPOS="1081" HPOS="241"/>
<SP HEIGHT="60" WIDTH="32" VPOS="1082" HPOS="387"/>
<String CONTENT="Ethel" HEIGHT="53" WIDTH="175" VPOS="1080" HPOS="420"/>
<SP HEIGHT="52" WIDTH="31" VPOS="1080" HPOS="596"/>
<String CONTENT="May." HEIGHT="61" WIDTH="157" VPOS="1081" HPOS="628"/>
</TextLine>
<TextLine HEIGHT="75" WIDTH="1514" VPOS="1153" HPOS="315" STYLEREFS="StyleId-233113FC-0134-4228-AE87-927AF86D9526-">
<String CONTENT="The" HEIGHT="53" WIDTH="121" VPOS="1159" HPOS="315"/>
<SP HEIGHT="51" WIDTH="30" VPOS="1176" HPOS="437"/>
<String CONTENT="gate" HEIGHT="62" WIDTH="129" VPOS="1165" HPOS="468"/>
<SP HEIGHT="35" WIDTH="30" VPOS="1176" HPOS="598"/>
<String CONTENT="marked" HEIGHT="53" WIDTH="235" VPOS="1156" HPOS="629"/>
<SP HEIGHT="66" WIDTH="31" VPOS="1156" HPOS="865"/>
<String CONTENT="private." HEIGHT="68" WIDTH="240" VPOS="1154" HPOS="897"/>
<SP HEIGHT="33" WIDTH="76" VPOS="1187" HPOS="1138"/>
<String CONTENT="[Instalments" HEIGHT="67" WIDTH="390" VPOS="1153" HPOS="1215"/>
<SP HEIGHT="48" WIDTH="36" VPOS="1156" HPOS="1606"/>
<String CONTENT="16-22]" HEIGHT="62" WIDTH="186" VPOS="1155" HPOS="1643"/>
</TextLine>
<TextLine HEIGHT="58" WIDTH="804" VPOS="1232" HPOS="318">
<String CONTENT="(In" HEIGHT="49" WIDTH="84" VPOS="1241" HPOS="318"/>
<SP HEIGHT="42" WIDTH="43" VPOS="1238" HPOS="403"/>
<String CONTENT="Home" HEIGHT="42" WIDTH="157" VPOS="1238" HPOS="447"/>
<SP HEIGHT="29" WIDTH="41" VPOS="1250" HPOS="605"/>
<String CONTENT="notes" HEIGHT="39" WIDTH="142" VPOS="1239" HPOS="647"/>
<SP HEIGHT="29" WIDTH="43" VPOS="1248" HPOS="790"/>
<String CONTENT="magazine)" HEIGHT="53" WIDTH="288" VPOS="1232" HPOS="834"/>
</TextLine>
<TextLine HEIGHT="56" WIDTH="1996" VPOS="1303" HPOS="246" CS="1">
<String CONTENT="&#169;" HEIGHT="51" WIDTH="54" VPOS="1308" HPOS="246"/>
<SP/>
<String CS="1" CONTENT="1c."/>
<SP/>
<String CONTENT="each" HEIGHT="40" WIDTH="119" VPOS="1310" HPOS="416"/>
<SP HEIGHT="40" WIDTH="27" VPOS="1310" HPOS="535"/>
<String CONTENT="Sept." HEIGHT="47" WIDTH="129" VPOS="1310" HPOS="562"/>
<SP HEIGHT="42" WIDTH="22" VPOS="1308" HPOS="691"/>
<String CONTENT="25," HEIGHT="46" WIDTH="71" VPOS="1308" HPOS="713"/>
<SP HEIGHT="47" WIDTH="26" VPOS="1307" HPOS="784"/>
<String CONTENT="1928;" HEIGHT="43" WIDTH="142" VPOS="1306" HPOS="810"/>
<SP HEIGHT="43" WIDTH="28" VPOS="1306" HPOS="952"/>
<!-- cceid 26122349-6CB2-1014-A20E-B9D6251C946A --><String CONTENT="A" HEIGHT="40" WIDTH="43" VPOS="1306" HPOS="980"/>
<SP HEIGHT="40" WIDTH="23" VPOS="1306" HPOS="1023"/>
<String CONTENT="ad" HEIGHT="39" WIDTH="64" VPOS="1306" HPOS="1046"/>
<SP HEIGHT="39" WIDTH="24" VPOS="1306" HPOS="1110"/>
<String CONTENT="int." HEIGHT="41" WIDTH="88" VPOS="1306" HPOS="1134"/>
<SP HEIGHT="41" WIDTH="28" VPOS="1306" HPOS="1222"/>
<String CS="1" CONTENT="11731;" HEIGHT="39" WIDTH="142" VPOS="1306" HPOS="1250"/>
<SP HEIGHT="38" WIDTH="28" VPOS="1316" HPOS="1421"/>
<String CONTENT="pubd." HEIGHT="49" WIDTH="144" VPOS="1305" HPOS="1449"/>
<SP HEIGHT="40" WIDTH="28" VPOS="1306" HPOS="1593"/>
<String CONTENT="July" HEIGHT="46" WIDTH="116" VPOS="1306" HPOS="1621"/>
<SP HEIGHT="47" WIDTH="24" VPOS="1305" HPOS="1737"/>
<String CS="1" CONTENT="28," HEIGHT="46" WIDTH="72" VPOS="1305" HPOS="1761"/>
<SP HEIGHT="46" WIDTH="26" VPOS="1305" HPOS="1833"/>
<String CONTENT="Aug.4," HEIGHT="47" WIDTH="188" VPOS="1305" HPOS="1859"/>
<SP HEIGHT="43" WIDTH="28" VPOS="1304" HPOS="2047"/>
<String CONTENT="11," HEIGHT="49" WIDTH="69" VPOS="1303" HPOS="2075"/>
<SP HEIGHT="48" WIDTH="29" VPOS="1303" HPOS="2144"/>
<String CONTENT="18," HEIGHT="47" WIDTH="69" VPOS="1303" HPOS="2173"/>
</TextLine>
<TextLine HEIGHT="56" WIDTH="1761" VPOS="1360" HPOS="313" CS="1">
<String CONTENT="25," HEIGHT="48" WIDTH="69" VPOS="1368" HPOS="313"/>
<SP HEIGHT="49" WIDTH="34" VPOS="1367" HPOS="383"/>
<String CONTENT="Sept." HEIGHT="48" WIDTH="128" VPOS="1367" HPOS="418"/>
<SP HEIGHT="40" WIDTH="29" VPOS="1367" HPOS="547"/>
<String CONTENT="1," HEIGHT="45" WIDTH="38" VPOS="1367" HPOS="577"/>
<SP HEIGHT="46" WIDTH="31" VPOS="1366" HPOS="616"/>
<String CS="1" CONTENT="8;" HEIGHT="36" WIDTH="9" VPOS="1375" HPOS="690"/>
<SP HEIGHT="45" WIDTH="34" VPOS="1366" HPOS="700"/>
<String CONTENT="Ethel" HEIGHT="40" WIDTH="144" VPOS="1364" HPOS="735"/>
<SP HEIGHT="39" WIDTH="31" VPOS="1365" HPOS="880"/>
<String CONTENT="Mary" HEIGHT="48" WIDTH="142" VPOS="1364" HPOS="912"/>
<SP HEIGHT="50" WIDTH="32" VPOS="1361" HPOS="1055"/>
<String CONTENT="Savage," HEIGHT="49" WIDTH="202" VPOS="1361" HPOS="1088"/>
<SP HEIGHT="47" WIDTH="32" VPOS="1363" HPOS="1291"/>
<String CONTENT="Ewhurst," HEIGHT="48" WIDTH="245" VPOS="1362" HPOS="1324"/>
<SP HEIGHT="47" WIDTH="34" VPOS="1362" HPOS="1570"/>
<String CONTENT="Surrey," HEIGHT="47" WIDTH="195" VPOS="1362" HPOS="1605"/>
<SP HEIGHT="47" WIDTH="33" VPOS="1362" HPOS="1801"/>
<String CONTENT="England." HEIGHT="46" WIDTH="239" VPOS="1362" HPOS="1835"/>
</TextLine>
<TextLine HEIGHT="66" WIDTH="734" VPOS="1484" HPOS="244" STYLEREFS="StyleId-D6145652-B7F0-4B1F-A7AA-79F0EB45D83D-">
<String CONTENT="Dole," HEIGHT="61" WIDTH="159" VPOS="1489" HPOS="244"/>
<SP HEIGHT="60" WIDTH="34" VPOS="1489" HPOS="404"/>
<String CONTENT="Nathan" HEIGHT="53" WIDTH="242" VPOS="1487" HPOS="439"/>
<SP HEIGHT="52" WIDTH="33" VPOS="1486" HPOS="682"/>
<String CONTENT="Haskell." HEIGHT="55" WIDTH="262" VPOS="1484" HPOS="716"/>
</TextLine>
<TextLine HEIGHT="74" WIDTH="1922" VPOS="1560" HPOS="326" STYLEREFS="StyleId-233113FC-0134-4228-AE87-927AF86D9526-" CS="1">
<String CONTENT="[Life" HEIGHT="69" WIDTH="150" VPOS="1565" HPOS="326"/>
<SP HEIGHT="34" WIDTH="28" VPOS="1584" HPOS="477"/>
<String CONTENT="of" HEIGHT="53" WIDTH="63" VPOS="1564" HPOS="506"/>
<SP HEIGHT="53" WIDTH="28" VPOS="1564" HPOS="570"/>
<String LANG="de" CONTENT="Rudyard" HEIGHT="67" WIDTH="280" VPOS="1565" HPOS="599"/>
<SP HEIGHT="55" WIDTH="28" VPOS="1563" HPOS="880"/>
<String CONTENT="Kipling]" HEIGHT="71" WIDTH="268" VPOS="1562" HPOS="909"/>
<SP HEIGHT="66" WIDTH="34" VPOS="1563" HPOS="1178"/>
<String CONTENT="by" HEIGHT="68" WIDTH="77" VPOS="1563" HPOS="1213"/>
<SP HEIGHT="67" WIDTH="28" VPOS="1564" HPOS="1291"/>
<String CONTENT="Nathan" HEIGHT="53" WIDTH="231" VPOS="1562" HPOS="1320"/>
<SP HEIGHT="51" WIDTH="32" VPOS="1563" HPOS="1552"/>
<String CONTENT="Haskell" HEIGHT="53" WIDTH="243" VPOS="1562" HPOS="1585"/>
<SP HEIGHT="51" WIDTH="30" VPOS="1564" HPOS="1829"/>
<String CONTENT="Dole" HEIGHT="52" WIDTH="145" VPOS="1563" HPOS="1860"/>
<SP HEIGHT="48" WIDTH="36" VPOS="1581" HPOS="2006"/>
<String CS="1" CONTENT="[in" HEIGHT="53" WIDTH="59" VPOS="1562" HPOS="2062"/>
<SP HEIGHT="47" WIDTH="30" VPOS="1567" HPOS="2122"/>
<String CONTENT="the" HEIGHT="52" WIDTH="95" VPOS="1562" HPOS="2153"/>
</TextLine>
<TextLine HEIGHT="74" WIDTH="1999" VPOS="1638" HPOS="251" STYLEREFS="StyleId-233113FC-0134-4228-AE87-927AF86D9526-" CS="1">
<String CONTENT="book" HEIGHT="53" WIDTH="145" VPOS="1644" HPOS="251"/>
<SP HEIGHT="52" WIDTH="26" VPOS="1644" HPOS="397"/>
<String CONTENT="entitled]" HEIGHT="66" WIDTH="254" VPOS="1643" HPOS="424"/>
<SP HEIGHT="65" WIDTH="33" VPOS="1644" HPOS="679"/>
<String CONTENT="The" HEIGHT="52" WIDTH="120" VPOS="1643" HPOS="713"/>
<SP HEIGHT="48" WIDTH="28" VPOS="1661" HPOS="834"/>
<String CONTENT="poems" HEIGHT="50" WIDTH="192" VPOS="1659" HPOS="863"/>
<SP HEIGHT="33" WIDTH="27" VPOS="1661" HPOS="1056"/>
<String CONTENT="of" HEIGHT="53" WIDTH="63" VPOS="1641" HPOS="1084"/>
<SP HEIGHT="52" WIDTH="27" VPOS="1641" HPOS="1148"/>
<String LANG="de" CONTENT="Rudyard" HEIGHT="68" WIDTH="281" VPOS="1641" HPOS="1176"/>
<SP HEIGHT="52" WIDTH="29" VPOS="1641" HPOS="1458"/>
<String CONTENT="Kipling" HEIGHT="70" WIDTH="250" VPOS="1640" HPOS="1488"/>
<SP HEIGHT="50" WIDTH="33" VPOS="1659" HPOS="1739"/>
<String CS="1" CONTENT="&#8230;"/>
<SP HEIGHT="52" WIDTH="68" VPOS="1640" HPOS="1829"/>
<String CONTENT="New" HEIGHT="52" WIDTH="139" VPOS="1640" HPOS="1898"/>
<SP HEIGHT="52" WIDTH="30" VPOS="1640" HPOS="2038"/>
<String CONTENT="York," HEIGHT="70" WIDTH="181" VPOS="1638" HPOS="2069"/>
</TextLine>
<TextLine HEIGHT="71" WIDTH="1196" VPOS="1718" HPOS="251" STYLEREFS="StyleId-233113FC-0134-4228-AE87-927AF86D9526-" CS="1">
<String CONTENT="Thomas" HEIGHT="53" WIDTH="245" VPOS="1722" HPOS="251"/>
<SP HEIGHT="52" WIDTH="36" VPOS="1721" HPOS="497"/>
<String CONTENT="Y." HEIGHT="51" WIDTH="70" VPOS="1721" HPOS="534"/>
<SP HEIGHT="55" WIDTH="40" VPOS="1719" HPOS="605"/>
<String CONTENT="Crowell" HEIGHT="55" WIDTH="244" VPOS="1719" HPOS="646"/>
<SP HEIGHT="52" WIDTH="36" VPOS="1721" HPOS="891"/>
<String CONTENT="company" HEIGHT="51" WIDTH="282" VPOS="1737" HPOS="928"/>
<SP HEIGHT="49" WIDTH="43" VPOS="1738" HPOS="1211"/>
<String CONTENT="[" HEIGHT="33" WIDTH="13" VPOS="1752" HPOS="1255"/>
<String STYLE="superscript" CS="1" CONTENT="&#7580;1"/>
<String CONTENT="928]" HEIGHT="64" WIDTH="118" VPOS="1721" HPOS="1329"/>
</TextLine>
<TextLine HEIGHT="51" WIDTH="893" VPOS="1801" HPOS="314" STYLEREFS="StyleId-233113FC-0134-4228-AE87-927AF86D9526-" CS="1">
<String CONTENT="xxvi," HEIGHT="44" WIDTH="129" VPOS="1803" HPOS="314"/>
<SP HEIGHT="43" WIDTH="47" VPOS="1803" HPOS="444"/>
<String CONTENT="306" HEIGHT="41" WIDTH="88" VPOS="1802" HPOS="492"/>
<SP HEIGHT="48" WIDTH="44" VPOS="1802" HPOS="581"/>
<String CONTENT="p." HEIGHT="37" WIDTH="43" VPOS="1813" HPOS="626"/>
<SP HEIGHT="41" WIDTH="58" VPOS="1802" HPOS="670"/>
<String CS="1" CONTENT="front."/>
<SP HEIGHT="48" WIDTH="26" VPOS="1802" HPOS="881"/>
<String CONTENT="(port.)" HEIGHT="50" WIDTH="173" VPOS="1801" HPOS="908"/>
<SP HEIGHT="47" WIDTH="68" VPOS="1801" HPOS="1082"/>
<String CONTENT="18" HEIGHT="41" WIDTH="56" VPOS="1801" HPOS="1151"/>
<String STYLE="superscript" CS="1" CONTENT="&#7580;&#7504;."/>
</TextLine>
<TextLine HEIGHT="56" WIDTH="1995" VPOS="1867" HPOS="250">
<String CONTENT="&#169;" HEIGHT="52" WIDTH="54" VPOS="1871" HPOS="250"/>
<SP HEIGHT="52" WIDTH="22" VPOS="1871" HPOS="304"/>
<String CONTENT="July" HEIGHT="48" WIDTH="117" VPOS="1873" HPOS="326"/>
<SP HEIGHT="47" WIDTH="23" VPOS="1873" HPOS="443"/>
<String CONTENT="19," HEIGHT="47" WIDTH="70" VPOS="1872" HPOS="466"/>
<SP HEIGHT="46" WIDTH="26" VPOS="1873" HPOS="536"/>
<String CONTENT="1928;" HEIGHT="46" WIDTH="142" VPOS="1872" HPOS="562"/>
<SP HEIGHT="46" WIDTH="26" VPOS="1872" HPOS="704"/>
<String CONTENT="2c." HEIGHT="41" WIDTH="69" VPOS="1872" HPOS="730"/>
<SP HEIGHT="41" WIDTH="25" VPOS="1872" HPOS="799"/>
<String CONTENT="Aug." HEIGHT="49" WIDTH="122" VPOS="1872" HPOS="824"/>
<SP HEIGHT="42" WIDTH="25" VPOS="1871" HPOS="946"/>
<String CONTENT="1;" HEIGHT="46" WIDTH="54" VPOS="1871" HPOS="971"/>
<SP HEIGHT="36" WIDTH="27" VPOS="1881" HPOS="1025"/>
<String CONTENT="aff." HEIGHT="41" WIDTH="83" VPOS="1870" HPOS="1052"/>
<SP HEIGHT="40" WIDTH="27" VPOS="1871" HPOS="1135"/>
<String CONTENT="Aug." HEIGHT="49" WIDTH="122" VPOS="1871" HPOS="1162"/>
<SP HEIGHT="41" WIDTH="22" VPOS="1871" HPOS="1284"/>
<String CONTENT="2;" HEIGHT="47" WIDTH="56" VPOS="1871" HPOS="1306"/>
<SP HEIGHT="46" WIDTH="28" VPOS="1872" HPOS="1362"/>
<!-- cceid 26127735-6CB2-1014-A20E-B9D6251C946A --><String CONTENT="A" HEIGHT="39" WIDTH="43" VPOS="1872" HPOS="1390"/>
<SP HEIGHT="39" WIDTH="24" VPOS="1872" HPOS="1433"/>
<String CONTENT="1083946;" HEIGHT="49" WIDTH="232" VPOS="1869" HPOS="1457"/>
<SP HEIGHT="46" WIDTH="28" VPOS="1871" HPOS="1689"/>
<String CONTENT="Thomas" HEIGHT="40" WIDTH="215" VPOS="1871" HPOS="1717"/>
<SP HEIGHT="39" WIDTH="25" VPOS="1872" HPOS="1932"/>
<String CONTENT="Y." HEIGHT="39" WIDTH="53" VPOS="1872" HPOS="1957"/>
<SP HEIGHT="40" WIDTH="29" VPOS="1872" HPOS="2010"/>
<String CONTENT="Crowell" HEIGHT="41" WIDTH="206" VPOS="1871" HPOS="2039"/>
</TextLine>
<TextLine HEIGHT="31" WIDTH="66" VPOS="1940" HPOS="319">
<String CONTENT="co." HEIGHT="31" WIDTH="66" VPOS="1940" HPOS="319"/>
</TextLine>
</TextBlock>
<TextBlock ID="Page1253_Block3" HEIGHT="1990" WIDTH="2043" VPOS="2022" HPOS="236" CS="1" STYLEREFS="StyleId-C6BCF711-0346-4522-B176-8C7567D3EB89-">
<Shape>
<Polygon POINTS="2109,2022 2276,2022 2276,2477 2277,2477 2277,3052 2278,3052 2278,3627 2279,3627 2279,4008 2114,4008 2114,4009 1539,4009 1539,4010 964,4010 964,4011 389,4011 389,4012 239,4012 239,3631 238,3631 238,3057 237,3057 237,2482 236,2482 236,2026 384,2026 384,2025 959,2025 959,2024 1534,2024 1534,2023 2109,2023 2109,2022"/>
</Shape>
<TextLine HEIGHT="65" WIDTH="771" VPOS="2035" HPOS="249" STYLEREFS="StyleId-D6145652-B7F0-4B1F-A7AA-79F0EB45D83D-" LANG="en-US">
<String CONTENT="Duffus," HEIGHT="64" WIDTH="234" VPOS="2036" HPOS="249"/>
<SP HEIGHT="62" WIDTH="33" VPOS="2037" HPOS="484"/>
<String CONTENT="Robert" HEIGHT="53" WIDTH="223" VPOS="2036" HPOS="518"/>
<SP HEIGHT="53" WIDTH="29" VPOS="2036" HPOS="742"/>
<String CONTENT="Luther." HEIGHT="55" WIDTH="248" VPOS="2035" HPOS="772"/>
</TextLine>
<TextLine HEIGHT="75" WIDTH="1938" VPOS="2111" HPOS="317" STYLEREFS="StyleId-233113FC-0134-4228-AE87-927AF86D9526-" LANG="en-US">
<String CONTENT="The" HEIGHT="55" WIDTH="122" VPOS="2114" HPOS="317"/>
<SP HEIGHT="53" WIDTH="35" VPOS="2115" HPOS="440"/>
<String CONTENT="American" HEIGHT="53" WIDTH="310" VPOS="2115" HPOS="476"/>
<SP HEIGHT="34" WIDTH="34" VPOS="2133" HPOS="787"/>
<String CONTENT="renaissance" HEIGHT="55" WIDTH="354" VPOS="2114" HPOS="822"/>
<SP HEIGHT="48" WIDTH="40" VPOS="2134" HPOS="1177"/>
<String CONTENT="[by]" HEIGHT="69" WIDTH="110" VPOS="2115" HPOS="1218"/>
<SP HEIGHT="66" WIDTH="40" VPOS="2116" HPOS="1329"/>
<String LANG="fr" CONTENT="R." HEIGHT="52" WIDTH="69" VPOS="2116" HPOS="1370"/>
<SP HEIGHT="52" WIDTH="33" VPOS="2116" HPOS="1440"/>
<String CONTENT="L." HEIGHT="52" WIDTH="63" VPOS="2115" HPOS="1474"/>
<SP HEIGHT="51" WIDTH="38" VPOS="2116" HPOS="1538"/>
<String CONTENT="Duffus." HEIGHT="55" WIDTH="226" VPOS="2114" HPOS="1577"/>
<SP HEIGHT="52" WIDTH="92" VPOS="2116" HPOS="1804"/>
<String CONTENT="New" HEIGHT="52" WIDTH="137" VPOS="2116" HPOS="1897"/>
<SP HEIGHT="50" WIDTH="40" VPOS="2117" HPOS="2035"/>
<String CONTENT="York," HEIGHT="58" WIDTH="179" VPOS="2115" HPOS="2076"/>
</TextLine>
<TextLine HEIGHT="70" WIDTH="603" VPOS="2192" HPOS="246" STYLEREFS="StyleId-233113FC-0134-4228-AE87-927AF86D9526-" LANG="en-US">
<String CONTENT="A." HEIGHT="51" WIDTH="71" VPOS="2195" HPOS="246"/>
<SP HEIGHT="53" WIDTH="25" VPOS="2194" HPOS="318"/>
<String CONTENT="A." HEIGHT="54" WIDTH="72" VPOS="2193" HPOS="344"/>
<SP HEIGHT="52" WIDTH="27" VPOS="2194" HPOS="417"/>
<String CONTENT="Knopf," HEIGHT="69" WIDTH="226" VPOS="2192" HPOS="445"/>
<SP HEIGHT="65" WIDTH="26" VPOS="2196" HPOS="672"/>
<String CONTENT="1928." HEIGHT="50" WIDTH="150" VPOS="2196" HPOS="699"/>
</TextLine>
<TextLine HEIGHT="51" WIDTH="671" VPOS="2275" HPOS="316" LANG="en-US" CS="1">
<String CONTENT="4" HEIGHT="39" WIDTH="28" VPOS="2277" HPOS="316"/>
<SP/>
<String CS="1" CONTENT="p."/>
<SP/>
<String CS="1" CONTENT="l.," HEIGHT="19" WIDTH="9" VPOS="2305" HPOS="481"/>
<SP HEIGHT="48" WIDTH="26" VPOS="2276" HPOS="491"/>
<String CONTENT="321," HEIGHT="47" WIDTH="99" VPOS="2276" HPOS="518"/>
<SP HEIGHT="29" WIDTH="32" VPOS="2296" HPOS="618"/>
<String CONTENT="[1]" HEIGHT="48" WIDTH="54" VPOS="2277" HPOS="651"/>
<SP HEIGHT="38" WIDTH="30" VPOS="2287" HPOS="706"/>
<String CONTENT="p." HEIGHT="37" WIDTH="44" VPOS="2287" HPOS="737"/>
<SP HEIGHT="40" WIDTH="57" VPOS="2276" HPOS="782"/>
<String CS="1" CONTENT="22&#189;&#7580;&#7504;." HEIGHT="43" WIDTH="147" VPOS="2275" HPOS="840"/>
</TextLine>
<TextLine HEIGHT="56" WIDTH="1935" VPOS="2343" HPOS="321" LANG="en-US" CS="1">
<String CONTENT="The" HEIGHT="40" WIDTH="101" VPOS="2348" HPOS="321"/>
<SP HEIGHT="40" WIDTH="25" VPOS="2347" HPOS="423"/>
<String CONTENT="inquiries" HEIGHT="50" WIDTH="236" VPOS="2346" HPOS="449"/>
<SP HEIGHT="29" WIDTH="28" VPOS="2358" HPOS="686"/>
<String CONTENT="reported" HEIGHT="48" WIDTH="224" VPOS="2348" HPOS="715"/>
<SP HEIGHT="41" WIDTH="27" VPOS="2347" HPOS="940"/>
<String CONTENT="in" HEIGHT="39" WIDTH="48" VPOS="2347" HPOS="968"/>
<SP HEIGHT="38" WIDTH="30" VPOS="2349" HPOS="1017"/>
<String CONTENT="this" HEIGHT="40" WIDTH="99" VPOS="2347" HPOS="1048"/>
<SP HEIGHT="30" WIDTH="25" VPOS="2357" HPOS="1148"/>
<String CONTENT="volume" HEIGHT="39" WIDTH="191" VPOS="2348" HPOS="1174"/>
<SP HEIGHT="28" WIDTH="27" VPOS="2359" HPOS="1366"/>
<String CONTENT="were" HEIGHT="30" WIDTH="125" VPOS="2358" HPOS="1394"/>
<SP HEIGHT="31" WIDTH="26" VPOS="2357" HPOS="1520"/>
<String CONTENT="carried" HEIGHT="40" WIDTH="190" VPOS="2347" HPOS="1547"/>
<SP HEIGHT="39" WIDTH="28" VPOS="2348" HPOS="1738"/>
<String CONTENT="out" HEIGHT="37" WIDTH="81" VPOS="2350" HPOS="1767"/>
<SP HEIGHT="37" WIDTH="27" VPOS="2350" HPOS="1849"/>
<String CONTENT="as" HEIGHT="29" WIDTH="55" VPOS="2358" HPOS="1877"/>
<SP HEIGHT="38" WIDTH="24" VPOS="2358" HPOS="1933"/>
<String CS="1" CONTENT="part" HEIGHT="37" WIDTH="75" VPOS="2351" HPOS="1992"/>
<SP HEIGHT="38" WIDTH="29" VPOS="2351" HPOS="2068"/>
<String CONTENT="of" HEIGHT="42" WIDTH="51" VPOS="2347" HPOS="2098"/>
<SP HEIGHT="40" WIDTH="24" VPOS="2347" HPOS="2150"/>
<String CONTENT="the" HEIGHT="40" WIDTH="81" VPOS="2348" HPOS="2175"/>
</TextLine>
<TextLine HEIGHT="56" WIDTH="2007" VPOS="2401" HPOS="250" LANG="en-US">
<String CONTENT="fine" HEIGHT="42" WIDTH="93" VPOS="2405" HPOS="250"/>
<SP HEIGHT="31" WIDTH="30" VPOS="2416" HPOS="344"/>
<String CONTENT="arts" HEIGHT="38" WIDTH="107" VPOS="2408" HPOS="375"/>
<SP HEIGHT="37" WIDTH="31" VPOS="2416" HPOS="483"/>
<String CONTENT="program" HEIGHT="37" WIDTH="226" VPOS="2416" HPOS="515"/>
<SP HEIGHT="28" WIDTH="32" VPOS="2417" HPOS="742"/>
<String CONTENT="of" HEIGHT="38" WIDTH="52" VPOS="2407" HPOS="775"/>
<SP HEIGHT="38" WIDTH="31" VPOS="2407" HPOS="828"/>
<String CONTENT="the" HEIGHT="40" WIDTH="81" VPOS="2406" HPOS="860"/>
<SP HEIGHT="42" WIDTH="32" VPOS="2405" HPOS="942"/>
<String CONTENT="Carnegie" HEIGHT="47" WIDTH="236" VPOS="2404" HPOS="975"/>
<SP HEIGHT="30" WIDTH="31" VPOS="2415" HPOS="1212"/>
<String CONTENT="corporation" HEIGHT="47" WIDTH="309" VPOS="2405" HPOS="1244"/>
<SP HEIGHT="29" WIDTH="32" VPOS="2416" HPOS="1554"/>
<String CONTENT="of" HEIGHT="39" WIDTH="52" VPOS="2406" HPOS="1587"/>
<SP HEIGHT="38" WIDTH="29" VPOS="2406" HPOS="1640"/>
<String CONTENT="New" HEIGHT="38" WIDTH="117" VPOS="2406" HPOS="1670"/>
<SP HEIGHT="38" WIDTH="31" VPOS="2407" HPOS="1788"/>
<String CONTENT="York" HEIGHT="39" WIDTH="131" VPOS="2407" HPOS="1820"/>
<SP HEIGHT="38" WIDTH="29" VPOS="2407" HPOS="1952"/>
<String CONTENT="city." HEIGHT="47" WIDTH="113" VPOS="2407" HPOS="1982"/>
<SP HEIGHT="40" WIDTH="59" VPOS="2407" HPOS="2096"/>
<String CONTENT="The" HEIGHT="40" WIDTH="101" VPOS="2407" HPOS="2156"/>
</TextLine>
<TextLine HEIGHT="110" WIDTH="1991" VPOS="2459" HPOS="249" LANG="en-US" CS="1">
<String CONTENT="investigation" HEIGHT="50" WIDTH="350" VPOS="2462" HPOS="251"/>
<SP HEIGHT="39" WIDTH="38" VPOS="2463" HPOS="601"/>
<String CONTENT="included" HEIGHT="40" WIDTH="227" VPOS="2463" HPOS="639"/>
<SP HEIGHT="39" WIDTH="37" VPOS="2464" HPOS="866"/>
<String CONTENT="not" HEIGHT="39" WIDTH="86" VPOS="2464" HPOS="903"/>
<SP HEIGHT="38" WIDTH="38" VPOS="2464" HPOS="989"/>
<String CONTENT="only" HEIGHT="47" WIDTH="115" VPOS="2463" HPOS="1027"/>
<SP HEIGHT="37" WIDTH="35" VPOS="2473" HPOS="1142"/>
<String CONTENT="art" HEIGHT="38" WIDTH="83" VPOS="2465" HPOS="1177"/>
<SP HEIGHT="38" WIDTH="36" VPOS="2465" HPOS="1260"/>
<String CONTENT="schools" HEIGHT="40" WIDTH="191" VPOS="2463" HPOS="1296"/>
<SP HEIGHT="30" WIDTH="37" VPOS="2473" HPOS="1487"/>
<String CONTENT="and" HEIGHT="39" WIDTH="97" VPOS="2464" HPOS="1524"/>
<SP HEIGHT="39" WIDTH="36" VPOS="2464" HPOS="1621"/>
<String CONTENT="collegiate" HEIGHT="48" WIDTH="256" VPOS="2462" HPOS="1657"/>
<SP HEIGHT="29" WIDTH="37" VPOS="2474" HPOS="1913"/>
<String CONTENT="art" HEIGHT="37" WIDTH="79" VPOS="2466" HPOS="1950"/>
<SP HEIGHT="38" WIDTH="38" VPOS="2465" HPOS="2029"/>
<String CONTENT="departments," HEIGHT="105" WIDTH="1991" VPOS="2464" HPOS="249"/>
<SP HEIGHT="47" WIDTH="38" VPOS="2521" HPOS="423"/>
<String CONTENT="but" HEIGHT="40" WIDTH="87" VPOS="2521" HPOS="462"/>
<SP HEIGHT="38" WIDTH="34" VPOS="2523" HPOS="550"/>
<String CONTENT="also" HEIGHT="40" WIDTH="106" VPOS="2521" HPOS="585"/>
<SP HEIGHT="30" WIDTH="33" VPOS="2531" HPOS="692"/>
<String CONTENT="art" HEIGHT="38" WIDTH="81" VPOS="2522" HPOS="726"/>
</TextLine>
<TextLine HEIGHT="101" WIDTH="1991" VPOS="2518" HPOS="250" LANG="en-US" CS="1">
<String CONTENT="museums" HEIGHT="32" WIDTH="245" VPOS="2529" HPOS="844"/>
<SP HEIGHT="30" WIDTH="37" VPOS="2530" HPOS="1090"/>
<String CONTENT="and" HEIGHT="39" WIDTH="96" VPOS="2521" HPOS="1128"/>
<SP HEIGHT="39" WIDTH="36" VPOS="2521" HPOS="1225"/>
<String CONTENT="non-commercial" HEIGHT="42" WIDTH="423" VPOS="2519" HPOS="1262"/>
<SP HEIGHT="39" WIDTH="35" VPOS="2521" HPOS="1686"/>
<String CONTENT="theatres," HEIGHT="39" WIDTH="233" VPOS="2521" HPOS="1722"/>
<SP HEIGHT="31" WIDTH="59" VPOS="2530" HPOS="1956"/>
<String CONTENT="cf." HEIGHT="47" WIDTH="63" VPOS="2521" HPOS="2016"/>
<SP HEIGHT="40" WIDTH="38" VPOS="2521" HPOS="2080"/>
<String CONTENT="Foreword." HEIGHT="98" WIDTH="1991" VPOS="2521" HPOS="250"/>
</TextLine>
<TextLine HEIGHT="57" WIDTH="1999" VPOS="2642" HPOS="257" LANG="en-US" CS="1">
<String CONTENT="&#169;" HEIGHT="51" WIDTH="52" VPOS="2646" HPOS="257"/>
<SP HEIGHT="51" WIDTH="24" VPOS="2646" HPOS="310"/>
<String CONTENT="Aug." HEIGHT="50" WIDTH="122" VPOS="2648" HPOS="335"/>
<SP HEIGHT="40" WIDTH="26" VPOS="2649" HPOS="458"/>
<String CONTENT="17," HEIGHT="47" WIDTH="67" VPOS="2649" HPOS="485"/>
<SP HEIGHT="47" WIDTH="28" VPOS="2649" HPOS="553"/>
<String CS="1" CONTENT="1928;" HEIGHT="41" WIDTH="116" VPOS="2648" HPOS="582"/>
<SP HEIGHT="46" WIDTH="27" VPOS="2648" HPOS="723"/>
<String CONTENT="2c." HEIGHT="41" WIDTH="69" VPOS="2648" HPOS="751"/>
<SP HEIGHT="30" WIDTH="26" VPOS="2659" HPOS="821"/>
<String CONTENT="and" HEIGHT="39" WIDTH="95" VPOS="2649" HPOS="848"/>
<SP HEIGHT="41" WIDTH="25" VPOS="2648" HPOS="944"/>
<String CONTENT="aff." HEIGHT="41" WIDTH="82" VPOS="2647" HPOS="970"/>
<SP HEIGHT="40" WIDTH="26" VPOS="2648" HPOS="1053"/>
<String CONTENT="Aug." HEIGHT="48" WIDTH="120" VPOS="2648" HPOS="1080"/>
<SP HEIGHT="41" WIDTH="25" VPOS="2648" HPOS="1201"/>
<String CS="1" CONTENT="23;" HEIGHT="40" WIDTH="56" VPOS="2648" HPOS="1227"/>
<SP HEIGHT="47" WIDTH="26" VPOS="2648" HPOS="1313"/>
<!-- cceid 2612CD87-6CB2-1014-A20E-B9D6251C946A --><String CONTENT="A" HEIGHT="39" WIDTH="41" VPOS="2648" HPOS="1340"/>
<SP HEIGHT="39" WIDTH="25" VPOS="2648" HPOS="1382"/>
<String CS="1" CONTENT="1083922;" HEIGHT="42" WIDTH="204" VPOS="2646" HPOS="1408"/>
<SP HEIGHT="41" WIDTH="31" VPOS="2648" HPOS="1639"/>
<String CONTENT="Alfred" HEIGHT="40" WIDTH="172" VPOS="2648" HPOS="1671"/>
<SP HEIGHT="39" WIDTH="26" VPOS="2649" HPOS="1844"/>
<String CONTENT="A." HEIGHT="40" WIDTH="54" VPOS="2649" HPOS="1871"/>
<SP HEIGHT="40" WIDTH="28" VPOS="2649" HPOS="1926"/>
<String CS="1" CONTENT="Knopf." HEIGHT="49" WIDTH="167" VPOS="2647" HPOS="1955"/>
<SP HEIGHT="42" WIDTH="27" VPOS="2649" HPOS="2137"/>
<String CONTENT="inc." HEIGHT="40" WIDTH="91" VPOS="2649" HPOS="2165"/>
</TextLine>
<TextLine HEIGHT="51" WIDTH="281" VPOS="2704" HPOS="335" LANG="en-US">
<String CONTENT="(28-20255)" HEIGHT="51" WIDTH="281" VPOS="2704" HPOS="335"/>
</TextLine>
<TextLine HEIGHT="67" WIDTH="1252" VPOS="2798" HPOS="256" STYLEREFS="StyleId-D6145652-B7F0-4B1F-A7AA-79F0EB45D83D-" LANG="en-US">
<String CONTENT="Duplay," HEIGHT="65" WIDTH="251" VPOS="2799" HPOS="256"/>
<SP HEIGHT="63" WIDTH="32" VPOS="2800" HPOS="508"/>
<String CONTENT="Simon" HEIGHT="54" WIDTH="202" VPOS="2800" HPOS="541"/>
<SP HEIGHT="51" WIDTH="32" VPOS="2801" HPOS="744"/>
<String CONTENT="Emmanuel," HEIGHT="64" WIDTH="369" VPOS="2800" HPOS="777"/>
<SP HEIGHT="59" WIDTH="34" VPOS="2804" HPOS="1147"/>
<String CONTENT="1836-1920." HEIGHT="50" WIDTH="326" VPOS="2803" HPOS="1182"/>
</TextLine>
<TextLine HEIGHT="77" WIDTH="1876" VPOS="2875" HPOS="387" STYLEREFS="StyleId-233113FC-0134-4228-AE87-927AF86D9526-" CS="1">
<String LANG="en-US" CS="1" CONTENT="&#8230;"/>
<SP HEIGHT="53" WIDTH="35" VPOS="2878" HPOS="387"/>
<String LANG="en-US" CONTENT="Diagnostic" HEIGHT="69" WIDTH="340" VPOS="2878" HPOS="423"/>
<SP HEIGHT="34" WIDTH="28" VPOS="2897" HPOS="764"/>
<String LANG="fr" CONTENT="chirurgical." HEIGHT="69" WIDTH="363" VPOS="2878" HPOS="793"/>
<SP HEIGHT="49" WIDTH="77" VPOS="2883" HPOS="1157"/>
<String LANG="en-US" CONTENT="8." HEIGHT="49" WIDTH="46" VPOS="2883" HPOS="1235"/>
<SP HEIGHT="52" WIDTH="29" VPOS="2879" HPOS="1282"/>
<String LANG="fr" CONTENT="&#233;d.," HEIGHT="67" WIDTH="105" VPOS="2879" HPOS="1312"/>
<SP HEIGHT="49" WIDTH="29" VPOS="2897" HPOS="1418"/>
<String LANG="fr" CONTENT="enti&#232;rement" HEIGHT="54" WIDTH="372" VPOS="2878" HPOS="1448"/>
<SP HEIGHT="47" WIDTH="26" VPOS="2885" HPOS="1821"/>
<String LANG="fr" CONTENT="remani&#233;e" HEIGHT="54" WIDTH="280" VPOS="2880" HPOS="1848"/>
<SP HEIGHT="50" WIDTH="29" VPOS="2898" HPOS="2129"/>
<String LANG="fr" CONTENT="par" HEIGHT="49" WIDTH="104" VPOS="2899" HPOS="2159"/>
</TextLine>
<TextLine HEIGHT="76" WIDTH="2005" VPOS="2952" HPOS="256" STYLEREFS="StyleId-233113FC-0134-4228-AE87-927AF86D9526-" LANG="fr" CS="1">
<String CONTENT="W.-M." HEIGHT="56" WIDTH="198" VPOS="2955" HPOS="256"/>
<SP HEIGHT="56" WIDTH="37" VPOS="2955" HPOS="455"/>
<String LANG="en-US" CONTENT="Stern" HEIGHT="56" WIDTH="169" VPOS="2955" HPOS="493"/>
<SP HEIGHT="33" WIDTH="38" VPOS="2975" HPOS="663"/>
<String CS="1" CONTENT="&#8230;"/>
<SP HEIGHT="52" WIDTH="77" VPOS="2957" HPOS="759"/>
<String CONTENT="Avec" HEIGHT="54" WIDTH="157" VPOS="2956" HPOS="837"/>
<SP HEIGHT="51" WIDTH="32" VPOS="2958" HPOS="995"/>
<String CONTENT="675" HEIGHT="53" WIDTH="98" VPOS="2956" HPOS="1028"/>
<SP HEIGHT="51" WIDTH="32" VPOS="2957" HPOS="1127"/>
<String CONTENT="figures" HEIGHT="71" WIDTH="211" VPOS="2955" HPOS="1160"/>
<SP HEIGHT="52" WIDTH="33" VPOS="2958" HPOS="1372"/>
<String CONTENT="dans" HEIGHT="53" WIDTH="141" VPOS="2957" HPOS="1406"/>
<SP HEIGHT="50" WIDTH="31" VPOS="2959" HPOS="1548"/>
<String CONTENT="le" HEIGHT="51" WIDTH="50" VPOS="2959" HPOS="1580"/>
<SP HEIGHT="47" WIDTH="31" VPOS="2963" HPOS="1631"/>
<String CONTENT="texte" HEIGHT="47" WIDTH="151" VPOS="2963" HPOS="1663"/>
<SP HEIGHT="34" WIDTH="33" VPOS="2976" HPOS="1815"/>
<String CONTENT="en" HEIGHT="34" WIDTH="66" VPOS="2976" HPOS="1849"/>
<SP HEIGHT="34" WIDTH="31" VPOS="2976" HPOS="1916"/>
<String CONTENT="noir" HEIGHT="52" WIDTH="129" VPOS="2958" HPOS="1948"/>
<SP HEIGHT="35" WIDTH="29" VPOS="2977" HPOS="2078"/>
<String CONTENT="et" HEIGHT="49" WIDTH="52" VPOS="2963" HPOS="2108"/>
<SP HEIGHT="49" WIDTH="33" VPOS="2963" HPOS="2161"/>
<String CONTENT="en" HEIGHT="35" WIDTH="66" VPOS="2977" HPOS="2195"/>
</TextLine>
<TextLine HEIGHT="70" WIDTH="1093" VPOS="3034" HPOS="256" STYLEREFS="StyleId-233113FC-0134-4228-AE87-927AF86D9526-" LANG="fr" CS="1">
<String CONTENT="couleurs" HEIGHT="53" WIDTH="259" VPOS="3035" HPOS="256"/>
<SP HEIGHT="33" WIDTH="32" VPOS="3054" HPOS="515"/>
<String CS="1" CONTENT="&#8230;"/>
<SP HEIGHT="51" WIDTH="81" VPOS="3035" HPOS="603"/>
<String CONTENT="Paris," HEIGHT="68" WIDTH="186" VPOS="3035" HPOS="684"/>
<SP HEIGHT="68" WIDTH="28" VPOS="3035" HPOS="870"/>
<String CONTENT="O." HEIGHT="56" WIDTH="68" VPOS="3034" HPOS="898"/>
<SP HEIGHT="52" WIDTH="29" VPOS="3035" HPOS="966"/>
<String CONTENT="Doin," HEIGHT="67" WIDTH="173" VPOS="3035" HPOS="995"/>
<SP HEIGHT="63" WIDTH="29" VPOS="3039" HPOS="1168"/>
<String CONTENT="1928." HEIGHT="51" WIDTH="152" VPOS="3037" HPOS="1197"/>
</TextLine>
<TextLine HEIGHT="53" WIDTH="936" VPOS="3115" HPOS="327" STYLEREFS="StyleId-233113FC-0134-4228-AE87-927AF86D9526-" LANG="fr" CS="1">
<String CONTENT="viii," HEIGHT="49" WIDTH="103" VPOS="3116" HPOS="327"/>
<SP HEIGHT="46" WIDTH="24" VPOS="3118" HPOS="431"/>
<String CONTENT="1231" HEIGHT="40" WIDTH="113" VPOS="3117" HPOS="456"/>
<SP HEIGHT="47" WIDTH="28" VPOS="3118" HPOS="570"/>
<String CONTENT="p." HEIGHT="37" WIDTH="43" VPOS="3128" HPOS="599"/>
<SP HEIGHT="40" WIDTH="59" VPOS="3117" HPOS="643"/>
<String CONTENT="illus." HEIGHT="41" WIDTH="128" VPOS="3117" HPOS="703"/>
<SP HEIGHT="48" WIDTH="29" VPOS="3118" HPOS="832"/>
<String CONTENT="(part" HEIGHT="49" WIDTH="135" VPOS="3117" HPOS="862"/>
<SP HEIGHT="40" WIDTH="25" VPOS="3119" HPOS="998"/>
<String CONTENT="col.)" HEIGHT="47" WIDTH="114" VPOS="3119" HPOS="1024"/>
<SP HEIGHT="48" WIDTH="64" VPOS="3118" HPOS="1139"/>
<String CONTENT="24" HEIGHT="39" WIDTH="59" VPOS="3118" HPOS="1204"/>
<String STYLE="superscript" CS="1" CONTENT="&#7580;&#7504;."/>
</TextLine>
<TextLine HEIGHT="53" WIDTH="1521" VPOS="3186" HPOS="330" LANG="en-US">
<String CONTENT="At" HEIGHT="41" WIDTH="62" VPOS="3189" HPOS="330"/>
<SP HEIGHT="39" WIDTH="28" VPOS="3190" HPOS="393"/>
<String CONTENT="head" HEIGHT="39" WIDTH="125" VPOS="3190" HPOS="422"/>
<SP HEIGHT="39" WIDTH="27" VPOS="3190" HPOS="548"/>
<String CONTENT="of" HEIGHT="40" WIDTH="51" VPOS="3189" HPOS="576"/>
<SP HEIGHT="39" WIDTH="26" VPOS="3189" HPOS="628"/>
<String CONTENT="title" HEIGHT="40" WIDTH="108" VPOS="3188" HPOS="655"/>
<SP HEIGHT="28" WIDTH="17" VPOS="3200" HPOS="764"/>
<String CONTENT=":" HEIGHT="28" WIDTH="8" VPOS="3200" HPOS="782"/>
<SP HEIGHT="38" WIDTH="28" VPOS="3190" HPOS="791"/>
<String CONTENT="Duplay&#8212;Rochard&#8212;Demoulin&#8212;Stern." HEIGHT="50" WIDTH="1031" VPOS="3188" HPOS="820"/>
</TextLine>
<TextLine HEIGHT="56" WIDTH="1823" VPOS="3242" HPOS="331">
<String LANG="fr" CONTENT="&#8220;Ouvrage" HEIGHT="49" WIDTH="254" VPOS="3246" HPOS="331"/>
<SP HEIGHT="29" WIDTH="29" VPOS="3257" HPOS="586"/>
<String LANG="fr" CONTENT="couronn&#233;" HEIGHT="41" WIDTH="242" VPOS="3245" HPOS="616"/>
<SP HEIGHT="50" WIDTH="27" VPOS="3245" HPOS="859"/>
<String LANG="en-US" CONTENT="par" HEIGHT="39" WIDTH="88" VPOS="3256" HPOS="887"/>
<SP HEIGHT="38" WIDTH="30" VPOS="3248" HPOS="976"/>
<String LANG="fr" CONTENT="l&#8217;Acad&#233;mie" HEIGHT="41" WIDTH="293" VPOS="3246" HPOS="1007"/>
<SP HEIGHT="40" WIDTH="29" VPOS="3247" HPOS="1301"/>
<String LANG="fr" CONTENT="des" HEIGHT="40" WIDTH="83" VPOS="3247" HPOS="1331"/>
<SP HEIGHT="29" WIDTH="28" VPOS="3258" HPOS="1415"/>
<String LANG="en-US" CONTENT="sciences" HEIGHT="42" WIDTH="211" VPOS="3246" HPOS="1444"/>
<SP HEIGHT="48" WIDTH="39" VPOS="3246" HPOS="1656"/>
<String LANG="fr" CONTENT="(prix" HEIGHT="49" WIDTH="134" VPOS="3246" HPOS="1696"/>
<SP HEIGHT="38" WIDTH="28" VPOS="3248" HPOS="1831"/>
<String LANG="la" CONTENT="Montyon)&#8221;" HEIGHT="49" WIDTH="294" VPOS="3246" HPOS="1860"/>
</TextLine>
<TextLine HEIGHT="55" WIDTH="1934" VPOS="3300" HPOS="333" CS="1">
<String LANG="la" CONTENT="First" HEIGHT="42" WIDTH="134" VPOS="3303" HPOS="333"/>
<SP HEIGHT="37" WIDTH="39" VPOS="3307" HPOS="468"/>
<String LANG="en-US" CONTENT="edition" HEIGHT="41" WIDTH="183" VPOS="3303" HPOS="508"/>
<SP HEIGHT="37" WIDTH="40" VPOS="3315" HPOS="692"/>
<String LANG="en-US" CONTENT="published" HEIGHT="49" WIDTH="256" VPOS="3303" HPOS="733"/>
<SP HEIGHT="40" WIDTH="40" VPOS="3304" HPOS="990"/>
<String LANG="la" CS="1" CONTENT="1895-97" HEIGHT="40" WIDTH="204" VPOS="3304" HPOS="1031"/>
<SP HEIGHT="39" WIDTH="44" VPOS="3305" HPOS="1236"/>
<String LANG="la" CONTENT="under" HEIGHT="39" WIDTH="151" VPOS="3305" HPOS="1281"/>
<SP HEIGHT="37" WIDTH="39" VPOS="3307" HPOS="1433"/>
<String LANG="en-US" CONTENT="title" HEIGHT="42" WIDTH="109" VPOS="3303" HPOS="1473"/>
<SP HEIGHT="29" WIDTH="17" VPOS="3315" HPOS="1583"/>
<String LANG="la" CONTENT=":" HEIGHT="29" WIDTH="8" VPOS="3315" HPOS="1601"/>
<SP HEIGHT="38" WIDTH="42" VPOS="3306" HPOS="1610"/>
<String LANG="en-US" CONTENT="Manuel" HEIGHT="39" WIDTH="195" VPOS="3305" HPOS="1653"/>
<SP HEIGHT="39" WIDTH="43" VPOS="3305" HPOS="1849"/>
<String LANG="fr" CONTENT="de" HEIGHT="38" WIDTH="57" VPOS="3306" HPOS="1893"/>
<SP HEIGHT="38" WIDTH="40" VPOS="3306" HPOS="1951"/>
<String LANG="en-US" CONTENT="diagnostic" HEIGHT="49" WIDTH="275" VPOS="3303" HPOS="1992"/>
</TextLine>
<TextLine HEIGHT="51" WIDTH="310" VPOS="3360" HPOS="260" LANG="fr">
<String CONTENT="chirurgical." HEIGHT="51" WIDTH="310" VPOS="3360" HPOS="260"/>
</TextLine>
<TextLine HEIGHT="58" WIDTH="1996" VPOS="3424" HPOS="266" LANG="en-US" CS="1">
<String CONTENT="&#169;" HEIGHT="52" WIDTH="52" VPOS="3428" HPOS="266"/>
<SP HEIGHT="52" WIDTH="26" VPOS="3428" HPOS="319"/>
<String CONTENT="Oct." HEIGHT="44" WIDTH="102" VPOS="3430" HPOS="346"/>
<SP HEIGHT="40" WIDTH="22" VPOS="3433" HPOS="449"/>
<String CONTENT="4," HEIGHT="46" WIDTH="40" VPOS="3433" HPOS="472"/>
<SP HEIGHT="46" WIDTH="25" VPOS="3433" HPOS="513"/>
<String CS="1" CONTENT="1927;" HEIGHT="40" WIDTH="115" VPOS="3432" HPOS="539"/>
<SP/>
<String CS="1" CONTENT="1c."/>
<SP/>
<String CONTENT="Feb." HEIGHT="40" WIDTH="112" VPOS="3432" HPOS="803"/>
<SP HEIGHT="40" WIDTH="23" VPOS="3432" HPOS="916"/>
<String CONTENT="24," HEIGHT="50" WIDTH="70" VPOS="3431" HPOS="940"/>
<SP HEIGHT="47" WIDTH="25" VPOS="3433" HPOS="1011"/>
<String CS="1" CONTENT="1928;" HEIGHT="41" WIDTH="115" VPOS="3432" HPOS="1037"/>
<SP HEIGHT="47" WIDTH="26" VPOS="3432" HPOS="1179"/>
<!-- cceid 26132159-6CB2-1014-A20E-B9D6251C946A --><String CONTENT="A&#8212;Foreign" HEIGHT="48" WIDTH="314" VPOS="3432" HPOS="1206"/>
<SP HEIGHT="42" WIDTH="23" VPOS="3431" HPOS="1521"/>
<String CS="1" CONTENT="37663;" HEIGHT="41" WIDTH="143" VPOS="3431" HPOS="1545"/>
<SP HEIGHT="47" WIDTH="29" VPOS="3432" HPOS="1717"/>
<String CONTENT="Gaston" HEIGHT="40" WIDTH="185" VPOS="3432" HPOS="1747"/>
<SP HEIGHT="38" WIDTH="24" VPOS="3433" HPOS="1933"/>
<String CONTENT="Doin" HEIGHT="40" WIDTH="130" VPOS="3433" HPOS="1958"/>
<SP HEIGHT="40" WIDTH="25" VPOS="3434" HPOS="2089"/>
<String CONTENT="&amp;" HEIGHT="39" WIDTH="36" VPOS="3434" HPOS="2115"/>
<SP HEIGHT="39" WIDTH="22" VPOS="3434" HPOS="2152"/>
<String CONTENT="cie." HEIGHT="41" WIDTH="87" VPOS="3433" HPOS="2175"/>
</TextLine>
<TextLine HEIGHT="50" WIDTH="280" VPOS="3487" HPOS="345" LANG="en-US">
<String CONTENT="(28-19943)" HEIGHT="50" WIDTH="280" VPOS="3487" HPOS="345"/>
</TextLine>
<TextLine HEIGHT="68" WIDTH="1207" VPOS="3579" HPOS="266" STYLEREFS="StyleId-233113FC-0134-4228-AE87-927AF86D9526-" LANG="en-US">
<String CONTENT="Edward," HEIGHT="64" WIDTH="273" VPOS="3580" HPOS="266"/>
<SP HEIGHT="62" WIDTH="32" VPOS="3581" HPOS="539"/>
<String CONTENT="Napoleon" HEIGHT="63" WIDTH="303" VPOS="3581" HPOS="571"/>
<SP HEIGHT="50" WIDTH="33" VPOS="3583" HPOS="874"/>
<String CONTENT="Bonaparte," HEIGHT="64" WIDTH="359" VPOS="3582" HPOS="907"/>
<SP HEIGHT="57" WIDTH="36" VPOS="3587" HPOS="1266"/>
<String CONTENT="1882-" HEIGHT="50" WIDTH="171" VPOS="3586" HPOS="1302"/>
</TextLine>
<TextLine HEIGHT="77" WIDTH="1939" VPOS="3655" HPOS="331" STYLEREFS="StyleId-233113FC-0134-4228-AE87-927AF86D9526-" LANG="en-US">
<String CONTENT="Lyrics" HEIGHT="69" WIDTH="203" VPOS="3658" HPOS="331"/>
<SP HEIGHT="35" WIDTH="56" VPOS="3677" HPOS="535"/>
<String CONTENT="of" HEIGHT="54" WIDTH="64" VPOS="3658" HPOS="592"/>
<SP HEIGHT="54" WIDTH="53" VPOS="3658" HPOS="657"/>
<String CONTENT="the" HEIGHT="53" WIDTH="95" VPOS="3660" HPOS="711"/>
<SP HEIGHT="52" WIDTH="59" VPOS="3661" HPOS="807"/>
<String CONTENT="lowly," HEIGHT="69" WIDTH="189" VPOS="3660" HPOS="867"/>
<SP HEIGHT="67" WIDTH="55" VPOS="3660" HPOS="1057"/>
<String CONTENT="by" HEIGHT="69" WIDTH="77" VPOS="3660" HPOS="1113"/>
<SP HEIGHT="68" WIDTH="57" VPOS="3661" HPOS="1191"/>
<String CONTENT="Napoleon" HEIGHT="68" WIDTH="298" VPOS="3660" HPOS="1249"/>
<SP HEIGHT="50" WIDTH="59" VPOS="3663" HPOS="1548"/>
<String CONTENT="Bonaparte" HEIGHT="66" WIDTH="330" VPOS="3663" HPOS="1608"/>
<SP HEIGHT="51" WIDTH="56" VPOS="3663" HPOS="1939"/>
<String CONTENT="Edward." HEIGHT="53" WIDTH="274" VPOS="3662" HPOS="1996"/>
</TextLine>
<TextLine HEIGHT="72" WIDTH="723" VPOS="3735" HPOS="269" STYLEREFS="StyleId-233113FC-0134-4228-AE87-927AF86D9526-" LANG="en-US" CS="1">
<String CONTENT="[Jackson," HEIGHT="69" WIDTH="286" VPOS="3736" HPOS="269"/>
<SP HEIGHT="66" WIDTH="30" VPOS="3738" HPOS="556"/>
<String CONTENT="Tenn.," HEIGHT="66" WIDTH="196" VPOS="3738" HPOS="587"/>
<SP HEIGHT="60" WIDTH="32" VPOS="3744" HPOS="784"/>
<String STYLE="superscript" CS="1" CONTENT="&#7580;1"/>
<String CONTENT="928]" HEIGHT="66" WIDTH="118" VPOS="3740" HPOS="874"/>
</TextLine>
<TextLine HEIGHT="51" WIDTH="271" VPOS="3818" HPOS="335" LANG="en-US" CS="1">
<String CONTENT="124" HEIGHT="42" WIDTH="85" VPOS="3818" HPOS="335"/>
<SP HEIGHT="48" WIDTH="24" VPOS="3820" HPOS="421"/>
<String CONTENT="p." HEIGHT="37" WIDTH="43" VPOS="3831" HPOS="446"/>
<SP HEIGHT="40" WIDTH="58" VPOS="3820" HPOS="490"/>
<String CS="1" CONTENT="16&#189;" HEIGHT="40" WIDTH="27" VPOS="3820" HPOS="579"/>
<String STYLE="superscript" CS="1" CONTENT="&#7580;&#7504;."/>
</TextLine>
<TextLine HEIGHT="62" WIDTH="1994" VPOS="3882" HPOS="273" LANG="en-US" CS="1">
<String CONTENT="&#169;" HEIGHT="52" WIDTH="52" VPOS="3886" HPOS="273"/>
<SP HEIGHT="52" WIDTH="23" VPOS="3886" HPOS="326"/>
<String CONTENT="July" HEIGHT="49" WIDTH="116" VPOS="3889" HPOS="350"/>
<SP HEIGHT="46" WIDTH="24" VPOS="3891" HPOS="467"/>
<String CONTENT="10," HEIGHT="47" WIDTH="67" VPOS="3890" HPOS="492"/>
<SP HEIGHT="45" WIDTH="26" VPOS="3892" HPOS="560"/>
<String CONTENT="1928;" HEIGHT="46" WIDTH="140" VPOS="3890" HPOS="587"/>
<SP HEIGHT="45" WIDTH="25" VPOS="3891" HPOS="728"/>
<String CONTENT="2c." HEIGHT="40" WIDTH="67" VPOS="3891" HPOS="754"/>
<SP HEIGHT="30" WIDTH="24" VPOS="3901" HPOS="822"/>
<String CONTENT="and" HEIGHT="38" WIDTH="95" VPOS="3893" HPOS="847"/>
<SP HEIGHT="39" WIDTH="24" VPOS="3892" HPOS="943"/>
<String CONTENT="aff." HEIGHT="41" WIDTH="82" VPOS="3891" HPOS="968"/>
<SP HEIGHT="40" WIDTH="25" VPOS="3892" HPOS="1051"/>
<String CONTENT="July" HEIGHT="47" WIDTH="116" VPOS="3892" HPOS="1077"/>
<SP HEIGHT="46" WIDTH="23" VPOS="3893" HPOS="1194"/>
<String CONTENT="14;" HEIGHT="45" WIDTH="83" VPOS="3893" HPOS="1218"/>
<SP HEIGHT="46" WIDTH="27" VPOS="3892" HPOS="1302"/>
<!-- cceid 2613783B-6CB2-1014-A20E-B9D6251C946A --><String CONTENT="A" HEIGHT="39" WIDTH="41" VPOS="3892" HPOS="1330"/>
<SP HEIGHT="39" WIDTH="23" VPOS="3892" HPOS="1372"/>
<String CS="1" CONTENT="1083303;" HEIGHT="42" WIDTH="202" VPOS="3891" HPOS="1396"/>
<SP HEIGHT="45" WIDTH="28" VPOS="3893" HPOS="1627"/>
<String LANG="fr" CONTENT="N." HEIGHT="40" WIDTH="55" VPOS="3893" HPOS="1656"/>
<SP HEIGHT="39" WIDTH="27" VPOS="3894" HPOS="1712"/>
<String CONTENT="B." HEIGHT="39" WIDTH="53" VPOS="3894" HPOS="1740"/>
<SP HEIGHT="38" WIDTH="26" VPOS="3895" HPOS="1794"/>
<String CONTENT="Edward," HEIGHT="47" WIDTH="224" VPOS="3894" HPOS="1821"/>
<SP HEIGHT="47" WIDTH="30" VPOS="3894" HPOS="2046"/>
<String CONTENT="Prairie" HEIGHT="42" WIDTH="190" VPOS="3892" HPOS="2077"/>
</TextLine>
<TextLine HEIGHT="59" WIDTH="1509" VPOS="3942" HPOS="342" LANG="en-US">
<String CONTENT="View," HEIGHT="51" WIDTH="148" VPOS="3945" HPOS="342"/>
<SP HEIGHT="48" WIDTH="28" VPOS="3947" HPOS="491"/>
<String CONTENT="Tex." HEIGHT="42" WIDTH="114" VPOS="3947" HPOS="520"/>
<SP HEIGHT="30" WIDTH="63" VPOS="3967" HPOS="635"/>
<String CONTENT="[&#169;" HEIGHT="53" WIDTH="69" VPOS="3944" HPOS="699"/>
<SP HEIGHT="52" WIDTH="29" VPOS="3944" HPOS="769"/>
<String CONTENT="revision" HEIGHT="42" WIDTH="211" VPOS="3947" HPOS="799"/>
<SP HEIGHT="30" WIDTH="29" VPOS="3959" HPOS="1011"/>
<String CONTENT="and" HEIGHT="40" WIDTH="95" VPOS="3949" HPOS="1041"/>
<SP HEIGHT="40" WIDTH="29" VPOS="3949" HPOS="1137"/>
<String CONTENT="new" HEIGHT="29" WIDTH="107" VPOS="3960" HPOS="1167"/>
<SP HEIGHT="29" WIDTH="27" VPOS="3960" HPOS="1275"/>
<String CONTENT="matter]" HEIGHT="47" WIDTH="194" VPOS="3951" HPOS="1303"/>
<SP HEIGHT="49" WIDTH="72" VPOS="3949" HPOS="1498"/>
<String CONTENT="(28-20175)" HEIGHT="50" WIDTH="280" VPOS="3948" HPOS="1571"/>
</TextLine>
</TextBlock>
</PrintSpace>
</Page>
</Layout>
</alto>