2498 4384
1284 4062 103 50 936

405 499 309 41 Cover-title:
751 499 150 40 Notes
934 501 96 38 and
1063 499 216 48 pictures
1314 499 52 40 of
1399 499 211 48 Boston;
1647 499 204 41 historic
1885 499 193 41 shrines
2113 500 53 40 of
331 501 1988 103 Cambridge,

544 555 284 48 Lexington,
861 555 230 48 Concord,
1126 556 175 47 Salem,
1333 556 275 46 Plymouth.

402 611 237 42 Contains
667 611 304 49 advertising
999 615 194 41 matter.

404 669 238 40 “Revised
669 669 229 41 edition.”

333 723 51 52 ©
412 728 115 46 May
550 726 68 48 29,
777 737 8 36 1928;
813 727 67 41 2c.
905 728 96 38 and
1026 726 83 42 aff.
1134 727 130 39 June
1286 727 52 46 1;
1366 726 41 40 A
1431 726 231 48 1077777;
1691 727 50 41 C.
1768 728 52 41 F.
1849 727 172 49 Smith,
2048 729 199 39 Boston.

413 783 281 50 (28-15600)

330 877 216 63 Smith,
582 877 223 53 Robert
838 877 265 63 Metcalf,
1142 881 171 49 1886-
1496 879 84 52 ed.

456 954 1878 70 … Types of world tragedy, edited by Robert Metcalf Smith
385 1032 1281 69 … New York, Prentice-Hall, inc., 1928.
391 1116 1375 49 viii p., 1 l., 667 p. 19½ᶜᵐ. (World drama series)
662 1204 8 7 CONTENTS.
687 1194 62 5 —
828 1173 143 48 Œdipus
1017 1174 82 39 the
1144 1172 131 49 king,
1320 1174 61 47 by
1429 1173 272 48 Sophocles,
1745 1174 276 40 translated
2067 1175 61 47 by
2174 1177 53 39 E.
2270 1176 63 40 H.

322 1230 516 48 Plumptre.—Medea,
875 1230 62 47 by
973 1228 276 49 Euripides,
1288 1230 275 40 translated
1600 1230 103 40 into
1742 1230 204 48 English
1980 1241 140 30 verse
2155 1232 62 47 by
2256 1232 77 41 Sir

323 1287 189 40 Gilbert
564 1286 500 47 Murray.—Phædra,
1113 1286 62 47 by
1225 1287 126 39 Jean
1401 1286 198 48 Racine,
1651 1287 275 39 translated
1975 1286 105 41 into
2130 1287 204 48 English

322 1344 150 39 blank
512 1353 138 30 verse
690 1343 61 47 by
792 1343 181 39 Robert
1016 1343 158 39 Bruce
1212 1342 496 48 Boswell.—Othello,
1749 1344 83 39 the
1873 1344 137 39 Moor
2049 1344 53 39 of
2147 1345 184 48 Venice,

322 1400 62 47 by
432 1399 218 41 William
701 1399 349 48 Shakespeare.
1068 1422 60 5 —
1144 1398 103 41 The
1295 1398 158 47 Cenci,
1502 1400 62 47 by
1613 1400 153 46 Percy
1814 1400 188 47 Bysshe
2051 1400 282 48 Shelley.—

324 1457 193 46 Ghosts,
571 1457 62 47 by
684 1456 192 39 Henrik
929 1456 158 39 Ibsen.
1102 1478 60 5 —
1179 1455 103 40 The
1334 1465 232 38 weavers,
1619 1456 61 47 by
1734 1456 212 40 Gerhart
1997 1457 335 48 Hauptmann,

323 1514 275 39 translated
632 1512 129 40 from
797 1513 83 39 the
915 1512 212 40 German
1162 1511 62 48 by
1259 1513 142 46 Mary
1433 1511 396 42 Morison.—The
1863 1514 150 39 lower
2048 1514 189 47 depths,
2272 1514 60 47 by

324 1569 185 40 Maxim
540 1568 163 49 Gorki,
734 1569 275 40 translated
1039 1569 82 46 by.
1131 1569 72 38 Ed
1208 1567 97 41 win
1335 1568 239 48 Hopkins.

333 1622 51 52 ©
416 1627 127 40 June
570 1626 39 47 1,
639 1626 142 46 1928;
811 1626 68 40 2c.
908 1625 96 39 and
1033 1623 83 42 aff.
1146 1624 132 41 June
1303 1624 82 47 18;
1417 1624 41 39 A
1485 1624 229 47 1077870;
1748 1625 379 49 Prentice-Hall,
2157 1625 91 42 inc.

415 1682 282 49 (28-15614)

388 1774 1948 70 … South eastern reporter digest. [Virginia ed.] Including
399 1874 151 34 cases
581 1855 267 68 reported
879 1856 59 51 in
972 1854 136 52 vols.
1145 1856 241 49 126-140
1422 1852 183 55 South
1638 1859 221 47 eastern
1891 1859 276 63 reporter,
2202 1858 136 48 141-

404 1932 1934 69 148, 149† Virginia reports, and also … state reports … with
396 2009 1936 70 table of statutes construed … Edited by the editorial stall
397 2088 1911 149 of the American digest system … St. Paul, West publishing co., 1928.
398 2251 70 48 iii,
501 2250 128 49 1198,
662 2250 55 40 13
748 2262 44 37 p.
854 2249 118 42 26ᶜᵐ.

333 2304 51 52 ©
412 2309 115 46 May
552 2308 69 47 14,
648 2306 140 47 1928;
818 2307 67 40 2c.
912 2308 97 38 and
1035 2306 83 41 aff.
1146 2306 131 40 June
1301 2306 82 48 15;
1413 2307 41 39 A
1480 2306 231 49 1082076;
1741 2308 137 41 West
1904 2309 109 48 pub.
2042 2319 67 31 co.

326 2418 233 62 Stokes,
590 2418 63 51 F.
683 2418 82 61 T.,
796 2436 178 34 comp.

398 2496 241 52 Hohner
694 2495 299 67 improved
1046 2495 332 52 harmonica
1431 2501 173 46 tutor.
1681 2496 373 69 Elementary
2106 2498 227 52 section.

323 2574 261 65 London,
618 2573 120 52 The
771 2573 355 52 Harmonica
1161 2573 165 68 guild
1367 2575 171 65 [1928]

397 2657 59 38 24
495 2668 43 36 p.
599 2655 144 49 illus.,
785 2655 180 49 diagrs.
1023 2655 117 42 22ᶜᵐ.

403 2712 297 41 Cover-title.

331 2765 2001 56 © 1c. June 30, 1928; A ad int. 11371; pubd. June 29; Harmonica guild.
328 2877 369 64 Swanljung,
730 2877 323 63 Christian,
1090 2882 172 48 1893-

392 2955 137 52 Men
571 2955 112 52 and
724 2960 296 63 monsters,
1059 2955 77 68 by
1178 2955 297 54 Christian
1519 2957 360 70 Swanljung,
1920 2959 58 52 in
323 2960 1986 125 collaboration
485 3033 140 52 with
664 3033 186 52 Lewis
891 3032 246 55 Stanton
1174 3034 209 67 Palen;
1423 3035 141 52 with
1603 3054 33 34 a
1673 3037 249 67 portrait
1960 3038 114 52 and
2112 3057 31 33 a
2181 3057 150 50 map.

322 3111 261 67 London,
614 3110 156 54 John
801 3110 158 53 Lane
993 3113 172 65 [1928]

393 3193 1361 50 xix, 315 p. incl. front. (port.) fold. map. 19½ᶜᵐ.
393 3251 103 39 The
523 3249 220 41 author’s
772 3249 310 48 experiences
1108 3249 51 41 in
1188 3250 189 41 Siberia
1405 3252 178 48 during
1611 3253 82 40 the
1719 3264 116 30 war.

334 3302 1997 54 © 1c. Apr. 14, 1928; A ad int. 11066; pubd. Feb. 17; Lewis Stanton
401 3364 165 46 Palen,
595 3363 130 39 Juan
751 3363 92 39 Les
870 3362 129 48 Pins,
1028 3363 200 41 France.
1299 3363 282 51 (28-16112)

331 3440 196 62 Teter,
560 3441 202 62 Betty.

394 3518 124 52 The
546 3522 277 64 tapestry,
851 3518 76 69 by
959 3520 176 68 Betty
1164 3520 186 53 Teter.
1419 3521 330 71 Cleveland,
1779 3524 123 53 The
1932 3525 146 53 Tom
2106 3526 227 53 Thumb

325 3614 176 49 press,
533 3598 151 50 1928.

393 3679 29 39 4
450 3689 44 37 p.
522 3680 45 45 l.,
597 3678 56 41 15
681 3690 44 37 p.
785 3679 117 42 19ᶜᵐ.

397 3735 94 40 “Of
529 3735 98 41 this
666 3735 109 41 first
812 3735 185 42 edition
1036 3738 137 40 there
1212 3738 126 41 have
1376 3739 118 40 been
1531 3740 194 48 printed
1764 3741 93 41 five
1896 3742 223 42 hundred
2156 3743 175 50 copies,

324 3791 53 40 of
406 3791 160 40 which
597 3791 98 41 this
727 3791 42 41 is
800 3794 203 39 number
1032 3793 130 41 251.”

395 3847 186 41 Poems.

338 3899 51 52 ©
416 3903 128 40 June
567 3903 70 49 15,
663 3903 140 48 1928;
831 3906 67 40 2c.
926 3906 127 42 June
1077 3905 82 47 19;
1188 3906 84 42 aff.
1299 3907 127 40 June
1451 3907 81 48 18;
1561 3908 41 40 A
1628 3908 230 50 1082112;
1889 3911 147 49 Flory
2064 3912 37 41 &
2126 3911 205 50 Korner,

409 3959 262 43 Cleveland
696 3961 222 50 Heights,
945 3963 51 42 O.
1070 3963 283 51 (28-15504)
