2498 4384
1283 4082 134 49 1536

320 446 273 63 Holman,
625 445 252 55 Russell.

393 525 124 53 The
553 525 173 53 fleet’s
765 525 59 52 in
844 525 10 52 !
934 525 310 52 Novelized
1282 524 74 69 by
1393 524 227 52 Russell
1657 524 274 66 Holman,
1968 523 172 54 based
2178 541 154 51 upon

323 602 98 54 the
451 602 217 53 motion
701 602 223 68 picture
955 602 254 69 starring
1243 601 172 54 Clara
1449 602 159 65 Bow,
1641 621 31 33 a
1704 602 358 52 Paramount
2095 602 239 67 picture,

324 678 1987 148 illustrated with scenes from the photoplay. New York, Grosset & Dunlap [ ᶜ1 928]
396 842 65 47 ix,
488 842 86 40 278
603 852 42 37 p.
706 841 163 47 front.,
900 842 172 47 plates.
1134 840 147 41 19½ᶜᵐ.

333 908 52 51 ©
414 912 101 40 Oct.
540 912 69 47 12,
636 912 114 40 1928;
804 912 69 40 2c.
898 912 95 39 and
1020 910 82 42 aff.
1130 911 104 40 Oct.
1261 911 54 39 15;
1371 910 42 39 A
1437 910 203 40 1053992;
1697 910 200 41 Grosset
1923 910 37 40 &
1987 910 198 47 Dunlap
2211 920 67 29 co.

410 968 283 49 (28-23536)

325 1077 161 64 Holt,
519 1076 241 63 Harold,
796 1081 169 49 1886-

398 1152 1941 71 Building the city of God, by Harold Holt … a discussion
327 1231 1988 148 book on social service. Milwaukee, Wis., Morehouse publishing co. [ ᶜ1 928]
436 1426 9 16 x,
478 1394 99 48 131,
612 1394 54 49 [1]
702 1404 42 37 p.
806 1394 116 40 19ᶜᵐ.

401 1464 381 48 Bibliography:
817 1474 42 37 p.
912 1463 235 49 [127]-131.

338 1530 51 52 ©
420 1534 102 40 Oct.
548 1534 41 47 3,
614 1532 116 40 1928;
784 1534 68 39 2c.
880 1533 97 39 and
1004 1532 82 40 aff.
1116 1532 103 41 Oct.
1247 1532 29 40 8;
1328 1532 39 39 A
1396 1532 204 40 1053806;
1658 1533 292 40 Morehouse
1973 1533 112 48 pub.
2113 1545 67 28 co.

415 1591 281 50 (28-23433)

331 1701 214 62 Hume,
584 1698 223 53 Robert
845 1699 239 63 Ernest,
1124 1718 179 51 comp.

407 1777 56 52 A
500 1795 364 50 programme
903 1776 64 53 of
1004 1777 153 68 joint
1193 1777 271 67 worship,
1503 1776 315 69 consisting
1856 1776 64 53 of
1958 1795 268 50 passages
337 1796 1984 112 selected

555 1854 152 53 from
742 1855 96 52 the
873 1855 196 52 sacred
1105 1855 310 67 scriptures
1452 1854 64 53 of
1550 1855 98 52 the
1680 1855 187 69 living
1901 1855 239 53 historic
337 1856 1984 145 religions,
530 1934 114 52 and

694 1934 284 67 arranged
1030 1952 59 33 as
1139 1952 72 32 an
1263 1933 342 68 antiphonal
1656 1934 230 66 service,
1937 1934 284 67 compiled
2271 1935 76 67 by

337 2012 219 52 Robert
586 2012 66 52 E.
684 2012 208 52 Hume.
960 2011 260 67 London,
1255 2010 269 68 Simpkin
1556 2012 301 67 Marshall,
1889 2012 104 52 ltd.
2054 2014 152 65 [1928]

408 2095 57 40 23
492 2105 43 37 p.
589 2095 148 39 23½ᶜᵐ.

413 2163 297 41 Cover-title.

343 2230 2006 53 © 1c. Nov. 12, 1928; A ad int. 11892; pubd. Sept. 13; K. E. Hume. New
412 2291 145 41 York.

339 2384 218 64 Kraus,
587 2383 272 65 Michael,
895 2389 169 50 1901-

412 2463 410 52 Intercolonial
856 2470 219 60 aspects
1107 2464 64 52 of
1206 2464 307 52 American
1546 2465 221 53 culture
1797 2484 69 33 on
1901 2465 97 53 the
2030 2483 99 35 eve
2161 2465 64 53 of
2255 2465 97 53 the

342 2540 339 68 revolution,
722 2541 141 52 with
905 2541 212 68 special
1159 2541 288 54 reference
1487 2548 58 46 to
1585 2543 97 52 the
1720 2543 275 53 northern
2036 2550 201 60 towns,
2278 2543 74 69 by

341 2617 248 54 Michael
617 2618 212 66 Kraus,
944 2662 8 8 PH.
1021 2661 9 9 D.
1107 2619 140 52 New
1277 2619 179 68 York,
1487 2619 300 54 Columbia
1815 2620 321 70 university
2165 2640 184 49 press;

342 2696 259 68 London,
631 2697 64 52 P.
731 2695 56 55 S.
819 2695 162 70 King
1012 2699 44 49 &
1087 2715 118 49 son,
1235 2697 122 68 ltd.,
1391 2699 151 51 1928.

410 2780 86 40 251
538 2791 43 37 p.
641 2779 117 41 23ᶜᵐ.
829 2779 302 47 (Half-title:
1171 2780 196 40 Studies
1409 2780 47 40 in
1499 2781 203 47 history,
1744 2782 269 40 economics
2054 2783 93 41 and
2193 2783 158 47 public

343 2837 108 46 law,
494 2838 73 38 ed.
610 2837 61 47 by
714 2837 81 39 the
839 2836 205 48 Faculty
1088 2836 51 40 of
1182 2837 220 47 political
1444 2837 187 40 science
1673 2838 51 40 of
1767 2833 252 46 Columbia
2066 2833 286 55 university,

343 2903 76 31 no.
450 2893 110 47 302)

416 2963 263 40 Published
713 2964 103 39 also
848 2973 54 30 as
934 2964 153 39 thesis
1116 2963 108 47 (PH.
1291 2963 33 47 D.)
1367 2963 252 41 Columbia
1652 2965 286 48 university,
1970 2966 116 40 1928

417 3020 133 40 “List
584 3020 52 40 of
668 3019 352 41 authorities”:
1059 3031 41 36 p.
1135 3020 218 39 227-244.

349 3086 52 51 ©
430 3090 116 47 July
574 3090 68 46 12,
672 3089 114 41 1928;
842 3090 68 39 2c.
942 3090 127 47 Sept.
1099 3089 55 40 18;
1213 3089 83 41 aff.
1329 3089 128 48 Sept.
1487 3090 55 40 19;
1600 3091 41 38 A
1669 3091 203 40 1054555;
1933 3093 62 41 M.
2026 3093 180 47 Kraus,
2236 3093 118 40 New

416 3146 145 40 York.
630 3146 281 49 (28-23641)

344 3241 86 52 La
462 3241 203 63 Gorce,
698 3240 203 53 Pierre
935 3241 282 52 François
1252 3241 265 53 Gustave
1551 3242 89 54 de.

420 3318 1874 71 La Restauration. [ t. 2] Charles x, par Pierre de La Gorce …
348 3397 912 67 Paris, Librairie Plon [ ᶜ1 928 ]
418 3480 617 47 2 p. l. , 342 p., 1 l. 20ᶜᵐ.
351 3546 1783 54 © May 1, 1928; 1c. June 26; A—Foreign 39325; Librairie Plon.
347 3658 261 64 Landon,
642 3658 283 65 Herman,
963 3663 170 50 1882-

419 3736 239 52 Murder
714 3737 278 66 mansion,
1049 3737 75 69 by
1178 3739 260 51 Herman
1494 3739 259 53 Landon.
1847 3741 138 51 New
2044 3741 182 67 York,
2282 3742 76 52 H.

351 3814 318 69 Liveright,
699 3818 148 49 1928.

421 3896 708 49 vi p., 1 l. , 9-302 p. 19½ᶜᵐ.
358 3963 52 52 ©
447 3967 102 41 Oct.
584 3967 39 48 6,
657 3967 118 41 1928;
836 3968 67 42 2c.
940 3968 102 42 Oct.
1078 3968 51 48 9;
1169 3968 82 42 aff.
1290 3969 101 41 Oct.
1428 3969 81 43 12;
1547 3969 42 40 A
1623 3969 230 49 1053924;
1891 3971 61 42 H.
1990 3971 215 48 Landon,
2242 3971 119 40 New

426 4025 144 40 York.
638 4025 281 49 (28-23461)
