2498 4384
1129 4112 134 49 1915

241 521 1142 52 ix, 410 p. incl. illus., tables, diagrs. 23 ᶜᵐ .
1452 519 296 42 (Industrial
1778 518 235 41 chemical
169 528 1985 102 monographs)
529 579 130 50 $4.50

242 651 349 41 “References”:
651 661 44 38 p.
724 650 218 41 395-396.

174 717 51 53 ©
252 722 118 40 Nov.
397 723 39 42 7,
463 721 84 40 1928;
632 721 68 40 2c.
726 721 118 39 Nov.
872 721 81 46 19;
984 720 82 41 aff.
1093 720 119 40 Nov.
1240 719 83 47 27;
1353 719 41 39 A
1421 718 112 40 1941;
1594 718 57 39 D.
1679 717 105 40 Van
1812 715 250 41 Nostrand
2091 725 82 37 co.,

241 779 90 40 inc.
401 777 281 50 (28-29707)

170 872 479 53 Massachusetts
679 875 104 49 tax
814 871 262 63 clearing
1107 871 204 63 house,
1343 872 235 52 Boston.

238 949 445 52 Massachusetts
715 954 99 46 tax
847 948 212 53 refund
1090 948 309 66 securities,
1431 946 220 53 revised
1684 951 58 47 to
1775 944 333 69 September
2133 946 46 65 1,

177 1025 1854 68 1928 … Boston, Massachusetts tax clearing house [ᶜ1928]
240 1107 1110 49 cover-title, 1 p. l., 58 p. 23½ᶜᵐ. $2.00
244 1180 128 38 “The
409 1179 257 40 securities
704 1179 144 39 listed
887 1178 49 39 in
975 1179 99 39 this
1112 1180 194 38 booklet
1343 1178 198 39 contain
1580 1188 61 29 an
1683 1179 277 46 agreement
1997 1177 60 46 by
2098 1177 81 39 the

171 1236 171 40 debtor
383 1236 311 47 corporation
739 1237 47 37 to
831 1235 174 39 refund
1051 1236 81 38 the
1176 1235 390 39 Massachusetts
1610 1234 184 39 income
1838 1236 86 37 tax
1968 1236 46 36 to
172 1232 1990 99 individual
373 1292 242 39 residents

648 1292 52 38 of
734 1291 772 40 Massachusetts.”—Foreword.

177 1344 52 52 ©
260 1349 129 47 Sept.
418 1349 67 46 15,
515 1348 114 39 1928;
686 1348 68 41 2c.
783 1349 94 38 and
909 1348 83 40 aff.
1021 1348 118 40 Nov.
1168 1348 84 42 23;
1286 1348 37 38 A
1353 1347 111 46 812;
1498 1347 388 40 Massachusetts
1916 1348 87 38 tax
244 1346 1919 107 clearing
353 1406 164 39 house.
585 1405 281 48 (28-29717)

171 1498 272 64 Melville,
476 1499 283 63 Herman,
795 1503 326 50 1819-1891.

243 1575 383 69 Moby-Dick;
668 1594 80 49 or,
786 1576 121 52 The
945 1576 199 55 whale,
1182 1576 76 69 by
1295 1576 261 53 Herman
1592 1576 276 66 Melville,
1906 1574 279 68 abridged

174 1654 112 53 and
319 1653 190 54 edited
542 1654 139 52 with
714 1673 73 33 an
819 1654 409 67 introduction,
1259 1662 177 59 notes,
1468 1655 114 52 and
1614 1654 289 67 exercises,
1934 1653 75 68 by
173 1652 1988 132 William

359 1730 1827 71 S. Ament … illustrated by Sears Gallagher. Boston,
175 1810 139 53 New
348 1809 164 53 York
549 1815 138 62 [etc.]
727 1808 157 56 Ginn
915 1811 109 51 and
1061 1827 283 51 company
1384 1813 193 64 [ᶜ1928]

244 1892 186 49 xxxvii,
467 1893 87 40 474
590 1904 43 37 p.
670 1892 111 41 incl.
818 1893 136 39 front.
997 1893 173 48 (port.)
1214 1893 131 40 illus.
1421 1893 146 40 17½ᶜᵐ.
1653 1892 274 48 (Standard
1980 1892 202 48 English

175 1950 224 47 classics)

248 2006 249 41 “Selected
526 2005 84 41 list
642 2006 51 39 of
724 2016 82 29 sea
838 2004 204 41 stories”:
1106 2016 43 37 p.
1178 2004 375 41 xxxvi-xxxvii.

249 2064 128 39 “The
407 2063 107 40 best
544 2063 148 40 books
722 2062 52 41 of
803 2063 82 39 the
916 2061 111 41 sea”:
1088 2072 42 37 p.
1160 2061 188 40 xxxvii.

181 2115 52 52 ©
263 2120 119 40 Nov.
413 2119 69 48 15,
512 2119 115 41 1928;
685 2117 69 42 2c.
784 2119 113 40 Dec.
928 2118 25 40 5;
1014 2117 82 41 aff.
1127 2118 115 40 Dec.
1273 2118 25 40 3;
1360 2118 42 38 A
1431 2117 85 40 973;
1579 2117 128 40 Ginn
1738 2117 36 40 &
1804 2128 68 30 co.

1936 2113 69 54 [©
251 2116 1918 107 introduction,
495 2177 151 46 notes,
677 2174 255 48 exercises,
965 2175 96 38 and
1092 2174 351 48 abridgement]
1516 2172 283 49 (28-29730)

182 2271 209 63 Miller,
425 2270 192 53 David
649 2271 253 63 Hunter,
938 2270 171 54 1875-

251 2352 122 52 The
415 2368 169 51 peace
626 2357 133 62 pact
802 2349 65 55 of
908 2350 197 66 Paris;
1152 2369 31 35 a
1226 2349 174 71 study
1444 2349 64 55 of
1549 2350 97 54 the
1688 2348 506 71 Briand-Kellogg

182 2434 204 66 treaty,
422 2431 76 67 by
533 2429 194 54 David
765 2429 231 53 Hunter
1031 2428 214 54 Miller.
1320 2429 140 52 New
1499 2428 181 70 York,
1717 2429 261 68 London,
2017 2427 70 56 G.
2124 2429 68 54 P.

179 2508 298 55 Putnam’s
513 2527 146 50 sons,
699 2511 150 50 1928.

249 2590 80 48 vii,
360 2590 86 40 287
473 2600 44 38 p.
577 2590 147 40 22½ᶜᵐ.

185 2644 52 52 ©
265 2649 119 39 Nov.
412 2647 69 49 28,
509 2647 115 41 1928;
680 2648 68 40 2c.
777 2648 96 38 and
900 2646 84 42 aff.
1011 2648 119 40 Nov.
1157 2647 59 40 30;
1272 2647 42 39 A
1340 2647 116 40 2002;
1515 2647 58 41 D.
1603 2648 61 39 H.
1694 2647 175 49 Miller,
1899 2648 118 40 New
2045 2648 147 41 York.

263 2704 282 50 (28-29622)

181 2799 284 64 Mullany,
502 2799 331 53 Katherine
870 2800 277 54 Frances.

181 2876 1991 133 Teresa of Avila, the woman; a study, by Katherine F. Mullany … New
715 2956 165 52 York
931 2957 113 51 and
1099 2955 350 68 Cincinnati,
1499 2957 313 51 Frederick
1860 2958 203 52 Pustet
2114 2975 80 35 co.

191 3035 164 69 (inc.)
401 3038 151 49 1929.

253 3116 850 49 ix, 115 p. front. (port.) 17 ᶜᵐ .
254 3175 265 40 Published
547 3174 127 40 1928.

190 3229 52 51 ©
270 3233 119 39 Nov.
417 3233 69 45 27,
516 3232 116 39 1928;
687 3232 68 40 2c.
784 3232 95 39 and
908 3230 83 42 aff.
1018 3231 119 41 Nov.
1166 3229 84 48 30;
1283 3231 39 39 A
1351 3231 111 47 886;
1495 3232 263 40 Frederick
1788 3233 174 39 Pustet
1991 3243 81 37 co.,
2103 3232 92 41 inc.

266 3288 282 50 (28-29788)

190 3384 372 64 Mullowney,
590 3383 156 53 John
773 3383 222 64 James,
1027 3383 172 55 1878-

257 3463 122 52 The
414 3480 191 50 power
640 3461 65 53 of
737 3462 276 69 thought;
1053 3481 32 33 a
1120 3462 171 53 series
1326 3460 65 55 of
1426 3462 221 68 simple,
1684 3462 162 68 plain
1882 3463 114 53 and
186 3481 1985 112 practical
358 3541 213 52 lessons

606 3559 73 34 on
714 3541 95 51 the
846 3559 192 49 power
1074 3539 65 54 of
1172 3540 268 69 thought,
1476 3559 64 33 or
1576 3540 162 69 right
1772 3540 293 70 thinking,
2101 3543 96 52 the

189 3618 185 69 object
403 3618 173 69 being
605 3624 59 47 to
696 3619 155 52 show
883 3637 112 49 you
1026 3619 129 51 how
1187 3623 60 48 to
1281 3618 227 68 acquire
1541 3619 221 52 control
1795 3617 67 54 of
1891 3636 145 52 your
190 3619 1983 130 hidden

336 3697 215 52 mental
590 3697 272 68 energies,
901 3716 59 33 so
1002 3715 61 34 as
1101 3701 59 48 to
1201 3697 72 52 do
1314 3697 96 52 the
1449 3697 171 69 thing
1657 3714 113 51 you
1811 3703 155 47 want
2005 3703 60 48 to
2106 3699 91 67 do,

189 3775 69 52 be
286 3775 96 52 the
416 3793 206 50 person
653 3792 114 50 you
798 3780 156 46 want
986 3780 58 47 to
1077 3774 85 67 be,
1196 3775 115 52 and
1345 3779 93 65 get
1472 3775 97 54 the
1602 3775 170 69 thing
1804 3793 113 51 you
1951 3781 153 48 want
2139 3781 58 49 to

191 3851 2008 72 get. By John James Mullowney … Cincinnati, O., De Aryan
191 3931 335 69 publishing
557 3948 282 51 company
876 3933 192 66 [ᶜ1928]

262 4014 85 40 174
378 4025 45 37 p.
482 4014 135 40 front.
661 4013 172 49 (port.)
874 4014 129 40 illus.
1064 4014 119 41 20ᶜᵐ.
