2542 4417
1021 4085 98 49 113

92 410 241 62 Adams,
368 409 259 53 Thomas
664 409 289 62 Tunstall,
992 412 171 50 1859-

163 488 412 68 Biographical
616 488 357 69 genealogies
1014 487 63 53 of
1117 487 95 53 the
1256 487 271 69 Virginia
1569 488 220 53 Adams
1834 488 269 57 families,

94 566 135 53 with
268 572 160 46 notes
467 565 65 54 of
571 585 151 34 some
763 565 292 54 collateral
1095 566 294 67 branches,
1429 566 75 69 by
1543 567 252 53 Thomas
1834 567 263 53 Tunstall

90 645 231 53 Adams.
398 645 343 66 Richmond,
775 645 126 67 Va.,
936 644 324 53 Richmond
1296 663 174 49 press,
1507 645 127 67 inc.,
1673 648 150 50 1928.

158 729 54 40 57
233 739 43 37 p.
335 728 149 41 20½ᶜᵐ.

94 781 50 53 ©
177 785 109 41 Jan.
319 785 70 47 30,
422 785 140 41 1928:
599 785 66 40 2c.
700 786 95 38 and
829 785 82 40 aff.
947 785 108 39 Jan.
1090 784 83 47 31;
1208 785 40 39 A
1281 784 230 47 1018639;
1549 785 52 40 T.
1636 785 51 40 T.
1722 786 196 40 Adams,
160 785 1915 97 Richmond.
389 841 251 50 (28-3823)

83 923 323 63 Ayrinhac,
442 923 208 64 Henry
683 923 247 62 Amans,
968 923 173 53 1867-

154 1001 355 69 Legislation
537 1020 72 34 on
637 1001 96 54 the
762 1007 347 47 sacraments
1136 1001 60 53 in
1225 1002 96 52 the
1350 1020 123 34 new
1504 1001 154 55 Code
1688 1001 64 53 of
1779 1021 181 34 canon
1988 1003 108 51 law

83 1080 131 60 <lib.
320 1123 9 11 III.
359 1079 140 55 Can.
527 1082 296 66 726-1011,
852 1083 346 65 1144-1153>
1228 1080 75 69 by
1329 1081 157 64 Very
1513 1081 138 52 Rev.
1679 1081 78 51 H.
1784 1080 71 53 A.
83 1081 1989 131 Ayrinhac

275 1158 1750 70 … New York, London, Longmans, Green and co., 1928.
250 1243 541 49 xxv p., 1 l., 416 p. 20 ᶜᵐ .
155 1301 128 39 “The
316 1300 280 48 legislation
631 1311 60 29 on
726 1300 82 40 the
843 1302 302 38 sacraments
1179 1300 49 39 in
1263 1301 82 39 the
1378 1311 107 29 new
1519 1299 128 42 Code
1680 1299 156 41 forms
1870 1301 83 39 the
1986 1300 108 41 first

83 1361 109 45 part
214 1358 51 40 of
288 1358 83 40 the
394 1358 134 40 third
551 1358 124 40 book
697 1359 72 39 De
794 1356 382 42 rebus.”—Pref.

88 1411 50 53 ©
168 1416 109 40 Jan.
307 1415 69 42 16,
406 1415 141 41 1928;
580 1416 67 40 2c.
679 1416 109 40 Jan.
817 1415 57 40 27;
934 1414 81 41 aff.
1048 1415 111 40 Feb.
1190 1415 52 42 1;
1275 1415 43 39 A
1348 1413 230 48 1061486;
1612 1415 290 47 Longmans,
1935 1415 156 40 Green

157 1473 35 40 &
219 1484 67 29 co.
358 1472 251 50 (28-3812)

80 1554 171 52 B.-M.
283 1554 126 53 co.’s
436 1554 347 52 cumulative
811 1559 228 47 current
1068 1554 136 52 code
1234 1553 384 55 annotations,
1647 1553 248 69 keeping
1923 1570 79 51 up
2030 1557 60 48 to

149 1633 129 52 date
315 1632 197 53 Kerr’s
549 1633 325 67 cyclopedic
913 1631 325 55 California
1280 1632 179 55 codes,
1495 1631 325 69 Henning’s
1859 1632 232 68 general

148 1712 154 53 laws,
327 1711 160 53 third
513 1711 234 55 edition,
775 1712 112 51 and
913 1711 117 52 also
1056 1711 135 52 code
1218 1729 151 34 cases
1394 1709 154 54 from
1573 1711 187 52 Idaho
1786 1711 115 53 and
148 1711 1916 131 Montana

318 1788 1771 70 [1927] … Bringing decisions down to 74 Cal. dec. 266,
151 1872 66 49 54
241 1867 120 55 Cal.
390 1888 131 49 app.
548 1869 113 53 dec.
692 1874 81 52 15,
798 1872 100 49 259
924 1869 130 52 Pac.
1086 1873 27 47 1
1150 1867 375 69 (California,
1553 1869 205 67 Idaho,
1786 1869 113 52 and
144 1869 1920 131 Montana

325 1947 178 68 cases)
589 1949 294 66 Prepared
930 1948 111 52 and
1086 1949 311 51 annotated
1456 1947 76 69 by
1578 1946 197 55 Curtis
1835 1946 252 71 Hillyer.

146 2025 116 56 San
294 2027 324 57 Francisco,
652 2027 410 52 Bender-Moss
1095 2044 299 50 company,
1430 2028 150 50 1928.

149 2109 667 49 vi p., 1 l., 442 p. 25½ᶜᵐ.
81 2163 51 52 ©
156 2168 110 41 Jan.
289 2168 71 47 31,
386 2167 141 47 1928;
555 2168 68 40 2c.
650 2169 95 38 and
772 2167 82 40 aff.
882 2167 111 41 Feb.
1020 2169 52 44 7;
1101 2167 40 39 A
1167 2166 204 41 1018707;
1429 2167 346 40 Bender-Moss
1802 2177 69 30 co.

75 2249 242 63 Barnes,
349 2249 139 53 Mrs.
519 2250 176 62 Mary
723 2249 260 53 Frances
1022 2247 315 66 (Hartley)

145 2327 258 70 Feeding
434 2327 96 54 the
561 2327 155 53 child
749 2326 153 53 from
935 2332 113 48 two
1081 2333 59 47 to
1172 2326 106 68 six,
1309 2326 77 69 by
1418 2327 172 69 Mary
1624 2327 250 54 Frances
75 2327 1991 147 Hartley

187 2404 1900 71 Barnes … with introduction by Richard M. Smith … New
76 2484 177 68 York,
281 2484 122 54 The
427 2484 339 54 Macmillan
792 2501 299 51 company,
1121 2486 152 52 1928.

211 2597 8 17 xv,
254 2567 71 49 [2],
353 2565 86 41 206
467 2578 44 37 p.
571 2565 57 42 19
631 2569 44 21 ᶜᵐ
680 2599 8 8 .

145 2623 251 49 “Reading
421 2623 112 41 lists
559 2623 80 41 for
667 2622 229 50 parents”:
955 2634 44 38 p.
1027 2621 219 43 198-199.

77 2677 51 52 ©
158 2682 109 40 Jan.
296 2682 70 47 31,
397 2682 142 40 1928:
570 2682 68 40 2c.
669 2683 96 38 and
796 2681 82 41 aff.
910 2681 111 41 Feb.
1053 2683 24 37 1;
1138 2681 42 39 A
1209 2681 204 41 1061505;
1476 2683 285 39 Macmillan
1790 2694 69 30 co.

153 2739 250 47 (28-4095)

73 2819 208 65 Barry,
317 2821 264 62 Charles,
614 2821 197 67 pseud.

139 2896 1940 72 The witness at the window, by Charles Barry … New
71 2976 177 68 York,
279 2977 68 52 E.
378 2976 66 54 P.
475 2976 227 53 Dutton
731 2977 47 51 &
808 2993 282 51 company
1166 2976 152 67 [ᶜ1927]

137 3060 480 50 4 p. l., 3-296 p. 19½ᶜᵐ.
75 3112 51 52 ©
154 3118 111 40 Dec.
294 3118 69 42 27,
393 3117 142 40 1927:
565 3117 68 40 2c.
665 3117 109 39 Jan.
805 3117 39 41 3,
875 3115 140 42 1928;
1049 3115 82 41 aff.
1162 3116 111 41 Feb.
1304 3117 53 40 3;
1390 3117 39 39 A
1460 3116 232 49 1061519;
1726 3120 52 39 E.
1810 3119 51 41 P.
1891 3120 189 40 Dutton

140 3174 36 40 &
203 3186 67 30 co.
342 3173 252 50 (28-4076)

66 3255 454 62 Bartholomew,
559 3255 256 52 Edward
855 3254 137 62 Fry,
1035 3257 171 50 1846-

137 3333 247 53 Biblical
421 3333 331 69 pedagogy;
791 3352 31 33 a
857 3332 309 54 handbook
1201 3332 93 54 for
1330 3331 241 72 Sunday
1603 3335 193 53 school
1827 3336 256 55 teachers

67 3411 2016 75 and Bible students, by E. F. Bartholomew … Rock Island,
167 3489 1058 71 Ill , Augustana book concern [ᶜ1927]
134 3575 84 40 131
239 3586 43 37 p.
342 3575 57 41 17½
430 3576 46 23 ᶜᵐ
480 3607 10 9 .

71 3627 51 52 ©
149 3632 109 40 Jan.
285 3633 39 47 3,
352 3632 141 46 1928;
522 3632 68 40 2c.
618 3632 110 40 Jan.
756 3633 26 37 7;
838 3630 82 41 aff.
951 3631 109 40 Jan.
1088 3630 52 41 9:
1172 3631 40 38 A
1239 3631 231 47 1061110;
1502 3632 291 47 Augustana
1821 3635 124 40 book
137 3647 1924 83 concern.
337 3689 251 48 (28-3817)

62 3768 289 64 Belmont,
388 3770 206 63 Perry,
634 3773 172 48 1851-

133 3848 270 53 Political
430 3848 252 68 equality:
738 3847 272 68 religious
1037 3845 326 67 toleration,
1390 3845 154 54 from
1568 3848 192 70 Roger
1783 3851 295 56 Williams

64 3924 2010 75 to Jefferson, by Perry Belmont … New York, London, G. P.
63 4003 295 55 Putnam’s
387 4023 147 48 sons,
565 4003 151 54 1927.
