2498 4384
1233 4080 135 50 1918

322 399 124 53 The
479 399 227 53 Roland
739 399 158 53 Park
934 416 308 48 company,
1277 401 334 56 Baltimore.

392 478 224 55 Houses
660 479 61 53 in
764 479 356 68 Homeland;
1169 479 408 70 reproduction
1620 480 65 55 of
1729 482 397 68 photographs
322 482 1982 144 illustrating
572 558 230 54 various

832 565 165 63 types
1026 559 65 54 of
1121 560 203 53 houses
1354 560 60 52 in
1445 558 416 71 “Homeland”,
1890 579 32 35 a
1952 567 151 47 tract
2132 561 65 54 of
2228 563 101 51 391

323 656 172 47 acres,
520 636 279 70 formerly
824 639 95 52 the
944 639 207 52 Perine
1178 643 192 62 estate,
1395 639 165 68 lying
1584 639 61 52 in
1668 639 96 53 the
1788 640 278 53 northern
2089 640 241 54 suburbs

322 715 65 54 of
431 715 317 54 Baltimore
792 715 206 55 within
1039 717 96 53 the
1179 717 118 69 city
1340 717 198 69 limits,
1578 717 252 53 between
1876 717 238 56 Charles
2158 723 171 50 street

324 813 213 35 avenue
567 795 113 54 and
710 795 164 54 York
901 796 157 54 road.
1122 795 60 54 It
1209 796 49 54 is
1286 816 31 33 a
1347 802 134 63 part
1509 796 65 54 of
1600 798 97 53 the
1722 796 230 56 Roland
322 798 1983 129 Park-Guilford-Homeland

874 875 228 53 district
1160 875 64 53 of
1285 878 136 49 1500
1481 894 153 35 acres
1693 876 64 54 of
1816 876 299 54 restricted
2173 878 156 64 land,

318 953 252 67 planned
602 954 112 52 and
749 954 310 68 developed
1089 954 76 69 by
1196 955 123 52 The
1352 954 229 54 Roland
1610 955 161 52 Park
1802 973 284 53 company
2116 956 214 69 during

318 1032 96 52 the
438 1038 129 62 past
591 1032 380 70 thirty-seven
995 1051 180 50 years.
1238 1032 335 70 Baltimore,
1597 1034 123 53 The
1743 1034 230 54 Roland
1997 1034 160 53 Park
309 1053 1995 126 company
502 1144 12 33 [
543 1113 133 51 ᶜ1928
682 1144 13 34 ]

382 1192 645 49 4 p. l., 21 pl. 29 × 38ᶜᵐ.
385 1250 308 48 Descriptive
723 1251 285 47 letterpress
1043 1261 57 29 on
1134 1260 167 31 versos
1333 1251 167 47 facing
1531 1252 83 39 the
1647 1253 171 47 plates.

385 1307 368 48 “Photographs
785 1308 60 47 by
877 1308 200 40 Holmes
1109 1309 36 39 I.
1175 1307 223 41 Mettee.”

316 1361 51 51 ©
395 1365 119 40 Nov.
540 1365 40 47 2,
607 1364 142 47 1928;
777 1365 68 41 2c.
874 1366 118 39 Nov.
1019 1366 53 45 7;
1102 1364 83 40 aff.
1213 1365 119 41 Nov.
1361 1365 52 46 8;
1444 1365 40 39 A
1513 1365 110 48 810;
1656 1366 190 40 Roland
1877 1367 130 39 Park
2035 1378 69 30 co.

393 1421 283 49 (28-29169)

311 1488 272 63 Schevill,
619 1488 356 65 Ferdinand,
1012 1494 172 49 1868-

452 1566 1864 71 … The first century of Italian humanism, by Ferdinand
320 1643 1551 71 Schevill … New York, F. S. Crofts & co., 1928.
386 1726 101 48 viii,
521 1727 56 40 88
607 1738 44 37 p.
711 1728 147 39 17½ᶜᵐ.
929 1727 332 47 (Landmarks
1294 1727 50 40 in
1377 1727 204 47 history,
1615 1728 74 41 ed.
1722 1728 61 47 by
1817 1728 54 39 B.
1906 1727 54 41 E.
1995 1727 234 49 Schmitt)

389 1783 179 41 Source
597 1784 228 40 material
854 1784 122 40 with
1006 1784 256 41 historical
1293 1784 347 41 introduction.

387 1840 160 41 “Data
578 1851 61 30 on
669 1841 254 40 sources”:
956 1852 43 37 p.
1031 1840 142 44 8-10;
1208 1840 330 42 “Convenient
1567 1842 162 39 works
1763 1840 52 42 of
1847 1841 250 42 reference
2128 1842 196 49 dealing

315 1898 121 40 with
466 1898 183 41 Italian
679 1897 308 41 humanism”:
1048 1909 45 37 p.
1124 1896 161 43 10-11.

310 1952 53 52 ©
390 1957 119 40 Nov.
535 1956 70 47 24,
632 1956 141 47 1928;
801 1956 67 40 2c.
895 1958 97 39 and
1018 1955 82 41 aff.
1127 1957 120 39 Nov.
1273 1956 56 40 27;
1385 1955 42 40 A
1453 1955 114 41 1916;
1623 1956 53 40 F.
1706 1956 45 41 S.
1780 1956 166 41 Crofts
1973 1956 37 41 &
2036 1968 83 36 co.,
2148 1956 91 42 inc.

388 2012 283 49 (28-29739)

307 2080 450 62 Schmidtbonn,
787 2079 276 55 Wilhelm
1093 2079 262 65 August,
1389 2080 171 54 1876-

440 2156 1881 68 … Mein freund Dei; geschichte einer unterbrochenen
306 2235 293 54 weitreise.
679 2235 312 70 Stuttgart,
1050 2236 201 53 Berlin
1315 2240 138 63 [etc.]
1516 2236 287 54 Deutsche
1859 2236 462 69 verlagsanstalt,

307 2318 150 50 1928.

373 2399 851 49 3 p. l., 5-251, [1] p., 1 1. 19½ᶜᵐ.
375 2458 63 39 At
467 2458 125 39 head
622 2457 52 40 of
703 2457 109 40 title:
869 2456 227 40 Wilhelm
1130 2455 363 41 Schmidtbonn.

307 2511 51 51 ©
384 2516 115 46 May
523 2514 69 48 21,
618 2514 141 47 1928;
786 2514 67 40 1c.
884 2513 127 48 Sept.
1037 2512 82 47 19;
1147 2511 314 48 A—Foreign
1487 2511 112 47 118;
1627 2511 247 41 Deutsche
1899 2513 416 46 verlags-anstalt.

384 2571 283 50 (28-29763)

302 2640 186 53 Scott.
523 2639 245 63 Harvey
797 2637 357 62 Whitefield,
1190 2641 329 51 1838-1910.

379 2713 1937 72 Shakespeare; writings of Harvey W. Scott … compiled by
307 2796 187 53 Leslie
528 2796 80 52 M.
646 2794 176 56 Scott.
896 2794 368 69 Cambridge,
1297 2795 244 52 Printed
1578 2800 59 46 at
1671 2793 96 53 the
1802 2791 302 55 Riverside
2139 2810 175 51 press,

310 2877 151 50 1928.

375 2955 103 45 viii,
508 2954 87 42 160
620 2966 45 37 p.
723 2949 138 46 front.
903 2954 173 49 (port.)
1146 2953 148 43 19½ᶜᵐ.

378 3012 399 43 Commentaries,
807 3014 127 37 most
964 3011 53 41 of
1045 3011 159 40 which
1236 3022 83 29 are
1351 3011 249 48 reprinted
1631 3011 129 40 from
1791 3013 82 38 the
1905 3011 229 41 editorial
2166 3023 147 38 pages

306 3070 52 39 of
383 3070 84 40 the
493 3069 275 49 Oregonian.
844 3070 62 47 cf.
934 3068 132 41 Pref.

303 3124 51 51 ©
388 3129 120 39 Nov.
541 3128 50 38 21,
645 3127 115 41 1928;
822 3127 68 40 2c.
925 3127 95 39 and
1054 3126 83 40 aff.
1171 3127 120 39 Nov.
1324 3125 83 43 30;
1445 3126 40 39 A
1519 3125 142 46 2007;
1697 3126 158 41 Leslie
1891 3127 63 39 M.
1992 3126 148 47 Scott,
369 3128 1926 104 Portland,
534 3185 79 40 Or.
684 3184 283 49 (28-29741)

298 3252 187 61 Scott,
523 3251 153 53 John
715 3251 252 53 Hubert.

377 3325 1934 72 Engineering English, by John Hubert Scott … New York,
305 3407 55 54 J.
385 3407 193 68 Wiley
602 3409 44 50 &
672 3425 147 40 sons,
844 3406 108 53 inc.;
1008 3406 263 67 London,
1298 3405 304 69 Chapman
1627 3408 46 50 &
1698 3406 161 66 Hall,
1885 3405 244 66 limited,
2158 3409 150 49 1928.

372 3489 98 47 xvi,
502 3489 84 40 321
618 3499 44 38 p.
722 3489 118 40 22ᶜᵐ.

301 3543 51 51 ©
383 3547 120 41 Nov.
534 3547 69 47 16,
634 3546 142 42 1928;
807 3547 69 40 2c.
907 3547 96 39 and
1035 3544 82 42 aff.
1147 3546 121 40 Nov.
1299 3546 82 46 22;
1415 3546 40 39 A
1486 3545 142 47 1850;
1663 3546 44 41 J.
1739 3546 61 40 H.
1835 3545 148 48 Scott,
2017 3546 132 39 Iowa
2184 3545 123 49 City,

395 3615 44 29 Ia.
508 3603 281 48 (28-29735)

295 3670 188 60 Scott,
510 3669 226 53 Martin
764 3670 34 52 J
1057 3674 169 50 1865-

364 3749 218 52 Father
628 3747 205 55 Scott’s
876 3748 163 52 radio
1082 3747 170 55 talks,
1296 3747 329 54 1927-1928,
1668 3747 210 52 station
1922 3747 272 65 WLWL,
2233 3746 77 68 by

293 3824 2014 70 Martin J. Scott, S. J . New York, P. J. Kenedy & sons, 1928.
363 3909 683 48 viii p., 1 l., 211 p. 20½ᶜᵐ.
298 3963 53 53 ©
378 3967 119 42 Nov.
523 3967 69 47 27,
620 3966 115 41 1928;
791 3967 68 40 2c.
886 3967 96 40 and
1010 3965 83 42 aff.
1119 3967 121 40 Nov.
1267 3965 56 42 30;
1380 3965 42 41 A
1448 3965 113 41 1991;
1621 3966 52 41 P.
1701 3965 44 41 J.
1773 3965 203 48 Kenedy
2005 3964 36 42 &
2070 3973 126 32 sons.

374 4024 283 49 (28-29789)
