2498 4384
1215 4062 137 50 1474

292 411 283 65 Katibah,
607 412 240 53 Habeeb
879 412 284 54 Ibrahim.

361 489 1930 73 Other Arabian nights, by H. I. Katibah … illustrated by
289 568 89 54 W.
412 568 79 52 M.
528 568 233 68 Berger.
836 569 139 52 New
1009 568 180 69 York,
1220 569 260 67 London,
1516 568 62 56 C.
1615 568 313 55 Scribner’s
1961 588 146 48 sons,
2145 573 149 49 1928.

359 650 1066 49 xvii p., 3 l., 3-266 p. col. plates. 21 ᶜᵐ .
294 716 52 52 ©
376 721 121 48 Aug.
526 721 69 47 31,
627 721 115 41 1928;
800 722 68 41 2c.
902 722 128 48 Sept.
1060 722 55 39 15;
1175 721 85 41 aff.
1293 722 129 47 Sept.
1452 722 55 38 12;
1567 722 39 40 A
1638 721 203 41 1054319;
1903 721 203 41 Charles
359 722 1916 96 Scribner’s
516 788 127 31 sons.
711 778 281 50 (28-22607)

291 871 242 64 Keezer,
564 872 226 52 Dexter
819 872 302 64 Merriam,
1157 875 169 50 1895-

357 949 1937 70 Problem economics, by Dexter Merriam Keezer … Addison
286 1028 2009 69 Thayer Cutler … and Frank Richardson Garfield … New
289 1106 163 53 York
488 1107 113 52 and
638 1107 259 61 London,
935 1107 235 67 Harper
1209 1109 51 49 &
1299 1107 279 66 brothers,
1618 1110 150 49 1928.

356 1187 664 50 viii p., 1 l., 719 p. 24 ᶜᵐ .
292 1253 52 52 ©
375 1258 128 48 Sept.
530 1258 70 45 21,
628 1258 118 40 1928;
798 1258 69 40 2c.
896 1258 130 48 Sept.
1051 1259 55 38 21;
1166 1257 83 42 aff.
1280 1258 128 47 Sept.
1435 1258 57 39 24;
1550 1257 40 39 A
1618 1257 204 41 1054487;
1880 1258 196 47 Harper
2104 1258 36 39 &
2167 1258 126 39 bros.

369 1314 282 49 (28-22673)

289 1408 215 64 Keller,
534 1409 139 53 Mrs.
710 1408 128 53 Ella
873 1408 182 54 Flatt.

362 1484 1935 68 The bigger things, by Ella Flatt Keller … Hudson, Mich.,
293 1564 132 53 Ella
455 1564 64 53 F.
551 1564 199 53 Keller
784 1567 154 64 [1928]

358 1646 588 49 3 p. l., 5-60 p. 19½ ᶜᵐ .
360 1717 186 41 Poems.

292 1783 52 52 ©
373 1788 121 47 Aug.
523 1787 68 48 15,
622 1787 114 41 1928;
793 1789 69 38 2c.
890 1788 121 47 Aug.
1039 1787 57 40 20;
1155 1787 83 42 aff.
1267 1788 121 47 Aug.
1417 1787 56 40 18;
1531 1788 42 38 A
1601 1786 204 41 1054066;
1865 1788 53 40 E.
1949 1787 52 40 F.
2031 1788 182 39 Keller.

367 1844 282 48 (28-22727)

286 1938 261 64 Kolmer,
582 1938 156 54 John
774 1938 230 65 Albert,
1043 1944 170 48 1886-

358 2016 202 55 Serum
599 2017 293 68 diagnosis
929 2017 76 70 by
1044 2017 665 68 complement-fixation,
1749 2018 140 51 with
1930 2017 213 68 special
283 2016 1990 131 reference

503 2100 59 47 to
591 2095 273 68 syphilis;
895 2096 96 52 the
1019 2095 332 68 principles,
1380 2095 299 68 technique
1710 2096 112 52 and
1851 2094 229 53 clinical
283 2094 1988 146 applications,

545 2171 1751 71 by John A. Kolmer … illustrated with 65 engravings.
283 2251 429 68 Philadelphia,
739 2252 115 52 Lea
882 2253 46 51 &
955 2251 262 69 Febiger,
1251 2254 149 50 1928.

355 2332 1486 51 xix, [17]-583 p. illus., col. pl., forms, diagrs. 24½ ᶜᵐ .
355 2406 294 40 References
675 2409 52 37 at
754 2407 91 39 end
873 2406 52 40 of
954 2409 123 37 most
1107 2405 51 40 of
1186 2406 84 39 the
1297 2406 241 47 chapters.

289 2474 55 51 ©
376 2479 129 47 Sept.
535 2478 69 47 26,
637 2477 114 40 1928;
810 2478 68 40 2c.
909 2479 96 38 and
1036 2477 83 41 aff.
1151 2477 104 41 Oct.
1285 2478 26 38 2;
1372 2477 40 38 A
1444 2476 203 41 1054777;
1709 2477 95 40 Lea
1839 2476 37 40 &
1906 2476 219 48 Febiger.

367 2534 283 49 (28-22837)

284 2628 283 64 Lindsay,
599 2629 178 52 Maud
811 2627 349 65 McKnight,
1198 2630 170 52 1874-

359 2706 123 53 The
516 2707 272 68 choosing
822 2707 164 67 book,
1018 2706 76 69 by
1128 2706 182 52 Maud
1345 2706 275 68 Lindsay,
1655 2706 326 52 illustrated
2017 2706 78 68 by
290 2705 1981 132 Florence
444 2784 166 68 Liley

634 2785 227 68 Young.
923 2785 236 65 Boston,
1182 2784 280 67 Lothrop,
1485 2784 112 52 Lee
1622 2785 45 51 &
1694 2783 264 68 Shepard
1983 2801 81 35 co.
2136 2785 152 65 [ᶜ1928]

360 2865 1458 50 5 p. l., 13-177 p. col. front., illus., col. plates. 18½ᶜᵐ.
291 2932 52 52 ©
371 2937 129 47 Sept.
526 2936 68 49 15,
621 2936 142 47 1928;
790 2937 68 40 2c.
883 2938 96 38 and
1004 2936 82 41 aff.
1116 2937 131 47 Sept.
1272 2937 82 46 19;
1383 2937 40 38 A
1449 2936 229 47 1054596;
1708 2937 228 48 Lothrop,
1964 2937 95 39 Lee
2086 2937 36 39 &
358 2936 1918 97 Shepard
475 3004 67 30 co.
613 2992 282 50 (28-22730)

286 3087 204 64 Little,
520 3087 148 53 Noel
700 3087 303 64 Charlton,
1038 3092 172 49 1895-

357 3162 1938 72 College physics, by Noel Charlton Little … New York,
286 3241 254 70 Chicago
595 3247 120 62 [etc.]
754 3242 60 55 C.
849 3242 313 55 Scribner’s
1192 3262 130 34 sons
1400 3246 150 64 [ᶜ1928]

353 3326 1435 49 xiv p., 2 l., 3-408 p. incl. front., illus., diagrs. 23 ᶜᵐ ,
291 3391 52 52 ©
375 3395 130 48 Sept.
534 3395 68 48 15,
633 3395 118 40 1928;
804 3396 68 40 2c.
905 3396 129 47 Sept.
1062 3396 55 38 22;
1177 3395 85 41 aff.
1294 3396 128 48 Sept.
1451 3395 56 41 20;
1566 3397 42 38 A
1637 3396 203 41 1053513;
1902 3396 204 41 Charles
358 3395 1917 97 Scribner’s
516 3462 127 31 sons.
711 3451 282 51 (28-22691)

288 3546 249 63 McKay,
570 3545 261 54 Richard
866 3547 323 54 Cornelius.

357 3622 168 55 Some
549 3622 226 55 famous
798 3623 213 70 sailing
1032 3625 159 67 ships
1214 3626 114 52 and
1351 3625 151 53 their
1523 3626 243 67 builder,
1789 3626 232 52 Donald
2044 3626 250 68 McKay,

288 3699 72 71 by
385 3701 256 53 Richard
670 3700 61 55 C.
760 3701 260 70 McKay;
1051 3722 30 33 a
1108 3703 172 69 study
1307 3703 65 53 of
1396 3704 96 52 the
1518 3704 308 53 American
1852 3705 213 68 sailing
2091 3705 203 67 packet

285 3779 113 52 and
426 3779 221 69 clipper
671 3798 141 50 eras,
838 3780 140 53 with
1006 3781 399 69 biographical
1431 3782 253 54 sketches
1712 3782 65 53 of
1801 3782 314 54 America’s
287 3782 1982 127 foremost

466 3857 263 69 designer
764 3859 112 52 and
910 3859 464 53 master-builder
1406 3859 65 53 of
1503 3860 176 68 ships,
1714 3861 113 52 and
1862 3880 31 33 a
285 3861 1984 127 comprehensive

436 3935 223 70 history
692 3935 66 54 of
789 3934 90 57 his
911 3955 174 51 many
1120 3936 226 55 famous
1379 3937 176 69 ships.
1623 3939 163 54 With
1825 3942 64 50 10
1922 3940 154 53 color
2109 3940 183 66 plates
