2498 4384
1230 4050 139 50 2086

305 407 195 64 Sloan,
533 407 246 53 Horace.

371 484 59 53 A
456 484 231 53 treatise
717 502 73 34 on
818 483 97 52 the
942 484 111 51 law
1082 482 64 54 of
1175 483 419 67 improvement
1625 482 256 53 districts
1910 481 60 53 in
2001 480 312 56 Arkansas.

344 607 9 9 v.
387 567 47 64 1,
461 566 48 49 2.
576 561 84 56 St.
688 562 193 66 Louis,
911 561 250 53 Thomas
1189 562 111 51 law
1329 560 149 53 book
1505 578 299 51 company,
1836 563 151 50 1928.

369 647 29 39 2
465 679 8 8 v.

306 699 52 52 ©
391 703 113 40 Feb.
534 702 70 48 25,
637 701 141 46 1928;
814 702 68 40 2c.
914 702 119 39 each
1066 701 112 41 Feb.
1210 701 85 47 27;
1331 699 82 42 aff.
1448 700 113 41 Feb.
1594 700 84 48 29;
1713 700 42 40 A
1787 699 231 48 1068061;
2056 701 61 40 H.
2154 701 160 48 Sloan,

373 760 281 48 Jonesboro,
684 758 117 42 Ark.

302 842 216 63 Smith,
550 841 193 54 David
776 842 262 63 Eugene.

434 917 1880 70 … Modern advanced arithmetic, by David Eugene Smith.
302 996 1646 69 Boston, New York [etc.] Ginn and company [ ᶜ192 7]
369 1079 1946 50 vi, 480, 33 p. illus., diagrs. 19 ᶜᵐ . (Wentworth-Smith mathematical
298 1138 178 49 series)

303 1191 52 52 ©
380 1195 121 48 Aug.
525 1195 70 48 27,
621 1194 142 41 1927:
789 1194 69 41 2c.
883 1194 113 40 Feb.
1021 1194 69 47 18,
1116 1193 143 48 1928;
1288 1192 83 42 aff.
1397 1193 113 42 Feb.
1536 1193 82 47 17;
1648 1193 41 40 A
1714 1192 231 49 1018827;
1974 1194 58 40 D.
2060 1195 54 40 E.
2143 1193 171 48 Smith,

371 1252 119 40 New
520 1252 146 39 York.
729 1247 71 53 [©
829 1261 108 31 new
965 1252 197 48 matter]

301 1331 216 65 Smith,
548 1332 140 53 Mrs.
720 1331 261 54 Hannah
1022 1330 307 66 (Whitall)
1371 1336 327 50 1832-1911.

369 1410 298 69 Religious
705 1408 360 68 fanaticism;
1105 1415 249 48 extracts
1391 1408 155 54 from
1580 1410 96 53 the
1714 1428 208 50 papers
1958 1409 65 53 of
2058 1410 258 53 Hannah

297 1488 248 55 Whitall
583 1487 208 68 Smith,
824 1488 191 53 edited
1048 1488 142 53 with
1225 1506 74 35 an
1333 1488 395 53 introduction
1759 1488 77 69 by
1870 1488 129 69 Ray
2036 1487 281 71 Strachey

300 1567 315 69 consisting
644 1566 64 53 of
737 1585 74 34 an
840 1572 238 47 account
1108 1565 66 54 of
1202 1566 96 53 the
1329 1566 208 53 author
1567 1565 66 54 of
1660 1566 158 54 these
1847 1585 227 50 papers,
2106 1568 112 53 and
2252 1566 65 55 of

299 1646 95 52 the
431 1646 166 52 times
632 1645 60 52 in
728 1645 188 53 which
953 1645 97 54 she
1086 1645 184 66 lived;
1311 1645 262 69 together
1611 1644 141 54 with
1791 1663 30 34 a
1861 1645 353 69 description
2250 1645 66 54 of

298 1724 95 53 the
422 1724 226 53 curious
674 1723 273 69 religious
974 1729 143 48 sects
1143 1724 116 52 and
1287 1723 396 54 communities
1711 1722 65 54 of
1803 1722 269 54 America
2103 1724 213 70 during

297 1803 96 52 the
418 1803 159 68 early
602 1803 114 52 and
738 1802 217 53 middle
980 1820 165 51 years
1170 1800 67 54 of
1259 1801 95 53 the
1379 1800 332 54 nineteenth
1736 1806 255 64 century.
2052 1800 263 70 London,

297 1880 189 53 Faber
514 1882 47 51 &
589 1880 210 70 Gwyer
829 1880 226 53 limited
1112 1882 154 65 [1928]

366 1962 518 50 ix, 11-276 p. 23 ᶜᵐ .
300 2017 1703 52 © 1c. Dec. 22, 1928; A ad int. 12137; pubd. Oct. 26; Rachel
2036 2020 135 42 Conn
367 2022 1929 97 Costelloe
547 2078 249 48 Strachey,
830 2078 214 40 London.
1116 2076 254 50 (29-1098)

298 2145 233 64 Stokes,
564 2145 231 53 Horace
826 2143 294 56 Winston.

365 2223 249 53 Mirrors
656 2221 65 54 of
761 2223 96 52 the
898 2241 154 50 year,
1096 2241 30 34 a
1169 2222 263 53 national
1475 2241 174 35 revue
1689 2222 65 53 of
1796 2223 109 53 the’
1937 2222 378 71 outstanding

295 2300 229 71 figures,
559 2302 198 53 trends
792 2302 114 52 and
942 2307 193 48 events
1172 2300 65 54 of
1276 2300 257 55 1927-28.
1605 2302 140 52 New
1783 2301 181 67 York,
2000 2301 315 54 Frederick

295 2379 71 55 A.
402 2380 205 56 Stokes
638 2399 299 51 company,
971 2383 152 52 1928.

387 2466 81 40 1 v.
298 2517 52 52 ©
383 2521 114 41 Feb.
527 2522 70 47 23,
629 2521 142 47 1928;
804 2522 69 40 2c.
905 2522 97 39 and
1034 2519 82 43 aff.
1150 2521 113 41 Feb.
1294 2520 84 48 25;
1412 2521 44 39 A
1485 2520 231 48 1061966;
1752 2520 264 41 Frederick
2048 2520 56 42 A.
2140 2521 173 41 Stokes

366 2589 69 30 co.

297 2644 284 64 Sullivan,
610 2643 156 55 John
795 2644 257 54 William
1082 2644 218 64 Navin,
1335 2650 172 49 1886-

366 2724 122 52 The
520 2723 161 54 bases
713 2723 66 53 of
810 2725 238 52 modern
1081 2724 215 53 science
1353 2723 92 70 [by]
1485 2724 56 54 J.
1576 2723 90 54 W.
1701 2724 69 53 N.
1808 2722 283 56 Sullivan.
295 2722 1993 148 London,

460 2802 67 52 E.
562 2803 181 66 Benn,
774 2802 243 67 limited,
1052 2805 151 51 1928.

365 2885 26 40 3
422 2896 44 37 p.
530 2916 8 16 l.,
570 2885 128 48 ix-x,
730 2885 87 40 246
847 2896 43 36 p.
951 2884 156 49 diagr.
1166 2885 149 41 22½ᶜᵐ.

297 2938 2015 52 © 1c. Dec. 22, 1928; A ad int. 12141; pubd. Oct. 26; Doubleday, Doran
365 3002 37 41 &
431 3010 82 37 co.,
544 2999 105 48 inc.,
682 2999 195 40 Garden
909 2998 124 50 City,
1064 2999 56 40 N.
1151 2998 54 40 Y.
1276 2997 252 50 (29-1113)

295 3065 216 65 Swain,
543 3066 148 54 Sara
723 3065 272 55 Sabrina.

365 3143 121 53 The
527 3149 161 63 story
725 3143 64 53 of
828 3144 193 52 Laura
1064 3141 171 57 Secord
1318 3143 114 53 and
1472 3142 210 70 Fanny

1720 3142 412 70 Doyle—their
2174 3143 137 67 zeal,

295 3222 330 67 patriotism
659 3222 114 52 and
806 3221 282 54 sacrifices
1119 3221 216 69 during
1366 3221 96 53 the
1498 3222 141 68 days
1673 3220 65 54 of
1770 3221 96 53 the
1901 3240 119 33 war
2056 3220 65 54 of
2157 3223 154 66 1812,

293 3300 75 68 by
413 3299 144 55 Sara
601 3299 246 56 Sabrina
892 3299 212 56 Swain.
1188 3299 272 68 [Buffalo,
1500 3300 71 52 N.
1615 3300 91 67 Y.,
1747 3300 198 54 Union
1989 3299 114 53 and
2144 3299 167 54 times

294 3379 266 69 printing
590 3397 97 50 co.,
720 3382 152 64 1928]

364 3462 57 39 14
451 3473 44 37 p.
555 3461 130 41 illus.
745 3461 119 41 22ᶜᵐ.

297 3514 52 52 ©
385 3518 114 41 Dec.
533 3518 69 49 15,
638 3518 141 47 1927;
816 3519 68 40 2c.
918 3519 96 39 and
1050 3517 83 41 aff.
1169 3518 128 41 June
1331 3517 69 48 18,
1435 3517 142 46 1928;
1616 3517 42 40 A
1691 3516 231 47 1082129;
1963 3516 45 42 S.
2046 3516 46 41 S.
2130 3516 177 43 Swain,

364 3574 213 41 Buffalo.

291 3641 270 63 Tarnow,
601 3641 237 54 Rudolf.

368 3718 450 70 Ringelranken,
845 3719 208 53 iernste
1078 3737 78 34 un
1183 3718 256 69 spassige
1466 3718 280 70 gedichte,
1773 3737 112 34 von

297 3716 1986 135 Rudolf Tarnow. 1. bis 5. dusend. Wismar
1369 3797 36 53 i.
1432 3797 225 67 Meckl.,
1683 3794 312 69 Hinstorff,
2025 3794 152 55 1927.

366 3878 758 48 136 p. front. (port.) 18 ᶜᵐ .
297 3932 1878 52 © Oct. 20, 1927; 1c. May 22, 1928; A—Foreign 411; Hinstorff’sche
362 3945 1927 98 Verlagsbuchhandlung.
938 3994 222 49 (29-597)
