2498 4384
1220 4090 100 50 568

324 517 1933 51 2 p. l., [iv]-xiv, 869 p. illus. (incl. ports.) pl., map, facsims. 23 ½ ᶜᵐ .
263 572 1994 54 © Feb. 1, 1928; 1c. Feb. 23, 1c. Apr. 18; aff. Mar. 28; A 1068998; M. G.
331 634 162 48 Jones,
524 635 30 39 i.
585 645 37 29 e.
654 635 116 40 Mrs.
800 634 54 41 T.
884 634 42 40 J.
958 633 162 48 Jones,
1151 633 232 48 Newnan,
1417 633 99 47 Ga.,
1549 633 95 39 and
1675 632 109 48 Lily
1815 631 259 48 Reynolds,
329 632 1913 108 Moreland,
493 691 87 41 Ga.
650 690 281 49 (28-10592)

254 784 240 65 Joseph,
526 784 271 64 Michael,
835 783 172 56 1897-

325 878 122 53 The
471 877 298 69 magazine
793 882 158 63 story
970 895 10 33 :
1008 876 142 53 with
1176 884 95 47 ten
1298 877 287 67 examples
1612 876 271 67 analysed
1909 876 75 69 by
2011 875 249 52 Michael

255 956 234 68 Joseph.
565 956 258 66 London,
858 955 369 52 Hutchinson
1260 957 46 49 &
1338 972 78 35 co.
1452 955 103 52 ltd.
1618 957 152 63 [1928]

325 1038 99 48 249,
500 1057 10 30 [1]
541 1050 44 36 P.
782 1070 9 9 19½ᶜᵐ.

264 1091 1995 53 © 1c. Apr. 5, 1928; A ad int. 10860; pubd. Feb. 10; M. Joseph, London.
345 1152 283 49 (28-10653)

254 1247 271 62 Journet,
562 1246 264 55 Charles.

388 1324 1875 69 … L’union des eglises et le christianisme pratique, par
258 1403 236 55 Charles
524 1404 262 54 Journet.
861 1403 187 67 Paris,
1080 1405 66 50 B.
1178 1402 254 69 Grasset,
1464 1403 151 54 1927.

327 1484 1926 52 3 p. l., [9]-301 p., 1 l. 18½ᶜᵐ. (Collection “La vie chretienne”. [3])
264 1540 1886 52 © Sept. 26, 1927; 1c. Dec. 30; A—Foreign 36732 ; Bernard Grasset.
343 1600 282 49 (28-10544)

258 1695 190 63 Kelly,
480 1695 223 53 Robert
734 1694 261 63 Lincoln,
1028 1698 171 49 1865-
1381 1695 85 53 ed.

327 1788 123 53 The
488 1787 258 53 effective
785 1789 229 67 college,
1049 1788 76 67 by
1164 1806 31 33 a
1234 1805 186 51 group
1457 1786 65 53 of
1558 1787 308 53 American
1903 1787 260 54 students
2200 1787 65 54 of

256 1866 206 70 higher
517 1866 329 67 education;
904 1865 189 54 edited
1146 1864 76 69 by
1275 1865 217 53 Robert
1544 1864 243 55 Lincoln
1840 1866 192 69 Kelly.
2125 1866 139 53 New

258 1943 1523 70 York, Association of American colleges [ ᶜ1 928 ]
328 2026 749 50 2 p. l., vii-xi, 302 p. 23½ᶜᵐ.
329 2085 40 39 A
404 2084 315 49 compilation
752 2084 53 40 of
838 2087 189 45 reports
1061 2095 62 28 on
1155 2084 84 40 the
1274 2083 350 47 investigation
1658 2084 141 41 made
1833 2085 62 47 by
1929 2085 83 40 the
259 2085 1986 98 Association
392 2142 53 41 of
471 2142 259 39 American
760 2143 205 46 colleges
995 2144 47 38 to
1073 2141 222 41 discover
1324 2142 83 40 the
1437 2142 396 41 characteristics
1866 2143 52 39 of
1948 2153 64 30 an
2041 2143 224 41 effective

258 2201 194 47 college,
513 2200 61 47 cf.
604 2200 186 40 Introd.

329 2257 352 48 Bibliography
711 2259 52 37 at
793 2257 92 39 end
917 2256 52 40 of
997 2256 119 40 each
1145 2258 113 46 part
1286 2258 171 46 except
1485 2258 67 47 pt.
1584 2256 53 48 9;
1670 2258 96 39 and
1798 2257 237 41 “General
259 2258 1991 105 bibliography”
462 2326 10 29 :
501 2326 43 36 p.
571 2313 220 42 289-293.

267 2369 52 53 ©
348 2374 123 41 Mar.
499 2372 69 49 31,
597 2371 141 48 1928;
768 2372 67 41 2c.
864 2372 96 40 and
988 2369 83 45 aff.
1099 2371 114 49 Apr.
1242 2372 82 47 14;
1355 2371 40 40 A
1424 2371 230 50 1069752;
1685 2372 310 42 Association
2024 2374 52 42 of
2104 2374 160 43 Amer.

336 2431 220 47 colleges.
626 2428 282 50 (28-10587)

258 2509 372 64 Kircheisen,
662 2509 308 53 Friedrich
1003 2510 159 62 Max,
1197 2508 171 54 1877-

334 2589 300 68 Napoleon
672 2607 36 33 i.
786 2589 115 51 Ein
939 2588 316 53 lebensbild
1295 2606 111 34 von
1444 2588 303 53 Friedrich
1787 2589 80 53 M.
1907 2589 358 54 Kircheisen.

339 2664 1435 70 l. bd. Stuttgart und Berlin, J. G. Cotta, 1927.
336 2747 1241 50 3 p. l., 370, [2] p. front., plates, ports. 23ᶜᵐ.
269 2802 1997 52 © Sept. 30, 1927; 1c. Jan. 25, 1928; A—Foreign 37092; J. G. Cotta’sche
336 2862 381 48 buchhandlung
748 2861 164 41 nachf.
984 2861 282 49 (28-10532)

259 2942 204 61 Kolbe,
497 2941 318 54 Frederick
851 2940 264 64 Charles,
1152 2944 172 50 1854-

331 3020 55 53 A
428 3020 263 55 Catholic
729 3020 143 52 view
912 3019 64 53 of
1013 3020 237 61 holism;
1293 3039 31 33 a
1367 3019 273 54 criticism
1681 3019 64 54 of
1782 3022 97 53 the
1917 3023 205 69 theory
2161 3028 105 63 put

263 3097 256 54 forward
556 3099 76 67 by
672 3098 246 55 General
959 3097 193 55 Smuts
1193 3098 61 52 in
1290 3098 90 53 his
1416 3099 165 67 book,
1621 3098 264 54 “Holism
1923 3102 112 52 and
260 3102 1982 142 evolution”,

469 3176 1798 73 by Monsignor Kolbe … with a foreword by the Right
261 3255 373 53 Honourable
662 3254 246 55 General
939 3254 209 56 Smuts.
1224 3255 141 53 New
1394 3255 181 68 York,
1603 3256 122 53 The
1754 3257 338 53 Macmillan
262 3277 1981 125 company,
467 3336 151 50 1928.

331 3415 749 49 3 p. l., v-xiii, 103 p. 19½ᶜᵐ.
272 3470 52 52 ©
353 3473 115 48 Apr.
496 3473 69 41 17,
594 3473 141 46 1928;
764 3474 69 40 2c.
863 3473 95 39 and
987 3471 82 43 aff.
1098 3473 114 47 Apr.
1242 3472 83 48 18;
1355 3474 42 38 A
1425 3473 230 49 1068988;
1687 3475 284 41 Macmillan
2000 3488 69 29 co.

350 3529 282 50 (28-10545)

264 3609 133 63 Lee,
429 3609 278 54 Blanche.

396 3700 1871 71 … Singing gardens; poems, by Blanche Lee. Boston, The
267 3778 837 70 Stratford company [ ᶜ1 928 ]
333 3862 56 39 32
417 3873 43 36 p.
520 3861 116 40 25ᶜᵐ.
706 3861 126 49 (The
862 3862 250 40 Stratford
1141 3861 162 49 poets)

335 3918 72 40 On
436 3929 168 29 cover:
632 3919 102 39 The
766 3919 251 40 Stratford
1043 3920 235 40 booklets.

275 3971 52 53 ©
362 3976 116 48 Apr.
514 3975 39 50 9,
591 3975 142 48 1928;
770 3976 68 42 2c.
874 3976 114 49 Apr.
1026 3977 82 47 14;
1148 3976 85 43 aff.
1268 3977 114 48 Apr.
1420 3977 82 48 16;
1541 3977 43 40 A
1619 3977 230 49 1068940;
1893 3978 251 42 Stratford
2182 3991 81 37 co.,

341 4033 163 48 pubrs.
575 4032 280 50 (28-10647)
