2498 4384
1190 4073 137 54 1704

247 428 243 54 Illinois.
564 429 166 52 Laws
738 472 11 25 ,
786 434 240 48 statutes
1033 471 11 27 ,
1084 434 101 48 etc.

323 506 369 70 Callaghan’s
735 505 229 54 Illinois
1008 510 242 48 statutes
1292 504 327 53 annotated.
1701 507 135 51 1928
1880 506 378 67 supplement.

254 584 354 69 Containing
644 584 97 52 the
777 584 328 68 legislation
1144 583 250 68 adopted
1434 587 60 48 at
1530 583 96 52 the
1665 582 212 68 special
1915 582 240 54 sessions
2195 581 65 54 of

251 663 96 52 the
388 663 332 69 legislature
761 662 134 53 held
938 663 61 51 in
1044 664 134 50 1928
1221 661 115 52 and
1380 661 468 67 supplementary
1892 660 367 54 annotations

255 741 153 53 from
435 744 101 49 326
560 740 247 69 Illinois,
832 757 146 52 page
1004 739 119 68 373,
1148 739 170 52 down
1341 743 59 48 to
1427 740 102 50 330
1555 738 246 69 Illinois,
1827 757 146 51 page
2001 741 119 66 510,
2147 739 113 52 and

252 824 102 49 245
387 820 306 68 appellate,
726 837 146 51 page
908 822 46 64 1,
988 819 168 51 down
1188 824 60 46 to
1281 820 101 49 249
1416 818 305 67 appellate,
1754 835 147 51 page

1936 820 116 50 161.
252 816 1983 151 Chicago,
441 897 324 69 Callaghan
795 897 114 52 and
939 914 300 50 company,
1272 898 150 51 1928.

321 982 27 39 2
376 992 44 38 p.
484 1012 9 17 l.,
520 980 88 40 208
634 990 44 38 p.
733 978 149 43 26½ᶜᵐ.

256 1049 52 52 ©
337 1052 103 41 Oct.
466 1051 70 48 23,
562 1050 141 47 1928;
732 1050 68 40 2c.
827 1050 96 39 and
949 1048 83 42 aff.
1060 1049 102 41 Oct.
1189 1049 85 47 27;
1303 1049 42 39 A
1399 1049 112 47 1285;
1542 1048 270 49 Callaghan
1841 1049 37 41 &
1903 1060 68 29 co.

250 1146 244 64 Jansen,
534 1145 267 63 Werner,
844 1148 173 50 1890-

320 1225 123 52 The
471 1224 152 69 light
652 1222 65 54 of
748 1223 218 68 Egypt,
996 1223 76 68 by
1098 1223 243 54 Werner
1369 1223 235 67 Jansen,
1633 1223 320 53 translated
1985 1223 155 53 from
2168 1224 96 53 the

250 1302 253 55 German
534 1302 76 68 by
640 1302 263 54 William
937 1300 70 53 A.
1041 1300 213 53 Drake.
1329 1301 140 53 New
1502 1300 182 69 York,
1719 1301 358 68 Brentano’s,
2113 1304 150 51 1928.

321 1381 601 51 3 p. l., 3-307 p. 20 ᶜᵐ .
258 1450 51 53 ©
341 1454 130 49 Sept.
498 1454 70 48 29,
596 1453 141 47 1928;
768 1453 68 40 2c.
864 1453 103 41 Oct.
994 1452 54 48 2;
1080 1452 83 41 aff.
1193 1452 104 42 Oct.
1325 1453 54 47 3;
1410 1452 42 40 A
1479 1452 231 49 1053685;
1741 1453 291 41 Brentano’s
2062 1453 91 42 inc.

336 1511 283 50 (28-25027)

247 1606 194 65 Klein,
474 1607 206 63 Ernst,
717 1606 172 55 1876-

252 1683 1987 146 … Nuttchen, roman. l.-9. tausend. Berlin, P. Langenscheidt [ ᶜ192 8]
321 1846 85 40 211
444 1857 43 38 p.
548 1846 147 40 19½ᶜᵐ.

259 1914 1844 52 © Mar. 7, 1928; 1c. July 18; A—Foreign 39725 ; P. Langenscheidt.
337 1972 283 52 (28-25978)

255 2069 180 64 Lark,
473 2068 290 54 Dietrich.

322 2146 357 67 Weibertoll,
721 2163 200 34 roman
964 2164 111 33 von
1119 2145 265 53 Dietrich
1426 2146 174 52 Lark.
1676 2146 117 53 Ein
1835 2146 290 55 abschnitt
2168 2168 100 34 aus

254 2222 2012 72 dem wirklichen leben … [Aussig, Böhmen, K. Rudolf] 1928.
323 2307 339 50 303 p. 18 ᶜᵐ .
261 2361 1952 55 © Jan. 24, 1928; 1c. July 18; A —Foreign 39726; Karl Rudolf, verlag.
339 2421 283 52 (28-25977)

255 2519 82 52 Le
373 2519 298 61 Massena,
709 2515 280 55 Clarence
1025 2515 275 64 Edward,
1339 2520 172 50 1868-

331 2597 123 53 The
491 2614 169 51 songs
696 2594 66 54 of
801 2593 309 69 Schubert;
1150 2613 32 34 a
1220 2594 174 69 guide
1432 2594 95 53 for
1563 2595 238 70 singers,
1840 2598 273 69 teachers,
260 2604 1983 124 students

458 2674 114 53 and
606 2672 433 68 accompanists,
1068 2672 77 69 by
1180 2671 64 55 C.
1279 2673 68 52 E.
1379 2673 82 53 Le
1493 2673 283 69 Massena,
1810 2675 143 53 with
260 2675 1982 131 interpretative

478 2751 359 70 suggestions
873 2750 76 70 by
984 2750 167 54 Hans
1188 2750 184 54 Merx.
1447 2751 140 54 New
1626 2752 181 69 York,
1847 2753 69 55 G.
1957 2753 311 71 Schirmer,

260 2831 339 67 inc. [ ᶜ192 8]
333 2909 1297 52 vii, 184 p. front. (port.) illus. (music) 22½ ᶜᵐ .
263 2966 51 53 ©
345 2970 103 41 Oct.
476 2970 69 47 12,
574 2969 142 47 1928;
746 2969 68 40 2c.
845 2968 103 41 Oct.
977 2968 82 47 15;
1091 2967 83 42 aff.
1205 2967 104 42 Oct.
1336 2969 83 48 13;
1450 2969 42 39 A
1519 2970 83 48 36;
1636 2970 53 42 G.
1722 2970 258 51 Schirmer,
2009 2972 93 42 inc.

340 3025 283 51 (28-25136)

255 3121 232 65 Lewys,
522 3120 279 64 Georges,
835 3121 195 68 pseud.

331 3199 252 69 Georges
611 3198 220 68 Lewys’
860 3198 148 68 Epic
1037 3198 65 52 of
1128 3199 241 53 Verdun
1398 3200 113 51 and
1541 3200 239 53 Ballads
1810 3201 66 53 of
1904 3202 220 53 France
2155 3204 113 52 and

261 3278 164 52 other
456 3296 118 33 war
605 3295 192 49 poems
828 3277 301 68 including
1159 3277 123 52 The
1311 3277 182 52 battle
1523 3277 64 53 of
1619 3279 369 69 Beauséjour,
2020 3280 85 53 As
2139 3280 130 55 God

262 3356 61 52 in
349 3354 238 68 France,
613 3355 436 52 Miscellaneous
1076 3373 119 33 war
1223 3373 201 35 verses.
1489 3356 253 54 Limited
1771 3357 84 53 ed.
1919 3357 141 54 New
2089 3358 181 70 York,

259 3433 533 67 Lavater-Dorette,
825 3432 127 68 inc.,
987 3435 150 50 1928.

330 3517 28 39 7
383 3526 45 37 p.
492 3546 8 16 l.,
528 3514 158 48 5-303,
719 3515 54 49 [1]
802 3525 44 38 p.
902 3515 147 40 28½ᶜᵐ.

334 3571 147 41 “This
514 3571 110 41 first
657 3571 186 41 edition
876 3571 52 40 of
962 3572 197 39 Verdun
1194 3573 98 39 and
1326 3573 204 40 Ballads
1565 3573 42 41 is
1643 3573 194 49 strictly
1871 3574 191 41 limited
2098 3578 49 38 to
2182 3575 86 41 375

261 3629 58 40 de
344 3629 115 39 luxe
484 3627 174 49 copies,
684 3628 169 48 signed
877 3629 62 47 by
966 3628 82 40 the
1074 3628 195 41 author.
1326 3629 131 49 Copy
1483 3641 76 31 no.
1585 3629 72 42 4.”

265 3681 52 52 ©
348 3685 127 41 June
502 3685 70 47 20,
602 3684 141 48 1928;
774 3685 68 40 2c.
872 3687 96 39 and
996 3685 83 41 aff.
1109 3686 117 47 July
1255 3686 53 47 3;
1340 3687 41 39 A
1411 3686 229 42 1083344:
1674 3687 53 42 G.
1759 3689 183 48 Lewys,
1973 3690 119 39 New
2123 3689 144 41 York.

344 3741 282 49 (28-17870)

260 3834 243 66 Loring,
533 3837 139 54 Mrs.
708 3836 211 53 Emilie
962 3836 256 64 (Baker)

329 3911 131 70 Gay
499 3931 260 51 courage,
798 3913 76 69 by
915 3914 211 53 Emilie
1165 3914 236 70 Loring.
1479 3916 428 70 Philadelphia,
1948 3918 123 53 The
2107 3918 162 52 Penn

258 3990 339 71 publishing
628 4010 299 52 company,
962 3996 150 51 1928.
