2498 4384
1280 4092 101 49 410

312 441 304 63 Langdon,
648 440 289 64 Anthony
967 441 274 53 Edward.

386 518 1930 66 Nature’s rebuilt teeth and health … v. 1, 1928. Teeth and
316 595 1998 70 health rebuilt and preserved, discovered home treatment … by
315 673 281 69 Anthony
628 674 253 52 Edward
912 673 300 69 Langdon.
1288 674 313 67 Papillion,
1633 673 158 67 Neb.,
1827 676 149 51 1928.

385 755 743 50 1 p. l., 146, [3] p. illus. 23 ᶜᵐ.
320 809 51 52 ©
401 815 123 38 Mar.
554 813 69 47 12,
652 812 115 41 1928;
823 813 69 40 2c.
922 813 122 40 Mar.
1074 813 56 38 14;
1189 811 83 42 aff.
1303 814 121 40 Mar.
1454 813 56 39 15;
1568 813 42 39 A
1638 812 206 41 1069340;
1899 813 55 40 A.
1985 814 54 40 E.
2070 814 246 47 Langdon.

397 870 252 49 (28-8503)

315 962 314 64 Laughlin,
667 962 173 55 Clara
876 962 329 61 Elizabeth,
1244 962 171 54 1873-

386 1040 77 55 So
494 1040 192 68 you’re
721 1041 177 68 going
930 1048 59 45 to
1020 1040 217 53 Rome!
1316 1041 135 53 And
1484 1042 53 51 if
1569 1042 31 52 I
1633 1060 143 33 were
1810 1041 176 69 going
2017 1041 140 53 with
2190 1060 129 50 you,

313 1117 2008 148 these are the things I’d invite you to do, by Clara E. Laughlin … Boston and New York, Houghton Mifflin company,
316 1276 153 51 1928.

384 1357 154 48 xxxii,
567 1356 86 41 385
683 1367 44 37 p.
786 1356 165 47 front.,
980 1357 172 47 plates,
1183 1358 151 47 ports.
1395 1358 146 40 17½ᶜᵐ.

385 1415 141 47 Maps
555 1424 62 29 on
646 1413 366 48 lining-papers.

386 1470 251 47 Contains,
675 1470 50 38 in
764 1470 126 47 part,
929 1468 228 41 material
1195 1468 282 49 previously
1513 1470 118 39 used
1669 1470 48 39 in
1759 1469 91 41 “So
1887 1470 164 47 you're
2091 1472 143 47 going
2270 1475 48 37 to

315 1526 177 50 Italy”.

664 1583 241 47 CONTENTS.—Naples
940 1583 95 39 and
1068 1581 666 48 vicinity.—Rome.—North
1765 1582 128 41 from
1926 1584 149 39 Rome
2109 1587 47 36 to
314 1584 1989 103 Florence.—Sicily.

321 1693 51 52 ©
403 1698 123 39 Mar.
555 1696 69 47 16,
652 1695 116 40 1928;
823 1695 68 40 2c.
921 1694 123 40 Mar.
1071 1693 56 39 21;
1186 1692 83 41 aff.
1300 1693 123 41 Mar.
1451 1693 60 40 20;
1567 1694 43 38 A
1636 1693 204 41 1068449;
1900 1695 49 41 C.
1980 1697 53 39 E.
2065 1696 255 47 Laughlin,

389 1753 225 48 Chicago.
684 1751 252 49 (28-8358)

314 1848 237 59 Linton,
585 1846 297 54 Clarence.

389 1925 56 52 A
478 1925 172 68 study
682 1922 65 54 of
779 1941 150 35 some
964 1922 286 68 problems
1284 1922 220 69 arising
1538 1922 60 53 in
1631 1923 97 53 the
1763 1923 312 54 admission
2110 1923 65 54 of
320 1929 1980 127 students
519 2021 60 34 as

613 2001 332 53 candidates
982 2000 93 53 for
1110 1999 384 69 professional
1531 2001 231 68 degrees
1797 2001 61 52 in
1894 2000 321 69 education,
2250 2001 75 70 by

317 2077 1984 134 Clarence Linton … New York city, Teachers college, Columbia
446 2157 338 69 university,
818 2156 152 55 1927.

389 2238 1918 50 xii, 163 p. incl. forms. 24 ᶜᵐ. (Teachers college, Columbia university
321 2297 369 41 Contributions
721 2299 48 38 to
799 2295 272 46 education,
1104 2306 74 30 no.
1208 2295 113 48 285)

390 2353 378 49 Bibliography:
804 2364 43 37 p.
880 2352 218 41 162-163.

324 2408 51 52 ©
409 2413 119 39 Nov.
561 2412 68 46 15,
663 2410 114 40 1927;
837 2411 69 40 2c.
939 2411 111 40 Jan.
1082 2411 70 46 11,
1186 2409 116 41 1928;
1364 2409 82 41 aff.
1481 2411 110 40 Jan.
1625 2411 54 39 13;
1743 2410 42 39 A
1816 2410 207 41 1018666;
2083 2412 242 39 Teachers

391 2469 193 48 college,
624 2467 251 42 Columbia
913 2467 130 40 univ.
1115 2466 252 49 (28-8329)

319 2562 261 64 Lipting,
613 2561 278 64 Bigelow.

392 2639 1936 71 Good-time games, by Bigelow Lipting … Boston, Chicago,
327 2716 1430 71 United society of Christian endeavor [ ᶜ19 27]
389 2801 251 48 40 p. 17 ᶜᵐ.
326 2854 51 52 ©
407 2859 128 39 June
560 2857 72 48 20,
660 2856 115 40 1927;
830 2856 68 41 2c.
928 2857 110 39 Jan.
1067 2855 69 48 16,
1165 2855 142 48 1928;
1339 2855 82 41 aff.
1451 2857 123 40 Mar.
1604 2856 53 48 9;
1688 2856 42 40 A
1758 2856 231 48 1068333;
2021 2857 182 40 United
2232 2868 94 31 soc.

393 2915 52 40 of
480 2914 252 41 Christian
766 2914 255 47 endeavor,
1058 2913 198 40 Boston.
1327 2911 252 51 (28-8320)

324 3009 231 61 Lomer,
588 3008 212 63 Georg.

395 3087 121 52 Das
550 3086 263 52 hohelied
850 3086 97 51 des
980 3085 280 52 himmels.
1334 3085 127 52 Bad
1502 3083 480 71 Schmiedelberg,
2020 3083 309 71 Germany,

325 3165 64 51 F.
422 3165 66 51 E.
520 3165 332 51 Baumanns
880 3163 214 68 verlag,
1122 3162 221 52 Lothar
1373 3163 322 66 Baumann,
1728 3161 151 54 1927.

421 3248 72 38 1 v.
329 3299 1982 108 © July 28, 1927; 1c. Oct. 15; A—Foreign 35999; F. E. Baumanns verlag,
522 3359 185 39 Lothar
736 3359 272 39 Baumann.

326 3439 242 63 Lüttge,
598 3439 88 53 W.

397 3516 252 52 Alkohol
652 3515 651 53 —extrakt—reaktion.
1378 3533 146 48 [Von]
1579 3516 90 53 W.
1703 3516 212 68 Lüttge
1946 3516 119 52 und
2096 3517 90 53 W.
2219 3534 111 34 von

326 3594 203 51 Mertz.
603 3593 258 69 Leipzig,
894 3592 56 55 S.
984 3593 220 67 Hirzel,
1240 3592 149 54 1927.

396 3677 26 37 1
452 3686 44 30 v.

331 3728 1661 52 © Feb. 16, 1927; 1c. Oct. 15; A—Foreign 36082; S. Hirzel.
326 3810 356 62 MacIntyre,
718 3810 255 53 William
1011 3810 196 63 Irwin,
1247 3813 171 50 1882-

396 3888 381 68 Maclntyre’s
806 3889 309 52 annotated
1146 3887 251 70 Georgia
1428 3888 181 53 forms
1640 3888 94 52 for
1765 3889 95 52 the
1890 3907 96 35 use
2015 3888 67 53 of
2109 3889 222 68 judges,

327 3965 259 70 lawyers,
622 3966 231 69 justices
891 3966 64 54 of
992 3967 95 53 the
1126 3984 187 51 peace,
1351 3967 209 54 officers
1598 3966 65 54 of
1699 3972 178 63 court,
1913 3967 262 67 bankers,
2212 3966 118 55 real
