2498 4384
1300 3952 135 51 1018

422 374 129 39 “The
579 373 188 41 Joshua
797 375 116 46 tree,
943 384 128 37 upon
1100 374 163 40 sheets
1292 373 52 41 of
1371 374 82 40 the
1480 376 139 38 wood
1647 374 52 40 of
1725 373 159 41 which
1911 375 82 39 the
2020 374 124 48 lyric
2173 375 52 40 of
2250 376 101 40 this

349 432 191 38 volume
568 429 42 40 is
637 429 207 49 printed,
875 429 42 40 is
945 440 88 30 one
1061 430 53 40 of
1141 431 82 39 the
1253 439 145 38 many
1425 429 184 49 species
1635 430 52 40 of
1715 431 81 39 the
1824 430 192 47 yucca.”

360 496 52 52 ©
449 501 114 46 May
595 500 41 47 4,
671 499 141 48 1928;
849 500 68 40 2c.
952 501 115 46 May
1101 500 81 47 14;
1220 499 83 41 aff.
1340 501 114 46 May
1488 499 82 48 12;
1607 499 42 40 A
1683 500 230 48 1074512;
1952 501 52 40 F.
2040 502 72 40 W.
2149 501 202 48 Benton,

426 557 93 39 Los
547 556 221 48 Angeles.
839 555 281 50 (28-17089)

354 652 222 63 Bogen,
609 650 165 54 Jules
806 649 198 64 Irwin,
1042 654 172 49 1903-

430 727 275 72 Analysis
729 727 66 55 of
819 728 255 54 railroad
1098 727 292 55 securities;
1448 748 31 33 a
1506 728 173 71 guide
1705 734 60 48 to
1790 728 96 54 the
1913 728 441 55 determination

361 807 1995 70 of investment values, by Jules I. Bogen … New York, The
360 886 950 69 Ronald press company [ ᶜ19 28]
432 967 1051 50 xi, 449 p. illus. (maps) diagrs. 22 ᶜᵐ .
436 1037 350 42 “References”
836 1040 53 39 at
935 1039 93 40 end
1074 1038 52 40 of
1173 1040 120 39 each
1341 1040 202 47 chapter
1592 1041 172 46 except
1809 1048 117 39 one;
1977 1038 376 49 Bibliography:

363 1106 45 38 p.
432 1096 221 43 432-434.

362 1164 55 53 ©
450 1169 116 48 July
599 1170 40 46 3,
674 1169 140 47 1928;
850 1170 68 40 2c.
954 1170 116 46 July
1104 1170 52 46 7;
1193 1168 84 41 aff.
1312 1169 116 47 July
1462 1168 52 47 5;
1551 1169 41 38 A
1625 1168 230 48 1083160;
1892 1168 192 41 Ronald
2118 1178 137 39 press
2290 1179 66 30 co.

441 1225 280 50 (28-16991)

355 1321 186 62 Bond,
569 1320 142 54 Otto
741 1319 356 64 Ferdinand,
1126 1320 84 53 ed.

436 1396 1860 71 Terre de France, premières lectures, by Otto F. Bond …
367 1475 272 69 Chicago,
666 1475 115 68 Ill.,
812 1476 122 53 The
962 1475 341 70 University
1333 1474 66 55 of
1431 1474 252 71 Chicago
1715 1493 158 52 press
1911 1478 174 66 [1928]

435 1556 1925 52 xiii, 257 p. illus. (incl. ports., maps, music) 20 ᶜᵐ . (Half-title: The
368 1611 284 51 University
687 1614 52 41 of
774 1614 209 48 Chicago
1019 1614 166 48 junior
1221 1616 179 47 college
1437 1614 164 41 series.
1662 1615 243 40 Romance
1941 1614 293 50 languages)

438 1684 260 41 “Lectures
723 1684 479 49 complémentaires”:
1261 1686 53 39 at
1338 1687 92 38 end
1456 1685 52 40 of
1534 1687 119 39 each
1677 1685 215 49 chapter.

365 1739 52 52 ©
443 1744 127 39 June
591 1743 69 48 19,
686 1742 140 47 1928;
851 1743 68 40 2c.
944 1744 96 38 and
1063 1742 82 42 aff.
1171 1742 126 41 June
1320 1743 82 47 30;
1429 1743 42 39 A
1493 1742 230 48 1082350;
1751 1743 284 48 University
2061 1744 51 40 of
2138 1743 222 50 Chicago,

433 1800 224 48 Chicago.
728 1799 280 50 (28-16934)

361 1893 329 65 Boughter,
719 1894 170 53 Isaac
917 1893 237 64 Fegley,
1186 1897 172 50 1899-
1576 1894 84 53 ed.

426 1971 161 55 West
637 1971 271 69 Virginia
959 1971 225 69 history
1234 1973 114 52 and
1398 1977 372 64 government
1819 1972 124 53 told
1993 1971 75 70 by
357 1979 1978 139 contemporaries,

660 2049 1553 70 edited by I. F. Boughter, A. M., John W. Pence, A. M.
357 2128 321 68 Fairmont,
719 2127 91 55 W.
853 2128 127 67 Va.,
1021 2128 382 68 Department
1445 2127 66 53 of
1550 2128 223 69 history
1818 2129 113 52 and
1975 2134 390 63 government,

357 2205 1072 69 Fairmont teachers college [ ᶜ19 28]
444 2289 357 50 [ 264] p. 23 ᶜᵐ .
428 2346 211 41 Various
672 2345 219 51 pagings.

429 2403 235 43 Contains
698 2402 396 50 bibliographies.

368 2457 53 55 ©
452 2462 129 39 June
607 2460 69 48 12,
707 2459 141 48 1928;
880 2460 68 40 2c.
981 2461 96 38 and
1107 2459 82 41 aff.
1222 2460 129 39 June
1379 2460 84 46 22;
1496 2460 41 38 A
1567 2459 229 49 1077987;
1832 2461 38 41 I.
1902 2461 51 40 F.
1986 2461 249 49 Boughter
2266 2463 93 40 and

437 2518 128 40 John
588 2518 72 41 W.
685 2518 167 47 Pence,
879 2516 266 49 Fairmont,
1171 2517 73 40 W.
1268 2517 85 40 Va.
1425 2516 279 49 (28-17088)

363 2613 299 63 Brandon,
696 2612 156 54 John
889 2611 247 64 George.

436 2693 122 53 The
584 2696 179 49 secret
788 2690 403 53 brotherhood,
1267 2691 161 67 chap.
1459 2689 32 54 7
1530 2689 410 71 (contd.)—12.

454 2773 84 49 (In
569 2771 187 44 Corner
790 2770 277 53 magazine,
1101 2769 133 54 July,
1270 2770 145 51 1928)

369 2822 1979 108 © 1c. Aug. 2, 1928; A ad int. 11467; pubd. June 5; J. G. Brandon, Westward
605 2885 91 51 Ho,
727 2888 157 40 North
916 2887 180 49 Devon,
1131 2888 238 47 England.

365 2983 285 63 Chaucer,
685 2982 297 64 Geoffrey,
1013 2983 56 53 d.
1106 2986 151 49 1400.

444 3060 362 70 Canterbury
842 3060 161 67 tales,
1039 3060 78 70 by
1155 3059 271 71 Geoffrey
1467 3060 275 69 Chaucer,
1781 3060 142 54 with
1962 3080 74 35 an
371 3061 1970 145 introduction,

540 3138 1825 72 notes and a glossary by John Matthews Manly … New
372 3215 1134 70 York, H. Holt and company [ ᶜ19 28]
476 3297 1474 51 x p., 2 l., 3-721 p. front. (facsim.) plates, map. 22 ᶜᵐ .
444 3355 295 40 “Reference
766 3354 114 40 list”:
936 3365 44 38 p.
1008 3354 218 42 144-147.

371 3409 54 51 ©
463 3413 127 39 June
624 3413 70 46 14,
731 3412 140 46 1928;
910 3413 68 39 2te.
1016 3413 98 39 and
1147 3412 82 40 aff.
1269 3413 115 47 July
1421 3415 52 45 7;
1513 3413 42 40 A
1590 3414 231 48 1082437;
1860 3415 169 49 Henry
2068 3416 122 40 Holt
2223 3416 37 40 &
2296 3427 70 30 co.

442 3465 68 53 [©
539 3469 345 48 introduction,
913 3472 142 37 notes
1080 3473 96 38 and
1204 3480 29 29 a
1261 3471 235 48 glossary]
1569 3471 281 49 (28-16933)

370 3563 146 63 Dell,
554 3564 177 52 Ethel
769 3565 158 62 May.

441 3642 122 52 The
592 3647 133 63 gate
752 3642 236 53 marked
1022 3643 240 67 private.
1345 3644 388 65 [Instalments
1768 3646 152 65 9-15]

480 3726 60 38 (In
570 3721 158 43 Home
758 3725 143 39 notes
933 3722 287 52 magazine)

373 3776 1989 58 © 1c. each Aug. 4, 1928; A ad int. 11483; pubd. June 9, 16, 23, 30,
442 3838 116 47 July
582 3839 38 45 7,
646 3838 69 47 14,
741 3838 55 39 21;
852 3839 143 40 Ethel
1021 3840 141 47 Mary
1190 3839 200 48 Savage,
1417 3840 30 41 i.
1474 3851 38 30 e.
1539 3842 115 39 Mrs.
1683 3841 179 41 Gerald
1892 3841 200 49 Savage,
2120 3841 244 49 Ewhurst,

443 3893 192 50 Surrey,
662 3896 235 47 England.
