2498 4384
1246 4095 102 53 472

273 535 2005 72 By Robert Murray Haig … in consultation with Roswell C.
270 615 2008 70 McCrea … New York, Regional plan of New York and its
269 694 286 68 environs,
588 695 151 53 1927.

275 775 2008 101 xvii p., 3 l., 5-111, [2] p. front., illus. (maps) diagr. 28½ ᶜᵐ . (Half-title:
438 818 237 65 Regional
708 844 177 38 survey
919 834 51 40 of
1002 833 118 41 New
1152 834 132 40 York
1317 836 97 39 and
1445 835 66 39 its
1544 834 242 48 environs,
1819 836 93 39 vol.
1974 834 14 47 I)

344 906 76 39 An
454 904 220 48 analysis
709 904 52 40 of
796 904 81 39 the
912 903 210 48 findings
1158 903 53 40 of
1248 905 82 39 the
1365 904 258 40 Economic
1657 904 99 40 and
1787 904 267 40 industrial
2091 913 193 37 survey.

345 962 237 41 Contains
619 971 28 30 a
683 963 165 45 report
884 960 52 40 of
972 960 82 40 the
1088 960 341 48 organization
1465 961 97 40 and
1597 960 329 49 publications
1961 960 51 40 of
2048 961 83 39 the

273 960 1992 107 “Regional
464 1018 115 48 plan
606 1017 52 40 of
684 1017 117 39 New
828 1017 131 40 York
986 1018 95 38 and
1110 1017 65 40 its
1202 1016 257 41 environs”
1497 1017 127 47 (xvii
1652 1018 68 47 p.)

281 1070 52 52 ©
370 1075 123 41 Mar.
528 1074 40 47 3,
606 1073 116 41 1928;
784 1073 68 41 2c.
890 1073 95 39 and
1022 1072 82 42 aff.
1142 1073 124 40 Mar.
1301 1073 57 40 23;
1424 1073 41 39 A
1502 1072 203 41 1068494;
1773 1073 289 41 Committee
2099 1084 60 28 on
348 1072 1919 108 Regional

542 1132 115 46 plan
687 1130 51 40 of
768 1130 117 40 New
915 1130 131 39 York
1076 1130 95 39 and
1201 1130 67 39 its
1298 1130 242 48 environs,
1572 1130 119 40 New
1720 1130 145 41 York.

362 1188 253 48 (28-9251)

280 1282 227 62 Hardy,
540 1281 277 52 Thomas.

350 1360 328 54 Childhood
711 1377 208 50 among
949 1358 95 53 the
1079 1358 175 53 ferns.
1328 1359 333 67 [Published
1693 1360 456 68 posthumously]

358 1443 85 47 (In
472 1438 202 43 London
704 1437 149 53 Daily
884 1437 291 53 telegraph)

282 1496 2004 51 © 1c. May 2, 1928; A ad int. 11022; pubd. Mar. 29; Florence E. Hardy,
350 1556 308 46 Dorchester,
701 1556 191 46 Dorset,
934 1556 237 47 England,
1213 1556 97 39 and
1353 1555 192 48 Sydney
1587 1555 49 42 C.
1678 1555 263 46 Cockerell,
1984 1555 304 48 Cambridge,

351 1614 238 47 England.

352 1706 77 55 So
464 1707 245 52 various.
792 1706 332 67 [Published
1161 1706 455 68 posthumously]

358 1790 85 48 (In
475 1785 202 44 London
710 1785 147 52 Daily
890 1784 292 53 telegraph)

283 1843 2005 52 © 1c. May 2, 1928; A ad int. 11020; pubd. Mar. 22; Florence E. Hardy,
351 1903 309 47 Dorchester,
703 1903 191 48 Dorset,
935 1904 238 47 England,
1214 1904 96 39 and
1354 1903 192 48 Sydney
1587 1903 51 42 C.
1679 1902 262 49 Cockerell,
1985 1902 304 51 Cambridge,

355 1961 238 47 England.

276 2054 337 63 Haukland,
646 2054 275 52 Andreas
951 2053 164 53 Elias
1144 2053 321 63 Davidsen,
1499 2054 171 53 1873-

283 2131 1984 150 … Ane Marie Arnaas, roman. Oslo, Gyldendal, Norsk forlag, 1927.
351 2293 630 50 2 p. l., [7]-180 p. 20 ᶜᵐ .
351 2352 65 41 At
445 2352 125 40 head
601 2350 52 42 of
680 2351 110 41 title
808 2361 8 29 :
848 2351 222 41 Andreas
1101 2350 282 42 Haukland.

285 2405 2007 55 © Nov. 17, 1927; 1c. Jan. 4, 1928; A—Foreign 36802; Gyldendal, Norsk
353 2467 177 48 forlag.
601 2465 252 50 (28-9280)

277 2560 237 64 Hough,
553 2560 278 54 Clarence
870 2560 334 63 Augustus,
1248 2563 170 50 1867-

349 2640 119 52 Are
500 2657 112 51 you
645 2638 238 69 cashing
913 2638 94 52 in?
1086 2640 122 51 The
1242 2638 129 53 “old
1406 2640 168 51 man”
1609 2641 128 51 tells
1770 2640 98 53 the
1899 2641 137 68 boys
2069 2641 129 52 how
2232 2647 58 47 to

279 2724 96 63 get
414 2718 177 66 there,
630 2717 77 70 by
750 2716 271 55 Clarence
1061 2717 234 69 Hough.
1374 2716 270 70 Chicago,
1686 2719 122 52 The
1848 2719 443 53 Manufacturer

281 2815 169 48 news,
484 2794 151 56 1927.

352 2879 607 49 3 p. l., 5-91 p. 17½ ᶜᵐ .
289 2932 52 52 ©
379 2936 113 40 Dec.
531 2935 69 47 10,
639 2934 141 47 1927;
820 2935 68 41 2c.
929 2935 122 40 Mar.
1089 2934 71 48 24,
1199 2934 142 47 1928;
1383 2934 83 41 aff.
1506 2936 124 40 Mar.
1667 2936 84 47 23;
1793 2936 43 40 A
1873 2936 232 48 1069547;
2148 2937 50 42 C.
2237 2938 54 41 A.

357 2992 191 48 Hough,
586 2991 224 48 Chicago.
884 2990 251 49 (28-9245)

279 3087 243 53 Illinois.
596 3086 184 67 Laws,
812 3091 257 62 statutes,
1104 3092 101 46 etc.

357 3166 122 51 The
510 3164 245 52 Revised
786 3168 239 48 statutes
1058 3162 64 53 of
1152 3164 98 52 the
1283 3168 147 49 state
1460 3163 65 53 of
1555 3164 247 69 Illinois,
1838 3166 152 68 1927,

289 3167 1983 144 comprising
420 3244 79 50 all
529 3243 95 51 the
656 3247 288 63 statutory
974 3242 111 51 law
1116 3240 65 53 of
1213 3260 32 33 a
1279 3244 231 67 general
1542 3243 294 53 character

1869 3244 63 53 in
1965 3244 158 54 force
289 3244 1983 129 September
540 3323 47 63 1,
624 3320 151 53 1927.
848 3318 408 55 Smith-Hurd.
1332 3319 271 71 Chicago,
1640 3322 68 52 B.

1744 3321 57 55 J.
1840 3321 192 56 Smith
2068 3326 47 50 &
288 3341 1985 126 company,
491 3397 151 55 1927.

359 3479 365 49 2995 p. 27 ᶜᵐ .
292 3533 52 52 ©
373 3537 129 47 Sept.
527 3536 69 43 19,
623 3536 113 40 1927;
790 3537 69 40 2c.
885 3536 103 41 Oct.
1015 3537 55 40 17;
1126 3536 83 41 aff.
1238 3537 121 41 Mar.
1385 3537 70 48 30,
1483 3537 115 42 1928;
1654 3538 43 39 A
1721 3538 204 41 1068664;
1982 3541 240 43 Burdette
2249 3543 44 41 J.

362 3593 158 41 Smith
546 3593 36 40 &
608 3604 68 30 co.
746 3593 251 48 (28-9287)

284 3686 168 62 Joad,
486 3685 163 64 Cyril
679 3687 206 52 Edwin
918 3686 383 63 Mitchinson,
1335 3690 171 50 1891-

359 3765 123 52 The
516 3763 194 54 future
743 3764 65 53 of
839 3763 122 62 life,
995 3783 31 37 a
1059 3765 204 66 theory
1297 3765 64 52 of
1393 3766 271 62 vitalism,
1696 3766 77 67 by
1808 3767 62 55 C.
1905 3769 67 52 E.
2008 3769 81 52 M.
2125 3770 168 53 Joad.

289 3844 241 52 London
560 3845 45 49 &
634 3843 139 53 New
806 3843 180 66 York,
1015 3843 69 54 G.
1115 3844 65 52 P.
1213 3843 299 54 Putnam’s
1544 3862 128 36 sons
1730 3848 151 65 [1928]

359 3924 874 50 xii (i. e. xiii), 167, [1] p. 19½ ᶜᵐ .
295 3977 1999 57 © 1c. Mar. 23, 1928; A ad int. 10799; pubd. Feb. 29; G. P. Putnam’s
366 4050 127 29 sons.
566 4040 251 46 (28-9311)
