2498 4384
1240 4088 135 51 1866

298 441 244 64 Martin,
580 441 217 65 Oliver,
833 447 170 49 1885-

371 520 1879 70 The Chesapeake and Potomac country, by Oliver Martin …
300 597 382 55 illustrations
715 600 74 67 by
826 600 67 52 E.
928 600 65 53 L.
1029 600 296 68 Florance,
1358 598 70 69 jr.
1504 600 422 69 [Washington,
1958 600 73 52 D.
2068 599 82 68 C.]
2188 601 122 53 The

300 677 364 68 Chesapeake
696 679 114 51 and
841 678 274 52 Potomac
1146 678 302 67 telephone
1479 696 299 54 company,
1810 681 151 51 1928.

368 759 984 50 4 p. l., [13]-327, [1] p. illus., pl. 23 ½ ᶜᵐ.
369 830 41 39 A
448 829 212 41 revision
698 829 53 40 of
786 830 199 40 articles
1023 830 160 39 which
1220 830 246 47 appeared
1503 829 50 40 in
1591 830 84 40 the
1711 830 345 49 Transmitter,
2096 831 83 42 the
299 842 1990 92 employees’

541 887 252 47 magazine
826 887 52 40 of
910 886 82 40 the
1026 886 315 48 Chesapeake
1374 887 97 39 and
1505 888 231 39 Potomac
1770 887 255 48 telephone
2060 898 249 37 company,

300 942 278 49 describing
606 943 82 41 the
719 943 234 48 territory
984 944 172 39 served
1184 944 63 47 by
1278 943 82 40 the
1391 954 236 37 company.
1702 944 61 48 cf.
1795 944 103 40 The
1928 944 220 40 author’s
299 947 1994 94 notebook.

372 1056 378 48 “Development
780 1056 51 40 of
857 1056 84 40 the
968 1056 255 48 telephone
1251 1057 51 39 in
1330 1057 84 40 the
1443 1057 314 48 Chesapeake
1785 1058 96 39 and
1909 1058 233 40 Potomac
301 1068 1992 92 country”:
467 1123 42 38 p.
543 1112 250 49 [295]-312.

299 1178 52 52 ©
382 1182 102 40 Oct.
513 1182 69 48 10,
611 1182 115 40 1928;
783 1183 67 40 2c.
880 1184 97 38 and
1005 1181 83 41 aff.
1118 1182 103 41 Oct.
1252 1183 55 39 15;
1366 1183 41 39 A
1435 1183 117 40 1510;
1609 1182 314 49 Chesapeake
1951 1184 97 39 and
2080 1184 231 39 Potomac

369 1240 257 47 telephone
656 1250 66 30 co.
794 1239 282 48 (28-28983)

297 1334 485 53 Massachusetts
814 1334 242 64 general
1091 1334 281 65 hospital,
1404 1336 236 53 Boston.

366 1414 362 68 Laboratory
749 1414 235 52 manual
1009 1413 64 54 of
1095 1415 96 52 the
1215 1414 448 53 Massachusetts
1687 1414 232 69 general
1942 1414 274 69 hospital,
2237 1413 76 71 by

299 1491 129 70 Roy
454 1492 68 54 R.
549 1492 281 69 Wheeler,
912 1535 10 10 M.
988 1535 9 9 D.
1026 1493 114 52 and
1165 1492 68 54 F.
1261 1493 65 52 T.
1352 1492 250 69 Hunter,
1685 1535 10 10 M.
1760 1535 10 10 D.
1833 1493 73 53 2d
1931 1493 106 70 ed.,
2062 1492 109 54 enl.
2198 1493 113 54 and

293 1570 354 69 thoroughly
668 1589 114 34 rev.
858 1570 431 70 Philadelphia,
1310 1571 116 52 Lea
1449 1572 47 51 &
1515 1571 49 52 F
1570 1570 210 74 ebiger,
1803 1573 152 51 1928.

366 1651 681 50 iv p., 1 l., [17]-101 p. 18½ ᶜᵐ.
369 1720 313 41 Illustration
713 1733 61 28 on
803 1723 98 46 t.-p.

370 1779 131 39 “The
530 1778 108 40 first
668 1778 186 40 edition
885 1777 52 41 of
966 1778 100 40 this
1097 1779 136 39 work
1266 1789 116 39 [was]
1431 1778 258 49 published
1720 1780 60 47 by
1812 1779 84 40 the
1925 1780 390 41 Massachusetts

296 1837 198 47 general
526 1835 215 49 hospital
773 1836 50 39 in
853 1835 353 41 1922.”—Pref.

302 1903 52 53 ©
386 1908 129 47 Sept.
543 1908 69 46 13,
641 1905 117 41 1928;
812 1907 67 39 2c.
911 1906 128 48 Sept.
1068 1907 55 38 15;
1182 1906 83 41 aff.
1298 1907 128 47 Sept.
1455 1907 56 38 24;
1569 1907 42 38 A
1639 1906 204 40 1054714;
1903 1908 97 39 Lea
2030 1907 37 40 &
2096 1907 216 48 Febiger.

381 1964 283 48 (28-29164)

299 2057 239 54 Miriam
577 2058 238 63 Teresa,
851 2058 203 69 Sister,
1096 2059 327 51 1901-1927.

367 2134 1886 70 Greater perfection; conferences of Sister Miriam Teresa …
299 2215 191 53 edited
533 2215 76 68 by
652 2215 138 52 Rev.
837 2213 239 55 Charles
1123 2213 62 55 C.
1228 2213 441 69 Demjanovich,
1753 2257 10 10 A.
1865 2257 11 10 M.
1950 2214 142 53 New
2137 2213 182 69 York,

297 2293 63 52 P.
389 2294 57 53 J.
477 2293 241 68 Kenedy
747 2294 46 50 &
820 2310 148 49 sons,
1000 2294 150 49 1928.

369 2373 417 50 xvii, 306 p. 20½ ᶜᵐ.
304 2429 52 52 ©
391 2434 121 39 Nov.
548 2433 69 46 14,
654 2432 115 40 1928;
833 2433 68 40 2c.
937 2433 118 39 Nov.
1093 2431 82 47 19;
1214 2431 85 41 aff.
1335 2433 118 40 Nov.
1489 2432 83 47 20;
1611 2432 41 39 A
1689 2433 114 40 1813;
1870 2433 52 40 P.
1959 2433 43 40 J.
2040 2433 203 45 Kenedy
2280 2435 36 41 &

371 2501 127 29 sons.
568 2489 282 49 (28-28971)

298 2584 300 64 Mühsam,
626 2582 199 65 Erich,
859 2584 173 53 1878-

435 2659 1743 70 … Sammlung, 1898-1928. Berlin, J. M. Spaeth, 1928.
369 2743 662 51 3 p. l. , 9-353, [5] p. 20 ᶜᵐ.
641 2798 115 43 CONTENTS.—1.
788 2801 36 39 t.
854 2797 272 44 Verse.—2.
1157 2800 37 39 t.
1225 2800 167 40 Prosa.

304 2856 52 52 ©
391 2859 115 48 Apr.
542 2859 39 47 6,
617 2857 141 48 1928;
826 2868 38 30 1c.
900 2857 117 47 July
1050 2856 83 47 18;
1171 2855 313 49 A—Foreign
1520 2855 171 48 39645;
1732 2855 43 41 J.
1813 2857 62 39 M.
1916 2855 183 49 Spaeth
2136 2865 180 38 verlag.

383 2914 282 50 (28-29388)

301 3008 266 66 Mueller,
601 3008 214 53 Alfred
849 3007 150 64 Don,
1036 3011 171 50 1893-

434 3084 1823 71 … Teaching in secondary schools, by A. D. Mueller …
302 3161 1502 70 New York & London, The Century co. [ ᶜ1 928]
372 3244 1454 52 xix, 452 p. 20½ ᶜᵐ. (The Century education series)
373 3306 252 41 “Selected
652 3302 304 42 references”:
1016 3314 45 37 p.
1088 3301 222 41 441--145.

307 3360 52 52 ©
388 3365 119 38 Nov.
536 3363 40 46 5,
605 3361 115 41 1928;
776 3362 67 40 2c.
873 3362 97 38 and
998 3359 82 42 aff.
1110 3360 118 39 Nov.
1257 3360 54 38 21;
1373 3359 40 39 A
1443 3358 83 41 703;
1587 3360 217 47 Century
1833 3370 67 29 co.

385 3419 283 50 (28-29225)

301 3513 264 63 Nichols,
607 3510 307 65 Beverley,
958 3515 172 50 1899-

378 3593 123 51 The
540 3596 120 48 star
700 3590 279 68 spangled
1020 3607 256 48 manner,
1316 3587 74 69 by
1433 3588 276 68 Beverley
1753 3587 252 53 Nichols.
2086 3586 231 55 Garden

310 3669 155 70 City,
490 3669 70 53 N.
590 3669 91 67 Y.,
706 3668 359 67 Doubleday,
1092 3667 201 52 Doran
1320 3668 46 50 &
1394 3683 300 51 company,
1721 3665 128 68 inc.,
1879 3669 151 49 1928.

413 3750 506 50 x p., 1 l., 274 p. 21 ᶜᵐ.
380 3809 75 39 An
493 3807 320 49 Englishman
850 3805 281 41 interviews
1169 3805 225 40 America
1433 3805 97 39 and
1567 3815 132 30 some
306 3801 1996 104 Americans.—Publisher’s
430 3865 401 40 announcement.

377 3921 165 40 “First
574 3919 228 42 edition.”

310 3974 52 53 ©
394 3978 103 41 Oct.
528 3979 69 46 11,
628 3976 114 42 1928;
802 3977 67 41 2c.
900 3976 120 41 Nov.
1049 3977 24 38 1;
1136 3975 81 42 aff.
1252 3976 102 41 Oct.
1386 3976 54 40 31;
1501 3975 41 39 A
1573 3973 114 42 1589;
1749 3973 300 48 Doubleday,
2084 3972 168 41 Doran
2283 3972 36 41 &

378 4046 83 37 co.,
491 4034 90 41 inc.
650 4033 281 50 (28-28978)
