2498 4384
1318 4088 139 49 2040

479 495 1932 51 “Of this first printing … nineteen hundred and ninety copies have
407 551 118 41 been
551 553 265 39 numbered
843 553 99 40 and
969 563 84 30 are
1081 555 339 47 autographed
1449 555 61 47 by
1541 554 82 40 the
1653 555 192 39 author.
1905 554 118 40 This
2055 565 119 37 copy
2205 555 43 40 is
405 567 1987 82 number
515 608 130 43 357.”

477 665 130 40 “The
633 665 191 40 sixteen
851 665 241 49 principal
1118 668 129 46 legal
1276 670 222 44 systems,
1528 669 114 46 past
1667 669 96 38 and
1793 671 210 44 present,
2032 668 130 40 form
2192 670 84 39 the
403 671 1991 99 subject—Egyptian,

854 723 404 48 Mesopotamian,
1287 723 225 49 Hebrew,
1542 723 220 49 Chinese,
1791 723 183 49 Hindu,
2006 724 172 50 Greek,
2209 727 202 47 Roman,

402 779 258 49 Japanese,
698 779 391 45 Mohammedan,
1125 780 177 49 Keltic,
1342 780 175 49 Slavic,
1556 780 272 51 Germanic,
1865 781 263 50 maritime,
403 783 1992 100 ecclesiastical,
566 837 351 49 Romanesque,
951 838 581 48 Anglican.”—Author’s
1565 841 128 38 note.

475 894 236 40 “Sources
758 895 53 39 of
856 894 332 42 illustrations;
1268 906 197 30 sources
1514 896 52 40 of
1614 896 285 41 documents
1947 898 179 47 quoted
2177 897 51 40 in
2276 899 105 39 text;

402 952 197 46 general
630 951 304 41 references”
969 955 51 37 at
1053 953 91 39 end
1177 952 53 40 of
1262 953 120 39 each
1414 953 218 47 chapter.
1693 953 357 49 “Reading-list
2083 954 52 41 of
2167 955 161 40 works
2360 954 49 40 in

402 1009 83 39 the
512 1008 205 48 English
741 1009 271 48 language”:
1070 1020 44 29 v.
1142 1010 41 45 1,
1212 1021 44 37 p.
1282 1009 196 41 xiv-xv.

398 1076 53 52 ©
480 1081 113 40 Dec.
620 1080 39 48 1,
688 1080 115 41 1928;
859 1081 68 40 2c.
956 1081 120 40 each
1104 1083 98 38 and
1228 1080 116 44 affs..
1368 1081 114 42 Dec.
1511 1082 26 39 8;
1595 1082 41 39 A
1663 1082 267 41 3126-3128;
1986 1083 45 41 J.
2061 1084 62 39 H.
2151 1083 259 48 Wigmore,

467 1137 225 49 Chicago.
759 1137 283 49 (28-31092)

394 1247 272 64 Wilkins,
694 1248 102 52 Sir
823 1246 230 65 George
1081 1247 253 65 Hubert,
1367 1253 171 49 1888-

464 1326 431 54 Undiscovered
927 1326 331 67 Australia;
1292 1326 173 69 being
1497 1345 73 34 an
1604 1332 238 47 account
1874 1326 65 54 of
1972 1346 72 34 an
2078 1328 332 68 expedition

391 1410 60 48 to
487 1405 246 68 tropical
769 1404 300 53 Australia
1106 1410 58 47 to
1200 1405 201 52 collect
1437 1405 314 67 specimens
1787 1404 66 54 of
1886 1405 98 54 the
2020 1424 161 35 rarer
2214 1407 194 54 native

393 1481 181 55 fauna
607 1482 95 54 for
731 1483 97 53 the
859 1483 225 53 British
1115 1501 277 50 museum,
1425 1485 331 66 1923-1925,
1784 1484 77 69 by
1895 1483 169 69 Capt.
2100 1483 97 56 Sir
2228 1484 69 56 G.
2329 1485 78 53 H.

389 1562 273 67 Wilkins,
747 1604 10 10 M.
826 1605 9 9 C.
902 1562 262 66 London,
1193 1561 68 54 E.
1295 1562 163 52 Benn
1488 1561 227 54 limited
1772 1564 153 65 [1928]

462 1643 1776 50 viii, [3], 9-291, [1] p. front., plates, ports., fold. map, diagr. 22 ᶜᵐ.
395 1711 1996 110 © 1c. Dec. 3, 1928; A ad int. 12022; pubd. Oct. 5; G. H. Wilkins, Cleveland, O. (29-779)
388 1868 263 63 Winrod,
689 1867 216 54 Gerald
942 1868 251 54 Burton.

525 1945 1883 71 … Christ within, by Gerald B. Winrod. Wichita, Kan.,
391 2024 887 69 Defender publishers [ ᶜ1 928]
460 2107 574 50 3 p. l. , [9]-142 p. 19½ ᶜᵐ.
461 2179 64 40 At
553 2178 127 41 head
710 2178 52 41 of
791 2178 111 41 title:
960 2178 205 43 Winrod
1193 2178 228 42 lectures.

392 2244 52 53 ©
479 2250 118 47 July
630 2250 39 47 1,
704 2250 143 46 1928;
883 2250 68 40 2c.
985 2249 118 48 July
1136 2250 82 46 17;
1257 2249 84 40 aff.
1378 2249 129 48 Sept.
1541 2250 83 46 28;
1663 2249 41 40 A
1737 2249 231 48 1054756;
2007 2250 54 42 G.
2097 2251 55 41 B.
2187 2250 216 48 Winrod,

460 2306 228 49 Wichita,
717 2308 126 39 Kan.
911 2305 282 50 (28-31132)

387 2404 299 64 Winslow,
726 2403 254 54 Horatio
1018 2403 202 64 Gates,
1263 2408 171 50 1882-

519 2481 1645 69 … Into thin air. [London] V. Gollancz, ltd., 1928.
455 2568 86 40 288
570 2579 45 37 p.
674 2567 57 41 19ᶜᵐ.

458 2639 63 40 At
550 2639 125 39 head
703 2638 53 40 of
784 2638 110 40 title:
954 2637 209 41 Horatio
1196 2637 234 41 Winslow
1458 2639 96 38 and
1584 2637 159 40 Leslie
1774 2636 169 48 Quirk.

389 2707 2014 52 © 1c. Dec. 7, 1928; A ad int. 12086; pubd. Oct. 10; H. G. Winslow. San
456 2768 167 48 Diego,
654 2767 159 48 Calif.,
844 2767 160 40 Leslie
1031 2768 72 40 W.
1134 2767 169 47 Quirk,
1334 2766 241 48 Madison,
1605 2765 118 41 Wis.
1792 2765 223 49 (29-437)

384 2863 260 65 Wright,
671 2862 156 55 John
855 2864 251 62 Dutton,
1139 2867 175 50 1866-

462 2940 219 70 Speech
708 2941 270 69 teaching
1005 2946 59 47 to
1093 2941 96 52 the
1216 2939 166 64 deaf;
1416 2959 31 34 a
1477 2940 279 68 practical
1783 2939 327 69 handbook,
2139 2939 77 69 by
2244 2940 157 54 John

389 3018 2013 70 Dutton Wright … New York city. The Wright oral school
390 3101 302 64 [ ᶜ1 928].
457 3180 276 48 131 p. 17½ ᶜᵐ.
462 3251 129 39 “The
617 3253 196 45 greater
838 3253 113 45 part
980 3250 51 40 of
1059 3250 100 40 this
1184 3249 132 41 little
1343 3250 259 40 handbook
1632 3249 210 41 consists
1871 3250 52 39 of
1951 3252 184 37 matter
2162 3252 238 46 prepared

388 3307 93 48 for,
516 3309 97 38 and
645 3307 228 40 included
905 3307 64 47 in,
1002 3318 80 36 my
1114 3307 125 40 book
1270 3306 81 41 for
1383 3307 84 39 the
1498 3309 202 45 parents
1734 3305 53 42 of
1819 3317 164 37 young
2014 3306 119 40 deaf
2166 3306 234 41 children.

388 3365 103 39 The
521 3365 123 40 book
676 3365 158 40 called
866 3364 115 40 ‘The
1012 3364 129 40 little
1175 3363 117 41 deaf
1325 3363 145 41 child.
1531 3363 41 39 A
1603 3364 125 39 book
1758 3363 80 40 for
1871 3363 369 49 parents’.”—p.
2276 3362 40 41 5.

385 3433 53 51 ©
466 3437 113 40 Dec.
607 3437 70 44 14,
704 3436 115 41 1928;
877 3436 67 42 2c.
972 3437 97 39 and
1097 3435 83 42 aff.
1209 3436 114 40 Dec.
1351 3436 56 38 14;
1465 3435 41 39 A
1533 3435 119 40 2276;
1707 3435 44 40 J.
1781 3435 58 40 D.
1867 3435 209 48 Wright,
2105 3436 119 38 New
2252 3436 146 39 York.

463 3492 283 49 (28-31095)

381 3587 215 65 Zweig,
632 3587 244 64 Arnold,
915 3588 173 54 1887-

452 3667 122 52 The
604 3685 124 34 case
759 3665 64 54 of
859 3665 279 70 Sergeant
1170 3665 265 67 Grischa,
1466 3665 77 69 by
1574 3665 229 53 Arnold
1836 3665 210 68 Zweig,
2079 3664 319 53 translated

382 3744 155 53 from
569 3744 251 54 German
850 3745 77 67 by
958 3745 136 52 Eric
1129 3743 227 55 Sutton.
1426 3744 140 52 New
1597 3743 183 68 York,
1813 3744 121 52 The
1965 3743 228 69 Viking
2222 3761 177 50 press,

380 3826 152 51 1928.

449 3905 480 49 vi, 449, [1] p. 21½ ᶜᵐ.
383 3970 53 54 ©
466 3975 113 42 Dec.
609 3975 40 49 1,
679 3975 115 41 1928;
852 3976 68 40 2c.
949 3975 113 41 Dec.
1092 3975 55 41 13;
1207 3973 84 44 aff.
1322 3975 114 40 Dec.
1466 3975 58 40 12;
1582 3974 41 40 A
1652 3973 116 42 2227;
1827 3973 180 50 Viking
2036 3983 151 40 press,
2219 3972 92 42 inc.
