2498 4384
1243 4050 133 49 1258

390 477 623 49 4 p. l. , 3-310 p. 19 ½ᶜᵐ .
327 544 51 52 ©
402 549 121 47 Aug.
547 549 69 46 23,
641 549 114 40 1928;
808 549 67 42 2c.
900 551 96 38 and
1021 549 82 41 aff.
1126 550 122 47 Aug.
1271 550 56 39 25;
1382 550 40 38 A
1447 550 206 40 1053006;
1704 551 217 40 William
1948 553 211 39 Morrow
2182 554 36 39 &
2243 565 81 36 co.,

392 605 91 41 inc.
556 604 281 50 (28-20223)

315 726 284 65 Laurent,
635 728 237 63 Marcel,
911 729 170 53 1879-

454 807 1868 68 … La villa du Sourire, roman. Paris, J. Ferenczi et fils
324 887 193 65 [ ᶜ1 928 ]
388 966 459 47 274 p., 1 l. 19 ᶜᵐ .
323 1033 1858 54 © Apr. 15, 1928; 1c. May 11; A— Foreign 38800; J. Ferenczi & iils.
400 1094 282 49 (28-20037)

316 1216 249 63 Lawrie,
596 1217 204 53 James
831 1218 258 64 Wright,
1125 1223 172 49 1881-

382 1295 269 69 Glycerol
688 1297 113 52 and
840 1297 94 52 the
972 1298 244 68 gtycols;
1260 1298 361 67 production,
1660 1300 317 67 properties
2015 1302 113 51 and
309 1303 1989 139 analyses,

310 1373 1988 148 by James W. Lawrie … New York, The Chemical catalog
436 1470 299 51 company,
765 1453 127 67 inc.,
926 1456 149 52 1928.

311 1535 1995 108 447 p. incl. illus., tables, diagrs. 23 ½ᶜᵐ . (American chemical society. Monograph series, [no. 44])
320 1659 52 52 ©
398 1664 120 46 Aug.
546 1664 68 48 13,
641 1664 114 40 1928;
810 1664 66 41 2c.
903 1665 120 47 Aug.
1050 1665 55 38 14;
1161 1665 83 42 aff.
1271 1665 120 48 Aug.
1418 1666 55 40 15;
1529 1667 39 39 A
1596 1666 202 41 1083733;
1857 1668 247 40 Chemical
2130 1669 193 47 catalog

387 1732 82 36 co.,
495 1720 91 41 inc.
657 1720 282 50 (28-20115)

305 1841 249 64 Lebede,
588 1843 186 63 Hans,
809 1847 171 49 1883-
1116 1845 84 53 ed.

379 1920 119 53 Der
533 1921 133 69 ring
700 1922 100 53 der
833 1923 221 66 Venus;
1093 1924 189 52 sieben
1316 1924 360 52 Variationen
1712 1924 149 53 eines
1897 1925 152 52 alten
2084 1926 239 68 themas,

308 1998 153 70 hrsg.
502 2000 117 52 und
659 2000 326 69 eingeleitet
1021 2020 112 34 von
1213 2021 43 33 dr.
1298 2003 166 52 Hans
1503 2003 236 52 Lebede.
1815 2002 115 53 Mit
1967 2003 132 53 acht
2136 2003 183 54 tafeln

306 2078 119 52 und
479 2078 122 52 drei
656 2079 389 69 abbildungen
1095 2081 80 51 im
1226 2085 138 48 text.
1459 2081 217 67 Berlin,
1729 2081 439 54 Volksverband
2221 2082 100 53 der

307 2155 1693 72 bücherfreunde, Wegweiser-verlag g. m. b. h. [ ᶜ1 927]
380 2238 738 50 162 p. illus., plates. 19 ᶜᵐ .
378 2309 296 48 Head-piece;
734 2310 255 48 tail-piece.

381 2366 201 42 “Dieses
618 2368 125 40 buch
780 2368 219 41 erschien
1037 2368 49 40 in
1124 2370 85 39 der
1247 2368 371 41 Auswahlreihe
1657 2370 83 39 des
1777 2370 423 40 Volksverbandes
2236 2372 85 39 der

307 2425 391 41 bücherfreunde
730 2427 98 39 und
860 2426 123 40 wird
1014 2437 92 29 nur
1139 2437 62 29 an
1235 2427 172 39 dessen
1441 2425 278 49 mitglieder
1748 2427 318 48 abgegeben.”

659 2497 1661 48 CONTENTS. —Der ring der Venus. Ein beitrag zur Wandlung eines
308 2554 131 39 alten
475 2554 190 47 motivs,
703 2565 90 29 von
829 2555 142 40 Hans
1005 2555 200 40 Lebede.
1208 2554 154 40 —Die
1396 2554 177 40 älteste
1607 2555 220 47 fassung.
1889 2555 101 40 Aus
2026 2555 86 39 der
307 2556 1994 96 Angelsachsenchronik
764 2613 82 38 des

893 2611 226 41 Wilhelm
1165 2622 94 30 von
1303 2612 345 47 Malmesbury.
1666 2635 59 5 —
1741 2611 91 41 Die
1878 2612 176 40 älteste
307 2613 1995 103 verdeutschung
531 2668 159 40 dieser
727 2669 292 47 geschichte.
1093 2669 102 40 Aus
1233 2669 314 40 Kornmanns

1586 2669 169 40 “Mons
1795 2669 216 48 Veneris,
2051 2669 144 40 Fraw
305 2670 1996 96 Veneris
486 2725 157 49 berg”.
650 2727 161 39 —Von
857 2726 312 40 Astrolabius
1214 2727 98 39 und
1360 2727 107 39 dem
1515 2725 208 49 priester
1771 2726 254 41 Eusebius.
2087 2727 101 40 Aus
2233 2727 85 40 der

306 2783 581 41 Kaiserchronik.—Vom
923 2783 237 49 jüngling,
1197 2784 87 39 der
1318 2783 103 40 sich
1459 2784 212 39 Unserer
1705 2783 180 40 Lieben
1920 2784 195 39 Frauen
306 2794 1996 87 anverlobte
472 2842 98 38 und
609 2842 173 38 darum
820 2840 169 40 keiner

1026 2842 185 38 andern
1253 2840 271 48 zugehören
1563 2840 181 41 durfte.
1805 2842 137 39 Nach
1982 2840 206 41 Gautier
2225 2852 94 29 von

308 2898 165 41 Coinsi
517 2898 242 40 reimweis
803 2898 294 48 übertragen
1142 2909 93 30 von
1279 2898 141 40 Hans
1465 2898 201 41 Lebede.
1667 2898 155 40 —Die
1867 2898 208 40 fromme
2119 2899 200 47 legende

305 2967 110 28 vom
461 2966 188 38 manne,
696 2957 85 38 der
829 2955 103 40 sich
979 2955 90 40 mit
1112 2954 157 41 einem
1314 2955 260 40 steinbilde
1620 2955 285 41 vermählte.
1966 2956 138 39 Nach
2151 2954 166 41 Méons

309 3013 283 48 Sammlung
621 3024 93 28 von
742 3013 167 39 fabeln
940 3013 98 39 und
1070 3011 311 49 geschichten
1411 3012 363 40 französischer
1805 3013 191 40 dichter
2026 3013 86 39 des
2143 3013 69 40 12.
2243 3012 74 40 bis

305 3071 69 40 13.
436 3070 541 40 jahrhunderts.—Frau
1016 3070 177 40 Venus.
1254 3069 103 39 Aus
1395 3070 92 39 den
1525 3069 403 41 venezianischen
1965 3071 221 38 novellen
2225 3080 93 30 von

306 3125 1994 107 Franz, freiherrn von Gaudy. —Die Venus von Ille. Von Prosper Mérimée. Ü bertragen von Hans
1102 3183 202 41 Lebede.
1306 3183 165 40 —Von
1502 3184 311 40 Astrolabius
1841 3185 97 39 und
1971 3185 107 39 dem
2109 3183 208 49 priester

307 3243 253 40 Eusebius.
620 3242 469 39 Neuhochdeutsche
1154 3242 312 46 übertragung.

315 3309 1999 52 © Nov. 1, 1927; 1c. Jan. 25, 1928; A —Foreign 37068; Volksverband der
377 3369 405 48 bücherfreunde,
809 3369 494 48 Wegweiser-verlag,
1331 3379 41 37 g.
1399 3380 60 29 m.
1487 3369 41 41 b.
1555 3369 45 41 h.
1672 3368 281 49 (28-19988)

308 3493 267 63 Lerrigo,
605 3492 178 52 Peter
814 3489 182 66 Hugh
1029 3491 221 62 James,
1287 3490 170 54 1875-

377 3571 123 52 The
527 3571 180 52 world
736 3570 192 52 thrust
954 3568 65 54 of
1047 3568 292 54 Northern
1367 3570 280 66 Baptists,
1672 3569 77 69 by
1774 3571 64 50 P.
1867 3569 77 52 H.
1971 3569 55 54 J.
2054 3569 258 67 Lerrigo.

307 3650 139 52 New
475 3649 163 52 York
664 3648 134 68 city,
822 3648 382 67 Department
1230 3645 65 55 of
1319 3647 344 69 missionary
1686 3647 320 67 education,
2031 3647 193 52 Board
2250 3645 63 54 of

307 3725 1677 68 education of the Northern Baptist convention [ ᶜ1 928]
375 3808 627 49 2 p. l., 3-170 p. 16½ᶜᵐ.
315 3876 51 52 ©
396 3881 127 39 June
552 3880 68 47 15,
650 3879 140 47 1928;
821 3880 68 40 2c.
920 3879 127 39 June
1074 3879 83 45 20;
1190 3878 82 40 aff.
1303 3879 127 39 June
1458 3879 57 39 27;
1573 3878 41 39 A
1643 3878 229 46 1082301;
1907 3878 322 47 Department
2260 3876 51 40 of

376 3936 262 40 missionary
695 3936 270 46 education,
991 3937 162 38 Board
1178 3936 51 39 of
1253 3936 259 39 education
1535 3935 51 40 of
1609 3935 82 40 the
1713 3935 246 39 Northern
1983 3933 198 48 Baptist
377 3943 1914 91 convention.
661 3994 281 49 (28-20252)
