2498 4384
1279 4104 134 52 1820

360 451 369 65 Paléologue,
763 452 262 64 Georges
1054 453 284 64 Maurice,
1372 457 171 51 1859-

430 530 121 52 The
578 530 186 69 tragic
791 549 247 49 empress;
1098 550 31 33 a
1158 531 199 53 record
1383 531 65 53 of
1476 532 262 52 intimate
1765 532 151 53 talks
1944 533 141 52 with

357 533 1991 206 the Empress Eugenie—1901-1919, by Maurice Paléologue … Translated
549 686 77 69 by
661 687 249 54 Hamish
950 687 185 53 Miles.
1212 687 142 53 New
1394 687 165 53 York
1599 688 114 52 and
1753 688 260 67 London,
2051 689 238 67 Harper
2325 690 47 52 &

357 763 278 70 brothers,
669 766 151 51 1928.

493 847 1281 49 xv p., 1 l., 264 p. front., pl., ports., facsim. 23 ᶜᵐ.
430 917 375 48 “Biographical
837 917 167 40 notes”:
1066 928 44 37 p.
1141 917 220 41 247-256.

364 970 53 52 ©
444 975 119 40 Nov.
590 975 70 47 14,
688 974 114 40 1928;
857 975 69 40 2c.
954 975 119 40 Nov.
1100 975 83 46 14;
1214 974 83 41 aff.
1325 976 119 39 Nov.
1473 975 82 47 16;
1585 975 42 39 A
1653 975 112 48 634;
1795 976 196 48 Harper
2019 976 37 40 &
2082 976 126 40 bros.

442 1031 281 49 (28-28378)

355 1125 240 64 Pavlov,
629 1126 146 51 Ivan
810 1124 337 65 Petrovich,
1186 1130 174 50 1849-

427 1202 268 53 Lectures
726 1222 74 33 on
829 1202 366 54 conditioned
1226 1203 262 68 reflexes;
1520 1203 354 69 twenty-five
1901 1222 164 50 years
2093 1203 65 53 of

356 1202 1990 131 objective
506 1281 175 69 study
712 1280 65 53 of
807 1281 98 52 the
937 1280 207 69 higher
1175 1299 246 35 nervous
1453 1280 243 70 activity
1739 1281 369 69 (behaviour)

354 1281 2016 146 of animals, by Ivan Petro vitch Pavlov … Translated from the
356 1436 2014 69 Russian by W. Horsley Gantt … With the collaboration of
355 1514 1952 69 G. Yolborth … And an introduction by Walter B. Cannon …
355 1592 1407 69 New York, International publishers [ ᶜ19 28 ]
423 1675 970 50 414 p. front., illus., pl., ports. 24½ᶜᵐ.
426 1734 130 40 “The
588 1735 197 47 present
815 1733 193 40 volume
1039 1731 224 41 contains
1294 1732 92 40 five
1417 1742 107 30 new
1553 1732 228 48 chapters
1811 1732 129 40 from
1971 1733 83 40 the
2086 1733 179 40 author
352 1733 1998 98 besides
524 1791 140 39 those

703 1790 53 40 of
794 1790 83 40 the
918 1789 135 40 third
1094 1788 216 41 Russian
1351 1788 185 40 edition
1576 1788 129 40 from
1745 1788 161 40 which
1945 1789 83 40 the
2069 1789 298 41 translation

352 1858 103 29 was
487 1844 580 43 made.”—Translator’s
1098 1845 213 48 preface.

424 1903 379 48 Bibliography:
837 1914 44 37 p.
915 1900 250 52 [393]-405.

359 1957 53 52 ©
443 1961 120 40 Nov.
595 1960 39 47 1,
666 1959 115 40 1928;
842 1959 67 41 2c.
942 1960 119 39 Nov.
1095 1958 52 46 6;
1184 1957 83 40 aff.
1301 1957 119 40 Nov.
1455 1956 52 45 8;
1543 1956 41 39 A
1616 1956 142 47 1581;
1795 1957 227 40 Internatl.
2090 1956 276 49 publishers

427 2028 82 37 co.,
538 2016 93 41 inc.
697 2014 282 51 (28-27883)

349 2112 184 52 Porto
563 2110 161 53 Rico.
798 2111 280 68 Supreme
1111 2116 176 47 court.

426 2190 328 54 Decisiones
797 2191 69 52 de
908 2190 214 52 Puerto
1164 2187 160 53 Rico.
1400 2190 39 49 t.
1482 2189 82 50 36.
1642 2186 88 53 De
1771 2187 328 53 noviembre
2141 2190 49 65 4,
2234 2189 136 51 1926

355 2289 31 34 a
424 2269 162 68 junio
623 2272 85 65 25,
744 2267 151 54 1927.
970 2266 175 55 Casos
1180 2265 275 54 resueltos
1491 2284 68 33 en
1593 2266 51 51 el
1680 2263 283 56 Tribunal
1999 2284 265 51 supremo
2301 2268 71 52 de

353 2349 214 53 Puerto
616 2347 143 54 Rico
810 2347 244 53 durante
1104 2344 169 55 dicho
1323 2342 253 71 periodo.
1653 2343 256 69 Joaquin
1956 2344 191 69 López
2201 2344 167 68 Cruz,

349 2427 607 67 secretario-reporter,
982 2425 246 68 Raleigh
1257 2424 66 54 F.
1351 2423 138 69 Hay
1493 2424 130 68 don,
1648 2424 553 68 reporter-auxiliar.
2248 2423 119 57 San

353 2504 175 68 Juan,
561 2505 65 51 P.
662 2505 88 66 R.,
783 2502 328 69 Negociado
1146 2502 73 52 de
1249 2500 343 68 materiales,
1626 2501 288 67 imprenta
1949 2519 40 51 y
2020 2506 346 63 transporte,

348 2587 150 51 1928.

422 2663 559 52 xlix, [1], 1108 p. 24 ᶜᵐ.
357 2719 52 52 ©
449 2723 129 47 Sept.
613 2721 70 48 21,
719 2720 141 46 1928;
897 2720 69 40 2c.
1003 2720 96 39 and
1135 2718 83 41 aff.
1258 2718 103 41 Oct.
1397 2718 83 46 23;
1520 2718 42 39 A
1597 2718 142 47 1686;
1780 2717 216 49 Joaquin
2029 2719 158 47 López
2225 2718 138 49 Cruz,

424 2779 505 46 secretary-reporter,
961 2776 235 48 Supreme
1222 2777 142 38 court
1392 2775 52 40 of
1471 2776 147 39 Porto
1648 2775 132 47 Rico,
1813 2774 98 42 San
1941 2775 145 48 Juan,
2117 2776 51 40 P.
2199 2775 55 41 R.

347 2930 206 53 Public
578 2930 242 53 utilities
845 2934 240 63 reports,
1110 2928 338 68 containing
1471 2927 278 53 decisions
1774 2927 65 54 of
1861 2928 99 52 the
1981 2927 207 53 Public
422 2945 1917 115 service
549 3006 389 54 commissions
983 3006 114 52 and
1142 3003 64 54 of
1251 3010 145 47 state
1442 3004 114 52 and
1601 3002 222 54 federal
1868 3009 206 48 courts.
2160 3003 201 55 1928C.

419 3087 207 70 Henry
662 3086 62 55 C.
764 3085 203 69 Spurr,
1004 3084 200 54 editor.
1279 3084 327 68 Rochester,
1642 3083 69 53 N.
1751 3083 91 69 Y.,
1879 3083 208 53 Public
2121 3083 240 54 utilities

417 3172 241 62 reports,
692 3166 108 52 inc.
844 3167 192 63 [ᶜ1928]

421 3245 444 50 xxxi, 984 p. 24 ᶜᵐ.
353 3300 52 52 ©
434 3305 119 39 Nov.
579 3304 41 47 3,
649 3302 141 48 1928;
819 3302 68 40 2c.
915 3302 97 39 and
1040 3300 83 40 aff.
1151 3302 121 38 Nov.
1299 3300 54 47 9;
1383 3300 42 39 A
1451 3300 111 47 663;
1594 3299 171 41 Public
1794 3299 210 41 utilities
2033 3301 205 46 reports,
2268 3299 92 42 inc.

347 3453 322 64 Robinson,
702 3452 257 55 William
993 3451 315 64 Morrison,
1344 3456 172 50 1891-

351 3527 1983 150 The Confederate privateers, by William Morrison Robinson, jr. … New Haven, Yale university
1750 3624 187 50 press;
1977 3606 262 68 London,
2278 3606 78 53 H.

350 3685 268 67 Milford,
647 3684 232 56 Oxford
906 3684 322 69 university
1255 3702 176 50 press,
1462 3686 152 52 1928.

422 3764 1070 51 xvi, 372 p. front., plates, facsims. 24 ᶜᵐ.
424 3824 290 40 Illustrated
745 3825 99 46 t.-p.

423 3879 284 49 “Appendix:
768 3879 274 40 Procedure
1074 3878 50 39 in
1157 3879 83 40 the
1274 3877 327 42 Confederate
1634 3877 133 49 prize
1800 3876 194 42 courts”:
2060 3889 44 37 p.
2138 3877 218 42 345-353.

423 3935 234 41 “Critical
680 3935 340 48 bibliography
1044 3936 96 38 and
1167 3934 505 48 acknowledgments”:
1729 3946 43 37 p.
1798 3934 182 41 xi-xvi.

352 3990 52 52 ©
434 3995 119 40 Nov.
581 3994 41 47 2,
652 3994 119 40 1928;
825 3994 68 40 2c.
922 3995 120 38 Nov.
1072 3993 52 47 9;
1157 3993 83 40 aff.
1270 3994 120 39 Nov.
1421 3994 52 46 8;
1504 3993 42 39 A
1574 3993 142 47 1614;
1749 3994 120 39 Yale
1899 3992 276 48 university
2205 4003 151 37 press.

430 4050 283 49 (28-28397)
