2498 4384
1099 4059 136 50 1525

216 486 332 50 84 p. 20 ½ ᶜᵐ .
218 559 65 40 Of
322 560 80 38 the
439 567 169 38 essays
646 554 268 50 appearing
951 553 52 41 in
1043 555 81 38 the
1160 554 77 39 1st
1275 551 198 46 edition,
1514 549 257 49 published
1814 550 49 39 in
1902 548 128 46 1918,
2095 550 58 39 the

148 617 105 41 first
282 626 142 37 essay
453 615 112 48 only
591 614 43 39 is
663 611 247 51 reprinted
941 611 50 39 in
1022 609 111 47 this,
1165 609 82 41 the
1276 607 59 41 2d
1364 607 199 41 edition,
1624 607 62 48 cf.
1718 607 130 40 Pref.

570 675 1583 57 CONTENTS. — Against Roman architecture. — Stars and telescopes.—
149 745 157 40 Parva
338 751 283 39 componere
652 739 203 48 magnis.

153 812 51 54 ©
231 815 119 43 Aug.
377 815 70 41 22,
476 811 139 44 1928:
644 812 68 39 2c.
742 810 128 48 Sept.
897 809 82 47 15;
1009 807 83 42 aff.
1122 806 130 49 Sept.
1278 805 82 47 11;
1391 805 41 39 A
1458 803 230 49 1053755;
1721 802 237 42 Marshall
1988 804 162 47 Jones,

223 872 89 40 inc.
382 868 281 51 (28-23285)

148 966 223 63 Potter,
407 963 227 63 George
668 960 261 64 Reuben,
963 978 179 49 comp.

221 1041 378 54 Elizabethan
646 1056 158 35 verse
847 1037 113 54 and
1006 1054 164 51 prose
1226 1033 478 72 (non-dramatic)
1759 1032 239 55 selected
2045 1034 109 51 and

151 1110 2002 79 edited by George Reuben Potter … New York, H. Holt and
150 1198 510 70 company [ ᶜ192 8 ]
222 1282 95 41 xiv,
339 1281 88 40 615
447 1290 43 38 p.
550 1278 130 40 illus.
708 1277 161 48 (map)
936 1276 148 39 24½ᶜᵐ.

159 1348 51 54 ©
239 1353 127 46 Sept.
391 1351 70 44 26,
488 1349 140 43 1928;
655 1348 68 40 2c.
751 1347 102 40 Oct.
878 1345 52 49 6;
960 1344 83 41 aff.
1070 1345 103 40 Oct.
1199 1343 53 48 8;
1280 1343 42 40 A
1348 1343 229 46 1053831;
1608 1343 168 48 Henry
1803 1343 119 40 Holt
1949 1346 37 41 &
2012 1353 68 30 co.

234 1406 281 52 (28-23328)

154 1501 221 55 Punch.
454 1520 47 34 V.
537 1500 116 57 175,
685 1518 87 33 no.
805 1499 153 66 4548,
991 1496 156 67 Sept.
1180 1499 47 65 5,
1260 1498 150 50 1928.

159 1580 51 54 ©
302 1617 8 7 1c.
343 1584 120 39 Nov.
495 1582 40 48 2,
570 1582 139 39 1928:
747 1581 40 38 A
819 1580 62 40 ad
915 1578 87 41 int.
1037 1578 169 46 11858;
1245 1576 143 50 pubd.
1425 1576 129 49 Sept.
1588 1576 53 48 5;
1678 1577 214 40 Herbert
1926 1576 234 49 Heather,

226 1641 213 40 London.

157 1734 228 63 Reitell,
428 1732 245 55 Charles
713 1729 204 65 Ervin,
962 1731 170 52 1887-

230 1814 120 51 The
382 1811 388 70 presentation
799 1808 65 53 of
892 1813 145 48 costs
1069 1807 93 53 for
1192 1806 346 68 executives;
1575 1804 223 58 Scovell
1829 1806 156 69 prize

162 1825 2000 136 competition, by Charles Reitell … Harry A. Bullis … John R.
161 1961 2004 76 Tuttle … Thomas W. Howard … New York city, National
162 2047 339 55 association
535 2044 65 54 of
633 2049 117 48 cost
786 2048 369 48 accountants
1195 2074 13 35 [
1271 2044 100 50 ᶜ1928
1377 2074 12 34 ]

230 2124 1014 53 xii, 285 p. incl. forms, diagrs. 23 ᶜᵐ .
232 2200 146 39 “This
405 2199 124 40 book
559 2197 223 41 contains
812 2195 81 42 the
922 2196 115 40 four
1065 2195 132 48 prize
1227 2194 219 49 winning
1474 2203 168 40 essays
1674 2194 51 41 of
1756 2195 81 40 the
1868 2196 294 49 competiton

160 2257 264 43 conducted
457 2255 154 40 under
640 2254 81 41 the
752 2252 306 51 supervision
1089 2252 51 40 of
1170 2251 83 43 the
1282 2252 233 40 National
1546 2251 297 43 association
1875 2252 51 41 of
1957 2257 104 38 cost
162 2264 1987 91 accountants.
499 2312 61 49 cf.
593 2311 276 40 Foreword.

164 2379 51 55 ©
246 2384 128 40 June
400 2382 69 43 30,
501 2380 142 50 1928;
673 2382 67 40 2c.
772 2381 104 43 Oct.
904 2380 54 48 3;
991 2379 82 43 aff.
1106 2381 103 41 Oct.
1240 2378 53 50 6;
1324 2379 44 41 A
1395 2377 232 51 1054789;
1659 2379 131 43 Natl.
1821 2392 118 29 assn.
1982 2381 53 41 of
2064 2385 104 37 cost

232 2441 335 40 accountants.
637 2437 281 51 (28-23309)

154 2533 166 66 Rich,
353 2533 310 65 Margaret
696 2533 47 52 E
1034 2539 85 48 ed.

234 2613 231 68 Family
490 2610 105 56 life
621 2611 228 69 to-day;
878 2628 208 53 papers
1112 2610 301 69 presented
1439 2615 58 48 at
1525 2629 31 34 a
1584 2608 332 59 conference
1944 2611 59 54 in
163 2612 1982 134 celebration

432 2690 66 54 of
535 2691 95 54 the
670 2689 218 55 fiftieth
927 2689 377 70 anniversary
1342 2688 67 55 of
1448 2687 209 73 family
1696 2690 175 53 social
1911 2690 160 55 work
2112 2691 57 53 in

166 2769 284 69 America,
477 2768 133 55 held
640 2775 57 47 at
727 2767 251 70 Buffalo,
1006 2766 248 57 October
1282 2771 120 65 2-5,
1434 2767 152 69 1927,
1615 2768 188 54 edited
1834 2769 74 70 by
167 2769 1978 134 Margaret

287 2848 68 54 E.
392 2847 163 55 Rich.
629 2849 218 52 Boston
883 2848 113 54 and
1031 2847 140 53 New
1207 2847 183 64 York,
1425 2846 320 72 Houghton
1781 2846 203 55 Mifflin
167 2867 1980 131 company,
379 2930 153 50 1928.

235 3012 62 46 ix,
339 3011 86 39 244
464 3021 42 37 p.
567 3009 147 42 21½ᶜᵐ.

239 3062 1933 55 “Conference held … under the auspices of the American association
168 3124 77 40 for
282 3122 286 48 organizing
602 3123 176 48 family
814 3122 151 43 social
1004 3121 375 46 work.”—Pref.

170 3177 51 54 ©
252 3181 127 48 Sept.
406 3181 71 41 21,
505 3179 141 49 1928;
675 3181 69 40 2c.
772 3181 96 39 and
896 3180 82 41 aff.
1010 3180 128 48 Sept.
1165 3181 84 46 24;
1281 3181 41 39 A
1349 3180 231 48 1054530;
1612 3181 265 48 Houghton
1907 3180 170 43 Mifflin
2107 3193 68 30 co.

248 3237 282 49 (28-23308)

163 3330 251 65 Russell,
445 3331 173 64 Mary
646 3331 79 54 M.

236 3409 290 68 Pageants
562 3408 97 53 for
691 3408 210 68 special
938 3410 143 67 days
1114 3410 60 52 in
1210 3409 101 56 the
1344 3411 214 53 church
1591 3428 156 52 year,
1778 3411 78 69 by
1889 3412 173 71 Mary
2096 3413 79 53 M.

169 3482 2010 83 Russell … Garden City, N. Y., Doubleday, Doran & company,
168 3564 123 69 inc.,
325 3567 151 51 1928.

237 3647 535 48 4 p. l. , 151 p. 19½ᶜᵐ.
174 3699 51 54 ©
257 3704 127 48 Sept.
411 3705 70 48 21,
509 3703 141 48 1928;
680 3705 68 40 2c.
777 3706 96 39 and
899 3705 82 41 aff.
1013 3705 129 49 Sept.
1168 3705 85 49 28;
1282 3705 42 40 A
1351 3706 231 48 1053837;
1614 3706 300 50 Doubleday,
1944 3709 168 41 Doran
2142 3710 37 40 &

241 3771 83 37 co.,
357 3761 91 41 inc.
519 3760 282 52 (28-23325)

171 3853 295 64 Sevestre,
497 3855 281 65 Norbert,
812 3856 170 54 1879-

307 3927 1729 84 … Le treffe rouge, roman. Paris, J. Tallandier [ᶜ192 8]
