2498 4384
1281 4065 101 51 346

310 441 199 64 Joyce,
540 441 221 53 James.

386 519 415 55 Continuation
836 519 64 53 of
933 520 57 51 A
1023 519 160 52 work
1215 519 61 53 in
1312 537 280 51 progress.
1667 519 155 69 Feb.,
1861 522 149 51 1928.

392 603 84 49 (In
503 597 316 51 Transition)

317 669 1918 52 © 1c. Apr. 13, 1928; A ad int. 10918; pubd. Feb. 20; J. Joyce, Paris.
312 825 370 62 Kammerer,
713 824 146 53 Paul
891 825 64 52 P.
987 826 68 51 R.

384 903 356 68 Geschlecht,
808 902 438 70 fortpflanzung
1312 903 440 54 fruchtbarkeit.
1855 904 259 67 Munich,
2181 904 140 53 Drei

313 982 232 53 rnasken
576 982 215 68 verlag,
824 980 150 55 1927.

382 1065 24 38 1 v.
317 1130 1923 55 © Apr. 2, 1927; 1c. May 25; A—Foreign 34950; Drei masken verlag.
313 1302 192 61 Knox,
538 1300 227 54 Ronald
797 1300 397 53 Arbuthnott.

385 1380 125 53 The
539 1379 280 68 footsteps
850 1384 60 47 at
937 1379 98 52 the
1063 1378 143 53 lock.
1307 1382 65 49 [21
1404 1379 379 68 instalments]

396 1462 84 47 (In
512 1458 230 45 Sheffield
774 1457 360 53 independent)

318 1529 1362 52 © 1c. each Apr. 17, 1928; A ad int. 10910; pubd.
1711 1533 112 40 Feb.
1852 1532 159 49 20-25,
2041 1534 214 41 27-Mar.
2283 1535 41 48 3,

388 1590 128 48 5-10,
546 1590 172 47 12-14;
751 1590 56 41 R.
836 1590 55 41 A.
921 1590 159 47 Knox,
1112 1589 204 49 Oxford,
1347 1589 238 49 England.

311 1699 173 64 Kulp,
520 1699 278 55 Clarence
834 1699 252 53 Arthur.

385 1778 277 70 Casualty
697 1779 327 66 insurance;
1062 1778 338 53 workmen’s
1433 1779 446 68 compensation,
1911 1780 195 68 public
313 1780 1990 145 liability,
466 1857 363 68 automobile,

878 1857 258 53 accident
1186 1858 114 52 and
1347 1857 215 68 health,
1610 1857 297 70 burglary,
1955 1859 157 67 plate
2159 1859 169 69 glass,

317 1934 1950 72 power plant, forgery, credit, and other lines, by C. A. Kulp …
316 2014 1479 64 New York, The Ronald press company [ c 1928]
417 2099 360 50 x, 610 p. 22 ᶜᵐ .
383 2170 445 48 “Bibliographical
851 2169 333 41 references”:
1218 2180 43 38 p.
1285 2169 218 42 586-597.

320 2238 52 53 ©
402 2244 123 39 Mar.
552 2243 40 46 8,
620 2241 141 48 1928;
793 2242 67 40 2c.
890 2241 123 40 Mar.
1042 2240 82 48 10;
1156 2240 84 41 aff.
1270 2242 123 40 Mar.
1423 2241 83 47 12;
1537 2241 42 39 A
1607 2240 232 48 1068266;
1871 2242 191 39 Ronald
2093 2252 137 38 press
2259 2252 68 31 co.

398 2299 254 50 (28-7675)

316 2408 394 66 Kuykendall,
742 2407 192 65 Ralph
964 2407 296 64 Simpson,
1293 2410 173 50 1885-

451 2485 1878 71 … Hawaii in the world war, by Ralph S. Kuykendall with
319 2568 96 52 the
450 2567 307 52 assistance
791 2564 66 54 of
889 2565 179 52 Lorin
1104 2565 150 52 Tarr
1288 2563 139 56 Gill.
1498 2564 319 70 Honolulu,
1851 2565 123 53 The
2009 2565 316 54 Historical

318 2644 379 68 commission,
728 2646 151 50 1928.

390 2724 1943 50 xix, 474 p. front., plates, ports., facsims. 24 ᶜᵐ . (Publications of
321 2784 83 39 the
429 2782 272 41 Historical
727 2781 310 41 commission
1063 2781 52 40 of
1140 2781 83 40 the
1251 2781 233 48 territory
1512 2782 52 40 of
1591 2782 211 49 Hawaii,
1831 2783 94 41 vol.
1953 2783 65 47 ii)

324 2851 50 53 ©
408 2856 111 40 Feb.
549 2854 70 48 20,
651 2854 141 46 1928;
825 2853 68 41 2c.
924 2853 97 39 and
1052 2852 83 42 aff.
1168 2854 123 39 Mar.
1324 2852 52 48 6;
1410 2853 42 39 A
1482 2853 231 48 1069152;
1746 2854 254 49 Territory
2033 2855 52 40 of
2117 2854 211 50 Hawaii,

390 2913 264 39 Honolulu.
725 2910 227 50 (28-7644
963 2909 14 48 )

317 3021 288 63 Leonard,
638 3019 237 54 Arthur
906 3020 147 62 Roy.

391 3097 1876 69 The nation’s history. New ed. By Arthur R. Leonard …
323 3175 2006 72 and Bertha E. Jacobs … maps by Max Mayer. New York,
322 3255 76 53 H.
428 3255 147 53 Holt
606 3255 113 52 and
750 3272 280 50 company
1066 3287 13 33 [
1084 3259 18 22 c
1107 3255 153 65 1928]

429 3335 1362 52 x, 648, xcii p. col. front., illus., col. plates. 21½ ᶜᵐ .
393 3411 142 46 Maps
565 3419 61 29 on
655 3407 367 49 lining-papers.

327 3476 50 53 ©
410 3481 123 39 Mar.
563 3479 41 47 2,
634 3478 142 47 1928;
807 3478 69 40 2c.
906 3478 97 40 and
1032 3477 84 40 aff.
1148 3478 123 39 Mar.
1302 3476 82 48 15;
1418 3477 42 39 A
1490 3477 230 48 1069288;
1755 3479 168 48 Henry
1955 3480 120 40 Holt
2107 3480 36 40 &
2175 3491 68 31 co.

404 3536 253 50 (28-7783)

323 3643 209 63 Leslie,
570 3643 215 63 Shane,
826 3646 169 50 1885-

395 3722 123 52 The
560 3721 152 53 skull
754 3720 65 53 of
862 3719 193 68 Swift,
1100 3739 72 34 an
1216 3725 326 63 extempore
1585 3721 388 69 exhumation,
2016 3723 75 69 by
2138 3722 191 56 Shane

324 3798 1868 71 Leslie. Indianapolis, The Bobbs-Merrill company [ᶜ19 28]
395 3881 1414 50 6 p. l., 347 p. front., plates, ports., facsim. 22½ ᶜᵐ .
329 3949 52 53 ©
413 3955 122 40 Mar.
564 3952 40 49 9,
636 3952 140 48 1928;
807 3953 69 41 2c.
906 3953 94 40 and
1032 3952 82 41 aff.
1146 3953 123 41 Mar.
1300 3953 81 47 14;
1414 3953 42 40 A
1484 3951 230 50 3069283;
1747 3953 370 41 Bobbs-Merrill
2150 3964 68 32 co.

406 4010 253 49 (28-7776)
