<alto xmlns="http://www.loc.gov/standards/alto/ns-v3#" xmlns:xlink="http://www.w3.org/1999/xlink" xmlns:xsi="http://www.w3.org/2001/XMLSchema-instance" xsi:schemaLocation="http://www.loc.gov/standards/alto/ns-v3# http://www.loc.gov/alto/v3/alto-3-0.xsd"><Description>
<MeasurementUnit>pixel</MeasurementUnit>
<sourceImageInformation>
<fileName>1928_v25_part001.pdf</fileName>
</sourceImageInformation>
<OCRProcessing ID="IdOcr">
<ocrProcessingStep>
<processingDateTime>2019-04-12</processingDateTime>
<processingSoftware>
<softwareCreator>ABBYY</softwareCreator>
<softwareName>ABBYY Recognition Server</softwareName>
<softwareVersion>4.0</softwareVersion>
</processingSoftware>
</ocrProcessingStep>
</OCRProcessing>
</Description>
<Styles>
<ParagraphStyle ID="StyleId-FFFFFFFF-FFFF-FFFF-FFFF-FFFFFFFFFFFF-" ALIGN="Left" LEFT="0." RIGHT="0." FIRSTLINE="0."/>
<ParagraphStyle ID="StyleId-0ECAC0CE-E1F0-4C69-A1B9-95E16886343B-" ALIGN="Left" LEFT="0." RIGHT="0." FIRSTLINE="0." LINESPACE="8.300000191"/>
<ParagraphStyle ID="StyleId-5C6F7A30-EC6F-4250-A8D3-0AE106DCDB5D-" ALIGN="Left" LEFT="0." RIGHT="0." FIRSTLINE="-13." LINESPACE="11.22999954"/>
<ParagraphStyle ID="StyleId-B258737E-7AF8-4B71-A0BF-0A1420B951F9-" ALIGN="Left" LEFT="0." RIGHT="0." FIRSTLINE="-13." LINESPACE="8.210000038"/>
<ParagraphStyle ID="StyleId-35C0EFA5-E89E-4731-B16E-5D3895F12270-" ALIGN="Block" LEFT="0." RIGHT="0." FIRSTLINE="-12." LINESPACE="11.22999954"/>
<ParagraphStyle ID="StyleId-7BD1F9B4-14BB-4AAF-864B-FED8FEA7DC43-" ALIGN="Left" LEFT="0." RIGHT="0." FIRSTLINE="0."/>
<ParagraphStyle ID="StyleId-CD2DA0E5-536D-42AE-AE16-8D9F5C008D5A-" ALIGN="Block" LEFT="0." RIGHT="0." FIRSTLINE="-12." LINESPACE="10."/>
<ParagraphStyle ID="StyleId-AF408F88-EED5-4CE2-A229-3F852C18D9BD-" ALIGN="Block" LEFT="0." RIGHT="0." FIRSTLINE="-14." LINESPACE="10."/>
<ParagraphStyle ID="StyleId-829CD741-943D-4B7B-9638-57AB73DE2567-" ALIGN="Center" LEFT="0." RIGHT="0." FIRSTLINE="0." LINESPACE="9.399999619"/>
<ParagraphStyle ID="StyleId-B271BDFA-6037-4875-BA99-885A067668E9-" ALIGN="Left" LEFT="0." RIGHT="0." FIRSTLINE="-14." LINESPACE="11.21000004"/>
<ParagraphStyle ID="StyleId-64F9C1D8-EA12-4F65-AD18-B72A4C6B556F-" ALIGN="Center" LEFT="0." RIGHT="0." FIRSTLINE="0." LINESPACE="11.60000038"/>
<ParagraphStyle ID="StyleId-44DA2756-E57B-4EF3-9BA4-FC1C14776DE3-" ALIGN="Left" LEFT="0." RIGHT="0." FIRSTLINE="-12." LINESPACE="12.19999981"/>
<ParagraphStyle ID="StyleId-D1D9AF19-8CA6-4F74-9AEC-1B4545205AD7-" ALIGN="Center" LEFT="0." RIGHT="0." FIRSTLINE="0." LINESPACE="11.60000038"/>
<ParagraphStyle ID="StyleId-3ADA1556-6D19-417D-8046-68449BF368BA-" ALIGN="Left" LEFT="0." RIGHT="0." FIRSTLINE="-13." LINESPACE="12.19999981"/>
<ParagraphStyle ID="StyleId-7443A930-B325-44B5-9AB8-B42B4EC78C89-" ALIGN="Block" LEFT="0." RIGHT="0." FIRSTLINE="13." LINESPACE="8.619999886"/>
<ParagraphStyle ID="StyleId-C9A9E480-E448-4934-9AF8-3D252792E396-" ALIGN="Left" LEFT="0." RIGHT="0." FIRSTLINE="-12." LINESPACE="11.38000011"/>
<ParagraphStyle ID="StyleId-73039842-464C-49B9-9440-4C0D0E749DFE-" ALIGN="Center" LEFT="0." RIGHT="0." FIRSTLINE="0." LINESPACE="11.10000038"/>
<ParagraphStyle ID="StyleId-C51F6AC2-80DA-4C65-849C-6E2D5F548EA4-" ALIGN="Left" LEFT="0." RIGHT="0." FIRSTLINE="0." LINESPACE="7.699999809"/>
<ParagraphStyle ID="StyleId-494190D9-BDDC-4834-A745-6AF520F91CD0-" ALIGN="Block" LEFT="0." RIGHT="0." FIRSTLINE="-12." LINESPACE="11.22999954"/>
<ParagraphStyle ID="StyleId-68D39D31-3386-4B28-8C90-DA9420961D78-" ALIGN="Left" LEFT="0." RIGHT="0." FIRSTLINE="0." LINESPACE="11.60000038"/>
<ParagraphStyle ID="StyleId-DF0CE7C7-E73E-44FE-8867-C904BD7F3F42-" ALIGN="Block" LEFT="0." RIGHT="0." FIRSTLINE="0." LINESPACE="12.19999981"/>
</Styles>
<Layout>
<Page ID="Page425" PHYSICAL_IMG_NR="425" HEIGHT="4384" WIDTH="2498">
<TopMargin HEIGHT="412" WIDTH="2498" VPOS="0" HPOS="0">
</TopMargin>
<LeftMargin HEIGHT="3851" WIDTH="86" VPOS="412" HPOS="0">
</LeftMargin>
<RightMargin HEIGHT="3851" WIDTH="361" VPOS="412" HPOS="2137">
</RightMargin>
<BottomMargin HEIGHT="121" WIDTH="2498" VPOS="4263" HPOS="0">
</BottomMargin>
<PrintSpace HEIGHT="3851" WIDTH="2051" VPOS="412" HPOS="86">
<TextBlock ID="Page425_Block1" HEIGHT="168" WIDTH="226" VPOS="4095" HPOS="1030" LANG="en-US" STYLEREFS="StyleId-F71E3787-5159-4D9C-A066-7A6BE690C6E9-">
<Shape>
<Polygon POINTS="1247,4095 1255,4095 1255,4207 1256,4207 1256,4262 1251,4262 1251,4263 1031,4263 1031,4210 1030,4210 1030,4096 1247,4096 1247,4095"/>
</Shape>
<TextLine HEIGHT="49" WIDTH="102" VPOS="4106" HPOS="1067">
<String CONTENT="425" HEIGHT="49" WIDTH="102" VPOS="4106" HPOS="1067"/>
</TextLine>
</TextBlock>
<TextBlock ID="Page425_Block2" HEIGHT="3756" WIDTH="2051" VPOS="412" HPOS="86" LANG="en-US" CS="1" STYLEREFS="StyleId-A36AB426-E7CB-4B96-9FEB-6367CCCB7E01-">
<Shape>
<Polygon POINTS="1751,412 2130,412 2130,678 2131,678 2131,1182 2132,1182 2132,1686 2133,1686 2133,2190 2134,2190 2134,2694 2135,2694 2135,3198 2136,3198 2136,3702 2137,3702 2137,4152 1755,4152 1755,4153 978,4153 978,4166 747,4166 747,4167 243,4167 243,4168 94,4168 94,4167 93,4167 93,3706 92,3706 92,3202 91,3202 91,2698 90,2698 90,2194 89,2194 89,1690 88,1690 88,1186 87,1186 87,682 86,682 86,416 239,416 239,415 743,415 743,414 1247,414 1247,413 1751,413 1751,412"/>
</Shape>
<TextLine HEIGHT="74" WIDTH="2005" VPOS="499" HPOS="104">
<String LANG="de" CONTENT="tute" HEIGHT="45" WIDTH="117" VPOS="518" HPOS="104"/>
<SP HEIGHT="52" WIDTH="45" VPOS="511" HPOS="222"/>
<String CONTENT="in" HEIGHT="51" WIDTH="57" VPOS="511" HPOS="268"/>
<SP HEIGHT="51" WIDTH="50" VPOS="510" HPOS="326"/>
<String CONTENT="Northwestern" HEIGHT="53" WIDTH="431" VPOS="508" HPOS="377"/>
<SP HEIGHT="35" WIDTH="50" VPOS="524" HPOS="809"/>
<String CONTENT="university," HEIGHT="67" WIDTH="336" VPOS="504" HPOS="860"/>
<SP HEIGHT="49" WIDTH="46" VPOS="521" HPOS="1197"/>
<String CONTENT="was" HEIGHT="35" WIDTH="116" VPOS="520" HPOS="1244"/>
<SP HEIGHT="52" WIDTH="47" VPOS="502" HPOS="1361"/>
<String CONTENT="defeated" HEIGHT="54" WIDTH="264" VPOS="500" HPOS="1409"/>
<SP HEIGHT="52" WIDTH="50" VPOS="501" HPOS="1674"/>
<String CONTENT="at" HEIGHT="48" WIDTH="58" VPOS="505" HPOS="1725"/>
<SP HEIGHT="47" WIDTH="47" VPOS="505" HPOS="1784"/>
<String CONTENT="the" HEIGHT="52" WIDTH="96" VPOS="500" HPOS="1832"/>
<SP HEIGHT="48" WIDTH="47" VPOS="504" HPOS="1929"/>
<String CONTENT="1927" HEIGHT="52" WIDTH="132" VPOS="501" HPOS="1977"/>
</TextLine>
<TextLine HEIGHT="75" WIDTH="1948" VPOS="578" HPOS="101" CS="1">
<String CONTENT="convention" HEIGHT="54" WIDTH="339" VPOS="588" HPOS="101"/>
<SP HEIGHT="33" WIDTH="37" VPOS="606" HPOS="441"/>
<String CONTENT="of" HEIGHT="52" WIDTH="65" VPOS="587" HPOS="479"/>
<SP HEIGHT="51" WIDTH="34" VPOS="587" HPOS="545"/>
<String CONTENT="the" HEIGHT="51" WIDTH="95" VPOS="587" HPOS="580"/>
<SP HEIGHT="52" WIDTH="34" VPOS="586" HPOS="676"/>
<String CONTENT="A." HEIGHT="53" WIDTH="71" VPOS="585" HPOS="711"/>
<SP HEIGHT="52" WIDTH="38" VPOS="585" HPOS="783"/>
<String CONTENT="F." HEIGHT="51" WIDTH="63" VPOS="585" HPOS="822"/>
<SP HEIGHT="34" WIDTH="36" VPOS="602" HPOS="886"/>
<String CONTENT="of" HEIGHT="52" WIDTH="65" VPOS="582" HPOS="923"/>
<SP HEIGHT="52" WIDTH="33" VPOS="582" HPOS="989"/>
<String CONTENT="L.," HEIGHT="66" WIDTH="84" VPOS="583" HPOS="1023"/>
<SP HEIGHT="67" WIDTH="33" VPOS="582" HPOS="1108"/>
<String CONTENT="by" HEIGHT="69" WIDTH="76" VPOS="582" HPOS="1142"/>
<SP HEIGHT="71" WIDTH="36" VPOS="580" HPOS="1219"/>
<String CONTENT="Emil" HEIGHT="53" WIDTH="155" VPOS="580" HPOS="1256"/>
<SP HEIGHT="55" WIDTH="38" VPOS="579" HPOS="1412"/>
<String CONTENT="Oliver" HEIGHT="55" WIDTH="201" VPOS="579" HPOS="1451"/>
<SP HEIGHT="55" WIDTH="33" VPOS="579" HPOS="1653"/>
<String CONTENT="Jorgensen" HEIGHT="71" WIDTH="319" VPOS="578" HPOS="1687"/>
<SP HEIGHT="33" WIDTH="42" VPOS="597" HPOS="2007"/>
<String CS="1" CONTENT="&#8230;"/>
</TextLine>
<TextLine HEIGHT="79" WIDTH="2010" VPOS="657" HPOS="103" CS="1">
<String CONTENT="Chicago," HEIGHT="71" WIDTH="272" VPOS="665" HPOS="103"/>
<SP HEIGHT="56" WIDTH="49" VPOS="666" HPOS="375"/>
<String CS="1" CONTENT="Ill.," HEIGHT="11" WIDTH="11" VPOS="708" HPOS="526"/>
<SP HEIGHT="54" WIDTH="50" VPOS="665" HPOS="537"/>
<String CONTENT="Education" HEIGHT="56" WIDTH="323" VPOS="662" HPOS="587"/>
<SP HEIGHT="48" WIDTH="53" VPOS="680" HPOS="910"/>
<String CONTENT="protective" HEIGHT="69" WIDTH="314" VPOS="659" HPOS="963"/>
<SP HEIGHT="35" WIDTH="48" VPOS="677" HPOS="1277"/>
<String CONTENT="association" HEIGHT="54" WIDTH="342" VPOS="658" HPOS="1325"/>
<SP HEIGHT="34" WIDTH="45" VPOS="676" HPOS="1667"/>
<String CONTENT="of" HEIGHT="53" WIDTH="65" VPOS="657" HPOS="1712"/>
<SP HEIGHT="52" WIDTH="51" VPOS="657" HPOS="1777"/>
<String CONTENT="America," HEIGHT="65" WIDTH="285" VPOS="658" HPOS="1828"/>
</TextLine>
<TextLine HEIGHT="69" WIDTH="314" VPOS="745" HPOS="103">
<String CONTENT="inc." HEIGHT="53" WIDTH="105" VPOS="746" HPOS="103"/>
<SP HEIGHT="36" WIDTH="35" VPOS="778" HPOS="209"/>
<String CONTENT="[1928]" HEIGHT="66" WIDTH="172" VPOS="747" HPOS="245"/>
</TextLine>
<TextLine HEIGHT="57" WIDTH="1097" VPOS="820" HPOS="217" STYLEREFS="StyleId-564F1B28-E88C-42A4-B01C-72D4D15CB580-" CS="1">
<String CS="1" CONTENT="x,"/>
<SP HEIGHT="42" WIDTH="27" VPOS="829" HPOS="217"/>
<String CONTENT="69" HEIGHT="39" WIDTH="55" VPOS="829" HPOS="245"/>
<SP HEIGHT="47" WIDTH="24" VPOS="829" HPOS="301"/>
<String CONTENT="p." HEIGHT="37" WIDTH="43" VPOS="839" HPOS="326"/>
<SP HEIGHT="40" WIDTH="24" VPOS="828" HPOS="370"/>
<String CONTENT="incl." HEIGHT="40" WIDTH="111" VPOS="828" HPOS="395"/>
<SP HEIGHT="36" WIDTH="28" VPOS="839" HPOS="507"/>
<String CONTENT="ports.," HEIGHT="47" WIDTH="162" VPOS="828" HPOS="536"/>
<SP HEIGHT="48" WIDTH="25" VPOS="825" HPOS="699"/>
<String CONTENT="facsims." HEIGHT="43" WIDTH="216" VPOS="823" HPOS="725"/>
<SP HEIGHT="47" WIDTH="26" VPOS="823" HPOS="942"/>
<String CONTENT="(2" HEIGHT="47" WIDTH="50" VPOS="823" HPOS="969"/>
<SP HEIGHT="40" WIDTH="24" VPOS="823" HPOS="1020"/>
<String CONTENT="fold.)" HEIGHT="46" WIDTH="143" VPOS="822" HPOS="1045"/>
<SP HEIGHT="48" WIDTH="68" VPOS="820" HPOS="1189"/>
<String CONTENT="23" HEIGHT="42" WIDTH="56" VPOS="820" HPOS="1258"/>
<String STYLE="superscript" CS="1" CONTENT="&#7580;&#7504;."/>
</TextLine>
<TextLine HEIGHT="116" WIDTH="1990" VPOS="877" HPOS="106" STYLEREFS="StyleId-564F1B28-E88C-42A4-B01C-72D4D15CB580-" CS="1">
<String CONTENT="&#169;" HEIGHT="53" WIDTH="51" VPOS="882" HPOS="106"/>
<SP HEIGHT="53" WIDTH="29" VPOS="882" HPOS="158"/>
<String CONTENT="Mar." HEIGHT="41" WIDTH="120" VPOS="887" HPOS="188"/>
<SP HEIGHT="40" WIDTH="27" VPOS="887" HPOS="309"/>
<String CONTENT="17," HEIGHT="43" WIDTH="67" VPOS="887" HPOS="337"/>
<SP HEIGHT="43" WIDTH="28" VPOS="887" HPOS="405"/>
<String CONTENT="1928;" HEIGHT="42" WIDTH="141" VPOS="885" HPOS="434"/>
<SP HEIGHT="42" WIDTH="26" VPOS="885" HPOS="576"/>
<String CONTENT="2c." HEIGHT="39" WIDTH="67" VPOS="885" HPOS="603"/>
<SP HEIGHT="30" WIDTH="26" VPOS="894" HPOS="671"/>
<String CONTENT="and" HEIGHT="41" WIDTH="94" VPOS="883" HPOS="698"/>
<SP HEIGHT="39" WIDTH="28" VPOS="883" HPOS="793"/>
<String CONTENT="aff." HEIGHT="42" WIDTH="82" VPOS="881" HPOS="822"/>
<SP HEIGHT="41" WIDTH="27" VPOS="882" HPOS="905"/>
<String CONTENT="Mar." HEIGHT="40" WIDTH="122" VPOS="882" HPOS="933"/>
<SP HEIGHT="41" WIDTH="25" VPOS="881" HPOS="1056"/>
<String CS="1" CONTENT="21;" HEIGHT="38" WIDTH="54" VPOS="881" HPOS="1082"/>
<SP HEIGHT="46" WIDTH="29" VPOS="880" HPOS="1166"/>
<!-- cceid 1AE7EAE2-6CB2-1014-A20E-B9D6251C946A --><String CONTENT="A" HEIGHT="40" WIDTH="42" VPOS="880" HPOS="1196"/>
<SP HEIGHT="41" WIDTH="25" VPOS="879" HPOS="1239"/>
<String CONTENT="1068466;" HEIGHT="42" WIDTH="230" VPOS="878" HPOS="1265"/>
<SP HEIGHT="40" WIDTH="30" VPOS="880" HPOS="1496"/>
<String CONTENT="E." HEIGHT="39" WIDTH="53" VPOS="880" HPOS="1527"/>
<SP HEIGHT="41" WIDTH="28" VPOS="878" HPOS="1581"/>
<String CONTENT="O." HEIGHT="41" WIDTH="53" VPOS="878" HPOS="1610"/>
<SP HEIGHT="41" WIDTH="26" VPOS="878" HPOS="1664"/>
<String CONTENT="Jorgensen," HEIGHT="50" WIDTH="283" VPOS="877" HPOS="1691"/>
<SP HEIGHT="43" WIDTH="29" VPOS="877" HPOS="1975"/>
<String CONTENT="Chicago." HEIGHT="116" WIDTH="1923" VPOS="877" HPOS="173"/>
<SP HEIGHT="47" WIDTH="72" VPOS="944" HPOS="305"/>
<String CONTENT="(28-8599)" HEIGHT="50" WIDTH="252" VPOS="941" HPOS="378"/>
</TextLine>
<TextLine HEIGHT="69" WIDTH="1186" VPOS="1033" HPOS="98" STYLEREFS="StyleId-314C92FC-6424-4EB6-9A64-61F7F84E97B6-" CS="1">
<String LANG="fr" CONTENT="Kavanagh," HEIGHT="66" WIDTH="354" VPOS="1036" HPOS="98"/>
<SP HEIGHT="61" WIDTH="34" VPOS="1037" HPOS="453"/>
<String LANG="en-US" CONTENT="Marcus" HEIGHT="51" WIDTH="241" VPOS="1037" HPOS="488"/>
<SP HEIGHT="53" WIDTH="32" VPOS="1034" HPOS="730"/>
<String LANG="en-US" CONTENT="A" HEIGHT="52" WIDTH="51" VPOS="1034" HPOS="763"/>
<SP/>
<String LANG="en-US" CONTENT="1859-" HEIGHT="50" WIDTH="173" VPOS="1034" HPOS="1111"/>
</TextLine>
<TextLine HEIGHT="74" WIDTH="1940" VPOS="1107" HPOS="172">
<String CONTENT="The" HEIGHT="54" WIDTH="122" VPOS="1116" HPOS="172"/>
<SP HEIGHT="35" WIDTH="32" VPOS="1134" HPOS="295"/>
<String CONTENT="criminal" HEIGHT="53" WIDTH="264" VPOS="1115" HPOS="328"/>
<SP HEIGHT="51" WIDTH="34" VPOS="1115" HPOS="593"/>
<String CONTENT="and" HEIGHT="52" WIDTH="110" VPOS="1114" HPOS="628"/>
<SP HEIGHT="53" WIDTH="34" VPOS="1113" HPOS="739"/>
<String CONTENT="his" HEIGHT="52" WIDTH="90" VPOS="1113" HPOS="774"/>
<SP HEIGHT="35" WIDTH="31" VPOS="1130" HPOS="865"/>
<String CONTENT="allies," HEIGHT="65" WIDTH="180" VPOS="1112" HPOS="897"/>
<SP HEIGHT="66" WIDTH="31" VPOS="1111" HPOS="1078"/>
<String CONTENT="by" HEIGHT="67" WIDTH="75" VPOS="1111" HPOS="1110"/>
<SP HEIGHT="68" WIDTH="31" VPOS="1110" HPOS="1186"/>
<String CONTENT="Marcus" HEIGHT="55" WIDTH="234" VPOS="1109" HPOS="1218"/>
<SP HEIGHT="54" WIDTH="31" VPOS="1109" HPOS="1453"/>
<String LANG="fr" CONTENT="Kavanagh," HEIGHT="71" WIDTH="347" VPOS="1107" HPOS="1485"/>
<SP HEIGHT="48" WIDTH="32" VPOS="1128" HPOS="1833"/>
<String CONTENT="with" HEIGHT="53" WIDTH="141" VPOS="1108" HPOS="1866"/>
<SP HEIGHT="51" WIDTH="33" VPOS="1109" HPOS="2008"/>
<String CONTENT="an" HEIGHT="33" WIDTH="70" VPOS="1127" HPOS="2042"/>
</TextLine>
<TextLine HEIGHT="140" WIDTH="2009" VPOS="1186" HPOS="102" CS="1">
<String CONTENT="introduction" HEIGHT="54" WIDTH="390" VPOS="1194" HPOS="104"/>
<SP HEIGHT="52" WIDTH="44" VPOS="1193" HPOS="495"/>
<String CONTENT="by" HEIGHT="69" WIDTH="75" VPOS="1193" HPOS="540"/>
<SP HEIGHT="69" WIDTH="44" VPOS="1193" HPOS="616"/>
<String CONTENT="Wade" HEIGHT="55" WIDTH="181" VPOS="1191" HPOS="661"/>
<SP HEIGHT="52" WIDTH="45" VPOS="1191" HPOS="843"/>
<String CONTENT="H." HEIGHT="51" WIDTH="77" VPOS="1191" HPOS="889"/>
<SP HEIGHT="52" WIDTH="46" VPOS="1190" HPOS="967"/>
<String CONTENT="Ellis." HEIGHT="51" WIDTH="166" VPOS="1190" HPOS="1014"/>
<SP HEIGHT="53" WIDTH="82" VPOS="1189" HPOS="1181"/>
<String CONTENT="Indianapolis," HEIGHT="69" WIDTH="422" VPOS="1187" HPOS="1264"/>
<SP HEIGHT="67" WIDTH="42" VPOS="1188" HPOS="1687"/>
<String CONTENT="The" HEIGHT="53" WIDTH="121" VPOS="1187" HPOS="1730"/>
<SP HEIGHT="51" WIDTH="46" VPOS="1188" HPOS="1852"/>
<String CONTENT="Bobbs-Merrill" HEIGHT="140" WIDTH="2009" VPOS="1186" HPOS="102"/>
</TextLine>
<TextLine HEIGHT="67" WIDTH="460" VPOS="1272" HPOS="359" CS="1">
<String CONTENT="company" HEIGHT="50" WIDTH="281" VPOS="1289" HPOS="359"/>
<SP HEIGHT="50" WIDTH="37" VPOS="1289" HPOS="641"/>
<String CS="1" CONTENT="[&#7580;1928]" HEIGHT="66" WIDTH="140" VPOS="1272" HPOS="679"/>
</TextLine>
<TextLine HEIGHT="54" WIDTH="1222" VPOS="1350" HPOS="172" STYLEREFS="StyleId-564F1B28-E88C-42A4-B01C-72D4D15CB580-" CS="1">
<String CONTENT="3" HEIGHT="40" WIDTH="25" VPOS="1357" HPOS="172"/>
<SP HEIGHT="47" WIDTH="25" VPOS="1357" HPOS="198"/>
<String LANG="fr" CS="1" CONTENT="p."/>
<SP/>
<String LANG="fr" CS="1" CONTENT="l."/>
<String CONTENT="," HEIGHT="15" WIDTH="7" VPOS="1386" HPOS="330"/>
<SP HEIGHT="34" WIDTH="27" VPOS="1367" HPOS="338"/>
<String CONTENT="v-xxiii" HEIGHT="40" WIDTH="184" VPOS="1354" HPOS="366"/>
<SP HEIGHT="47" WIDTH="25" VPOS="1354" HPOS="551"/>
<String CS="1" CONTENT="p.," HEIGHT="37" WIDTH="42" VPOS="1364" HPOS="577"/>
<SP HEIGHT="41" WIDTH="24" VPOS="1353" HPOS="635"/>
<String CONTENT="2" HEIGHT="39" WIDTH="26" VPOS="1353" HPOS="660"/>
<SP HEIGHT="39" WIDTH="24" VPOS="1353" HPOS="687"/>
<String CS="1" CONTENT="l.," HEIGHT="8" WIDTH="7" VPOS="1385" HPOS="734"/>
<SP HEIGHT="40" WIDTH="25" VPOS="1353" HPOS="757"/>
<String CONTENT="433" HEIGHT="40" WIDTH="86" VPOS="1352" HPOS="783"/>
<SP HEIGHT="47" WIDTH="25" VPOS="1352" HPOS="870"/>
<String CONTENT="p." HEIGHT="37" WIDTH="43" VPOS="1362" HPOS="896"/>
<SP HEIGHT="40" WIDTH="25" VPOS="1351" HPOS="940"/>
<String CONTENT="incl." HEIGHT="40" WIDTH="109" VPOS="1351" HPOS="966"/>
<SP HEIGHT="37" WIDTH="28" VPOS="1354" HPOS="1076"/>
<String CONTENT="tables." HEIGHT="42" WIDTH="172" VPOS="1350" HPOS="1105"/>
<SP HEIGHT="41" WIDTH="58" VPOS="1350" HPOS="1278"/>
<String CS="1" CONTENT="22&#189;&#7580;&#7504;." HEIGHT="39" WIDTH="57" VPOS="1350" HPOS="1337"/>
</TextLine>
<TextLine HEIGHT="56" WIDTH="1896" VPOS="1405" HPOS="107" STYLEREFS="StyleId-564F1B28-E88C-42A4-B01C-72D4D15CB580-" CS="1">
<String CONTENT="&#169;" HEIGHT="52" WIDTH="52" VPOS="1409" HPOS="107"/>
<SP HEIGHT="52" WIDTH="28" VPOS="1409" HPOS="160"/>
<String CONTENT="Mar." HEIGHT="41" WIDTH="122" VPOS="1413" HPOS="189"/>
<SP HEIGHT="40" WIDTH="24" VPOS="1413" HPOS="312"/>
<String CONTENT="23," HEIGHT="45" WIDTH="69" VPOS="1413" HPOS="337"/>
<SP HEIGHT="44" WIDTH="28" VPOS="1414" HPOS="407"/>
<String CS="1" CONTENT="1928;" HEIGHT="40" WIDTH="116" VPOS="1411" HPOS="436"/>
<SP HEIGHT="39" WIDTH="28" VPOS="1411" HPOS="577"/>
<String CONTENT="2c." HEIGHT="40" WIDTH="68" VPOS="1411" HPOS="606"/>
<SP HEIGHT="31" WIDTH="26" VPOS="1420" HPOS="675"/>
<String CONTENT="and" HEIGHT="39" WIDTH="95" VPOS="1411" HPOS="702"/>
<SP HEIGHT="38" WIDTH="27" VPOS="1411" HPOS="798"/>
<String CONTENT="aff." HEIGHT="41" WIDTH="82" VPOS="1408" HPOS="826"/>
<SP HEIGHT="39" WIDTH="27" VPOS="1410" HPOS="909"/>
<String CONTENT="Mar." HEIGHT="39" WIDTH="123" VPOS="1410" HPOS="937"/>
<SP HEIGHT="41" WIDTH="25" VPOS="1408" HPOS="1061"/>
<String CONTENT="28;" HEIGHT="46" WIDTH="83" VPOS="1408" HPOS="1087"/>
<SP HEIGHT="46" WIDTH="29" VPOS="1408" HPOS="1171"/>
<!-- cceid 1AE897FA-6CB2-1014-A20E-B9D6251C946A --><String CONTENT="A" HEIGHT="40" WIDTH="43" VPOS="1408" HPOS="1201"/>
<SP HEIGHT="41" WIDTH="24" VPOS="1407" HPOS="1245"/>
<String CS="1" CONTENT="1068619;" HEIGHT="41" WIDTH="205" VPOS="1407" HPOS="1270"/>
<SP HEIGHT="46" WIDTH="31" VPOS="1408" HPOS="1503"/>
<String CONTENT="Bobbs-Merrill" HEIGHT="41" WIDTH="371" VPOS="1407" HPOS="1535"/>
<SP HEIGHT="39" WIDTH="27" VPOS="1408" HPOS="1907"/>
<String CONTENT="co." HEIGHT="30" WIDTH="68" VPOS="1417" HPOS="1935"/>
</TextLine>
<TextLine HEIGHT="49" WIDTH="254" VPOS="1469" HPOS="185" STYLEREFS="StyleId-564F1B28-E88C-42A4-B01C-72D4D15CB580-">
<String CONTENT="(28-8729)" HEIGHT="49" WIDTH="254" VPOS="1469" HPOS="185"/>
</TextLine>
<TextLine HEIGHT="65" WIDTH="780" VPOS="1562" HPOS="100" STYLEREFS="StyleId-314C92FC-6424-4EB6-9A64-61F7F84E97B6-">
<String CONTENT="Kearton," HEIGHT="63" WIDTH="284" VPOS="1564" HPOS="100"/>
<SP HEIGHT="62" WIDTH="36" VPOS="1564" HPOS="385"/>
<String CONTENT="Cherry," HEIGHT="63" WIDTH="247" VPOS="1563" HPOS="422"/>
<SP HEIGHT="57" WIDTH="38" VPOS="1567" HPOS="670"/>
<String CONTENT="1871-" HEIGHT="53" WIDTH="171" VPOS="1563" HPOS="709"/>
</TextLine>
<TextLine HEIGHT="137" WIDTH="1990" VPOS="1637" HPOS="102" CS="1">
<String CONTENT="My" HEIGHT="70" WIDTH="104" VPOS="1642" HPOS="172"/>
<SP HEIGHT="69" WIDTH="39" VPOS="1642" HPOS="276"/>
<String CONTENT="happy" HEIGHT="68" WIDTH="199" VPOS="1642" HPOS="315"/>
<SP HEIGHT="50" WIDTH="39" VPOS="1660" HPOS="514"/>
<String CONTENT="chimpanzee;" HEIGHT="69" WIDTH="395" VPOS="1640" HPOS="553"/>
<SP HEIGHT="59" WIDTH="45" VPOS="1647" HPOS="948"/>
<String CONTENT="the" HEIGHT="53" WIDTH="92" VPOS="1640" HPOS="993"/>
<SP HEIGHT="35" WIDTH="39" VPOS="1658" HPOS="1085"/>
<String CONTENT="adventures" HEIGHT="54" WIDTH="345" VPOS="1639" HPOS="1124"/>
<SP HEIGHT="33" WIDTH="38" VPOS="1658" HPOS="1469"/>
<String CONTENT="of" HEIGHT="53" WIDTH="64" VPOS="1638" HPOS="1507"/>
<SP HEIGHT="53" WIDTH="37" VPOS="1638" HPOS="1571"/>
<String CONTENT="Mary," HEIGHT="70" WIDTH="189" VPOS="1638" HPOS="1608"/>
<SP HEIGHT="62" WIDTH="35" VPOS="1644" HPOS="1797"/>
<String CONTENT="the" HEIGHT="52" WIDTH="96" VPOS="1638" HPOS="1832"/>
<SP HEIGHT="33" WIDTH="40" VPOS="1657" HPOS="1928"/>
<String CONTENT="wonderful" HEIGHT="118" WIDTH="1990" VPOS="1656" HPOS="102"/>
</TextLine>
<TextLine HEIGHT="74" WIDTH="1784" VPOS="1715" HPOS="335">
<String CONTENT="chimpanzee," HEIGHT="66" WIDTH="385" VPOS="1721" HPOS="335"/>
<SP HEIGHT="38" WIDTH="36" VPOS="1736" HPOS="721"/>
<String CONTENT="at" HEIGHT="48" WIDTH="60" VPOS="1723" HPOS="758"/>
<SP HEIGHT="48" WIDTH="33" VPOS="1723" HPOS="819"/>
<String CONTENT="the" HEIGHT="52" WIDTH="95" VPOS="1719" HPOS="853"/>
<SP HEIGHT="34" WIDTH="37" VPOS="1737" HPOS="949"/>
<String CONTENT="seaside." HEIGHT="53" WIDTH="234" VPOS="1718" HPOS="987"/>
<SP HEIGHT="52" WIDTH="75" VPOS="1718" HPOS="1222"/>
<String CONTENT="Told" HEIGHT="53" WIDTH="147" VPOS="1717" HPOS="1298"/>
<SP HEIGHT="53" WIDTH="38" VPOS="1717" HPOS="1446"/>
<String CONTENT="by" HEIGHT="70" WIDTH="74" VPOS="1717" HPOS="1485"/>
<SP HEIGHT="71" WIDTH="39" VPOS="1716" HPOS="1560"/>
<String CONTENT="Cherry" HEIGHT="71" WIDTH="221" VPOS="1715" HPOS="1600"/>
<SP HEIGHT="69" WIDTH="35" VPOS="1716" HPOS="1822"/>
<String CONTENT="Kearton" HEIGHT="53" WIDTH="261" VPOS="1716" HPOS="1858"/>
</TextLine>
<TextLine HEIGHT="74" WIDTH="1952" VPOS="1794" HPOS="165" CS="1">
<String CS="1" CONTENT="&#8230;"/>
<SP HEIGHT="34" WIDTH="35" VPOS="1818" HPOS="165"/>
<String CONTENT="with" HEIGHT="53" WIDTH="139" VPOS="1800" HPOS="201"/>
<SP HEIGHT="67" WIDTH="32" VPOS="1800" HPOS="341"/>
<String CONTENT="photographs" HEIGHT="71" WIDTH="399" VPOS="1796" HPOS="374"/>
<SP HEIGHT="53" WIDTH="28" VPOS="1797" HPOS="774"/>
<String CONTENT="by" HEIGHT="68" WIDTH="75" VPOS="1797" HPOS="803"/>
<SP HEIGHT="62" WIDTH="30" VPOS="1803" HPOS="879"/>
<String CONTENT="the" HEIGHT="53" WIDTH="93" VPOS="1796" HPOS="910"/>
<SP HEIGHT="35" WIDTH="33" VPOS="1814" HPOS="1004"/>
<String CONTENT="author." HEIGHT="53" WIDTH="224" VPOS="1795" HPOS="1038"/>
<SP HEIGHT="53" WIDTH="76" VPOS="1795" HPOS="1263"/>
<String CONTENT="New" HEIGHT="53" WIDTH="139" VPOS="1795" HPOS="1340"/>
<SP HEIGHT="52" WIDTH="30" VPOS="1796" HPOS="1480"/>
<String CONTENT="York," HEIGHT="68" WIDTH="181" VPOS="1795" HPOS="1511"/>
<SP HEIGHT="68" WIDTH="30" VPOS="1795" HPOS="1693"/>
<String CONTENT="Dodd," HEIGHT="70" WIDTH="192" VPOS="1794" HPOS="1724"/>
<SP HEIGHT="69" WIDTH="29" VPOS="1794" HPOS="1917"/>
<String CONTENT="Mead" HEIGHT="54" WIDTH="170" VPOS="1794" HPOS="1947"/>
</TextLine>
<TextLine HEIGHT="68" WIDTH="625" VPOS="1878" HPOS="104">
<String CONTENT="and" HEIGHT="52" WIDTH="113" VPOS="1879" HPOS="104"/>
<SP HEIGHT="53" WIDTH="29" VPOS="1878" HPOS="218"/>
<String CONTENT="company," HEIGHT="50" WIDTH="299" VPOS="1895" HPOS="248"/>
<SP HEIGHT="64" WIDTH="30" VPOS="1879" HPOS="548"/>
<String CONTENT="1928." HEIGHT="51" WIDTH="150" VPOS="1878" HPOS="579"/>
</TextLine>
<TextLine HEIGHT="52" WIDTH="909" VPOS="1957" HPOS="173" STYLEREFS="StyleId-564F1B28-E88C-42A4-B01C-72D4D15CB580-" CS="1">
<String CONTENT="5" HEIGHT="40" WIDTH="26" VPOS="1962" HPOS="173"/>
<SP HEIGHT="47" WIDTH="28" VPOS="1962" HPOS="200"/>
<String LANG="fr" CS="1" CONTENT="p."/>
<SP/>
<String LANG="fr" CS="1" CONTENT="l."/>
<String CONTENT="," HEIGHT="15" WIDTH="8" VPOS="1992" HPOS="337"/>
<SP HEIGHT="45" WIDTH="29" VPOS="1962" HPOS="346"/>
<String CONTENT="125" HEIGHT="40" WIDTH="86" VPOS="1960" HPOS="376"/>
<SP HEIGHT="47" WIDTH="28" VPOS="1960" HPOS="463"/>
<String CONTENT="p." HEIGHT="36" WIDTH="43" VPOS="1971" HPOS="492"/>
<SP HEIGHT="41" WIDTH="59" VPOS="1958" HPOS="536"/>
<String CONTENT="front.," HEIGHT="50" WIDTH="164" VPOS="1957" HPOS="596"/>
<SP HEIGHT="38" WIDTH="30" VPOS="1969" HPOS="761"/>
<String CONTENT="plates." HEIGHT="49" WIDTH="173" VPOS="1958" HPOS="792"/>
<SP HEIGHT="38" WIDTH="61" VPOS="1960" HPOS="966"/>
<String CS="1" CONTENT="19&#189;&#7580;&#7504;." HEIGHT="40" WIDTH="54" VPOS="1957" HPOS="1028"/>
</TextLine>
<TextLine HEIGHT="56" WIDTH="2009" VPOS="2010" HPOS="109" STYLEREFS="StyleId-564F1B28-E88C-42A4-B01C-72D4D15CB580-">
<String CONTENT="&#169;" HEIGHT="52" WIDTH="52" VPOS="2014" HPOS="109"/>
<SP HEIGHT="52" WIDTH="32" VPOS="2014" HPOS="162"/>
<String CONTENT="Mar." HEIGHT="41" WIDTH="122" VPOS="2018" HPOS="195"/>
<SP HEIGHT="39" WIDTH="30" VPOS="2019" HPOS="318"/>
<String CONTENT="16," HEIGHT="49" WIDTH="69" VPOS="2016" HPOS="349"/>
<SP HEIGHT="47" WIDTH="32" VPOS="2018" HPOS="419"/>
<String CONTENT="1928;" HEIGHT="47" WIDTH="141" VPOS="2016" HPOS="452"/>
<SP HEIGHT="47" WIDTH="33" VPOS="2016" HPOS="594"/>
<String CONTENT="2c." HEIGHT="41" WIDTH="68" VPOS="2016" HPOS="628"/>
<SP HEIGHT="31" WIDTH="32" VPOS="2026" HPOS="697"/>
<String CONTENT="and" HEIGHT="41" WIDTH="96" VPOS="2015" HPOS="730"/>
<SP HEIGHT="40" WIDTH="31" VPOS="2015" HPOS="827"/>
<String CONTENT="aff." HEIGHT="42" WIDTH="84" VPOS="2014" HPOS="859"/>
<SP HEIGHT="41" WIDTH="31" VPOS="2015" HPOS="944"/>
<String CONTENT="Mar." HEIGHT="40" WIDTH="123" VPOS="2015" HPOS="976"/>
<SP HEIGHT="40" WIDTH="31" VPOS="2015" HPOS="1100"/>
<String CONTENT="22;" HEIGHT="46" WIDTH="83" VPOS="2014" HPOS="1132"/>
<SP HEIGHT="47" WIDTH="35" VPOS="2013" HPOS="1216"/>
<!-- cceid 1AE94090-6CB2-1014-A20E-B9D6251C946A --><String CONTENT="A" HEIGHT="40" WIDTH="42" VPOS="2013" HPOS="1252"/>
<SP HEIGHT="40" WIDTH="31" VPOS="2013" HPOS="1295"/>
<String CONTENT="1069399;" HEIGHT="49" WIDTH="230" VPOS="2012" HPOS="1327"/>
<SP HEIGHT="47" WIDTH="36" VPOS="2014" HPOS="1558"/>
<String CONTENT="Dodd," HEIGHT="47" WIDTH="155" VPOS="2014" HPOS="1595"/>
<SP HEIGHT="48" WIDTH="34" VPOS="2013" HPOS="1751"/>
<String CONTENT="Mead" HEIGHT="41" WIDTH="143" VPOS="2013" HPOS="1786"/>
<SP HEIGHT="40" WIDTH="33" VPOS="2014" HPOS="1930"/>
<String CONTENT="&amp;" HEIGHT="39" WIDTH="37" VPOS="2014" HPOS="1964"/>
<SP HEIGHT="39" WIDTH="32" VPOS="2014" HPOS="2002"/>
<String CONTENT="co.," HEIGHT="38" WIDTH="83" VPOS="2024" HPOS="2035"/>
</TextLine>
<TextLine HEIGHT="51" WIDTH="415" VPOS="2073" HPOS="179" STYLEREFS="StyleId-564F1B28-E88C-42A4-B01C-72D4D15CB580-">
<String CONTENT="inc." HEIGHT="42" WIDTH="91" VPOS="2074" HPOS="179"/>
<SP HEIGHT="48" WIDTH="68" VPOS="2075" HPOS="271"/>
<String CONTENT="(28-8603)" HEIGHT="50" WIDTH="254" VPOS="2073" HPOS="340"/>
</TextLine>
<TextLine HEIGHT="61" WIDTH="514" VPOS="2169" HPOS="108" STYLEREFS="StyleId-314C92FC-6424-4EB6-9A64-61F7F84E97B6-">
<String CONTENT="Kramer," HEIGHT="61" WIDTH="272" VPOS="2169" HPOS="108"/>
<SP HEIGHT="60" WIDTH="30" VPOS="2169" HPOS="380"/>
<String CONTENT="Franz." HEIGHT="51" WIDTH="212" VPOS="2169" HPOS="410"/>
</TextLine>
<TextLine HEIGHT="75" WIDTH="1948" VPOS="2242" HPOS="175">
<String LANG="de" CONTENT="Neurologische" HEIGHT="71" WIDTH="446" VPOS="2246" HPOS="175"/>
<SP HEIGHT="35" WIDTH="79" VPOS="2264" HPOS="622"/>
<String LANG="en-US" CONTENT="untersuchungs-schemata." HEIGHT="71" WIDTH="790" VPOS="2243" HPOS="702"/>
<SP HEIGHT="51" WIDTH="134" VPOS="2245" HPOS="1493"/>
<String LANG="en-US" CONTENT="Berlin," HEIGHT="64" WIDTH="220" VPOS="2244" HPOS="1628"/>
<SP HEIGHT="63" WIDTH="78" VPOS="2244" HPOS="1849"/>
<String LANG="en-US" CONTENT="Julius" HEIGHT="54" WIDTH="195" VPOS="2244" HPOS="1928"/>
</TextLine>
<TextLine HEIGHT="73" WIDTH="483" VPOS="2323" HPOS="108">
<String CONTENT="Springer," HEIGHT="73" WIDTH="299" VPOS="2323" HPOS="108"/>
<SP HEIGHT="64" WIDTH="32" VPOS="2329" HPOS="408"/>
<String CONTENT="1927." HEIGHT="56" WIDTH="150" VPOS="2323" HPOS="441"/>
</TextLine>
<TextLine HEIGHT="43" WIDTH="100" VPOS="2408" HPOS="175">
<String CONTENT="1" HEIGHT="40" WIDTH="25" VPOS="2409" HPOS="175"/>
<SP HEIGHT="42" WIDTH="29" VPOS="2409" HPOS="201"/>
<String CONTENT="v." HEIGHT="32" WIDTH="44" VPOS="2419" HPOS="231"/>
</TextLine>
<TextLine HEIGHT="58" WIDTH="1840" VPOS="2458" HPOS="109" STYLEREFS="StyleId-564F1B28-E88C-42A4-B01C-72D4D15CB580-" CS="1">
<String CONTENT="&#169;" HEIGHT="52" WIDTH="52" VPOS="2462" HPOS="109"/>
<SP HEIGHT="52" WIDTH="30" VPOS="2462" HPOS="162"/>
<String CONTENT="July" HEIGHT="49" WIDTH="117" VPOS="2466" HPOS="193"/>
<SP HEIGHT="48" WIDTH="26" VPOS="2466" HPOS="311"/>
<String CONTENT="28," HEIGHT="46" WIDTH="70" VPOS="2466" HPOS="338"/>
<SP HEIGHT="45" WIDTH="31" VPOS="2467" HPOS="409"/>
<String CS="1" CONTENT="1927;" HEIGHT="40" WIDTH="114" VPOS="2465" HPOS="441"/>
<SP/>
<String CS="1" CONTENT="1c."/>
<SP HEIGHT="41" WIDTH="29" VPOS="2466" HPOS="684"/>
<String CONTENT="Nov." HEIGHT="42" WIDTH="119" VPOS="2465" HPOS="714"/>
<SP HEIGHT="41" WIDTH="30" VPOS="2465" HPOS="834"/>
<String CONTENT="8;" HEIGHT="44" WIDTH="52" VPOS="2465" HPOS="865"/>
<SP HEIGHT="44" WIDTH="31" VPOS="2465" HPOS="918"/>
<!-- cceid 1AE9EDF5-6CB2-1014-A20E-B9D6251C946A --><String CONTENT="A&#8212;Foreign" HEIGHT="50" WIDTH="315" VPOS="2463" HPOS="950"/>
<SP HEIGHT="39" WIDTH="28" VPOS="2465" HPOS="1266"/>
<String CONTENT="36411;" HEIGHT="47" WIDTH="173" VPOS="2464" HPOS="1295"/>
<SP HEIGHT="47" WIDTH="33" VPOS="2464" HPOS="1469"/>
<String CONTENT="Julius" HEIGHT="40" WIDTH="166" VPOS="2464" HPOS="1503"/>
<SP HEIGHT="42" WIDTH="33" VPOS="2464" HPOS="1670"/>
<String CONTENT="Springer." HEIGHT="50" WIDTH="245" VPOS="2463" HPOS="1704"/>
</TextLine>
<TextLine HEIGHT="65" WIDTH="910" VPOS="2557" HPOS="102" STYLEREFS="StyleId-314C92FC-6424-4EB6-9A64-61F7F84E97B6-">
<String CONTENT="La" HEIGHT="52" WIDTH="84" VPOS="2559" HPOS="102"/>
<SP HEIGHT="51" WIDTH="29" VPOS="2561" HPOS="187"/>
<String CONTENT="Master," HEIGHT="62" WIDTH="247" VPOS="2560" HPOS="217"/>
<SP HEIGHT="62" WIDTH="33" VPOS="2559" HPOS="465"/>
<String CONTENT="Glenn" HEIGHT="54" WIDTH="185" VPOS="2558" HPOS="499"/>
<SP HEIGHT="52" WIDTH="31" VPOS="2560" HPOS="685"/>
<String CONTENT="Chalmer." HEIGHT="55" WIDTH="295" VPOS="2558" HPOS="717"/>
</TextLine>
<TextLine HEIGHT="75" WIDTH="1945" VPOS="2632" HPOS="175">
<String CONTENT="The" HEIGHT="55" WIDTH="121" VPOS="2636" HPOS="175"/>
<SP HEIGHT="36" WIDTH="29" VPOS="2654" HPOS="297"/>
<String CONTENT="new" HEIGHT="34" WIDTH="124" VPOS="2655" HPOS="327"/>
<SP HEIGHT="51" WIDTH="32" VPOS="2655" HPOS="452"/>
<String CONTENT="genetics," HEIGHT="70" WIDTH="268" VPOS="2636" HPOS="484"/>
<SP HEIGHT="70" WIDTH="29" VPOS="2634" HPOS="752"/>
<String CONTENT="by" HEIGHT="71" WIDTH="75" VPOS="2634" HPOS="781"/>
<SP HEIGHT="71" WIDTH="33" VPOS="2634" HPOS="856"/>
<String CONTENT="Glenn" HEIGHT="57" WIDTH="188" VPOS="2634" HPOS="889"/>
<SP HEIGHT="56" WIDTH="34" VPOS="2635" HPOS="1078"/>
<String CONTENT="C." HEIGHT="56" WIDTH="61" VPOS="2635" HPOS="1113"/>
<SP HEIGHT="52" WIDTH="32" VPOS="2637" HPOS="1175"/>
<String CONTENT="La" HEIGHT="54" WIDTH="83" VPOS="2636" HPOS="1208"/>
<SP HEIGHT="53" WIDTH="33" VPOS="2636" HPOS="1292"/>
<String CONTENT="Master;" HEIGHT="66" WIDTH="247" VPOS="2636" HPOS="1326"/>
<SP HEIGHT="66" WIDTH="34" VPOS="2636" HPOS="1573"/>
<String CONTENT="illustrated" HEIGHT="56" WIDTH="327" VPOS="2635" HPOS="1607"/>
<SP HEIGHT="54" WIDTH="33" VPOS="2636" HPOS="1935"/>
<String CONTENT="from" HEIGHT="53" WIDTH="150" VPOS="2636" HPOS="1969"/>
</TextLine>
<TextLine HEIGHT="74" WIDTH="2015" VPOS="2711" HPOS="108">
<String CONTENT="pen" HEIGHT="50" WIDTH="108" VPOS="2733" HPOS="108"/>
<SP HEIGHT="37" WIDTH="45" VPOS="2732" HPOS="217"/>
<String CONTENT="sketches" HEIGHT="53" WIDTH="257" VPOS="2715" HPOS="263"/>
<SP HEIGHT="54" WIDTH="44" VPOS="2714" HPOS="521"/>
<String CONTENT="by" HEIGHT="70" WIDTH="78" VPOS="2714" HPOS="566"/>
<SP HEIGHT="64" WIDTH="45" VPOS="2720" HPOS="645"/>
<String CONTENT="the" HEIGHT="54" WIDTH="96" VPOS="2714" HPOS="691"/>
<SP HEIGHT="34" WIDTH="46" VPOS="2733" HPOS="788"/>
<String CONTENT="author." HEIGHT="53" WIDTH="222" VPOS="2714" HPOS="835"/>
<SP HEIGHT="50" WIDTH="75" VPOS="2716" HPOS="1058"/>
<String CONTENT="Akron," HEIGHT="70" WIDTH="222" VPOS="2713" HPOS="1134"/>
<SP HEIGHT="69" WIDTH="47" VPOS="2713" HPOS="1357"/>
<String LANG="fr" CONTENT="O.," HEIGHT="69" WIDTH="87" VPOS="2713" HPOS="1405"/>
<SP HEIGHT="69" WIDTH="48" VPOS="2713" HPOS="1493"/>
<String LANG="fr" CONTENT="G." HEIGHT="57" WIDTH="69" VPOS="2713" HPOS="1542"/>
<SP HEIGHT="56" WIDTH="48" VPOS="2713" HPOS="1612"/>
<String CONTENT="C." HEIGHT="56" WIDTH="62" VPOS="2713" HPOS="1661"/>
<SP HEIGHT="53" WIDTH="47" VPOS="2714" HPOS="1724"/>
<String CONTENT="La" HEIGHT="54" WIDTH="85" VPOS="2714" HPOS="1772"/>
<SP HEIGHT="53" WIDTH="45" VPOS="2715" HPOS="1858"/>
<String CONTENT="Master" HEIGHT="53" WIDTH="219" VPOS="2715" HPOS="1904"/>
</TextLine>
<TextLine HEIGHT="67" WIDTH="193" VPOS="2795" HPOS="111" CS="1">
<String CONTENT="[" HEIGHT="34" WIDTH="13" VPOS="2827" HPOS="111"/>
<String STYLE="superscript" CS="1" CONTENT="&#7580;1"/>
<String CONTENT="928]" HEIGHT="67" WIDTH="119" VPOS="2795" HPOS="185"/>
</TextLine>
<TextLine HEIGHT="52" WIDTH="666" VPOS="2875" HPOS="176" STYLEREFS="StyleId-564F1B28-E88C-42A4-B01C-72D4D15CB580-" CS="1">
<String CONTENT="80" HEIGHT="41" WIDTH="58" VPOS="2877" HPOS="176"/>
<SP HEIGHT="51" WIDTH="29" VPOS="2876" HPOS="235"/>
<String CONTENT="p." HEIGHT="38" WIDTH="43" VPOS="2888" HPOS="265"/>
<SP HEIGHT="41" WIDTH="58" VPOS="2877" HPOS="309"/>
<String CONTENT="illus.," HEIGHT="47" WIDTH="145" VPOS="2877" HPOS="368"/>
<SP HEIGHT="47" WIDTH="31" VPOS="2877" HPOS="514"/>
<String CONTENT="diagrs." HEIGHT="49" WIDTH="180" VPOS="2877" HPOS="546"/>
<SP HEIGHT="40" WIDTH="58" VPOS="2878" HPOS="727"/>
<String CONTENT="23" HEIGHT="41" WIDTH="56" VPOS="2877" HPOS="786"/>
<String STYLE="superscript" CS="1" CONTENT="&#7580;&#7504;."/>
</TextLine>
<TextLine HEIGHT="60" WIDTH="2010" VPOS="2926" HPOS="111" STYLEREFS="StyleId-564F1B28-E88C-42A4-B01C-72D4D15CB580-" CS="1">
<String CONTENT="&#169;" HEIGHT="52" WIDTH="51" VPOS="2930" HPOS="111"/>
<SP HEIGHT="52" WIDTH="29" VPOS="2930" HPOS="163"/>
<String CONTENT="Feb." HEIGHT="41" WIDTH="112" VPOS="2934" HPOS="193"/>
<SP HEIGHT="40" WIDTH="26" VPOS="2934" HPOS="306"/>
<String CONTENT="27," HEIGHT="47" WIDTH="70" VPOS="2934" HPOS="333"/>
<SP HEIGHT="46" WIDTH="29" VPOS="2935" HPOS="404"/>
<String CS="1" CONTENT="1928;" HEIGHT="41" WIDTH="115" VPOS="2933" HPOS="434"/>
<SP HEIGHT="45" WIDTH="30" VPOS="2934" HPOS="576"/>
<String CONTENT="2c." HEIGHT="40" WIDTH="68" VPOS="2934" HPOS="607"/>
<SP HEIGHT="40" WIDTH="29" VPOS="2934" HPOS="676"/>
<String CONTENT="Mar." HEIGHT="42" WIDTH="123" VPOS="2933" HPOS="706"/>
<SP HEIGHT="40" WIDTH="27" VPOS="2934" HPOS="830"/>
<String CS="1" CONTENT="1;" HEIGHT="37" WIDTH="24" VPOS="2934" HPOS="858"/>
<SP HEIGHT="36" WIDTH="32" VPOS="2943" HPOS="911"/>
<String CONTENT="aff." HEIGHT="41" WIDTH="83" VPOS="2932" HPOS="944"/>
<SP HEIGHT="40" WIDTH="30" VPOS="2933" HPOS="1028"/>
<String CONTENT="Feb." HEIGHT="40" WIDTH="112" VPOS="2933" HPOS="1059"/>
<SP HEIGHT="39" WIDTH="26" VPOS="2934" HPOS="1172"/>
<String CS="1" CONTENT="29;" HEIGHT="42" WIDTH="59" VPOS="2931" HPOS="1199"/>
<SP HEIGHT="47" WIDTH="30" VPOS="2932" HPOS="1285"/>
<!-- cceid 1AEAA6E2-6CB2-1014-A20E-B9D6251C946A --><String CONTENT="A" HEIGHT="39" WIDTH="42" VPOS="2932" HPOS="1316"/>
<SP HEIGHT="40" WIDTH="28" VPOS="2932" HPOS="1359"/>
<String CS="1" CONTENT="1069043;" HEIGHT="42" WIDTH="203" VPOS="2932" HPOS="1388"/>
<SP HEIGHT="47" WIDTH="33" VPOS="2933" HPOS="1620"/>
<String LANG="fr" CONTENT="G." HEIGHT="41" WIDTH="54" VPOS="2933" HPOS="1654"/>
<SP HEIGHT="42" WIDTH="29" VPOS="2933" HPOS="1709"/>
<String CONTENT="C." HEIGHT="43" WIDTH="50" VPOS="2932" HPOS="1739"/>
<SP HEIGHT="41" WIDTH="28" VPOS="2933" HPOS="1790"/>
<String CONTENT="La" HEIGHT="41" WIDTH="68" VPOS="2933" HPOS="1819"/>
<SP HEIGHT="39" WIDTH="31" VPOS="2935" HPOS="1888"/>
<String CONTENT="Master," HEIGHT="47" WIDTH="201" VPOS="2935" HPOS="1920"/>
</TextLine>
<TextLine HEIGHT="52" WIDTH="588" VPOS="2988" HPOS="178" STYLEREFS="StyleId-564F1B28-E88C-42A4-B01C-72D4D15CB580-">
<String CONTENT="Akron," HEIGHT="49" WIDTH="180" VPOS="2990" HPOS="178"/>
<SP HEIGHT="48" WIDTH="29" VPOS="2990" HPOS="359"/>
<String CONTENT="O." HEIGHT="41" WIDTH="54" VPOS="2990" HPOS="389"/>
<SP HEIGHT="48" WIDTH="69" VPOS="2991" HPOS="444"/>
<String CONTENT="(28-8609)" HEIGHT="51" WIDTH="252" VPOS="2988" HPOS="514"/>
</TextLine>
<TextLine HEIGHT="67" WIDTH="1088" VPOS="3067" HPOS="107">
<String CONTENT="Luccock," HEIGHT="65" WIDTH="283" VPOS="3068" HPOS="107"/>
<SP HEIGHT="62" WIDTH="31" VPOS="3070" HPOS="391"/>
<String CONTENT="Halford" HEIGHT="54" WIDTH="254" VPOS="3069" HPOS="423"/>
<SP HEIGHT="52" WIDTH="34" VPOS="3071" HPOS="678"/>
<String CONTENT="Edward," HEIGHT="64" WIDTH="273" VPOS="3069" HPOS="713"/>
<SP HEIGHT="58" WIDTH="38" VPOS="3074" HPOS="987"/>
<String CONTENT="1885-" HEIGHT="50" WIDTH="169" VPOS="3072" HPOS="1026"/>
</TextLine>
<TextLine HEIGHT="73" WIDTH="1947" VPOS="3144" HPOS="176">
<String CONTENT="Preaching" HEIGHT="70" WIDTH="328" VPOS="3147" HPOS="176"/>
<SP HEIGHT="51" WIDTH="25" VPOS="3165" HPOS="504"/>
<String CONTENT="values" HEIGHT="53" WIDTH="194" VPOS="3148" HPOS="529"/>
<SP HEIGHT="54" WIDTH="26" VPOS="3147" HPOS="724"/>
<String CONTENT="in" HEIGHT="52" WIDTH="61" VPOS="3147" HPOS="751"/>
<SP HEIGHT="34" WIDTH="24" VPOS="3165" HPOS="813"/>
<String CONTENT="new" HEIGHT="34" WIDTH="125" VPOS="3166" HPOS="838"/>
<SP HEIGHT="47" WIDTH="24" VPOS="3153" HPOS="964"/>
<String CONTENT="translations" HEIGHT="56" WIDTH="378" VPOS="3146" HPOS="989"/>
<SP HEIGHT="35" WIDTH="25" VPOS="3166" HPOS="1367"/>
<String CONTENT="of" HEIGHT="53" WIDTH="66" VPOS="3147" HPOS="1392"/>
<SP HEIGHT="53" WIDTH="25" VPOS="3147" HPOS="1458"/>
<String CONTENT="the" HEIGHT="54" WIDTH="95" VPOS="3147" HPOS="1483"/>
<SP HEIGHT="53" WIDTH="28" VPOS="3149" HPOS="1578"/>
<String CONTENT="New" HEIGHT="53" WIDTH="142" VPOS="3149" HPOS="1606"/>
<SP HEIGHT="52" WIDTH="27" VPOS="3149" HPOS="1748"/>
<String CONTENT="Testament," HEIGHT="64" WIDTH="348" VPOS="3149" HPOS="1775"/>
</TextLine>
<TextLine HEIGHT="135" WIDTH="1992" VPOS="3222" HPOS="108" CS="1">
<String CONTENT="by" HEIGHT="68" WIDTH="73" VPOS="3226" HPOS="109"/>
<SP HEIGHT="68" WIDTH="32" VPOS="3226" HPOS="183"/>
<String CONTENT="Halford" HEIGHT="54" WIDTH="260" VPOS="3225" HPOS="216"/>
<SP HEIGHT="53" WIDTH="33" VPOS="3225" HPOS="477"/>
<String CONTENT="E." HEIGHT="53" WIDTH="68" VPOS="3225" HPOS="511"/>
<SP HEIGHT="52" WIDTH="33" VPOS="3226" HPOS="580"/>
<String CONTENT="Luccock." HEIGHT="54" WIDTH="274" VPOS="3225" HPOS="614"/>
<SP HEIGHT="53" WIDTH="75" VPOS="3225" HPOS="889"/>
<String CONTENT="New" HEIGHT="53" WIDTH="140" VPOS="3225" HPOS="965"/>
<SP HEIGHT="52" WIDTH="34" VPOS="3226" HPOS="1106"/>
<String CONTENT="York," HEIGHT="70" WIDTH="181" VPOS="3224" HPOS="1141"/>
<SP HEIGHT="69" WIDTH="36" VPOS="3224" HPOS="1323"/>
<String CONTENT="Cincinnati," HEIGHT="70" WIDTH="351" VPOS="3224" HPOS="1360"/>
<SP HEIGHT="66" WIDTH="35" VPOS="3228" HPOS="1712"/>
<String CONTENT="The" HEIGHT="54" WIDTH="118" VPOS="3226" HPOS="1748"/>
<SP HEIGHT="53" WIDTH="33" VPOS="3226" HPOS="1867"/>
<String CONTENT="Abingdon" HEIGHT="131" WIDTH="1992" VPOS="3226" HPOS="108"/>
</TextLine>
<TextLine HEIGHT="66" WIDTH="387" VPOS="3306" HPOS="251" CS="1">
<String CONTENT="press" HEIGHT="51" WIDTH="157" VPOS="3321" HPOS="251"/>
<SP HEIGHT="49" WIDTH="34" VPOS="3322" HPOS="409"/>
<String CONTENT="[" HEIGHT="34" WIDTH="13" VPOS="3337" HPOS="444"/>
<String STYLE="superscript" CS="1" CONTENT="&#7580;1"/>
<String CONTENT="928]" HEIGHT="64" WIDTH="120" VPOS="3306" HPOS="518"/>
</TextLine>
<TextLine HEIGHT="51" WIDTH="280" VPOS="3386" HPOS="176" STYLEREFS="StyleId-564F1B28-E88C-42A4-B01C-72D4D15CB580-" CS="1">
<String LANG="en-US" CONTENT="312" HEIGHT="42" WIDTH="85" VPOS="3386" HPOS="176"/>
<SP HEIGHT="49" WIDTH="30" VPOS="3387" HPOS="262"/>
<String LANG="fr" CONTENT="p." HEIGHT="38" WIDTH="44" VPOS="3398" HPOS="293"/>
<SP HEIGHT="42" WIDTH="56" VPOS="3387" HPOS="338"/>
<String LANG="fr" CS="1" CONTENT="20&#7580;&#7504;." HEIGHT="41" WIDTH="61" VPOS="3387" HPOS="395"/>
</TextLine>
<TextLine HEIGHT="52" WIDTH="1945" VPOS="3440" HPOS="178" STYLEREFS="StyleId-564F1B28-E88C-42A4-B01C-72D4D15CB580-">
<String CONTENT="The" HEIGHT="42" WIDTH="102" VPOS="3444" HPOS="178"/>
<SP HEIGHT="38" WIDTH="25" VPOS="3447" HPOS="281"/>
<String CONTENT="translations" HEIGHT="41" WIDTH="325" VPOS="3443" HPOS="307"/>
<SP HEIGHT="30" WIDTH="26" VPOS="3454" HPOS="633"/>
<String CONTENT="are" HEIGHT="29" WIDTH="84" VPOS="3455" HPOS="660"/>
<SP HEIGHT="38" WIDTH="27" VPOS="3446" HPOS="745"/>
<String CONTENT="those" HEIGHT="39" WIDTH="138" VPOS="3445" HPOS="773"/>
<SP HEIGHT="29" WIDTH="26" VPOS="3455" HPOS="912"/>
<String CONTENT="of" HEIGHT="39" WIDTH="51" VPOS="3444" HPOS="939"/>
<SP HEIGHT="39" WIDTH="23" VPOS="3444" HPOS="991"/>
<String CONTENT="Dr." HEIGHT="40" WIDTH="86" VPOS="3445" HPOS="1015"/>
<SP HEIGHT="40" WIDTH="24" VPOS="3445" HPOS="1102"/>
<String CONTENT="James" HEIGHT="42" WIDTH="167" VPOS="3444" HPOS="1127"/>
<SP HEIGHT="40" WIDTH="26" VPOS="3445" HPOS="1295"/>
<String CONTENT="Moffatt," HEIGHT="45" WIDTH="212" VPOS="3444" HPOS="1322"/>
<SP HEIGHT="43" WIDTH="26" VPOS="3446" HPOS="1535"/>
<String CONTENT="Dr." HEIGHT="39" WIDTH="85" VPOS="3446" HPOS="1562"/>
<SP HEIGHT="40" WIDTH="24" VPOS="3445" HPOS="1648"/>
<String CONTENT="Richard" HEIGHT="44" WIDTH="217" VPOS="3443" HPOS="1673"/>
<SP HEIGHT="40" WIDTH="26" VPOS="3446" HPOS="1891"/>
<String CONTENT="Francis" HEIGHT="41" WIDTH="205" VPOS="3445" HPOS="1918"/>
</TextLine>
<TextLine HEIGHT="52" WIDTH="1130" VPOS="3499" HPOS="110" STYLEREFS="StyleId-564F1B28-E88C-42A4-B01C-72D4D15CB580-">
<String CONTENT="Weymouth" HEIGHT="47" WIDTH="289" VPOS="3501" HPOS="110"/>
<SP HEIGHT="40" WIDTH="28" VPOS="3501" HPOS="400"/>
<String CONTENT="and" HEIGHT="39" WIDTH="97" VPOS="3502" HPOS="429"/>
<SP HEIGHT="39" WIDTH="29" VPOS="3502" HPOS="527"/>
<String CONTENT="Dr." HEIGHT="39" WIDTH="84" VPOS="3502" HPOS="557"/>
<SP HEIGHT="39" WIDTH="29" VPOS="3502" HPOS="642"/>
<String CONTENT="Edgar" HEIGHT="47" WIDTH="164" VPOS="3500" HPOS="672"/>
<SP HEIGHT="41" WIDTH="27" VPOS="3499" HPOS="837"/>
<String CONTENT="J." HEIGHT="43" WIDTH="44" VPOS="3499" HPOS="865"/>
<SP HEIGHT="43" WIDTH="31" VPOS="3499" HPOS="910"/>
<String CONTENT="Goodspeed." HEIGHT="50" WIDTH="298" VPOS="3499" HPOS="942"/>
</TextLine>
<TextLine HEIGHT="61" WIDTH="2012" VPOS="3549" HPOS="113" STYLEREFS="StyleId-564F1B28-E88C-42A4-B01C-72D4D15CB580-" CS="1">
<String CONTENT="&#169;" HEIGHT="52" WIDTH="52" VPOS="3553" HPOS="113"/>
<SP HEIGHT="52" WIDTH="29" VPOS="3553" HPOS="166"/>
<String CONTENT="Mar." HEIGHT="41" WIDTH="123" VPOS="3558" HPOS="196"/>
<SP HEIGHT="39" WIDTH="26" VPOS="3559" HPOS="320"/>
<String CONTENT="14," HEIGHT="45" WIDTH="70" VPOS="3559" HPOS="347"/>
<SP HEIGHT="46" WIDTH="29" VPOS="3558" HPOS="418"/>
<String CS="1" CONTENT="1928;" HEIGHT="40" WIDTH="114" VPOS="3557" HPOS="448"/>
<SP HEIGHT="45" WIDTH="30" VPOS="3558" HPOS="589"/>
<String CONTENT="2c." HEIGHT="40" WIDTH="68" VPOS="3558" HPOS="620"/>
<SP HEIGHT="31" WIDTH="28" VPOS="3567" HPOS="689"/>
<String CONTENT="and" HEIGHT="40" WIDTH="96" VPOS="3557" HPOS="718"/>
<SP HEIGHT="39" WIDTH="27" VPOS="3557" HPOS="815"/>
<String CONTENT="aff." HEIGHT="42" WIDTH="85" VPOS="3556" HPOS="843"/>
<SP HEIGHT="40" WIDTH="28" VPOS="3558" HPOS="929"/>
<String CONTENT="Mar." HEIGHT="40" WIDTH="123" VPOS="3558" HPOS="958"/>
<SP HEIGHT="40" WIDTH="27" VPOS="3558" HPOS="1082"/>
<String CS="1" CONTENT="21;" HEIGHT="38" WIDTH="55" VPOS="3558" HPOS="1110"/>
<SP HEIGHT="47" WIDTH="32" VPOS="3558" HPOS="1194"/>
<!-- cceid 1AEB632E-6CB2-1014-A20E-B9D6251C946A --><String CONTENT="A" HEIGHT="40" WIDTH="43" VPOS="3557" HPOS="1227"/>
<SP HEIGHT="39" WIDTH="27" VPOS="3557" HPOS="1271"/>
<String CS="1" CONTENT="1068436;" HEIGHT="41" WIDTH="203" VPOS="3557" HPOS="1299"/>
<SP HEIGHT="46" WIDTH="34" VPOS="3559" HPOS="1530"/>
<String LANG="fr" CONTENT="H." HEIGHT="40" WIDTH="60" VPOS="3559" HPOS="1565"/>
<SP HEIGHT="39" WIDTH="30" VPOS="3560" HPOS="1626"/>
<String CONTENT="E." HEIGHT="40" WIDTH="52" VPOS="3560" HPOS="1657"/>
<SP HEIGHT="41" WIDTH="30" VPOS="3559" HPOS="1710"/>
<String CONTENT="Luccock," HEIGHT="49" WIDTH="232" VPOS="3558" HPOS="1741"/>
<SP HEIGHT="47" WIDTH="30" VPOS="3559" HPOS="1974"/>
<String CONTENT="New" HEIGHT="40" WIDTH="120" VPOS="3559" HPOS="2005"/>
</TextLine>
<TextLine HEIGHT="50" WIDTH="468" VPOS="3613" HPOS="181" STYLEREFS="StyleId-564F1B28-E88C-42A4-B01C-72D4D15CB580-">
<String CONTENT="York." HEIGHT="42" WIDTH="145" VPOS="3614" HPOS="181"/>
<SP HEIGHT="48" WIDTH="69" VPOS="3614" HPOS="327"/>
<String CONTENT="(28-8773)" HEIGHT="49" WIDTH="252" VPOS="3613" HPOS="397"/>
</TextLine>
<TextLine HEIGHT="63" WIDTH="500" VPOS="3694" HPOS="107" STYLEREFS="StyleId-314C92FC-6424-4EB6-9A64-61F7F84E97B6-">
<String CONTENT="Lutz," HEIGHT="63" WIDTH="169" VPOS="3694" HPOS="107"/>
<SP HEIGHT="61" WIDTH="32" VPOS="3695" HPOS="276"/>
<String CONTENT="Florence." HEIGHT="53" WIDTH="299" VPOS="3695" HPOS="308"/>
</TextLine>
<TextLine HEIGHT="151" WIDTH="1990" VPOS="3769" HPOS="111" CS="1">
<String CONTENT="The" HEIGHT="54" WIDTH="119" VPOS="3772" HPOS="180"/>
<SP HEIGHT="47" WIDTH="34" VPOS="3778" HPOS="300"/>
<String CONTENT="technique" HEIGHT="69" WIDTH="301" VPOS="3772" HPOS="335"/>
<SP HEIGHT="35" WIDTH="33" VPOS="3791" HPOS="637"/>
<String CONTENT="of" HEIGHT="52" WIDTH="64" VPOS="3773" HPOS="671"/>
<SP HEIGHT="70" WIDTH="33" VPOS="3772" HPOS="736"/>
<String CONTENT="pantomime," HEIGHT="68" WIDTH="369" VPOS="3773" HPOS="770"/>
<SP HEIGHT="64" WIDTH="33" VPOS="3775" HPOS="1140"/>
<String CONTENT="by" HEIGHT="67" WIDTH="76" VPOS="3775" HPOS="1174"/>
<SP HEIGHT="69" WIDTH="33" VPOS="3773" HPOS="1251"/>
<String CONTENT="Florence" HEIGHT="55" WIDTH="274" VPOS="3773" HPOS="1285"/>
<SP HEIGHT="53" WIDTH="34" VPOS="3775" HPOS="1560"/>
<String CONTENT="Lutz" HEIGHT="53" WIDTH="148" VPOS="3775" HPOS="1595"/>
<SP HEIGHT="34" WIDTH="38" VPOS="3793" HPOS="1744"/>
<String CS="1" CONTENT="&#8230;"/>
<SP HEIGHT="51" WIDTH="74" VPOS="3776" HPOS="1839"/>
<String CONTENT="Berkeley," HEIGHT="145" WIDTH="1990" VPOS="3775" HPOS="111"/>
</TextLine>
<TextLine HEIGHT="75" WIDTH="1297" VPOS="3847" HPOS="247" CS="1">
<String CONTENT="Calif.," HEIGHT="66" WIDTH="196" VPOS="3849" HPOS="247"/>
<SP HEIGHT="63" WIDTH="26" VPOS="3852" HPOS="444"/>
<String CONTENT="The" HEIGHT="53" WIDTH="119" VPOS="3851" HPOS="471"/>
<SP HEIGHT="55" WIDTH="30" VPOS="3850" HPOS="591"/>
<String CONTENT="Sather" HEIGHT="56" WIDTH="207" VPOS="3849" HPOS="622"/>
<SP HEIGHT="51" WIDTH="26" VPOS="3869" HPOS="830"/>
<String CONTENT="gate" HEIGHT="64" WIDTH="128" VPOS="3856" HPOS="857"/>
<SP HEIGHT="53" WIDTH="29" VPOS="3851" HPOS="986"/>
<String CONTENT="book" HEIGHT="53" WIDTH="147" VPOS="3851" HPOS="1016"/>
<SP HEIGHT="53" WIDTH="23" VPOS="3851" HPOS="1164"/>
<String CONTENT="shop" HEIGHT="70" WIDTH="145" VPOS="3851" HPOS="1188"/>
<SP HEIGHT="50" WIDTH="33" VPOS="3870" HPOS="1334"/>
<String CS="1" CONTENT="["/>
<String STYLE="superscript" CS="1" CONTENT="&#7580;1"/>
<String CS="1" CONTENT="927]" HEIGHT="54" WIDTH="101" VPOS="3852" HPOS="1443"/>
</TextLine>
<TextLine HEIGHT="50" WIDTH="471" VPOS="3933" HPOS="179" CS="1">
<String LANG="en-US" CONTENT="5" HEIGHT="39" WIDTH="26" VPOS="3934" HPOS="179"/>
<SP HEIGHT="48" WIDTH="26" VPOS="3934" HPOS="206"/>
<String LANG="fr" CS="1" CONTENT="p."/>
<SP/>
<String LANG="fr" CS="1" CONTENT="l."/>
<String LANG="en-US" CONTENT="," HEIGHT="13" WIDTH="8" VPOS="3965" HPOS="340"/>
<SP HEIGHT="42" WIDTH="28" VPOS="3936" HPOS="349"/>
<String LANG="en-US" CONTENT="174" HEIGHT="39" WIDTH="85" VPOS="3936" HPOS="378"/>
<SP HEIGHT="45" WIDTH="28" VPOS="3937" HPOS="464"/>
<String LANG="en-US" CONTENT="p." HEIGHT="37" WIDTH="43" VPOS="3945" HPOS="493"/>
<SP HEIGHT="38" WIDTH="58" VPOS="3936" HPOS="537"/>
<String LANG="en-US" CONTENT="23" HEIGHT="39" WIDTH="54" VPOS="3936" HPOS="596"/>
<String STYLE="superscript" LANG="en-US" CS="1" CONTENT="&#7580;&#7504;."/>
</TextLine>
<TextLine HEIGHT="63" WIDTH="2005" VPOS="3983" HPOS="117" STYLEREFS="StyleId-564F1B28-E88C-42A4-B01C-72D4D15CB580-">
<String CONTENT="&#169;" HEIGHT="52" WIDTH="51" VPOS="3987" HPOS="117"/>
<SP HEIGHT="52" WIDTH="32" VPOS="3987" HPOS="169"/>
<String CONTENT="Dec." HEIGHT="41" WIDTH="112" VPOS="3991" HPOS="202"/>
<SP HEIGHT="39" WIDTH="30" VPOS="3992" HPOS="315"/>
<String CONTENT="16," HEIGHT="48" WIDTH="70" VPOS="3991" HPOS="346"/>
<SP HEIGHT="46" WIDTH="31" VPOS="3993" HPOS="417"/>
<String CONTENT="1927;" HEIGHT="41" WIDTH="141" VPOS="3992" HPOS="449"/>
<SP HEIGHT="41" WIDTH="32" VPOS="3992" HPOS="591"/>
<String CONTENT="2c." HEIGHT="40" WIDTH="67" VPOS="3992" HPOS="624"/>
<SP HEIGHT="39" WIDTH="34" VPOS="3993" HPOS="692"/>
<String CONTENT="Mar." HEIGHT="41" WIDTH="122" VPOS="3992" HPOS="727"/>
<SP HEIGHT="39" WIDTH="31" VPOS="3993" HPOS="850"/>
<String CONTENT="20," HEIGHT="47" WIDTH="70" VPOS="3992" HPOS="882"/>
<SP HEIGHT="45" WIDTH="32" VPOS="3994" HPOS="953"/>
<String CONTENT="1928;" HEIGHT="47" WIDTH="141" VPOS="3992" HPOS="986"/>
<SP HEIGHT="37" WIDTH="35" VPOS="4002" HPOS="1128"/>
<String CONTENT="aff." HEIGHT="42" WIDTH="84" VPOS="3992" HPOS="1164"/>
<SP HEIGHT="41" WIDTH="33" VPOS="3993" HPOS="1249"/>
<String CONTENT="Mar." HEIGHT="40" WIDTH="122" VPOS="3993" HPOS="1283"/>
<SP HEIGHT="38" WIDTH="33" VPOS="3995" HPOS="1406"/>
<String CONTENT="17;" HEIGHT="45" WIDTH="81" VPOS="3995" HPOS="1440"/>
<SP HEIGHT="46" WIDTH="34" VPOS="3994" HPOS="1522"/>
<!-- cceid 1AEC156A-6CB2-1014-A20E-B9D6251C946A --><String CONTENT="A" HEIGHT="39" WIDTH="42" VPOS="3994" HPOS="1557"/>
<SP HEIGHT="39" WIDTH="30" VPOS="3994" HPOS="1600"/>
<String CONTENT="1069365;" HEIGHT="50" WIDTH="230" VPOS="3992" HPOS="1631"/>
<SP HEIGHT="47" WIDTH="36" VPOS="3994" HPOS="1862"/>
<String CONTENT="F." HEIGHT="41" WIDTH="51" VPOS="3994" HPOS="1899"/>
<SP HEIGHT="41" WIDTH="33" VPOS="3994" HPOS="1951"/>
<String CONTENT="Lutz," HEIGHT="48" WIDTH="137" VPOS="3994" HPOS="1985"/>
</TextLine>
<TextLine HEIGHT="53" WIDTH="756" VPOS="4046" HPOS="185" STYLEREFS="StyleId-564F1B28-E88C-42A4-B01C-72D4D15CB580-">
<String CONTENT="Berkeley," HEIGHT="50" WIDTH="251" VPOS="4047" HPOS="185"/>
<SP HEIGHT="48" WIDTH="33" VPOS="4048" HPOS="437"/>
<String CONTENT="Calif." HEIGHT="41" WIDTH="144" VPOS="4048" HPOS="471"/>
<SP HEIGHT="48" WIDTH="73" VPOS="4048" HPOS="616"/>
<String CONTENT="(28-8637)" HEIGHT="51" WIDTH="251" VPOS="4047" HPOS="690"/>
</TextLine>
</TextBlock>
</PrintSpace>
</Page>
</Layout>
</alto>