2498 4384
1088 4069 99 50 921

145 426 340 60 Albertson,
511 424 245 54 Charles
782 423 242 62 Carroll,
1054 426 171 49 1865-

207 499 1876 71 The reality of religion, by Charles Carroll Albertson …
135 578 2005 69 New York, Chicago [etc.] Fleming H. Revell company [ ᶜ19 28]
205 663 84 40 127
323 674 43 37 p.
457 662 116 42 19½ᶜᵐ.

205 719 351 47 Bibliography:
618 728 43 38 p.
694 717 217 41 126-127.

145 771 51 54 ©
224 776 126 40 June
376 775 41 48 2,
446 775 140 47 1928;
614 776 68 40 2c.
709 775 96 40 and
833 773 83 42 aff.
942 774 129 41 June
1097 773 81 48 16;
1209 774 42 39 A
1276 773 230 47 1082063;
1537 773 221 50 Fleming
1786 774 61 41 H.
1876 774 167 40 Revell
2075 785 66 31 co.

222 833 282 49 (28-15517)

138 899 242 62 Arnold,
410 898 222 63 Joseph
661 898 232 52 Alfred.

209 975 1937 69 Arnold’s annual guide for New York corporations … 1928
202 1053 1940 69 … 13th ed., rev. & enl., with notes and forms. By Joseph A.
137 1132 1838 69 Arnold … New York, Baker, Voorhis & company, 1928.
209 1216 537 48 xxxvi, 495 p. 24 ᶜᵐ .
143 1270 52 52 ©
226 1275 130 39 June
382 1275 41 45 4,
455 1272 117 41 1928;
630 1273 68 40 2c.
728 1273 97 39 and
856 1271 83 41 aff.
971 1272 128 41 June
1129 1273 26 39 7;
1217 1272 41 39 A
1290 1271 230 48 1074889;
1556 1272 175 48 Baker,
1767 1272 206 41 Voorhis
2006 1273 35 40 &
2074 1284 67 31 co.

139 1340 180 63 Ayer,
350 1340 153 52 Fred
535 1338 296 63 Carleton,
863 1341 171 50 1880-

210 1418 121 53 The
361 1417 402 69 organization
792 1416 65 53 of
886 1416 389 69 supervision;
1310 1435 72 34 an
1414 1416 251 68 analysis
1695 1416 65 54 of
1790 1417 95 53 the
139 1417 1981 132 organization

370 1497 114 52 and
527 1496 469 53 administration
1034 1495 66 54 of
1138 1494 360 69 supervision
1539 1495 60 52 in
1641 1495 116 69 city
1797 1496 192 53 school
140 1514 1980 128 systems,

139 1573 1978 149 by Fred C. Ayer … and A. S. Barr … New York, London,
300 1654 1086 68 D. Appleton and company [ ᶜ19 28 ]
206 1736 122 41 xviii
347 1747 56 38 p.,
425 1737 24 38 1
503 1767 9 17 l.,
531 1736 87 41 397
635 1747 43 38 p.
732 1738 25 38 1
785 1736 144 48 illus.,
955 1736 182 48 diagrs.
1191 1735 147 41 19½ᶜᵐ.
1401 1736 301 48 (Half-title:
1726 1736 239 48 Appleton
1991 1737 152 41 series

136 1795 49 39 in
211 1794 309 49 supervision
545 1795 96 39 and
668 1793 240 48 teaching,
934 1795 74 39 ed.
1033 1794 62 47 by
1118 1794 55 40 A.
1204 1794 45 40 S.
1276 1794 127 39 Barr
1427 1793 96 40 and
1550 1794 72 40 W.
1649 1794 60 40 H.
1735 1794 213 47 Burton)

205 1852 352 48 Bibliography:
618 1862 43 37 p.
682 1851 219 42 375-386.

141 1906 52 52 ©
220 1910 127 40 June
373 1909 70 47 15,
471 1908 141 46 1928;
641 1909 68 40 2c.
736 1908 97 40 and
860 1908 83 42 aff.
971 1909 128 40 June
1124 1908 55 40 19;
1238 1908 40 39 A
1304 1908 231 47 1082125;
1567 1908 57 41 D.
1653 1909 241 48 Appleton
1921 1909 36 40 &
1985 1920 67 30 co.

218 1966 282 49 (28-15573)

136 2033 326 61 Bachman,
492 2032 222 53 Robert
748 2032 294 63 Simpson.

199 2108 428 70 Pennsylvania
668 2110 347 68 elementary
1054 2110 129 67 law,
1222 2109 287 68 problems
1549 2110 112 53 and
1700 2109 307 68 solutions;
129 2111 1990 146 designed

368 2186 306 70 especially
713 2187 93 53 for
842 2188 96 53 the
972 2206 96 34 use
1104 2187 65 52 of
1202 2188 112 52 law
1349 2188 260 53 students
1645 2188 60 52 in
1742 2188 207 53 review
1985 2189 160 53 work

130 2267 112 52 and
282 2267 59 52 in
381 2265 375 70 preparation
796 2264 93 54 for
928 2265 417 54 examinations
1385 2265 93 53 for
1516 2267 231 68 degrees
1784 2266 61 53 in
1882 2268 110 51 law
129 2269 1990 146 colleges

315 2343 1765 70 or for admission to the bar [by] Robert S. Bachman …
154 2422 1989 71 [and] S. Maxwell Flitter … Philadelphia, George T. Bisel
128 2520 300 51 company,
460 2504 152 50 1928.

198 2585 464 49 xii, 742 p. 21 ᶜᵐ .
139 2639 52 52 ©
222 2643 127 40 June
378 2642 71 43 14,
480 2641 115 41 1928;
654 2642 72 43 2c,
754 2642 96 38 and
881 2640 82 42 aff.
995 2641 127 40 June
1152 2640 84 47 15;
1269 2640 42 40 A
1339 2640 231 48 1077814;
1606 2641 185 49 George
1821 2643 52 41 T.
1906 2644 133 40 Bisel
2071 2655 68 31 co.

217 2698 281 50 (28-15399)

137 2765 285 62 Baldwin,
454 2764 255 55 William
743 2764 273 62 Edward,
1054 2767 170 49 1883-
1405 2765 83 52 ed.

199 2844 140 53 New
373 2842 164 53 York
567 2842 299 52 insurance
897 2842 125 52 law.
1093 2845 134 50 1928
1261 2843 84 52 ed.
1416 2842 355 72 Containing
1802 2846 78 52 all
127 2848 1990 126 amendments

347 2926 57 47 to
439 2921 282 67 January,
757 2922 152 64 1929,
943 2920 141 52 with
1121 2939 72 33 an
1227 2921 294 67 appendix
1555 2922 335 70 containing
129 2925 1988 127 miscellaneous

398 3000 140 52 laws
576 2997 273 69 affecting
887 2997 317 68 insurance,
1243 2997 191 54 edited
1472 2999 77 69 by
1584 3000 263 54 William
1884 3002 257 55 Edward

129 3075 2013 76 Baldwin … New York, The Banks law publishing company,
131 3159 151 50 1928.

198 3240 27 40 3
254 3251 44 37 p.
364 3270 8 16 l.,
401 3237 88 41 480
519 3248 44 38 p.
621 3236 149 42 23½ᶜᵐ.

200 3297 94 39 “To
330 3297 102 38 Eva
467 3293 276 41 Hutchison
777 3292 178 41 Dirkes
989 3293 154 40 credit
1175 3293 42 40 is
1250 3294 93 39 due
1376 3294 79 40 for
1489 3295 82 40 the
1604 3295 187 50 editing
1823 3298 52 40 of
1907 3299 83 41 the
2023 3300 116 42 1928

129 3354 337 40 amendments
508 3351 97 40 and
643 3350 80 40 for
763 3350 83 40 the
887 3349 317 49 preparation
1247 3350 51 40 of
1339 3351 84 40 the
1463 3352 306 49 manuscript
1805 3353 81 41 for
130 3356 1989 94 publication.”—Pref.

140 3461 51 53 ©
219 3466 127 40 June
372 3465 69 47 14,
470 3463 141 46 1928;
640 3462 68 41 2c.
737 3462 95 40 and
860 3459 83 43 aff.
971 3461 129 40 June
1126 3461 83 47 18;
1239 3460 42 40 A
1307 3462 230 48 1077858;
1569 3464 70 40 W.
1668 3465 54 41 E.
1752 3466 238 49 Baldwin,
2021 3468 110 41 New

210 3523 144 39 York.
426 3519 281 51 (28-15502)

139 3589 233 61 Basset,
403 3585 258 55 William
690 3586 69 51 R.

129 3661 1986 135 How to solve typical business problems, by William R. Basset … New
588 3740 182 68 York,
815 3740 122 52 The
985 3741 66 50 B.
1101 3739 61 54 C.
1213 3739 214 54 Forbes
1475 3741 337 73 publishing
1859 3764 279 53 company

245 3824 83 62 [ ᶜ19 28]
201 3905 50 39 ix
281 3915 57 37 p.,
370 3905 25 38 1
463 3934 8 15 l.,
501 3901 86 41 223
620 3912 43 37 p.
722 3900 147 40 19½ᶜᵐ.
985 3899 130 47 $2.50

142 3957 52 53 ©
219 3961 127 41 June
369 3959 40 47 6,
435 3957 113 42 1928;
603 3957 68 42 2c.
697 3957 129 41 June
848 3956 83 48 20;
959 3955 83 43 aff.
1068 3956 129 41 June
1219 3956 56 40 21;
1331 3956 42 41 A
1398 3957 202 42 1082155;
1656 3960 55 42 B.
1740 3961 49 43 C.
1818 3962 181 43 Forbes
2028 3966 108 48 pub.

208 4030 68 29 co.
346 4015 281 50 (28-15500)
