2498 4384
1030 4091 132 55 1073

101 444 186 64 Athy,
317 443 231 54 Marion
577 444 255 63 Poppen.

175 521 284 54 Vacation
485 520 139 70 days
652 521 140 53 with
818 521 185 67 Jesus,
1031 519 279 70 primary,
1338 519 127 54 first
1488 538 165 50 year;
1683 538 33 34 a
1744 521 233 52 manual
2006 518 97 55 for

105 599 250 53 teachers
386 598 66 54 of
482 599 259 68 primary
772 598 202 54 classes
1007 598 60 53 in
1100 597 266 54 vacation
1399 597 167 54 Bible
1599 597 237 68 schools,
1867 597 76 69 by
107 598 1969 131 Marion
262 677 243 67 Poppen
537 675 177 69 Athy.
786 675 327 69 Columbus,
1149 674 89 70 O.,
1271 676 124 53 The
1427 675 164 53 Book
1623 693 239 36 concern
1976 679 119 65 [ᶜ1928]

171 757 462 50 109 p. illus. 31½ ᶜᵐ.
174 829 183 41 Music:
387 840 45 38 p.
460 829 158 45 78-82.

108 897 52 52 ©
186 902 127 39 June
336 900 70 48 20,
434 900 140 47 1928;
603 901 68 42 2c.
697 900 116 49 July
912 912 9 36 18;
949 899 83 43 aff.
1060 900 116 49 July
1203 901 83 47 17;
1314 900 42 39 A
1381 900 229 50 1082582;
1640 901 136 40 Book
1802 912 218 31 concern.

185 958 282 49 (28-17802)

99 1051 267 54 Atlantic
399 1055 287 62 reporter.

174 1131 138 52 New
363 1131 202 68 Jersey
615 1131 177 68 triple
839 1131 239 68 service;
1132 1135 212 49 statute
1398 1130 383 68 annotations,
1833 1130 155 54 table
2037 1130 66 54 of

103 1228 167 48 cases,
307 1210 186 69 digest
530 1209 64 52 of
630 1209 295 67 decisions,
962 1209 271 69 covering
1268 1209 250 53 volumes
1560 1211 241 50 126-140
1836 1209 265 53 Atlantic

102 1293 272 62 reporter.
441 1286 82 56 St.
551 1287 166 67 Paul,
742 1288 162 54 West
928 1286 339 70 publishing
1292 1305 298 51 company,
1619 1290 150 50 1928.

172 1369 551 50 Various paging. 26 ᶜᵐ.
105 1434 51 54 ©
182 1439 117 48 July
323 1439 71 48 26,
420 1439 141 47 1928;
589 1439 68 42 2c.
682 1439 121 49 Aug.
829 1441 27 39 7;
911 1438 83 43 aff.
1019 1439 121 49 Aug.
1166 1439 53 47 6;
1248 1439 43 39 A
1316 1438 230 49 1082970;
1575 1440 139 40 West
1736 1439 111 49 pub.
1873 1449 68 30 co.

94 1548 238 63 Bianco,
367 1547 312 65 Giuseppe.

164 1624 1935 71 On the sixth day, by Giuseppe Bianco … Indianapolis,
93 1702 1134 71 The Bobbs-Merrill company [ ᶜ1 928]
161 1787 388 50 312, [1] p. 19½ ᶜᵐ.
103 1852 51 54 ©
184 1857 112 41 Feb.
324 1858 68 46 17,
422 1856 118 42 1928;
593 1856 67 42 2c.
690 1858 123 40 Mar.
840 1857 30 40 2;
926 1856 82 41 aff.
1039 1856 111 43 Feb.
1179 1856 59 41 29;
1295 1857 41 40 A
1364 1856 207 41 1068075;
1627 1858 371 40 Bobbs-Merrill
2028 1869 69 30 co.

179 1914 282 48 (28-17818)

91 2006 200 65 Boyle,
317 2006 204 54 James
549 2008 299 63 Sweeney,
882 2010 326 50 1868-1925.

161 2085 120 53 The
320 2085 179 70 lights
541 2084 64 54 of
641 2086 182 68 home,
862 2086 113 53 and
1015 2086 163 52 other
1217 2104 193 50 poems
1449 2085 75 70 by
1564 2086 195 54 James
1801 2085 56 56 S.
1900 2087 199 68 Boyle,

91 2163 281 69 compiled
415 2163 77 69 by
533 2164 98 53 the
674 2164 137 53 Rev.
857 2164 97 52 Fr.
999 2164 89 54 W.
1134 2164 65 52 F.
1246 2164 200 69 Boyle,
1488 2164 68 53 E.
1600 2164 66 53 L.
1709 2164 180 70 Boyle
1958 2165 133 68 [and]

88 2241 67 54 P.
193 2241 71 54 A.
304 2243 197 61 Boyle.
575 2241 429 63 Philadelphia,
1040 2241 295 54 Dorrance
1372 2243 113 52 and
1523 2260 280 44 company
1868 2245 132 50 [1928]

159 2325 636 50 5 p. 1, 9-127, [1], p. 19 ½ᶜᵐ.
101 2393 52 52 ©
181 2397 113 47 May
319 2397 40 46 7,
385 2395 118 42 1928;
554 2396 69 41 2c.
649 2396 96 39 and
772 2395 83 42 aff.
881 2395 128 41 June
1032 2395 84 47 28;
1144 2396 41 39 A
1211 2395 204 42 1082307;
1472 2396 250 41 Dorrance
1748 2397 38 40 &
1811 2408 83 37 co.,
1922 2397 92 42 inc.

178 2452 282 50 (28-18050)

92 2548 288 62 Childers,
415 2547 204 54 James
653 2547 214 55 Saxon.

158 2623 1937 71 Hilltop in the rain [by] James Saxon Childers … New
89 2702 179 70 York,
298 2703 260 68 London,
588 2703 71 53 D.
691 2702 298 69 Appleton
1017 2704 46 53 &
1092 2718 300 54 company,
1423 2706 153 51 1928.

157 2762 570 74 3 p. l., 304, [1] p. 19½ ᶜᵐ.
99 2853 53 54 ©
179 2858 116 47 July
320 2857 70 47 20,
418 2856 141 48 1928;
586 2856 68 42 2c.
681 2857 95 39 and
804 2855 82 41 aff.
914 2856 117 48 July
1056 2855 83 49 25;
1169 2856 43 40 A
1238 2855 230 50 1082674;
1498 2857 57 42 D.
1583 2857 241 50 Appleton
1852 2859 37 40 &
1915 2870 69 31 co.

176 2912 281 51 (28-17813)

91 3007 278 65 Christie,
399 3009 140 53 Mrs.
573 3007 242 65 Agatha
857 3007 252 65 (Miller)

157 3084 1934 72 The mystery of the blue train [by] Agatha Christie … New
88 3163 179 69 York,
297 3164 193 68 Dodd,
520 3163 172 54 Mead
724 3163 113 54 and
869 3181 299 52 company,
1202 3166 151 53 1928.

156 3246 605 52 viii p., 1 l., 306 p. 19½ ᶜᵐ.
98 3314 53 53 ©
175 3319 116 47 July
312 3318 71 48 20,
407 3317 142 48 1928;
575 3317 68 42 2c.
668 3317 116 48 July
806 3317 83 47 24;
917 3316 82 42 aff.
1024 3317 116 48 July
1163 3316 56 41 25;
1273 3316 41 40 A
1339 3317 229 49 1082698;
1597 3319 154 50 Dodd,
1779 3321 141 40 Mead
1947 3322 36 40 &
2009 3334 83 36 co.,

165 3376 90 41 inc.
326 3374 281 51 (28-17812)

94 3469 324 63 Cummins,
452 3467 311 55 Geraldine
796 3467 289 63 Dorothy.

158 3549 121 53 The
313 3547 208 69 scripts
555 3545 64 55 of
655 3544 301 70 Cleophas,
990 3545 229 54 written
1254 3546 76 69 by
1363 3548 95 52 the
1492 3547 156 54 hand
1684 3549 64 53 of
1782 3549 310 57 Geraldine

90 3625 312 67 Cummins,
435 3625 141 52 with
610 3643 31 34 a
675 3624 222 53 critical
927 3623 409 54 introduction.
1412 3625 139 52 New
1587 3627 180 68 York,
1802 3628 77 53 H.
1914 3630 178 54 Vinal

87 3705 338 67 ltd. [ ᶜ1 928]
157 3783 684 52 xix p., 1 l., 11-291 p. 22½ ᶜᵐ.
161 3858 145 40 “This
342 3856 184 42 edition
563 3855 51 41 of
648 3855 101 39 The
783 3854 177 49 scripts
996 3854 51 40 of
1083 3853 240 48 Cleophas
1357 3854 42 40 is
1433 3854 189 42 limited
1660 3858 49 39 to
1743 3857 92 41 five
1870 3859 219 41 hundred

89 3916 172 48 copies,
295 3915 121 40 each
449 3924 89 30 one
570 3911 306 41 numbered.”
936 3910 119 41 This
1090 3921 119 39 copy
1244 3913 84 39 not
1360 3912 278 42 numbered.

98 3983 52 53 ©
176 3988 117 47 July
317 3986 70 48 20,
415 3986 141 46 1928;
583 3984 69 41 2c.
678 3983 94 40 and
799 3981 82 43 aff.
908 3982 116 49 July
1050 3982 55 41 23;
1162 3981 41 40 A
1230 3981 230 49 1082632;
1491 3984 189 43 Harold
1708 3987 157 48 Vinal,
1893 3989 87 40 ltd.

177 4042 279 51 (28-18009)
