2498 4384
1139 4063 136 54 1679

259 490 64 40 At
349 490 126 39 head
503 488 52 40 of
582 487 107 41 title
708 498 8 28 :
745 486 183 40 Robert
955 485 152 40 Haas.

188 550 2000 57 © Dec. 31, 1927; 1c. June 13, 1928; A—Foreign 39122; Gustav Bosse
257 619 180 46 verlag.
508 615 280 50 (28-25137)

185 710 284 62 Voltaire,
500 708 285 54 Francois
812 707 188 53 Marie
1033 706 228 53 Arouet
1292 704 88 62 de,
1417 701 326 56 1694-1778.

322 779 1868 70 … The romances of Voltaire. New York, L. MacVeagh,
190 866 120 53 The
339 866 139 52 Dial
509 884 185 49 press;
728 865 272 64 Toronto,
1029 863 349 68 Longmans,
1408 859 187 56 Green
1627 861 45 50 &
1704 876 299 50 company,
2038 860 152 51 1928.

263 940 1929 55 6 p. l., 3-350 p. 24½ ᶜᵐ . (The library of living classics, ed. by Manuel
191 1003 248 48 Komroff)

267 1067 1927 52 “The translation of The princess of Babylon is by H. I. Woolf … the
195 1132 140 39 other
359 1140 252 30 romances
636 1139 126 30 were
785 1128 122 40 done
932 1128 61 47 by
1019 1128 56 40 R.
1101 1128 159 39 Bruce
1287 1126 209 41 Boswell
1523 1124 261 49 originally
1811 1124 78 40 for
1915 1123 182 42 Bohn’s
195 1123 1981 104 famous

362 1187 226 41 classical
616 1183 229 49 library.”

536 1280 69 18 CONTENTS.—
608 1255 230 42 Candide.
841 1253 390 48 —Zadig.—The
1274 1253 218 48 princess
1531 1252 52 41 of
1625 1252 399 48 Babylon.—The
2068 1251 127 42 child

195 1314 51 39 of
273 1309 1045 49 nature.—Micromegas.—Cosi-Sancta.—
1322 1310 239 40 Memnon.
1564 1310 161 39 —The
1757 1309 228 48 one-eyed
2017 1310 182 47 porter.

196 1382 52 53 ©
280 1387 116 47 July
426 1385 69 47 30,
526 1384 55 40 1928;
698 1384 68 39 2c.
798 1382 128 49 Sept.
959 1383 52 45 7;
1045 1380 83 41 aff.
1162 1380 129 49 Sept.
1322 1380 83 48 22;
1439 1381 42 39 A
1511 1380 230 48 1054975;
1776 1380 114 40 Dial
1922 1390 151 39 press,
2107 1380 90 40 inc.

265 1439 70 54 [©
376 1445 113 38 note
530 1440 261 49 regarding
830 1450 131 29 some
1003 1438 51 41 of
1096 1438 82 40 the
1219 1438 186 40 editors
1446 1441 36 40 &
1524 1438 277 47 publishers
1842 1437 51 40 of
1935 1436 263 41 Voltaire’s

266 1500 174 48 works]
511 1496 279 50 (28-24520)

190 1592 167 64 Wall,
393 1591 254 53 Edward
679 1590 174 64 John,
889 1594 172 50 1860-

261 1667 456 55 Intensification
744 1668 114 53 and
886 1667 296 53 reduction;
1243 1685 32 34 a
1301 1666 222 53 critical
1550 1666 219 53 résumé
1795 1665 65 54 of
1886 1666 78 52 all
1990 1665 209 54 known

191 1748 258 53 methods
481 1746 140 52 with
654 1745 315 53 references
1001 1750 58 47 to
1090 1745 95 52 the
1217 1744 251 69 original
1499 1744 406 69 monographs,
1934 1744 78 70 by
2046 1744 66 54 E.
2143 1744 58 55 J.

192 1821 2010 73 Wall … Boston, Mass., American photographic publishing
191 1922 97 51 co.,
321 1903 152 54 1927.

260 1985 554 50 40 p. diagrs. 26 ᶜᵐ .
263 2055 206 42 “Notes”
489 2066 8 29 :
534 2067 43 38 p.
609 2054 160 43 37-40.

199 2123 52 55 ©
276 2127 110 42 Jan.
410 2127 69 48 11,
505 2126 114 41 1928;
673 2126 67 41 2c.
766 2126 95 40 and
886 2123 83 44 aff.
995 2123 102 44 Oct.
1123 2123 24 41 1;
1203 2123 41 42 A
1269 2123 203 42 1053835;
1527 2123 146 43 Amer.
1713 2125 353 51 photographic
2093 2127 109 48 pub.

268 2195 67 32 co.
407 2182 281 51 (28-24693)

195 2277 319 66 Weichert,
547 2277 268 67 Ludwig,
850 2277 169 57 1887-

262 2357 314 73 Mayibuye
610 2358 18 54 i
664 2357 238 55 Africa!
999 2357 193 55 Kehre
1229 2357 228 70 wieder,
1492 2357 248 56 Afrika!
1838 2359 370 56 Erlauschtes

193 2438 119 54 und
349 2438 323 53 erschautes
712 2456 99 34 aus
853 2435 305 70 Südwest-,
1198 2436 146 56 Süd-
1383 2437 119 53 und
1542 2436 324 70 Ostafrika,
1904 2456 111 35 von
195 2439 1988 147 Ludwig

350 2516 307 55 Weichert.
755 2519 132 49 1.-3.
935 2516 256 52 tausend.
1287 2516 219 67 Berlin,
1552 2515 657 72 Heimatdienst-verlag

200 2594 172 67 [1927]

265 2675 942 51 xix, [1], 275, [1] p. plates. 22 ½ ᶜᵐ .
538 2733 163 40 CONTENTS.—Die
731 2732 366 48 kolonisierung
1131 2733 97 39 und
1261 2731 403 50 europäisierung
1695 2733 375 42 Afrikas.—Die

197 2734 1997 104 missionierung
506 2789 219 41 Afrikas.

205 2843 1948 53 © Feb. 20, 1928; 1c. July 2; A —Foreign 39573; Heimatdienst-verlag.
284 2904 282 50 (28-25373)

202 2998 350 63 Wellhouse,
588 2997 225 54 Walter
847 2998 281 64 Housley,
1166 3003 172 49 1890-

269 3075 1942 70 A brief course in biology, by Walter H. Wellhouse … and
201 3152 1985 148 George O. Hendrickson … New York, The Macmillan company, 1928.
271 3314 1105 49 xii p., 1 l., 200 p. illus., diagrs. 20 ½ᶜᵐ .
272 3370 352 48 Bibliography
653 3374 51 37 at
734 3371 92 40 end
857 3371 51 40 of
938 3373 127 38 most
1094 3371 52 41 of
1174 3372 84 40 the
1286 3373 242 47 chapters.

211 3423 51 53 ©
289 3427 103 41 Oct.
416 3427 69 46 23,
512 3427 115 40 1928;
679 3428 67 40 2c.
773 3427 102 41 Oct.
900 3428 56 38 24;
1011 3427 83 41 aff.
1122 3428 102 40 Oct.
1251 3428 55 40 25;
1361 3429 41 38 A
1428 3429 115 40 1232;
1599 3429 285 39 Macmillan
1909 3440 67 30 co.

288 3484 282 49 (28-24811)

206 3575 186 55 Whiff
396 3593 91 46 en,
523 3576 259 54 Blanche
827 3577 277 64 (Gallon)
1148 3579 173 53 “Mrs.
1356 3577 262 55 Thomas
1650 3578 187 55 Whiff
1841 3579 129 63 en,”
2008 3585 172 50 1844-

273 3655 268 69 Keeping
569 3654 76 53 off
675 3656 96 52 the
799 3656 169 64 shelf,
995 3657 77 67 by
1100 3657 140 53 Mrs.
1271 3657 250 54 Thomas
1551 3657 258 55 Whiffen;
1872 3658 141 54 with
2043 3678 174 51 many

203 3732 383 54 illustrations
610 3733 75 68 by
711 3734 262 53 Bernard
1001 3735 56 53 J.
1084 3735 384 69 Rosenmeyer
1493 3736 114 53 and
1632 3736 224 54 Walter
1884 3736 148 56 Jack
204 3738 1989 124 Duncan.

399 3810 140 53 New
573 3811 180 58 York,
787 3811 67 53 E.
888 3813 65 51 P.
987 3812 225 52 Dutton
1245 3814 45 51 &
1320 3831 98 48 co.,
1451 3814 107 52 inc.
1642 3816 151 65 [ᶜ1928]

276 3892 1629 51 viii. 203 p. incl. plates. plates, ports. (inch front.) 23 ᶜᵐ .
214 3945 52 53 ©
300 3949 103 42 Oct.
435 3949 69 49 19,
538 3950 140 44 1928;
713 3951 68 40 2c.
815 3950 103 42 Oct.
951 3952 82 47 24;
1070 3951 81 43 aff.
1187 3951 103 42 Oct.
1323 3953 83 47 23;
1442 3953 41 39 A
1517 3953 85 41 185;
1666 3955 53 40 E.
1753 3955 53 40 P.
1840 3954 189 41 Dutton
2063 3954 37 41 &
2133 3965 83 38 co.,

281 4006 91 40 inc.
444 4007 281 49 (28-24630)
