2498 4384
1085 4101 101 63 317

133 433 246 61 Schanz,
413 433 70 51 A.

133 504 1992 141 Tratado de ortoped í a. Versi ó n de la 2. ᵃ ed. alemana. Barcelona,
315 587 202 70 Spain,
548 587 258 56 Gustavo
839 586 140 67 Gili,
1012 584 150 54 1927.

202 673 25 39 1
259 683 43 30 v.

137 737 52 52 ©
218 742 122 40 Mar.
367 741 40 46 5,
437 740 115 40 1927;
609 742 67 39 1c.
704 739 114 48 Apr.
846 739 55 39 15;
959 738 42 39 A
1001 736 272 48 —Foreign
1301 734 147 42 34208;
1507 735 218 41 Gustavo
1756 733 112 42 Gili.

132 837 233 62 Sellers,
399 837 221 51 Ernest
651 834 276 61 Orlando,
963 836 172 49 1869-

204 917 150 51 How
397 921 58 46 to
498 916 258 66 improve
798 912 212 54 church
1052 911 209 65 music;
1307 929 31 33 a
1383 909 278 69 practical
1703 907 308 53 handbook
2056 906 94 54 for

134 986 1991 139 pastors and choir leaders, by Ernest O. Sellers … with introduction
407 1064 1737 77 by Edwin G. Dargan … New York, Chicago [etc.]
134 1148 1158 70 Fleming H. Revell company [ ᶜ1 928]
202 1233 86 39 159
320 1243 44 37 p.
426 1231 55 40 19½ᶜᵐ.

137 1286 51 52 ©
214 1291 124 39 Mar.
362 1290 71 40 24,
460 1288 141 46 1928;
628 1288 67 40 2c.
722 1288 94 39 and
844 1286 83 42 aff.
954 1288 124 39 Mar.
1103 1287 26 38 28;
1217 1287 40 38 A
1284 1285 231 45 1068610;
1548 1284 221 49 Fleming
1847 1317 7 9 H.
1889 1285 166 40 Revell
2081 1297 68 29 co.

128 1398 429 64 Shakespeare,
590 1396 276 63 William,
905 1399 326 50 1564-1616.

134 1472 1993 137 … The tempest, by William Shakespeare, edited with introduction
134 1551 1989 151 and notes by Edith M. Penney … Philadelphia, Chicago [etc.] The John C. Winston company [ᶜ1927]
203 1713 1771 52 xi, [1], 125 p. col. front. 16 ᶜᵐ. (Winston companion classics)
137 1769 2014 53 © Apr. 30, 1927; 2c. Mar. 2, 1928; aff. Mar. 6; A 1069102; J ohn C.
205 1831 225 40 Winston
457 1842 67 29 co.
584 1825 69 54 [©
683 1829 346 47 introduction,
1060 1832 138 37 notes
1226 1830 98 39 and
1353 1829 200 49 editing]
1624 1828 252 49 (28-7182)

129 1925 343 61 Shanahan,
503 1925 217 52 Burke.

202 2005 256 69 Organic
486 2005 112 52 and
629 2004 434 53 constitutional
1091 2002 381 70 overweight;
1505 2004 73 52 its
1604 2022 164 35 cause
1795 2005 110 51 and
134 2023 1990 116 correction,

309 2083 1839 69 by Burke Shanahan … Lynn, Mass., Health atorium
137 2165 193 64 [ ᶜ1 928]
202 2245 1201 49 147. [12] p. 22 ᶜᵐ. (Public health classics)
203 2304 177 48 “Daily
422 2304 207 39 calories
674 2305 167 38 record
886 2303 170 40 chart”
1100 2305 95 38 and
1243 2304 229 46 “Weekly
1516 2306 360 38 measurement
1924 2305 165 38 record”:

134 2361 83 50 [13]
251 2374 42 38 p.
322 2365 52 38 at
400 2363 109 40 end.

135 2417 53 52 ©
216 2422 112 40 Feb.
354 2422 69 46 15,
451 2421 141 46 1928;
621 2422 68 39 2c.
717 2421 112 40 Feb.
930 2431 8 36 18;
969 2420 84 42 aff.
1081 2421 112 41 Feb.
1221 2421 82 45 17;
1335 2421 39 39 A
1403 2421 198 41 1069101;
1665 2423 148 46 Hugh
1842 2422 71 41 W.
1945 2421 204 49 Manity,

204 2479 151 47 Lynn,
388 2480 148 38 Mass.
608 2477 252 50 (28-7380)

127 2571 212 65 Sharp,
373 2572 206 54 Dallas
609 2573 170 63 Lore,
816 2572 172 54 1870-

201 2652 122 52 The
347 2651 185 54 better
556 2657 261 63 country,
840 2650 77 70 by
940 2652 205 53 Dallas
1169 2652 149 53 Lore
1347 2651 209 69 Sharp.
1623 2653 215 51 Boston
1868 2652 112 53 and
2010 2652 139 53 New

132 2729 181 68 York,
340 2729 322 70 Houghton
691 2730 205 52 Mifflin
926 2748 301 52 company,
1260 2733 150 51 1928.

199 2812 100 44 viii,
329 2813 87 39 277
445 2822 44 38 p.
518 2812 111 42 incl.
658 2812 151 42 front.
872 2813 55 39 21½ᶜᵐ.

135 2864 52 53 ©
226 2869 112 41 Feb.
376 2870 69 40 24,
485 2870 142 42 1928;
668 2871 68 39 2c.
776 2871 112 41 Feb.
925 2872 83 45 27;
1051 2871 82 41 aff.
1174 2872 123 40 Mar.
1336 2872 26 38 2;
1431 2871 41 39 A
1510 2871 207 41 1068110;
1833 2905 8 7 D.
1882 2872 49 40 L.
1975 2871 173 48 Sharp.

206 2927 263 48 Hingham,
501 2928 149 39 Mass.
721 2927 251 49 (28-7303)

130 3018 253 64 Shillito,
419 3021 273 63 Edward,
727 3022 171 53 1872-

200 3096 166 55 Bible
406 3099 406 70 lamplighters
853 3100 113 53 and
1006 3100 153 54 their
1195 3119 283 51 messages
1521 3100 94 54 for
1653 3100 140 69 boys
1832 3101 114 53 and
1987 3100 163 71 girls,

129 3174 73 69 by
248 3175 256 55 Edward
551 3176 266 67 Shillito;
865 3179 140 52 with
1052 3179 395 54 introduction
1491 3180 75 69 by
1614 3179 240 55 Charles
1899 3179 248 70 Clayton

127 3253 2020 75 Morrison … New York, Chicago [etc.] Fleming H. Revell
127 3335 515 67 company [ ᶜ1 928]
197 3417 712 49 160 p. front., plates. 19½ ᶜᵐ.
133 3469 51 52 ©
214 3473 112 41 Feb.
356 3474 69 43 18,
456 3473 113 41 1928;
626 3475 68 39 2c.
724 3475 96 39 and
849 3475 82 41 aff.
962 3476 123 40 Mar.
1115 3476 53 46 6;
1199 3475 42 40 A
1270 3475 232 48 1069128;
1536 3477 221 46 Fleming
1785 3478 62 40 H.
1878 3478 169 40 Revell
2078 3489 69 30 co.

203 3526 69 53 [©
306 3530 350 50 introduction]
729 3531 252 48 (28-7293)

128 3622 124 55 Silk
294 3624 360 54 association
699 3625 65 53 of
804 3626 279 55 America.
1179 3628 383 55 Commission
1605 3629 331 55 throwsters’
193 3630 1931 126 division.

197 3777 139 56 Cost
381 3781 345 70 accounting
772 3781 96 54 for
913 3783 351 55 throwsters.
1346 3784 57 54 A
1446 3786 234 52 manual
1727 3785 190 55 issued
1962 3786 184 54 under

126 3856 94 54 the
255 3858 258 68 auspices
547 3858 65 54 of
646 3861 114 53 and
795 3861 306 68 published
1134 3862 78 69 by
1246 3863 97 53 the
1377 3862 381 56 Commission
1792 3864 353 54 throwsters’

124 3934 251 56 division
412 3936 65 54 of
511 3937 96 58 the
646 3937 130 59 Silk
812 3939 340 56 association
1191 3940 67 55 of
1294 3940 288 70 America,
1617 3942 109 59 inc,
1802 3943 140 58 New
1981 3943 163 58 York

204 4017 102 52 [ ᶜ1 928]
