2498 4384
1311 4087 134 53 1172

420 518 74 40 On
520 528 169 30 cover:
723 517 255 48 Secretary
1008 517 51 40 of
1086 518 139 39 labor
1253 517 51 38 in
1333 516 80 40 the
1443 515 192 41 cabinet
1665 515 51 41 of
1746 520 96 38 two
1871 515 290 48 presidents.

353 570 52 52 ©
443 575 116 47 July
593 574 70 48 25,
698 574 119 41 1928;
876 575 68 40 2c.
978 574 122 48 Aug.
1136 574 51 47 8;
1225 573 84 41 aff.
1344 573 121 48 Aug.
1501 574 53 46 7;
1593 572 42 40 A
1667 572 232 47 1082987;
1939 573 43 41 J.
2019 573 65 40 M.
2160 573 190 48 Chapple,

422 632 199 40 Boston.
691 631 282 49 (28-19157)

350 711 111 54 Chi
490 727 227 48 omega.

422 788 1935 72 A history of Chi omega, v. 1 … compiled and edited by the
349 870 290 51 executive
670 868 151 54 office
852 869 114 52 and
996 868 269 53 editorial
1294 867 163 54 staff;
1490 866 305 55 Christelle
1824 867 316 68 Ferguson,

348 868 1986 132 Elizabeth
544 947 269 67 Jackson,
874 947 131 53 Nell
1064 946 260 68 Upshaw
1383 945 265 68 Gannon,
1710 945 186 55 Susan
1955 945 404 69 Montgomery

345 1025 216 70 White,
591 1026 187 52 Helen
806 1025 246 53 Hunter.
1136 1024 368 69 [Cincinnati,
1538 1028 152 63 1928]

422 1106 1316 51 4 p. l., 329 p. plates (part fold.) ports. 24 ᶜᵐ .
359 1161 53 52 ©
444 1165 117 47 July
590 1166 69 47 27,
691 1165 141 46 1928;
863 1165 68 39 2c.
962 1165 120 48 Aug.
1112 1164 82 48 10;
1228 1164 83 41 aff.
1341 1165 120 47 Aug.
1493 1164 53 48 9;
1578 1164 43 39 A
1649 1164 231 47 1083570;
1915 1163 89 42 Chi

2037 1173 182 39 omega,
426 1164 1917 98 Cincinnati.
697 1220 281 50 (28-19128)

355 1302 326 62 Chitwood,
716 1302 254 54 William
1004 1302 293 53 Hankins.

422 1382 121 52 The
588 1381 159 52 three
790 1399 202 49 muses,
1037 1399 211 49 poems,
1292 1382 75 67 by
1414 1381 263 54 William
1723 1381 271 54 Hankins
2040 1380 322 69 Chitwood,

352 1459 141 53 with
524 1460 383 52 illustrations
936 1459 76 69 by
1042 1460 97 52 the
1170 1460 222 52 author.
1475 1459 438 68 [Indianapolis,
1944 1465 18 21 c
1967 1462 153 64 1928]

425 1543 56 39 64
520 1553 43 37 p.
623 1542 130 41 illus.
813 1542 147 41 20½ᶜᵐ.

359 1595 53 52 ©
442 1600 120 47 Aug.
592 1600 39 47 1,
661 1599 118 40 1928;
833 1599 69 40 2c.
931 1600 97 39 and
1056 1598 83 42 aff.
1168 1599 123 48 Aug.
1319 1600 53 46 7;
1403 1598 41 40 A
1473 1598 230 48 1082989;
1735 1600 73 40 W.
1838 1599 61 41 H.
1931 1598 268 47 Chitwood,

429 1597 1913 107 Indianapolis.
738 1655 281 49 (28-19102)

358 1737 222 63 Cicero,
613 1738 240 52 Marcus
883 1736 246 54 Tullius.

493 1812 1600 72 … Cicero; first oration against Cataline. A double
359 1813 1982 132 translation:
546 1912 105 34 one
682 1893 354 69 juxtalinear
1067 1894 114 52 and
1214 1894 208 67 phrase
1455 1894 75 68 by
1563 1893 234 68 phrase;
1834 1893 99 52 the

1964 1893 181 67 other,
2180 1912 31 33 a
361 1911 1980 113 correct
507 1971 122 53 free
654 1972 363 67 translation,
1039 1972 277 67 preceded
1344 1971 74 69 by
1447 1972 95 52 the

1570 1972 175 52 Latin
1773 1976 138 62 text,
1933 1971 143 52 with
2104 1971 263 69 synopsis

361 2048 2001 71 and notes, by John A. Fitzgerald … and E. Sommer … [ c 1928]
430 2134 27 39 3
489 2144 44 37 p.
603 2163 7 16 l.,
649 2132 147 49 [5]-68
829 2143 43 37 p.
931 2132 148 41 29½ᶜᵐ.

434 2190 63 39 At
526 2189 126 40 head
682 2189 53 40 of
763 2189 135 40 title:
931 2189 104 40 The
1061 2188 309 49 juxtalinear
1399 2188 338 42 translations.

435 2247 228 39 Lettered
692 2257 61 29 on
780 2257 169 30 cover:
980 2247 101 39 The
1110 2246 147 40 Latin
1286 2246 218 49 authors,
1533 2246 122 41 with
1684 2249 96 38 two
1811 2245 339 44 translations.

434 2303 410 48 Mimeographed.

367 2356 54 52 ©
453 2360 121 49 Aug.
608 2360 69 42 15,
710 2359 141 47 1928;
885 2360 69 40 2c.
986 2360 121 49 Aug.
1140 2361 82 48 17;
1260 2360 82 42 aff.
1375 2360 120 49 Aug.
1530 2360 82 48 16;
1647 2360 43 40 A

435 2358 1917 107 1083814; John A. Fitzgerald, Ili on, N. Y.
364 2497 196 63 Clark,
591 2497 257 55 William
879 2498 329 63 Mansfield,
1245 2503 171 49 1884-

432 2575 122 53 The
583 2575 444 53 determination
1056 2575 64 54 of
1149 2577 299 69 hydrogen
1478 2577 152 67 ions;
1662 2597 73 33 an
1764 2578 348 67 elementary
2141 2576 231 53 treatise

360 2671 75 35 on
475 2654 296 66 electrode,
811 2652 285 55 indicator
1138 2655 115 53 and
1292 2655 470 69 supplementary
1801 2655 279 67 methods,
2120 2655 140 52 with
2300 2673 73 35 an

363 2729 244 55 indexed
641 2731 409 70 bibliography
1084 2750 72 35 on
1188 2733 404 68 applications,
1622 2733 76 69 by
1729 2734 91 54 W.
1853 2732 308 54 Mansfield
2196 2732 178 55 Clark

426 2809 1948 71 … 3d ed. Baltimore, The Williams & Wilkins company,
365 2891 153 50 1928.

435 2971 97 48 xvi,
565 2972 86 40 717
680 2982 44 37 p.
783 2971 165 46 front.,
980 2971 145 47 illus.,
1157 2973 88 39 col.
1275 2971 173 41 double
1549 3003 8 16 pl.,
1590 2974 165 46 ports.,
1787 2972 181 49 diagrs.
2026 2972 149 41 23½ᶜᵐ.

435 3027 377 48 Bibliography:
847 3038 43 37 p.
922 3027 218 41 587-671.

372 3080 53 52 ©
449 3083 121 49 Aug.
596 3084 39 48 6,
660 3084 141 46 1928;
828 3084 69 39 2c.
921 3084 96 39 and
1044 3083 82 41 aff.
1151 3083 121 49 Aug.
1297 3084 82 47 11;
1408 3084 40 39 A
1473 3084 230 47 1083598;
1733 3084 244 42 Williams
2003 3085 37 40 &
2066 3084 210 42 Wilkins
2302 3096 69 30 co.

452 3140 281 49 (28-19407)

369 3221 252 62 Conrad,
656 3220 240 64 Joseph,
936 3219 326 56 1857-1924.

499 3299 1512 70 … Le frère-de-la-côte, traduit de l ’anglais avec
366 3302 2011 145 une introduction par G. Jean-Aubry … 10. ed. Paris, Gallimard,
368 3454 1519 70 Editions de la Nou velle revue française [ c 1928]
439 3537 753 50 3 p. l. , [9]-317 p., 1 l. 19 ᶜᵐ .
377 3591 1998 53 © Feb. 14, 1928; 1c. Apr. 27; A—Foreign 38709; Librairie Gallimard.
458 3651 281 49 (28-19186)

371 3729 326 64 Cummins,
727 3730 152 53 Alva
907 3731 98 62 M.,
1035 3732 83 52 ed.

450 3806 377 69 Supplement
863 3814 58 46 to
961 3810 78 50 all
1078 3809 250 67 practice
1368 3814 120 48 acts
1523 3811 60 51 in
1621 3810 97 53 the
1756 3809 300 70 Michigan
2096 3809 283 68 compiled

376 3884 1809 72 laws of 1915 … and to Cummins and Beecher’s Michigan
378 3886 1975 131 Judicature
606 3964 113 53 and
753 3964 162 53 other
948 3965 252 68 practice
1234 3970 135 63 acts,
1404 3965 141 53 with
1580 3966 149 53 rules
1766 3966 112 53 and
1915 3965 198 54 forms.
2184 3965 73 54 2d
2293 3964 84 54 ed.
