2498 4384
1267 4104 102 48 300

398 538 105 47 xiii,
531 538 85 41 178
643 550 44 37 p.
747 539 117 41 21ᶜᵐ.

331 591 51 53 ©
418 595 113 41 Feb.
562 596 56 40 16,
666 596 141 46 1928;
842 597 68 40 2c.
942 597 96 39 and
1073 595 82 41 aff.
1190 597 125 39 Mar.
1348 596 53 46 3;
1439 596 40 38 A
1513 596 230 43 1069086;
1781 597 60 41 H.
1879 597 44 41 S.
1958 598 157 47 Pratt,
399 597 1919 104 Haver-ford,
558 653 84 41 Pa.
716 653 251 48 (28-6948)

321 732 187 62 Price,
544 732 294 54 Warwick
873 732 220 63 James,
1132 731 173 54 1870-

395 812 122 52 The
549 829 105 35 one
685 810 175 68 book;
896 811 97 53 the
1026 811 205 52 results
1264 810 65 53 of
1361 830 73 33 an
1467 810 390 54 examination
1888 810 66 54 of
1983 811 98 53 the
2114 829 223 35 sources

324 889 65 53 of
425 890 98 52 the
559 889 159 69 Holy
756 888 184 68 Bible,
979 889 114 52 and
1130 907 32 33 a
1198 906 208 51 survey
1441 888 64 53 of
1542 889 75 53 its
1652 889 244 69 growth,
1932 889 77 68 by
2043 889 293 54 Warwick

322 964 2012 71 James Price … Philadelphia, Chicago [etc.] The John C.
321 1045 270 55 Winston
624 1062 281 51 company
985 1046 152 64 [ᶜ1928]

461 1126 1119 51 xv, 259 p. front., pl., map, facsims. 21 ᶜᵐ .
328 1181 51 52 ©
413 1186 111 40 Feb.
555 1186 69 46 14,
655 1184 142 46 1928;
828 1185 68 39 2c.
929 1183 123 41 Mar.
1082 1184 54 46 2;
1171 1182 84 41 aff.
1287 1184 123 40 Mar.
1442 1183 53 47 6;
1528 1183 41 40 A
1599 1183 231 47 1069106;
1865 1184 128 40 John
2027 1184 49 41 C.
2110 1184 222 41 Winston

396 1253 69 30 co.
536 1240 253 51 (28-7159)

323 1322 235 62 Prittie,
594 1321 207 53 Edwin
834 1320 174 62 John,
1089 1320 103 53 illus.

401 1400 413 67 [Illustrations
847 1400 60 51 in
941 1399 96 52 the
1070 1398 148 53 book
1253 1398 257 66 entitled]
1549 1398 121 53 The
1704 1404 159 63 story
1897 1399 64 53 of
1995 1418 31 34 a
2061 1399 112 53 bad
2208 1399 130 69 boy,

323 1478 75 68 by
429 1479 250 51 Thomas
711 1477 204 68 Bailey
946 1476 263 53 Aldrich.
1279 1476 429 69 Philadelphia,
1743 1476 254 69 Chicago
2035 1484 140 61 [etc.]
2215 1477 122 53 The

323 1557 158 52 John
522 1556 62 54 C.
624 1556 270 53 Winston
933 1573 79 34 co.
1080 1554 153 67 [1927]

392 1637 1304 49 viii, 253 p. col. front., illus., col. plates. 22 ᶜᵐ .
326 1692 2007 52 © Dec. 28, 1927; 2c. Mar. 2, 1928; aff. Mar. 6; A 1069109; John C .
397 1753 227 40 Winston
652 1762 68 31 co.

316 1832 161 65 Pyle,
514 1830 354 55 Katharine.

393 1911 168 52 Tales
614 1909 154 53 from
820 1908 189 55 Greek
1059 1910 359 68 mythology,
1472 1909 184 53 retold
1711 1910 113 53 and
1879 1910 326 54 illustrated
2260 1910 75 69 by

322 1989 327 52 Katharine
695 1988 172 69 Pyle;
921 1990 64 49 12
1033 1987 401 53 illustrations.
1520 1987 412 70 Philadelphia
1981 1989 46 52 &
2075 1988 260 68 London,

321 2067 56 53 J.
405 2068 68 51 B.
500 2066 342 68 Lippincott
866 2083 301 52 company,
1195 2068 153 51 1928.

391 2147 1040 50 vi p., 1 l., 312 p. front., plates. 21 ᶜᵐ .
325 2202 51 53 ©
405 2207 112 40 Jan.
543 2206 70 47 25,
642 2205 141 47 1928;
812 2206 69 41 2c.
909 2206 97 39 and
1033 2205 83 41 aff.
1145 2206 124 41 Mar.
1297 2206 53 47 6;
1379 2206 43 38 A
1449 2206 231 47 1069131;
1712 2207 45 41 J.
1787 2207 54 40 B.
1871 2206 279 48 Lippincott
2180 2217 68 32 co.

404 2263 253 50 (28-7173)

315 2342 1208 70 Rav ī ndran ā tha Th ā kura, Sir, 1861-
391 2423 277 66 Fireflies,
714 2423 75 68 by
836 2422 445 53 Rabindranath
1327 2423 252 67 Tagore;
1633 2422 358 54 decorations
2036 2424 76 67 by
2164 2424 167 52 Boris

318 2500 425 64 Artzybasheff.
819 2501 140 53 New
994 2500 182 64 York,
1208 2501 124 53 The
1364 2501 338 52 Macmillan
1737 2518 299 46 company,
2075 2505 148 49 1928.

388 2584 87 40 274
505 2595 44 37 p.
609 2583 147 41 19½ᶜᵐ.

323 2637 52 52 ©
406 2642 113 40 Feb.
548 2641 70 47 28,
649 2641 142 47 1928;
821 2641 69 41 2c.
920 2641 96 39 and
1045 2640 83 42 aff.
1159 2641 113 40 Feb.
1301 2640 83 48 29;
1417 2641 41 39 A
1487 2640 231 49 1068026;
1753 2641 283 40 Macmillan
2069 2651 67 31 co.

404 2698 253 50 (28-6995)

314 2776 363 64 Rehberger,
715 2777 227 63 George
980 2777 274 63 Edward,
1294 2780 172 50 1880-

387 2854 388 69 Lippincott’s
802 2854 171 70 quick
998 2854 290 54 reference
1314 2854 150 53 book
1491 2854 95 53 for
1612 2849 280 59 medicine
1919 2855 114 53 and
2060 2873 239 50 surgery;

318 2951 32 35 a
386 2933 247 68 clinical,
668 2930 322 72 diagnostic
1027 2933 113 52 and
1174 2932 360 68 therapeutic
1569 2933 189 69 digest
1788 2931 65 54 of
1887 2933 233 68 general
317 2932 1988 146 medicine,

489 3029 239 51 surgery
759 3011 115 52 and
903 3011 98 52 the
1030 3009 341 69 specialties,
1402 3010 185 54 culled
1621 3011 351 69 extensively
2003 3011 114 53 and
317 3010 1989 148 intensively

544 3088 154 53 from
741 3089 237 52 modern
1022 3088 316 67 literature,
1383 3088 115 52 and
1542 3088 401 68 systematized
1985 3089 77 69 by
2107 3088 224 70 George

319 3165 2010 70 E. Rehberger … 6th ed., rev. Philadelphia and London.
316 3245 57 54 J.
405 3246 69 52 B.
504 3244 343 68 Lippincott
875 3260 282 52 company
1235 3245 152 65 [ᶜ1928]

389 3326 1798 51 [1109] p. col. front., illus., col. plates, fold. tab., diagrs. 26½ᶜᵐ.
386 3383 335 49 Frontispiece
749 3383 209 41 consists
986 3383 52 40 of
1066 3383 138 40 three
1231 3383 174 48 plates,
1433 3393 89 30 one
1550 3383 53 40 of
1630 3383 160 40 which
1819 3385 41 39 is
1888 3384 382 48 superimposed.

322 3435 51 53 ©
405 3441 112 40 Feb.
547 3440 69 47 18,
646 3439 118 41 1928;
818 3440 68 40 2c.
917 3440 96 39 and
1043 3438 83 41 aff.
1156 3439 124 40 Mar.
1310 3438 26 39 6;
1393 3438 42 39 A
1464 3438 208 40 1069139;
1730 3439 44 41 J.
1806 3441 54 39 B.
1891 3440 283 48 Lippincott
2202 3451 68 30 co.

402 3496 252 50 (28-7049)

316 3575 880 65 Reichs-kredit-gesellschaft,
1228 3574 619 64 aktiengesellschaft,
1879 3576 219 54 Berlin.

387 3653 338 69 Germany’s
772 3654 284 52 economic
1104 3653 400 67 development
1550 3653 214 70 during
1808 3655 98 52 the
1950 3656 206 52 second
2200 3654 131 53 half

315 3732 64 53 of
405 3733 98 53 the
529 3751 136 50 year
695 3732 150 54 1927.
923 3732 219 67 Berlin,
1169 3731 842 69 Reichs-kredit-gesellschaft,
315 3733 1990 144 aktiengesellschaft,
685 3813 150 51 ᶜ1928.

385 3893 931 47 cover-title, 31 p. incl. tables. 30 ᶜᵐ .
322 3947 52 53 ©
415 3952 110 41 Feb.
564 3951 69 48 16,
673 3950 140 47 1928;
853 3951 68 41 2c.
960 3952 122 40 Mar.
1121 3952 52 46 1;
1214 3949 83 42 aff.
1338 3950 111 41 Feb.
1487 3949 83 47 23;
1611 3950 42 39 A
1691 3948 230 49 1068068;
1965 3949 360 41 Reichs-kredit

389 4008 329 48 gesellschaft,
760 4008 503 46 aktiengesellschaft.
1336 4006 252 50 (28-6964)
