2498 4384
1074 4122 99 49 699

117 443 223 54 Punch,
417 463 48 33 v.
498 443 115 59 174,
639 460 88 34 no.
755 444 152 54 4528,
937 441 141 67 Apr.
1110 443 79 54 18,
1220 443 149 48 1928.

117 536 2000 53 © 1c. June 14, 1928 ; A ad int. 11225 ; pubd. Apr. 18; Herbert Heather,
185 599 212 39 London.

110 692 389 60 Richardson,
536 690 276 64 Alphyon
846 691 205 62 Perry,
1091 690 170 51 1875-

182 784 296 54 Windows
507 782 64 53 of
596 782 159 66 Asia,
783 782 75 69 by
885 782 70 52 A.
986 783 64 51 P.
1080 781 389 66 Richardson;
1502 779 396 70 photographs
1924 779 75 70 by
2024 779 97 53 the

112 862 223 53 author.
413 860 278 55 Concord.
723 861 68 51 N.
911 903 10 14 H.,
956 860 119 51 The
1107 859 290 52 Rumford
1431 876 157 50 press
1667 861 133 50 [ᶜ1928]

183 946 81 45 vii,
299 945 86 40 206
420 956 44 37 p.
524 946 173 46 plates.
757 943 57 41 19½ᶜᵐ.

118 1011 52 52 ©
194 1016 114 47 Apr.
334 1016 68 46 17,
429 1014 117 41 1928
561 1025 8 35 ;
596 1014 68 41 2c.
690 1015 95 38 and
811 1013 82 42 aff.
919 1013 114 48 Apr.
1058 1013 83 46 26;
1170 1014 40 38 A
1237 1012 230 47 1069958;
1497 1014 53 39 A.
1578 1014 51 40 P.
1657 1012 319 46 Richardson,
2004 1013 118 38 New

186 1072 144 41 York.
401 1070 282 51 (28-12458)

118 1166 272 62 Rickard,
424 1167 60 52 L.

183 1259 120 52 The
334 1258 250 68 perilous
614 1260 335 65 elopement,
978 1257 75 68 by
1081 1258 139 52 Mrs.
1252 1257 204 54 Victor
1485 1257 272 52 Rickard,
1824 1256 164 69 chap.
112 1256 2014 133 27-40.
276 1336 379 67 [Conclusion.
735 1341 63 47 15
832 1336 378 65 instalments]

192 1420 83 48 (In
304 1415 202 43 London
535 1415 146 51 Daily
711 1429 134 29 news
876 1415 96 42 and
1001 1414 357 43 Westminster
1390 1414 227 53 gazette)

117 1486 2005 51 © 1c. each June 16, 1928: A ad int. 11240; pubd. Apr. 21, 23-28. 30,
185 1547 114 48 May
342 1547 98 45 1-5,
485 1548 38 45 7,
567 1546 25 40 8
610 1557 9 32 ;
666 1546 157 40 Jessie
866 1546 177 40 Louisa
1090 1545 230 48 Rickard,
1365 1547 30 39 i.
1439 1558 38 29 e.
1522 1546 116 40 Mrs.
1683 1545 166 40 Victor
1893 1545 230 47 Rickard,

186 1604 266 48 Englefield
489 1603 169 47 Green,
697 1603 194 48 Surrey,
926 1604 238 47 England.

116 1698 251 62 Russell,
398 1698 268 63 Phillips.

247 1789 1881 70 … [Foreword and an explanation of the Franklin arms] by
114 1869 252 67 Phillips
395 1870 224 51 Russell
654 1869 132 66 [and
817 1867 218 69 Sidney
1063 1868 70 52 A.
1163 1868 277 52 Merriam
1471 1868 59 51 in
1560 1868 94 52 the
1683 1867 148 53 book
1860 1867 259 68 entitled]

114 1948 153 51 Poor
299 1946 302 53 Richard’s
636 1946 317 64 almanack,
985 1946 173 68 being
1190 1946 95 52 the
1320 1945 328 53 almanacks
1683 1945 65 53 of
1784 1946 152 56 1733,
1973 1945 153 59 1749,

117 2025 151 60 1756,
318 2024 152 63 1757,
519 2024 151 60 1758,
719 2024 123 53 first
890 2025 229 51 written
1167 2024 184 52 under
1398 2024 99 52 the
1542 2042 163 34 name
1755 2024 65 52 of
1868 2024 257 52 Richard

116 2101 2011 70 Saunders, by Benjamin Franklin … New York, Rimington
114 2184 43 49 &
186 2182 255 66 Hooper,
473 2183 150 50 1928.

183 2264 150 47 xxvii,
370 2264 70 46 55,
480 2262 84 50 [59]
602 2274 43 37 p.
708 2263 165 48 front.,
909 2262 219 40 facsims.
1186 2262 59 39 24½ᶜᵐ.

120 2331 52 52 ©
199 2336 115 47 Apr.
342 2335 70 47 10,
439 2334 119 41 1928
572 2346 9 36 ;
611 2336 67 40 2c.
708 2336 96 39 and
832 2334 83 42 aff.
944 2336 114 47 Apr.
1087 2335 57 40 27
1162 2346 8 34 ;
1203 2335 41 38 A
1272 2334 231 47 1077003;
1536 2334 285 48 Rimington
1850 2334 36 40 &
1916 2335 210 47 Hooper.

113 2445 319 63 Saunders,
466 2447 138 52 Mrs.
638 2445 141 53 Alta
819 2445 272 65 (Gwinn)
1136 2448 172 50 1886-
1489 2446 84 52 ed.

184 2538 121 52 The
329 2538 296 52 literature
651 2537 64 53 of
737 2537 272 57 business,
1034 2538 241 52 selected
1299 2538 114 52 and
1438 2537 190 53 edited
1650 2537 76 68 by
1750 2536 140 53 Alta
1914 2536 211 55 Gwinn

116 2614 2009 56 Saunders … and Herbert Le Sourd Creek … 3d ed. New
115 2693 163 53 York
308 2695 113 51 and
453 2694 259 66 London,
742 2693 235 68 Harper
1006 2696 45 50 &
1081 2693 262 53 brothers
1381 2696 193 64 [ᶜ1928]

185 2777 134 48 xviii,
354 2778 85 40 632
473 2789 43 37 p.
576 2778 130 40 illus.
765 2777 59 40 20½ᶜᵐ.

184 2848 353 48 Bibliography
555 2859 8 27 :
602 2859 42 36 p.
700 2847 235 49 [623]-632.

464 2917 132 47 CONTENTS.—pt.
653 2948 9 9 I.
698 2918 101 39 The
833 2916 276 49 profession
1143 2917 51 40 of
1228 2917 375 48 business.—pt.
1681 2947 9 8 II.
1725 2917 236 40 Business
114 2919 1993 103 writing
226 2975 95 38 and
355 2975 185 39 related
572 2974 263 48 principles
866 2973 52 41 of
948 2974 238 40 business.

121 3040 52 52 ©
200 3045 113 47 Apr.
341 3045 71 46 27,
439 3043 140 46 1928;
609 3045 67 39 2c.
704 3045 95 38 and
828 3043 82 41 aff.
939 3044 114 48 May
1080 3044 53 46 3;
1163 3044 39 39 A
1231 3044 231 48 1077070;
1495 3045 194 48 Harper
1718 3045 36 40 &
1781 3046 126 40 bros.

198 3101 282 49 (28-12073)

121 3196 289 62 Schmidt,
444 3196 248 54 Gustav.

249 3288 1878 69 … Schrauben; muttern und zubehör; im auftrage des
117 3368 325 52 Deutschen
493 3356 596 67 normenausschusses
1139 3367 313 53 bearbeitet
1501 3369 115 51 und
1673 3370 269 51 erläutert
2018 3387 104 33 von

117 3447 230 68 dr.-ing.
381 3466 43 33 e.
459 3447 54 51 h.
551 3446 278 54 Schmidt.
906 3447 217 56 Berlin,
1157 3448 434 65 Beuth-verlag,
1628 3447 149 53 1927.

187 3529 1366 49 181 p. illus., tables, diagrs. 21 ᶜᵐ. (Dinbuch 3)
122 3597 1947 53 © Oct. 1, 1927 : 1c. Jan. 25, 1928; A —Foreign 37067 ; Dinorm, Berlin.
204 3658 282 48 (28-12722)

118 3753 211 62 Sharp,
366 3754 200 51 Frank
606 3754 325 62 Chapman,
972 3756 171 50 1866-

122 3845 1975 148 … Ethics, by Frank Chapman Sharp … New York & London. The Century co. [ ᶜ 1928]
194 4004 1935 54 vi. 566 p. 23 ᶜᵐ. (The Century philosophy series, S. P. Lamprecht,
122 4061 181 48 editor)
420 4062 131 48 $3.50
