2547 4432
1398 4108 68 51 34

488 539 69 40 “A
583 539 211 40 selected
823 539 96 39 and
947 537 267 40 annotated
1243 530 398 51 bibliography”:
1671 542 45 38 p.
1744 530 220 42 183-187.

423 592 52 52 ©
508 596 130 48 Sept.
666 595 69 48 16,
767 594 144 48 1927;
942 594 68 40 2c.
1041 593 114 41 Dec.
1184 592 54 47 2;
1271 590 84 42 aff.
1387 591 114 39 Dec.
1531 589 54 47 3;
1617 588 43 40 A
1690 587 232 47 1018241;
1956 587 242 41 Teachers
2229 588 195 48 college,

491 652 252 41 Columbia
777 651 133 41 univ.
979 649 253 49 (28-1754)

416 728 827 66 Bosschere, Jean de, il lus.
496 809 414 67 [Illustrations
951 807 61 53 in
1052 807 97 52 the
1188 806 150 52 book
1380 803 258 67 entitled]
1687 803 122 52 The
1867 820 195 50 poems
2120 801 65 54 of
2244 801 182 56 Oscar

418 888 209 68 Wilde,
670 886 327 55 illustrated
1040 885 77 70 by
1158 884 149 55 Jean
1352 883 70 53 de
1463 882 326 53 Bosschere.
1865 881 140 53 New
2048 880 181 70 York,
2273 881 152 54 Boni

417 969 46 50 &
493 967 322 68 Liveright,
849 964 151 55 1927.

489 1042 1428 55 vii, 336 p., 1 l. col. front., plates (part col.) 24½ᶜᵐ.
424 1103 52 52 ©
506 1106 114 41 Dec.
648 1105 71 49 21,
748 1104 143 48 1927;
921 1104 68 41 2c.
1019 1104 112 40 Jan.
1160 1102 70 48 12,
1259 1100 143 47 1928;
1434 1099 84 41 aff.
1548 1100 114 41 Dec.
1692 1100 69 47 31,
1792 1099 143 48 1927;
1968 1100 42 39 A
2039 1099 230 47 1018337;
2303 1100 125 40 Boni

491 1166 37 41 &
558 1162 267 48 Liveright,
856 1161 93 41 inc.

418 1241 239 65 Briggs,
692 1240 186 65 Lloyd
912 1240 256 62 Vernon,
1206 1241 173 51 1863-

492 1314 1878 75 History and genealogy of the Cabot family, 1475-1927 …
421 1391 2011 76 by L. Vernon Briggs … Priv. print. Boston, C. E. Good-
422 1475 170 69 speed
619 1477 47 51 &
690 1492 99 51 co.,
819 1473 153 55 1927.

492 1556 28 40 2
546 1567 44 30 v.
648 1555 193 48 fronts.,
868 1556 173 48 plates,
1068 1556 165 48 ports.,
1261 1555 131 48 plan,
1420 1553 234 49 facsims.,
1683 1554 186 48 geneal.
1898 1553 113 49 tab.,
2039 1555 137 40 coats
2203 1552 54 42 of
2287 1563 147 32 arms.

422 1612 118 41 24ᶜᵐ.

493 1668 164 49 Paged
685 1667 358 49 continuously.

426 1721 52 52 ©
508 1726 114 41 Dec.
650 1725 70 48 24,
750 1724 142 48 1927;
924 1725 68 40 2c.
1021 1725 119 40 each
1170 1725 112 39 Jan.
1311 1724 70 48 16,
1411 1723 142 48 1928;
1586 1722 83 42 aff.
1700 1723 112 40 Jan.
1841 1723 84 48 14;
1959 1724 42 39 A
2029 1723 232 46 1018434;
2294 1724 52 40 L.
2377 1724 55 40 V.

492 1782 189 49 Briggs,
714 1783 199 40 Boston.
984 1780 253 50 (28-1989)

418 1862 265 63 Buchan,
714 1862 176 53 John.

492 1940 241 54 Francis
766 1939 408 54 Martendale’s
1207 1945 160 64 story
1398 1938 65 55 of
1496 1940 96 53 the
1625 1940 111 53 last
1768 1940 253 53 crusade.

503 2023 83 50 (In
614 2019 109 44 Pall
752 2019 124 45 Mall
907 2020 277 52 magazine,
1215 2019 129 52 Jan.,
1377 2020 145 50 1928)

426 2076 2005 54 © 1c. Jan. 14, 1928; A ad int. 10544; pubd. Dec. 6, 1927; J. Buchan,
495 2137 202 48 Oxford,
729 2138 239 47 England.

421 2215 346 55 California.
841 2218 187 67 Laws,
1063 2222 259 64 statutes,
1360 2223 101 49 etc.

495 2294 378 69 Supplement
907 2301 59 48 to
1001 2296 95 54 the
1133 2296 183 55 Codes
1352 2297 114 53 and
1501 2296 249 55 General
1784 2298 140 52 laws
1959 2296 65 55 of
2057 2298 97 53 the
2186 2302 147 49 state
2366 2297 67 55 of

425 2376 326 55 California
789 2376 67 54 of
895 2380 152 65 1923,
1084 2378 263 70 showing
1383 2378 97 53 the
1517 2378 246 69 changes
1802 2378 275 70 affecting
2113 2379 97 53 the
2250 2378 183 55 Codes

424 2460 113 53 and
578 2459 96 53 the
715 2459 247 55 General
1001 2460 139 53 laws
1178 2461 75 68 by
1292 2460 97 53 the
1427 2460 361 69 legislatures
1827 2459 66 54 of
1932 2462 135 51 1925
2107 2461 113 53 and
2265 2459 164 70 1927;

423 2541 120 53 also
583 2561 31 33 a
654 2542 427 69 chronological
1118 2543 154 52 table
1309 2541 264 70 showing
1612 2542 78 53 all
1729 2542 243 53 sections
2009 2540 67 55 of
2111 2542 96 53 the
2248 2541 185 55 Codes

424 2625 113 52 and
571 2624 78 53 all
682 2629 118 48 acts
833 2623 65 54 of
928 2625 97 52 the
1057 2624 248 54 General
1338 2625 141 54 laws
1511 2624 129 53 that
1670 2624 144 53 have
1846 2623 141 54 been
2020 2623 296 68 amended,
424 2642 1983 133 repealed

652 2726 64 34 or
744 2707 186 53 added
958 2707 153 54 since
1141 2710 154 65 1923,
1319 2708 78 68 by
1424 2707 195 55 James
1645 2707 78 53 H.
1754 2705 270 71 Deering.
2102 2705 118 56 San
424 2706 1984 150 Francisco,

626 2789 589 69 Bancroft-Whitney
1253 2807 301 51 company,
1594 2787 151 56 1927.

492 2876 132 47 xxvi,
648 2875 116 41 2446
786 2887 45 37 p.
891 2875 146 41 21½ᶜᵐ.

426 2930 52 53 ©
513 2935 114 40 Dec.
659 2934 70 48 27,
764 2933 143 47 1927;
943 2933 68 42 2c.
1046 2934 111 41 Jan.
1191 2933 70 49 10,
1296 2933 143 47 1928;
1477 2932 83 41 aff.
1595 2934 111 40 Jan.
1740 2932 54 42 9;
1831 2933 42 39 A
1906 2931 231 47 1018317;
2174 2930 260 41 Bancroft-

496 2991 231 47 Whitney
760 3001 69 30 co.
899 2989 253 51 (28-1685)

424 3070 346 63 Carpenter,
800 3069 280 55 Frederic
1107 3069 71 55 V.

495 3148 56 52 A
594 3147 195 54 sketch
831 3148 149 53 book
1024 3147 66 54 of
1131 3148 141 53 New
1317 3148 183 67 York,
1542 3147 78 70 by
1664 3146 273 55 Frederic
1979 3146 72 55 V.
2099 3146 336 69 Carpenter.

424 3226 259 63 Pelham,
708 3226 71 52 N.
807 3226 92 67 Y.,
924 3225 323 70 Bridgman
1322 3225 155 69 [ᶜ1927]

497 3306 654 49 62 p., 1 l. illus. 22½ᶜᵐ.
427 3359 52 53 ©
510 3365 115 47 May
654 3363 69 48 30,
755 3363 117 41 1927
888 3374 10 36 ;
928 3364 69 41 2c.
1027 3364 122 48 Aug.
1177 3365 83 47 26;
1293 3364 84 42 aff.
1409 3365 110 40 Jan.
1550 3364 70 48 10,
1652 3365 141 41 1928;
1826 3365 42 39 A
1899 3363 232 48 1018388;
2164 3364 270 44 Bridgman

495 3421 290 48 publishers.
857 3420 252 49 (28-1876)

424 3499 166 62 Carr,
620 3498 158 54 John
807 3499 262 63 Winder,
1102 3504 172 50 1894-

491 3578 239 54 Factors
779 3577 275 69 affecting
1102 3578 374 55 distribution
1527 3579 66 54 of
1641 3580 226 53 trained
1919 3578 255 54 teachers
2225 3597 210 49 among

422 3656 158 52 rural
607 3655 173 53 white
807 3656 348 68 elementary
1180 3656 220 54 schools
1427 3657 66 54 of
1518 3657 189 54 North
1736 3657 292 64 Carolina,
2054 3657 77 68 by
2157 3657 157 55 John
2342 3656 90 55 W.

422 3731 1987 149 Carr, jr. … New York city, Teachers college, Columbia university, 1927.
489 3892 1943 53 vi p., 1 l., 91 p. 23½ᶜᵐ. (Teachers college, Columbia university.
422 3949 369 42 Contributions
819 3954 49 38 to
896 3950 274 48 education,
1197 3962 77 30 no.
1300 3951 114 49 269)

495 4006 264 44 Published
786 4007 105 41 also
919 4017 56 32 as
1001 4007 155 42 thesis
1193 4008 16 49 (PH.
1383 4009 15 49 D.)
1435 4009 253 43 Columbia
1717 4010 289 50 university,
2034 4010 131 42 1927.
