2498 4384
1102 4099 135 50 1893

190 451 384 64 Ebermayer,
612 449 199 66 Erich,
852 455 170 49 1900-

253 529 201 53 Anton
484 528 60 53 in
573 527 303 67 Amerika;
911 546 201 34 roman
1139 527 147 53 nach
1317 526 288 54 Reinhold
1638 527 219 69 Solger,
1890 527 112 53 frei

185 528 1983 132 bearbeitet
387 625 112 34 von
529 606 177 53 Erich
739 606 365 68 Ebermayer.
1180 604 220 68 Berlin,
1430 604 57 54 J.
1520 604 81 53 M.
1637 604 236 69 Spaeth,
1905 607 152 51 1928.

253 687 696 50 3 p. l., 9-313, [1] p. 20 ᶜᵐ .
256 743 1935 49 “Völlig neu geschrieben … auch neue menschen gesellten sich zu dem
184 802 232 42 treiben.”

187 856 2002 52 © Apr. 11, 1928; 1c. July 18; A —Foreign 39644; J. M. Spaeth, verlag.
265 916 281 50 (28-29539)

185 994 361 63 Eddington,
581 993 235 53 Arthur
853 991 264 67 Stanley,
1157 998 171 49 1882-

255 1071 1872 70 The nature of the physical world, by A. S. Eddington …
183 1149 1985 149 The Gifford lectures, 1927. New York, The Macmillan company;
401 1227 365 71 Cambridge,
800 1229 168 69 Eng.,
998 1229 122 53 The
1151 1226 339 73 University
1521 1247 175 51 press,
1731 1231 150 50 1928.

250 1310 103 40 xvii
379 1322 58 37 p.,
463 1310 29 39 2
552 1341 8 11 l.,
587 1310 85 40 361
700 1321 43 37 p.
805 1309 180 48 diagrs.
1044 1310 147 41 22½ᶜᵐ.

185 1363 1675 53 © Nov. 27, 1928; 2c. and aff. Nov. 28; A 869; Macmillan co.
260 1423 281 50 (28-29137)

183 1487 356 65 Fitzgerald,
575 1487 263 54 Maurice
873 1487 295 64 O’Regan.

247 1567 122 53 The
414 1572 253 63 mystery
712 1565 66 54 of
823 1566 95 53 the
963 1566 254 53 haunted
1263 1566 174 69 wing,
1480 1567 115 52 and
1641 1567 163 53 other
1849 1568 221 68 stories,
2115 1568 75 71 by

178 1644 257 54 Maurice
476 1644 273 69 O’Regan
790 1645 352 69 Fitzgerald.
1218 1646 236 66 Boston,
1493 1645 193 68 Mass.,
1725 1645 122 53 The
1889 1644 302 56 Stratford

178 1739 279 52 company
492 1725 172 64 [1928]

248 1803 814 50 3 p. l., V p., 1 l., 229 p. 19½ ᶜᵐ .
591 1862 101 39 CONTENTS.—The
734 1863 218 46 mystery
995 1860 52 41 of
1089 1862 82 39 the
1215 1862 217 39 haunted
1479 1861 466 49 wing.—Galloping

179 1862 1995 98 O’Sullivan.—
422 1919 59 39 The
522 1919 186 39 recluse
747 1918 52 39 of
839 1918 82 40 the
963 1917 211 42 Galtees.
1190 1940 61 6 —
1268 1917 179 41 Gerald
1488 1918 237 40 Dhuv—a

1767 1918 217 49 princely
177 1919 1995 97 Geraldine.—The
496 1975 111 40 ruin
634 1985 61 30 on
722 1975 83 40 the
834 1976 151 39 Moor.

182 2028 51 53 ©
263 2032 119 41 Nov.
412 2032 69 49 16,
512 2032 141 47 1928;
684 2032 69 40 2c.
783 2032 119 41 Nov.
932 2032 82 47 17;
1046 2030 83 43 aff.
1160 2032 120 40 Nov.
1309 2032 85 47 20;
1425 2032 41 39 A
1496 2031 142 49 1823;

1675 2033 252 41 Stratford
1958 2043 82 37 co.,
248 2032 1921 98 publishers.
507 2089 282 49 (28-28678)

180 2154 160 65 Fleg,
374 2153 290 65 Edmond,
700 2155 173 54 1874-

255 2232 122 54 The
414 2232 105 53 life
556 2232 66 53 of
655 2232 206 67 Moses,
898 2232 75 69 by
1013 2232 271 53 Edmond
1323 2232 173 69 Fleg;
1536 2232 320 54 translated
1896 2232 155 53 from
2087 2234 98 52 the

186 2310 224 53 French
444 2311 76 68 by
555 2309 254 69 Stephen
843 2310 211 52 Haden
1088 2308 197 56 Guest.
1356 2310 139 53 New
1533 2309 182 69 York,
1751 2309 68 54 E.
1855 2311 67 53 P.
1959 2312 227 53 Dutton

183 2387 536 70 & co., inc. [ ᶜ192 8]
251 2469 452 49 xii, 276 p. 21 ᶜᵐ .
180 2523 51 53 ©
263 2529 119 40 Nov.
412 2527 39 48 9,
484 2527 117 40 1928;
656 2527 69 40 2c.
754 2527 120 41 Nov.
903 2526 82 48 10;
1019 2525 84 43 aff.
1132 2527 120 41 Nov.
1281 2527 85 48 26;
1398 2528 41 39 A
1469 2527 142 49 1947;
1646 2529 54 41 E.
1730 2529 52 41 P.
1814 2528 188 41 Dutton
2034 2533 38 41 &
2102 2541 82 39 co.,

246 2584 93 42 inc.
404 2583 282 50 (28-29464)

176 2648 310 65 Forgione,
518 2648 199 55 Louis.

173 2726 1990 133 The men of silence, by Louis Forgione … with an introduction
333 2805 76 69 by
450 2806 224 54 Walter
711 2805 332 53 Littlefield.
1120 2806 140 52 New
1301 2805 181 68 York,
1523 2807 67 51 E.
1631 2807 64 51 P.
1738 2807 225 52 Dutton
2003 2809 46 50 &
2089 2825 99 51 co.,

173 2883 336 67 inc. [ ᶜ192 8 ]
347 2997 9 17 xxv,
384 2965 87 41 323
499 2976 43 37 p.
602 2965 147 41 19½ᶜᵐ.

178 3019 52 52 ©
261 3023 118 40 Nov.
410 3023 40 48 9,
481 3023 141 47 1928;
654 3023 68 39 2c.
752 3022 119 40 Nov.
901 3022 83 47 10;
1017 3021 83 42 aff.
1130 3022 120 40 Nov.
1279 3022 84 47 26;
1396 3022 42 40 A
1468 3022 142 49 1948;
1644 3025 53 39 E.
1729 3023 51 41 P.
1811 3023 190 40 Dutton
2033 3024 38 40 &
2100 3035 83 37 co.,

244 3079 93 41 inc.
402 3078 282 51 (29-29233)

174 3144 304 64 Franklin,
506 3145 340 65 Benjamin,
874 3145 327 55 1706-1790.

242 3225 153 51 Poor
444 3224 302 53 Richard’s
795 3224 328 67 almanack;
1172 3223 174 70 being
1393 3223 96 53 the
1538 3223 328 54 almanacks
1916 3224 65 53 of
2031 3224 156 69 1733,

176 3302 151 68 1749,
364 3302 153 67 1756,
555 3301 152 68 1757,
747 3301 152 69 1758,
932 3301 126 54 first
1092 3301 233 53 written
1360 3302 183 52 under
1578 3301 96 54 the
1710 3320 165 35 name
1912 3301 64 53 of

174 3302 1986 132 Richard
326 3379 308 68 Saunders,
676 3381 75 68 by
796 3379 309 69 Benjamin
1148 3379 316 69 Franklin;
1511 3379 142 53 with
1699 3399 31 33 a
1777 3378 289 55 foreword
2110 3378 76 72 by

172 3458 254 68 Phillips
454 3458 243 67 Russell,
726 3477 31 33 a
786 3457 231 69 preface
1043 3459 76 68 by
1147 3457 97 54 the
1273 3458 342 68 publishers,
1641 3457 97 53 the
1767 3458 330 54 almanacks
2124 3458 61 53 in

173 3535 326 69 fac-simile,
528 3536 217 53 certain
777 3541 122 47 text
928 3541 84 48 set
1040 3554 79 49 up
1150 3536 61 51 in
1242 3541 154 63 type,
1428 3536 114 52 and

1572 3554 305 35 numerous
1907 3536 114 53 and
172 3554 1991 129 sundry
326 3614 383 54 illustrations
756 3615 113 52 and
915 3614 500 54 embellishments.
1489 3613 235 55 Garden
1772 3613 153 69 City,
1970 3613 70 53 N.
2093 3613 92 68 Y.,

172 3693 357 68 Doubleday,
562 3693 200 52 Doran
799 3692 114 52 and
946 3709 301 51 company,
1280 3691 129 68 inc.,
1444 3694 152 50 1928.

241 3773 1407 51 xxiii, 55, [58] p. incl. front. (port.) facsims. 24 ᶜᵐ .
244 3831 313 41 Facsimiles;
591 3831 82 49 [58]
706 3842 43 37 p.
778 3832 53 39 at
858 3832 107 40 end.

242 3889 116 40 Also
386 3889 165 40 issued
580 3889 50 39 in
659 3888 115 40 1928
802 3888 29 39 by
892 3887 284 49 Rimington
1206 3891 37 41 &
1271 3888 210 47 Hooper.

177 3941 51 54 ©
257 3945 102 42 Oct.
385 3945 70 49 19,
483 3945 142 43 1928;
652 3945 68 41 2c.
748 3947 95 40 and
871 3944 82 42 aff.
980 3945 119 41 Nov.
1126 3945 83 48 14;
1239 3944 41 39 A
1306 3943 110 44 586;
1448 3943 284 50 Rimington
1761 3944 36 40 &
1824 3945 209 47 Hooper,
2063 3943 118 39 New

244 4004 144 39 York.
449 3998 68 55 [©
547 4002 199 49 editing]
816 4002 281 49 (28-28608)
