2498 4384
1072 4059 136 52 1335

148 401 292 62 Simpson,
475 399 173 53 John.

216 480 121 52 The
362 481 110 51 law
499 479 249 67 relating
772 484 59 46 to
859 475 344 54 automobile
1230 475 317 67 insurance,
1573 473 76 70 by
1674 473 156 54 John
1863 471 286 69 Simpson.

148 557 72 53 2d
249 557 85 52 ed.
410 556 139 53 New
581 555 180 67 York,
791 555 122 53 The
944 555 243 51 Eastern
1216 551 382 54 underwriter
1628 570 98 48 co.,
1758 553 150 50 1928.

219 637 103 48 xiii,
353 638 87 39 477
471 646 43 39 p.
574 635 118 42 22ᶜᵐ.

150 706 53 52 ©
240 710 129 47 Sept.
403 709 69 42 10,
510 708 139 46 1928;
687 708 67 41 2c.
790 709 96 38 and
922 707 83 41 aff.
1044 708 128 48 Sept.
1207 706 85 48 12;
1329 706 41 40 A
1404 705 232 48 1054263;
1674 706 44 41 J.
1758 705 236 48 Simpson,
2031 704 120 42 New

220 767 142 40 York.
434 764 280 50 (28-21431)

147 861 190 63 Slack,
369 859 203 53 Elvira
601 859 35 54 J
924 863 170 50 1880-
1235 877 178 50 comp.

216 937 199 56 Christ
453 938 60 52 in
552 938 95 53 the
687 943 202 62 poetry
928 936 65 53 of
1030 937 205 67 today;
1276 955 72 33 an
1388 936 314 68 anthology
1741 934 65 53 of
1842 934 310 53 American

143 1034 174 50 verse,
363 1015 283 69 compiled
692 1015 112 52 and
850 1014 376 53 reassembled
1272 1015 75 68 by
1393 1013 202 53 Elvira
1645 1012 189 68 Slack,
1880 1012 153 53 from
2081 1031 72 34 an

145 1094 315 69 anthology
508 1093 323 69 originated
880 1092 75 69 by
1002 1092 235 53 Martha
1287 1092 178 53 Foote
1515 1090 183 56 Crow.
1783 1091 139 52 New
1972 1090 181 68 York,

145 1172 842 67 The Womans press [ ᶜ1 928 ]
213 1256 86 40 287
329 1267 42 37 p.
431 1255 116 40 20ᶜᵐ.

152 1321 51 53 ©
238 1326 119 45 Aug.
391 1325 70 47 31,
495 1324 140 45 1928;
672 1324 67 41 2c.
775 1324 96 39 and
906 1322 82 42 aff.
1027 1323 127 47 Sept.
1235 1333 9 31 8;
1282 1323 40 39 A
1358 1323 230 45 1054154;
1627 1322 130 42 Natl,
1794 1323 149 40 board
1981 1321 51 41 of
2070 1323 80 40 the

220 1383 169 41 Young
419 1380 224 40 women’s
674 1380 252 41 Christian
955 1379 324 40 associations
1309 1380 51 39 of
1391 1380 80 40 the
1504 1379 179 41 United
1715 1379 163 40 States
1909 1379 50 41 of
218 1379 1918 106 America,
338 1439 117 38 New
485 1438 145 39 York.
702 1436 280 49 (28-21397)

146 1531 213 63 Smith,
389 1531 228 53 Gilbert
646 1531 270 63 Morgan,
948 1534 168 49 1885-

212 1608 1942 70 A textbook of general botany, by Gilbert M. Smith … James
142 1689 65 51 B.
240 1687 274 66 Overton,
547 1688 254 52 Edward
831 1688 79 51 M.
944 1687 243 67 Gilbert,
1219 1687 200 52 Rollin
1449 1688 78 51 H.
1559 1686 341 68 Denniston,
1929 1686 224 69 George

145 1763 2008 71 S. Bryan, and Charles E. Allen … Rev. ed. New York,
141 1844 120 53 The
287 1843 338 53 Macmillan
650 1861 299 50 company,
977 1845 151 50 1928.

244 1924 1456 49 x p., 1 l., 539 p. front., illus., ports., diagrs. 22½ᶜᵐ.
149 1977 1811 53 © Sept. 11, 1928; 2c. and aff. Sept. 13; A 1054295; Macmillan co.
225 2039 282 50 (28-21550)

139 2132 215 63 Smith,
392 2133 178 63 Reed,
610 2138 171 49 1881-

214 2209 183 56 South
433 2210 269 55 Carolina
734 2211 241 68 ballads,
1006 2211 141 52 with
1178 2230 32 33 a
1241 2211 173 68 study
1442 2210 65 53 of
1536 2210 97 53 the
1662 2210 341 53 traditional
141 2209 1986 132 ballad

271 2289 219 69 to-day,
527 2289 268 53 collected
831 2290 113 52 and
981 2290 189 52 edited
1204 2289 77 69 by
1316 2289 155 53 Reed
1509 2287 207 56 Smith.
1788 2287 366 71 Cambridge,

141 2366 276 55 Harvard
446 2367 321 69 university
796 2385 175 51 press,
1002 2369 150 52 1928.

243 2451 708 49 x p., 2 l., [3]-174 p. 24½ᶜᵐ.
210 2507 237 42 Contains
477 2508 167 41 music.

210 2565 380 48 Bibliography:
621 2566 24 38 1
676 2565 103 40 leaf
806 2564 255 45 following
1089 2575 43 37 p.
1162 2576 46 28 x.

149 2617 52 53 ©
234 2621 128 49 Sept.
393 2623 40 46 1,
464 2622 141 47 1928;
636 2622 69 40 2c.
738 2622 129 47 Sept.
896 2621 54 47 4;
983 2621 83 41 aff.
1099 2622 129 47 Sept.
1260 2620 83 48 10;
1374 2620 42 40 A
1446 2620 229 48 1054188;
1711 2620 257 40 President
1999 2621 36 39 &
213 2620 1921 99 fellows

365 2679 52 40 of
448 2679 231 39 Harvard
712 2679 192 47 college,
939 2677 304 49 Cambridge,
1278 2679 148 39 Mass.
1497 2677 282 49 (28-21394)

143 2772 216 64 Smith,
390 2772 257 55 William
677 2772 222 53 Robert
930 2772 135 54 Lee.

218 2848 1869 72 The story of the Cherokees … by Dr. W. R. L. Smith …
148 2927 329 67 Cleveland,
507 2929 197 66 Tenn.,
732 2929 123 53 The
888 2928 231 55 Church
1150 2927 66 55 of
1245 2927 129 57 God
1406 2928 135 70 pub.
1569 2929 195 68 house,
1793 2931 153 52 1928.

215 3011 85 40 229
331 3021 44 37 p.
436 3012 171 47 plates,
640 3012 150 48 ports.
849 3011 119 42 23ᶜᵐ.

216 3067 392 41 “Authorities”;
637 3079 43 37 p.
712 3068 55 50 [4]

147 3120 51 53 ©
233 3125 128 40 June
390 3126 71 47 30,
494 3125 141 48 1928;
669 3127 69 40 2c.
774 3127 128 47 Sept.
935 3127 52 46 8;
1023 3125 83 41 aff.
1141 3127 130 48 Sept.
1305 3127 53 48 7;
1394 3127 40 39 A
1466 3127 230 48 1053218;
1734 3126 193 42 Church
1962 3128 51 39 of
2047 3127 104 42 God

213 3183 110 47 pub.
353 3183 166 40 house.
590 3183 281 48 (28-21232)

139 3275 263 64 Spector,
433 3275 190 53 Pearl.

209 3352 122 54 The
368 3353 174 53 white
579 3354 185 67 cloud,
802 3355 113 52 and
954 3354 162 53 other
1154 3373 381 51 poem-songs,
1570 3356 76 69 by
1681 3357 170 52 Pearl
1893 3355 255 70 Spector.

139 3430 1237 70 New York, The Avondale press [ ᶜ1 928]
206 3513 845 50 vii, 62 p. front. (port.) 20ᶜᵐ.
207 3571 228 40 Lettered
466 3582 59 29 on
556 3582 167 29 cover:
756 3572 104 40 The
888 3575 220 44 ten-year
1136 3573 76 39 old
1245 3574 194 39 author.

145 3623 2004 55 © Sept. 8, 1928; 2c. and aff. Sept. 10; A 1054215; Nathan Spector, New
212 3684 145 40 York.
429 3682 281 50 (28-21395)

140 3776 218 64 Storm,
389 3776 253 55 Marian.

207 3855 1942 73 The gallant came late, by Marian Storm … New York,
135 3932 259 57 London,
422 3934 67 55 G.
519 3935 64 52 P.
613 3934 298 54 Putnam’s
937 3953 147 45 sons,
1114 3938 151 51 1928.
