2498 4384
1267 4091 103 50 436

317 445 85 50 De
431 442 204 62 Witte,
663 441 237 53 Ysabel.

317 516 1980 135 The wolf cub, by Ysabel De Witte … London, J. Hamilton
451 599 103 51 ltd.
597 600 171 64 [1928]

390 677 538 51 3 p. l. , 9-320 p. 19 ᶜᵐ.
323 732 1997 52 © 1c. Feb. 24, 1928; A ad int. 10676; pubd. Feb. 16; John Hamilton,
390 794 87 40 ltd.
548 791 250 51 (28-9058)

314 873 342 62 Dickinson,
690 872 259 53 Thomas
982 871 279 64 Herbert,
1299 871 170 54 1877-

390 952 121 52 The
546 951 250 68 portrait
827 950 64 53 of
925 969 30 33 a
988 969 134 33 man
1155 968 60 35 as
1249 968 299 51 governor,
1580 951 76 67 by
1689 950 249 52 Thomas
1970 950 77 52 H.
319 949 1978 148 Dickinson,

466 1030 140 51 with
636 1048 35 33 a
699 1028 286 53 foreword
1015 1029 76 68 by
1121 1028 223 69 George
1376 1029 201 52 Foster
1609 1028 287 67 Peabody.
1972 1029 139 52 New
2144 1029 179 66 York,

319 1110 122 51 The
473 1107 337 53 Macmillan
840 1126 299 49 company,
1172 1110 151 49 1928.

389 1191 70 38 vii
488 1201 58 37 p.,
580 1191 18 37 1
659 1221 22 14 l.,
713 1190 55 40 37
801 1200 43 37 p.
905 1189 55 40 19½ᶜᵐ.

323 1244 51 52 ©
405 1250 123 38 Mar.
556 1249 57 38 27,
658 1247 113 40 1928;
829 1247 68 41 2c.
927 1248 97 39 and
1053 1246 83 41 aff.
1166 1249 125 38 Mar.
1320 1247 59 40 28;
1436 1246 42 40 A
1506 1247 202 41 1068622;
1770 1247 284 40 Macmillan
2084 1258 69 29 co.

401 1304 251 49 (28-8900)

316 1385 246 62 Easton,
593 1384 230 53 Burton
856 1384 187 63 Scott,
1078 1382 172 55 1877-

388 1460 1873 70 The gospel before the Gospels, by Burton Scott Easton …
319 1540 138 53 New
488 1539 180 67 York,
699 1538 63 55 C.
797 1537 314 56 Scribner’s
1142 1556 149 50 sons,
1324 1542 150 50 1928.

387 1621 538 50 5 p. l. , 3-170 p. 19½ᶜᵐ.
389 1680 183 39 “These
611 1680 210 39 lectures
862 1689 126 29 were
1028 1678 143 49 given
1209 1689 61 30 on
1309 1679 83 40 the
1432 1678 184 49 Bishop
1654 1679 229 40 Paddock
1921 1678 308 49 foundation,
2269 1681 52 39 at

320 1737 79 39 the
438 1735 208 41 General
686 1734 291 49 theological
1016 1734 261 49 seminary,
1315 1735 118 39 New
1470 1735 131 40 York
1637 1734 113 49 city,
1788 1735 52 39 in
1876 1735 278 48 December,
2193 1735 128 44 1927,

349 1804 22 29 as
399 1794 84 39 the
513 1792 150 40 series
693 1792 80 40 for
804 1791 305 41 1927-1928.”

389 1848 445 49 “Bibliographical
867 1847 174 41 index”:
1106 1858 44 38 p.
1183 1847 219 41 165-170.

323 1901 51 52 ©
409 1907 124 38 Mar.
564 1905 40 41 2.
638 1904 141 46 1928;
814 1905 68 40 2c.
917 1905 123 39 Mar.
1073 1904 82 46 22;
1192 1903 84 41 aff.
1310 1905 123 40 Mar.
1466 1903 83 48 20;
1586 1904 41 38 A
1660 1904 230 47 1069379;
1929 1904 203 40 Charles
389 1904 1916 98 Scribner’s

550 1972 126 30 sons.
746 1960 252 50 (28-8770)

316 2042 226 63 Fillion,
578 2043 180 52 Louis
794 2042 236 64 Claude,
1071 2045 172 50 1843-

387 2120 123 54 The
545 2119 107 54 life
685 2120 65 53 of
785 2120 215 68 Christ,
1034 2139 32 33 a
1101 2119 316 68 historical,
1451 2120 241 67 critical,
1727 2121 113 53 and
1877 2121 321 69 apologetic
317 2139 1982 127 exposition,

622 2196 1699 71 by the Rev. L. C. Fillion … translated by the Rev.
320 2277 243 52 Newton
590 2278 350 66 Thompson,
998 2319 9 8 S.
1073 2319 9 9 T.
1148 2319 9 9 D.
1247 2296 50 33 [v.
1329 2281 46 62 1]
1447 2275 82 55 St.
1558 2277 194 67 Louis,
1778 2278 115 51 Mo.
1923 2278 115 52 and
2066 2278 259 66 London,

319 2356 67 52 B.
418 2356 228 52 Herder
673 2354 148 54 book
850 2374 99 48 co.,
981 2358 150 50 1928.

387 2438 97 47 xvi,
518 2438 85 40 647
635 2448 45 38 p.
738 2437 56 41 23½ᶜᵐ.

321 2491 52 52 ©
401 2496 124 40 Mar.
552 2494 69 48 23,
649 2494 118 40 1928;
819 2495 69 39 2c.
915 2495 96 39 and
1038 2494 84 41 aff.
1150 2497 124 38 Mar.
1299 2494 85 47 26;
1413 2495 41 38 A
1482 2494 202 41 1088589;
1743 2497 54 39 B.
1826 2497 190 39 Herder
2045 2497 124 39 book
2197 2507 68 31 co.

403 2551 252 49 (28-8766)

315 2630 261 62 Fischer,
611 2629 197 64 Louis,
847 2634 171 50 1864-

387 2711 121 51 The
537 2710 350 52 health-care
916 2709 64 53 of
1008 2710 96 52 the
1132 2710 178 68 baby;
1343 2729 31 33 a
1405 2711 306 52 handbook
1741 2713 111 51 and
1885 2711 235 71 feeding
2150 2714 172 68 guide

323 2787 1997 71 for physicians, mothers, and nurses, by Louis Fischer … two
319 2866 262 53 hundred
624 2867 113 52 and
778 2866 267 53 thirtieth
1086 2867 302 52 thousand.
1467 2867 131 53 17th
1640 2869 105 64 ed.,
1785 2887 114 34 rev.
1975 2870 140 52 New
2159 2871 164 51 York

319 2945 112 52 and
467 2945 259 66 London,
761 2945 171 52 Funk
968 2947 44 49 &
1046 2946 300 67 Wagnalls
1382 2964 298 49 company,
1720 2949 150 50 1928.

388 3027 1589 48 xix, 248 p. front., illus., plates, fold. diagr., forms. 19 ᶜᵐ.
322 3079 51 52 ©
402 3084 123 40 Mar.
550 3084 70 46 21,
648 3084 115 40 1928;
818 3085 68 40 2c.
913 3085 96 39 and
1036 3084 82 41 aff.
1147 3086 124 39 Mar.
1297 3085 56 39 23;
1409 3086 41 38 A
1478 3085 202 41 1069477;
1739 3087 141 39 Funk
1908 3088 36 40 &
1971 3088 252 48 Wagnalls
2253 3100 67 29 co.

402 3140 251 49 (28-8907)

312 3206 308 62 Freeman,
652 3206 258 54 Richard
944 3206 238 64 Austin,
1220 3211 172 49 1862-

316 3282 1975 146 A certain Dr. Thorndyke, by R. Austin Freeman … London,
479 3361 242 53 Hodder
756 3363 112 51 and
905 3360 328 71 Stoughton
1274 3365 172 65 [1927]

384 3444 277 48 310 p. 19 ᶜᵐ.
319 3496 1996 59 © 1c. Dec. 15, 1927; A ad int. 10392; pub. Oct. 18; Dodd, Mead & co.,
390 3557 105 48 inc.,
528 3557 117 40 New
675 3558 145 40 York.
890 3558 251 48 (28-9061)

313 3620 228 64 Gilkey,
577 3621 248 54 Charles
856 3622 300 65 Whitney,
1195 3627 171 50 1882-

386 3699 1870 76 Present-day dilemmas in religion, by Charles W. Gilkey …
317 3776 316 68 Nashville,
661 3777 197 68 Tenn.,
889 3777 330 71 Cokesbury
1250 3798 174 49 press,
1457 3784 149 50 1928.

314 3858 1985 97 xi, 180 p. 19 ᶜᵐ. (Half-title: The Cole lectures for 1927 delivered before
451 3915 287 41 Vanderbilt
766 3916 296 49 university)

319 3967 51 53 ©
404 3973 112 40 Feb.
546 3973 27 39 4,
620 3972 140 46 1928;
793 3974 69 40 2c.
894 3975 95 40 and
1023 3975 82 44 aff.
1139 3977 122 40 Mar.
1294 3977 82 45 21;
1411 3977 42 40 A
1484 3977 229 49 1069370;
1750 3979 178 44 Lamar
1962 3980 35 42 &
2029 3981 284 51 Whitmore,

385 4029 268 45 Nashville.
724 4031 250 51 (28-8828)
