2498 4384
1037 4072 134 54 1371

117 498 200 68 fantry
355 498 358 67 association,
752 498 403 70 Washington,
1193 499 73 52 D.
1309 498 62 55 C.
1446 497 342 69 Annapolis,
1826 498 141 68 Md.,
114 499 1982 130 National

330 575 1132 70 service publishing company [ ᶜ1 928]
182 659 99 48 viii,
312 659 83 40 611
427 670 43 37 p.
530 659 143 47 illus.,
704 659 179 48 diagrs.
943 659 56 41 23½ᶜᵐ.

184 727 242 41 “Seventh
454 727 198 47 edition,
682 727 203 48 August,
917 727 157 41 1928.”

184 784 142 42 Sixth
357 783 198 49 edition,
587 783 256 49 published
874 783 128 44 1927.
1034 785 89 40 has
1155 784 109 41 title:
1325 783 144 42 Basic
1498 794 184 36 course,
1711 783 239 49 infantry.

184 841 145 40 “This
354 842 191 39 volume
572 842 89 39 has
687 842 119 39 been
831 841 257 48 published
1115 844 49 37 to
1191 841 201 48 provide
1418 851 64 30 an
1507 842 269 46 up-to-date
1803 841 314 47 compilation

111 898 52 40 of
193 899 80 39 the
303 898 119 40 War
451 898 308 47 department
790 896 218 49 training
1038 897 303 48 regulations
1372 897 226 48 covering
1628 898 81 39 the
1739 897 133 40 basic
1901 898 217 47 subjects

110 953 2007 49 for infantry training … This volume is an exact reproduction of the
110 1008 2008 51 Training regulations prescribed for the basic R. O. T. C. course … In
109 1078 136 29 cases
282 1067 162 40 where
483 1078 61 29 no
583 1066 218 49 training
839 1065 302 48 regulations
1179 1065 228 49 covering
1444 1076 26 29 a
1510 1076 170 29 course
1719 1066 123 39 have
1880 1068 81 45 yet
1997 1066 121 39 been

109 1123 268 49 published,
414 1124 82 39 the
531 1123 227 40 material
791 1122 43 41 is
866 1132 64 30 an
963 1125 143 37 exact
1139 1122 190 48 reprint
1361 1122 128 40 from
1524 1122 83 39 the
1640 1122 55 40 R.
1729 1122 52 41 O.
1815 1123 52 39 T.
1902 1121 51 41 C.
109 1132 1992 89 manual.”—Pref.

113 1246 51 52 ©
192 1250 128 47 Sept.
345 1250 39 47 1,
410 1249 116 41 1928;
577 1250 68 40 2c.
673 1249 129 48 Sept.
826 1249 57 39 14;
937 1247 83 42 aff.
1047 1247 129 49 Sept.
1202 1248 60 39 15;
1312 1248 42 39 A
1378 1247 203 41 1054321;
1637 1248 116 41 Natl.
1795 1247 187 42 service
2006 1248 111 48 pub.

179 1317 67 30 co.
317 1305 282 49 (28-21534)

110 1401 56 52 A
198 1399 363 53 Bookfellow
596 1400 329 66 anthology.
1004 1401 150 51 1928.
1233 1398 253 68 Chicago
1527 1401 173 65 [1928]

177 1483 84 42 185
291 1495 44 38 p.
395 1483 60 42 20½ᶜᵐ.

111 1549 51 52 ©
195 1552 103 41 Oct.
327 1553 41 48 2,
400 1552 120 41 1928;
577 1553 67 41 2c.
678 1552 103 41 Oct.
813 1552 27 41 6;
900 1551 83 42 aff.
1017 1552 103 41 Oct.
1152 1551 27 40 5;
1241 1552 42 39 A
1315 1550 204 42 1054783;
1582 1552 144 41 Flora
1762 1552 207 41 Warren
177 1552 1920 105 Seymour,

362 1608 226 50 Chicago.

111 1702 210 65 Booth,
354 1703 209 63 Henry
593 1702 269 54 Kendall.

177 1781 121 52 The
326 1780 373 69 background
727 1780 66 54 of
819 1780 98 53 the
944 1779 195 68 Bible;
1172 1800 31 33 a
1231 1780 310 53 handbook
1567 1779 65 53 of
1660 1780 249 53 Biblical
107 1780 1985 146 introduction,

106 1858 1987 146 by Henry Kendall Booth … New York, C. Scribner’s sons, 1928.
240 2019 1170 49 xv p., 1 l., 281 p. pl., maps (part fold.) 20½ ᶜᵐ.
176 2089 236 42 Contains
443 2089 396 48 bibliographies.

110 2155 51 52 ©
195 2159 127 48 Sept.
352 2160 41 47 4,
427 2158 118 42 1928;
601 2159 68 40 2c.
704 2158 129 49 Sept.
865 2158 56 40 18;
982 2157 83 41 aff.
1100 2158 129 48 Sept.
1262 2158 58 40 15;
1379 2158 42 40 A
1452 2158 204 42 1053319;
1719 2160 204 41 Charles
173 2160 1922 96 Scribner’s
329 2227 128 29 sons.
528 2214 282 51 (28-21661)

106 2310 223 64 Bower,
364 2310 254 54 Marian.

176 2387 1942 71 Gotobedde lane, by Marian Bower … London, Mills & Boon
106 2467 220 54 limited
385 2470 153 64 [1928]

174 2550 430 48 vii, 8-366 p. 20 ᶜᵐ.
109 2617 1988 53 © 1c. Sept. 18, 1928; A ad int. 11681; pubd. July 20; Bobbs-Merrill co.
174 2677 352 49 Indianapolis.
597 2677 282 50 (28-22774)

105 2772 119 52 The
246 2771 128 63 Boy
396 2778 187 48 scouts
604 2791 136 50 year
762 2772 150 54 book
941 2774 172 65 [1928]
1179 2773 109 53 Ed.
1310 2773 76 68 by
1407 2772 286 54 Franklin
1713 2773 75 53 K.
1809 2773 308 54 Mathiews

236 2849 1880 90 … Profusely illustrated by Harold Anderson, J. Bozen, Bob
176 2927 154 52 Fink
377 2928 114 52 [and
514 2928 209 66 others]
789 2929 316 52 Published
1132 2928 95 53 for
1251 2929 97 52 the
1374 2930 128 68 Boy
1556 2934 157 48 couts
1738 2929 67 53 of
1829 2929 285 54 America.

177 3005 1743 71 New York, London, D. Appleton and company [ ᶜ1 928]
174 3086 1108 52 239, [1] p. incl. front. illus., plates. 26 ᶜᵐ.
109 3152 51 52 ©
189 3157 126 47 Sept.
340 3157 70 49 27,
435 3157 116 41 1928;
604 3159 69 41 2c.
699 3160 96 39 and
821 3159 83 42 aff.
932 3159 103 41 Oct.
1059 3159 27 39 2;
1140 3159 43 41 A
1207 3159 207 42 1054749;
1469 3160 58 41 D.
1553 3160 241 50 Appleton
1822 3165 37 41 &
1883 3172 69 30 co.

105 3263 262 67 Broster,
405 3266 277 65 Dorothy
716 3267 316 55 Kathleen.

175 3343 122 53 The
323 3344 163 54 heart
517 3350 58 48 at
604 3364 135 34 war.
815 3345 163 71 chap.
1012 3350 47 50 6.

184 3425 82 48 (In
293 3423 192 44 British
515 3425 217 53 weekly)

109 3491 1988 103 © 1c. Oct. 12, 1928; A ad int. 11773; pubd. Aug. 16; D. K. Broster, London.
105 3643 245 66 Burton,
386 3647 274 55 Beatrice
692 3649 220 65 Payne,
951 3655 169 50 1894-

176 3723 119 53 The
326 3725 151 54 little
508 3728 205 66 yellow
744 3728 192 68 house,
968 3730 76 69 by
1076 3732 264 53 Beatrice
1375 3733 242 52 Burton.
1694 3733 233 55 Garden
1963 3732 154 70 City,

109 3800 66 52 N.
207 3801 89 67 Y.,
323 3802 358 71 Doubleday,
707 3807 200 52 Doran
938 3808 114 52 and
1082 3827 302 51 company,
1412 3811 128 67 inc.,
1569 3813 151 51 1928.

176 3884 27 38 4
223 3894 43 37 p.
323 3916 8 16 l.,
353 3885 89 40 310
461 3897 40 37 p.
564 3887 58 40 19½ᶜᵐ.

110 3947 51 53 ©
190 3953 114 49 July
330 3955 69 49 27,
428 3956 116 42 1928;
600 3959 67 41 2c.
698 3961 95 39 and
823 3959 83 42 aff.
937 3961 130 49 Sept.
1095 3962 56 40 14;
1209 3963 43 40 A
1281 3962 204 43 1053367;
1545 3964 303 54 Doubleday,
1879 3965 170 43 Doran
2080 3964 36 42 &

177 4020 81 38 co.,
287 4011 90 43 inc.
449 4013 281 53 (28-21584)
