2498 4384
1086 4117 138 50 2093

168 450 325 62 Christian,
527 450 207 62 Henry
766 449 261 64 Asbury,
1064 451 172 52 1876-

298 524 1878 72 … The diagnosis and treatment of diseases of the heart, by
166 603 2010 71 Henry A. Christian … New York [etc.] Oxford university
164 685 390 66 press [ ᶜ19 28]
235 762 1772 51 2 p. l., iii—vi, 355 p. diagrs. 25½ ᶜᵐ. (Oxford monographs on
163 763 1997 105 diagnosis and treatment … vol. III)
234 878 289 40 Loose-leaf.

234 934 282 41 Half-title:
553 934 188 41 Oxford
774 933 209 41 medical
1015 933 344 49 publications.

235 990 353 49 Bibliography
618 993 51 38 at
697 991 93 39 end
819 990 50 40 of
896 992 127 38 most
1052 990 52 40 of
1134 991 81 39 the
1246 990 242 48 chapters.

163 1045 2010 53 © Dec. 24, 1928; 2c. and aff. Dec. 27; A 3354; Oxford university press,
229 1106 119 39 New
374 1105 146 48 York,
550 1104 92 42 inc.
710 1104 223 50 (29-370)

163 1199 237 55 Church
429 1199 64 52 of
522 1199 205 54 Christ
764 1198 338 65 (Holiness)
1137 1199 71 54 U.
1237 1198 59 56 S.
1325 1199 72 55 A.

226 1277 243 53 Manual
504 1277 64 52 of
599 1276 96 54 the
729 1277 242 68 history,
1007 1277 277 67 doctrine,
1317 1282 393 64 government,
1745 1279 114 52 and
1896 1279 179 52 ritual
2111 1279 66 53 of

157 1356 96 53 the
288 1355 231 55 Church
554 1355 65 53 of
653 1354 200 55 Christ
895 1354 327 70 (Holiness)
1269 1356 71 54 U.
1380 1354 56 56 S.
1472 1354 70 54 A.
1618 1359 150 50 1926.
1842 1357 153 52 True
156 1356 1993 131 holiness.
374 1438 86 49 1st
496 1434 84 53 ed.
654 1432 270 69 Norfolk,
961 1434 126 67 Va.,
1124 1432 190 56 Guide

1350 1434 340 70 publishing
1727 1452 301 53 company,
2065 1436 109 53 inc.

161 1516 193 64 [ ᶜ19 28]
225 1595 255 49 83 p. 16 ᶜᵐ.
160 1648 52 52 ©
241 1653 115 48 Apr.
384 1652 42 48 2,
455 1652 115 41 1928;
628 1652 69 40 2c.
726 1652 96 39 and
852 1651 84 42 aff.
966 1652 115 47 May
1110 1652 26 40 8;
1195 1651 42 39 A
1266 1651 204 42 1077147;
1532 1651 194 42 Church
1758 1652 51 41 of
1841 1651 167 42 Christ
227 1654 1928 103 Holiness,
379 1709 228 47 Jackson,
636 1708 136 42 Miss.

156 1804 229 64 Clarke,
426 1802 193 54 Isabel
658 1803 351 54 Constance.

226 1881 1949 71 Strangers of Rome, a novel, by Isabel C. Clarke … New
157 1961 179 68 York,
359 1960 350 70 Longmans,
735 1960 188 55 Green
950 1961 114 53 and
1090 1979 98 50 co.,
1216 1964 151 50 1928.

224 2044 582 49 vii p., 1 l., 372 p. 19½ᶜᵐ.
158 2098 1904 53 © Oct. 17, 1928; 2c. and aff. Oct. 31; A 315; Longmans, Green & co.
236 2157 282 50 (28-25177)

158 2255 340 54 Commerce
530 2253 263 64 clearing
823 2253 205 55 house.

226 2336 134 50 1928
403 2330 223 55 federal
667 2332 219 53 income
929 2336 99 48 tax
1070 2332 155 52 laws.
1305 2332 207 70 Digest
1555 2332 66 53 of
1661 2351 125 34 new
1829 2333 342 69 provisions.

151 2411 364 68 Milwaukee,
546 2411 160 53 First
737 2411 326 54 Wisconsin
1095 2411 263 53 national
1390 2411 155 53 bank
1585 2415 172 64 [1928]

224 2494 570 49 cover-title, 32 p. 22½ ᶜᵐ.
157 2548 52 52 ©
239 2552 126 40 June
393 2552 71 48 21,
494 2550 141 48 1928;
667 2552 68 39 2c.
766 2551 117 47 July
913 2550 82 48 10;
1028 2549 84 42 aff.
1143 2551 118 48 July
1290 2550 54 48 2;
1376 2551 42 40 A
1447 2551 232 48 1083182;
1714 2550 277 42 Commerce

224 2553 1930 104 clearing
335 2607 165 49 house,
532 2608 105 48 inc.,
670 2606 225 50 Chicago.

156 2702 209 64 Crake,
396 2702 342 64 Augustine
772 2701 211 65 David,
1019 2706 330 51 1836-1890.

222 2782 187 68 Edwy
443 2781 96 53 the
573 2781 158 68 Fair,
763 2781 98 53 the
893 2780 126 54 first
1051 2781 289 53 chronicle
1372 2781 65 53 of
1469 2782 384 68 Æscendune,
1884 2783 76 69 by
1992 2782 72 54 A.
2098 2785 73 52 D.

153 2859 200 56 Crake.
431 2860 140 52 New
604 2860 84 52 ed.
726 2859 190 53 edited
950 2859 76 69 by
1061 2860 219 53 Bertha
1314 2860 65 52 L.
1416 2858 389 70 Gunterman;
1842 2861 329 54 illustrated

151 2938 74 70 by
264 2939 256 52 Richard
557 2938 71 52 A.
669 2937 278 69 Holberg.
1023 2939 140 52 New
1203 2937 165 53 York
1412 2943 140 62 [etc.]
1595 2939 350 69 Longmans,
1982 2938 190 56 Green

150 3017 113 52 and
293 3035 98 47 co.,
423 3019 149 49 1928.

222 3099 64 47 xi,
315 3099 86 40 303
432 3109 43 37 p.
536 3100 87 38 col.
651 3098 166 47 front.,
847 3099 88 40 col.
963 3099 172 47 plates.
1196 3098 58 40 19½ᶜᵐ.

155 3152 52 52 ©
235 3157 122 47 Aug.
386 3156 70 48 16,
485 3155 142 48 1928;
658 3156 69 40 2c.
756 3156 121 47 Aug.
906 3155 83 47 30;
1023 3155 83 41 aff.
1136 3156 121 41 Nov.
1287 3156 83 47 19;
1405 3156 40 39 A
1475 3155 112 49 692;
1622 3157 290 48 Longmans,
1945 3157 159 40 Green
2134 3156 37 41 &

223 3225 68 29 co.
353 3209 70 53 [©
455 3213 346 49 illustrations]
874 3213 282 49 (28-29237)

150 3309 255 63 Denton,
438 3309 139 53 Mrs.
612 3308 174 54 Clara
816 3308 249 53 Janetta
1105 3308 207 64 (Fort)

221 3389 139 53 New
394 3389 184 54 Years
608 3395 59 48 to
702 3387 321 56 Christmas
1056 3389 60 52 in
1149 3387 239 70 holiday
1421 3389 157 68 land,
1608 3389 76 69 by
1718 3388 173 55 Clara
1923 3390 58 54 J.
150 3390 1994 144 Denton;
320 3467 328 53 illustrated

688 3466 77 69 by
805 3467 282 52 Eleanore
1125 3467 238 53 Mineah
1403 3466 303 55 Hubbard.
1783 3467 274 71 Chicago,
2096 3468 73 54 A.

146 3545 733 67 Whitman & co. [ ᶜ19 28]
222 3626 1833 50 253 p. col. front., illus., col. plates. 22½ ᶜᵐ. [“A just right book”]
155 3681 52 52 ©
239 3685 129 48 Sept.
396 3684 70 42 15,
496 3683 116 41 1928;
669 3683 66 42 2c.
766 3683 113 42 Dec.
908 3683 59 40 29;
1025 3682 83 42 aff.
1139 3683 115 41 Dec.
1282 3683 59 40 26;
1400 3684 40 39 A
1468 3684 117 40 2519;
1645 3685 170 40 Albert
1846 3684 254 41 Whitman
2131 3689 37 41 &

222 3753 69 30 co.
355 3740 224 51 (29-565)

152 3837 204 64 Doyle,
387 3837 263 53 Thomas
678 3837 84 64 L.,
794 3838 84 53 ed.

227 3915 212 67 [Notes,
472 3914 410 68 introduction,
918 3914 114 52 full
1066 3915 174 69 study
1275 3915 114 53 and
1423 3915 269 69 teaching
1728 3916 332 68 equipment
2091 3916 76 68 by

151 3994 249 53 Thomas
440 3995 64 51 L.
545 3995 186 67 Doyle
770 3994 59 52 in
869 3994 97 53 the
1004 3992 150 54 book
1194 3994 259 67 entitled]
1499 3994 186 69 Essay
1725 4013 72 34 on
1839 3995 211 67 Burns,
2090 3995 76 69 by
