2498 4384
1028 4097 99 49 865

70 431 244 61 Abbott,
346 428 239 63 Austin,
623 430 322 50 1831-1896.

143 501 1927 74 Abbotts digest of all the New York reports, 1927 … A
71 586 392 53 continuation
498 584 63 53 of
592 583 265 53 Abbott’s
888 582 186 69 digest
1109 581 135 53 1794
1273 587 57 46 to
1366 583 146 63 1900,
1544 580 111 52 and
1685 579 389 68 supplements

71 665 236 66 thereto,
346 666 134 50 1900
514 669 58 47 to
608 665 152 67 1924,
794 661 58 51 in
889 680 30 32 a
952 659 258 53 uniform
1245 658 416 53 classification.
1737 658 137 52 New
1912 658 164 55 York

74 743 133 69 city,
241 742 208 64 Baker,
482 739 248 56 Voorhis
763 741 43 50 &
840 757 77 35 co.;
984 739 138 51 New
1155 737 165 53 York
1352 736 134 70 city,
1520 736 325 67 Rochester,
1877 737 70 52 N.
1984 737 89 68 Y.,

71 823 122 51 The
219 822 269 67 Lawyers
518 838 180 49 co-op.
729 819 132 67 pub.
892 836 97 48 co.,
1022 820 148 49 1928.

145 916 420 49 lxiii, 767 p. 26 ᶜᵐ.
79 983 52 54 ©
160 988 127 40 June
314 988 39 48 1,
382 987 141 46 1928;
554 987 68 40 2c.
652 987 94 38 and
777 985 82 42 aff.
889 986 129 39 June
1045 984 83 47 20;
1160 984 41 39 A
1230 983 230 47 1082150;
1494 983 175 48 Baker,
1702 983 206 42 Voorliis
1939 984 36 40 &
2005 995 68 30 co.

146 1046 95 39 and
269 1045 233 47 Lawyers
526 1043 323 48 co-operative
877 1043 110 48 pub.
1014 1052 68 30 co.

73 1140 273 63 Æsopus.

139 1218 229 67 Æsop’s
410 1216 201 58 fables,
654 1216 281 68 arranged
977 1214 141 53 with
1160 1233 75 33 an
1273 1214 392 53 introduction
1704 1214 76 69 by
1821 1215 254 54 Blanche

69 1292 1980 152 E. Weekes, illustrated by John Fitz, jr. Philadelphia, Chicago [etc.] The John C. Winston company [ ᶜ1 928 ]
172 1466 1901 53 x, 102 p. col. front., illus., col. pl. 21 ᶜᵐ. [The Winston large-type
65 1528 200 43 classics
298 1527 80 41 for
413 1527 129 39 little
576 1526 146 48 folks]

79 1593 52 52 ©
155 1598 122 39 Mar.
302 1597 39 46 5,
366 1596 115 40 1928;
534 1596 68 40 2c.
627 1595 129 40 June
779 1595 24 38 1;
859 1593 82 41 aff.
967 1594 127 39 June
1118 1593 27 39 4;
1199 1593 43 39 A
1266 1592 229 48 1077600;
1525 1593 129 40 John
1680 1592 49 42 C.
1755 1593 227 40 Winston
2006 1604 69 29 co.

148 1650 52 52 ©
228 1653 347 47 introduction,
605 1651 345 48 illustrations]
1024 1649 282 50 (28-14544)

73 1748 227 64 Bagby,
334 1747 271 64 English,
642 1749 169 50 1891-

145 1827 121 52 The
292 1825 353 70 psychology
673 1823 63 54 of
761 1823 355 69 personality;
1174 1841 75 35 an
1276 1822 250 70 analysis
1554 1822 65 54 of
1645 1840 258 36 common
75 1841 1977 116 emotional

292 1900 1788 72 disorders, by English Bagby … New York, H. Holt
73 1983 654 68 and company [ ᶜ1 928]
144 2076 405 50 viii, 236 p. 19½ ᶜᵐ.
146 2147 349 42 “References”
516 2159 10 29 :
557 2159 43 37 p.
629 2147 217 41 229-230.

78 2218 52 52 ©
169 2223 126 39 June
333 2223 37 40 1,
410 2220 118 41 1928;
592 2221 68 40 2c.
699 2221 96 38 and
832 2219 84 42 aff.
954 2220 127 39 June
1120 2220 53 46 7;
1214 2219 43 39 A
1293 2218 231 48 1074894;
1566 2220 169 48 Henry
1774 2221 121 40 Holt
1934 2221 36 40 &
2005 2231 71 31 co.

156 2278 282 49 (28-14559)

73 2374 529 63 Baker-Crothers,
633 2374 220 63 Hayes.

140 2453 269 70 Virginia
442 2454 113 52 and
587 2454 95 52 the
712 2453 224 52 French
968 2454 113 52 and
1112 2453 216 52 Indian
1360 2471 135 49 war,
1525 2453 75 68 by
1631 2454 196 68 Hayes
73 2454 2002 133 Baker-Crothers

75 2530 2001 148 … Chicago, Ill., The University of Chicago press [1928]
139 2707 375 49 ix, 179 p. 20 ᶜᵐ.
141 2780 350 48 Bibliography
509 2789 10 29 :
553 2789 43 38 p.
627 2778 218 41 168-174.

80 2847 52 54 ©
168 2852 113 47 May
313 2851 70 47 29,
422 2850 113 41 1928;
600 2851 68 39 2c.
704 2850 129 40 June
864 2849 53 39 11;
984 2848 83 41 aff.
1103 2849 127 40 June
1266 2848 26 40 9;
1357 2849 42 39 A
1434 2847 202 42 1077713;
1704 2849 284 49 University
2025 2850 52 41 of

148 2908 222 48 Chicago,
405 2907 225 48 Chicago.
704 2905 280 50 (28-14788)

74 3002 210 62 Ballin,
314 3001 193 64 Hugo,
538 2999 171 55 1879-

70 3078 1978 152 Stigma, by Hugo Ballin. New York, The Macaulay company [ ᶜ1 928]
142 3241 623 50 3 p. l. , 9-308 p. 19 ½ᶜᵐ .
82 3297 53 53 ©
172 3301 113 48 May
321 3301 69 46 12,
428 3300 116 40 1928;
607 3300 68 39 2c.
712 3300 115 46 May
863 3299 82 47 17;
985 3297 83 42 aff.
1107 3298 126 40 June
1270 3298 54 48 9;
1362 3298 42 39 A
1439 3298 231 48 1074958;
1712 3300 259 48 Macaulay
2009 3311 68 31 co.

161 3357 281 49 (28-14554)

74 3453 212 62 Barry,
322 3450 265 62 Charles,
619 3450 194 68 pseud.

143 3527 1933 71 The smaller penny, by Charles Barry … New York, E. P.
72 3609 825 65 Dutton & company [ ᶜ1 928]
143 3691 81 46 vii,
254 3690 86 40 262
369 3701 44 37 p.
473 3688 57 41 19½ᶜᵐ.

83 3744 52 52 ©
161 3749 126 39 June
312 3748 38 41 8,
377 3747 114 40 1928;
546 3747 66 40 2c.
640 3746 128 40 June
791 3745 54 39 11;
902 3744 83 42 aff.
1012 3746 128 39 June
1164 3744 24 40 9;
1245 3745 41 39 A
1312 3745 203 40 1077674;
1572 3747 52 40 E.
1653 3747 50 40 P.
1731 3747 189 42 Dutton
1946 3748 36 40 &
2008 3759 69 29 co.

161 3804 281 49 (28-14552)

77 3898 173 63 Beck,
280 3896 134 64 Lily
439 3896 278 63 Moresby
748 3895 244 53 Adams.

147 3977 121 52 The
294 3980 162 65 great
481 3973 297 68 romantic,
803 3974 74 68 by
903 3974 66 52 E.
997 3973 358 70 Barrington
1403 3975 193 68 [pseud,
1660 3976 344 57 Instalment
2024 3981 32 48 2]
