2498 4384
1079 4077 133 53 1781

246 499 63 37 At
336 497 124 39 bend
492 496 51 40 of
572 496 107 40 title:
738 497 44 41 J.
814 496 45 42 S.
891 497 238 41 Fletcher.

182 563 50 53 ©
264 567 101 40 Oct.
394 566 61 40 26,
497 566 140 46 1928;
668 567 67 39 2c.
766 567 118 40 Nov.
915 568 18 37 1;
1000 567 82 42 aff.
1114 567 102 41 Oct.
1248 567 82 47 31;
1364 567 40 39 A
1435 568 140 46 1586;
1610 569 43 40 J.
1688 569 45 40 S.
1766 569 238 48 Fletcher,
245 569 1916 96 Falklauds,
432 624 210 38 Harrow
672 624 135 39 Road

839 626 133 44 west,
1005 624 232 46 Dorking,
1271 624 193 48 Surrey,
1497 625 237 48 England.
255 679 282 49 (28-25956)

170 772 276 65 Garland,
480 773 259 64 Hamlin,
775 778 170 51 1860-

242 851 413 53 Back-trailers
694 850 153 53 from
884 852 95 53 the
1016 853 215 52 middle
1268 853 224 66 border,
1527 854 75 55 by
1637 854 243 52 Hamlin
1916 854 263 55 Garland

170 928 1985 132 … illustrations by Constance Garland. New York, The Macmillan
405 1024 299 51 company,
742 1009 150 51 1928.

269 1071 1331 68 x p., 1 l., 379 p. incl. front., illus., plates. 19½ᶜᵐ.
238 1159 289 40 Illustrated
563 1157 366 50 lining-papers.

235 1216 102 40 The
369 1216 172 39 fourth
574 1216 52 39 of
659 1226 26 29 a
719 1216 151 39 series
904 1215 52 40 of
988 1216 405 48 autobiographic
1426 1217 271 40 chronicles
1729 1218 256 48 published
2021 1220 154 40 under

166 1274 82 39 the
276 1272 134 40 titles:
466 1272 352 39 Trail-makers
845 1271 52 40 of
924 1272 81 39 the
1031 1272 180 40 middle
1240 1273 188 48 border,
1455 1273 114 40 1926;
1624 1274 41 38 A
1692 1285 87 29 son
1805 1274 51 40 of
1884 1275 83 39 the
1993 1275 181 41 middle

166 1330 185 46 border,
380 1328 116 41 1917;
553 1329 40 38 A
623 1329 240 47 daughter
892 1328 52 41 of
972 1329 81 40 the
1083 1328 180 40 middle
1290 1330 188 47 border,
1508 1328 129 41 1921.
1699 1331 61 48 cf.
1788 1331 233 41 Author's
165 1332 1992 95 foreword.

173 1452 52 53 ©
251 1457 119 40 Nov.
400 1457 40 45 7,
469 1456 140 46 1928;
640 1455 68 41 2c.
736 1455 95 39 and
861 1455 82 40 aff.
972 1456 119 39 Nov.
1163 1466 8 36 8;
1203 1456 41 38 A
1273 1456 107 39 1571;
1447 1456 60 41 H.
1538 1456 231 48 Garland,
1800 1458 119 39 New
1947 1458 146 40 York.
249 1512 282 49 (28-25969)

164 1606 158 65 Gaw,
358 1605 248 65 Allison,
644 1609 171 51 1877-

230 1685 318 52 Pharaoh’s
578 1684 301 69 daughter,
910 1685 114 52 and
1053 1685 164 52 other
1248 1684 249 53 Biblical
1526 1685 166 70 plays
1721 1684 64 55 of
1814 1687 96 52 the
1941 1693 235 63 contest,

164 1764 134 52 1927:
360 1762 318 53 Pharaoh’s
711 1762 303 69 daughter,
1046 1763 76 68 by
1153 1762 229 53 Allison
1419 1762 144 55 Gaw
1598 1765 113 52 and
1747 1765 282 54 Ethelean
160 1766 1991 127 Tyson

300 1840 171 67 Gaw;
514 1842 121 51 The
674 1840 239 69 making
950 1839 64 54 of
1052 1860 31 33 a
1122 1840 160 69 king,
1318 1841 76 68 by
1431 1841 254 68 Lindsey
1723 1842 249 67 Barbee;
2013 1844 160 52 Ruth

161 1918 63 53 of
259 1919 192 67 Moab,
485 1919 75 68 by
595 1919 162 52 Mina
792 1919 68 52 R.
897 1918 292 53 Maxfield.
1267 1918 138 52 New
1443 1919 163 52 York
1666 1925 120 61 [etc.]
1824 1920 350 69 Longmans,

160 1996 185 55 Green
378 1997 114 52 and
523 2015 99 48 co.,
653 1999 149 50 1928.

227 2079 64 48 xi,
324 2079 80 40 261
443 2090 43 37 p.
546 2080 172 47 plates.
779 2078 117 41 20ᶜᵐ.

228 2151 155 40 These
422 2152 139 46 plays
603 2161 125 29 were
766 2150 266 40 submitted
1071 2150 50 39 in
1160 2151 83 40 the
1282 2151 185 38 Drama
1507 2151 468 47 league-Longinans
2016 2151 157 40 Green

160 2208 333 47 play-writing
528 2210 201 44 contest,
767 2206 115 41 1927
920 2208 96 39 and
1055 2207 271 40 Pharaoh's
1365 2207 242 47 daughter
1647 2217 101 30 was
1785 2208 83 39 the
158 2208 1996 96 prize-winner
276 2264 52 41 of
360 2266 83 39 the

475 2264 374 40 Non-sectarian
883 2263 208 41 Biblical
1125 2274 168 37 group.

229 2321 161 41 “First
423 2320 228 41 edition.”

166 2388 52 54 ©
247 2394 102 40 Oct.
376 2394 42 46 3,
447 2392 114 41 1928;
618 2393 67 40 2c.
713 2393 119 40 Nov.
859 2393 26 38 2;
944 2392 82 41 aff.
1054 2393 119 40 Nov.
1202 2393 25 38 1;
1288 2393 41 38 A
1356 2390 114 41 1464;
1530 2392 288 48 Longmans,
1851 2392 156 41 Green
2037 2392 36 40 &
2102 2402 68 30 co.

242 2450 282 49 (28-25871)

159 2544 381 64 Gerstmann,
570 2543 189 65 Josef,
794 2544 170 54 1887-

225 2622 109 53 Die
369 2621 618 69 malariabehandlung
1022 2621 100 53 der
1154 2621 399 68 progressiven
1589 2621 282 69 paralyse,
1905 2639 111 34 von
159 2621 1984 131 privatdozent

159 2698 1984 134 dr. Josef Gerstmann … mit einem vorwort von professor dr. Julius
157 2776 1987 147 Wagner-Jauregg … 2. neubearb. und wesentlich verm, aufl.,
700 2853 108 54 mit
846 2855 63 52 17
944 2854 531 70 textabbildungen.
1551 2854 187 61 Wien,
1774 2855 55 54 J.
1868 2854 299 70 Springer.

159 2937 148 51 1928.

223 3019 81 47 vii,
344 3017 100 48 309,
487 3019 54 47 [1]
582 3027 43 38 p.
686 3016 129 40 illus.
875 3016 118 41 24ᶜᵐ.

225 3085 614 44 “Literaturverzeichnis”:
907 3097 43 37 p.
991 3086 250 50 [275]-304.

162 3141 52 53 ©
244 3147 114 39 May
387 3146 70 46 11,
489 3145 140 46 1928;
663 3145 66 39 1c.
763 3143 128 48 Sept.
922 3143 81 47 19;
1036 3141 314 45 A—Foreign
1380 3142 83 47 32;
1497 3142 165 41 Julius
1695 3143 245 48 Springer.

239 3202 281 50 (28-29221)

156 3298 281 62 Graham,
475 3297 218 63 Harry.

227 3376 119 52 The
379 3380 208 47 orator.

236 3459 83 46 (In
345 3454 109 43 Pall
484 3453 121 43 Mall
637 3452 276 52 magazine,
944 3452 140 51 Nov.,
1118 3452 145 50 1928)

161 3509 2002 53 © 1c. Dec. 1. 1928; A ad int. 12004; pubd. Oct. 5; Jocelyn Henry Clive
229 3571 228 47 Graham,
488 3571 213 39 London.

156 3665 289 63 Greenan,
474 3663 155 54 John
659 3664 278 62 Thomas,
967 3682 180 50 comp.

223 3743 293 69 Readings
564 3743 59 51 in
670 3742 308 52 American
1026 3742 359 67 citizenship,
1433 3741 284 68 compiled
1764 3742 76 68 by
1887 3741 157 55 John
2095 3741 65 53 T.

156 3819 1982 147 Greenan … Boston, New York [etc.] Houghton Mifflin company [ᶜ1928]
223 3981 96 46 xvi,
348 3981 88 41 436
465 3993 44 37 p.
567 3981 129 41 illus.
725 3980 189 50 (plans)
954 3980 181 50 diagrs.
1194 3980 148 43 19½ᶜᵐ.
