2498 4384
1074 4106 99 54 171

85 444 363 63 Normandy,
486 440 264 64 Georges
785 437 85 55 Ch
1167 435 173 51 1882-

216 508 1672 80 … La fin de Maupassant … Paris, A. Michel [1927]
153 591 1426 64 3 p. l., [9]-248 p., 3 l. plates, ports., facsims. 19ᶜᵐ.
153 676 64 42 At
244 673 126 40 head
399 672 53 40 of
480 670 110 42 title
607 682 9 28 :
650 670 210 46 Georges
889 665 300 49 Normandy.

91 732 1722 62 © Nov. 2, 1927; 1c. Nov. 28; A—Foreign 36520; Albin Michel.
168 802 255 49 (28-5541)'

86 897 284 63 Olmsted,
406 893 319 55 Frederick
758 891 160 53 Law.

157 974 313 55 Frederick
513 973 139 53 Law
700 970 279 57 Olmsted,
1044 967 311 69 landscape
1417 964 294 69 architect,
1777 964 331 67 1822-1903,

90 1054 187 55 edited
305 1055 75 67 by
410 1050 313 55 Frederick
749 1050 139 51 Law
920 1047 281 66 Olmsted,
1227 1045 93 71 jr.,
1350 1045 114 53 and
1492 1043 303 55 Theodora
1825 1040 282 55 Kimball.

96 1168 68 33 [v.
192 1135 51 65 2]
280 1131 238 54 Central
548 1129 160 53 Park
736 1147 62 33 as
827 1146 33 34 a
889 1126 162 54 work
1077 1124 66 53 of
1173 1127 94 50 art
1295 1124 117 52 and
1440 1142 63 34 as
1532 1142 32 33 a
1595 1126 166 65 great
1788 1119 319 70 municipal

88 1209 330 70 enterprise,
463 1210 328 50 1853-1895.
868 1204 357 55 Illustrated.
1303 1202 140 53 New
1486 1200 165 54 York
1691 1200 114 53 and
1845 1199 264 69 London,

89 1290 66 53 G.
183 1290 64 52 P.
277 1285 299 55 Putnam’s
604 1304 146 48 sons,
782 1286 150 52 1928.

160 1370 135 50 xviii,
321 1371 84 39 575
433 1381 43 36 p.
537 1367 165 44 front.,
728 1369 173 47 plates,
927 1369 165 46 ports.,
1118 1374 153 40 maps,
1295 1367 155 46 plans,
1474 1361 193 43 facsim.
1728 1362 147 41 22½ᶜᵐ.

96 1438 52 52 ©
178 1442 111 41 Feb.
318 1442 69 47 24,
418 1440 141 48 1928;
589 1441 68 39 2c.
685 1440 95 38 and
809 1438 84 42 aff.
921 1437 113 41 Feb.
1062 1438 83 46 27;
1175 1438 43 39 A
1245 1435 231 48 1018969;
1510 1436 52 40 F.
1591 1435 51 40 L.
1670 1433 234 49 Olmsted,
164 1433 1934 114 Brookline,
299 1500 150 39 Mass.

92 1593 198 63 Oneal,
324 1593 223 63 James,
582 1592 171 54 1875-

163 1673 55 53 A
271 1672 225 68 history
548 1670 66 54 of
666 1670 97 53 the
813 1667 449 72 Amalgamated
1315 1666 200 54 ladies’
1568 1671 268 66 garment
1885 1663 231 55 cutters’

97 1749 190 71 union,
324 1750 176 53 Local
539 1751 82 67 10,
659 1747 271 54 affiliated
968 1746 142 54 with
1174 1747 72 53 the
1283 1744 429 55 International
1750 1743 199 54 ladies’

94 1760 2002 218 garment workers’ union, by James O’Neal … New York [Amalgamated
393 1903 201 57 ladies’
628 1910 265 64 garment
926 1902 231 55 cutters’
1190 1902 197 68 union]
1426 1901 177 54 Local
1638 1903 83 66 10,
1757 1901 153 54 1927.

165 1983 1954 58 xii, 450 p., 1 l. front., plates, ports., facsims., diagrs. (1 fold.) 21½ ᶜᵐ .
167 2059 239 42 “Errata”
427 2070 9 29 :
470 2060 24 38 1
524 2058 104 42 leaf
657 2061 53 38 at
738 2058 109 41 end.

103 2113 51 52 ©
180 2116 123 41 Mar.
329 2115 70 47 23,
426 2113 142 50 1927;
597 2113 69 41 2c.
694 2113 112 40 Feb.
835 2113 39 48 6,
903 2111 141 49 1928;
1076 2111 83 40 aff.
1188 2110 115 42 Feb.
1331 2112 55 47 4;
1416 2110 40 39 A
1483 2109 233 50 1061551;
1746 2109 378 49 Amalgamated

168 2173 171 42 ladies’
358 2174 226 46 garment
602 2171 201 41 cutters’
857 2169 131 50 union,
1007 2170 148 40 Local
1173 2170 71 48 10,
1294 2202 9 8 I.
1322 2170 53 40 L.
1396 2170 56 39 G.
1472 2171 75 39 W.
1601 2169 255 49 (28-5172)

97 2267 258 64 Organic
398 2266 323 71 syntheses;
786 2284 73 34 an
921 2265 214 53 annual
1198 2263 359 69 publication
1620 2262 64 55 of
1746 2261 374 71 satisfactory

167 2339 1954 79 methods for the preparation of organic chemicals … v. 8.
172 2426 138 54 New
349 2426 183 67 York,
568 2425 158 54 John
760 2424 194 70 Wiley
990 2427 46 49 &
1074 2442 148 49 sons,
1261 2422 108 54 inc.;
1439 2422 263 69 London,
1741 2421 305 70 Chapman
2084 2424 45 50 &

167 2505 162 69 Hall,
358 2503 247 70 limited,
639 2506 153 51 1928.

172 2587 81 50 vii,
277 2589 83 38 141
383 2599 44 37 p.
489 2586 181 49 diagrs.
730 2587 149 41 23½ᶜᵐ.

107 2642 51 52 ©
197 2644 110 43 Feb.
342 2645 70 48 16,
448 2644 117 41 1928;
630 2645 66 40 2c.
733 2644 112 40 Feb.
880 2643 56 41 25;
1002 2644 82 40 aff.
1123 2644 112 41 Feb.
1272 2644 53 38 21;
1391 2644 41 38 A
1466 2642 205 42 1061985;
1736 2643 160 47 Roger
1928 2643 199 48 Adams,

162 2703 214 49 Urbana,
399 2704 78 40 Ill.

103 2798 250 64 Paxton,
385 2797 193 64 Mary.

175 2876 179 54 River
382 2875 157 69 gold,
568 2874 78 70 by
676 2874 174 69 Mary
883 2875 248 68 Paxton,
1163 2874 145 54 with
1339 2874 386 55 illustrations
1758 2874 75 69 by
1865 2874 159 54 John
2056 2873 55 53 D.

106 2953 284 72 Whiting.
456 2952 425 71 Indianapolis,
908 2953 123 54 The
1060 2951 452 56 Bobbs-Merrill
1541 2970 284 52 company
1901 2955 99 51 [ᶜ1928]

177 3034 1157 55 5 p. l., 13-250, [1] p. front., plates. 21 ᶜᵐ .
112 3090 51 52 ©
194 3094 112 42 Feb.
333 3093 69 48 10,
432 3093 117 41 1928;
604 3093 68 41 2c.
700 3095 97 39 and
827 3093 82 42 aff.
938 3093 113 40 Feb.
1080 3093 55 39 15;
1196 3094 41 39 A
1265 3093 204 41 1061703;
1529 3093 373 42 Bobbs-Merrill
1957 3105 41 28 co.

191 3151 255 52 (28-5167)

111 3246 285 63 Percival,
429 3244 278 67 Thomas,
741 3248 329 52 1740-1804.

179 3319 1893 80 Perci val’s Medical ethics, edited by Chauncey D. Leake …
113 3404 335 67 Baltimore,
483 3402 123 55 The
637 3401 292 56 Williams
962 3405 46 51 &
1040 3402 255 56 Wilkins
1329 3419 301 54 company,
1667 3403 152 55 1927.

183 3481 1779 60 xi p., 1 l., 291 p. incl. facsims. front., 2 pl. oh 1 l., ports. 20 ᶜᵐ .
182 3543 239 44 Contains
448 3542 247 43 facsimile
721 3543 53 40 of
801 3542 213 51 original
1044 3545 113 47 t.-p.,
1185 3543 328 50 Manchester,
1541 3542 132 44 1803.

184 3600 355 50 Bibliography
572 3600 53 39 of
658 3600 213 40 Thomas
907 3599 223 42 Percival
1150 3611 8 30 :
1196 3611 45 37 p.
1276 3599 221 41 209-210.

184 3656 304 50 Appendices
506 3668 9 29 :
559 3657 103 40 The
703 3656 231 41 so-called
975 3667 161 37 pagan
1177 3656 119 41 oath
1337 3656 52 41 of
1428 3654 344 51 Hippocrates.
1789 3679 61 7 —
1866 3656 146 42 From
2054 3657 83 40 the

115 3713 117 41 oath
267 3713 262 48 according
562 3714 49 40 to
647 3711 329 50 Hippocrates
1012 3712 192 41 insofar
1239 3723 54 31 as
1329 3724 29 29 a
1394 3711 255 43 Christian
1682 3724 112 37 may
1829 3723 160 31 swear
2021 3714 115 40 it.—

118 3769 127 42 Code
271 3770 51 40 of
347 3769 157 41 ethics
531 3770 52 39 of
609 3769 82 40 the
717 3768 260 42 American
1005 3769 206 41 medical
1240 3770 300 41 association
1564 3770 212 50 adopted
1804 3771 115 47 May
1946 3770 191 41 1847.—

120 3825 269 50 Principles
443 3826 53 40 of
548 3826 206 41 medical
810 3825 156 42 ethics
1018 3825 53 41 of
1125 3827 83 39 the
1259 3826 262 40 American
1574 3826 206 42 medical
1836 3826 298 42 association

126 3880 514 52 (1903)—Principals
672 3883 54 39 of
757 3881 210 42 medical
1000 3882 158 41 ethics
1191 3882 54 41 of
1276 3883 84 40 the
1394 3881 260 43 American
1686 3883 208 41 medical
118 3883 2001 96 association

259 3939 139 49 (1912
426 3940 97 39 and
552 3938 191 43 revised
771 3942 49 38 to
848 3939 140 42 date)

125 3992 51 51 ©
205 3995 112 42 Feb.
344 3998 20 37 1,
412 3996 142 43 1928;
586 3996 66 41 2c.
682 3997 95 39 and
805 3995 83 42 aff.
917 3996 111 41 Feb.
1058 3997 51 38 11;
1172 3997 39 39 A
1239 3996 231 50 1018759;
1500 3996 246 43 Williams
1773 3998 36 40 &
1834 3997 212 43 Wilkins
2071 4008 69 30 co.

205 4051 252 52 (28-5175)
