2498 4384
1249 4062 136 49 1146

285 414 233 63 Alston,
548 413 139 54 Mrs.
718 414 174 62 Mary
975 454 14 12 O.

350 491 122 53 The
513 491 185 67 dawn,
735 490 77 69 by
849 491 171 69 Mary
1059 489 68 56 O.
1169 489 225 54 Alston.
1471 491 235 67 Boston,
1745 490 121 51 The
1908 489 378 69 Christopher

281 568 338 70 publishing
645 568 173 53 house
892 571 152 64 [ᶜ1928]

349 652 87 40 176
468 663 42 37 p.
543 652 110 41 incl.
684 652 151 40 front.
894 651 149 41 20½ᶜᵐ.

351 710 187 40 Poems.

291 761 51 53 ©
374 765 119 48 July
522 765 69 50 28,
623 765 141 48 1928;
795 765 68 42 2c.
894 765 120 48 Aug.
1046 765 53 46 7;
1134 763 83 42 aff.
1248 764 121 48 Aug.
1399 763 54 48 4;
1486 763 43 40 A
1559 763 229 47 1083514;
1825 762 319 50 Christopher
2176 764 110 49 pub.

358 823 165 41 house.
594 822 281 49 (28-19028)

284 902 321 55 American
658 903 360 53 association
1073 901 64 53 of
1195 901 336 64 university
1586 917 245 36 women.
1908 901 383 53 Educational

356 983 167 68 office.

289 1057 1978 151 Guidance materials for study groups, nos. 2-4 … Washington, D. C.,
761 1138 275 53 National
1067 1138 427 68 headquarters,
1530 1141 152 64 1926,
1717 1136 151 55 1927.

359 1222 26 40 3
459 1252 9 9 v.
527 1221 117 40 23ᶜᵐ.

355 1277 300 49 “Organized
684 1278 153 39 under
865 1278 82 39 the
974 1276 239 41 direction
1242 1277 51 40 of
1321 1278 82 39 the
1432 1276 324 41 Educational
1783 1277 131 40 office
1941 1277 51 40 of
2019 1278 82 39 the
282 1277 1992 98 American

423 1333 298 41 association
753 1334 52 40 of
836 1334 273 48 university
1141 1333 229 41 women.”

361 1392 74 47 By
467 1390 113 41 Lois
613 1390 61 40 H.
708 1391 154 41 Meek.

353 1448 237 41 Contains
627 1447 395 49 bibliographies.

703 1514 76 30 CONTENTS.—no.
819 1502 41 42 2.
901 1504 199 41 Schools
1137 1504 97 40 and
1272 1503 374 41 children.—no.
1685 1502 42 42 3.
1767 1504 238 40 Interests
2044 1503 52 42 of
2134 1514 160 38 young

291 1562 375 40 children.—no.
704 1560 43 41 4.
785 1560 408 42 Characteristics
1229 1561 54 40 of
1320 1562 324 40 adolescence.

296 1614 52 53 ©
380 1619 112 41 Feb.
524 1620 39 47 1,
596 1619 112 41 Dec.
741 1620 38 46 1,
812 1619 127 47 1927,
974 1619 122 40 Mar.
1128 1619 39 48 1,
1201 1618 119 40 1928;
1377 1619 68 39 2c.
1478 1618 120 40 each
1629 1619 127 39 June
1786 1619 84 46 27;
1905 1618 108 40 affs,
2047 1618 128 40 June
2206 1618 84 48 26;

363 1676 41 40 A
435 1676 466 47 1083073-1083075;
936 1676 112 40 Lois
1080 1676 210 47 Hayden
1321 1676 153 48 Meek,
1507 1675 337 48 Washington.
375 1732 282 49 (28-17392)

295 1812 392 65 André-Cuel,
724 1814 247 64 George.

423 1892 1445 69 … Le meneur de joies … Paris, Plon [1928]
358 1974 631 50 4 p. l., iii, 279 p. 19 ᶜᵐ .
299 2028 1777 53 © Jan. 20, 1928; 1c. Mar. 9; A— Foreign 38048; Librairie Plon.
379 2089 281 49 (28-18714)

295 2154 408 65 Appalachian
737 2156 312 52 Mountain
1084 2155 150 64 club,
1265 2157 233 52 Boston.

362 2233 123 53 The
509 2232 70 53 A.
606 2233 79 52 M.
714 2232 61 55 C.
801 2233 197 55 White
1021 2233 307 53 Mountain
1353 2233 172 69 guide;
1583 2252 32 34 a
1641 2233 172 70 guide
1838 2239 58 47 to
1922 2233 170 69 paths
2119 2233 56 53 in
2204 2233 95 53 the

292 2310 2009 71 White Mountains and adjacent regions (7th ed.) … Boston,
293 2389 191 68 Mass.,
517 2389 121 54 The
669 2388 406 70 Appalachian
1106 2389 306 54 Mountain
1445 2390 145 68 club,
1622 2394 150 50 1928.

363 2475 65 47 xi,
459 2474 99 47 528,
592 2474 53 49 [4]
678 2484 43 38 p.
779 2484 137 37 maps
944 2473 136 49 (part
1108 2473 146 49 fold.)
1319 2473 146 41 15½ᶜᵐ.

365 2530 182 41 Folded
572 2540 113 38 map
711 2529 52 40 in
789 2529 185 49 pocket.

365 2587 162 40 Blank
556 2596 146 39 pages
731 2586 79 41 for
841 2585 376 42 “Memoranda”
1256 2587 82 48 ([4]
1370 2588 50 38 at
1450 2585 118 49 end)

365 2643 194 41 Earlier
592 2643 211 40 editions
837 2644 124 39 have
995 2643 110 40 title:
1170 2642 155 41 Guide
1359 2644 49 39 to
1440 2644 147 47 paths
1620 2642 50 40 in
1704 2644 82 39 the
1820 2642 163 42 White
2019 2643 283 41 Mountains

296 2701 94 39 and
424 2699 229 48 adjacent
686 2699 206 49 regions.

305 2753 53 52 ©
385 2757 126 39 June
537 2757 67 47 12,
631 2756 117 41 1928;
798 2756 68 40 2c.
892 2756 116 47 July
1031 2756 53 47 2;
1112 2755 83 42 aff.
1220 2754 122 49 Aug.
1368 2755 52 48 6;
1448 2757 41 38 A
1514 2755 201 41 1083511;
1773 2756 337 48 Appalachian
373 2757 1912 97 Mountain
509 2814 123 39 club.
703 2812 281 49 (28-19017)

305 2878 264 53 Arabian
601 2877 228 65 nights.

366 2957 231 68 Poetry,
626 2956 289 68 proverbs,
944 2956 348 69 philosophy
1323 2956 153 53 from
1504 2957 97 53 the
1627 2956 260 54 Arabian
1915 2957 215 69 nights,
300 2976 1981 127 compiled

497 3035 75 69 by
613 3035 245 53 Almeda
902 3036 67 51 B.
1012 3035 114 53 and
1170 3035 201 69 Edgar
1412 3035 77 53 H.
1534 3035 252 68 Hyman.
1886 3035 111 53 [Los
2039 3035 268 69 Angeles,

301 3112 117 56 San
450 3113 305 53 Fernando
786 3112 266 70 printing
1081 3131 98 49 co.,
1234 3115 152 65 ᶜ1928]

367 3196 72 47 44,
476 3196 54 48 [1]
564 3206 43 37 p.
666 3195 117 41 16ᶜᵐ.

371 3253 146 40 From
549 3253 82 39 the
661 3251 195 42 version
884 3253 63 47 by
976 3252 85 40 Dr.
1092 3253 43 40 J.
1169 3251 49 41 C.
1253 3252 229 40 Mardrus
1512 3253 96 39 and
1641 3253 55 41 E.
1727 3253 172 46 Powys
1931 3253 235 40 Mathers.

309 3306 51 52 ©
401 3311 128 39 June
566 3310 70 48 30,
677 3310 141 47 1928;
860 3310 67 40 2c.
968 3309 117 48 .July
1124 3309 81 47 16;
1249 3309 83 41 aff.
1373 3311 116 47 July
1529 3311 82 46 14;
1653 3310 40 39 A
1732 3310 229 47 1083382;
2005 3310 203 40 Almeda
2249 3311 54 39 B.

378 3368 197 47 Hyman
603 3368 96 38 and
729 3367 162 47 Edgar
920 3368 60 38 H.
1011 3367 208 47 Hyman,
1251 3366 92 40 Los
1373 3367 221 47 Angeles.
1663 3366 281 49 (28-18822)

303 3431 245 64 Arnold,
577 3432 223 53 Robert
830 3433 209 61 Franz,
1072 3431 173 53 1872-

370 3511 121 52 Der
548 3510 305 68 irrgarten,
911 3514 99 48 333
1070 3511 267 51 deutsche
1392 3511 191 65 rätsel,
1640 3511 369 68 ausgewählt,
301 3511 1983 142 nachgewiesen,
566 3588 325 69 eingeleitet
933 3607 110 34 von
1088 3588 217 53 Robert
1345 3589 65 52 F.
1454 3587 242 55 Arnold.
1769 3589 170 54 Wien
1978 3589 120 53 und
302 3589 1981 145 Leipzig,
475 3665 506 55 Österreichischer
1040 3666 420 69 bundesverlag
1523 3666 99 53 für
1654 3667 365 67 -unterricht,

302 3685 1980 112 Wissenschaft
520 3745 119 52 und
666 3744 190 67 kunst,
887 3747 149 50 1928.

373 3826 473 50 179, [1] p. 19 ½ᶜᵐ .
312 3880 1995 60 © Nov. 16, 1927; 1c. Mar. 2, 1928; A —Foreign 37886; Österreichischer
381 3948 356 49 bundesverlag
762 3948 83 41 für
872 3948 288 50 unterricht,
1236 3948 299 42 wissenschaft
1561 3949 98 40 und
1686 3948 163 42 kunst.
393 4005 282 50 (28-19111)
