2498 4384
1059 4051 98 52 595

115 394 189 62 Bunn,
337 393 247 55 Charles
612 394 68 52 R.

185 468 1934 71 Diet and exercise, by Charles R. Bunn … and Joy M. Loban
175 546 1942 70 … 1st ed. Denver, Colo., Bunn-Loban publishing co., 1928.
182 632 99 47 viii,
312 631 84 41 192
427 642 43 38 p.
530 631 130 41 illus.
718 631 118 41 20ᶜᵐ.

118 699 52 52 ©
197 704 113 47 Apr.
338 703 54 40 16,
435 702 113 41 1928;
603 703 67 41 2c.
698 703 112 48 Apr.
838 702 59 39 20;
952 701 82 41 aff.
1062 702 113 48 Apr.
1203 700 83 47 19;
1316 701 41 39 A
1384 700 230 47 1074024;
1646 700 332 41 Bunn-Loban
2005 701 110 47 pub.

186 771 67 30 co.
324 759 283 50 (28-11099)

112 856 216 61 Burke,
364 856 274 52 Edmund
669 856 53 52 J.

184 935 268 52 Lectures
475 934 60 52 in
558 934 249 68 biology,
830 933 231 67 botany,
1084 933 73 68 by
1183 934 67 51 E.
1275 933 56 53 J.
1358 931 211 68 Burke,
1626 975 8 8 S.
1698 974 10 10 J.
1770 932 139 51 New
1936 930 180 69 York,

114 1011 1064 68 Fordham university press [ᶜ 1924 ]
181 1093 833 49 2 p. l., 3-113 p. illus. 21½ ᶜᵐ .
116 1162 52 52 ©
205 1165 103 42 Oct.
342 1166 71 46 21,
450 1164 114 41 1924;
627 1166 70 40 2c.
731 1166 95 38 and
862 1164 82 41 aff.
981 1164 113 48 Apr.
1130 1164 69 48 25,
1238 1163 140 48 1928;
1417 1163 40 40 A
1494 1163 230 47 1077115;
1764 1165 52 39 E.
1854 1164 43 40 J.
1934 1164 180 48 Burke,

185 1223 259 47 Fordham,
472 1223 56 41 N.
556 1223 53 40 Y.

111 1317 291 63 Caldwell,
440 1317 175 53 Alma
649 1317 85 62 B.,
771 1316 82 54 ed.

188 1396 440 67 [Introduction,
658 1395 306 68 questions,
994 1396 277 68 glossary]
1309 1394 34 53 by
1414 1394 173 53 Alma
1620 1396 67 51 B.
1722 1393 278 56 Caldwell
2056 1394 59 53 [in

111 1474 97 53 the
230 1474 148 53 book
401 1474 258 67 entitled]
692 1474 183 52 Black
900 1474 243 68 Beauty,
1168 1473 96 52 the
1293 1472 463 69 autobiography
1783 1472 65 53 of
1874 1492 31 33 a
1933 1472 183 69 horse,

111 1552 75 68 by
215 1552 171 52 Anna
422 1551 216 56 Sewell.
708 1552 337 53 Illustrated
1078 1551 75 69 by
1186 1551 211 52 Edwin
1430 1551 158 54 John
1620 1551 228 53 Prittie.
112 1551 1978 147 Philadelphia,

395 1628 254 71 Chicago
703 1635 120 61 [etc.]
860 1630 124 52 The
1013 1629 154 54 John
1202 1629 63 54 C.
1297 1630 267 53 Winston
1596 1647 282 51 company
1957 1629 151 68 [ᶜ1927]

181 1711 1287 49 xii. 297 p. col. front., illus.. col. plates. 21 ᶜᵐ .
114 1765 54 53 ©
203 1770 101 41 Oct.
338 1769 70 47 25,
444 1769 141 46 1927;
623 1770 67 40 2c.
727 1770 112 40 Feb.
875 1769 68 48 13,
979 1768 141 47 1928;
1159 1768 84 42 aff.
1281 1769 111 40 Feb.
1430 1769 82 47 11;
1550 1769 40 39 A
1626 1768 230 48 1061660;
1897 1769 130 41 John
2063 1770 51 42 C.

181 1827 226 40 Winston
435 1837 68 31 co.

106 1920 199 63 Carré,
338 1921 148 52 Jean
519 1920 207 64 Marie,
763 1920 169 54 1887-

102 1998 1989 147 … La vie de Goethe, par Jean-Marie Carré. Paris, Gallimard, 1927.
174 2159 1942 51 3 p. l., [9]-290 p., 2 l. front., port. 19 ᶜᵐ . (Vie des hommes illustres.
103 2219 56 38 n°
188 2218 81 47 13)

111 2272 1985 110 © Nov. 28, 1927; 1c. Jan. 27, 1928; A—Foreign 37319; Librairie Gallimard. (28-11007)
102 2429 298 64 Cheyney,
441 2430 254 52 Edward
737 2429 221 63 Gheen,
1001 2428 172 54 1878-

174 2509 184 67 Matu,
408 2509 96 52 the
555 2508 282 69 Iroquois,
887 2508 77 70 by
1015 2509 68 51 E.
1137 2506 68 56 G.
1263 2506 287 70 Cheyney,
1603 2507 383 55 illustrations
2038 2508 76 69 by

103 2587 89 53 W.
222 2587 79 52 M.
333 2589 233 67 Berger.
633 2588 235 66 Boston,
896 2586 197 67 Little,
1123 2587 233 66 Brown,
1386 2586 113 53 and
1531 2604 301 51 company,
1863 2588 151 52 1928.

174 2669 1177 49 5 p. l., [3]-303 p. incl. plates. front. 21 ᶜᵐ .
110 2723 52 52 ©
196 2728 115 47 Apr.
343 2727 71 47 14,
449 2726 117 42 1928;
624 2727 68 40 2c.
727 2727 95 40 and
857 2726 82 41 aff.
973 2727 115 47 Apr.
1122 2726 55 40 23;
1242 2726 42 39 A
1316 2725 205 41 1074088;
1586 2725 164 49 Little,
1787 2727 191 46 Brown,
2015 2727 97 40 and

178 2795 249 37 company.
499 2783 281 48 (28-11167)

106 2880 276 63 Chicago.
458 2878 370 64 University.

178 2959 301 53 Abstracts
506 2957 65 54 of
596 2958 201 67 theses,
823 2957 347 54 humanistic
1198 2957 170 54 series.
1450 2977 51 32 v.
1530 2960 47 49 3.
1605 2956 142 55 Arts
1776 2957 114 54 and
106 2958 1979 146 literature,

284 3036 270 69 divinity,
589 3035 173 54 social
798 3036 214 53 service
1047 3035 488 68 administration,
1571 3035 311 54 submitted
1920 3042 58 47 to
2016 3036 98 54 the

109 3115 265 53 faculties
402 3113 65 54 of
493 3115 95 52 the
617 3115 279 68 graduate
925 3113 220 53 schools
1174 3113 65 53 of
1267 3113 95 53 the
1392 3113 340 69 University
1762 3113 65 53 of
1857 3113 254 71 Chicago

108 3193 93 52 for
245 3193 95 52 the
386 3193 203 69 degree
634 3191 64 54 of
742 3193 199 52 doctor
984 3191 65 53 of
1093 3192 368 68 philosophy,
1506 3192 231 69 August
1785 3192 326 54 1924—June

109 3274 152 63 1925,
303 3270 141 53 with
488 3271 278 52 abstracts
808 3269 64 53 of
914 3289 150 35 some
1107 3270 184 53 theses
1334 3269 311 55 submitted
1690 3276 60 47 at
1792 3290 72 33 an
1907 3271 206 53 earlier

107 3350 146 52 date.
319 3347 271 70 Chicago,
617 3348 114 67 Ill.,
758 3348 121 53 The
907 3348 339 69 University
1274 3347 64 54 of
1367 3347 253 70 Chicago
1649 3367 157 49 press
1881 3348 152 68 [ᶜ1927]

175 3430 807 49 X, 431 p., 2 l. tables. 23½ ᶜᵐ .
110 3484 52 52 ©
191 3488 111 40 Feb.
329 3488 68 47 15,
426 3487 141 46 1927;
596 3487 68 41 2c.
694 3488 114 48 May
834 3489 38 46 7,
902 3487 141 47 1928;
1074 3487 83 41 aff.
1186 3489 116 46 May
1328 3489 53 46 4;
1413 3488 41 39 A
1481 3487 231 48 1074363;
1745 3487 285 50 University
2060 3489 51 41 of

179 3545 223 48 Chicago,
436 3543 224 49 Chicago.

102 3637 229 63 Clarke,
361 3639 303 53 Laurence
696 3637 342 65 Ayscough.

170 3718 123 53 The
319 3717 264 68 Mayfair
608 3723 271 63 mystery,
906 3718 75 68 by
999 3718 290 53 Laurence
1309 3717 224 55 Clarke.
1610 3718 260 66 London,

101 3717 1987 132 Hutchinson
294 3798 46 50 &
371 3815 99 47 co.,
498 3797 104 52 ltd.
639 3795 172 69 [1927]

171 3877 366 50 283 p. 19 ½ᶜᵐ .
110 3933 1982 112 © 1c. Dec. 7, 1927; A ad int. 10369; pubd. Oct. 10; L. A. Clarke. London. (28-11705)
