2498 4384
1338 4075 131 48 1800

463 509 86 40 175
574 519 42 37 p.
644 507 77 40 incl.
780 507 165 47 front.,
974 507 129 40 illus.
1157 506 118 39 20ᶜᵐ.
1343 505 216 49 (Mother
1588 507 95 39 and
1711 505 108 39 Ann
1848 508 176 37 nature
2054 505 201 49 stories)

395 572 52 52 ©
477 577 102 40 Oct.
605 576 69 48 26,
702 576 115 40 1928;
874 576 67 40 2c.
968 578 97 38 and
1093 575 82 42 aff.
1203 577 120 39 Nov.
1352 575 26 40 5;
1434 576 44 38 A
1501 576 86 38 441;
1643 575 150 41 Webb
1821 576 124 40 book
1972 576 111 48 pub.
2112 586 68 30 co.

472 632 283 50 (28-27666)

389 727 262 64 Holmes,
683 726 201 55 Oliver
912 726 280 61 Wendell,
1226 730 327 51 1809-1894.

461 805 122 54 The
631 811 261 48 autocrat
940 805 66 53 of
1054 806 97 52 the
1198 805 300 53 breakfast
1547 805 170 68 table,
1764 806 77 68 by
1891 805 202 55 Oliver
2137 805 267 55 Wendell

389 882 1952 70 Holmes; edited with an introduction by Franklin T. Baker …
390 962 140 53 New
562 961 179 68 York,
771 962 123 53 The
919 961 340 53 Macmillan
1287 978 299 51 company,
1618 964 151 50 1928.

566 1090 8 16 xxv,
606 1058 87 40 369
722 1069 44 37 p.
795 1058 78 40 incl.
936 1058 165 47 front.,
1134 1059 174 47 plates.
1368 1057 146 40 18½ᶜᵐ.
1585 1056 126 49 (The
1740 1059 200 38 modern
1971 1057 213 41 readers’
2217 1058 176 49 series)

397 1122 1988 111 © Oct. 16, 1928; 2c. Oct. 17; aff. Oct. 18; A 1022; Macmillan co. [ © introduction and notes] (28-26745)
392 1280 274 63 Hosmer,
699 1278 228 64 George
958 1278 290 64 Leonard,
1284 1280 173 53 1874-

462 1358 356 69 Navigation
857 1358 137 52 then
1036 1358 114 52 and
1189 1375 158 50 now;
1391 1376 31 34 a
1463 1358 242 69 reading
1745 1376 196 35 course
1981 1357 96 54 for
2114 1359 99 52 the
390 1378 1993 111 amateur
561 1455 65 33 or
669 1436 360 68 prospective
1070 1436 325 69 navigator,
1436 1436 77 69 by
1556 1435 224 70 George
1820 1437 66 52 L.
1930 1437 265 53 Hosmer.
391 1436 1992 148 Chicago,
593 1514 315 54 Published
957 1514 94 53 for
1093 1515 96 52 the
1234 1514 310 53 American
1585 1514 297 53 merchant
1925 1515 222 53 marine
2188 1516 220 69 library

392 1594 342 53 association
768 1593 75 68 by
881 1594 96 51 the
1014 1592 310 53 American
1360 1592 222 69 library
1616 1592 359 68 association,
2014 1596 151 50 1928.

462 1690 70 48 41,
568 1690 54 49 [1]
657 1700 43 37 p.
760 1689 181 48 diagrs.
1002 1688 117 41 18ᶜᵐ.

466 1761 146 40 “This
644 1759 202 49 reading
874 1771 170 29 course
1073 1760 210 40 consists
1312 1760 52 40 of
1392 1762 97 38 two
1518 1762 152 45 parts,
1701 1770 28 29 a
1757 1761 186 39 lecture
1971 1760 61 47 by
2063 1760 134 40 Prof.
2225 1760 185 48 George

393 1817 2017 48 L. Hosmer … and booknotes by Dr. Alfred E. Burton … The lecture
392 1887 102 30 was
526 1876 141 49 given
702 1877 153 39 under
889 1876 82 39 the
1003 1874 223 49 auspices
1261 1874 52 40 of
1345 1875 82 39 the
1464 1873 191 48 Society
1688 1874 52 40 of
1774 1876 105 39 arts
1912 1874 51 41 of
1996 1875 82 39 the
393 1875 2000 108 [Massachusetts]
566 1933 237 40 Institute
835 1932 52 41 of
917 1933 288 47 technology
1236 1932 49 39 in
1319 1930 355 42 1928.”—Pref.

466 1992 190 39 “Books
688 1990 367 40 recommended
1086 1989 49 39 in
1169 1988 102 41 this
1303 1988 199 41 course”:
1613 2008 11 29 [1]
1659 2000 43 38 p.
1735 1990 53 39 at
1821 1989 106 40 end.

400 2059 53 52 ©
483 2063 104 40 Oct.
614 2062 39 48 6,
681 2062 142 40 1928:
854 2062 67 40 2c.
950 2062 96 38 and
1074 2060 82 41 aff.
1186 2060 103 41 Oct.
1319 2060 55 39 15;
1432 2059 42 40 A
1501 2059 230 47 1053981;
1763 2059 161 42 Amer,
1952 2060 189 48 library
2169 2070 129 30 assn.

479 2118 282 51 (28-26707)

396 2218 124 52 The
549 2213 333 54 Humorist,
958 2232 51 35 v.
1044 2217 81 65 18,
1154 2232 91 34 no.
1276 2216 118 66 329,
1423 2212 144 54 Nov.
1597 2215 85 67 24,
1713 2215 150 50 1928.

401 2308 2007 53 © 1c. Dec. 6, 1928; A ad int. 12035; pubd. Nov. 17: George Newnes, ltd.,
470 2369 214 41 London.

396 2464 338 64 Kentucky.
809 2465 184 68 Laws,
1025 2469 258 63 statutes,
1316 2470 100 47 etc.

470 2541 318 54 Baldwin’s
831 2541 310 67 Kentucky
1183 2544 241 49 statutes
1469 2540 230 66 service,
1747 2543 152 65 1928,
1944 2540 468 70 supplementing

399 2619 2013 71 Carroll’s Kentucky statutes and codes of practice … Under
397 2696 2017 228 the editorial supervision of William Edward Baldwin … annotations by Hon. Richard Priest Dietzman … and the publishers’ staff. Cleveland, Louisville, The Baldwin law book
398 2954 299 51 company,
727 2936 108 52 inc.
872 2937 192 64 [ᶜ1928]

472 3018 84 41 851
586 3028 44 37 p.
689 3017 149 39 25½ᶜᵐ.

405 3085 52 52 ©
487 3089 102 40 Oct.
618 3088 69 48 15,
714 3087 142 42 1928:
886 3088 68 39 2c.
983 3088 96 38 and
1106 3086 82 42 aff.
1219 3087 103 40 Oct.
1350 3087 82 46 18;
1462 3085 42 40 A
1531 3086 141 48 1015;
1705 3087 225 40 Baldwin
1958 3089 98 40 law
2082 3089 124 40 book
2234 3099 67 31 co.

395 3197 292 64 Komroff,
722 3196 257 64 Manuel,
1015 3198 83 53 ed.

480 3275 435 69 [Biographical
956 3280 133 46 note
1133 3275 114 51 and
1290 3274 413 69 bibliography
1745 3274 76 69 by
1864 3276 237 52 Manuel
2146 3276 269 54 Komroff

402 3357 61 51 in
495 3357 97 52 the
623 3355 149 53 book
804 3355 257 65 entitled]
1100 3355 121 51 The
1252 3353 226 69 history
1509 3353 65 54 of
1606 3354 349 72 Herodotus,
1987 3356 319 53 translated
2338 3356 77 69 by

402 3433 224 70 George
653 3434 351 52 Rawlinson.
1080 3432 140 52 New
1246 3432 181 69 York,
1449 3433 65 53 L.
1539 3432 356 71 MacVeagh,
1918 3434 122 52 The
2064 3434 139 52 Dial
2226 3453 156 50 press;

403 3515 273 59 Toronto,
701 3513 348 67 Longmans,
1074 3509 189 55 Green
1287 3512 45 49 &
1356 3529 298 50 company,
1682 3513 151 52 1928.

475 3592 652 50 ix p., 1 l., 544 p. 24½ᶜᵐ.
409 3646 52 52 ©
490 3651 114 46 May
630 3650 40 47 3,
697 3649 115 40 1928;
866 3650 68 39 2c.
966 3648 128 48 Sept.
1121 3649 26 39 7;
1204 3647 83 41 aff.
1318 3648 129 48 Sept.
1474 3649 56 38 22;
1588 3649 41 39 A
1656 3648 207 41 1054976;
1918 3650 115 40 Dial
2061 3661 149 37 press,
2241 3650 91 42 inc.

405 3756 252 65 Lauder,
688 3757 99 54 Sir
820 3758 221 62 Harry,
1077 3758 172 53 1870-

473 3835 1942 69 Roamin’ in the gloàmin’, by Sir Harry Lauder … with 29
401 3914 399 52 illustrations.
876 3913 413 68 Philadelphia
1324 3916 46 50 &
1402 3914 260 62 London,
1697 3915 56 53 J.
1790 3916 66 51 B.
1892 3914 341 69 Lippincott
401 3933 1991 128 company,
614 3994 149 50 1928.
