2498 4384
1132 4097 98 51 733

158 431 223 53 Robert
413 429 218 53 Morris
663 427 346 53 associates.

226 507 247 56 General
500 506 173 68 study
701 505 64 53 of
793 506 97 52 the
921 505 152 52 farm
1103 504 335 68 implement
1468 503 265 68 industry
1785 502 92 67 [by]
1914 501 252 68 Chicago

155 581 2007 73 chapter of the Robert Morris associates … [Lansdowne, Pa.]
159 667 150 49 1928.

226 747 337 49 20 p. 23½ ᶜᵐ .
229 804 285 42 Cover-title:
571 804 102 39 The
699 803 130 40 farm
858 801 280 48 implement
1166 800 243 47 industry.

229 860 352 48 Bibliography:
638 870 43 37 p.
708 859 71 40 20.

163 913 52 52 ©
249 917 115 48 Apr.
397 917 70 46 27,
502 916 114 40 1928;
679 916 68 39 2c.
780 915 96 38 and
911 913 83 41 aff.
1027 911 116 48 May
1176 913 26 37 5;
1266 912 40 39 A
1340 910 204 41 1077109;
1609 911 182 40 Robert
1827 910 177 40 Morris
231 920 1920 100 associates,

434 973 314 45 Lansdowne,
784 971 84 40 Pa.
941 968 282 51 (28-12705)

163 1066 320 61 Robinson,
514 1065 255 53 William
802 1063 316 64 Josephus,
1155 1066 172 49 1867-

231 1144 129 67 Sex,
407 1145 126 51 love
578 1144 112 52 and
736 1142 300 68 morality;
1087 1160 30 33 a
1166 1140 249 53 rational
1462 1140 136 53 code
1643 1139 65 54 of
1752 1139 194 53 sexual
1995 1138 176 53 ethics

158 1222 170 54 based
371 1240 155 50 upon
566 1221 97 52 the
702 1219 229 70 highest
971 1218 287 69 principle
1299 1217 65 54 of
1402 1218 444 68 morality—the
1887 1216 284 69 principle

160 1300 64 53 of
251 1301 215 52 human
494 1298 339 69 happiness;
866 1298 97 52 the
990 1298 111 51 last
1130 1296 158 53 word
1318 1314 71 34 on
1418 1296 96 53 the
1543 1295 236 69 subject,
1807 1296 75 68 by
1910 1295 262 54 William

160 1372 1987 154 J. Robinson … [New York, The Eugenics publishing company, ᶜ19 28]
230 1540 363 49 157 p. 10½ ᶜᵐ .
233 1596 278 47 “Privately
539 1595 190 48 printed
760 1596 79 37 for
866 1592 302 42 subscribers
1195 1593 127 46 only.

166 1648 1891 53 © Mar. 9, 1928; 2c. and aff. Apr. 27; A 1069976; Eugenics pub. co.
246 1709 282 49 (28-12702)

167 1804 352 61 Rocheleau,
550 1802 257 54 William
838 1800 265 53 Francis.

236 1883 283 52 Products
547 1881 63 53 of
636 1881 95 52 the
757 1880 104 53 soil;
919 1880 97 52 the
1042 1879 205 53 second
1273 1878 148 53 book
1447 1878 64 53 of
1537 1878 96 53 the
1662 1878 179 55 Great
1867 1878 310 53 American

165 1960 311 54 industries
513 1959 187 67 series,
735 1959 76 68 by
846 1960 89 52 W.
975 1959 64 50 F.
1079 1957 338 52 Rocheleau.
1491 1958 138 51 Rev.
1670 1976 103 48 ed.,
1813 1960 149 50 1928.
166 1956 1985 152 Chicago,

349 2038 72 53 A.
450 2038 302 68 Flanagan
781 2055 99 48 co.,
909 2039 150 50 1928.

237 2121 85 40 192
354 2132 41 37 p.
458 2120 143 47 illus.,
634 2121 171 46 plates.
869 2119 146 40 18½ᶜᵐ.

170 2174 1895 52 © May 2, 1928; 2c. May 7: aff. May 4; A 1074424; A. Flanagan co.
173 2287 170 61 Ross,
373 2286 221 52 Harold
627 2284 164 63 Ellis,
826 2288 170 49 1881-

238 2366 56 54 A
330 2366 331 68 laboratory
697 2364 172 69 guide
906 2364 59 53 in
1003 2363 167 68 dairy
1207 2363 269 69 industry
1514 2362 94 55 for
1646 2362 376 71 agricultural
2066 2364 108 53 and

168 2443 2011 71 vocational schools, by Harold Ellis Ross … Philadelphia,
167 2525 115 53 Lea
313 2526 46 50 &
388 2523 263 70 Febiger,
686 2526 149 49 1928.

238 2605 1183 51 vii, [17]-134 p. front., illus., diagr. 20½ ᶜᵐ .
240 2663 351 42 “References”
620 2665 52 39 at
700 2664 92 40 end
821 2663 52 40 of
900 2664 120 40 each
1051 2662 303 42 “Exercise”.

173 2719 52 52 ©
250 2725 115 46 May
389 2724 39 45 1,
453 2722 114 40 1928;
619 2722 69 41 2c.
714 2723 113 46 May
851 2722 26 38 2;
932 2721 83 41 aff.
1041 2722 114 47 May
1181 2721 27 41 8;
1261 2721 41 40 A
1326 2721 231 47 1077148;
1586 2722 97 40 Lea
1709 2722 36 40 &
1772 2721 217 49 Febiger.

251 2779 283 50 (28-12781)

176 2859 333 63 Routzahn,
537 2861 142 53 Mrs.
709 2860 173 63 Mary
910 2859 162 64 Bray
1076 2861 103 52 ton
1219 2859 260 65 (Swain)
1521 2862 171 50 1880-

245 2939 294 66 Publicity
584 2938 95 53 for
718 2938 174 53 social
934 2938 175 59 work,
1149 2937 77 69 by
1266 2938 173 68 Mary
1483 2937 195 57 Swain
1719 2938 307 54 Routzahn
2068 2939 113 53 and

176 3016 2005 70 Evart G. Routzahn … New York, Russell Sage foundation,
177 3100 150 50 1928.

242 3177 1117 49 xviii, 392 p. illus., plates, diagrs. 23½ ᶜᵐ .
177 3233 52 52 ©
257 3237 114 48 Apr.
398 3237 56 39 21,
499 3237 114 40 1928;
669 3237 67 39 2c.
765 3238 115 46 May
908 3237 52 45 5;
992 3236 81 41 aff.
1104 3238 114 46 May
1247 3238 26 39 7;
1331 3237 41 39 A
1401 3237 230 47 1074381;
1664 3239 193 39 Russell
1890 3238 123 44 Sage
245 3238 1918 96 foundation.

500 3292 279 49 (28-12802)

197 3383 252 61 [Russell,
485 3384 207 62 Henry
724 3383 357 67 Thompson]
1123 3382 173 55 1875-

246 3460 278 69 Brighter
559 3459 223 53 French
822 3458 96 54 for
952 3460 96 52 the
1086 3460 245 69 worldty
1370 3461 126 52 who
1536 3461 235 68 already
1808 3461 166 53 know
2015 3480 169 48 some,

176 3537 1711 69 by H. T. R. New York, Payson & Clarke ltd. [ ᶜ19 28]
280 3619 880 48 x, 240 p., 1 l. front., illus. 19 ᶜᵐ .
180 3673 52 52 ©
258 3678 121 39 Mar.
403 3677 71 47 24,
499 3676 142 47 1928;
666 3677 68 40 2c.
759 3678 122 40 Mar.
905 3677 83 47 24;
1016 3677 82 41 aff.
1125 3679 123 40 Mar.
1274 3678 83 48 29;
1384 3679 41 39 A
1451 3679 230 46 1060526;
1709 3681 191 38 Payson
1927 3681 36 39 &
1990 3681 190 42 Clarke,

249 3734 87 39 ltd.
408 3733 281 48 (28-12711)

175 3813 161 61 Sass,
370 3813 258 53 Herbert
660 3815 277 52 Ravenel.

246 3892 143 52 War
417 3893 213 64 drums,
656 3892 76 68 by
759 3893 252 53 Herbert
1037 3894 254 53 Ravenel
1323 3894 148 55 Sass.
1549 3895 232 55 Garden
1812 3896 154 68 City,
1992 3897 71 52 N.
2094 3898 70 50 Y.,

178 3970 356 70 Doubleday,
566 3972 199 52 Doran
794 3973 46 52 &
870 3990 298 52 company,
1196 3972 128 69 inc.,
1355 3977 151 51 1928.
