2498 4384
1048 4150 99 47 809

156 542 1617 54 3 p. l., 9-128 p. incl. XIII pl. plates (1 col., fold.) 20ᶜᵐ.
158 617 307 48 Descriptive
497 617 287 47 letterpress
817 626 61 29 on
911 625 167 29 versos
1111 613 169 48 facing
1311 614 82 40 the
1425 613 264 39 numbered
1723 613 173 47 plates.

100 684 52 52 ©
182 688 114 47 May
324 688 55 39 23,
483 687 83 42 1928;
597 687 67 39 2c.
694 687 94 38 and
820 684 82 42 aff.
933 686 113 45 May
1075 684 83 45 31;
1192 683 41 39 A
1263 682 229 47 1074754;
1527 683 196 39 Banner
1751 684 114 47 play
1896 684 199 38 bureau,

169 745 90 40 inc.
331 743 281 48 (28-13882)

95 840 262 62 Gamble,
393 839 238 54 Samuel
666 836 245 63 Walter,
950 839 171 50 1852-

167 918 464 55 Bacon-Gamble
663 916 225 53 ancient
920 916 111 52 and
1063 916 236 51 modern
1331 913 150 54 fixed
1515 914 131 53 date
1678 914 313 66 calendars,
2022 912 75 72 by

99 991 2000 71 Samuel Walter Gamble … [Washington, D. C., Board of
95 1081 376 62 temperance,
527 1073 355 69 prohibition
939 1072 113 53 and
1107 1072 195 68 public
1356 1071 212 53 morals
1623 1070 65 53 of
1741 1071 96 53 the
1892 1071 80 52 Μ.
2027 1071 70 53 E.

95 1154 229 66 church]
372 1159 17 22 ᶜ
395 1156 151 50 1928.

163 1233 938 52 3 p. l., [5]-16 p. fold. tab. 22½ᶜᵐ.
169 1308 39 38 A
242 1306 212 41 revision
488 1307 95 39 and
617 1305 148 41 union
799 1305 52 40 of
883 1305 82 40 the
997 1304 219 40 author’s
1253 1304 242 48 “Sunday,
1532 1304 81 40 the
1648 1307 110 39 true
1794 1304 216 41 Sabbath
2047 1305 52 41 of

97 1364 144 47 God”,
273 1364 119 40 with
426 1364 278 39 Alexander
736 1362 44 41 S.
813 1361 205 41 Bacon’s
1053 1360 235 42 “Ancient
1319 1360 300 41 calendars”.

97 1431 52 52 ©
180 1437 80 38 May
324 1435 67 47 18,
425 1434 140 43 1928;
597 1435 66 40 2c.
695 1436 96 38 and
821 1434 82 41 aff.
935 1435 114 46 May
1079 1433 82 47 18;
1196 1434 40 38 A
1268 1433 229 46 1074611;
1534 1433 44 41 S.
1611 1434 71 41 W.
1715 1432 213 44 Gamble,
1964 1434 133 48 Long

166 1493 176 46 Beach,
384 1492 146 40 Calif.
601 1490 280 50 (28-13829)

95 1586 266 63 Gautier,
391 1586 340 63 Théophile,
765 1584 327 54 1811-1872.

161 1666 330 68 Ménagerie
515 1666 218 63 intime,
760 1683 106 50 par
892 1664 319 68 Théophile
1240 1664 269 59 Gautier;
1539 1664 189 53 edited
1755 1665 140 52 with
1923 1671 178 60 notes,

88 1743 1947 69 questions, and vocabulary, by François de la Fontainerie …
90 1821 2003 70 New York, Newark [etc.] Silver, Burdett and company [ ᶜ 1928]
160 1906 80 47 vii,
271 1906 85 40 133
384 1917 44 37 p.
489 1906 146 40 18½ᶜᵐ.

430 2011 7 8 CONTENTS.
454 2001 60 6 —
528 1978 176 48 Temps
743 1978 211 40 anciens.
971 2001 60 5 —
1047 1977 241 47 Dynastie
1327 1979 281 39 blanche.—
1609 1978 240 47 Dynastie
1889 1978 213 41 noire.—
92 2036 117 41 Côté

240 2038 85 39 des
359 2035 543 45 chiens.—Caméléons,
936 2034 191 41 lézards
1160 2039 47 37 et
1242 2035 429 50 pies.—Chevaux.

99 2105 52 52 ©
178 2110 112 46 May
317 2109 25 40 8,
442 2108 83 46 1928;
552 2109 68 40 2c.
648 2110 114 46 May
786 2108 24 39 1;
868 2107 82 41 aff.
978 2109 114 46 May
1119 2107 52 46 9;
1201 2108 41 39 A
1268 2107 230 47 1077207;
1531 2107 169 48 Silver,
1729 2109 209 41 Burdett
1967 2108 36 40 &
2030 2119 68 30 co.

168 2161 69 54 [©
265 2165 347 47 introduction,
642 2167 138 38 notes
808 2166 97 39 and
934 2165 274 40 additional
1237 2164 244 50 material]

176 2223 282 48 (28-13813)

94 2317 209 62 Gesell,
335 2316 225 53 Arnold
592 2316 237 63 Lucius,
865 2320 170 49 1880-

162 2396 1939 69 Infancy and human growth, by Arnold Gesell … New
91 2475 179 68 York,
296 2476 123 52 The
444 2475 338 53 Macmillan
809 2494 299 50 company,
1139 2478 151 51 1928.

159 2558 920 49 xvii, 418 p. illus., diagrs. 22 ½ᶜᵐ .
161 2632 133 38 Each
323 2633 112 45 part
464 2631 235 47 preceded
729 2631 61 46 by
820 2630 237 40 half-title
1086 2632 84 38 not
1202 2630 227 40 included
1458 2631 50 39 in
1540 2632 82 40 the
1653 2631 193 49 paging.

101 2699 51 52 ©
189 2705 114 46 May
338 2703 55 39 15,
503 2703 82 46 1928;
622 2703 69 41 2c.
726 2704 95 38 and
858 2702 83 42 aff.
977 2704 113 46 May
1127 2703 82 46 16;
1247 2702 42 40 A
1323 2703 230 47 1074542;
1595 2704 282 40 Macmillan
1914 2715 67 30 co.

177 2760 282 48 (28-13860)

95 2856 163 64 Gold,
288 2856 283 53 Pleasant
602 2855 227 63 Daniel,
864 2856 172 54 1876-

163 2935 247 69 History
436 2934 65 53 of
526 2935 193 53 Duval
748 2933 246 72 County,
1022 2935 259 68 Florida,
1307 2935 76 70 by
1409 2936 273 53 Pleasant
1709 2936 210 54 Daniel
1948 2936 152 56 Gold

158 3012 1947 70 … also biographies of men and women who have done their
95 3096 133 64 part
258 3091 60 53 in
350 3090 239 70 making
620 3092 194 52 Duval
847 3091 247 70 County,
1125 3098 132 63 past
1291 3093 113 53 and
1439 3097 244 64 present.
1755 3092 84 57 St.
93 3093 1986 139 Augustine,

256 3170 144 66 Fla.,
428 3170 121 53 The
577 3169 221 54 Record
827 3189 299 51 company,
1157 3174 152 51 1928.

165 3251 85 41 693
278 3262 41 37 p.
345 3251 112 41 incl.
483 3251 144 49 illus.,
654 3256 150 44 ports,
863 3253 164 47 front.,
1056 3255 150 47 ports.
1267 3253 148 43 27½ᶜᵐ.

170 3323 300 41 “Historical
507 3324 96 39 and
639 3323 334 49 biographical
1011 3325 198 48 edition,
1250 3325 190 41 limited
1480 3329 47 38 to
1567 3327 138 40 three
1744 3327 222 41 hundred
2007 3329 95 40 and

95 3379 111 48 fifty
233 3379 174 49 copies.
468 3380 119 41 This
615 3391 119 38 copy
761 3380 43 42 is
830 3382 205 40 number
1064 3381 97 41 86.”

102 3448 52 52 ©
183 3454 113 46 May
324 3453 67 46 18,
422 3453 141 41 1928:
591 3454 68 39 2c.
688 3454 114 46 May
828 3453 55 40 25;
941 3453 82 40 aff.
1054 3455 112 47 May
1194 3455 57 38 24;
1308 3454 41 39 A
1376 3454 203 41 1077467;
1639 3457 49 39 P.
1719 3457 56 39 D.
1808 3456 134 42 Gold.
169 3457 1913 92 Daytona

322 3510 177 46 Beach,
541 3509 101 41 Fla.
715 3510 280 49 (28-13752)

100 3602 333 62 Gradwohl,
472 3603 371 54 Rutherford
881 3604 291 54 Birchard
1211 3606 220 62 Hayes,
1471 3605 171 54 1877-

163 3681 1931 70 Blood and urine chemistry, by R. B. H. Gradwohl … and
91 3758 2009 74 Ida E. Gradwohl … with 117 illustrations and 4 color plates.
95 3835 82 55 St.
210 3837 192 66 Louis,
434 3837 121 52 The
588 3835 61 56 C.
682 3837 70 53 V.
786 3838 206 68 Mosby
1022 3856 298 51 company,
1354 3842 151 50 1928.

160 3922 28 38 4
222 3931 43 37 p.
334 3952 8 15 l.,
377 3920 175 40 11-542
584 3931 44 37 p.
688 3921 145 47 illus.,
867 3922 87 39 col.
988 3922 171 47 plates,
1196 3922 182 45 diagrs.
1437 3923 146 40 26½ᶜᵐ.

162 3977 351 49 Bibliography
546 3980 51 38 at
630 3978 91 40 end
754 3977 52 40 of
837 3978 202 47 chapter
1158 4010 9 11 XVI,
1201 3979 96 40 and
1328 3978 405 50 bibliographical
1763 3981 279 42 foot-notes.

105 4030 52 52 ©
187 4035 115 47 May
329 4034 68 47 12,
429 4034 117 40 1928;
601 4034 68 41 2c.
699 4035 114 46 May
841 4035 84 45 24;
957 4034 83 41 aff.
1070 4035 114 47 May
1213 4035 84 46 23;
1330 4035 42 40 A
1400 4036 229 47 1077454;
1665 4038 48 41 C.
1745 4039 54 41 V.
1831 4040 172 41 Mosby
2029 4051 69 30 co.

183 4090 280 49 (28-13643)
