<alto xmlns="http://www.loc.gov/standards/alto/ns-v3#" xmlns:xlink="http://www.w3.org/1999/xlink" xmlns:xsi="http://www.w3.org/2001/XMLSchema-instance" xsi:schemaLocation="http://www.loc.gov/standards/alto/ns-v3# http://www.loc.gov/alto/v3/alto-3-0.xsd"><Description>
<MeasurementUnit>pixel</MeasurementUnit>
<sourceImageInformation>
<fileName>1928_v25_part001.pdf</fileName>
</sourceImageInformation>
<OCRProcessing ID="IdOcr">
<ocrProcessingStep>
<processingDateTime>2019-04-12</processingDateTime>
<processingSoftware>
<softwareCreator>ABBYY</softwareCreator>
<softwareName>ABBYY Recognition Server</softwareName>
<softwareVersion>4.0</softwareVersion>
</processingSoftware>
</ocrProcessingStep>
</OCRProcessing>
</Description>
<Styles>
<ParagraphStyle ID="StyleId-FFFFFFFF-FFFF-FFFF-FFFF-FFFFFFFFFFFF-" ALIGN="Left" LEFT="0." RIGHT="0." FIRSTLINE="0."/>
<ParagraphStyle ID="StyleId-0ECAC0CE-E1F0-4C69-A1B9-95E16886343B-" ALIGN="Left" LEFT="0." RIGHT="0." FIRSTLINE="0." LINESPACE="8.300000191"/>
<ParagraphStyle ID="StyleId-5C6F7A30-EC6F-4250-A8D3-0AE106DCDB5D-" ALIGN="Left" LEFT="0." RIGHT="0." FIRSTLINE="-13." LINESPACE="11.22999954"/>
<ParagraphStyle ID="StyleId-B258737E-7AF8-4B71-A0BF-0A1420B951F9-" ALIGN="Left" LEFT="0." RIGHT="0." FIRSTLINE="-13." LINESPACE="8.210000038"/>
<ParagraphStyle ID="StyleId-35C0EFA5-E89E-4731-B16E-5D3895F12270-" ALIGN="Block" LEFT="0." RIGHT="0." FIRSTLINE="-12." LINESPACE="11.22999954"/>
<ParagraphStyle ID="StyleId-7BD1F9B4-14BB-4AAF-864B-FED8FEA7DC43-" ALIGN="Left" LEFT="0." RIGHT="0." FIRSTLINE="0."/>
<ParagraphStyle ID="StyleId-CD2DA0E5-536D-42AE-AE16-8D9F5C008D5A-" ALIGN="Block" LEFT="0." RIGHT="0." FIRSTLINE="-12." LINESPACE="10."/>
<ParagraphStyle ID="StyleId-AF408F88-EED5-4CE2-A229-3F852C18D9BD-" ALIGN="Block" LEFT="0." RIGHT="0." FIRSTLINE="-14." LINESPACE="10."/>
<ParagraphStyle ID="StyleId-829CD741-943D-4B7B-9638-57AB73DE2567-" ALIGN="Center" LEFT="0." RIGHT="0." FIRSTLINE="0." LINESPACE="9.399999619"/>
<ParagraphStyle ID="StyleId-B271BDFA-6037-4875-BA99-885A067668E9-" ALIGN="Left" LEFT="0." RIGHT="0." FIRSTLINE="-14." LINESPACE="11.21000004"/>
<ParagraphStyle ID="StyleId-64F9C1D8-EA12-4F65-AD18-B72A4C6B556F-" ALIGN="Center" LEFT="0." RIGHT="0." FIRSTLINE="0." LINESPACE="11.60000038"/>
<ParagraphStyle ID="StyleId-44DA2756-E57B-4EF3-9BA4-FC1C14776DE3-" ALIGN="Left" LEFT="0." RIGHT="0." FIRSTLINE="-12." LINESPACE="12.19999981"/>
<ParagraphStyle ID="StyleId-D1D9AF19-8CA6-4F74-9AEC-1B4545205AD7-" ALIGN="Center" LEFT="0." RIGHT="0." FIRSTLINE="0." LINESPACE="11.60000038"/>
<ParagraphStyle ID="StyleId-3ADA1556-6D19-417D-8046-68449BF368BA-" ALIGN="Left" LEFT="0." RIGHT="0." FIRSTLINE="-13." LINESPACE="12.19999981"/>
<ParagraphStyle ID="StyleId-7443A930-B325-44B5-9AB8-B42B4EC78C89-" ALIGN="Block" LEFT="0." RIGHT="0." FIRSTLINE="13." LINESPACE="8.619999886"/>
<ParagraphStyle ID="StyleId-C9A9E480-E448-4934-9AF8-3D252792E396-" ALIGN="Left" LEFT="0." RIGHT="0." FIRSTLINE="-12." LINESPACE="11.38000011"/>
<ParagraphStyle ID="StyleId-73039842-464C-49B9-9440-4C0D0E749DFE-" ALIGN="Center" LEFT="0." RIGHT="0." FIRSTLINE="0." LINESPACE="11.10000038"/>
<ParagraphStyle ID="StyleId-C51F6AC2-80DA-4C65-849C-6E2D5F548EA4-" ALIGN="Left" LEFT="0." RIGHT="0." FIRSTLINE="0." LINESPACE="7.699999809"/>
<ParagraphStyle ID="StyleId-494190D9-BDDC-4834-A745-6AF520F91CD0-" ALIGN="Block" LEFT="0." RIGHT="0." FIRSTLINE="-12." LINESPACE="11.22999954"/>
<ParagraphStyle ID="StyleId-68D39D31-3386-4B28-8C90-DA9420961D78-" ALIGN="Left" LEFT="0." RIGHT="0." FIRSTLINE="0." LINESPACE="11.60000038"/>
<ParagraphStyle ID="StyleId-DF0CE7C7-E73E-44FE-8867-C904BD7F3F42-" ALIGN="Block" LEFT="0." RIGHT="0." FIRSTLINE="0." LINESPACE="12.19999981"/>
</Styles>
<Layout>
<Page ID="Page1031" PHYSICAL_IMG_NR="1031" HEIGHT="4384" WIDTH="2498">
<TopMargin HEIGHT="391" WIDTH="2498" VPOS="0" HPOS="0">
</TopMargin>
<LeftMargin HEIGHT="3649" WIDTH="39" VPOS="391" HPOS="0">
</LeftMargin>
<RightMargin HEIGHT="3649" WIDTH="319" VPOS="391" HPOS="2179">
</RightMargin>
<BottomMargin HEIGHT="344" WIDTH="2498" VPOS="4040" HPOS="0">
</BottomMargin>
<PrintSpace HEIGHT="3649" WIDTH="2140" VPOS="391" HPOS="39">
<TextBlock ID="Page1031_Block1" HEIGHT="72" WIDTH="154" VPOS="3968" HPOS="1020" LANG="en-US" STYLEREFS="StyleId-79BEF610-45DE-4815-A7A1-0ECD3E1953D8-">
<TextLine HEIGHT="51" WIDTH="134" VPOS="3978" HPOS="1031">
<String CONTENT="1031" HEIGHT="51" WIDTH="134" VPOS="3978" HPOS="1031"/>
</TextLine>
</TextBlock>
<TextBlock ID="Page1031_Block2" HEIGHT="3585" WIDTH="2140" VPOS="391" HPOS="39" LANG="en-US" CS="1" STYLEREFS="StyleId-CE078022-8086-412E-8A0C-42677E3B771C-">
<TextLine HEIGHT="58" WIDTH="1925" VPOS="403" HPOS="178">
<String CONTENT="Appended" HEIGHT="49" WIDTH="263" VPOS="412" HPOS="178"/>
<SP HEIGHT="40" WIDTH="35" VPOS="412" HPOS="442"/>
<String CONTENT="to" HEIGHT="38" WIDTH="48" VPOS="413" HPOS="478"/>
<SP HEIGHT="38" WIDTH="36" VPOS="413" HPOS="527"/>
<String CONTENT="the" HEIGHT="39" WIDTH="83" VPOS="411" HPOS="564"/>
<SP HEIGHT="40" WIDTH="33" VPOS="410" HPOS="648"/>
<String CONTENT="handbook" HEIGHT="40" WIDTH="257" VPOS="409" HPOS="682"/>
<SP HEIGHT="39" WIDTH="35" VPOS="409" HPOS="940"/>
<String CONTENT="are:" HEIGHT="30" WIDTH="110" VPOS="418" HPOS="976"/>
<SP HEIGHT="40" WIDTH="39" VPOS="407" HPOS="1087"/>
<String CONTENT="Eclipse" HEIGHT="47" WIDTH="194" VPOS="407" HPOS="1127"/>
<SP HEIGHT="30" WIDTH="34" VPOS="416" HPOS="1322"/>
<String CONTENT="series" HEIGHT="41" WIDTH="151" VPOS="405" HPOS="1357"/>
<SP HEIGHT="41" WIDTH="39" VPOS="405" HPOS="1509"/>
<String CONTENT="&#8220;6&#8221;" HEIGHT="42" WIDTH="82" VPOS="404" HPOS="1549"/>
<SP HEIGHT="41" WIDTH="39" VPOS="404" HPOS="1632"/>
<String CONTENT="aviation" HEIGHT="43" WIDTH="219" VPOS="403" HPOS="1672"/>
<SP HEIGHT="30" WIDTH="37" VPOS="415" HPOS="1892"/>
<String CONTENT="engine" HEIGHT="50" WIDTH="173" VPOS="403" HPOS="1930"/>
</TextLine>
<TextLine HEIGHT="53" WIDTH="1995" VPOS="462" HPOS="107">
<String CONTENT="starter" HEIGHT="37" WIDTH="182" VPOS="473" HPOS="107"/>
<SP HEIGHT="40" WIDTH="23" VPOS="469" HPOS="290"/>
<String CONTENT="instruction" HEIGHT="41" WIDTH="293" VPOS="468" HPOS="314"/>
<SP HEIGHT="41" WIDTH="22" VPOS="467" HPOS="608"/>
<String CONTENT="book," HEIGHT="48" WIDTH="135" VPOS="467" HPOS="631"/>
<SP HEIGHT="48" WIDTH="24" VPOS="467" HPOS="767"/>
<String CONTENT="by" HEIGHT="47" WIDTH="61" VPOS="467" HPOS="792"/>
<SP HEIGHT="47" WIDTH="24" VPOS="467" HPOS="854"/>
<String CONTENT="Eclipse" HEIGHT="48" WIDTH="191" VPOS="465" HPOS="879"/>
<SP HEIGHT="29" WIDTH="23" VPOS="475" HPOS="1071"/>
<String CONTENT="machine" HEIGHT="40" WIDTH="223" VPOS="464" HPOS="1095"/>
<SP HEIGHT="29" WIDTH="24" VPOS="475" HPOS="1319"/>
<String CONTENT="company," HEIGHT="38" WIDTH="248" VPOS="473" HPOS="1344"/>
<SP HEIGHT="47" WIDTH="26" VPOS="463" HPOS="1593"/>
<String CONTENT="Hoboken;" HEIGHT="43" WIDTH="261" VPOS="462" HPOS="1620"/>
<SP HEIGHT="42" WIDTH="29" VPOS="463" HPOS="1882"/>
<String CONTENT="Eclipse" HEIGHT="48" WIDTH="190" VPOS="462" HPOS="1912"/>
</TextLine>
<TextLine HEIGHT="64" WIDTH="2002" VPOS="508" HPOS="106">
<String CONTENT="aviation" HEIGHT="41" WIDTH="217" VPOS="525" HPOS="106"/>
<SP HEIGHT="29" WIDTH="23" VPOS="536" HPOS="324"/>
<String CONTENT="engine" HEIGHT="48" WIDTH="172" VPOS="524" HPOS="348"/>
<SP HEIGHT="38" WIDTH="19" VPOS="534" HPOS="521"/>
<String CONTENT="generator" HEIGHT="47" WIDTH="258" VPOS="525" HPOS="541"/>
<SP HEIGHT="39" WIDTH="20" VPOS="523" HPOS="800"/>
<String CONTENT="instruction" HEIGHT="41" WIDTH="294" VPOS="521" HPOS="821"/>
<SP HEIGHT="39" WIDTH="23" VPOS="521" HPOS="1116"/>
<String CONTENT="book," HEIGHT="47" WIDTH="137" VPOS="520" HPOS="1140"/>
<SP HEIGHT="47" WIDTH="24" VPOS="520" HPOS="1278"/>
<String CONTENT="by" HEIGHT="47" WIDTH="60" VPOS="520" HPOS="1303"/>
<SP HEIGHT="47" WIDTH="23" VPOS="520" HPOS="1364"/>
<String CONTENT="Eclipse" HEIGHT="49" WIDTH="194" VPOS="518" HPOS="1388"/>
<SP HEIGHT="31" WIDTH="20" VPOS="527" HPOS="1583"/>
<String CONTENT="machine" HEIGHT="42" WIDTH="225" VPOS="517" HPOS="1604"/>
<SP HEIGHT="31" WIDTH="22" VPOS="528" HPOS="1830"/>
<String CONTENT="company,&#8217;" HEIGHT="58" WIDTH="255" VPOS="508" HPOS="1853"/>
</TextLine>
<TextLine HEIGHT="111" WIDTH="1980" VPOS="575" HPOS="107" CS="1">
<String CONTENT="East" HEIGHT="39" WIDTH="120" VPOS="585" HPOS="110"/>
<SP HEIGHT="42" WIDTH="30" VPOS="582" HPOS="231"/>
<String CONTENT="Orange," HEIGHT="48" WIDTH="203" VPOS="582" HPOS="262"/>
<SP HEIGHT="48" WIDTH="30" VPOS="582" HPOS="466"/>
<String CONTENT="N." HEIGHT="40" WIDTH="57" VPOS="582" HPOS="497"/>
<SP HEIGHT="41" WIDTH="30" VPOS="581" HPOS="555"/>
<String CONTENT="J.;" HEIGHT="46" WIDTH="71" VPOS="581" HPOS="586"/>
<SP HEIGHT="46" WIDTH="36" VPOS="581" HPOS="658"/>
<String CONTENT="Scientific" HEIGHT="42" WIDTH="242" VPOS="579" HPOS="695"/>
<SP HEIGHT="29" WIDTH="29" VPOS="590" HPOS="938"/>
<String CONTENT="aircraft" HEIGHT="41" WIDTH="212" VPOS="578" HPOS="968"/>
<SP HEIGHT="37" WIDTH="27" VPOS="581" HPOS="1181"/>
<String CONTENT="magneto," HEIGHT="46" WIDTH="240" VPOS="579" HPOS="1209"/>
<SP HEIGHT="38" WIDTH="31" VPOS="587" HPOS="1450"/>
<String CONTENT="parts" HEIGHT="46" WIDTH="137" VPOS="579" HPOS="1482"/>
<SP HEIGHT="39" WIDTH="31" VPOS="577" HPOS="1620"/>
<String CONTENT="list" HEIGHT="41" WIDTH="86" VPOS="576" HPOS="1652"/>
<SP HEIGHT="38" WIDTH="28" VPOS="579" HPOS="1739"/>
<String CONTENT="and" HEIGHT="39" WIDTH="96" VPOS="578" HPOS="1768"/>
<SP HEIGHT="42" WIDTH="31" VPOS="575" HPOS="1865"/>
<String CONTENT="instruction" HEIGHT="105" WIDTH="1980" VPOS="575" HPOS="107"/>
<SP HEIGHT="39" WIDTH="25" VPOS="640" HPOS="211"/>
<String CONTENT="book," HEIGHT="47" WIDTH="135" VPOS="639" HPOS="237"/>
</TextLine>
<TextLine HEIGHT="52" WIDTH="1703" VPOS="633" HPOS="400">
<String CONTENT="issued" HEIGHT="39" WIDTH="164" VPOS="639" HPOS="400"/>
<SP HEIGHT="40" WIDTH="26" VPOS="638" HPOS="565"/>
<String CONTENT="by" HEIGHT="47" WIDTH="61" VPOS="638" HPOS="592"/>
<SP HEIGHT="47" WIDTH="27" VPOS="638" HPOS="654"/>
<String CONTENT="Scintilla" HEIGHT="42" WIDTH="225" VPOS="636" HPOS="682"/>
<SP HEIGHT="30" WIDTH="25" VPOS="646" HPOS="908"/>
<String CONTENT="magneto" HEIGHT="47" WIDTH="227" VPOS="637" HPOS="934"/>
<SP HEIGHT="31" WIDTH="24" VPOS="645" HPOS="1162"/>
<String CONTENT="co.," HEIGHT="38" WIDTH="83" VPOS="645" HPOS="1187"/>
<SP HEIGHT="49" WIDTH="27" VPOS="634" HPOS="1271"/>
<String CONTENT="inc.," HEIGHT="48" WIDTH="105" VPOS="634" HPOS="1299"/>
<SP HEIGHT="48" WIDTH="30" VPOS="634" HPOS="1405"/>
<String CONTENT="Sidney," HEIGHT="48" WIDTH="192" VPOS="633" HPOS="1436"/>
<SP HEIGHT="48" WIDTH="28" VPOS="633" HPOS="1629"/>
<String CONTENT="N." HEIGHT="41" WIDTH="56" VPOS="633" HPOS="1658"/>
<SP HEIGHT="41" WIDTH="25" VPOS="633" HPOS="1715"/>
<String CONTENT="Y.;" HEIGHT="44" WIDTH="81" VPOS="633" HPOS="1741"/>
<SP HEIGHT="44" WIDTH="29" VPOS="633" HPOS="1823"/>
<String CONTENT="Propeller" HEIGHT="48" WIDTH="250" VPOS="633" HPOS="1853"/>
</TextLine>
<TextLine HEIGHT="56" WIDTH="1996" VPOS="687" HPOS="108">
<String CONTENT="section," HEIGHT="48" WIDTH="196" VPOS="695" HPOS="108"/>
<SP HEIGHT="48" WIDTH="40" VPOS="695" HPOS="305"/>
<String CONTENT="Standard" HEIGHT="41" WIDTH="248" VPOS="694" HPOS="346"/>
<SP HEIGHT="40" WIDTH="35" VPOS="694" HPOS="595"/>
<String CONTENT="steel" HEIGHT="40" WIDTH="120" VPOS="693" HPOS="631"/>
<SP HEIGHT="47" WIDTH="36" VPOS="693" HPOS="752"/>
<String CONTENT="propeller" HEIGHT="47" WIDTH="241" VPOS="693" HPOS="789"/>
<SP HEIGHT="30" WIDTH="34" VPOS="702" HPOS="1031"/>
<String CONTENT="co.," HEIGHT="38" WIDTH="83" VPOS="701" HPOS="1066"/>
<SP HEIGHT="47" WIDTH="40" VPOS="692" HPOS="1150"/>
<String CONTENT="Pittsburgh;" HEIGHT="48" WIDTH="316" VPOS="690" HPOS="1191"/>
<SP HEIGHT="47" WIDTH="41" VPOS="689" HPOS="1508"/>
<String CONTENT="Instructions" HEIGHT="42" WIDTH="329" VPOS="687" HPOS="1550"/>
<SP HEIGHT="30" WIDTH="38" VPOS="699" HPOS="1880"/>
<String CONTENT="on" HEIGHT="30" WIDTH="60" VPOS="699" HPOS="1919"/>
<SP HEIGHT="38" WIDTH="40" VPOS="690" HPOS="1980"/>
<String CONTENT="the" HEIGHT="40" WIDTH="83" VPOS="688" HPOS="2021"/>
</TextLine>
<TextLine HEIGHT="107" WIDTH="1980" VPOS="743" HPOS="108" CS="1">
<String LANG="de" CONTENT="Stromberg" HEIGHT="48" WIDTH="280" VPOS="752" HPOS="110"/>
<SP HEIGHT="38" WIDTH="32" VPOS="762" HPOS="391"/>
<String CONTENT="model" HEIGHT="39" WIDTH="157" VPOS="751" HPOS="424"/>
<SP HEIGHT="40" WIDTH="35" VPOS="750" HPOS="582"/>
<String CONTENT="NA-Y7A" HEIGHT="41" WIDTH="232" VPOS="749" HPOS="618"/>
<SP HEIGHT="40" WIDTH="34" VPOS="749" HPOS="851"/>
<String CONTENT="carburetor;" HEIGHT="46" WIDTH="313" VPOS="749" HPOS="886"/>
<SP HEIGHT="48" WIDTH="38" VPOS="747" HPOS="1200"/>
<String CONTENT="Aeromarine" HEIGHT="42" WIDTH="319" VPOS="745" HPOS="1239"/>
<SP HEIGHT="42" WIDTH="35" VPOS="744" HPOS="1559"/>
<String CONTENT="inertia" HEIGHT="42" WIDTH="179" VPOS="744" HPOS="1595"/>
<SP HEIGHT="31" WIDTH="37" VPOS="755" HPOS="1775"/>
<String CONTENT="starter" HEIGHT="39" WIDTH="184" VPOS="747" HPOS="1813"/>
<SP HEIGHT="41" WIDTH="37" VPOS="743" HPOS="1998"/>
<String CONTENT="instruction" HEIGHT="107" WIDTH="1980" VPOS="743" HPOS="108"/>
</TextLine>
<TextLine HEIGHT="53" WIDTH="1452" VPOS="803" HPOS="376">
<String CONTENT="book," HEIGHT="48" WIDTH="136" VPOS="808" HPOS="376"/>
<SP HEIGHT="48" WIDTH="27" VPOS="808" HPOS="513"/>
<String CONTENT="by" HEIGHT="47" WIDTH="61" VPOS="808" HPOS="541"/>
<SP HEIGHT="47" WIDTH="25" VPOS="808" HPOS="603"/>
<String CONTENT="Aeromarine" HEIGHT="41" WIDTH="319" VPOS="806" HPOS="629"/>
<SP HEIGHT="30" WIDTH="26" VPOS="817" HPOS="949"/>
<String CONTENT="starter" HEIGHT="40" WIDTH="183" VPOS="807" HPOS="976"/>
<SP HEIGHT="29" WIDTH="26" VPOS="817" HPOS="1160"/>
<String CONTENT="co.," HEIGHT="38" WIDTH="83" VPOS="815" HPOS="1187"/>
<SP HEIGHT="49" WIDTH="27" VPOS="804" HPOS="1271"/>
<String CONTENT="inc.," HEIGHT="48" WIDTH="106" VPOS="804" HPOS="1299"/>
<SP HEIGHT="48" WIDTH="28" VPOS="804" HPOS="1406"/>
<String LANG="de" CONTENT="Keyport," HEIGHT="48" WIDTH="232" VPOS="804" HPOS="1435"/>
<SP HEIGHT="48" WIDTH="26" VPOS="803" HPOS="1668"/>
<String CONTENT="N." HEIGHT="42" WIDTH="60" VPOS="803" HPOS="1695"/>
<SP HEIGHT="42" WIDTH="25" VPOS="803" HPOS="1756"/>
<String CONTENT="J." HEIGHT="42" WIDTH="46" VPOS="803" HPOS="1782"/>
</TextLine>
<TextLine HEIGHT="56" WIDTH="1996" VPOS="873" HPOS="108" CS="1">
<String CONTENT="&#169;" HEIGHT="51" WIDTH="52" VPOS="878" HPOS="108"/>
<SP HEIGHT="51" WIDTH="23" VPOS="878" HPOS="161"/>
<String CS="1" CONTENT="July" HEIGHT="39" WIDTH="81" VPOS="882" HPOS="185"/>
<SP HEIGHT="40" WIDTH="19" VPOS="881" HPOS="303"/>
<String CONTENT="3." HEIGHT="41" WIDTH="39" VPOS="881" HPOS="323"/>
<SP HEIGHT="41" WIDTH="23" VPOS="881" HPOS="363"/>
<String CS="1" CONTENT="1928;"/>
<SP HEIGHT="41" WIDTH="25" VPOS="880" HPOS="529"/>
<String CONTENT="2c." HEIGHT="41" WIDTH="67" VPOS="880" HPOS="555"/>
<SP HEIGHT="31" WIDTH="22" VPOS="890" HPOS="623"/>
<String CONTENT="and" HEIGHT="39" WIDTH="96" VPOS="882" HPOS="646"/>
<SP HEIGHT="39" WIDTH="22" VPOS="882" HPOS="743"/>
<String CONTENT="aff." HEIGHT="41" WIDTH="81" VPOS="878" HPOS="766"/>
<SP HEIGHT="41" WIDTH="23" VPOS="878" HPOS="848"/>
<String CONTENT="July" HEIGHT="47" WIDTH="116" VPOS="878" HPOS="872"/>
<SP HEIGHT="47" WIDTH="22" VPOS="878" HPOS="989"/>
<String CONTENT="5;" HEIGHT="46" WIDTH="52" VPOS="878" HPOS="1012"/>
<SP HEIGHT="46" WIDTH="24" VPOS="878" HPOS="1065"/>
<!-- cceid 23BB2EB3-6CB2-1014-A20E-B9D6251C946A --><String CONTENT="A" HEIGHT="38" WIDTH="42" VPOS="878" HPOS="1090"/>
<SP HEIGHT="39" WIDTH="21" VPOS="877" HPOS="1133"/>
<String CONTENT="1082455;" HEIGHT="48" WIDTH="231" VPOS="875" HPOS="1155"/>
<SP HEIGHT="47" WIDTH="25" VPOS="876" HPOS="1387"/>
<String CONTENT="Pratt" HEIGHT="41" WIDTH="142" VPOS="876" HPOS="1413"/>
<SP HEIGHT="41" WIDTH="23" VPOS="875" HPOS="1556"/>
<String CONTENT="&amp;" HEIGHT="40" WIDTH="36" VPOS="875" HPOS="1580"/>
<SP HEIGHT="41" WIDTH="22" VPOS="875" HPOS="1617"/>
<String CONTENT="Whitney" HEIGHT="48" WIDTH="229" VPOS="875" HPOS="1640"/>
<SP HEIGHT="38" WIDTH="23" VPOS="885" HPOS="1870"/>
<String CONTENT="aircraft" HEIGHT="42" WIDTH="210" VPOS="873" HPOS="1894"/>
</TextLine>
<TextLine HEIGHT="67" WIDTH="419" VPOS="919" HPOS="176" CS="1">
<String CONTENT="co." HEIGHT="32" WIDTH="67" VPOS="947" HPOS="176"/>
<SP HEIGHT="60" WIDTH="27" VPOS="919" HPOS="244"/>
<String CS="1" CONTENT="(28-17196)" HEIGHT="50" WIDTH="281" VPOS="936" HPOS="314"/>
</TextLine>
<TextLine HEIGHT="64" WIDTH="791" VPOS="1044" HPOS="101" STYLEREFS="StyleId-76ECCB6B-AE98-4A02-9E43-7EEDBE3A3105-">
<String CONTENT="Rogers," HEIGHT="63" WIDTH="246" VPOS="1045" HPOS="101"/>
<SP HEIGHT="63" WIDTH="32" VPOS="1044" HPOS="348"/>
<String CONTENT="Cameron," HEIGHT="62" WIDTH="308" VPOS="1044" HPOS="381"/>
<SP HEIGHT="58" WIDTH="32" VPOS="1048" HPOS="690"/>
<String CONTENT="1900-" HEIGHT="50" WIDTH="169" VPOS="1046" HPOS="723"/>
</TextLine>
<TextLine HEIGHT="137" WIDTH="1981" VPOS="1116" HPOS="100" STYLEREFS="StyleId-3DE87275-8DF6-4C8C-99EE-FC1435A9EFFF-" CS="1">
<String CONTENT="The" HEIGHT="53" WIDTH="121" VPOS="1122" HPOS="169"/>
<SP HEIGHT="53" WIDTH="31" VPOS="1122" HPOS="291"/>
<String CONTENT="legend" HEIGHT="68" WIDTH="204" VPOS="1122" HPOS="323"/>
<SP HEIGHT="52" WIDTH="30" VPOS="1122" HPOS="528"/>
<String CONTENT="of" HEIGHT="53" WIDTH="65" VPOS="1120" HPOS="559"/>
<SP HEIGHT="55" WIDTH="33" VPOS="1120" HPOS="625"/>
<String CONTENT="Calvin" HEIGHT="55" WIDTH="205" VPOS="1120" HPOS="659"/>
<SP HEIGHT="55" WIDTH="35" VPOS="1120" HPOS="865"/>
<String CONTENT="Coolidge," HEIGHT="68" WIDTH="293" VPOS="1120" HPOS="901"/>
<SP HEIGHT="68" WIDTH="29" VPOS="1119" HPOS="1195"/>
<String CONTENT="by" HEIGHT="69" WIDTH="77" VPOS="1119" HPOS="1225"/>
<SP HEIGHT="70" WIDTH="31" VPOS="1118" HPOS="1303"/>
<String CONTENT="Cameron" HEIGHT="55" WIDTH="281" VPOS="1118" HPOS="1335"/>
<SP HEIGHT="52" WIDTH="31" VPOS="1118" HPOS="1617"/>
<String CONTENT="Rogers." HEIGHT="68" WIDTH="236" VPOS="1118" HPOS="1649"/>
<SP HEIGHT="55" WIDTH="73" VPOS="1116" HPOS="1886"/>
<String CONTENT="Garden" HEIGHT="137" WIDTH="1981" VPOS="1116" HPOS="100"/>
</TextLine>
<TextLine HEIGHT="71" WIDTH="1725" VPOS="1196" HPOS="239" STYLEREFS="StyleId-3DE87275-8DF6-4C8C-99EE-FC1435A9EFFF-">
<String CONTENT="City," HEIGHT="69" WIDTH="152" VPOS="1198" HPOS="239"/>
<SP HEIGHT="66" WIDTH="27" VPOS="1199" HPOS="392"/>
<String CONTENT="N." HEIGHT="53" WIDTH="70" VPOS="1199" HPOS="420"/>
<SP HEIGHT="52" WIDTH="30" VPOS="1199" HPOS="491"/>
<String CONTENT="Y.," HEIGHT="66" WIDTH="89" VPOS="1199" HPOS="522"/>
<SP HEIGHT="66" WIDTH="27" VPOS="1199" HPOS="612"/>
<String CONTENT="Doubleday," HEIGHT="69" WIDTH="358" VPOS="1198" HPOS="640"/>
<SP HEIGHT="64" WIDTH="26" VPOS="1199" HPOS="999"/>
<String CONTENT="Doran" HEIGHT="51" WIDTH="195" VPOS="1199" HPOS="1026"/>
<SP HEIGHT="50" WIDTH="31" VPOS="1199" HPOS="1222"/>
<String CONTENT="&amp;" HEIGHT="50" WIDTH="46" VPOS="1199" HPOS="1254"/>
<SP HEIGHT="50" WIDTH="25" VPOS="1199" HPOS="1301"/>
<String CONTENT="company," HEIGHT="51" WIDTH="300" VPOS="1214" HPOS="1327"/>
<SP HEIGHT="67" WIDTH="26" VPOS="1196" HPOS="1628"/>
<String CONTENT="inc.," HEIGHT="65" WIDTH="126" VPOS="1196" HPOS="1655"/>
<SP HEIGHT="62" WIDTH="30" VPOS="1199" HPOS="1782"/>
<String CONTENT="1928." HEIGHT="50" WIDTH="151" VPOS="1197" HPOS="1813"/>
</TextLine>
<TextLine HEIGHT="49" WIDTH="542" VPOS="1282" HPOS="167" CS="1">
<String CONTENT="4" HEIGHT="38" WIDTH="28" VPOS="1284" HPOS="167"/>
<SP HEIGHT="47" WIDTH="26" VPOS="1284" HPOS="196"/>
<String CONTENT="p." HEIGHT="37" WIDTH="43" VPOS="1294" HPOS="223"/>
<SP/>
<String CS="1" CONTENT="l.,"/>
<SP HEIGHT="47" WIDTH="29" VPOS="1283" HPOS="341"/>
<String CONTENT="179" HEIGHT="41" WIDTH="88" VPOS="1282" HPOS="371"/>
<SP HEIGHT="48" WIDTH="28" VPOS="1282" HPOS="460"/>
<String CONTENT="p." HEIGHT="37" WIDTH="43" VPOS="1293" HPOS="489"/>
<SP HEIGHT="40" WIDTH="58" VPOS="1283" HPOS="533"/>
<String CS="1" CONTENT="19&#7580;&#7504;." HEIGHT="41" WIDTH="117" VPOS="1282" HPOS="592"/>
</TextLine>
<TextLine HEIGHT="52" WIDTH="1998" VPOS="1349" HPOS="109">
<String CONTENT="&#169;" HEIGHT="52" WIDTH="51" VPOS="1349" HPOS="109"/>
<SP HEIGHT="52" WIDTH="32" VPOS="1349" HPOS="161"/>
<String CONTENT="May" HEIGHT="46" WIDTH="113" VPOS="1355" HPOS="194"/>
<SP HEIGHT="47" WIDTH="29" VPOS="1354" HPOS="308"/>
<String CONTENT="21," HEIGHT="48" WIDTH="69" VPOS="1353" HPOS="338"/>
<SP HEIGHT="47" WIDTH="31" VPOS="1354" HPOS="408"/>
<String CONTENT="1928;" HEIGHT="46" WIDTH="141" VPOS="1353" HPOS="440"/>
<SP HEIGHT="46" WIDTH="32" VPOS="1353" HPOS="582"/>
<String CONTENT="2c." HEIGHT="40" WIDTH="68" VPOS="1353" HPOS="615"/>
<SP HEIGHT="30" WIDTH="31" VPOS="1363" HPOS="684"/>
<String CONTENT="and" HEIGHT="39" WIDTH="97" VPOS="1354" HPOS="716"/>
<SP HEIGHT="39" WIDTH="29" VPOS="1354" HPOS="814"/>
<String CONTENT="aff." HEIGHT="40" WIDTH="83" VPOS="1352" HPOS="844"/>
<SP HEIGHT="40" WIDTH="30" VPOS="1352" HPOS="928"/>
<String CONTENT="July" HEIGHT="47" WIDTH="116" VPOS="1352" HPOS="959"/>
<SP HEIGHT="47" WIDTH="31" VPOS="1352" HPOS="1076"/>
<String CONTENT="5;" HEIGHT="46" WIDTH="53" VPOS="1352" HPOS="1108"/>
<SP HEIGHT="47" WIDTH="32" VPOS="1351" HPOS="1162"/>
<!-- cceid 23BBBBEE-6CB2-1014-A20E-B9D6251C946A --><String CONTENT="A" HEIGHT="40" WIDTH="44" VPOS="1351" HPOS="1195"/>
<SP HEIGHT="40" WIDTH="28" VPOS="1351" HPOS="1240"/>
<String CONTENT="1083128;" HEIGHT="47" WIDTH="229" VPOS="1350" HPOS="1269"/>
<SP HEIGHT="46" WIDTH="36" VPOS="1351" HPOS="1499"/>
<String CONTENT="Doubleday," HEIGHT="47" WIDTH="298" VPOS="1351" HPOS="1536"/>
<SP HEIGHT="48" WIDTH="33" VPOS="1350" HPOS="1835"/>
<String CONTENT="Doran" HEIGHT="39" WIDTH="167" VPOS="1350" HPOS="1869"/>
<SP HEIGHT="40" WIDTH="31" VPOS="1349" HPOS="2037"/>
<String CONTENT="&amp;" HEIGHT="40" WIDTH="38" VPOS="1349" HPOS="2069"/>
</TextLine>
<TextLine HEIGHT="51" WIDTH="552" VPOS="1407" HPOS="175">
<String CONTENT="co.," HEIGHT="37" WIDTH="81" VPOS="1421" HPOS="175"/>
<SP HEIGHT="48" WIDTH="27" VPOS="1410" HPOS="257"/>
<String CONTENT="inc." HEIGHT="40" WIDTH="91" VPOS="1410" HPOS="285"/>
<SP HEIGHT="48" WIDTH="70" VPOS="1409" HPOS="377"/>
<String CONTENT="(28-17087)" HEIGHT="50" WIDTH="279" VPOS="1407" HPOS="448"/>
</TextLine>
<TextLine HEIGHT="69" WIDTH="1142" VPOS="1516" HPOS="102" STYLEREFS="StyleId-76ECCB6B-AE98-4A02-9E43-7EEDBE3A3105-" CS="1">
<String CONTENT="Scott," HEIGHT="63" WIDTH="185" VPOS="1519" HPOS="102"/>
<SP HEIGHT="62" WIDTH="28" VPOS="1520" HPOS="288"/>
<String CONTENT="Sir" HEIGHT="52" WIDTH="102" VPOS="1520" HPOS="317"/>
<SP HEIGHT="53" WIDTH="24" VPOS="1519" HPOS="420"/>
<String CONTENT="Walter," HEIGHT="65" WIDTH="243" VPOS="1516" HPOS="445"/>
<SP HEIGHT="62" WIDTH="32" VPOS="1519" HPOS="689"/>
<String CS="1" CONTENT="bart.," HEIGHT="61" WIDTH="125" VPOS="1524" HPOS="758"/>
<SP HEIGHT="63" WIDTH="32" VPOS="1522" HPOS="884"/>
<String CONTENT="1771-1832." HEIGHT="55" WIDTH="327" VPOS="1516" HPOS="917"/>
</TextLine>
<TextLine HEIGHT="73" WIDTH="1940" VPOS="1592" HPOS="168" STYLEREFS="StyleId-3DE87275-8DF6-4C8C-99EE-FC1435A9EFFF-" CS="1">
<String CONTENT="An" HEIGHT="53" WIDTH="96" VPOS="1596" HPOS="168"/>
<SP HEIGHT="35" WIDTH="30" VPOS="1614" HPOS="265"/>
<String CONTENT="evening" HEIGHT="69" WIDTH="242" VPOS="1596" HPOS="296"/>
<SP HEIGHT="51" WIDTH="29" VPOS="1614" HPOS="539"/>
<String CONTENT="with" HEIGHT="52" WIDTH="140" VPOS="1596" HPOS="569"/>
<SP HEIGHT="56" WIDTH="31" VPOS="1594" HPOS="710"/>
<String CONTENT="Scott" HEIGHT="56" WIDTH="161" VPOS="1594" HPOS="742"/>
<SP HEIGHT="47" WIDTH="33" VPOS="1601" HPOS="904"/>
<String CS="1" CONTENT="&#8230;"/>
<SP HEIGHT="52" WIDTH="69" VPOS="1596" HPOS="995"/>
<String CONTENT="Rochester," HEIGHT="67" WIDTH="328" VPOS="1595" HPOS="1065"/>
<SP HEIGHT="67" WIDTH="27" VPOS="1595" HPOS="1394"/>
<String CONTENT="N." HEIGHT="52" WIDTH="69" VPOS="1595" HPOS="1422"/>
<SP HEIGHT="54" WIDTH="32" VPOS="1593" HPOS="1492"/>
<String CONTENT="Y.," HEIGHT="69" WIDTH="92" VPOS="1593" HPOS="1525"/>
<SP HEIGHT="69" WIDTH="30" VPOS="1593" HPOS="1618"/>
<String CONTENT="Sherwin" HEIGHT="57" WIDTH="263" VPOS="1592" HPOS="1649"/>
<SP HEIGHT="55" WIDTH="30" VPOS="1593" HPOS="1913"/>
<String CONTENT="Cody" HEIGHT="70" WIDTH="164" VPOS="1593" HPOS="1944"/>
</TextLine>
<TextLine HEIGHT="71" WIDTH="791" VPOS="1672" HPOS="98" STYLEREFS="StyleId-3DE87275-8DF6-4C8C-99EE-FC1435A9EFFF-" CS="1">
<String CONTENT="school" HEIGHT="53" WIDTH="191" VPOS="1674" HPOS="98"/>
<SP HEIGHT="52" WIDTH="28" VPOS="1675" HPOS="290"/>
<String CONTENT="of" HEIGHT="55" WIDTH="65" VPOS="1672" HPOS="319"/>
<SP HEIGHT="54" WIDTH="26" VPOS="1672" HPOS="385"/>
<String CONTENT="English" HEIGHT="71" WIDTH="247" VPOS="1672" HPOS="412"/>
<SP HEIGHT="66" WIDTH="35" VPOS="1675" HPOS="660"/>
<String CS="1" CONTENT="["/>
<String STYLE="superscript" CS="1" CONTENT="&#7580;1"/>
<String CONTENT="927]" HEIGHT="67" WIDTH="118" VPOS="1673" HPOS="771"/>
</TextLine>
<TextLine HEIGHT="51" WIDTH="1462" VPOS="1755" HPOS="168" CS="1">
<String CONTENT="126" HEIGHT="40" WIDTH="86" VPOS="1757" HPOS="168"/>
<SP HEIGHT="49" WIDTH="25" VPOS="1757" HPOS="255"/>
<String CONTENT="p." HEIGHT="38" WIDTH="43" VPOS="1768" HPOS="281"/>
<SP HEIGHT="40" WIDTH="53" VPOS="1758" HPOS="325"/>
<String CS="1" CONTENT="14&#189;&#7580;&#7504;." HEIGHT="39" WIDTH="147" VPOS="1758" HPOS="379"/>
<SP HEIGHT="48" WIDTH="64" VPOS="1757" HPOS="527"/>
<String CONTENT="(The" HEIGHT="48" WIDTH="124" VPOS="1757" HPOS="592"/>
<SP HEIGHT="29" WIDTH="24" VPOS="1768" HPOS="717"/>
<String CONTENT="nutshell" HEIGHT="39" WIDTH="216" VPOS="1758" HPOS="742"/>
<SP HEIGHT="37" WIDTH="24" VPOS="1758" HPOS="959"/>
<String CONTENT="library," HEIGHT="48" WIDTH="200" VPOS="1756" HPOS="984"/>
<SP HEIGHT="36" WIDTH="26" VPOS="1767" HPOS="1185"/>
<String CONTENT="ed." HEIGHT="40" WIDTH="74" VPOS="1757" HPOS="1212"/>
<SP HEIGHT="41" WIDTH="24" VPOS="1756" HPOS="1287"/>
<String CONTENT="by" HEIGHT="48" WIDTH="61" VPOS="1756" HPOS="1312"/>
<SP HEIGHT="47" WIDTH="25" VPOS="1757" HPOS="1374"/>
<String CONTENT="S." HEIGHT="40" WIDTH="45" VPOS="1757" HPOS="1400"/>
<SP HEIGHT="41" WIDTH="26" VPOS="1756" HPOS="1446"/>
<String CONTENT="Cody)" HEIGHT="48" WIDTH="157" VPOS="1755" HPOS="1473"/>
</TextLine>
<TextLine HEIGHT="41" WIDTH="1565" VPOS="1826" HPOS="168">
<String CONTENT="Published" HEIGHT="39" WIDTH="264" VPOS="1828" HPOS="168"/>
<SP HEIGHT="41" WIDTH="27" VPOS="1826" HPOS="433"/>
<String CONTENT="in" HEIGHT="40" WIDTH="50" VPOS="1826" HPOS="461"/>
<SP HEIGHT="38" WIDTH="26" VPOS="1828" HPOS="512"/>
<String CONTENT="1907" HEIGHT="41" WIDTH="114" VPOS="1826" HPOS="539"/>
<SP HEIGHT="39" WIDTH="27" VPOS="1828" HPOS="654"/>
<String CONTENT="under" HEIGHT="39" WIDTH="154" VPOS="1827" HPOS="682"/>
<SP HEIGHT="38" WIDTH="25" VPOS="1829" HPOS="837"/>
<String CONTENT="title:" HEIGHT="40" WIDTH="136" VPOS="1827" HPOS="863"/>
<SP HEIGHT="40" WIDTH="30" VPOS="1827" HPOS="1000"/>
<String CONTENT="Two" HEIGHT="39" WIDTH="114" VPOS="1827" HPOS="1031"/>
<SP HEIGHT="39" WIDTH="27" VPOS="1827" HPOS="1146"/>
<String CONTENT="hours" HEIGHT="39" WIDTH="151" VPOS="1827" HPOS="1174"/>
<SP HEIGHT="29" WIDTH="26" VPOS="1837" HPOS="1326"/>
<String CONTENT="with" HEIGHT="40" WIDTH="120" VPOS="1826" HPOS="1353"/>
<SP HEIGHT="38" WIDTH="28" VPOS="1827" HPOS="1474"/>
<String CONTENT="Ivanhoe." HEIGHT="40" WIDTH="230" VPOS="1827" HPOS="1503"/>
</TextLine>
<TextLine HEIGHT="52" WIDTH="1338" VPOS="1881" HPOS="169">
<String CONTENT="Life" HEIGHT="40" WIDTH="110" VPOS="1884" HPOS="169"/>
<SP HEIGHT="29" WIDTH="26" VPOS="1895" HPOS="280"/>
<String CONTENT="of" HEIGHT="40" WIDTH="51" VPOS="1884" HPOS="307"/>
<SP HEIGHT="40" WIDTH="30" VPOS="1884" HPOS="359"/>
<String CONTENT="Scott" HEIGHT="40" WIDTH="137" VPOS="1884" HPOS="390"/>
<SP HEIGHT="46" WIDTH="35" VPOS="1884" HPOS="528"/>
<String CONTENT="(p." HEIGHT="47" WIDTH="68" VPOS="1884" HPOS="564"/>
<SP HEIGHT="30" WIDTH="32" VPOS="1903" HPOS="633"/>
<String CONTENT="[7]&#8212;27)" HEIGHT="51" WIDTH="170" VPOS="1882" HPOS="666"/>
<SP HEIGHT="48" WIDTH="38" VPOS="1882" HPOS="837"/>
<String CONTENT="signed;" HEIGHT="49" WIDTH="196" VPOS="1882" HPOS="876"/>
<SP HEIGHT="40" WIDTH="33" VPOS="1883" HPOS="1073"/>
<String CONTENT="Sherwin" HEIGHT="40" WIDTH="222" VPOS="1883" HPOS="1107"/>
<SP HEIGHT="42" WIDTH="30" VPOS="1881" HPOS="1330"/>
<String CONTENT="Cody." HEIGHT="50" WIDTH="146" VPOS="1881" HPOS="1361"/>
</TextLine>
<TextLine HEIGHT="49" WIDTH="890" VPOS="1939" HPOS="168">
<String CONTENT="Advertising" HEIGHT="48" WIDTH="316" VPOS="1940" HPOS="168"/>
<SP HEIGHT="38" WIDTH="30" VPOS="1950" HPOS="485"/>
<String CONTENT="matter:" HEIGHT="38" WIDTH="208" VPOS="1942" HPOS="516"/>
<SP HEIGHT="37" WIDTH="36" VPOS="1950" HPOS="725"/>
<String CONTENT="p." HEIGHT="37" WIDTH="43" VPOS="1950" HPOS="762"/>
<SP HEIGHT="40" WIDTH="33" VPOS="1940" HPOS="806"/>
<String CONTENT="123-126." HEIGHT="41" WIDTH="218" VPOS="1939" HPOS="840"/>
</TextLine>
<TextLine HEIGHT="52" WIDTH="1998" VPOS="2007" HPOS="110" CS="1">
<String CONTENT="&#169;" HEIGHT="52" WIDTH="51" VPOS="2007" HPOS="110"/>
<SP HEIGHT="52" WIDTH="32" VPOS="2007" HPOS="162"/>
<String CONTENT="Dec." HEIGHT="40" WIDTH="112" VPOS="2011" HPOS="195"/>
<SP HEIGHT="41" WIDTH="28" VPOS="2010" HPOS="308"/>
<String CONTENT="28," HEIGHT="48" WIDTH="71" VPOS="2010" HPOS="337"/>
<SP HEIGHT="48" WIDTH="32" VPOS="2010" HPOS="409"/>
<String CONTENT="1927;" HEIGHT="47" WIDTH="141" VPOS="2010" HPOS="442"/>
<SP HEIGHT="47" WIDTH="32" VPOS="2010" HPOS="584"/>
<String CONTENT="2c." HEIGHT="41" WIDTH="68" VPOS="2010" HPOS="617"/>
<SP HEIGHT="40" WIDTH="32" VPOS="2011" HPOS="686"/>
<String CONTENT="May" HEIGHT="46" WIDTH="114" VPOS="2011" HPOS="719"/>
<SP HEIGHT="47" WIDTH="31" VPOS="2010" HPOS="834"/>
<String CONTENT="16," HEIGHT="47" WIDTH="68" VPOS="2010" HPOS="866"/>
<SP HEIGHT="47" WIDTH="32" VPOS="2010" HPOS="935"/>
<String CONTENT="1928;" HEIGHT="47" WIDTH="141" VPOS="2009" HPOS="968"/>
<SP HEIGHT="36" WIDTH="34" VPOS="2020" HPOS="1110"/>
<String CONTENT="aff." HEIGHT="40" WIDTH="82" VPOS="2009" HPOS="1145"/>
<SP HEIGHT="39" WIDTH="34" VPOS="2010" HPOS="1228"/>
<String CONTENT="June" HEIGHT="40" WIDTH="126" VPOS="2010" HPOS="1263"/>
<SP HEIGHT="40" WIDTH="31" VPOS="2010" HPOS="1390"/>
<String CS="1" CONTENT="23;" HEIGHT="40" WIDTH="56" VPOS="2010" HPOS="1422"/>
<SP HEIGHT="46" WIDTH="34" VPOS="2010" HPOS="1506"/>
<!-- cceid 23BC2965-6CB2-1014-A20E-B9D6251C946A --><String CONTENT="A" HEIGHT="39" WIDTH="41" VPOS="2010" HPOS="1541"/>
<SP HEIGHT="39" WIDTH="31" VPOS="2010" HPOS="1583"/>
<String CS="1" CONTENT="1083085;" HEIGHT="41" WIDTH="203" VPOS="2009" HPOS="1615"/>
<SP HEIGHT="47" WIDTH="38" VPOS="2010" HPOS="1846"/>
<String CONTENT="Sherwin" HEIGHT="41" WIDTH="223" VPOS="2009" HPOS="1885"/>
</TextLine>
<TextLine HEIGHT="54" WIDTH="1844" VPOS="2062" HPOS="177">
<String CONTENT="Cody," HEIGHT="48" WIDTH="143" VPOS="2067" HPOS="177"/>
<SP HEIGHT="47" WIDTH="26" VPOS="2068" HPOS="321"/>
<String CONTENT="New" HEIGHT="39" WIDTH="119" VPOS="2068" HPOS="348"/>
<SP HEIGHT="38" WIDTH="23" VPOS="2068" HPOS="468"/>
<String CONTENT="York." HEIGHT="40" WIDTH="146" VPOS="2067" HPOS="492"/>
<SP HEIGHT="30" WIDTH="57" VPOS="2086" HPOS="639"/>
<String CONTENT="[&#169;" HEIGHT="54" WIDTH="68" VPOS="2062" HPOS="697"/>
<SP HEIGHT="52" WIDTH="26" VPOS="2062" HPOS="766"/>
<String CONTENT="new" HEIGHT="29" WIDTH="108" VPOS="2077" HPOS="793"/>
<SP HEIGHT="39" WIDTH="23" VPOS="2067" HPOS="902"/>
<String CONTENT="introduction," HEIGHT="48" WIDTH="347" VPOS="2066" HPOS="926"/>
<SP HEIGHT="37" WIDTH="28" VPOS="2077" HPOS="1274"/>
<String CONTENT="corrections," HEIGHT="48" WIDTH="309" VPOS="2066" HPOS="1303"/>
<SP HEIGHT="38" WIDTH="29" VPOS="2076" HPOS="1613"/>
<String CONTENT="and" HEIGHT="39" WIDTH="97" VPOS="2067" HPOS="1643"/>
<SP HEIGHT="39" WIDTH="26" VPOS="2067" HPOS="1741"/>
<String CONTENT="revisions]" HEIGHT="49" WIDTH="253" VPOS="2066" HPOS="1768"/>
</TextLine>
<TextLine HEIGHT="49" WIDTH="281" VPOS="2124" HPOS="185">
<String CONTENT="(28-17090)" HEIGHT="49" WIDTH="281" VPOS="2124" HPOS="185"/>
</TextLine>
<TextLine HEIGHT="65" WIDTH="531" VPOS="2232" HPOS="103" STYLEREFS="StyleId-76ECCB6B-AE98-4A02-9E43-7EEDBE3A3105-">
<String CONTENT="Sperry," HEIGHT="64" WIDTH="238" VPOS="2233" HPOS="103"/>
<SP HEIGHT="63" WIDTH="27" VPOS="2233" HPOS="342"/>
<String CONTENT="Pauline." HEIGHT="54" WIDTH="264" VPOS="2232" HPOS="370"/>
</TextLine>
<TextLine HEIGHT="71" WIDTH="1936" VPOS="2310" HPOS="171" STYLEREFS="StyleId-3DE87275-8DF6-4C8C-99EE-FC1435A9EFFF-">
<String CONTENT="Short" HEIGHT="56" WIDTH="176" VPOS="2310" HPOS="171"/>
<SP HEIGHT="48" WIDTH="32" VPOS="2316" HPOS="348"/>
<String CONTENT="course" HEIGHT="35" WIDTH="194" VPOS="2329" HPOS="381"/>
<SP HEIGHT="52" WIDTH="34" VPOS="2311" HPOS="576"/>
<String CONTENT="in" HEIGHT="52" WIDTH="61" VPOS="2311" HPOS="611"/>
<SP HEIGHT="34" WIDTH="34" VPOS="2329" HPOS="673"/>
<String CONTENT="spherical" HEIGHT="68" WIDTH="284" VPOS="2311" HPOS="708"/>
<SP HEIGHT="51" WIDTH="32" VPOS="2312" HPOS="993"/>
<String CONTENT="trigonometry," HEIGHT="70" WIDTH="438" VPOS="2310" HPOS="1026"/>
<SP HEIGHT="68" WIDTH="31" VPOS="2311" HPOS="1465"/>
<String CONTENT="by" HEIGHT="69" WIDTH="78" VPOS="2311" HPOS="1497"/>
<SP HEIGHT="68" WIDTH="30" VPOS="2312" HPOS="1576"/>
<String CONTENT="Pauline" HEIGHT="53" WIDTH="245" VPOS="2311" HPOS="1607"/>
<SP HEIGHT="56" WIDTH="35" VPOS="2310" HPOS="1853"/>
<String CONTENT="Sperry" HEIGHT="71" WIDTH="218" VPOS="2310" HPOS="1889"/>
</TextLine>
<TextLine HEIGHT="72" WIDTH="1946" VPOS="2388" HPOS="162" STYLEREFS="StyleId-3DE87275-8DF6-4C8C-99EE-FC1435A9EFFF-" CS="1">
<String CS="1" CONTENT="&#8230;"/>
<SP HEIGHT="53" WIDTH="76" VPOS="2390" HPOS="162"/>
<String CONTENT="Richmond," HEIGHT="69" WIDTH="343" VPOS="2389" HPOS="239"/>
<SP HEIGHT="69" WIDTH="47" VPOS="2389" HPOS="583"/>
<String CONTENT="Atlanta" HEIGHT="54" WIDTH="244" VPOS="2389" HPOS="631"/>
<SP HEIGHT="49" WIDTH="56" VPOS="2408" HPOS="876"/>
<String CS="1" CONTENT="[etc.]" HEIGHT="62" WIDTH="120" VPOS="2395" HPOS="950"/>
<SP HEIGHT="68" WIDTH="54" VPOS="2389" HPOS="1071"/>
<String CONTENT="Johnson" HEIGHT="55" WIDTH="263" VPOS="2389" HPOS="1126"/>
<SP HEIGHT="49" WIDTH="49" VPOS="2409" HPOS="1390"/>
<String CONTENT="publishing" HEIGHT="71" WIDTH="337" VPOS="2388" HPOS="1440"/>
<SP HEIGHT="50" WIDTH="47" VPOS="2409" HPOS="1778"/>
<String CONTENT="company" HEIGHT="51" WIDTH="282" VPOS="2409" HPOS="1826"/>
</TextLine>
<TextLine HEIGHT="65" WIDTH="117" VPOS="2471" HPOS="180" STYLEREFS="StyleId-3DE87275-8DF6-4C8C-99EE-FC1435A9EFFF-" CS="1">
<String CS="1" CONTENT="["/>
<String STYLE="superscript" CS="1" CONTENT="&#7580;1"/>
<String CONTENT="928]" HEIGHT="65" WIDTH="117" VPOS="2471" HPOS="180"/>
</TextLine>
<TextLine HEIGHT="50" WIDTH="1937" VPOS="2551" HPOS="167" CS="1">
<String LANG="de" CONTENT="ix" HEIGHT="40" WIDTH="53" VPOS="2552" HPOS="167"/>
<SP HEIGHT="38" WIDTH="34" VPOS="2563" HPOS="221"/>
<String CONTENT="p.," HEIGHT="38" WIDTH="57" VPOS="2563" HPOS="256"/>
<SP HEIGHT="48" WIDTH="38" VPOS="2553" HPOS="314"/>
<String CONTENT="1" HEIGHT="39" WIDTH="25" VPOS="2553" HPOS="353"/>
<SP/>
<String CS="1" CONTENT="l.,"/>
<SP HEIGHT="49" WIDTH="39" VPOS="2551" HPOS="460"/>
<String CONTENT="60" HEIGHT="41" WIDTH="58" VPOS="2551" HPOS="500"/>
<SP HEIGHT="49" WIDTH="33" VPOS="2551" HPOS="559"/>
<String CONTENT="p." HEIGHT="37" WIDTH="43" VPOS="2563" HPOS="593"/>
<SP HEIGHT="39" WIDTH="58" VPOS="2553" HPOS="637"/>
<String CONTENT="diagrs." HEIGHT="48" WIDTH="180" VPOS="2551" HPOS="696"/>
<SP HEIGHT="41" WIDTH="58" VPOS="2551" HPOS="877"/>
<String CS="1" CONTENT="24&#7580;&#7504;." HEIGHT="40" WIDTH="117" VPOS="2551" HPOS="936"/>
<SP HEIGHT="48" WIDTH="69" VPOS="2551" HPOS="1054"/>
<String CONTENT="(Half-title:" HEIGHT="48" WIDTH="302" VPOS="2551" HPOS="1124"/>
<SP HEIGHT="40" WIDTH="36" VPOS="2552" HPOS="1427"/>
<String CONTENT="Johnson&#8217;s" HEIGHT="41" WIDTH="259" VPOS="2551" HPOS="1464"/>
<SP HEIGHT="29" WIDTH="37" VPOS="2563" HPOS="1724"/>
<String CONTENT="mathematics" HEIGHT="41" WIDTH="342" VPOS="2553" HPOS="1762"/>
</TextLine>
<TextLine HEIGHT="50" WIDTH="1484" VPOS="2608" HPOS="97">
<String CONTENT="series," HEIGHT="49" WIDTH="164" VPOS="2609" HPOS="97"/>
<SP HEIGHT="37" WIDTH="31" VPOS="2621" HPOS="262"/>
<String CONTENT="under" HEIGHT="39" WIDTH="155" VPOS="2610" HPOS="294"/>
<SP HEIGHT="37" WIDTH="29" VPOS="2612" HPOS="450"/>
<String CONTENT="the" HEIGHT="40" WIDTH="82" VPOS="2609" HPOS="480"/>
<SP HEIGHT="30" WIDTH="28" VPOS="2619" HPOS="563"/>
<String CONTENT="editorship" HEIGHT="48" WIDTH="272" VPOS="2608" HPOS="592"/>
<SP HEIGHT="37" WIDTH="27" VPOS="2619" HPOS="865"/>
<String CONTENT="of" HEIGHT="40" WIDTH="52" VPOS="2608" HPOS="893"/>
<SP HEIGHT="40" WIDTH="27" VPOS="2608" HPOS="946"/>
<String CONTENT="L." HEIGHT="40" WIDTH="50" VPOS="2608" HPOS="974"/>
<SP HEIGHT="40" WIDTH="30" VPOS="2609" HPOS="1025"/>
<String CONTENT="Wayland" HEIGHT="47" WIDTH="243" VPOS="2609" HPOS="1056"/>
<SP HEIGHT="40" WIDTH="30" VPOS="2608" HPOS="1300"/>
<String CONTENT="Dowling)" HEIGHT="49" WIDTH="250" VPOS="2608" HPOS="1331"/>
</TextLine>
<TextLine HEIGHT="54" WIDTH="1805" VPOS="2676" HPOS="108" CS="1">
<String CONTENT="&#169;" HEIGHT="52" WIDTH="51" VPOS="2676" HPOS="108"/>
<SP HEIGHT="52" WIDTH="28" VPOS="2676" HPOS="160"/>
<String CONTENT="July" HEIGHT="47" WIDTH="115" VPOS="2681" HPOS="189"/>
<SP HEIGHT="48" WIDTH="24" VPOS="2680" HPOS="305"/>
<String CONTENT="2," HEIGHT="47" WIDTH="40" VPOS="2680" HPOS="330"/>
<SP HEIGHT="46" WIDTH="26" VPOS="2681" HPOS="371"/>
<String CS="1" CONTENT="1928;" HEIGHT="41" WIDTH="116" VPOS="2680" HPOS="398"/>
<SP HEIGHT="47" WIDTH="27" VPOS="2680" HPOS="541"/>
<String CONTENT="2c." HEIGHT="40" WIDTH="69" VPOS="2680" HPOS="569"/>
<SP HEIGHT="30" WIDTH="26" VPOS="2690" HPOS="639"/>
<String CONTENT="and" HEIGHT="39" WIDTH="96" VPOS="2681" HPOS="666"/>
<SP HEIGHT="39" WIDTH="25" VPOS="2681" HPOS="763"/>
<String CONTENT="aff." HEIGHT="41" WIDTH="83" VPOS="2679" HPOS="789"/>
<SP HEIGHT="40" WIDTH="27" VPOS="2680" HPOS="873"/>
<String CONTENT="July" HEIGHT="47" WIDTH="116" VPOS="2680" HPOS="901"/>
<SP HEIGHT="48" WIDTH="27" VPOS="2679" HPOS="1018"/>
<String CONTENT="5;" HEIGHT="48" WIDTH="52" VPOS="2679" HPOS="1046"/>
<SP HEIGHT="48" WIDTH="27" VPOS="2679" HPOS="1099"/>
<!-- cceid 23BCD163-6CB2-1014-A20E-B9D6251C946A --><String CONTENT="A" HEIGHT="40" WIDTH="43" VPOS="2679" HPOS="1127"/>
<SP HEIGHT="40" WIDTH="25" VPOS="2679" HPOS="1171"/>
<String CONTENT="1082479;" HEIGHT="49" WIDTH="231" VPOS="2679" HPOS="1197"/>
<SP HEIGHT="48" WIDTH="30" VPOS="2680" HPOS="1429"/>
<String CONTENT="Johnson" HEIGHT="41" WIDTH="219" VPOS="2680" HPOS="1460"/>
<SP HEIGHT="38" WIDTH="25" VPOS="2692" HPOS="1680"/>
<String CONTENT="pub." HEIGHT="49" WIDTH="110" VPOS="2681" HPOS="1706"/>
<SP HEIGHT="29" WIDTH="26" VPOS="2693" HPOS="1817"/>
<String CONTENT="co." HEIGHT="31" WIDTH="69" VPOS="2692" HPOS="1844"/>
</TextLine>
<TextLine HEIGHT="49" WIDTH="282" VPOS="2737" HPOS="185">
<String CONTENT="(28-17145)" HEIGHT="49" WIDTH="282" VPOS="2737" HPOS="185"/>
</TextLine>
<TextLine HEIGHT="64" WIDTH="427" VPOS="2831" HPOS="100" STYLEREFS="StyleId-76ECCB6B-AE98-4A02-9E43-7EEDBE3A3105-">
<String CONTENT="Steel," HEIGHT="64" WIDTH="177" VPOS="2831" HPOS="100"/>
<SP HEIGHT="64" WIDTH="28" VPOS="2831" HPOS="278"/>
<String CONTENT="Byron." HEIGHT="64" WIDTH="220" VPOS="2831" HPOS="307"/>
</TextLine>
<TextLine HEIGHT="74" WIDTH="1937" VPOS="2908" HPOS="167" STYLEREFS="StyleId-3DE87275-8DF6-4C8C-99EE-FC1435A9EFFF-">
<String CONTENT="Java-Java," HEIGHT="68" WIDTH="348" VPOS="2909" HPOS="167"/>
<SP HEIGHT="69" WIDTH="24" VPOS="2908" HPOS="516"/>
<String CONTENT="by" HEIGHT="71" WIDTH="77" VPOS="2908" HPOS="541"/>
<SP HEIGHT="69" WIDTH="26" VPOS="2910" HPOS="619"/>
<String CONTENT="Byron" HEIGHT="68" WIDTH="198" VPOS="2910" HPOS="646"/>
<SP HEIGHT="56" WIDTH="29" VPOS="2909" HPOS="845"/>
<String CONTENT="Steel." HEIGHT="56" WIDTH="169" VPOS="2909" HPOS="875"/>
<SP HEIGHT="53" WIDTH="73" VPOS="2910" HPOS="1045"/>
<String CONTENT="New" HEIGHT="54" WIDTH="141" VPOS="2910" HPOS="1119"/>
<SP HEIGHT="53" WIDTH="25" VPOS="2911" HPOS="1261"/>
<String CONTENT="York," HEIGHT="68" WIDTH="181" VPOS="2909" HPOS="1287"/>
<SP HEIGHT="67" WIDTH="26" VPOS="2910" HPOS="1469"/>
<String CONTENT="A." HEIGHT="55" WIDTH="72" VPOS="2910" HPOS="1496"/>
<SP HEIGHT="55" WIDTH="25" VPOS="2910" HPOS="1569"/>
<String CONTENT="A." HEIGHT="55" WIDTH="73" VPOS="2910" HPOS="1595"/>
<SP HEIGHT="54" WIDTH="27" VPOS="2911" HPOS="1669"/>
<String CONTENT="Knopf," HEIGHT="72" WIDTH="227" VPOS="2910" HPOS="1697"/>
<SP HEIGHT="65" WIDTH="27" VPOS="2916" HPOS="1925"/>
<String CONTENT="1928." HEIGHT="52" WIDTH="151" VPOS="2915" HPOS="1953"/>
</TextLine>
<TextLine HEIGHT="76" WIDTH="739" VPOS="2968" HPOS="167" CS="1">
<String CONTENT="5" HEIGHT="41" WIDTH="26" VPOS="2993" HPOS="167"/>
<SP HEIGHT="49" WIDTH="26" VPOS="2993" HPOS="194"/>
<String CONTENT="p." HEIGHT="37" WIDTH="43" VPOS="3005" HPOS="221"/>
<SP/>
<String CS="1" CONTENT="l.,"/>
<SP HEIGHT="32" WIDTH="31" VPOS="3012" HPOS="341"/>
<String CONTENT="[3]-275," HEIGHT="51" WIDTH="190" VPOS="2993" HPOS="373"/>
<SP HEIGHT="74" WIDTH="15" VPOS="2968" HPOS="564"/>
<String CS="1" CONTENT="[1]" HEIGHT="31" WIDTH="10" VPOS="3013" HPOS="642"/>
<SP HEIGHT="39" WIDTH="31" VPOS="3005" HPOS="653"/>
<String CONTENT="p." HEIGHT="37" WIDTH="44" VPOS="3005" HPOS="685"/>
<SP HEIGHT="40" WIDTH="57" VPOS="2994" HPOS="730"/>
<String CS="1" CONTENT="20&#7580;&#7504;." HEIGHT="42" WIDTH="118" VPOS="2993" HPOS="788"/>
</TextLine>
<TextLine HEIGHT="57" WIDTH="1995" VPOS="3061" HPOS="109" CS="1">
<String CONTENT="&#169;" HEIGHT="54" WIDTH="51" VPOS="3061" HPOS="109"/>
<SP HEIGHT="54" WIDTH="29" VPOS="3061" HPOS="161"/>
<String CONTENT="July" HEIGHT="49" WIDTH="116" VPOS="3065" HPOS="191"/>
<SP HEIGHT="50" WIDTH="28" VPOS="3064" HPOS="308"/>
<String CONTENT="6," HEIGHT="49" WIDTH="39" VPOS="3064" HPOS="337"/>
<SP HEIGHT="49" WIDTH="30" VPOS="3064" HPOS="377"/>
<String CONTENT="1928;" HEIGHT="48" WIDTH="142" VPOS="3064" HPOS="408"/>
<SP HEIGHT="48" WIDTH="30" VPOS="3064" HPOS="551"/>
<String CONTENT="2c." HEIGHT="43" WIDTH="69" VPOS="3064" HPOS="582"/>
<SP HEIGHT="43" WIDTH="30" VPOS="3064" HPOS="652"/>
<String CONTENT="July" HEIGHT="49" WIDTH="116" VPOS="3064" HPOS="683"/>
<SP HEIGHT="48" WIDTH="29" VPOS="3065" HPOS="800"/>
<String CONTENT="7;" HEIGHT="48" WIDTH="53" VPOS="3065" HPOS="830"/>
<SP HEIGHT="38" WIDTH="32" VPOS="3075" HPOS="884"/>
<String CONTENT="aff." HEIGHT="43" WIDTH="83" VPOS="3063" HPOS="917"/>
<SP HEIGHT="41" WIDTH="30" VPOS="3065" HPOS="1001"/>
<String CONTENT="July" HEIGHT="49" WIDTH="116" VPOS="3065" HPOS="1032"/>
<SP HEIGHT="49" WIDTH="29" VPOS="3065" HPOS="1149"/>
<String CS="1" CONTENT="12;" HEIGHT="41" WIDTH="56" VPOS="3064" HPOS="1179"/>
<SP HEIGHT="48" WIDTH="31" VPOS="3065" HPOS="1263"/>
<!-- cceid 23BD43F1-6CB2-1014-A20E-B9D6251C946A --><String CONTENT="A" HEIGHT="41" WIDTH="42" VPOS="3065" HPOS="1295"/>
<SP HEIGHT="41" WIDTH="28" VPOS="3065" HPOS="1338"/>
<String CONTENT="1082487;" HEIGHT="50" WIDTH="232" VPOS="3065" HPOS="1367"/>
<SP HEIGHT="48" WIDTH="30" VPOS="3067" HPOS="1600"/>
<String CONTENT="Alfred" HEIGHT="42" WIDTH="174" VPOS="3067" HPOS="1631"/>
<SP HEIGHT="42" WIDTH="28" VPOS="3067" HPOS="1806"/>
<String CONTENT="A." HEIGHT="44" WIDTH="55" VPOS="3067" HPOS="1835"/>
<SP HEIGHT="43" WIDTH="29" VPOS="3068" HPOS="1891"/>
<String CONTENT="Knopf," HEIGHT="50" WIDTH="183" VPOS="3068" HPOS="1921"/>
</TextLine>
<TextLine HEIGHT="51" WIDTH="444" VPOS="3121" HPOS="173">
<String CONTENT="inc." HEIGHT="43" WIDTH="92" VPOS="3121" HPOS="173"/>
<SP HEIGHT="49" WIDTH="68" VPOS="3122" HPOS="266"/>
<String CONTENT="(28-17098)" HEIGHT="51" WIDTH="282" VPOS="3121" HPOS="335"/>
</TextLine>
<TextLine HEIGHT="68" WIDTH="2002" VPOS="3216" HPOS="102" STYLEREFS="StyleId-3DE87275-8DF6-4C8C-99EE-FC1435A9EFFF-">
<String CONTENT="To" HEIGHT="53" WIDTH="85" VPOS="3217" HPOS="102"/>
<SP HEIGHT="53" WIDTH="20" VPOS="3217" HPOS="188"/>
<String CONTENT="Michael" HEIGHT="54" WIDTH="249" VPOS="3216" HPOS="209"/>
<SP HEIGHT="52" WIDTH="23" VPOS="3217" HPOS="459"/>
<String CONTENT="Friedsam," HEIGHT="67" WIDTH="317" VPOS="3217" HPOS="483"/>
<SP HEIGHT="48" WIDTH="24" VPOS="3236" HPOS="801"/>
<String CONTENT="a" HEIGHT="33" WIDTH="31" VPOS="3236" HPOS="826"/>
<SP HEIGHT="53" WIDTH="21" VPOS="3216" HPOS="858"/>
<String CONTENT="book" HEIGHT="53" WIDTH="149" VPOS="3216" HPOS="880"/>
<SP HEIGHT="53" WIDTH="21" VPOS="3217" HPOS="1030"/>
<String CONTENT="of" HEIGHT="54" WIDTH="64" VPOS="3216" HPOS="1052"/>
<SP HEIGHT="54" WIDTH="23" VPOS="3216" HPOS="1117"/>
<String CONTENT="sentiment" HEIGHT="53" WIDTH="305" VPOS="3217" HPOS="1141"/>
<SP HEIGHT="47" WIDTH="23" VPOS="3223" HPOS="1447"/>
<String CONTENT="to" HEIGHT="48" WIDTH="60" VPOS="3223" HPOS="1471"/>
<SP HEIGHT="35" WIDTH="25" VPOS="3236" HPOS="1532"/>
<String CONTENT="commemorate" HEIGHT="48" WIDTH="432" VPOS="3225" HPOS="1558"/>
<SP HEIGHT="53" WIDTH="22" VPOS="3220" HPOS="1991"/>
<String CONTENT="his" HEIGHT="53" WIDTH="90" VPOS="3220" HPOS="2014"/>
</TextLine>
<TextLine HEIGHT="72" WIDTH="1925" VPOS="3294" HPOS="176" STYLEREFS="StyleId-3DE87275-8DF6-4C8C-99EE-FC1435A9EFFF-">
<String CONTENT="fifty" HEIGHT="70" WIDTH="138" VPOS="3294" HPOS="176"/>
<SP HEIGHT="51" WIDTH="32" VPOS="3313" HPOS="315"/>
<String CONTENT="years" HEIGHT="50" WIDTH="165" VPOS="3313" HPOS="348"/>
<SP HEIGHT="35" WIDTH="35" VPOS="3313" HPOS="514"/>
<String CONTENT="as" HEIGHT="35" WIDTH="61" VPOS="3313" HPOS="550"/>
<SP HEIGHT="53" WIDTH="35" VPOS="3295" HPOS="612"/>
<String CONTENT="devoted" HEIGHT="53" WIDTH="241" VPOS="3295" HPOS="648"/>
<SP HEIGHT="53" WIDTH="36" VPOS="3295" HPOS="890"/>
<String CONTENT="member" HEIGHT="53" WIDTH="249" VPOS="3295" HPOS="927"/>
<SP HEIGHT="34" WIDTH="38" VPOS="3314" HPOS="1177"/>
<String CONTENT="and" HEIGHT="53" WIDTH="115" VPOS="3296" HPOS="1216"/>
<SP HEIGHT="54" WIDTH="37" VPOS="3295" HPOS="1332"/>
<String CONTENT="inspiring" HEIGHT="71" WIDTH="291" VPOS="3295" HPOS="1370"/>
<SP HEIGHT="69" WIDTH="34" VPOS="3297" HPOS="1662"/>
<String CONTENT="leader" HEIGHT="55" WIDTH="193" VPOS="3297" HPOS="1697"/>
<SP HEIGHT="35" WIDTH="36" VPOS="3317" HPOS="1891"/>
<String CONTENT="of" HEIGHT="55" WIDTH="66" VPOS="3297" HPOS="1928"/>
<SP HEIGHT="55" WIDTH="36" VPOS="3297" HPOS="1995"/>
<String CONTENT="B." HEIGHT="53" WIDTH="69" VPOS="3300" HPOS="2032"/>
</TextLine>
<TextLine HEIGHT="70" WIDTH="1929" VPOS="3372" HPOS="174" STYLEREFS="StyleId-3DE87275-8DF6-4C8C-99EE-FC1435A9EFFF-">
<String CONTENT="Altman" HEIGHT="53" WIDTH="242" VPOS="3372" HPOS="174"/>
<SP HEIGHT="49" WIDTH="22" VPOS="3375" HPOS="417"/>
<String CONTENT="&amp;" HEIGHT="49" WIDTH="46" VPOS="3375" HPOS="440"/>
<SP HEIGHT="50" WIDTH="20" VPOS="3375" HPOS="487"/>
<String CONTENT="company;" HEIGHT="52" WIDTH="308" VPOS="3390" HPOS="508"/>
<SP HEIGHT="50" WIDTH="25" VPOS="3391" HPOS="817"/>
<String CONTENT="presented" HEIGHT="67" WIDTH="299" VPOS="3374" HPOS="843"/>
<SP HEIGHT="53" WIDTH="21" VPOS="3373" HPOS="1143"/>
<String CONTENT="by" HEIGHT="69" WIDTH="79" VPOS="3373" HPOS="1165"/>
<SP HEIGHT="68" WIDTH="20" VPOS="3374" HPOS="1245"/>
<String CONTENT="his" HEIGHT="54" WIDTH="90" VPOS="3373" HPOS="1266"/>
<SP HEIGHT="34" WIDTH="23" VPOS="3393" HPOS="1357"/>
<String CONTENT="associates" HEIGHT="55" WIDTH="300" VPOS="3374" HPOS="1381"/>
<SP HEIGHT="36" WIDTH="23" VPOS="3393" HPOS="1682"/>
<String CONTENT="and" HEIGHT="55" WIDTH="114" VPOS="3375" HPOS="1706"/>
<SP HEIGHT="55" WIDTH="23" VPOS="3375" HPOS="1821"/>
<String CONTENT="business" HEIGHT="56" WIDTH="258" VPOS="3376" HPOS="1845"/>
</TextLine>
<TextLine HEIGHT="77" WIDTH="1926" VPOS="3449" HPOS="177" STYLEREFS="StyleId-3DE87275-8DF6-4C8C-99EE-FC1435A9EFFF-">
<String CONTENT="family" HEIGHT="70" WIDTH="209" VPOS="3449" HPOS="177"/>
<SP HEIGHT="51" WIDTH="26" VPOS="3468" HPOS="387"/>
<String CONTENT="on" HEIGHT="35" WIDTH="73" VPOS="3468" HPOS="414"/>
<SP HEIGHT="47" WIDTH="26" VPOS="3456" HPOS="488"/>
<String CONTENT="the" HEIGHT="54" WIDTH="99" VPOS="3450" HPOS="515"/>
<SP HEIGHT="35" WIDTH="26" VPOS="3469" HPOS="615"/>
<String CONTENT="occasion" HEIGHT="53" WIDTH="258" VPOS="3451" HPOS="642"/>
<SP HEIGHT="35" WIDTH="28" VPOS="3469" HPOS="901"/>
<String CONTENT="of" HEIGHT="54" WIDTH="65" VPOS="3450" HPOS="930"/>
<SP HEIGHT="54" WIDTH="26" VPOS="3450" HPOS="996"/>
<String CONTENT="the" HEIGHT="53" WIDTH="99" VPOS="3451" HPOS="1023"/>
<SP HEIGHT="51" WIDTH="26" VPOS="3470" HPOS="1123"/>
<String CONTENT="golden" HEIGHT="68" WIDTH="209" VPOS="3453" HPOS="1150"/>
<SP HEIGHT="53" WIDTH="30" VPOS="3453" HPOS="1360"/>
<String CONTENT="dinner," HEIGHT="69" WIDTH="222" VPOS="3453" HPOS="1391"/>
<SP HEIGHT="69" WIDTH="28" VPOS="3453" HPOS="1614"/>
<String CONTENT="June" HEIGHT="55" WIDTH="153" VPOS="3453" HPOS="1643"/>
<SP HEIGHT="51" WIDTH="29" VPOS="3457" HPOS="1797"/>
<String CONTENT="25," HEIGHT="67" WIDTH="86" VPOS="3457" HPOS="1827"/>
<SP HEIGHT="65" WIDTH="33" VPOS="3459" HPOS="1914"/>
<String CONTENT="1928," HEIGHT="68" WIDTH="155" VPOS="3458" HPOS="1948"/>
</TextLine>
<TextLine HEIGHT="70" WIDTH="1007" VPOS="3527" HPOS="173" STYLEREFS="StyleId-3DE87275-8DF6-4C8C-99EE-FC1435A9EFFF-" CS="1">
<String CONTENT="New" HEIGHT="54" WIDTH="140" VPOS="3527" HPOS="173"/>
<SP HEIGHT="52" WIDTH="28" VPOS="3528" HPOS="314"/>
<String CONTENT="York." HEIGHT="53" WIDTH="180" VPOS="3527" HPOS="343"/>
<SP HEIGHT="34" WIDTH="79" VPOS="3561" HPOS="524"/>
<String CS="1" CONTENT="[New" HEIGHT="54" WIDTH="139" VPOS="3528" HPOS="622"/>
<SP HEIGHT="53" WIDTH="30" VPOS="3529" HPOS="762"/>
<String CONTENT="York," HEIGHT="68" WIDTH="181" VPOS="3529" HPOS="793"/>
<SP HEIGHT="62" WIDTH="28" VPOS="3535" HPOS="975"/>
<String STYLE="superscript" CS="1" CONTENT="&#7580;1"/>
<String CONTENT="928]" HEIGHT="65" WIDTH="119" VPOS="3532" HPOS="1061"/>
</TextLine>
<TextLine HEIGHT="52" WIDTH="1068" VPOS="3608" HPOS="177" CS="1">
<String CONTENT="5" HEIGHT="40" WIDTH="26" VPOS="3609" HPOS="177"/>
<SP HEIGHT="49" WIDTH="23" VPOS="3609" HPOS="204"/>
<String CONTENT="p." HEIGHT="37" WIDTH="43" VPOS="3621" HPOS="228"/>
<SP/>
<String CS="1" CONTENT="l.,"/>
<SP HEIGHT="30" WIDTH="26" VPOS="3629" HPOS="341"/>
<String CONTENT="[5]" HEIGHT="51" WIDTH="56" VPOS="3608" HPOS="368"/>
<SP HEIGHT="38" WIDTH="26" VPOS="3621" HPOS="425"/>
<String CONTENT="p." HEIGHT="37" WIDTH="44" VPOS="3621" HPOS="452"/>
<SP HEIGHT="41" WIDTH="23" VPOS="3609" HPOS="497"/>
<String CONTENT="incl." HEIGHT="41" WIDTH="110" VPOS="3609" HPOS="521"/>
<SP HEIGHT="29" WIDTH="24" VPOS="3621" HPOS="632"/>
<String CONTENT="mounted" HEIGHT="40" WIDTH="231" VPOS="3612" HPOS="657"/>
<SP HEIGHT="48" WIDTH="23" VPOS="3612" HPOS="889"/>
<String CONTENT="port." HEIGHT="46" WIDTH="124" VPOS="3614" HPOS="913"/>
<SP HEIGHT="41" WIDTH="56" VPOS="3611" HPOS="1038"/>
<String CS="1" CONTENT="28&#189;&#7580;&#7504;." HEIGHT="43" WIDTH="150" VPOS="3611" HPOS="1095"/>
</TextLine>
<TextLine HEIGHT="168" WIDTH="1976" VPOS="3679" HPOS="107" CS="1">
<String CONTENT="&#8220;Of" HEIGHT="41" WIDTH="94" VPOS="3679" HPOS="178"/>
<SP HEIGHT="41" WIDTH="25" VPOS="3679" HPOS="273"/>
<String CONTENT="this" HEIGHT="41" WIDTH="99" VPOS="3679" HPOS="299"/>
<SP HEIGHT="40" WIDTH="28" VPOS="3679" HPOS="399"/>
<String CONTENT="book," HEIGHT="49" WIDTH="136" VPOS="3679" HPOS="428"/>
<SP HEIGHT="46" WIDTH="29" VPOS="3682" HPOS="565"/>
<String CONTENT="the" HEIGHT="39" WIDTH="83" VPOS="3681" HPOS="595"/>
<SP HEIGHT="29" WIDTH="27" VPOS="3691" HPOS="679"/>
<String CONTENT="original" HEIGHT="47" WIDTH="209" VPOS="3681" HPOS="707"/>
<SP HEIGHT="40" WIDTH="28" VPOS="3682" HPOS="917"/>
<String CONTENT="copy" HEIGHT="38" WIDTH="119" VPOS="3692" HPOS="946"/>
<SP HEIGHT="37" WIDTH="28" VPOS="3692" HPOS="1066"/>
<String CONTENT="on" HEIGHT="30" WIDTH="61" VPOS="3692" HPOS="1095"/>
<SP HEIGHT="38" WIDTH="27" VPOS="3684" HPOS="1157"/>
<String CONTENT="handmade" HEIGHT="41" WIDTH="279" VPOS="3683" HPOS="1185"/>
<SP HEIGHT="39" WIDTH="27" VPOS="3693" HPOS="1465"/>
<String CONTENT="paper" HEIGHT="38" WIDTH="151" VPOS="3694" HPOS="1493"/>
<SP HEIGHT="40" WIDTH="28" VPOS="3684" HPOS="1645"/>
<String CONTENT="has" HEIGHT="41" WIDTH="91" VPOS="3684" HPOS="1674"/>
<SP HEIGHT="41" WIDTH="28" VPOS="3685" HPOS="1766"/>
<String CONTENT="been" HEIGHT="42" WIDTH="119" VPOS="3685" HPOS="1795"/>
<SP HEIGHT="41" WIDTH="31" VPOS="3687" HPOS="1915"/>
<String CONTENT="duplicated" HEIGHT="90" WIDTH="1976" VPOS="3686" HPOS="107"/>
<SP HEIGHT="39" WIDTH="29" VPOS="3737" HPOS="248"/>
<String CONTENT="with" HEIGHT="40" WIDTH="119" VPOS="3736" HPOS="278"/>
<SP HEIGHT="39" WIDTH="31" VPOS="3737" HPOS="398"/>
<String CONTENT="two" HEIGHT="38" WIDTH="96" VPOS="3739" HPOS="430"/>
<SP HEIGHT="30" WIDTH="31" VPOS="3747" HPOS="527"/>
<String CONTENT="unsigned" HEIGHT="47" WIDTH="236" VPOS="3737" HPOS="559"/>
<SP HEIGHT="39" WIDTH="30" VPOS="3739" HPOS="796"/>
<String CONTENT="copies" HEIGHT="49" WIDTH="160" VPOS="3737" HPOS="827"/>
<SP HEIGHT="30" WIDTH="31" VPOS="3749" HPOS="988"/>
<String CONTENT="which" HEIGHT="40" WIDTH="159" VPOS="3739" HPOS="1020"/>
<SP HEIGHT="38" WIDTH="30" VPOS="3740" HPOS="1180"/>
<String CONTENT="have" HEIGHT="40" WIDTH="127" VPOS="3740" HPOS="1211"/>
<SP HEIGHT="40" WIDTH="28" VPOS="3740" HPOS="1339"/>
<String CONTENT="been" HEIGHT="40" WIDTH="118" VPOS="3740" HPOS="1368"/>
<SP HEIGHT="40" WIDTH="32" VPOS="3741" HPOS="1487"/>
<String CONTENT="deposited" HEIGHT="49" WIDTH="251" VPOS="3740" HPOS="1520"/>
<SP HEIGHT="42" WIDTH="29" VPOS="3741" HPOS="1772"/>
<String CONTENT="for" HEIGHT="42" WIDTH="80" VPOS="3741" HPOS="1802"/>
<SP HEIGHT="38" WIDTH="31" VPOS="3755" HPOS="1883"/>
<String CONTENT="permanent" HEIGHT="79" WIDTH="1974" VPOS="3754" HPOS="107"/>
<SP HEIGHT="46" WIDTH="25" VPOS="3795" HPOS="223"/>
<String CONTENT="preservation" HEIGHT="48" WIDTH="336" VPOS="3793" HPOS="249"/>
<SP HEIGHT="40" WIDTH="27" VPOS="3793" HPOS="586"/>
<String CONTENT="in" HEIGHT="40" WIDTH="51" VPOS="3793" HPOS="614"/>
<SP HEIGHT="38" WIDTH="28" VPOS="3797" HPOS="666"/>
<String CONTENT="the" HEIGHT="40" WIDTH="83" VPOS="3795" HPOS="695"/>
<SP HEIGHT="39" WIDTH="27" VPOS="3795" HPOS="779"/>
<String CONTENT="Library" HEIGHT="47" WIDTH="207" VPOS="3795" HPOS="807"/>
<SP HEIGHT="36" WIDTH="29" VPOS="3806" HPOS="1015"/>
<String CONTENT="of" HEIGHT="41" WIDTH="52" VPOS="3795" HPOS="1045"/>
<SP HEIGHT="42" WIDTH="28" VPOS="3795" HPOS="1098"/>
<String CONTENT="Congress" HEIGHT="49" WIDTH="240" VPOS="3795" HPOS="1127"/>
<SP HEIGHT="30" WIDTH="29" VPOS="3807" HPOS="1368"/>
<String CONTENT="at" HEIGHT="38" WIDTH="52" VPOS="3800" HPOS="1398"/>
<SP HEIGHT="41" WIDTH="28" VPOS="3798" HPOS="1451"/>
<String CONTENT="Washington.&#8221;" HEIGHT="50" WIDTH="367" VPOS="3797" HPOS="1480"/>
</TextLine>
<TextLine HEIGHT="58" WIDTH="1805" VPOS="3858" HPOS="106" CS="1">
<String CONTENT="&#169;" HEIGHT="52" WIDTH="51" VPOS="3858" HPOS="106"/>
<SP HEIGHT="52" WIDTH="25" VPOS="3858" HPOS="158"/>
<String CONTENT="June" HEIGHT="41" WIDTH="127" VPOS="3863" HPOS="184"/>
<SP HEIGHT="40" WIDTH="20" VPOS="3864" HPOS="312"/>
<String CONTENT="25," HEIGHT="47" WIDTH="69" VPOS="3864" HPOS="333"/>
<SP HEIGHT="47" WIDTH="27" VPOS="3864" HPOS="403"/>
<String CS="1" CONTENT="1928;" HEIGHT="40" WIDTH="117" VPOS="3864" HPOS="431"/>
<SP HEIGHT="46" WIDTH="25" VPOS="3865" HPOS="572"/>
<String CONTENT="2c." HEIGHT="40" WIDTH="68" VPOS="3865" HPOS="598"/>
<SP HEIGHT="30" WIDTH="24" VPOS="3875" HPOS="667"/>
<String CONTENT="and" HEIGHT="37" WIDTH="96" VPOS="3867" HPOS="692"/>
<SP HEIGHT="38" WIDTH="24" VPOS="3867" HPOS="789"/>
<String CONTENT="aff." HEIGHT="43" WIDTH="82" VPOS="3864" HPOS="814"/>
<SP HEIGHT="40" WIDTH="26" VPOS="3867" HPOS="897"/>
<String CONTENT="July" HEIGHT="47" WIDTH="115" VPOS="3867" HPOS="924"/>
<SP HEIGHT="47" WIDTH="25" VPOS="3867" HPOS="1040"/>
<String CONTENT="5;" HEIGHT="46" WIDTH="52" VPOS="3867" HPOS="1066"/>
<SP HEIGHT="46" WIDTH="27" VPOS="3867" HPOS="1119"/>
<!-- cceid 23BDBA70-6CB2-1014-A20E-B9D6251C946A --><String CONTENT="A" HEIGHT="39" WIDTH="41" VPOS="3867" HPOS="1147"/>
<SP HEIGHT="39" WIDTH="24" VPOS="3867" HPOS="1189"/>
<String CONTENT="1083146;" HEIGHT="49" WIDTH="231" VPOS="3867" HPOS="1214"/>
<SP HEIGHT="47" WIDTH="27" VPOS="3869" HPOS="1446"/>
<String CONTENT="B." HEIGHT="40" WIDTH="55" VPOS="3869" HPOS="1474"/>
<SP HEIGHT="40" WIDTH="24" VPOS="3869" HPOS="1530"/>
<String CONTENT="Altman" HEIGHT="41" WIDTH="199" VPOS="3869" HPOS="1555"/>
<SP HEIGHT="41" WIDTH="25" VPOS="3874" HPOS="1755"/>
<String CONTENT="&amp;" HEIGHT="41" WIDTH="38" VPOS="3874" HPOS="1781"/>
<SP HEIGHT="41" WIDTH="21" VPOS="3874" HPOS="1820"/>
<String CONTENT="co." HEIGHT="31" WIDTH="69" VPOS="3881" HPOS="1842"/>
</TextLine>
<TextLine HEIGHT="50" WIDTH="280" VPOS="3919" HPOS="184">
<String CONTENT="(28-17004)" HEIGHT="50" WIDTH="280" VPOS="3919" HPOS="184"/>
</TextLine>
</TextBlock>
</PrintSpace>
</Page>
</Layout>
</alto>