2498 4384
1052 4105 100 52 661

116 525 149 53 from
314 525 94 53 the
461 526 222 52 French
735 525 73 69 by
863 526 314 54 Constance
1227 526 202 68 Vesey.
1506 525 139 53 New
1696 525 180 67 York,
1925 526 71 52 A.
2047 525 62 53 A.

110 603 225 68 Knopf,
369 606 150 50 1928.

179 687 607 49 viii, 209, [1] p. 19½ ᶜᵐ .
112 753 52 52 ©
193 757 114 48 Apr.
337 757 69 47 27,
438 756 83 39 1928;
609 757 69 41 2c.
707 756 113 49 Apr.
850 755 84 48 30;
966 755 83 41 aff.
1080 756 114 48 May
1224 755 53 47 1;
1309 755 42 39 A
1381 755 230 44 1077030;
1644 754 173 41 Alfred
1848 756 54 40 A.
1936 756 181 49 Knopf,

182 814 90 41 inc.
344 813 283 50 (28-11980)

113 908 316 62 Fairchild,
462 909 151 51 Fred
645 909 247 62 Rogers,
925 908 171 53 1877-
1279 909 84 52 ed.

178 985 308 53 Economic
526 985 313 68 problems;
883 1004 31 33 a
954 986 148 52 book
1141 986 64 52 of
1244 986 241 53 selected
1525 986 287 69 readings,
1850 986 76 69 by
1965 987 153 52 Fred

106 1064 2013 69 Rogers Fairchild … and Ralph Theodore Compton … New
110 1142 177 66 York,
321 1142 121 52 The
477 1141 336 53 Macmillan
847 1160 298 51 company,
1183 1144 151 51 1928.

174 1226 51 39 xi
253 1236 56 37 p.,
340 1228 24 37 1
428 1258 7 14 l.,
465 1226 83 40 601
576 1236 44 37 p.
679 1226 50 39 ill
739 1236 69 29 us.
838 1225 188 48 (maps)
1062 1225 180 48 diagrs.
1303 1226 148 41 22½ᶜᵐ.

109 1291 53 52 ©
193 1296 113 47 May
335 1296 39 46 1,
405 1294 117 41 1928;
579 1295 68 40 2c.
677 1295 96 38 and
804 1293 82 42 aff.
916 1295 115 47 May
1059 1294 26 39 2;
1146 1295 41 38 A
1217 1294 204 40 1074309;
1481 1294 284 41 Macmillan
1796 1306 68 29 co.

187 1351 282 49 (28-11978)

105 1445 294 63 Fairfield,
431 1447 257 52 Howard
718 1445 244 64 Parker,
995 1449 171 50 1858-

174 1523 1943 71 The Starrett book for machinists’ apprentices … by Howard
104 1601 2011 70 P. Fairfield … and Carl S. Dow … Athol, Mass., The L. S.
105 1680 799 69 Starrett company [ ᶜ 1928]
171 1764 756 48 184 p. illus., diagrs. 18 ᶜᵐ .
174 1832 930 42 “Volume I of the Starrett books.”
174 1891 141 40 “11th
345 1890 229 41 edition.”

106 1956 52 53 ©
186 1961 114 48 Apr.
330 1961 68 46 17,
428 1960 115 40 1928;
599 1960 69 40 2c.
697 1960 96 39 and
823 1959 83 41 aff.
934 1959 115 48 Apr.
1078 1959 56 40 30;
1193 1959 40 38 A
1263 1959 204 41 1074277;
1527 1961 50 39 L.
1611 1960 44 41 S.
1689 1961 215 43 Starrett
1935 1972 67 31 co.

184 2017 283 50 (28-11984)

105 2114 233 61 Farnol,
369 2113 249 63 Jeffery.

172 2194 116 50 For
319 2194 125 51 love
476 2191 65 53 of
573 2210 30 33 a
637 2192 152 67 lady.
872 2190 392 67 [Instalments
1297 2193 190 64 24-29]

181 2276 83 48 (In
292 2271 203 43 London
525 2270 147 52 Daily
702 2270 202 50 sketch)

104 2343 2006 53 © 1c. each June 9, 1928; A ad int. 11197-11202; pubd. May 12, 14-18;
170 2405 45 41 J.
248 2405 194 46 Farnol,
476 2405 206 38 Preston
714 2403 144 47 Park,
891 2403 255 47 Brighton,
1180 2402 240 49 England.

99 2499 224 64 Finley,
356 2499 169 53 Jean.

232 2577 1879 69 … The Blue Domers, by Jean Finley … New York, A. L.
99 2661 149 51 Burt
280 2674 282 51 company
600 2690 12 34 [
618 2662 18 21 ᶜ
641 2659 152 63 1928]

98 2738 1996 108 4 p. l., 118 p. col. front., col. plates. 19½ ᶜᵐ . (Her Blue Domers series)
168 2856 290 41 Illustrated
488 2854 367 48 lining-papers.

101 2911 51 52 ©
182 2916 114 47 Apr.
325 2913 68 47 16,
424 2913 117 40 1928;
597 2913 68 40 2c.
694 2913 95 39 and
819 2911 83 42 aff.
931 2911 115 49 Apr.
1075 2912 56 40 26;
1189 2912 41 38 A
1261 2911 203 41 1069916;
1524 2912 55 41 A.
1608 2913 51 40 L.
1691 2914 125 39 Burt
1844 2924 69 30 co.

179 2969 282 51 (28-11924)

98 3064 292 63 Fletcher,
423 3063 221 65 Joseph
678 3062 216 63 Smith,
931 3066 171 50 1863-

168 3144 90 52 I’d
291 3149 239 47 venture
561 3144 78 51 all
674 3141 92 53 for
798 3142 126 52 thee
946 3142 9 52 !
995 3161 31 33 a
1059 3160 263 34 romance
1356 3141 65 52 of
1454 3142 95 52 the
1584 3142 319 53 Yorkshire
1938 3148 173 62 coast,

98 3222 153 66 1746,
296 3221 76 69 by
420 3222 55 53 J.
526 3220 56 55 S.
632 3220 281 52 Fletcher.
998 3219 235 54 Garden
1284 3219 154 69 City,
1487 3219 69 53 N.
1608 3219 91 68 Y.,
1749 3219 359 69 Doubleday,

97 3301 199 51 Doran
325 3301 45 50 &
398 3317 300 50 company,
726 3298 128 65 inc.,
886 3301 149 50 1928.

167 3383 87 39 viii
284 3393 56 37 p.,
372 3382 24 38 1
463 3413 8 16 l.,
501 3381 86 40 305
618 3391 43 37 p.
722 3381 146 41 19½ᶜᵐ.

101 3435 51 52 ©
181 3441 121 38 Mar.
330 3439 40 47 2,
399 3438 142 45 1928;
572 3438 68 40 2c.
669 3439 122 39 Mar.
819 3438 83 46 31;
934 3437 83 41 aff.
1046 3438 115 47 May
1188 3438 55 45 2;
1274 3437 42 39 A
1344 3437 230 46 1077040;
1608 3437 299 48 Doubleday,
1939 3438 168 40 Doran

168 3497 35 39 &
231 3507 82 37 co.,
345 3496 92 40 inc.
501 3491 68 53 [©
600 3495 260 49 foreword]
934 3494 282 50 (28-11817)

99 3589 251 53 Florida.
427 3590 185 65 Laws,
646 3595 257 62 statutes,
940 3596 99 46 etc.

166 3669 120 52 The
318 3667 302 68 Compiled
650 3668 230 68 general
911 3668 139 53 laws
1080 3667 65 53 of
1176 3667 259 67 Florida,
1469 3666 152 68 1927,
1654 3666 329 70 embracing
2013 3667 96 52 the

97 3746 312 68 subsisting
445 3746 323 67 provisions
806 3745 64 53 of
905 3746 95 53 the
1038 3746 375 53 constitution
1452 3745 112 53 and
1601 3750 241 49 statutes
1881 3763 59 35 as
97 3762 1986 114 contained

326 3824 60 52 in
423 3825 95 52 the
554 3824 246 53 Revised
836 3824 231 69 general
1103 3830 241 48 statutes
1381 3824 64 53 of
1485 3826 152 66 1920,
1673 3824 437 69 incorporating

98 3901 93 52 the
225 3902 432 52 constitutional
691 3903 390 53 amendments
1117 3903 252 68 adopted
1403 3902 339 69 subsequent
1776 3908 58 47 to
1868 3903 96 52 the
98 3903 1987 130 Revised

280 3982 230 68 general
538 3986 240 49 statutes
805 3980 64 54 of
898 3984 136 51 1920
1062 3981 114 54 and
1203 3981 96 54 the
1327 3981 138 54 laws
1493 3981 64 54 of
1585 4000 31 35 a
1645 3981 231 70 general
1904 3987 204 48 nature
