2498 4384
1060 4083 136 52 1653

141 437 259 64 Buchan,
436 436 174 64 John,
650 437 170 53 1875-

212 512 1934 71 Montrose; a history, by John Buchan … Boston and New
139 595 179 68 York,
348 594 320 68 Houghton
699 591 206 53 Mifflin
934 609 300 51 company,
1269 593 150 52 1928.

209 672 1195 50 xvii, 385 p. 2 port. (incl. front.) maps. 24 ᶜᵐ.
210 731 414 48 Bibliographical
658 731 278 40 foot-notes.

145 785 51 54 ©
228 789 101 41 Oct.
362 787 68 49 19,
462 787 116 41 1928;
637 787 68 42 2c.
738 786 103 42 Oct.
872 786 56 40 22;
990 786 83 43 aff.
1107 786 102 43 Oct.
1242 786 59 41 20;
1360 786 41 40 A
1431 785 118 42 1136;
1609 786 43 42 J.
1685 786 217 48 Buchan,
211 786 1915 108 Oxfordshire,
386 845 238 48 England.
694 843 280 50 (28-24618)

142 927 121 52 Bus
300 927 175 66 ideas,
512 932 59 46 to
608 925 258 68 improve
906 925 304 68 operating
1251 924 278 69 methods,
1567 931 58 46 to
1664 926 203 52 reduce
206 924 1915 132 maintenance

416 1009 174 60 costs;
627 1002 304 69 published
963 1003 115 52 and
1112 1002 381 69 copyrighted
1526 1002 76 69 by
1636 1003 120 52 Bus
208 1008 1913 141 transportation,

382 1080 138 55 Carl
555 1080 89 55 W.
684 1079 221 68 Stocks,
940 1080 201 53 editor.
1213 1080 139 53 New
1391 1079 182 68 York,
1609 1080 71 53 N.
1718 1080 92 68 Y.,
206 1079 1937 132 McGraw-Hill

368 1157 337 70 publishing
737 1176 299 50 company,
1069 1158 108 52 inc.
1239 1160 152 64 [1928]

205 1239 1008 50 160 p. incl. illus., diagrs., forms. 24 ᶜᵐ.
142 1294 51 53 ©
222 1299 102 40 Oct.
351 1298 40 47 1,
421 1296 117 41 1928;
591 1296 68 41 2c.
690 1297 103 40 Oct.
821 1297 56 40 17;
934 1296 83 40 aff.
1048 1297 102 40 Oct.
1179 1296 60 41 16;
1293 1298 43 38 A
1362 1297 117 40 1042;
1536 1296 354 41 McGraw-Hill
1920 1299 109 47 pub.
2062 1309 81 37 co.,

209 1355 90 40 inc.
369 1352 283 51 (28-24600)

138 1433 213 64 Cabell,
382 1433 206 53 James
619 1431 256 66 Branch,
910 1435 172 52 1879-

204 1511 328 69 Gallantry,
570 1511 193 52 dizain
800 1511 96 52 des
934 1510 144 54 fêtes
1115 1511 278 68 galantes,
1426 1512 76 69 by
1537 1512 195 54 James
1768 1514 233 52 Branch
134 1513 1987 130 Cabell.

335 1589 141 53 New
514 1589 182 67 York,
732 1590 67 51 R.
839 1589 79 52 M.
957 1588 280 55 McBride
1273 1591 46 50 &
1355 1607 300 52 company,
1695 1594 151 50 1928.

203 1670 1943 49 xxxii, 342 p., 1 l. 23½ᶜᵐ. (Lettered on cover: The works of James
135 1728 194 41 Branch
361 1728 182 41 Cabell,
667 1727 15 49 IX)

204 1785 313 42 “Storisende
543 1784 200 42 edition,
862 1782 39 44 IX.”

205 1841 1940 51 “Of this … volume … fifteen hundred and ninety copies have been
134 1897 1079 50 printed … This copy is number 1589.”
140 1952 51 53 ©
225 1956 128 49 Sept.
383 1956 70 48 15,
484 1955 116 40 1928;
657 1956 69 41 2c.
759 1955 102 41 Oct.
892 1956 57 38 24;
1009 1955 82 41 aff.
1125 1956 102 41 Oct.
1259 1957 55 38 22;
1375 1956 43 39 A
1447 1957 117 40 1228;
1623 1958 45 41 J.
1700 1959 56 41 B.
1789 1958 180 49 Cabell,
207 1959 1919 95 Richmond.

426 2008 68 54 [©
524 2023 107 29 new
661 2012 190 40 revised
882 2013 96 39 and
1009 2012 249 40 definitive
1290 2013 184 41 edition
1505 2014 121 40 with
1657 2026 107 29 new
1793 2015 350 50 introduction]

217 2070 282 49 (28-24844)

203 2137 120 52 The
370 2136 144 68 high
561 2136 178 67 place,
788 2154 31 34 a
869 2136 235 68 comedy
1152 2134 65 53 of
1265 2135 514 70 disenchantment,
1827 2137 76 69 by
1949 2138 198 55 James

134 2216 229 51 Branch
396 2214 215 54 Cabell.
686 2214 141 53 New
856 2214 183 67 York,
1067 2214 69 53 R.
1165 2214 82 53 M.
1278 2214 279 54 McBride
1585 2217 46 50 &
1661 2233 300 51 company,
1993 2220 152 50 1928.

273 2295 1873 49 xx, 294 p., 1 l. 23½ ᶜᵐ. (Lettered on cover: The works of James
133 2354 194 41 Branch
356 2352 182 44 Cabell,
697 2351 15 50 VIII)

203 2411 311 41 “Storisende
546 2410 200 42 edition,
900 2410 38 42 VIII.”

205 2467 1940 51 “Of this … volume fifteen hundred and ninety copies have been
133 2523 858 51 printed … This is copy 1589.”
141 2579 51 52 ©
226 2583 128 48 Sept.
385 2583 69 47 15,
486 2582 115 40 1928;
660 2582 67 40 2c.
759 2582 103 40 Oct.
892 2582 57 38 24;
1010 2581 83 41 aff.
1126 2582 102 41 Oct.
1259 2582 61 39 22;
1377 2582 41 39 A
1449 2583 115 40 1227;
1625 2584 43 40 J.
1701 2585 54 40 B.
1789 2584 179 48 Cabell,
206 2584 1922 96 Richmond.

425 2635 68 53 [©
524 2650 107 29 new
661 2639 190 40 revised
882 2639 95 39 and
1008 2638 249 40 definitive
1288 2639 186 40 edition
1503 2640 122 40 with
1655 2651 107 29 new
1791 2641 350 50 introduction]

217 2696 280 49 (28-24843)

202 2763 120 53 The
367 2762 118 53 line
528 2761 65 53 of
636 2762 144 67 love,
824 2760 194 54 dizain
1063 2762 96 52 des
1202 2760 305 70 mariages,
1548 2761 77 69 by
1668 2763 196 53 James
1912 2761 233 55 Branch

135 2840 211 55 Cabell.
422 2840 139 53 New
591 2840 180 66 York,
800 2840 68 53 R.
897 2840 80 52 M.
1006 2839 281 53 McBride
1313 2842 46 50 &
1387 2857 300 51 company,
1718 2843 151 50 1928.

202 2921 1943 49 xix, 285 p., 1 l. 23½ ᶜᵐ. (Lettered on cover: The works of James
134 2979 192 41 Branch
357 2979 181 42 Cabell,
677 2978 15 49 VII)

203 3036 312 42 “Storisende
546 3034 200 43 edition,
879 3035 39 41 VII.”

206 3092 1937 49 “Of this … volume … fifteen hundred and ninety copies have been
133 3148 857 50 printed … This is copy 1589.”
141 3203 51 53 ©
224 3208 127 48 Sept.
381 3208 70 47 15,
483 3207 115 41 1928;
657 3208 68 39 2c.
757 3207 103 41 Oct.
890 3207 56 39 24;
1007 3206 84 42 aff.
1122 3206 102 42 Oct.
1256 3208 56 38 22;
1373 3207 43 39 A
1445 3207 117 40 1226;
1623 3208 43 40 J.
1697 3209 55 39 B.
1786 3208 180 48 Cabell,
206 3207 1919 98 Richmond.

424 3259 69 55 [©
524 3275 107 30 new
660 3264 190 40 revised
881 3264 96 39 and
1008 3263 249 41 definitive
1287 3264 187 40 edition
1504 3263 120 41 with
1655 3275 107 29 new
1791 3264 334 41 introduction]

218 3321 280 49 (28-24842)

138 3384 332 66 Calverton,
510 3385 206 54 Victor
756 3384 265 66 Francis,
1064 3390 171 50 1900-

205 3463 121 54 The
365 3463 365 70 bankruptcy
772 3463 65 53 of
876 3464 287 69 marriage
1212 3463 110 70 [by]
1368 3465 71 53 V.
1484 3465 66 51 F.
1597 3464 326 55 Calverton.
2004 3465 139 53 New

138 3540 177 69 York,
343 3542 124 53 The
498 3542 306 68 Macaulay
833 3560 301 51 company,
1167 3545 151 51 1928.

205 3624 554 49 8 p. l. , 11-341 p. 21ᶜᵐ.
142 3675 51 53 ©
224 3680 128 49 Sept.
380 3681 71 46 25,
483 3681 114 41 1928;
656 3682 68 40 2c.
756 3682 103 40 Oct.
889 3682 55 40 17;
1004 3680 83 43 aff.
1118 3682 103 40 Oct.
1253 3681 58 39 16;
1369 3682 41 39 A
1439 3682 56 41 73;
1557 3682 261 48 Macaulay
1849 3692 67 30 co.

215 3737 280 49 (28-24707)

138 3801 225 66 Carter,
396 3803 157 53 John
588 3803 303 65 Franklin,
929 3805 172 53 1897-

207 3879 311 71 Conquest;
554 3881 314 54 America’s
902 3882 249 68 painless
1186 3881 396 69 imperialism,
1615 3883 77 69 by
1726 3882 157 55 John
1921 3882 221 55 Carter.

138 3956 1589 73 New York, Harcourt, Brace and company [ ᶜ1 928]
