2498 4384
1269 4047 133 50 1406

397 496 63 49 iv,
492 497 86 39 212
610 508 44 37 p.
713 497 151 40 front.
924 497 146 40 19½ᶜᵐ.
1141 497 118 48 (His
1290 498 102 38 The
1422 497 173 48 Hardy
1626 497 142 48 boys)

333 562 51 52 ©
420 568 128 47 Sept.
579 566 69 48 10,
680 566 115 40 1928;
855 567 69 40 2c.
956 568 97 38 and
1085 566 82 42 aff.
1202 567 129 47 Sept.
1364 566 57 39 24;
1482 566 42 39 A
1555 566 205 41 1054474;
1823 566 200 42 Grosset
2056 571 37 41 &
2125 568 210 47 Dunlap,

399 623 93 41 inc.
562 623 282 49 (28-22064)

331 716 401 64 Drinkwater,
768 716 175 64 John,
980 722 173 49 1882-

400 792 239 58 Charles
670 795 195 55 James
897 795 143 68 Fox,
1070 795 75 69 by
1176 795 159 54 John
1365 794 387 55 Drinkwater.
1821 796 139 53 New
1992 795 182 70 York,
327 796 1989 145 Cosmopolitan

680 873 149 53 book
859 874 385 68 corporation,
1279 876 150 50 1928.

399 958 28 39 5
455 969 44 37 p.
563 988 9 17 l.,
600 957 86 41 389
715 968 43 37 p.
818 957 166 47 front.,
1013 957 173 47 plates,
1216 958 166 46 ports.,
1413 956 217 42 facsims.
1689 958 148 41 24½ᶜᵐ.

400 1028 292 39 Illustrated
724 1026 367 49 lining-papers.

401 1084 134 39 “List
566 1082 53 42 of
648 1083 148 40 books
826 1082 282 41 consulted”:
1169 1094 43 37 p.
1243 1082 219 41 385-389.

334 1151 51 52 ©
420 1155 128 48 Sept.
575 1154 70 48 22,
673 1153 117 40 1928;
843 1153 69 41 2c.
942 1154 96 39 and
1066 1152 83 41 aff.
1181 1153 130 48 Sept.
1339 1154 57 38 24;
1454 1154 40 39 A
1523 1154 203 40 1054547;
1786 1155 43 40 J.
1861 1155 330 49 Drinkwater,
402 1156 1921 96 London.

583 1210 282 49 (28-22072)

332 1304 265 65 Dunbar,
629 1304 189 55 Aldis.

401 1383 157 55 Once
600 1384 159 51 there
797 1402 115 33 was
954 1402 31 33 a
1026 1383 218 68 prince,
1280 1384 76 69 by
1394 1384 171 54 Aldis
1607 1384 260 69 Dunbar,
1909 1385 140 53 with
329 1386 1990 129 illustrations
511 1462 75 68 by
617 1460 259 53 Maurice
908 1462 148 68 Day.
1133 1463 237 66 Boston,
1401 1462 197 68 Little,
1632 1464 231 67 Brown,
1897 1465 114 52 and
2045 1483 300 51 company,

331 1542 152 51 1928.

403 1621 1661 50 6 p. l., [3]-302 p., 1 l. incl. illus., plates, col. front. 21 ᶜᵐ .
335 1690 51 52 ©
422 1694 128 48 Sept.
580 1694 71 48 22,
682 1694 142 47 1928;
857 1694 68 41 2c.
958 1695 97 39 and
1086 1694 83 41 aff.
1203 1694 130 48 Sept.
1364 1694 57 40 27;
1481 1694 43 39 A
1555 1694 231 47 1053566;
1821 1695 164 49 Little,
2018 1697 193 44 Brown,
2246 1697 97 39 and

402 1761 250 38 company.
724 1750 282 49 (28-22142)

328 1844 245 64 Duskie,
602 1845 156 53 John
790 1844 301 65 Aloysius.

463 1923 1881 57 … The canonical status of the Orientals in the United
330 2002 1991 148 States … by the Reverend John Aloysius Duskie … Washington,
587 2082 71 51 D.
699 2080 82 68 C.,
817 2082 122 51 The
977 2080 265 54 Catholic
1274 2081 322 68 university
1630 2080 66 54 of
1728 2082 288 67 America,
2054 2086 150 49 1928.

402 2163 102 48 viii,
546 2163 86 41 196
673 2175 43 37 p.
790 2163 147 40 22½ᶜᵐ.
1022 2163 127 48 (The
1192 2162 222 42 Catholic
1457 2163 274 48 university
1773 2164 51 40 of
1863 2164 241 41 America.
2181 2166 165 40 Canon

331 2222 97 39 law
456 2220 201 49 studies,
686 2230 75 31 no.
789 2220 83 48 48)

402 2290 1575 50 Thesis (D. C. L.)—Catholic university of America, 1928.
403 2348 353 50 Bibliography:
812 2359 43 38 p.
886 2347 219 42 181-189.

336 2418 51 52 ©
423 2422 118 47 July
572 2422 69 47 31,
676 2421 141 47 1928;
853 2421 68 40 2c.
955 2420 96 40 and
1086 2420 83 41 aff.
1204 2420 118 48 July
1354 2420 83 47 31;
1475 2420 42 39 A
1549 2420 232 47 1083440;
1818 2421 44 40 J.
1896 2421 56 41 A.
1988 2421 200 48 Duskie,
404 2421 1922 105 Concordia,

617 2479 125 39 Kan.
814 2477 282 49 (28-21920)

332 2574 289 64 Dykstra,
660 2572 214 55 Gerald
911 2573 203 53 Oscar.

409 2652 58 52 A
492 2651 226 53 belated
746 2651 252 53 rebuttal
1028 2670 73 33 on
1186 2651 171 68 Russia,
1386 2651 77 69 by
1494 2650 217 55 Gerald
1743 2651 69 55 O.
1844 2651 277 70 Dykstra.
339 2652 1982 148 Allegan,

498 2728 1038 70 Mich., The Allegan press [ ᶜ19 28]
412 2811 1164 49 xvi, 196 p. incl. front., plates, ports. 20 ᶜᵐ .
337 2880 51 52 ©
422 2885 120 47 Aug.
573 2883 70 49 16,
674 2883 114 40 1928;
847 2883 68 39 2c.
946 2883 121 47 Aug.
1098 2882 54 39 22;
1214 2881 85 42 aff.
1330 2882 121 49 Aug.
1481 2882 61 40 29;
1599 2883 42 39 A
1671 2883 203 41 1053051;
1937 2884 53 41 G.
2025 2885 53 40 O.
2110 2885 233 48 Dykstra,

404 2941 221 48 Allegan,
658 2939 145 41 Mich.
874 2938 283 50 (28-22002)

335 3036 214 62 Eaton,
584 3033 224 54 Harold
842 3035 83 63 T.,
961 3035 83 53 ed.

412 3113 376 68 [References,
819 3113 546 69 acknowledgment,
1395 3113 410 69 introduction,
1837 3115 294 67 appendix
2161 3116 180 67 chart]

335 3191 2011 69 by Harold T. Eaton … [in the book entitled] The mill on the
335 3269 1988 147 Floss, by George Eliot … Boston, Little, Brown, and company,
543 3351 151 50 1928.

405 3429 1193 50 xxi, [7]-595 p. front. (port.) diagr. 19½ᶜᵐ.
339 3482 51 52 ©
430 3487 128 47 Sept.
592 3487 39 47 1,
666 3486 141 47 1928;
843 3487 68 39 2c.
948 3487 129 47 Sept.
1110 3488 54 45 3;
1202 3487 83 40 aff.
1323 3488 129 48 Sept.
1485 3488 84 47 20;
1606 3488 42 39 A
1682 3489 230 47 1054574;
1951 3490 164 48 Little,
2152 3491 191 46 Brown,

407 3544 98 39 and
536 3553 250 38 company.

339 3636 400 64 Eggebrecht,
771 3636 169 54 Axel.

342 3714 1980 145 … Katzen; Zeichnungen von B. F. Dolbin. Berlin, H. Stuffer,
479 3791 151 55 1927.

412 3873 916 50 2 p. l., 7-116, [3] p. illus. 19 ½ᶜᵐ .
339 3926 2006 57 © Nov. 15, 1927; 1c. Apr. 11, 1928: A— Foreign 38446; Herbert Stuffer
406 3990 182 47 verlag.
659 3989 282 49 (28-22242)
