2498 4384
1060 4102 135 49 1561

138 431 243 62 Adams,
413 430 212 62 Roger,
660 433 170 49 1889-

207 507 369 67 Elementary
603 505 329 68 Laboratory
961 505 381 67 experiments
1370 503 58 52 in
1456 502 234 69 organic
1717 502 327 68 chemistry,
2069 501 75 70 by

136 579 2007 74 Roger Adams … and John R. Johnson … New York, The
135 661 335 53 Macmillan
503 678 297 51 company,
837 663 150 51 1928.

202 743 1022 49 xi, 304 p., 1 l. incl. illus.. diagrs. 22½ ᶜᵐ.
204 816 119 39 Part
351 815 51 40 of
433 815 80 40 the
543 825 146 38 pages
717 814 162 40 blank.

140 882 52 52 ©
224 886 127 48 Sept.
443 917 7 15 18,
481 886 84 38 1928;
653 885 68 40 2c.
750 885 97 39 and
875 884 83 41 aff.
990 884 129 48 Sept.
1147 883 56 40 20;
1263 884 40 39 A
1332 883 203 40 1054755:
1596 882 283 41 Macmillan
1908 894 68 29 co.

215 942 283 49 (28-22688)

132 1051 366 63 Ainsworth,
534 1050 197 53 Oliver
767 1049 243 64 Morley,
1045 1052 83 52 ed.

269 1126 1874 71 … [Introduction, notes, bibliography] by Oliver Morley
137 1204 2007 69 Ainsworth … [in the book entitled] … Milton on education,
136 1286 95 51 the
266 1289 243 48 tractate
544 1284 84 54 Of
663 1284 318 55 education,
1018 1284 142 52 with
1195 1285 470 66 supplementary
1704 1287 246 48 extracts
1988 1281 155 54 from

136 1361 2007 70 other writings of Milton … New Haven, Yale university
137 1459 183 48 press;
351 1441 259 67 London,
637 1442 77 51 H.
744 1440 267 58 Milford,
1042 1438 229 56 Oxford
1302 1440 320 68 university
1653 1459 175 49 press,
1859 1443 151 49 1928.

202 1522 560 49 xi p., 1 l., 369 p. 22½ ᶜᵐ.
137 1589 52 52 ©
217 1594 127 39 June
371 1594 39 47 9,
441 1594 141 46 1928;
611 1594 67 40 2c.
707 1594 116 47 July
850 1594 83 46 30;
965 1593 83 41 aff.
1079 1594 127 47 Sept.
1237 1594 83 46 21;
1352 1594 39 39 A
1419 1593 230 47 1082774;
1681 1594 119 40 Yale
1830 1593 130 41 univ.
1991 1604 152 37 press.

130 1762 121 52 The
274 1758 320 55 American
617 1780 165 49 scrap
805 1760 148 54 book;
1005 1762 95 51 the
1123 1760 181 69 year’s
1327 1760 208 69 golden
1555 1761 231 53 harvest
1808 1759 64 55 of
1894 1760 251 69 thought

203 1836 1831 69 and achievement. New York, W. H. Wise & co. [ ᶜ19 28 ]
199 1919 1551 50 400 p. incl. front. plates (1 col.) ports. (1 col.) 27½ᶜᵐ.
201 1992 101 39 The
331 1991 319 48 frontispiece
682 1992 96 39 and
809 1992 119 39 each
960 1992 191 39 colored
1184 1992 132 47 plate
1348 1991 343 48 accompanied
1723 1992 61 47 by
1816 1993 155 47 guard
2004 1993 138 40 sheet

132 2048 118 41 with
286 2048 294 48 descriptive
614 2050 300 46 letterpress.

201 2105 128 40 Title
361 2104 175 41 within
569 2106 306 39 ornamental
907 2105 174 40 border
1113 2105 50 38 in
1195 2106 171 38 colors.

202 2161 299 49 Companion
533 2162 190 40 volume
757 2162 49 40 to
839 2162 101 39 The
972 2162 259 46 European
1266 2171 142 38 scrap
1441 2161 135 40 book.

136 2229 52 52 ©
219 2233 120 48 Aug.
368 2233 71 48 28,
471 2233 114 40 1928;
643 2233 69 40 2c.
743 2232 103 41 Oct.
876 2233 55 39 15;
993 2231 82 41 aff.
1110 2231 130 48 Sept.
1270 2231 24 39 1;
1356 2231 41 39 A
1429 2230 207 41 1053966;
1693 2232 123 41 Wm.
1849 2232 61 40 H.
1943 2231 131 41 Wise
2106 2232 37 40 &

203 2301 67 30 co.
342 2290 283 49 (28-23836)

127 2400 477 64 Ashton-Wolfe,
644 2400 74 53 H.

204 2478 170 55 Cases
398 2477 154 54 from
572 2497 98 50 my
693 2478 172 53 crime
887 2478 163 53 book.
1111 2478 140 52 New
1276 2477 185 54 series,
1522 2495 90 35 no.
1640 2481 45 49 1.
1711 2479 121 52 The
1856 2478 287 52 vendetta.

211 2561 84 48 (In
327 2558 187 44 Strand
548 2558 276 52 magazine,
861 2558 122 51 Oct.,
1022 2557 144 51 1928)

135 2613 2004 54 © 1c. Nov. 16, 1928; A ad int. 11908; pubd. Sept. 21; Christy & Moore,
202 2676 100 48 ltd.,
335 2676 214 41 London.

126 2786 294 59 Atwater,
457 2786 175 63 Mary
666 2785 211 65 Meigs.

201 2864 121 52 The
346 2862 397 55 shuttle-craft
768 2863 148 53 book
942 2863 65 53 of
1032 2863 310 53 American
1367 2863 448 68 hand-weaving;
1870 2864 173 69 being
2070 2883 73 34 an

132 2947 236 47 account
402 2941 66 53 of
500 2942 96 52 the
631 2942 128 67 rise,
794 2942 415 68 development,
1244 2942 225 68 eclipse,
1504 2942 113 53 and
1650 2943 237 52 modern
1923 2943 214 52 revival

130 3018 64 54 of
234 3039 31 33 a
305 3020 261 52 national
608 3021 248 67 popular
895 3025 107 60 art,
1043 3021 262 68 together
1346 3020 140 52 with
1528 3019 381 54 information
1951 3020 65 54 of
129 3021 1988 129 interest

341 3098 114 53 and
496 3098 165 52 value
699 3103 59 47 to
800 3098 310 67 collectors,
1150 3098 282 52 technical
1471 3103 160 48 notes
1673 3097 94 54 for
1805 3100 95 52 the
1940 3117 97 35 use
2078 3099 65 53 of

130 3194 263 48 weavers,
430 3175 113 53 and
580 3194 31 34 a
647 3176 159 68 large
841 3175 297 53 collection
1174 3175 66 53 of
1273 3175 238 54 historic
1547 3180 277 64 patterns,
1860 3176 75 69 by
1968 3177 173 70 Mary

129 3252 2012 72 Meigs Atwater … New York, The Macmillan company, 1928.
198 3336 951 49 xviii, 275 p. incl. front., illus. 26 ᶜᵐ.
136 3404 1733 52 © Oct. 9, 1928; 2c. and aff. Oct. 10; A 1054895; Macmillan co.
213 3465 283 48 (28-23648)

128 3558 169 53 Bank
332 3558 64 52 of
429 3557 295 63 America,
759 3559 139 51 New
936 3559 177 52 York.

205 3636 55 53 A
283 3637 259 53 national
567 3655 207 51 survey
799 3635 64 54 of
886 3641 144 48 state
1059 3636 162 54 debts
1248 3637 113 52 and
1389 3636 290 54 securities;
1739 3656 33 34 a
1799 3639 198 53 record
2025 3641 113 53 and

136 3733 72 33 an
239 3714 252 69 analysis
521 3714 278 68 compiled
836 3715 113 52 and
983 3714 305 68 published
1317 3714 77 70 by
1425 3716 96 51 the
1555 3715 170 53 Bank
1756 3715 66 54 of
1853 3716 285 55 America.

135 3791 138 53 New
303 3792 167 53 York
610 3794 85 65 [ᶜ1928]

211 3873 84 49 [98]
325 3884 45 38 p.
396 3874 113 42 incl.
536 3873 128 41 illus.
694 3873 160 49 (map)
891 3874 170 45 tables,
1089 3873 183 48 diagrs.
1300 3873 48 48 (1
1377 3874 145 47 fold.)
1591 3875 56 41 20½
1693 3888 33 28 x
1744 3876 117 44 27ᶜᵐ.

138 3942 50 53 ©
223 3946 121 49 Aug.
377 3947 71 48 23,
484 3945 141 43 1928;
663 3945 68 42 2c.
766 3946 97 40 and
898 3945 82 42 aff.
1018 3946 130 48 Sept.
1183 3945 82 46 15;
1305 3946 42 40 A
1380 3945 232 50 1053353;
1651 3949 142 43 Bank
1828 3950 52 44 of
1915 3951 225 43 America

202 4004 120 40 natl.
351 4014 143 37 assn.,
523 4004 119 39 New
670 4004 145 39 York.
885 4002 281 49 (28-21947)
