2498 4384
1068 4055 133 56 1741

145 410 309 65 Rockwell,
490 408 316 54 Frederick
842 410 173 62 Frye,
1054 412 170 50 1884-

143 482 1977 137 … Irises, by F. F. Rockwell … drawings by George L. Holbrook
351 566 112 52 and
500 565 95 53 the
632 564 222 53 author.
930 564 139 53 New
1106 562 182 60 York,
1321 562 121 52 The
1477 561 334 53 Macmillan
1849 576 298 52 company,

146 647 148 50 1928.

214 727 64 48 ix,
314 746 71 30 [1],
448 728 27 38 84
507 737 43 37 p.
610 725 129 41 illus.
799 724 146 41 19½ᶜᵐ.
1016 724 115 47 (His
1164 724 102 39 The
1300 723 138 40 home
1472 723 181 47 garden
1687 720 307 46 handbooks)

150 793 51 54 ©
232 798 101 41 Oct.
362 798 69 41 23,
461 796 114 41 1928;
631 796 68 41 2c.
730 795 102 42 Oct.
860 795 83 47 24;
975 793 82 42 aff.
1088 793 102 42 Oct.
1219 792 83 48 25;
1333 792 40 40 A
1401 791 141 48 1231;
1576 790 282 42 Macmillan
1887 803 68 29 co.

226 854 281 50 (28-25337)

142 975 524 64 Schleiermacher,
699 976 204 52 Ernst.

141 1048 1986 136 Wasserabfluss durch stollen; u ntersuchungen aus dem flussbaulaboratorium
719 1130 101 53 der
868 1129 390 53 Technischen
1305 1128 341 53 hochschule
1695 1146 69 33 zu
1812 1127 340 66 Karlsruhe,

143 1227 110 34 von
304 1209 231 69 dr.-ing.
591 1209 179 52 Ernst
826 1207 500 56 Schleiermacher.
1419 1205 290 54 München
1762 1205 117 53 und
1933 1204 219 69 Berlin,

144 1288 66 52 R.
248 1286 391 69 Oldenbourg,
674 1289 150 50 1928.

211 1368 931 51 3 p. l., 55 p. illus., diagrs. 28 ᶜᵐ .
213 1438 613 43 “Literaturverzeichnis”
846 1449 10 29 :
890 1449 42 38 p.
970 1437 191 51 [54]-55.

149 1506 1831 54 © May 29, 1928; 1c. June 30; A —Foreign 39535; R. Oldenbourg.
226 1567 282 50 (28-27890)

204 1688 1949 71 … The Southern reporter, v. 117. Permanent ed. … With
216 1770 108 69 key
358 1769 240 52 number
633 1768 381 53 annotations.
1088 1768 154 53 June
1276 1766 442 68 23-September
1754 1771 48 63 8,
1842 1770 150 50 1928.
2069 1766 83 55 St.

217 1849 165 65 Paul,
410 1848 159 53 West
601 1846 338 69 publishing
969 1864 98 49 co.,
1100 1848 150 51 1928.

215 1927 1704 50 xxiii, 999 p. 26 ᶜᵐ. (National reporter system—State series)
150 1997 51 52 ©
229 2001 103 41 Oct.
358 2002 69 46 25,
456 2001 113 40 1928;
626 2000 67 42 2c.
721 2002 119 39 Nov.
868 2000 54 39 12;
981 1999 82 42 aff.
1090 2000 118 40 Nov.
1238 1999 58 40 10;
1350 2001 42 38 A
1419 2000 86 40 547;
1561 2000 136 40 West
1725 2000 110 48 pub.
1864 2010 69 30 co.

142 2182 189 55 South
359 2190 240 46 western
627 2189 272 62 reporter.
978 2181 221 55 Second
1224 2181 186 54 series.
1477 2180 169 55 Cases
1676 2182 214 68 argued
1918 2182 113 53 and
215 2182 1913 132 determined

524 2261 61 52 in
610 2261 95 53 the
735 2259 276 69 Supreme
1040 2265 187 47 courts
1257 2258 65 53 of
1347 2258 314 69 Arkansas,
1687 2258 293 68 Missouri,
216 2260 1913 148 Tennessee,
452 2339 113 53 and
594 2340 183 52 Texas;

841 2337 207 56 Courts
1080 2336 64 54 of
1173 2338 235 68 appeals
1439 2336 65 54 of
1532 2337 310 70 Kentucky
1872 2339 113 53 and
217 2338 1914 133 Missouri;
432 2417 207 55 Courts
668 2417 66 53 of
760 2417 135 53 civil
926 2418 114 52 and
1067 2417 266 52 criminal

1363 2417 234 68 appeals
1629 2417 114 53 and
1775 2416 382 55 Commission
217 2496 65 52 of
304 2497 235 67 appeals
564 2495 65 53 of
651 2498 187 51 Texas
858 2496 141 52 with
1023 2495 376 69 key-number
1425 2495 382 54 annotations,
1869 2515 51 34 v.
1947 2495 32 55 7
2015 2495 129 70 (2d)

217 2573 142 70 July
398 2575 334 68 18-August
768 2578 85 64 22,
893 2578 149 49 1928.
1117 2575 349 52 Permanent
1504 2574 84 53 ed.
1667 2574 83 55 St.
1790 2575 167 68 Paul,
1994 2575 163 54 West

214 2653 339 69 publishing
581 2671 98 50 co.,
712 2655 149 52 1928.

287 2735 354 49 xx, 1202 p. 26 ᶜᵐ.
149 2801 52 53 ©
230 2806 103 42 Oct.
358 2807 40 48 2,
427 2807 141 46 1928;
597 2807 69 41 2c.
693 2807 119 41 Nov.
840 2806 82 48 12;
952 2806 83 40 aff.
1062 2807 120 41 Nov.
1210 2807 83 47 10;
1323 2808 42 38 A
1392 2808 112 47 552;
1535 2809 136 40 West
1698 2808 111 49 pub.
1837 2819 68 30 co.

137 2929 302 65 Spengler,
476 2929 253 56 Oswald.

215 3009 122 53 The
371 3010 217 52 decline
622 3008 65 54 of
719 3010 95 52 the
853 3011 182 56 West;
1075 3010 381 67 perspectives
1494 3010 65 53 of
1593 3011 450 69 world-history,
2079 3012 76 69 by

145 3086 233 55 Oswald
448 3086 281 70 Spengler;
827 3088 335 52 authorized
1228 3089 346 52 translation
1642 3089 142 53 with
1850 3096 158 47 notes
2077 3091 76 68 by

148 3165 234 54 Charles
407 3166 238 53 Francis
670 3166 306 53 Atkinson,
1036 3186 51 32 v.
1112 3170 48 50 2.
1220 3167 141 53 New
1386 3167 181 68 York,
1591 3167 214 54 Alfred
1829 3167 71 53 A.
1926 3167 229 70 Knopf,

147 3246 149 50 1928.

214 3325 879 50 xi, 507, xxxii, [1] p. tables. 24½ ᶜᵐ.
214 3396 317 40 Translation
559 3397 52 39 of
638 3407 41 31 v.
707 3398 28 38 2
762 3397 52 39 of
842 3398 98 40 Der
969 3401 274 45 Untergang
1272 3399 84 40 des
1385 3399 345 41 abendlandes.

149 3461 51 53 ©
228 3467 118 40 Nov.
373 3467 41 47 9,
443 3467 115 40 1928;
614 3468 68 40 2c.
710 3468 118 41 Nov.
857 3469 54 38 12;
972 3468 83 41 aff.
1083 3469 119 40 Nov.
1233 3469 58 41 10;
1346 3470 42 38 A
1415 3469 86 41 564;
1558 3469 174 42 Alfred
1760 3471 54 39 A.
1845 3471 181 49 Knopf,
2058 3472 92 41 inc.

147 3589 1028 71 [Stewart, Alfred Walter ] 1880-
209 3668 120 53 The
365 3687 123 35 case
524 3670 138 52 with
700 3670 131 53 nine
867 3671 296 66 solutions,
1197 3671 76 69 by
1309 3672 56 54 J.
1402 3672 56 54 J.
1497 3671 370 71 Connington
1930 3675 216 67 [pseud.]

200 3747 1077 69 … London, V. Gollancz ltd., 1928.
210 3828 332 48 287 p. 19 ᶜᵐ .
149 3893 1997 60 © 1c. Nov. 12, 1928; A ad int. 11891; pubd. Sept. 25; Little, Brown, and
213 3965 248 40 company,
492 3958 198 40 Boston.
759 3957 280 52 (28-28748)
