2498 4384
1268 4114 104 50 210

373 531 100 48 123,
507 531 55 49 [1]
594 541 43 38 p.
698 531 117 41 19ᶜᵐ.

372 586 73 41 On
474 598 167 30 cover:
673 589 74 47 By
774 589 224 39 Bernard
1026 588 238 41 Bernard.

376 644 215 41 “Second
626 644 228 42 edition.”

308 697 52 52 ©
388 702 128 40 June
542 701 69 49 21,
640 701 141 48 1927;
810 702 67 41 2c.
905 701 121 50 Aug.
1054 702 82 47 15;
1167 701 84 42 aff.
1279 702 110 41 Jan.
1418 703 40 47 3,
1487 701 141 48 1928;
1660 702 42 39 A
1728 701 232 47 1061752;
1991 702 54 40 B.
2076 701 236 47 Bernard,

378 758 264 49 Sausalito,
675 759 144 42 Calif.
891 758 252 50 (28-5924)

303 855 184 53 Bible.
567 856 65 53 O.
667 858 62 51 T.
805 856 331 54 Selections.
1211 857 266 69 English.

377 932 311 56 Selections
714 933 156 54 from
893 935 96 53 the
1013 934 115 55 Old
1152 935 349 68 Testament,
1525 935 189 52 edited
1739 934 141 52 with
1906 934 411 67 introduction,

304 1011 1989 147 notes, and study questions, by Henry Nelson Snyder … Boston, New York [etc.]
999 1090 158 56 Ginn
1189 1092 114 52 and
1334 1110 282 50 company
1725 1095 120 63 [ᶜ1928]

375 1173 101 47 xix,
508 1174 71 48 [1],
606 1173 87 40 220
721 1185 43 37 p.
820 1174 130 41 illus.
980 1174 186 49 (maps)
1231 1175 147 40 17½ᶜᵐ.
1445 1175 273 48 (Standard
1746 1174 203 49 English
1977 1173 225 50 classics)

311 1226 51 53 ©
392 1231 112 40 Feb.
534 1232 40 47 1,
603 1231 141 47 1928;
775 1232 68 40 2c.
872 1232 112 41 Feb.
1013 1232 82 46 18;
1128 1231 83 42 aff.
1242 1232 112 41 Feb.
1383 1232 82 47 17;
1497 1232 41 40 A
1567 1232 230 46 1018881;
1830 1231 128 41 Ginn
1988 1231 36 41 &
2054 1242 66 30 co.

388 1287 254 50 (28-5996)

307 1380 203 64 Blake,
543 1381 277 64 William,
854 1382 327 55 1757-1827.

378 1461 397 53 Illustrations
822 1466 59 48 to
933 1462 257 69 Young’s
1239 1462 186 68 Night
1470 1462 295 69 thoughts,
1814 1462 144 53 done
2005 1460 63 53 in
310 1466 1982 126 watercolour
547 1540 76 68 by
666 1540 262 53 William

974 1540 210 66 Blake;
1233 1540 186 69 thirty
1465 1558 192 51 pages,
1702 1539 108 54 five
1855 1540 354 68 reproduced
2256 1540 58 52 in

310 1618 194 52 colour
538 1618 113 53 and
684 1618 354 69 twenty-five
1069 1619 61 52 in
1162 1624 320 61 monotone,
1516 1618 154 53 from
1702 1619 97 52 the
1831 1617 253 70 original
311 1623 1982 127 watercolours

572 1696 61 52 in
670 1696 97 53 the
805 1696 221 70 library
1066 1696 64 54 of
1166 1696 265 55 William
1468 1697 299 69 Augustus
1806 1696 215 69 White,
2060 1696 143 53 with
2245 1716 72 33 an

309 1775 403 69 introductory
748 1794 159 50 essay
944 1776 77 68 by
1060 1774 271 70 Geoffrey
1367 1776 246 69 Keynes.
1695 1774 386 70 [Cambridge,
2118 1775 194 67 Mass.]

311 1853 244 54 Printed
584 1852 94 54 for
703 1854 96 52 the
826 1855 167 68 Fogg
1018 1872 256 35 museum
1301 1852 65 55 of
1392 1860 91 47 art
1507 1855 61 51 in
1595 1853 366 70 Cambridge,
311 1854 1983 144 Massachusetts,

490 1932 77 69 by
592 1932 95 53 the
711 1951 157 49 press
896 1937 59 47 at
977 1932 277 53 Harvard
1279 1931 239 70 college;
1548 1933 260 67 London,
1833 1931 232 56 Oxford
309 1932 1985 147 university
456 2029 174 49 press,
664 2009 150 54 1927.

383 2076 785 67 [18] p., 30 pl. (5 col.) 44ᶜᵐ.
382 2152 59 39 In
479 2150 248 49 portfolio.

385 2208 94 41 “Of
503 2207 100 41 this
628 2208 135 40 work
786 2207 93 42 five
903 2207 224 40 hundred
1152 2207 161 49 copies
1339 2208 124 40 have
1490 2209 120 40 been
1634 2208 195 48 printed
1856 2208 95 40 and
1978 2208 84 40 the
2089 2212 112 44 type
311 2207 1994 98 distributed.”

315 2318 52 52 ©
399 2323 119 39 Nov.
549 2322 69 46 14,
651 2322 141 41 1927;
826 2322 66 40 2c.
926 2322 111 40 Dec.
1069 2322 83 41 14:
1186 2322 83 41 aff.
1303 2322 111 41 Feb.
1447 2322 70 47 11,
1550 2322 141 46 1928;
1727 2322 40 39 A
1798 2322 230 40 1013564;
2065 2322 257 39 President

383 2380 98 40 and
524 2379 191 41 fellows
760 2379 52 42 of
856 2380 232 40 Harvard
1134 2380 193 48 college,
1375 2379 303 50 Cambridge,
1725 2381 147 40 Mass.
1968 2375 52 53 [©
2068 2379 255 49 prefatory

382 2440 128 45 note,
543 2438 61 46 by
639 2437 202 41 Chester
874 2438 159 47 Noyes
1068 2437 290 49 Greenough
1391 2438 96 39 and
1521 2437 340 48 introductory
1894 2447 156 38 essay,

2087 2438 61 46 by
383 2437 1923 105 Geoffrey
528 2495 209 49 Keynes]
810 2494 282 49 (28-25826)

311 2588 216 53 Brown
556 2588 281 53 brothers
865 2589 116 53 and
1013 2605 309 47 company.

383 2668 252 69 Foreign
675 2668 187 53 dollar
899 2667 199 53 bonds.
1177 2667 132 53 10th
1350 2668 85 52 ed.
1511 2667 140 53 New
1692 2666 181 67 York,
1913 2665 412 70 Philadelphia

445 2744 1775 69 [etc . ] Statistical department, Brown brothers & co., ᶜ1 928.
382 2827 339 49 143 p. 23 ᶜᵐ .
319 2881 52 52 ©
403 2885 113 41 Feb.
546 2885 39 47 8,
615 2884 117 41 1928
748 2895 9 36 ;
788 2885 68 40 2c.
887 2885 96 39 and
1014 2883 83 43 aff.
1128 2884 113 42 Feb.
1273 2884 81 41 11:
1387 2884 42 39 A
1457 2884 230 48 1018770;
1722 2886 179 39 Brown
1932 2885 226 40 brothers
2189 2885 37 41 &
2257 2896 68 30 co.

400 2941 254 49 (28-5925)

315 3035 261 64 Caffrey,
609 3036 208 53 Edwin
851 3035 264 63 Charles,
1148 3039 172 51 1885-

387 3114 170 55 Cases
594 3132 72 35 on
704 3114 264 54 evidence
1004 3114 61 52 in
1102 3113 137 54 civil
1277 3115 113 52 and
1428 3113 265 53 criminal
1731 3132 210 50 causes,
1978 3114 143 54 with
319 3115 1983 131 selections

502 3191 154 55 from
684 3193 97 52 the
811 3192 267 53 evidence
1108 3197 89 47 act
1241 3191 93 69 (P.
1365 3191 65 52 L.
1461 3191 167 54 Laws
1660 3190 65 55 of
1757 3195 135 50 1900
1923 3192 143 53 with
315 3192 1987 132 amendments
527 3269 248 70 thereto)

320 3269 1983 148 and other statutes relating to evidence, by Edwin C. Caffrey … Newark,
1222 3348 141 52 New
1389 3348 202 68 Jersey
1615 3348 111 52 law
1751 3348 192 54 school
1969 3367 177 50 press,
2175 3351 150 52 1928.

383 3431 106 47 xiii,
521 3430 86 41 664
638 3441 43 38 p.
740 3430 117 42 24ᶜᵐ.

321 3484 53 52 ©
400 3488 112 40 Feb.
538 3487 69 48 10,
632 3487 142 47 1928;
798 3487 69 40 2c.
892 3488 97 39 and
1014 3486 83 42 aff.
1124 3487 113 40 Feb.
1263 3487 81 46 11;
1373 3486 40 39 A
1439 3486 195 42 1018771
1659 3497 9 36 ;
1697 3488 118 38 New

1841 3488 173 48 Jersey
2039 3489 97 39 law
2163 3488 163 41 school

390 3555 151 38 press.
615 3543 251 49 (28-5932)

320 3625 345 55 California.
741 3626 279 67 Supreme
1052 3630 174 47 court.

391 3702 1933 69 Reports of cases determined … December 12, 1926, to March
321 3786 83 54 31,
460 3781 149 54 1927.
685 3782 313 66 Randolph
1063 3782 70 53 Y.
1185 3779 288 70 Whiting,
1541 3784 273 64 reporter,
1890 3801 51 33 v.
2009 3785 118 49 200.
2207 3780 116 56 San

321 3861 326 58 Francisco,
679 3858 590 70 Bancroft-Whitney
1301 3877 298 51 company,
1634 3861 150 51 1928.

538 3942 407 50 xxxv, 903 p. 22½ ᶜᵐ .
324 3998 51 53 ©
402 4004 123 38 Mar.
551 4002 39 46 2,
617 4001 141 46 1928;
786 4002 67 40 2c.
880 4002 122 40 Mar.
1028 4001 82 47 12;
1139 4001 82 41 aff.
1249 4002 123 39 Mar.
1398 4001 83 46 10;
1509 4000 41 40 A
1575 3999 230 48 1068264;

1836 3999 491 48 Bancroft-Whitney

420 4069 41 32 co.
