2498 4384
1210 4086 134 51 1251

257 426 220 56 Bloom,
515 421 236 58 Ursula.

328 487 1928 84 An April after, by Ursula Bloom … London, Hutchinson
255 586 51 49 &
339 600 99 39 co.,
469 579 103 53 ltd.
612 612 12 34 [
632 581 134 50 1928
771 611 12 34 ]

328 655 933 56 3 p. l., xi-xvi p., 1 l., 19-288 p. 19½ ᶜᵐ.
263 720 1995 64 © 1c. Aug. 16, 1928; A ad int. 11517; pubd. June 22; Ursula Gower
331 790 263 44 Robinson.
625 790 213 40 London.
907 785 283 50 (28-20765)

260 900 317 63 Bradford,
608 898 180 53 Louis
817 894 324 66 Jacquelin,
1177 896 172 51 1888-

326 967 1935 79 Machine design, by Louis J. Bradford … and Paul B. Eaton
256 1043 1983 160 … 2d ed. New York, J. Wiley & sons, inc.; London, Chapman & Hall, limited, 1928.
328 1211 813 57 viii, 249 p. illus., diagrs. 22½ ᶜᵐ.
267 1278 1996 62 © Aug. 21, 1928; 2c. Aug. 24; aff. Aug. 23; A 1083968; L. J. Bradford
336 1349 97 39 and
466 1347 120 40 Paul
622 1347 53 39 B.
709 1346 171 44 Eaton,
917 1343 196 42 Easton,
1149 1341 84 39 Pa.
1305 1338 282 49 (28-20116)

264 1443 295 59 Brandon,
595 1438 153 53 John
784 1437 65 53 G.

332 1508 1933 74 The secret brotherhood, by John G. Brandon … New
264 1597 177 67 York,
469 1598 62 51 L.
562 1592 352 69 MacVeagh,
944 1592 121 52 The
1094 1590 137 53 Dial
1262 1607 175 51 press,
1472 1591 149 51 1928.

367 1674 604 55 vi p., 1 l., 320 p. 19 ½ᶜᵐ .
271 1741 1993 61 © Aug. 24, 1928; 2c. Aug. 29; aff. Aug. 25; A 1053060; Dial press, inc.
348 1806 282 51 (28-20345)

267 1903 266 64 Bridges,
570 1900 195 54 Hilda.

338 1981 122 52 The
503 1979 173 54 house
721 1976 64 55 of
827 1976 164 55 make
1035 1974 233 69 believe,
1311 1974 76 69 by
1432 1972 185 55 Hilda
1663 1972 262 70 Bridges.
2006 1972 262 55 London,

266 2059 243 52 Hodder
537 2058 112 53 and
682 2054 345 71 Stoughton,
1058 2052 223 55 limited
1340 2055 152 65 [1928]

336 2138 275 50 311 p. 19 ᶜᵐ.
270 2204 1980 114 © 1c. Aug. 24, 1928; A ad int. 11543; pubd. .June 28; Hodder & Stoughton, ltd. (28-21193)
264 2363 268 63 Browne,
570 2360 211 56 Lewis.

337 2443 123 53 The
493 2441 242 70 graphic
768 2439 167 55 Bible
971 2439 151 54 from
1156 2437 237 56 Genesis
1426 2443 58 49 to
1517 2437 336 54 Revelation
1888 2439 58 52 in
1982 2436 287 54 animated

267 2540 164 50 maps
456 2523 47 51 &
529 2520 208 74 charts,
762 2520 78 68 by
866 2519 187 54 Lewis
1080 2518 263 53 Browne.
1408 2517 140 53 New
1577 2516 182 71 York,
1788 2517 121 52 The
1935 2515 336 55 Macmillan

265 2619 299 50 company,
598 2602 151 50 1928.

333 2679 950 53 4 p. l., 7-160 p. illus. (maps) 32½ ᶜᵐ.
335 2753 148 41 “This
520 2752 184 43 edition
741 2753 52 41 of
830 2753 82 42 the
950 2751 212 49 Graphic
1201 2751 140 42 Bible
1378 2751 42 41 is
1455 2750 190 43 limited
1683 2754 48 38 to
1769 2755 95 38 two
1901 2751 222 42 hundred
2161 2752 112 50 fifty

263 2811 176 49 copies.
498 2809 119 43 This
650 2809 42 41 is
725 2809 203 41 number
959 2809 130 40 242.”

272 2875 53 53 ©
349 2881 121 47 Aug.
494 2881 71 47 21,
590 2880 115 41 1928;
757 2880 68 40 2c.
849 2878 96 42 and
970 2879 82 41 aff.
1077 2879 121 48 Aug.
1222 2878 61 41 22;
1333 2879 43 39 A
1399 2877 207 42 1083908;
1658 2879 51 41 L.
1736 2878 221 51 Browne,
1982 2880 118 40 New
2127 2881 145 42 York.

350 2936 281 49 (28-20143)

266 3031 194 63 Bukh,
495 3030 169 55 Niels
698 3029 290 65 Ebbesen,
1025 3034 170 49 1880-

343 3109 425 54 Fundamental
798 3109 378 69 gymnastics;
1210 3107 96 56 the
1336 3109 150 53 basis
1517 3109 65 53 of
1610 3109 250 53 rational
1891 3109 262 71 physical
272 3111 1982 145 development,

644 3183 1630 73 by Niels Bukh … translated from the 2nd Danish
274 3266 103 66 ed.,
419 3266 347 69 rearranged
809 3265 112 54 and
964 3266 250 67 adapted
1260 3265 94 53 for
1394 3284 97 35 use
1533 3265 58 54 in
1634 3265 286 67 America,
1962 3265 74 71 by
2080 3266 197 71 Emily

274 3339 2002 80 Russell Andrews … and Karen Vesterdal … New York, E. P.
273 3419 916 73 Dutton and company [ ᶜ1 928]
345 3499 1408 56 xxiii, 202 p. incl. plates, tables, diagrs. front. 20 ᶜᵐ.
275 3570 52 52 ©
355 3575 117 46 July
498 3574 39 47 6,
564 3572 141 49 1928;
734 3575 67 39 2c.
829 3574 117 49 July
971 3574 29 40 9;
1053 3575 83 40 aff.
1164 3575 119 49 July
1308 3575 82 48 10;
1420 3577 41 38 A
1488 3576 230 49 1083178;
1749 3579 54 39 E.
1832 3579 50 40 P.
1911 3578 186 41 Dutton
2127 3579 37 40 &
2191 3590 82 37 co.,

342 3630 92 40 inc.
505 3629 280 50 (28-17082)

274 3722 236 64 Cavins,
544 3723 200 54 Elmer
775 3724 268 65 Warren,
1080 3729 173 51 1864-

341 3799 435 73 Orthoghaphy,
816 3805 157 53 word
1016 3804 269 69 analysis,
1327 3806 255 68 phonics,
1623 3804 325 71 dictionary
1990 3808 176 67 work,
2206 3807 74 72 by

271 3873 2010 89 Elmer W. Cavins … New ed., rev. and enl. Taylorville.
272 3954 1263 80 Ill., Parker publishing company [ ᶜ1 928]
