2498 4384
1277 4098 102 51 318

401 521 1122 49 170 p. incl. pl., tables, diagr., forms. 19½ ᶜᵐ.
403 577 235 41 Contains
673 577 306 49 advertising
1007 580 196 39 matter.

337 630 51 51 ©
420 635 111 39 Feb.
560 634 40 41 9,
629 634 84 39 1928;
799 634 68 40 2c.
898 635 95 38 and
1023 633 81 42 aff.
1136 635 111 39 Feb.
1277 634 81 41 13;
1391 635 40 38 A
1461 634 176 40 1061698;
1725 634 105 41 Silk
1859 644 113 30 assn.
2019 634 51 41 of
2101 635 236 46 America,

404 690 93 41 inc.
568 690 252 49 (28-7281)

327 784 216 63 Smith,
583 784 214 54 Gerald
835 784 241 65 Birney,
1116 789 172 50 1868-

402 862 249 54 Current
683 862 297 55 Christian
1009 863 292 69 thinking,
1331 864 75 68 by
1436 863 216 55 Gerald
1681 864 219 57 Birney
1929 863 209 55 Smith.
330 864 1983 144 Chicago,

516 940 1427 70 Ill., The University of Chicago press [ ᶜ1 928]
399 1023 1938 50 ix, 209 p. 20 ᶜᵐ. (Half-title: The University of Chicago publications
329 1080 1697 50 in religious education … Handbooks in ethics and religion)
400 1137 339 42 “Literature”
766 1141 55 37 at
847 1139 93 39 end
967 1138 52 41 of
1046 1138 119 40 each
1192 1138 218 48 chapter.

335 1190 51 51 ©
416 1195 110 40 Jan.
554 1194 69 42 10,
652 1194 116 39 1928;
821 1194 68 40 2c.
918 1195 96 38 and
1042 1193 82 41 aff.
1153 1195 123 40 Mar.
1305 1195 27 39 7;
1389 1195 39 38 A
1456 1194 230 46 1068154;
1719 1194 283 48 University
2033 1195 51 39 of
2113 1194 224 46 Chicago.

406 1251 225 47 Chicago.
703 1250 252 49 (28-7292)

332 1345 327 63 Stacpoole,
690 1346 206 62 Henry
925 1347 85 51 De
1041 1345 172 53 Vere.

402 1424 121 52 The
552 1424 113 69 girl
694 1423 64 53 of
785 1424 96 52 the
908 1424 207 68 golden
1146 1423 138 53 reef.
1349 1424 131 54 Jan.
1512 1427 86 64 29,
1628 1427 151 50 1928.

414 1507 83 42 (In
528 1503 202 43 London
763 1503 202 52 Sunday
996 1502 276 50 chronicle)

335 1559 51 52 ©
451 1574 37 30 1c.
523 1565 122 39 Mar.
680 1564 69 40 20,
785 1564 141 41 1928;
964 1564 40 39 A
1038 1564 63 39 ad
1134 1563 87 41 int.
1258 1563 171 46 10812;
1467 1564 142 47 pubd.
1645 1564 111 40 Jan.
1790 1564 81 41 29;
1911 1564 59 40 H.
2009 1564 70 39 De
2118 1564 49 38 V.
405 1564 1914 103 Stacpoole,

588 1621 303 42 Bonchurch,
926 1622 97 38 Isle
1054 1621 51 40 of
1136 1620 181 49 Wight,
1351 1621 238 48 England.

326 1715 273 60 Stevens,
631 1715 198 61 Louis,
864 1718 171 51 1897-

399 1794 98 51 All
540 1794 96 53 the
676 1794 186 68 king’s
901 1794 211 59 horses,
1152 1794 35 53 by
1268 1793 175 53 Louis
1485 1793 252 54 Stevens.
1816 1794 135 51 New
2000 1794 175 53 York,
2218 1794 117 50 The

327 1873 154 52 John
517 1874 131 66 Day
680 1891 299 50 company,
1010 1875 151 51 1928.

397 1955 656 48 4 p. l., 3-308 p., 1 l. 19½ᶜᵐ.
332 2008 52 52 ©
416 2013 111 40 Feb.
557 2013 69 41 23,
657 2013 114 39 1928;
829 2013 68 40 2c.
928 2014 122 39 Mar.
1079 2012 58 41 10;
1194 2012 84 41 aff.
1309 2014 122 39 Mar.
1463 2012 25 40 9;
1548 2012 43 40 A
1619 2012 229 48 1068212;
1882 2013 51 40 L.
1967 2012 217 43 Stevens,
399 2013 1920 98 Burbank.
574 2069 145 42 Calif.
790 2069 252 48 (28-7329)

323 2163 373 64 Stormzand,
732 2165 225 52 Martin
993 2165 221 63 James,
1255 2164 169 54 1879-

395 2242 124 53 The
556 2243 358 68 progressive
950 2243 262 69 primary
1249 2243 243 68 teacher,
1527 2242 75 70 by
1637 2242 223 53 Martin
1896 2242 55 54 J.
1993 2242 345 55 Stormzand

325 2320 1984 132 … and Jane W. McKee … Boston, New York [etc.] Houghton
445 2399 732 69 Mifflin company [ ᶜ1 928]
394 2483 104 47 xiii,
538 2484 70 48 [1],
641 2483 86 40 352
761 2494 43 37 p.
839 2483 110 40 incl.
984 2483 143 48 illus.,
1162 2485 155 46 plans,
1354 2483 194 49 diagrs.,
1582 2483 156 41 forms.
1812 2483 164 47 front.,
2011 2484 160 47 plates
2198 2483 133 48 (part

324 2539 2005 49 double) 19½ ᶜᵐ. (Half-title: Riverside textbooks in education, ed. by
325 2598 52 38 E.
404 2597 51 40 P.
485 2596 294 48 Cubberley)

396 2653 250 40 “Selected
685 2652 303 41 references”
1026 2655 52 38 at
1116 2654 93 38 end
1247 2652 52 40 of
1335 2663 131 29 some
1501 2653 52 40 of
1590 2653 82 40 the
1709 2654 240 46 chapters.

663 2710 174 39 CONTENTS.—The
876 2709 219 48 primary
1135 2719 131 30 room
1310 2710 95 39 and
1445 2709 459 48 equipment.—The
1942 2708 132 40 child
2114 2710 93 38 and
2254 2709 78 39 the

324 2766 376 40 teacher.—The
729 2766 297 40 curriculum
1057 2766 94 39 and
1185 2766 222 40 methods
1437 2765 51 41 of
1515 2766 150 40 work.

330 2818 51 51 ©
412 2823 112 39 Feb.
553 2823 68 47 11,
650 2822 117 40 1928;
822 2821 67 41 2c.
920 2822 111 40 Feb.
1059 2822 56 39 16;
1173 2821 84 41 aff.
1288 2822 110 40 Feb.
1428 2822 82 45 14;
1540 2821 41 39 A
1611 2821 203 41 1018800;
1874 2823 62 39 M.
1967 2822 43 40 J.
2043 2822 288 39 Stormzand

396 2880 96 39 and
522 2880 125 39 Jane
675 2880 72 39 W.
776 2880 195 45 McKee,
1002 2879 93 39 Los
1124 2878 221 48 Angeles.
1417 2878 252 48 (28-7396)

319 2973 239 62 Tinker,
589 2973 173 53 Miles
793 2973 230 53 Albert.

322 3050 1989 146 … A photographic study of eye movements in reading formulae,
568 3129 153 52 from
758 3129 98 52 the
893 3127 438 70 Psychological
1369 3127 374 54 laboratories
1781 3127 65 54 of
1885 3127 283 55 Stanford
323 3129 1984 147 university,

325 3206 1980 147 by Miles A. Tinker … Worcester, Mass., Clark university, ᶜ1 928.
391 3367 1940 51 2 p. l. , p. [69]-182 incl. tables, diagrs. 24½ᶜᵐ. (Genetic psychology
322 3423 846 50 monographs … vol. III, no. 2)
392 3479 351 42 “References”:
805 3492 43 37 p.
882 3480 249 50 [179]-182.

328 3535 51 51 ©
408 3539 123 38 Mar.
558 3538 39 39 1.
624 3537 115 40 1928;
795 3538 67 39 2c.
890 3537 97 39 and
1014 3536 82 41 aff.
1124 3537 124 40 Mar.
1275 3536 53 46 5;
1358 3536 39 39 A
1425 3536 203 40 1068128;
1688 3536 148 41 Clark
1864 3537 130 41 univ.

405 3593 252 49 (28-7160)

321 3687 389 62 Underwood,
743 3687 178 62 Leon,
957 3690 171 51 1890-

393 3766 123 52 The
548 3765 249 55 Siamese
827 3771 108 61 cat,
964 3771 157 62 story
1152 3766 114 52 and
1297 3771 121 47 cuts
1447 3765 74 69 by
1553 3767 154 51 Leon
1739 3765 384 55 Underwood.
2191 3765 138 52 New

323 3843 181 65 York,
537 3844 356 64 Brentano’s,
927 3847 150 50 1928.

391 3925 1444 48 4 p. l., xi-xv p., 1 l., 269 p., 1 l. incl. front., illus. 21 ᶜᵐ.
325 3977 52 54 ©
409 3984 123 39 Mar.
562 3983 25 39 2,
631 3982 118 41 1928;
806 3983 66 41 2c.
904 3987 95 40 and
1030 3982 83 43 aff.
1143 3986 123 39 Mar.
1297 3983 53 48 5;
1382 3983 41 40 A
1453 3983 229 48 1069098;
1717 3981 289 47 Brentano’s
2038 3982 91 41 inc.

407 4040 252 49 (28-7309)
