2498 4384
1058 4034 132 54 1979

209 459 622 54 [95] p. incl. plates. 29 ᶜᵐ.
206 533 198 40 Edition
430 532 52 41 of
506 530 129 49 3,290
662 532 173 48 copies,
864 531 52 40 of
941 530 158 40 which
1125 528 134 45 3,250
1285 539 84 30 are
1395 529 81 40 for
1501 530 117 39 sale.

133 602 52 52 ©
218 606 117 39 Nov.
366 605 56 40 23,
468 604 141 43 1928;
643 604 68 40 2c.
744 603 111 40 Dec.
889 603 52 42 6;
976 602 83 40 aff.
1090 602 119 41 Nov.
1242 600 83 47 28;
1362 601 39 38 A
1435 599 142 48 2098;
1614 601 43 41 J.
1691 601 54 40 B.
1780 600 180 46 Cabell,
201 599 1918 103 Richmond.

428 659 282 50 (28-30361)

130 759 228 54 Canton
392 771 292 49 company
716 754 65 54 of
814 753 345 55 Baltimore.

203 834 226 55 Canton
456 835 159 68 days,
642 834 97 53 the
763 833 128 54 first
915 833 265 52 hundred
1207 850 164 51 years
1401 850 63 35 or
1491 850 79 49 so,
1600 830 226 55 Canton
1855 848 283 51 company

130 911 1067 68 of Baltimore. [Baltimore, ᶜ1 928]
198 990 1409 54 3 p. l. , 35, [1] p. col. front., illus. (incl. ports.) 19½ ᶜᵐ.
131 1063 51 52 ©
216 1067 112 40 Dec.
360 1067 39 46 7,
434 1066 140 46 1928;
609 1067 68 40 2c.
711 1066 96 39 and
840 1064 83 41 aff.
956 1065 113 40 Dec.
1102 1064 52 47 8;
1188 1064 43 39 A
1263 1063 141 47 3001;
1442 1062 189 42 Canton
1665 1073 68 30 co.
1767 1062 52 41 of
1852 1062 285 49 Baltimore,

197 1123 284 40 Baltimore.
550 1122 283 49 (28-30252)

128 1218 330 64 Casserley,
494 1218 171 52 Anne
699 1215 378 54 Thomasine.

197 1299 122 52 The
363 1297 184 54 whins
591 1316 72 35 on
706 1295 391 66 Knockattan,
1139 1295 76 69 by
1260 1294 168 54 Anne
1475 1292 315 71 Casserley,
1833 1292 143 55 with
126 1293 1990 138 pictures

324 1377 76 69 by
447 1377 96 52 the
590 1376 222 53 author.
889 1374 140 54 New
1078 1372 166 54 York
1289 1374 113 52 and
1466 1373 262 68 London,
1792 1372 236 69 Harper
2091 1376 48 50 &

122 1456 278 67 brothers,
432 1457 150 51 1928.

197 1534 788 51 6 p. l. , 178 p., 1 l. illus. 20ᶜᵐ.
197 1608 130 41 Irish
356 1608 135 47 fairy
522 1608 139 40 tales.

127 1676 52 52 ©
208 1680 119 40 Nov.
355 1680 70 46 14,
455 1679 115 41 1928;
627 1679 68 39 2c.
724 1679 118 39 Nov.
872 1678 55 38 14;
986 1676 83 43 aff.
1098 1677 119 41 Nov.
1247 1676 55 40 16;
1362 1677 41 38 A
1431 1676 117 41 3094;
1608 1677 197 48 Harper
1833 1677 37 40 &
1898 1678 127 40 bros.

204 1736 283 50 (28-30109)

123 1831 262 64 Chaffee,
431 1831 194 63 Alney
669 1831 87 64 E.,
801 1848 179 50 comp.

191 1910 204 69 Digest
425 1908 65 54 of
514 1909 96 52 the
637 1910 138 51 laws
803 1908 320 70 governing
1150 1908 232 69 general
1411 1907 267 54 elections
1707 1908 60 52 in
1795 1908 100 53 the
1919 1909 218 52 several

121 1985 1334 72 states, compiled by A. E. Chaffee. ᶜ1 928.
194 2070 401 53 [96 leaves] 29 ᶜᵐ.
193 2144 131 49 [Rev.
358 2144 89 48 ed.]

191 2199 411 49 Mimeographed.

125 2268 52 52 ©
209 2271 129 48 Sept.
365 2270 41 49 1,
435 2270 116 41 1928;
608 2269 68 42 2c.
704 2271 96 39 and
829 2268 82 41 aff.
944 2268 128 49 Sept.
1102 2268 57 40 14;
1216 2267 44 40 A
1287 2267 206 41 1054316;
1549 2267 56 42 A.
1636 2269 54 40 E.
1721 2267 213 49 Chaffee,
192 2268 1927 109 Washington.

121 2422 414 65 Charpentier,
567 2421 176 56 John.

256 2498 1881 71 … La vie meurtrie de Alfred de Musset. Paris, H. Piazza
125 2583 172 65 [1928]

190 2662 564 49 4 p. l. , 218 p., 1 l. 19½ᶜᵐ.
221 2734 395 48 “Bibliographie”
637 2745 8 28 :
679 2745 44 37 p.
748 2733 251 50 [217]-218.

123 2788 1649 52 © July 10, 1928; 1c. Sept. 21; A—Foreign 201; H. Piazza.
200 2848 283 50 (28-30300)

120 2943 321 65 Churchill,
473 2943 170 53 Allen
678 2944 179 64 Leon,
893 2945 171 54 1873-

190 3024 121 53 The
341 3023 439 54 house-owner’s
810 3023 149 54 book;
1021 3043 31 33 a
1080 3025 234 51 manual
1346 3023 96 54 for
1468 3023 97 54 the
1594 3023 230 69 helpful
1854 3024 283 70 guidance

120 3102 64 54 of
205 3103 160 53 those
388 3102 129 53 who
541 3121 95 34 are
657 3103 308 53 interested
991 3102 60 53 in
1073 3103 97 53 the
1190 3102 271 70 building
1485 3122 63 34 or
1571 3104 245 53 conduct
1837 3102 66 56 of
1924 3103 213 69 homes,

119 3181 327 53 illustrated
476 3180 142 56 with
649 3186 122 48 cuts
802 3182 114 52 and
946 3179 312 71 diagrams,
1286 3181 77 69 by
1390 3180 175 54 Allen
1593 3181 66 53 L.
1689 3181 303 55 Churchill
2021 3183 116 53 and

118 3259 263 53 Leonard
407 3257 371 56 Wickenden.
855 3259 138 53 Rev.
1020 3261 85 52 ed.
1180 3259 141 54 New
1348 3259 166 54 York
1540 3262 113 52 and
1679 3260 261 70 London,
1964 3260 174 54 Funk

118 3339 46 51 &
189 3337 303 69 Wagnalls
521 3355 299 51 company,
852 3340 150 51 1928.

186 3418 1687 51 1 p. l. , v-xvi, 388 p. illus. (incl. plans) plates, diagrs. 19½ ᶜᵐ.
121 3472 52 52 ©
202 3477 119 40 Nov.
347 3475 74 48 20,
450 3475 115 41 1928;
622 3476 69 40 2c.
721 3477 95 38 and
845 3475 83 41 aff.
957 3476 113 40 Dec.
1101 3476 25 40 6;
1185 3476 41 39 A
1256 3476 116 40 2085;
1431 3477 143 40 Funk
1604 3477 36 41 &
1669 3478 253 48 Wagnalls
1954 3489 68 30 co.

199 3532 282 49 (28-30184)

118 3626 194 65 Clark,
343 3626 249 54 Barrett
626 3627 254 65 Harper,
917 3632 173 50 1890-

189 3707 148 51 Paul
361 3705 207 68 Green,
589 3705 77 69 by
687 3706 235 52 Barrett
941 3706 77 52 H.
1041 3705 194 55 Clark.
1311 3707 141 53 New
1471 3707 183 69 York,
1670 3709 69 52 R.
1758 3709 79 52 M.
1858 3709 279 54 McBride

119 3786 46 50 &
196 3802 299 51 company,
530 3787 150 50 1928.

188 3866 659 50 36 p. front. (port.) 18½ ᶜᵐ.
121 3920 52 52 ©
203 3925 119 40 Nov.
352 3925 71 46 23,
455 3924 114 41 1928;
629 3925 68 40 2c.
729 3925 112 40 Dec.
873 3925 22 38 1;
960 3924 83 41 aff.
1074 3925 120 40 Nov.
1225 3924 57 40 28;
1344 3925 41 39 A
1414 3925 119 41 2096;
1591 3927 184 41 Robert
1807 3929 64 40 M.
1904 3928 230 40 McBride

188 3982 37 41 &
254 3993 68 30 co.
392 3980 283 51 (28-29981)
