2498 4384
1341 4095 104 59 724

375 515 275 67 prologue
679 513 76 68 by
785 513 217 67 Joseph
1035 513 145 52 Fort
1210 513 259 53 Newton.
1540 511 271 70 Chicago,
1844 514 245 67 Willett,
2125 513 176 55 Clark
2334 517 44 49 &

375 591 200 68 Colby,
607 594 149 49 1928.

443 673 71 40 xii
541 684 57 38 p.,
628 673 25 39 1
717 704 9 15 l.,
755 673 86 40 374
869 684 43 36 p.
975 672 147 41 19½ᶜᵐ.

378 727 53 51 ©
459 731 114 47 Apr.
600 730 70 47 25,
700 730 117 39 1928;
870 730 68 40 2c.
967 730 114 48 Apr.
1109 730 58 40 30;
1224 729 84 42 aff.
1337 731 114 47 Apr.
1480 730 57 40 28;
1595 730 43 39 A
1666 730 202 41 1074433;
1929 730 204 50 Willett,
2166 732 148 40 Clark
2344 738 36 39 &

450 787 162 48 Colby.
683 786 281 50 (28-12708)

393 881 338 63 Daughters
758 881 64 52 of
849 882 287 51 founders
1164 883 115 51 and
1311 882 258 63 patriots
1597 882 63 52 of
1688 882 294 53 America.

446 952 1937 77 Lineage book … v. 17, 1928. [Washington, D. C., H. L. &
375 1039 56 51 J.
463 1040 66 50 B.
558 1038 313 67 McQueen,
900 1038 127 67 inc.,
1058 1041 151 64 1928]

447 1120 337 48 178 p. 24 ᶜᵐ .
379 1173 52 51 ©
457 1178 114 47 May
593 1178 69 47 23,
688 1177 114 40 1928;
854 1178 68 40 2c.
941 1178 96 39 and
1061 1177 83 40 aff.
1182 1179 115 46 May
1320 1178 54 39 23;
1429 1179 41 38 A
1493 1178 230 46 1074675;
1750 1178 131 40 Natl.
1907 1188 93 31 soc.
2026 1178 52 40 of
2103 1178 279 48 Daughters

452 1234 51 39 of
529 1233 235 40 founders
793 1234 36 39 &
857 1234 210 47 patriots
1098 1234 52 40 of
1177 1234 239 48 America,
1448 1234 337 48 Washington.

373 1327 233 63 Delteil,
637 1328 239 63 Joseph,
913 1332 171 48 1894-

449 1405 323 69 Lafayette,
827 1405 75 68 by
954 1406 217 67 Joseph
1224 1407 233 65 Delteil,
1509 1407 318 52 translated
1878 1407 76 69 by
2008 1408 243 68 Jacques
2305 1409 80 52 Le

381 1484 216 69 Clercq.
673 1484 139 53 New
842 1484 179 68 York,
1050 1485 249 66 Minton,
1330 1485 176 53 Balch
1540 1488 46 49 &
1614 1504 298 50 company,
1945 1489 150 50 1928.

446 1569 26 39 7
506 1580 44 36 p.
621 1598 8 17 l.,
665 1568 145 40 3-212
844 1579 43 36 p.
946 1568 165 47 front.,
1147 1569 173 46 plates,
1357 1570 149 45 ports.
1566 1569 148 40 22½ᶜᵐ.

382 1620 52 52 ©
466 1625 113 46 Apr.
610 1624 69 47 20,
712 1623 140 46 1928;
884 1625 68 39 2c.
982 1624 114 47 Apr.
1127 1624 56 40 27;
1243 1623 83 41 aff.
1359 1625 114 46 May
1503 1625 53 46 3;
1589 1625 41 38 A
1661 1624 230 47 1077064;
1926 1624 204 49 Minton,
2164 1626 154 39 Balch
2350 1627 36 39 &

450 1692 68 29 co.
590 1680 279 49 (28-12637)

383 1774 301 54 Deutsche
717 1773 334 54 chemische
1083 1774 408 64 gesellschaft,
1524 1775 216 52 Berlin.

452 1854 265 52 Berichte
754 1855 100 51 der
890 1854 325 52 Deutschen
1253 1854 354 52 chemischen
1646 1854 395 68 gesellschaft;
2083 1855 153 69 hrsg.
2276 1874 110 33 von

380 1931 1982 145 der Deutschen chemischen gesellschaft … 60. jahrg. … Berlin,
507 2011 218 67 Verlag
751 2010 231 66 chemie,
1010 2028 51 50 g.
1090 2029 72 33 m.
1191 2010 53 52 b.
1273 2010 74 67 h.,
1379 2009 149 54 1927.

453 2092 979 49 12 v. plates, ports., diagrs. 23 ½ᶜᵐ .
385 2145 1999 53 © Jan. 12-Dec. 30, 1927; 1c. each Mar. 14, 1928; A —Foreign 38083;
456 2206 245 40 Deutsche
731 2206 271 40 chemische
1034 2206 330 48 gesellschaft,
1398 2206 182 41 Berlin.

385 2303 351 59 Devamata,
763 2301 199 53 Sister.

456 2379 1870 68 Sri Ramakrishna and his disciples, by Sister Devamata …
381 2459 1510 67 La Crescenta, Calif., Ananda-Ashrama [ ᶜ19 28]
453 2542 660 49 xiv p., 1 l., 201 p. 20 ᶜᵐ .
455 2599 473 41 “Advertisements”:
989 2612 44 36 p.
1063 2598 219 42 197-201.

388 2655 51 52 ©
475 2659 113 48 Apr.
621 2659 70 46 28,
725 2658 140 46 1928;
901 2658 67 40 2c.
1003 2659 96 39 and
1132 2657 82 41 aff.
1251 2658 113 47 May
1397 2657 53 46 9;
1487 2657 42 39 A
1561 2658 230 47 1074434;
1829 2659 163 39 Laura
2026 2658 53 42 F.
2116 2658 167 47 Glenn,
2319 2659 68 40 La

459 2717 274 47 Crescenta,
766 2715 145 40 Calif.
982 2714 282 49 (28-12838)

384 2810 343 62 Dickinson,
761 2810 124 53 Asa
916 2810 148 61 Don,
1100 2808 172 54 1876-
1453 2827 180 50 comp.

454 2890 121 51 The
601 2889 124 53 best
748 2888 174 53 books
950 2887 65 53 of
1043 2907 104 33 our
1174 2886 155 69 time,
1360 2890 309 50 1901-1925;
1729 2906 31 34 a
1788 2888 122 53 clue
1937 2892 60 49 to
2024 2887 98 54 the
2149 2888 240 68 literary

385 2967 312 68 labyrinth,
743 2966 92 53 for
877 2966 164 52 home
1083 2965 221 69 library
1344 2965 272 68 builders,
1656 2965 361 67 booksellers,
2061 2967 110 52 and
384 2966 1980 143 librarians,

590 3044 314 69 consisting
934 3043 65 54 of
1030 3063 32 33 a
1093 3044 99 53 list
1222 3043 65 53 of
1318 3062 104 34 one
1454 3044 286 52 thousand
1771 3044 121 53 best
1924 3044 193 68 books,
2149 3045 239 52 selected

383 3123 76 69 by
497 3124 96 52 the
633 3123 122 53 best
796 3122 355 66 authorities,
1193 3121 404 68 accompanied
1635 3121 76 69 by
1749 3122 220 53 critical
2011 3122 378 69 descriptions

385 3199 2005 71 written and compiled by Asa Don Dickinson … Garden City.
385 3281 70 52 N.
487 3280 90 57 Y.,
605 3279 357 67 Doubleday,
989 3279 199 51 Doran
1215 3279 47 50 &
1289 3295 296 51 company,
1613 3277 126 67 inc.,
1768 3280 150 50 1928.

455 3362 531 51 xi, [2], 405 p. 21 ᶜᵐ .
458 3421 93 40 “Of
579 3421 82 39 the
690 3419 86 40 378
805 3419 204 39 authors
1038 3417 291 43 mentioned,
1360 3416 86 40 309
1475 3427 84 30 are
1587 3417 258 40 American
1876 3428 54 29 or
1959 3418 428 42 British.”—Pref.

392 3473 52 52 ©
475 3477 114 47 Apr.
620 3477 67 44 13,
719 3475 114 40 1928;
892 3475 68 39 2c.
991 3475 95 38 and
1116 3473 83 41 aff.
1229 3474 116 46 May
1375 3473 54 38 12;
1490 3473 41 39 A
1560 3473 205 40 1077219;
1824 3474 299 48 Doubleday,
2157 3475 165 40 Doran
2355 3475 36 41 &

460 3544 81 36 co.,
573 3533 91 39 inc.
735 3531 280 48 (28-12627)

387 3612 212 61 Dixon,
629 3611 283 53 Franklin
938 3611 89 53 W.

390 3687 1976 135 … Hunting for hidden gold, by Franklin W. Dixon … illustrated
615 3769 76 68 by
728 3769 222 53 Walter
991 3766 56 56 S.
1089 3768 234 68 Rogers.
1406 3766 139 53 New
1583 3766 179 66 York,
1801 3766 235 54 Grosset
2072 3769 46 49 &
2154 3768 236 65 Dunlap

502 3851 84 63 [ ᶜ19 28]
460 3932 58 40 iv,
547 3930 84 39 214
658 3941 42 36 p.
760 3929 149 40 front.
969 3929 146 39 19½ᶜᵐ.
1186 3928 117 46 (His
1329 3929 102 39 The
1455 3929 175 46 Hardy
1652 3928 142 47 boys)

395 3983 1993 54 © May 10, 1928; 2c. and aff. May 12; A 1077223; Grosset & Dunlap, inc.
473 4045 280 37 (28-12659)
