2498 4384
1114 4066 101 55 927

139 436 419 63 Fundenburg,
589 435 225 62 George
845 434 171 61 Baer,
1047 433 82 52 ed.

140 506 1973 154 … Editing with introduction, notes, exercises and vocabulary
303 593 75 66 by
420 591 222 68 George
680 591 148 51 Baer
870 588 392 66 Fundenburg
1325 586 58 52 [in
1424 586 96 51 the
1559 585 148 52 book
1744 584 237 53 entitled
2022 582 116 55 Old

143 669 199 68 Spain,
381 670 76 66 by
497 669 236 65 Azorín,
770 666 217 69 pseud.]
1066 665 139 51 New
1248 663 164 52 York
1448 665 46 49 &
1534 662 259 66 London,
1833 661 122 53 The
136 661 1979 156 Century

299 749 306 65 co. [ ᶜ19 28]
208 831 99 46 xix,
339 830 87 40 116
455 840 43 38 p.
560 828 147 41 19½ᶜᵐ.

144 896 51 52 ©
225 902 113 45 May
365 900 40 47 7,
435 898 114 41 1928;
606 899 67 40 2c.
703 898 95 39 and
827 896 82 41 aff.
938 897 113 47 May
1079 895 25 40 9;
1164 895 40 39 A
1234 894 201 40 1074411;
1496 894 215 47 Century
1741 904 67 30 co.

142 993 267 59 Garnier,
443 992 185 52 Marie
661 991 201 52 Reine.

270 1066 1872 73 … Henry James et la France … Paris, H. Champion, 1927.
210 1150 1080 53 2 p. l., 216 p., 2 l. front. (port.) 25 ᶜᵐ .
210 1225 154 40 Thèse
364 1223 205 41 —Univ.
591 1224 60 39 de
673 1222 308 47 Strasbourg.

211 1281 334 48 Frontispiece
573 1278 339 49 accompanied
942 1279 61 47 by
1032 1278 155 48 guard
1213 1278 137 39 sheet
1379 1277 120 40 with
1526 1276 293 48 descriptive
1842 1276 301 48 letterpress.

211 1339 266 40 Published
508 1338 105 39 also
645 1347 54 30 as
733 1336 340 47 Bibliothèque
1104 1336 57 39 de
1194 1336 49 38 la
1279 1335 164 40 Revue
1474 1335 61 40 de
1563 1333 283 41 littérature
1876 1331 267 50 comparée,

139 1398 33 39 t.
193 1397 71 40 44.

213 1451 421 49 “Bibliographie”:
697 1462 43 37 p.
765 1450 250 49 [213]-216.

146 1520 51 52 ©
231 1524 112 41 Dec.
376 1523 69 47 15,
479 1522 141 46 1927;
714 1555 8 7 1c.
756 1522 110 39 Jan.
897 1522 69 46 27,
1000 1520 142 46 1928;
1177 1519 103 40 A—
1282 1518 209 49 Foreign
1523 1518 171 47 37347;
1730 1519 63 39 M.
1828 1518 56 40 R.
1920 1517 221 48 Garnier,

215 1582 217 47 Bourges
472 1577 176 51 (Cher)
687 1578 199 40 France.
957 1576 282 50 (28-15898)

151 1673 303 61 Garrison,
486 1672 271 54 Winfred
790 1672 238 61 Ernest,
1064 1674 171 49 1874-

211 1750 373 55 Catholicism
629 1750 112 52 and
786 1749 97 52 the
925 1748 310 52 American
1280 1747 178 68 mind,
1499 1747 77 69 by
1619 1746 271 55 Winfred
1939 1748 206 51 Ernest

141 1828 293 55 Garrison.
513 1827 271 69 Chicago,
813 1826 244 63 Willett,
1091 1825 179 54 Clark
1299 1828 46 50 &
1375 1824 199 70 Colby,
1607 1828 150 49 1928.

208 1910 553 51 3 p. l., 267 p. 20 ᶜᵐ .
150 1978 51 52 ©
230 1982 127 39 June
383 1981 69 48 15,
481 1980 117 41 1928;
652 1980 67 40 2c.
748 1979 129 40 June
902 1979 83 47 21;
1016 1977 82 42 aff.
1127 1978 128 40 June
1284 1978 81 46 18;
1398 1977 40 40 A
1466 1977 205 42 1082170
1698 1977 203 49 Willett,
1932 1977 150 42 Clark
2112 1978 35 41 &

222 2038 163 48 Colby.
457 2037 280 49 (28-15512)

151 2131 286 62 Gebhart,
475 2130 154 54 John
670 2129 264 63 Charles,
975 2128 170 54 1887-

213 2209 250 52 Funeral
491 2213 173 62 costs;
696 2208 155 53 what
876 2208 136 68 they
1039 2225 257 50 average.
1359 2207 120 53 Are
1503 2207 136 68 they
1664 2212 94 48 too
1783 2207 176 69 high?
2028 2207 124 55 Can

143 2287 135 68 they
309 2287 68 52 be
409 2286 277 53 reduced?
761 2287 90 68 By
883 2286 156 53 John
1075 2284 62 55 C.
1171 2284 276 66 Gebhart,
1479 2285 139 52 with
1654 2304 71 33 an
1759 2285 392 53 introduction

143 2362 2009 72 by Lee K. Frankel … New York, London, G. P. Putnam’s
143 2462 146 50 sons,
322 2446 151 51 1928.

213 2528 153 46 xxxii,
399 2526 87 42 319
518 2537 43 37 p.
621 2525 164 48 front.,
819 2527 171 47 plates,
1023 2524 206 49 facsim.,
1264 2524 180 51 diagrs.
1503 2526 149 40 22½ᶜᵐ.

215 2596 102 39 The
355 2594 241 47 Advisory
633 2593 276 41 committee
947 2605 59 29 on
1041 2594 162 40 burial
1242 2604 177 38 survey
1456 2594 191 41 formed
1682 2594 51 40 in
1770 2596 126 47 May,
1935 2596 129 48 1926,
2102 2598 49 39 to

146 2651 272 41 undertake
451 2661 62 30 an
547 2651 326 47 independent
906 2651 146 47 study
1086 2650 52 41 of
1171 2650 163 40 burial
1367 2653 214 38 customs
1615 2652 97 39 and
1745 2654 142 45 costs,
1922 2651 230 42 obtained

146 2709 83 41 the
261 2707 212 42 services
507 2707 52 41 of
592 2708 129 40 John
755 2707 50 41 C.
838 2706 217 41 Gebhart
1086 2708 50 39 to
1170 2706 156 41 direct
1357 2707 83 40 the
1472 2718 191 37 survey,
1724 2707 61 48 cf.
1823 2708 272 40 Foreword.

156 2774 51 52 ©
232 2777 127 40 June
381 2777 41 48 8,
445 2775 117 41 1928;
610 2776 69 41 2c.
703 2777 96 39 and
822 2774 82 42 aff.
927 2775 127 41 June
1078 2776 26 40 9;
1154 2775 43 40 A
1218 2775 204 41 1074933;
1475 2776 44 41 J.
1545 2776 50 42 C.
1621 2776 229 49 Gebhart,
1875 2777 118 40 New
2010 2778 147 40 York.

234 2833 282 50 (28-15501)

157 2928 206 62 Genet,
391 2925 169 55 Jean.

280 3003 1877 69 … Esquisse d’une civilisation oubliée (le Yucatan à travers
149 3082 77 54 les
263 3081 158 70 âges)
506 3081 186 67 Paris,
727 3080 263 55 Éditions
1025 3081 200 69 Genet,
1262 3082 151 54 1927.

219 3165 1935 51 2 p. l., [7]-274 p., 1 l. illus. (incl. ports.) plates, maps. 20ᶜᵐ. (On
151 3231 162 31 cover:
341 3222 342 48 Bibliothèque
710 3221 140 47 d’art,
880 3221 254 41 d’histoire
1161 3224 48 38 et
1239 3223 58 39 de
1323 3222 318 49 géographie)

221 3278 263 41 “Sources”
514 3279 53 39 at
595 3279 92 39 end
716 3277 51 41 of
795 3278 118 40 each
943 3278 215 48 chapter.

164 3338 51 52 ©
241 3342 113 41 Dec.
378 3343 69 47 31,
474 3342 141 48 1927;
701 3375 8 8 1c.
736 3341 111 42 Feb.
874 3341 69 50 10,
969 3341 142 49 1928;
1139 3342 104 39 A—
1245 3342 207 49 Foreign
1478 3342 171 48 37490;
1680 3333 224 51 Éditions
1931 3344 169 41 Genet.

241 3397 282 50 (28-16223)

161 3491 309 60 Gerhardt,
502 3491 254 53 William
791 3490 355 65 Alexander,
1181 3495 171 50 1895-

231 3569 139 53 Jazz
405 3569 112 52 and
550 3569 209 68 jasper,
792 3569 98 53 the
921 3574 160 64 story
1114 3569 65 54 of
1210 3570 220 54 Adams
1465 3571 114 53 and
1614 3572 144 67 Eva,
1791 3572 77 70 by
1900 3573 261 54 William

161 3645 1316 71 Gerhardt … London, Duckworth [1928]
231 3726 333 49 312 p. 19 ᶜᵐ .
235 3783 215 41 “Second
477 3783 301 49 impression,
807 3784 152 49 April,
989 3785 159 42 1928.”

233 3839 261 41 American
518 3840 183 41 edition
737 3841 142 47 (New
903 3842 144 47 York,
1075 3843 210 40 Duffield
1312 3845 97 39 and
1434 3844 260 48 company)
1731 3845 90 41 has
1849 3845 135 41 title:
2019 3846 144 41 Eva’s

165 3897 180 47 apples.

166 3949 1992 59 © 1c. June 14, 1928; A ad int. 11256; pubd. Apr. 19; W. A. Gerhardi,
233 4010 214 42 London.
518 4012 280 49 (28-16164)
