2498 4384
1265 4068 135 49 1950

413 491 180 44 “Other
624 494 243 41 available
897 496 258 40 material”:
1218 507 45 37 p.
1295 496 70 41 61.

343 561 1989 109 © Sept. 22, 1928; 2c. Oct. 1; aff. Sept. 28; A 1837; C. O. Reed. Columbus,
545 622 52 40 O.
666 621 281 51 (28-30160)

337 733 360 66 Republican
733 736 197 62 party.
1004 733 279 55 National
1317 734 354 53 convention.
1747 734 151 73 19th,
1931 734 230 54 Kansas
2197 735 154 69 City,

405 815 136 68 Mo.,
574 818 151 50 1928.

415 905 220 55 Official
668 910 195 63 report
896 905 64 53 of
992 906 97 52 the
1120 902 375 71 proceedings
1528 904 65 53 of
1623 905 97 52 the
1753 904 333 53 nineteenth
342 904 1982 132 Republican
516 983 260 53 national

803 983 358 66 convention,
1186 983 136 52 held
1348 982 61 53 in
1436 982 228 54 Kansas
1695 981 153 70 City,
1876 982 292 68 Missouri,
2196 983 152 55 June

343 1064 83 65 12,
456 1065 81 64 13,
567 1065 66 48 14
658 1062 114 52 and
802 1065 82 63 15,
912 1064 152 64 1928,
1091 1061 284 69 resulting
1402 1061 61 52 in
1490 1060 96 53 the
1613 1059 361 54 nomination
2003 1061 66 53 of
2095 1061 251 54 Herbert

341 1139 252 68 Hoover,
632 1139 65 53 of
737 1138 345 68 California,
1122 1138 95 53 for
1256 1138 294 68 president
1591 1139 115 52 and
1744 1139 98 53 the
1881 1139 361 54 nomination
2284 1139 64 55 of

343 1216 237 55 Charles
628 1216 213 69 Curtis,
886 1216 66 53 of
997 1217 246 67 Kansas,
1292 1216 95 53 for
1433 1216 472 69 vice-president;
1956 1219 267 67 reported
2271 1220 76 66 by

341 1294 224 70 George
600 1294 64 53 L.
699 1295 174 67 Hart,
906 1294 202 54 official
1144 1300 277 63 reporter,
1458 1294 306 69 published
1800 1296 183 52 under
2018 1296 98 54 the
339 1315 1984 111 supervision

554 1373 65 53 of
645 1372 96 54 the
768 1373 231 70 general
1028 1378 285 65 secretary
1343 1372 65 52 of
1435 1374 95 52 the
1559 1373 358 53 convention.
1994 1374 141 53 New
2167 1376 181 68 York,

339 1451 768 70 The Tenny press [ ᶜ 1928]
408 1533 886 50 319 p. front., pl., ports. 23½ ᶜᵐ .
337 1602 2013 55 © Oct. 10, 1928; 1c. Nov. 23; 1c. Dec. 5; aff. Nov. 28; A 971; LaFavette
404 1664 55 40 B.
489 1664 223 48 Gleason,
740 1665 119 40 New
887 1666 145 40 York.
1100 1665 283 49 (28-30062)

337 1774 270 68 [Russell,
637 1775 209 65 Henry
874 1775 359 69 Thompson]
1272 1775 173 56 1875-

401 1869 278 69 Brighter
706 1870 227 53 French
962 1871 94 53 for
1083 1870 201 70 bright
1309 1889 195 52 young
1530 1871 203 68 people
1759 1871 127 54 who
1915 1871 237 70 already
2178 1870 169 54 know

330 1967 169 49 some,
528 1948 78 69 by
636 1948 76 53 H.
744 1949 64 53 T.
842 1949 68 53 R.
985 1950 261 69 London,
1278 1948 69 56 G.
1382 1950 134 54 Bles
1553 1948 172 69 [1927]

402 2030 101 48 viii,
532 2030 99 48 239,
665 2032 55 48 [1]
750 2042 44 37 p.
823 2031 110 40 incl.
961 2031 165 49 front.,
1156 2032 131 40 illus.
1344 2032 117 41 19ᶜᵐ.

400 2104 261 42 American
710 2104 184 40 edition
954 2105 141 48 (New
1143 2104 146 48 York,
1340 2105 193 47 Payson
1583 2104 36 40 &
1669 2104 177 41 Clarke
1895 2105 113 48 ltd.)
2065 2104 91 41 has
2206 2104 136 41 title:

334 2161 231 48 Brighter
592 2161 188 42 French
807 2162 81 40 for
915 2162 82 40 the
1023 2162 207 48 worldly
1259 2161 108 41 who
1395 2163 203 47 already
1625 2161 144 41 know
1796 2172 145 31 some.

332 2228 1998 112 © 1c. Dec. 3, 1927; A ad int. 10556; pubd. Oct. 11; H. T. Russell, London. (28-30095)
329 2387 278 65 Sanders,
644 2387 178 54 Alvin
860 2387 278 66 Howard,
1179 2394 172 49 1860-

399 2485 57 52 A
487 2486 224 70 history
744 2486 65 54 of
842 2485 535 70 Aberdeen-Angus
1413 2486 188 70 cattle,
1636 2486 142 53 with
1812 2482 320 72 particular
331 2482 1990 136 reference

494 2571 58 48 to
585 2566 151 52 their
769 2566 410 66 introduction,
1214 2565 375 54 distribution
1624 2566 114 53 and
1771 2564 112 54 rise
1915 2571 58 47 to
2007 2563 340 70 popularity

331 2643 60 53 in
437 2644 97 53 the
581 2643 134 55 field
762 2644 65 54 of
870 2644 111 53 fine
1025 2645 132 53 beef
1202 2645 346 68 production
1594 2644 61 53 in
1701 2644 190 53 North
1937 2642 287 70 America,
2266 2643 79 69 by

328 2721 2019 72 Alvin Howard Sanders … Chicago, Ill., The New breeder’s
320 2807 223 63 gazette
624 2805 151 64 [ᶜ1928]

474 2882 1054 50 xx, 1042 p. front., plates, ports. 23½ ᶜᵐ .
329 2952 2013 52 © Nov. 26, 1928; 2c. and aff. Nov. 30; A 895; A. H. Sanders, Chicago.
407 3013 282 48 (28-30157)

325 3109 187 64 Scott,
550 3109 296 54 Winifred
885 3110 193 63 Mary.

402 3203 202 53 Under
635 3202 96 53 the
764 3202 285 67 mosquito
1083 3201 245 66 curtain,
1361 3201 76 69 by
1472 3201 236 53 Pamela
1742 3201 228 68 Wynne
2016 3199 318 70 (Winifred

331 3279 1699 67 Mary Scott) … London, P. Allan & co., ltd. [1928]
400 3362 278 48 320 p. 19 ᶜᵐ
327 3430 2014 52 © 1c. Dec. 1, 1928; A ad int. 11987; pubd. Oct. 4; Doubleday, Doran &
395 3502 83 37 co.,
514 3491 91 40 inc.,
655 3492 195 40 Garden
885 3491 124 48 City,
1044 3491 58 41 N.
1134 3492 54 38 Y.
1263 3490 282 50 (28-30073)

325 3585 192 65 Slade,
556 3586 260 63 Gurney.

400 3679 215 52 Lovers
665 3679 113 52 and
827 3679 250 61 luggers,
1124 3677 76 63 by
1252 3675 236 65 Gurney
1540 3676 189 55 Slade.
1819 3675 261 65 London,
2131 3675 65 51 T.
2246 3675 91 52 W.

328 3756 228 68 Laurie,
586 3757 105 52 ltd.
729 3758 174 66 [1928]

400 3838 367 48 247 p. 19½ ᶜᵐ .
327 3906 2012 52 © 1c. Nov. 28, 1928; A ad int. 11986; pubd. Oct. 1; Frederick A. Stokes
394 3977 83 38 co.,
510 3968 118 40 New
659 3968 145 41 York.
874 3967 283 50 (28-30070)
