2498 4384
1095 4079 135 55 1517

223 517 140 48 Maps
402 527 61 29 on
502 515 365 49 lining-papers.

226 587 68 39 “A
333 586 98 40 few
471 588 217 38 extracts
727 586 129 39 from
897 586 81 40 the
1018 583 389 49 autobiography
1449 583 51 41 of
1541 583 216 41 William
1801 583 187 49 Diapea
2030 583 127 41 alias

158 642 250 42 ‘Cannibal
435 643 152 41 Jack’.
637 642 184 48 <These
844 644 218 40 extracts
1086 641 221 40 embrace
1332 640 81 41 the
1436 641 114 48 long
1573 641 201 48 gone-by
1801 651 142 38 years
1968 640 51 42 of
2043 640 114 41 1843

157 711 64 37 up
255 703 48 37 to
339 699 261 41 1847—the
635 700 98 40 last
769 697 293 50 inclusive>”

158 766 51 53 ©
251 769 127 49 Sept.
416 769 70 50 24,
523 769 116 40 1928;
705 769 67 41 2c.
810 769 96 40 and
945 768 83 42 aff.
1068 768 128 49 Sept.
1234 768 83 47 25;
1358 767 41 40 A
1437 767 230 48 1053553;
1710 768 166 41 James
1915 767 243 49 Hadfield,

225 826 238 47 Caradon,
498 825 317 49 Winscombe,
852 826 257 48 Somerset,
1145 826 237 48 England.
1454 824 282 51 (28-23296)

146 919 286 64 Dixelius,
464 919 232 54 Hildur.

220 997 122 53 The
380 997 311 69 grandson,
730 1015 32 34 a
799 998 188 67 sequel
1024 1003 59 47 to
1122 997 157 53 “The
1317 996 154 67 son”,
1506 998 76 67 by
1620 996 221 54 Hildur
1879 997 282 65 Dixelius,

152 1075 314 53 translated
499 1074 76 69 by
608 1075 173 52 Anna
816 1074 61 55 C.
915 1074 348 69 Settergren.
1339 1075 139 53 New
1513 1074 182 68 York,
1732 1075 67 52 E.
1835 1075 65 52 P.
1936 1075 222 53 Dutton

150 1155 44 50 &
221 1171 99 49 co.,
347 1152 109 53 inc.
534 1155 151 64 [ᶜ1928]

218 1234 622 49 4 p. l., 3-273 p. 19½ᶜᵐ.
158 1293 2000 61 © Oct. 5, 1928; 2c. Oct. 8; aff. Oct. 9; A 1054836; E. P. Dutton & co.,
225 1363 91 41 inc.
384 1362 284 50 (28-23277)

148 1458 249 63 Fenner,
431 1456 193 53 Mabel
658 1456 67 53 B.

282 1533 1882 70 … God’s good gifts … by Mabel B. Fenner. Philadelphia,
152 1614 120 61 Pa.,
301 1613 123 53 The
455 1613 218 54 United
704 1612 296 53 Lutheran
1032 1612 358 67 publication
1417 1612 174 53 house
1627 1646 13 33 [
1668 1615 134 50 ᶜ1928
1808 1646 12 33 ]

222 1694 85 41 180
335 1706 43 37 p.
408 1694 110 41 incl.
547 1694 164 47 front.,
741 1694 129 41 illus.
930 1694 55 39 23½
1018 1696 45 21 ᶜᵐ
1068 1726 9 9 .
1148 1692 277 49 (Religious
1453 1694 261 41 education
1744 1696 131 39 texts
1905 1695 79 40 for
151 1696 1997 103 weekday
277 1752 204 40 schools.
542 1751 152 40 Third
726 1751 137 40 book.
924 1750 394 48 Primary-third
1351 1761 132 36 year.
1543 1751 242 46 Teacher)

161 1804 51 53 ©
241 1808 103 42 Oct.
370 1809 43 48 4,
441 1808 117 40 1928;
612 1808 68 41 2c.
710 1807 103 42 Oct.
842 1808 29 41 8;
925 1806 83 43 aff.
1038 1807 103 41 Oct.
1171 1807 26 40 6;
1256 1808 41 39 A
1325 1807 208 41 1053779;
1588 1809 164 40 Board
1782 1808 52 41 of
1862 1808 302 48 publication

227 1865 52 40 of
308 1865 81 41 the
419 1864 180 41 United
629 1864 251 40 Lutheran
910 1864 182 40 church
1120 1864 51 39 in
1199 1864 241 49 America,
1471 1864 358 49 Philadelphia.
238 1919 283 52 (28-23212)

148 2015 241 64 Flapan,
423 2013 206 57 Israel.

228 2092 1874 69 Real estate questions and answers, by Israel Flapan …
158 2172 138 53 New
339 2170 181 68 York,
560 2170 454 67 Prentice-Hall,
1056 2171 127 66 inc.,
1227 2174 151 50 1928.

294 2286 8 15 xv,
342 2254 89 40 342
467 2264 43 37 p.
569 2254 130 41 illus.
726 2252 187 50 (maps)
962 2253 154 48 diagr.
1177 2253 147 42 23½ᶜᵐ.

232 2311 176 40 “Table
442 2309 51 42 of
527 2309 165 41 cases”:
755 2321 43 38 p.
831 2310 221 42 325-338.

161 2364 51 53 ©
242 2368 120 48 Aug.
391 2367 70 48 15,
490 2366 115 42 1928;
661 2368 69 41 2c.
758 2368 97 40 and
884 2366 83 43 aff.
1000 2366 129 51 Sept.
1157 2366 85 50 20;
1273 2368 41 40 A
1343 2367 231 49 1053444;
1607 2368 377 48 Prentice-Hall,
2016 2368 92 42 inc.

240 2424 283 50 (28-23304)

156 2517 243 64 France,
438 2517 274 65 Anatole,
754 2521 328 51 1844-1924.

231 2595 121 53 The
405 2595 233 53 unrisen
694 2595 197 67 dawn;
949 2596 262 68 speeches
1268 2597 113 53 and
1436 2597 294 54 addresses
1785 2598 77 70 by
1917 2598 251 54 Anatole

162 2673 238 68 France,
439 2673 337 68 translated,
817 2674 142 52 with
1001 2693 72 34 an
1113 2675 413 69 introduction,
1566 2676 77 69 by
1685 2675 55 55 J.
1782 2676 187 54 Lewis
2009 2677 158 69 May.

162 2751 260 68 London,
469 2751 156 54 John
673 2751 185 68 Lane;
910 2752 140 54 New
1099 2753 183 68 York,
1328 2753 193 68 Dodd,
1569 2753 172 55 Mead
1790 2756 46 51 &
1885 2773 284 53 company

168 2861 12 34 [
208 2831 134 51 ᶜ1928
347 2861 14 35 ]

233 2909 1935 51 xvi p., 1 l., 252 p. 22½ᶜᵐ. (Half-title: The works of Anatole France
166 2966 49 40 in
242 2977 62 29 an
333 2966 204 48 English
566 2967 309 48 translation,
905 2969 72 41 ed.
1005 2969 62 47 by
1094 2969 81 40 the
1202 2970 102 40 late
1333 2969 228 42 Frederic
1592 2970 253 49 Chapman
1875 2973 96 39 and
2002 2973 167 41 James

164 3023 156 41 Lewis
353 3023 140 49 May)

167 3076 51 53 ©
251 3081 127 48 Sept.
407 3081 71 49 14,
506 3081 142 48 1928;
678 3083 68 40 2c.
778 3081 128 49 Sept.
934 3082 82 48 20;
1050 3083 83 41 aff.
1166 3083 130 49 Sept.
1325 3085 82 47 22;
1439 3085 41 39 A
1509 3085 231 47 1053481;
1774 3087 153 48 Dodd,
1961 3089 142 39 Mead
2135 3088 37 41 &

233 3148 82 38 co.,
343 3138 93 41 inc.
505 3138 282 49 (28-23216)

157 3229 218 65 Frank,
405 3230 222 65 Bruno,
659 3232 172 54 1887-

291 3308 1877 78 … Les journées du roi; traduit de l’allemand par Joseph
160 3385 232 71 Delage.
469 3387 186 68 Paris,
685 3387 332 70 Neuchâtel,
1106 3433 10 9 V.
1148 3390 295 70 Attinger,
1475 3395 150 50 1928.

230 3468 968 50 2 p. l., [7]-223 p., 1 l. illus. 18 ½ᶜᵐ .
165 3527 1985 110 © Apr. 13, 1928; 1c. June 30; A— Foreign 39499; Éditions Victor Attinger.
402 3590 284 50 (28-23405)

164 3681 260 65 Fristad,
456 3685 138 55 Mrs.
630 3686 182 53 Hazel
846 3686 177 56 Julia.

241 3757 342 67 Sunbeams;
621 3781 32 34 a
685 3764 149 52 book
865 3764 65 54 of
962 3784 205 51 verses,
1198 3768 78 68 by
1308 3768 185 53 Hazel
1526 3769 161 53 Julia
1723 3769 254 69 Fristad,
169 3771 1980 119 illustrated
405 3839 78 68 by

533 3838 210 71 Solveg
792 3841 185 55 Hazel
1028 3844 267 68 Fristad;
1350 3846 393 54 introduction
1793 3848 77 69 by
1918 3849 252 56 Willard

172 3911 405 58 Chamberlain
619 3916 237 71 Selleck,
932 3964 8 8 D.
1018 3964 10 10 D.
1103 3922 319 70 Riverside,
1464 3923 196 71 Calif.,
1698 3927 170 54 Press
1907 3928 267 71 printing

171 3992 812 75 and binding house [ ᶜ 1928]
