2498 4384
1044 4091 132 50 1061

143 538 432 52 32 p. illus. 17 ᶜᵐ.
150 608 347 44 “References”
516 619 10 30 :
558 618 44 38 p.
622 607 72 41 32.

83 679 52 52 ©
163 683 116 39 July
302 680 70 44 11,
399 679 117 40 1928;
569 680 68 40 2c.
665 679 95 38 and
788 676 82 43 aff.
898 677 118 46 July
1042 676 81 45 14;
1155 674 39 39 A
1221 671 231 48 1083225;
1483 672 50 40 L.
1562 671 51 40 L.
1643 670 224 47 Kuester,
151 668 1908 118 Brooklyn.
316 736 281 51 (28-17264)

78 847 238 54 London
347 845 254 69 opinion,
677 862 50 34 v.
757 845 82 56 98,
866 861 88 33 no.
987 840 152 67 1272,
1168 839 151 69 Aug.
1351 841 81 63 18,
1464 840 148 49 1928.

85 917 1994 62 © 1c. Aug. 16, 1928; A ad int. 11522; pubd. Aug. 10; George Newnes,
152 988 99 45 ltd.,
280 985 212 42 London.

78 1093 294 62 Lubbock,
407 1093 206 62 Percy,
654 1090 170 55 1879-

150 1172 171 68 Mary
370 1168 448 70 Cholmondeley;
897 1186 32 34 a
978 1165 194 55 sketch
1224 1163 153 55 from
1425 1181 253 52 memory
1750 1162 93 70 [by]
1898 1163 185 68 Percy

87 1247 279 55 Lubbock.
442 1247 259 67 London,
728 1246 57 54 J.
814 1244 158 70 Cape
1005 1246 172 66 [1928]

150 1327 664 51 96 p. front. (port.) 20 ᶜᵐ.
88 1394 1998 56 © 1c. July 9, 1928; A ad int. 11387; pubd. May 11; P. Lubbock, London.
165 1457 283 50 (28-17803)

84 1566 281 65 McNeile,
400 1567 264 51 Herman
698 1564 179 63 Cyril.

153 1647 121 51 The
306 1644 208 54 female
544 1643 64 54 of
636 1644 95 52 the
762 1640 229 72 species,
1021 1642 77 68 by
1132 1639 227 70 Sapper
1417 1641 210 67 [pseud.]
1701 1640 163 69 chap.
1901 1641 186 51 13-15.

165 1729 84 48 (In
277 1723 186 45 Strand
495 1723 276 52 magazine,
804 1722 131 52 July,
969 1721 145 51 1928)

91 1790 1997 57 © 1c. Aug. 20, 1928; A ad int. 11531; pubd. June 25; H. C. McNeile,
158 1855 225 48 Territet,
420 1854 335 42 Switzerland.

90 1965 233 68 [Martel
360 1964 70 52 de
466 1963 271 61 Janville,
775 1962 219 64 Sibylle
1034 1960 293 55 Gabrielle
1364 1960 189 53 Marie
1591 1959 352 53 Antoinette
1990 1958 100 65 (de

158 2040 269 65 Riquetti
460 2042 70 51 de
561 2039 338 64 Mirabeau)
942 2045 267 48 comtesse
1243 2039 70 52 de]
1372 2041 172 50 1849-

88 2115 1980 150 … Le chambard, roman d’aujourd’hui. Paris, E. Flammarion [ ᶜ1 928]
159 2277 398 52 282 p., 1 l., 19 ᶜᵐ.
160 2347 231 43 Author’s
421 2348 180 50 pseud.,
631 2348 118 50 Gyp,
780 2350 54 40 at
864 2349 125 40 head
1019 2348 53 41 of
1101 2348 124 41 title.

162 2407 72 41 On
260 2416 143 32 cover
421 2417 10 29 :
460 2406 212 42 Sixième
697 2406 148 42 mille.

97 2471 1942 58 © Jan. 26, 1928; 1c. Feb. 15; A—Foreign 37148; Ernest Flammarion.
175 2535 280 51 (28-17056)

90 2643 320 66 Michigan.
504 2643 371 66 University.
974 2644 256 54 William
1298 2645 63 51 L.
1398 2644 286 54 Clements
1751 2645 217 67 library
2035 2642 64 70 of

161 2723 310 54 American
499 2723 234 69 history.

159 2800 223 55 British
416 2799 408 71 headquarters
857 2820 163 49 maps
1053 2802 113 52 and
1199 2800 254 55 sketches
1487 2802 135 52 used
1655 2800 76 70 by
1767 2800 95 56 Sir
1893 2801 206 69 Henry

91 2878 235 55 Clinton
361 2879 171 53 while
564 2879 59 52 in
658 2880 299 53 command
990 2879 66 53 of
1089 2879 96 53 the
1219 2880 223 54 British
1481 2879 185 53 forces
1702 2879 304 71 operating
2040 2880 56 52 in

90 2957 186 61 North
312 2957 269 54 America
617 2955 213 72 during
863 2957 97 53 the
996 2975 118 35 war
1150 2956 95 54 for
1279 2956 440 70 independence,
1757 2957 340 60 1775-1782;

91 3053 31 34 a
154 3034 345 70 descriptive
526 3035 99 53 list
654 3035 63 53 of
745 3035 97 54 the
870 3035 250 69 original
1148 3036 386 69 manuscripts
1564 3035 113 54 and
1708 3036 229 68 printed
94 3037 1982 129 documents
347 3130 128 35 now
510 3111 302 70 preserved
847 3113 59 52 in
940 3114 97 52 the
1068 3112 263 54 William
1365 3113 63 53 L.
1467 3112 287 56 Clements
1791 3113 218 69 library
2042 3125 60 42 at

92 3191 97 53 the
228 3190 340 70 University
609 3190 65 53 of
711 3189 319 71 Michigan,
1067 3190 77 69 by
1184 3190 311 70 Randolph
1540 3191 69 55 G.
1651 3191 235 55 Adams.
1965 3193 133 52 Ann

93 3269 209 67 Arbor,
333 3269 122 54 The
483 3268 260 54 William
774 3267 64 54 L.
872 3267 287 55 Clements
1190 3267 239 72 library,
1464 3272 149 50 1928.

163 3349 819 52 vi, 144 p. front. (port.) 23½ ᶜᵐ.
166 3422 129 40 “The
333 3422 196 40 method
569 3421 51 39 of
658 3420 345 42 classification
1043 3421 42 40 is
1123 3420 357 50 geographical,
1518 3421 128 41 from
1684 3424 146 40 north
1868 3425 49 39 to
1955 3427 147 37 south

94 3479 144 47 along
268 3477 82 42 the
379 3477 220 40 Atlantic
630 3476 237 42 seaboard
894 3477 52 40 of
974 3477 157 40 North
1162 3477 463 43 America.”—Pref.

166 3532 222 43 Binder’s
421 3533 108 41 title
548 3544 8 28 :
593 3533 78 41 Sir
700 3533 170 48 Henry
901 3533 195 41 Clinton
1126 3543 152 40 maps.

109 3599 52 52 ©
191 3603 126 40 June
344 3602 71 48 23,
445 3602 140 47 1928;
617 3603 67 40 2c.
716 3602 115 48 July
858 3602 54 47 2;
945 3602 82 42 aff.
1058 3603 116 47 July
1204 3601 53 50 5;
1289 3602 42 40 A
1359 3603 230 48 1083197;
1622 3603 218 42 William
1870 3605 50 40 L.
176 3604 1909 96 Clements
309 3658 202 50 library.
581 3658 280 49 (28-17152)

102 3753 208 63 Miller,
336 3754 142 54 Mrs.
507 3753 163 54 Olive
698 3753 246 54 Kennon
983 3753 329 65 (Beaupré)
1350 3755 83 53 ed.

170 3831 97 67 Up
311 3847 106 37 one
460 3831 129 67 pair
632 3831 65 52 of
740 3831 169 54 stairs
954 3831 65 53 of
1060 3851 96 49 my
1199 3831 341 70 bookhouse,
1584 3832 189 55 edited
1817 3833 74 69 by
1936 3833 169 55 Olive

102 3904 1998 79 Beaupré Miller. Chicago, The Bookhouse for children [ ᶜ1 928]
169 3989 791 54 448 p. illus. (part col.) 24 ᶜᵐ.
