<alto xmlns="http://www.loc.gov/standards/alto/ns-v3#" xmlns:xlink="http://www.w3.org/1999/xlink" xmlns:xsi="http://www.w3.org/2001/XMLSchema-instance" xsi:schemaLocation="http://www.loc.gov/standards/alto/ns-v3# http://www.loc.gov/alto/v3/alto-3-0.xsd"><Description>
<MeasurementUnit>pixel</MeasurementUnit>
<sourceImageInformation>
<fileName>1928_v25_part001.pdf</fileName>
</sourceImageInformation>
<OCRProcessing ID="IdOcr">
<ocrProcessingStep>
<processingDateTime>2019-04-12</processingDateTime>
<processingSoftware>
<softwareCreator>ABBYY</softwareCreator>
<softwareName>ABBYY Recognition Server</softwareName>
<softwareVersion>4.0</softwareVersion>
</processingSoftware>
</ocrProcessingStep>
</OCRProcessing>
</Description>
<Styles>
<ParagraphStyle ID="StyleId-FFFFFFFF-FFFF-FFFF-FFFF-FFFFFFFFFFFF-" ALIGN="Left" LEFT="0." RIGHT="0." FIRSTLINE="0."/>
<ParagraphStyle ID="StyleId-0ECAC0CE-E1F0-4C69-A1B9-95E16886343B-" ALIGN="Left" LEFT="0." RIGHT="0." FIRSTLINE="0." LINESPACE="8.300000191"/>
<ParagraphStyle ID="StyleId-5C6F7A30-EC6F-4250-A8D3-0AE106DCDB5D-" ALIGN="Left" LEFT="0." RIGHT="0." FIRSTLINE="-13." LINESPACE="11.22999954"/>
<ParagraphStyle ID="StyleId-B258737E-7AF8-4B71-A0BF-0A1420B951F9-" ALIGN="Left" LEFT="0." RIGHT="0." FIRSTLINE="-13." LINESPACE="8.210000038"/>
<ParagraphStyle ID="StyleId-35C0EFA5-E89E-4731-B16E-5D3895F12270-" ALIGN="Block" LEFT="0." RIGHT="0." FIRSTLINE="-12." LINESPACE="11.22999954"/>
<ParagraphStyle ID="StyleId-7BD1F9B4-14BB-4AAF-864B-FED8FEA7DC43-" ALIGN="Left" LEFT="0." RIGHT="0." FIRSTLINE="0."/>
<ParagraphStyle ID="StyleId-CD2DA0E5-536D-42AE-AE16-8D9F5C008D5A-" ALIGN="Block" LEFT="0." RIGHT="0." FIRSTLINE="-12." LINESPACE="10."/>
<ParagraphStyle ID="StyleId-AF408F88-EED5-4CE2-A229-3F852C18D9BD-" ALIGN="Block" LEFT="0." RIGHT="0." FIRSTLINE="-14." LINESPACE="10."/>
<ParagraphStyle ID="StyleId-829CD741-943D-4B7B-9638-57AB73DE2567-" ALIGN="Center" LEFT="0." RIGHT="0." FIRSTLINE="0." LINESPACE="9.399999619"/>
<ParagraphStyle ID="StyleId-B271BDFA-6037-4875-BA99-885A067668E9-" ALIGN="Left" LEFT="0." RIGHT="0." FIRSTLINE="-14." LINESPACE="11.21000004"/>
<ParagraphStyle ID="StyleId-64F9C1D8-EA12-4F65-AD18-B72A4C6B556F-" ALIGN="Center" LEFT="0." RIGHT="0." FIRSTLINE="0." LINESPACE="11.60000038"/>
<ParagraphStyle ID="StyleId-44DA2756-E57B-4EF3-9BA4-FC1C14776DE3-" ALIGN="Left" LEFT="0." RIGHT="0." FIRSTLINE="-12." LINESPACE="12.19999981"/>
<ParagraphStyle ID="StyleId-D1D9AF19-8CA6-4F74-9AEC-1B4545205AD7-" ALIGN="Center" LEFT="0." RIGHT="0." FIRSTLINE="0." LINESPACE="11.60000038"/>
<ParagraphStyle ID="StyleId-3ADA1556-6D19-417D-8046-68449BF368BA-" ALIGN="Left" LEFT="0." RIGHT="0." FIRSTLINE="-13." LINESPACE="12.19999981"/>
<ParagraphStyle ID="StyleId-7443A930-B325-44B5-9AB8-B42B4EC78C89-" ALIGN="Block" LEFT="0." RIGHT="0." FIRSTLINE="13." LINESPACE="8.619999886"/>
<ParagraphStyle ID="StyleId-C9A9E480-E448-4934-9AF8-3D252792E396-" ALIGN="Left" LEFT="0." RIGHT="0." FIRSTLINE="-12." LINESPACE="11.38000011"/>
<ParagraphStyle ID="StyleId-73039842-464C-49B9-9440-4C0D0E749DFE-" ALIGN="Center" LEFT="0." RIGHT="0." FIRSTLINE="0." LINESPACE="11.10000038"/>
<ParagraphStyle ID="StyleId-C51F6AC2-80DA-4C65-849C-6E2D5F548EA4-" ALIGN="Left" LEFT="0." RIGHT="0." FIRSTLINE="0." LINESPACE="7.699999809"/>
<ParagraphStyle ID="StyleId-494190D9-BDDC-4834-A745-6AF520F91CD0-" ALIGN="Block" LEFT="0." RIGHT="0." FIRSTLINE="-12." LINESPACE="11.22999954"/>
<ParagraphStyle ID="StyleId-68D39D31-3386-4B28-8C90-DA9420961D78-" ALIGN="Left" LEFT="0." RIGHT="0." FIRSTLINE="0." LINESPACE="11.60000038"/>
<ParagraphStyle ID="StyleId-DF0CE7C7-E73E-44FE-8867-C904BD7F3F42-" ALIGN="Block" LEFT="0." RIGHT="0." FIRSTLINE="0." LINESPACE="12.19999981"/>
</Styles>
<Layout>
<Page ID="Page481" PHYSICAL_IMG_NR="481" HEIGHT="4384" WIDTH="2498">
<TopMargin HEIGHT="394" WIDTH="2498" VPOS="0" HPOS="0">
</TopMargin>
<LeftMargin HEIGHT="3654" WIDTH="124" VPOS="394" HPOS="0">
</LeftMargin>
<RightMargin HEIGHT="3654" WIDTH="314" VPOS="394" HPOS="2184">
</RightMargin>
<BottomMargin HEIGHT="336" WIDTH="2498" VPOS="4048" HPOS="0">
<TextBlock ID="Page481_Block1" HEIGHT="72" WIDTH="124" VPOS="4080" HPOS="1086" LANG="en-US" STYLEREFS="StyleId-ADE0E3D4-C52E-4DE9-A85B-5F48E1D84CA1-">
<TextLine HEIGHT="50" WIDTH="103" VPOS="4091" HPOS="1097">
<String CONTENT="481" HEIGHT="50" WIDTH="103" VPOS="4091" HPOS="1097"/>
</TextLine>
</TextBlock>
</BottomMargin>
<PrintSpace HEIGHT="3654" WIDTH="2060" VPOS="394" HPOS="124">
<TextBlock ID="Page481_Block2" HEIGHT="3654" WIDTH="2060" VPOS="394" HPOS="124" LANG="en-US" CS="1" STYLEREFS="StyleId-01920F0E-186B-4C0A-B416-6204E413F7D7-">
<TextLine HEIGHT="64" WIDTH="1003" VPOS="404" HPOS="149" STYLEREFS="StyleId-53193165-AFE9-4A9C-AB8E-5A96915C815F-">
<String CONTENT="Acton," HEIGHT="62" WIDTH="211" VPOS="406" HPOS="149"/>
<SP HEIGHT="61" WIDTH="28" VPOS="407" HPOS="361"/>
<String CONTENT="Harold" HEIGHT="52" WIDTH="222" VPOS="406" HPOS="390"/>
<SP HEIGHT="52" WIDTH="33" VPOS="406" HPOS="613"/>
<String CONTENT="Mario" HEIGHT="54" WIDTH="191" VPOS="405" HPOS="647"/>
<SP HEIGHT="51" WIDTH="28" VPOS="407" HPOS="839"/>
<String CONTENT="Mitchell." HEIGHT="54" WIDTH="284" VPOS="404" HPOS="868"/>
</TextLine>
<TextLine HEIGHT="69" WIDTH="1942" VPOS="483" HPOS="221" STYLEREFS="StyleId-44C6D499-E915-494F-9A96-271F99768C03-">
<String CONTENT="Five" HEIGHT="52" WIDTH="141" VPOS="485" HPOS="221"/>
<SP HEIGHT="35" WIDTH="36" VPOS="503" HPOS="363"/>
<String CONTENT="saints" HEIGHT="54" WIDTH="182" VPOS="484" HPOS="400"/>
<SP HEIGHT="34" WIDTH="39" VPOS="503" HPOS="583"/>
<String CONTENT="and" HEIGHT="52" WIDTH="113" VPOS="485" HPOS="623"/>
<SP HEIGHT="52" WIDTH="39" VPOS="485" HPOS="737"/>
<String CONTENT="an" HEIGHT="34" WIDTH="72" VPOS="503" HPOS="777"/>
<SP HEIGHT="33" WIDTH="39" VPOS="503" HPOS="850"/>
<String CONTENT="appendix," HEIGHT="67" WIDTH="310" VPOS="484" HPOS="890"/>
<SP HEIGHT="67" WIDTH="36" VPOS="483" HPOS="1201"/>
<String CONTENT="by" HEIGHT="69" WIDTH="75" VPOS="483" HPOS="1238"/>
<SP HEIGHT="68" WIDTH="39" VPOS="484" HPOS="1314"/>
<String CONTENT="Harold" HEIGHT="52" WIDTH="228" VPOS="483" HPOS="1354"/>
<SP HEIGHT="53" WIDTH="38" VPOS="483" HPOS="1583"/>
<String CONTENT="Acton." HEIGHT="53" WIDTH="206" VPOS="483" HPOS="1622"/>
<SP HEIGHT="53" WIDTH="73" VPOS="483" HPOS="1829"/>
<String CONTENT="London," HEIGHT="67" WIDTH="260" VPOS="483" HPOS="1903"/>
</TextLine>
<TextLine HEIGHT="70" WIDTH="857" VPOS="561" HPOS="150" STYLEREFS="StyleId-44C6D499-E915-494F-9A96-271F99768C03-">
<String CONTENT="R." HEIGHT="51" WIDTH="66" VPOS="564" HPOS="150"/>
<SP HEIGHT="52" WIDTH="27" VPOS="564" HPOS="217"/>
<String CONTENT="Holden" HEIGHT="52" WIDTH="234" VPOS="564" HPOS="245"/>
<SP HEIGHT="50" WIDTH="25" VPOS="565" HPOS="480"/>
<String CONTENT="&amp;" HEIGHT="50" WIDTH="46" VPOS="565" HPOS="506"/>
<SP HEIGHT="51" WIDTH="23" VPOS="565" HPOS="553"/>
<String CONTENT="co.," HEIGHT="49" WIDTH="98" VPOS="581" HPOS="577"/>
<SP HEIGHT="67" WIDTH="26" VPOS="563" HPOS="676"/>
<String CONTENT="ltd.," HEIGHT="68" WIDTH="124" VPOS="563" HPOS="703"/>
<SP HEIGHT="65" WIDTH="26" VPOS="566" HPOS="828"/>
<String CONTENT="1927." HEIGHT="55" WIDTH="152" VPOS="561" HPOS="855"/>
</TextLine>
<TextLine HEIGHT="48" WIDTH="590" VPOS="645" HPOS="222" STYLEREFS="StyleId-44C6D499-E915-494F-9A96-271F99768C03-" CS="1">
<String LANG="fi" CONTENT="viii," HEIGHT="48" WIDTH="98" VPOS="645" HPOS="222"/>
<SP HEIGHT="47" WIDTH="28" VPOS="646" HPOS="321"/>
<String LANG="en-US" CS="1" CONTENT="146" HEIGHT="38" WIDTH="55" VPOS="646" HPOS="350"/>
<SP HEIGHT="48" WIDTH="30" VPOS="645" HPOS="437"/>
<String LANG="en-US" CONTENT="p.," HEIGHT="37" WIDTH="55" VPOS="656" HPOS="468"/>
<SP HEIGHT="47" WIDTH="30" VPOS="646" HPOS="524"/>
<String LANG="en-US" CONTENT="1" HEIGHT="39" WIDTH="23" VPOS="646" HPOS="555"/>
<SP/>
<String LANG="en-US" CS="1" CONTENT="l."/>
<SP HEIGHT="40" WIDTH="60" VPOS="645" HPOS="638"/>
<String LANG="en-US" CS="1" CONTENT="20&#7580;&#7504;." HEIGHT="41" WIDTH="113" VPOS="645" HPOS="699"/>
</TextLine>
<TextLine HEIGHT="40" WIDTH="184" VPOS="704" HPOS="220">
<String CONTENT="Poems." HEIGHT="40" WIDTH="184" VPOS="704" HPOS="220"/>
</TextLine>
<TextLine HEIGHT="53" WIDTH="2010" VPOS="756" HPOS="151" CS="1">
<String CONTENT="&#169;" HEIGHT="53" WIDTH="53" VPOS="756" HPOS="151"/>
<SP/>
<String CS="1" CONTENT="1c."/>
<SP HEIGHT="41" WIDTH="29" VPOS="762" HPOS="304"/>
<String CONTENT="Mar." HEIGHT="41" WIDTH="124" VPOS="762" HPOS="334"/>
<SP HEIGHT="42" WIDTH="31" VPOS="761" HPOS="459"/>
<String CONTENT="15," HEIGHT="49" WIDTH="68" VPOS="760" HPOS="491"/>
<SP HEIGHT="48" WIDTH="32" VPOS="761" HPOS="560"/>
<String CONTENT="1928;" HEIGHT="47" WIDTH="141" VPOS="761" HPOS="593"/>
<SP HEIGHT="47" WIDTH="33" VPOS="761" HPOS="735"/>
<!-- cceid 1BF240CA-6CB2-1014-A20E-B9D6251C946A --><String CS="1" CONTENT="A"/>
<SP HEIGHT="40" WIDTH="29" VPOS="761" HPOS="811"/>
<String CONTENT="ad" HEIGHT="40" WIDTH="62" VPOS="761" HPOS="841"/>
<SP HEIGHT="41" WIDTH="30" VPOS="760" HPOS="904"/>
<String CONTENT="int." HEIGHT="42" WIDTH="87" VPOS="760" HPOS="935"/>
<SP HEIGHT="42" WIDTH="31" VPOS="760" HPOS="1023"/>
<String CONTENT="10804;" HEIGHT="48" WIDTH="170" VPOS="759" HPOS="1055"/>
<SP HEIGHT="39" WIDTH="36" VPOS="770" HPOS="1226"/>
<String CONTENT="pubd." HEIGHT="49" WIDTH="143" VPOS="760" HPOS="1263"/>
<SP HEIGHT="41" WIDTH="31" VPOS="760" HPOS="1407"/>
<String CONTENT="Jan." HEIGHT="41" WIDTH="112" VPOS="760" HPOS="1439"/>
<SP HEIGHT="42" WIDTH="31" VPOS="759" HPOS="1552"/>
<String CONTENT="19;" HEIGHT="48" WIDTH="82" VPOS="759" HPOS="1584"/>
<SP HEIGHT="47" WIDTH="35" VPOS="760" HPOS="1667"/>
<String LANG="fi" CONTENT="H." HEIGHT="41" WIDTH="61" VPOS="760" HPOS="1703"/>
<SP HEIGHT="40" WIDTH="33" VPOS="761" HPOS="1765"/>
<String LANG="fi" CONTENT="M." HEIGHT="40" WIDTH="62" VPOS="761" HPOS="1799"/>
<SP HEIGHT="40" WIDTH="33" VPOS="761" HPOS="1862"/>
<String CONTENT="M." HEIGHT="40" WIDTH="62" VPOS="761" HPOS="1896"/>
<SP HEIGHT="42" WIDTH="33" VPOS="759" HPOS="1959"/>
<String CONTENT="Acton," HEIGHT="48" WIDTH="168" VPOS="759" HPOS="1993"/>
</TextLine>
<TextLine HEIGHT="49" WIDTH="538" VPOS="818" HPOS="219">
<String CONTENT="London." HEIGHT="39" WIDTH="215" VPOS="820" HPOS="219"/>
<SP HEIGHT="49" WIDTH="69" VPOS="818" HPOS="435"/>
<String CONTENT="(28-9370)" HEIGHT="49" WIDTH="252" VPOS="818" HPOS="505"/>
</TextLine>
<TextLine HEIGHT="64" WIDTH="1065" VPOS="898" HPOS="141" STYLEREFS="StyleId-53193165-AFE9-4A9C-AB8E-5A96915C815F-">
<String CONTENT="Aikens," HEIGHT="63" WIDTH="246" VPOS="898" HPOS="141"/>
<SP HEIGHT="61" WIDTH="32" VPOS="900" HPOS="388"/>
<String CONTENT="Charlotte" HEIGHT="54" WIDTH="308" VPOS="899" HPOS="421"/>
<SP HEIGHT="53" WIDTH="32" VPOS="899" HPOS="730"/>
<String CONTENT="Albina," HEIGHT="63" WIDTH="237" VPOS="899" HPOS="763"/>
<SP HEIGHT="59" WIDTH="33" VPOS="903" HPOS="1001"/>
<String CONTENT="1868-" HEIGHT="50" WIDTH="171" VPOS="902" HPOS="1035"/>
</TextLine>
<TextLine HEIGHT="66" WIDTH="1945" VPOS="976" HPOS="218" STYLEREFS="StyleId-44C6D499-E915-494F-9A96-271F99768C03-">
<String CONTENT="Clinical" HEIGHT="55" WIDTH="248" VPOS="976" HPOS="218"/>
<SP HEIGHT="54" WIDTH="27" VPOS="977" HPOS="467"/>
<String CONTENT="studies" HEIGHT="54" WIDTH="216" VPOS="977" HPOS="495"/>
<SP HEIGHT="54" WIDTH="28" VPOS="976" HPOS="712"/>
<String CONTENT="for" HEIGHT="53" WIDTH="93" VPOS="976" HPOS="741"/>
<SP HEIGHT="33" WIDTH="25" VPOS="996" HPOS="835"/>
<String CONTENT="nurses;" HEIGHT="46" WIDTH="225" VPOS="996" HPOS="861"/>
<SP HEIGHT="46" WIDTH="31" VPOS="996" HPOS="1087"/>
<String CONTENT="a" HEIGHT="33" WIDTH="31" VPOS="997" HPOS="1119"/>
<SP HEIGHT="48" WIDTH="26" VPOS="982" HPOS="1151"/>
<String CONTENT="text-book" HEIGHT="54" WIDTH="299" VPOS="976" HPOS="1178"/>
<SP HEIGHT="53" WIDTH="27" VPOS="976" HPOS="1478"/>
<String CONTENT="for" HEIGHT="54" WIDTH="94" VPOS="976" HPOS="1506"/>
<SP HEIGHT="34" WIDTH="23" VPOS="996" HPOS="1601"/>
<String CONTENT="second" HEIGHT="53" WIDTH="206" VPOS="977" HPOS="1625"/>
<SP HEIGHT="53" WIDTH="26" VPOS="977" HPOS="1832"/>
<String CONTENT="and" HEIGHT="52" WIDTH="114" VPOS="977" HPOS="1859"/>
<SP HEIGHT="52" WIDTH="26" VPOS="977" HPOS="1974"/>
<String CONTENT="third" HEIGHT="54" WIDTH="162" VPOS="976" HPOS="2001"/>
</TextLine>
<TextLine HEIGHT="71" WIDTH="2018" VPOS="1054" HPOS="144" STYLEREFS="StyleId-44C6D499-E915-494F-9A96-271F99768C03-">
<String CONTENT="year" HEIGHT="50" WIDTH="138" VPOS="1074" HPOS="144"/>
<SP HEIGHT="49" WIDTH="25" VPOS="1074" HPOS="283"/>
<String CONTENT="pupil" HEIGHT="68" WIDTH="169" VPOS="1055" HPOS="309"/>
<SP HEIGHT="51" WIDTH="25" VPOS="1056" HPOS="479"/>
<String CONTENT="nurses" HEIGHT="35" WIDTH="197" VPOS="1073" HPOS="505"/>
<SP HEIGHT="34" WIDTH="28" VPOS="1073" HPOS="703"/>
<String CONTENT="and" HEIGHT="52" WIDTH="114" VPOS="1055" HPOS="732"/>
<SP HEIGHT="52" WIDTH="28" VPOS="1055" HPOS="847"/>
<String CONTENT="a" HEIGHT="33" WIDTH="32" VPOS="1074" HPOS="876"/>
<SP HEIGHT="51" WIDTH="27" VPOS="1056" HPOS="909"/>
<String CONTENT="hand-book" HEIGHT="54" WIDTH="333" VPOS="1054" HPOS="937"/>
<SP HEIGHT="53" WIDTH="28" VPOS="1054" HPOS="1271"/>
<String CONTENT="for" HEIGHT="53" WIDTH="94" VPOS="1054" HPOS="1300"/>
<SP HEIGHT="33" WIDTH="28" VPOS="1074" HPOS="1395"/>
<String CONTENT="all" HEIGHT="52" WIDTH="78" VPOS="1055" HPOS="1424"/>
<SP HEIGHT="52" WIDTH="29" VPOS="1055" HPOS="1503"/>
<String CONTENT="who" HEIGHT="52" WIDTH="126" VPOS="1055" HPOS="1533"/>
<SP HEIGHT="35" WIDTH="29" VPOS="1072" HPOS="1660"/>
<String CONTENT="are" HEIGHT="34" WIDTH="95" VPOS="1074" HPOS="1690"/>
<SP HEIGHT="34" WIDTH="28" VPOS="1074" HPOS="1786"/>
<String CONTENT="engaged" HEIGHT="69" WIDTH="257" VPOS="1056" HPOS="1815"/>
<SP HEIGHT="52" WIDTH="28" VPOS="1056" HPOS="2073"/>
<String CONTENT="in" HEIGHT="52" WIDTH="60" VPOS="1056" HPOS="2102"/>
</TextLine>
<TextLine HEIGHT="71" WIDTH="1955" VPOS="1132" HPOS="146" STYLEREFS="StyleId-44C6D499-E915-494F-9A96-271F99768C03-" CS="1">
<String CONTENT="caring" HEIGHT="69" WIDTH="201" VPOS="1134" HPOS="146"/>
<SP HEIGHT="70" WIDTH="41" VPOS="1133" HPOS="348"/>
<String CONTENT="for" HEIGHT="53" WIDTH="94" VPOS="1133" HPOS="390"/>
<SP HEIGHT="47" WIDTH="39" VPOS="1139" HPOS="485"/>
<String CONTENT="the" HEIGHT="53" WIDTH="96" VPOS="1133" HPOS="525"/>
<SP HEIGHT="35" WIDTH="40" VPOS="1151" HPOS="622"/>
<String CONTENT="sick," HEIGHT="68" WIDTH="139" VPOS="1132" HPOS="663"/>
<SP HEIGHT="67" WIDTH="38" VPOS="1133" HPOS="803"/>
<String CONTENT="by" HEIGHT="68" WIDTH="76" VPOS="1133" HPOS="842"/>
<SP HEIGHT="69" WIDTH="42" VPOS="1132" HPOS="919"/>
<String CONTENT="Charlotte" HEIGHT="55" WIDTH="300" VPOS="1132" HPOS="962"/>
<SP HEIGHT="54" WIDTH="40" VPOS="1132" HPOS="1263"/>
<String CONTENT="A." HEIGHT="53" WIDTH="71" VPOS="1132" HPOS="1304"/>
<SP HEIGHT="53" WIDTH="40" VPOS="1132" HPOS="1376"/>
<String CONTENT="Aikens" HEIGHT="54" WIDTH="221" VPOS="1132" HPOS="1417"/>
<SP HEIGHT="33" WIDTH="45" VPOS="1153" HPOS="1639"/>
<String CS="1" CONTENT="&#8230;"/>
<SP HEIGHT="49" WIDTH="80" VPOS="1136" HPOS="1742"/>
<String CONTENT="6th" HEIGHT="52" WIDTH="97" VPOS="1134" HPOS="1823"/>
<SP HEIGHT="53" WIDTH="42" VPOS="1134" HPOS="1921"/>
<String CONTENT="ed." HEIGHT="53" WIDTH="86" VPOS="1134" HPOS="1964"/>
<SP HEIGHT="10" WIDTH="50" VPOS="1176" HPOS="2051"/>
<String CS="1" CONTENT="&#8230;"/>
</TextLine>
<TextLine HEIGHT="71" WIDTH="1916" VPOS="1210" HPOS="145" STYLEREFS="StyleId-44C6D499-E915-494F-9A96-271F99768C03-">
<String CONTENT="Philadelphia" HEIGHT="69" WIDTH="411" VPOS="1211" HPOS="145"/>
<SP HEIGHT="34" WIDTH="31" VPOS="1230" HPOS="557"/>
<String CONTENT="and" HEIGHT="53" WIDTH="113" VPOS="1211" HPOS="589"/>
<SP HEIGHT="53" WIDTH="31" VPOS="1211" HPOS="703"/>
<String CONTENT="London," HEIGHT="67" WIDTH="260" VPOS="1211" HPOS="735"/>
<SP HEIGHT="66" WIDTH="29" VPOS="1212" HPOS="996"/>
<String CONTENT="W." HEIGHT="53" WIDTH="88" VPOS="1212" HPOS="1026"/>
<SP HEIGHT="50" WIDTH="34" VPOS="1213" HPOS="1115"/>
<String CONTENT="B." HEIGHT="51" WIDTH="66" VPOS="1213" HPOS="1150"/>
<SP HEIGHT="56" WIDTH="36" VPOS="1210" HPOS="1217"/>
<String CONTENT="Saunders" HEIGHT="56" WIDTH="290" VPOS="1210" HPOS="1254"/>
<SP HEIGHT="35" WIDTH="29" VPOS="1230" HPOS="1545"/>
<String CONTENT="company," HEIGHT="52" WIDTH="301" VPOS="1229" HPOS="1575"/>
<SP HEIGHT="65" WIDTH="33" VPOS="1215" HPOS="1877"/>
<String CONTENT="1928." HEIGHT="51" WIDTH="150" VPOS="1214" HPOS="1911"/>
</TextLine>
<TextLine HEIGHT="50" WIDTH="1304" VPOS="1294" HPOS="212" CS="1">
<String CONTENT="1" HEIGHT="38" WIDTH="25" VPOS="1297" HPOS="212"/>
<SP/>
<String CONTENT="p." HEIGHT="37" WIDTH="43" VPOS="1307" HPOS="268"/>
<SP/>
<String CS="1" CONTENT="l.," HEIGHT="16" WIDTH="9" VPOS="1327" HPOS="375"/>
<SP HEIGHT="47" WIDTH="30" VPOS="1296" HPOS="385"/>
<String CONTENT="607" HEIGHT="41" WIDTH="85" VPOS="1295" HPOS="416"/>
<SP HEIGHT="48" WIDTH="26" VPOS="1296" HPOS="502"/>
<String CONTENT="p." HEIGHT="37" WIDTH="45" VPOS="1307" HPOS="529"/>
<SP HEIGHT="41" WIDTH="57" VPOS="1295" HPOS="575"/>
<String CONTENT="illus.," HEIGHT="47" WIDTH="144" VPOS="1295" HPOS="633"/>
<SP HEIGHT="37" WIDTH="29" VPOS="1305" HPOS="778"/>
<String CONTENT="col." HEIGHT="40" WIDTH="87" VPOS="1295" HPOS="808"/>
<SP HEIGHT="37" WIDTH="27" VPOS="1306" HPOS="896"/>
<String CONTENT="plates," HEIGHT="47" WIDTH="173" VPOS="1296" HPOS="924"/>
<SP HEIGHT="46" WIDTH="27" VPOS="1296" HPOS="1098"/>
<String CONTENT="diagrs." HEIGHT="49" WIDTH="183" VPOS="1294" HPOS="1126"/>
<SP HEIGHT="39" WIDTH="56" VPOS="1296" HPOS="1310"/>
<String CS="1" CONTENT="20&#189;" HEIGHT="41" WIDTH="58" VPOS="1294" HPOS="1367"/>
<String STYLE="superscript" CS="1" CONTENT="&#7580;&#7504;"/>
<String CONTENT="." HEIGHT="9" WIDTH="9" VPOS="1328" HPOS="1507"/>
</TextLine>
<TextLine HEIGHT="51" WIDTH="1946" VPOS="1350" HPOS="214">
<String CONTENT="Blank" HEIGHT="40" WIDTH="160" VPOS="1353" HPOS="214"/>
<SP HEIGHT="48" WIDTH="29" VPOS="1353" HPOS="375"/>
<String CONTENT="pages" HEIGHT="39" WIDTH="149" VPOS="1362" HPOS="405"/>
<SP HEIGHT="40" WIDTH="28" VPOS="1352" HPOS="555"/>
<String CONTENT="for" HEIGHT="40" WIDTH="80" VPOS="1352" HPOS="584"/>
<SP HEIGHT="39" WIDTH="31" VPOS="1352" HPOS="665"/>
<String CONTENT="&#8220;Notes&#8221;" HEIGHT="42" WIDTH="206" VPOS="1350" HPOS="697"/>
<SP HEIGHT="49" WIDTH="40" VPOS="1350" HPOS="904"/>
<String CONTENT="(4)" HEIGHT="48" WIDTH="75" VPOS="1351" HPOS="945"/>
<SP HEIGHT="47" WIDTH="38" VPOS="1351" HPOS="1021"/>
<String CONTENT="at" HEIGHT="39" WIDTH="53" VPOS="1353" HPOS="1060"/>
<SP HEIGHT="39" WIDTH="27" VPOS="1353" HPOS="1114"/>
<String CONTENT="end" HEIGHT="40" WIDTH="93" VPOS="1352" HPOS="1142"/>
<SP HEIGHT="41" WIDTH="31" VPOS="1352" HPOS="1236"/>
<String CONTENT="of" HEIGHT="41" WIDTH="52" VPOS="1352" HPOS="1268"/>
<SP HEIGHT="40" WIDTH="27" VPOS="1352" HPOS="1321"/>
<String CONTENT="each" HEIGHT="41" WIDTH="121" VPOS="1352" HPOS="1349"/>
<SP HEIGHT="41" WIDTH="29" VPOS="1352" HPOS="1471"/>
<String CONTENT="section," HEIGHT="48" WIDTH="200" VPOS="1351" HPOS="1501"/>
<SP HEIGHT="36" WIDTH="30" VPOS="1363" HPOS="1702"/>
<String CONTENT="not" HEIGHT="40" WIDTH="85" VPOS="1353" HPOS="1733"/>
<SP HEIGHT="42" WIDTH="29" VPOS="1351" HPOS="1819"/>
<String CONTENT="included" HEIGHT="42" WIDTH="229" VPOS="1351" HPOS="1849"/>
<SP HEIGHT="41" WIDTH="30" VPOS="1352" HPOS="2079"/>
<String CONTENT="in" HEIGHT="41" WIDTH="50" VPOS="1352" HPOS="2110"/>
</TextLine>
<TextLine HEIGHT="49" WIDTH="191" VPOS="1409" HPOS="143">
<String CONTENT="paging." HEIGHT="49" WIDTH="191" VPOS="1409" HPOS="143"/>
</TextLine>
<TextLine HEIGHT="51" WIDTH="1888" VPOS="1464" HPOS="214">
<String CONTENT="&#8220;Suggestions" HEIGHT="50" WIDTH="347" VPOS="1465" HPOS="214"/>
<SP HEIGHT="40" WIDTH="24" VPOS="1465" HPOS="562"/>
<String CONTENT="for" HEIGHT="41" WIDTH="80" VPOS="1465" HPOS="587"/>
<SP HEIGHT="29" WIDTH="25" VPOS="1476" HPOS="668"/>
<String CONTENT="a" HEIGHT="29" WIDTH="26" VPOS="1476" HPOS="694"/>
<SP HEIGHT="29" WIDTH="29" VPOS="1476" HPOS="721"/>
<String CONTENT="reference" HEIGHT="40" WIDTH="250" VPOS="1465" HPOS="751"/>
<SP HEIGHT="40" WIDTH="25" VPOS="1465" HPOS="1002"/>
<String CONTENT="library" HEIGHT="49" WIDTH="187" VPOS="1464" HPOS="1028"/>
<SP HEIGHT="49" WIDTH="27" VPOS="1464" HPOS="1216"/>
<String CONTENT="for" HEIGHT="41" WIDTH="79" VPOS="1464" HPOS="1244"/>
<SP HEIGHT="38" WIDTH="27" VPOS="1467" HPOS="1324"/>
<String CONTENT="training-schools&#8221;:" HEIGHT="49" WIDTH="487" VPOS="1464" HPOS="1352"/>
<SP HEIGHT="38" WIDTH="28" VPOS="1476" HPOS="1840"/>
<String CONTENT="p." HEIGHT="37" WIDTH="44" VPOS="1477" HPOS="1869"/>
<SP HEIGHT="40" WIDTH="26" VPOS="1466" HPOS="1914"/>
<String CONTENT="21-22." HEIGHT="41" WIDTH="161" VPOS="1465" HPOS="1941"/>
</TextLine>
<TextLine HEIGHT="52" WIDTH="2014" VPOS="1519" HPOS="147">
<String CONTENT="&#169;" HEIGHT="52" WIDTH="53" VPOS="1519" HPOS="147"/>
<SP HEIGHT="52" WIDTH="29" VPOS="1519" HPOS="201"/>
<String CONTENT="Mar." HEIGHT="39" WIDTH="122" VPOS="1524" HPOS="231"/>
<SP HEIGHT="39" WIDTH="27" VPOS="1524" HPOS="354"/>
<String CONTENT="3," HEIGHT="46" WIDTH="41" VPOS="1524" HPOS="382"/>
<SP HEIGHT="47" WIDTH="29" VPOS="1523" HPOS="424"/>
<String CONTENT="1928" HEIGHT="41" WIDTH="117" VPOS="1522" HPOS="454"/>
<SP HEIGHT="42" WIDTH="13" VPOS="1522" HPOS="572"/>
<String CONTENT=";" HEIGHT="31" WIDTH="8" VPOS="1533" HPOS="586"/>
<SP HEIGHT="42" WIDTH="30" VPOS="1522" HPOS="595"/>
<String CONTENT="2c." HEIGHT="41" WIDTH="68" VPOS="1522" HPOS="626"/>
<SP HEIGHT="40" WIDTH="30" VPOS="1523" HPOS="695"/>
<String CONTENT="Mar." HEIGHT="39" WIDTH="123" VPOS="1523" HPOS="726"/>
<SP HEIGHT="41" WIDTH="29" VPOS="1521" HPOS="850"/>
<String CONTENT="17;" HEIGHT="47" WIDTH="82" VPOS="1521" HPOS="880"/>
<SP HEIGHT="37" WIDTH="31" VPOS="1531" HPOS="963"/>
<String CONTENT="aff." HEIGHT="42" WIDTH="83" VPOS="1520" HPOS="995"/>
<SP HEIGHT="41" WIDTH="29" VPOS="1521" HPOS="1079"/>
<String CONTENT="Mar." HEIGHT="40" WIDTH="124" VPOS="1521" HPOS="1109"/>
<SP HEIGHT="40" WIDTH="31" VPOS="1521" HPOS="1234"/>
<String CONTENT="19;" HEIGHT="46" WIDTH="81" VPOS="1520" HPOS="1266"/>
<SP HEIGHT="46" WIDTH="32" VPOS="1520" HPOS="1348"/>
<!-- cceid 1BF2E040-6CB2-1014-A20E-B9D6251C946A --><String CONTENT="A" HEIGHT="40" WIDTH="41" VPOS="1520" HPOS="1381"/>
<SP HEIGHT="40" WIDTH="28" VPOS="1520" HPOS="1423"/>
<String CONTENT="1069360;" HEIGHT="46" WIDTH="231" VPOS="1521" HPOS="1452"/>
<SP HEIGHT="45" WIDTH="33" VPOS="1522" HPOS="1684"/>
<String CONTENT="W." HEIGHT="40" WIDTH="72" VPOS="1522" HPOS="1718"/>
<SP HEIGHT="40" WIDTH="30" VPOS="1522" HPOS="1791"/>
<String CONTENT="B." HEIGHT="40" WIDTH="54" VPOS="1522" HPOS="1822"/>
<SP HEIGHT="40" WIDTH="33" VPOS="1522" HPOS="1877"/>
<String CONTENT="Saunders" HEIGHT="41" WIDTH="250" VPOS="1522" HPOS="1911"/>
</TextLine>
<TextLine HEIGHT="50" WIDTH="392" VPOS="1578" HPOS="215">
<String CONTENT="co." HEIGHT="30" WIDTH="67" VPOS="1591" HPOS="215"/>
<SP HEIGHT="47" WIDTH="69" VPOS="1581" HPOS="283"/>
<String CONTENT="(28-9519)" HEIGHT="50" WIDTH="254" VPOS="1578" HPOS="353"/>
</TextLine>
<TextLine HEIGHT="63" WIDTH="614" VPOS="1660" HPOS="135" STYLEREFS="StyleId-53193165-AFE9-4A9C-AB8E-5A96915C815F-">
<String CONTENT="Alexander," HEIGHT="63" WIDTH="360" VPOS="1660" HPOS="135"/>
<SP HEIGHT="63" WIDTH="29" VPOS="1660" HPOS="496"/>
<String CONTENT="James." HEIGHT="54" WIDTH="223" VPOS="1660" HPOS="526"/>
</TextLine>
<TextLine HEIGHT="72" WIDTH="1885" VPOS="1737" HPOS="212" STYLEREFS="StyleId-44C6D499-E915-494F-9A96-271F99768C03-" CS="1">
<String CONTENT="Thought-control" HEIGHT="70" WIDTH="524" VPOS="1739" HPOS="212"/>
<SP HEIGHT="53" WIDTH="38" VPOS="1738" HPOS="737"/>
<String CONTENT="in" HEIGHT="53" WIDTH="62" VPOS="1738" HPOS="776"/>
<SP HEIGHT="34" WIDTH="37" VPOS="1757" HPOS="839"/>
<String CONTENT="everyday" HEIGHT="69" WIDTH="287" VPOS="1738" HPOS="877"/>
<SP HEIGHT="68" WIDTH="37" VPOS="1739" HPOS="1165"/>
<String CONTENT="life," HEIGHT="68" WIDTH="124" VPOS="1737" HPOS="1203"/>
<SP HEIGHT="67" WIDTH="39" VPOS="1738" HPOS="1328"/>
<String CONTENT="by" HEIGHT="69" WIDTH="76" VPOS="1738" HPOS="1368"/>
<SP HEIGHT="68" WIDTH="40" VPOS="1739" HPOS="1445"/>
<String CONTENT="James" HEIGHT="54" WIDTH="195" VPOS="1739" HPOS="1486"/>
<SP HEIGHT="54" WIDTH="38" VPOS="1738" HPOS="1682"/>
<String CONTENT="Alexander" HEIGHT="55" WIDTH="333" VPOS="1738" HPOS="1721"/>
<SP HEIGHT="33" WIDTH="42" VPOS="1760" HPOS="2055"/>
<String CS="1" CONTENT="&#8230;"/>
</TextLine>
<TextLine HEIGHT="70" WIDTH="1917" VPOS="1817" HPOS="141" STYLEREFS="StyleId-44C6D499-E915-494F-9A96-271F99768C03-">
<String CONTENT="New" HEIGHT="53" WIDTH="141" VPOS="1819" HPOS="141"/>
<SP HEIGHT="51" WIDTH="30" VPOS="1820" HPOS="283"/>
<String CONTENT="York" HEIGHT="52" WIDTH="166" VPOS="1819" HPOS="314"/>
<SP HEIGHT="52" WIDTH="30" VPOS="1819" HPOS="481"/>
<String CONTENT="and" HEIGHT="53" WIDTH="113" VPOS="1818" HPOS="512"/>
<SP HEIGHT="53" WIDTH="32" VPOS="1818" HPOS="626"/>
<String CONTENT="London," HEIGHT="66" WIDTH="260" VPOS="1818" HPOS="659"/>
<SP HEIGHT="66" WIDTH="31" VPOS="1818" HPOS="920"/>
<String CONTENT="Funk" HEIGHT="52" WIDTH="172" VPOS="1817" HPOS="952"/>
<SP HEIGHT="53" WIDTH="30" VPOS="1817" HPOS="1125"/>
<String CONTENT="&amp;" HEIGHT="50" WIDTH="45" VPOS="1820" HPOS="1156"/>
<SP HEIGHT="53" WIDTH="30" VPOS="1818" HPOS="1202"/>
<String CONTENT="Wagnalls" HEIGHT="69" WIDTH="304" VPOS="1818" HPOS="1233"/>
<SP HEIGHT="34" WIDTH="30" VPOS="1837" HPOS="1538"/>
<String CONTENT="company," HEIGHT="52" WIDTH="299" VPOS="1835" HPOS="1569"/>
<SP HEIGHT="63" WIDTH="36" VPOS="1822" HPOS="1869"/>
<String CONTENT="1928." HEIGHT="51" WIDTH="152" VPOS="1820" HPOS="1906"/>
</TextLine>
<TextLine HEIGHT="51" WIDTH="590" VPOS="1900" HPOS="211" STYLEREFS="StyleId-44C6D499-E915-494F-9A96-271F99768C03-" CS="1">
<String CONTENT="xiv," HEIGHT="48" WIDTH="96" VPOS="1901" HPOS="211"/>
<SP HEIGHT="30" WIDTH="29" VPOS="1921" HPOS="308"/>
<String CONTENT="[2]," HEIGHT="50" WIDTH="72" VPOS="1901" HPOS="338"/>
<SP HEIGHT="47" WIDTH="25" VPOS="1902" HPOS="411"/>
<String CONTENT="261" HEIGHT="40" WIDTH="83" VPOS="1901" HPOS="437"/>
<SP HEIGHT="47" WIDTH="29" VPOS="1902" HPOS="521"/>
<String CONTENT="p." HEIGHT="37" WIDTH="42" VPOS="1912" HPOS="551"/>
<SP HEIGHT="41" WIDTH="59" VPOS="1901" HPOS="594"/>
<String CS="1" CONTENT="19&#189;&#7580;" HEIGHT="41" WIDTH="56" VPOS="1900" HPOS="654"/>
<String STYLE="superscript" CONTENT="&#7504;" HEIGHT="21" WIDTH="26" VPOS="1903" HPOS="760"/>
<String CONTENT="." HEIGHT="9" WIDTH="8" VPOS="1932" HPOS="793"/>
</TextLine>
<TextLine HEIGHT="52" WIDTH="2013" VPOS="1956" HPOS="145">
<String CONTENT="&#169;" HEIGHT="52" WIDTH="53" VPOS="1956" HPOS="145"/>
<SP HEIGHT="52" WIDTH="29" VPOS="1956" HPOS="199"/>
<String CONTENT="Mar." HEIGHT="39" WIDTH="123" VPOS="1961" HPOS="229"/>
<SP HEIGHT="40" WIDTH="28" VPOS="1960" HPOS="353"/>
<String CONTENT="31," HEIGHT="46" WIDTH="71" VPOS="1960" HPOS="382"/>
<SP HEIGHT="46" WIDTH="28" VPOS="1960" HPOS="454"/>
<String CONTENT="1928;" HEIGHT="45" WIDTH="141" VPOS="1959" HPOS="483"/>
<SP HEIGHT="45" WIDTH="31" VPOS="1959" HPOS="625"/>
<String CONTENT="2c." HEIGHT="40" WIDTH="67" VPOS="1959" HPOS="657"/>
<SP HEIGHT="30" WIDTH="30" VPOS="1969" HPOS="725"/>
<String CONTENT="and" HEIGHT="38" WIDTH="96" VPOS="1960" HPOS="756"/>
<SP HEIGHT="38" WIDTH="29" VPOS="1960" HPOS="853"/>
<String CONTENT="aff." HEIGHT="41" WIDTH="82" VPOS="1958" HPOS="883"/>
<SP HEIGHT="40" WIDTH="29" VPOS="1959" HPOS="966"/>
<String CONTENT="Apr." HEIGHT="47" WIDTH="115" VPOS="1959" HPOS="996"/>
<SP HEIGHT="40" WIDTH="27" VPOS="1959" HPOS="1112"/>
<String CONTENT="4;" HEIGHT="45" WIDTH="54" VPOS="1959" HPOS="1140"/>
<SP HEIGHT="46" WIDTH="31" VPOS="1958" HPOS="1195"/>
<!-- cceid 1BF381AB-6CB2-1014-A20E-B9D6251C946A --><String CONTENT="A" HEIGHT="39" WIDTH="42" VPOS="1958" HPOS="1227"/>
<SP HEIGHT="39" WIDTH="29" VPOS="1958" HPOS="1270"/>
<String CONTENT="1069596;" HEIGHT="47" WIDTH="231" VPOS="1958" HPOS="1300"/>
<SP HEIGHT="46" WIDTH="33" VPOS="1959" HPOS="1532"/>
<String CONTENT="Funk" HEIGHT="40" WIDTH="141" VPOS="1959" HPOS="1566"/>
<SP HEIGHT="41" WIDTH="29" VPOS="1959" HPOS="1708"/>
<String CONTENT="&amp;" HEIGHT="41" WIDTH="36" VPOS="1959" HPOS="1738"/>
<SP HEIGHT="41" WIDTH="29" VPOS="1959" HPOS="1775"/>
<String CONTENT="Wagnalls" HEIGHT="48" WIDTH="255" VPOS="1960" HPOS="1805"/>
<SP HEIGHT="30" WIDTH="28" VPOS="1971" HPOS="2061"/>
<String CONTENT="co." HEIGHT="31" WIDTH="68" VPOS="1971" HPOS="2090"/>
</TextLine>
<TextLine HEIGHT="49" WIDTH="253" VPOS="2017" HPOS="224">
<String CONTENT="(28-9563)" HEIGHT="49" WIDTH="253" VPOS="2017" HPOS="224"/>
</TextLine>
<TextLine HEIGHT="70" WIDTH="1247" VPOS="2096" HPOS="143" STYLEREFS="StyleId-53193165-AFE9-4A9C-AB8E-5A96915C815F-" CS="1">
<String CONTENT="[All" HEIGHT="69" WIDTH="113" VPOS="2097" HPOS="143"/>
<SP HEIGHT="53" WIDTH="29" VPOS="2097" HPOS="257"/>
<String CONTENT="Hallows" HEIGHT="53" WIDTH="260" VPOS="2097" HPOS="287"/>
<SP HEIGHT="48" WIDTH="27" VPOS="2113" HPOS="548"/>
<String CONTENT="guild," HEIGHT="64" WIDTH="182" VPOS="2097" HPOS="576"/>
<SP HEIGHT="60" WIDTH="42" VPOS="2099" HPOS="759"/>
<String CONTENT="Washington," HEIGHT="69" WIDTH="392" VPOS="2096" HPOS="802"/>
<SP HEIGHT="67" WIDTH="27" VPOS="2098" HPOS="1195"/>
<String CONTENT="D." HEIGHT="52" WIDTH="72" VPOS="2098" HPOS="1223"/>
<SP HEIGHT="53" WIDTH="32" VPOS="2097" HPOS="1296"/>
<String CS="1" CONTENT="C.]" HEIGHT="53" WIDTH="61" VPOS="2097" HPOS="1329"/>
</TextLine>
<TextLine HEIGHT="71" WIDTH="1950" VPOS="2174" HPOS="209" STYLEREFS="StyleId-44C6D499-E915-494F-9A96-271F99768C03-">
<String CONTENT="A" HEIGHT="53" WIDTH="57" VPOS="2175" HPOS="209"/>
<SP HEIGHT="70" WIDTH="36" VPOS="2175" HPOS="267"/>
<String CONTENT="garden" HEIGHT="69" WIDTH="219" VPOS="2176" HPOS="304"/>
<SP HEIGHT="53" WIDTH="38" VPOS="2174" HPOS="524"/>
<String CONTENT="for" HEIGHT="53" WIDTH="95" VPOS="2174" HPOS="563"/>
<SP HEIGHT="47" WIDTH="35" VPOS="2180" HPOS="659"/>
<String CONTENT="the" HEIGHT="51" WIDTH="97" VPOS="2176" HPOS="695"/>
<SP HEIGHT="34" WIDTH="37" VPOS="2193" HPOS="793"/>
<String CONTENT="ages." HEIGHT="51" WIDTH="146" VPOS="2192" HPOS="831"/>
<SP HEIGHT="34" WIDTH="81" VPOS="2208" HPOS="978"/>
<String CONTENT="[Washington," HEIGHT="70" WIDTH="425" VPOS="2174" HPOS="1060"/>
<SP HEIGHT="67" WIDTH="34" VPOS="2176" HPOS="1486"/>
<String CONTENT="D." HEIGHT="52" WIDTH="73" VPOS="2176" HPOS="1521"/>
<SP HEIGHT="55" WIDTH="40" VPOS="2174" HPOS="1595"/>
<String CONTENT="C.," HEIGHT="69" WIDTH="81" VPOS="2174" HPOS="1636"/>
<SP HEIGHT="68" WIDTH="38" VPOS="2175" HPOS="1718"/>
<String CONTENT="All" HEIGHT="53" WIDTH="100" VPOS="2175" HPOS="1757"/>
<SP HEIGHT="53" WIDTH="37" VPOS="2176" HPOS="1858"/>
<String CONTENT="Hallows" HEIGHT="54" WIDTH="263" VPOS="2177" HPOS="1896"/>
</TextLine>
<TextLine HEIGHT="70" WIDTH="391" VPOS="2254" HPOS="138" STYLEREFS="StyleId-44C6D499-E915-494F-9A96-271F99768C03-" CS="1">
<String CONTENT="guild," HEIGHT="70" WIDTH="183" VPOS="2254" HPOS="138"/>
<SP HEIGHT="63" WIDTH="30" VPOS="2260" HPOS="322"/>
<String STYLE="superscript" CS="1" CONTENT="&#7580;19"/>
<String CONTENT="28]" HEIGHT="65" WIDTH="85" VPOS="2256" HPOS="444"/>
</TextLine>
<TextLine HEIGHT="51" WIDTH="1080" VPOS="2336" HPOS="207" CS="1">
<String CONTENT="cover-title," HEIGHT="48" WIDTH="287" VPOS="2338" HPOS="207"/>
<SP HEIGHT="31" WIDTH="32" VPOS="2356" HPOS="495"/>
<String CONTENT="[18]" HEIGHT="50" WIDTH="85" VPOS="2337" HPOS="528"/>
<SP HEIGHT="38" WIDTH="31" VPOS="2349" HPOS="614"/>
<String CONTENT="p." HEIGHT="37" WIDTH="44" VPOS="2349" HPOS="646"/>
<SP HEIGHT="41" WIDTH="58" VPOS="2337" HPOS="691"/>
<String CONTENT="illus.," HEIGHT="46" WIDTH="145" VPOS="2337" HPOS="750"/>
<SP HEIGHT="45" WIDTH="31" VPOS="2338" HPOS="896"/>
<String CONTENT="diagrs." HEIGHT="50" WIDTH="181" VPOS="2336" HPOS="928"/>
<SP HEIGHT="40" WIDTH="59" VPOS="2337" HPOS="1110"/>
<String CONTENT="23" HEIGHT="42" WIDTH="55" VPOS="2336" HPOS="1170"/>
<String STYLE="superscript" CS="1" CONTENT="&#7580;&#7504;"/>
<String CONTENT="." HEIGHT="10" WIDTH="8" VPOS="2368" HPOS="1279"/>
</TextLine>
<TextLine HEIGHT="50" WIDTH="1946" VPOS="2395" HPOS="210">
<String CONTENT="&#8220;Glimpses" HEIGHT="49" WIDTH="271" VPOS="2396" HPOS="210"/>
<SP HEIGHT="29" WIDTH="31" VPOS="2407" HPOS="482"/>
<String CONTENT="of" HEIGHT="41" WIDTH="52" VPOS="2395" HPOS="514"/>
<SP HEIGHT="40" WIDTH="29" VPOS="2395" HPOS="567"/>
<String CONTENT="recent" HEIGHT="38" WIDTH="165" VPOS="2398" HPOS="597"/>
<SP HEIGHT="40" WIDTH="28" VPOS="2396" HPOS="763"/>
<String CONTENT="landscape" HEIGHT="47" WIDTH="264" VPOS="2396" HPOS="792"/>
<SP HEIGHT="30" WIDTH="28" VPOS="2405" HPOS="1057"/>
<String CONTENT="adventures," HEIGHT="48" WIDTH="312" VPOS="2395" HPOS="1086"/>
<SP HEIGHT="48" WIDTH="28" VPOS="2395" HPOS="1399"/>
<String CONTENT="in" HEIGHT="40" WIDTH="51" VPOS="2395" HPOS="1428"/>
<SP HEIGHT="39" WIDTH="30" VPOS="2397" HPOS="1480"/>
<String CONTENT="the" HEIGHT="40" WIDTH="84" VPOS="2396" HPOS="1511"/>
<SP HEIGHT="39" WIDTH="28" VPOS="2397" HPOS="1596"/>
<String CONTENT="Bishop&#8217;s" HEIGHT="50" WIDTH="227" VPOS="2395" HPOS="1625"/>
<SP HEIGHT="38" WIDTH="26" VPOS="2407" HPOS="1853"/>
<String CONTENT="garden" HEIGHT="46" WIDTH="185" VPOS="2399" HPOS="1880"/>
<SP HEIGHT="30" WIDTH="29" VPOS="2409" HPOS="2066"/>
<String CONTENT="on" HEIGHT="29" WIDTH="60" VPOS="2410" HPOS="2096"/>
</TextLine>
<TextLine HEIGHT="101" WIDTH="2000" VPOS="2451" HPOS="136" CS="1">
<String CONTENT="Mount" HEIGHT="39" WIDTH="171" VPOS="2455" HPOS="138"/>
<SP HEIGHT="43" WIDTH="33" VPOS="2451" HPOS="310"/>
<String CONTENT="Saint" HEIGHT="42" WIDTH="142" VPOS="2451" HPOS="344"/>
<SP HEIGHT="40" WIDTH="29" VPOS="2453" HPOS="487"/>
<String CONTENT="Alban," HEIGHT="47" WIDTH="173" VPOS="2453" HPOS="517"/>
<SP HEIGHT="48" WIDTH="31" VPOS="2452" HPOS="691"/>
<String CONTENT="by" HEIGHT="47" WIDTH="61" VPOS="2452" HPOS="723"/>
<SP HEIGHT="47" WIDTH="28" VPOS="2452" HPOS="785"/>
<String CONTENT="All" HEIGHT="39" WIDTH="80" VPOS="2452" HPOS="814"/>
<SP HEIGHT="39" WIDTH="31" VPOS="2452" HPOS="895"/>
<String CONTENT="Hallows" HEIGHT="40" WIDTH="222" VPOS="2452" HPOS="927"/>
<SP HEIGHT="38" WIDTH="29" VPOS="2462" HPOS="1150"/>
<String CONTENT="guild," HEIGHT="49" WIDTH="151" VPOS="2451" HPOS="1180"/>
<SP HEIGHT="45" WIDTH="32" VPOS="2454" HPOS="1332"/>
<String CONTENT="the" HEIGHT="40" WIDTH="83" VPOS="2452" HPOS="1365"/>
<SP HEIGHT="38" WIDTH="29" VPOS="2462" HPOS="1449"/>
<String CONTENT="garden" HEIGHT="47" WIDTH="184" VPOS="2453" HPOS="1479"/>
<SP HEIGHT="38" WIDTH="30" VPOS="2464" HPOS="1664"/>
<String CONTENT="guild" HEIGHT="49" WIDTH="137" VPOS="2453" HPOS="1695"/>
<SP HEIGHT="40" WIDTH="31" VPOS="2454" HPOS="1833"/>
<String CONTENT="of" HEIGHT="40" WIDTH="52" VPOS="2454" HPOS="1865"/>
<SP HEIGHT="40" WIDTH="31" VPOS="2454" HPOS="1918"/>
<String CONTENT="the" HEIGHT="39" WIDTH="81" VPOS="2455" HPOS="1950"/>
<SP HEIGHT="39" WIDTH="30" VPOS="2455" HPOS="2032"/>
<String CONTENT="National" HEIGHT="97" WIDTH="2000" VPOS="2455" HPOS="136"/>
<SP HEIGHT="39" WIDTH="34" VPOS="2512" HPOS="292"/>
<String CONTENT="cathedral.&#8221;" HEIGHT="43" WIDTH="299" VPOS="2508" HPOS="327"/>
</TextLine>
<TextLine HEIGHT="48" WIDTH="1574" VPOS="2565" HPOS="207">
<String CONTENT="Florence" HEIGHT="40" WIDTH="234" VPOS="2568" HPOS="207"/>
<SP HEIGHT="40" WIDTH="26" VPOS="2567" HPOS="442"/>
<String CONTENT="Bratenahl," HEIGHT="47" WIDTH="286" VPOS="2566" HPOS="469"/>
<SP HEIGHT="36" WIDTH="30" VPOS="2577" HPOS="756"/>
<String CONTENT="chairman" HEIGHT="41" WIDTH="254" VPOS="2565" HPOS="787"/>
<SP HEIGHT="29" WIDTH="30" VPOS="2576" HPOS="1042"/>
<String CONTENT="of" HEIGHT="40" WIDTH="52" VPOS="2565" HPOS="1073"/>
<SP HEIGHT="40" WIDTH="25" VPOS="2565" HPOS="1126"/>
<String CONTENT="the" HEIGHT="41" WIDTH="85" VPOS="2565" HPOS="1152"/>
<SP HEIGHT="41" WIDTH="27" VPOS="2565" HPOS="1238"/>
<String CONTENT="Garden" HEIGHT="41" WIDTH="195" VPOS="2565" HPOS="1266"/>
<SP HEIGHT="30" WIDTH="26" VPOS="2576" HPOS="1462"/>
<String CONTENT="committee." HEIGHT="42" WIDTH="292" VPOS="2565" HPOS="1489"/>
</TextLine>
<TextLine HEIGHT="52" WIDTH="1953" VPOS="2621" HPOS="143">
<String CONTENT="&#169;" HEIGHT="52" WIDTH="51" VPOS="2621" HPOS="143"/>
<SP HEIGHT="52" WIDTH="28" VPOS="2621" HPOS="195"/>
<String CONTENT="Mar." HEIGHT="38" WIDTH="123" VPOS="2626" HPOS="224"/>
<SP HEIGHT="40" WIDTH="26" VPOS="2624" HPOS="348"/>
<String CONTENT="24," HEIGHT="47" WIDTH="70" VPOS="2624" HPOS="375"/>
<SP HEIGHT="46" WIDTH="28" VPOS="2625" HPOS="446"/>
<String CONTENT="1928;" HEIGHT="42" WIDTH="141" VPOS="2623" HPOS="475"/>
<SP HEIGHT="42" WIDTH="28" VPOS="2623" HPOS="617"/>
<String CONTENT="2c." HEIGHT="40" WIDTH="68" VPOS="2623" HPOS="646"/>
<SP HEIGHT="30" WIDTH="28" VPOS="2633" HPOS="715"/>
<String CONTENT="and" HEIGHT="39" WIDTH="97" VPOS="2623" HPOS="744"/>
<SP HEIGHT="39" WIDTH="26" VPOS="2623" HPOS="842"/>
<String CONTENT="aff." HEIGHT="41" WIDTH="82" VPOS="2621" HPOS="869"/>
<SP HEIGHT="39" WIDTH="30" VPOS="2623" HPOS="952"/>
<String CONTENT="Mar." HEIGHT="39" WIDTH="123" VPOS="2623" HPOS="983"/>
<SP HEIGHT="41" WIDTH="27" VPOS="2621" HPOS="1107"/>
<String CONTENT="31;" HEIGHT="47" WIDTH="83" VPOS="2621" HPOS="1135"/>
<SP HEIGHT="46" WIDTH="30" VPOS="2622" HPOS="1219"/>
<!-- cceid 1BF41EA7-6CB2-1014-A20E-B9D6251C946A --><String CONTENT="A" HEIGHT="39" WIDTH="42" VPOS="2622" HPOS="1250"/>
<SP HEIGHT="40" WIDTH="26" VPOS="2621" HPOS="1293"/>
<String CONTENT="1069552;" HEIGHT="48" WIDTH="232" VPOS="2621" HPOS="1320"/>
<SP HEIGHT="46" WIDTH="30" VPOS="2623" HPOS="1553"/>
<String CONTENT="All" HEIGHT="39" WIDTH="79" VPOS="2623" HPOS="1584"/>
<SP HEIGHT="39" WIDTH="27" VPOS="2623" HPOS="1664"/>
<String CONTENT="Hallows" HEIGHT="41" WIDTH="224" VPOS="2623" HPOS="1692"/>
<SP HEIGHT="38" WIDTH="27" VPOS="2634" HPOS="1917"/>
<String CONTENT="guild." HEIGHT="49" WIDTH="151" VPOS="2623" HPOS="1945"/>
</TextLine>
<TextLine HEIGHT="49" WIDTH="254" VPOS="2681" HPOS="224">
<String CONTENT="(28-9527)" HEIGHT="49" WIDTH="254" VPOS="2681" HPOS="224"/>
</TextLine>
<TextLine HEIGHT="65" WIDTH="567" VPOS="2760" HPOS="142" STYLEREFS="StyleId-53193165-AFE9-4A9C-AB8E-5A96915C815F-">
<String CONTENT="American" HEIGHT="54" WIDTH="319" VPOS="2761" HPOS="142"/>
<SP HEIGHT="53" WIDTH="29" VPOS="2761" HPOS="462"/>
<String CONTENT="digest." HEIGHT="65" WIDTH="217" VPOS="2760" HPOS="492"/>
</TextLine>
<TextLine HEIGHT="148" WIDTH="1994" VPOS="2839" HPOS="139" STYLEREFS="StyleId-44C6D499-E915-494F-9A96-271F99768C03-" CS="1">
<String CONTENT="Cumulative" HEIGHT="56" WIDTH="366" VPOS="2840" HPOS="212"/>
<SP HEIGHT="52" WIDTH="41" VPOS="2841" HPOS="579"/>
<String CONTENT="descriptive-word" HEIGHT="69" WIDTH="532" VPOS="2839" HPOS="621"/>
<SP HEIGHT="53" WIDTH="42" VPOS="2839" HPOS="1154"/>
<String CONTENT="index" HEIGHT="53" WIDTH="173" VPOS="2839" HPOS="1197"/>
<SP HEIGHT="33" WIDTH="42" VPOS="2858" HPOS="1371"/>
<String CONTENT="and" HEIGHT="52" WIDTH="112" VPOS="2840" HPOS="1414"/>
<SP HEIGHT="52" WIDTH="42" VPOS="2840" HPOS="1527"/>
<String CONTENT="table" HEIGHT="53" WIDTH="153" VPOS="2840" HPOS="1570"/>
<SP HEIGHT="34" WIDTH="41" VPOS="2859" HPOS="1724"/>
<String CONTENT="of" HEIGHT="53" WIDTH="65" VPOS="2840" HPOS="1766"/>
<SP HEIGHT="54" WIDTH="39" VPOS="2840" HPOS="1832"/>
<String CONTENT="cases" HEIGHT="36" WIDTH="154" VPOS="2859" HPOS="1872"/>
<SP HEIGHT="34" WIDTH="41" VPOS="2861" HPOS="2027"/>
<String CONTENT="affirmed," HEIGHT="145" WIDTH="1994" VPOS="2842" HPOS="139"/>
<SP HEIGHT="48" WIDTH="31" VPOS="2939" HPOS="359"/>
<String CONTENT="reversed" HEIGHT="53" WIDTH="261" VPOS="2919" HPOS="391"/>
</TextLine>
<TextLine HEIGHT="150" WIDTH="1993" VPOS="2917" HPOS="140" STYLEREFS="StyleId-44C6D499-E915-494F-9A96-271F99768C03-" CS="1">
<String CONTENT="or" HEIGHT="34" WIDTH="65" VPOS="2937" HPOS="685"/>
<SP HEIGHT="33" WIDTH="30" VPOS="2937" HPOS="751"/>
<String CONTENT="modified," HEIGHT="67" WIDTH="289" VPOS="2917" HPOS="782"/>
<SP HEIGHT="47" WIDTH="30" VPOS="2937" HPOS="1072"/>
<String CONTENT="covering" HEIGHT="70" WIDTH="272" VPOS="2917" HPOS="1103"/>
<SP HEIGHT="70" WIDTH="33" VPOS="2917" HPOS="1376"/>
<String CONTENT="Current" HEIGHT="54" WIDTH="251" VPOS="2917" HPOS="1410"/>
<SP HEIGHT="53" WIDTH="30" VPOS="2919" HPOS="1662"/>
<String CONTENT="digest" HEIGHT="70" WIDTH="189" VPOS="2918" HPOS="1693"/>
<SP HEIGHT="69" WIDTH="43" VPOS="2920" HPOS="1883"/>
<String CONTENT="(American" HEIGHT="132" WIDTH="1993" VPOS="2920" HPOS="140"/>
<SP HEIGHT="52" WIDTH="31" VPOS="2999" HPOS="268"/>
<String CONTENT="digest" HEIGHT="69" WIDTH="190" VPOS="2998" HPOS="300"/>
<SP HEIGHT="47" WIDTH="26" VPOS="3003" HPOS="491"/>
<String CONTENT="system)" HEIGHT="70" WIDTH="238" VPOS="2996" HPOS="518"/>
</TextLine>
<TextLine HEIGHT="149" WIDTH="1992" VPOS="2995" HPOS="138" STYLEREFS="StyleId-44C6D499-E915-494F-9A96-271F99768C03-" CS="1">
<String CONTENT="v." HEIGHT="32" WIDTH="50" VPOS="3016" HPOS="835"/>
<SP HEIGHT="48" WIDTH="37" VPOS="3000" HPOS="886"/>
<String CONTENT="1," HEIGHT="63" WIDTH="44" VPOS="3000" HPOS="924"/>
<SP HEIGHT="63" WIDTH="34" VPOS="3000" HPOS="969"/>
<String CONTENT="1926" HEIGHT="49" WIDTH="133" VPOS="2999" HPOS="1004"/>
<SP HEIGHT="49" WIDTH="31" VPOS="2999" HPOS="1138"/>
<String CONTENT="annual" HEIGHT="52" WIDTH="214" VPOS="2996" HPOS="1170"/>
<SP HEIGHT="53" WIDTH="32" VPOS="2996" HPOS="1385"/>
<String CONTENT="edition," HEIGHT="54" WIDTH="234" VPOS="2995" HPOS="1418"/>
<SP HEIGHT="32" WIDTH="67" VPOS="3017" HPOS="1653"/>
<String CONTENT="v." HEIGHT="32" WIDTH="51" VPOS="3017" HPOS="1721"/>
<SP HEIGHT="49" WIDTH="30" VPOS="3001" HPOS="1773"/>
<String CONTENT="2," HEIGHT="65" WIDTH="51" VPOS="3001" HPOS="1804"/>
<SP HEIGHT="63" WIDTH="33" VPOS="3003" HPOS="1856"/>
<String CONTENT="1927" HEIGHT="55" WIDTH="134" VPOS="2998" HPOS="1890"/>
<SP HEIGHT="55" WIDTH="31" VPOS="2998" HPOS="2025"/>
<String CONTENT="annual" HEIGHT="111" WIDTH="1992" VPOS="3019" HPOS="138"/>
<SP HEIGHT="52" WIDTH="26" VPOS="3077" HPOS="277"/>
<String CONTENT="edition" HEIGHT="54" WIDTH="218" VPOS="3076" HPOS="304"/>
<SP HEIGHT="33" WIDTH="32" VPOS="3095" HPOS="523"/>
<String CS="1" CONTENT="&#8230;"/>
<SP HEIGHT="55" WIDTH="69" VPOS="3075" HPOS="613"/>
<String CONTENT="St." HEIGHT="55" WIDTH="82" VPOS="3075" HPOS="683"/>
<SP HEIGHT="51" WIDTH="29" VPOS="3077" HPOS="766"/>
<String CONTENT="Paul," HEIGHT="66" WIDTH="167" VPOS="3075" HPOS="796"/>
<SP HEIGHT="66" WIDTH="25" VPOS="3075" HPOS="964"/>
<String CONTENT="West" HEIGHT="53" WIDTH="162" VPOS="3075" HPOS="990"/>
<SP HEIGHT="63" WIDTH="25" VPOS="3079" HPOS="1153"/>
<String CONTENT="publishing" HEIGHT="70" WIDTH="341" VPOS="3074" HPOS="1179"/>
<SP HEIGHT="51" WIDTH="25" VPOS="3093" HPOS="1521"/>
<String CONTENT="co.," HEIGHT="48" WIDTH="98" VPOS="3094" HPOS="1547"/>
<SP HEIGHT="62" WIDTH="32" VPOS="3080" HPOS="1646"/>
<String CONTENT="1928." HEIGHT="51" WIDTH="150" VPOS="3079" HPOS="1679"/>
</TextLine>
<TextLine HEIGHT="49" WIDTH="368" VPOS="3159" HPOS="206" CS="1">
<String CONTENT="273" HEIGHT="39" WIDTH="85" VPOS="3161" HPOS="206"/>
<SP HEIGHT="47" WIDTH="30" VPOS="3161" HPOS="292"/>
<String CONTENT="p." HEIGHT="37" WIDTH="42" VPOS="3171" HPOS="323"/>
<SP HEIGHT="41" WIDTH="59" VPOS="3159" HPOS="366"/>
<String CS="1" CONTENT="25&#189;&#7580;&#7504;." HEIGHT="40" WIDTH="148" VPOS="3159" HPOS="426"/>
</TextLine>
<TextLine HEIGHT="53" WIDTH="1928" VPOS="3213" HPOS="142">
<String CONTENT="&#169;" HEIGHT="53" WIDTH="52" VPOS="3213" HPOS="142"/>
<SP HEIGHT="53" WIDTH="30" VPOS="3213" HPOS="195"/>
<String CONTENT="Mar." HEIGHT="38" WIDTH="121" VPOS="3219" HPOS="226"/>
<SP HEIGHT="40" WIDTH="28" VPOS="3217" HPOS="348"/>
<String CONTENT="23," HEIGHT="45" WIDTH="70" VPOS="3216" HPOS="377"/>
<SP HEIGHT="45" WIDTH="30" VPOS="3216" HPOS="448"/>
<String CONTENT="1928;" HEIGHT="47" WIDTH="142" VPOS="3215" HPOS="479"/>
<SP HEIGHT="47" WIDTH="28" VPOS="3215" HPOS="622"/>
<String CONTENT="2c." HEIGHT="41" WIDTH="69" VPOS="3215" HPOS="651"/>
<SP HEIGHT="41" WIDTH="28" VPOS="3215" HPOS="721"/>
<String CONTENT="Apr." HEIGHT="48" WIDTH="114" VPOS="3215" HPOS="750"/>
<SP HEIGHT="41" WIDTH="29" VPOS="3215" HPOS="865"/>
<String CONTENT="11;" HEIGHT="47" WIDTH="82" VPOS="3214" HPOS="895"/>
<SP HEIGHT="37" WIDTH="31" VPOS="3224" HPOS="978"/>
<String CONTENT="aff." HEIGHT="42" WIDTH="83" VPOS="3213" HPOS="1010"/>
<SP HEIGHT="42" WIDTH="28" VPOS="3213" HPOS="1094"/>
<String CONTENT="Apr." HEIGHT="49" WIDTH="115" VPOS="3213" HPOS="1123"/>
<SP HEIGHT="42" WIDTH="30" VPOS="3214" HPOS="1239"/>
<String CONTENT="9;" HEIGHT="47" WIDTH="54" VPOS="3214" HPOS="1270"/>
<SP HEIGHT="47" WIDTH="31" VPOS="3214" HPOS="1325"/>
<!-- cceid 1BF4C0D0-6CB2-1014-A20E-B9D6251C946A --><String CONTENT="A" HEIGHT="40" WIDTH="42" VPOS="3214" HPOS="1357"/>
<SP HEIGHT="40" WIDTH="26" VPOS="3214" HPOS="1400"/>
<String CONTENT="1068866;" HEIGHT="48" WIDTH="232" VPOS="3214" HPOS="1427"/>
<SP HEIGHT="45" WIDTH="32" VPOS="3217" HPOS="1660"/>
<String CONTENT="West" HEIGHT="41" WIDTH="136" VPOS="3217" HPOS="1693"/>
<SP HEIGHT="47" WIDTH="28" VPOS="3218" HPOS="1830"/>
<String CONTENT="pub." HEIGHT="47" WIDTH="110" VPOS="3218" HPOS="1859"/>
<SP HEIGHT="30" WIDTH="30" VPOS="3229" HPOS="1970"/>
<String CONTENT="co." HEIGHT="31" WIDTH="69" VPOS="3229" HPOS="2001"/>
</TextLine>
<TextLine HEIGHT="56" WIDTH="1109" VPOS="3294" HPOS="135" STYLEREFS="StyleId-53193165-AFE9-4A9C-AB8E-5A96915C815F-">
<String CONTENT="American" HEIGHT="54" WIDTH="318" VPOS="3296" HPOS="135"/>
<SP HEIGHT="52" WIDTH="32" VPOS="3296" HPOS="454"/>
<String CONTENT="institute" HEIGHT="53" WIDTH="280" VPOS="3296" HPOS="487"/>
<SP HEIGHT="36" WIDTH="33" VPOS="3312" HPOS="768"/>
<String CONTENT="of" HEIGHT="52" WIDTH="64" VPOS="3295" HPOS="802"/>
<SP HEIGHT="52" WIDTH="29" VPOS="3295" HPOS="867"/>
<String CONTENT="architects." HEIGHT="54" WIDTH="347" VPOS="3294" HPOS="897"/>
</TextLine>
<TextLine HEIGHT="73" WIDTH="1952" VPOS="3373" HPOS="206" STYLEREFS="StyleId-44C6D499-E915-494F-9A96-271F99768C03-">
<String CONTENT="The" HEIGHT="52" WIDTH="121" VPOS="3378" HPOS="206"/>
<SP HEIGHT="54" WIDTH="24" VPOS="3376" HPOS="328"/>
<String CONTENT="handbook" HEIGHT="54" WIDTH="308" VPOS="3375" HPOS="353"/>
<SP HEIGHT="53" WIDTH="22" VPOS="3375" HPOS="662"/>
<String CONTENT="of" HEIGHT="54" WIDTH="65" VPOS="3374" HPOS="685"/>
<SP HEIGHT="53" WIDTH="23" VPOS="3374" HPOS="751"/>
<String CONTENT="architectural" HEIGHT="54" WIDTH="407" VPOS="3373" HPOS="775"/>
<SP HEIGHT="68" WIDTH="23" VPOS="3374" HPOS="1183"/>
<String CONTENT="practice." HEIGHT="68" WIDTH="267" VPOS="3374" HPOS="1207"/>
<SP HEIGHT="53" WIDTH="75" VPOS="3375" HPOS="1475"/>
<String CONTENT="Washington," HEIGHT="70" WIDTH="405" VPOS="3375" HPOS="1551"/>
<SP HEIGHT="56" WIDTH="19" VPOS="3379" HPOS="1957"/>
<String CONTENT="D." HEIGHT="51" WIDTH="72" VPOS="3379" HPOS="1977"/>
<SP HEIGHT="57" WIDTH="24" VPOS="3377" HPOS="2050"/>
<String CONTENT="C.," HEIGHT="69" WIDTH="83" VPOS="3377" HPOS="2075"/>
</TextLine>
<TextLine HEIGHT="68" WIDTH="1548" VPOS="3452" HPOS="143" STYLEREFS="StyleId-44C6D499-E915-494F-9A96-271F99768C03-" CS="1">
<String CONTENT="The" HEIGHT="53" WIDTH="115" VPOS="3455" HPOS="143"/>
<SP HEIGHT="54" WIDTH="26" VPOS="3454" HPOS="259"/>
<String CONTENT="American" HEIGHT="53" WIDTH="310" VPOS="3454" HPOS="286"/>
<SP HEIGHT="53" WIDTH="24" VPOS="3453" HPOS="597"/>
<String CONTENT="institute" HEIGHT="54" WIDTH="265" VPOS="3453" HPOS="622"/>
<SP HEIGHT="35" WIDTH="24" VPOS="3471" HPOS="888"/>
<String CONTENT="of" HEIGHT="54" WIDTH="65" VPOS="3452" HPOS="913"/>
<SP HEIGHT="53" WIDTH="25" VPOS="3452" HPOS="979"/>
<String CONTENT="architects," HEIGHT="57" WIDTH="322" VPOS="3452" HPOS="1005"/>
<SP HEIGHT="57" WIDTH="27" VPOS="3452" HPOS="1328"/>
<String CONTENT="inc." HEIGHT="53" WIDTH="107" VPOS="3452" HPOS="1356"/>
<SP HEIGHT="33" WIDTH="32" VPOS="3486" HPOS="1464"/>
<String CS="1" CONTENT="["/>
<String STYLE="superscript" CS="1" CONTENT="&#7580;19"/>
<String CONTENT="27]" HEIGHT="67" WIDTH="84" VPOS="3453" HPOS="1607"/>
</TextLine>
<TextLine HEIGHT="50" WIDTH="878" VPOS="3537" HPOS="207" CS="1">
<String CONTENT="2" HEIGHT="39" WIDTH="27" VPOS="3539" HPOS="207"/>
<SP/>
<String CONTENT="p." HEIGHT="37" WIDTH="44" VPOS="3550" HPOS="258"/>
<SP/>
<String CS="1" CONTENT="l.," HEIGHT="15" WIDTH="7" VPOS="3570" HPOS="363"/>
<SP HEIGHT="45" WIDTH="26" VPOS="3540" HPOS="371"/>
<String CONTENT="7-203" HEIGHT="41" WIDTH="145" VPOS="3538" HPOS="398"/>
<SP HEIGHT="41" WIDTH="26" VPOS="3537" HPOS="544"/>
<String CONTENT="incl." HEIGHT="41" WIDTH="109" VPOS="3537" HPOS="571"/>
<SP HEIGHT="41" WIDTH="24" VPOS="3537" HPOS="681"/>
<String CONTENT="forms." HEIGHT="40" WIDTH="170" VPOS="3537" HPOS="706"/>
<SP HEIGHT="40" WIDTH="59" VPOS="3537" HPOS="877"/>
<String CS="1" CONTENT="27&#189;&#7580;&#7504;." HEIGHT="39" WIDTH="148" VPOS="3537" HPOS="937"/>
</TextLine>
<TextLine HEIGHT="52" WIDTH="2012" VPOS="3592" HPOS="142">
<String CONTENT="&#169;" HEIGHT="52" WIDTH="53" VPOS="3592" HPOS="142"/>
<SP HEIGHT="52" WIDTH="37" VPOS="3592" HPOS="196"/>
<String CONTENT="Feb." HEIGHT="39" WIDTH="111" VPOS="3597" HPOS="234"/>
<SP HEIGHT="39" WIDTH="35" VPOS="3597" HPOS="346"/>
<String CONTENT="29," HEIGHT="47" WIDTH="71" VPOS="3596" HPOS="382"/>
<SP HEIGHT="47" WIDTH="36" VPOS="3596" HPOS="454"/>
<String CONTENT="1928" HEIGHT="41" WIDTH="115" VPOS="3595" HPOS="491"/>
<SP HEIGHT="42" WIDTH="16" VPOS="3595" HPOS="607"/>
<String CONTENT=";" HEIGHT="32" WIDTH="8" VPOS="3605" HPOS="624"/>
<SP HEIGHT="42" WIDTH="37" VPOS="3595" HPOS="633"/>
<String CONTENT="2c." HEIGHT="40" WIDTH="69" VPOS="3595" HPOS="671"/>
<SP HEIGHT="30" WIDTH="37" VPOS="3605" HPOS="741"/>
<String CONTENT="and" HEIGHT="39" WIDTH="97" VPOS="3595" HPOS="779"/>
<SP HEIGHT="39" WIDTH="35" VPOS="3595" HPOS="877"/>
<String CONTENT="aff." HEIGHT="41" WIDTH="83" VPOS="3593" HPOS="913"/>
<SP HEIGHT="41" WIDTH="36" VPOS="3593" HPOS="997"/>
<String CONTENT="Apr." HEIGHT="49" WIDTH="115" VPOS="3593" HPOS="1034"/>
<SP HEIGHT="39" WIDTH="35" VPOS="3595" HPOS="1150"/>
<String CONTENT="3;" HEIGHT="45" WIDTH="55" VPOS="3595" HPOS="1186"/>
<SP HEIGHT="47" WIDTH="38" VPOS="3593" HPOS="1242"/>
<!-- cceid 1BF55F99-6CB2-1014-A20E-B9D6251C946A --><String CONTENT="A" HEIGHT="39" WIDTH="41" VPOS="3593" HPOS="1281"/>
<SP HEIGHT="39" WIDTH="36" VPOS="3593" HPOS="1323"/>
<String CONTENT="1069565;" HEIGHT="46" WIDTH="231" VPOS="3593" HPOS="1360"/>
<SP HEIGHT="45" WIDTH="39" VPOS="3594" HPOS="1592"/>
<String LANG="fi" CONTENT="Amer." HEIGHT="42" WIDTH="160" VPOS="3594" HPOS="1632"/>
<SP HEIGHT="41" WIDTH="38" VPOS="3595" HPOS="1793"/>
<String CONTENT="institute" HEIGHT="44" WIDTH="230" VPOS="3595" HPOS="1832"/>
<SP HEIGHT="29" WIDTH="38" VPOS="3610" HPOS="2063"/>
<String CONTENT="of" HEIGHT="41" WIDTH="52" VPOS="3598" HPOS="2102"/>
</TextLine>
<TextLine HEIGHT="49" WIDTH="603" VPOS="3651" HPOS="212">
<String CONTENT="architects." HEIGHT="41" WIDTH="279" VPOS="3653" HPOS="212"/>
<SP HEIGHT="49" WIDTH="70" VPOS="3651" HPOS="492"/>
<String CONTENT="(28-9441)" HEIGHT="49" WIDTH="252" VPOS="3651" HPOS="563"/>
</TextLine>
<TextLine HEIGHT="72" WIDTH="2012" VPOS="3732" HPOS="142" STYLEREFS="StyleId-44C6D499-E915-494F-9A96-271F99768C03-" CS="1">
<String CONTENT="American" HEIGHT="54" WIDTH="318" VPOS="3733" HPOS="142"/>
<SP HEIGHT="51" WIDTH="26" VPOS="3735" HPOS="461"/>
<String CONTENT="law" HEIGHT="51" WIDTH="110" VPOS="3735" HPOS="488"/>
<SP HEIGHT="33" WIDTH="28" VPOS="3753" HPOS="599"/>
<String CONTENT="reports" HEIGHT="64" WIDTH="223" VPOS="3737" HPOS="628"/>
<SP HEIGHT="34" WIDTH="28" VPOS="3751" HPOS="852"/>
<String CONTENT="annotated" HEIGHT="52" WIDTH="311" VPOS="3732" HPOS="881"/>
<SP HEIGHT="52" WIDTH="33" VPOS="3732" HPOS="1193"/>
<String CS="1" CONTENT="&#8230;"/>
<SP HEIGHT="33" WIDTH="79" VPOS="3749" HPOS="1284"/>
<String CONTENT="v." HEIGHT="33" WIDTH="50" VPOS="3749" HPOS="1364"/>
<SP HEIGHT="48" WIDTH="31" VPOS="3735" HPOS="1415"/>
<String CONTENT="53." HEIGHT="49" WIDTH="80" VPOS="3734" HPOS="1447"/>
<SP HEIGHT="52" WIDTH="75" VPOS="3732" HPOS="1528"/>
<String CONTENT="Rochester," HEIGHT="70" WIDTH="327" VPOS="3732" HPOS="1604"/>
<SP HEIGHT="67" WIDTH="28" VPOS="3735" HPOS="1932"/>
<String LANG="fi" CONTENT="N." HEIGHT="53" WIDTH="70" VPOS="3735" HPOS="1961"/>
<SP HEIGHT="51" WIDTH="30" VPOS="3737" HPOS="2032"/>
<String CONTENT="Y.," HEIGHT="67" WIDTH="91" VPOS="3737" HPOS="2063"/>
</TextLine>
<TextLine HEIGHT="74" WIDTH="1946" VPOS="3810" HPOS="210" STYLEREFS="StyleId-44C6D499-E915-494F-9A96-271F99768C03-">
<String CONTENT="The" HEIGHT="52" WIDTH="122" VPOS="3814" HPOS="210"/>
<SP HEIGHT="52" WIDTH="31" VPOS="3814" HPOS="333"/>
<String CONTENT="Lawyers" HEIGHT="67" WIDTH="270" VPOS="3814" HPOS="365"/>
<SP HEIGHT="33" WIDTH="31" VPOS="3832" HPOS="636"/>
<String CONTENT="co-operative" HEIGHT="69" WIDTH="385" VPOS="3811" HPOS="668"/>
<SP HEIGHT="49" WIDTH="35" VPOS="3830" HPOS="1054"/>
<String CONTENT="publishing" HEIGHT="69" WIDTH="337" VPOS="3810" HPOS="1090"/>
<SP HEIGHT="51" WIDTH="32" VPOS="3828" HPOS="1428"/>
<String CONTENT="company;" HEIGHT="53" WIDTH="310" VPOS="3827" HPOS="1461"/>
<SP HEIGHT="66" WIDTH="37" VPOS="3813" HPOS="1772"/>
<String CONTENT="Northport," HEIGHT="71" WIDTH="346" VPOS="3813" HPOS="1810"/>
</TextLine>
<TextLine HEIGHT="76" WIDTH="1945" VPOS="3889" HPOS="210" STYLEREFS="StyleId-44C6D499-E915-494F-9A96-271F99768C03-">
<String CONTENT="L." HEIGHT="51" WIDTH="64" VPOS="3893" HPOS="210"/>
<SP HEIGHT="51" WIDTH="36" VPOS="3892" HPOS="275"/>
<String CONTENT="I.," HEIGHT="65" WIDTH="67" VPOS="3892" HPOS="312"/>
<SP HEIGHT="65" WIDTH="36" VPOS="3892" HPOS="380"/>
<String LANG="fi" CONTENT="N." HEIGHT="51" WIDTH="69" VPOS="3892" HPOS="417"/>
<SP HEIGHT="52" WIDTH="35" VPOS="3891" HPOS="487"/>
<String CONTENT="Y.," HEIGHT="66" WIDTH="91" VPOS="3891" HPOS="523"/>
<SP HEIGHT="66" WIDTH="35" VPOS="3891" HPOS="615"/>
<String CONTENT="Edward" HEIGHT="54" WIDTH="256" VPOS="3889" HPOS="651"/>
<SP HEIGHT="53" WIDTH="36" VPOS="3889" HPOS="908"/>
<String CONTENT="Thompson" HEIGHT="68" WIDTH="334" VPOS="3889" HPOS="945"/>
<SP HEIGHT="34" WIDTH="36" VPOS="3907" HPOS="1280"/>
<String CONTENT="company;" HEIGHT="51" WIDTH="310" VPOS="3907" HPOS="1317"/>
<SP HEIGHT="67" WIDTH="43" VPOS="3889" HPOS="1628"/>
<String CONTENT="San" HEIGHT="55" WIDTH="117" VPOS="3889" HPOS="1672"/>
<SP HEIGHT="52" WIDTH="37" VPOS="3892" HPOS="1790"/>
<String CONTENT="Francisco," HEIGHT="73" WIDTH="327" VPOS="3892" HPOS="1828"/>
</TextLine>
<TextLine HEIGHT="70" WIDTH="1345" VPOS="3967" HPOS="209" STYLEREFS="StyleId-44C6D499-E915-494F-9A96-271F99768C03-">
<String CONTENT="Calif.," HEIGHT="68" WIDTH="194" VPOS="3969" HPOS="209"/>
<SP HEIGHT="66" WIDTH="36" VPOS="3971" HPOS="404"/>
<String CONTENT="Bancroft-Whitney" HEIGHT="69" WIDTH="588" VPOS="3967" HPOS="441"/>
<SP HEIGHT="49" WIDTH="33" VPOS="3987" HPOS="1030"/>
<String CONTENT="company," HEIGHT="53" WIDTH="302" VPOS="3984" HPOS="1064"/>
<SP HEIGHT="66" WIDTH="36" VPOS="3970" HPOS="1367"/>
<String CONTENT="1928." HEIGHT="54" WIDTH="150" VPOS="3969" HPOS="1404"/>
</TextLine>
</TextBlock>
</PrintSpace>
</Page>
</Layout>
</alto>