2498 4384
1110 4143 104 52 335

126 470 70 53 U.
226 468 56 54 S.
360 468 184 54 Laws,
572 471 259 49 statutes.

197 546 218 55 United
450 544 188 55 States
667 543 154 55 Code
851 540 326 54 annotated.
1255 538 122 52 The
1404 537 135 53 code
1567 535 65 54 of
1659 536 94 52 the
1781 536 138 52 laws
1948 534 63 53 of
2038 535 97 52 the

127 624 217 55 United
384 622 189 56 States
609 623 57 51 in
702 621 155 54 force
892 618 311 54 December
1239 615 47 58 7,
1324 619 152 63 1925,
1510 634 61 34 as
1605 615 234 53 enacted
1876 615 74 67 by
127 613 1983 159 Congress

328 691 1808 77 June 28 and approved June 30, 1926 … Title 43.
129 781 201 55 Public
359 782 181 53 lands.
606 782 97 67 §§1
731 785 59 48 to
818 780 149 51 1201.
1036 775 170 68 [End]
1277 773 83 56 St.
1388 774 168 66 Paul,
1580 771 205 69 Minn.,
1811 772 157 53 West
128 770 1988 159 publishing
392 877 309 50 company;

753 856 342 68 Northport,
1142 853 167 68 Long
1357 851 218 56 Island,
1622 851 70 53 N.
1741 851 91 56 Y.,
1879 850 258 53 Edward

126 940 329 67 Thompson
489 953 297 52 company,
819 937 151 50 1928.

195 1022 308 42 2 v. 24½ ᶜᵐ .
131 1076 53 53 ©
216 1079 111 42 Jan.
361 1078 70 46 31,
467 1078 111 40 Feb.
611 1076 69 48 10,
714 1074 141 47 1928;
891 1075 68 39 2c.
993 1073 119 41 each
1145 1072 125 41 Mar.
1305 1072 83 46 12;
1424 1071 110 40 affs.
1570 1072 122 39 Mar.
1729 1070 81 42 10;
1848 1070 40 38 A
1923 1068 218 48 1068217,

199 1135 231 43 1068219;
462 1136 134 38 West
622 1134 111 48 pub.
761 1142 68 31 co.
857 1132 98 39 and
984 1130 211 40 Edward
1223 1129 279 48 Thompson
1530 1138 70 30 co.

0 0 0 0 United States Code annotated. The code of the laws of the
0 0 0 0 United States in force December 7, 1925, as enacted by Congress
308 1209 1277 72 June 28 and approved June 30, 1926 …Title 47. Telegraphs, telephones, and
1626 1206 518 71 radiotelegraphs.

136 1293 384 68 [Cumulative
550 1291 213 54 annual
797 1290 200 68 pocket
1027 1294 148 63 part,
1210 1286 149 56 1927.
1440 1286 82 56 St.
1553 1287 165 57 Paul,
1749 1285 202 56 Minn.,
1981 1286 162 53 West

131 1371 465 70 pub. co.] ᶜ1 928.
201 1456 336 49 18 p. 24½ ᶜᵐ .
203 1513 119 39 This
348 1511 245 50 pamphlet
624 1510 42 40 is
692 1509 160 42 bound
880 1509 47 39 in
957 1510 79 39 the
1064 1508 122 41 back
1212 1506 52 43 of
1293 1508 81 39 the
1402 1508 190 39 volume
1620 1506 52 40 of
1699 1506 80 41 the
1808 1507 72 38 set
1910 1511 48 37 to
1988 1504 157 40 which

131 1571 29 39 it
197 1570 210 49 belongs.

134 1624 53 52 ©
222 1626 110 43 Feb.
362 1627 71 46 20,
466 1626 115 40 1928;
641 1626 68 40 2c.
743 1625 123 41 Mar.
900 1624 81 44 12;
1017 1622 83 41 aff.
1133 1622 124 42 Mar.
1293 1622 80 46 10;
1408 1621 41 39 A
1483 1621 228 40 1068222;
1751 1621 134 39 West
1920 1620 108 48 pub.
2063 1630 83 36 co.,

205 1685 69 41 St.
302 1684 138 46 Paul,
468 1684 95 38 and
594 1681 211 41 Edward
835 1681 278 47 Thompson
1215 1711 9 17 co.,
1253 1679 287 47 Northport,
1570 1678 50 40 L.
1651 1679 53 46 I.,
1734 1677 56 41 N.
1820 1678 54 40 Y.

129 1764 226 63 Ureles,
392 1763 198 55 Sonia.

203 1843 168 53 Plain
425 1843 142 52 tales
613 1840 66 54 of
726 1841 94 53 the
870 1840 145 67 city;
1067 1838 271 55 collected
1392 1838 161 52 short
1603 1837 202 55 stories
1855 1836 64 54 of
1972 1836 177 56 Sonia

135 1915 1679 74 Ureles. [New York, Mastermen printing co., ᶜ1 927]
201 1999 1048 54 3 p. l., 3-184 p. front. (port.) 22½ ᶜᵐ .
138 2058 52 53 ©
225 2062 119 41 Nov.
381 2062 68 42 18.
486 2061 141 46 1927;
666 2061 68 40 2c.
770 2060 96 40 and
902 2059 84 42 aff.
1024 2060 110 40 Feb.
1172 2059 70 47 17,
1281 2059 140 46 1928;
1462 2059 39 39 A
1538 2057 230 43 1068268;
1809 2058 109 39 Ann
1956 2057 194 48 Harris,

206 2119 116 41 New
355 2119 146 40 York.
572 2116 253 50 (28-7498)

131 2198 225 63 Vestal,
391 2198 264 64 Stanley,
692 2198 173 55 1887-

204 2277 108 54 Kit
350 2276 237 68 Carson,
622 2277 95 53 the
752 2276 200 70 happy
990 2276 240 52 warrior
1266 2275 66 52 of
1366 2275 96 53 the
1498 2275 96 53 old
1629 2275 190 67 West;
1858 2293 32 34 a
134 2273 1995 154 biography,
312 2355 74 71 by

431 2354 240 71 Stanley
713 2355 216 55 Vestal.
1009 2356 218 53 Boston
1271 2354 114 54 and
1426 2354 138 54 New
1608 2352 183 71 York,
1832 2352 319 70 Houghton

133 2434 206 55 Mifflin
368 2452 301 51 company,
702 2436 151 52 1928.

203 2517 85 50 xii,
321 2518 87 41 297
441 2530 43 37 p.
544 2518 151 41 front.
755 2516 147 44 22½ᶜᵐ.

206 2576 140 49 Maps
378 2586 62 29 on
470 2573 368 50 lining-papers.

141 2627 53 53 ©
227 2632 123 41 Mar.
380 2631 41 48 9,
454 2631 141 47 1928;
627 2631 69 40 2c.
729 2631 123 42 Mar.
883 2631 82 40 12:
1000 2629 84 42 aff.
1117 2631 123 40 Mar.
1274 2630 81 40 10:
1391 2629 38 40 A
1464 2630 229 40 1068246;
1731 2630 187 41 Walter
1954 2630 202 48 Stanley

213 2688 265 49 Campbell,
515 2689 232 48 Norman,
785 2688 106 40 Okl.
962 2687 255 49 (28-7536)

137 2754 271 64 Wallace,
441 2754 186 52 Helen
659 2753 370 66 Kingsbury.

213 2832 397 70 Stewardship
659 2833 59 52 in
766 2833 96 52 the
908 2831 106 54 life
1061 2831 65 52 of
1173 2850 238 51 women,
1457 2833 74 68 by
1580 2832 188 54 Helen
1814 2831 341 71 Kingsbury

139 2906 2018 79 Wallace … with introduction by Helen Barrett Montgomery.
141 2986 2012 77 New York, Chicago [etc.] Fleming H. Revell company [ᶜ1 928]
209 3071 728 51 3 p. l., 9-88 p., 1 l. 19½ ᶜᵐ .
212 3129 751 51 “Reading list”: 1 l. at end.
147 3179 1915 61 © Feb. 18, 1928; 2c. and aff. Mar. 6; A 1069118; Fleming H. Revell co.
227 3244 253 50 (28-7429)

141 3308 446 66 Whitechurch,
622 3308 205 56 Victor
863 3311 281 63 Lorenzo,
1185 3315 172 51 1868-

216 3386 146 57 Shot
392 3406 74 35 on
495 3388 97 54 the
623 3388 215 70 downs,
867 3389 76 69 by
972 3390 204 54 Victor
1206 3390 65 53 L.
1300 3390 432 54 Whitechurch.
1809 3390 139 54 New
1981 3390 183 67 York,

144 3465 245 55 Duffield
419 3468 47 50 &
492 3483 300 52 company,
824 3470 151 51 1928.

213 3551 27 39 4
266 3560 44 38 p.
373 3581 8 16 l.,
409 3550 145 41 3-311
584 3561 44 37 p.
688 3549 148 43 19½ᶜᵐ.

150 3598 1485 56 © Jan. 30, 1928; 2c. Feb. 9; aff. Feb. 7: A 1018731;
1671 3609 207 42 Duffield
1913 3612 36 38 A
1979 3622 69 29 co.

230 3661 254 52 (28-4663)

149 3726 373 66 Whitehead,
566 3728 226 55 Wilbur
835 3729 296 64 Cherrier,
1178 3734 171 51 1866-

216 3805 395 56 Whitehead’s
659 3808 230 54 auction
934 3808 205 70 bridge
1188 3809 96 53 for
1329 3809 323 70 beginners,
1697 3809 76 72 by
1821 3811 231 55 Wilbur
2101 3811 65 55 C.

146 3882 363 57 Whitehead.
576 3885 141 53 New
748 3885 181 70 York,
959 3886 315 55 Frederick
1301 3887 71 54 A.
1409 3887 203 55 Stokes
1643 3906 302 53 company,
1978 3893 152 50 1928.

217 3965 663 55 xiv p., 1 l., 139 p. 16 ᶜᵐ .
155 4020 51 57 ©
240 4023 110 44 Feb.
382 4026 70 41 23,
485 4026 141 41 1928;
660 4027 67 43 2c.
758 4029 96 41 and
886 4026 84 45 aff.
1003 4028 111 42 Feb.
1147 4028 83 48 25;
1265 4027 41 43 A
1338 4029 231 48 1061964;
1607 4029 264 45 Frederick
1903 4032 53 41 A.
1993 4032 174 42 Stokes

222 4091 70 35 co.
365 4082 253 52 (28-6939)
