2498 4384
1290 4103 103 50 262

311 461 245 63 Farrell,
587 460 222 54 James.

385 539 123 52 The
541 538 115 69 girl
689 538 286 68 everbody
1007 537 183 67 knew,
1220 537 77 69 by
1331 536 196 54 James
1561 534 257 68 Farrell;
1855 533 142 53 with
2033 532 293 69 drawings

315 617 75 69 by
418 617 192 52 Eldon
636 617 223 68 Kelley.
923 616 140 52 New
1092 613 165 54 York
1282 615 114 52 and
1423 614 261 66 London,
1710 612 236 68 Harper
1974 613 46 51 &
2045 611 282 67 brothers,

318 697 152 51 1928.

385 772 1158 53 4 p. l., 182, [1] p. col. front., illus. 19½ᶜᵐ.
320 844 52 52 ©
402 849 113 40 Feb.
543 848 69 48 16,
642 848 118 40 1928;
814 848 68 40 2c.
912 848 96 39 and
1037 847 83 41 aff.
1150 847 112 40 Feb.
1292 847 56 40 18;
1406 847 41 39 A
1476 846 203 41 1018831;
1738 847 195 47 Harper
1962 845 38 41 &
2027 846 129 40 bros.

399 904 253 50 (28-6520)

313 1014 247 63 Finney,
594 1014 153 52 Ross
778 1013 134 63 Lee,
949 1013 173 54 1875-

388 1093 57 52 A
478 1092 362 69 sociological
875 1092 349 68 philosophy
1259 1090 65 54 of
1357 1091 321 68 education,
1710 1090 79 70 by
1822 1090 145 53 Ross
2000 1090 67 52 L.
2106 1089 224 70 Finney

381 1170 1446 69 … New York, The Macmillan company, 1928.
389 1252 66 47 xi,
497 1251 84 41 563
622 1262 43 38 p.
725 1250 147 42 20½ᶜᵐ.
943 1251 303 50 (Half-title:
1285 1252 103 40 The
1427 1253 200 39 modern
1668 1250 237 43 teachers’
1948 1250 167 49 series,
2159 1251 72 40 ed.
2272 1251 61 48 by

322 1310 71 41 W.
422 1309 51 41 C.
500 1308 210 49 Bagley)

324 1377 52 52 ©
407 1382 111 40 Feb.
546 1381 70 47 21,
647 1380 114 41 1928;
819 1381 68 40 2c.
918 1381 95 39 and
1044 1380 82 41 aff.
1158 1380 112 42 Feb.
1300 1381 84 47 23;
1417 1381 41 39 A
1487 1380 231 46 1061859;
1752 1380 284 41 Macmillan
2067 1390 70 31 co.

405 1438 253 49 (28-6558)

320 1547 299 62 Frankau,
653 1546 246 55 Gilbert.

391 1625 121 52 The
544 1625 373 53 midsummer
950 1626 263 52 madness
1246 1625 64 54 of
1341 1627 172 51 Peter
1547 1626 268 53 Jackson.

401 1708 85 48 (In
521 1704 203 44 London
760 1705 204 52 Sunday
1002 1704 258 53 pictorial)

326 1775 1991 110 © 1c. Apr. 3, 1928; A ad int. 10849; pubd. Feb. 5; G. Frankau, Beauvallon-sur-Mer, près Ste. Maxime (Var) France.
324 1944 239 65 Friday,
597 1945 211 64 David,
842 1945 172 55 1876-

393 2023 123 54 The
548 2022 252 56 German
830 2024 278 53 situation;
1171 2023 224 69 reprint
1424 2024 66 53 of
1518 2043 74 34 an
1621 2024 279 53 informal
1929 2024 126 53 talk
2082 2025 167 52 made
2277 2029 60 48 to

324 2101 475 69 representatives
836 2101 66 54 of
935 2101 72 54 A.
1044 2101 69 55 G.
1150 2102 219 53 Becker
1404 2104 46 51 &
1484 2121 99 50 co.,
1615 2102 77 70 by
1725 2103 105 52 Dr.
1865 2102 197 54 David
2098 2102 236 70 Friday,

323 2198 74 34 on
425 2179 266 67 January
720 2179 87 67 27,
837 2182 151 51 1928.
1069 2179 293 67 [Chicago,
1393 2182 134 51 1928]

395 2263 678 50 3 p. l., 3-17 p., 1 l. 23 ᶜᵐ .
331 2329 52 52 ©
412 2334 113 40 Feb.
551 2334 41 47 2,
620 2332 116 41 1928;
792 2334 68 40 2c.
889 2334 96 39 and
1014 2332 83 42 aff.
1126 2333 114 42 Feb.
1267 2334 56 39 23;
1381 2334 42 39 A
1451 2334 203 40 1061922;
1712 2334 54 42 A.
1796 2335 54 42 G.
1880 2336 186 40 Becker
2096 2336 37 40 &
2159 2347 69 30 co.

408 2390 254 50 (28-6632)

329 2485 276 64 Goolden,
637 2485 288 64 Barbara,
962 2489 171 50 1900-

397 2564 1942 69 The sleeping sword, by Barbara Goolden … London,
329 2642 303 69 Chapman
660 2644 114 52 and
804 2643 162 68 Hall,
992 2644 97 67 Id.,
1120 2646 152 50 1928.

397 2724 474 50 4 p. l., 243 p. 19½ ᶜᵐ.
334 2792 1978 111 © 1c. Mar. 6, 1928; A ad int. 10712; pubd. Jan. 10; B. Goolden, London. (28-7338)
330 2948 183 62 Haas,
553 2947 236 53 Arthur
827 2948 199 63 Erich,
1068 2952 173 49 1884-

400 3024 125 54 The
576 3026 182 52 world
808 3025 66 53 of
924 3031 210 62 atoms;
1189 3031 96 48 ten
1338 3029 570 53 non-mathematical
1960 3031 259 67 lectures,
2268 3030 73 70 by

330 3102 2010 75 Arthur Haas … Thoroughly revised and partly re-written;
331 3180 2012 74 translated by Horace S. Uhler … New York, D. Van
332 3258 294 54 Nostrand
655 3276 300 52 company,
983 3259 129 68 inc.,
1144 3262 152 51 1928.

402 3342 66 48 xi,
496 3342 86 41 139
608 3353 45 37 p.
712 3342 145 48 illus.,
888 3342 181 49 diagrs.
1128 3343 57 40 23½ᶜᵐ.
1393 3343 132 49 $3.00

339 3404 52 52 ©
422 3408 110 40 Jan.
561 3408 69 47 12,
660 3407 118 41 1928;
832 3408 67 40 2c.
930 3408 111 40 Feb.
1071 3408 82 47 23;
1186 3407 83 42 aff.
1300 3409 122 41 Mar.
1451 3409 54 48 2;
1537 3411 42 38 A
1607 3411 231 49 1068078;
1871 3414 57 41 D.
1959 3414 108 40 Van
2095 3415 249 40 Nostrand

407 3475 81 38 co.,
516 3465 92 40 inc.
682 3464 252 49 (28-6571)

334 3557 224 63 Hardy,
595 3557 243 64 Jocelyn
876 3559 135 63 Lee,
1050 3562 171 50 1894-

338 3636 1980 131 I escape! By Captain J. L. Hardy … with five illustrations
527 3714 114 52 and
680 3734 31 33 a
750 3733 134 49 map
926 3715 113 53 and
1079 3734 73 34 an
1192 3716 393 54 introduction
1625 3719 75 69 by
1744 3719 96 56 Sir
1876 3721 229 53 Arthur
2145 3721 199 55 Conan

339 3793 201 68 Doyle.
614 3792 262 68 London,
900 3792 159 55 John
1086 3793 159 54 Lane
1365 3794 85 68 [1927]

407 3874 1733 54 xii p., 2 l., 260 p. incl. front. ports., fold. map, facsims. 19½ᶜᵐ.
344 3940 2003 62 © 1c. Jan. 17, 1928; A ad int. 10694; pubd. Nov. 25, 1927; Dodd, Mead
412 4002 36 41 &
475 4013 82 38 co.,
585 4003 105 49 inc.,
719 4004 117 40 New
864 4005 144 40 York.
1079 4005 253 48 (28-7426)
