2498 4384
1040 4087 137 54 1977

97 411 316 53 American
455 410 214 63 digest.

167 503 363 55 Cumulative
573 500 530 68 descriptive-word
1147 500 172 51 index
1363 499 112 52 and
1518 497 151 53 table
1711 495 66 54 of
1819 515 151 35 cases
95 495 1985 142 affirmed,

346 581 257 52 reversed
638 599 63 32 or
734 579 288 55 modified,
1056 578 270 66 covering
1361 576 245 54 Current
1642 576 189 67 digest
96 573 1984 141 (American

261 653 1844 74 digest system) vols. 1 & 2 (1926 & 1927 annuals) and
94 729 1986 156 vol. 3, Temporary semi-annual, 1928 … St. Paul, West publishing co., 1928.
162 898 280 50 357 p. 25½ ᶜᵐ.
99 968 52 53 ©
181 972 128 48 Sept.
334 972 41 42 4.
404 970 115 39 1928;
574 969 68 42 2c.
671 970 128 48 Sept.
827 969 57 39 10;
939 969 82 40 aff.
1052 969 129 48 Sept.
1208 969 56 39 24;
1323 969 38 38 A
1389 968 202 40 1054841;
1652 969 135 39 West
1816 968 111 48 pub.
1956 979 66 28 co.

95 1139 121 52 The
247 1136 319 55 American
598 1136 222 68 library
852 1136 288 69 directory
1172 1136 381 67 supplement,
1588 1137 150 49 1928.
165 1133 1914 151 Comprising

303 1216 217 68 subject
561 1216 172 52 index
770 1220 59 47 to
867 1214 212 68 special
1118 1214 327 53 collections
1484 1214 60 52 in
1584 1213 308 54 American
165 1214 1912 136 libraries;

337 1295 127 52 lists
495 1294 65 51 of
591 1294 173 52 Latin
800 1293 302 53 American
1140 1293 263 52 libraries
1438 1293 113 52 and
1586 1298 227 63 greater
1843 1292 264 53 libraries

165 1392 285 35 overseas:
478 1372 219 67 subject
721 1372 172 53 index
916 1377 59 47 to
1001 1372 220 66 library
1247 1372 296 52 literature
1572 1372 268 52 recorded
1866 1372 59 51 in
1956 1371 150 54 1927.

167 1451 297 68 Compiled
511 1452 182 51 under
734 1451 96 52 the
873 1450 265 53 editorial
1185 1450 276 53 direction
1509 1449 65 51 of
1617 1450 68 52 R.
1730 1450 69 52 R.
1845 1449 261 54 Bowker.

165 1531 138 52 New
334 1529 181 58 York,
546 1530 67 51 R.
644 1530 67 52 R.
745 1528 243 53 Bowker
1019 1547 98 40 co.,
1152 1532 151 50 1928.

162 1612 281 49 211 p. 26 ᶜᵐ.
99 1680 52 53 ©
184 1684 128 48 Sept.
342 1683 71 42 10,
444 1682 142 47 1928;
618 1683 68 40 2c.
719 1682 130 49 Sept.
878 1683 82 44 13;
994 1682 84 41 aff.
1110 1682 130 48 Sept.
1270 1682 84 41 22;
1387 1682 41 39 A
1458 1682 207 40 1054710;
1724 1683 56 40 R.
1812 1683 57 40 R.
1900 1684 209 39 Bowker

165 1752 68 30 co.
1872 1738 151 42 13246

95 1847 235 66 Bagier,
363 1848 190 55 Guido
582 1848 222 54 Rudolf
836 1848 213 64 Georg,
1084 1852 174 51 1888-

229 1940 1881 66 … Der kommende film; eine abrechnung und eine hoffnung.
100 2019 134 55 Was
272 2020 154 52 war?
502 2020 140 53 Was
678 2019 108 54 ist?
864 2020 139 53 Was
1041 2019 181 54 wird?
1305 2018 295 69 Stuttgart
1661 2025 102 48 [etc.]
1825 2021 287 53 Deutsche

101 2098 482 69 verlags-anstalt,
617 2101 152 51 1928.

198 2181 1209 50 94 p., 1 l., 119 p. incl. plates, ports., diagr. 25 ½ ᶜᵐ.
168 2255 66 39 At
255 2255 125 40 head
405 2253 53 41 of
481 2254 109 40 title
609 2264 10 29 :
654 2254 159 40 Guido
834 2254 194 46 Bagier.

169 2312 166 39 Plates
356 2311 196 48 printed
576 2321 60 29 on
658 2311 116 40 both
797 2311 144 40 sides.

168 2369 354 49 Bibliography
539 2380 9 29 :
582 2379 43 39 p.
664 2368 58 42 [96]

100 2437 2010 54 © June 6, 1928; 1c. Sept. 19; A—Foreign 68; Deutsche verlags-anstalt.
178 2497 282 49 (28-30302)

95 2606 227 63 Baillie,
353 2606 176 64 John,
566 2612 172 50 1886-

167 2700 122 52 The
335 2701 445 67 interpretation
828 2701 64 54 of
938 2702 274 66 religion:
1264 2721 72 33 an
1382 2702 402 69 introductory
1829 2705 173 64 study
2047 2703 67 55 of

97 2779 2014 71 theological principles, by John Baillie … New York, C.
97 2856 312 56 Scribner’s
444 2877 146 39 sons,
627 2861 150 51 1928.

241 2938 317 48 xv, 477 p. 23 ½ᶜᵐ.
101 3005 52 53 ©
190 3011 120 40 Nov.
344 3010 72 42 23,
451 3010 116 42 1928;
630 3011 69 41 2c.
736 3012 114 41 Dec.
886 3012 28 40 6;
979 3012 82 42 aff.
1098 3013 113 41 Dec.
1250 3013 26 41 5;
1341 3014 41 39 A
1417 3013 116 42 3006;
1601 3015 203 43 Charles
1845 3017 268 41 Scribner’s

169 3078 127 30 sons.
364 3067 282 49 (28-30166)

96 3161 187 65 Bang,
315 3162 266 54 Herman
613 3162 290 64 Joachim,
938 3165 328 55 1857-1912.

171 3253 157 54 Four
367 3255 200 64 devils,
604 3255 77 67 by
718 3255 260 53 Herman
1019 3257 187 66 Bang,
1245 3259 292 54 novelized
1580 3261 77 67 by
1696 3261 135 69 Guy
1869 3264 245 55 Fowler,

105 3331 151 53 from
286 3332 96 53 the
414 3332 126 52 Fox
571 3333 223 66 picture
825 3335 290 67 produced
1146 3336 75 63 by
1255 3337 65 52 F.
1352 3338 90 53 W.
1477 3339 271 57 Murnau,
1780 3341 140 53 with
101 3343 1988 120 illustrations

378 3409 154 53 from
563 3411 96 53 the
692 3430 189 36 screen
915 3414 154 67 play.
1139 3415 141 53 New
1314 3417 181 54 York.
1529 3417 236 55 Grosset
1796 3422 46 50 &
1873 3421 240 69 Dunlap

180 3491 101 51 [ᶜ1928]

171 3569 805 51 ix, 236 p. front., plates. 19½ ᶜᵐ.
105 3635 50 52 ©
184 3640 112 40 Dec.
325 3640 69 43 10,
423 3641 142 47 1928;
594 3641 69 42 2c.
691 3644 96 39 and
815 3643 82 41 aff.
927 3645 113 41 Dec.
1069 3645 82 42 12;
1182 3647 40 38 A
1253 3647 115 41 2175;
1430 3649 200 43 Grosset
1660 3655 36 41 &
1724 3653 211 44 Dunlap,
1966 3655 93 42 inc.

182 3697 281 48 (28-30259)

100 3789 298 63 Bartram,
444 3791 315 56 Gertrude.

177 3882 122 52 The
333 3882 156 54 voice
527 3882 66 54 of
627 3884 190 68 spirit,
853 3886 77 68 by
967 3886 287 56 Gertrude
1293 3891 289 55 Bartram.
1660 3896 235 74 Fresno,
1936 3898 177 59 Calif.

113 3959 232 66 [Fresno
376 3960 334 69 republican
742 3962 264 73 printery
1036 3986 79 33 co.]
1174 3970 152 53 1928.
