2498 4384
1275 4084 101 52 718

372 520 723 50 3 p. l., 9-186 p. illus. 19 ᶜᵐ.
373 581 160 39 Blank
567 589 146 38 pages
747 578 80 39 for
862 575 205 41 “Notes”
1113 574 241 47 (118-126,
1389 572 227 45 164-178)

309 626 1995 58 © 1c. Mar. 22, 1928; A ad int. 10771; pubd. Mar. 13; P. M. Twigg,
379 694 228 45 Ventnor,
638 693 96 38 Isle
761 691 52 40 of
840 690 177 47 Wight,
1049 688 237 48 England.
1357 685 281 50 (28-12954)

305 787 317 54 Unamuno
649 802 39 46 y
715 784 172 65 Jugo,
916 782 220 65 Miguel
1168 782 89 64 de,
1292 784 171 50 1864-

306 860 1999 152 The agony of Christianity, by Miguel de Unamuno … translated by Pierre Loving, with an introduction by Ernest Boyd.
305 1018 1262 70 New York, Payson & Clarke ltd. [ ᶜ1 928]
377 1103 377 51 183, [1] p. 19 ᶜᵐ.
316 1157 52 53 ©
394 1163 123 39 Mar.
542 1162 69 46 17,
637 1159 114 42 1928;
807 1160 65 41 2c.
900 1160 122 38 Mar.
1050 1157 58 40 20;
1162 1157 83 40 aff.
1271 1157 114 47 Apr.
1412 1157 55 38 11;
1522 1156 41 39 A
1590 1155 204 41 1018358;
1850 1156 193 46 Payson
2071 1154 36 40 &
2135 1153 176 41 Clarke

383 1220 87 39 ltd.
541 1216 281 51 (28-10542)

310 1302 72 53 U.
410 1301 56 53 S.
543 1300 277 66 Supreme
851 1303 174 47 court.

381 1372 1933 73 Cases adjudged … Official edition reprint, containing briefs
312 1456 64 52 of
413 1456 225 52 counsel
686 1454 219 69 (points
942 1453 114 52 and
1091 1450 397 69 authorities),
1522 1455 331 49 statements
1890 1449 65 54 of
1992 1469 169 48 cases,
2200 1451 112 52 and

313 1534 206 69 syllabi
550 1533 63 52 of
640 1534 96 51 the
764 1551 151 33 cases
942 1532 76 67 by
1046 1531 98 52 the
1171 1529 200 53 official
1400 1534 274 63 reporter,
1740 1548 51 33 v.
1822 1527 246 55 272-274
308 1528 1980 152 (inclusive).
554 1610 554 69 Photographically
1145 1609 312 67 reproduce
1536 1607 153 53 from
1724 1607 97 53 the
1858 1606 201 53 official
2097 1608 217 52 edition

312 1691 142 52 with
481 1690 97 52 the
604 1688 201 53 official
834 1686 340 70 pagination
1201 1686 65 53 of
1294 1686 134 52 each
1460 1687 224 51 volume
1711 1685 181 53 under
1920 1686 97 52 the
2046 1686 269 53 editorial

313 1762 2002 74 supervision of William Edward Baldwin, editor … New
315 1845 163 54 York
501 1845 135 68 city,
660 1845 69 52 N.
758 1845 90 66 Y.,
874 1844 122 52 The
1022 1843 195 53 Banks
1244 1843 110 52 law
1380 1842 336 70 publishing
1743 1860 298 51 company,
2070 1845 150 51 1928.

384 1926 355 42 3 v. in 1. 26½ ᶜᵐ.
319 1981 52 51 ©
398 1985 114 46 May
539 1984 68 47 17,
634 1983 115 40 1928;
803 1983 67 39 2c.
897 1983 95 39 and
1018 1982 83 40 aff.
1130 1983 114 46 May
1271 1982 56 38 24;
1383 1981 41 39 A
1450 1981 204 41 1077438;
1711 1981 166 40 Banks
1904 1982 97 39 law
2028 1982 109 48 pub.
2164 1993 69 30 co.

383 2120 221 55 United
649 2121 204 54 States
898 2124 207 48 vacant
1147 2120 166 52 lands
1358 2119 221 53 located
1622 2119 76 68 by
1742 2124 191 63 states,
1975 2121 335 68 territories,

310 2200 255 53 districts
590 2199 113 52 and
726 2198 270 66 counties,
1021 2197 140 52 with
1187 2197 153 52 brief
1363 2196 351 69 description
1736 2197 76 68 by
1836 2197 267 54 counties.
2164 2198 149 53 How

311 2284 57 46 to
407 2296 191 35 secure
635 2277 165 52 lands
838 2276 75 69 by
950 2275 328 53 homestead
1316 2280 166 63 entry
1520 2276 113 51 and
1672 2276 293 67 purchase.
2042 2277 137 52 Rev.
2223 2277 91 51 for

318 2360 145 50 1928.
533 2354 219 56 United
789 2353 188 56 States
1011 2358 210 65 system
1254 2352 63 54 of
1351 2372 250 50 surveys,
1635 2353 205 53 review
1874 2354 113 54 and
2020 2354 294 69 purchase.

312 2435 319 68 Irrigation
685 2432 248 69 projects
985 2432 264 67 finished,
1299 2432 181 52 under
1533 2450 126 50 way
1712 2432 113 53 and
1877 2433 435 68 contemplated.

314 2513 82 55 St.
429 2513 165 66 Paul,
624 2511 202 67 Minn.,
854 2510 181 54 Webb
1062 2510 149 52 book
1242 2509 335 69 publishing
1607 2528 280 50 company
1997 2515 119 63 [ᶜ1928]

381 2593 962 51 1 p. l., [5]-99 p. illus., diagrs. 14½ ᶜᵐ.
382 2652 284 42 Cover-title
684 2663 9 28 :
729 2651 190 39 Vacant
952 2651 316 46 government
1301 2650 130 40 land.

384 2709 273 40 “Practical
684 2707 131 40 farm
845 2705 177 42 books”
1041 2716 9 30 :
1081 2717 43 37 p.
1154 2705 159 41 98-99.

382 2768 39 38 1.
459 2767 53 39 U.
549 2764 278 42 S.—Public
860 2764 154 38 lands.
1156 2794 8 8 I.
1196 2761 155 41 Title:
1388 2762 189 40 Vacant
1609 2765 315 44 government
1955 2763 133 42 land.

322 2817 52 53 ©
408 2822 112 40 Feb.
552 2821 68 47 24,
652 2819 115 41 1928;
827 2818 67 42 2c.
926 2819 96 39 and
1054 2817 82 40 aff.
1168 2817 114 48 Apr.
1316 2816 55 41 23;
1433 2817 41 39 A
1505 2817 204 41 1074126;
1771 2820 148 40 Webb
1952 2820 124 40 book
2107 2820 110 48 pub.
2250 2831 68 31 co.

400 2877 282 50 (28-11900)

316 2960 123 52 The
460 2960 72 53 U.
557 2959 58 53 S.
639 2958 58 54 S.
721 2957 242 52 Yankee
989 2975 72 34 on
1084 2956 96 52 the
1203 2954 202 56 Cuban
1427 2956 292 68 blockade,
1746 2960 149 51 1898.
1969 2957 140 55 New
2134 2959 180 66 York,

384 3038 123 52 The
528 3036 282 53 Members
835 3034 65 54 of
922 3034 95 54 the
1042 3033 282 55 Yankee’s
1347 3052 163 51 crew,
1535 3037 152 52 1928.

385 3117 1453 49 xii, 194 p. col. front., illus., plates, ports., map. 27½ ᶜᵐ.
390 3177 95 41 “Of
520 3175 100 42 this
657 3175 109 40 first
802 3175 184 40 edition
1025 3175 53 40 of
1114 3175 102 39 The
1257 3175 55 40 U.
1356 3175 44 40 S.
1444 3175 44 40 S.
1528 3175 196 41 Yankee
1763 3186 127 30 crew
1928 3186 60 30 on
2030 3177 82 40 the
2153 3177 168 41 Cuban

318 3234 246 47 blockade,
602 3233 115 39 four
754 3232 221 40 hundred
1011 3232 264 40 numbered
1313 3231 159 49 copies
1514 3242 124 30 were
1677 3231 195 49 printed
1911 3232 49 40 in
1998 3232 154 50 April,
2192 3234 128 48 1928,

317 3292 96 40 and
437 3291 81 40 the
543 3292 113 46 type
680 3289 308 41 distributed.
1042 3288 118 41 This
1186 3298 119 38 copy
1328 3288 42 41 is
1394 3289 204 40 number
1619 3289 130 41 318.”

389 3348 217 40 William
630 3348 54 40 B.
709 3346 242 48 Dunning,
976 3345 253 41 chairman
1254 3345 52 40 of
1330 3347 82 39 the
1436 3347 54 39 U.
1520 3346 43 41 S.
1592 3347 45 40 S.
1662 3347 198 40 Yankee
1883 3347 123 40 book
2031 3347 289 42 committee.

319 3405 62 49 cf.
405 3415 43 38 p.
474 3404 98 41 194.

669 3461 162 39 CONTENTS.—The
871 3461 55 39 U.
968 3460 44 40 S.
1055 3460 44 40 S.
1139 3460 196 39 Yankee
1376 3470 60 29 on
1475 3461 83 39 the
1597 3460 167 41 Cuban
1803 3461 247 47 blockade,
2091 3462 62 47 by
2193 3462 130 39 Rear

320 3517 221 41 Admiral
582 3519 71 38 W.
693 3517 61 41 H.
794 3516 412 41 Brownson.—As
1249 3517 81 40 the
1370 3516 108 40 first
1518 3516 273 41 lieutenant
1832 3518 290 39 remembers
2165 3517 52 42 if.
2262 3519 59 47 by

322 3575 130 39 Rear
480 3574 217 40 Admiral
730 3575 44 39 J.
804 3573 416 41 Hubbard.—The
1249 3573 108 40 first
1385 3575 146 38 naval
1561 3573 255 48 battalion,
1850 3575 45 40 S.
1925 3574 57 41 N.
2012 3575 69 45 Y.,
2113 3575 61 46 by
321 3575 1984 96 Captain
453 3632 69 39 W.
549 3632 54 39 B.
630 3630 353 40 Duncan.—“A
1009 3632 136 38 clean
1172 3640 160 38 sweep
1355 3629 106 41 fore
1488 3631 97 39 and
1611 3630 119 48 aft”,
1759 3631 60 47 by
1845 3631 61 41 H.
1933 3631 50 41 C.
2011 3632 313 40 Rowland.—

322 3689 208 47 Reports
564 3688 52 40 of
650 3687 320 41 Commander
1003 3687 529 47 Brownson.—Report
1567 3687 52 40 of
1653 3687 293 41 Lieutenant
1982 3689 56 39 de
2076 3688 246 41 Carranza

321 3755 29 36 y
382 3745 236 47 Reguera.
652 3744 337 48 commanding
1021 3744 215 48 gunboat
1269 3743 151 48 Diego
1453 3745 387 47 Velazquez.—A
1871 3744 140 48 night
2042 3755 185 37 escape,
2262 3745 61 47 by

325 3802 45 40 S.
397 3801 318 40 Vail.—Four
742 3801 195 40 months
963 3801 184 39 aboard
1175 3811 64 29 an
1268 3800 248 47 auxiliary
1544 3800 200 48 cruiser,
1773 3800 142 49 being
1943 3802 82 39 the
2054 3802 79 47 log
2161 3801 52 40 of
2241 3801 84 41 the

325 3859 55 39 U.
417 3858 45 40 S.
500 3858 44 40 S.
579 3858 210 47 Yankee,
824 3858 222 47 together
1079 3857 121 40 with
1235 3860 224 44 excerpts
1493 3857 128 40 from
1658 3857 447 41 diaries.—Record
2142 3857 53 41 of
322 3857 1984 97 officers
452 3915 94 39 and
571 3925 125 29 crew
718 3915 53 39 of
794 3915 81 40 the
899 3913 428 49 Yankee.—Songs
1353 3914 51 40 of
1428 3915 82 39 the
1535 3915 209 39 Yankee.

331 3966 52 53 ©
413 3971 113 48 Apr.
555 3971 69 47 20,
653 3971 115 41 1928;
825 3972 67 41 2c.
922 3972 96 39 and
1046 3971 82 41 aff.
1156 3971 114 49 Apr.
1301 3971 56 40 24;
1414 3971 42 40 A
1486 3970 203 43 1074287;
1749 3971 216 42 William
1994 3973 53 42 B.
2079 3969 243 50 Dunning,

399 4029 119 39 New
545 4029 143 40 York.
760 4028 280 48 (28-12053)
