2498 4384
1086 4091 133 50 1683

235 503 440 51 229, [1] p. 21 ᶜᵐ .
237 575 183 48 “Being
450 574 82 40 the
564 574 149 39 frank
748 574 94 39 and
877 572 204 48 original
1120 570 270 41 chronicles
1425 569 51 41 of
1510 580 28 29 a
1576 578 159 38 young
1769 569 168 40 doctor
1971 567 198 48 serving

166 643 54 29 as
256 642 62 29 an
356 631 192 40 interne
585 631 49 39 in
672 631 82 40 the
792 629 393 41 Knickerbocker
1224 626 268 46 maternity
1532 625 214 48 hospital
1787 625 51 41 of
1876 625 118 40 New
2034 624 132 40 York

165 683 1174 53 city … as written to a friend back home.”
165 739 1891 55 © Oct. 1, 1928; 2c. Oct. 19; aff. Oct. 18; A 242; Dorrance & co., inc.
240 803 282 49 (28-24927)

155 898 273 64 Bridges,
461 898 230 52 Horace
724 897 221 57 James,
982 900 172 49 1880-

234 976 233 69 Taking
514 976 96 52 the
659 992 164 35 name
872 972 65 53 of
985 973 213 52 science
1250 973 56 51 in
1363 971 152 65 vain,
1564 970 78 67 by
1691 970 229 53 Horace
1971 970 196 54 James

163 1050 1827 73 Bridges … New York, The Macmillan company, 1928.
233 1134 365 50 273 p. 19½ ᶜᵐ .
238 1193 128 39 “The
398 1192 260 40 substance
691 1190 52 39 of
775 1189 98 41 this
907 1190 190 39 volume
1130 1199 101 29 was
1265 1188 262 47 originally
1561 1187 244 40 delivered
1839 1186 51 40 in
1922 1188 82 39 the
2037 1186 130 41 form

165 1249 52 40 of
245 1250 212 39 lectures
487 1249 153 39 under
673 1248 81 39 the
786 1247 157 45 Jayne
974 1246 252 39 memorial
1261 1247 129 39 trust,
1439 1247 51 38 at
1522 1246 82 39 the
1636 1244 244 47 Academy
1913 1243 52 41 of
1996 1243 169 48 music,

165 1305 339 47 Philadelphia,
555 1304 50 39 in
639 1304 168 39 March
840 1304 94 39 and
968 1302 152 49 April,
1154 1302 130 41 1927.
1345 1303 101 39 The
1479 1302 108 40 title
1621 1301 52 40 of
1706 1302 81 39 the
1820 1302 211 39 lectures
2066 1311 102 30 was

166 1363 154 40 ‘Some
348 1364 193 45 aspects
568 1361 51 40 of
644 1360 88 40 life
760 1361 95 39 and
883 1359 463 40 conduct’.”—Pref.

165 1416 1784 53 © Oct. 23, 1928; 2c. Oct. 24; aff. Oct. 25; A 1234; Macmillan co.
241 1475 281 50 (28-25059)

160 1570 244 64 Chapin,
440 1570 208 62 Henry
680 1567 264 65 Dwight,
982 1567 172 55 1857-

231 1647 262 54 Diseases
523 1645 64 54 of
615 1645 224 54 infants
870 1646 113 53 and
1014 1646 279 65 children,
1320 1646 77 69 by
1427 1646 204 68 Henry
1661 1644 243 69 Dwight
1935 1644 231 69 Chapin

225 1723 1942 69 … and Lawrence Thomas Royster … 6th rev. ed. New York,
161 1804 89 53 W.
276 1803 186 53 Wood
489 1802 114 53 and
630 1819 300 52 company,
960 1804 152 51 1928.

299 1882 1269 49 xv, 675 p. illus., x pl. (part col.) tables. 23½ ᶜᵐ .
163 1938 51 52 ©
243 1942 127 47 Sept.
396 1942 57 38 25,
492 1940 115 42 1928;
661 1942 68 39 2c.
757 1941 103 40 Oct.
885 1942 57 39 27;
997 1940 82 41 aff.
1108 1941 103 40 Oct.
1238 1940 56 41 26;
1350 1941 41 39 A
1416 1941 86 40 273;
1558 1941 218 40 William
1803 1942 152 40 Wood
1983 1946 35 40 &
2045 1952 69 31 co.

239 1998 282 49 (28-24934)

155 2094 133 63 Coe,
324 2092 248 55 Charles
604 2092 265 54 Francis.

226 2169 1940 70 Swag, by Charles Francis Coe … New York, London, G. P.
152 2248 299 54 Putnam’s
486 2266 147 40 sons,
672 2251 150 50 1928.

221 2331 639 50 3 p. l., 3-243 p. 19½ ᶜᵐ .
161 2386 51 53 ©
243 2390 102 41 Oct.
372 2389 59 41 26,
471 2388 117 41 1928;
643 2389 69 42 2c.
740 2389 96 40 and
866 2387 81 43 aff.
977 2388 103 42 Oct.
1108 2389 82 46 27;
1223 2389 40 39 A
1291 2389 142 47 1277;
1466 2388 48 42 C.
1544 2389 52 42 F.
1627 2388 106 45 Coe,
1764 2390 117 41 New
1910 2390 145 42 York.

240 2447 282 49 (28-24957)

155 2540 217 64 Cohen,
406 2542 328 62 Hermann,
771 2545 325 50 1842-1918.

226 2619 261 53 Herman
514 2617 223 55 Cohens
763 2617 283 54 Schriften
1069 2637 101 34 zur
1195 2619 364 68 philosophie
1583 2620 115 53 und
1762 2620 403 70 zeitgeschichte

218 2696 1085 70 … Berlin, Aka demie- vertag, 1928.
229 2776 1942 54 2 v. fronts. (ports.) 24½ ᶜᵐ . (Added t.-p.: Veröffentlichungen der
160 2835 254 39 Hermann
456 2834 400 48 Cohen-stiftung
894 2835 76 39 bei
1013 2836 86 39 der
1138 2835 269 41 Akademie
1448 2836 85 40 für
1574 2837 79 40 die
1741 2837 299 43 wissenschaft
2084 2842 83 39 des

182 2890 286 48 judentums)

232 2947 436 48 “Herausgegeben
697 2958 94 30 von
817 2948 171 40 Albert
1017 2948 217 40 Görland
1263 2950 99 39 und
1389 2950 150 40 Ernst
1569 2950 266 42 Cassirer.”

160 3001 2005 59 © Feb. 15, 1928; 1c. each June 13; A—Foreign 39130; Akademie-verlag.
238 3061 281 49 (28-25830)

156 3154 200 64 Colby,
395 3156 138 54 Mrs.
574 3154 284 54 Nathalie
905 3156 370 65 (Sedgwick)

222 3231 56 53 A
322 3251 135 33 man
502 3251 105 34 can
649 3232 164 54 build
861 3252 29 34 a
937 3233 174 54 house.
1173 3235 78 68 by
1296 3236 271 54 Nathalie
1616 3236 303 69 Sedgwick
1967 3239 198 70 Colby.

152 3309 1605 74 New York. Harcourt. Brace and company [ᶜ 1928 ]
221 3393 571 49 3 p. l., 355 p. 19 ½ᶜᵐ .
161 3446 51 52 ©
239 3450 102 41 Oct.
364 3450 71 46 25,
460 3450 142 46 1928;
629 3451 68 40 2c.
723 3451 95 39 and
844 3450 83 41 aff.
954 3452 102 40 Oct.
1081 3452 57 40 27;
1192 3452 42 39 A
1259 3453 115 39 1280;
1430 3454 262 48 Harcourt,
1720 3456 155 40 Brace
1901 3457 37 40 &
1964 3467 82 33 co.,
2074 3458 92 41 inc.

238 3507 284 48 (28-24952)

157 3601 248 63 Conner,
443 3600 246 54 Charles
724 3601 347 65 Chambers,
1107 3607 173 51 1856-

226 3679 331 55 Shorthand
600 3681 165 52 made
804 3687 147 47 most
990 3681 208 69 legible
1239 3681 93 54 for
1372 3684 265 67 personal
1677 3704 64 34 or
1781 3689 232 67 general
2054 3708 114 44 use,

150 3757 76 69 by
280 3757 238 55 Charles
572 3757 312 55 Chambers
940 3758 242 55 Conner.
1281 3759 373 72 Springfield.
1705 3764 193 68 Mass.,
1949 3767 216 70 Phelps

153 3836 880 68 publishinsr company [ᶜ 1928 ]
223 3917 499 49 xviii, 148 p. 19 ᶜᵐ .
162 3970 51 53 ©
249 3974 119 50 Aug.
403 3975 70 44 16,
507 3974 118 42 1928;
684 3976 69 41 2c.
791 3975 129 50 Sept.
955 3976 53 47 6;
1045 3976 83 42 aff.
1164 3977 121 50 Aug.
1321 3978 82 49 20;
1442 3980 41 40 A
1518 3981 231 48 1054026;
1788 3983 49 42 C.
1874 3986 50 41 C.
1962 3984 203 45 Conner,

227 4031 287 49 Northfield,
547 4034 148 39 Mass.
764 4033 282 47 (28-24919)
