2498 4384
1035 4086 138 51 1415

115 416 258 65 Sturgis,
404 418 139 52 Mrs.
576 414 228 54 Bertha
835 415 269 53 Bernent.

188 494 165 52 Field
385 493 150 53 book
565 492 65 54 of
660 492 161 54 birds
853 491 64 54 of
947 493 97 52 the
1076 492 256 52 Panama
1369 488 182 56 Canal
1586 490 177 66 Zone;
1801 508 28 33 a
119 487 1974 137 description

280 570 63 54 of
380 572 98 52 the
515 570 208 68 habits,
761 570 111 52 call
911 575 159 47 notes
1113 569 112 52 and
1266 585 169 51 songs
1476 566 64 54 of
1579 568 97 51 the
1716 566 160 53 birds
1919 565 63 53 of
2020 566 98 52 the

118 650 257 52 Panama
422 647 181 55 Canal
646 648 167 67 Zone,
858 646 94 53 for
996 647 97 53 the
1138 663 249 51 purpose
1431 645 65 53 of
1542 643 359 70 identifying
1945 645 173 51 them.

118 727 178 68 Many
333 725 64 53 of
432 727 155 51 these
622 725 159 53 birds
820 742 95 35 are
951 725 118 52 also
1107 741 259 36 common
1404 723 60 53 in
1504 721 235 56 Central
1780 723 113 52 and
1935 721 184 55 South

115 805 282 52 America.
464 804 91 69 By
583 804 217 53 Bertha
831 804 241 52 Bernent
1103 802 231 70 Sturgis;
1396 802 142 53 with
1569 820 134 35 over
1736 804 100 50 100
117 801 1978 149 illustrations,

321 882 194 53 colour
552 883 202 66 plates,
792 881 383 68 pen-and-ink
1212 880 274 68 sketches,
1525 881 113 52 and
1677 898 31 34 a
1746 898 135 49 map
1921 879 64 54 of
2023 879 98 54 the

117 961 254 52 Panama
419 958 181 56 Canal
644 960 164 51 Zone.
887 959 140 52 New
1071 958 181 69 York,
1293 959 260 67 London,
1598 957 69 56 G.
1710 959 67 52 P.
1821 957 301 54 Putnam’s

115 1055 146 50 sons,
291 1040 153 50 1928.

188 1116 1841 51 xxxix, 466 p. incl. illus., map. col. front., plates (part col.) 17½ ᶜᵐ.
122 1174 265 50 [Putnam’s
416 1177 177 38 nature
621 1174 110 41 field
761 1175 163 48 books]
1044 1172 131 49 $3.50

117 1229 51 52 ©
202 1233 127 48 Sept.
358 1233 71 46 21,
460 1232 115 40 1928;
632 1233 68 39 2c.
735 1233 127 47 Sept.
893 1233 57 38 24;
1010 1232 82 41 aff.
1127 1233 129 48 Sept.
1285 1234 57 38 22;
1401 1232 41 40 A
1473 1232 205 41 7054488;
1737 1234 54 39 B.
1823 1233 54 40 B.
1913 1231 207 49 Sturgis,

183 1290 159 47 Cable,
378 1289 118 41 Wis.
567 1288 281 50 (28-22241)

111 1383 321 64 Svedberg,
464 1383 286 54 Theodor.

183 1459 1938 71 Colloid chemistry, by The Svedberg … 2d ed., rev. and
111 1538 2014 68 enl. in collaboration with Arne Tiselius … New York, Book
113 1618 380 67 department,
528 1617 122 53 The
686 1615 291 56 Chemical
1012 1617 227 69 catalog
1273 1634 299 51 company,
1606 1616 126 69 inc.,
1770 1620 150 50 1928.

179 1701 86 41 302
313 1712 42 37 p.
417 1700 144 48 illus.,
611 1700 180 49 diagrs.
852 1699 55 41 23½ᶜᵐ.
1069 1699 284 47 (American
1402 1700 234 41 chemical
1686 1701 198 48 society.
110 1702 1995 103 Monograph
295 1757 165 41 series,
539 1768 76 30 [no.
645 1757 98 49 16])

117 1810 51 52 ©
195 1814 121 49 Aug.
342 1814 71 47 28,
442 1814 116 41 1928;
611 1815 68 38 2c.
706 1814 121 48 Aug.
854 1813 58 40 29;
967 1812 83 42 aff.
1082 1813 127 47 Sept.
1240 1814 26 39 7;
1323 1813 41 39 A
1392 1813 204 40 1054415;
1656 1813 245 41 Chemical
1931 1814 195 48 catalog

183 1882 81 37 co.,
298 1871 91 41 inc.
461 1870 281 49 (28-22094)

115 1967 175 62 Torn,
318 1966 119 51 Teo
465 1981 132 37 von.

182 2044 73 53 In
282 2044 268 69 sonniger
578 2043 466 70 herrgottsfrühe
1072 2044 117 52 und
1219 2043 210 53 andere
1456 2042 380 70 geschichten,
1867 2061 112 35 von
2009 2045 117 52 Teo

113 2121 1701 69 von Torn. Berlin, Globus verlag g. m. b. h. [ ᶜ19 28 ]
180 2204 275 49 279 p. 19 ᶜᵐ.
114 2258 2007 52 © Mar. 15, 1928; 1c. June 13; A —Foreign 39173; Globus verlag, g. m.
184 2319 43 40 b.
258 2319 46 40 h.
375 2317 282 50 (28-22380)

114 2415 72 54 U.
222 2415 57 53 S.
354 2415 280 69 Supreme
670 2421 176 47 court.

114 2490 1988 135 … Official reports … v. 275 U. S. Pages 277 to 668, December
244 2576 47 64 5,
322 2570 135 55 1927
498 2570 88 70 (in
615 2570 160 70 part)
817 2576 60 48 to
907 2572 113 52 and
1051 2571 303 68 including
1382 2570 266 68 January
1679 2573 49 64 3,
1762 2573 151 50 1928.

116 2569 1984 134 [Advance
316 2651 184 53 sheets
527 2649 228 54 service.
818 2649 294 69 Reprints]
1181 2650 140 52 New
1350 2648 181 69 York,
1559 2649 70 54 N.
1660 2649 91 69 Y.,
1779 2649 122 53 The
1928 2648 198 56 Banks

113 2728 110 53 law
255 2728 338 70 publishing
624 2746 281 50 company
944 2730 171 66 [1928]

184 2810 635 51 cover-title, [107] p. 26 ᶜᵐ.
115 2862 51 53 ©
198 2868 127 48 Sept.
354 2867 70 49 29,
454 2867 118 41 1928;
626 2869 68 39 2c.
723 2868 97 40 and
848 2867 82 41 aff.
961 2867 102 42 Oct.
1092 2868 26 40 3;
1177 2867 41 40 A
1246 2867 207 41 1053680;
1509 2867 168 41 Banks
1705 2869 96 39 law
1830 2868 110 48 pub.
1970 2878 67 31 co.

112 3003 317 54 Universal
468 3005 362 69 knowledge;
874 3025 32 33 a
946 3005 325 70 dictionary
1308 3007 113 52 and
1461 3005 403 70 encyclopedia
1902 3004 65 55 of
2004 3010 119 48 arts

183 3083 113 53 and
339 3083 260 66 sciences,
642 3083 224 69 history
911 3084 112 52 and
1068 3084 345 68 biography,
1458 3084 128 66 law,
1631 3084 316 67 literature,
182 3083 1916 146 religions,

401 3161 248 67 nations,
688 3179 172 49 races,
900 3167 244 47 customs
1186 3162 114 52 and
1339 3161 375 54 institutions.
1792 3161 214 53 Edited
2046 3162 77 69 by

185 3239 1938 55 Edward A. Pace … Conde B. Pallen … Thomas J. Shahan
181 3316 1916 132 … James J. Walsh … John J. Wynne … assisted by numerous
444 3395 1677 68 collaborators … v. 2. New York, The Universal
181 3472 1102 70 knowledge foundation, inc. [ ᶜ19 28]
181 3554 1940 52 vi p., 1 l., 1784 numb. col. col. front., illus., plates (part col.) maps
121 3609 427 51 (part fold.) 26 ᶜᵐ.
115 3662 51 52 ©
190 3667 120 49 Aug.
333 3669 69 47 27,
428 3667 117 42 1928;
594 3670 68 40 2c.
690 3669 129 48 Sept.
842 3670 59 39 27;
954 3669 82 41 aff.
1065 3670 128 48 Sept.
1217 3670 60 41 28;
1329 3670 41 39 A
1395 3669 207 42 1053816;

1653 3670 260 41 Universal
182 3671 1918 101 knowledge
325 3724 307 50 foundation,
663 3725 91 41 inc.

110 3802 415 66 Untermeyer,
565 3805 198 63 Louis,
805 3811 172 49 1885-

185 3880 203 69 Moses,
434 3902 32 33 a
507 3885 184 66 novel,
734 3884 77 70 by
853 3885 176 53 Louis
1072 3886 397 68 Untermeyer.
1549 3885 142 54 New
1737 3885 181 70 York,
116 3887 1977 140 Harcourt,
319 3960 182 54 Brace
526 3963 46 51 &
597 3979 298 53 company,
926 3965 150 52 1928.
