2498 4384
1334 4088 137 51 1824

482 499 345 49 “Suggestions
857 499 80 41 for
966 501 198 39 further
1192 499 232 49 reading”:
1485 511 42 37 p.
1557 501 218 40 373-374.

416 554 52 52 ©
494 559 119 39 Nov.
639 559 40 46 7,
705 557 141 47 1928;
873 558 68 40 2c.
968 558 96 39 and
1090 556 82 42 aff.
1200 557 119 40 Nov.
1346 556 53 47 9;
1428 556 82 40 aff.
1537 557 118 40 Nov.
1683 557 81 47 10;
1794 557 41 39 A
1862 556 111 48 556;
2004 557 55 41 E.
2084 557 52 41 P.
2164 557 189 39 Dutton
2380 561 36 40 &

482 625 82 37 co.,
596 614 91 40 inc.
758 613 280 49 (28-27782)

405 708 269 64 Warren,
703 707 117 54 Lee
849 707 248 65 Donald,
1132 712 171 50 1895-

479 785 143 55 Isles
652 785 66 53 of
746 785 407 70 opportunity;
1190 805 266 50 progress
1488 785 114 54 and
1634 783 371 71 possibilities
2036 785 62 53 in
2128 785 96 54 the

407 783 1987 150 Philippine Islands, by L. Donald Warren … Washington,
2229 864 72 52 D.
2336 862 81 70 C.,

406 941 1986 147 Peekskill, N. Y. [etc.] Review and herald publishing association [ ᶜ19 28]
476 1103 784 50 224 p. incl. front., illus. 20 ᶜᵐ.
414 1157 52 52 ©
505 1161 103 42 Oct.
644 1161 69 47 18,
750 1161 142 46 1928;
931 1161 68 40 2c.
1036 1161 95 39 and
1168 1160 85 40 aff.
1292 1160 104 40 Oct.
1434 1159 81 47 19;
1556 1160 41 38 A
1634 1159 112 46 132;
1861 1159 123 40 Review
2021 1159 38 40 &
2095 1159 170 40 herald
2305 1160 110 47 pub.

481 1229 129 29 assn.
677 1218 281 48 (28-27787)

405 1312 268 63 Wasson,
705 1311 137 55 Mrs.
874 1311 270 55 Mildred.

404 1388 2012 148 Churchill street [by] Mildred Wasson. New York, Coward-McCann, inc., 1928.
473 1551 449 49 4 p. l., 287 p. 19½ᶜᵐ.
412 1604 1840 52 © Nov. 9, 1928; 2c. and aff. Nov. 12; A 590; Coward-McCann, inc.
489 1665 282 49 (28-27811)

403 1760 196 64 Wells,
629 1759 186 54 Helen
844 1760 80 54 M.

473 1837 163 54 Food
668 1838 115 53 and
814 1837 130 53 how
975 1842 60 48 to
1066 1836 141 55 cook
1239 1837 74 68 it;
1349 1857 31 33 a
1411 1837 240 53 modern
1683 1836 171 71 guide
1886 1842 60 48 to
1977 1837 97 52 the
2106 1836 309 54 successful

404 1916 285 69 planning
736 1915 65 53 of
846 1916 177 52 meals
1069 1916 113 52 and
1227 1915 96 53 the
1371 1915 375 68 preparation
1792 1915 65 53 of
1903 1915 158 68 food,
2106 1915 77 69 by
2228 1915 188 53 Helen

402 1992 1990 151 M. Wells … collaborating with Belle De Graf … Philadelphia, National publishing company [ ᶜ19 28]
472 2154 1023 51 xiv p., 1 l., 496 p. front., plates. 20 ᶜᵐ.
473 2214 160 39 Blank
663 2223 147 38 pages
840 2212 80 40 for
952 2213 178 40 “Notes
1160 2212 96 39 and
1288 2210 271 41 additional
1593 2210 214 49 recipes”
1847 2210 255 47 (458-464)

409 2267 52 55 ©
489 2272 118 40 Nov.
635 2271 39 47 8,
702 2270 115 40 1928;
872 2270 68 39 2c.
967 2271 119 39 Nov.
1114 2269 56 41 12;
1228 2267 84 42 aff.
1339 2268 120 41 Nov.
1487 2267 57 41 10;
1600 2267 42 42 A
1669 2267 118 42 1639;
1842 2268 193 41 Horace
2107 2301 8 8 C.
2146 2268 111 48 Fry,
478 2268 1917 108 Philadelphia.
790 2325 282 50 (28-27888)

399 2422 308 64 Williams,
742 2421 181 65 Basil,
961 2421 173 56 1867-

476 2499 1936 70 The British Empire, by Basil Williams … New York, H.
403 2579 1943 69 Holt and company; London, T. Butterworth, limited [ ᶜ19 28]
401 2661 1995 108 4 p. l., 11-252 p. 17 ᶜᵐ. (Half-title: Home university library of modern knowledge, no. 129)
474 2777 379 48 Bibliography:
887 2788 43 37 p.
963 2776 220 42 243-248.

408 2830 53 52 ©
486 2835 119 41 Nov.
633 2835 39 46 5,
700 2834 114 41 1928;
870 2835 68 39 2c.
966 2835 96 38 and
1088 2832 83 42 aff.
1198 2834 120 40 Nov.
1346 2833 52 47 6;
1429 2833 40 39 A
1496 2833 115 41 1519;
1669 2834 169 47 Henry
1864 2833 120 41 Holt
2012 2834 36 41 &
2075 2845 68 31 co.

486 2889 282 51 (28-27950)

400 2984 387 63 Williamson,
819 2984 258 53 Thames
1106 2985 172 63 Ross,
1314 2989 172 50 1894-

475 3061 1941 71 Stride of man, by Thames Williamson … New York.
403 3141 555 67 Coward-McCann,
991 3141 125 67 inc.,
1152 3144 151 51 1928.

469 3224 506 48 4 p. l., 3-379 p. 20ᶜᵐ.
407 3277 53 52 ©
487 3282 121 40 Nov.
635 3281 40 48 9,
704 3281 117 41 1928;
876 3282 68 39 2c.
974 3282 96 39 and
1099 3280 83 42 aff.
1211 3281 120 41 Nov.
1360 3282 56 38 12;
1475 3282 41 38 A
1544 3281 85 41 589;
1690 3281 460 49 Coward-McCann,
2181 3282 91 41 inc.

487 3337 282 50 (28-27809)

401 3431 258 64 Wright,
694 3431 372 53 Richardson
1099 3430 204 65 Little,
1340 3432 172 54 1887-

475 3510 318 69 Forgotten
823 3510 208 66 ladies;
1066 3510 133 53 nine
1231 3511 280 67 portraits
1545 3510 154 53 from
1731 3511 95 53 the
1860 3511 310 53 American
2205 3510 207 69 family

405 3586 1983 149 album, by Richardson Wright … With 32 illustrations. Philadelphia & London, J. B. Lippincott company, 1928.
474 3748 1135 48 307 p. front., plates, ports., facsims. 23 ᶜᵐ.
476 3804 318 41 Ornamental
827 3804 365 49 lining-papers.

475 3861 129 40 Title
635 3861 174 40 within
840 3863 307 39 ornamental
1178 3861 190 42 border.

475 3917 351 48 Bibliography:
888 3929 43 37 p.
964 3917 219 42 287-294.

409 3970 1835 56 © Sept. 21, 1928; 2c. and aff. Nov. 8: A 531; J. B. Lippincott co.
488 4030 281 50 (28-27856)
