2542 4417
1165 4131 66 51 89

254 545 28 39 2
346 577 9 8 v.
414 542 59 40 22½ᶜᵐ.

187 587 1989 118 © Sept. 1, 1927; 1c. each Nov. 28; A—Foreign 36526; International educational publishing co.
181 752 267 63 Jenkins,
483 750 154 54 John
672 748 238 56 Wilber.

255 830 193 54 James
488 831 66 50 B.
594 827 186 68 Duke,
817 831 210 48 master
1065 823 244 68 builder,
1347 822 76 69 by
1463 820 156 56 John
1658 819 224 55 Wilber
1922 817 273 67 Jenkins;

186 910 94 51 the
315 913 119 48 story
510 906 64 53 of
608 905 250 67 tobacco,
894 903 399 68 development
1330 900 64 54 of
1431 899 272 54 southern
1743 898 114 53 and
1897 896 299 56 Canadian

187 991 396 63 water-power
626 983 114 53 and
783 983 99 52 the
923 981 253 54 creation
1220 980 67 53 of
1331 998 32 34 a
1409 978 339 69 university.
1830 976 141 55 New
2018 975 183 69 York,

186 1058 1095 76 George H. Doran company [ ᶜ 1927]
254 1139 1346 56 xvi p., 1 l., 19-302 p. front., plates, ports. 22 ᶜᵐ .
190 1200 51 52 ©
268 1204 113 41 Dec.
405 1202 70 48 23,
501 1201 114 41 1927;
670 1202 67 40 2c.
764 1203 95 38 and
886 1199 83 43 aff.
995 1200 110 40 Jan.
1132 1200 69 48 21,
1230 1199 141 47 1928;
1401 1199 41 39 A
1467 1197 203 42 1018481;
1730 1197 185 48 George
1942 1198 63 40 H.
2032 1196 165 41 Doran

258 1272 67 30 co.
396 1259 253 50 (28-3217)

205 1355 191 63 [Knox,
432 1353 276 54 Edmund
744 1352 227 64 George
1007 1351 212 68 Valpy]

256 1434 123 53 The
409 1433 226 53 curious
666 1431 163 53 hunt.

268 1517 83 48 (In
382 1512 195 50 Punch)

190 1566 2010 57 © 1c. Jan. 12, 1928; A ad int. 10541; pubd. Dec. 21, 1927; Doubleday,
259 1630 168 42 Doran
454 1630 36 40 &
517 1641 82 37 co.,
627 1630 107 47 inc.,
763 1629 196 40 Garden
986 1627 126 49 City,
1140 1628 57 41 N.
1226 1628 54 40 Y.

184 1725 251 64 Krause,
470 1724 200 53 Frank
700 1724 67 52 B.
799 1724 74 52 H.

258 1804 218 54 Master
507 1804 113 52 and
651 1809 153 46 mate
835 1802 64 53 of
930 1802 96 54 the
1058 1801 309 53 American
1399 1800 300 55 merchant
1729 1799 238 55 marine,
2038 1807 81 62 pt.
2154 1802 49 52 2.

188 1882 270 54 Nautical
501 1882 287 68 problems
831 1880 141 54 with
1016 1881 96 53 the
1155 1899 124 34 new
1322 1878 256 55 nautical
1622 1880 260 52 almanac
1928 1877 96 55 for
2069 1880 136 53 1926

196 1954 2008 76 [b] Frank B. H. Krause … Brooklyn, N. Y., Frank B. H.
188 2038 242 70 Krause,
463 2037 152 55 1927.

257 2122 57 41 95
341 2132 44 39 p.
475 2121 27 40 15½ᶜᵐ.

192 2176 53 52 ©
276 2179 121 42 Nov.
428 2178 71 49 25,
532 2178 143 48 1927;
708 2179 69 41 2c.
810 2179 112 40 Jan.
954 2177 71 50 13,
1057 2177 145 48 1928;
1236 2177 86 41 aff.
1354 2178 113 41 Jan.
1499 2177 85 48 18;
1618 2176 43 41 A
1692 2176 234 48 1061261;
1962 2177 54 41 F.
2052 2177 55 41 B.
2140 2175 63 44 H.

260 2235 209 43 Krause.

190 2330 188 63 Kunz,
409 2330 171 54 Josef
609 2330 66 53 L.

322 2405 1883 74 … Die völkerrechtliche option, von Josef L. Kunz … 2. bd.
251 2486 802 71 … Breslau, F. Hirt, 1928.
190 2567 2001 110 xvi, 356 p. 24½ᶜᵐ. (Handbücher des Ausschusses für minderheitenrecht … 1. folge)
262 2684 249 51 “Quellen-
539 2686 99 38 und
666 2683 567 42 literaturverzeichnis”:
1292 2685 42 41 2.
1362 2685 91 48 bd.,
1484 2697 45 37 p.
1557 2683 184 44 xi-xvi.

194 2736 1838 56 © Dec. 3, 1927; 1c. Dec. 20; A— Foreign 36540; Ferdinand Hirt.
194 2851 309 66 Labriolle,
531 2852 203 53 Pierre
767 2850 383 67 Champagne
1182 2852 89 63 de,
1302 2851 174 55 1874-

259 2927 1884 75 The life and times of St. Ambrose, by P. de Labriolle …
189 3009 317 54 translated
551 3009 155 53 from
745 3009 98 53 the
885 3008 225 55 French
1151 3009 75 69 by
1268 3008 256 54 Herbert
1563 3009 243 55 Wilson.
1884 3007 86 57 St.
2013 3008 194 63 Louis,

190 3087 114 53 Mo.
333 3088 115 54 and
473 3087 261 67 London,
762 3088 68 52 B.
857 3086 229 55 Herder
1111 3087 148 53 book
1285 3105 99 50 co.,
1414 3089 151 51 1928.

257 3169 733 52 2 p. l., xxxv, 293 p. 19½ᶜᵐ.
197 3222 51 53 ©
279 3228 110 41 Jan.
419 3228 70 47 16,
521 3228 141 47 1928;
696 3229 68 39 2c.
797 3228 110 40 Jan.
938 3227 82 48 20;
1054 3226 84 42 aff.
1170 3228 111 40 Jan.
1313 3227 83 47 19;
1430 3227 42 39 A
1502 3225 205 43 1001309;
1769 3229 55 41 B.
1858 3229 192 40 Herder
2082 3228 124 42 book

263 3295 69 32 co.
402 3285 253 49 (28-3322)

190 3364 368 63 McMurtrie,
591 3365 265 64 Douglas
888 3364 331 66 Crawford,
1254 3368 170 51 1888-

264 3445 122 53 The
429 3445 208 69 golden
683 3445 174 68 book;
906 3445 95 53 the
1045 3451 159 62 story
1248 3444 65 53 of
1359 3443 110 55 fine
1516 3444 175 57 books
1736 3446 114 53 and
193 3446 1989 146 bookmaking—past
529 3525 50 51 &
614 3528 246 63 present,
893 3524 74 68 by
999 3523 259 70 Douglas
1294 3523 62 55 C.
1389 3523 366 56 McMurtrie.
1833 3523 273 71 Chicago,
2137 3525 67 55 P.

195 3600 214 71 Covici,
438 3602 151 54 1927.

263 3681 1688 55 xiv p., 1 l., 406 p. front., illus. (incl. ports.) facsims. 25 ᶜᵐ .
266 3742 145 42 “This
449 3743 108 40 first
595 3743 183 41 edition
818 3743 51 40 of
905 3742 100 42 The
1044 3744 174 47 golden
1255 3744 137 48 book,
1430 3743 195 49 printed
1662 3744 51 40 in
1750 3745 285 47 November,
2074 3743 130 52 1927,

193 3799 208 43 consists
425 3801 53 40 of
503 3803 97 38 two
626 3801 246 40 thousand
899 3800 204 50 copies.”

265 3856 322 43 “References
613 3861 48 38 to
687 3859 162 39 works
875 3859 52 39 of
953 3857 160 43 which
1139 3858 250 41 extensive
1418 3869 84 31 use
1530 3860 90 42 has
1646 3861 119 39 been
1792 3860 169 40 made”:
2020 3872 43 38 p.
193 3860 2012 96 389-394.

198 3968 52 52 ©
289 3973 118 41 Nov.
446 3973 70 49 29,
557 3973 115 41 1927;
741 3975 68 40 2c.
850 3973 111 42 Dec.
1002 3974 83 45 27;
1128 3974 83 41 aff.
1252 3975 111 41 Jan.
1403 3975 40 48 5,
1484 3974 144 50 1928;
1669 3976 42 39 A
1751 3975 232 48 1061302;
2027 3976 175 41 Pascal

266 4028 166 43 Covici
456 4031 264 48 publisher,
749 4031 93 42 inc.
912 4031 253 51 (28-3186)
