2498 4384
1089 4113 132 49 1469

146 464 190 50 Dante
370 460 243 62 society,
651 459 362 67 Cambridge.
1046 458 171 52 Mass.

213 537 344 67 Forty-fifth
608 538 110 50 and
771 535 340 68 forty-sixth
1163 534 212 52 annual
1425 538 221 62 reports
1696 533 63 51 of
1809 532 94 52 the
1952 532 191 51 Dante

144 617 209 66 society
391 614 394 67 (Cambridge,
813 612 199 67 Mass.)
1054 615 148 50 1928.
1267 610 475 68 Accompanying
1770 627 178 50 paper:
2005 609 140 54 Vele

145 695 57 50 di
235 712 138 36 mar,
404 693 74 67 by
512 691 237 54 Charles
779 692 75 50 H.
888 690 357 67 Grandgent.
1316 688 364 68 Cambridge,
1711 687 275 52 Harvard
147 686 1973 152 university
391 788 175 50 press,
603 772 147 52 1928.

281 885 9 11 xv,
323 854 72 49 [1],
428 852 56 40 10
512 863 44 38 p.
614 853 147 40 23½ᶜᵐ.

148 920 51 51 ©
229 924 125 38 June
384 923 68 40 10,
481 922 140 46 1928;
652 922 68 40 2c.
749 921 93 39 and
874 920 82 41 aff.
987 920 126 39 June
1142 919 83 43 25;
1259 919 38 38 A
1328 918 194 41 1083031;
1591 918 160 39 Dante
1781 917 197 47 society,
216 917 1911 109 Cambridge,
433 980 147 38 Mass.

146 1072 201 63 Davis,
379 1071 183 52 Edith
594 1070 281 53 Vezolles.

212 1151 120 52 The
368 1150 187 68 magic
595 1149 171 53 fiddle
807 1149 111 52 and
957 1149 154 52 what
1150 1149 43 51 it
1230 1149 252 67 brought
1518 1153 57 47 to
1613 1148 204 67 Marie,
1852 1147 77 68 by
1966 1147 184 53 Edith

144 1228 254 54 Vezolles
455 1227 198 65 Davis,
710 1227 324 52 illustrated
1091 1227 75 68 by
1223 1226 338 52 Antoinette
1654 1225 166 69 Inglis.
1916 1226 236 64 Boston,

142 1304 1103 69 Lothrop, Lee & Shepard co. [ ᶜ1 928]
211 1388 87 41 287
325 1399 42 36 p.
429 1388 162 46 front.,
622 1388 171 47 plates.
854 1386 147 41 19½ᶜᵐ.

149 1456 51 51 ©
228 1459 128 47 Sept.
381 1458 69 45 15,
477 1456 141 47 1928;
644 1457 69 40 2c.
738 1458 97 38 and
861 1456 83 41 aff.
972 1456 129 48 Sept.
1127 1456 82 47 19;
1238 1456 41 39 A
1305 1455 230 47 1054590;
1564 1455 229 48 Lothrop,
1820 1455 96 39 Lee
1939 1454 37 40 &
217 1453 1918 102 Shepard
337 1525 67 30 co.
474 1511 281 51 (28-22658)

147 1606 341 63 Delabarre,
519 1605 274 54 Edmund
823 1605 219 63 Burke,
1076 1610 171 49 1863-

213 1683 264 70 Dighton
503 1683 162 67 rock;
696 1702 31 34 a
753 1683 173 68 study
951 1682 65 53 of
1040 1683 96 53 the
1161 1683 231 52 written
1417 1683 163 53 rocks
1605 1681 65 54 of
1695 1683 139 52 New
1862 1683 292 68 England,

145 1759 2008 70 by Edmund Burke Delabarre … with 108 illustrations from
146 1858 125 35 rare
310 1839 207 69 prints,
556 1839 414 69 photographs,
1010 1839 309 69 drawings,
1359 1839 208 67 charts,
1608 1839 112 53 and
1759 1857 179 50 maps.
2014 1839 140 52 New

148 1918 177 67 York,
356 1918 89 54 W.
480 1917 194 68 Neale,
708 1920 152 50 1928.

282 2032 10 17 xv,
324 2000 89 42 369
443 2012 43 37 p.
546 2001 165 48 front.,
745 2000 142 48 illus.,
922 2001 159 48 plates
1109 2001 49 46 (1
1193 2000 199 47 double)
1433 2010 151 38 maps,
1616 2000 217 40 facsims.
1862 2000 49 48 (1
1945 2001 199 49 double)

143 2059 147 41 24½ᶜᵐ.

217 2127 448 48 “Bibliographies”:
727 2138 43 37 p.
801 2127 219 40 315-351.

154 2194 51 51 ©
248 2197 129 49 Sept.
417 2198 70 47 27,
527 2197 141 42 1928;
710 2197 68 40 2c.
819 2198 96 38 and
956 2195 83 41 aff.
1081 2196 104 42 Oct.
1226 2196 54 47 1;
1323 2196 41 39 A
1404 2196 230 47 1054773;
1680 2198 53 40 E.
1774 2198 54 41 B.
1871 2197 284 49 Delabarre,

221 2254 310 48 Providence,
567 2254 55 41 R.
658 2255 37 40 I.
767 2252 282 51 (28-22706)

152 2348 410 53 Dombrowski
604 2364 71 37 zu
716 2348 226 63 Papros
985 2347 118 54 und
1144 2347 275 65 Krusvic,
1462 2348 156 54 Frau
1659 2348 198 54 Käthe
213 2348 1918 142 (Schönberger)
497 2443 131 47 von,
665 2430 172 50 1881-

223 2504 292 56 Abdallah
544 2505 112 53 and
683 2505 99 53 the
808 2504 240 69 donkey,
1077 2523 31 33 a
1134 2505 116 53 tale
1275 2504 65 54 of
1366 2524 117 34 woe
1509 2506 113 52 and
1651 2506 100 69 joy
1778 2507 95 52 for
1900 2508 256 53 children

156 2583 152 53 from
356 2584 160 68 eight
560 2587 59 48 to
666 2583 197 68 eighty
910 2601 181 49 years,
1137 2584 122 52 told
1308 2584 112 52 and
1472 2584 324 53 illustrated
1845 2585 74 68 by
1968 2585 192 54 “Kos”

164 2662 309 68 (Baroness
496 2661 427 67 Dombrowski)
998 2661 139 53 New
1159 2662 182 66 York,
1362 2662 121 52 The
1504 2663 333 52 Macmillan
1863 2682 299 51 company,

153 2743 146 50 1928.

221 2835 41 35 v,
289 2823 85 40 155
399 2833 44 37 p.
503 2823 87 39 col.
613 2822 164 48 front.,
803 2823 87 40 col.
914 2823 173 47 plates.
1147 2822 148 42 19½ᶜᵐ.

158 2889 51 51 ©
240 2893 128 47 Sept.
396 2893 70 47 25,
496 2892 141 47 1928;
667 2892 68 41 2c.
765 2893 94 38 and
890 2892 82 41 aff.
1005 2892 128 48 Sept.
1162 2892 85 47 26;
1279 2893 41 39 A
1349 2892 231 48 1054604;
1613 2894 282 40 Macmillan
1926 2906 67 29 co.

235 2948 281 50 (28-22882)

155 3043 301 64 Dorgeles,
495 3043 245 62 Roland,
784 3048 169 50 1886-

285 3122 1773 70 … La caravane sans chameaux. Paris, A. Michel [1928]
223 3204 744 49 3 p. l., [9]-301 p., 1 1. 18½ᶜᵐ.
161 3269 1708 55 © May 5, 1928; 1c. June 26; A—Foreign 39334; Albin Michel.
239 3329 281 51 (28-22781)

158 3424 258 64 Dryden,
445 3424 268 65 Bridget,
743 3427 194 67 pseud.

230 3503 241 52 Passion
502 3503 47 53 is
581 3503 99 53 the
709 3504 153 53 wind
917 3503 92 69 [by]
1048 3505 248 69 Bridget
1325 3507 254 67 Dryden.
1656 3507 140 53 New
1829 3508 181 68 York,
2044 3509 121 53 The

161 3580 155 53 John
346 3581 133 67 Day
511 3599 299 50 company,
843 3584 152 51 1928.

226 3663 733 49 4 p. l., [3]-323, [1] p. 19½ᶜᵐ.
165 3715 51 51 ©
246 3718 128 49 Sept.
401 3720 40 47 6,
467 3720 142 47 1928;
638 3721 69 40 2c.
736 3721 102 41 Oct.
866 3722 53 46 3;
950 3721 82 40 aff.
1064 3721 129 49 Sept.
1220 3722 84 47 26;
1335 3724 40 38 A
1403 3723 230 48 1053725;
1665 3725 129 40 John
1823 3724 108 49 Day
1959 3737 82 36 co.,
2072 3726 92 42 inc.

241 3774 281 52 (28-22879)

162 3867 308 63 Duhamel,
507 3871 277 64 Georges,
823 3877 168 49 1884-

163 3948 1979 147 … Briefe nach Patagonien. Zürich und Leipzig, Rotapfelverlag [ ᶜ1 928]
