2498 4384
1097 4104 99 52 301

139 440 273 62 Ricardo,
446 438 211 64 David,
693 438 328 54 1772-1823.

211 518 177 53 Notes
435 535 73 35 on
556 517 122 53 Mal
683 517 150 53 thus’
882 514 362 68 “Principles
1291 513 66 53 of
1404 512 262 70 political
1712 511 325 69 economy”,
2085 511 73 69 by

141 596 194 54 David
385 595 272 68 Ricardo,
706 593 190 55 edited
947 593 142 52 with
1138 610 74 35 an
1264 589 394 55 introduction
1708 590 114 53 and
1872 595 162 48 notes
2085 589 73 69 by

141 675 181 54 Jacob
349 674 80 53 H.
460 673 326 53 Hollander
815 671 115 54 and
957 671 66 53 T.
1055 671 69 53 E.
1153 669 282 70 Gregory.
1503 667 338 69 Baltimore,
1869 667 141 68 Md.,
2038 667 122 53 The

140 753 188 55 Johns
369 751 274 70 Hopkins
687 769 186 51 press;
918 749 261 68 London,
1219 748 81 54 H.
1342 746 270 70 Milford,
1655 745 233 58 Oxford
140 745 1995 156 university

288 850 177 51 press,
500 833 151 51 1928.

212 916 26 40 5
281 926 44 39 p.
387 946 25 17 l.,
455 914 173 48 ix-cvi,
670 913 87 40 246
797 923 45 38 p.
910 910 194 42 facsim.
1170 910 58 41 25½ᶜᵐ.
1401 910 305 49 (Half-title:
1748 909 410 42 Semicentennial

140 972 330 49 publications
500 971 54 41 of
586 971 81 40 the
699 970 156 40 Johns
887 967 224 50 Hopkins
1143 966 289 49 university,
1466 966 289 47 1876-1926)

148 1024 52 53 ©
235 1028 112 41 Feb.
380 1029 72 46 27,
486 1027 141 46 1928;
664 1027 68 40 2c.
767 1025 111 41 Feb.
913 1025 82 46 28;
1032 1024 83 41 aff.
1151 1025 123 40 Mar.
1309 1025 52 46 1;
1400 1024 41 38 A
1475 1022 231 48 1069046;
1745 1023 155 41 Johns
1935 1023 226 48 Hopkins

215 1096 152 38 press.
439 1083 252 51 (28-7149)

140 1162 219 62 Ritter,
390 1162 310 62 Margaret
729 1159 141 53 Tod.

215 1239 174 54 Wind
440 1245 99 47 out
584 1238 65 54 of
694 1238 354 69 Betelgeuse,
1092 1236 76 71 by
1212 1236 300 70 Margaret
1558 1236 126 53 Tod
1731 1236 211 53 Ritter.
2023 1236 140 53 New

146 1318 181 68 York,
355 1318 122 53 The
505 1316 338 54 Macmillan
871 1333 302 52 company,
1203 1318 153 50 1928.

217 1400 56 40 95
301 1411 43 38 p.
405 1399 58 42 19½ᶜᵐ.

218 1458 186 40 Poems.

148 1511 52 53 ©
231 1517 122 39 Mar.
382 1517 39 45 6,
451 1515 141 46 1928;
623 1515 67 40 2c.
720 1515 95 39 and
845 1513 83 41 aff.
959 1514 121 40 Mar.
1111 1514 25 39 7;
1194 1513 42 39 A
1265 1513 230 45 1068152;
1531 1512 283 41 Macmillan
1844 1523 66 31 co.

230 1572 253 48 (28-7169)

140 1652 354 62 Robertson,
532 1651 324 54 Archibald
890 1651 279 63 Thomas,
1208 1654 174 50 1863-

217 1730 167 57 Some
414 1731 189 52 minor
633 1731 322 52 characters
984 1731 59 52 in
1073 1730 98 53 the
1202 1731 139 51 New
1372 1731 349 65 Testament,
1750 1730 76 69 by
1858 1730 305 54 Professor

146 1808 2013 71 A. T. Robertson … Garden City, N. Y., Doubleday, Doran
143 1891 47 50 &
219 1907 300 51 company,
550 1889 127 67 inc.,
714 1891 149 50 1928.

213 1972 674 49 4 p. l ., xi-xii, 182 p. 19½ᶜᵐ.
149 2026 52 53 ©
231 2031 109 40 Jan.
368 2031 72 41 27,
468 2029 114 41 1928;
638 2031 68 40 2c.
735 2031 94 38 and
858 2030 82 40 aff.
972 2031 122 40 Mar.
1122 2030 54 46 8;
1208 2029 38 39 A
1278 2029 229 41 1069065;
1541 2028 196 49 Baptist
1770 2030 199 47 Sunday
1999 2030 161 40 school

217 2087 165 43 board.
419 2088 268 40 Nashville.
760 2087 253 49 (28-6984)

141 2168 170 62 Ross,
343 2167 228 53 Abram
602 2168 192 62 Bunn,
828 2171 172 50 1866-

217 2247 141 52 Five
396 2247 179 69 going
614 2266 73 33 on
725 2248 106 66 six,
869 2247 74 70 by
983 2248 70 51 A.
1096 2249 66 50 B.
1204 2248 164 53 Ross,
1407 2246 326 54 illustrated
1775 2247 72 68 by
1888 2248 275 52 Florence

145 2326 217 55 Choate
409 2327 114 52 and
568 2326 303 53 Elizabeth
923 2325 213 55 Curtis.
1229 2325 433 70 Philadelphia,
1711 2324 255 72 Chicago
2037 2333 121 61 [etc.]

143 2404 1226 71 The John C. Winston company [ ᶜ1 927]
215 2488 465 49 107 p. illus. 21 ᶜᵐ.
216 2548 290 39 Illustrated
539 2546 366 49 lining-papers.

147 2600 53 52 ©
239 2605 111 40 Dec.
390 2605 70 47 10,
498 2605 143 47 1927;
680 2606 67 40 2c.
787 2606 123 39 Mar.
947 2605 41 47 2,
1027 2604 85 40 1928;
1210 2604 82 41 aff.
1335 2606 122 40 Mar.
1496 2605 26 40 6;
1590 2604 41 40 A
1670 2605 231 47 1069107;
1943 2606 129 39 John
2112 2606 50 40 C.

215 2662 227 40 Winston
472 2674 69 28 co.
612 2661 254 51 (28-6997)

144 2727 316 63 Schartau,
488 2727 239 64 Henric,
760 2727 328 55 1757-1825.

217 2808 220 52 Henric
465 2806 280 56 Schartau
778 2808 112 52 and
916 2807 96 53 the
1039 2808 169 52 order
1236 2806 65 54 of
1326 2825 195 51 grace;
1550 2807 328 70 biography
1903 2808 76 69 by
144 2810 1994 127 Henrik

265 2886 324 69 Hägglund
620 2887 112 52 and
764 2885 201 54 fifteen
996 2903 254 37 sermons
1281 2887 75 69 by
1387 2887 221 53 Henric
1644 2887 302 66 Schartau,
144 2893 1995 124 translated

327 2965 77 68 by
436 2963 57 56 S.
526 2965 68 55 G.
625 2965 341 69 Hägglund.
1042 2966 161 52 Rock
1237 2966 220 56 Island,
1490 2966 114 67 Ill.,
1637 2966 345 69 Augustana
2016 2965 149 55 book

146 3047 448 63 concern [ ᶜ1 928]
215 3126 698 49 216 p. front. (port.) 20 ᶜᵐ.
149 3179 52 53 ©
232 3184 111 40 Feb.
372 3183 70 42 20,
474 3184 114 40 1928;
646 3186 68 40 2c.
746 3185 111 41 Feb.
888 3186 56 39 23;
1004 3185 84 42 aff.
1120 3186 111 40 Feb.
1263 3187 57 39 27;
1380 3186 41 39 A
1452 3186 204 41 1018974;
1717 3187 290 48 Augustana
2039 3188 124 39 book

217 3252 219 30 concern.
508 3241 252 48 (28-6982)

147 3306 195 62 Shaw,
375 3307 209 63 Henry
612 3307 235 54 Larned
880 3308 204 63 Keith,
1119 3311 172 52 1873-

279 3385 1884 75 … Infectious diseases of infancy and childhood, by Henry
144 3463 2021 73 Larned Keith Shaw … 36 illustrations. New York, London.
145 3542 1079 72 D. Appleton and company [ ᶜ1 928]
216 3623 1899 54 xxiii, 415 p. illus., III col. pl., diagrs. 25 ᶜᵐ. (Clinical pediatrics …
146 3680 1276 51 supervising editor, R. S. Haynes … vol. XIV)
148 3733 52 53 ©
231 3739 111 40 Feb.
370 3739 71 46 29,
471 3739 116 41 1928;
644 3741 68 41 2c.
742 3742 95 39 and
868 3741 83 42 aff.
981 3743 123 41 Mar.
1134 3743 26 40 3;
1219 3743 43 39 A
1290 3743 204 41 1069063;
1555 3744 58 41 D.
1643 3744 242 49 Appleton
1915 3745 36 40 &
1980 3756 68 30 co.

227 3795 254 49 (28-6957)

142 3859 208 64 Shinn,
381 3861 160 55 Cobb
569 3863 73 52 X.

213 3938 285 72 Drawing
538 3941 95 54 the
677 3960 133 52 easy
853 3961 145 52 way,
1038 3943 76 71 by
1157 3943 161 57 Cobb
1361 3944 79 55 X.
1487 3944 205 57 Shinn.
1773 3945 272 77 Chicago,
2088 3946 55 59 A

141 4016 928 75 Whitman & company [ ᶜ1 927]
