2582 4432
1442 4111 67 51 14

531 549 586 50 6 p. l., 3-86 p. 19 ½ ᶜᵐ.
534 619 162 41 “First
723 619 227 42 edition.”

461 687 51 52 ©
545 692 112 40 Dec.
688 692 70 47 31,
790 691 140 42 1927;
965 692 67 40 2c.
1065 692 97 39 and
1194 690 82 42 aff.
1309 691 110 40 Jan.
1450 691 40 47 4,
1524 690 141 46 1928;
1701 689 42 40 A
1773 689 232 47 1018145;
2040 690 193 48 Harper
2266 690 36 40 &
2334 691 126 40 bros.

538 748 222 49 (28-722)

458 842 196 64 Porte,
690 841 129 66 Roy
851 842 253 53 Trewin.

529 920 73 53 In
645 920 160 53 three
847 939 191 50 years;
1085 940 32 33 a
1161 925 159 65 story
1361 920 66 53 of
1469 939 32 33 a
1545 938 222 34 woman
1811 919 116 53 and
1966 918 97 54 the
2106 918 251 69 printers
2399 919 66 54 of

460 996 318 71 Chiapolis,
808 998 76 69 by
917 998 69 53 R.
1021 999 65 52 T.
1119 999 191 52 Porte.
1388 997 127 56 Salt
1546 997 158 54 Lake
1738 996 155 70 City,
1923 997 175 52 Porte
2129 995 336 72 publishing

459 1093 298 52 company,
790 1076 151 54 1927.

528 1159 425 50 ix, 153 p. 19ᶜᵐ .
531 1229 296 49 “Reprinted
855 1230 128 39 from
1012 1229 83 41 the
1123 1230 176 40 Inland
1330 1228 230 50 printer.”

462 1296 53 52 ©
546 1300 112 40 Dec.
689 1300 39 47 1,
759 1299 141 42 1927;
932 1300 68 40 2c.
1032 1300 114 40 Dec.
1176 1300 83 46 29;
1293 1299 82 40 aff.
1407 1300 110 39 Jan.
1548 1299 39 48 3,
1621 1299 141 46 1928;
1796 1299 41 38 A
1868 1298 230 47 1018079;
2132 1299 56 41 R.
2220 1299 52 41 T.
2305 1300 159 47 Porte,

535 1357 106 40 Salt
671 1357 132 39 Lake
836 1356 123 47 City,
993 1356 146 41 Utah.
1214 1355 221 48 (28-826)

459 1450 195 63 Prinz,
683 1450 326 62 Hermann,
1042 1453 172 51 1868-

530 1528 263 53 Diseases
826 1527 65 53 of
922 1528 96 53 the
1052 1527 118 54 soft
1203 1532 313 49 structures
1548 1526 65 55 of
1645 1527 98 54 the
1774 1527 156 53 teeth
1964 1527 115 53 and
2109 1526 152 54 their
461 1531 1983 141 treatment;
695 1624 32 35 a

460 1603 1984 134 text-book for students and practitioners, by Hermann Prinz … illustrated
1392 1683 141 53 with
1579 1685 103 50 293
1729 1682 364 70 engravings.
463 1682 1980 149 Philadelphia,
644 1762 115 53 Lea
787 1764 46 51 &
859 1761 264 70 Febiger,
1153 1764 151 51 1928.

529 1844 1270 52 3 p. l., [ix]-xii p., 1 l., [17]-496 p. illus. 24ᶜᵐ.
532 1912 1277 50 Part I was published in 1922 under same title.
874 1982 71 49 CONTENTS.—pt.
984 1988 33 34 I.
1058 1983 231 41 Diseases
1329 1982 52 41 of
1420 1983 82 40 the
1542 1983 168 40 dental
1748 1981 267 50 pulp.—pt.
2053 1988 56 35 II.
2147 1982 230 43 Diseases
2416 1985 51 41 of

462 2042 81 40 the
571 2038 529 51 pericementum.—pt.
1191 2069 11 10 III.
1230 2039 250 48 Pyorrhea
1507 2040 278 40 alveolaris.

464 2106 51 53 ©
543 2111 111 40 Jan.
680 2111 40 47 3,
748 2110 140 45 1928;
916 2110 69 40 2c.
1012 2110 97 39 and
1136 2108 83 41 aff.
1247 2109 110 40 Jan.
1383 2109 55 46 4;
1467 2108 42 40 A
1534 2108 203 41 1061042;
1795 2110 100 40 Lea
1923 2110 36 40 &
1987 2110 218 48 Febiger.
2282 2106 51 53 [©
2363 2121 106 30 new

531 2169 195 47 matter]
800 2164 221 51 (28-831)

467 2260 221 54 Punch.
806 2303 9 9 v.
857 2259 117 67 173,
1011 2279 89 34 no.
1141 2262 329 64 4506-4509,
1508 2260 144 52 Nov.
1694 2263 81 65 16,
1814 2263 86 65 23,
1937 2263 85 67 30,
2058 2262 133 52 Dec.
2229 2260 51 69 7,
2320 2261 151 55 1927.

528 2344 28 39 4
619 2376 9 9 v.

466 2411 1257 52 © 1c. Jan. 4, 11, 17, 24, 1928; A ad int. 10499,
1752 2414 158 49 10538,
1938 2415 158 48 10551,
2125 2415 171 47 10585;
2326 2416 143 48 pubd.

532 2473 119 40 Nov.
685 2472 69 47 16,
788 2472 70 48 23,
893 2471 69 49 30,
999 2472 113 41 Dec.
1149 2473 38 46 7,
1223 2471 115 40 1927;
1403 2472 213 40 Herbert
1652 2472 235 47 Heather,
1925 2472 213 41 London.

465 2564 303 64 Rathbun,
798 2564 156 55 John
983 2564 69 55 B.

535 2642 372 70 Aeroplanes.
1010 2642 426 67 Construction,
1499 2642 318 70 operation,
1883 2644 115 53 and
2062 2642 411 56 maintenance.

467 2721 312 70 Including
811 2726 160 48 notes
1004 2739 73 35 on
1114 2721 219 70 design,
1367 2721 276 69 practical
1680 2721 450 71 aerodynamics,
2163 2721 311 69 materials,

467 2798 360 69 calculation,
876 2798 417 68 performance,
1341 2799 304 69 aeroplane
1696 2800 232 70 engines
1978 2801 115 53 and
2140 2800 333 70 propellers.

468 2875 429 54 Transatlantic
936 2877 85 52 ed.
1065 2875 66 54 of
1175 2876 149 54 1927.
1402 2876 56 54 A
1500 2878 464 68 comprehensive
2006 2878 234 54 manual
2281 2877 67 56 of
466 2878 1982 128 instruction

785 2952 95 54 for
917 2959 304 63 amateurs,
1259 2955 277 68 students,
1575 2955 270 69 aviators,
1887 2955 433 56 air-mechanics
2360 2958 115 53 and

469 3031 304 67 aeroplane
819 3036 399 49 constructors.
1301 3033 119 53 For
1465 3033 165 54 home
1676 3034 174 70 study
1896 3053 67 35 or
2008 3033 184 71 flying
2237 3034 237 55 schools.

471 3108 2003 73 By John B. Rathbun … Chicago, John R. Stanton co., 1927.
537 3188 88 41 380
651 3200 43 37 p.
722 3189 111 41 incl.
860 3189 165 49 front.,
1053 3189 131 42 illus.
1211 3189 134 46 (incl.
1373 3191 163 49 maps)
1573 3192 180 50 diagrs.
1813 3194 148 41 19½ᶜᵐ.

470 3256 51 52 ©
552 3261 102 40 Oct.
684 3261 67 47 15,
782 3261 141 47 1927;
953 3262 69 39 2c.
1051 3261 114 41 Dec.
1193 3262 83 47 23;
1308 3262 82 42 aff.
1420 3264 119 40 Nov.
1568 3264 83 48 28;
1683 3265 42 39 A
1754 3265 230 47 1018123;

2017 3265 129 41 John
2176 3266 56 41 R.
2265 3266 208 41 Stanton

536 3328 68 30 co.
675 3318 222 49 (28-957)

466 3411 316 63 Reynolds,
812 3413 153 53 Feza
992 3413 79 53 M.

544 3487 162 70 Shug
729 3489 97 53 the
850 3508 149 49 pup;
1026 3490 98 53 the
1149 3495 158 65 story
1332 3491 64 53 of
1421 3510 32 35 a
1480 3493 117 53 real
1625 3494 131 68 dog,
1779 3493 77 70 by
1882 3494 149 53 Feza
2057 3495 80 53 M.
2165 3494 307 70 Reynolds.

472 3565 1313 75 Chicago, Beckley-Cardy company [ c 1927]
542 3647 86 39 127
652 3657 43 38 p.
723 3647 110 41 incl.
860 3649 87 39 col.
974 3648 165 48 front.,
1167 3651 87 39 col.
1281 3649 129 42 illus.
1470 3650 147 43 19½ᶜᵐ.

470 3713 51 52 ©
550 3717 103 41 Oct.
679 3718 69 47 20,
777 3718 140 46 1927;
945 3720 69 40 2c.
1041 3720 97 39 and
1165 3719 82 42 aff.
1276 3721 110 41 Jan.
1414 3722 39 47 3,
1482 3723 140 47 1928;
1653 3724 40 38 A
1722 3724 231 47 1018109;
1985 3724 359 42 Beckley-Cardy
2406 3736 67 31 co.

548 3774 221 49 (28-352)

469 3866 159 63 Rice,
654 3867 166 54 Ruth
848 3869 228 63 Mason,
1108 3873 326 53 1884-1927.

539 3945 356 69 Afterward,
939 3948 76 69 by
1058 3949 159 53 Ruth
1260 3950 204 54 Mason
1507 3951 155 69 Rice,
1708 3952 326 57 1884-1927.
2108 3954 140 55 New
2293 3953 180 68 York,

470 4023 76 55 H.
628 4024 137 72 Vinal,
789 4026 123 71 ltd.,
938 4025 149 57 1927.
