2498 4384
1324 4106 134 54 1078

533 549 347 48 xx, 1034 p. 26 ᶜᵐ.
396 616 53 52 ©
476 621 116 46 July
616 621 40 47 2,
682 620 114 41 1928;
850 622 68 40 2c.
944 621 121 48 Aug.
1091 623 27 39 7;
1172 622 84 41 aff.
1282 622 121 48 Aug.
1430 623 52 47 6;
1509 623 43 39 A
1576 623 204 41 1082969;
1836 626 136 40 West
1997 627 111 47 pub.
2136 637 68 31 co.

387 729 176 62 Noer,
594 729 231 63 Oyvind
854 729 155 54 Juul.

464 808 121 53 The
618 808 56 53 A
708 809 48 52 B
792 808 45 55 C
872 808 65 53 of
970 809 127 53 turf
1130 812 238 66 culture,
1401 811 76 69 by
1512 811 68 55 O.
1616 812 55 54 J.
1708 813 152 52 Noer
1899 856 9 9 .…
2037 813 349 70 [Cleveland]

391 885 1215 71 The National greenkeeper, inc., ᶜ1 928.
462 968 1121 51 95, [1], p. illus. (incl. port.) diagrs. 23½ ᶜᵐ.
404 1035 43 51 3
480 1036 109 43 Feb.
619 1039 69 43 23,
720 1040 117 40 1928;
892 1041 68 41 2c.
991 1041 111 40 Feb.
1132 1041 83 48 25;
1248 1041 83 42 aff.
1362 1043 128 39 June
1519 1043 82 47 25;
1632 1044 43 39 A
1703 1043 231 48 1083116;
1965 1044 235 41 National
462 1054 1914 90 greenkeeper
666 1097 90 40 inc.
828 1097 281 50 (28-17728)

501 1191 1892 70 The Pacific reporter, v. 265. Permanent ed. … With
461 1270 1930 73 key-number annotations … April 16-May 7, 1928. St.
460 1350 165 57 Paul,
654 1349 161 53 West
845 1349 337 70 publishing
1212 1368 99 50 co.,
1344 1353 150 51 1928.

462 1431 428 48 xxi, 1200 p. 26 ᶜᵐ.
393 1498 52 53 ©
472 1503 117 47 July
614 1502 69 49 10,
710 1502 118 41 1928;
878 1503 68 40 2c.
972 1503 120 48 Aug.
1119 1504 29 39 7;
1201 1503 83 40 aff.
1310 1503 121 49 Aug.
1459 1504 53 47 6;
1539 1504 43 39 A
1606 1504 203 41 1082967;
1866 1506 138 40 West
2027 1507 111 47 pub.
2164 1517 69 31 co.

385 1611 106 52 Phi
523 1628 238 47 gamma
792 1612 177 53 delta.

457 1690 122 53 The
606 1709 147 49 open
783 1690 205 54 rituals
1015 1690 65 53 of
1106 1691 114 52 Phi
1249 1709 228 51 gamma
1505 1692 172 66 delta,
1702 1693 77 68 by
1807 1694 210 52 Edwin
2045 1694 66 53 L.
2138 1694 256 55 Mattem

416 1812 30 9 ..
487 1770 258 53 ritualist
777 1768 65 54 of
874 1770 98 53 the
1008 1768 331 71 fraternity.
1417 1770 186 55 Cedar
1638 1772 242 68 Rapids,
1950 1790 68 49 Ia.,
2051 1773 123 53 The
2206 1772 188 54 Torch

385 1866 174 50 press,
594 1850 150 51 1928.

453 1931 208 49 34 p. 21½ ᶜᵐ.
456 2002 236 42 Contains
713 2002 167 42 music.

393 2056 52 53 ©
476 2061 115 47 July
619 2061 69 47 17,
718 2061 118 40 1928;
890 2061 68 40 2c.
988 2061 116 47 July
1131 2061 55 39 21;
1248 2060 82 42 aff.
1361 2061 116 47 July
1505 2061 56 40 23;
1621 2061 43 39 A
1692 2061 207 41 1082649;
1955 2062 232 40 Trustees
2218 2062 53 41 of
2300 2062 92 40 Phi

460 2128 192 37 gamma
681 2118 146 48 delta,
855 2117 338 49 Washington.
1264 2117 282 50 (28-17885)

383 2213 224 53 Punch,
683 2233 50 32 v.
767 2212 116 69 174,
910 2231 90 35 no.
1030 2216 153 65 4538,
1211 2213 154 53 June
1393 2211 85 69 27,
1510 2215 149 51 1928.

393 2291 1997 56 © 1c. Aug. 24, 1928; A ad int. 11546; pubd. June 27; Herbert Heather,
460 2353 212 42 London.

380 2449 278 64 Reigner,
700 2448 246 54 Charles
990 2447 319 55 Gottshall.

384 2525 1982 148 Applied typing, by Charles G. Reigner … Rev. … Baltimore,
582 2605 1055 68 The H. M. Rowe company, ᶜ1 928.
458 2686 815 49 iv, 137 p. incl. forms. 21 x 28 ᶜᵐ.
457 2759 125 39 Text
606 2768 118 29 runs
747 2758 206 47 parallel
977 2756 122 41 with
1122 2757 124 40 back
1271 2756 53 40 of
1349 2767 154 35 cover.

458 2815 165 47 “Style
653 2814 169 41 chart”
854 2825 60 29 on
944 2813 340 49 lining-paper.

459 2871 134 41 “List
618 2881 76 32 no.
722 2870 100 42 17.”

392 2939 1997 53 © July 13, 1928; 2c. July 18; aff. July 17; A 1083334; H. M. Rowe co.
471 2999 280 51 (28-18096)

381 3095 320 62 Robinson,
736 3095 203 53 James
971 3093 274 64 Jaquess,
1283 3096 171 50 1893-

458 3173 283 55 Criminal
787 3174 110 50 law
943 3172 115 52 and
1101 3172 75 53 its
1222 3171 497 67 administration;
1768 3190 31 33 a
1845 3171 235 52 manual
2127 3169 65 55 of
2237 3170 152 70 legal

388 3251 313 69 principles
757 3251 113 52 and
926 3249 463 53 administrative
1441 3249 251 68 practice
1747 3249 320 69 governing
2123 3248 265 54 criminal

386 3349 168 33 cases.
629 3328 308 69 Arranged
977 3327 60 53 in
1078 3327 218 53 outline
1336 3325 153 55 form
1531 3327 308 69 according
1878 3331 59 49 to
1979 3327 97 53 the
2118 3327 168 53 order
2326 3326 61 53 in

385 3407 187 53 which
600 3406 309 53 successive
938 3411 152 62 steps
1121 3424 95 34 are
1246 3405 172 53 taken
1447 3405 76 69 by
1551 3406 96 52 the
1677 3405 312 68 respective
385 3405 1977 133 administrative

536 3484 208 53 officers
779 3484 60 52 in
874 3483 231 69 dealing
1139 3483 142 52 with
1315 3502 73 33 an
1422 3483 328 53 individual
1785 3482 256 54 offender
2074 3483 184 53 under
2290 3483 97 53 the

384 3563 264 53 criminal
679 3563 127 66 law,
838 3561 219 68 subject
1088 3567 58 47 to
1177 3579 152 35 some
1360 3561 316 53 variations
1707 3561 252 53 between
1990 3560 397 70 jurisdictions

386 3641 114 52 and
534 3645 205 48 courts.
810 3641 92 67 By
934 3640 194 54 James
1163 3639 56 54 J.
1257 3638 310 54 Robinson.
1638 3639 100 52 4th
1775 3639 84 53 ed.
1937 3639 448 69 [Bloomington,

385 3719 150 66 Ind.]
572 3718 249 52 Indiana
852 3717 338 68 university,
1225 3715 210 56 School
1465 3716 65 54 of
1560 3717 128 68 law,
1724 3720 150 50 1928.

456 3798 607 49 1 p. l., 44 numb. 1. 27½ ᶜᵐ.
454 3869 348 48 Autographed
830 3869 129 39 from
987 3868 332 49 type-written
1349 3879 133 38 copy.

458 3925 234 42 Contains
721 3925 287 41 references.

393 3994 52 53 ©
472 4000 128 39 June
622 3998 69 48 30,
718 3998 117 40 1928;
886 3998 67 40 2c.
981 3999 95 38 and
1104 3997 82 42 aff.
1213 3998 117 47 July
1356 3998 53 47 5;
1438 3998 43 38 A
1505 3997 229 48 1083145;
1765 3998 43 41 J.
1836 3999 43 40 J.
1907 3998 261 49 Robinson,
459 3998 1907 105 Bloomington,

672 4056 104 40 Ind.
848 4054 279 50 (28-18027)
