2498 4384
1043 4084 101 54 667

92 422 208 62 Miller,
334 420 228 64 George
593 420 53 53 J.

165 496 1928 73 Geography of North America, by George J. Miller … and
93 574 1981 149 Almon E. Parkins … New York, J. Wiley & sons, inc.; London,
254 655 300 67 Chapman
584 657 47 50 &
657 655 161 67 Hall,
846 654 242 66 limited,
1120 656 151 50 1928.

229 735 1155 50 xv, 605 p. ill us. (incl. maps) diagrs. 23 ½ᶜᵐ .
166 795 247 41 “Selected
443 793 84 41 list
554 793 52 41 of
635 793 247 41 reference
912 791 285 44 material”:
1228 805 43 36 p.
1301 791 217 42 581-589.

94 848 52 53 ©
183 853 113 47 Apr.
335 853 68 45 17,
442 852 139 40 1928:
620 852 68 40 2c.
727 852 112 47 Apr.
876 851 82 41 27:
999 851 82 40 aff.
1119 851 115 47 Apr.
1272 850 82 44 25;
1394 850 41 39 A
1473 849 229 43 1077002;
1745 849 53 41 G.
1837 850 43 40 J.
1920 849 176 48 Miller,

163 910 247 41 Mankato,
443 909 164 46 Minn.,
637 909 94 39 and
760 908 173 39 Almon
963 909 51 39 E.
1047 908 222 44 Parkins,
1300 907 268 40 Nashville.

175 966 283 48 (28-11822)

89 1061 145 52 New
266 1060 161 52 York
497 1060 192 68 (State)
775 1060 184 67 Laws,
990 1065 258 59 statutes,
1280 1065 100 47 etc.

160 1139 138 52 New
329 1139 164 52 York
523 1138 152 54 Code
705 1138 64 53 of
799 1138 265 53 criminal
1095 1138 330 68 procedure,
1454 1136 337 71 containing
1820 1137 96 52 the
1949 1136 155 55 Code

91 1217 63 53 of
183 1217 264 53 criminal
477 1218 329 67 procedure,
835 1216 258 53 Inferior
1124 1216 266 53 criminal
1422 1221 189 48 courts
1643 1221 89 48 act
1763 1214 65 53 of
1858 1216 97 52 the
1985 1215 119 69 city

90 1294 64 53 of
186 1296 138 52 New
360 1296 180 65 York,
576 1294 323 55 Children’s
934 1301 162 46 court
1130 1301 90 47 act
1255 1295 63 52 of
1352 1296 96 51 the
1482 1301 146 47 state
1662 1292 65 54 of
1762 1293 140 54 New
1939 1294 165 53 York

90 1374 111 52 and
234 1373 325 54 Children’s
590 1379 161 46 court
781 1380 90 45 act
901 1373 64 52 of
996 1374 94 52 the
1122 1373 116 69 city
1271 1374 63 52 of
1366 1374 140 52 New
1539 1373 182 68 York,
1750 1373 354 69 thoroughly

92 1452 327 65 annotated,
460 1471 60 34 as
560 1452 274 52 amended
877 1457 58 47 to
977 1452 113 53 and
1131 1452 302 69 including
1472 1453 96 52 the
1611 1454 134 51 1928
1786 1451 213 54 session
2039 1451 66 52 of

90 1529 2013 70 the Legislature, by James C. Cahill … 1928. New York,
91 1607 271 71 Chicago,
388 1608 323 70 Callaghan
738 1610 112 52 and
877 1624 299 54 company,
1206 1612 152 51 1928.

158 1690 508 49 2 p. l., 420 p. 27 ᶜᵐ .
160 1748 176 39 “Table
362 1748 53 40 of
438 1751 222 37 contents”
715 1759 58 29 on
800 1748 340 49 lining-paper.

163 1805 100 48 “By
297 1816 168 29 means
500 1805 52 40 of
585 1816 26 29 a
649 1807 173 46 pocket
856 1808 306 47 supplement
1196 1807 84 39 the
1316 1807 134 40 work
1485 1807 101 39 will
1624 1807 235 47 annually
1896 1807 57 40 be
1988 1807 116 48 kept

90 1862 197 40 abreast
314 1863 51 39 of
390 1863 82 40 the
499 1863 335 40 amendments
862 1865 94 38 and
985 1863 626 41 decisions.”—Foreword.

92 1915 51 52 ©
170 1921 114 47 Apr.
311 1920 71 48 28,
409 1920 143 48 1928;
580 1921 68 40 2c.
676 1922 96 38 and
800 1920 82 41 aff.
911 1921 113 48 Apr.
1053 1921 83 48 30;
1167 1922 41 39 A
1237 1920 230 44 1074270;
1500 1921 271 47 Callaghan
1801 1926 36 40 &
1865 1932 67 31 co.

173 1978 282 49 (28-11719)

90 2072 146 51 New
265 2072 162 51 York
455 2071 286 64 academy
769 2072 63 52 of
861 2072 307 53 medicine.

221 2151 1881 70 … Lectures on medicine & surgery <First series, 1927> With
88 2229 346 68 thirty-nine
466 2229 397 53 illustrations.
932 2230 140 52 New
1107 2229 180 67 York,
1320 2232 64 50 P.
1421 2232 66 51 B.
1521 2231 232 52 Hoeber
1784 2232 127 66 inc.,
1947 2235 151 50 1928.

156 2311 64 47 xi,
249 2310 88 41 319
365 2322 43 37 p.
469 2311 129 40 illus.
658 2311 117 41 24ᶜᵐ.

157 2368 64 42 At
248 2368 124 40 head
401 2368 53 41 of
481 2368 108 41 title:
646 2368 101 42 The
774 2369 119 41 New
919 2370 132 40 York
1080 2370 234 48 academy
1342 2370 53 41 of
1422 2370 251 42 medicine.

90 2421 52 53 ©
172 2427 113 47 Apr.
315 2426 69 47 26,
417 2426 140 47 1928;
589 2427 67 41 2c.
688 2428 96 39 and
814 2426 82 42 aff.
928 2428 113 48 Apr.
1071 2427 83 47 30;
1188 2429 40 38 A
1260 2428 230 48 1074252;
1525 2430 123 39 Paul
1681 2431 53 39 B.
1768 2431 205 43 Hoeber,
2007 2431 91 40 inc.

170 2483 282 49 (28-11990)

86 2577 215 63 North,
331 2577 187 55 Grace
546 2579 158 62 May.

161 2655 1940 72 Sisters, by Grace May North … New York, A. L. Burt
85 2738 510 66 company [ᶜ 1928 ]
156 2817 88 41 320
270 2829 42 37 p.
371 2818 153 42 front.
584 2819 146 40 19½ᶜᵐ.

91 2871 51 52 ©
172 2876 113 47 Apr.
314 2876 69 46 27,
414 2875 115 42 1928;
586 2876 67 41 2c.
683 2878 96 38 and
808 2876 82 42 aff.
921 2879 114 47 May
1063 2879 25 39 3;
1148 2879 41 38 A
1218 2879 203 40 1077051;
1482 2880 54 40 A.
1567 2880 51 41 L.
1649 2880 126 42 Burt
1804 2891 68 30 co.

169 2933 283 49 (28-11927)

90 3013 205 63 Orczy,
331 3014 348 62 Emmuska,
716 3015 278 53 baroness.

157 3093 120 51 The
307 3092 201 54 chief’s
539 3111 141 50 way.
763 3093 200 69 [chap.]
1003 3097 115 50 1-3.

166 3176 83 46 (In
280 3172 357 43 Hutchinson’s
670 3173 277 52 magazine,
980 3174 135 52 May,
1150 3175 145 51 1928)

91 3227 2005 60 © 1c. June 8, 1928: A ad int. 11190; pubd. Apr. 12; Emmuska Barstow,
158 3290 29 39 i.
222 3300 37 30 e.
294 3290 115 40 Mrs.
445 3291 265 47 Montague
742 3291 239 47 Barstow,
1017 3292 245 39 Baroness
1298 3292 166 49 Orczy,
1500 3295 165 39 Monte
1701 3294 157 48 Carlo,
1895 3295 202 41 France.

93 3369 278 64 O’Reilly,
409 3371 176 62 Mary
623 3371 200 64 Boyle,
867 3373 168 52 1873-

159 3447 121 52 The
319 3448 169 52 black
530 3447 101 53 fan
681 3449 109 67 [by]
837 3450 172 69 Mary
1052 3452 182 68 Boyle
1278 3451 281 70 O’Reilly.
1642 3452 271 71 Chicago,
1958 3454 140 52 New

90 3525 179 62 York,
297 3525 122 53 The
447 3526 191 68 Reilly
666 3529 45 49 &
739 3527 110 53 Lee
878 3546 78 34 co.
1036 3532 150 64 [ᶜ1928]

160 3607 619 49 3 p. l., 11-189 p. 19 ᶜᵐ .
90 3659 52 52 ©
171 3663 110 41 Feb.
308 3664 69 44 25,
406 3664 141 43 1928;
576 3666 68 40 2c.
674 3667 113 47 May
812 3667 54 46 2;
897 3667 82 42 aff.
1007 3669 114 47 Apr.
1148 3669 83 47 26;
1263 3669 41 39 A
1331 3670 231 46 1074300;
1595 3671 160 49 Reilly
1784 3672 35 40 &
1847 3673 93 40 Lee
1970 3684 66 29 co.

172 3720 282 48 (28-11819)

86 3798 177 65 Pagé,
299 3800 205 53 Victor
540 3803 268 62 Wilfred,
847 3809 170 49 1885-

162 3876 241 72 Storage
435 3879 269 55 batteries
737 3883 328 68 simplified,
1098 3886 305 69 operating
1436 3887 514 69 principles—care
1983 3889 113 52 and

86 3954 308 56 industrial
426 3958 411 69 applications;
871 3980 27 34 a
932 3964 294 68 complete,
1258 3965 423 54 non-technical
1708 3966 103 53 but
1842 3967 253 54 authori-
