2498 4384
1165 4104 136 50 1159

204 438 258 63 Schultz,
495 437 263 53 Yvonne.

332 510 1380 68 … La couronne d’étoiles. Paris, Pion [1928]
268 597 753 51 4 p. l., [3]-244 p., 2 l. 19 ᶜᵐ .
211 648 1772 56 © Jan. 15, 1928; 1c. Mar. 9; A —Foreign 38051; Librairie Pion.
288 713 281 48 (28-18733)

204 792 426 64 Shakespeare,
667 789 272 61 William,
978 791 326 51 1564-1616.

335 863 1872 72 … Julius Caesar, by William Shakespeare, edited by S. R.
203 941 1982 138 Hadsell … and Geo. C. Wells … Oklahoma City, Okl., Harlow
348 1024 334 70 publishing
714 1040 297 51 company,
1047 1025 151 50 1928.

274 1104 1932 54 2 p. l., xvii, [1], 120 p. front. (port.) illus. 16 ½ᶜᵐ . (The Western
204 1166 152 41 series
384 1166 53 40 of
464 1164 200 49 English
692 1164 95 39 and
817 1162 258 41 American
1104 1162 225 47 classics)

277 1222 375 47 Bibliography:
684 1231 42 37 p.
756 1220 217 40 111-112.

218 1276 52 52 ©
301 1279 115 47 July
447 1280 25 38 7,
515 1277 139 45 1928;
687 1277 67 40 2c.
786 1277 116 46 July
932 1276 82 46 31;
1049 1275 82 40 aff.
1164 1274 117 48 July
1312 1274 82 47 30;
1428 1274 41 39 A
1500 1274 230 46 1083422;
1765 1274 203 39 Harlow
2000 1274 110 47 pub.
2143 1284 68 31 co.

286 1331 68 55 [©
384 1334 369 46 introductions,
784 1336 151 44 notes,
967 1334 221 47 glossary
1218 1332 96 39 and
1346 1331 236 41 teacher's
1612 1331 151 49 helps]
294 1390 277 51 (28-18425)

210 1473 171 62 Sims,
465 1488 172 37 Verner
666 1471 242 54 Martin.

276 1550 118 53 The
419 1556 413 47 measurement
854 1549 64 54 of
940 1549 463 54 socio-economic
1428 1554 199 63 status,
1649 1549 77 69 by
1807 1566 162 35 Verner
1991 1547 219 54 Martin

209 1625 2005 71 Sims … in coöperation with the Character education inquiry,
206 1706 296 53 Teacher’s
571 1707 228 66 college,
868 1705 301 54 Columbia
1236 1705 339 69 university,
1642 1706 139 52 New
1849 1704 163 53 York
2081 1704 133 70 city.

207 1783 427 70 Bloomington,
665 1784 114 67 Ill.,
808 1783 203 53 Public
1042 1784 192 52 school
1264 1783 337 70 publishing
1628 1801 280 51 company
1945 1786 194 64 [ᶜ1928]

275 1867 1027 49 3 p. l., 33 p. incl. tables, forms. 23ᶜᵐ.
279 1923 1936 49 “This study … was accepted in 1920 by the faculty of the Graduate
207 1982 161 40 school
401 1982 53 39 of
529 1983 76 38 Yale
637 1981 273 47 university
940 1991 55 29 as
1026 1991 27 29 a
1086 1980 319 40 dissertation
1438 1979 47 40 in
1517 1980 269 48 candidacy
1816 1981 80 39 for
1928 1982 81 38 the
2042 1981 173 47 degree

207 2038 52 39 of
291 2039 168 39 doctor
493 2038 52 39 of
579 2036 896 50 philosophy.”—Acknowledgments.

217 2090 51 52 ©
298 2095 128 39 June
451 2094 69 46 27,
550 2094 140 45 1928;
719 2095 68 40 2c.
816 2095 116 46 July
959 2094 52 45 9;
1043 2093 82 41 aff.
1153 2094 117 47 July
1298 2094 53 46 2;
1382 2093 41 39 A
1453 2093 205 40 1082450;
1715 2094 170 39 Public
1913 2095 164 39 school
2107 2094 107 47 pub.

285 2163 67 29 co.
424 2150 280 49 (28-17809)

216 2231 216 63 Smith,
462 2232 265 51 Herman
757 2232 60 53 C.

282 2308 173 55 Clara
491 2309 177 66 Belle,
703 2309 114 52 and
851 2309 163 53 other
1048 2327 211 50 poems,
1293 2308 76 70 by
1402 2309 259 52 Herman
1701 2309 60 54 C.
1800 2308 206 55 Smith.
211 2311 1984 143 Boston,

363 2387 123 54 The
525 2385 379 71 Christopher
938 2386 338 71 publishing
1310 2387 175 53 house
1527 2390 193 65 [ᶜ1928]

279 2471 56 40 45
366 2483 43 37 p.
470 2473 117 39 21ᶜᵐ.

221 2523 52 53 ©
305 2529 117 47 July
452 2529 69 46 28,
554 2527 141 46 1928;
729 2528 68 40 2c.
827 2528 121 42 Aug.
981 2529 52 45 7;
1067 2527 82 41 aff.
1181 2527 121 48 Aug.
1332 2529 54 45 4;
1421 2528 41 39 A
1493 2527 229 48 1083513;
1760 2528 321 48 Christopher
2111 2529 110 48 pub.

286 2585 166 40 house.
522 2584 281 49 (28-19030)

213 2664 282 62 Smither,
531 2663 154 55 John
720 2664 229 53 Milton.

282 2741 133 69 Joy,
450 2741 93 53 for
574 2741 139 69 boys
747 2743 113 52 and
894 2742 141 70 girls
1071 2742 151 52 from
1257 2743 88 53 six
1377 2748 59 47 to
1469 2742 314 70 ninety-six
1814 2762 164 49 years
2010 2762 212 51 young,

214 2819 125 53 who
390 2819 171 69 enjoy
608 2818 172 71 being
826 2838 211 51 young,
1088 2821 111 52 and
1251 2839 132 50 may
1431 2839 104 34 our
1582 2821 149 53 tribe
1778 2821 265 53 increase.
2132 2823 91 67 By

212 2896 2012 66 John Milton Smither … Kansas City, Mo., Blossoms art co.,
237 2979 149 50 ᶜ1928.

282 3059 59 40 26
367 3071 45 37 p.
470 3061 118 39 23ᶜᵐ.

285 3117 186 40 Poems.

226 3168 51 52 ©
309 3173 116 47 July
453 3173 70 47 20,
553 3173 115 40 1928;
726 3173 68 40 2c.
824 3174 95 38 and
951 3172 82 42 aff.
1064 3173 116 48 July
1209 3174 57 39 23;
1325 3173 43 39 A
1396 3173 204 41 1083369;
1661 3175 44 38 J.
1738 3175 63 39 M.
1836 3173 226 44 Smither.
293 3175 1915 95 Kansas
404 3229 124 49 City,
561 3231 93 39 Mo.
725 3229 280 49 (28-18422.)

220 3310 248 63 Snyder,
501 3310 213 53 Maude
746 3310 354 53 Alexander.

288 3387 153 53 Near
473 3394 58 46 to
564 3394 204 47 nature
803 3389 58 52 in
896 3389 94 52 the
1024 3389 186 52 North
1248 3395 258 64 country,
1540 3390 76 68 by
1650 3390 214 53 Maude
1896 3391 332 53 Alexander

221 3465 239 70 Snyder.
542 3467 390 67 [Watertown,
959 3467 70 53 N.
1060 3467 71 52 Y.]
1210 3470 150 50 ᶜ1928.

289 3547 68 47 55,
391 3550 55 48 [1]
481 3560 43 37 p.
583 3549 137 40 front.
762 3549 173 48 (port.)
1003 3550 117 40 18ᶜᵐ.

290 3607 184 40 Poems.

230 3658 51 52 ©
307 3664 127 40 June
459 3664 68 47 16,
553 3663 114 40 1928;
721 3664 68 40 2c.
815 3665 95 38 and
937 3663 82 41 aff.
1045 3664 127 40 June
1196 3665 84 46 18;
1308 3665 39 38 A
1373 3664 230 48 1077853;
1633 3666 62 40 M.
1722 3666 54 40 A.
1805 3665 200 48 Snvder,
296 3666 1914 102 Mannsville,
456 3721 56 39 N.
543 3721 54 39 Y.
668 3720 281 49 (28-19100)

225 3785 198 60 Stone,
456 3785 154 53 John
641 3785 299 63 Timothy,
978 3790 170 49 1868-

296 3863 310 68 Everyday
633 3864 241 68 religion;
938 3883 31 33 a
996 3865 149 52 book
1172 3864 66 53 of
1267 3865 229 68 applied
1531 3864 403 70 Christianity,
1964 3867 76 68 by
2069 3867 156 54 John

227 3940 2000 74 Timothy Stone … Boston, Mass., W. A. Wilde company
233 4019 193 68 [ᶜ1927]
