<alto xmlns="http://www.loc.gov/standards/alto/ns-v3#" xmlns:xlink="http://www.w3.org/1999/xlink" xmlns:xsi="http://www.w3.org/2001/XMLSchema-instance" xsi:schemaLocation="http://www.loc.gov/standards/alto/ns-v3# http://www.loc.gov/alto/v3/alto-3-0.xsd"><Description>
<MeasurementUnit>pixel</MeasurementUnit>
<sourceImageInformation>
<fileName>1928_v25_part001.pdf</fileName>
</sourceImageInformation>
<OCRProcessing ID="IdOcr">
<ocrProcessingStep>
<processingDateTime>2019-04-12</processingDateTime>
<processingSoftware>
<softwareCreator>ABBYY</softwareCreator>
<softwareName>ABBYY Recognition Server</softwareName>
<softwareVersion>4.0</softwareVersion>
</processingSoftware>
</ocrProcessingStep>
</OCRProcessing>
</Description>
<Styles>
<ParagraphStyle ID="StyleId-FFFFFFFF-FFFF-FFFF-FFFF-FFFFFFFFFFFF-" ALIGN="Left" LEFT="0." RIGHT="0." FIRSTLINE="0."/>
<ParagraphStyle ID="StyleId-0ECAC0CE-E1F0-4C69-A1B9-95E16886343B-" ALIGN="Left" LEFT="0." RIGHT="0." FIRSTLINE="0." LINESPACE="8.300000191"/>
<ParagraphStyle ID="StyleId-5C6F7A30-EC6F-4250-A8D3-0AE106DCDB5D-" ALIGN="Left" LEFT="0." RIGHT="0." FIRSTLINE="-13." LINESPACE="11.22999954"/>
<ParagraphStyle ID="StyleId-B258737E-7AF8-4B71-A0BF-0A1420B951F9-" ALIGN="Left" LEFT="0." RIGHT="0." FIRSTLINE="-13." LINESPACE="8.210000038"/>
<ParagraphStyle ID="StyleId-35C0EFA5-E89E-4731-B16E-5D3895F12270-" ALIGN="Block" LEFT="0." RIGHT="0." FIRSTLINE="-12." LINESPACE="11.22999954"/>
<ParagraphStyle ID="StyleId-7BD1F9B4-14BB-4AAF-864B-FED8FEA7DC43-" ALIGN="Left" LEFT="0." RIGHT="0." FIRSTLINE="0."/>
<ParagraphStyle ID="StyleId-CD2DA0E5-536D-42AE-AE16-8D9F5C008D5A-" ALIGN="Block" LEFT="0." RIGHT="0." FIRSTLINE="-12." LINESPACE="10."/>
<ParagraphStyle ID="StyleId-AF408F88-EED5-4CE2-A229-3F852C18D9BD-" ALIGN="Block" LEFT="0." RIGHT="0." FIRSTLINE="-14." LINESPACE="10."/>
<ParagraphStyle ID="StyleId-829CD741-943D-4B7B-9638-57AB73DE2567-" ALIGN="Center" LEFT="0." RIGHT="0." FIRSTLINE="0." LINESPACE="9.399999619"/>
<ParagraphStyle ID="StyleId-B271BDFA-6037-4875-BA99-885A067668E9-" ALIGN="Left" LEFT="0." RIGHT="0." FIRSTLINE="-14." LINESPACE="11.21000004"/>
<ParagraphStyle ID="StyleId-64F9C1D8-EA12-4F65-AD18-B72A4C6B556F-" ALIGN="Center" LEFT="0." RIGHT="0." FIRSTLINE="0." LINESPACE="11.60000038"/>
<ParagraphStyle ID="StyleId-44DA2756-E57B-4EF3-9BA4-FC1C14776DE3-" ALIGN="Left" LEFT="0." RIGHT="0." FIRSTLINE="-12." LINESPACE="12.19999981"/>
<ParagraphStyle ID="StyleId-D1D9AF19-8CA6-4F74-9AEC-1B4545205AD7-" ALIGN="Center" LEFT="0." RIGHT="0." FIRSTLINE="0." LINESPACE="11.60000038"/>
<ParagraphStyle ID="StyleId-3ADA1556-6D19-417D-8046-68449BF368BA-" ALIGN="Left" LEFT="0." RIGHT="0." FIRSTLINE="-13." LINESPACE="12.19999981"/>
<ParagraphStyle ID="StyleId-7443A930-B325-44B5-9AB8-B42B4EC78C89-" ALIGN="Block" LEFT="0." RIGHT="0." FIRSTLINE="13." LINESPACE="8.619999886"/>
<ParagraphStyle ID="StyleId-C9A9E480-E448-4934-9AF8-3D252792E396-" ALIGN="Left" LEFT="0." RIGHT="0." FIRSTLINE="-12." LINESPACE="11.38000011"/>
<ParagraphStyle ID="StyleId-73039842-464C-49B9-9440-4C0D0E749DFE-" ALIGN="Center" LEFT="0." RIGHT="0." FIRSTLINE="0." LINESPACE="11.10000038"/>
<ParagraphStyle ID="StyleId-C51F6AC2-80DA-4C65-849C-6E2D5F548EA4-" ALIGN="Left" LEFT="0." RIGHT="0." FIRSTLINE="0." LINESPACE="7.699999809"/>
<ParagraphStyle ID="StyleId-494190D9-BDDC-4834-A745-6AF520F91CD0-" ALIGN="Block" LEFT="0." RIGHT="0." FIRSTLINE="-12." LINESPACE="11.22999954"/>
<ParagraphStyle ID="StyleId-68D39D31-3386-4B28-8C90-DA9420961D78-" ALIGN="Left" LEFT="0." RIGHT="0." FIRSTLINE="0." LINESPACE="11.60000038"/>
<ParagraphStyle ID="StyleId-DF0CE7C7-E73E-44FE-8867-C904BD7F3F42-" ALIGN="Block" LEFT="0." RIGHT="0." FIRSTLINE="0." LINESPACE="12.19999981"/>
</Styles>
<Layout>
<Page ID="Page1597" PHYSICAL_IMG_NR="1597" HEIGHT="4384" WIDTH="2498">
<TopMargin HEIGHT="457" WIDTH="2498" VPOS="0" HPOS="0">
</TopMargin>
<LeftMargin HEIGHT="3653" WIDTH="104" VPOS="457" HPOS="0">
</LeftMargin>
<RightMargin HEIGHT="3653" WIDTH="306" VPOS="457" HPOS="2192">
</RightMargin>
<BottomMargin HEIGHT="274" WIDTH="2498" VPOS="4110" HPOS="0">
</BottomMargin>
<PrintSpace HEIGHT="3653" WIDTH="2088" VPOS="457" HPOS="104">
<TextBlock ID="Page1597_Block1" HEIGHT="74" WIDTH="156" VPOS="4036" HPOS="1068" LANG="en-US" STYLEREFS="StyleId-C469C521-09B9-4A4F-B7A8-55E61737529B-">
<TextLine HEIGHT="54" WIDTH="136" VPOS="4046" HPOS="1077">
<String CONTENT="1597" HEIGHT="54" WIDTH="136" VPOS="4046" HPOS="1077"/>
</TextLine>
</TextBlock>
<TextBlock ID="Page1597_Block2" HEIGHT="3587" WIDTH="2088" VPOS="457" HPOS="104" LANG="en-US" CS="1" STYLEREFS="StyleId-528EA2D6-3F24-4C4B-9BFC-2D27D557DD62-">
<TextLine HEIGHT="53" WIDTH="1271" VPOS="473" HPOS="206" CS="1">
<String LANG="en-US" CONTENT="7" HEIGHT="39" WIDTH="26" VPOS="479" HPOS="206"/>
<SP HEIGHT="47" WIDTH="32" VPOS="479" HPOS="233"/>
<String LANG="la" CONTENT="p." HEIGHT="37" WIDTH="42" VPOS="489" HPOS="266"/>
<SP/>
<String LANG="la" CS="1" CONTENT="l.,"/>
<SP HEIGHT="47" WIDTH="34" VPOS="477" HPOS="388"/>
<String LANG="la" CONTENT="3-341" HEIGHT="41" WIDTH="142" VPOS="477" HPOS="423"/>
<SP HEIGHT="46" WIDTH="34" VPOS="478" HPOS="566"/>
<String LANG="la" CONTENT="p." HEIGHT="37" WIDTH="42" VPOS="487" HPOS="601"/>
<SP HEIGHT="41" WIDTH="58" VPOS="476" HPOS="644"/>
<String LANG="en-US" CS="1" CONTENT="front."/>
<SP HEIGHT="47" WIDTH="26" VPOS="475" HPOS="855"/>
<String LANG="en-US" CONTENT="(port.)" HEIGHT="49" WIDTH="171" VPOS="474" HPOS="882"/>
<SP HEIGHT="48" WIDTH="44" VPOS="474" HPOS="1054"/>
<String LANG="en-US" CONTENT="plates." HEIGHT="48" WIDTH="172" VPOS="474" HPOS="1099"/>
<SP HEIGHT="41" WIDTH="58" VPOS="473" HPOS="1272"/>
<String LANG="en-US" CS="1" CONTENT="21&#189;&#7580;&#7504;." HEIGHT="40" WIDTH="146" VPOS="473" HPOS="1331"/>
</TextLine>
<TextLine HEIGHT="48" WIDTH="623" VPOS="546" HPOS="206">
<String CONTENT="Maps" HEIGHT="45" WIDTH="138" VPOS="549" HPOS="206"/>
<SP HEIGHT="28" WIDTH="28" VPOS="558" HPOS="345"/>
<String CONTENT="on" HEIGHT="28" WIDTH="61" VPOS="558" HPOS="374"/>
<SP HEIGHT="39" WIDTH="28" VPOS="547" HPOS="436"/>
<String CONTENT="lining-papers." HEIGHT="48" WIDTH="364" VPOS="546" HPOS="465"/>
</TextLine>
<TextLine HEIGHT="50" WIDTH="703" VPOS="601" HPOS="206">
<String CONTENT="Bibliography:" HEIGHT="48" WIDTH="376" VPOS="603" HPOS="206"/>
<SP HEIGHT="37" WIDTH="33" VPOS="613" HPOS="583"/>
<String CONTENT="p." HEIGHT="37" WIDTH="43" VPOS="613" HPOS="617"/>
<SP HEIGHT="40" WIDTH="30" VPOS="602" HPOS="661"/>
<String CONTENT="331-336." HEIGHT="41" WIDTH="217" VPOS="601" HPOS="692"/>
</TextLine>
<TextLine HEIGHT="55" WIDTH="1666" VPOS="667" HPOS="142" CS="1">
<String CONTENT="&#169;" HEIGHT="52" WIDTH="51" VPOS="670" HPOS="142"/>
<SP HEIGHT="52" WIDTH="28" VPOS="670" HPOS="194"/>
<String CONTENT="Oct." HEIGHT="40" WIDTH="101" VPOS="673" HPOS="223"/>
<SP HEIGHT="38" WIDTH="27" VPOS="674" HPOS="325"/>
<String CONTENT="11," HEIGHT="40" WIDTH="69" VPOS="674" HPOS="353"/>
<SP HEIGHT="40" WIDTH="27" VPOS="674" HPOS="423"/>
<String CS="1" CONTENT="1928;"/>
<SP HEIGHT="41" WIDTH="28" VPOS="672" HPOS="593"/>
<String CONTENT="2c." HEIGHT="40" WIDTH="67" VPOS="672" HPOS="622"/>
<SP HEIGHT="30" WIDTH="27" VPOS="682" HPOS="690"/>
<String CONTENT="and" HEIGHT="39" WIDTH="96" VPOS="672" HPOS="718"/>
<SP HEIGHT="39" WIDTH="28" VPOS="672" HPOS="815"/>
<String CS="1" CONTENT="aff."/>
<SP HEIGHT="42" WIDTH="28" VPOS="670" HPOS="927"/>
<String CONTENT="Oct." HEIGHT="41" WIDTH="103" VPOS="670" HPOS="956"/>
<SP HEIGHT="41" WIDTH="26" VPOS="670" HPOS="1060"/>
<String CONTENT="15;" HEIGHT="47" WIDTH="82" VPOS="669" HPOS="1087"/>
<SP HEIGHT="47" WIDTH="31" VPOS="669" HPOS="1170"/>
<String CONTENT="A" HEIGHT="38" WIDTH="39" VPOS="669" HPOS="1202"/>
<SP HEIGHT="39" WIDTH="27" VPOS="669" HPOS="1242"/>
<String CONTENT="12;" HEIGHT="45" WIDTH="81" VPOS="669" HPOS="1270"/>
<SP HEIGHT="45" WIDTH="30" VPOS="669" HPOS="1352"/>
<String CONTENT="Brentano&#8217;s," HEIGHT="49" WIDTH="303" VPOS="667" HPOS="1383"/>
<SP HEIGHT="48" WIDTH="29" VPOS="668" HPOS="1687"/>
<String CONTENT="inc." HEIGHT="41" WIDTH="91" VPOS="668" HPOS="1717"/>
</TextLine>
<TextLine HEIGHT="49" WIDTH="281" VPOS="729" HPOS="218">
<String CONTENT="(28-23977)" HEIGHT="49" WIDTH="281" VPOS="729" HPOS="218"/>
</TextLine>
<TextLine HEIGHT="63" WIDTH="530" VPOS="823" HPOS="131" STYLEREFS="StyleId-4D73604B-0A0D-4FDA-91A8-BCE30B9511CC-">
<String LANG="de" CONTENT="Strobel," HEIGHT="62" WIDTH="249" VPOS="824" HPOS="131"/>
<SP HEIGHT="62" WIDTH="30" VPOS="824" HPOS="381"/>
<String LANG="en-US" CONTENT="Marion." HEIGHT="53" WIDTH="249" VPOS="823" HPOS="412"/>
</TextLine>
<TextLine HEIGHT="70" WIDTH="1938" VPOS="897" HPOS="203" STYLEREFS="StyleId-2816FE25-6E76-472B-999D-63EDCE8AFB72-" CS="1">
<String CONTENT="Lost" HEIGHT="53" WIDTH="139" VPOS="900" HPOS="203"/>
<SP HEIGHT="46" WIDTH="45" VPOS="906" HPOS="343"/>
<String CONTENT="city;" HEIGHT="67" WIDTH="145" VPOS="900" HPOS="389"/>
<SP HEIGHT="49" WIDTH="53" VPOS="918" HPOS="535"/>
<String CONTENT="poems," HEIGHT="49" WIDTH="208" VPOS="918" HPOS="589"/>
<SP/>
<String CONTENT="by" HEIGHT="69" WIDTH="75" VPOS="898" HPOS="846"/>
<SP HEIGHT="67" WIDTH="48" VPOS="900" HPOS="922"/>
<String CONTENT="Marion" HEIGHT="53" WIDTH="229" VPOS="898" HPOS="971"/>
<SP HEIGHT="56" WIDTH="52" VPOS="897" HPOS="1201"/>
<String LANG="de" CONTENT="Strobel." HEIGHT="56" WIDTH="241" VPOS="897" HPOS="1254"/>
<SP HEIGHT="50" WIDTH="83" VPOS="899" HPOS="1496"/>
<String CONTENT="Boston" HEIGHT="50" WIDTH="207" VPOS="899" HPOS="1580"/>
<SP HEIGHT="33" WIDTH="51" VPOS="916" HPOS="1788"/>
<String CONTENT="and" HEIGHT="52" WIDTH="113" VPOS="898" HPOS="1840"/>
<SP HEIGHT="52" WIDTH="48" VPOS="898" HPOS="1954"/>
<String CONTENT="New" HEIGHT="51" WIDTH="138" VPOS="898" HPOS="2003"/>
</TextLine>
<TextLine HEIGHT="69" WIDTH="1273" VPOS="977" HPOS="138" STYLEREFS="StyleId-2816FE25-6E76-472B-999D-63EDCE8AFB72-">
<String CONTENT="York," HEIGHT="66" WIDTH="178" VPOS="978" HPOS="138"/>
<SP HEIGHT="66" WIDTH="26" VPOS="978" HPOS="317"/>
<String CONTENT="Houghton" HEIGHT="69" WIDTH="322" VPOS="977" HPOS="344"/>
<SP HEIGHT="52" WIDTH="27" VPOS="977" HPOS="667"/>
<String CONTENT="Mifflin" HEIGHT="52" WIDTH="204" VPOS="977" HPOS="695"/>
<SP HEIGHT="35" WIDTH="29" VPOS="994" HPOS="900"/>
<String CONTENT="company," HEIGHT="50" WIDTH="298" VPOS="994" HPOS="930"/>
<SP HEIGHT="61" WIDTH="30" VPOS="982" HPOS="1229"/>
<String CONTENT="1928." HEIGHT="46" WIDTH="151" VPOS="982" HPOS="1260"/>
</TextLine>
<TextLine HEIGHT="51" WIDTH="488" VPOS="1060" HPOS="240" CS="1">
<String CS="1" CONTENT="v," HEIGHT="15" WIDTH="9" VPOS="1093" HPOS="240"/>
<SP HEIGHT="29" WIDTH="34" VPOS="1081" HPOS="250"/>
<String CONTENT="[1]," HEIGHT="48" WIDTH="71" VPOS="1063" HPOS="285"/>
<SP HEIGHT="43" WIDTH="32" VPOS="1062" HPOS="357"/>
<String CONTENT="58" HEIGHT="40" WIDTH="57" VPOS="1061" HPOS="390"/>
<SP HEIGHT="48" WIDTH="31" VPOS="1061" HPOS="448"/>
<String CONTENT="p." HEIGHT="37" WIDTH="43" VPOS="1072" HPOS="480"/>
<SP HEIGHT="39" WIDTH="58" VPOS="1061" HPOS="524"/>
<String CS="1" CONTENT="19&#189;&#7580;&#7504;." HEIGHT="40" WIDTH="145" VPOS="1060" HPOS="583"/>
</TextLine>
<TextLine HEIGHT="52" WIDTH="2001" VPOS="1127" HPOS="143" CS="1">
<String CONTENT="&#169;" HEIGHT="52" WIDTH="51" VPOS="1127" HPOS="143"/>
<SP HEIGHT="52" WIDTH="27" VPOS="1127" HPOS="195"/>
<String CONTENT="Oct." HEIGHT="40" WIDTH="101" VPOS="1131" HPOS="223"/>
<SP HEIGHT="40" WIDTH="25" VPOS="1131" HPOS="325"/>
<String CONTENT="13," HEIGHT="46" WIDTH="69" VPOS="1130" HPOS="351"/>
<SP HEIGHT="45" WIDTH="24" VPOS="1131" HPOS="421"/>
<String CS="1" CONTENT="1928;" HEIGHT="39" WIDTH="84" VPOS="1130" HPOS="446"/>
<SP HEIGHT="42" WIDTH="25" VPOS="1129" HPOS="589"/>
<String CONTENT="2c." HEIGHT="40" WIDTH="67" VPOS="1129" HPOS="615"/>
<SP HEIGHT="41" WIDTH="26" VPOS="1128" HPOS="683"/>
<String CONTENT="Oct." HEIGHT="41" WIDTH="103" VPOS="1128" HPOS="710"/>
<SP HEIGHT="38" WIDTH="25" VPOS="1130" HPOS="814"/>
<String CONTENT="15;" HEIGHT="48" WIDTH="83" VPOS="1128" HPOS="840"/>
<SP HEIGHT="37" WIDTH="27" VPOS="1139" HPOS="924"/>
<String CONTENT="aff." HEIGHT="41" WIDTH="82" VPOS="1128" HPOS="952"/>
<SP HEIGHT="40" WIDTH="28" VPOS="1129" HPOS="1035"/>
<String CONTENT="Oct." HEIGHT="40" WIDTH="102" VPOS="1129" HPOS="1064"/>
<SP HEIGHT="40" WIDTH="26" VPOS="1129" HPOS="1167"/>
<String CONTENT="16;" HEIGHT="47" WIDTH="84" VPOS="1128" HPOS="1194"/>
<SP HEIGHT="48" WIDTH="26" VPOS="1127" HPOS="1279"/>
<String CONTENT="A" HEIGHT="40" WIDTH="42" VPOS="1127" HPOS="1306"/>
<SP HEIGHT="40" WIDTH="24" VPOS="1127" HPOS="1349"/>
<String CONTENT="50;" HEIGHT="47" WIDTH="82" VPOS="1127" HPOS="1374"/>
<SP HEIGHT="46" WIDTH="29" VPOS="1128" HPOS="1457"/>
<String LANG="la" CONTENT="M." HEIGHT="40" WIDTH="63" VPOS="1128" HPOS="1487"/>
<SP HEIGHT="41" WIDTH="28" VPOS="1127" HPOS="1551"/>
<String CONTENT="S." HEIGHT="42" WIDTH="45" VPOS="1127" HPOS="1580"/>
<SP HEIGHT="40" WIDTH="26" VPOS="1129" HPOS="1626"/>
<String CONTENT="Mitchell," HEIGHT="48" WIDTH="234" VPOS="1128" HPOS="1653"/>
<SP HEIGHT="48" WIDTH="27" VPOS="1128" HPOS="1888"/>
<String CONTENT="Chicago." HEIGHT="49" WIDTH="228" VPOS="1128" HPOS="1916"/>
</TextLine>
<TextLine HEIGHT="49" WIDTH="282" VPOS="1186" HPOS="219">
<String CONTENT="(28-23952)" HEIGHT="49" WIDTH="282" VPOS="1186" HPOS="219"/>
</TextLine>
<TextLine HEIGHT="67" WIDTH="1118" VPOS="1277" HPOS="136" STYLEREFS="StyleId-4D73604B-0A0D-4FDA-91A8-BCE30B9511CC-">
<String CONTENT="Sudlow," HEIGHT="63" WIDTH="250" VPOS="1281" HPOS="136"/>
<SP HEIGHT="63" WIDTH="36" VPOS="1281" HPOS="387"/>
<String CONTENT="Mrs." HEIGHT="55" WIDTH="137" VPOS="1281" HPOS="424"/>
<SP HEIGHT="53" WIDTH="37" VPOS="1280" HPOS="562"/>
<String CONTENT="Elizabeth" HEIGHT="54" WIDTH="310" VPOS="1277" HPOS="600"/>
<SP HEIGHT="55" WIDTH="34" VPOS="1277" HPOS="911"/>
<String CONTENT="Williams." HEIGHT="54" WIDTH="308" VPOS="1278" HPOS="946"/>
</TextLine>
<TextLine HEIGHT="72" WIDTH="1933" VPOS="1355" HPOS="210" STYLEREFS="StyleId-2816FE25-6E76-472B-999D-63EDCE8AFB72-">
<String CONTENT="Primary" HEIGHT="69" WIDTH="271" VPOS="1358" HPOS="210"/>
<SP HEIGHT="51" WIDTH="27" VPOS="1376" HPOS="482"/>
<String CONTENT="plans" HEIGHT="67" WIDTH="167" VPOS="1359" HPOS="510"/>
<SP HEIGHT="54" WIDTH="28" VPOS="1356" HPOS="678"/>
<String CONTENT="for" HEIGHT="53" WIDTH="94" VPOS="1356" HPOS="707"/>
<SP HEIGHT="46" WIDTH="29" VPOS="1363" HPOS="802"/>
<String CONTENT="the" HEIGHT="52" WIDTH="94" VPOS="1357" HPOS="832"/>
<SP HEIGHT="34" WIDTH="29" VPOS="1375" HPOS="927"/>
<String CONTENT="smaller" HEIGHT="52" WIDTH="230" VPOS="1357" HPOS="957"/>
<SP HEIGHT="56" WIDTH="33" VPOS="1355" HPOS="1188"/>
<String CONTENT="Sunday" HEIGHT="70" WIDTH="240" VPOS="1355" HPOS="1222"/>
<SP HEIGHT="50" WIDTH="29" VPOS="1375" HPOS="1463"/>
<String CONTENT="school," HEIGHT="68" WIDTH="209" VPOS="1356" HPOS="1493"/>
<SP HEIGHT="67" WIDTH="28" VPOS="1357" HPOS="1703"/>
<String CONTENT="by" HEIGHT="69" WIDTH="76" VPOS="1357" HPOS="1732"/>
<SP HEIGHT="69" WIDTH="31" VPOS="1357" HPOS="1809"/>
<String CONTENT="Elizabeth" HEIGHT="53" WIDTH="302" VPOS="1357" HPOS="1841"/>
</TextLine>
<TextLine HEIGHT="70" WIDTH="1930" VPOS="1433" HPOS="139" STYLEREFS="StyleId-2816FE25-6E76-472B-999D-63EDCE8AFB72-" CS="1">
<String CONTENT="Williams" HEIGHT="53" WIDTH="291" VPOS="1436" HPOS="139"/>
<SP HEIGHT="56" WIDTH="27" VPOS="1434" HPOS="431"/>
<String CONTENT="Sudlow" HEIGHT="56" WIDTH="234" VPOS="1434" HPOS="459"/>
<SP HEIGHT="33" WIDTH="31" VPOS="1453" HPOS="694"/>
<String CS="1" CONTENT="&#8230;"/>
<SP HEIGHT="53" WIDTH="68" VPOS="1434" HPOS="782"/>
<String CONTENT="Philadelphia," HEIGHT="69" WIDTH="431" VPOS="1433" HPOS="851"/>
<SP HEIGHT="67" WIDTH="25" VPOS="1435" HPOS="1283"/>
<String CONTENT="The" HEIGHT="52" WIDTH="121" VPOS="1435" HPOS="1309"/>
<SP HEIGHT="54" WIDTH="26" VPOS="1435" HPOS="1431"/>
<String CONTENT="Union" HEIGHT="55" WIDTH="198" VPOS="1434" HPOS="1458"/>
<SP HEIGHT="51" WIDTH="26" VPOS="1452" HPOS="1657"/>
<String CONTENT="press" HEIGHT="51" WIDTH="158" VPOS="1452" HPOS="1684"/>
<SP HEIGHT="47" WIDTH="31" VPOS="1455" HPOS="1843"/>
<String CS="1" CONTENT="["/>
<String STYLE="superscript" CS="1" CONTENT="&#7580;1"/>
<String CONTENT="928]" HEIGHT="65" WIDTH="119" VPOS="1438" HPOS="1950"/>
</TextLine>
<TextLine HEIGHT="49" WIDTH="575" VPOS="1516" HPOS="210" CS="1">
<String CONTENT="167" HEIGHT="40" WIDTH="85" VPOS="1517" HPOS="210"/>
<SP HEIGHT="46" WIDTH="34" VPOS="1519" HPOS="296"/>
<String CONTENT="p." HEIGHT="37" WIDTH="43" VPOS="1528" HPOS="331"/>
<SP HEIGHT="37" WIDTH="60" VPOS="1528" HPOS="375"/>
<String CONTENT="plates." HEIGHT="48" WIDTH="172" VPOS="1517" HPOS="436"/>
<SP HEIGHT="40" WIDTH="60" VPOS="1516" HPOS="609"/>
<String CS="1" CONTENT="17&#7580;&#7504;." HEIGHT="40" WIDTH="87" VPOS="1517" HPOS="698"/>
</TextLine>
<TextLine HEIGHT="49" WIDTH="1528" VPOS="1586" HPOS="215">
<String CONTENT="&#8220;Some" HEIGHT="40" WIDTH="169" VPOS="1588" HPOS="215"/>
<SP HEIGHT="39" WIDTH="23" VPOS="1588" HPOS="385"/>
<String CONTENT="helpful" HEIGHT="48" WIDTH="188" VPOS="1587" HPOS="409"/>
<SP HEIGHT="40" WIDTH="24" VPOS="1587" HPOS="598"/>
<String CONTENT="books" HEIGHT="41" WIDTH="149" VPOS="1586" HPOS="623"/>
<SP HEIGHT="40" WIDTH="24" VPOS="1587" HPOS="773"/>
<String CONTENT="for" HEIGHT="39" WIDTH="79" VPOS="1587" HPOS="798"/>
<SP HEIGHT="38" WIDTH="24" VPOS="1597" HPOS="878"/>
<String CONTENT="primary" HEIGHT="49" WIDTH="218" VPOS="1586" HPOS="903"/>
<SP HEIGHT="36" WIDTH="27" VPOS="1597" HPOS="1122"/>
<String CONTENT="workers&#8221;:" HEIGHT="41" WIDTH="272" VPOS="1586" HPOS="1150"/>
<SP HEIGHT="38" WIDTH="29" VPOS="1597" HPOS="1423"/>
<String CONTENT="p." HEIGHT="37" WIDTH="43" VPOS="1598" HPOS="1453"/>
<SP HEIGHT="41" WIDTH="25" VPOS="1588" HPOS="1497"/>
<String CONTENT="165-166." HEIGHT="43" WIDTH="220" VPOS="1587" HPOS="1523"/>
</TextLine>
<TextLine HEIGHT="52" WIDTH="2003" VPOS="1656" HPOS="143">
<String CONTENT="&#169;" HEIGHT="52" WIDTH="52" VPOS="1656" HPOS="143"/>
<SP HEIGHT="52" WIDTH="32" VPOS="1656" HPOS="196"/>
<String CONTENT="Oct." HEIGHT="40" WIDTH="102" VPOS="1660" HPOS="229"/>
<SP HEIGHT="39" WIDTH="31" VPOS="1660" HPOS="332"/>
<String CONTENT="1," HEIGHT="47" WIDTH="40" VPOS="1660" HPOS="364"/>
<SP HEIGHT="47" WIDTH="30" VPOS="1660" HPOS="405"/>
<String CONTENT="1928;" HEIGHT="46" WIDTH="141" VPOS="1658" HPOS="436"/>
<SP HEIGHT="46" WIDTH="32" VPOS="1658" HPOS="578"/>
<String CONTENT="2c." HEIGHT="41" WIDTH="68" VPOS="1658" HPOS="611"/>
<SP HEIGHT="31" WIDTH="33" VPOS="1668" HPOS="680"/>
<String CONTENT="and" HEIGHT="39" WIDTH="99" VPOS="1659" HPOS="714"/>
<SP HEIGHT="39" WIDTH="28" VPOS="1659" HPOS="814"/>
<String CONTENT="aff." HEIGHT="42" WIDTH="83" VPOS="1656" HPOS="843"/>
<SP HEIGHT="41" WIDTH="33" VPOS="1657" HPOS="927"/>
<String CONTENT="Oct." HEIGHT="42" WIDTH="102" VPOS="1657" HPOS="961"/>
<SP HEIGHT="41" WIDTH="32" VPOS="1658" HPOS="1064"/>
<String CONTENT="18;" HEIGHT="47" WIDTH="81" VPOS="1656" HPOS="1097"/>
<SP HEIGHT="46" WIDTH="34" VPOS="1657" HPOS="1179"/>
<!-- cceid 28C146D2-6CB2-1014-A20E-B9D6251C946A --><String CONTENT="A" HEIGHT="39" WIDTH="43" VPOS="1657" HPOS="1214"/>
<SP HEIGHT="39" WIDTH="29" VPOS="1657" HPOS="1258"/>
<String CONTENT="1928;" HEIGHT="48" WIDTH="140" VPOS="1656" HPOS="1288"/>
<SP HEIGHT="46" WIDTH="34" VPOS="1658" HPOS="1429"/>
<String CONTENT="American" HEIGHT="41" WIDTH="260" VPOS="1658" HPOS="1464"/>
<SP HEIGHT="41" WIDTH="34" VPOS="1659" HPOS="1725"/>
<String CONTENT="Sunday-school" HEIGHT="48" WIDTH="386" VPOS="1659" HPOS="1760"/>
</TextLine>
<TextLine HEIGHT="50" WIDTH="902" VPOS="1713" HPOS="211">
<String CONTENT="union," HEIGHT="47" WIDTH="160" VPOS="1716" HPOS="211"/>
<SP HEIGHT="47" WIDTH="32" VPOS="1716" HPOS="372"/>
<String CONTENT="Philadelphia." HEIGHT="48" WIDTH="357" VPOS="1714" HPOS="405"/>
<SP HEIGHT="49" WIDTH="67" VPOS="1714" HPOS="763"/>
<String CONTENT="(28-24040)" HEIGHT="50" WIDTH="282" VPOS="1713" HPOS="831"/>
</TextLine>
<TextLine HEIGHT="64" WIDTH="740" VPOS="1808" HPOS="136" STYLEREFS="StyleId-4D73604B-0A0D-4FDA-91A8-BCE30B9511CC-">
<String CONTENT="Sullivan," HEIGHT="63" WIDTH="283" VPOS="1809" HPOS="136"/>
<SP HEIGHT="62" WIDTH="31" VPOS="1810" HPOS="420"/>
<String CONTENT="Frank," HEIGHT="64" WIDTH="218" VPOS="1808" HPOS="452"/>
<SP HEIGHT="59" WIDTH="34" VPOS="1813" HPOS="671"/>
<String CONTENT="1892-" HEIGHT="50" WIDTH="170" VPOS="1812" HPOS="706"/>
</TextLine>
<TextLine HEIGHT="71" WIDTH="1941" VPOS="1885" HPOS="207" STYLEREFS="StyleId-2816FE25-6E76-472B-999D-63EDCE8AFB72-">
<String CONTENT="Innocent" HEIGHT="53" WIDTH="280" VPOS="1886" HPOS="207"/>
<SP HEIGHT="52" WIDTH="40" VPOS="1886" HPOS="488"/>
<String CONTENT="bystanding," HEIGHT="68" WIDTH="370" VPOS="1886" HPOS="529"/>
<SP HEIGHT="67" WIDTH="40" VPOS="1886" HPOS="900"/>
<String CONTENT="by" HEIGHT="68" WIDTH="74" VPOS="1886" HPOS="941"/>
<SP HEIGHT="68" WIDTH="42" VPOS="1886" HPOS="1016"/>
<String CONTENT="Frank" HEIGHT="52" WIDTH="200" VPOS="1886" HPOS="1059"/>
<SP HEIGHT="56" WIDTH="44" VPOS="1885" HPOS="1260"/>
<String CONTENT="Sullivan." HEIGHT="56" WIDTH="281" VPOS="1885" HPOS="1305"/>
<SP HEIGHT="53" WIDTH="75" VPOS="1888" HPOS="1587"/>
<String CONTENT="New" HEIGHT="53" WIDTH="139" VPOS="1888" HPOS="1663"/>
<SP HEIGHT="51" WIDTH="43" VPOS="1890" HPOS="1803"/>
<String CONTENT="York," HEIGHT="67" WIDTH="181" VPOS="1889" HPOS="1847"/>
<SP HEIGHT="66" WIDTH="42" VPOS="1890" HPOS="2029"/>
<String CONTENT="H." HEIGHT="52" WIDTH="76" VPOS="1890" HPOS="2072"/>
</TextLine>
<TextLine HEIGHT="69" WIDTH="510" VPOS="1964" HPOS="138" STYLEREFS="StyleId-2816FE25-6E76-472B-999D-63EDCE8AFB72-">
<String CONTENT="Liveright," HEIGHT="69" WIDTH="322" VPOS="1964" HPOS="138"/>
<SP HEIGHT="64" WIDTH="37" VPOS="1967" HPOS="461"/>
<String CONTENT="1928." HEIGHT="50" WIDTH="149" VPOS="1967" HPOS="499"/>
</TextLine>
<TextLine HEIGHT="51" WIDTH="753" VPOS="2046" HPOS="206" CS="1">
<String CONTENT="xi" HEIGHT="39" WIDTH="51" VPOS="2048" HPOS="206"/>
<SP HEIGHT="49" WIDTH="28" VPOS="2048" HPOS="258"/>
<String LANG="la" CONTENT="p.," HEIGHT="38" WIDTH="57" VPOS="2059" HPOS="287"/>
<SP HEIGHT="46" WIDTH="30" VPOS="2049" HPOS="345"/>
<String CONTENT="1" HEIGHT="38" WIDTH="23" VPOS="2049" HPOS="376"/>
<SP HEIGHT="38" WIDTH="29" VPOS="2049" HPOS="400"/>
<String CONTENT="1.." HEIGHT="41" WIDTH="43" VPOS="2049" HPOS="430"/>
<SP HEIGHT="42" WIDTH="30" VPOS="2048" HPOS="474"/>
<String CONTENT="15-260" HEIGHT="40" WIDTH="174" VPOS="2047" HPOS="505"/>
<SP HEIGHT="48" WIDTH="28" VPOS="2047" HPOS="680"/>
<String CONTENT="p." HEIGHT="37" WIDTH="42" VPOS="2058" HPOS="709"/>
<SP HEIGHT="40" WIDTH="59" VPOS="2047" HPOS="752"/>
<String CS="1" CONTENT="19&#189;&#7580;&#7504;." HEIGHT="41" WIDTH="147" VPOS="2046" HPOS="812"/>
</TextLine>
<TextLine HEIGHT="54" WIDTH="2006" VPOS="2101" HPOS="145">
<String CONTENT="&#169;" HEIGHT="52" WIDTH="51" VPOS="2101" HPOS="145"/>
<SP HEIGHT="52" WIDTH="33" VPOS="2101" HPOS="197"/>
<String CONTENT="Oct." HEIGHT="40" WIDTH="102" VPOS="2105" HPOS="231"/>
<SP HEIGHT="41" WIDTH="31" VPOS="2104" HPOS="334"/>
<String CONTENT="6," HEIGHT="47" WIDTH="38" VPOS="2104" HPOS="366"/>
<SP HEIGHT="45" WIDTH="34" VPOS="2106" HPOS="405"/>
<String CONTENT="1928;" HEIGHT="42" WIDTH="140" VPOS="2104" HPOS="440"/>
<SP HEIGHT="42" WIDTH="34" VPOS="2104" HPOS="581"/>
<String CONTENT="2c." HEIGHT="39" WIDTH="67" VPOS="2104" HPOS="616"/>
<SP HEIGHT="40" WIDTH="33" VPOS="2103" HPOS="684"/>
<String CONTENT="Oct." HEIGHT="40" WIDTH="102" VPOS="2103" HPOS="718"/>
<SP HEIGHT="40" WIDTH="32" VPOS="2103" HPOS="821"/>
<String CONTENT="9;" HEIGHT="47" WIDTH="53" VPOS="2103" HPOS="854"/>
<SP HEIGHT="36" WIDTH="33" VPOS="2114" HPOS="908"/>
<String CONTENT="aff." HEIGHT="41" WIDTH="83" VPOS="2102" HPOS="942"/>
<SP HEIGHT="40" WIDTH="34" VPOS="2103" HPOS="1026"/>
<String CONTENT="Oct." HEIGHT="41" WIDTH="102" VPOS="2103" HPOS="1061"/>
<SP HEIGHT="40" WIDTH="33" VPOS="2104" HPOS="1164"/>
<String CONTENT="12;" HEIGHT="47" WIDTH="82" VPOS="2103" HPOS="1198"/>
<SP HEIGHT="46" WIDTH="35" VPOS="2104" HPOS="1281"/>
<!-- cceid 28C193AE-6CB2-1014-A20E-B9D6251C946A --><String CONTENT="A" HEIGHT="38" WIDTH="41" VPOS="2104" HPOS="1317"/>
<SP HEIGHT="38" WIDTH="29" VPOS="2104" HPOS="1359"/>
<String CONTENT="1053926;" HEIGHT="47" WIDTH="230" VPOS="2104" HPOS="1389"/>
<SP HEIGHT="46" WIDTH="36" VPOS="2105" HPOS="1620"/>
<String CONTENT="Horace" HEIGHT="41" WIDTH="192" VPOS="2105" HPOS="1657"/>
<SP HEIGHT="39" WIDTH="33" VPOS="2107" HPOS="1850"/>
<String CONTENT="Liveright," HEIGHT="49" WIDTH="267" VPOS="2106" HPOS="1884"/>
</TextLine>
<TextLine HEIGHT="49" WIDTH="438" VPOS="2160" HPOS="211">
<String CONTENT="inc." HEIGHT="40" WIDTH="92" VPOS="2161" HPOS="211"/>
<SP HEIGHT="47" WIDTH="62" VPOS="2162" HPOS="304"/>
<String CONTENT="(28-23939)" HEIGHT="49" WIDTH="282" VPOS="2160" HPOS="367"/>
</TextLine>
<TextLine HEIGHT="65" WIDTH="913" VPOS="2254" HPOS="140" STYLEREFS="StyleId-4D73604B-0A0D-4FDA-91A8-BCE30B9511CC-">
<String CONTENT="Swanton," HEIGHT="62" WIDTH="301" VPOS="2257" HPOS="140"/>
<SP HEIGHT="64" WIDTH="32" VPOS="2255" HPOS="442"/>
<String CONTENT="John" HEIGHT="54" WIDTH="155" VPOS="2254" HPOS="475"/>
<SP HEIGHT="52" WIDTH="32" VPOS="2255" HPOS="631"/>
<String CONTENT="Reed," HEIGHT="64" WIDTH="177" VPOS="2254" HPOS="664"/>
<SP HEIGHT="58" WIDTH="38" VPOS="2260" HPOS="842"/>
<String CONTENT="1873-" HEIGHT="55" WIDTH="172" VPOS="2254" HPOS="881"/>
</TextLine>
<TextLine HEIGHT="76" WIDTH="1942" VPOS="2331" HPOS="210" STYLEREFS="StyleId-2816FE25-6E76-472B-999D-63EDCE8AFB72-">
<String CONTENT="Emanuel" HEIGHT="51" WIDTH="283" VPOS="2334" HPOS="210"/>
<SP HEIGHT="56" WIDTH="37" VPOS="2331" HPOS="494"/>
<String CONTENT="Swedenborg," HEIGHT="71" WIDTH="403" VPOS="2331" HPOS="532"/>
<SP HEIGHT="51" WIDTH="35" VPOS="2350" HPOS="936"/>
<String CONTENT="prophet" HEIGHT="68" WIDTH="248" VPOS="2333" HPOS="972"/>
<SP HEIGHT="48" WIDTH="35" VPOS="2337" HPOS="1221"/>
<String CONTENT="of" HEIGHT="53" WIDTH="65" VPOS="2332" HPOS="1257"/>
<SP HEIGHT="53" WIDTH="33" VPOS="2332" HPOS="1323"/>
<String CONTENT="the" HEIGHT="52" WIDTH="95" VPOS="2334" HPOS="1357"/>
<SP HEIGHT="52" WIDTH="36" VPOS="2334" HPOS="1453"/>
<String CONTENT="higher" HEIGHT="71" WIDTH="206" VPOS="2333" HPOS="1490"/>
<SP HEIGHT="34" WIDTH="34" VPOS="2354" HPOS="1697"/>
<String CONTENT="evolution," HEIGHT="67" WIDTH="308" VPOS="2335" HPOS="1732"/>
<SP HEIGHT="65" WIDTH="35" VPOS="2337" HPOS="2041"/>
<String CONTENT="by" HEIGHT="70" WIDTH="75" VPOS="2337" HPOS="2077"/>
</TextLine>
<TextLine HEIGHT="76" WIDTH="2012" VPOS="2410" HPOS="139" STYLEREFS="StyleId-2816FE25-6E76-472B-999D-63EDCE8AFB72-" CS="1">
<String CONTENT="John" HEIGHT="54" WIDTH="157" VPOS="2412" HPOS="139"/>
<SP HEIGHT="51" WIDTH="32" VPOS="2413" HPOS="297"/>
<String CONTENT="R." HEIGHT="51" WIDTH="68" VPOS="2413" HPOS="330"/>
<SP HEIGHT="56" WIDTH="39" VPOS="2410" HPOS="399"/>
<String CONTENT="Swanton," HEIGHT="68" WIDTH="293" VPOS="2410" HPOS="439"/>
<SP HEIGHT="50" WIDTH="31" VPOS="2428" HPOS="733"/>
<String CONTENT="ph." HEIGHT="36" WIDTH="98" VPOS="2428" HPOS="765"/>
<SP HEIGHT="34" WIDTH="34" VPOS="2430" HPOS="864"/>
<String CS="1" CONTENT="d.;" HEIGHT="33" WIDTH="49" VPOS="2430" HPOS="899"/>
<SP HEIGHT="48" WIDTH="38" VPOS="2430" HPOS="978"/>
<String CONTENT="an" HEIGHT="34" WIDTH="72" VPOS="2430" HPOS="1017"/>
<SP HEIGHT="34" WIDTH="33" VPOS="2430" HPOS="1090"/>
<String CONTENT="exposition" HEIGHT="69" WIDTH="324" VPOS="2411" HPOS="1124"/>
<SP HEIGHT="35" WIDTH="33" VPOS="2431" HPOS="1449"/>
<String CONTENT="of" HEIGHT="54" WIDTH="65" VPOS="2412" HPOS="1483"/>
<SP HEIGHT="54" WIDTH="28" VPOS="2412" HPOS="1549"/>
<String CONTENT="the" HEIGHT="53" WIDTH="97" VPOS="2414" HPOS="1578"/>
<SP HEIGHT="35" WIDTH="33" VPOS="2432" HPOS="1676"/>
<String CONTENT="cosmic" HEIGHT="53" WIDTH="205" VPOS="2415" HPOS="1710"/>
<SP HEIGHT="34" WIDTH="37" VPOS="2434" HPOS="1916"/>
<String CONTENT="theory" HEIGHT="69" WIDTH="197" VPOS="2417" HPOS="1954"/>
</TextLine>
<TextLine HEIGHT="135" WIDTH="1988" VPOS="2487" HPOS="139" STYLEREFS="StyleId-2816FE25-6E76-472B-999D-63EDCE8AFB72-" CS="1">
<String CONTENT="set" HEIGHT="49" WIDTH="84" VPOS="2495" HPOS="139"/>
<SP HEIGHT="54" WIDTH="44" VPOS="2489" HPOS="224"/>
<String CONTENT="forth" HEIGHT="53" WIDTH="161" VPOS="2489" HPOS="269"/>
<SP HEIGHT="52" WIDTH="44" VPOS="2490" HPOS="431"/>
<String CONTENT="by" HEIGHT="68" WIDTH="75" VPOS="2490" HPOS="476"/>
<SP HEIGHT="69" WIDTH="43" VPOS="2489" HPOS="552"/>
<String CONTENT="Emanuel" HEIGHT="53" WIDTH="284" VPOS="2489" HPOS="596"/>
<SP HEIGHT="57" WIDTH="46" VPOS="2487" HPOS="881"/>
<String CONTENT="Swedenborg." HEIGHT="72" WIDTH="403" VPOS="2487" HPOS="928"/>
<SP HEIGHT="54" WIDTH="73" VPOS="2490" HPOS="1332"/>
<String CONTENT="New" HEIGHT="54" WIDTH="140" VPOS="2490" HPOS="1406"/>
<SP HEIGHT="52" WIDTH="45" VPOS="2491" HPOS="1547"/>
<String CONTENT="York," HEIGHT="69" WIDTH="181" VPOS="2491" HPOS="1593"/>
<SP HEIGHT="66" WIDTH="44" VPOS="2494" HPOS="1775"/>
<String CONTENT="The" HEIGHT="53" WIDTH="120" VPOS="2494" HPOS="1820"/>
<SP HEIGHT="52" WIDTH="46" VPOS="2495" HPOS="1941"/>
<String CS="1" CONTENT="New-church" HEIGHT="127" WIDTH="1987" VPOS="2495" HPOS="140"/>
</TextLine>
<TextLine HEIGHT="67" WIDTH="391" VPOS="2569" HPOS="384" STYLEREFS="StyleId-2816FE25-6E76-472B-999D-63EDCE8AFB72-" CS="1">
<String CONTENT="press" HEIGHT="50" WIDTH="160" VPOS="2586" HPOS="384"/>
<SP HEIGHT="47" WIDTH="36" VPOS="2588" HPOS="545"/>
<String CS="1" CONTENT="["/>
<String STYLE="superscript" CS="1" CONTENT="&#7580;1"/>
<String CONTENT="928]" HEIGHT="66" WIDTH="119" VPOS="2569" HPOS="656"/>
</TextLine>
<TextLine HEIGHT="50" WIDTH="679" VPOS="2650" HPOS="211" STYLEREFS="StyleId-2816FE25-6E76-472B-999D-63EDCE8AFB72-" CS="1">
<String CONTENT="vi," HEIGHT="48" WIDTH="61" VPOS="2652" HPOS="211"/>
<SP HEIGHT="46" WIDTH="35" VPOS="2654" HPOS="273"/>
<String CONTENT="130" HEIGHT="40" WIDTH="85" VPOS="2652" HPOS="309"/>
<SP HEIGHT="48" WIDTH="33" VPOS="2652" HPOS="395"/>
<String CONTENT="p." HEIGHT="38" WIDTH="43" VPOS="2662" HPOS="429"/>
<SP HEIGHT="40" WIDTH="59" VPOS="2651" HPOS="473"/>
<String CONTENT="diagrs." HEIGHT="48" WIDTH="181" VPOS="2651" HPOS="533"/>
<SP HEIGHT="40" WIDTH="57" VPOS="2651" HPOS="715"/>
<String CS="1" CONTENT="20&#7580;&#7504;." HEIGHT="41" WIDTH="117" VPOS="2650" HPOS="773"/>
</TextLine>
<TextLine HEIGHT="107" WIDTH="1988" VPOS="2719" HPOS="147" CS="1">
<String CONTENT="&#169;" HEIGHT="52" WIDTH="51" VPOS="2719" HPOS="147"/>
<SP HEIGHT="52" WIDTH="32" VPOS="2719" HPOS="199"/>
<String CONTENT="Sept." HEIGHT="48" WIDTH="127" VPOS="2722" HPOS="232"/>
<SP HEIGHT="39" WIDTH="28" VPOS="2723" HPOS="360"/>
<String CONTENT="10," HEIGHT="48" WIDTH="69" VPOS="2721" HPOS="389"/>
<SP HEIGHT="47" WIDTH="28" VPOS="2722" HPOS="459"/>
<String CONTENT="1928;" HEIGHT="46" WIDTH="141" VPOS="2721" HPOS="488"/>
<SP HEIGHT="46" WIDTH="29" VPOS="2721" HPOS="630"/>
<String CONTENT="2c." HEIGHT="40" WIDTH="67" VPOS="2721" HPOS="660"/>
<SP HEIGHT="30" WIDTH="27" VPOS="2731" HPOS="728"/>
<String CONTENT="and" HEIGHT="39" WIDTH="98" VPOS="2721" HPOS="756"/>
<SP HEIGHT="39" WIDTH="26" VPOS="2721" HPOS="855"/>
<String CONTENT="aff." HEIGHT="41" WIDTH="82" VPOS="2720" HPOS="882"/>
<SP HEIGHT="40" WIDTH="28" VPOS="2721" HPOS="965"/>
<String CONTENT="Oct." HEIGHT="40" WIDTH="102" VPOS="2721" HPOS="994"/>
<SP HEIGHT="39" WIDTH="29" VPOS="2722" HPOS="1097"/>
<String CONTENT="17;" HEIGHT="47" WIDTH="82" VPOS="2721" HPOS="1127"/>
<SP HEIGHT="47" WIDTH="29" VPOS="2721" HPOS="1210"/>
<String CONTENT="A" HEIGHT="39" WIDTH="41" VPOS="2721" HPOS="1240"/>
<SP HEIGHT="41" WIDTH="27" VPOS="2721" HPOS="1282"/>
<String CONTENT="80;" HEIGHT="48" WIDTH="83" VPOS="2721" HPOS="1310"/>
<SP HEIGHT="47" WIDTH="28" VPOS="2722" HPOS="1394"/>
<String CONTENT="New-church" HEIGHT="43" WIDTH="323" VPOS="2722" HPOS="1423"/>
<SP HEIGHT="40" WIDTH="27" VPOS="2725" HPOS="1747"/>
<String CONTENT="board" HEIGHT="41" WIDTH="152" VPOS="2725" HPOS="1775"/>
<SP HEIGHT="40" WIDTH="28" VPOS="2727" HPOS="1928"/>
<String CONTENT="of" HEIGHT="40" WIDTH="52" VPOS="2727" HPOS="1957"/>
<SP HEIGHT="49" WIDTH="27" VPOS="2727" HPOS="2010"/>
<String CONTENT="publication," HEIGHT="97" WIDTH="1920" VPOS="2729" HPOS="215"/>
<SP HEIGHT="47" WIDTH="33" VPOS="2779" HPOS="431"/>
<String CONTENT="New" HEIGHT="38" WIDTH="117" VPOS="2779" HPOS="465"/>
<SP HEIGHT="39" WIDTH="32" VPOS="2778" HPOS="583"/>
<String CONTENT="York." HEIGHT="40" WIDTH="145" VPOS="2778" HPOS="616"/>
<SP HEIGHT="48" WIDTH="73" VPOS="2778" HPOS="762"/>
<String CS="1" CONTENT="(28-23987)" HEIGHT="49" WIDTH="256" VPOS="2777" HPOS="836"/>
</TextLine>
<TextLine HEIGHT="64" WIDTH="464" VPOS="2872" HPOS="142" STYLEREFS="StyleId-4D73604B-0A0D-4FDA-91A8-BCE30B9511CC-">
<String CONTENT="Sykes," HEIGHT="64" WIDTH="208" VPOS="2872" HPOS="142"/>
<SP HEIGHT="64" WIDTH="31" VPOS="2872" HPOS="351"/>
<String CONTENT="James." HEIGHT="54" WIDTH="223" VPOS="2872" HPOS="383"/>
</TextLine>
<TextLine HEIGHT="77" WIDTH="1943" VPOS="2951" HPOS="213" STYLEREFS="StyleId-2816FE25-6E76-472B-999D-63EDCE8AFB72-">
<String CONTENT="Mary" HEIGHT="68" WIDTH="171" VPOS="2952" HPOS="213"/>
<SP HEIGHT="67" WIDTH="30" VPOS="2953" HPOS="385"/>
<String CONTENT="Anne" HEIGHT="51" WIDTH="167" VPOS="2953" HPOS="416"/>
<SP HEIGHT="52" WIDTH="30" VPOS="2952" HPOS="584"/>
<String CONTENT="Disraeli;" HEIGHT="67" WIDTH="280" VPOS="2951" HPOS="615"/>
<SP HEIGHT="60" WIDTH="33" VPOS="2958" HPOS="896"/>
<String CONTENT="the" HEIGHT="52" WIDTH="95" VPOS="2952" HPOS="930"/>
<SP HEIGHT="35" WIDTH="29" VPOS="2970" HPOS="1026"/>
<String CONTENT="story" HEIGHT="63" WIDTH="159" VPOS="2959" HPOS="1056"/>
<SP HEIGHT="51" WIDTH="32" VPOS="2971" HPOS="1216"/>
<String CONTENT="of" HEIGHT="55" WIDTH="64" VPOS="2951" HPOS="1249"/>
<SP HEIGHT="55" WIDTH="29" VPOS="2951" HPOS="1314"/>
<String CONTENT="Viscountess" HEIGHT="57" WIDTH="368" VPOS="2953" HPOS="1344"/>
<SP HEIGHT="53" WIDTH="32" VPOS="2957" HPOS="1713"/>
<String CONTENT="Beaconsfield," HEIGHT="71" WIDTH="410" VPOS="2957" HPOS="1746"/>
</TextLine>
<TextLine HEIGHT="79" WIDTH="2013" VPOS="3029" HPOS="144" STYLEREFS="StyleId-2816FE25-6E76-472B-999D-63EDCE8AFB72-">
<String CONTENT="by" HEIGHT="68" WIDTH="76" VPOS="3031" HPOS="144"/>
<SP HEIGHT="68" WIDTH="34" VPOS="3031" HPOS="221"/>
<String CONTENT="James" HEIGHT="53" WIDTH="195" VPOS="3031" HPOS="256"/>
<SP HEIGHT="55" WIDTH="40" VPOS="3029" HPOS="452"/>
<String CONTENT="Sykes:" HEIGHT="70" WIDTH="207" VPOS="3029" HPOS="493"/>
<SP HEIGHT="55" WIDTH="43" VPOS="3029" HPOS="701"/>
<String CONTENT="foreword" HEIGHT="55" WIDTH="286" VPOS="3029" HPOS="745"/>
<SP HEIGHT="52" WIDTH="37" VPOS="3031" HPOS="1032"/>
<String CONTENT="by" HEIGHT="69" WIDTH="76" VPOS="3031" HPOS="1070"/>
<SP HEIGHT="70" WIDTH="36" VPOS="3030" HPOS="1147"/>
<String CONTENT="A." HEIGHT="54" WIDTH="74" VPOS="3030" HPOS="1184"/>
<SP HEIGHT="56" WIDTH="40" VPOS="3030" HPOS="1259"/>
<String CONTENT="G." HEIGHT="56" WIDTH="68" VPOS="3030" HPOS="1300"/>
<SP HEIGHT="55" WIDTH="41" VPOS="3031" HPOS="1369"/>
<String CONTENT="Gardiner." HEIGHT="57" WIDTH="306" VPOS="3031" HPOS="1411"/>
<SP HEIGHT="53" WIDTH="74" VPOS="3035" HPOS="1718"/>
<String CONTENT="New" HEIGHT="54" WIDTH="139" VPOS="3035" HPOS="1793"/>
<SP HEIGHT="54" WIDTH="40" VPOS="3036" HPOS="1933"/>
<String CONTENT="York," HEIGHT="72" WIDTH="183" VPOS="3036" HPOS="1974"/>
</TextLine>
<TextLine HEIGHT="70" WIDTH="1064" VPOS="3108" HPOS="141" STYLEREFS="StyleId-2816FE25-6E76-472B-999D-63EDCE8AFB72-">
<String CONTENT="D." HEIGHT="53" WIDTH="72" VPOS="3109" HPOS="141"/>
<SP HEIGHT="54" WIDTH="30" VPOS="3108" HPOS="214"/>
<String CONTENT="Appleton" HEIGHT="68" WIDTH="296" VPOS="3108" HPOS="245"/>
<SP HEIGHT="34" WIDTH="31" VPOS="3127" HPOS="542"/>
<String CONTENT="and" HEIGHT="52" WIDTH="113" VPOS="3109" HPOS="574"/>
<SP HEIGHT="52" WIDTH="33" VPOS="3109" HPOS="688"/>
<String CONTENT="company," HEIGHT="52" WIDTH="299" VPOS="3126" HPOS="722"/>
<SP HEIGHT="66" WIDTH="33" VPOS="3112" HPOS="1022"/>
<String CONTENT="1928." HEIGHT="52" WIDTH="149" VPOS="3111" HPOS="1056"/>
</TextLine>
<TextLine HEIGHT="54" WIDTH="1937" VPOS="3190" HPOS="217" CS="1">
<String CONTENT="xi" HEIGHT="40" WIDTH="53" VPOS="3190" HPOS="217"/>
<SP HEIGHT="49" WIDTH="27" VPOS="3190" HPOS="271"/>
<String CONTENT="p.," HEIGHT="38" WIDTH="58" VPOS="3201" HPOS="299"/>
<SP HEIGHT="47" WIDTH="29" VPOS="3191" HPOS="358"/>
<String CONTENT="3" HEIGHT="39" WIDTH="28" VPOS="3191" HPOS="388"/>
<SP/>
<String CS="1" CONTENT="l.,"/>
<SP HEIGHT="48" WIDTH="29" VPOS="3190" HPOS="493"/>
<String CONTENT="3-245," HEIGHT="48" WIDTH="159" VPOS="3190" HPOS="523"/>
<SP HEIGHT="31" WIDTH="34" VPOS="3209" HPOS="683"/>
<String STYLE="subscript" CONTENT="[" HEIGHT="31" WIDTH="11" VPOS="3209" HPOS="718"/>
<String CONTENT="1]" HEIGHT="49" WIDTH="41" VPOS="3191" HPOS="732"/>
<SP HEIGHT="39" WIDTH="32" VPOS="3201" HPOS="774"/>
<String CONTENT="p." HEIGHT="38" WIDTH="43" VPOS="3201" HPOS="807"/>
<SP HEIGHT="42" WIDTH="58" VPOS="3190" HPOS="851"/>
<String CONTENT="front.," HEIGHT="50" WIDTH="166" VPOS="3190" HPOS="910"/>
<SP HEIGHT="38" WIDTH="29" VPOS="3202" HPOS="1077"/>
<String CONTENT="plates," HEIGHT="48" WIDTH="174" VPOS="3193" HPOS="1107"/>
<SP HEIGHT="38" WIDTH="32" VPOS="3203" HPOS="1282"/>
<String CONTENT="ports.," HEIGHT="47" WIDTH="165" VPOS="3195" HPOS="1315"/>
<SP HEIGHT="48" WIDTH="30" VPOS="3194" HPOS="1481"/>
<String CONTENT="facsims.," HEIGHT="50" WIDTH="233" VPOS="3194" HPOS="1512"/>
<SP HEIGHT="37" WIDTH="32" VPOS="3207" HPOS="1746"/>
<String CONTENT="coat" HEIGHT="39" WIDTH="110" VPOS="3199" HPOS="1779"/>
<SP HEIGHT="40" WIDTH="31" VPOS="3199" HPOS="1890"/>
<String CONTENT="of" HEIGHT="42" WIDTH="52" VPOS="3197" HPOS="1922"/>
<SP HEIGHT="42" WIDTH="31" VPOS="3197" HPOS="1975"/>
<String CONTENT="arms." HEIGHT="33" WIDTH="147" VPOS="3209" HPOS="2007"/>
</TextLine>
<TextLine HEIGHT="43" WIDTH="148" VPOS="3247" HPOS="144" STYLEREFS="StyleId-D391AC6D-251F-4BAE-9A31-4087891417C0-" CS="1">
<String CS="1" CONTENT="21&#189;&#7580;&#7504;." HEIGHT="43" WIDTH="148" VPOS="3247" HPOS="144"/>
</TextLine>
<TextLine HEIGHT="57" WIDTH="1704" VPOS="3313" HPOS="150">
<String CONTENT="&#169;" HEIGHT="52" WIDTH="51" VPOS="3313" HPOS="150"/>
<SP HEIGHT="52" WIDTH="26" VPOS="3313" HPOS="202"/>
<String CONTENT="Oct." HEIGHT="40" WIDTH="101" VPOS="3317" HPOS="229"/>
<SP HEIGHT="38" WIDTH="26" VPOS="3318" HPOS="331"/>
<String CONTENT="12," HEIGHT="39" WIDTH="69" VPOS="3318" HPOS="358"/>
<SP HEIGHT="39" WIDTH="27" VPOS="3318" HPOS="428"/>
<String CONTENT="1928;" HEIGHT="47" WIDTH="139" VPOS="3317" HPOS="456"/>
<SP HEIGHT="46" WIDTH="27" VPOS="3318" HPOS="596"/>
<String CONTENT="2,c." HEIGHT="40" WIDTH="67" VPOS="3318" HPOS="624"/>
<SP HEIGHT="30" WIDTH="25" VPOS="3328" HPOS="692"/>
<String CONTENT="and" HEIGHT="39" WIDTH="96" VPOS="3318" HPOS="718"/>
<SP HEIGHT="40" WIDTH="25" VPOS="3318" HPOS="815"/>
<String CONTENT="aff." HEIGHT="42" WIDTH="81" VPOS="3317" HPOS="841"/>
<SP HEIGHT="41" WIDTH="26" VPOS="3318" HPOS="923"/>
<String CONTENT="Oct." HEIGHT="42" WIDTH="103" VPOS="3318" HPOS="950"/>
<SP HEIGHT="40" WIDTH="24" VPOS="3320" HPOS="1054"/>
<String CONTENT="16;" HEIGHT="47" WIDTH="82" VPOS="3319" HPOS="1079"/>
<SP HEIGHT="47" WIDTH="28" VPOS="3319" HPOS="1162"/>
<String CONTENT="A" HEIGHT="40" WIDTH="43" VPOS="3319" HPOS="1191"/>
<SP HEIGHT="40" WIDTH="21" VPOS="3319" HPOS="1235"/>
<String CONTENT="17;" HEIGHT="47" WIDTH="84" VPOS="3321" HPOS="1257"/>
<SP HEIGHT="47" WIDTH="27" VPOS="3321" HPOS="1342"/>
<String CONTENT="D." HEIGHT="41" WIDTH="57" VPOS="3321" HPOS="1370"/>
<SP HEIGHT="41" WIDTH="25" VPOS="3321" HPOS="1428"/>
<String CONTENT="Appleton" HEIGHT="49" WIDTH="242" VPOS="3321" HPOS="1454"/>
<SP HEIGHT="41" WIDTH="26" VPOS="3327" HPOS="1697"/>
<String CONTENT="&amp;" HEIGHT="41" WIDTH="36" VPOS="3327" HPOS="1724"/>
<SP HEIGHT="41" WIDTH="25" VPOS="3327" HPOS="1761"/>
<String CONTENT="co." HEIGHT="31" WIDTH="67" VPOS="3335" HPOS="1787"/>
</TextLine>
<TextLine HEIGHT="49" WIDTH="283" VPOS="3373" HPOS="226" STYLEREFS="StyleId-356DE4B7-9A6A-4E65-A0D3-341031F3F580-">
<String CONTENT="(28-24109)" HEIGHT="49" WIDTH="283" VPOS="3373" HPOS="226"/>
</TextLine>
<TextLine HEIGHT="64" WIDTH="554" VPOS="3467" HPOS="141" STYLEREFS="StyleId-4D73604B-0A0D-4FDA-91A8-BCE30B9511CC-">
<String CONTENT="Tarbell," HEIGHT="64" WIDTH="250" VPOS="3467" HPOS="141"/>
<SP HEIGHT="63" WIDTH="42" VPOS="3468" HPOS="392"/>
<String CONTENT="Martha." HEIGHT="55" WIDTH="260" VPOS="3467" HPOS="435"/>
</TextLine>
<TextLine HEIGHT="79" WIDTH="1941" VPOS="3545" HPOS="217" STYLEREFS="StyleId-2816FE25-6E76-472B-999D-63EDCE8AFB72-">
<String CONTENT="Tarbell&#8217;s" HEIGHT="53" WIDTH="278" VPOS="3545" HPOS="217"/>
<SP HEIGHT="46" WIDTH="27" VPOS="3552" HPOS="496"/>
<String CONTENT="teachers&#8217;" HEIGHT="53" WIDTH="272" VPOS="3546" HPOS="524"/>
<SP HEIGHT="70" WIDTH="25" VPOS="3546" HPOS="797"/>
<String CONTENT="guide" HEIGHT="69" WIDTH="172" VPOS="3547" HPOS="823"/>
<SP HEIGHT="47" WIDTH="27" VPOS="3554" HPOS="996"/>
<String CONTENT="to" HEIGHT="47" WIDTH="59" VPOS="3554" HPOS="1024"/>
<SP HEIGHT="48" WIDTH="27" VPOS="3554" HPOS="1084"/>
<String CONTENT="the" HEIGHT="53" WIDTH="97" VPOS="3549" HPOS="1112"/>
<SP HEIGHT="52" WIDTH="28" VPOS="3550" HPOS="1210"/>
<String CONTENT="International" HEIGHT="56" WIDTH="426" VPOS="3550" HPOS="1239"/>
<SP HEIGHT="56" WIDTH="31" VPOS="3552" HPOS="1666"/>
<String CONTENT="Sunday-school" HEIGHT="72" WIDTH="460" VPOS="3552" HPOS="1698"/>
</TextLine>
<TextLine HEIGHT="79" WIDTH="2010" VPOS="3623" HPOS="146" STYLEREFS="StyleId-2816FE25-6E76-472B-999D-63EDCE8AFB72-">
<String CONTENT="lessons" HEIGHT="52" WIDTH="210" VPOS="3624" HPOS="146"/>
<SP HEIGHT="52" WIDTH="46" VPOS="3623" HPOS="357"/>
<String CONTENT="improved" HEIGHT="68" WIDTH="300" VPOS="3623" HPOS="404"/>
<SP HEIGHT="52" WIDTH="46" VPOS="3625" HPOS="705"/>
<String CONTENT="uniform" HEIGHT="53" WIDTH="259" VPOS="3625" HPOS="752"/>
<SP HEIGHT="34" WIDTH="45" VPOS="3645" HPOS="1012"/>
<String CONTENT="course" HEIGHT="34" WIDTH="195" VPOS="3646" HPOS="1058"/>
<SP HEIGHT="53" WIDTH="46" VPOS="3627" HPOS="1254"/>
<String CONTENT="for" HEIGHT="54" WIDTH="95" VPOS="3627" HPOS="1301"/>
<SP HEIGHT="49" WIDTH="49" VPOS="3633" HPOS="1397"/>
<String CONTENT="1929." HEIGHT="49" WIDTH="150" VPOS="3633" HPOS="1447"/>
<SP HEIGHT="51" WIDTH="84" VPOS="3632" HPOS="1598"/>
<String CONTENT="Twenty-fourth" HEIGHT="70" WIDTH="473" VPOS="3632" HPOS="1683"/>
</TextLine>
<TextLine HEIGHT="153" WIDTH="1984" VPOS="3701" HPOS="148" STYLEREFS="StyleId-2816FE25-6E76-472B-999D-63EDCE8AFB72-" CS="1">
<String CONTENT="annual" HEIGHT="50" WIDTH="211" VPOS="3702" HPOS="149"/>
<SP HEIGHT="50" WIDTH="33" VPOS="3702" HPOS="361"/>
<String CONTENT="volume" HEIGHT="52" WIDTH="225" VPOS="3702" HPOS="395"/>
<SP HEIGHT="47" WIDTH="39" VPOS="3721" HPOS="621"/>
<String CS="1" CONTENT="[by]" HEIGHT="69" WIDTH="93" VPOS="3701" HPOS="677"/>
<SP HEIGHT="67" WIDTH="38" VPOS="3703" HPOS="771"/>
<String CONTENT="Martha" HEIGHT="54" WIDTH="236" VPOS="3703" HPOS="810"/>
<SP HEIGHT="51" WIDTH="33" VPOS="3706" HPOS="1047"/>
<String CONTENT="Tarbell," HEIGHT="69" WIDTH="251" VPOS="3705" HPOS="1081"/>
<SP HEIGHT="49" WIDTH="33" VPOS="3725" HPOS="1333"/>
<String CONTENT="ph." HEIGHT="35" WIDTH="99" VPOS="3725" HPOS="1367"/>
<SP HEIGHT="34" WIDTH="35" VPOS="3727" HPOS="1467"/>
<String CONTENT="d." HEIGHT="34" WIDTH="47" VPOS="3727" HPOS="1503"/>
<SP HEIGHT="54" WIDTH="73" VPOS="3708" HPOS="1551"/>
<String CONTENT="New" HEIGHT="54" WIDTH="140" VPOS="3708" HPOS="1625"/>
<SP HEIGHT="51" WIDTH="35" VPOS="3712" HPOS="1766"/>
<String CONTENT="York," HEIGHT="60" WIDTH="182" VPOS="3711" HPOS="1802"/>
<SP HEIGHT="59" WIDTH="36" VPOS="3712" HPOS="1985"/>
<String CONTENT="Chicago" HEIGHT="132" WIDTH="1984" VPOS="3712" HPOS="148"/>
<SP HEIGHT="47" WIDTH="35" VPOS="3797" HPOS="287"/>
<String CONTENT="[etc.]" HEIGHT="60" WIDTH="138" VPOS="3784" HPOS="323"/>
<SP HEIGHT="64" WIDTH="37" VPOS="3780" HPOS="462"/>
<String CONTENT="Fleming" HEIGHT="69" WIDTH="268" VPOS="3780" HPOS="500"/>
<SP HEIGHT="68" WIDTH="27" VPOS="3781" HPOS="769"/>
<String CONTENT="H." HEIGHT="53" WIDTH="77" VPOS="3781" HPOS="797"/>
<SP HEIGHT="52" WIDTH="32" VPOS="3782" HPOS="875"/>
<String CONTENT="Revell" HEIGHT="54" WIDTH="200" VPOS="3782" HPOS="908"/>
<SP HEIGHT="51" WIDTH="30" VPOS="3785" HPOS="1109"/>
<String CONTENT="company" HEIGHT="52" WIDTH="283" VPOS="3802" HPOS="1140"/>
<SP HEIGHT="50" WIDTH="38" VPOS="3804" HPOS="1424"/>
<String CS="1" CONTENT="[&#7580;1928]" HEIGHT="66" WIDTH="193" VPOS="3788" HPOS="1463"/>
</TextLine>
<TextLine HEIGHT="56" WIDTH="1261" VPOS="3859" HPOS="218" CS="1">
<String CONTENT="432" HEIGHT="41" WIDTH="88" VPOS="3859" HPOS="218"/>
<SP HEIGHT="48" WIDTH="25" VPOS="3860" HPOS="307"/>
<String CONTENT="p." HEIGHT="37" WIDTH="42" VPOS="3871" HPOS="333"/>
<SP HEIGHT="39" WIDTH="56" VPOS="3861" HPOS="376"/>
<String CONTENT="front.," HEIGHT="46" WIDTH="164" VPOS="3861" HPOS="433"/>
<SP HEIGHT="45" WIDTH="29" VPOS="3862" HPOS="598"/>
<String CONTENT="illus.," HEIGHT="49" WIDTH="142" VPOS="3862" HPOS="628"/>
<SP HEIGHT="38" WIDTH="29" VPOS="3874" HPOS="771"/>
<String CONTENT="plates," HEIGHT="50" WIDTH="173" VPOS="3863" HPOS="801"/>
<SP HEIGHT="37" WIDTH="28" VPOS="3876" HPOS="975"/>
<String CONTENT="col." HEIGHT="41" WIDTH="86" VPOS="3866" HPOS="1004"/>
<SP HEIGHT="30" WIDTH="29" VPOS="3877" HPOS="1091"/>
<String CONTENT="maps." HEIGHT="39" WIDTH="153" VPOS="3876" HPOS="1121"/>
<SP HEIGHT="39" WIDTH="56" VPOS="3869" HPOS="1275"/>
<String CS="1" CONTENT="22&#189;&#7580;&#7504;." HEIGHT="42" WIDTH="147" VPOS="3868" HPOS="1332"/>
</TextLine>
<TextLine HEIGHT="69" WIDTH="1921" VPOS="3922" HPOS="154">
<String CONTENT="&#169;" HEIGHT="52" WIDTH="51" VPOS="3922" HPOS="154"/>
<SP HEIGHT="52" WIDTH="28" VPOS="3922" HPOS="206"/>
<String CONTENT="Sept." HEIGHT="49" WIDTH="128" VPOS="3926" HPOS="235"/>
<SP HEIGHT="39" WIDTH="25" VPOS="3929" HPOS="364"/>
<String CONTENT="29," HEIGHT="47" WIDTH="69" VPOS="3929" HPOS="390"/>
<SP HEIGHT="45" WIDTH="26" VPOS="3931" HPOS="460"/>
<String CONTENT="1928;" HEIGHT="49" WIDTH="141" VPOS="3929" HPOS="487"/>
<SP HEIGHT="46" WIDTH="27" VPOS="3932" HPOS="629"/>
<String CONTENT="2c." HEIGHT="39" WIDTH="65" VPOS="3932" HPOS="657"/>
<SP HEIGHT="29" WIDTH="28" VPOS="3943" HPOS="723"/>
<String CONTENT="and" HEIGHT="39" WIDTH="97" VPOS="3934" HPOS="752"/>
<SP HEIGHT="39" WIDTH="25" VPOS="3934" HPOS="850"/>
<String CONTENT="aff." HEIGHT="42" WIDTH="82" VPOS="3933" HPOS="876"/>
<SP HEIGHT="40" WIDTH="28" VPOS="3935" HPOS="959"/>
<String CONTENT="Oct." HEIGHT="42" WIDTH="102" VPOS="3935" HPOS="988"/>
<SP HEIGHT="40" WIDTH="27" VPOS="3937" HPOS="1091"/>
<String CONTENT="19;" HEIGHT="47" WIDTH="81" VPOS="3936" HPOS="1119"/>
<SP HEIGHT="45" WIDTH="28" VPOS="3938" HPOS="1201"/>
<!-- cceid 28C2BB11-6CB2-1014-A20E-B9D6251C946A --><String CONTENT="A" HEIGHT="38" WIDTH="42" VPOS="3938" HPOS="1230"/>
<SP HEIGHT="38" WIDTH="25" VPOS="3938" HPOS="1273"/>
<String CONTENT="1206;" HEIGHT="50" WIDTH="142" VPOS="3937" HPOS="1299"/>
<SP HEIGHT="48" WIDTH="29" VPOS="3939" HPOS="1442"/>
<String CONTENT="Fleming" HEIGHT="52" WIDTH="222" VPOS="3939" HPOS="1472"/>
<SP HEIGHT="48" WIDTH="24" VPOS="3943" HPOS="1695"/>
<String CONTENT="H." HEIGHT="41" WIDTH="61" VPOS="3943" HPOS="1720"/>
<SP HEIGHT="41" WIDTH="27" VPOS="3943" HPOS="1782"/>
<String CONTENT="Revell" HEIGHT="40" WIDTH="167" VPOS="3943" HPOS="1810"/>
<SP HEIGHT="39" WIDTH="27" VPOS="3945" HPOS="1978"/>
<String CONTENT="co." HEIGHT="30" WIDTH="69" VPOS="3954" HPOS="2006"/>
</TextLine>
</TextBlock>
</PrintSpace>
</Page>
</Layout>
</alto>