2498 4384
1262 4093 101 49 574

306 525 2003 71 tion, by Edmund Davison Soper … Garden City, N. Y.,
305 606 358 68 Doubleday,
695 606 199 52 Doran
928 608 45 49 &
1007 623 300 51 company,
1337 605 127 66 inc.,
1501 607 150 50 1928.

377 686 1105 50 xiv, 156 p. front., plates, ports. 19½ ᶜᵐ .
377 746 74 38 An
487 744 378 49 interpretation
899 745 52 40 of
986 746 82 39 the
1103 745 168 40 World
1305 744 285 41 conference
1627 756 59 28 on
1720 743 131 41 faith
1886 745 96 39 and
2019 746 144 38 order
2197 746 110 40 held

307 806 51 38 at
386 804 259 39 Lausanne
670 803 51 39 in
747 803 128 41 1927.

315 858 51 51 ©
393 863 123 38 Mar.
541 861 39 48 9,
606 860 141 47 1928;
774 861 68 40 2c.
867 861 95 39 and
988 860 83 41 aff.
1096 860 114 48 Apr.
1236 859 26 40 9;
1317 859 41 40 A
1382 860 202 40 1068822;
1640 860 299 49 Doubleday,
1967 861 168 40 Doran
2162 865 36 40 &
2224 873 82 37 co.,

381 918 93 41 inc.
545 917 281 50 (28-10543)

305 1012 285 62 Starrett,
622 1011 272 63 Vincent,
928 1014 171 49 1886-

377 1088 272 69 Seaports
691 1088 61 53 in
790 1088 97 53 the
925 1106 196 49 moon;
1165 1107 31 33 a
1239 1088 252 53 fantasia
1529 1107 73 34 on
1643 1088 280 53 romantic
1963 1089 232 66 themes,
2234 1089 76 70 by

304 1167 248 54 Vincent
592 1166 267 56 Starrett.
935 1166 233 54 Garden
1206 1165 155 70 City,
1396 1166 71 52 N.
1507 1166 90 67 Y.,
1634 1166 357 69 Doubleday,
2027 1167 198 52 Doran
2264 1170 47 49 &

304 1263 298 50 company,
631 1244 126 67 inc.,
786 1246 151 51 1928.

373 1327 568 50 5 p. l., 289 p. 19½ ᶜᵐ .
314 1381 51 52 ©
395 1386 123 39 Mar.
546 1385 70 47 23,
647 1383 140 46 1928;
818 1384 68 40 2c.
914 1384 96 39 and
1039 1382 83 41 aff.
1152 1381 114 49 Apr.
1296 1382 56 40 19;
1410 1382 41 40 A
1480 1383 230 47 1069816;
1743 1384 299 49 Doubleday,
2076 1385 166 39 Doran
2273 1386 36 40 &

383 1452 83 37 co.,
503 1440 91 41 inc.
665 1439 281 49 (28-10628)

309 1535 230 60 Stuart,
569 1533 275 63 William,
880 1536 170 50 1865-

441 1612 1869 70 … The potato; its culture, uses, history and classification, by
300 1690 2010 69 William Stuart … 3d ed., rev. Philadelphia and London,
302 1770 1045 68 J. B. Lippincott company [ ᶜ 1928]
375 1852 1934 49 ix, xv , 518 p. front., illus., IV col. pl., diagrs. 21½ ᶜᵐ . (Lippincott’s
301 1912 182 47 college
509 1912 143 43 texts,
680 1910 314 48 agriculture,
1021 1911 72 39 ed.
1120 1910 62 47 by
1208 1910 59 41 K.
1296 1909 49 41 C.
1372 1909 178 47 Davis)

376 1969 133 40 Each
535 1969 133 48 plate
694 1967 343 48 accompanied
1062 1967 62 48 by
1149 1968 156 47 guard
1333 1967 137 40 sheet
1494 1967 118 40 with
1640 1966 292 49 descriptive
1960 1968 298 47 letterpress.

375 2026 321 40 “References
723 2024 154 41 cited”
904 2027 52 38 at
978 2026 92 39 end
1095 2024 53 41 of
1169 2027 128 38 most
1320 2024 53 40 of
1395 2025 82 40 the
1501 2024 241 48 chapters.

313 2079 51 52 ©
392 2084 112 40 Feb.
531 2083 68 47 29,
627 2083 141 46 1928;
796 2083 67 40 2c.
890 2085 95 39 and
1012 2081 82 42 aff.
1120 2082 115 47 Apr.
1263 2082 81 46 12;
1373 2081 41 40 A
1440 2081 229 47 1069689;
1699 2082 44 40 J.
1770 2082 54 41 B.
1852 2081 280 48 Lippincott
2159 2094 68 29 co.

393 2138 282 51 (28-10700)

309 2233 448 70 [Summerfield,
788 2232 247 68 Woolfe]
1075 2232 171 54 1897-

378 2313 290 52 Fraudem
705 2313 177 63 Bear;
920 2311 96 53 the
1050 2316 158 64 story
1244 2309 65 54 of
1342 2329 31 34 a
1408 2312 237 51 modern
1679 2311 144 67 Jew,
1856 2310 78 69 by
1969 2312 124 51 Ben

311 2312 1969 148 Mowshay
545 2392 152 52 [pseud.]
792 2390 275 67 [London]
1100 2390 189 53 Hurst
1315 2392 46 50 &
1387 2389 284 60 Blackett,
1698 2389 104 53 ltd.
1837 2393 171 64 [1928]

378 2473 477 50 287, [1] p. 19½ ᶜᵐ .
313 2527 1992 52 © 1c. Mar. 15, 1928; A ad int. 10781; pubd. Mar. 2; W. Summerfield,
380 2589 213 40 London.
667 2586 281 50 (28-10879)

301 2681 252 62 Tolzien,
591 2680 288 63 Gerhard,
918 2680 171 54 1870-

375 2761 114 52 Ein
530 2761 290 68 jahrgang
862 2759 413 69 zeitpredigten
1320 2758 138 53 über
1498 2759 92 53 die
1633 2760 433 68 evangelischen
309 2759 1973 133 lektionen

465 2836 1841 70 des kirchenjahres, von d. Gerhard Tolzien … 1. bd.
312 2916 293 55 Schwerin
634 2916 35 52 i.
698 2915 263 68 Mecklb.,
989 2915 65 53 F.
1084 2915 188 67 Bahn,
1302 2918 150 51 1928.

377 2998 306 41 1 v. 24½ ᶜᵐ .
313 3051 1879 52 © Sept. 15, 1927; 1c. Nov. 8; A—Foreign 36479; Friedrich Bahn.
391 3112 282 48 (28-10546)

302 3205 192 62 Tuite,
528 3204 201 65 Hugh.

376 3284 122 52 The
548 3283 338 69 Rampayne
934 3288 431 63 temperament,
1416 3283 76 69 by
1542 3283 182 69 Hugh
1777 3283 187 53 Tuite.
2051 3283 259 66 London,

304 3360 369 54 Hutchinson
696 3363 47 50 &
766 3379 99 50 co.,
886 3361 104 53 ltd.
1042 3364 153 64 [1928]

375 3442 358 48 286 p. 19½ ᶜᵐ .
313 3495 1995 55 © 1c. Apr. 5, 1928; A ad int. 10861; pubd. Feb. 10; Hugh George Spencer
381 3557 158 47 Tuite,
570 3557 212 40 London.
853 3557 281 50 (28-11405)

305 3651 131 52 Van
474 3649 326 65 Gaasbeek,
834 3650 258 54 Richard
1126 3652 436 63 Montgomery,
1600 3651 171 54 1877-

374 3728 57 52 A
473 3728 276 68 practical
789 3746 194 36 course
1023 3729 60 52 in
1124 3728 134 53 roof
1297 3728 285 70 framing;
1624 3730 97 52 the
1759 3730 350 69 underlying
305 3729 1977 144 principles

508 3806 114 52 and
650 3805 151 54 their
829 3806 356 68 application
1210 3813 59 47 to
1298 3807 276 68 practical
1603 3807 158 53 work;
1819 3808 306 68 especially
305 3808 1977 127 written

451 3882 93 53 for
594 3882 274 69 foremen,
912 3883 374 69 journeymen
1335 3885 114 52 and
1497 3885 333 68 apprentice
1875 3885 432 67 woodworkers,

305 3961 114 54 and
454 3980 59 35 as
548 3980 31 35 a
613 3966 123 55 text
765 3961 148 54 book
947 3961 93 54 for
1073 3963 237 68 schools,
1341 3962 77 70 by
1449 3962 256 58 Richard
1737 3964 64 54 M.
1849 3964 130 61 Van
2013 3963 294 62 Gaasbeek
