2498 4384
1311 4116 101 49 814

436 527 129 39 “The
604 527 340 47 grammatical
986 530 111 44 part
1138 527 52 40 of
1231 527 98 40 this
1368 527 123 40 book
1531 529 243 46 appeared
1813 528 51 39 in
1900 528 138 39 three
2079 528 288 48 pamphlets,

363 583 967 48 parts I , II, and III, in 1926.”—Pref.
375 635 53 52 ©
461 640 114 46 May
605 639 39 48 5,
677 639 116 40 1928;
851 640 68 39 2c.
951 641 97 37 and
1079 639 82 41 aff.
1196 639 114 47 May
1343 638 80 47 10;
1459 640 41 38 A
1532 639 228 47 1077194;
1796 640 169 47 Henry
1997 640 120 40 Holt
2148 639 37 40 &
2216 651 67 29 co.

454 695 280 49 (28-13586)

369 790 288 63 Leonard,
686 788 256 56 William
973 788 218 65 Elierjr,
1223 788 171 55 1876-

437 868 1931 70 The Poet of Galilee, by William Ellery Leonard … New
369 948 177 67 York,
576 948 123 52 The
726 947 220 69 Viking
975 966 175 49 press,
1180 950 151 51 1928.

435 1029 559 48 14 p. l., 3-159 p. 19½ ᶜᵐ.
374 1083 53 52 ©
463 1088 115 47 May
613 1088 70 47 14,
718 1087 115 40 1928;
897 1088 68 40 2c.
1002 1088 97 39 and
1135 1087 82 41 aff.
1256 1089 115 47 May
1406 1088 56 39 26;
1528 1088 41 39 A
1605 1088 205 41 1077487;
1875 1088 180 48 Viking
2090 1099 151 38 press,
2278 1089 91 41 inc.

447 1139 69 56 [©
549 1154 107 30 new
686 1144 245 40 foreword
964 1145 96 39 and
1095 1144 238 40 revisions
1366 1144 51 40 in
1451 1146 119 48 text]
1644 1145 281 50 (28-13861)

366 1237 205 63 Levin,
600 1237 182 54 Jacob
813 1237 178 64 Leon,
1024 1241 172 50 1884-

357 1327 1855 110 … מ עשות און לעגע נ דעס פון דער אירישער געשיכטע
851 1431 1435 102 … ניריאר ק , פ אַ רל אַ ג ״אידישע שול״, 1928 .
477 1587 610 50 x, 117 p. illus. 20 ½ᶜᵐ .
432 1641 1175 44 Author’s name יעקבעווין at head of title.
441 1702 130 41 Title
625 1702 420 49 (transliterated)
1073 1712 9 29 :
1131 1703 196 39 Maasos
1373 1712 66 29 un
1483 1703 224 47 legendes
1753 1702 91 40 fun
1890 1703 87 39 der
2021 1702 228 41 Yidisher
367 1712 1984 88 geschichte.

371 1812 53 52 ©
462 1817 114 47 Apr.
614 1817 69 47 17,
721 1816 141 47 1928;
902 1816 68 40 2c.
1007 1817 115 46 Apr.
1160 1815 83 48 19;
1285 1815 81 41 aff.
1405 1816 114 47 Apr.
1558 1815 82 48 18;
1680 1815 43 39 A
1758 1815 231 48 1074104;
2030 1816 44 41 J.
2113 1817 51 40 L.
2203 1816 164 48 Levin,

441 1873 117 40 New
593 1873 144 40 York.
809 1872 282 49 (28-13825)

364 1967 211 64 Lewis,
606 1968 222 53 Harold
858 1966 316 64 MacLean,
1210 1970 172 50 1889-

361 2045 2005 226 Transit and transportation, and a study of port and industrial areas and their relation to transportation … By Harold M. Lewis … with supplementary reports by William J.
359 2282 2007 69 Wilgus and Daniel L. Turner … New York, Regional plan
361 2360 65 54 of
452 2362 138 53 New
618 2361 164 53 York
809 2362 113 53 and
950 2360 75 55 its
1053 2361 283 68 environs,
1367 2364 150 51 1928.

362 2444 2004 106 3 p. l., 3-226 p. front., illus., maps (1 fold.) diagrs. 28½ ᶜᵐ. (Half-title: Regional survey of New York and its environs, vol. IV)
359 2559 2008 106 Part I is a revised edition of “The transit and transportation problem” published, 1926, as monograph no. 2 of the Engineering series of
359 2675 84 39 the
468 2674 236 48 Regional
728 2675 115 47 plan
868 2673 51 41 of
945 2675 118 39 New
1087 2675 132 39 York
1246 2675 96 39 and
1366 2674 65 40 its
1456 2674 243 42 environs.

430 2731 351 48 Bibliography
799 2741 9 29 :
840 2742 44 37 p.
915 2731 219 41 215-218.

369 2785 1979 167 © Apr. 27, 1928; 1c. May 5; 1c. May 19; aff. May 7; A 1074642; Committee on regional plan of New York & its environs. (28-13547)
360 2982 207 64 Lilley,
600 2984 221 51 Ernest
851 2983 329 63 Raymond.

357 3060 1989 149 The geology of petroleum and natural gas, by Ernest Raymond Lilley … New York, D. Van Nostrand company, inc.,
361 3221 151 49 1928.

466 3299 1443 54 x, 524 p. , illus. (incl. maps) diagrs. 23½ ᶜᵐ. $6.00
432 3358 248 41 “Selected
708 3357 366 49 bibliography”
1104 3360 51 38 at
1185 3359 91 39 end
1307 3358 52 40 of
1386 3360 126 39 most
1541 3358 51 41 of
1620 3359 83 40 the
1731 3359 242 47 chapters.

367 3411 52 53 ©
449 3417 113 46 May
590 3416 40 47 1,
659 3415 117 40 1928;
830 3416 68 40 2c.
929 3417 114 46 May
1070 3416 56 38 22;
1186 3415 83 41 aff.
1300 3417 114 47 May
1442 3417 55 38 17;
1555 3416 41 39 A
1625 3415 203 41 1077395;
1888 3416 57 40 D.
1977 3416 106 40 Van
2113 3415 248 40 Nostrand

435 3483 82 37 co.,
548 3472 90 41 inc.
710 3472 280 49 (28-13661)

361 3551 278 64 Lindsey,
670 3551 317 64 Benjamin
1018 3553 170 62 Barr,
1222 3555 170 50 1869-

426 3630 220 52 Debate
682 3630 251 52 between
970 3631 193 68 Judge
1202 3632 124 50 Ben
1363 3630 251 68 Lindsey
1654 3631 111 52 and
1807 3630 68 54 G.
1916 3629 62 54 C.
2018 3631 232 51 Brewer
2287 3647 70 33 on

356 3705 491 69 “Companionate
897 3707 340 69 marriage”.
1323 3707 393 68 Auditorium,
1769 3707 117 69 city
1939 3706 66 54 of
2055 3705 306 69 Memphis,

355 3784 1981 146 April 2, 1928. Cincinnati, O., The Christian leader corporation [ ᶜ1 928]
427 3946 54 41 52
511 3957 43 38 p.
614 3946 146 42 19½ᶜᵐ.

367 3998 53 52 ©
450 4003 113 48 May
592 4002 68 49 19,
690 4003 114 40 1928;
861 4003 67 41 2c.
958 4004 114 46 May
1099 4004 56 38 24;
1212 4002 84 42 aff.
1326 4004 113 46 May
1467 4002 56 40 25;
1581 4003 41 38 A
1650 4002 206 41 1077470;
1914 4002 251 41 Christian
2194 4003 165 39 leader

436 4070 126 37 corp.
633 4059 280 48 (28-13988)
