<alto xmlns="http://www.loc.gov/standards/alto/ns-v3#" xmlns:xlink="http://www.w3.org/1999/xlink" xmlns:xsi="http://www.w3.org/2001/XMLSchema-instance" xsi:schemaLocation="http://www.loc.gov/standards/alto/ns-v3# http://www.loc.gov/alto/v3/alto-3-0.xsd"><Description>
<MeasurementUnit>pixel</MeasurementUnit>
<sourceImageInformation>
<fileName>1928_v25_part001.pdf</fileName>
</sourceImageInformation>
<OCRProcessing ID="IdOcr">
<ocrProcessingStep>
<processingDateTime>2019-04-12</processingDateTime>
<processingSoftware>
<softwareCreator>ABBYY</softwareCreator>
<softwareName>ABBYY Recognition Server</softwareName>
<softwareVersion>4.0</softwareVersion>
</processingSoftware>
</ocrProcessingStep>
</OCRProcessing>
</Description>
<Styles>
<ParagraphStyle ID="StyleId-FFFFFFFF-FFFF-FFFF-FFFF-FFFFFFFFFFFF-" ALIGN="Left" LEFT="0." RIGHT="0." FIRSTLINE="0."/>
<ParagraphStyle ID="StyleId-0ECAC0CE-E1F0-4C69-A1B9-95E16886343B-" ALIGN="Left" LEFT="0." RIGHT="0." FIRSTLINE="0." LINESPACE="8.300000191"/>
<ParagraphStyle ID="StyleId-5C6F7A30-EC6F-4250-A8D3-0AE106DCDB5D-" ALIGN="Left" LEFT="0." RIGHT="0." FIRSTLINE="-13." LINESPACE="11.22999954"/>
<ParagraphStyle ID="StyleId-B258737E-7AF8-4B71-A0BF-0A1420B951F9-" ALIGN="Left" LEFT="0." RIGHT="0." FIRSTLINE="-13." LINESPACE="8.210000038"/>
<ParagraphStyle ID="StyleId-35C0EFA5-E89E-4731-B16E-5D3895F12270-" ALIGN="Block" LEFT="0." RIGHT="0." FIRSTLINE="-12." LINESPACE="11.22999954"/>
<ParagraphStyle ID="StyleId-7BD1F9B4-14BB-4AAF-864B-FED8FEA7DC43-" ALIGN="Left" LEFT="0." RIGHT="0." FIRSTLINE="0."/>
<ParagraphStyle ID="StyleId-CD2DA0E5-536D-42AE-AE16-8D9F5C008D5A-" ALIGN="Block" LEFT="0." RIGHT="0." FIRSTLINE="-12." LINESPACE="10."/>
<ParagraphStyle ID="StyleId-AF408F88-EED5-4CE2-A229-3F852C18D9BD-" ALIGN="Block" LEFT="0." RIGHT="0." FIRSTLINE="-14." LINESPACE="10."/>
<ParagraphStyle ID="StyleId-829CD741-943D-4B7B-9638-57AB73DE2567-" ALIGN="Center" LEFT="0." RIGHT="0." FIRSTLINE="0." LINESPACE="9.399999619"/>
<ParagraphStyle ID="StyleId-B271BDFA-6037-4875-BA99-885A067668E9-" ALIGN="Left" LEFT="0." RIGHT="0." FIRSTLINE="-14." LINESPACE="11.21000004"/>
<ParagraphStyle ID="StyleId-64F9C1D8-EA12-4F65-AD18-B72A4C6B556F-" ALIGN="Center" LEFT="0." RIGHT="0." FIRSTLINE="0." LINESPACE="11.60000038"/>
<ParagraphStyle ID="StyleId-44DA2756-E57B-4EF3-9BA4-FC1C14776DE3-" ALIGN="Left" LEFT="0." RIGHT="0." FIRSTLINE="-12." LINESPACE="12.19999981"/>
<ParagraphStyle ID="StyleId-D1D9AF19-8CA6-4F74-9AEC-1B4545205AD7-" ALIGN="Center" LEFT="0." RIGHT="0." FIRSTLINE="0." LINESPACE="11.60000038"/>
<ParagraphStyle ID="StyleId-3ADA1556-6D19-417D-8046-68449BF368BA-" ALIGN="Left" LEFT="0." RIGHT="0." FIRSTLINE="-13." LINESPACE="12.19999981"/>
<ParagraphStyle ID="StyleId-7443A930-B325-44B5-9AB8-B42B4EC78C89-" ALIGN="Block" LEFT="0." RIGHT="0." FIRSTLINE="13." LINESPACE="8.619999886"/>
<ParagraphStyle ID="StyleId-C9A9E480-E448-4934-9AF8-3D252792E396-" ALIGN="Left" LEFT="0." RIGHT="0." FIRSTLINE="-12." LINESPACE="11.38000011"/>
<ParagraphStyle ID="StyleId-73039842-464C-49B9-9440-4C0D0E749DFE-" ALIGN="Center" LEFT="0." RIGHT="0." FIRSTLINE="0." LINESPACE="11.10000038"/>
<ParagraphStyle ID="StyleId-C51F6AC2-80DA-4C65-849C-6E2D5F548EA4-" ALIGN="Left" LEFT="0." RIGHT="0." FIRSTLINE="0." LINESPACE="7.699999809"/>
<ParagraphStyle ID="StyleId-494190D9-BDDC-4834-A745-6AF520F91CD0-" ALIGN="Block" LEFT="0." RIGHT="0." FIRSTLINE="-12." LINESPACE="11.22999954"/>
<ParagraphStyle ID="StyleId-68D39D31-3386-4B28-8C90-DA9420961D78-" ALIGN="Left" LEFT="0." RIGHT="0." FIRSTLINE="0." LINESPACE="11.60000038"/>
<ParagraphStyle ID="StyleId-DF0CE7C7-E73E-44FE-8867-C904BD7F3F42-" ALIGN="Block" LEFT="0." RIGHT="0." FIRSTLINE="0." LINESPACE="12.19999981"/>
</Styles>
<Layout>
<Page ID="Page61" PHYSICAL_IMG_NR="61" HEIGHT="4417" WIDTH="2542">
<TopMargin HEIGHT="423" WIDTH="2542" VPOS="0" HPOS="0">
</TopMargin>
<LeftMargin HEIGHT="3638" WIDTH="116" VPOS="423" HPOS="0">
</LeftMargin>
<RightMargin HEIGHT="3638" WIDTH="349" VPOS="423" HPOS="2193">
</RightMargin>
<BottomMargin HEIGHT="356" WIDTH="2542" VPOS="4061" HPOS="0">
<TextBlock ID="Page61_Block1" HEIGHT="163" WIDTH="261" VPOS="4064" HPOS="1041" LANG="en-US" STYLEREFS="StyleId-B2692468-624A-4CEC-91AC-5F5691087975-">
<Shape>
<Polygon POINTS="1103,4064 1301,4064 1301,4213 1302,4213 1302,4225 1301,4225 1301,4226 1105,4226 1105,4227 1042,4227 1042,4216 1041,4216 1041,4065 1103,4065 1103,4064"/>
</Shape>
<TextLine HEIGHT="51" WIDTH="64" VPOS="4097" HPOS="1146">
<String CONTENT="61" HEIGHT="51" WIDTH="64" VPOS="4097" HPOS="1146"/>
</TextLine>
</TextBlock>
</BottomMargin>
<PrintSpace HEIGHT="3638" WIDTH="2077" VPOS="423" HPOS="116">
<TextBlock ID="Page61_Block2" HEIGHT="3638" WIDTH="2077" VPOS="423" HPOS="116" LANG="en-US" CS="1" STYLEREFS="StyleId-7CEA2868-81A9-476C-A1EF-A80216F39ED4-">
<Shape>
<Polygon POINTS="2106,423 2182,423 2182,535 2183,535 2183,870 2184,870 2184,1204 2185,1204 2185,1538 2186,1538 2186,1873 2187,1873 2187,2207 2188,2207 2188,2542 2189,2542 2189,2876 2190,2876 2190,3210 2191,3210 2191,3545 2192,3545 2192,3879 2193,3879 2193,4055 2108,4055 2108,4056 1774,4056 1774,4057 1439,4057 1439,4058 1105,4058 1105,4059 771,4059 771,4060 436,4060 436,4061 127,4061 127,3882 126,3882 126,3547 125,3547 125,3213 124,3213 124,2879 123,2879 123,2544 122,2544 122,2210 121,2210 121,1875 120,1875 120,1541 119,1541 119,1207 118,1207 118,872 117,872 117,538 116,538 116,430 117,430 117,429 434,429 434,428 768,428 768,427 1103,427 1103,426 1437,426 1437,425 1771,425 1771,424 2106,424 2106,423"/>
</Shape>
<TextLine HEIGHT="69" WIDTH="1045" VPOS="436" HPOS="129" STYLEREFS="StyleId-6121D756-E19C-4FD5-B3A8-93992057FFB4-" CS="1">
<String CONTENT="Powell," HEIGHT="63" WIDTH="227" VPOS="442" HPOS="129"/>
<SP HEIGHT="63" WIDTH="34" VPOS="442" HPOS="357"/>
<String CONTENT="Walter" HEIGHT="55" WIDTH="227" VPOS="440" HPOS="392"/>
<SP HEIGHT="54" WIDTH="33" VPOS="438" HPOS="620"/>
<String CONTENT="A" HEIGHT="53" WIDTH="53" VPOS="438" HPOS="654"/>
<SP/>
<String CONTENT="1855-" HEIGHT="52" WIDTH="173" VPOS="436" HPOS="1001"/>
</TextLine>
<TextLine HEIGHT="83" WIDTH="1942" VPOS="506" HPOS="198" STYLEREFS="StyleId-ED4DCA19-03A6-4216-83CB-A027FD534929-" CS="1">
<String CONTENT="A" HEIGHT="53" WIDTH="57" VPOS="523" HPOS="198"/>
<SP HEIGHT="54" WIDTH="34" VPOS="522" HPOS="255"/>
<String CONTENT="history" HEIGHT="69" WIDTH="225" VPOS="520" HPOS="289"/>
<SP HEIGHT="50" WIDTH="37" VPOS="538" HPOS="514"/>
<String CONTENT="of" HEIGHT="55" WIDTH="67" VPOS="517" HPOS="551"/>
<SP HEIGHT="54" WIDTH="34" VPOS="517" HPOS="618"/>
<String CONTENT="Delaware," HEIGHT="67" WIDTH="319" VPOS="516" HPOS="652"/>
<SP HEIGHT="69" WIDTH="35" VPOS="513" HPOS="971"/>
<String CONTENT="by" HEIGHT="69" WIDTH="76" VPOS="513" HPOS="1006"/>
<SP HEIGHT="70" WIDTH="35" VPOS="512" HPOS="1082"/>
<String CONTENT="Walter" HEIGHT="55" WIDTH="225" VPOS="511" HPOS="1117"/>
<SP HEIGHT="53" WIDTH="35" VPOS="510" HPOS="1342"/>
<String CONTENT="A." HEIGHT="53" WIDTH="72" VPOS="509" HPOS="1377"/>
<SP HEIGHT="52" WIDTH="39" VPOS="510" HPOS="1449"/>
<String CONTENT="Powell" HEIGHT="54" WIDTH="218" VPOS="508" HPOS="1488"/>
<SP HEIGHT="51" WIDTH="43" VPOS="508" HPOS="1706"/>
<String CS="1" CONTENT="&#8230;"/>
<SP HEIGHT="51" WIDTH="100" VPOS="507" HPOS="1803"/>
<String CONTENT="Boston," HEIGHT="65" WIDTH="237" VPOS="506" HPOS="1903"/>
</TextLine>
<TextLine HEIGHT="79" WIDTH="1356" VPOS="588" HPOS="132" STYLEREFS="StyleId-ED4DCA19-03A6-4216-83CB-A027FD534929-" CS="1">
<String CONTENT="The" HEIGHT="53" WIDTH="120" VPOS="603" HPOS="132"/>
<SP HEIGHT="56" WIDTH="36" VPOS="599" HPOS="253"/>
<String CONTENT="Christopher" HEIGHT="70" WIDTH="381" VPOS="597" HPOS="290"/>
<SP HEIGHT="50" WIDTH="34" VPOS="614" HPOS="672"/>
<String CONTENT="publishing" HEIGHT="72" WIDTH="337" VPOS="592" HPOS="707"/>
<SP HEIGHT="69" WIDTH="31" VPOS="592" HPOS="1045"/>
<String CONTENT="house" HEIGHT="54" WIDTH="176" VPOS="591" HPOS="1077"/>
<SP HEIGHT="47" WIDTH="39" VPOS="609" HPOS="1254"/>
<String CS="1" CONTENT="[&#7580;1928]" HEIGHT="67" WIDTH="153" VPOS="588" HPOS="1335"/>
</TextLine>
<TextLine HEIGHT="58" WIDTH="939" VPOS="673" HPOS="199" CS="1">
<String CONTENT="475" HEIGHT="43" WIDTH="86" VPOS="682" HPOS="199"/>
<SP HEIGHT="49" WIDTH="22" VPOS="682" HPOS="286"/>
<String CONTENT="p." HEIGHT="38" WIDTH="43" VPOS="693" HPOS="309"/>
<SP HEIGHT="41" WIDTH="57" VPOS="682" HPOS="353"/>
<String CONTENT="front.," HEIGHT="47" WIDTH="165" VPOS="681" HPOS="411"/>
<SP HEIGHT="38" WIDTH="24" VPOS="690" HPOS="577"/>
<String CONTENT="plates," HEIGHT="49" WIDTH="173" VPOS="679" HPOS="602"/>
<SP HEIGHT="38" WIDTH="24" VPOS="687" HPOS="776"/>
<String CONTENT="plan." HEIGHT="46" WIDTH="129" VPOS="679" HPOS="801"/>
<SP HEIGHT="42" WIDTH="57" VPOS="675" HPOS="931"/>
<String CS="1" CONTENT="22&#189;&#7580;&#7504;." HEIGHT="42" WIDTH="149" VPOS="673" HPOS="989"/>
</TextLine>
<TextLine HEIGHT="63" WIDTH="1664" VPOS="742" HPOS="480" CS="1">
<String CS="1" CONTENT="CONTENTS.&#8212;pt." HEIGHT="50" WIDTH="133" VPOS="755" HPOS="480"/>
<SP HEIGHT="34" WIDTH="15" VPOS="762" HPOS="614"/>
<String CONTENT="I." HEIGHT="34" WIDTH="35" VPOS="762" HPOS="630"/>
<SP HEIGHT="42" WIDTH="25" VPOS="754" HPOS="666"/>
<String CONTENT="General" HEIGHT="42" WIDTH="209" VPOS="753" HPOS="692"/>
<SP HEIGHT="38" WIDTH="25" VPOS="754" HPOS="902"/>
<String CONTENT="history" HEIGHT="49" WIDTH="190" VPOS="750" HPOS="928"/>
<SP HEIGHT="48" WIDTH="25" VPOS="750" HPOS="1119"/>
<String CONTENT="from" HEIGHT="40" WIDTH="130" VPOS="750" HPOS="1145"/>
<SP HEIGHT="38" WIDTH="27" VPOS="752" HPOS="1276"/>
<String CONTENT="the" HEIGHT="41" WIDTH="82" VPOS="749" HPOS="1304"/>
<SP HEIGHT="41" WIDTH="26" VPOS="748" HPOS="1387"/>
<String CONTENT="first" HEIGHT="42" WIDTH="109" VPOS="747" HPOS="1414"/>
<SP HEIGHT="40" WIDTH="25" VPOS="748" HPOS="1524"/>
<String CONTENT="discoveries" HEIGHT="42" WIDTH="295" VPOS="745" HPOS="1550"/>
<SP HEIGHT="38" WIDTH="27" VPOS="747" HPOS="1846"/>
<String CONTENT="to" HEIGHT="38" WIDTH="50" VPOS="747" HPOS="1874"/>
<SP HEIGHT="40" WIDTH="26" VPOS="744" HPOS="1925"/>
<String CONTENT="1925.&#8212;" HEIGHT="43" WIDTH="192" VPOS="742" HPOS="1952"/>
</TextLine>
<TextLine HEIGHT="58" WIDTH="745" VPOS="809" HPOS="133" CS="1">
<String CONTENT="pt." HEIGHT="51" WIDTH="69" VPOS="816" HPOS="133"/>
<SP HEIGHT="33" WIDTH="20" VPOS="823" HPOS="203"/>
<String CS="1" CONTENT="II." HEIGHT="10" WIDTH="11" VPOS="846" HPOS="267"/>
<SP HEIGHT="40" WIDTH="20" VPOS="816" HPOS="279"/>
<String CONTENT="History" HEIGHT="49" WIDTH="206" VPOS="814" HPOS="300"/>
<SP HEIGHT="37" WIDTH="22" VPOS="825" HPOS="507"/>
<String CONTENT="of" HEIGHT="41" WIDTH="53" VPOS="813" HPOS="530"/>
<SP HEIGHT="40" WIDTH="18" VPOS="813" HPOS="584"/>
<String CONTENT="education." HEIGHT="44" WIDTH="275" VPOS="809" HPOS="603"/>
</TextLine>
<TextLine HEIGHT="66" WIDTH="2006" VPOS="872" HPOS="137" CS="1">
<String CONTENT="&#169;" HEIGHT="53" WIDTH="52" VPOS="885" HPOS="137"/>
<SP HEIGHT="53" WIDTH="29" VPOS="885" HPOS="190"/>
<String CONTENT="Jan." HEIGHT="41" WIDTH="109" VPOS="889" HPOS="220"/>
<SP HEIGHT="41" WIDTH="28" VPOS="887" HPOS="330"/>
<String CONTENT="3," HEIGHT="48" WIDTH="41" VPOS="887" HPOS="359"/>
<SP HEIGHT="46" WIDTH="30" VPOS="889" HPOS="401"/>
<String CS="1" CONTENT="1928;" HEIGHT="42" WIDTH="118" VPOS="885" HPOS="432"/>
<SP HEIGHT="47" WIDTH="32" VPOS="885" HPOS="575"/>
<String CONTENT="2c." HEIGHT="40" WIDTH="68" VPOS="885" HPOS="608"/>
<SP HEIGHT="42" WIDTH="30" VPOS="883" HPOS="677"/>
<String CONTENT="Jan." HEIGHT="42" WIDTH="111" VPOS="882" HPOS="708"/>
<SP HEIGHT="41" WIDTH="29" VPOS="882" HPOS="820"/>
<String CONTENT="14;" HEIGHT="47" WIDTH="84" VPOS="882" HPOS="850"/>
<SP HEIGHT="37" WIDTH="30" VPOS="892" HPOS="935"/>
<String LANG="de" CONTENT="aff." HEIGHT="42" WIDTH="83" VPOS="880" HPOS="966"/>
<SP HEIGHT="41" WIDTH="30" VPOS="881" HPOS="1050"/>
<String CONTENT="Jan." HEIGHT="42" WIDTH="111" VPOS="880" HPOS="1081"/>
<SP HEIGHT="41" WIDTH="31" VPOS="880" HPOS="1193"/>
<String CONTENT="12;" HEIGHT="47" WIDTH="82" VPOS="878" HPOS="1225"/>
<SP HEIGHT="47" WIDTH="33" VPOS="878" HPOS="1308"/>
<!-- cceid 13D89EC8-6CB2-1014-A20E-B9D6251C946A --><String CONTENT="A" HEIGHT="40" WIDTH="40" VPOS="878" HPOS="1342"/>
<SP HEIGHT="40" WIDTH="29" VPOS="878" HPOS="1383"/>
<String CONTENT="1018411;" HEIGHT="48" WIDTH="231" VPOS="876" HPOS="1413"/>
<SP HEIGHT="48" WIDTH="34" VPOS="875" HPOS="1645"/>
<String CONTENT="Christopher" HEIGHT="50" WIDTH="320" VPOS="874" HPOS="1680"/>
<SP HEIGHT="37" WIDTH="31" VPOS="884" HPOS="2001"/>
<String CONTENT="pub." HEIGHT="49" WIDTH="110" VPOS="872" HPOS="2033"/>
</TextLine>
<TextLine HEIGHT="52" WIDTH="492" VPOS="940" HPOS="203">
<String CONTENT="house." HEIGHT="40" WIDTH="165" VPOS="946" HPOS="203"/>
<SP HEIGHT="49" WIDTH="72" VPOS="943" HPOS="369"/>
<String CONTENT="(28-2221)" HEIGHT="51" WIDTH="253" VPOS="940" HPOS="442"/>
</TextLine>
<TextLine HEIGHT="69" WIDTH="788" VPOS="1063" HPOS="133" STYLEREFS="StyleId-6121D756-E19C-4FD5-B3A8-93992057FFB4-">
<String CONTENT="Powys," HEIGHT="62" WIDTH="229" VPOS="1070" HPOS="133"/>
<SP HEIGHT="63" WIDTH="31" VPOS="1067" HPOS="363"/>
<String CONTENT="Llewelyn," HEIGHT="65" WIDTH="318" VPOS="1064" HPOS="395"/>
<SP HEIGHT="58" WIDTH="32" VPOS="1069" HPOS="714"/>
<String CONTENT="1884-" HEIGHT="52" WIDTH="174" VPOS="1066" HPOS="747"/>
</TextLine>
<TextLine HEIGHT="84" WIDTH="1946" VPOS="1131" HPOS="205" STYLEREFS="StyleId-ED4DCA19-03A6-4216-83CB-A027FD534929-">
<String CONTENT="Henry" HEIGHT="67" WIDTH="205" VPOS="1148" HPOS="205"/>
<SP HEIGHT="70" WIDTH="36" VPOS="1145" HPOS="410"/>
<String CONTENT="Hudson," HEIGHT="67" WIDTH="268" VPOS="1143" HPOS="446"/>
<SP HEIGHT="69" WIDTH="34" VPOS="1141" HPOS="714"/>
<String CONTENT="by" HEIGHT="72" WIDTH="78" VPOS="1140" HPOS="748"/>
<SP HEIGHT="70" WIDTH="36" VPOS="1141" HPOS="826"/>
<String CONTENT="Llewelyn" HEIGHT="69" WIDTH="293" VPOS="1140" HPOS="862"/>
<SP HEIGHT="52" WIDTH="37" VPOS="1139" HPOS="1155"/>
<String CONTENT="Powys." HEIGHT="67" WIDTH="227" VPOS="1139" HPOS="1193"/>
<SP HEIGHT="53" WIDTH="74" VPOS="1136" HPOS="1420"/>
<String CONTENT="London," HEIGHT="68" WIDTH="262" VPOS="1134" HPOS="1495"/>
<SP HEIGHT="68" WIDTH="36" VPOS="1134" HPOS="1758"/>
<String CONTENT="John" HEIGHT="55" WIDTH="159" VPOS="1133" HPOS="1795"/>
<SP HEIGHT="54" WIDTH="36" VPOS="1132" HPOS="1955"/>
<String CONTENT="Lane" HEIGHT="55" WIDTH="158" VPOS="1131" HPOS="1992"/>
</TextLine>
<TextLine HEIGHT="70" WIDTH="170" VPOS="1223" HPOS="144" STYLEREFS="StyleId-ED4DCA19-03A6-4216-83CB-A027FD534929-">
<String CONTENT="[1927]" HEIGHT="70" WIDTH="170" VPOS="1223" HPOS="144"/>
</TextLine>
<TextLine HEIGHT="63" WIDTH="1948" VPOS="1291" HPOS="209" CS="1">
<String CONTENT="xii" HEIGHT="41" WIDTH="70" VPOS="1305" HPOS="209"/>
<SP HEIGHT="49" WIDTH="41" VPOS="1305" HPOS="280"/>
<String CONTENT="p.," HEIGHT="38" WIDTH="58" VPOS="1316" HPOS="322"/>
<SP HEIGHT="48" WIDTH="42" VPOS="1304" HPOS="381"/>
<String CONTENT="2" HEIGHT="41" WIDTH="27" VPOS="1303" HPOS="424"/>
<SP HEIGHT="41" WIDTH="38" VPOS="1303" HPOS="452"/>
<String CS="1" CONTENT="l.,"/>
<SP HEIGHT="48" WIDTH="41" VPOS="1303" HPOS="537"/>
<String CONTENT="213" HEIGHT="40" WIDTH="87" VPOS="1303" HPOS="579"/>
<SP HEIGHT="48" WIDTH="39" VPOS="1303" HPOS="667"/>
<String CONTENT="p." HEIGHT="38" WIDTH="43" VPOS="1313" HPOS="707"/>
<SP HEIGHT="41" WIDTH="58" VPOS="1301" HPOS="751"/>
<String CONTENT="front.," HEIGHT="47" WIDTH="166" VPOS="1301" HPOS="810"/>
<SP HEIGHT="37" WIDTH="41" VPOS="1311" HPOS="977"/>
<String CONTENT="maps," HEIGHT="39" WIDTH="153" VPOS="1309" HPOS="1019"/>
<SP HEIGHT="50" WIDTH="41" VPOS="1297" HPOS="1173"/>
<String CS="1" CONTENT="fold."/>
<SP HEIGHT="42" WIDTH="41" VPOS="1297" HPOS="1337"/>
<String CONTENT="facsim." HEIGHT="44" WIDTH="193" VPOS="1295" HPOS="1379"/>
<SP HEIGHT="41" WIDTH="58" VPOS="1296" HPOS="1573"/>
<String CS="1" CONTENT="22&#189;&#7580;&#7504;." HEIGHT="42" WIDTH="150" VPOS="1293" HPOS="1632"/>
<SP/>
<String CONTENT="(Half-title:" HEIGHT="51" WIDTH="307" VPOS="1291" HPOS="1850"/>
</TextLine>
<TextLine HEIGHT="55" WIDTH="1229" VPOS="1353" HPOS="140">
<String CONTENT="The" HEIGHT="41" WIDTH="100" VPOS="1363" HPOS="140"/>
<SP HEIGHT="42" WIDTH="23" VPOS="1362" HPOS="241"/>
<String CONTENT="Golden" HEIGHT="42" WIDTH="184" VPOS="1361" HPOS="265"/>
<SP HEIGHT="39" WIDTH="22" VPOS="1361" HPOS="450"/>
<String CONTENT="hind" HEIGHT="40" WIDTH="119" VPOS="1360" HPOS="473"/>
<SP HEIGHT="39" WIDTH="23" VPOS="1361" HPOS="593"/>
<String CONTENT="series," HEIGHT="49" WIDTH="166" VPOS="1358" HPOS="617"/>
<SP HEIGHT="36" WIDTH="24" VPOS="1370" HPOS="784"/>
<String CONTENT="ed." HEIGHT="40" WIDTH="73" VPOS="1359" HPOS="809"/>
<SP HEIGHT="40" WIDTH="24" VPOS="1359" HPOS="883"/>
<String CONTENT="by" HEIGHT="47" WIDTH="61" VPOS="1359" HPOS="908"/>
<SP HEIGHT="48" WIDTH="22" VPOS="1358" HPOS="970"/>
<String CONTENT="M." HEIGHT="39" WIDTH="63" VPOS="1358" HPOS="993"/>
<SP HEIGHT="39" WIDTH="24" VPOS="1358" HPOS="1057"/>
<String CONTENT="Waldman)" HEIGHT="50" WIDTH="287" VPOS="1353" HPOS="1082"/>
</TextLine>
<TextLine HEIGHT="61" WIDTH="1942" VPOS="1418" HPOS="213">
<String CONTENT="&#8220;Transcription" HEIGHT="51" WIDTH="401" VPOS="1428" HPOS="213"/>
<SP HEIGHT="30" WIDTH="32" VPOS="1439" HPOS="615"/>
<String CONTENT="of" HEIGHT="41" WIDTH="53" VPOS="1428" HPOS="648"/>
<SP HEIGHT="40" WIDTH="31" VPOS="1428" HPOS="702"/>
<String CONTENT="the" HEIGHT="40" WIDTH="83" VPOS="1428" HPOS="734"/>
<SP HEIGHT="29" WIDTH="32" VPOS="1438" HPOS="818"/>
<String CONTENT="original" HEIGHT="49" WIDTH="210" VPOS="1425" HPOS="851"/>
<SP HEIGHT="41" WIDTH="33" VPOS="1426" HPOS="1062"/>
<String CONTENT="document" HEIGHT="42" WIDTH="259" VPOS="1425" HPOS="1096"/>
<SP HEIGHT="38" WIDTH="32" VPOS="1426" HPOS="1356"/>
<String CONTENT="of" HEIGHT="42" WIDTH="53" VPOS="1422" HPOS="1389"/>
<SP HEIGHT="42" WIDTH="30" VPOS="1422" HPOS="1443"/>
<String CONTENT="the" HEIGHT="41" WIDTH="85" VPOS="1423" HPOS="1474"/>
<SP HEIGHT="30" WIDTH="30" VPOS="1433" HPOS="1560"/>
<String CONTENT="verdict" HEIGHT="44" WIDTH="190" VPOS="1419" HPOS="1591"/>
<SP HEIGHT="48" WIDTH="32" VPOS="1421" HPOS="1782"/>
<String CONTENT="passed" HEIGHT="49" WIDTH="177" VPOS="1420" HPOS="1815"/>
<SP HEIGHT="41" WIDTH="34" VPOS="1420" HPOS="1993"/>
<String CONTENT="upon" HEIGHT="39" WIDTH="127" VPOS="1429" HPOS="2028"/>
</TextLine>
<TextLine HEIGHT="58" WIDTH="1496" VPOS="1477" HPOS="141" CS="1">
<String CONTENT="the" HEIGHT="41" WIDTH="81" VPOS="1489" HPOS="141"/>
<SP HEIGHT="30" WIDTH="23" VPOS="1499" HPOS="223"/>
<String CONTENT="mutineers&#8221;," HEIGHT="50" WIDTH="314" VPOS="1485" HPOS="247"/>
<SP HEIGHT="49" WIDTH="24" VPOS="1485" HPOS="562"/>
<String CONTENT="followed" HEIGHT="41" WIDTH="231" VPOS="1484" HPOS="587"/>
<SP HEIGHT="41" WIDTH="23" VPOS="1483" HPOS="819"/>
<String CONTENT="by" HEIGHT="48" WIDTH="63" VPOS="1483" HPOS="843"/>
<SP HEIGHT="37" WIDTH="25" VPOS="1494" HPOS="907"/>
<String CONTENT="a" HEIGHT="29" WIDTH="26" VPOS="1494" HPOS="933"/>
<SP HEIGHT="38" WIDTH="26" VPOS="1485" HPOS="960"/>
<String CS="1" CONTENT="translation:" HEIGHT="42" WIDTH="300" VPOS="1481" HPOS="987"/>
<SP HEIGHT="38" WIDTH="32" VPOS="1491" HPOS="1315"/>
<String CONTENT="p." HEIGHT="38" WIDTH="44" VPOS="1491" HPOS="1348"/>
<SP HEIGHT="38" WIDTH="25" VPOS="1482" HPOS="1393"/>
<String CONTENT="190-198." HEIGHT="45" WIDTH="218" VPOS="1477" HPOS="1419"/>
</TextLine>
<TextLine HEIGHT="53" WIDTH="700" VPOS="1540" HPOS="210" CS="1">
<String CS="1" CONTENT="Bibliography:" HEIGHT="51" WIDTH="353" VPOS="1542" HPOS="211"/>
<SP HEIGHT="38" WIDTH="28" VPOS="1553" HPOS="591"/>
<String CONTENT="p." HEIGHT="38" WIDTH="43" VPOS="1553" HPOS="620"/>
<SP HEIGHT="40" WIDTH="25" VPOS="1542" HPOS="664"/>
<String CONTENT="199-206." HEIGHT="43" WIDTH="221" VPOS="1540" HPOS="689"/>
</TextLine>
<TextLine HEIGHT="61" WIDTH="2008" VPOS="1605" HPOS="145" CS="1">
<String CONTENT="&#169;" HEIGHT="53" WIDTH="51" VPOS="1613" HPOS="145"/>
<SP HEIGHT="53" WIDTH="23" VPOS="1613" HPOS="197"/>
<String CONTENT="1c." HEIGHT="39" WIDTH="66" VPOS="1618" HPOS="221"/>
<SP HEIGHT="41" WIDTH="22" VPOS="1616" HPOS="288"/>
<String CONTENT="Jan." HEIGHT="40" WIDTH="111" VPOS="1616" HPOS="311"/>
<SP HEIGHT="42" WIDTH="23" VPOS="1614" HPOS="423"/>
<String CONTENT="5," HEIGHT="48" WIDTH="40" VPOS="1614" HPOS="447"/>
<SP HEIGHT="47" WIDTH="23" VPOS="1615" HPOS="488"/>
<String CONTENT="1928;" HEIGHT="47" WIDTH="142" VPOS="1613" HPOS="512"/>
<SP HEIGHT="47" WIDTH="24" VPOS="1613" HPOS="655"/>
<!-- cceid 13D98039-6CB2-1014-A20E-B9D6251C946A --><String CONTENT="A" HEIGHT="39" WIDTH="42" VPOS="1613" HPOS="680"/>
<SP HEIGHT="40" WIDTH="21" VPOS="1613" HPOS="723"/>
<String CONTENT="ad" HEIGHT="41" WIDTH="63" VPOS="1612" HPOS="745"/>
<SP HEIGHT="41" WIDTH="22" VPOS="1611" HPOS="809"/>
<String CONTENT="int." HEIGHT="41" WIDTH="89" VPOS="1611" HPOS="832"/>
<SP HEIGHT="40" WIDTH="23" VPOS="1612" HPOS="922"/>
<String CONTENT="10509;" HEIGHT="49" WIDTH="172" VPOS="1608" HPOS="946"/>
<SP HEIGHT="38" WIDTH="25" VPOS="1620" HPOS="1119"/>
<String CONTENT="pubd." HEIGHT="49" WIDTH="145" VPOS="1609" HPOS="1145"/>
<SP HEIGHT="41" WIDTH="22" VPOS="1609" HPOS="1291"/>
<String CONTENT="Nov." HEIGHT="41" WIDTH="119" VPOS="1609" HPOS="1314"/>
<SP HEIGHT="43" WIDTH="24" VPOS="1607" HPOS="1434"/>
<String CONTENT="11," HEIGHT="49" WIDTH="70" VPOS="1607" HPOS="1459"/>
<SP HEIGHT="48" WIDTH="26" VPOS="1608" HPOS="1530"/>
<String CS="1" CONTENT="1927;" HEIGHT="40" WIDTH="114" VPOS="1607" HPOS="1557"/>
<SP HEIGHT="47" WIDTH="29" VPOS="1607" HPOS="1699"/>
<String CONTENT="Harper" HEIGHT="50" WIDTH="195" VPOS="1606" HPOS="1729"/>
<SP HEIGHT="40" WIDTH="25" VPOS="1606" HPOS="1925"/>
<String CONTENT="&amp;" HEIGHT="40" WIDTH="36" VPOS="1606" HPOS="1951"/>
<SP HEIGHT="40" WIDTH="23" VPOS="1606" HPOS="1988"/>
<String CONTENT="bros.," HEIGHT="48" WIDTH="141" VPOS="1605" HPOS="2012"/>
</TextLine>
<TextLine HEIGHT="52" WIDTH="619" VPOS="1668" HPOS="210">
<String CONTENT="New" HEIGHT="39" WIDTH="119" VPOS="1674" HPOS="210"/>
<SP HEIGHT="40" WIDTH="27" VPOS="1673" HPOS="330"/>
<String CONTENT="York." HEIGHT="41" WIDTH="147" VPOS="1672" HPOS="358"/>
<SP HEIGHT="49" WIDTH="69" VPOS="1670" HPOS="506"/>
<String CONTENT="(28-1875)" HEIGHT="51" WIDTH="253" VPOS="1668" HPOS="576"/>
</TextLine>
<TextLine HEIGHT="70" WIDTH="1069" VPOS="1790" HPOS="140" STYLEREFS="StyleId-ED4DCA19-03A6-4216-83CB-A027FD534929-">
<String CONTENT="Powys," HEIGHT="62" WIDTH="228" VPOS="1798" HPOS="140"/>
<SP HEIGHT="62" WIDTH="29" VPOS="1796" HPOS="369"/>
<String CONTENT="Theodore" HEIGHT="55" WIDTH="304" VPOS="1793" HPOS="399"/>
<SP HEIGHT="52" WIDTH="31" VPOS="1794" HPOS="704"/>
<String CONTENT="Francis," HEIGHT="65" WIDTH="265" VPOS="1791" HPOS="736"/>
<SP HEIGHT="59" WIDTH="32" VPOS="1796" HPOS="1002"/>
<String CONTENT="1875-" HEIGHT="55" WIDTH="174" VPOS="1790" HPOS="1035"/>
</TextLine>
<TextLine HEIGHT="79" WIDTH="1949" VPOS="1864" HPOS="212" STYLEREFS="StyleId-ED4DCA19-03A6-4216-83CB-A027FD534929-" CS="1">
<String CONTENT="Mr." HEIGHT="53" WIDTH="112" VPOS="1875" HPOS="212"/>
<SP HEIGHT="54" WIDTH="35" VPOS="1874" HPOS="324"/>
<String CONTENT="Weston&#8217;s" HEIGHT="57" WIDTH="285" VPOS="1871" HPOS="359"/>
<SP HEIGHT="51" WIDTH="33" VPOS="1891" HPOS="645"/>
<String CONTENT="good" HEIGHT="72" WIDTH="152" VPOS="1870" HPOS="678"/>
<SP HEIGHT="54" WIDTH="35" VPOS="1870" HPOS="830"/>
<String CONTENT="wine" HEIGHT="53" WIDTH="148" VPOS="1870" HPOS="865"/>
<SP HEIGHT="48" WIDTH="41" VPOS="1889" HPOS="1014"/>
<String CS="1" CONTENT="[by]" HEIGHT="70" WIDTH="94" VPOS="1868" HPOS="1055"/>
<SP HEIGHT="68" WIDTH="43" VPOS="1869" HPOS="1166"/>
<String LANG="fr" CONTENT="T." HEIGHT="53" WIDTH="64" VPOS="1869" HPOS="1209"/>
<SP HEIGHT="52" WIDTH="40" VPOS="1869" HPOS="1273"/>
<String CONTENT="F." HEIGHT="52" WIDTH="67" VPOS="1869" HPOS="1313"/>
<SP HEIGHT="51" WIDTH="38" VPOS="1870" HPOS="1380"/>
<String CONTENT="Powys," HEIGHT="69" WIDTH="228" VPOS="1869" HPOS="1418"/>
<SP HEIGHT="50" WIDTH="37" VPOS="1885" HPOS="1647"/>
<String CONTENT="with" HEIGHT="56" WIDTH="144" VPOS="1865" HPOS="1684"/>
<SP HEIGHT="55" WIDTH="38" VPOS="1865" HPOS="1828"/>
<String CONTENT="drawings" HEIGHT="73" WIDTH="295" VPOS="1864" HPOS="1866"/>
</TextLine>
<TextLine HEIGHT="79" WIDTH="1807" VPOS="1944" HPOS="146" STYLEREFS="StyleId-ED4DCA19-03A6-4216-83CB-A027FD534929-">
<String CONTENT="by" HEIGHT="70" WIDTH="73" VPOS="1953" HPOS="146"/>
<SP HEIGHT="72" WIDTH="28" VPOS="1951" HPOS="220"/>
<String CONTENT="George" HEIGHT="71" WIDTH="224" VPOS="1950" HPOS="249"/>
<SP HEIGHT="55" WIDTH="32" VPOS="1950" HPOS="474"/>
<String CONTENT="Charlton." HEIGHT="56" WIDTH="299" VPOS="1949" HPOS="507"/>
<SP HEIGHT="53" WIDTH="67" VPOS="1949" HPOS="807"/>
<String CONTENT="London," HEIGHT="70" WIDTH="262" VPOS="1947" HPOS="875"/>
<SP HEIGHT="70" WIDTH="32" VPOS="1946" HPOS="1138"/>
<String CONTENT="Chatto" HEIGHT="56" WIDTH="212" VPOS="1946" HPOS="1171"/>
<SP HEIGHT="51" WIDTH="33" VPOS="1949" HPOS="1384"/>
<String CONTENT="&amp;" HEIGHT="51" WIDTH="47" VPOS="1948" HPOS="1418"/>
<SP HEIGHT="54" WIDTH="28" VPOS="1946" HPOS="1466"/>
<String CONTENT="Windus," HEIGHT="68" WIDTH="268" VPOS="1945" HPOS="1495"/>
<SP HEIGHT="66" WIDTH="36" VPOS="1947" HPOS="1764"/>
<String CONTENT="1927." HEIGHT="56" WIDTH="152" VPOS="1944" HPOS="1801"/>
</TextLine>
<TextLine HEIGHT="54" WIDTH="1053" VPOS="2029" HPOS="215" CS="1">
<String CONTENT="3" HEIGHT="40" WIDTH="27" VPOS="2036" HPOS="215"/>
<SP/>
<String LANG="fr" CONTENT="p." HEIGHT="38" WIDTH="45" VPOS="2045" HPOS="267"/>
<SP HEIGHT="41" WIDTH="20" VPOS="2035" HPOS="313"/>
<String CS="1" CONTENT="l.,"/>
<SP HEIGHT="47" WIDTH="25" VPOS="2034" HPOS="381"/>
<String CONTENT="315," HEIGHT="51" WIDTH="101" VPOS="2031" HPOS="407"/>
<SP HEIGHT="30" WIDTH="26" VPOS="2052" HPOS="509"/>
<String CONTENT="[1]" HEIGHT="48" WIDTH="56" VPOS="2034" HPOS="536"/>
<SP HEIGHT="39" WIDTH="27" VPOS="2043" HPOS="593"/>
<String CONTENT="p." HEIGHT="38" WIDTH="43" VPOS="2043" HPOS="621"/>
<SP HEIGHT="41" WIDTH="59" VPOS="2031" HPOS="665"/>
<String CONTENT="front.," HEIGHT="50" WIDTH="166" VPOS="2030" HPOS="725"/>
<SP HEIGHT="38" WIDTH="24" VPOS="2041" HPOS="892"/>
<String CONTENT="plates." HEIGHT="47" WIDTH="172" VPOS="2032" HPOS="917"/>
<SP HEIGHT="41" WIDTH="59" VPOS="2030" HPOS="1090"/>
<String CS="1" CONTENT="23&#7580;&#7504;." HEIGHT="41" WIDTH="118" VPOS="2029" HPOS="1150"/>
</TextLine>
<TextLine HEIGHT="57" WIDTH="1944" VPOS="2096" HPOS="221">
<String CONTENT="&#8220;Of" HEIGHT="42" WIDTH="94" VPOS="2104" HPOS="221"/>
<SP HEIGHT="40" WIDTH="30" VPOS="2104" HPOS="316"/>
<String CONTENT="this" HEIGHT="42" WIDTH="100" VPOS="2102" HPOS="347"/>
<SP HEIGHT="29" WIDTH="31" VPOS="2114" HPOS="448"/>
<String CONTENT="edition" HEIGHT="42" WIDTH="186" VPOS="2101" HPOS="480"/>
<SP HEIGHT="29" WIDTH="31" VPOS="2113" HPOS="667"/>
<String CONTENT="of" HEIGHT="41" WIDTH="53" VPOS="2101" HPOS="699"/>
<SP HEIGHT="42" WIDTH="32" VPOS="2100" HPOS="753"/>
<String CONTENT="Mr." HEIGHT="40" WIDTH="90" VPOS="2102" HPOS="786"/>
<SP HEIGHT="40" WIDTH="34" VPOS="2102" HPOS="877"/>
<String CONTENT="Weston's" HEIGHT="43" WIDTH="241" VPOS="2099" HPOS="912"/>
<SP HEIGHT="38" WIDTH="33" VPOS="2110" HPOS="1154"/>
<String CONTENT="good" HEIGHT="48" WIDTH="123" VPOS="2100" HPOS="1188"/>
<SP HEIGHT="40" WIDTH="34" VPOS="2100" HPOS="1312"/>
<String CONTENT="wine," HEIGHT="48" WIDTH="141" VPOS="2098" HPOS="1347"/>
<SP HEIGHT="36" WIDTH="33" VPOS="2109" HPOS="1489"/>
<String CONTENT="six" HEIGHT="42" WIDTH="78" VPOS="2098" HPOS="1523"/>
<SP HEIGHT="40" WIDTH="34" VPOS="2099" HPOS="1602"/>
<String CONTENT="hundred" HEIGHT="42" WIDTH="224" VPOS="2098" HPOS="1637"/>
<SP HEIGHT="41" WIDTH="35" VPOS="2099" HPOS="1862"/>
<String CONTENT="and" HEIGHT="41" WIDTH="98" VPOS="2099" HPOS="1898"/>
<SP HEIGHT="41" WIDTH="34" VPOS="2099" HPOS="1997"/>
<String CONTENT="sixty" HEIGHT="50" WIDTH="133" VPOS="2098" HPOS="2032"/>
</TextLine>
<TextLine HEIGHT="57" WIDTH="2015" VPOS="2153" HPOS="149">
<String CONTENT="copies" HEIGHT="49" WIDTH="160" VPOS="2161" HPOS="149"/>
<SP HEIGHT="41" WIDTH="32" VPOS="2161" HPOS="310"/>
<String CONTENT="have" HEIGHT="41" WIDTH="125" VPOS="2160" HPOS="343"/>
<SP HEIGHT="40" WIDTH="33" VPOS="2160" HPOS="469"/>
<String CONTENT="been" HEIGHT="40" WIDTH="120" VPOS="2160" HPOS="503"/>
<SP HEIGHT="37" WIDTH="34" VPOS="2170" HPOS="624"/>
<String CONTENT="printed," HEIGHT="50" WIDTH="210" VPOS="2157" HPOS="659"/>
<SP HEIGHT="37" WIDTH="35" VPOS="2169" HPOS="870"/>
<String CONTENT="of" HEIGHT="41" WIDTH="52" VPOS="2157" HPOS="906"/>
<SP HEIGHT="40" WIDTH="34" VPOS="2157" HPOS="959"/>
<String CONTENT="which" HEIGHT="41" WIDTH="160" VPOS="2157" HPOS="994"/>
<SP HEIGHT="39" WIDTH="36" VPOS="2158" HPOS="1155"/>
<String CONTENT="the" HEIGHT="40" WIDTH="84" VPOS="2157" HPOS="1192"/>
<SP HEIGHT="39" WIDTH="34" VPOS="2158" HPOS="1277"/>
<String CONTENT="last" HEIGHT="39" WIDTH="99" VPOS="2158" HPOS="1312"/>
<SP HEIGHT="40" WIDTH="36" VPOS="2158" HPOS="1412"/>
<String CONTENT="sixty" HEIGHT="48" WIDTH="134" VPOS="2155" HPOS="1449"/>
<SP HEIGHT="37" WIDTH="37" VPOS="2166" HPOS="1584"/>
<String CONTENT="are" HEIGHT="30" WIDTH="85" VPOS="2166" HPOS="1622"/>
<SP HEIGHT="31" WIDTH="34" VPOS="2166" HPOS="1708"/>
<String CONTENT="complimentary." HEIGHT="51" WIDTH="421" VPOS="2154" HPOS="1743"/>
</TextLine>
<TextLine HEIGHT="45" WIDTH="446" VPOS="2215" HPOS="150">
<String CONTENT="This" HEIGHT="42" WIDTH="118" VPOS="2218" HPOS="150"/>
<SP HEIGHT="43" WIDTH="23" VPOS="2217" HPOS="269"/>
<String CONTENT="is" HEIGHT="41" WIDTH="43" VPOS="2217" HPOS="293"/>
<SP HEIGHT="30" WIDTH="22" VPOS="2228" HPOS="337"/>
<String CONTENT="no." HEIGHT="32" WIDTH="76" VPOS="2227" HPOS="360"/>
<SP HEIGHT="41" WIDTH="25" VPOS="2217" HPOS="437"/>
<String CONTENT="645.&#8221;" HEIGHT="43" WIDTH="133" VPOS="2215" HPOS="463"/>
</TextLine>
<TextLine HEIGHT="59" WIDTH="2009" VPOS="2279" HPOS="152" CS="1">
<String CONTENT="&#169;" HEIGHT="53" WIDTH="51" VPOS="2285" HPOS="152"/>
<SP/>
<String CS="1" CONTENT="1c."/>
<SP/>
<String CONTENT="Dec." HEIGHT="42" WIDTH="114" VPOS="2288" HPOS="331"/>
<SP HEIGHT="42" WIDTH="29" VPOS="2287" HPOS="446"/>
<String CONTENT="5," HEIGHT="48" WIDTH="39" VPOS="2287" HPOS="476"/>
<SP HEIGHT="48" WIDTH="30" VPOS="2287" HPOS="516"/>
<String CONTENT="1927;" HEIGHT="47" WIDTH="143" VPOS="2287" HPOS="547"/>
<SP HEIGHT="48" WIDTH="32" VPOS="2286" HPOS="691"/>
<!-- cceid 13DA50CE-6CB2-1014-A20E-B9D6251C946A --><String CONTENT="A" HEIGHT="41" WIDTH="41" VPOS="2286" HPOS="724"/>
<SP HEIGHT="42" WIDTH="28" VPOS="2285" HPOS="766"/>
<String CONTENT="ad" HEIGHT="39" WIDTH="62" VPOS="2287" HPOS="795"/>
<SP HEIGHT="40" WIDTH="28" VPOS="2285" HPOS="858"/>
<String CONTENT="int." HEIGHT="41" WIDTH="87" VPOS="2285" HPOS="887"/>
<SP HEIGHT="40" WIDTH="31" VPOS="2286" HPOS="975"/>
<String CONTENT="10490;" HEIGHT="48" WIDTH="171" VPOS="2284" HPOS="1007"/>
<SP HEIGHT="37" WIDTH="32" VPOS="2295" HPOS="1179"/>
<String CONTENT="pubd." HEIGHT="48" WIDTH="145" VPOS="2284" HPOS="1212"/>
<SP HEIGHT="41" WIDTH="30" VPOS="2284" HPOS="1358"/>
<String CONTENT="Nov." HEIGHT="43" WIDTH="119" VPOS="2283" HPOS="1389"/>
<SP HEIGHT="40" WIDTH="30" VPOS="2285" HPOS="1509"/>
<String CS="1" CONTENT="21;" HEIGHT="38" WIDTH="48" VPOS="2285" HPOS="1540"/>
<SP HEIGHT="46" WIDTH="32" VPOS="2284" HPOS="1624"/>
<String CONTENT="Viking" HEIGHT="51" WIDTH="183" VPOS="2282" HPOS="1657"/>
<SP HEIGHT="37" WIDTH="28" VPOS="2295" HPOS="1841"/>
<String CONTENT="press," HEIGHT="37" WIDTH="150" VPOS="2295" HPOS="1870"/>
<SP HEIGHT="44" WIDTH="32" VPOS="2283" HPOS="2021"/>
<String CONTENT="inc.," HEIGHT="50" WIDTH="107" VPOS="2282" HPOS="2054"/>
</TextLine>
<TextLine HEIGHT="52" WIDTH="620" VPOS="2342" HPOS="219">
<String CONTENT="New" HEIGHT="40" WIDTH="118" VPOS="2347" HPOS="219"/>
<SP HEIGHT="41" WIDTH="26" VPOS="2346" HPOS="338"/>
<String CONTENT="York." HEIGHT="41" WIDTH="146" VPOS="2345" HPOS="365"/>
<SP HEIGHT="49" WIDTH="72" VPOS="2344" HPOS="512"/>
<String CONTENT="(28-2245)" HEIGHT="51" WIDTH="254" VPOS="2342" HPOS="585"/>
</TextLine>
<TextLine HEIGHT="76" WIDTH="2016" VPOS="2447" HPOS="148" STYLEREFS="StyleId-ED4DCA19-03A6-4216-83CB-A027FD534929-">
<String CONTENT="Public" HEIGHT="54" WIDTH="202" VPOS="2453" HPOS="148"/>
<SP HEIGHT="37" WIDTH="47" VPOS="2470" HPOS="351"/>
<String CONTENT="utilities" HEIGHT="55" WIDTH="245" VPOS="2453" HPOS="399"/>
<SP HEIGHT="34" WIDTH="48" VPOS="2473" HPOS="645"/>
<String CONTENT="reports," HEIGHT="65" WIDTH="243" VPOS="2457" HPOS="694"/>
<SP HEIGHT="49" WIDTH="46" VPOS="2471" HPOS="938"/>
<String CONTENT="containing" HEIGHT="70" WIDTH="338" VPOS="2451" HPOS="985"/>
<SP HEIGHT="69" WIDTH="46" VPOS="2451" HPOS="1324"/>
<String CONTENT="decisions" HEIGHT="55" WIDTH="280" VPOS="2450" HPOS="1371"/>
<SP HEIGHT="35" WIDTH="46" VPOS="2469" HPOS="1652"/>
<String CONTENT="of" HEIGHT="53" WIDTH="65" VPOS="2450" HPOS="1699"/>
<SP HEIGHT="55" WIDTH="44" VPOS="2449" HPOS="1765"/>
<String CONTENT="the" HEIGHT="54" WIDTH="98" VPOS="2450" HPOS="1810"/>
<SP HEIGHT="53" WIDTH="47" VPOS="2451" HPOS="1909"/>
<String CONTENT="Public" HEIGHT="57" WIDTH="207" VPOS="2448" HPOS="1957"/>
</TextLine>
<TextLine HEIGHT="62" WIDTH="1945" VPOS="2526" HPOS="218" STYLEREFS="StyleId-ED4DCA19-03A6-4216-83CB-A027FD534929-">
<String CONTENT="service" HEIGHT="54" WIDTH="213" VPOS="2533" HPOS="218"/>
<SP HEIGHT="35" WIDTH="25" VPOS="2551" HPOS="432"/>
<String CONTENT="commissions" HEIGHT="55" WIDTH="393" VPOS="2531" HPOS="457"/>
<SP HEIGHT="34" WIDTH="25" VPOS="2551" HPOS="851"/>
<String CONTENT="and" HEIGHT="53" WIDTH="114" VPOS="2531" HPOS="876"/>
<SP HEIGHT="53" WIDTH="29" VPOS="2531" HPOS="990"/>
<String CONTENT="of" HEIGHT="54" WIDTH="67" VPOS="2530" HPOS="1019"/>
<SP HEIGHT="55" WIDTH="24" VPOS="2529" HPOS="1086"/>
<String CONTENT="state" HEIGHT="48" WIDTH="148" VPOS="2535" HPOS="1110"/>
<SP HEIGHT="34" WIDTH="26" VPOS="2549" HPOS="1259"/>
<String CONTENT="and" HEIGHT="53" WIDTH="113" VPOS="2530" HPOS="1285"/>
<SP HEIGHT="53" WIDTH="30" VPOS="2530" HPOS="1398"/>
<String CONTENT="federal" HEIGHT="55" WIDTH="222" VPOS="2529" HPOS="1428"/>
<SP HEIGHT="52" WIDTH="27" VPOS="2531" HPOS="1650"/>
<String CONTENT="courts." HEIGHT="50" WIDTH="208" VPOS="2534" HPOS="1677"/>
<SP HEIGHT="49" WIDTH="65" VPOS="2533" HPOS="1885"/>
<String CONTENT="1927D." HEIGHT="55" WIDTH="213" VPOS="2528" HPOS="1950"/>
</TextLine>
<TextLine HEIGHT="76" WIDTH="1947" VPOS="2605" HPOS="219" STYLEREFS="StyleId-ED4DCA19-03A6-4216-83CB-A027FD534929-">
<String CONTENT="Henry" HEIGHT="69" WIDTH="203" VPOS="2612" HPOS="219"/>
<SP HEIGHT="71" WIDTH="36" VPOS="2610" HPOS="423"/>
<String CONTENT="C." HEIGHT="56" WIDTH="63" VPOS="2610" HPOS="460"/>
<SP HEIGHT="55" WIDTH="38" VPOS="2610" HPOS="524"/>
<String CONTENT="Spurr," HEIGHT="70" WIDTH="206" VPOS="2610" HPOS="563"/>
<SP HEIGHT="49" WIDTH="34" VPOS="2630" HPOS="770"/>
<String CONTENT="editor." HEIGHT="53" WIDTH="200" VPOS="2611" HPOS="805"/>
<SP HEIGHT="53" WIDTH="75" VPOS="2610" HPOS="1006"/>
<String CONTENT="Rochester," HEIGHT="68" WIDTH="329" VPOS="2609" HPOS="1082"/>
<SP HEIGHT="67" WIDTH="33" VPOS="2609" HPOS="1412"/>
<String LANG="fr" CONTENT="N." HEIGHT="53" WIDTH="70" VPOS="2609" HPOS="1446"/>
<SP HEIGHT="53" WIDTH="38" VPOS="2609" HPOS="1517"/>
<String CONTENT="Y.," HEIGHT="67" WIDTH="91" VPOS="2609" HPOS="1556"/>
<SP HEIGHT="66" WIDTH="32" VPOS="2610" HPOS="1648"/>
<String CONTENT="Public" HEIGHT="55" WIDTH="208" VPOS="2608" HPOS="1681"/>
<SP HEIGHT="35" WIDTH="31" VPOS="2627" HPOS="1890"/>
<String CONTENT="utilities" HEIGHT="56" WIDTH="244" VPOS="2607" HPOS="1922"/>
</TextLine>
<TextLine HEIGHT="71" WIDTH="608" VPOS="2688" HPOS="218" STYLEREFS="StyleId-ED4DCA19-03A6-4216-83CB-A027FD534929-" CS="1">
<String CONTENT="reports," HEIGHT="65" WIDTH="241" VPOS="2694" HPOS="218"/>
<SP HEIGHT="67" WIDTH="28" VPOS="2690" HPOS="460"/>
<String CONTENT="inc." HEIGHT="53" WIDTH="106" VPOS="2690" HPOS="489"/>
<SP HEIGHT="33" WIDTH="36" VPOS="2724" HPOS="596"/>
<String CS="1" CONTENT="[&#7580;1927]" HEIGHT="69" WIDTH="153" VPOS="2688" HPOS="673"/>
</TextLine>
<TextLine HEIGHT="49" WIDTH="487" VPOS="2773" HPOS="221" STYLEREFS="StyleId-ED4DCA19-03A6-4216-83CB-A027FD534929-" CS="1">
<String CONTENT="xli," HEIGHT="47" WIDTH="84" VPOS="2775" HPOS="221"/>
<SP HEIGHT="48" WIDTH="31" VPOS="2774" HPOS="306"/>
<String CONTENT="964" HEIGHT="41" WIDTH="87" VPOS="2774" HPOS="338"/>
<SP HEIGHT="48" WIDTH="28" VPOS="2774" HPOS="426"/>
<String CONTENT="p." HEIGHT="36" WIDTH="45" VPOS="2785" HPOS="455"/>
<SP HEIGHT="42" WIDTH="57" VPOS="2773" HPOS="501"/>
<String CS="1" CONTENT="23&#189;&#7580;&#7504;." HEIGHT="42" WIDTH="149" VPOS="2773" HPOS="559"/>
</TextLine>
<TextLine HEIGHT="60" WIDTH="2011" VPOS="2836" HPOS="159" CS="1">
<String CONTENT="&#169;" HEIGHT="52" WIDTH="53" VPOS="2842" HPOS="159"/>
<SP HEIGHT="52" WIDTH="36" VPOS="2842" HPOS="212"/>
<String CONTENT="Dec." HEIGHT="41" WIDTH="113" VPOS="2846" HPOS="248"/>
<SP HEIGHT="40" WIDTH="38" VPOS="2847" HPOS="361"/>
<String CONTENT="28," HEIGHT="50" WIDTH="71" VPOS="2845" HPOS="399"/>
<SP HEIGHT="47" WIDTH="38" VPOS="2847" HPOS="470"/>
<String CS="1" CONTENT="1927;" HEIGHT="40" WIDTH="117" VPOS="2846" HPOS="508"/>
<SP HEIGHT="46" WIDTH="40" VPOS="2846" HPOS="651"/>
<String CONTENT="2c." HEIGHT="40" WIDTH="68" VPOS="2846" HPOS="691"/>
<SP HEIGHT="40" WIDTH="39" VPOS="2846" HPOS="759"/>
<String CONTENT="Jan." HEIGHT="40" WIDTH="112" VPOS="2846" HPOS="798"/>
<SP HEIGHT="40" WIDTH="36" VPOS="2846" HPOS="910"/>
<String CONTENT="23," HEIGHT="45" WIDTH="72" VPOS="2846" HPOS="946"/>
<SP HEIGHT="46" WIDTH="40" VPOS="2845" HPOS="1018"/>
<String CONTENT="1928;" HEIGHT="46" WIDTH="143" VPOS="2844" HPOS="1058"/>
<SP HEIGHT="34" WIDTH="40" VPOS="2855" HPOS="1201"/>
<String LANG="de" CONTENT="aff." HEIGHT="42" WIDTH="85" VPOS="2844" HPOS="1241"/>
<SP HEIGHT="41" WIDTH="40" VPOS="2845" HPOS="1326"/>
<String CONTENT="Jan." HEIGHT="42" WIDTH="113" VPOS="2844" HPOS="1366"/>
<SP HEIGHT="40" WIDTH="39" VPOS="2845" HPOS="1479"/>
<String CONTENT="24;" HEIGHT="46" WIDTH="84" VPOS="2845" HPOS="1518"/>
<SP HEIGHT="47" WIDTH="39" VPOS="2844" HPOS="1602"/>
<!-- cceid 13DB1B32-6CB2-1014-A20E-B9D6251C946A --><String CONTENT="A" HEIGHT="39" WIDTH="44" VPOS="2844" HPOS="1641"/>
<SP HEIGHT="39" WIDTH="39" VPOS="2844" HPOS="1685"/>
<String CONTENT="1018542;" HEIGHT="49" WIDTH="233" VPOS="2843" HPOS="1724"/>
<SP HEIGHT="46" WIDTH="41" VPOS="2845" HPOS="1957"/>
<String CONTENT="Public" HEIGHT="43" WIDTH="172" VPOS="2842" HPOS="1998"/>
</TextLine>
<TextLine HEIGHT="52" WIDTH="576" VPOS="2901" HPOS="225">
<String CONTENT="utilities" HEIGHT="41" WIDTH="209" VPOS="2903" HPOS="225"/>
<SP HEIGHT="30" WIDTH="33" VPOS="2914" HPOS="435"/>
<String CONTENT="reports," HEIGHT="47" WIDTH="205" VPOS="2905" HPOS="469"/>
<SP HEIGHT="49" WIDTH="33" VPOS="2903" HPOS="675"/>
<String CONTENT="inc." HEIGHT="44" WIDTH="92" VPOS="2902" HPOS="709"/>
</TextLine>
<TextLine HEIGHT="70" WIDTH="1146" VPOS="3009" HPOS="153" STYLEREFS="StyleId-6121D756-E19C-4FD5-B3A8-93992057FFB4-">
<String CONTENT="Richardson," HEIGHT="66" WIDTH="388" VPOS="3011" HPOS="153"/>
<SP HEIGHT="62" WIDTH="37" VPOS="3014" HPOS="542"/>
<String CONTENT="Charles" HEIGHT="57" WIDTH="246" VPOS="3011" HPOS="580"/>
<SP HEIGHT="52" WIDTH="35" VPOS="3014" HPOS="827"/>
<String CONTENT="Henry," HEIGHT="63" WIDTH="224" VPOS="3014" HPOS="863"/>
<SP HEIGHT="59" WIDTH="37" VPOS="3017" HPOS="1088"/>
<String CONTENT="1862-" HEIGHT="50" WIDTH="173" VPOS="3017" HPOS="1126"/>
</TextLine>
<TextLine HEIGHT="79" WIDTH="1721" VPOS="3087" HPOS="227" STYLEREFS="StyleId-ED4DCA19-03A6-4216-83CB-A027FD534929-" CS="1">
<String CONTENT="The" HEIGHT="53" WIDTH="122" VPOS="3092" HPOS="227"/>
<SP HEIGHT="34" WIDTH="28" VPOS="3111" HPOS="350"/>
<String CONTENT="molding" HEIGHT="70" WIDTH="263" VPOS="3093" HPOS="379"/>
<SP HEIGHT="51" WIDTH="29" VPOS="3111" HPOS="643"/>
<String CONTENT="sands" HEIGHT="55" WIDTH="172" VPOS="3092" HPOS="673"/>
<SP HEIGHT="35" WIDTH="31" VPOS="3111" HPOS="846"/>
<String CONTENT="of" HEIGHT="54" WIDTH="65" VPOS="3091" HPOS="878"/>
<SP HEIGHT="53" WIDTH="29" VPOS="3091" HPOS="944"/>
<String CONTENT="Kentucky." HEIGHT="71" WIDTH="325" VPOS="3091" HPOS="974"/>
<SP HEIGHT="52" WIDTH="75" VPOS="3092" HPOS="1300"/>
<String CONTENT="A" HEIGHT="52" WIDTH="56" VPOS="3092" HPOS="1376"/>
<SP HEIGHT="55" WIDTH="32" VPOS="3091" HPOS="1433"/>
<String CONTENT="detailed" HEIGHT="53" WIDTH="252" VPOS="3092" HPOS="1466"/>
<SP HEIGHT="52" WIDTH="32" VPOS="3093" HPOS="1719"/>
<String CONTENT="report" HEIGHT="64" WIDTH="196" VPOS="3098" HPOS="1752"/>
</TextLine>
<TextLine HEIGHT="136" WIDTH="2015" VPOS="3108" HPOS="158" STYLEREFS="StyleId-ED4DCA19-03A6-4216-83CB-A027FD534929-" CS="1">
<String CONTENT="covering" HEIGHT="132" WIDTH="1991" VPOS="3108" HPOS="158"/>
<SP HEIGHT="65" WIDTH="30" VPOS="3175" HPOS="260"/>
<String CONTENT="the" HEIGHT="52" WIDTH="96" VPOS="3171" HPOS="290"/>
<SP HEIGHT="52" WIDTH="32" VPOS="3171" HPOS="386"/>
<String CONTENT="field" HEIGHT="55" WIDTH="136" VPOS="3170" HPOS="418"/>
<SP HEIGHT="53" WIDTH="34" VPOS="3171" HPOS="554"/>
<String CONTENT="examination," HEIGHT="68" WIDTH="408" VPOS="3170" HPOS="588"/>
<SP HEIGHT="48" WIDTH="34" VPOS="3189" HPOS="996"/>
<String CONTENT="mechanical" HEIGHT="54" WIDTH="353" VPOS="3170" HPOS="1030"/>
<SP HEIGHT="52" WIDTH="37" VPOS="3171" HPOS="1383"/>
<String CONTENT="analysis" HEIGHT="70" WIDTH="254" VPOS="3171" HPOS="1420"/>
<SP HEIGHT="34" WIDTH="35" VPOS="3190" HPOS="1674"/>
<String CONTENT="and" HEIGHT="53" WIDTH="116" VPOS="3171" HPOS="1709"/>
<SP HEIGHT="53" WIDTH="35" VPOS="3170" HPOS="1825"/>
<String CONTENT="industrial" HEIGHT="56" WIDTH="313" VPOS="3169" HPOS="1860"/>
</TextLine>
<TextLine HEIGHT="79" WIDTH="2010" VPOS="3243" HPOS="161" STYLEREFS="StyleId-ED4DCA19-03A6-4216-83CB-A027FD534929-">
<String CONTENT="evaluation" HEIGHT="56" WIDTH="325" VPOS="3248" HPOS="161"/>
<SP HEIGHT="34" WIDTH="26" VPOS="3268" HPOS="487"/>
<String CONTENT="of" HEIGHT="53" WIDTH="65" VPOS="3249" HPOS="514"/>
<SP HEIGHT="53" WIDTH="22" VPOS="3249" HPOS="580"/>
<String CONTENT="the" HEIGHT="52" WIDTH="97" VPOS="3250" HPOS="603"/>
<SP HEIGHT="50" WIDTH="25" VPOS="3268" HPOS="701"/>
<String CONTENT="principal" HEIGHT="70" WIDTH="291" VPOS="3249" HPOS="727"/>
<SP HEIGHT="52" WIDTH="24" VPOS="3250" HPOS="1019"/>
<String CONTENT="molding" HEIGHT="70" WIDTH="264" VPOS="3249" HPOS="1044"/>
<SP HEIGHT="50" WIDTH="26" VPOS="3268" HPOS="1309"/>
<String CONTENT="sand" HEIGHT="55" WIDTH="144" VPOS="3249" HPOS="1336"/>
<SP HEIGHT="54" WIDTH="26" VPOS="3249" HPOS="1481"/>
<String CONTENT="deposits" HEIGHT="68" WIDTH="255" VPOS="3250" HPOS="1508"/>
<SP HEIGHT="35" WIDTH="27" VPOS="3269" HPOS="1764"/>
<String CONTENT="of" HEIGHT="54" WIDTH="65" VPOS="3249" HPOS="1792"/>
<SP HEIGHT="54" WIDTH="26" VPOS="3249" HPOS="1858"/>
<String CONTENT="the" HEIGHT="53" WIDTH="97" VPOS="3250" HPOS="1885"/>
<SP HEIGHT="35" WIDTH="26" VPOS="3269" HPOS="1983"/>
<String CONTENT="state." HEIGHT="50" WIDTH="161" VPOS="3254" HPOS="2010"/>
</TextLine>
<TextLine HEIGHT="83" WIDTH="2010" VPOS="3320" HPOS="163" STYLEREFS="StyleId-ED4DCA19-03A6-4216-83CB-A027FD534929-" CS="1">
<String CONTENT="By" HEIGHT="68" WIDTH="91" VPOS="3327" HPOS="163"/>
<SP HEIGHT="69" WIDTH="40" VPOS="3326" HPOS="255"/>
<String CONTENT="Charles" HEIGHT="58" WIDTH="238" VPOS="3325" HPOS="296"/>
<SP HEIGHT="54" WIDTH="39" VPOS="3328" HPOS="535"/>
<String CONTENT="H." HEIGHT="52" WIDTH="77" VPOS="3328" HPOS="575"/>
<SP HEIGHT="51" WIDTH="43" VPOS="3329" HPOS="653"/>
<String CONTENT="Richardson" HEIGHT="56" WIDTH="363" VPOS="3327" HPOS="697"/>
<SP HEIGHT="33" WIDTH="46" VPOS="3347" HPOS="1061"/>
<String CS="1" CONTENT="&#8230;"/>
<SP HEIGHT="52" WIDTH="78" VPOS="3328" HPOS="1165"/>
<String CONTENT="Illustrated" HEIGHT="55" WIDTH="342" VPOS="3327" HPOS="1244"/>
<SP HEIGHT="52" WIDTH="41" VPOS="3329" HPOS="1587"/>
<String CONTENT="with" HEIGHT="54" WIDTH="143" VPOS="3328" HPOS="1629"/>
<SP HEIGHT="55" WIDTH="40" VPOS="3328" HPOS="1773"/>
<String CONTENT="twenty-two" HEIGHT="67" WIDTH="359" VPOS="3331" HPOS="1814"/>
</TextLine>
<TextLine HEIGHT="154" WIDTH="1989" VPOS="3399" HPOS="161" STYLEREFS="StyleId-ED4DCA19-03A6-4216-83CB-A027FD534929-" CS="1">
<String CONTENT="photographs" HEIGHT="72" WIDTH="396" VPOS="3404" HPOS="162"/>
<SP HEIGHT="34" WIDTH="42" VPOS="3426" HPOS="559"/>
<String CONTENT="and" HEIGHT="53" WIDTH="114" VPOS="3407" HPOS="602"/>
<SP HEIGHT="53" WIDTH="42" VPOS="3407" HPOS="717"/>
<String CONTENT="maps" HEIGHT="51" WIDTH="165" VPOS="3425" HPOS="760"/>
<SP HEIGHT="33" WIDTH="47" VPOS="3427" HPOS="926"/>
<String CS="1" CONTENT="&#8230;"/>
<SP HEIGHT="52" WIDTH="79" VPOS="3407" HPOS="1031"/>
<String CONTENT="Frankfort," HEIGHT="70" WIDTH="343" VPOS="3405" HPOS="1111"/>
<SP HEIGHT="67" WIDTH="41" VPOS="3407" HPOS="1455"/>
<String CONTENT="Ky.," HEIGHT="71" WIDTH="136" VPOS="3407" HPOS="1497"/>
<SP HEIGHT="71" WIDTH="41" VPOS="3407" HPOS="1634"/>
<String CONTENT="Kentucky" HEIGHT="72" WIDTH="311" VPOS="3406" HPOS="1676"/>
<SP HEIGHT="72" WIDTH="40" VPOS="3405" HPOS="1988"/>
<String CONTENT="Geological" HEIGHT="149" WIDTH="1989" VPOS="3404" HPOS="161"/>
</TextLine>
<TextLine HEIGHT="72" WIDTH="410" VPOS="3483" HPOS="398" STYLEREFS="StyleId-ED4DCA19-03A6-4216-83CB-A027FD534929-">
<String CONTENT="survey," HEIGHT="53" WIDTH="225" VPOS="3502" HPOS="398"/>
<SP HEIGHT="64" WIDTH="33" VPOS="3488" HPOS="623"/>
<String CONTENT="1927." HEIGHT="56" WIDTH="151" VPOS="3483" HPOS="656"/>
</TextLine>
<TextLine HEIGHT="113" WIDTH="1993" VPOS="3561" HPOS="168" CS="1">
<String CONTENT="6" HEIGHT="41" WIDTH="28" VPOS="3567" HPOS="236"/>
<SP HEIGHT="49" WIDTH="22" VPOS="3567" HPOS="265"/>
<String LANG="fr" CONTENT="p." HEIGHT="38" WIDTH="44" VPOS="3578" HPOS="288"/>
<SP HEIGHT="40" WIDTH="26" VPOS="3569" HPOS="333"/>
<String CS="1" CONTENT="l.,"/>
<SP HEIGHT="48" WIDTH="27" VPOS="3567" HPOS="405"/>
<String CONTENT="64" HEIGHT="43" WIDTH="56" VPOS="3566" HPOS="433"/>
<SP HEIGHT="48" WIDTH="25" VPOS="3568" HPOS="490"/>
<String CONTENT="p." HEIGHT="37" WIDTH="43" VPOS="3579" HPOS="516"/>
<SP HEIGHT="42" WIDTH="29" VPOS="3567" HPOS="560"/>
<String CONTENT="incl." HEIGHT="42" WIDTH="109" VPOS="3567" HPOS="590"/>
<SP HEIGHT="41" WIDTH="26" VPOS="3568" HPOS="700"/>
<String CONTENT="front.," HEIGHT="51" WIDTH="166" VPOS="3567" HPOS="727"/>
<SP HEIGHT="49" WIDTH="28" VPOS="3568" HPOS="894"/>
<String CONTENT="illus.," HEIGHT="49" WIDTH="146" VPOS="3568" HPOS="923"/>
<SP HEIGHT="46" WIDTH="27" VPOS="3571" HPOS="1070"/>
<String CONTENT="tables." HEIGHT="42" WIDTH="172" VPOS="3569" HPOS="1098"/>
<SP HEIGHT="41" WIDTH="56" VPOS="3569" HPOS="1271"/>
<String CS="1" CONTENT="23&#189;&#7580;&#7504;." HEIGHT="41" WIDTH="57" VPOS="3569" HPOS="1328"/>
<SP HEIGHT="49" WIDTH="67" VPOS="3570" HPOS="1477"/>
<String CONTENT="(Added" HEIGHT="49" WIDTH="195" VPOS="3570" HPOS="1545"/>
<SP HEIGHT="39" WIDTH="30" VPOS="3571" HPOS="1741"/>
<String CONTENT="t.-p.:" HEIGHT="49" WIDTH="120" VPOS="3571" HPOS="1772"/>
<SP HEIGHT="39" WIDTH="26" VPOS="3571" HPOS="1893"/>
<String CONTENT="The" HEIGHT="41" WIDTH="103" VPOS="3570" HPOS="1920"/>
<SP HEIGHT="40" WIDTH="27" VPOS="3571" HPOS="2024"/>
<String CONTENT="Kentucky" HEIGHT="103" WIDTH="1993" VPOS="3570" HPOS="168"/>
<SP HEIGHT="48" WIDTH="25" VPOS="3625" HPOS="315"/>
<String CONTENT="Geological" HEIGHT="50" WIDTH="277" VPOS="3624" HPOS="341"/>
</TextLine>
<TextLine HEIGHT="58" WIDTH="1164" VPOS="3622" HPOS="646" CS="1">
<String CONTENT="survey." HEIGHT="40" WIDTH="192" VPOS="3635" HPOS="646"/>
<SP HEIGHT="41" WIDTH="58" VPOS="3625" HPOS="839"/>
<String CONTENT="Ser." HEIGHT="42" WIDTH="100" VPOS="3625" HPOS="898"/>
<SP HEIGHT="30" WIDTH="25" VPOS="3637" HPOS="999"/>
<String CS="1" CONTENT="VI." HEIGHT="8" WIDTH="8" VPOS="3659" HPOS="1080"/>
<SP HEIGHT="32" WIDTH="29" VPOS="3645" HPOS="1089"/>
<String CONTENT="[Geologic" HEIGHT="50" WIDTH="245" VPOS="3626" HPOS="1119"/>
<SP HEIGHT="31" WIDTH="23" VPOS="3637" HPOS="1365"/>
<String CONTENT="reports]" HEIGHT="49" WIDTH="208" VPOS="3629" HPOS="1389"/>
<SP HEIGHT="39" WIDTH="56" VPOS="3638" HPOS="1598"/>
<String CONTENT="v." HEIGHT="30" WIDTH="45" VPOS="3638" HPOS="1655"/>
<SP HEIGHT="41" WIDTH="25" VPOS="3627" HPOS="1701"/>
<String CONTENT="29)" HEIGHT="51" WIDTH="83" VPOS="3626" HPOS="1727"/>
</TextLine>
<TextLine HEIGHT="53" WIDTH="645" VPOS="3693" HPOS="235">
<String CONTENT="Bibliography:" HEIGHT="52" WIDTH="378" VPOS="3694" HPOS="235"/>
<SP HEIGHT="38" WIDTH="30" VPOS="3707" HPOS="614"/>
<String CONTENT="p." HEIGHT="38" WIDTH="44" VPOS="3707" HPOS="645"/>
<SP HEIGHT="41" WIDTH="29" VPOS="3697" HPOS="690"/>
<String CONTENT="63-64." HEIGHT="43" WIDTH="160" VPOS="3696" HPOS="720"/>
</TextLine>
<TextLine HEIGHT="61" WIDTH="1938" VPOS="3747" HPOS="242">
<String CONTENT="Bound" HEIGHT="40" WIDTH="172" VPOS="3753" HPOS="242"/>
<SP HEIGHT="42" WIDTH="29" VPOS="3753" HPOS="415"/>
<String CONTENT="with" HEIGHT="41" WIDTH="121" VPOS="3753" HPOS="445"/>
<SP HEIGHT="39" WIDTH="33" VPOS="3753" HPOS="567"/>
<String CONTENT="&#8220;Cement" HEIGHT="43" WIDTH="229" VPOS="3752" HPOS="601"/>
<SP HEIGHT="38" WIDTH="30" VPOS="3756" HPOS="831"/>
<String CONTENT="materials" HEIGHT="43" WIDTH="257" VPOS="3753" HPOS="862"/>
<SP HEIGHT="31" WIDTH="32" VPOS="3765" HPOS="1120"/>
<String CONTENT="of" HEIGHT="41" WIDTH="52" VPOS="3755" HPOS="1153"/>
<SP HEIGHT="40" WIDTH="31" VPOS="3755" HPOS="1206"/>
<String CONTENT="Kentucky&#8221;," HEIGHT="51" WIDTH="306" VPOS="3754" HPOS="1238"/>
<SP HEIGHT="48" WIDTH="31" VPOS="3756" HPOS="1545"/>
<String CONTENT="by" HEIGHT="48" WIDTH="63" VPOS="3756" HPOS="1577"/>
<SP HEIGHT="48" WIDTH="33" VPOS="3756" HPOS="1641"/>
<String CONTENT="C." HEIGHT="42" WIDTH="50" VPOS="3756" HPOS="1675"/>
<SP HEIGHT="40" WIDTH="34" VPOS="3758" HPOS="1726"/>
<String CONTENT="H." HEIGHT="40" WIDTH="61" VPOS="3757" HPOS="1761"/>
<SP HEIGHT="40" WIDTH="33" VPOS="3756" HPOS="1823"/>
<String CONTENT="Richardson." HEIGHT="45" WIDTH="323" VPOS="3754" HPOS="1857"/>
</TextLine>
<TextLine HEIGHT="59" WIDTH="2012" VPOS="3803" HPOS="169" CS="1">
<String CS="1" CONTENT="1927;" HEIGHT="40" WIDTH="115" VPOS="3809" HPOS="169"/>
<SP HEIGHT="37" WIDTH="38" VPOS="3820" HPOS="309"/>
<String CONTENT="and" HEIGHT="40" WIDTH="95" VPOS="3811" HPOS="348"/>
<SP HEIGHT="39" WIDTH="36" VPOS="3811" HPOS="444"/>
<String CONTENT="&#8220;The" HEIGHT="40" WIDTH="130" VPOS="3811" HPOS="481"/>
<SP HEIGHT="38" WIDTH="34" VPOS="3822" HPOS="612"/>
<String CONTENT="geology" HEIGHT="49" WIDTH="199" VPOS="3812" HPOS="647"/>
<SP HEIGHT="37" WIDTH="36" VPOS="3822" HPOS="847"/>
<String CONTENT="and" HEIGHT="39" WIDTH="96" VPOS="3813" HPOS="884"/>
<SP HEIGHT="40" WIDTH="34" VPOS="3813" HPOS="981"/>
<String CONTENT="coal" HEIGHT="39" WIDTH="106" VPOS="3814" HPOS="1016"/>
<SP HEIGHT="38" WIDTH="35" VPOS="3814" HPOS="1123"/>
<String CONTENT="resources" HEIGHT="30" WIDTH="253" VPOS="3823" HPOS="1159"/>
<SP HEIGHT="32" WIDTH="36" VPOS="3823" HPOS="1413"/>
<String CONTENT="of" HEIGHT="41" WIDTH="53" VPOS="3813" HPOS="1450"/>
<SP HEIGHT="41" WIDTH="33" VPOS="3813" HPOS="1504"/>
<String CONTENT="the" HEIGHT="41" WIDTH="83" VPOS="3813" HPOS="1538"/>
<SP HEIGHT="39" WIDTH="36" VPOS="3814" HPOS="1622"/>
<String CONTENT="Middlesboro" HEIGHT="43" WIDTH="330" VPOS="3812" HPOS="1659"/>
<SP HEIGHT="39" WIDTH="36" VPOS="3815" HPOS="1990"/>
<String CONTENT="Basin" HEIGHT="42" WIDTH="154" VPOS="3813" HPOS="2027"/>
</TextLine>
<TextLine HEIGHT="58" WIDTH="1152" VPOS="3862" HPOS="167">
<String CONTENT="in" HEIGHT="40" WIDTH="51" VPOS="3865" HPOS="167"/>
<SP HEIGHT="40" WIDTH="28" VPOS="3866" HPOS="218"/>
<String CONTENT="Kentucky&#8221;," HEIGHT="53" WIDTH="302" VPOS="3865" HPOS="246"/>
<SP HEIGHT="48" WIDTH="29" VPOS="3869" HPOS="548"/>
<String CONTENT="by" HEIGHT="48" WIDTH="63" VPOS="3869" HPOS="577"/>
<SP HEIGHT="49" WIDTH="28" VPOS="3868" HPOS="640"/>
<String LANG="fr" CONTENT="C." HEIGHT="43" WIDTH="51" VPOS="3868" HPOS="668"/>
<SP HEIGHT="42" WIDTH="29" VPOS="3869" HPOS="719"/>
<String CONTENT="K." HEIGHT="43" WIDTH="61" VPOS="3868" HPOS="748"/>
<SP HEIGHT="40" WIDTH="29" VPOS="3870" HPOS="809"/>
<String CONTENT="Wentworth," HEIGHT="49" WIDTH="320" VPOS="3869" HPOS="838"/>
<SP HEIGHT="47" WIDTH="30" VPOS="3870" HPOS="1158"/>
<String CONTENT="1927." HEIGHT="43" WIDTH="131" VPOS="3869" HPOS="1188"/>
</TextLine>
<TextLine HEIGHT="73" WIDTH="2008" VPOS="3925" HPOS="175" CS="1">
<String CONTENT="&#169;" HEIGHT="53" WIDTH="52" VPOS="3931" HPOS="175"/>
<SP HEIGHT="53" WIDTH="31" VPOS="3931" HPOS="228"/>
<String CONTENT="Nov." HEIGHT="41" WIDTH="119" VPOS="3938" HPOS="260"/>
<SP HEIGHT="40" WIDTH="32" VPOS="3939" HPOS="380"/>
<String CONTENT="2," HEIGHT="49" WIDTH="40" VPOS="3938" HPOS="413"/>
<SP HEIGHT="46" WIDTH="33" VPOS="3940" HPOS="454"/>
<String CS="1" CONTENT="1927;" HEIGHT="41" WIDTH="115" VPOS="3939" HPOS="488"/>
<SP HEIGHT="47" WIDTH="35" VPOS="3940" HPOS="631"/>
<String CONTENT="2c." HEIGHT="41" WIDTH="68" VPOS="3940" HPOS="667"/>
<SP HEIGHT="41" WIDTH="34" VPOS="3940" HPOS="736"/>
<String CONTENT="Nov." HEIGHT="44" WIDTH="119" VPOS="3939" HPOS="771"/>
<SP HEIGHT="41" WIDTH="33" VPOS="3941" HPOS="891"/>
<String CS="1" CONTENT="4;" HEIGHT="39" WIDTH="27" VPOS="3941" HPOS="925"/>
<SP HEIGHT="38" WIDTH="36" VPOS="3950" HPOS="980"/>
<String LANG="de" CONTENT="aff." HEIGHT="42" WIDTH="83" VPOS="3940" HPOS="1017"/>
<SP HEIGHT="41" WIDTH="36" VPOS="3941" HPOS="1101"/>
<String CONTENT="Jan." HEIGHT="41" WIDTH="110" VPOS="3941" HPOS="1138"/>
<SP HEIGHT="40" WIDTH="35" VPOS="3942" HPOS="1249"/>
<String CONTENT="26," HEIGHT="49" WIDTH="71" VPOS="3941" HPOS="1285"/>
<SP HEIGHT="47" WIDTH="34" VPOS="3943" HPOS="1357"/>
<String CS="1" CONTENT="1928;" HEIGHT="44" WIDTH="117" VPOS="3940" HPOS="1392"/>
<SP HEIGHT="48" WIDTH="35" VPOS="3942" HPOS="1536"/>
<!-- cceid 13DBE33D-6CB2-1014-A20E-B9D6251C946A --><String CONTENT="A" HEIGHT="40" WIDTH="43" VPOS="3942" HPOS="1572"/>
<SP HEIGHT="40" WIDTH="32" VPOS="3942" HPOS="1616"/>
<String CS="1" CONTENT="1018563;" HEIGHT="45" WIDTH="204" VPOS="3940" HPOS="1649"/>
<SP HEIGHT="50" WIDTH="37" VPOS="3943" HPOS="1882"/>
<String CONTENT="Kentucky" HEIGHT="51" WIDTH="263" VPOS="3942" HPOS="1920"/>
</TextLine>
<TextLine HEIGHT="60" WIDTH="895" VPOS="3992" HPOS="242" CS="1">
<String CONTENT="geological" HEIGHT="58" WIDTH="264" VPOS="3994" HPOS="242"/>
<SP HEIGHT="40" WIDTH="30" VPOS="3998" HPOS="507"/>
<String CONTENT="survey." HEIGHT="40" WIDTH="191" VPOS="4007" HPOS="538"/>
<SP HEIGHT="51" WIDTH="73" VPOS="3997" HPOS="730"/>
<String CONTENT="(G" HEIGHT="50" WIDTH="64" VPOS="3997" HPOS="804"/>
<SP/>
<String CONTENT="S" HEIGHT="41" WIDTH="29" VPOS="3998" HPOS="889"/>
<SP HEIGHT="41" WIDTH="16" VPOS="3998" HPOS="919"/>
<String CONTENT="27-399)" HEIGHT="51" WIDTH="201" VPOS="3997" HPOS="936"/>
</TextLine>
</TextBlock>
</PrintSpace>
</Page>
</Layout>
</alto>