2498 4384
1044 4157 133 50 1045

90 489 743 65 Maurois, Andr é , 1885-
218 569 1863 74 … Bernard Quesnay. Éd. augm. Paris, Gallimard [1928]
156 655 762 52 2 p. l., [7]-251 p., 1 l. 19ᶜᵐ.
99 712 51 52 ©
177 715 111 41 Feb.
312 714 71 47 28,
412 713 140 46 1928;
582 713 67 40 1c.
676 712 122 41 Mar.
824 711 83 46 30;
936 709 313 48 A—Foreign
1275 708 170 47 38363;
1476 707 241 41 Librairie
1747 707 285 40 Gallimard.

175 770 280 51 (28-17431)

91 838 292 61 Mearson,
416 836 183 63 Lyon.

158 908 1934 73 Phantom fingers, by Lyon Mearson … New York, The
87 988 851 72 Macaulay company [ ᶜ1 927]
158 1074 86 41 256
281 1086 43 37 p.
385 1073 147 42 19½ᶜᵐ.

100 1127 51 52 ©
177 1131 117 40 July
316 1130 40 46 3,
382 1128 117 43 1928;
551 1129 70 40 2c.
646 1129 95 39 and
766 1127 82 42 aff.
876 1128 116 47 July
1016 1127 83 46 14;
1127 1126 41 39 A
1195 1125 230 48 1083206;
1455 1126 52 40 L.
1534 1127 240 46 Mearson,
1802 1126 117 39 New
1945 1125 148 41 York.

178 1186 281 50 (28-17204)

93 1253 301 64 Michigan
426 1250 311 54 education
767 1248 376 54 association.
1231 1250 156 66 Dept.
1437 1248 63 69 of
1530 1249 344 68 elementary
1905 1248 192 53 school

162 1332 333 67 principals.

99 1405 1974 150 … Yearbook. [2d] Functions of the elementary school principalship.
466 1486 293 67 Prepared
785 1485 76 67 by
888 1485 96 52 the
1013 1484 267 52 editorial
1310 1483 179 53 board
1516 1482 66 54 of
1609 1484 99 52 the
1734 1484 363 68 department

161 1561 1733 72 … [Lansing, Mich., The Hallenbeck printing co., 1928]
165 1645 642 51 2 p. l., [5]-180 p. 23ᶜᵐ.
170 1703 296 42 Cover-title.

168 1760 199 41 Editor:
400 1759 129 48 1928,
562 1758 157 42 Jessie
750 1759 63 40 M.
846 1758 140 39 Fink.

102 1813 52 53 ©
189 1818 116 47 July
338 1815 39 49 6,
412 1816 118 40 1928;
588 1816 69 40 2c.
690 1816 96 39 and
821 1814 83 41 aff.
940 1814 119 47 July
1089 1814 82 46 13;
1209 1815 43 38 A
1285 1813 230 48 1083420;
1554 1812 249 50 Michigan
1838 1813 261 41 education

170 1884 142 38 assn.,
342 1872 227 48 Lansing,
599 1872 145 40 Mich.

97 1940 209 62 Miner,
340 1940 228 62 George
598 1937 415 63 Washington.

171 2018 271 52 Business
467 2016 342 66 arithmetic,
831 2016 76 68 by
933 2014 224 69 George
1177 2015 92 53 W.
1294 2015 208 67 Miner,
1526 2015 243 68 Fayette
1790 2015 77 52 H.
1895 2016 206 52 Elwell

165 2092 1938 68 … and Frank C. Touton … Boston, New York [etc.] Ginn
101 2174 668 67 and company [ ᶜ1 928]
172 2257 61 46 vi,
267 2256 89 39 442
389 2266 44 37 p.
493 2255 169 47 tables,
700 2254 180 48 diagrs.
938 2253 119 40 21ᶜᵐ.

105 2309 52 53 ©
191 2315 127 39 June
350 2312 71 47 21,
456 2311 141 47 1928;
632 2311 69 41 2c.
733 2311 117 47 July
882 2310 82 46 19;
1002 2309 82 42 aff.
1118 2310 118 47 July
1269 2311 83 45 18;
1387 2310 42 40 A
1461 2310 231 48 1083282;
1731 2310 54 41 G.
1820 2312 73 39 W.
1927 2311 173 48 Miner,

171 2369 264 48 Westfield,
476 2369 161 48 Mass.,
679 2368 204 48 Fayette
923 2368 62 41 H.
1025 2368 185 48 Elwell,
1253 2367 238 50 Madison,
1531 2368 133 49 Wis.,
1705 2368 96 40 and
1843 2368 167 40 Frank
2048 2367 52 43 C.

172 2428 204 48 Touton,
403 2427 95 40 Los
523 2426 221 48 Angeles.

101 2492 300 63 Muntsch,
438 2492 229 62 Albert,
709 2490 172 55 1873-

175 2569 1929 71 Introductory sociology, by Albert Muntsch … and Henry S.
105 2646 1977 150 Spalding … Boston, New York [ etc.] D. C. Heath and company [ ᶜ1 928]
174 2810 96 48 xiv,
304 2809 86 41 466
425 2819 44 39 p.
531 2808 154 50 diagr.
744 2808 118 43 23ᶜᵐ.

180 2867 103 40 The
310 2867 116 40 data
457 2865 256 42 contained
742 2866 51 39 in
820 2865 99 41 this
948 2865 124 41 book
1099 2866 124 40 have
1252 2866 120 40 been
1400 2867 237 48 prepared
1668 2865 119 41 with
1818 2877 27 29 a
1876 2867 93 40 due
106 2877 1981 87 consideration
398 2923 81 41 for
507 2924 81 40 the
614 2924 147 39 needs
788 2922 52 41 of
866 2922 221 42 Catholic
1115 2923 205 40 schools,
1381 2923 61 48 cf.
1471 2924 186 41 Introd.

182 2979 351 41 “References”
561 2982 51 38 at
640 2981 91 40 end
759 2979 52 41 of
837 2981 126 39 most
990 2979 53 41 of
1069 2980 82 41 the
1178 2980 244 48 chapters.

112 3033 51 52 ©
191 3038 117 47 July
332 3037 41 48 3,
401 3037 142 47 1928;
571 3037 68 41 2c.
667 3037 116 47 July
810 3037 53 47 9;
893 3035 83 43 aff.
1004 3037 116 47 July
1147 3038 53 46 7;
1230 3038 43 38 A
1299 3036 201 41 1082412;
1560 3037 58 41 D.
1647 3036 50 42 C.
1724 3037 165 41 Heath
1917 3038 36 40 &
1977 3048 72 31 co.

190 3093 280 50 (28-17066)

110 3159 227 54 Oxford
364 3160 115 52 and
507 3159 281 64 Asquith,
815 3160 258 63 Herbert
1100 3160 208 62 Henry
1334 3159 282 63 Asquith,
1643 3162 87 50 1st
1756 3161 118 51 earl
1900 3161 78 68 of.

179 3237 156 53 Lord
359 3236 279 56 Oxford’s
660 3237 183 69 diary.
904 3241 151 49 1-34.
1115 3239 91 67 By
1227 3238 97 52 the
1345 3239 116 51 late
1484 3239 140 51 Earl
1649 3237 65 53 of
1738 3237 231 56 Oxford
1992 3240 115 52 and

107 3315 267 69 Asquith.
474 3317 66 51 [34
576 3315 377 67 instalments]

188 3397 81 49 (In
302 3394 202 43 London
535 3390 148 56 Daily
715 3393 290 54 telegraph)

182 3455 64 39 At
272 3454 124 40 head
424 3454 53 41 of
503 3454 120 48 title,
652 3455 142 39 1-21:
824 3455 101 41 The
954 3465 103 29 war
1082 3454 129 40 from
1240 3454 241 50 Downing
1508 3456 167 41 street.

182 3511 265 41 Published
475 3511 383 48 posthumously.

115 3563 1992 55 © 1c. each June 28, 1928; A ad int. 11317-11350; pubd. Apr. 30, May 1-5,
181 3624 127 48 7-12,
335 3624 157 46 14-19,
520 3624 157 49 21-26,
704 3625 158 48 28-31,
890 3626 126 39 June
1043 3627 38 46 1,
1108 3625 41 48 2,
1175 3626 115 46 4-7;
1320 3625 163 49 Little,
1512 3627 191 47 Brown,
1733 3627 95 39 and
1858 3637 249 38 company,

183 3681 198 41 Boston.

107 3745 266 64 Parrish,
408 3746 246 64 George,
691 3746 170 54 1872-

181 3824 1928 72 Health “the paramount asset”, by George Parrish … [Los
111 3901 1090 71 Angeles, Terminal press co., ᶜ1 928]
181 3986 87 41 262
294 3997 44 38 p.
396 3987 120 41 24ᶜᵐ.

121 4038 51 52 ©
203 4044 125 39 June
358 4044 40 46 1,
431 4043 117 41 1928;
604 4044 68 41 2c.
704 4046 97 38 and
830 4044 82 40 aff.
945 4046 125 39 June
1101 4045 82 47 11;
1217 4046 43 38 A
1290 4045 229 47 1074976;
1555 4046 54 40 G.
1641 4046 216 48 Parrish,
1892 4041 92 45 Los
186 4046 1905 101 Angeles.
398 4100 279 48 (28-17272)
