2498 4384
0 0 0 0 2100
356 501 369 63 xi, 119 p. 23½ ᶜᵐ.
359 589 236 41 “Sources
624 587 52 40 of
706 585 349 42 information”:
1116 597 42 37 p.
1187 584 220 41 117-118.

291 650 2013 58 © Nov. 16, 1928; 2c. Dec. 6; aff. Jan. 16, 1929; A 2293; Natl. industrial
359 716 286 41 conference
673 716 166 48 board,
868 715 91 41 inc.
1026 713 284 51 (28-30762)

289 812 198 64 Olson,
524 810 149 66 Lyla
710 811 80 55 M.

361 902 365 69 Improvised
756 903 329 68 equipment
1114 902 59 51 in
1202 901 97 52 the
1327 900 166 53 home
1521 918 127 34 care
1676 898 65 53 of
1765 898 98 53 the
1892 897 136 68 sick,

289 896 2017 233 by Lyla M. Olson … Philadelphia.and London, W. B. Saunders company, 1928.
361 1141 469 49 109 p. illus. 18 ᶜᵐ.
292 1209 1851 53 © Dec. 11, 1928; 2c. and aff. Dec. 21; A 2387; W. B . Saunders co.
370 1270 223 50 (29-686)

290 1366 200 63 Owen,
526 1365 248 54 Francis
807 1366 62 53 C.

357 1454 1953 73 Nuts and their uses, by Francis C. Owen … and Story of
287 1534 2022 73 the citrus fruits, by Ellen M. Ramsay … Dansville, N. Y.,
287 1615 1275 70 F. A. Owen publishing company [ ᶜ19 28 ]
360 1696 467 50 128 p. illus. 19 ᶜᵐ.
293 1767 52 52 ©
372 1771 113 39 Dec.
510 1771 43 47 4,
579 1769 141 47 1928;
749 1769 68 42 2c.
844 1770 97 39 and
967 1768 83 42 aff.
1077 1769 113 40 Dec.
1217 1767 84 49 10;
1330 1767 41 40 A
1397 1768 143 47 2374;
1571 1767 52 41 F.
1650 1767 55 41 A.
1734 1767 149 42 Owen
1910 1767 111 49 pub.
2049 1778 69 30 co.

371 1826 225 50 (29-574)

288 1920 370 65 Perdelwitz,
697 1920 248 64 George.

365 2012 289 70 Spiritual
687 2012 274 70 starlight
996 2031 72 34 on
1104 2013 164 52 earth
1304 2012 115 53 and
1454 2013 142 53 road
1630 2015 59 50 to
1724 2013 281 69 heavenly
2040 2012 158 69 bliss,
2232 2012 77 70 by

293 2091 69 56 G.
403 2090 362 55 Perdelwitz.
856 2091 237 68 Boston,
1132 2090 193 69 Mass.,
1364 2090 242 53 Meador
1645 2090 339 71 publishing
2025 2110 284 52 company

404 2172 87 65 [ ᶜ19 29]
359 2250 1129 51 130 p. incl. front. (ports.) illus. pl. 21 ᶜᵐ.
294 2320 52 52 ©
381 2325 114 40 Dec.
528 2322 70 49 20,
632 2322 119 41 1928;
811 2323 67 40 2c.
914 2324 95 39 and
1044 2322 83 42 aff.
1162 2323 114 40 Dec.
1309 2322 58 40 29;
1430 2322 41 39 A
1504 2322 116 41 3409;
1686 2323 53 41 G.
1776 2324 305 48 Perdelwitz,
2119 2324 189 49 Peoria,

362 2381 78 41 Ill.
507 2380 224 50 (29-595)

292 2476 215 66 Philip,
540 2477 253 54 Brother
823 2477 69 54 R.

424 2567 1823 73 … The measurement of attention, by Brother R. Philip …
291 2648 338 68 Baltimore,
659 2647 122 53 The
811 2647 291 55 Williams
1132 2649 47 50 &
1206 2647 255 54 Wilkins
1493 2665 284 52 company
1922 2651 85 65 [ᶜ1928]

362 2729 1949 51 xi, 81 p. tables, diagrs. 23 ᶜᵐ. (Studies in psychology and psychiatry
342 2786 1247 50 … ed. by E. A. Pace … v. 2, no. 1, June 1928)
295 2853 51 53 ©
376 2858 128 40 June
533 2858 70 48 13,
632 2858 115 40 1928;
805 2858 69 40 2c.
904 2859 96 39 and
1031 2857 83 41 aff.
1145 2858 132 41 June
1302 2857 56 41 26;
1418 2858 42 39 A
1489 2857 206 42 1083049;
1754 2859 244 41 Williams
2031 2859 38 41 &
2099 2860 210 41 Wilkins

363 2927 69 30 co.

292 3008 239 65 Picken,
569 3009 206 54 James
814 3009 327 55 Hamilton.

364 3099 202 55 Credit
604 3101 114 53 and
758 3101 298 53 collection
1094 3102 499 68 correspondence,
1631 3103 75 69 by
1743 3103 195 54 James
1976 3103 79 53 H.
2094 3103 217 53 Picken

354 3178 1957 73 … Chicago & New York, A. W. Shaw company; London,
291 3257 72 53 A.
390 3257 91 55 W.
513 3256 173 56 Shaw
715 3257 114 53 and
857 3275 299 52 company,
1183 3257 243 69 limited,
1458 3261 152 51 1928.

398 3340 961 50 x, 388 p. illus., forms (1 fold.) 21½ ᶜᵐ.
363 3411 353 49 Bibliography:
775 3423 43 37 p.
850 3411 219 41 379-380.

297 3478 51 52 ©
376 3483 113 41 Dec.
516 3483 69 47 13,
614 3482 115 41 1928;
784 3483 68 40 2c.
879 3484 97 39 and
1002 3482 83 41 aff.
1115 3484 112 39 Dec.
1255 3482 56 41 29;
1368 3483 40 39 A
1435 3483 118 41 3398;
1608 3484 55 41 A.
1691 3486 71 40 W.
1794 3485 145 41 Shaw
1967 3497 69 30 co.

373 3539 225 50 (29-446)

294 3634 458 64 Prentice-Hall,
781 3635 131 64 inc.,
939 3636 140 52 New
1110 3636 180 54 York.

364 3725 404 69 Explanatory
799 3726 188 69 digest
1016 3725 64 54 of
1109 3726 96 53 the
1236 3727 265 53 Revenue
1531 3733 91 47 act
1651 3727 65 53 of
1748 3731 151 51 1928.
1967 3728 158 70 May,
2158 3733 152 64 1928,

294 3804 85 52 ed.
443 3804 140 53 New
611 3804 181 68 York,
821 3805 243 53 Printed
1091 3805 76 69 by
1195 3805 154 53 Lenz
1377 3807 47 50 &
1451 3805 259 69 Riecker,
1742 3809 150 51 1928.

363 3887 321 49 44, [4] p. 21½ ᶜᵐ.
298 3953 52 53 ©
386 3958 115 48 May
532 3957 72 49 29,
639 3957 115 42 1928;
817 3958 68 41 2c.
920 3959 96 40 and
1051 3958 83 42 aff.
1170 3959 116 48 July
1321 3959 56 40 24;
1441 3958 41 41 A
1517 3959 204 42 1083350;
1786 3960 380 50 Prentice-Hall,
2202 3960 106 50 inc.,

365 4014 119 42 New
513 4016 146 39 York.
