<alto xmlns="http://www.loc.gov/standards/alto/ns-v3#" xmlns:xlink="http://www.w3.org/1999/xlink" xmlns:xsi="http://www.w3.org/2001/XMLSchema-instance" xsi:schemaLocation="http://www.loc.gov/standards/alto/ns-v3# http://www.loc.gov/alto/v3/alto-3-0.xsd"><Description>
<MeasurementUnit>pixel</MeasurementUnit>
<sourceImageInformation>
<fileName>1928_v25_part001.pdf</fileName>
</sourceImageInformation>
<OCRProcessing ID="IdOcr">
<ocrProcessingStep>
<processingDateTime>2019-04-12</processingDateTime>
<processingSoftware>
<softwareCreator>ABBYY</softwareCreator>
<softwareName>ABBYY Recognition Server</softwareName>
<softwareVersion>4.0</softwareVersion>
</processingSoftware>
</ocrProcessingStep>
</OCRProcessing>
</Description>
<Styles>
<ParagraphStyle ID="StyleId-FFFFFFFF-FFFF-FFFF-FFFF-FFFFFFFFFFFF-" ALIGN="Left" LEFT="0." RIGHT="0." FIRSTLINE="0."/>
<ParagraphStyle ID="StyleId-0ECAC0CE-E1F0-4C69-A1B9-95E16886343B-" ALIGN="Left" LEFT="0." RIGHT="0." FIRSTLINE="0." LINESPACE="8.300000191"/>
<ParagraphStyle ID="StyleId-5C6F7A30-EC6F-4250-A8D3-0AE106DCDB5D-" ALIGN="Left" LEFT="0." RIGHT="0." FIRSTLINE="-13." LINESPACE="11.22999954"/>
<ParagraphStyle ID="StyleId-B258737E-7AF8-4B71-A0BF-0A1420B951F9-" ALIGN="Left" LEFT="0." RIGHT="0." FIRSTLINE="-13." LINESPACE="8.210000038"/>
<ParagraphStyle ID="StyleId-35C0EFA5-E89E-4731-B16E-5D3895F12270-" ALIGN="Block" LEFT="0." RIGHT="0." FIRSTLINE="-12." LINESPACE="11.22999954"/>
<ParagraphStyle ID="StyleId-7BD1F9B4-14BB-4AAF-864B-FED8FEA7DC43-" ALIGN="Left" LEFT="0." RIGHT="0." FIRSTLINE="0."/>
<ParagraphStyle ID="StyleId-CD2DA0E5-536D-42AE-AE16-8D9F5C008D5A-" ALIGN="Block" LEFT="0." RIGHT="0." FIRSTLINE="-12." LINESPACE="10."/>
<ParagraphStyle ID="StyleId-AF408F88-EED5-4CE2-A229-3F852C18D9BD-" ALIGN="Block" LEFT="0." RIGHT="0." FIRSTLINE="-14." LINESPACE="10."/>
<ParagraphStyle ID="StyleId-829CD741-943D-4B7B-9638-57AB73DE2567-" ALIGN="Center" LEFT="0." RIGHT="0." FIRSTLINE="0." LINESPACE="9.399999619"/>
<ParagraphStyle ID="StyleId-B271BDFA-6037-4875-BA99-885A067668E9-" ALIGN="Left" LEFT="0." RIGHT="0." FIRSTLINE="-14." LINESPACE="11.21000004"/>
<ParagraphStyle ID="StyleId-64F9C1D8-EA12-4F65-AD18-B72A4C6B556F-" ALIGN="Center" LEFT="0." RIGHT="0." FIRSTLINE="0." LINESPACE="11.60000038"/>
<ParagraphStyle ID="StyleId-44DA2756-E57B-4EF3-9BA4-FC1C14776DE3-" ALIGN="Left" LEFT="0." RIGHT="0." FIRSTLINE="-12." LINESPACE="12.19999981"/>
<ParagraphStyle ID="StyleId-D1D9AF19-8CA6-4F74-9AEC-1B4545205AD7-" ALIGN="Center" LEFT="0." RIGHT="0." FIRSTLINE="0." LINESPACE="11.60000038"/>
<ParagraphStyle ID="StyleId-3ADA1556-6D19-417D-8046-68449BF368BA-" ALIGN="Left" LEFT="0." RIGHT="0." FIRSTLINE="-13." LINESPACE="12.19999981"/>
<ParagraphStyle ID="StyleId-7443A930-B325-44B5-9AB8-B42B4EC78C89-" ALIGN="Block" LEFT="0." RIGHT="0." FIRSTLINE="13." LINESPACE="8.619999886"/>
<ParagraphStyle ID="StyleId-C9A9E480-E448-4934-9AF8-3D252792E396-" ALIGN="Left" LEFT="0." RIGHT="0." FIRSTLINE="-12." LINESPACE="11.38000011"/>
<ParagraphStyle ID="StyleId-73039842-464C-49B9-9440-4C0D0E749DFE-" ALIGN="Center" LEFT="0." RIGHT="0." FIRSTLINE="0." LINESPACE="11.10000038"/>
<ParagraphStyle ID="StyleId-C51F6AC2-80DA-4C65-849C-6E2D5F548EA4-" ALIGN="Left" LEFT="0." RIGHT="0." FIRSTLINE="0." LINESPACE="7.699999809"/>
<ParagraphStyle ID="StyleId-494190D9-BDDC-4834-A745-6AF520F91CD0-" ALIGN="Block" LEFT="0." RIGHT="0." FIRSTLINE="-12." LINESPACE="11.22999954"/>
<ParagraphStyle ID="StyleId-68D39D31-3386-4B28-8C90-DA9420961D78-" ALIGN="Left" LEFT="0." RIGHT="0." FIRSTLINE="0." LINESPACE="11.60000038"/>
<ParagraphStyle ID="StyleId-DF0CE7C7-E73E-44FE-8867-C904BD7F3F42-" ALIGN="Block" LEFT="0." RIGHT="0." FIRSTLINE="0." LINESPACE="12.19999981"/>
</Styles>
<Layout>
<Page ID="Page319" PHYSICAL_IMG_NR="319" HEIGHT="4384" WIDTH="2498">
<TopMargin HEIGHT="422" WIDTH="2498" VPOS="0" HPOS="0">
</TopMargin>
<LeftMargin HEIGHT="3631" WIDTH="116" VPOS="422" HPOS="0">
</LeftMargin>
<RightMargin HEIGHT="3631" WIDTH="326" VPOS="422" HPOS="2172">
</RightMargin>
<BottomMargin HEIGHT="331" WIDTH="2498" VPOS="4053" HPOS="0">
<TextBlock ID="Page319_Block1" HEIGHT="270" WIDTH="541" VPOS="4085" HPOS="1044" LANG="en-US" CS="1" STYLEREFS="StyleId-A46AD9FE-190B-49F6-9CF0-061791154390-">
<TextLine HEIGHT="50" WIDTH="101" VPOS="4114" HPOS="1106" CS="1">
<String CS="1" CONTENT="319" HEIGHT="50" WIDTH="101" VPOS="4114" HPOS="1106"/>
</TextLine>
</TextBlock>
</BottomMargin>
<PrintSpace HEIGHT="3631" WIDTH="2056" VPOS="422" HPOS="116">
<TextBlock ID="Page319_Block2" HEIGHT="3631" WIDTH="2056" VPOS="422" HPOS="116" CS="1" STYLEREFS="StyleId-4BF26BFB-F431-481D-820B-2C2C96D03D32-">
<TextLine HEIGHT="60" WIDTH="706" VPOS="433" HPOS="127" STYLEREFS="StyleId-E4327262-B34D-4239-8707-FED321D0787A-">
<String LANG="fr" CONTENT="U." HEIGHT="53" WIDTH="71" VPOS="435" HPOS="127"/>
<SP HEIGHT="54" WIDTH="28" VPOS="433" HPOS="199"/>
<String LANG="fr" CONTENT="S." HEIGHT="54" WIDTH="57" VPOS="433" HPOS="228"/>
<SP HEIGHT="51" WIDTH="73" VPOS="433" HPOS="286"/>
<String LANG="en-US" CONTENT="Laws" HEIGHT="53" WIDTH="168" VPOS="433" HPOS="360"/>
<String LANG="fr" CONTENT="," HEIGHT="18" WIDTH="11" VPOS="475" HPOS="534"/>
<SP HEIGHT="42" WIDTH="28" VPOS="451" HPOS="546"/>
<String LANG="en-US" CONTENT="statutes." HEIGHT="47" WIDTH="258" VPOS="438" HPOS="575"/>
</TextLine>
<TextLine HEIGHT="63" WIDTH="1943" VPOS="503" HPOS="199">
<String LANG="fr" CONTENT="United" HEIGHT="54" WIDTH="218" VPOS="512" HPOS="199"/>
<SP HEIGHT="56" WIDTH="30" VPOS="510" HPOS="418"/>
<String LANG="fr" CONTENT="States" HEIGHT="56" WIDTH="190" VPOS="510" HPOS="449"/>
<SP HEIGHT="55" WIDTH="28" VPOS="509" HPOS="640"/>
<String LANG="fr" CONTENT="Code" HEIGHT="55" WIDTH="154" VPOS="509" HPOS="669"/>
<SP HEIGHT="34" WIDTH="28" VPOS="528" HPOS="824"/>
<String LANG="en-US" CONTENT="annotated." HEIGHT="54" WIDTH="327" VPOS="507" HPOS="853"/>
<SP HEIGHT="51" WIDTH="66" VPOS="507" HPOS="1181"/>
<String LANG="en-US" CONTENT="The" HEIGHT="52" WIDTH="122" VPOS="506" HPOS="1248"/>
<SP HEIGHT="34" WIDTH="26" VPOS="524" HPOS="1371"/>
<String LANG="fr" CONTENT="code" HEIGHT="53" WIDTH="135" VPOS="505" HPOS="1398"/>
<SP HEIGHT="34" WIDTH="28" VPOS="523" HPOS="1534"/>
<String LANG="en-US" CONTENT="of" HEIGHT="53" WIDTH="65" VPOS="504" HPOS="1563"/>
<SP HEIGHT="52" WIDTH="27" VPOS="504" HPOS="1629"/>
<String LANG="en-US" CONTENT="the" HEIGHT="52" WIDTH="96" VPOS="504" HPOS="1657"/>
<SP HEIGHT="51" WIDTH="28" VPOS="505" HPOS="1754"/>
<String LANG="en-US" CONTENT="laws" HEIGHT="51" WIDTH="139" VPOS="505" HPOS="1783"/>
<SP HEIGHT="34" WIDTH="27" VPOS="521" HPOS="1923"/>
<String LANG="en-US" CONTENT="of" HEIGHT="52" WIDTH="65" VPOS="503" HPOS="1951"/>
<SP HEIGHT="53" WIDTH="27" VPOS="503" HPOS="2017"/>
<String LANG="en-US" CONTENT="the" HEIGHT="53" WIDTH="97" VPOS="503" HPOS="2045"/>
</TextLine>
<TextLine HEIGHT="157" WIDTH="1990" VPOS="580" HPOS="128" LANG="en-US" CS="1">
<String CONTENT="United" HEIGHT="55" WIDTH="211" VPOS="589" HPOS="135"/>
<SP HEIGHT="54" WIDTH="36" VPOS="589" HPOS="347"/>
<String CONTENT="States" HEIGHT="54" WIDTH="190" VPOS="589" HPOS="384"/>
<SP HEIGHT="52" WIDTH="33" VPOS="589" HPOS="575"/>
<String CONTENT="in" HEIGHT="51" WIDTH="60" VPOS="589" HPOS="609"/>
<SP HEIGHT="53" WIDTH="35" VPOS="587" HPOS="670"/>
<String CONTENT="force" HEIGHT="53" WIDTH="154" VPOS="587" HPOS="706"/>
<SP HEIGHT="51" WIDTH="33" VPOS="588" HPOS="861"/>
<String CONTENT="December" HEIGHT="54" WIDTH="312" VPOS="584" HPOS="895"/>
<SP HEIGHT="53" WIDTH="32" VPOS="584" HPOS="1208"/>
<String CONTENT="7," HEIGHT="67" WIDTH="50" VPOS="584" HPOS="1241"/>
<SP HEIGHT="63" WIDTH="35" VPOS="588" HPOS="1292"/>
<String CONTENT="1925," HEIGHT="62" WIDTH="152" VPOS="587" HPOS="1328"/>
<SP HEIGHT="48" WIDTH="34" VPOS="601" HPOS="1481"/>
<String CONTENT="as" HEIGHT="34" WIDTH="60" VPOS="601" HPOS="1516"/>
<SP HEIGHT="33" WIDTH="34" VPOS="602" HPOS="1577"/>
<String CONTENT="enacted" HEIGHT="53" WIDTH="234" VPOS="582" HPOS="1612"/>
<SP HEIGHT="52" WIDTH="32" VPOS="582" HPOS="1847"/>
<String CS="1" CONTENT="by" HEIGHT="52" WIDTH="36" VPOS="582" HPOS="1880"/>
<SP HEIGHT="56" WIDTH="36" VPOS="580" HPOS="1957"/>
<String CONTENT="Congress" HEIGHT="157" WIDTH="1990" VPOS="580" HPOS="128"/>
</TextLine>
<TextLine HEIGHT="139" WIDTH="1990" VPOS="660" HPOS="128" LANG="en-US" CS="1">
<String CONTENT="June" HEIGHT="53" WIDTH="154" VPOS="667" HPOS="312"/>
<SP HEIGHT="50" WIDTH="25" VPOS="670" HPOS="467"/>
<String CONTENT="28" HEIGHT="50" WIDTH="66" VPOS="670" HPOS="493"/>
<SP HEIGHT="49" WIDTH="28" VPOS="671" HPOS="560"/>
<String CONTENT="and" HEIGHT="51" WIDTH="111" VPOS="667" HPOS="589"/>
<SP HEIGHT="51" WIDTH="29" VPOS="667" HPOS="701"/>
<String CONTENT="approved" HEIGHT="69" WIDTH="294" VPOS="664" HPOS="731"/>
<SP HEIGHT="53" WIDTH="29" VPOS="664" HPOS="1026"/>
<String CONTENT="June" HEIGHT="53" WIDTH="151" VPOS="664" HPOS="1056"/>
<SP HEIGHT="50" WIDTH="29" VPOS="665" HPOS="1208"/>
<String CONTENT="30," HEIGHT="54" WIDTH="85" VPOS="665" HPOS="1238"/>
<SP HEIGHT="53" WIDTH="30" VPOS="666" HPOS="1324"/>
<String CONTENT="1926" HEIGHT="50" WIDTH="135" VPOS="664" HPOS="1355"/>
<SP HEIGHT="49" WIDTH="33" VPOS="665" HPOS="1491"/>
<String CS="1" CONTENT="&#8230;"/>
<SP HEIGHT="52" WIDTH="68" VPOS="661" HPOS="1582"/>
<String CONTENT="Title" HEIGHT="52" WIDTH="154" VPOS="660" HPOS="1651"/>
<SP HEIGHT="48" WIDTH="28" VPOS="664" HPOS="1806"/>
<String CONTENT="48." HEIGHT="49" WIDTH="84" VPOS="663" HPOS="1835"/>
<SP HEIGHT="52" WIDTH="30" VPOS="660" HPOS="1920"/>
<String CONTENT="Territories" HEIGHT="139" WIDTH="1990" VPOS="660" HPOS="128"/>
</TextLine>
<TextLine HEIGHT="156" WIDTH="1990" VPOS="736" HPOS="129" LANG="en-US" CS="1">
<String CONTENT="and" HEIGHT="53" WIDTH="114" VPOS="746" HPOS="329"/>
<SP HEIGHT="54" WIDTH="28" VPOS="745" HPOS="444"/>
<String CONTENT="insular" HEIGHT="53" WIDTH="219" VPOS="745" HPOS="473"/>
<SP HEIGHT="50" WIDTH="26" VPOS="762" HPOS="693"/>
<String CONTENT="possessions." HEIGHT="70" WIDTH="362" VPOS="742" HPOS="720"/>
<SP HEIGHT="55" WIDTH="67" VPOS="740" HPOS="1083"/>
<String CONTENT="St." HEIGHT="55" WIDTH="84" VPOS="740" HPOS="1151"/>
<SP HEIGHT="51" WIDTH="29" VPOS="741" HPOS="1236"/>
<String CONTENT="Paul," HEIGHT="53" WIDTH="167" VPOS="741" HPOS="1266"/>
<SP HEIGHT="55" WIDTH="27" VPOS="739" HPOS="1434"/>
<String CONTENT="Minn.," HEIGHT="67" WIDTH="205" VPOS="739" HPOS="1462"/>
<SP HEIGHT="68" WIDTH="25" VPOS="738" HPOS="1668"/>
<String CONTENT="West" HEIGHT="54" WIDTH="162" VPOS="738" HPOS="1694"/>
<SP HEIGHT="64" WIDTH="28" VPOS="743" HPOS="1857"/>
<String CONTENT="publishing" HEIGHT="156" WIDTH="1990" VPOS="736" HPOS="129"/>
</TextLine>
<TextLine HEIGHT="137" WIDTH="1992" VPOS="818" HPOS="127" LANG="en-US" CS="1">
<String CONTENT="company;" HEIGHT="49" WIDTH="310" VPOS="842" HPOS="253"/>
<SP HEIGHT="67" WIDTH="25" VPOS="823" HPOS="564"/>
<String CONTENT="Northport," HEIGHT="67" WIDTH="342" VPOS="822" HPOS="590"/>
<SP HEIGHT="66" WIDTH="23" VPOS="821" HPOS="933"/>
<String CONTENT="Long" HEIGHT="67" WIDTH="167" VPOS="821" HPOS="957"/>
<SP HEIGHT="67" WIDTH="21" VPOS="821" HPOS="1125"/>
<String CONTENT="Island," HEIGHT="55" WIDTH="221" VPOS="820" HPOS="1147"/>
<SP HEIGHT="55" WIDTH="24" VPOS="820" HPOS="1369"/>
<String LANG="fr" CONTENT="N." HEIGHT="51" WIDTH="69" VPOS="820" HPOS="1394"/>
<SP HEIGHT="52" WIDTH="26" VPOS="819" HPOS="1464"/>
<String CONTENT="Y.," HEIGHT="66" WIDTH="92" VPOS="819" HPOS="1491"/>
<SP HEIGHT="66" WIDTH="24" VPOS="819" HPOS="1584"/>
<String CONTENT="Edward" HEIGHT="52" WIDTH="255" VPOS="818" HPOS="1609"/>
<SP HEIGHT="52" WIDTH="25" VPOS="818" HPOS="1865"/>
<String CONTENT="Thompson" HEIGHT="137" WIDTH="1992" VPOS="818" HPOS="127"/>
</TextLine>
<TextLine HEIGHT="66" WIDTH="483" VPOS="904" HPOS="260" LANG="en-US">
<String CONTENT="company," HEIGHT="51" WIDTH="300" VPOS="919" HPOS="260"/>
<SP HEIGHT="63" WIDTH="32" VPOS="905" HPOS="561"/>
<String CONTENT="1928." HEIGHT="50" WIDTH="149" VPOS="904" HPOS="594"/>
</TextLine>
<TextLine HEIGHT="48" WIDTH="375" VPOS="984" HPOS="198" LANG="en-US" CS="1">
<String CONTENT="xi," HEIGHT="48" WIDTH="64" VPOS="984" HPOS="198"/>
<SP HEIGHT="47" WIDTH="29" VPOS="985" HPOS="263"/>
<String CONTENT="413" HEIGHT="40" WIDTH="86" VPOS="984" HPOS="293"/>
<SP HEIGHT="48" WIDTH="29" VPOS="984" HPOS="380"/>
<String CONTENT="p." HEIGHT="37" WIDTH="45" VPOS="995" HPOS="410"/>
<SP HEIGHT="40" WIDTH="58" VPOS="984" HPOS="456"/>
<String CS="1" CONTENT="24&#189;" HEIGHT="39" WIDTH="58" VPOS="984" HPOS="515"/>
<String STYLE="superscript" CS="1" CONTENT="&#7580;&#7504;."/>
</TextLine>
<TextLine HEIGHT="53" WIDTH="2012" VPOS="1050" HPOS="133" STYLEREFS="StyleId-063E641F-098F-47A9-BC61-4C860448DDA9-" LANG="en-US">
<String CONTENT="&#169;" HEIGHT="52" WIDTH="52" VPOS="1051" HPOS="133"/>
<SP HEIGHT="52" WIDTH="23" VPOS="1051" HPOS="186"/>
<String CONTENT="Feb." HEIGHT="40" WIDTH="111" VPOS="1056" HPOS="210"/>
<SP HEIGHT="40" WIDTH="23" VPOS="1056" HPOS="322"/>
<String CONTENT="14," HEIGHT="46" WIDTH="69" VPOS="1056" HPOS="346"/>
<SP HEIGHT="46" WIDTH="24" VPOS="1056" HPOS="416"/>
<String CONTENT="1928;" HEIGHT="47" WIDTH="142" VPOS="1054" HPOS="441"/>
<SP HEIGHT="47" WIDTH="24" VPOS="1054" HPOS="584"/>
<String CONTENT="2c." HEIGHT="40" WIDTH="69" VPOS="1054" HPOS="609"/>
<SP HEIGHT="40" WIDTH="22" VPOS="1054" HPOS="679"/>
<String CONTENT="Mar." HEIGHT="40" WIDTH="124" VPOS="1054" HPOS="702"/>
<SP HEIGHT="40" WIDTH="22" VPOS="1054" HPOS="827"/>
<String CONTENT="12;" HEIGHT="46" WIDTH="82" VPOS="1053" HPOS="850"/>
<SP HEIGHT="37" WIDTH="26" VPOS="1062" HPOS="933"/>
<String CONTENT="aff." HEIGHT="42" WIDTH="83" VPOS="1051" HPOS="960"/>
<SP HEIGHT="41" WIDTH="24" VPOS="1052" HPOS="1044"/>
<String CONTENT="Mar." HEIGHT="40" WIDTH="124" VPOS="1052" HPOS="1069"/>
<SP HEIGHT="41" WIDTH="23" VPOS="1051" HPOS="1194"/>
<String CONTENT="10;" HEIGHT="48" WIDTH="84" VPOS="1050" HPOS="1218"/>
<SP HEIGHT="47" WIDTH="25" VPOS="1051" HPOS="1303"/>
<!-- cceid 18F45768-6CB2-1014-A20E-B9D6251C946A --><String CONTENT="A" HEIGHT="39" WIDTH="42" VPOS="1051" HPOS="1329"/>
<SP HEIGHT="39" WIDTH="22" VPOS="1051" HPOS="1372"/>
<String CONTENT="1068223;" HEIGHT="47" WIDTH="232" VPOS="1050" HPOS="1395"/>
<SP HEIGHT="45" WIDTH="25" VPOS="1052" HPOS="1628"/>
<String CONTENT="West" HEIGHT="39" WIDTH="135" VPOS="1052" HPOS="1654"/>
<SP HEIGHT="46" WIDTH="25" VPOS="1053" HPOS="1790"/>
<String CONTENT="pub." HEIGHT="48" WIDTH="109" VPOS="1051" HPOS="1816"/>
<SP HEIGHT="29" WIDTH="26" VPOS="1062" HPOS="1926"/>
<String CONTENT="co." HEIGHT="30" WIDTH="67" VPOS="1061" HPOS="1953"/>
<SP HEIGHT="30" WIDTH="26" VPOS="1061" HPOS="2021"/>
<String CONTENT="and" HEIGHT="38" WIDTH="97" VPOS="1052" HPOS="2048"/>
</TextLine>
<TextLine HEIGHT="47" WIDTH="620" VPOS="1112" HPOS="201" STYLEREFS="StyleId-063E641F-098F-47A9-BC61-4C860448DDA9-" LANG="en-US">
<String CONTENT="Edward" HEIGHT="40" WIDTH="214" VPOS="1113" HPOS="201"/>
<SP HEIGHT="39" WIDTH="29" VPOS="1113" HPOS="416"/>
<String CONTENT="Thompson" HEIGHT="47" WIDTH="277" VPOS="1112" HPOS="446"/>
<SP HEIGHT="30" WIDTH="27" VPOS="1121" HPOS="724"/>
<String CONTENT="co." HEIGHT="30" WIDTH="69" VPOS="1121" HPOS="752"/>
</TextLine>
<TextLine HEIGHT="0" WIDTH="0" VPOS="0" HPOS="0" CS="1">
<String LANG="fr" CS="1" CONTENT="United"/>
<SP/>
<String LANG="fr" CS="1" CONTENT="States"/>
<SP/>
<String LANG="fr" CS="1" CONTENT="Code"/>
<SP/>
<String LANG="en-US" CS="1" CONTENT="annotated."/>
<SP/>
<String LANG="en-US" CS="1" CONTENT="The"/>
<SP/>
<String LANG="fr" CS="1" CONTENT="code"/>
<SP/>
<String LANG="en-US" CS="1" CONTENT="of"/>
<SP/>
<String LANG="en-US" CS="1" CONTENT="the"/>
<SP/>
<String LANG="en-US" CS="1" CONTENT="laws"/>
<SP/>
<String LANG="en-US" CS="1" CONTENT="of"/>
<SP/>
<String LANG="en-US" CS="1" CONTENT="the"/>
</TextLine>
<TextLine HEIGHT="0" WIDTH="0" VPOS="0" HPOS="0" LANG="en-US" CS="1">
<String CS="1" CONTENT="United"/>
<SP/>
<String CS="1" CONTENT="States"/>
<SP/>
<String CS="1" CONTENT="in"/>
<SP/>
<String CS="1" CONTENT="force"/>
<SP/>
<String CS="1" CONTENT="December"/>
<SP/>
<String CS="1" CONTENT="7,"/>
<SP/>
<String CS="1" CONTENT="1925,"/>
<SP/>
<String CS="1" CONTENT="as"/>
<SP/>
<String CS="1" CONTENT="enacted"/>
<SP/>
<String CS="1" CONTENT="by"/>
<SP/>
<String CS="1" CONTENT="Congress"/>
</TextLine>
<TextLine HEIGHT="71" WIDTH="1869" VPOS="1200" HPOS="273" LANG="en-US" CS="1">
<String CS="1" CONTENT="June"/>
<SP/>
<String CS="1" CONTENT="28"/>
<SP/>
<String CS="1" CONTENT="and"/>
<SP/>
<String CS="1" CONTENT="approved"/>
<SP/>
<String CS="1" CONTENT="June"/>
<SP/>
<String CS="1" CONTENT="30,"/>
<SP/>
<String CS="1" CONTENT="1926"/>
<SP/>
<String CS="1" CONTENT="&#8230;"/>
<SP HEIGHT="50" WIDTH="45" VPOS="1208" HPOS="273"/>
<String CONTENT="Title" HEIGHT="53" WIDTH="154" VPOS="1206" HPOS="319"/>
<SP HEIGHT="50" WIDTH="48" VPOS="1209" HPOS="474"/>
<String CONTENT="28." HEIGHT="49" WIDTH="82" VPOS="1209" HPOS="523"/>
<SP HEIGHT="51" WIDTH="48" VPOS="1206" HPOS="606"/>
<String CONTENT="Judicial" HEIGHT="53" WIDTH="259" VPOS="1204" HPOS="655"/>
<SP HEIGHT="50" WIDTH="46" VPOS="1205" HPOS="915"/>
<String CONTENT="code" HEIGHT="52" WIDTH="135" VPOS="1204" HPOS="962"/>
<SP HEIGHT="33" WIDTH="49" VPOS="1223" HPOS="1098"/>
<String CONTENT="and" HEIGHT="51" WIDTH="113" VPOS="1204" HPOS="1148"/>
<SP HEIGHT="67" WIDTH="48" VPOS="1203" HPOS="1262"/>
<String CONTENT="judiciary." HEIGHT="71" WIDTH="306" VPOS="1200" HPOS="1311"/>
<SP HEIGHT="64" WIDTH="78" VPOS="1204" HPOS="1618"/>
<String CONTENT="&#167;&#167;241" HEIGHT="66" WIDTH="167" VPOS="1204" HPOS="1697"/>
<SP HEIGHT="48" WIDTH="49" VPOS="1206" HPOS="1865"/>
<String CONTENT="to" HEIGHT="47" WIDTH="59" VPOS="1208" HPOS="1915"/>
<SP HEIGHT="49" WIDTH="47" VPOS="1206" HPOS="1975"/>
<String CONTENT="450." HEIGHT="49" WIDTH="119" VPOS="1206" HPOS="2023"/>
</TextLine>
<TextLine HEIGHT="73" WIDTH="2010" VPOS="1280" HPOS="137" LANG="en-US">
<String CONTENT="[Cumulative" HEIGHT="68" WIDTH="384" VPOS="1285" HPOS="137"/>
<SP HEIGHT="34" WIDTH="29" VPOS="1303" HPOS="522"/>
<String CONTENT="annual" HEIGHT="52" WIDTH="211" VPOS="1284" HPOS="552"/>
<SP HEIGHT="67" WIDTH="31" VPOS="1284" HPOS="764"/>
<String CONTENT="pocket" HEIGHT="69" WIDTH="206" VPOS="1282" HPOS="796"/>
<SP HEIGHT="63" WIDTH="26" VPOS="1288" HPOS="1003"/>
<String CONTENT="part," HEIGHT="63" WIDTH="151" VPOS="1288" HPOS="1030"/>
<SP HEIGHT="62" WIDTH="32" VPOS="1287" HPOS="1182"/>
<String CONTENT="1927." HEIGHT="54" WIDTH="152" VPOS="1281" HPOS="1215"/>
<SP HEIGHT="55" WIDTH="69" VPOS="1280" HPOS="1368"/>
<String CONTENT="St." HEIGHT="55" WIDTH="83" VPOS="1280" HPOS="1438"/>
<SP HEIGHT="51" WIDTH="30" VPOS="1283" HPOS="1522"/>
<String CONTENT="Paul," HEIGHT="66" WIDTH="169" VPOS="1282" HPOS="1553"/>
<SP HEIGHT="66" WIDTH="27" VPOS="1282" HPOS="1723"/>
<String CONTENT="Minn.," HEIGHT="67" WIDTH="205" VPOS="1282" HPOS="1751"/>
<SP HEIGHT="69" WIDTH="29" VPOS="1280" HPOS="1957"/>
<String CONTENT="West" HEIGHT="55" WIDTH="160" VPOS="1280" HPOS="1987"/>
</TextLine>
<TextLine HEIGHT="69" WIDTH="879" VPOS="1364" HPOS="130" LANG="en-US" CS="1">
<String CONTENT="publishing" HEIGHT="69" WIDTH="339" VPOS="1364" HPOS="130"/>
<SP HEIGHT="52" WIDTH="28" VPOS="1380" HPOS="470"/>
<String CONTENT="company]" HEIGHT="51" WIDTH="299" VPOS="1379" HPOS="499"/>
<SP HEIGHT="60" WIDTH="36" VPOS="1368" HPOS="799"/>
<String STYLE="superscript" CS="1" CONTENT="&#7580;1"/>
<String CONTENT="928." HEIGHT="51" WIDTH="117" VPOS="1364" HPOS="892"/>
</TextLine>
<TextLine HEIGHT="42" WIDTH="217" VPOS="1446" HPOS="200" STYLEREFS="StyleId-063E641F-098F-47A9-BC61-4C860448DDA9-" CS="1">
<String LANG="en-US" CONTENT="2" HEIGHT="38" WIDTH="28" VPOS="1448" HPOS="200"/>
<SP HEIGHT="38" WIDTH="27" VPOS="1448" HPOS="229"/>
<String LANG="fr" CONTENT="v." HEIGHT="31" WIDTH="42" VPOS="1457" HPOS="257"/>
<SP HEIGHT="42" WIDTH="59" VPOS="1446" HPOS="300"/>
<String LANG="en-US" CS="1" CONTENT="24&#189;" HEIGHT="39" WIDTH="57" VPOS="1446" HPOS="360"/>
<String STYLE="superscript" LANG="en-US" CS="1" CONTENT="&#7580;&#7504;."/>
</TextLine>
<TextLine HEIGHT="101" WIDTH="1997" VPOS="1514" HPOS="132" STYLEREFS="StyleId-063E641F-098F-47A9-BC61-4C860448DDA9-" LANG="en-US" CS="1">
<String CONTENT="These" HEIGHT="39" WIDTH="156" VPOS="1518" HPOS="204"/>
<SP HEIGHT="37" WIDTH="30" VPOS="1528" HPOS="361"/>
<String CONTENT="pamphlets" HEIGHT="49" WIDTH="277" VPOS="1516" HPOS="392"/>
<SP HEIGHT="30" WIDTH="33" VPOS="1526" HPOS="670"/>
<String CONTENT="are" HEIGHT="29" WIDTH="84" VPOS="1526" HPOS="704"/>
<SP HEIGHT="40" WIDTH="31" VPOS="1515" HPOS="789"/>
<String CONTENT="fitted" HEIGHT="40" WIDTH="139" VPOS="1515" HPOS="821"/>
<SP HEIGHT="39" WIDTH="36" VPOS="1515" HPOS="961"/>
<String CONTENT="into" HEIGHT="40" WIDTH="102" VPOS="1515" HPOS="998"/>
<SP HEIGHT="38" WIDTH="34" VPOS="1516" HPOS="1101"/>
<String CONTENT="the" HEIGHT="40" WIDTH="82" VPOS="1514" HPOS="1136"/>
<SP HEIGHT="37" WIDTH="34" VPOS="1525" HPOS="1219"/>
<String CONTENT="pockets" HEIGHT="48" WIDTH="198" VPOS="1514" HPOS="1254"/>
<SP HEIGHT="30" WIDTH="33" VPOS="1525" HPOS="1453"/>
<String CONTENT="at" HEIGHT="38" WIDTH="47" VPOS="1518" HPOS="1487"/>
<SP HEIGHT="39" WIDTH="39" VPOS="1517" HPOS="1535"/>
<String CONTENT="the" HEIGHT="40" WIDTH="81" VPOS="1514" HPOS="1575"/>
<SP HEIGHT="40" WIDTH="34" VPOS="1514" HPOS="1657"/>
<String CONTENT="back" HEIGHT="41" WIDTH="121" VPOS="1514" HPOS="1692"/>
<SP HEIGHT="40" WIDTH="34" VPOS="1514" HPOS="1814"/>
<String CONTENT="of" HEIGHT="40" WIDTH="50" VPOS="1514" HPOS="1849"/>
<SP HEIGHT="40" WIDTH="34" VPOS="1514" HPOS="1900"/>
<String CS="1" CONTENT="the" HEIGHT="38" WIDTH="81" VPOS="1516" HPOS="1935"/>
<SP HEIGHT="29" WIDTH="34" VPOS="1525" HPOS="2017"/>
<String CONTENT="volumes" HEIGHT="99" WIDTH="1997" VPOS="1516" HPOS="132"/>
</TextLine>
<TextLine HEIGHT="48" WIDTH="900" VPOS="1571" HPOS="297" STYLEREFS="StyleId-063E641F-098F-47A9-BC61-4C860448DDA9-" LANG="en-US">
<String CONTENT="of" HEIGHT="40" WIDTH="51" VPOS="1575" HPOS="297"/>
<SP HEIGHT="41" WIDTH="28" VPOS="1575" HPOS="349"/>
<String CONTENT="the" HEIGHT="42" WIDTH="84" VPOS="1574" HPOS="378"/>
<SP HEIGHT="30" WIDTH="27" VPOS="1584" HPOS="463"/>
<String CONTENT="set" HEIGHT="38" WIDTH="73" VPOS="1576" HPOS="491"/>
<SP HEIGHT="38" WIDTH="30" VPOS="1575" HPOS="565"/>
<String CONTENT="to" HEIGHT="38" WIDTH="47" VPOS="1575" HPOS="596"/>
<SP HEIGHT="29" WIDTH="31" VPOS="1584" HPOS="644"/>
<String CONTENT="which" HEIGHT="40" WIDTH="159" VPOS="1572" HPOS="676"/>
<SP HEIGHT="39" WIDTH="29" VPOS="1572" HPOS="836"/>
<String CONTENT="they" HEIGHT="47" WIDTH="114" VPOS="1572" HPOS="866"/>
<SP HEIGHT="48" WIDTH="28" VPOS="1571" HPOS="981"/>
<String CONTENT="belong." HEIGHT="48" WIDTH="187" VPOS="1571" HPOS="1010"/>
</TextLine>
<TextLine HEIGHT="56" WIDTH="2008" VPOS="1624" HPOS="137" STYLEREFS="StyleId-063E641F-098F-47A9-BC61-4C860448DDA9-" LANG="en-US" CS="1">
<String CONTENT="&#167;&#167;241-370," HEIGHT="48" WIDTH="273" VPOS="1632" HPOS="137"/>
<SP HEIGHT="52" WIDTH="36" VPOS="1627" HPOS="411"/>
<String CONTENT="&#169;" HEIGHT="52" WIDTH="52" VPOS="1627" HPOS="448"/>
<SP HEIGHT="52" WIDTH="34" VPOS="1627" HPOS="501"/>
<String CONTENT="Jan." HEIGHT="40" WIDTH="110" VPOS="1631" HPOS="536"/>
<SP HEIGHT="40" WIDTH="32" VPOS="1631" HPOS="647"/>
<String CONTENT="3," HEIGHT="47" WIDTH="40" VPOS="1631" HPOS="680"/>
<SP HEIGHT="47" WIDTH="34" VPOS="1631" HPOS="721"/>
<String CONTENT="1928;" HEIGHT="46" WIDTH="142" VPOS="1630" HPOS="756"/>
<SP HEIGHT="48" WIDTH="38" VPOS="1629" HPOS="899"/>
<String CONTENT="&#167;&#167;371" HEIGHT="48" WIDTH="140" VPOS="1629" HPOS="938"/>
<SP HEIGHT="40" WIDTH="34" VPOS="1630" HPOS="1079"/>
<String CONTENT="to" HEIGHT="38" WIDTH="48" VPOS="1632" HPOS="1114"/>
<SP HEIGHT="39" WIDTH="32" VPOS="1630" HPOS="1163"/>
<String CONTENT="450." HEIGHT="41" WIDTH="100" VPOS="1629" HPOS="1196"/>
<SP HEIGHT="53" WIDTH="37" VPOS="1624" HPOS="1297"/>
<String CONTENT="&#169;" HEIGHT="53" WIDTH="52" VPOS="1624" HPOS="1335"/>
<SP HEIGHT="53" WIDTH="34" VPOS="1624" HPOS="1388"/>
<String CONTENT="Jan." HEIGHT="40" WIDTH="111" VPOS="1629" HPOS="1423"/>
<SP HEIGHT="39" WIDTH="33" VPOS="1630" HPOS="1535"/>
<String CONTENT="7;" HEIGHT="41" WIDTH="53" VPOS="1630" HPOS="1569"/>
<SP HEIGHT="42" WIDTH="34" VPOS="1629" HPOS="1623"/>
<String CONTENT="2c." HEIGHT="40" WIDTH="68" VPOS="1629" HPOS="1658"/>
<SP HEIGHT="28" WIDTH="34" VPOS="1642" HPOS="1727"/>
<String CONTENT="each" HEIGHT="41" WIDTH="119" VPOS="1629" HPOS="1762"/>
<SP HEIGHT="38" WIDTH="33" VPOS="1629" HPOS="1882"/>
<String CONTENT="Feb." HEIGHT="40" WIDTH="110" VPOS="1629" HPOS="1916"/>
<SP HEIGHT="39" WIDTH="36" VPOS="1630" HPOS="2027"/>
<String CS="1" CONTENT="18;" HEIGHT="30" WIDTH="8" VPOS="1640" HPOS="2137"/>
</TextLine>
<TextLine HEIGHT="49" WIDTH="1941" VPOS="1686" HPOS="207" STYLEREFS="StyleId-063E641F-098F-47A9-BC61-4C860448DDA9-" LANG="en-US">
<String CONTENT="affs." HEIGHT="40" WIDTH="108" VPOS="1689" HPOS="207"/>
<SP HEIGHT="40" WIDTH="29" VPOS="1689" HPOS="316"/>
<String CONTENT="Feb." HEIGHT="40" WIDTH="112" VPOS="1689" HPOS="346"/>
<SP HEIGHT="40" WIDTH="30" VPOS="1689" HPOS="459"/>
<String CONTENT="17;" HEIGHT="45" WIDTH="81" VPOS="1689" HPOS="490"/>
<SP HEIGHT="46" WIDTH="30" VPOS="1688" HPOS="572"/>
<!-- cceid 18F532B3-6CB2-1014-A20E-B9D6251C946A --><String CONTENT="A" HEIGHT="39" WIDTH="42" VPOS="1688" HPOS="603"/>
<SP HEIGHT="39" WIDTH="27" VPOS="1688" HPOS="646"/>
<String CONTENT="1018855," HEIGHT="48" WIDTH="217" VPOS="1687" HPOS="674"/>
<SP HEIGHT="47" WIDTH="30" VPOS="1688" HPOS="892"/>
<String CONTENT="1018857;" HEIGHT="47" WIDTH="231" VPOS="1686" HPOS="923"/>
<SP HEIGHT="46" WIDTH="31" VPOS="1687" HPOS="1155"/>
<String CONTENT="West" HEIGHT="40" WIDTH="140" VPOS="1687" HPOS="1187"/>
<SP HEIGHT="46" WIDTH="24" VPOS="1688" HPOS="1328"/>
<String CONTENT="pub." HEIGHT="47" WIDTH="111" VPOS="1687" HPOS="1353"/>
<SP HEIGHT="31" WIDTH="29" VPOS="1697" HPOS="1465"/>
<String CONTENT="co.," HEIGHT="36" WIDTH="83" VPOS="1697" HPOS="1495"/>
<SP HEIGHT="47" WIDTH="33" VPOS="1686" HPOS="1579"/>
<String CONTENT="St." HEIGHT="41" WIDTH="68" VPOS="1686" HPOS="1613"/>
<SP HEIGHT="40" WIDTH="30" VPOS="1687" HPOS="1682"/>
<String CONTENT="Paul" HEIGHT="38" WIDTH="124" VPOS="1687" HPOS="1713"/>
<SP HEIGHT="40" WIDTH="28" VPOS="1686" HPOS="1838"/>
<String CONTENT="&amp;" HEIGHT="40" WIDTH="37" VPOS="1686" HPOS="1867"/>
<SP HEIGHT="40" WIDTH="30" VPOS="1686" HPOS="1905"/>
<String CONTENT="Edward" HEIGHT="39" WIDTH="212" VPOS="1687" HPOS="1936"/>
</TextLine>
<TextLine HEIGHT="51" WIDTH="1163" VPOS="1743" HPOS="204" STYLEREFS="StyleId-063E641F-098F-47A9-BC61-4C860448DDA9-" LANG="en-US">
<String CONTENT="Thompson," HEIGHT="47" WIDTH="290" VPOS="1747" HPOS="204"/>
<SP HEIGHT="47" WIDTH="30" VPOS="1746" HPOS="495"/>
<String CONTENT="Northport," HEIGHT="48" WIDTH="284" VPOS="1745" HPOS="526"/>
<SP HEIGHT="48" WIDTH="30" VPOS="1745" HPOS="811"/>
<String CONTENT="Long" HEIGHT="48" WIDTH="136" VPOS="1745" HPOS="842"/>
<SP HEIGHT="48" WIDTH="27" VPOS="1745" HPOS="979"/>
<String CONTENT="Island," HEIGHT="48" WIDTH="183" VPOS="1743" HPOS="1007"/>
<SP HEIGHT="47" WIDTH="31" VPOS="1744" HPOS="1191"/>
<String LANG="fr" CONTENT="N." HEIGHT="41" WIDTH="58" VPOS="1744" HPOS="1223"/>
<SP HEIGHT="41" WIDTH="29" VPOS="1744" HPOS="1282"/>
<String CONTENT="Y." HEIGHT="39" WIDTH="55" VPOS="1744" HPOS="1312"/>
</TextLine>
<TextLine HEIGHT="0" WIDTH="0" VPOS="0" HPOS="0" CS="1">
<String LANG="fr" CS="1" CONTENT="United"/>
<SP/>
<String LANG="fr" CS="1" CONTENT="States"/>
<SP/>
<String LANG="fr" CS="1" CONTENT="Code"/>
<SP/>
<String LANG="en-US" CS="1" CONTENT="annotated."/>
<SP/>
<String LANG="en-US" CS="1" CONTENT="The"/>
<SP/>
<String LANG="fr" CS="1" CONTENT="code"/>
<SP/>
<String LANG="en-US" CS="1" CONTENT="of"/>
<SP/>
<String LANG="en-US" CS="1" CONTENT="the"/>
<SP/>
<String LANG="en-US" CS="1" CONTENT="laws"/>
<SP/>
<String LANG="en-US" CS="1" CONTENT="of"/>
<SP/>
<String LANG="en-US" CS="1" CONTENT="the"/>
</TextLine>
<TextLine HEIGHT="0" WIDTH="0" VPOS="0" HPOS="0" LANG="en-US" CS="1">
<String CS="1" CONTENT="United"/>
<SP/>
<String CS="1" CONTENT="States"/>
<SP/>
<String CS="1" CONTENT="in"/>
<SP/>
<String CS="1" CONTENT="force"/>
<SP/>
<String CS="1" CONTENT="December"/>
<SP/>
<String CS="1" CONTENT="7,"/>
<SP/>
<String CS="1" CONTENT="1925,"/>
<SP/>
<String CS="1" CONTENT="as"/>
<SP/>
<String CS="1" CONTENT="enacted"/>
<SP/>
<String CS="1" CONTENT="by"/>
<SP/>
<String CS="1" CONTENT="Congress"/>
</TextLine>
<TextLine HEIGHT="68" WIDTH="1839" VPOS="1837" HPOS="314" LANG="en-US" CS="1">
<String CS="1" CONTENT="June"/>
<SP/>
<String CS="1" CONTENT="28"/>
<SP/>
<String CS="1" CONTENT="and"/>
<SP/>
<String CS="1" CONTENT="approved"/>
<SP/>
<String CS="1" CONTENT="June"/>
<SP/>
<String CS="1" CONTENT="30,"/>
<SP/>
<String CS="1" CONTENT="1926"/>
<SP/>
<String CS="1" CONTENT="&#8230;"/>
<SP/>
<String CONTENT="Title" HEIGHT="51" WIDTH="153" VPOS="1841" HPOS="314"/>
<SP HEIGHT="48" WIDTH="39" VPOS="1844" HPOS="468"/>
<String CONTENT="43." HEIGHT="48" WIDTH="82" VPOS="1843" HPOS="508"/>
<SP HEIGHT="50" WIDTH="43" VPOS="1841" HPOS="591"/>
<String CONTENT="Public" HEIGHT="52" WIDTH="206" VPOS="1839" HPOS="635"/>
<SP HEIGHT="52" WIDTH="37" VPOS="1839" HPOS="842"/>
<String CONTENT="lands." HEIGHT="53" WIDTH="183" VPOS="1839" HPOS="880"/>
<SP HEIGHT="48" WIDTH="81" VPOS="1843" HPOS="1064"/>
<String CONTENT="1" HEIGHT="47" WIDTH="26" VPOS="1843" HPOS="1146"/>
<SP HEIGHT="48" WIDTH="42" VPOS="1843" HPOS="1173"/>
<String CONTENT="to" HEIGHT="47" WIDTH="59" VPOS="1844" HPOS="1216"/>
<SP HEIGHT="48" WIDTH="45" VPOS="1843" HPOS="1276"/>
<String CONTENT="1201" HEIGHT="49" WIDTH="133" VPOS="1841" HPOS="1322"/>
<SP HEIGHT="63" WIDTH="47" VPOS="1842" HPOS="1456"/>
<String CS="1" CONTENT="[End]" HEIGHT="66" WIDTH="153" VPOS="1838" HPOS="1521"/>
<SP HEIGHT="34" WIDTH="89" VPOS="1870" HPOS="1675"/>
<String CONTENT="[Cumulative" HEIGHT="67" WIDTH="388" VPOS="1837" HPOS="1765"/>
</TextLine>
<TextLine HEIGHT="72" WIDTH="2006" VPOS="1914" HPOS="139" LANG="en-US">
<String CONTENT="annual" HEIGHT="51" WIDTH="211" VPOS="1919" HPOS="139"/>
<SP HEIGHT="67" WIDTH="46" VPOS="1919" HPOS="351"/>
<String CONTENT="pocket" HEIGHT="69" WIDTH="201" VPOS="1917" HPOS="398"/>
<SP HEIGHT="62" WIDTH="45" VPOS="1923" HPOS="600"/>
<String CONTENT="part." HEIGHT="63" WIDTH="148" VPOS="1922" HPOS="646"/>
<SP HEIGHT="48" WIDTH="48" VPOS="1920" HPOS="795"/>
<String CONTENT="1927." HEIGHT="52" WIDTH="149" VPOS="1917" HPOS="844"/>
<SP HEIGHT="56" WIDTH="78" VPOS="1914" HPOS="994"/>
<String CONTENT="St." HEIGHT="56" WIDTH="83" VPOS="1914" HPOS="1073"/>
<SP HEIGHT="50" WIDTH="46" VPOS="1918" HPOS="1157"/>
<String CONTENT="Paul," HEIGHT="58" WIDTH="167" VPOS="1917" HPOS="1204"/>
<SP HEIGHT="58" WIDTH="42" VPOS="1917" HPOS="1372"/>
<String CONTENT="Minn.," HEIGHT="60" WIDTH="203" VPOS="1915" HPOS="1415"/>
<SP HEIGHT="58" WIDTH="41" VPOS="1917" HPOS="1619"/>
<String CONTENT="West" HEIGHT="53" WIDTH="161" VPOS="1917" HPOS="1661"/>
<SP HEIGHT="63" WIDTH="42" VPOS="1922" HPOS="1823"/>
<String CONTENT="pub." HEIGHT="69" WIDTH="132" VPOS="1916" HPOS="1866"/>
<SP HEIGHT="35" WIDTH="47" VPOS="1935" HPOS="1999"/>
<String CONTENT="co.]" HEIGHT="49" WIDTH="98" VPOS="1935" HPOS="2047"/>
</TextLine>
<TextLine HEIGHT="49" WIDTH="116" VPOS="2000" HPOS="190" LANG="en-US" CS="1">
<String STYLE="superscript" CS="1" CONTENT="&#7580;1"/>
<String CONTENT="928." HEIGHT="49" WIDTH="116" VPOS="2000" HPOS="190"/>
</TextLine>
<TextLine HEIGHT="41" WIDTH="221" VPOS="2080" HPOS="205" STYLEREFS="StyleId-063E641F-098F-47A9-BC61-4C860448DDA9-" CS="1">
<String LANG="en-US" CONTENT="2" HEIGHT="39" WIDTH="26" VPOS="2081" HPOS="205"/>
<SP HEIGHT="39" WIDTH="29" VPOS="2081" HPOS="232"/>
<String LANG="fr" CONTENT="v." HEIGHT="31" WIDTH="43" VPOS="2090" HPOS="262"/>
<SP HEIGHT="41" WIDTH="61" VPOS="2080" HPOS="306"/>
<String LANG="en-US" CS="1" CONTENT="24&#189;" HEIGHT="39" WIDTH="58" VPOS="2080" HPOS="368"/>
<String STYLE="superscript" LANG="en-US" CS="1" CONTENT="&#7580;&#7504;."/>
</TextLine>
<TextLine HEIGHT="50" WIDTH="1947" VPOS="2135" HPOS="206" STYLEREFS="StyleId-063E641F-098F-47A9-BC61-4C860448DDA9-" LANG="en-US">
<String CONTENT="These" HEIGHT="39" WIDTH="157" VPOS="2138" HPOS="206"/>
<SP HEIGHT="37" WIDTH="20" VPOS="2148" HPOS="364"/>
<String CONTENT="pamphlets" HEIGHT="48" WIDTH="278" VPOS="2137" HPOS="385"/>
<SP HEIGHT="29" WIDTH="23" VPOS="2147" HPOS="664"/>
<String CONTENT="are" HEIGHT="30" WIDTH="84" VPOS="2147" HPOS="688"/>
<SP HEIGHT="40" WIDTH="23" VPOS="2137" HPOS="773"/>
<String CONTENT="bound" HEIGHT="39" WIDTH="159" VPOS="2137" HPOS="797"/>
<SP HEIGHT="39" WIDTH="24" VPOS="2136" HPOS="957"/>
<String CONTENT="in" HEIGHT="39" WIDTH="50" VPOS="2136" HPOS="982"/>
<SP HEIGHT="39" WIDTH="22" VPOS="2136" HPOS="1033"/>
<String CONTENT="back" HEIGHT="40" WIDTH="124" VPOS="2136" HPOS="1056"/>
<SP HEIGHT="40" WIDTH="23" VPOS="2136" HPOS="1181"/>
<String CONTENT="of" HEIGHT="41" WIDTH="53" VPOS="2135" HPOS="1205"/>
<SP HEIGHT="41" WIDTH="22" VPOS="2135" HPOS="1259"/>
<String CONTENT="the" HEIGHT="40" WIDTH="84" VPOS="2136" HPOS="1282"/>
<SP HEIGHT="30" WIDTH="20" VPOS="2146" HPOS="1367"/>
<String CONTENT="volumes" HEIGHT="40" WIDTH="219" VPOS="2136" HPOS="1388"/>
<SP HEIGHT="32" WIDTH="25" VPOS="2145" HPOS="1608"/>
<String CONTENT="of" HEIGHT="41" WIDTH="51" VPOS="2136" HPOS="1634"/>
<SP HEIGHT="40" WIDTH="23" VPOS="2136" HPOS="1686"/>
<String CONTENT="the" HEIGHT="40" WIDTH="83" VPOS="2136" HPOS="1710"/>
<SP HEIGHT="29" WIDTH="23" VPOS="2147" HPOS="1794"/>
<String CONTENT="set" HEIGHT="38" WIDTH="73" VPOS="2138" HPOS="1818"/>
<SP HEIGHT="40" WIDTH="25" VPOS="2138" HPOS="1892"/>
<String CONTENT="to" HEIGHT="36" WIDTH="48" VPOS="2142" HPOS="1918"/>
<SP HEIGHT="29" WIDTH="25" VPOS="2147" HPOS="1967"/>
<String CONTENT="which" HEIGHT="40" WIDTH="160" VPOS="2136" HPOS="1993"/>
</TextLine>
<TextLine HEIGHT="47" WIDTH="329" VPOS="2196" HPOS="134" STYLEREFS="StyleId-063E641F-098F-47A9-BC61-4C860448DDA9-" LANG="en-US">
<String CONTENT="they" HEIGHT="47" WIDTH="113" VPOS="2196" HPOS="134"/>
<SP HEIGHT="47" WIDTH="28" VPOS="2196" HPOS="248"/>
<String CONTENT="belong." HEIGHT="44" WIDTH="186" VPOS="2196" HPOS="277"/>
</TextLine>
<TextLine HEIGHT="52" WIDTH="2012" VPOS="2248" HPOS="139" STYLEREFS="StyleId-063E641F-098F-47A9-BC61-4C860448DDA9-" LANG="en-US">
<String CONTENT="&#169;" HEIGHT="52" WIDTH="51" VPOS="2248" HPOS="139"/>
<SP HEIGHT="52" WIDTH="32" VPOS="2248" HPOS="191"/>
<String CONTENT="Jan." HEIGHT="39" WIDTH="110" VPOS="2253" HPOS="224"/>
<SP HEIGHT="40" WIDTH="31" VPOS="2252" HPOS="335"/>
<String CONTENT="31," HEIGHT="42" WIDTH="70" VPOS="2252" HPOS="367"/>
<SP HEIGHT="42" WIDTH="34" VPOS="2252" HPOS="438"/>
<String CONTENT="Feb." HEIGHT="40" WIDTH="111" VPOS="2252" HPOS="473"/>
<SP HEIGHT="40" WIDTH="33" VPOS="2252" HPOS="585"/>
<String CONTENT="10," HEIGHT="48" WIDTH="68" VPOS="2250" HPOS="619"/>
<SP HEIGHT="46" WIDTH="34" VPOS="2252" HPOS="688"/>
<String CONTENT="1928;" HEIGHT="46" WIDTH="141" VPOS="2251" HPOS="723"/>
<SP HEIGHT="46" WIDTH="34" VPOS="2251" HPOS="865"/>
<String CONTENT="2c." HEIGHT="40" WIDTH="68" VPOS="2251" HPOS="900"/>
<SP HEIGHT="30" WIDTH="32" VPOS="2261" HPOS="969"/>
<String CONTENT="each" HEIGHT="39" WIDTH="120" VPOS="2251" HPOS="1002"/>
<SP HEIGHT="39" WIDTH="31" VPOS="2251" HPOS="1123"/>
<String CONTENT="Mar." HEIGHT="40" WIDTH="126" VPOS="2252" HPOS="1155"/>
<SP HEIGHT="41" WIDTH="32" VPOS="2251" HPOS="1282"/>
<String CONTENT="12;" HEIGHT="46" WIDTH="82" VPOS="2251" HPOS="1315"/>
<SP HEIGHT="36" WIDTH="35" VPOS="2261" HPOS="1398"/>
<String CONTENT="affs." HEIGHT="41" WIDTH="109" VPOS="2250" HPOS="1434"/>
<SP HEIGHT="40" WIDTH="35" VPOS="2251" HPOS="1544"/>
<String CONTENT="Mar." HEIGHT="39" WIDTH="123" VPOS="2251" HPOS="1580"/>
<SP HEIGHT="39" WIDTH="33" VPOS="2251" HPOS="1704"/>
<String CONTENT="10;" HEIGHT="47" WIDTH="82" VPOS="2250" HPOS="1738"/>
<SP HEIGHT="47" WIDTH="35" VPOS="2250" HPOS="1821"/>
<!-- cceid 18F5F347-6CB2-1014-A20E-B9D6251C946A --><String CONTENT="A" HEIGHT="39" WIDTH="41" VPOS="2250" HPOS="1857"/>
<SP HEIGHT="39" WIDTH="33" VPOS="2250" HPOS="1899"/>
<String CONTENT="1068218," HEIGHT="45" WIDTH="218" VPOS="2250" HPOS="1933"/>
</TextLine>
<TextLine HEIGHT="109" WIDTH="1894" VPOS="2307" HPOS="206" STYLEREFS="StyleId-063E641F-098F-47A9-BC61-4C860448DDA9-" LANG="en-US" CS="1">
<String CS="1" CONTENT="1068220;" HEIGHT="40" WIDTH="205" VPOS="2309" HPOS="207"/>
<SP HEIGHT="41" WIDTH="33" VPOS="2310" HPOS="440"/>
<String CONTENT="West" HEIGHT="39" WIDTH="136" VPOS="2310" HPOS="474"/>
<SP HEIGHT="45" WIDTH="27" VPOS="2311" HPOS="611"/>
<String CONTENT="pub." HEIGHT="47" WIDTH="111" VPOS="2309" HPOS="639"/>
<SP HEIGHT="29" WIDTH="30" VPOS="2320" HPOS="751"/>
<String CONTENT="co.," HEIGHT="37" WIDTH="82" VPOS="2319" HPOS="782"/>
<SP HEIGHT="48" WIDTH="34" VPOS="2308" HPOS="865"/>
<String CONTENT="St." HEIGHT="41" WIDTH="68" VPOS="2308" HPOS="900"/>
<SP HEIGHT="40" WIDTH="32" VPOS="2309" HPOS="969"/>
<String CONTENT="Paul," HEIGHT="48" WIDTH="137" VPOS="2309" HPOS="1002"/>
<SP HEIGHT="39" WIDTH="31" VPOS="2318" HPOS="1140"/>
<String CONTENT="and" HEIGHT="39" WIDTH="98" VPOS="2309" HPOS="1172"/>
<SP HEIGHT="38" WIDTH="31" VPOS="2309" HPOS="1271"/>
<String CONTENT="Edward" HEIGHT="39" WIDTH="213" VPOS="2309" HPOS="1303"/>
<SP HEIGHT="40" WIDTH="32" VPOS="2308" HPOS="1517"/>
<String CONTENT="Thompson" HEIGHT="49" WIDTH="276" VPOS="2307" HPOS="1550"/>
<SP HEIGHT="29" WIDTH="31" VPOS="2319" HPOS="1827"/>
<String CONTENT="co.." HEIGHT="30" WIDTH="83" VPOS="2319" HPOS="1859"/>
<SP HEIGHT="41" WIDTH="33" VPOS="2308" HPOS="1943"/>
<String CS="1" CONTENT="Northport," HEIGHT="106" WIDTH="1894" VPOS="2310" HPOS="206"/>
</TextLine>
<TextLine HEIGHT="48" WIDTH="304" VPOS="2367" HPOS="358" STYLEREFS="StyleId-063E641F-098F-47A9-BC61-4C860448DDA9-">
<String LANG="en-US" CONTENT="L." HEIGHT="41" WIDTH="52" VPOS="2367" HPOS="358"/>
<SP HEIGHT="40" WIDTH="29" VPOS="2368" HPOS="411"/>
<String LANG="en-US" CONTENT="I.," HEIGHT="47" WIDTH="52" VPOS="2368" HPOS="441"/>
<SP HEIGHT="48" WIDTH="27" VPOS="2367" HPOS="494"/>
<String LANG="fr" CONTENT="N." HEIGHT="41" WIDTH="58" VPOS="2367" HPOS="522"/>
<SP HEIGHT="41" WIDTH="26" VPOS="2367" HPOS="581"/>
<String LANG="en-US" CONTENT="Y." HEIGHT="41" WIDTH="54" VPOS="2367" HPOS="608"/>
</TextLine>
<TextLine HEIGHT="64" WIDTH="972" VPOS="2461" HPOS="187" STYLEREFS="StyleId-6B941456-B806-4442-B98B-32E27D516507-" LANG="en-US" CS="1">
<String CS="1" CONTENT="Vaeth," HEIGHT="63" WIDTH="161" VPOS="2462" HPOS="187"/>
<SP HEIGHT="64" WIDTH="33" VPOS="2461" HPOS="349"/>
<String CONTENT="Joseph" HEIGHT="64" WIDTH="222" VPOS="2461" HPOS="383"/>
<SP HEIGHT="53" WIDTH="34" VPOS="2461" HPOS="606"/>
<String CONTENT="Anthony," HEIGHT="64" WIDTH="308" VPOS="2461" HPOS="641"/>
<SP HEIGHT="59" WIDTH="35" VPOS="2465" HPOS="950"/>
<String CONTENT="1876-" HEIGHT="54" WIDTH="173" VPOS="2461" HPOS="986"/>
</TextLine>
<TextLine HEIGHT="71" WIDTH="1950" VPOS="2539" HPOS="205" LANG="en-US" CS="1">
<String CONTENT="Applied" HEIGHT="70" WIDTH="259" VPOS="2540" HPOS="205"/>
<SP HEIGHT="56" WIDTH="41" VPOS="2540" HPOS="465"/>
<String CONTENT="Spanish" HEIGHT="69" WIDTH="252" VPOS="2540" HPOS="507"/>
<SP HEIGHT="69" WIDTH="40" VPOS="2541" HPOS="760"/>
<String CONTENT="grammar," HEIGHT="51" WIDTH="310" VPOS="2559" HPOS="801"/>
<SP HEIGHT="68" WIDTH="38" VPOS="2540" HPOS="1112"/>
<String CONTENT="by" HEIGHT="70" WIDTH="76" VPOS="2540" HPOS="1151"/>
<SP HEIGHT="69" WIDTH="39" VPOS="2541" HPOS="1228"/>
<String CONTENT="Joseph" HEIGHT="70" WIDTH="216" VPOS="2539" HPOS="1268"/>
<SP HEIGHT="54" WIDTH="41" VPOS="2539" HPOS="1485"/>
<String CONTENT="A." HEIGHT="53" WIDTH="71" VPOS="2540" HPOS="1527"/>
<SP HEIGHT="55" WIDTH="41" VPOS="2539" HPOS="1599"/>
<String CONTENT="Vaeth" HEIGHT="55" WIDTH="188" VPOS="2539" HPOS="1641"/>
<SP HEIGHT="51" WIDTH="47" VPOS="2542" HPOS="1830"/>
<String CS="1" CONTENT="&#8230;"/>
<SP HEIGHT="54" WIDTH="78" VPOS="2540" HPOS="1935"/>
<String CONTENT="New" HEIGHT="54" WIDTH="141" VPOS="2540" HPOS="2014"/>
</TextLine>
<TextLine HEIGHT="70" WIDTH="1711" VPOS="2618" HPOS="138" LANG="en-US" CS="1">
<String CONTENT="York," HEIGHT="68" WIDTH="180" VPOS="2619" HPOS="138"/>
<SP HEIGHT="68" WIDTH="31" VPOS="2619" HPOS="319"/>
<String CONTENT="Chicago" HEIGHT="69" WIDTH="254" VPOS="2619" HPOS="351"/>
<SP HEIGHT="48" WIDTH="36" VPOS="2638" HPOS="606"/>
<String CS="1" CONTENT="[etc.]" HEIGHT="62" WIDTH="120" VPOS="2624" HPOS="661"/>
<SP HEIGHT="67" WIDTH="34" VPOS="2619" HPOS="782"/>
<String CONTENT="Longmans," HEIGHT="69" WIDTH="350" VPOS="2619" HPOS="817"/>
<SP HEIGHT="68" WIDTH="29" VPOS="2618" HPOS="1168"/>
<String CONTENT="Green" HEIGHT="56" WIDTH="190" VPOS="2618" HPOS="1198"/>
<SP HEIGHT="34" WIDTH="29" VPOS="2637" HPOS="1389"/>
<String CONTENT="and" HEIGHT="52" WIDTH="114" VPOS="2620" HPOS="1419"/>
<SP HEIGHT="52" WIDTH="30" VPOS="2620" HPOS="1534"/>
<String CONTENT="co.," HEIGHT="50" WIDTH="99" VPOS="2637" HPOS="1565"/>
<SP HEIGHT="63" WIDTH="33" VPOS="2624" HPOS="1665"/>
<String CONTENT="1928." HEIGHT="50" WIDTH="150" VPOS="2623" HPOS="1699"/>
</TextLine>
<TextLine HEIGHT="49" WIDTH="383" VPOS="2701" HPOS="207" LANG="en-US" CS="1">
<String CONTENT="xi," HEIGHT="48" WIDTH="65" VPOS="2702" HPOS="207"/>
<SP HEIGHT="48" WIDTH="33" VPOS="2702" HPOS="273"/>
<String CONTENT="275" HEIGHT="41" WIDTH="86" VPOS="2702" HPOS="307"/>
<SP HEIGHT="48" WIDTH="33" VPOS="2702" HPOS="394"/>
<String CONTENT="p." HEIGHT="38" WIDTH="43" VPOS="2712" HPOS="428"/>
<SP HEIGHT="41" WIDTH="59" VPOS="2702" HPOS="472"/>
<String CS="1" CONTENT="19&#189;" HEIGHT="41" WIDTH="58" VPOS="2701" HPOS="532"/>
<String STYLE="superscript" CS="1" CONTENT="&#7580;&#7504;."/>
</TextLine>
<TextLine HEIGHT="53" WIDTH="2016" VPOS="2755" HPOS="142" STYLEREFS="StyleId-063E641F-098F-47A9-BC61-4C860448DDA9-" LANG="en-US">
<String CONTENT="&#169;" HEIGHT="52" WIDTH="52" VPOS="2755" HPOS="142"/>
<SP HEIGHT="52" WIDTH="33" VPOS="2755" HPOS="195"/>
<String CONTENT="Feb." HEIGHT="40" WIDTH="113" VPOS="2760" HPOS="229"/>
<SP HEIGHT="40" WIDTH="31" VPOS="2760" HPOS="343"/>
<String CONTENT="8," HEIGHT="47" WIDTH="40" VPOS="2760" HPOS="375"/>
<SP HEIGHT="48" WIDTH="35" VPOS="2759" HPOS="416"/>
<String CONTENT="1928;" HEIGHT="47" WIDTH="141" VPOS="2759" HPOS="452"/>
<SP HEIGHT="47" WIDTH="34" VPOS="2759" HPOS="594"/>
<String CONTENT="2c." HEIGHT="41" WIDTH="69" VPOS="2759" HPOS="629"/>
<SP HEIGHT="29" WIDTH="32" VPOS="2771" HPOS="699"/>
<String CONTENT="and" HEIGHT="40" WIDTH="96" VPOS="2760" HPOS="732"/>
<SP HEIGHT="39" WIDTH="33" VPOS="2760" HPOS="829"/>
<String CONTENT="aff." HEIGHT="43" WIDTH="82" VPOS="2758" HPOS="863"/>
<SP HEIGHT="42" WIDTH="35" VPOS="2759" HPOS="946"/>
<String CONTENT="Feb." HEIGHT="41" WIDTH="113" VPOS="2759" HPOS="982"/>
<SP HEIGHT="41" WIDTH="32" VPOS="2759" HPOS="1096"/>
<String CONTENT="28;" HEIGHT="46" WIDTH="83" VPOS="2759" HPOS="1129"/>
<SP HEIGHT="45" WIDTH="37" VPOS="2760" HPOS="1213"/>
<!-- cceid 18F6A55C-6CB2-1014-A20E-B9D6251C946A --><String CONTENT="A" HEIGHT="38" WIDTH="41" VPOS="2760" HPOS="1251"/>
<SP HEIGHT="39" WIDTH="32" VPOS="2760" HPOS="1293"/>
<String CONTENT="1061997;" HEIGHT="47" WIDTH="233" VPOS="2759" HPOS="1326"/>
<SP HEIGHT="43" WIDTH="36" VPOS="2763" HPOS="1560"/>
<String CONTENT="Longmans," HEIGHT="45" WIDTH="290" VPOS="2763" HPOS="1597"/>
<SP HEIGHT="46" WIDTH="37" VPOS="2761" HPOS="1888"/>
<String CONTENT="Green" HEIGHT="39" WIDTH="158" VPOS="2761" HPOS="1926"/>
<SP HEIGHT="40" WIDTH="35" VPOS="2766" HPOS="2085"/>
<String CONTENT="&amp;" HEIGHT="40" WIDTH="37" VPOS="2766" HPOS="2121"/>
</TextLine>
<TextLine HEIGHT="48" WIDTH="393" VPOS="2817" HPOS="212" STYLEREFS="StyleId-063E641F-098F-47A9-BC61-4C860448DDA9-" LANG="en-US">
<String CONTENT="co." HEIGHT="29" WIDTH="69" VPOS="2828" HPOS="212"/>
<SP HEIGHT="48" WIDTH="68" VPOS="2817" HPOS="282"/>
<String CONTENT="(28-7313)" HEIGHT="48" WIDTH="254" VPOS="2817" HPOS="351"/>
</TextLine>
<TextLine HEIGHT="64" WIDTH="270" VPOS="2909" HPOS="140" STYLEREFS="StyleId-6B941456-B806-4442-B98B-32E27D516507-">
<String LANG="fr" CONTENT="V&#233;zo," HEIGHT="64" WIDTH="174" VPOS="2909" HPOS="140"/>
<SP HEIGHT="63" WIDTH="29" VPOS="2910" HPOS="315"/>
<String LANG="en-US" CONTENT="L." HEIGHT="53" WIDTH="65" VPOS="2910" HPOS="345"/>
</TextLine>
<TextLine HEIGHT="147" WIDTH="1995" VPOS="2989" HPOS="140" LANG="fr" CS="1">
<String CONTENT="Les" HEIGHT="52" WIDTH="108" VPOS="2989" HPOS="210"/>
<SP HEIGHT="33" WIDTH="50" VPOS="3008" HPOS="319"/>
<String CONTENT="math&#233;matiques" HEIGHT="67" WIDTH="478" VPOS="2990" HPOS="370"/>
<SP HEIGHT="51" WIDTH="52" VPOS="2991" HPOS="849"/>
<String CONTENT="de" HEIGHT="51" WIDTH="68" VPOS="2991" HPOS="902"/>
<SP HEIGHT="51" WIDTH="53" VPOS="2991" HPOS="971"/>
<String CONTENT="l&#8217;ouvrier" HEIGHT="53" WIDTH="271" VPOS="2989" HPOS="1025"/>
<SP HEIGHT="33" WIDTH="52" VPOS="3009" HPOS="1297"/>
<String CONTENT="moderne." HEIGHT="52" WIDTH="286" VPOS="2990" HPOS="1350"/>
<SP HEIGHT="34" WIDTH="97" VPOS="3023" HPOS="1637"/>
<String CS="1" CONTENT="[1]" HEIGHT="34" WIDTH="12" VPOS="3023" HPOS="1790"/>
<SP HEIGHT="68" WIDTH="60" VPOS="2989" HPOS="1803"/>
<String CONTENT="Arithm&#233;tique&#8212;alg&#232;bre." HEIGHT="147" WIDTH="1995" VPOS="2989" HPOS="140"/>
</TextLine>
<TextLine HEIGHT="59" WIDTH="895" VPOS="3067" HPOS="690" LANG="fr" CS="1">
<String CONTENT="2" HEIGHT="48" WIDTH="31" VPOS="3071" HPOS="690"/>
<String LANG="en-US" CS="1" CONTENT="&#7497;"/>
<SP HEIGHT="51" WIDTH="33" VPOS="3069" HPOS="746"/>
<String CONTENT="&#233;d." HEIGHT="51" WIDTH="83" VPOS="3069" HPOS="780"/>
<SP HEIGHT="51" WIDTH="75" VPOS="3069" HPOS="864"/>
<String CONTENT="Paris," HEIGHT="58" WIDTH="188" VPOS="3068" HPOS="940"/>
<SP HEIGHT="57" WIDTH="32" VPOS="3069" HPOS="1129"/>
<String CONTENT="Dunod," HEIGHT="56" WIDTH="234" VPOS="3069" HPOS="1162"/>
<SP HEIGHT="53" WIDTH="36" VPOS="3072" HPOS="1397"/>
<String CONTENT="1927." HEIGHT="55" WIDTH="151" VPOS="3067" HPOS="1434"/>
</TextLine>
<TextLine HEIGHT="49" WIDTH="612" VPOS="3149" HPOS="210" LANG="fr" CS="1">
<String CONTENT="vi," HEIGHT="48" WIDTH="61" VPOS="3149" HPOS="210"/>
<SP HEIGHT="47" WIDTH="30" VPOS="3150" HPOS="272"/>
<String CONTENT="270" HEIGHT="40" WIDTH="89" VPOS="3149" HPOS="303"/>
<SP HEIGHT="49" WIDTH="27" VPOS="3149" HPOS="393"/>
<String CONTENT="p." HEIGHT="37" WIDTH="43" VPOS="3161" HPOS="421"/>
<SP HEIGHT="39" WIDTH="60" VPOS="3151" HPOS="465"/>
<String CONTENT="diagrs." HEIGHT="49" WIDTH="181" VPOS="3149" HPOS="526"/>
<SP HEIGHT="40" WIDTH="57" VPOS="3151" HPOS="708"/>
<String CONTENT="21" HEIGHT="39" WIDTH="56" VPOS="3151" HPOS="766"/>
<String LANG="en-US" CS="1" CONTENT="&#189;&#7580;&#7504;."/>
</TextLine>
<TextLine HEIGHT="55" WIDTH="1601" VPOS="3202" HPOS="145" STYLEREFS="StyleId-063E641F-098F-47A9-BC61-4C860448DDA9-" LANG="fr" CS="1">
<String CONTENT="&#169;" HEIGHT="52" WIDTH="52" VPOS="3202" HPOS="145"/>
<SP HEIGHT="52" WIDTH="32" VPOS="3202" HPOS="198"/>
<String CONTENT="Mar." HEIGHT="40" WIDTH="122" VPOS="3207" HPOS="231"/>
<SP HEIGHT="40" WIDTH="30" VPOS="3207" HPOS="354"/>
<String CONTENT="11," HEIGHT="47" WIDTH="70" VPOS="3207" HPOS="385"/>
<SP HEIGHT="46" WIDTH="31" VPOS="3208" HPOS="456"/>
<String CONTENT="1927;" HEIGHT="47" WIDTH="142" VPOS="3207" HPOS="488"/>
<SP/>
<String CS="1" CONTENT="1c."/>
<SP HEIGHT="39" WIDTH="30" VPOS="3209" HPOS="732"/>
<String CONTENT="May" HEIGHT="47" WIDTH="116" VPOS="3209" HPOS="763"/>
<SP HEIGHT="48" WIDTH="30" VPOS="3208" HPOS="880"/>
<String CONTENT="6;" HEIGHT="47" WIDTH="53" VPOS="3208" HPOS="911"/>
<SP HEIGHT="47" WIDTH="32" VPOS="3208" HPOS="965"/>
<!-- cceid 18F7505F-6CB2-1014-A20E-B9D6251C946A --><String CONTENT="A&#8212;" HEIGHT="39" WIDTH="103" VPOS="3208" HPOS="998"/>
<String LANG="en-US" CONTENT="Foreign" HEIGHT="49" WIDTH="211" VPOS="3208" HPOS="1103"/>
<SP HEIGHT="40" WIDTH="30" VPOS="3209" HPOS="1315"/>
<String CONTENT="34363;" HEIGHT="47" WIDTH="172" VPOS="3209" HPOS="1346"/>
<SP HEIGHT="47" WIDTH="35" VPOS="3209" HPOS="1519"/>
<String CONTENT="Dunod." HEIGHT="41" WIDTH="191" VPOS="3209" HPOS="1555"/>
</TextLine>
<TextLine HEIGHT="65" WIDTH="875" VPOS="3300" HPOS="143" STYLEREFS="StyleId-6B941456-B806-4442-B98B-32E27D516507-">
<String LANG="fr" CONTENT="Vivian," HEIGHT="63" WIDTH="234" VPOS="3300" HPOS="143"/>
<SP HEIGHT="62" WIDTH="30" VPOS="3301" HPOS="378"/>
<String LANG="en-US" CONTENT="Evelyn" HEIGHT="64" WIDTH="228" VPOS="3301" HPOS="409"/>
<SP HEIGHT="53" WIDTH="29" VPOS="3303" HPOS="638"/>
<String LANG="fr" CONTENT="Charles" HEIGHT="54" WIDTH="247" VPOS="3302" HPOS="668"/>
<SP HEIGHT="51" WIDTH="28" VPOS="3303" HPOS="916"/>
<String LANG="fr" CONTENT="H." HEIGHT="52" WIDTH="73" VPOS="3303" HPOS="945"/>
</TextLine>
<TextLine HEIGHT="71" WIDTH="1941" VPOS="3380" HPOS="213" CS="1">
<String LANG="en-US" CONTENT="Nine" HEIGHT="53" WIDTH="150" VPOS="3380" HPOS="213"/>
<SP HEIGHT="51" WIDTH="32" VPOS="3381" HPOS="364"/>
<String LANG="en-US" CONTENT="days." HEIGHT="67" WIDTH="158" VPOS="3381" HPOS="397"/>
<SP HEIGHT="34" WIDTH="70" VPOS="3399" HPOS="556"/>
<String LANG="en-US" CONTENT="chap." HEIGHT="67" WIDTH="163" VPOS="3381" HPOS="627"/>
<SP HEIGHT="49" WIDTH="37" VPOS="3384" HPOS="791"/>
<String LANG="fr" CONTENT="9" HEIGHT="49" WIDTH="30" VPOS="3384" HPOS="829"/>
<SP HEIGHT="69" WIDTH="45" VPOS="3381" HPOS="860"/>
<String LANG="fr" CONTENT="(contd.)-14" HEIGHT="69" WIDTH="366" VPOS="3381" HPOS="906"/>
<SP HEIGHT="70" WIDTH="44" VPOS="3381" HPOS="1273"/>
<String LANG="en-US" CONTENT="(contd.)" HEIGHT="70" WIDTH="245" VPOS="3381" HPOS="1318"/>
<SP HEIGHT="69" WIDTH="88" VPOS="3381" HPOS="1564"/>
<String LANG="en-US" CS="1" CONTENT="["/>
<String LANG="fr" CONTENT="14" HEIGHT="48" WIDTH="65" VPOS="3386" HPOS="1674"/>
<SP HEIGHT="52" WIDTH="31" VPOS="3383" HPOS="1740"/>
<String LANG="en-US" CONTENT="instalments]" HEIGHT="67" WIDTH="382" VPOS="3383" HPOS="1772"/>
</TextLine>
<TextLine HEIGHT="54" WIDTH="768" VPOS="3458" HPOS="223" STYLEREFS="StyleId-536A15E4-ACA9-42BC-98B0-B11C85613C7D-" LANG="en-US">
<String CONTENT="(In" HEIGHT="47" WIDTH="82" VPOS="3463" HPOS="223"/>
<SP HEIGHT="43" WIDTH="31" VPOS="3458" HPOS="306"/>
<String CONTENT="London" HEIGHT="44" WIDTH="205" VPOS="3458" HPOS="338"/>
<SP HEIGHT="42" WIDTH="29" VPOS="3459" HPOS="544"/>
<String CONTENT="Daily" HEIGHT="52" WIDTH="148" VPOS="3459" HPOS="574"/>
<SP HEIGHT="38" WIDTH="33" VPOS="3473" HPOS="723"/>
<String CONTENT="express)" HEIGHT="52" WIDTH="234" VPOS="3460" HPOS="757"/>
</TextLine>
<TextLine HEIGHT="57" WIDTH="2011" VPOS="3514" HPOS="147" STYLEREFS="StyleId-063E641F-098F-47A9-BC61-4C860448DDA9-" LANG="en-US">
<String CONTENT="&#169;" HEIGHT="52" WIDTH="52" VPOS="3514" HPOS="147"/>
<SP HEIGHT="52" WIDTH="36" VPOS="3514" HPOS="200"/>
<String CONTENT="1c." HEIGHT="39" WIDTH="66" VPOS="3520" HPOS="237"/>
<SP HEIGHT="30" WIDTH="37" VPOS="3529" HPOS="304"/>
<String CONTENT="each" HEIGHT="40" WIDTH="120" VPOS="3519" HPOS="342"/>
<SP HEIGHT="39" WIDTH="35" VPOS="3519" HPOS="463"/>
<String CONTENT="Apr." HEIGHT="48" WIDTH="114" VPOS="3519" HPOS="499"/>
<SP HEIGHT="40" WIDTH="38" VPOS="3520" HPOS="614"/>
<String CONTENT="12," HEIGHT="47" WIDTH="68" VPOS="3520" HPOS="653"/>
<SP HEIGHT="46" WIDTH="37" VPOS="3521" HPOS="722"/>
<String CONTENT="1928;" HEIGHT="48" WIDTH="142" VPOS="3520" HPOS="760"/>
<SP HEIGHT="47" WIDTH="39" VPOS="3521" HPOS="903"/>
<!-- cceid 18F7FDC7-6CB2-1014-A20E-B9D6251C946A --><String CONTENT="A" HEIGHT="39" WIDTH="42" VPOS="3521" HPOS="943"/>
<SP HEIGHT="40" WIDTH="35" VPOS="3521" HPOS="986"/>
<String CONTENT="ad" HEIGHT="39" WIDTH="60" VPOS="3522" HPOS="1022"/>
<SP HEIGHT="40" WIDTH="38" VPOS="3521" HPOS="1083"/>
<String CONTENT="int." HEIGHT="41" WIDTH="88" VPOS="3521" HPOS="1122"/>
<SP HEIGHT="40" WIDTH="37" VPOS="3522" HPOS="1211"/>
<String CONTENT="10895;" HEIGHT="48" WIDTH="173" VPOS="3521" HPOS="1249"/>
<SP HEIGHT="38" WIDTH="39" VPOS="3533" HPOS="1423"/>
<String CONTENT="pubd." HEIGHT="48" WIDTH="145" VPOS="3523" HPOS="1463"/>
<SP HEIGHT="41" WIDTH="38" VPOS="3523" HPOS="1609"/>
<String CONTENT="Feb." HEIGHT="41" WIDTH="111" VPOS="3523" HPOS="1648"/>
<SP HEIGHT="40" WIDTH="39" VPOS="3524" HPOS="1760"/>
<String CONTENT="14-18," HEIGHT="48" WIDTH="158" VPOS="3523" HPOS="1800"/>
<SP HEIGHT="47" WIDTH="38" VPOS="3524" HPOS="1959"/>
<String CONTENT="20-25," HEIGHT="48" WIDTH="160" VPOS="3523" HPOS="1998"/>
</TextLine>
<TextLine HEIGHT="50" WIDTH="816" VPOS="3575" HPOS="217" STYLEREFS="StyleId-063E641F-098F-47A9-BC61-4C860448DDA9-" LANG="en-US" CS="1">
<String CS="1" CONTENT="27-29;" HEIGHT="40" WIDTH="147" VPOS="3576" HPOS="217"/>
<SP HEIGHT="45" WIDTH="34" VPOS="3577" HPOS="391"/>
<String CONTENT="E." HEIGHT="40" WIDTH="54" VPOS="3577" HPOS="426"/>
<SP HEIGHT="42" WIDTH="31" VPOS="3575" HPOS="481"/>
<String CONTENT="C." HEIGHT="43" WIDTH="49" VPOS="3575" HPOS="513"/>
<SP HEIGHT="41" WIDTH="30" VPOS="3577" HPOS="563"/>
<String CONTENT="Vivian," HEIGHT="49" WIDTH="191" VPOS="3576" HPOS="594"/>
<SP HEIGHT="47" WIDTH="31" VPOS="3578" HPOS="786"/>
<String CONTENT="London." HEIGHT="41" WIDTH="215" VPOS="3578" HPOS="818"/>
</TextLine>
<TextLine HEIGHT="68" WIDTH="1500" VPOS="3668" HPOS="141" STYLEREFS="StyleId-6B941456-B806-4442-B98B-32E27D516507-" LANG="en-US">
<String CONTENT="Waals," HEIGHT="63" WIDTH="216" VPOS="3668" HPOS="141"/>
<SP HEIGHT="62" WIDTH="31" VPOS="3669" HPOS="358"/>
<String CONTENT="Johannes" HEIGHT="55" WIDTH="306" VPOS="3668" HPOS="390"/>
<SP HEIGHT="52" WIDTH="29" VPOS="3672" HPOS="697"/>
<String CONTENT="Diderik" HEIGHT="53" WIDTH="246" VPOS="3671" HPOS="727"/>
<SP HEIGHT="53" WIDTH="31" VPOS="3672" HPOS="974"/>
<String CONTENT="van" HEIGHT="36" WIDTH="116" VPOS="3689" HPOS="1006"/>
<SP HEIGHT="52" WIDTH="30" VPOS="3673" HPOS="1123"/>
<String LANG="de" CONTENT="der," HEIGHT="63" WIDTH="123" VPOS="3673" HPOS="1154"/>
<SP HEIGHT="58" WIDTH="34" VPOS="3678" HPOS="1278"/>
<String CONTENT="1837-1923." HEIGHT="52" WIDTH="328" VPOS="3675" HPOS="1313"/>
</TextLine>
<TextLine HEIGHT="72" WIDTH="1949" VPOS="3747" HPOS="213">
<String LANG="de" CONTENT="Lehrbuch" HEIGHT="54" WIDTH="302" VPOS="3747" HPOS="213"/>
<SP HEIGHT="52" WIDTH="56" VPOS="3750" HPOS="516"/>
<String LANG="de" CONTENT="der" HEIGHT="52" WIDTH="101" VPOS="3750" HPOS="573"/>
<SP HEIGHT="47" WIDTH="54" VPOS="3755" HPOS="675"/>
<String LANG="en-US" CONTENT="thermostatik," HEIGHT="68" WIDTH="424" VPOS="3750" HPOS="730"/>
<SP HEIGHT="65" WIDTH="57" VPOS="3753" HPOS="1155"/>
<String LANG="de" CONTENT="das" HEIGHT="52" WIDTH="102" VPOS="3753" HPOS="1213"/>
<SP HEIGHT="52" WIDTH="55" VPOS="3753" HPOS="1316"/>
<String LANG="de" CONTENT="heisst," HEIGHT="66" WIDTH="194" VPOS="3753" HPOS="1372"/>
<SP HEIGHT="65" WIDTH="53" VPOS="3754" HPOS="1567"/>
<String LANG="de" CONTENT="des" HEIGHT="53" WIDTH="98" VPOS="3754" HPOS="1621"/>
<SP HEIGHT="48" WIDTH="56" VPOS="3759" HPOS="1720"/>
<String LANG="de" CONTENT="thermischen" HEIGHT="53" WIDTH="385" VPOS="3755" HPOS="1777"/>
</TextLine>
<TextLine HEIGHT="77" WIDTH="2019" VPOS="3825" HPOS="142" LANG="de" CS="1">
<String CONTENT="gleichgewichtes" HEIGHT="70" WIDTH="495" VPOS="3825" HPOS="142"/>
<SP HEIGHT="34" WIDTH="30" VPOS="3847" HPOS="638"/>
<String CONTENT="materieller" HEIGHT="53" WIDTH="346" VPOS="3829" HPOS="669"/>
<SP HEIGHT="34" WIDTH="29" VPOS="3849" HPOS="1016"/>
<String CS="1" CONTENT="systeme," HEIGHT="64" WIDTH="234" VPOS="3835" HPOS="1074"/>
<SP HEIGHT="47" WIDTH="28" VPOS="3850" HPOS="1309"/>
<String CONTENT="nach" HEIGHT="52" WIDTH="145" VPOS="3832" HPOS="1338"/>
<SP HEIGHT="51" WIDTH="34" VPOS="3832" HPOS="1484"/>
<String CS="1" CONTENT="vorlesungen" HEIGHT="69" WIDTH="340" VPOS="3833" HPOS="1558"/>
<SP HEIGHT="33" WIDTH="30" VPOS="3853" HPOS="1899"/>
<String CONTENT="von" HEIGHT="34" WIDTH="108" VPOS="3852" HPOS="1930"/>
<SP HEIGHT="52" WIDTH="36" VPOS="3835" HPOS="2039"/>
<String CONTENT="dr." HEIGHT="52" WIDTH="85" VPOS="3835" HPOS="2076"/>
</TextLine>
<TextLine HEIGHT="61" WIDTH="1956" VPOS="3904" HPOS="144" LANG="de" CS="1">
<String LANG="en-US" CONTENT="J." HEIGHT="53" WIDTH="57" VPOS="3904" HPOS="144"/>
<SP HEIGHT="52" WIDTH="39" VPOS="3905" HPOS="202"/>
<String CONTENT="D." HEIGHT="52" WIDTH="70" VPOS="3905" HPOS="242"/>
<SP HEIGHT="32" WIDTH="40" VPOS="3924" HPOS="313"/>
<String LANG="fr" CONTENT="v." HEIGHT="32" WIDTH="50" VPOS="3924" HPOS="354"/>
<SP HEIGHT="51" WIDTH="42" VPOS="3907" HPOS="405"/>
<String CONTENT="d." HEIGHT="51" WIDTH="52" VPOS="3907" HPOS="448"/>
<SP HEIGHT="52" WIDTH="39" VPOS="3907" HPOS="501"/>
<String CONTENT="Waals" HEIGHT="53" WIDTH="196" VPOS="3907" HPOS="541"/>
<SP HEIGHT="32" WIDTH="44" VPOS="3928" HPOS="738"/>
<String CS="1" CONTENT="&#8230;"/>
<SP HEIGHT="52" WIDTH="42" VPOS="3909" HPOS="839"/>
<String CONTENT="bearbeitet" HEIGHT="53" WIDTH="315" VPOS="3909" HPOS="882"/>
<SP HEIGHT="47" WIDTH="37" VPOS="3915" HPOS="1198"/>
<String CONTENT="von" HEIGHT="34" WIDTH="112" VPOS="3929" HPOS="1236"/>
<SP HEIGHT="52" WIDTH="39" VPOS="3911" HPOS="1349"/>
<String CONTENT="dr." HEIGHT="52" WIDTH="84" VPOS="3911" HPOS="1389"/>
<SP HEIGHT="51" WIDTH="40" VPOS="3912" HPOS="1474"/>
<String CONTENT="Ph." HEIGHT="53" WIDTH="107" VPOS="3911" HPOS="1515"/>
<SP HEIGHT="52" WIDTH="41" VPOS="3912" HPOS="1623"/>
<String CONTENT="Kohnstamm" HEIGHT="53" WIDTH="389" VPOS="3912" HPOS="1665"/>
<SP HEIGHT="33" WIDTH="45" VPOS="3932" HPOS="2055"/>
<String CS="1" CONTENT="&#8230;"/>
</TextLine>
<TextLine HEIGHT="69" WIDTH="2018" VPOS="3983" HPOS="145" LANG="de">
<String CONTENT="Zugleich" HEIGHT="67" WIDTH="269" VPOS="3983" HPOS="145"/>
<SP HEIGHT="53" WIDTH="34" VPOS="3984" HPOS="415"/>
<String CONTENT="3," HEIGHT="54" WIDTH="46" VPOS="3989" HPOS="450"/>
<SP HEIGHT="38" WIDTH="34" VPOS="4005" HPOS="497"/>
<String CONTENT="aufl," HEIGHT="56" WIDTH="129" VPOS="3987" HPOS="532"/>
<SP HEIGHT="55" WIDTH="33" VPOS="3988" HPOS="662"/>
<String CONTENT="des" HEIGHT="53" WIDTH="97" VPOS="3988" HPOS="696"/>
<SP HEIGHT="53" WIDTH="30" VPOS="3988" HPOS="794"/>
<String CONTENT="Lehrbuchs" HEIGHT="55" WIDTH="332" VPOS="3988" HPOS="825"/>
<SP HEIGHT="53" WIDTH="34" VPOS="3990" HPOS="1158"/>
<String CONTENT="der" HEIGHT="54" WIDTH="100" VPOS="3990" HPOS="1193"/>
<SP HEIGHT="49" WIDTH="32" VPOS="3996" HPOS="1294"/>
<String CONTENT="thermodynamik" HEIGHT="62" WIDTH="508" VPOS="3990" HPOS="1327"/>
<SP HEIGHT="56" WIDTH="30" VPOS="3993" HPOS="1836"/>
<String CONTENT="derselben" HEIGHT="56" WIDTH="296" VPOS="3993" HPOS="1867"/>
</TextLine>
</TextBlock>
<GraphicalElement ID="Page319_Block3" HEIGHT="6" WIDTH="140" VPOS="1240" HPOS="130"/>
</PrintSpace>
</Page>
</Layout>
</alto>