2498 4384
1330 3932 132 52 1028

377 292 271 63 Gleason,
680 293 149 63 Ray.

444 368 1934 70 Birds we know … color paintings by Ray Gleason. [Racine,
373 447 161 67 Wis.]
595 449 151 51 ᶜ1928.

444 530 285 48 cover-title,
766 528 84 51 [20]
885 541 45 37 p.
989 532 88 39 col.
1108 529 132 42 illus.
1298 529 119 42 32ᶜᵐ.

443 601 126 40 Text
596 612 62 28 on
684 610 147 38 pages
858 600 86 39 2-4
970 600 52 40 of
1050 610 154 30 cover.

385 666 52 52 ©
466 671 117 47 July
609 670 41 48 3,
678 669 141 47 1928;
849 669 68 41 2c.
946 670 116 47 July
1091 669 82 46 10;
1205 668 84 42 aff.
1319 669 116 47 July
1463 668 52 47 9;
1548 668 41 39 A
1616 668 228 47 1082453;
1877 668 253 41 Whitman
2158 669 110 48 pub.
2298 679 83 32 co.,

451 727 196 49 Racine,
679 727 117 40 Wis.
865 726 281 48 (28-17042)

377 822 232 63 Glover,
641 821 158 54 Julia
830 822 215 52 Lestar
1048 822 173 63 jette.

448 897 277 56 Children
769 898 65 53 of
875 898 337 69 Greycourt,
1257 900 112 52 and
1410 916 151 36 some
1603 897 196 70 things
1840 899 137 68 they
2018 898 250 68 learned,
2307 898 78 69 by

375 976 163 55 Julia
575 976 204 54 Lestar
780 976 139 69 jette
955 976 230 55 Glover.
1261 976 161 53 Rock
1456 976 220 68 Island,
1711 968 115 76 Ill.,
1860 975 344 70 Augustana
2238 976 146 53 book

375 1072 257 51 concern,
669 1058 149 49 1928.

446 1138 87 41 170
567 1150 43 37 p.
670 1137 130 41 illus.
997 1168 10 11 19½ᶜᵐ.

385 1204 52 54 ©
469 1209 127 39 June
623 1207 70 48 25,
723 1207 119 40 1928;
895 1207 69 41 2c.
994 1207 127 40 June
1148 1206 85 48 29;
1264 1206 83 41 aff.
1377 1207 116 47 July
1523 1206 53 47 5;
1607 1206 45 39 A
1679 1206 231 48 1082482;
1942 1206 290 49 Augustana
2261 1207 125 40 book

454 1275 217 30 concern.
742 1262 280 51 (28-17101)

381 1358 264 63 Grizzell,
679 1358 163 53 Emit
877 1359 267 61 Duncan,
1182 1357 166 54 1887-

458 1436 324 54 Education:
838 1436 313 69 principles
1175 1437 114 52 and
1316 1436 307 68 practices;
1652 1455 72 34 an
1748 1436 403 69 introductory
2178 1454 211 50 course,

385 1513 1979 148 by Emit Duncan Grizzell … New York, The Macmillan company, 1928.
459 1674 935 49 xvi p., 2 l., 428 p. diagrs. 20½ᶜᵐ.
461 1732 321 40 “References
807 1732 80 39 for
913 1732 181 47 special
1120 1732 232 48 reading”
1380 1733 52 38 at
1458 1732 93 40 end
1578 1732 52 40 of
1655 1732 119 41 each
1800 1732 217 48 chapter.

389 1784 52 53 ©
469 1790 115 46 July
611 1788 69 49 10,
708 1789 140 46 1928;
877 1789 68 40 2c.
974 1790 95 39 and
1097 1788 82 42 aff.
1207 1790 117 46 July
1351 1789 82 47 11;
1464 1789 41 39 A
1530 1789 229 48 1082462;
1792 1788 284 41 Macmillan
2102 1798 69 32 co.

467 1845 281 49 (28-17073)

385 1941 58 52 A
477 1940 313 53 handbook
827 1940 64 53 of
926 1959 246 34 summer
1205 1959 222 48 camps;
1466 1959 72 33 an
1572 1941 212 52 annual
1819 1958 222 51 survey,
2076 1941 78 68 by
2186 1942 206 50 Porter

458 2018 1910 148 Sargent. 5th ed., 1928. Boston, Massachusetts, Porter Sargent [ ᶜ1 928]
458 2181 83 40 831
570 2191 43 37 p.
669 2180 129 39 illus.
827 2179 133 48 (incl.
989 2180 136 48 map)
1188 2179 147 40 18½ᶜᵐ.
1406 2179 125 48 (The
1562 2179 208 48 Sargent
1797 2179 310 48 handbooks)

391 2233 52 52 ©
477 2238 127 39 June
634 2236 69 49 30,
736 2236 115 41 1928;
910 2237 68 40 2c.
1010 2238 97 38 and
1140 2236 82 42 aff.
1256 2237 116 47 July
1403 2236 53 47 5;
1491 2237 43 38 A
1563 2236 203 41 1083202;
1830 2237 172 40 Porter
2035 2237 214 40 Edward
459 2235 1915 108 Sargent.

384 2388 211 64 Hawk,
623 2388 175 55 John.

454 2467 122 53 The
614 2466 230 54 Titanic
879 2467 154 53 hotel
1071 2472 272 64 mystery,
1378 2467 76 69 by
1490 2467 157 54 John
1683 2467 208 53 Hawk.
1968 2466 234 55 Garden
2241 2466 152 69 City,

383 2544 71 54 N.
490 2544 90 69 Y.,
610 2545 144 53 Pub.
788 2544 94 53 for
912 2545 121 53 The
1066 2544 193 55 Crime
1291 2545 147 68 club,
1468 2544 126 68 inc.,
1623 2546 76 68 by
1730 2545 360 69 Doubleday,
2119 2546 199 52 Doran
2348 2547 45 50 &

383 2641 298 50 company,
717 2622 126 68 inc.,
879 2625 152 50 1928.

455 2706 565 49 5 p. l., 281 p. 19½ᶜᵐ.
394 2759 52 52 ©
478 2764 127 40 June
634 2763 40 47 8,
706 2762 140 47 1928;
879 2762 68 41 2c.
979 2763 96 39 and
1107 2761 82 42 aff.
1221 2763 117 46 July
1370 2762 82 46 13;
1485 2762 42 39 A
1557 2762 230 48 1082495;
1824 2763 300 48 Doubleday,
2159 2763 167 40 Doran
2358 2763 37 40 &

462 2830 82 37 co.,
572 2819 92 42 inc.
734 2818 282 50 (28-17096)

390 2913 308 64 Hazelton,
728 2912 309 54 Elizabeth
1069 2913 62 54 C.

459 2992 210 66 Poppy
722 2989 65 54 of
842 2990 117 55 San
1014 2991 307 52 Fernando
1373 2991 224 69 Valley.
1704 2991 233 53 Picture
1991 2991 155 70 City,
2200 2991 195 65 Calif.,

386 3068 964 67 Elizabeth C. Hazelton [ ᶜ1 928]
456 3153 57 39 43
545 3163 44 37 p.
648 3151 130 41 illus.
837 3151 119 41 23ᶜᵐ.

396 3204 53 53 ©
480 3209 129 39 June
637 3208 68 47 12,
737 3207 118 40 1928;
910 3207 68 41 2c.
1009 3209 96 40 and
1136 3206 81 42 aff.
1251 3207 127 39 June
1407 3207 81 47 18;
1522 3208 42 39 A
1594 3208 229 48 1083081;
1859 3209 53 40 E.
1945 3208 49 42 C.
2026 3209 257 42 Hazelton.

476 3264 280 50 (28-17212)

399 3358 221 70 [Hicks,
652 3358 258 53 Thomas
938 3357 260 69 Willing]

460 3437 329 68 Fin-essing
819 3437 96 53 the
946 3437 135 66 fish;
1119 3455 80 49 or,
1230 3437 152 52 How
1412 3443 60 47 to
1504 3437 106 54 fish
1643 3437 341 71 effishently;
2021 3439 158 53 “The
2210 3446 91 47 art
2332 3441 66 53 of

390 3514 2008 73 angling” from a new angle … followed by a P. S. describing
389 3595 97 51 the
522 3592 346 54 fishermen’s
907 3594 387 52 under-water
1331 3592 309 69 periscope,
1680 3613 31 33 a
1747 3613 125 33 new
1908 3600 138 62 type
2084 3593 65 55 of
2184 3594 213 70 fishing

391 3671 446 68 paraphernalia
887 3671 269 53 invented
1205 3672 79 67 by
1333 3672 97 52 the
1480 3673 223 51 author.
1803 3672 423 69 [Minneapolis,
2275 3673 121 52 The

390 3750 296 53 Farnham
717 3767 175 50 press,
926 3752 151 64 1928]

461 3830 830 51 4 p. l., [11]-65 p. illus. 21ᶜᵐ.
