<alto xmlns="http://www.loc.gov/standards/alto/ns-v3#" xmlns:xlink="http://www.w3.org/1999/xlink" xmlns:xsi="http://www.w3.org/2001/XMLSchema-instance" xsi:schemaLocation="http://www.loc.gov/standards/alto/ns-v3# http://www.loc.gov/alto/v3/alto-3-0.xsd"><Description>
<MeasurementUnit>pixel</MeasurementUnit>
<sourceImageInformation>
<fileName>1928_v25_part001.pdf</fileName>
</sourceImageInformation>
<OCRProcessing ID="IdOcr">
<ocrProcessingStep>
<processingDateTime>2019-04-12</processingDateTime>
<processingSoftware>
<softwareCreator>ABBYY</softwareCreator>
<softwareName>ABBYY Recognition Server</softwareName>
<softwareVersion>4.0</softwareVersion>
</processingSoftware>
</ocrProcessingStep>
</OCRProcessing>
</Description>
<Styles>
<ParagraphStyle ID="StyleId-FFFFFFFF-FFFF-FFFF-FFFF-FFFFFFFFFFFF-" ALIGN="Left" LEFT="0." RIGHT="0." FIRSTLINE="0."/>
<ParagraphStyle ID="StyleId-0ECAC0CE-E1F0-4C69-A1B9-95E16886343B-" ALIGN="Left" LEFT="0." RIGHT="0." FIRSTLINE="0." LINESPACE="8.300000191"/>
<ParagraphStyle ID="StyleId-5C6F7A30-EC6F-4250-A8D3-0AE106DCDB5D-" ALIGN="Left" LEFT="0." RIGHT="0." FIRSTLINE="-13." LINESPACE="11.22999954"/>
<ParagraphStyle ID="StyleId-B258737E-7AF8-4B71-A0BF-0A1420B951F9-" ALIGN="Left" LEFT="0." RIGHT="0." FIRSTLINE="-13." LINESPACE="8.210000038"/>
<ParagraphStyle ID="StyleId-35C0EFA5-E89E-4731-B16E-5D3895F12270-" ALIGN="Block" LEFT="0." RIGHT="0." FIRSTLINE="-12." LINESPACE="11.22999954"/>
<ParagraphStyle ID="StyleId-7BD1F9B4-14BB-4AAF-864B-FED8FEA7DC43-" ALIGN="Left" LEFT="0." RIGHT="0." FIRSTLINE="0."/>
<ParagraphStyle ID="StyleId-CD2DA0E5-536D-42AE-AE16-8D9F5C008D5A-" ALIGN="Block" LEFT="0." RIGHT="0." FIRSTLINE="-12." LINESPACE="10."/>
<ParagraphStyle ID="StyleId-AF408F88-EED5-4CE2-A229-3F852C18D9BD-" ALIGN="Block" LEFT="0." RIGHT="0." FIRSTLINE="-14." LINESPACE="10."/>
<ParagraphStyle ID="StyleId-829CD741-943D-4B7B-9638-57AB73DE2567-" ALIGN="Center" LEFT="0." RIGHT="0." FIRSTLINE="0." LINESPACE="9.399999619"/>
<ParagraphStyle ID="StyleId-B271BDFA-6037-4875-BA99-885A067668E9-" ALIGN="Left" LEFT="0." RIGHT="0." FIRSTLINE="-14." LINESPACE="11.21000004"/>
<ParagraphStyle ID="StyleId-64F9C1D8-EA12-4F65-AD18-B72A4C6B556F-" ALIGN="Center" LEFT="0." RIGHT="0." FIRSTLINE="0." LINESPACE="11.60000038"/>
<ParagraphStyle ID="StyleId-44DA2756-E57B-4EF3-9BA4-FC1C14776DE3-" ALIGN="Left" LEFT="0." RIGHT="0." FIRSTLINE="-12." LINESPACE="12.19999981"/>
<ParagraphStyle ID="StyleId-D1D9AF19-8CA6-4F74-9AEC-1B4545205AD7-" ALIGN="Center" LEFT="0." RIGHT="0." FIRSTLINE="0." LINESPACE="11.60000038"/>
<ParagraphStyle ID="StyleId-3ADA1556-6D19-417D-8046-68449BF368BA-" ALIGN="Left" LEFT="0." RIGHT="0." FIRSTLINE="-13." LINESPACE="12.19999981"/>
<ParagraphStyle ID="StyleId-7443A930-B325-44B5-9AB8-B42B4EC78C89-" ALIGN="Block" LEFT="0." RIGHT="0." FIRSTLINE="13." LINESPACE="8.619999886"/>
<ParagraphStyle ID="StyleId-C9A9E480-E448-4934-9AF8-3D252792E396-" ALIGN="Left" LEFT="0." RIGHT="0." FIRSTLINE="-12." LINESPACE="11.38000011"/>
<ParagraphStyle ID="StyleId-73039842-464C-49B9-9440-4C0D0E749DFE-" ALIGN="Center" LEFT="0." RIGHT="0." FIRSTLINE="0." LINESPACE="11.10000038"/>
<ParagraphStyle ID="StyleId-C51F6AC2-80DA-4C65-849C-6E2D5F548EA4-" ALIGN="Left" LEFT="0." RIGHT="0." FIRSTLINE="0." LINESPACE="7.699999809"/>
<ParagraphStyle ID="StyleId-494190D9-BDDC-4834-A745-6AF520F91CD0-" ALIGN="Block" LEFT="0." RIGHT="0." FIRSTLINE="-12." LINESPACE="11.22999954"/>
<ParagraphStyle ID="StyleId-68D39D31-3386-4B28-8C90-DA9420961D78-" ALIGN="Left" LEFT="0." RIGHT="0." FIRSTLINE="0." LINESPACE="11.60000038"/>
<ParagraphStyle ID="StyleId-DF0CE7C7-E73E-44FE-8867-C904BD7F3F42-" ALIGN="Block" LEFT="0." RIGHT="0." FIRSTLINE="0." LINESPACE="12.19999981"/>
</Styles>
<Layout>
<Page ID="Page975" PHYSICAL_IMG_NR="975" HEIGHT="4384" WIDTH="2498">
<TopMargin HEIGHT="377" WIDTH="2498" VPOS="0" HPOS="0">
</TopMargin>
<LeftMargin HEIGHT="3787" WIDTH="126" VPOS="377" HPOS="0">
</LeftMargin>
<RightMargin HEIGHT="3787" WIDTH="319" VPOS="377" HPOS="2179">
</RightMargin>
<BottomMargin HEIGHT="220" WIDTH="2498" VPOS="4164" HPOS="0">
</BottomMargin>
<PrintSpace HEIGHT="3787" WIDTH="2053" VPOS="377" HPOS="126">
<TextBlock ID="Page975_Block1" HEIGHT="145" WIDTH="244" VPOS="4019" HPOS="1098" LANG="en-US" STYLEREFS="StyleId-CF842C7C-6F78-44E0-A9E1-C0293148F560-">
<Shape>
<Polygon POINTS="1099,4019 1251,4019 1251,4020 1342,4020 1342,4150 1341,4150 1341,4164 1247,4164 1247,4163 1098,4163 1098,4146 1099,4146 1099,4019"/>
</Shape>
<TextLine HEIGHT="53" WIDTH="101" VPOS="4059" HPOS="1109">
<String CONTENT="975" HEIGHT="53" WIDTH="101" VPOS="4059" HPOS="1109"/>
</TextLine>
</TextBlock>
<TextBlock ID="Page975_Block2" HEIGHT="3653" WIDTH="2053" VPOS="377" HPOS="126" LANG="en-US" CS="1" STYLEREFS="StyleId-5AD13F3A-6E5A-460B-AF6E-D1FD6A97E5FB-">
<Shape>
<Polygon POINTS="133,377 273,377 273,378 762,378 762,379 1251,379 1251,380 1740,380 1740,381 2179,381 2179,727 2178,727 2178,1216 2177,1216 2177,1705 2176,1705 2176,2194 2175,2194 2175,2683 2174,2683 2174,3172 2173,3172 2173,3661 2172,3661 2172,4030 1736,4030 1736,4029 1247,4029 1247,4028 758,4028 758,4027 269,4027 269,4026 126,4026 126,3657 127,3657 127,3168 128,3168 128,2679 129,2679 129,2190 130,2190 130,1701 131,1701 131,1212 132,1212 132,723 133,723 133,377"/>
</Shape>
<TextLine HEIGHT="66" WIDTH="827" VPOS="388" HPOS="150" STYLEREFS="StyleId-D4337A83-5EEB-469A-AF68-7BB21383C949-" LANG="de">
<String CONTENT="Stevenson," HEIGHT="61" WIDTH="349" VPOS="392" HPOS="150"/>
<SP HEIGHT="60" WIDTH="27" VPOS="393" HPOS="500"/>
<String CONTENT="Robert" HEIGHT="51" WIDTH="221" VPOS="392" HPOS="528"/>
<SP HEIGHT="53" WIDTH="30" VPOS="391" HPOS="750"/>
<String CONTENT="Louis." HEIGHT="53" WIDTH="196" VPOS="390" HPOS="781"/>
</TextLine>
<TextLine HEIGHT="75" WIDTH="1935" VPOS="464" HPOS="214" STYLEREFS="StyleId-63012B67-D11F-4DBD-86F4-C7000BE68BF1-">
<String CONTENT="Monmouth;" HEIGHT="67" WIDTH="371" VPOS="468" HPOS="214"/>
<SP HEIGHT="47" WIDTH="34" VPOS="488" HPOS="586"/>
<String CONTENT="a" HEIGHT="32" WIDTH="28" VPOS="488" HPOS="621"/>
<SP HEIGHT="47" WIDTH="34" VPOS="474" HPOS="650"/>
<String CONTENT="tragedy," HEIGHT="69" WIDTH="260" VPOS="468" HPOS="685"/>
<SP HEIGHT="66" WIDTH="31" VPOS="469" HPOS="946"/>
<String CONTENT="by" HEIGHT="67" WIDTH="73" VPOS="469" HPOS="978"/>
<SP HEIGHT="66" WIDTH="31" VPOS="470" HPOS="1052"/>
<String CONTENT="Robert" HEIGHT="53" WIDTH="215" VPOS="469" HPOS="1084"/>
<SP HEIGHT="51" WIDTH="31" VPOS="470" HPOS="1300"/>
<String CONTENT="Louis" HEIGHT="53" WIDTH="174" VPOS="469" HPOS="1332"/>
<SP HEIGHT="57" WIDTH="33" VPOS="467" HPOS="1507"/>
<String CONTENT="Stevenson," HEIGHT="69" WIDTH="331" VPOS="467" HPOS="1541"/>
<SP HEIGHT="48" WIDTH="30" VPOS="488" HPOS="1873"/>
<String CONTENT="with" HEIGHT="52" WIDTH="136" VPOS="469" HPOS="1904"/>
<SP HEIGHT="52" WIDTH="37" VPOS="469" HPOS="2041"/>
<String CONTENT="an" HEIGHT="34" WIDTH="70" VPOS="487" HPOS="2079"/>
</TextLine>
<TextLine HEIGHT="71" WIDTH="2006" VPOS="542" HPOS="146" STYLEREFS="StyleId-63012B67-D11F-4DBD-86F4-C7000BE68BF1-" CS="1">
<String CONTENT="introduction" HEIGHT="54" WIDTH="390" VPOS="546" HPOS="146"/>
<SP HEIGHT="33" WIDTH="43" VPOS="565" HPOS="537"/>
<String CONTENT="and" HEIGHT="51" WIDTH="111" VPOS="547" HPOS="581"/>
<SP HEIGHT="51" WIDTH="43" VPOS="547" HPOS="693"/>
<String CONTENT="some" HEIGHT="36" WIDTH="151" VPOS="563" HPOS="737"/>
<SP HEIGHT="33" WIDTH="39" VPOS="565" HPOS="889"/>
<String CONTENT="notes" HEIGHT="48" WIDTH="159" VPOS="552" HPOS="929"/>
<SP HEIGHT="54" WIDTH="41" VPOS="546" HPOS="1089"/>
<String CS="1" CONTENT="by" HEIGHT="52" WIDTH="35" VPOS="546" HPOS="1131"/>
<SP HEIGHT="56" WIDTH="45" VPOS="544" HPOS="1205"/>
<String CONTENT="Charles" HEIGHT="57" WIDTH="239" VPOS="544" HPOS="1251"/>
<SP HEIGHT="52" WIDTH="42" VPOS="548" HPOS="1491"/>
<String CONTENT="Vale." HEIGHT="52" WIDTH="157" VPOS="548" HPOS="1534"/>
<SP HEIGHT="53" WIDTH="93" VPOS="546" HPOS="1692"/>
<String CONTENT="New" HEIGHT="52" WIDTH="138" VPOS="547" HPOS="1786"/>
<SP HEIGHT="52" WIDTH="47" VPOS="547" HPOS="1925"/>
<String CONTENT="York," HEIGHT="67" WIDTH="179" VPOS="546" HPOS="1973"/>
</TextLine>
<TextLine HEIGHT="70" WIDTH="654" VPOS="624" HPOS="144" STYLEREFS="StyleId-63012B67-D11F-4DBD-86F4-C7000BE68BF1-">
<String CONTENT="W." HEIGHT="54" WIDTH="89" VPOS="624" HPOS="144"/>
<SP HEIGHT="52" WIDTH="41" VPOS="626" HPOS="234"/>
<String CONTENT="E." HEIGHT="50" WIDTH="67" VPOS="627" HPOS="276"/>
<SP HEIGHT="52" WIDTH="39" VPOS="625" HPOS="344"/>
<String CONTENT="Rudge," HEIGHT="68" WIDTH="222" VPOS="625" HPOS="384"/>
<SP HEIGHT="64" WIDTH="41" VPOS="628" HPOS="607"/>
<String CONTENT="1928." HEIGHT="51" WIDTH="149" VPOS="626" HPOS="649"/>
</TextLine>
<TextLine HEIGHT="52" WIDTH="920" VPOS="704" HPOS="215" CS="1">
<String CONTENT="2" HEIGHT="38" WIDTH="27" VPOS="707" HPOS="215"/>
<SP HEIGHT="47" WIDTH="24" VPOS="707" HPOS="242"/>
<String LANG="fr" CONTENT="p." HEIGHT="38" WIDTH="44" VPOS="717" HPOS="266"/>
<SP HEIGHT="39" WIDTH="24" VPOS="709" HPOS="310"/>
<String CS="1" CONTENT="l.,"/>
<SP HEIGHT="36" WIDTH="24" VPOS="718" HPOS="380"/>
<String LANG="fr" CONTENT="xi," HEIGHT="48" WIDTH="67" VPOS="706" HPOS="404"/>
<SP HEIGHT="30" WIDTH="29" VPOS="725" HPOS="471"/>
<String CONTENT="[1]" HEIGHT="48" WIDTH="55" VPOS="707" HPOS="501"/>
<SP HEIGHT="39" WIDTH="26" VPOS="716" HPOS="556"/>
<String CONTENT="p.," HEIGHT="38" WIDTH="60" VPOS="716" HPOS="582"/>
<SP HEIGHT="47" WIDTH="24" VPOS="707" HPOS="642"/>
<String CONTENT="2" HEIGHT="39" WIDTH="26" VPOS="707" HPOS="666"/>
<SP HEIGHT="39" WIDTH="26" VPOS="707" HPOS="692"/>
<String CS="1" CONTENT="l.," HEIGHT="18" WIDTH="23" VPOS="736" HPOS="739"/>
<SP HEIGHT="47" WIDTH="27" VPOS="708" HPOS="763"/>
<String CONTENT="75," HEIGHT="47" WIDTH="70" VPOS="706" HPOS="790"/>
<SP HEIGHT="30" WIDTH="29" VPOS="725" HPOS="860"/>
<String CS="1" CONTENT="[5]" HEIGHT="50" WIDTH="41" VPOS="706" HPOS="905"/>
<SP HEIGHT="39" WIDTH="30" VPOS="717" HPOS="946"/>
<String CONTENT="p." HEIGHT="37" WIDTH="43" VPOS="717" HPOS="976"/>
<SP HEIGHT="40" WIDTH="59" VPOS="707" HPOS="1019"/>
<String CS="1" CONTENT="23&#189;" HEIGHT="40" WIDTH="57" VPOS="707" HPOS="1078"/>
<String STYLE="superscript" CS="1" CONTENT="&#7580;&#7504;."/>
</TextLine>
<TextLine HEIGHT="56" WIDTH="1935" VPOS="759" HPOS="218" CS="1">
<String CONTENT="&#8220;250" HEIGHT="43" WIDTH="113" VPOS="762" HPOS="218"/>
<SP HEIGHT="41" WIDTH="24" VPOS="764" HPOS="332"/>
<String CONTENT="copies" HEIGHT="50" WIDTH="161" VPOS="762" HPOS="357"/>
<SP HEIGHT="38" WIDTH="25" VPOS="774" HPOS="519"/>
<String CONTENT="printed" HEIGHT="49" WIDTH="192" VPOS="763" HPOS="545"/>
<SP HEIGHT="41" WIDTH="24" VPOS="763" HPOS="738"/>
<String CONTENT="by" HEIGHT="48" WIDTH="61" VPOS="764" HPOS="763"/>
<SP HEIGHT="48" WIDTH="27" VPOS="764" HPOS="825"/>
<String CONTENT="William" HEIGHT="41" WIDTH="216" VPOS="763" HPOS="853"/>
<SP HEIGHT="39" WIDTH="27" VPOS="764" HPOS="1070"/>
<String CONTENT="Edwin" HEIGHT="42" WIDTH="173" VPOS="763" HPOS="1098"/>
<SP HEIGHT="40" WIDTH="25" VPOS="764" HPOS="1272"/>
<String CONTENT="Rudge" HEIGHT="49" WIDTH="170" VPOS="764" HPOS="1298"/>
<SP HEIGHT="30" WIDTH="27" VPOS="774" HPOS="1469"/>
<String CS="1" CONTENT="&#8230;"/>
<SP HEIGHT="38" WIDTH="31" VPOS="766" HPOS="1544"/>
<String CONTENT="typography" HEIGHT="50" WIDTH="301" VPOS="763" HPOS="1576"/>
<SP HEIGHT="49" WIDTH="29" VPOS="763" HPOS="1878"/>
<String CONTENT="by" HEIGHT="48" WIDTH="58" VPOS="763" HPOS="1908"/>
<SP HEIGHT="47" WIDTH="28" VPOS="764" HPOS="1967"/>
<String CONTENT="Bruce" HEIGHT="39" WIDTH="157" VPOS="764" HPOS="1996"/>
</TextLine>
<TextLine HEIGHT="51" WIDTH="227" VPOS="820" HPOS="147">
<String CONTENT="Rogers.&#8221;" HEIGHT="51" WIDTH="227" VPOS="820" HPOS="147"/>
</TextLine>
<TextLine HEIGHT="57" WIDTH="2000" VPOS="874" HPOS="153" CS="1">
<String CONTENT="&#169;" HEIGHT="53" WIDTH="52" VPOS="874" HPOS="153"/>
<SP HEIGHT="53" WIDTH="29" VPOS="874" HPOS="206"/>
<String CONTENT="Apr." HEIGHT="49" WIDTH="114" VPOS="878" HPOS="236"/>
<SP HEIGHT="41" WIDTH="27" VPOS="878" HPOS="351"/>
<String CONTENT="20," HEIGHT="41" WIDTH="70" VPOS="878" HPOS="379"/>
<SP HEIGHT="40" WIDTH="31" VPOS="879" HPOS="450"/>
<String CS="1" CONTENT="1928;" HEIGHT="41" WIDTH="114" VPOS="878" HPOS="482"/>
<SP HEIGHT="46" WIDTH="30" VPOS="878" HPOS="623"/>
<String CONTENT="2c." HEIGHT="40" WIDTH="67" VPOS="878" HPOS="654"/>
<SP HEIGHT="30" WIDTH="29" VPOS="888" HPOS="722"/>
<String CONTENT="and" HEIGHT="42" WIDTH="96" VPOS="877" HPOS="752"/>
<SP HEIGHT="40" WIDTH="27" VPOS="878" HPOS="849"/>
<String CONTENT="aff." HEIGHT="42" WIDTH="83" VPOS="877" HPOS="877"/>
<SP HEIGHT="40" WIDTH="29" VPOS="879" HPOS="961"/>
<String CONTENT="May" HEIGHT="46" WIDTH="114" VPOS="879" HPOS="991"/>
<SP HEIGHT="48" WIDTH="27" VPOS="877" HPOS="1106"/>
<String CS="1" CONTENT="21;" HEIGHT="40" WIDTH="54" VPOS="877" HPOS="1134"/>
<SP HEIGHT="48" WIDTH="33" VPOS="876" HPOS="1218"/>
<!-- cceid 23178022-6CB2-1014-A20E-B9D6251C946A --><String CONTENT="A" HEIGHT="41" WIDTH="41" VPOS="877" HPOS="1252"/>
<SP HEIGHT="41" WIDTH="28" VPOS="877" HPOS="1294"/>
<String CS="1" CONTENT="1074648;" HEIGHT="41" WIDTH="206" VPOS="878" HPOS="1323"/>
<SP HEIGHT="47" WIDTH="33" VPOS="878" HPOS="1553"/>
<String CONTENT="Lloyd" HEIGHT="48" WIDTH="152" VPOS="878" HPOS="1587"/>
<SP HEIGHT="41" WIDTH="31" VPOS="877" HPOS="1740"/>
<String CONTENT="Osborne," HEIGHT="46" WIDTH="229" VPOS="878" HPOS="1772"/>
<SP HEIGHT="46" WIDTH="31" VPOS="878" HPOS="2002"/>
<String CONTENT="New" HEIGHT="40" WIDTH="119" VPOS="878" HPOS="2034"/>
</TextLine>
<TextLine HEIGHT="50" WIDTH="496" VPOS="933" HPOS="250">
<String CONTENT="York." HEIGHT="40" WIDTH="142" VPOS="935" HPOS="250"/>
<SP HEIGHT="47" WIDTH="71" VPOS="935" HPOS="393"/>
<String CONTENT="(28-15811)" HEIGHT="49" WIDTH="281" VPOS="934" HPOS="465"/>
</TextLine>
<TextLine HEIGHT="65" WIDTH="884" VPOS="986" HPOS="151" STYLEREFS="StyleId-D4337A83-5EEB-469A-AF68-7BB21383C949-">
<String CONTENT="Tappan," HEIGHT="62" WIDTH="262" VPOS="988" HPOS="151"/>
<SP HEIGHT="60" WIDTH="32" VPOS="988" HPOS="414"/>
<String CONTENT="Eva" HEIGHT="52" WIDTH="126" VPOS="988" HPOS="447"/>
<SP HEIGHT="52" WIDTH="29" VPOS="988" HPOS="574"/>
<String CONTENT="March," HEIGHT="61" WIDTH="225" VPOS="987" HPOS="604"/>
<SP HEIGHT="58" WIDTH="36" VPOS="990" HPOS="830"/>
<String CONTENT="1854-" HEIGHT="49" WIDTH="168" VPOS="990" HPOS="867"/>
</TextLine>
<TextLine HEIGHT="75" WIDTH="1879" VPOS="1061" HPOS="274" STYLEREFS="StyleId-63012B67-D11F-4DBD-86F4-C7000BE68BF1-" CS="1">
<String CS="1" CONTENT="&#8230;"/>
<SP HEIGHT="53" WIDTH="48" VPOS="1064" HPOS="274"/>
<String CONTENT="An" HEIGHT="51" WIDTH="93" VPOS="1064" HPOS="323"/>
<SP HEIGHT="34" WIDTH="45" VPOS="1082" HPOS="417"/>
<String CONTENT="elementary" HEIGHT="69" WIDTH="345" VPOS="1065" HPOS="463"/>
<SP HEIGHT="69" WIDTH="42" VPOS="1065" HPOS="809"/>
<String CONTENT="history" HEIGHT="69" WIDTH="219" VPOS="1064" HPOS="852"/>
<SP HEIGHT="51" WIDTH="41" VPOS="1082" HPOS="1072"/>
<String CONTENT="of" HEIGHT="53" WIDTH="64" VPOS="1064" HPOS="1114"/>
<SP HEIGHT="53" WIDTH="41" VPOS="1064" HPOS="1179"/>
<String CONTENT="our" HEIGHT="37" WIDTH="104" VPOS="1081" HPOS="1221"/>
<SP HEIGHT="33" WIDTH="40" VPOS="1084" HPOS="1326"/>
<String CONTENT="country," HEIGHT="62" WIDTH="258" VPOS="1071" HPOS="1367"/>
<SP HEIGHT="67" WIDTH="40" VPOS="1064" HPOS="1626"/>
<String CONTENT="by" HEIGHT="71" WIDTH="75" VPOS="1064" HPOS="1667"/>
<SP HEIGHT="71" WIDTH="41" VPOS="1064" HPOS="1743"/>
<String CONTENT="Eva" HEIGHT="52" WIDTH="124" VPOS="1064" HPOS="1785"/>
<SP HEIGHT="52" WIDTH="40" VPOS="1064" HPOS="1910"/>
<String CONTENT="March" HEIGHT="53" WIDTH="202" VPOS="1064" HPOS="1951"/>
</TextLine>
<TextLine HEIGHT="154" WIDTH="1988" VPOS="1138" HPOS="142" STYLEREFS="StyleId-63012B67-D11F-4DBD-86F4-C7000BE68BF1-" CS="1">
<String CONTENT="Tappan" HEIGHT="69" WIDTH="245" VPOS="1143" HPOS="143"/>
<SP HEIGHT="33" WIDTH="44" VPOS="1161" HPOS="389"/>
<String CS="1" CONTENT="&#8230;"/>
<SP HEIGHT="51" WIDTH="79" VPOS="1142" HPOS="489"/>
<String CONTENT="Boston," HEIGHT="67" WIDTH="234" VPOS="1142" HPOS="569"/>
<SP HEIGHT="67" WIDTH="37" VPOS="1142" HPOS="804"/>
<String CONTENT="New" HEIGHT="52" WIDTH="139" VPOS="1142" HPOS="842"/>
<SP HEIGHT="52" WIDTH="36" VPOS="1142" HPOS="982"/>
<String CONTENT="York" HEIGHT="52" WIDTH="163" VPOS="1142" HPOS="1019"/>
<SP HEIGHT="67" WIDTH="40" VPOS="1142" HPOS="1183"/>
<String CS="1" CONTENT="[etc.]" HEIGHT="62" WIDTH="120" VPOS="1147" HPOS="1243"/>
<SP HEIGHT="66" WIDTH="43" VPOS="1143" HPOS="1364"/>
<String CONTENT="Houghton" HEIGHT="68" WIDTH="320" VPOS="1143" HPOS="1408"/>
<SP HEIGHT="54" WIDTH="36" VPOS="1142" HPOS="1729"/>
<String CONTENT="Mifflin" HEIGHT="53" WIDTH="203" VPOS="1142" HPOS="1766"/>
<SP HEIGHT="34" WIDTH="36" VPOS="1161" HPOS="1970"/>
<String CONTENT="company" HEIGHT="135" WIDTH="1987" VPOS="1157" HPOS="143"/>
<SP/>
<String CS="1" CONTENT="[&#7580;1928]" HEIGHT="64" WIDTH="84" VPOS="1222" HPOS="446"/>
</TextLine>
<TextLine HEIGHT="109" WIDTH="2011" VPOS="1300" HPOS="144" CS="1">
<String CONTENT="6" HEIGHT="39" WIDTH="27" VPOS="1304" HPOS="212"/>
<SP HEIGHT="48" WIDTH="37" VPOS="1304" HPOS="240"/>
<String LANG="fr" CONTENT="p." HEIGHT="38" WIDTH="43" VPOS="1314" HPOS="278"/>
<SP HEIGHT="39" WIDTH="39" VPOS="1304" HPOS="322"/>
<String CS="1" CONTENT="l.,"/>
<SP HEIGHT="46" WIDTH="39" VPOS="1304" HPOS="407"/>
<String CONTENT="263," HEIGHT="48" WIDTH="99" VPOS="1302" HPOS="447"/>
<SP HEIGHT="36" WIDTH="40" VPOS="1314" HPOS="547"/>
<String CONTENT="xvi" HEIGHT="40" WIDTH="82" VPOS="1303" HPOS="588"/>
<SP HEIGHT="48" WIDTH="41" VPOS="1303" HPOS="671"/>
<String CONTENT="p." HEIGHT="38" WIDTH="42" VPOS="1313" HPOS="713"/>
<SP HEIGHT="31" WIDTH="59" VPOS="1313" HPOS="756"/>
<String CONTENT="col." HEIGHT="40" WIDTH="87" VPOS="1304" HPOS="816"/>
<SP HEIGHT="41" WIDTH="38" VPOS="1303" HPOS="904"/>
<String CONTENT="front.," HEIGHT="48" WIDTH="165" VPOS="1303" HPOS="943"/>
<SP HEIGHT="48" WIDTH="40" VPOS="1303" HPOS="1109"/>
<String CONTENT="illus.," HEIGHT="47" WIDTH="145" VPOS="1303" HPOS="1150"/>
<SP HEIGHT="35" WIDTH="41" VPOS="1315" HPOS="1296"/>
<String CONTENT="maps." HEIGHT="37" WIDTH="151" VPOS="1314" HPOS="1338"/>
<SP HEIGHT="40" WIDTH="59" VPOS="1304" HPOS="1490"/>
<String CS="1" CONTENT="19&#189;&#7580;&#7504;." HEIGHT="40" WIDTH="55" VPOS="1303" HPOS="1550"/>
<SP HEIGHT="47" WIDTH="68" VPOS="1305" HPOS="1697"/>
<String CONTENT="(The" HEIGHT="47" WIDTH="125" VPOS="1305" HPOS="1766"/>
<SP HEIGHT="39" WIDTH="39" VPOS="1305" HPOS="1892"/>
<String CONTENT="Tappan-Kendall" HEIGHT="102" WIDTH="2011" VPOS="1301" HPOS="144"/>
<SP HEIGHT="39" WIDTH="34" VPOS="1360" HPOS="352"/>
<String CONTENT="histories)" HEIGHT="46" WIDTH="256" VPOS="1360" HPOS="387"/>
</TextLine>
<TextLine HEIGHT="56" WIDTH="1998" VPOS="1412" HPOS="155">
<String CONTENT="&#169;" HEIGHT="52" WIDTH="51" VPOS="1412" HPOS="155"/>
<SP HEIGHT="52" WIDTH="29" VPOS="1412" HPOS="207"/>
<String CONTENT="June" HEIGHT="40" WIDTH="126" VPOS="1416" HPOS="237"/>
<SP HEIGHT="40" WIDTH="25" VPOS="1416" HPOS="364"/>
<String CONTENT="20," HEIGHT="48" WIDTH="71" VPOS="1415" HPOS="390"/>
<SP HEIGHT="47" WIDTH="29" VPOS="1416" HPOS="462"/>
<String CONTENT="1928;" HEIGHT="46" WIDTH="141" VPOS="1415" HPOS="492"/>
<SP HEIGHT="45" WIDTH="30" VPOS="1416" HPOS="634"/>
<String CONTENT="2c." HEIGHT="40" WIDTH="68" VPOS="1416" HPOS="665"/>
<SP HEIGHT="42" WIDTH="29" VPOS="1415" HPOS="734"/>
<String CONTENT="June" HEIGHT="39" WIDTH="127" VPOS="1416" HPOS="764"/>
<SP HEIGHT="39" WIDTH="27" VPOS="1416" HPOS="892"/>
<String CONTENT="25;" HEIGHT="45" WIDTH="82" VPOS="1416" HPOS="920"/>
<SP HEIGHT="35" WIDTH="32" VPOS="1426" HPOS="1003"/>
<String CONTENT="aff." HEIGHT="41" WIDTH="82" VPOS="1415" HPOS="1036"/>
<SP HEIGHT="40" WIDTH="29" VPOS="1416" HPOS="1119"/>
<String CONTENT="June" HEIGHT="41" WIDTH="127" VPOS="1416" HPOS="1149"/>
<SP HEIGHT="41" WIDTH="27" VPOS="1416" HPOS="1277"/>
<String CONTENT="22;" HEIGHT="46" WIDTH="84" VPOS="1416" HPOS="1305"/>
<SP HEIGHT="46" WIDTH="31" VPOS="1416" HPOS="1390"/>
<!-- cceid 2317F562-6CB2-1014-A20E-B9D6251C946A --><String CONTENT="A" HEIGHT="39" WIDTH="42" VPOS="1416" HPOS="1422"/>
<SP HEIGHT="39" WIDTH="27" VPOS="1416" HPOS="1465"/>
<String CONTENT="1083003;" HEIGHT="47" WIDTH="230" VPOS="1416" HPOS="1493"/>
<SP HEIGHT="47" WIDTH="32" VPOS="1417" HPOS="1724"/>
<String CONTENT="E." HEIGHT="39" WIDTH="53" VPOS="1418" HPOS="1757"/>
<SP HEIGHT="39" WIDTH="29" VPOS="1418" HPOS="1811"/>
<String CONTENT="M." HEIGHT="39" WIDTH="63" VPOS="1418" HPOS="1841"/>
<SP HEIGHT="40" WIDTH="30" VPOS="1417" HPOS="1905"/>
<String CONTENT="Tappan," HEIGHT="47" WIDTH="217" VPOS="1417" HPOS="1936"/>
</TextLine>
<TextLine HEIGHT="50" WIDTH="817" VPOS="1470" HPOS="224">
<String CONTENT="Worcester," HEIGHT="46" WIDTH="289" VPOS="1473" HPOS="224"/>
<SP HEIGHT="46" WIDTH="24" VPOS="1473" HPOS="514"/>
<String CONTENT="Mass." HEIGHT="39" WIDTH="147" VPOS="1473" HPOS="539"/>
<SP HEIGHT="46" WIDTH="72" VPOS="1472" HPOS="687"/>
<String CONTENT="(28-16216)" HEIGHT="48" WIDTH="281" VPOS="1471" HPOS="760"/>
</TextLine>
<TextLine HEIGHT="151" WIDTH="2005" VPOS="1521" HPOS="152" STYLEREFS="StyleId-63012B67-D11F-4DBD-86F4-C7000BE68BF1-" CS="1">
<String CONTENT="Tax" HEIGHT="52" WIDTH="123" VPOS="1525" HPOS="152"/>
<SP HEIGHT="49" WIDTH="30" VPOS="1527" HPOS="276"/>
<String CONTENT="law" HEIGHT="50" WIDTH="109" VPOS="1527" HPOS="307"/>
<SP HEIGHT="35" WIDTH="32" VPOS="1544" HPOS="417"/>
<String CONTENT="of" HEIGHT="55" WIDTH="61" VPOS="1524" HPOS="450"/>
<SP HEIGHT="52" WIDTH="28" VPOS="1524" HPOS="512"/>
<String CONTENT="the" HEIGHT="51" WIDTH="96" VPOS="1526" HPOS="541"/>
<SP HEIGHT="33" WIDTH="29" VPOS="1544" HPOS="638"/>
<String CONTENT="state" HEIGHT="48" WIDTH="146" VPOS="1530" HPOS="668"/>
<SP HEIGHT="34" WIDTH="27" VPOS="1543" HPOS="815"/>
<String CONTENT="of" HEIGHT="53" WIDTH="64" VPOS="1524" HPOS="843"/>
<SP HEIGHT="52" WIDTH="29" VPOS="1524" HPOS="908"/>
<String CONTENT="New" HEIGHT="51" WIDTH="136" VPOS="1525" HPOS="938"/>
<SP HEIGHT="51" WIDTH="32" VPOS="1525" HPOS="1075"/>
<String CONTENT="York" HEIGHT="55" WIDTH="163" VPOS="1523" HPOS="1108"/>
<SP HEIGHT="53" WIDTH="28" VPOS="1524" HPOS="1272"/>
<String CONTENT="being" HEIGHT="69" WIDTH="171" VPOS="1524" HPOS="1301"/>
<SP HEIGHT="67" WIDTH="29" VPOS="1526" HPOS="1473"/>
<String CONTENT="1." HEIGHT="50" WIDTH="34" VPOS="1526" HPOS="1503"/>
<SP HEIGHT="48" WIDTH="33" VPOS="1529" HPOS="1538"/>
<String CONTENT="1909," HEIGHT="67" WIDTH="154" VPOS="1528" HPOS="1572"/>
<SP HEIGHT="53" WIDTH="26" VPOS="1543" HPOS="1727"/>
<String CONTENT="chap." HEIGHT="66" WIDTH="163" VPOS="1526" HPOS="1754"/>
<SP HEIGHT="49" WIDTH="31" VPOS="1528" HPOS="1918"/>
<String CONTENT="62," HEIGHT="62" WIDTH="83" VPOS="1528" HPOS="1950"/>
<SP HEIGHT="46" WIDTH="28" VPOS="1544" HPOS="2034"/>
<String CONTENT="entitled" HEIGHT="118" WIDTH="1917" VPOS="1540" HPOS="213"/>
<SP HEIGHT="54" WIDTH="41" VPOS="1601" HPOS="380"/>
<String CONTENT="&#8220;An" HEIGHT="53" WIDTH="128" VPOS="1601" HPOS="422"/>
<SP HEIGHT="34" WIDTH="39" VPOS="1620" HPOS="551"/>
<String CONTENT="act" HEIGHT="47" WIDTH="90" VPOS="1607" HPOS="591"/>
<SP HEIGHT="52" WIDTH="38" VPOS="1602" HPOS="682"/>
<String CONTENT="in" HEIGHT="53" WIDTH="59" VPOS="1602" HPOS="721"/>
<SP HEIGHT="34" WIDTH="37" VPOS="1621" HPOS="781"/>
<String CONTENT="relation" HEIGHT="52" WIDTH="243" VPOS="1602" HPOS="819"/>
<SP HEIGHT="46" WIDTH="37" VPOS="1608" HPOS="1063"/>
<String CONTENT="to" HEIGHT="47" WIDTH="59" VPOS="1608" HPOS="1101"/>
<SP HEIGHT="47" WIDTH="37" VPOS="1608" HPOS="1161"/>
<String CONTENT="taxation" HEIGHT="53" WIDTH="263" VPOS="1602" HPOS="1199"/>
<SP HEIGHT="34" WIDTH="37" VPOS="1621" HPOS="1463"/>
<String CONTENT="constituting" HEIGHT="70" WIDTH="380" VPOS="1602" HPOS="1501"/>
<SP HEIGHT="50" WIDTH="36" VPOS="1622" HPOS="1882"/>
<String CONTENT="chapter" HEIGHT="68" WIDTH="238" VPOS="1604" HPOS="1919"/>
</TextLine>
<TextLine HEIGHT="74" WIDTH="1943" VPOS="1677" HPOS="213" STYLEREFS="StyleId-63012B67-D11F-4DBD-86F4-C7000BE68BF1-">
<String CONTENT="sixty" HEIGHT="69" WIDTH="154" VPOS="1679" HPOS="213"/>
<SP HEIGHT="51" WIDTH="31" VPOS="1697" HPOS="367"/>
<String CONTENT="of" HEIGHT="54" WIDTH="66" VPOS="1678" HPOS="398"/>
<SP HEIGHT="53" WIDTH="30" VPOS="1678" HPOS="464"/>
<String CONTENT="the" HEIGHT="52" WIDTH="96" VPOS="1680" HPOS="494"/>
<SP HEIGHT="55" WIDTH="31" VPOS="1678" HPOS="590"/>
<String CONTENT="Consolidated" HEIGHT="56" WIDTH="408" VPOS="1678" HPOS="621"/>
<SP HEIGHT="52" WIDTH="31" VPOS="1680" HPOS="1029"/>
<String CONTENT="laws&#8221;" HEIGHT="54" WIDTH="177" VPOS="1679" HPOS="1060"/>
<SP HEIGHT="53" WIDTH="28" VPOS="1679" HPOS="1237"/>
<String CONTENT="with" HEIGHT="53" WIDTH="141" VPOS="1680" HPOS="1265"/>
<SP HEIGHT="52" WIDTH="33" VPOS="1681" HPOS="1406"/>
<String CONTENT="all" HEIGHT="51" WIDTH="77" VPOS="1682" HPOS="1439"/>
<SP HEIGHT="51" WIDTH="33" VPOS="1682" HPOS="1516"/>
<String CONTENT="amendments" HEIGHT="53" WIDTH="392" VPOS="1682" HPOS="1549"/>
<SP HEIGHT="39" WIDTH="29" VPOS="1695" HPOS="1941"/>
<String CONTENT="to" HEIGHT="39" WIDTH="61" VPOS="1695" HPOS="1970"/>
<SP HEIGHT="47" WIDTH="30" VPOS="1687" HPOS="2031"/>
<String CONTENT="the" HEIGHT="53" WIDTH="95" VPOS="1682" HPOS="2061"/>
</TextLine>
<TextLine HEIGHT="74" WIDTH="1940" VPOS="1755" HPOS="215" STYLEREFS="StyleId-63012B67-D11F-4DBD-86F4-C7000BE68BF1-">
<String CONTENT="end" HEIGHT="53" WIDTH="107" VPOS="1758" HPOS="215"/>
<SP HEIGHT="52" WIDTH="44" VPOS="1759" HPOS="323"/>
<String CONTENT="of" HEIGHT="53" WIDTH="65" VPOS="1757" HPOS="368"/>
<SP HEIGHT="52" WIDTH="40" VPOS="1757" HPOS="434"/>
<String CONTENT="the" HEIGHT="52" WIDTH="95" VPOS="1757" HPOS="475"/>
<SP HEIGHT="51" WIDTH="42" VPOS="1758" HPOS="571"/>
<String CONTENT="legislative" HEIGHT="71" WIDTH="322" VPOS="1756" HPOS="614"/>
<SP HEIGHT="34" WIDTH="39" VPOS="1776" HPOS="937"/>
<String CONTENT="session" HEIGHT="52" WIDTH="212" VPOS="1758" HPOS="977"/>
<SP HEIGHT="35" WIDTH="42" VPOS="1775" HPOS="1190"/>
<String CONTENT="of" HEIGHT="53" WIDTH="63" VPOS="1758" HPOS="1233"/>
<SP HEIGHT="51" WIDTH="45" VPOS="1759" HPOS="1297"/>
<String CONTENT="1928," HEIGHT="63" WIDTH="151" VPOS="1762" HPOS="1343"/>
<SP HEIGHT="47" WIDTH="41" VPOS="1778" HPOS="1495"/>
<String CONTENT="edited" HEIGHT="54" WIDTH="189" VPOS="1759" HPOS="1537"/>
<SP HEIGHT="56" WIDTH="42" VPOS="1758" HPOS="1727"/>
<String CONTENT="by" HEIGHT="69" WIDTH="75" VPOS="1759" HPOS="1770"/>
<SP HEIGHT="68" WIDTH="41" VPOS="1760" HPOS="1846"/>
<String CONTENT="John" HEIGHT="54" WIDTH="153" VPOS="1760" HPOS="1888"/>
<SP HEIGHT="51" WIDTH="47" VPOS="1761" HPOS="2042"/>
<String CONTENT="T." HEIGHT="52" WIDTH="65" VPOS="1761" HPOS="2090"/>
</TextLine>
<TextLine HEIGHT="73" WIDTH="1943" VPOS="1833" HPOS="214" STYLEREFS="StyleId-63012B67-D11F-4DBD-86F4-C7000BE68BF1-" CS="1">
<String CONTENT="Fitzpatrick" HEIGHT="69" WIDTH="364" VPOS="1834" HPOS="214"/>
<SP HEIGHT="51" WIDTH="54" VPOS="1835" HPOS="579"/>
<String CS="1" CONTENT="&#8230;"/>
<SP HEIGHT="35" WIDTH="55" VPOS="1852" HPOS="692"/>
<String CONTENT="completely" HEIGHT="69" WIDTH="340" VPOS="1834" HPOS="748"/>
<SP HEIGHT="68" WIDTH="50" VPOS="1835" HPOS="1089"/>
<String CONTENT="indexed." HEIGHT="54" WIDTH="262" VPOS="1835" HPOS="1140"/>
<SP HEIGHT="53" WIDTH="120" VPOS="1837" HPOS="1403"/>
<String CONTENT="New" HEIGHT="53" WIDTH="139" VPOS="1837" HPOS="1524"/>
<SP HEIGHT="53" WIDTH="51" VPOS="1836" HPOS="1664"/>
<String CONTENT="York," HEIGHT="69" WIDTH="181" VPOS="1836" HPOS="1716"/>
<SP HEIGHT="66" WIDTH="50" VPOS="1839" HPOS="1898"/>
<String CONTENT="Baker," HEIGHT="67" WIDTH="208" VPOS="1839" HPOS="1949"/>
</TextLine>
<TextLine HEIGHT="74" WIDTH="1944" VPOS="1910" HPOS="214" STYLEREFS="StyleId-63012B67-D11F-4DBD-86F4-C7000BE68BF1-" CS="1">
<String CONTENT="Voorhis" HEIGHT="54" WIDTH="250" VPOS="1913" HPOS="214"/>
<SP HEIGHT="51" WIDTH="30" VPOS="1915" HPOS="465"/>
<String CONTENT="&amp;" HEIGHT="50" WIDTH="46" VPOS="1915" HPOS="496"/>
<SP HEIGHT="50" WIDTH="29" VPOS="1915" HPOS="543"/>
<String CS="1" CONTENT="company;" HEIGHT="50" WIDTH="309" VPOS="1931" HPOS="573"/>
<SP HEIGHT="67" WIDTH="34" VPOS="1912" HPOS="883"/>
<String CONTENT="Albany," HEIGHT="70" WIDTH="251" VPOS="1912" HPOS="918"/>
<SP HEIGHT="67" WIDTH="28" VPOS="1913" HPOS="1170"/>
<String LANG="fr" CONTENT="N." HEIGHT="54" WIDTH="71" VPOS="1913" HPOS="1199"/>
<SP HEIGHT="53" WIDTH="32" VPOS="1914" HPOS="1271"/>
<String CONTENT="Y.," HEIGHT="67" WIDTH="91" VPOS="1914" HPOS="1304"/>
<SP HEIGHT="48" WIDTH="32" VPOS="1933" HPOS="1396"/>
<String CONTENT="and" HEIGHT="53" WIDTH="112" VPOS="1914" HPOS="1429"/>
<SP HEIGHT="53" WIDTH="32" VPOS="1914" HPOS="1542"/>
<String CONTENT="New" HEIGHT="52" WIDTH="139" VPOS="1915" HPOS="1575"/>
<SP HEIGHT="53" WIDTH="32" VPOS="1915" HPOS="1715"/>
<String CONTENT="York," HEIGHT="67" WIDTH="180" VPOS="1916" HPOS="1748"/>
<SP HEIGHT="67" WIDTH="32" VPOS="1916" HPOS="1929"/>
<String LANG="fr" CONTENT="N." HEIGHT="53" WIDTH="68" VPOS="1916" HPOS="1962"/>
<SP HEIGHT="52" WIDTH="40" VPOS="1916" HPOS="2031"/>
<String CONTENT="Y.," HEIGHT="68" WIDTH="86" VPOS="1916" HPOS="2072"/>
</TextLine>
<TextLine HEIGHT="71" WIDTH="1373" VPOS="1989" HPOS="213" STYLEREFS="StyleId-63012B67-D11F-4DBD-86F4-C7000BE68BF1-">
<String CONTENT="M." HEIGHT="52" WIDTH="80" VPOS="1992" HPOS="213"/>
<SP HEIGHT="52" WIDTH="30" VPOS="1992" HPOS="294"/>
<String CONTENT="Bender" HEIGHT="52" WIDTH="226" VPOS="1992" HPOS="325"/>
<SP HEIGHT="49" WIDTH="28" VPOS="1993" HPOS="552"/>
<String CONTENT="&amp;" HEIGHT="49" WIDTH="46" VPOS="1993" HPOS="581"/>
<SP HEIGHT="50" WIDTH="26" VPOS="1993" HPOS="628"/>
<String CONTENT="company," HEIGHT="51" WIDTH="298" VPOS="2008" HPOS="655"/>
<SP HEIGHT="66" WIDTH="27" VPOS="1991" HPOS="954"/>
<String CONTENT="incorporated," HEIGHT="69" WIDTH="422" VPOS="1991" HPOS="982"/>
<SP HEIGHT="62" WIDTH="31" VPOS="1996" HPOS="1405"/>
<String CONTENT="1928." HEIGHT="49" WIDTH="149" VPOS="1996" HPOS="1437"/>
</TextLine>
<TextLine HEIGHT="55" WIDTH="1147" VPOS="2070" HPOS="214" CS="1">
<String CONTENT="2" HEIGHT="40" WIDTH="26" VPOS="2074" HPOS="214"/>
<SP HEIGHT="48" WIDTH="29" VPOS="2074" HPOS="241"/>
<String LANG="fr" CONTENT="p." HEIGHT="38" WIDTH="43" VPOS="2085" HPOS="271"/>
<SP HEIGHT="39" WIDTH="26" VPOS="2076" HPOS="315"/>
<String CS="1" CONTENT="l.,"/>
<SP HEIGHT="46" WIDTH="29" VPOS="2076" HPOS="387"/>
<String CONTENT="3-348" HEIGHT="41" WIDTH="146" VPOS="2074" HPOS="417"/>
<SP HEIGHT="49" WIDTH="25" VPOS="2074" HPOS="564"/>
<String CONTENT="(i." HEIGHT="49" WIDTH="54" VPOS="2074" HPOS="590"/>
<SP HEIGHT="30" WIDTH="29" VPOS="2083" HPOS="645"/>
<String CONTENT="e." HEIGHT="30" WIDTH="37" VPOS="2083" HPOS="675"/>
<SP HEIGHT="39" WIDTH="28" VPOS="2074" HPOS="713"/>
<String CONTENT="408)" HEIGHT="48" WIDTH="111" VPOS="2073" HPOS="742"/>
<SP HEIGHT="48" WIDTH="39" VPOS="2074" HPOS="854"/>
<String CONTENT="p." HEIGHT="37" WIDTH="42" VPOS="2085" HPOS="894"/>
<SP HEIGHT="40" WIDTH="58" VPOS="2074" HPOS="937"/>
<String CONTENT="23" HEIGHT="41" WIDTH="55" VPOS="2074" HPOS="996"/>
<String STYLE="superscript" CS="1" CONTENT="&#7580;&#7504;."/>
<SP/>
<String CONTENT="$3.50" HEIGHT="51" WIDTH="130" VPOS="2072" HPOS="1231"/>
</TextLine>
<TextLine HEIGHT="51" WIDTH="892" VPOS="2128" HPOS="216">
<String CONTENT="Extra" HEIGHT="41" WIDTH="154" VPOS="2131" HPOS="216"/>
<SP HEIGHT="29" WIDTH="30" VPOS="2142" HPOS="371"/>
<String CONTENT="numbered" HEIGHT="39" WIDTH="266" VPOS="2131" HPOS="402"/>
<SP HEIGHT="47" WIDTH="29" VPOS="2131" HPOS="669"/>
<String CONTENT="pages" HEIGHT="40" WIDTH="148" VPOS="2139" HPOS="699"/>
<SP HEIGHT="40" WIDTH="27" VPOS="2130" HPOS="848"/>
<String CONTENT="inserted." HEIGHT="41" WIDTH="232" VPOS="2130" HPOS="876"/>
</TextLine>
<TextLine HEIGHT="57" WIDTH="2006" VPOS="2183" HPOS="154">
<String CONTENT="&#169;" HEIGHT="53" WIDTH="53" VPOS="2183" HPOS="154"/>
<SP HEIGHT="53" WIDTH="23" VPOS="2183" HPOS="207"/>
<String CONTENT="June" HEIGHT="42" WIDTH="127" VPOS="2187" HPOS="230"/>
<SP HEIGHT="40" WIDTH="22" VPOS="2187" HPOS="357"/>
<String CONTENT="21," HEIGHT="47" WIDTH="70" VPOS="2187" HPOS="379"/>
<SP HEIGHT="46" WIDTH="25" VPOS="2188" HPOS="449"/>
<String CONTENT="1928;" HEIGHT="48" WIDTH="142" VPOS="2185" HPOS="474"/>
<SP HEIGHT="47" WIDTH="23" VPOS="2186" HPOS="616"/>
<String CONTENT="2c." HEIGHT="41" WIDTH="70" VPOS="2186" HPOS="639"/>
<SP HEIGHT="31" WIDTH="22" VPOS="2196" HPOS="709"/>
<String CONTENT="and" HEIGHT="41" WIDTH="97" VPOS="2186" HPOS="732"/>
<SP HEIGHT="40" WIDTH="21" VPOS="2187" HPOS="829"/>
<String CONTENT="aff." HEIGHT="42" WIDTH="83" VPOS="2185" HPOS="850"/>
<SP HEIGHT="41" WIDTH="24" VPOS="2186" HPOS="933"/>
<String CONTENT="June" HEIGHT="41" WIDTH="127" VPOS="2186" HPOS="957"/>
<SP HEIGHT="41" WIDTH="21" VPOS="2186" HPOS="1084"/>
<String CONTENT="22;" HEIGHT="47" WIDTH="85" VPOS="2186" HPOS="1105"/>
<SP HEIGHT="46" WIDTH="25" VPOS="2187" HPOS="1190"/>
<!-- cceid 23186827-6CB2-1014-A20E-B9D6251C946A --><String CONTENT="A" HEIGHT="40" WIDTH="43" VPOS="2187" HPOS="1215"/>
<SP HEIGHT="39" WIDTH="22" VPOS="2188" HPOS="1258"/>
<String CONTENT="1082188;" HEIGHT="46" WIDTH="231" VPOS="2186" HPOS="1280"/>
<SP HEIGHT="44" WIDTH="25" VPOS="2188" HPOS="1511"/>
<String CONTENT="Matthew" HEIGHT="43" WIDTH="240" VPOS="2187" HPOS="1536"/>
<SP HEIGHT="40" WIDTH="22" VPOS="2190" HPOS="1776"/>
<String CONTENT="Bender" HEIGHT="41" WIDTH="195" VPOS="2190" HPOS="1798"/>
<SP HEIGHT="41" WIDTH="23" VPOS="2190" HPOS="1993"/>
<String CONTENT="&amp;" HEIGHT="41" WIDTH="37" VPOS="2190" HPOS="2016"/>
<SP HEIGHT="41" WIDTH="23" VPOS="2190" HPOS="2053"/>
<String CONTENT="co.," HEIGHT="35" WIDTH="83" VPOS="2200" HPOS="2076"/>
</TextLine>
<TextLine HEIGHT="53" WIDTH="1353" VPOS="2241" HPOS="222">
<String CONTENT="inc.," HEIGHT="48" WIDTH="106" VPOS="2244" HPOS="222"/>
<SP HEIGHT="48" WIDTH="31" VPOS="2244" HPOS="329"/>
<String CONTENT="Albany," HEIGHT="47" WIDTH="205" VPOS="2244" HPOS="361"/>
<SP HEIGHT="38" WIDTH="35" VPOS="2253" HPOS="567"/>
<String CONTENT="and" HEIGHT="40" WIDTH="95" VPOS="2243" HPOS="603"/>
<SP HEIGHT="40" WIDTH="32" VPOS="2243" HPOS="699"/>
<String CONTENT="Baker-Voorhis" HEIGHT="41" WIDTH="392" VPOS="2242" HPOS="732"/>
<SP HEIGHT="30" WIDTH="32" VPOS="2253" HPOS="1125"/>
<String CONTENT="co.," HEIGHT="38" WIDTH="83" VPOS="2254" HPOS="1158"/>
<SP HEIGHT="50" WIDTH="34" VPOS="2243" HPOS="1242"/>
<String CONTENT="New" HEIGHT="40" WIDTH="117" VPOS="2244" HPOS="1277"/>
<SP HEIGHT="39" WIDTH="33" VPOS="2245" HPOS="1395"/>
<String CONTENT="York." HEIGHT="41" WIDTH="146" VPOS="2245" HPOS="1429"/>
</TextLine>
<TextLine HEIGHT="51" WIDTH="282" VPOS="2299" HPOS="234">
<String CONTENT="(28-16147)" HEIGHT="51" WIDTH="282" VPOS="2299" HPOS="234"/>
</TextLine>
<TextLine HEIGHT="64" WIDTH="576" VPOS="2352" HPOS="146" STYLEREFS="StyleId-D4337A83-5EEB-469A-AF68-7BB21383C949-">
<String CONTENT="Tetzner," HEIGHT="63" WIDTH="271" VPOS="2353" HPOS="146"/>
<SP HEIGHT="63" WIDTH="31" VPOS="2353" HPOS="418"/>
<String CONTENT="Lisa," HEIGHT="63" WIDTH="158" VPOS="2353" HPOS="450"/>
<SP HEIGHT="45" WIDTH="30" VPOS="2371" HPOS="609"/>
<String CONTENT="ed." HEIGHT="53" WIDTH="82" VPOS="2353" HPOS="640"/>
</TextLine>
<TextLine HEIGHT="77" WIDTH="1934" VPOS="2428" HPOS="223" STYLEREFS="StyleId-63012B67-D11F-4DBD-86F4-C7000BE68BF1-">
<String LANG="en-US" CONTENT="Die" HEIGHT="53" WIDTH="110" VPOS="2432" HPOS="223"/>
<SP HEIGHT="34" WIDTH="35" VPOS="2451" HPOS="334"/>
<String LANG="de" CONTENT="sch&#246;nsten" HEIGHT="52" WIDTH="302" VPOS="2433" HPOS="370"/>
<SP HEIGHT="34" WIDTH="36" VPOS="2449" HPOS="673"/>
<String LANG="de" CONTENT="m&#228;rchen" HEIGHT="53" WIDTH="269" VPOS="2431" HPOS="710"/>
<SP HEIGHT="52" WIDTH="37" VPOS="2432" HPOS="980"/>
<String LANG="de" CONTENT="der" HEIGHT="52" WIDTH="99" VPOS="2432" HPOS="1018"/>
<SP HEIGHT="34" WIDTH="37" VPOS="2450" HPOS="1118"/>
<String LANG="en-US" CONTENT="welt" HEIGHT="53" WIDTH="134" VPOS="2432" HPOS="1156"/>
<SP HEIGHT="54" WIDTH="38" VPOS="2431" HPOS="1291"/>
<String LANG="de" CONTENT="f&#252;r" HEIGHT="53" WIDTH="98" VPOS="2431" HPOS="1330"/>
<SP HEIGHT="48" WIDTH="39" VPOS="2436" HPOS="1429"/>
<String LANG="en-US" CONTENT="365" HEIGHT="49" WIDTH="100" VPOS="2436" HPOS="1469"/>
<SP HEIGHT="48" WIDTH="37" VPOS="2437" HPOS="1570"/>
<String LANG="de" CONTENT="und" HEIGHT="52" WIDTH="118" VPOS="2434" HPOS="1608"/>
<SP HEIGHT="53" WIDTH="39" VPOS="2434" HPOS="1727"/>
<String LANG="de" CONTENT="1" HEIGHT="47" WIDTH="26" VPOS="2439" HPOS="1767"/>
<SP HEIGHT="47" WIDTH="38" VPOS="2439" HPOS="1794"/>
<String LANG="de" CONTENT="tag;" HEIGHT="62" WIDTH="128" VPOS="2441" HPOS="1833"/>
<SP HEIGHT="64" WIDTH="40" VPOS="2436" HPOS="1962"/>
<String LANG="de" CONTENT="hrsg." HEIGHT="69" WIDTH="154" VPOS="2436" HPOS="2003"/>
</TextLine>
<TextLine HEIGHT="74" WIDTH="2008" VPOS="2508" HPOS="149" STYLEREFS="StyleId-63012B67-D11F-4DBD-86F4-C7000BE68BF1-" LANG="de">
<String CONTENT="von" HEIGHT="35" WIDTH="113" VPOS="2528" HPOS="149"/>
<SP HEIGHT="53" WIDTH="36" VPOS="2510" HPOS="263"/>
<String CONTENT="Lisa" HEIGHT="54" WIDTH="135" VPOS="2510" HPOS="300"/>
<SP HEIGHT="51" WIDTH="38" VPOS="2511" HPOS="436"/>
<String CONTENT="Tetzner." HEIGHT="51" WIDTH="259" VPOS="2511" HPOS="475"/>
<SP HEIGHT="51" WIDTH="74" VPOS="2512" HPOS="735"/>
<String CONTENT="2." HEIGHT="49" WIDTH="47" VPOS="2513" HPOS="810"/>
<SP HEIGHT="52" WIDTH="35" VPOS="2510" HPOS="858"/>
<String CONTENT="bd." HEIGHT="52" WIDTH="94" VPOS="2510" HPOS="894"/>
<SP HEIGHT="54" WIDTH="73" VPOS="2510" HPOS="989"/>
<String CONTENT="Jena," HEIGHT="57" WIDTH="165" VPOS="2510" HPOS="1063"/>
<SP HEIGHT="58" WIDTH="38" VPOS="2510" HPOS="1229"/>
<String CONTENT="E." HEIGHT="52" WIDTH="67" VPOS="2511" HPOS="1268"/>
<SP HEIGHT="51" WIDTH="37" VPOS="2512" HPOS="1336"/>
<String CONTENT="Diederichs" HEIGHT="54" WIDTH="337" VPOS="2511" HPOS="1374"/>
<SP HEIGHT="35" WIDTH="37" VPOS="2531" HPOS="1712"/>
<String CONTENT="verlag," HEIGHT="69" WIDTH="215" VPOS="2513" HPOS="1750"/>
<SP HEIGHT="58" WIDTH="40" VPOS="2519" HPOS="1966"/>
<String CONTENT="1927." HEIGHT="53" WIDTH="150" VPOS="2515" HPOS="2007"/>
</TextLine>
<TextLine HEIGHT="53" WIDTH="1386" VPOS="2591" HPOS="226" CS="1">
<String LANG="de" CONTENT="1" HEIGHT="39" WIDTH="26" VPOS="2593" HPOS="226"/>
<SP/>
<String LANG="de" CONTENT="p." HEIGHT="39" WIDTH="43" VPOS="2603" HPOS="277"/>
<SP HEIGHT="40" WIDTH="23" VPOS="2593" HPOS="321"/>
<String LANG="de" CS="1" CONTENT="l.,"/>
<SP HEIGHT="21" WIDTH="16" VPOS="2619" HPOS="390"/>
<String LANG="de" CONTENT=".610," HEIGHT="48" WIDTH="107" VPOS="2592" HPOS="407"/>
<SP HEIGHT="30" WIDTH="29" VPOS="2612" HPOS="515"/>
<String LANG="de" CONTENT="[5]" HEIGHT="49" WIDTH="55" VPOS="2593" HPOS="545"/>
<SP HEIGHT="38" WIDTH="27" VPOS="2603" HPOS="601"/>
<String LANG="de" CONTENT="p." HEIGHT="37" WIDTH="43" VPOS="2603" HPOS="629"/>
<SP HEIGHT="30" WIDTH="59" VPOS="2602" HPOS="673"/>
<String LANG="en-US" CONTENT="col." HEIGHT="41" WIDTH="88" VPOS="2593" HPOS="733"/>
<SP HEIGHT="40" WIDTH="22" VPOS="2593" HPOS="822"/>
<String LANG="en-US" CONTENT="front.," HEIGHT="47" WIDTH="164" VPOS="2593" HPOS="845"/>
<SP HEIGHT="47" WIDTH="26" VPOS="2593" HPOS="1010"/>
<String LANG="de" CONTENT="illus.," HEIGHT="48" WIDTH="144" VPOS="2593" HPOS="1037"/>
<SP HEIGHT="37" WIDTH="26" VPOS="2604" HPOS="1182"/>
<String LANG="en-US" CONTENT="col." HEIGHT="41" WIDTH="87" VPOS="2594" HPOS="1209"/>
<SP HEIGHT="37" WIDTH="26" VPOS="2605" HPOS="1297"/>
<String LANG="en-US" CONTENT="plates." HEIGHT="48" WIDTH="172" VPOS="2594" HPOS="1324"/>
<SP HEIGHT="41" WIDTH="58" VPOS="2595" HPOS="1497"/>
<String LANG="de" CONTENT="26" HEIGHT="40" WIDTH="56" VPOS="2595" HPOS="1556"/>
<String STYLE="superscript" LANG="de" CS="1" CONTENT="&#7580;&#7504;."/>
</TextLine>
<TextLine HEIGHT="57" WIDTH="2004" VPOS="2645" HPOS="156" LANG="de" CS="1">
<String CONTENT="&#169;" HEIGHT="53" WIDTH="54" VPOS="2645" HPOS="156"/>
<SP HEIGHT="53" WIDTH="28" VPOS="2645" HPOS="210"/>
<String LANG="en-US" CONTENT="Dec." HEIGHT="42" WIDTH="113" VPOS="2648" HPOS="238"/>
<SP HEIGHT="40" WIDTH="27" VPOS="2650" HPOS="351"/>
<String CONTENT="7," HEIGHT="47" WIDTH="40" VPOS="2650" HPOS="378"/>
<SP HEIGHT="47" WIDTH="27" VPOS="2650" HPOS="418"/>
<String CS="1" CONTENT="1927;" HEIGHT="40" WIDTH="116" VPOS="2649" HPOS="445"/>
<SP/>
<String CS="1" CONTENT="1c."/>
<SP/>
<String LANG="en-US" CONTENT="Apr." HEIGHT="49" WIDTH="117" VPOS="2649" HPOS="712"/>
<SP HEIGHT="40" WIDTH="28" VPOS="2651" HPOS="829"/>
<String CONTENT="11," HEIGHT="47" WIDTH="69" VPOS="2650" HPOS="857"/>
<SP HEIGHT="47" WIDTH="29" VPOS="2650" HPOS="926"/>
<String CS="1" CONTENT="1928;" HEIGHT="40" WIDTH="116" VPOS="2650" HPOS="955"/>
<SP HEIGHT="47" WIDTH="30" VPOS="2650" HPOS="1097"/>
<!-- cceid 2318DDEF-6CB2-1014-A20E-B9D6251C946A --><String LANG="en-US" CONTENT="A" HEIGHT="39" WIDTH="43" VPOS="2650" HPOS="1127"/>
<String CONTENT="&#8212;Foreign" HEIGHT="50" WIDTH="274" VPOS="2650" HPOS="1169"/>
<SP HEIGHT="39" WIDTH="25" VPOS="2653" HPOS="1443"/>
<String CS="1" CONTENT="38487;" HEIGHT="41" WIDTH="148" VPOS="2652" HPOS="1468"/>
<SP HEIGHT="45" WIDTH="31" VPOS="2654" HPOS="1642"/>
<String CONTENT="Eugen" HEIGHT="47" WIDTH="168" VPOS="2654" HPOS="1673"/>
<SP HEIGHT="39" WIDTH="30" VPOS="2654" HPOS="1841"/>
<String CONTENT="Diederichs" HEIGHT="42" WIDTH="289" VPOS="2654" HPOS="1871"/>
</TextLine>
<TextLine HEIGHT="49" WIDTH="180" VPOS="2706" HPOS="225" LANG="de">
<String CONTENT="verlag." HEIGHT="49" WIDTH="180" VPOS="2706" HPOS="225"/>
</TextLine>
<TextLine HEIGHT="64" WIDTH="590" VPOS="2757" HPOS="152" STYLEREFS="StyleId-D4337A83-5EEB-469A-AF68-7BB21383C949-">
<String LANG="de" CONTENT="Thompson," HEIGHT="63" WIDTH="357" VPOS="2758" HPOS="152"/>
<SP HEIGHT="62" WIDTH="30" VPOS="2758" HPOS="510"/>
<String LANG="fr" CONTENT="Ames." HEIGHT="53" WIDTH="201" VPOS="2758" HPOS="541"/>
</TextLine>
<TextLine HEIGHT="77" WIDTH="1937" VPOS="2834" HPOS="226" STYLEREFS="StyleId-63012B67-D11F-4DBD-86F4-C7000BE68BF1-">
<String CONTENT="The" HEIGHT="55" WIDTH="122" VPOS="2834" HPOS="226"/>
<SP HEIGHT="34" WIDTH="43" VPOS="2855" HPOS="349"/>
<String CONTENT="adventure" HEIGHT="53" WIDTH="313" VPOS="2836" HPOS="393"/>
<SP HEIGHT="52" WIDTH="43" VPOS="2837" HPOS="707"/>
<String CONTENT="boys" HEIGHT="68" WIDTH="140" VPOS="2837" HPOS="751"/>
<SP HEIGHT="33" WIDTH="45" VPOS="2857" HPOS="892"/>
<String CONTENT="and" HEIGHT="53" WIDTH="113" VPOS="2837" HPOS="938"/>
<SP HEIGHT="53" WIDTH="45" VPOS="2837" HPOS="1052"/>
<String CONTENT="the" HEIGHT="53" WIDTH="97" VPOS="2838" HPOS="1098"/>
<SP HEIGHT="48" WIDTH="44" VPOS="2843" HPOS="1196"/>
<String CONTENT="temple" HEIGHT="69" WIDTH="212" VPOS="2838" HPOS="1241"/>
<SP HEIGHT="35" WIDTH="45" VPOS="2857" HPOS="1454"/>
<String CONTENT="of" HEIGHT="54" WIDTH="65" VPOS="2838" HPOS="1500"/>
<SP HEIGHT="54" WIDTH="45" VPOS="2838" HPOS="1566"/>
<String CONTENT="rubies," HEIGHT="71" WIDTH="207" VPOS="2838" HPOS="1612"/>
<SP HEIGHT="69" WIDTH="43" VPOS="2840" HPOS="1820"/>
<String CONTENT="by" HEIGHT="71" WIDTH="77" VPOS="2840" HPOS="1864"/>
<SP HEIGHT="69" WIDTH="44" VPOS="2842" HPOS="1942"/>
<String CONTENT="Ames" HEIGHT="54" WIDTH="176" VPOS="2842" HPOS="1987"/>
</TextLine>
<TextLine HEIGHT="77" WIDTH="1932" VPOS="2911" HPOS="155" STYLEREFS="StyleId-63012B67-D11F-4DBD-86F4-C7000BE68BF1-" CS="1">
<String CONTENT="Thompson" HEIGHT="68" WIDTH="333" VPOS="2913" HPOS="155"/>
<SP HEIGHT="34" WIDTH="30" VPOS="2932" HPOS="489"/>
<String CS="1" CONTENT="&#8230;"/>
<SP HEIGHT="52" WIDTH="78" VPOS="2914" HPOS="576"/>
<String CONTENT="New" HEIGHT="53" WIDTH="140" VPOS="2914" HPOS="655"/>
<SP HEIGHT="54" WIDTH="27" VPOS="2913" HPOS="796"/>
<String CONTENT="York," HEIGHT="69" WIDTH="181" VPOS="2913" HPOS="824"/>
<SP HEIGHT="68" WIDTH="28" VPOS="2914" HPOS="1006"/>
<String CONTENT="Cupples" HEIGHT="71" WIDTH="255" VPOS="2914" HPOS="1035"/>
<SP HEIGHT="51" WIDTH="26" VPOS="2919" HPOS="1291"/>
<String CONTENT="&amp;" HEIGHT="50" WIDTH="46" VPOS="2919" HPOS="1318"/>
<SP HEIGHT="52" WIDTH="25" VPOS="2917" HPOS="1365"/>
<String CONTENT="Leon" HEIGHT="53" WIDTH="157" VPOS="2917" HPOS="1391"/>
<SP HEIGHT="35" WIDTH="25" VPOS="2936" HPOS="1549"/>
<String CONTENT="company" HEIGHT="53" WIDTH="282" VPOS="2935" HPOS="1575"/>
<SP HEIGHT="63" WIDTH="33" VPOS="2925" HPOS="1858"/>
<String CS="1" CONTENT="[&#7580;1928]" HEIGHT="66" WIDTH="154" VPOS="2922" HPOS="1933"/>
</TextLine>
<TextLine HEIGHT="54" WIDTH="1341" VPOS="2993" HPOS="226" CS="1">
<String CONTENT="2" HEIGHT="39" WIDTH="26" VPOS="2994" HPOS="226"/>
<SP/>
<String LANG="fr" CONTENT="p." HEIGHT="38" WIDTH="43" VPOS="3005" HPOS="278"/>
<SP HEIGHT="39" WIDTH="25" VPOS="2995" HPOS="322"/>
<String CS="1" CONTENT="l.,"/>
<SP HEIGHT="46" WIDTH="27" VPOS="2994" HPOS="393"/>
<String CONTENT="206" HEIGHT="40" WIDTH="85" VPOS="2994" HPOS="421"/>
<SP HEIGHT="48" WIDTH="24" VPOS="2995" HPOS="507"/>
<String CONTENT="p." HEIGHT="38" WIDTH="43" VPOS="3005" HPOS="532"/>
<SP HEIGHT="39" WIDTH="59" VPOS="2995" HPOS="576"/>
<String CONTENT="front." HEIGHT="42" WIDTH="150" VPOS="2995" HPOS="636"/>
<SP HEIGHT="40" WIDTH="59" VPOS="2997" HPOS="787"/>
<String CS="1" CONTENT="19&#189;" HEIGHT="40" WIDTH="55" VPOS="2996" HPOS="847"/>
<String STYLE="superscript" CS="1" CONTENT="&#7580;&#7504;."/>
<SP/>
<String CONTENT="(His" HEIGHT="49" WIDTH="116" VPOS="2997" HPOS="1064"/>
<SP HEIGHT="42" WIDTH="26" VPOS="2996" HPOS="1181"/>
<String CONTENT="Jewel" HEIGHT="43" WIDTH="153" VPOS="2996" HPOS="1208"/>
<SP HEIGHT="40" WIDTH="26" VPOS="2999" HPOS="1362"/>
<String CONTENT="series)" HEIGHT="48" WIDTH="178" VPOS="2999" HPOS="1389"/>
</TextLine>
<TextLine HEIGHT="60" WIDTH="1942" VPOS="3047" HPOS="160">
<String CONTENT="&#169;" HEIGHT="53" WIDTH="51" VPOS="3047" HPOS="160"/>
<SP HEIGHT="53" WIDTH="24" VPOS="3047" HPOS="212"/>
<String CONTENT="June" HEIGHT="42" WIDTH="126" VPOS="3052" HPOS="237"/>
<SP HEIGHT="41" WIDTH="25" VPOS="3053" HPOS="364"/>
<String CONTENT="15," HEIGHT="46" WIDTH="70" VPOS="3053" HPOS="390"/>
<SP HEIGHT="47" WIDTH="23" VPOS="3052" HPOS="461"/>
<String CONTENT="1928;" HEIGHT="47" WIDTH="142" VPOS="3052" HPOS="485"/>
<SP HEIGHT="46" WIDTH="26" VPOS="3053" HPOS="628"/>
<String CONTENT="2c." HEIGHT="40" WIDTH="67" VPOS="3053" HPOS="655"/>
<SP HEIGHT="29" WIDTH="26" VPOS="3063" HPOS="723"/>
<String CONTENT="and" HEIGHT="40" WIDTH="95" VPOS="3055" HPOS="750"/>
<SP HEIGHT="39" WIDTH="25" VPOS="3056" HPOS="846"/>
<String CONTENT="aff." HEIGHT="42" WIDTH="82" VPOS="3053" HPOS="872"/>
<SP HEIGHT="40" WIDTH="26" VPOS="3055" HPOS="955"/>
<String CONTENT="June" HEIGHT="39" WIDTH="127" VPOS="3055" HPOS="982"/>
<SP HEIGHT="39" WIDTH="23" VPOS="3055" HPOS="1110"/>
<String CONTENT="23;" HEIGHT="48" WIDTH="83" VPOS="3054" HPOS="1134"/>
<SP HEIGHT="48" WIDTH="28" VPOS="3054" HPOS="1218"/>
<!-- cceid 23194D2C-6CB2-1014-A20E-B9D6251C946A --><String CONTENT="A" HEIGHT="41" WIDTH="42" VPOS="3054" HPOS="1247"/>
<SP HEIGHT="40" WIDTH="24" VPOS="3055" HPOS="1290"/>
<String CONTENT="1082216;" HEIGHT="47" WIDTH="230" VPOS="3056" HPOS="1315"/>
<SP HEIGHT="46" WIDTH="30" VPOS="3057" HPOS="1546"/>
<String CONTENT="Cupples" HEIGHT="50" WIDTH="209" VPOS="3057" HPOS="1577"/>
<SP HEIGHT="40" WIDTH="26" VPOS="3059" HPOS="1787"/>
<String CONTENT="&amp;" HEIGHT="40" WIDTH="36" VPOS="3059" HPOS="1814"/>
<SP HEIGHT="40" WIDTH="25" VPOS="3059" HPOS="1851"/>
<String CONTENT="Leon" HEIGHT="40" WIDTH="130" VPOS="3060" HPOS="1877"/>
<SP HEIGHT="30" WIDTH="24" VPOS="3071" HPOS="2008"/>
<String CONTENT="co." HEIGHT="31" WIDTH="69" VPOS="3071" HPOS="2033"/>
</TextLine>
<TextLine HEIGHT="51" WIDTH="284" VPOS="3107" HPOS="237">
<String CONTENT="(28-16175)" HEIGHT="51" WIDTH="284" VPOS="3107" HPOS="237"/>
</TextLine>
<TextLine HEIGHT="66" WIDTH="722" VPOS="3159" HPOS="153" STYLEREFS="StyleId-D4337A83-5EEB-469A-AF68-7BB21383C949-">
<String CONTENT="Tiegs," HEIGHT="65" WIDTH="196" VPOS="3159" HPOS="153"/>
<SP HEIGHT="61" WIDTH="32" VPOS="3161" HPOS="349"/>
<String CONTENT="Ernest" HEIGHT="53" WIDTH="220" VPOS="3161" HPOS="381"/>
<SP HEIGHT="52" WIDTH="31" VPOS="3162" HPOS="601"/>
<String CONTENT="Walter." HEIGHT="54" WIDTH="243" VPOS="3161" HPOS="632"/>
</TextLine>
<TextLine HEIGHT="81" WIDTH="1944" VPOS="3235" HPOS="217" STYLEREFS="StyleId-63012B67-D11F-4DBD-86F4-C7000BE68BF1-">
<String CONTENT="An" HEIGHT="55" WIDTH="95" VPOS="3235" HPOS="217"/>
<SP HEIGHT="34" WIDTH="39" VPOS="3256" HPOS="313"/>
<String CONTENT="evaluation" HEIGHT="53" WIDTH="329" VPOS="3238" HPOS="353"/>
<SP HEIGHT="35" WIDTH="40" VPOS="3257" HPOS="683"/>
<String CONTENT="of" HEIGHT="54" WIDTH="65" VPOS="3239" HPOS="724"/>
<SP HEIGHT="53" WIDTH="37" VPOS="3240" HPOS="790"/>
<String CONTENT="some" HEIGHT="34" WIDTH="152" VPOS="3259" HPOS="828"/>
<SP HEIGHT="47" WIDTH="38" VPOS="3246" HPOS="981"/>
<String CONTENT="techniques" HEIGHT="70" WIDTH="329" VPOS="3241" HPOS="1020"/>
<SP HEIGHT="34" WIDTH="40" VPOS="3262" HPOS="1350"/>
<String CONTENT="of" HEIGHT="51" WIDTH="65" VPOS="3243" HPOS="1391"/>
<SP HEIGHT="53" WIDTH="35" VPOS="3243" HPOS="1457"/>
<String CONTENT="teacher" HEIGHT="53" WIDTH="226" VPOS="3244" HPOS="1493"/>
<SP HEIGHT="34" WIDTH="39" VPOS="3264" HPOS="1720"/>
<String CONTENT="selection," HEIGHT="57" WIDTH="284" VPOS="3246" HPOS="1760"/>
<SP HEIGHT="55" WIDTH="40" VPOS="3248" HPOS="2045"/>
<String CONTENT="by" HEIGHT="68" WIDTH="75" VPOS="3248" HPOS="2086"/>
</TextLine>
<TextLine HEIGHT="75" WIDTH="2011" VPOS="3315" HPOS="150" STYLEREFS="StyleId-63012B67-D11F-4DBD-86F4-C7000BE68BF1-" CS="1">
<String CONTENT="Ernest" HEIGHT="53" WIDTH="209" VPOS="3315" HPOS="150"/>
<SP HEIGHT="53" WIDTH="52" VPOS="3316" HPOS="360"/>
<String CONTENT="Walter" HEIGHT="53" WIDTH="222" VPOS="3316" HPOS="413"/>
<SP HEIGHT="51" WIDTH="53" VPOS="3318" HPOS="636"/>
<String CONTENT="Tiegs" HEIGHT="70" WIDTH="173" VPOS="3316" HPOS="690"/>
<SP HEIGHT="33" WIDTH="57" VPOS="3338" HPOS="864"/>
<String CS="1" CONTENT="&#8230;"/>
<SP HEIGHT="50" WIDTH="80" VPOS="3321" HPOS="978"/>
<String CONTENT="Bloomington," HEIGHT="69" WIDTH="429" VPOS="3320" HPOS="1059"/>
<SP HEIGHT="64" WIDTH="53" VPOS="3323" HPOS="1489"/>
<String CONTENT="Ill.," HEIGHT="66" WIDTH="113" VPOS="3322" HPOS="1543"/>
<SP HEIGHT="65" WIDTH="54" VPOS="3323" HPOS="1657"/>
<String CONTENT="Public" HEIGHT="54" WIDTH="204" VPOS="3323" HPOS="1712"/>
<SP HEIGHT="35" WIDTH="51" VPOS="3343" HPOS="1917"/>
<String CONTENT="school" HEIGHT="53" WIDTH="192" VPOS="3325" HPOS="1969"/>
</TextLine>
<TextLine HEIGHT="74" WIDTH="878" VPOS="3391" HPOS="152" STYLEREFS="StyleId-63012B67-D11F-4DBD-86F4-C7000BE68BF1-" CS="1">
<String CONTENT="publishing" HEIGHT="71" WIDTH="335" VPOS="3391" HPOS="152"/>
<SP HEIGHT="50" WIDTH="29" VPOS="3412" HPOS="488"/>
<String CONTENT="company" HEIGHT="54" WIDTH="282" VPOS="3411" HPOS="518"/>
<SP/>
<String CS="1" CONTENT="[&#7580;1928]" HEIGHT="63" WIDTH="84" VPOS="3400" HPOS="946"/>
</TextLine>
<TextLine HEIGHT="50" WIDTH="741" VPOS="3475" HPOS="255" CS="1">
<String CS="1" CONTENT="x." HEIGHT="10" WIDTH="9" VPOS="3506" HPOS="255"/>
<SP HEIGHT="42" WIDTH="29" VPOS="3475" HPOS="265"/>
<String CONTENT="11-108" HEIGHT="41" WIDTH="175" VPOS="3476" HPOS="295"/>
<SP HEIGHT="47" WIDTH="27" VPOS="3477" HPOS="471"/>
<String CONTENT="p." HEIGHT="37" WIDTH="43" VPOS="3487" HPOS="499"/>
<SP HEIGHT="39" WIDTH="28" VPOS="3477" HPOS="543"/>
<String CONTENT="incl." HEIGHT="40" WIDTH="110" VPOS="3477" HPOS="572"/>
<SP HEIGHT="39" WIDTH="27" VPOS="3478" HPOS="683"/>
<String CONTENT="forms." HEIGHT="41" WIDTH="169" VPOS="3478" HPOS="711"/>
<SP HEIGHT="39" WIDTH="59" VPOS="3479" HPOS="881"/>
<String CS="1" CONTENT="23&#189;" HEIGHT="40" WIDTH="55" VPOS="3479" HPOS="941"/>
<String STYLE="superscript" CS="1" CONTENT="&#7580;&#7504;."/>
</TextLine>
<TextLine HEIGHT="52" WIDTH="649" VPOS="3531" HPOS="220" CS="1">
<String CS="1" CONTENT="Bibliography:" HEIGHT="49" WIDTH="352" VPOS="3531" HPOS="220"/>
<SP HEIGHT="37" WIDTH="34" VPOS="3545" HPOS="599"/>
<String CONTENT="p." HEIGHT="37" WIDTH="44" VPOS="3545" HPOS="634"/>
<SP HEIGHT="42" WIDTH="31" VPOS="3533" HPOS="679"/>
<String CONTENT="80-81." HEIGHT="42" WIDTH="158" VPOS="3533" HPOS="711"/>
</TextLine>
<TextLine HEIGHT="62" WIDTH="1998" VPOS="3582" HPOS="163" CS="1">
<String CONTENT="&#169;" HEIGHT="53" WIDTH="52" VPOS="3582" HPOS="163"/>
<SP HEIGHT="53" WIDTH="30" VPOS="3582" HPOS="216"/>
<String CONTENT="June" HEIGHT="42" WIDTH="126" VPOS="3587" HPOS="247"/>
<SP HEIGHT="39" WIDTH="31" VPOS="3590" HPOS="374"/>
<String CONTENT="15," HEIGHT="48" WIDTH="70" VPOS="3589" HPOS="406"/>
<SP HEIGHT="47" WIDTH="30" VPOS="3590" HPOS="477"/>
<String CS="1" CONTENT="1928;" HEIGHT="41" WIDTH="118" VPOS="3589" HPOS="508"/>
<SP HEIGHT="48" WIDTH="30" VPOS="3590" HPOS="651"/>
<String CONTENT="2c." HEIGHT="41" WIDTH="69" VPOS="3590" HPOS="682"/>
<SP HEIGHT="42" WIDTH="30" VPOS="3590" HPOS="752"/>
<String CONTENT="June" HEIGHT="41" WIDTH="130" VPOS="3591" HPOS="783"/>
<SP HEIGHT="40" WIDTH="26" VPOS="3592" HPOS="914"/>
<String CONTENT="21;" HEIGHT="46" WIDTH="83" VPOS="3592" HPOS="941"/>
<SP HEIGHT="36" WIDTH="34" VPOS="3602" HPOS="1025"/>
<String CONTENT="aff." HEIGHT="41" WIDTH="84" VPOS="3592" HPOS="1060"/>
<SP HEIGHT="39" WIDTH="30" VPOS="3594" HPOS="1145"/>
<String CONTENT="June" HEIGHT="41" WIDTH="130" VPOS="3594" HPOS="1176"/>
<SP HEIGHT="41" WIDTH="27" VPOS="3594" HPOS="1307"/>
<String CONTENT="20;" HEIGHT="43" WIDTH="83" VPOS="3594" HPOS="1335"/>
<SP HEIGHT="42" WIDTH="33" VPOS="3595" HPOS="1419"/>
<!-- cceid 2319BCC2-6CB2-1014-A20E-B9D6251C946A --><String CONTENT="A" HEIGHT="39" WIDTH="42" VPOS="3595" HPOS="1453"/>
<SP HEIGHT="39" WIDTH="29" VPOS="3595" HPOS="1496"/>
<String CONTENT="1082144;" HEIGHT="49" WIDTH="230" VPOS="3595" HPOS="1526"/>
<SP HEIGHT="45" WIDTH="36" VPOS="3599" HPOS="1757"/>
<String CONTENT="Public" HEIGHT="41" WIDTH="169" VPOS="3598" HPOS="1794"/>
<SP HEIGHT="29" WIDTH="30" VPOS="3610" HPOS="1964"/>
<String CONTENT="school" HEIGHT="40" WIDTH="166" VPOS="3600" HPOS="1995"/>
</TextLine>
<TextLine HEIGHT="52" WIDTH="557" VPOS="3644" HPOS="230">
<String CONTENT="pub." HEIGHT="48" WIDTH="110" VPOS="3644" HPOS="230"/>
<SP HEIGHT="29" WIDTH="25" VPOS="3656" HPOS="340"/>
<String CONTENT="co." HEIGHT="29" WIDTH="70" VPOS="3656" HPOS="365"/>
<SP HEIGHT="47" WIDTH="70" VPOS="3646" HPOS="435"/>
<String CONTENT="(28-16105)" HEIGHT="50" WIDTH="282" VPOS="3646" HPOS="505"/>
</TextLine>
<TextLine HEIGHT="67" WIDTH="944" VPOS="3694" HPOS="159" STYLEREFS="StyleId-D4337A83-5EEB-469A-AF68-7BB21383C949-">
<String CONTENT="Travis," HEIGHT="63" WIDTH="228" VPOS="3694" HPOS="159"/>
<SP HEIGHT="60" WIDTH="35" VPOS="3697" HPOS="388"/>
<String CONTENT="Pierce" HEIGHT="53" WIDTH="201" VPOS="3697" HPOS="424"/>
<SP HEIGHT="51" WIDTH="37" VPOS="3700" HPOS="626"/>
<String CONTENT="Mason," HEIGHT="61" WIDTH="226" VPOS="3700" HPOS="664"/>
<SP HEIGHT="57" WIDTH="42" VPOS="3704" HPOS="891"/>
<String CONTENT="1887-" HEIGHT="53" WIDTH="169" VPOS="3700" HPOS="934"/>
</TextLine>
<TextLine HEIGHT="81" WIDTH="1698" VPOS="3772" HPOS="228" STYLEREFS="StyleId-63012B67-D11F-4DBD-86F4-C7000BE68BF1-" CS="1">
<String CONTENT="Mechanochemistry" HEIGHT="74" WIDTH="591" VPOS="3772" HPOS="228"/>
<SP HEIGHT="50" WIDTH="25" VPOS="3796" HPOS="820"/>
<String CONTENT="and" HEIGHT="52" WIDTH="112" VPOS="3778" HPOS="846"/>
<SP HEIGHT="53" WIDTH="24" VPOS="3778" HPOS="959"/>
<String CONTENT="the" HEIGHT="52" WIDTH="96" VPOS="3779" HPOS="984"/>
<SP HEIGHT="33" WIDTH="22" VPOS="3798" HPOS="1081"/>
<String CONTENT="colloid" HEIGHT="54" WIDTH="208" VPOS="3779" HPOS="1104"/>
<SP HEIGHT="51" WIDTH="23" VPOS="3781" HPOS="1313"/>
<String CONTENT="mill," HEIGHT="67" WIDTH="144" VPOS="3781" HPOS="1337"/>
<SP HEIGHT="66" WIDTH="22" VPOS="3782" HPOS="1482"/>
<String CONTENT="including" HEIGHT="71" WIDTH="300" VPOS="3782" HPOS="1505"/>
<SP HEIGHT="63" WIDTH="22" VPOS="3790" HPOS="1806"/>
<String CONTENT="the" HEIGHT="54" WIDTH="97" VPOS="3784" HPOS="1829"/>
</TextLine>
<TextLine HEIGHT="146" WIDTH="1971" VPOS="3783" HPOS="162" STYLEREFS="StyleId-63012B67-D11F-4DBD-86F4-C7000BE68BF1-" CS="1">
<String CONTENT="practical" HEIGHT="122" WIDTH="1971" VPOS="3783" HPOS="162"/>
<SP HEIGHT="53" WIDTH="42" VPOS="3850" HPOS="248"/>
<String CONTENT="applications" HEIGHT="66" WIDTH="383" VPOS="3852" HPOS="291"/>
<SP HEIGHT="32" WIDTH="41" VPOS="3874" HPOS="675"/>
<String CONTENT="of" HEIGHT="51" WIDTH="65" VPOS="3855" HPOS="717"/>
<SP HEIGHT="51" WIDTH="42" VPOS="3855" HPOS="783"/>
<String CONTENT="fine" HEIGHT="53" WIDTH="107" VPOS="3855" HPOS="826"/>
<SP HEIGHT="51" WIDTH="41" VPOS="3857" HPOS="934"/>
<String CONTENT="dispersion," HEIGHT="71" WIDTH="338" VPOS="3857" HPOS="976"/>
<SP HEIGHT="69" WIDTH="42" VPOS="3859" HPOS="1315"/>
<String CONTENT="by" HEIGHT="69" WIDTH="75" VPOS="3859" HPOS="1358"/>
<SP HEIGHT="67" WIDTH="42" VPOS="3861" HPOS="1434"/>
<String CONTENT="Pierce" HEIGHT="53" WIDTH="198" VPOS="3860" HPOS="1477"/>
<SP HEIGHT="51" WIDTH="42" VPOS="3862" HPOS="1676"/>
<String CONTENT="M." HEIGHT="52" WIDTH="76" VPOS="3862" HPOS="1719"/>
<SP HEIGHT="50" WIDTH="46" VPOS="3864" HPOS="1796"/>
<String CONTENT="Travis" HEIGHT="52" WIDTH="207" VPOS="3864" HPOS="1843"/>
<SP HEIGHT="33" WIDTH="48" VPOS="3883" HPOS="2051"/>
<String CS="1" CONTENT="&#8230;"/>
</TextLine>
<TextLine HEIGHT="85" WIDTH="1759" VPOS="3926" HPOS="161" STYLEREFS="StyleId-63012B67-D11F-4DBD-86F4-C7000BE68BF1-">
<String CONTENT="New" HEIGHT="56" WIDTH="138" VPOS="3926" HPOS="161"/>
<SP HEIGHT="52" WIDTH="31" VPOS="3929" HPOS="300"/>
<String CONTENT="York," HEIGHT="73" WIDTH="180" VPOS="3929" HPOS="332"/>
<SP HEIGHT="70" WIDTH="29" VPOS="3932" HPOS="513"/>
<String CONTENT="The" HEIGHT="57" WIDTH="121" VPOS="3931" HPOS="543"/>
<SP HEIGHT="58" WIDTH="31" VPOS="3931" HPOS="665"/>
<String CONTENT="Chemical" HEIGHT="59" WIDTH="291" VPOS="3931" HPOS="697"/>
<SP HEIGHT="52" WIDTH="29" VPOS="3936" HPOS="989"/>
<String CONTENT="catalog" HEIGHT="70" WIDTH="227" VPOS="3936" HPOS="1019"/>
<SP HEIGHT="51" WIDTH="31" VPOS="3955" HPOS="1247"/>
<String CONTENT="company," HEIGHT="54" WIDTH="298" VPOS="3955" HPOS="1279"/>
<SP HEIGHT="70" WIDTH="30" VPOS="3939" HPOS="1578"/>
<String CONTENT="inc.," HEIGHT="72" WIDTH="126" VPOS="3939" HPOS="1609"/>
<SP HEIGHT="67" WIDTH="33" VPOS="3944" HPOS="1736"/>
<String CONTENT="1928." HEIGHT="54" WIDTH="150" VPOS="3943" HPOS="1770"/>
</TextLine>
</TextBlock>
</PrintSpace>
</Page>
</Layout>
</alto>