2498 4384
1070 4066 136 55 1807

114 431 193 59 Suter,
339 425 242 64 Eugène
615 425 62 52 F.

184 490 1931 80 The Eugène method … Technical instructions personally
115 570 2001 84 supervised by Eugene F. Suter. [ New York] Eugene, ltd.,
111 665 147 52 1928.

184 750 1022 54 ix. 93 p. front. (ports.) illus. 19½ᶜᵐ.
120 819 1590 59 © Nov. 1. 1928; 2c. and aff. Nov. 2: A 409; Eugene, ltd.
116 923 282 62 Taggart,
425 919 219 63 Joseph
675 919 66 54 E.

188 1000 316 68 Plumbing
545 997 288 69 questions
878 997 112 52 and
1038 1013 275 49 answers;
1362 992 191 54 useful
1599 990 379 54 information
2028 989 93 53 for

121 1083 207 48 master
361 1078 114 51 and
507 1076 377 69 journeyman
919 1074 306 68 plumbers,
1259 1073 259 67 sanitary
1552 1069 312 70 engineers,

121 1067 1977 158 plumbing
252 1156 331 67 inspectors,
615 1153 319 68 architects,
968 1151 321 54 estimators
1325 1151 113 52 and
1472 1147 340 68 draftsmen,
1844 1148 171 52 based
2050 1165 71 34 on

120 1233 95 54 the
246 1234 148 51 rules
425 1234 112 51 and
570 1232 350 69 regulations
951 1229 63 54 of
1044 1230 96 52 the
1172 1229 117 68 city
1319 1228 64 53 of
1415 1228 138 52 New
1587 1226 180 67 York,
1798 1226 75 67 by
1904 1224 216 68 Joseph

124 1302 1999 79 E. Taggart … 3d ed., rev., enl. and entirely reset. New York,
124 1387 289 56 Scientific
444 1388 147 53 book
623 1388 383 69 corporation,
1042 1389 150 50 1928.

190 1481 1074 53 2 p. l., iii-vi, 164 p. illus., diagrs. 18 ᶜᵐ.
126 1551 51 54 ©
204 1557 102 39 Oct.
332 1557 69 43 30,
431 1556 139 43 1928;
598 1555 67 40 2c.
694 1555 92 39 and
816 1554 81 41 aff.
927 1556 102 37 Oct.
1056 1554 49 38 31;
1173 1553 32 38 A
1246 1552 133 47 1627;
1413 1551 244 41 Scientific
1717 1551 90 40 book
1837 1561 125 37 corp.

204 1613 281 47 (28-27658)

118 1706 254 65 Teehan,
407 1706 253 53 Michael
694 1705 245 56 Fabian.

192 1787 1941 92 The eternal question ? By M. F. Teehan … Topeka,
122 1882 170 68 Kan.,
323 1881 295 56 Standard
647 1881 339 70 publishing
1014 1899 78 35 co.
1238 1881 85 67 [ᶜ1928]

190 1977 1161 52 411, [1] p. incl. front. (port.) illus. 19½ᶜᵐ.
130 2045 51 55 ©
212 2050 129 49 Sept.
368 2052 40 46 7,
436 2050 140 46 1928;
605 2050 68 41 2c.
704 2049 129 49 Sept.
860 2049 83 47 25;
974 2049 82 41 aff.
1085 2049 102 42 Oct.
1215 2047 85 50 20,
1329 2049 42 38 A
1397 2049 84 39 512;
1542 2050 114 47 May
1682 2047 209 49 Teehan,
1921 2048 213 47 Topeka,

195 2107 124 40 Kan.
384 2103 69 54 [©
488 2107 212 41 revision
732 2107 93 40 and
858 2108 346 47 enlargement]
1280 2106 282 49 (28-27546)

123 2202 266 63 Warren,
425 2200 263 64 Charles,
723 2206 171 49 1868-

195 2275 1879 74 The making of the Constitution, by Charles Warren …
130 2357 231 68 Boston,
393 2356 197 69 Little,
623 2357 229 68 Brown,
886 2357 112 53 and
1030 2373 300 54 company,
1364 2359 150 51 1928.

195 2441 86 48 xii,
312 2440 85 41 832
427 2452 46 37 p.
530 2441 149 41 23½ᶜᵐ.

199 2509 1938 53 “Books containing letters quoted … except when specific authorities
128 2578 84 32 are
239 2569 127 40 cited
396 2569 49 39 in
476 2571 82 38 the
587 2568 304 42 footnotes”:
924 2580 43 37 p.
1000 2569 114 49 [807]

135 2617 1984 116 © Oct. 27, 1928; 2c. Nov. 1; aff. Nov. 6; A 482; Little, Brown, and company. (28-27550)
129 2778 121 55 The
270 2778 315 63 Waverley
609 2779 305 55 children’s
938 2779 343 72 dictionary,
1304 2780 97 52 the
1424 2781 230 51 wonder
1678 2779 148 54 book
1849 2779 62 55 of
1934 2779 206 68 words,

203 2856 188 52 edited
432 2856 75 68 by
546 2856 228 54 Harold
813 2857 279 54 Wheeler,
1170 2877 49 33 v.
1263 2859 47 50 4.
1352 2855 450 56 Harken-Male.
1881 2856 260 69 London,

198 2936 122 53 The
350 2937 296 70 Fleetway
673 2935 174 55 house
886 2938 172 64 [1928]

205 3015 1465 53 2 p. l., 1977-2648 p. col. front., illus., col. plates. 24½ᶜᵐ.
139 3065 2001 64 © 1c. Dec. 11, 1928; A ad int. 12071; pubd. Nov. 15; Adam Dingwall,
205 3130 116 41 New
350 3131 146 40 York.

133 3224 319 65 Weyburn,
485 3224 237 55 Samuel
751 3225 294 65 Fletcher,
1081 3230 171 52 1853-

207 3301 55 52 A
291 3307 159 63 story
480 3302 64 53 of
573 3302 400 55 Lackawanna
1007 3303 230 70 County
1269 3305 115 53 and
1414 3303 400 56 Lackawanna
1847 3305 296 54 historical

139 3375 1899 80 society, by S. Fletcher Weyburn … Scranton, Pa., 1928.
209 3457 1934 62 32 p. 23 ᶜᵐ. (On cover: Lackawanna historical society. [Publication]
141 3516 150 42 series
321 3529 75 31 no.
429 3517 53 49 9)

210 3573 378 49 Bibliography:
621 3587 44 37 p.
694 3575 70 42 18.

145 3622 2002 68 © Oct. 24, 1928; 2c. and aff. Oct. 30; A 1321; S. F. Weyburn, Scranton,
212 3687 82 42 Pa.
363 3688 282 49 (28-27599)

140 3782 277 66 Whiffen,
450 3785 207 52 Edwin
690 3785 277 56 Thomas.

212 3859 223 70 Outing
482 3862 145 66 lore;
680 3881 31 34 a
758 3863 173 69 guide
981 3863 94 53 for
1121 3865 97 54 the
1265 3867 237 52 modern
1551 3868 215 68 angler,
1813 3867 76 70 by
1938 3868 212 56 Edwin

145 3933 1577 84 Thomas Whiffen … New York, W. Neale, 1928,
