<alto xmlns="http://www.loc.gov/standards/alto/ns-v3#" xmlns:xlink="http://www.w3.org/1999/xlink" xmlns:xsi="http://www.w3.org/2001/XMLSchema-instance" xsi:schemaLocation="http://www.loc.gov/standards/alto/ns-v3# http://www.loc.gov/alto/v3/alto-3-0.xsd"><Description>
<MeasurementUnit>pixel</MeasurementUnit>
<sourceImageInformation>
<fileName>1928_v25_part001.pdf</fileName>
</sourceImageInformation>
<OCRProcessing ID="IdOcr">
<ocrProcessingStep>
<processingDateTime>2019-04-12</processingDateTime>
<processingSoftware>
<softwareCreator>ABBYY</softwareCreator>
<softwareName>ABBYY Recognition Server</softwareName>
<softwareVersion>4.0</softwareVersion>
</processingSoftware>
</ocrProcessingStep>
</OCRProcessing>
</Description>
<Styles>
<ParagraphStyle ID="StyleId-FFFFFFFF-FFFF-FFFF-FFFF-FFFFFFFFFFFF-" ALIGN="Left" LEFT="0." RIGHT="0." FIRSTLINE="0."/>
<ParagraphStyle ID="StyleId-0ECAC0CE-E1F0-4C69-A1B9-95E16886343B-" ALIGN="Left" LEFT="0." RIGHT="0." FIRSTLINE="0." LINESPACE="8.300000191"/>
<ParagraphStyle ID="StyleId-5C6F7A30-EC6F-4250-A8D3-0AE106DCDB5D-" ALIGN="Left" LEFT="0." RIGHT="0." FIRSTLINE="-13." LINESPACE="11.22999954"/>
<ParagraphStyle ID="StyleId-B258737E-7AF8-4B71-A0BF-0A1420B951F9-" ALIGN="Left" LEFT="0." RIGHT="0." FIRSTLINE="-13." LINESPACE="8.210000038"/>
<ParagraphStyle ID="StyleId-35C0EFA5-E89E-4731-B16E-5D3895F12270-" ALIGN="Block" LEFT="0." RIGHT="0." FIRSTLINE="-12." LINESPACE="11.22999954"/>
<ParagraphStyle ID="StyleId-7BD1F9B4-14BB-4AAF-864B-FED8FEA7DC43-" ALIGN="Left" LEFT="0." RIGHT="0." FIRSTLINE="0."/>
<ParagraphStyle ID="StyleId-CD2DA0E5-536D-42AE-AE16-8D9F5C008D5A-" ALIGN="Block" LEFT="0." RIGHT="0." FIRSTLINE="-12." LINESPACE="10."/>
<ParagraphStyle ID="StyleId-AF408F88-EED5-4CE2-A229-3F852C18D9BD-" ALIGN="Block" LEFT="0." RIGHT="0." FIRSTLINE="-14." LINESPACE="10."/>
<ParagraphStyle ID="StyleId-829CD741-943D-4B7B-9638-57AB73DE2567-" ALIGN="Center" LEFT="0." RIGHT="0." FIRSTLINE="0." LINESPACE="9.399999619"/>
<ParagraphStyle ID="StyleId-B271BDFA-6037-4875-BA99-885A067668E9-" ALIGN="Left" LEFT="0." RIGHT="0." FIRSTLINE="-14." LINESPACE="11.21000004"/>
<ParagraphStyle ID="StyleId-64F9C1D8-EA12-4F65-AD18-B72A4C6B556F-" ALIGN="Center" LEFT="0." RIGHT="0." FIRSTLINE="0." LINESPACE="11.60000038"/>
<ParagraphStyle ID="StyleId-44DA2756-E57B-4EF3-9BA4-FC1C14776DE3-" ALIGN="Left" LEFT="0." RIGHT="0." FIRSTLINE="-12." LINESPACE="12.19999981"/>
<ParagraphStyle ID="StyleId-D1D9AF19-8CA6-4F74-9AEC-1B4545205AD7-" ALIGN="Center" LEFT="0." RIGHT="0." FIRSTLINE="0." LINESPACE="11.60000038"/>
<ParagraphStyle ID="StyleId-3ADA1556-6D19-417D-8046-68449BF368BA-" ALIGN="Left" LEFT="0." RIGHT="0." FIRSTLINE="-13." LINESPACE="12.19999981"/>
<ParagraphStyle ID="StyleId-7443A930-B325-44B5-9AB8-B42B4EC78C89-" ALIGN="Block" LEFT="0." RIGHT="0." FIRSTLINE="13." LINESPACE="8.619999886"/>
<ParagraphStyle ID="StyleId-C9A9E480-E448-4934-9AF8-3D252792E396-" ALIGN="Left" LEFT="0." RIGHT="0." FIRSTLINE="-12." LINESPACE="11.38000011"/>
<ParagraphStyle ID="StyleId-73039842-464C-49B9-9440-4C0D0E749DFE-" ALIGN="Center" LEFT="0." RIGHT="0." FIRSTLINE="0." LINESPACE="11.10000038"/>
<ParagraphStyle ID="StyleId-C51F6AC2-80DA-4C65-849C-6E2D5F548EA4-" ALIGN="Left" LEFT="0." RIGHT="0." FIRSTLINE="0." LINESPACE="7.699999809"/>
<ParagraphStyle ID="StyleId-494190D9-BDDC-4834-A745-6AF520F91CD0-" ALIGN="Block" LEFT="0." RIGHT="0." FIRSTLINE="-12." LINESPACE="11.22999954"/>
<ParagraphStyle ID="StyleId-68D39D31-3386-4B28-8C90-DA9420961D78-" ALIGN="Left" LEFT="0." RIGHT="0." FIRSTLINE="0." LINESPACE="11.60000038"/>
<ParagraphStyle ID="StyleId-DF0CE7C7-E73E-44FE-8867-C904BD7F3F42-" ALIGN="Block" LEFT="0." RIGHT="0." FIRSTLINE="0." LINESPACE="12.19999981"/>
</Styles>
<Layout>
<Page ID="Page167" PHYSICAL_IMG_NR="167" HEIGHT="4384" WIDTH="2498">
<TopMargin HEIGHT="408" WIDTH="2498" VPOS="0" HPOS="0">
</TopMargin>
<LeftMargin HEIGHT="3623" WIDTH="48" VPOS="408" HPOS="0">
</LeftMargin>
<RightMargin HEIGHT="3623" WIDTH="378" VPOS="408" HPOS="2120">
</RightMargin>
<BottomMargin HEIGHT="353" WIDTH="2498" VPOS="4031" HPOS="0">
<TextBlock ID="Page167_Block1" HEIGHT="62" WIDTH="2036" VPOS="4086" HPOS="72" LANG="en-US" STYLEREFS="StyleId-ED747129-2FA9-4492-870C-A940416A87DE-">
<TextLine HEIGHT="51" WIDTH="101" VPOS="4086" HPOS="1033">
<String CONTENT="167" HEIGHT="51" WIDTH="101" VPOS="4086" HPOS="1033"/>
</TextLine>
</TextBlock>
</BottomMargin>
<PrintSpace HEIGHT="3623" WIDTH="2072" VPOS="408" HPOS="48">
<TextBlock ID="Page167_Block2" HEIGHT="3623" WIDTH="2072" VPOS="408" HPOS="48" CS="1" STYLEREFS="StyleId-F8BACB8A-BAD6-4421-8E92-EB3B20C3BD8F-">
<TextLine HEIGHT="51" WIDTH="798" VPOS="503" HPOS="163" LANG="en-US" CS="1">
<String CONTENT="46" HEIGHT="40" WIDTH="57" VPOS="506" HPOS="163"/>
<SP HEIGHT="48" WIDTH="30" VPOS="506" HPOS="221"/>
<String CONTENT="p." HEIGHT="37" WIDTH="43" VPOS="517" HPOS="252"/>
<SP HEIGHT="41" WIDTH="57" VPOS="505" HPOS="296"/>
<String CONTENT="2" HEIGHT="39" WIDTH="27" VPOS="505" HPOS="354"/>
<SP HEIGHT="39" WIDTH="32" VPOS="505" HPOS="382"/>
<String CONTENT="illus." HEIGHT="40" WIDTH="130" VPOS="505" HPOS="415"/>
<SP HEIGHT="47" WIDTH="28" VPOS="506" HPOS="546"/>
<String CONTENT="(ports.)" HEIGHT="50" WIDTH="200" VPOS="503" HPOS="575"/>
<SP HEIGHT="48" WIDTH="66" VPOS="503" HPOS="776"/>
<String CS="1" CONTENT="19&#7580;&#7504;." HEIGHT="41" WIDTH="118" VPOS="503" HPOS="843"/>
</TextLine>
<TextLine HEIGHT="49" WIDTH="1939" VPOS="571" HPOS="167" LANG="en-US">
<String CONTENT="&#8220;An" HEIGHT="39" WIDTH="102" VPOS="576" HPOS="167"/>
<SP HEIGHT="29" WIDTH="36" VPOS="585" HPOS="270"/>
<String CONTENT="address" HEIGHT="39" WIDTH="205" VPOS="575" HPOS="307"/>
<SP HEIGHT="39" WIDTH="37" VPOS="575" HPOS="513"/>
<String CONTENT="delivered" HEIGHT="40" WIDTH="246" VPOS="574" HPOS="551"/>
<SP HEIGHT="40" WIDTH="37" VPOS="573" HPOS="798"/>
<String CONTENT="before" HEIGHT="39" WIDTH="167" VPOS="573" HPOS="836"/>
<SP HEIGHT="37" WIDTH="37" VPOS="575" HPOS="1004"/>
<String CONTENT="the" HEIGHT="39" WIDTH="82" VPOS="573" HPOS="1042"/>
<SP HEIGHT="39" WIDTH="37" VPOS="573" HPOS="1125"/>
<String CONTENT="Baltimore" HEIGHT="41" WIDTH="273" VPOS="571" HPOS="1163"/>
<SP HEIGHT="30" WIDTH="36" VPOS="582" HPOS="1437"/>
<String CONTENT="chapter" HEIGHT="47" WIDTH="203" VPOS="573" HPOS="1474"/>
<SP HEIGHT="30" WIDTH="36" VPOS="582" HPOS="1678"/>
<String CONTENT="of" HEIGHT="40" WIDTH="52" VPOS="572" HPOS="1715"/>
<SP HEIGHT="40" WIDTH="36" VPOS="572" HPOS="1768"/>
<String CONTENT="the" HEIGHT="39" WIDTH="82" VPOS="573" HPOS="1805"/>
<SP HEIGHT="39" WIDTH="36" VPOS="573" HPOS="1888"/>
<String CONTENT="United" HEIGHT="41" WIDTH="181" VPOS="572" HPOS="1925"/>
</TextLine>
<TextLine HEIGHT="52" WIDTH="852" VPOS="628" HPOS="95" LANG="en-US">
<String CONTENT="daughters" HEIGHT="48" WIDTH="265" VPOS="632" HPOS="95"/>
<SP HEIGHT="30" WIDTH="25" VPOS="641" HPOS="361"/>
<String CONTENT="of" HEIGHT="41" WIDTH="53" VPOS="630" HPOS="387"/>
<SP HEIGHT="40" WIDTH="27" VPOS="630" HPOS="441"/>
<String CONTENT="the" HEIGHT="38" WIDTH="83" VPOS="632" HPOS="469"/>
<SP HEIGHT="29" WIDTH="28" VPOS="641" HPOS="553"/>
<String CONTENT="confederacy.&#8221;" HEIGHT="49" WIDTH="365" VPOS="628" HPOS="582"/>
</TextLine>
<TextLine HEIGHT="110" WIDTH="1993" VPOS="697" HPOS="99" LANG="en-US" CS="1">
<String CONTENT="&#169;" HEIGHT="53" WIDTH="52" VPOS="697" HPOS="99"/>
<SP HEIGHT="53" WIDTH="22" VPOS="697" HPOS="152"/>
<String CONTENT="Mar." HEIGHT="39" WIDTH="121" VPOS="703" HPOS="175"/>
<SP HEIGHT="39" WIDTH="23" VPOS="702" HPOS="297"/>
<String CONTENT="15," HEIGHT="46" WIDTH="69" VPOS="701" HPOS="321"/>
<SP HEIGHT="44" WIDTH="27" VPOS="703" HPOS="391"/>
<String CS="1" CONTENT="1927;" HEIGHT="40" WIDTH="113" VPOS="700" HPOS="419"/>
<SP HEIGHT="46" WIDTH="24" VPOS="700" HPOS="560"/>
<String CONTENT="2c." HEIGHT="40" WIDTH="68" VPOS="700" HPOS="585"/>
<SP HEIGHT="30" WIDTH="25" VPOS="710" HPOS="654"/>
<String CONTENT="and" HEIGHT="38" WIDTH="95" VPOS="701" HPOS="680"/>
<SP HEIGHT="38" WIDTH="22" VPOS="701" HPOS="776"/>
<String CONTENT="aff." HEIGHT="40" WIDTH="82" VPOS="698" HPOS="799"/>
<SP HEIGHT="39" WIDTH="24" VPOS="699" HPOS="882"/>
<String CONTENT="Feb." HEIGHT="39" WIDTH="110" VPOS="699" HPOS="907"/>
<SP HEIGHT="39" WIDTH="25" VPOS="699" HPOS="1018"/>
<String CS="1" CONTENT="10," HEIGHT="40" WIDTH="55" VPOS="698" HPOS="1044"/>
<SP HEIGHT="40" WIDTH="21" VPOS="699" HPOS="1115"/>
<String CS="1" CONTENT="1928;" HEIGHT="40" WIDTH="116" VPOS="698" HPOS="1137"/>
<SP HEIGHT="42" WIDTH="25" VPOS="698" HPOS="1282"/>
<!-- cceid 16078B6D-6CB2-1014-A20E-B9D6251C946A --><String CONTENT="A" HEIGHT="38" WIDTH="40" VPOS="698" HPOS="1308"/>
<SP HEIGHT="39" WIDTH="22" VPOS="698" HPOS="1349"/>
<String CS="1" CONTENT="1061649;" HEIGHT="41" WIDTH="204" VPOS="697" HPOS="1372"/>
<SP HEIGHT="46" WIDTH="25" VPOS="699" HPOS="1604"/>
<String CONTENT="Norman," HEIGHT="47" WIDTH="230" VPOS="699" HPOS="1630"/>
<SP HEIGHT="46" WIDTH="23" VPOS="700" HPOS="1861"/>
<String CONTENT="Remington" HEIGHT="101" WIDTH="1926" VPOS="698" HPOS="166"/>
<SP HEIGHT="30" WIDTH="19" VPOS="769" HPOS="249"/>
<String CONTENT="co." HEIGHT="30" WIDTH="67" VPOS="769" HPOS="269"/>
<SP HEIGHT="50" WIDTH="70" VPOS="757" HPOS="337"/>
<String CONTENT="(28-4907)" HEIGHT="50" WIDTH="254" VPOS="757" HPOS="408"/>
</TextLine>
<TextLine HEIGHT="64" WIDTH="906" VPOS="866" HPOS="92" STYLEREFS="StyleId-E002B17F-C0C3-4FB3-B785-D46D2C7C8EEC-" LANG="en-US">
<String CONTENT="Hall," HEIGHT="61" WIDTH="150" VPOS="869" HPOS="92"/>
<SP HEIGHT="61" WIDTH="37" VPOS="869" HPOS="243"/>
<String CONTENT="Walter" HEIGHT="54" WIDTH="229" VPOS="867" HPOS="281"/>
<SP HEIGHT="51" WIDTH="36" VPOS="868" HPOS="511"/>
<String CONTENT="Phelps," HEIGHT="63" WIDTH="234" VPOS="866" HPOS="548"/>
<SP HEIGHT="58" WIDTH="43" VPOS="870" HPOS="783"/>
<String CONTENT="1884-" HEIGHT="50" WIDTH="171" VPOS="869" HPOS="827"/>
</TextLine>
<TextLine HEIGHT="72" WIDTH="1942" VPOS="943" HPOS="167" STYLEREFS="StyleId-CF9DD9D7-D338-4230-BCAF-E119DF3BF0F8-" LANG="en-US">
<String CONTENT="Empire" HEIGHT="69" WIDTH="238" VPOS="946" HPOS="167"/>
<SP HEIGHT="47" WIDTH="31" VPOS="952" HPOS="406"/>
<String CONTENT="to" HEIGHT="47" WIDTH="59" VPOS="952" HPOS="438"/>
<SP HEIGHT="35" WIDTH="33" VPOS="964" HPOS="498"/>
<String CONTENT="commonwealth," HEIGHT="66" WIDTH="489" VPOS="945" HPOS="532"/>
<SP HEIGHT="61" WIDTH="32" VPOS="950" HPOS="1022"/>
<String CONTENT="thirty" HEIGHT="69" WIDTH="189" VPOS="944" HPOS="1055"/>
<SP HEIGHT="51" WIDTH="31" VPOS="962" HPOS="1245"/>
<String CONTENT="years" HEIGHT="51" WIDTH="166" VPOS="962" HPOS="1277"/>
<SP HEIGHT="35" WIDTH="33" VPOS="962" HPOS="1444"/>
<String CONTENT="of" HEIGHT="53" WIDTH="64" VPOS="943" HPOS="1478"/>
<SP HEIGHT="53" WIDTH="35" VPOS="943" HPOS="1543"/>
<String CONTENT="British" HEIGHT="53" WIDTH="224" VPOS="944" HPOS="1579"/>
<SP HEIGHT="53" WIDTH="37" VPOS="944" HPOS="1804"/>
<String CONTENT="imperial" HEIGHT="69" WIDTH="267" VPOS="943" HPOS="1842"/>
</TextLine>
<TextLine HEIGHT="71" WIDTH="2010" VPOS="1022" HPOS="97" STYLEREFS="StyleId-CF9DD9D7-D338-4230-BCAF-E119DF3BF0F8-" LANG="en-US" CS="1">
<String CONTENT="history," HEIGHT="68" WIDTH="238" VPOS="1025" HPOS="97"/>
<SP HEIGHT="68" WIDTH="29" VPOS="1024" HPOS="336"/>
<String CONTENT="by" HEIGHT="69" WIDTH="78" VPOS="1024" HPOS="366"/>
<SP HEIGHT="68" WIDTH="29" VPOS="1025" HPOS="445"/>
<String CONTENT="Walter" HEIGHT="54" WIDTH="224" VPOS="1024" HPOS="475"/>
<SP HEIGHT="52" WIDTH="31" VPOS="1024" HPOS="700"/>
<String CONTENT="Phelps" HEIGHT="68" WIDTH="218" VPOS="1023" HPOS="732"/>
<SP HEIGHT="52" WIDTH="31" VPOS="1023" HPOS="951"/>
<String CONTENT="Hall" HEIGHT="52" WIDTH="145" VPOS="1023" HPOS="983"/>
<SP HEIGHT="51" WIDTH="40" VPOS="1023" HPOS="1129"/>
<String CS="1" CONTENT="&#8230;"/>
<SP HEIGHT="53" WIDTH="75" VPOS="1022" HPOS="1227"/>
<String CONTENT="New" HEIGHT="53" WIDTH="141" VPOS="1022" HPOS="1303"/>
<SP HEIGHT="53" WIDTH="34" VPOS="1022" HPOS="1445"/>
<String CONTENT="York," HEIGHT="68" WIDTH="182" VPOS="1022" HPOS="1480"/>
<SP HEIGHT="68" WIDTH="33" VPOS="1022" HPOS="1663"/>
<String CONTENT="H." HEIGHT="53" WIDTH="77" VPOS="1022" HPOS="1697"/>
<SP HEIGHT="53" WIDTH="34" VPOS="1022" HPOS="1775"/>
<String CONTENT="Holt" HEIGHT="54" WIDTH="150" VPOS="1022" HPOS="1810"/>
<SP HEIGHT="47" WIDTH="34" VPOS="1029" HPOS="1961"/>
<String CONTENT="and" HEIGHT="53" WIDTH="111" VPOS="1023" HPOS="1996"/>
</TextLine>
<TextLine HEIGHT="67" WIDTH="499" VPOS="1104" HPOS="96" STYLEREFS="StyleId-CF9DD9D7-D338-4230-BCAF-E119DF3BF0F8-" LANG="en-US" CS="1">
<String CONTENT="company," HEIGHT="51" WIDTH="296" VPOS="1120" HPOS="96"/>
<SP HEIGHT="61" WIDTH="28" VPOS="1108" HPOS="393"/>
<String CS="1" CONTENT="&#7580;1928." HEIGHT="51" WIDTH="150" VPOS="1104" HPOS="445"/>
</TextLine>
<TextLine HEIGHT="50" WIDTH="1802" VPOS="1183" HPOS="198" LANG="en-US" CS="1">
<String CS="1" CONTENT="x"/>
<SP HEIGHT="38" WIDTH="22" VPOS="1194" HPOS="198"/>
<String CONTENT="p.," HEIGHT="38" WIDTH="58" VPOS="1194" HPOS="221"/>
<SP HEIGHT="48" WIDTH="25" VPOS="1184" HPOS="280"/>
<String CONTENT="2" HEIGHT="39" WIDTH="27" VPOS="1184" HPOS="306"/>
<SP HEIGHT="39" WIDTH="22" VPOS="1184" HPOS="334"/>
<String CS="1" CONTENT="l.,"/>
<SP HEIGHT="29" WIDTH="30" VPOS="1204" HPOS="403"/>
<String CONTENT="[3]-526" HEIGHT="50" WIDTH="177" VPOS="1183" HPOS="434"/>
<SP HEIGHT="49" WIDTH="23" VPOS="1183" HPOS="612"/>
<String CONTENT="p." HEIGHT="38" WIDTH="44" VPOS="1194" HPOS="636"/>
<SP HEIGHT="41" WIDTH="26" VPOS="1183" HPOS="681"/>
<String CONTENT="incl." HEIGHT="41" WIDTH="112" VPOS="1183" HPOS="708"/>
<SP HEIGHT="30" WIDTH="23" VPOS="1194" HPOS="821"/>
<String CONTENT="maps" HEIGHT="38" WIDTH="140" VPOS="1193" HPOS="845"/>
<SP HEIGHT="47" WIDTH="25" VPOS="1183" HPOS="986"/>
<String CONTENT="(part" HEIGHT="48" WIDTH="138" VPOS="1183" HPOS="1012"/>
<SP HEIGHT="39" WIDTH="25" VPOS="1184" HPOS="1151"/>
<String CONTENT="double)" HEIGHT="49" WIDTH="200" VPOS="1183" HPOS="1177"/>
<SP HEIGHT="49" WIDTH="66" VPOS="1183" HPOS="1378"/>
<String CONTENT="front.," HEIGHT="47" WIDTH="167" VPOS="1183" HPOS="1445"/>
<SP HEIGHT="38" WIDTH="26" VPOS="1193" HPOS="1613"/>
<String CONTENT="ports." HEIGHT="47" WIDTH="151" VPOS="1184" HPOS="1640"/>
<SP HEIGHT="40" WIDTH="57" VPOS="1183" HPOS="1792"/>
<String CS="1" CONTENT="22&#189;" HEIGHT="40" WIDTH="58" VPOS="1183" HPOS="1850"/>
<String STYLE="superscript" CS="1" CONTENT="&#7580;&#7504;"/>
<String CONTENT="." HEIGHT="9" WIDTH="10" VPOS="1215" HPOS="1990"/>
</TextLine>
<TextLine HEIGHT="50" WIDTH="695" VPOS="1253" HPOS="165" LANG="en-US" CS="1">
<String CS="1" CONTENT="Bibliography:" HEIGHT="48" WIDTH="353" VPOS="1254" HPOS="165"/>
<SP HEIGHT="38" WIDTH="25" VPOS="1265" HPOS="546"/>
<String CONTENT="p." HEIGHT="38" WIDTH="44" VPOS="1265" HPOS="572"/>
<SP HEIGHT="40" WIDTH="22" VPOS="1255" HPOS="617"/>
<String CONTENT="497-508." HEIGHT="42" WIDTH="220" VPOS="1253" HPOS="640"/>
</TextLine>
<TextLine HEIGHT="53" WIDTH="1933" VPOS="1321" HPOS="95" LANG="en-US" CS="1">
<String CONTENT="&#169;" HEIGHT="53" WIDTH="52" VPOS="1321" HPOS="95"/>
<SP HEIGHT="53" WIDTH="26" VPOS="1321" HPOS="148"/>
<String CONTENT="Feb." HEIGHT="40" WIDTH="110" VPOS="1326" HPOS="175"/>
<SP HEIGHT="40" WIDTH="27" VPOS="1326" HPOS="286"/>
<String CS="1" CONTENT="6," HEIGHT="40" WIDTH="28" VPOS="1326" HPOS="314"/>
<SP HEIGHT="40" WIDTH="26" VPOS="1328" HPOS="353"/>
<String CS="1" CONTENT="1928;" HEIGHT="40" WIDTH="86" VPOS="1325" HPOS="380"/>
<SP HEIGHT="46" WIDTH="28" VPOS="1327" HPOS="523"/>
<String CONTENT="2c." HEIGHT="39" WIDTH="66" VPOS="1327" HPOS="552"/>
<SP HEIGHT="40" WIDTH="27" VPOS="1326" HPOS="619"/>
<String CONTENT="Feb." HEIGHT="40" WIDTH="111" VPOS="1326" HPOS="647"/>
<SP HEIGHT="40" WIDTH="26" VPOS="1326" HPOS="759"/>
<String CONTENT="9;" HEIGHT="42" WIDTH="53" VPOS="1326" HPOS="786"/>
<SP HEIGHT="31" WIDTH="28" VPOS="1337" HPOS="840"/>
<String CONTENT="aff." HEIGHT="41" WIDTH="82" VPOS="1325" HPOS="869"/>
<SP HEIGHT="40" WIDTH="26" VPOS="1326" HPOS="952"/>
<String CONTENT="Feb." HEIGHT="41" WIDTH="112" VPOS="1326" HPOS="979"/>
<SP HEIGHT="39" WIDTH="27" VPOS="1328" HPOS="1092"/>
<String CONTENT="10;" HEIGHT="42" WIDTH="81" VPOS="1326" HPOS="1120"/>
<SP HEIGHT="40" WIDTH="30" VPOS="1328" HPOS="1202"/>
<!-- cceid 16084BD9-6CB2-1014-A20E-B9D6251C946A --><String CONTENT="A" HEIGHT="37" WIDTH="36" VPOS="1328" HPOS="1233"/>
<SP HEIGHT="37" WIDTH="26" VPOS="1328" HPOS="1270"/>
<String CS="1" CONTENT="1061637;" HEIGHT="40" WIDTH="204" VPOS="1326" HPOS="1297"/>
<SP HEIGHT="41" WIDTH="30" VPOS="1327" HPOS="1528"/>
<String CS="1" CONTENT="Henry" HEIGHT="38" WIDTH="136" VPOS="1327" HPOS="1559"/>
<SP HEIGHT="39" WIDTH="25" VPOS="1328" HPOS="1728"/>
<String CONTENT="Holt" HEIGHT="38" WIDTH="117" VPOS="1328" HPOS="1754"/>
<SP HEIGHT="39" WIDTH="27" VPOS="1328" HPOS="1872"/>
<String CONTENT="&amp;" HEIGHT="39" WIDTH="36" VPOS="1328" HPOS="1900"/>
<SP HEIGHT="39" WIDTH="23" VPOS="1328" HPOS="1937"/>
<String CONTENT="co." HEIGHT="30" WIDTH="67" VPOS="1337" HPOS="1961"/>
</TextLine>
<TextLine HEIGHT="50" WIDTH="255" VPOS="1383" HPOS="171" LANG="en-US">
<String CONTENT="(28-5035)" HEIGHT="50" WIDTH="255" VPOS="1383" HPOS="171"/>
</TextLine>
<TextLine HEIGHT="64" WIDTH="570" VPOS="1493" HPOS="88" STYLEREFS="StyleId-E002B17F-C0C3-4FB3-B785-D46D2C7C8EEC-" LANG="en-US">
<String CONTENT="Heaven," HEIGHT="60" WIDTH="259" VPOS="1497" HPOS="88"/>
<SP HEIGHT="63" WIDTH="32" VPOS="1494" HPOS="348"/>
<String CONTENT="Alice" HEIGHT="54" WIDTH="165" VPOS="1493" HPOS="381"/>
<SP HEIGHT="53" WIDTH="32" VPOS="1494" HPOS="547"/>
<String CONTENT="M." HEIGHT="53" WIDTH="78" VPOS="1494" HPOS="580"/>
</TextLine>
<TextLine HEIGHT="69" WIDTH="1950" VPOS="1571" HPOS="157" STYLEREFS="StyleId-CF9DD9D7-D338-4230-BCAF-E119DF3BF0F8-" LANG="en-US">
<String CONTENT="A" HEIGHT="51" WIDTH="56" VPOS="1574" HPOS="157"/>
<SP HEIGHT="51" WIDTH="28" VPOS="1574" HPOS="214"/>
<String CONTENT="sketch" HEIGHT="53" WIDTH="194" VPOS="1572" HPOS="243"/>
<SP HEIGHT="52" WIDTH="32" VPOS="1573" HPOS="438"/>
<String CONTENT="of" HEIGHT="54" WIDTH="66" VPOS="1571" HPOS="471"/>
<SP HEIGHT="54" WIDTH="26" VPOS="1571" HPOS="538"/>
<String CONTENT="the" HEIGHT="53" WIDTH="96" VPOS="1572" HPOS="565"/>
<SP HEIGHT="54" WIDTH="31" VPOS="1571" HPOS="662"/>
<String CONTENT="famous" HEIGHT="54" WIDTH="228" VPOS="1571" HPOS="694"/>
<SP HEIGHT="54" WIDTH="27" VPOS="1571" HPOS="923"/>
<String CONTENT="Mason" HEIGHT="53" WIDTH="206" VPOS="1571" HPOS="951"/>
<SP HEIGHT="33" WIDTH="30" VPOS="1590" HPOS="1158"/>
<String CONTENT="and" HEIGHT="53" WIDTH="115" VPOS="1571" HPOS="1189"/>
<SP HEIGHT="53" WIDTH="29" VPOS="1571" HPOS="1305"/>
<String CONTENT="Dixon" HEIGHT="53" WIDTH="196" VPOS="1571" HPOS="1335"/>
<SP HEIGHT="52" WIDTH="27" VPOS="1571" HPOS="1532"/>
<String CONTENT="line," HEIGHT="68" WIDTH="135" VPOS="1571" HPOS="1560"/>
<SP HEIGHT="67" WIDTH="25" VPOS="1572" HPOS="1696"/>
<String CONTENT="by" HEIGHT="68" WIDTH="76" VPOS="1572" HPOS="1722"/>
<SP HEIGHT="67" WIDTH="28" VPOS="1573" HPOS="1799"/>
<String CONTENT="Alice" HEIGHT="53" WIDTH="165" VPOS="1572" HPOS="1828"/>
<SP HEIGHT="52" WIDTH="29" VPOS="1572" HPOS="1994"/>
<String CONTENT="M." HEIGHT="53" WIDTH="83" VPOS="1572" HPOS="2024"/>
</TextLine>
<TextLine HEIGHT="71" WIDTH="2019" VPOS="1648" HPOS="90" STYLEREFS="StyleId-CF9DD9D7-D338-4230-BCAF-E119DF3BF0F8-" LANG="en-US">
<String CONTENT="Heaven." HEIGHT="53" WIDTH="252" VPOS="1651" HPOS="90"/>
<SP HEIGHT="34" WIDTH="81" VPOS="1683" HPOS="343"/>
<String CONTENT="[Washington," HEIGHT="69" WIDTH="422" VPOS="1650" HPOS="425"/>
<SP HEIGHT="66" WIDTH="26" VPOS="1649" HPOS="848"/>
<String CONTENT="D." HEIGHT="53" WIDTH="72" VPOS="1649" HPOS="875"/>
<SP HEIGHT="56" WIDTH="29" VPOS="1648" HPOS="948"/>
<String CONTENT="C.," HEIGHT="70" WIDTH="83" VPOS="1648" HPOS="978"/>
<SP HEIGHT="68" WIDTH="24" VPOS="1650" HPOS="1062"/>
<String CONTENT="Printed" HEIGHT="53" WIDTH="247" VPOS="1650" HPOS="1087"/>
<SP HEIGHT="54" WIDTH="23" VPOS="1649" HPOS="1335"/>
<String CONTENT="by" HEIGHT="70" WIDTH="77" VPOS="1649" HPOS="1359"/>
<SP HEIGHT="68" WIDTH="25" VPOS="1651" HPOS="1437"/>
<String CONTENT="Ben" HEIGHT="51" WIDTH="124" VPOS="1651" HPOS="1463"/>
<SP HEIGHT="52" WIDTH="26" VPOS="1650" HPOS="1588"/>
<String CONTENT="Franklin" HEIGHT="53" WIDTH="287" VPOS="1649" HPOS="1615"/>
<SP HEIGHT="50" WIDTH="26" VPOS="1669" HPOS="1903"/>
<String CONTENT="press," HEIGHT="50" WIDTH="179" VPOS="1669" HPOS="1930"/>
</TextLine>
<TextLine HEIGHT="68" WIDTH="335" VPOS="1729" HPOS="88" STYLEREFS="StyleId-CF9DD9D7-D338-4230-BCAF-E119DF3BF0F8-" LANG="en-US" CS="1">
<String CS="1" CONTENT="inc.]" HEIGHT="53" WIDTH="105" VPOS="1730" HPOS="88"/>
<SP HEIGHT="62" WIDTH="31" VPOS="1735" HPOS="215"/>
<String CS="1" CONTENT="&#7580;1927." HEIGHT="54" WIDTH="153" VPOS="1729" HPOS="270"/>
</TextLine>
<TextLine HEIGHT="51" WIDTH="1066" VPOS="1811" HPOS="156" LANG="en-US" CS="1">
<String CONTENT="1" HEIGHT="38" WIDTH="24" VPOS="1815" HPOS="156"/>
<SP HEIGHT="47" WIDTH="28" VPOS="1815" HPOS="181"/>
<String LANG="fr" CONTENT="p." HEIGHT="38" WIDTH="43" VPOS="1824" HPOS="210"/>
<SP HEIGHT="40" WIDTH="26" VPOS="1814" HPOS="254"/>
<String CS="1" CONTENT="l.,"/>
<SP HEIGHT="47" WIDTH="28" VPOS="1814" HPOS="327"/>
<String CONTENT="19" HEIGHT="41" WIDTH="58" VPOS="1812" HPOS="356"/>
<SP HEIGHT="49" WIDTH="27" VPOS="1812" HPOS="415"/>
<String LANG="fr" CONTENT="p.," HEIGHT="37" WIDTH="57" VPOS="1824" HPOS="443"/>
<SP HEIGHT="47" WIDTH="26" VPOS="1814" HPOS="501"/>
<String CONTENT="1" HEIGHT="38" WIDTH="24" VPOS="1814" HPOS="528"/>
<SP HEIGHT="39" WIDTH="29" VPOS="1813" HPOS="553"/>
<String CS="1" CONTENT="l." HEIGHT="9" WIDTH="10" VPOS="1844" HPOS="605"/>
<SP HEIGHT="41" WIDTH="57" VPOS="1812" HPOS="616"/>
<String CONTENT="illus." HEIGHT="41" WIDTH="132" VPOS="1812" HPOS="674"/>
<SP HEIGHT="49" WIDTH="26" VPOS="1812" HPOS="807"/>
<String CONTENT="(ports.)" HEIGHT="50" WIDTH="201" VPOS="1811" HPOS="834"/>
<SP HEIGHT="48" WIDTH="65" VPOS="1811" HPOS="1036"/>
<String CONTENT="24" HEIGHT="39" WIDTH="59" VPOS="1812" HPOS="1102"/>
<String STYLE="superscript" CS="1" CONTENT="&#7580;&#7504;"/>
<String CONTENT="." HEIGHT="9" WIDTH="10" VPOS="1844" HPOS="1212"/>
</TextLine>
<TextLine HEIGHT="49" WIDTH="785" VPOS="1881" HPOS="157" LANG="en-US" CS="1">
<String CS="1" CONTENT="Bibliography:" HEIGHT="48" WIDTH="354" VPOS="1882" HPOS="157"/>
<SP HEIGHT="41" WIDTH="30" VPOS="1882" HPOS="538"/>
<String CONTENT="1" HEIGHT="39" WIDTH="25" VPOS="1882" HPOS="569"/>
<SP HEIGHT="39" WIDTH="27" VPOS="1882" HPOS="595"/>
<String CONTENT="leaf" HEIGHT="40" WIDTH="104" VPOS="1881" HPOS="623"/>
<SP HEIGHT="40" WIDTH="26" VPOS="1881" HPOS="728"/>
<String CONTENT="at" HEIGHT="38" WIDTH="53" VPOS="1884" HPOS="755"/>
<SP HEIGHT="38" WIDTH="24" VPOS="1884" HPOS="809"/>
<String CONTENT="end." HEIGHT="41" WIDTH="108" VPOS="1882" HPOS="834"/>
</TextLine>
<TextLine HEIGHT="53" WIDTH="2013" VPOS="1948" HPOS="91" LANG="en-US" CS="1">
<String CONTENT="&#169;" HEIGHT="53" WIDTH="52" VPOS="1948" HPOS="91"/>
<SP HEIGHT="53" WIDTH="32" VPOS="1948" HPOS="144"/>
<String CONTENT="Dec." HEIGHT="39" WIDTH="113" VPOS="1954" HPOS="177"/>
<SP HEIGHT="41" WIDTH="31" VPOS="1952" HPOS="291"/>
<String CONTENT="23," HEIGHT="47" WIDTH="70" VPOS="1952" HPOS="323"/>
<SP HEIGHT="46" WIDTH="36" VPOS="1953" HPOS="394"/>
<String CS="1" CONTENT="1927;" HEIGHT="40" WIDTH="114" VPOS="1952" HPOS="431"/>
<SP HEIGHT="47" WIDTH="34" VPOS="1952" HPOS="573"/>
<String CONTENT="2c." HEIGHT="40" WIDTH="68" VPOS="1952" HPOS="608"/>
<SP HEIGHT="30" WIDTH="34" VPOS="1962" HPOS="677"/>
<String CONTENT="and" HEIGHT="38" WIDTH="96" VPOS="1953" HPOS="712"/>
<SP HEIGHT="38" WIDTH="32" VPOS="1953" HPOS="809"/>
<String CONTENT="aff." HEIGHT="40" WIDTH="82" VPOS="1952" HPOS="842"/>
<SP HEIGHT="40" WIDTH="34" VPOS="1952" HPOS="925"/>
<String CONTENT="Feb." HEIGHT="40" WIDTH="111" VPOS="1952" HPOS="960"/>
<SP HEIGHT="40" WIDTH="34" VPOS="1952" HPOS="1072"/>
<String CONTENT="9," HEIGHT="47" WIDTH="40" VPOS="1952" HPOS="1107"/>
<SP HEIGHT="46" WIDTH="31" VPOS="1953" HPOS="1148"/>
<String CONTENT="1928;" HEIGHT="48" WIDTH="143" VPOS="1951" HPOS="1180"/>
<SP HEIGHT="45" WIDTH="34" VPOS="1954" HPOS="1324"/>
<!-- cceid 16091778-6CB2-1014-A20E-B9D6251C946A --><String CONTENT="A" HEIGHT="37" WIDTH="41" VPOS="1954" HPOS="1359"/>
<SP HEIGHT="38" WIDTH="32" VPOS="1953" HPOS="1401"/>
<String CONTENT="1018739;" HEIGHT="48" WIDTH="231" VPOS="1952" HPOS="1434"/>
<SP HEIGHT="45" WIDTH="34" VPOS="1955" HPOS="1666"/>
<String CONTENT="A." HEIGHT="38" WIDTH="54" VPOS="1955" HPOS="1701"/>
<SP HEIGHT="38" WIDTH="33" VPOS="1955" HPOS="1756"/>
<String CONTENT="M." HEIGHT="39" WIDTH="62" VPOS="1955" HPOS="1790"/>
<SP HEIGHT="39" WIDTH="34" VPOS="1955" HPOS="1853"/>
<String CONTENT="Heaven," HEIGHT="43" WIDTH="216" VPOS="1955" HPOS="1888"/>
</TextLine>
<TextLine HEIGHT="49" WIDTH="664" VPOS="2009" HPOS="161" LANG="en-US">
<String CONTENT="Washington." HEIGHT="48" WIDTH="338" VPOS="2010" HPOS="161"/>
<SP HEIGHT="49" WIDTH="69" VPOS="2009" HPOS="500"/>
<String CONTENT="(28-4900)" HEIGHT="49" WIDTH="255" VPOS="2009" HPOS="570"/>
</TextLine>
<TextLine HEIGHT="65" WIDTH="803" VPOS="2118" HPOS="82" STYLEREFS="StyleId-E002B17F-C0C3-4FB3-B785-D46D2C7C8EEC-" LANG="en-US">
<String CONTENT="Henning," HEIGHT="65" WIDTH="296" VPOS="2118" HPOS="82"/>
<SP HEIGHT="64" WIDTH="37" VPOS="2118" HPOS="379"/>
<String CONTENT="George" HEIGHT="65" WIDTH="228" VPOS="2118" HPOS="417"/>
<SP HEIGHT="52" WIDTH="31" VPOS="2119" HPOS="646"/>
<String CONTENT="Neely." HEIGHT="64" WIDTH="207" VPOS="2118" HPOS="678"/>
</TextLine>
<TextLine HEIGHT="71" WIDTH="1943" VPOS="2197" HPOS="163" STYLEREFS="StyleId-CF9DD9D7-D338-4230-BCAF-E119DF3BF0F8-" LANG="en-US">
<String CONTENT="[Preface," HEIGHT="68" WIDTH="278" VPOS="2197" HPOS="163"/>
<SP HEIGHT="48" WIDTH="31" VPOS="2216" HPOS="442"/>
<String CONTENT="notes," HEIGHT="62" WIDTH="177" VPOS="2203" HPOS="474"/>
<SP HEIGHT="48" WIDTH="33" VPOS="2217" HPOS="652"/>
<String CONTENT="exercises" HEIGHT="53" WIDTH="272" VPOS="2197" HPOS="686"/>
<SP HEIGHT="35" WIDTH="36" VPOS="2215" HPOS="959"/>
<String CONTENT="and" HEIGHT="52" WIDTH="113" VPOS="2198" HPOS="996"/>
<SP HEIGHT="52" WIDTH="34" VPOS="2198" HPOS="1110"/>
<String CONTENT="vocabulary]" HEIGHT="69" WIDTH="368" VPOS="2197" HPOS="1145"/>
<SP HEIGHT="67" WIDTH="38" VPOS="2198" HPOS="1514"/>
<String CONTENT="by" HEIGHT="69" WIDTH="77" VPOS="2198" HPOS="1553"/>
<SP HEIGHT="70" WIDTH="33" VPOS="2197" HPOS="1631"/>
<String CONTENT="George" HEIGHT="71" WIDTH="223" VPOS="2197" HPOS="1665"/>
<SP HEIGHT="52" WIDTH="33" VPOS="2200" HPOS="1889"/>
<String CONTENT="Neely" HEIGHT="68" WIDTH="183" VPOS="2200" HPOS="1923"/>
</TextLine>
<TextLine HEIGHT="72" WIDTH="2019" VPOS="2275" HPOS="87" STYLEREFS="StyleId-CF9DD9D7-D338-4230-BCAF-E119DF3BF0F8-" CS="1">
<String LANG="en-US" CONTENT="Henning" HEIGHT="70" WIDTH="278" VPOS="2276" HPOS="87"/>
<SP HEIGHT="50" WIDTH="45" VPOS="2296" HPOS="366"/>
<String LANG="en-US" CS="1" CONTENT="[in" HEIGHT="52" WIDTH="60" VPOS="2277" HPOS="430"/>
<SP HEIGHT="46" WIDTH="36" VPOS="2282" HPOS="491"/>
<String LANG="en-US" CONTENT="the" HEIGHT="53" WIDTH="96" VPOS="2276" HPOS="528"/>
<SP HEIGHT="53" WIDTH="38" VPOS="2276" HPOS="625"/>
<String LANG="en-US" CONTENT="book" HEIGHT="53" WIDTH="149" VPOS="2276" HPOS="664"/>
<SP HEIGHT="52" WIDTH="36" VPOS="2277" HPOS="814"/>
<String LANG="en-US" CONTENT="entitled]" HEIGHT="67" WIDTH="259" VPOS="2275" HPOS="851"/>
<SP HEIGHT="67" WIDTH="42" VPOS="2275" HPOS="1111"/>
<String LANG="fr" CONTENT="Abeille" HEIGHT="54" WIDTH="228" VPOS="2275" HPOS="1154"/>
<SP HEIGHT="33" WIDTH="39" VPOS="2295" HPOS="1383"/>
<String LANG="fr" CONTENT="et" HEIGHT="47" WIDTH="55" VPOS="2281" HPOS="1423"/>
<SP HEIGHT="48" WIDTH="36" VPOS="2281" HPOS="1479"/>
<String LANG="fr" CONTENT="autres" HEIGHT="48" WIDTH="192" VPOS="2282" HPOS="1516"/>
<SP HEIGHT="34" WIDTH="39" VPOS="2296" HPOS="1709"/>
<String LANG="fr" CONTENT="contes," HEIGHT="62" WIDTH="207" VPOS="2283" HPOS="1749"/>
<SP HEIGHT="50" WIDTH="39" VPOS="2297" HPOS="1957"/>
<String LANG="fr" CONTENT="par" HEIGHT="50" WIDTH="109" VPOS="2297" HPOS="1997"/>
</TextLine>
<TextLine HEIGHT="71" WIDTH="2021" VPOS="2354" HPOS="80" STYLEREFS="StyleId-CF9DD9D7-D338-4230-BCAF-E119DF3BF0F8-" CS="1">
<String LANG="fr" CONTENT="Anatole" HEIGHT="53" WIDTH="251" VPOS="2356" HPOS="80"/>
<SP HEIGHT="53" WIDTH="25" VPOS="2356" HPOS="332"/>
<String LANG="fr" CONTENT="France" HEIGHT="53" WIDTH="223" VPOS="2356" HPOS="358"/>
<SP HEIGHT="34" WIDTH="32" VPOS="2375" HPOS="582"/>
<String LANG="fr" CS="1" CONTENT="&#8230;"/>
<SP HEIGHT="54" WIDTH="78" VPOS="2355" HPOS="672"/>
<String LANG="en-US" CONTENT="Illustrated" HEIGHT="54" WIDTH="342" VPOS="2354" HPOS="751"/>
<SP HEIGHT="53" WIDTH="25" VPOS="2355" HPOS="1094"/>
<String LANG="en-US" CONTENT="by" HEIGHT="69" WIDTH="78" VPOS="2355" HPOS="1120"/>
<SP HEIGHT="70" WIDTH="27" VPOS="2354" HPOS="1199"/>
<String LANG="de" CONTENT="Kurt" HEIGHT="54" WIDTH="160" VPOS="2354" HPOS="1227"/>
<SP HEIGHT="55" WIDTH="23" VPOS="2355" HPOS="1388"/>
<String LANG="de" CONTENT="Wiese." HEIGHT="56" WIDTH="205" VPOS="2354" HPOS="1412"/>
<SP HEIGHT="52" WIDTH="75" VPOS="2357" HPOS="1618"/>
<String LANG="de" CONTENT="Boston," HEIGHT="68" WIDTH="237" VPOS="2357" HPOS="1694"/>
<SP HEIGHT="68" WIDTH="26" VPOS="2357" HPOS="1932"/>
<String LANG="de" CONTENT="New" HEIGHT="54" WIDTH="142" VPOS="2357" HPOS="1959"/>
</TextLine>
<TextLine HEIGHT="71" WIDTH="1435" VPOS="2432" HPOS="84" STYLEREFS="StyleId-CF9DD9D7-D338-4230-BCAF-E119DF3BF0F8-" CS="1">
<String LANG="de" CONTENT="York" HEIGHT="53" WIDTH="163" VPOS="2435" HPOS="84"/>
<SP HEIGHT="67" WIDTH="28" VPOS="2435" HPOS="248"/>
<String LANG="de" CS="1" CONTENT="[etc.]" HEIGHT="61" WIDTH="121" VPOS="2441" HPOS="295"/>
<SP HEIGHT="67" WIDTH="31" VPOS="2435" HPOS="417"/>
<String LANG="de" CONTENT="D." HEIGHT="52" WIDTH="72" VPOS="2435" HPOS="449"/>
<SP HEIGHT="56" WIDTH="28" VPOS="2432" HPOS="522"/>
<String LANG="de" CONTENT="C." HEIGHT="56" WIDTH="61" VPOS="2432" HPOS="551"/>
<SP HEIGHT="51" WIDTH="26" VPOS="2435" HPOS="613"/>
<String LANG="en-US" CONTENT="Heath" HEIGHT="52" WIDTH="196" VPOS="2435" HPOS="640"/>
<SP HEIGHT="52" WIDTH="29" VPOS="2435" HPOS="837"/>
<String LANG="en-US" CONTENT="and" HEIGHT="52" WIDTH="113" VPOS="2435" HPOS="867"/>
<SP HEIGHT="52" WIDTH="26" VPOS="2435" HPOS="981"/>
<String LANG="en-US" CONTENT="company" HEIGHT="51" WIDTH="284" VPOS="2452" HPOS="1008"/>
<SP HEIGHT="50" WIDTH="31" VPOS="2453" HPOS="1293"/>
<String LANG="en-US" CS="1" CONTENT="[&#7580;"/>
<String LANG="de" CONTENT="1928]" HEIGHT="65" WIDTH="153" VPOS="2437" HPOS="1366"/>
</TextLine>
<TextLine HEIGHT="49" WIDTH="990" VPOS="2517" HPOS="155" STYLEREFS="StyleId-CF9DD9D7-D338-4230-BCAF-E119DF3BF0F8-" LANG="de" CS="1">
<String CONTENT="vi," HEIGHT="46" WIDTH="61" VPOS="2519" HPOS="155"/>
<SP HEIGHT="48" WIDTH="27" VPOS="2517" HPOS="217"/>
<String CONTENT="2" HEIGHT="40" WIDTH="27" VPOS="2517" HPOS="245"/>
<SP HEIGHT="40" WIDTH="22" VPOS="2517" HPOS="273"/>
<String CS="1" CONTENT="l.,"/>
<SP HEIGHT="47" WIDTH="24" VPOS="2518" HPOS="342"/>
<String CONTENT="3-260" HEIGHT="40" WIDTH="150" VPOS="2518" HPOS="367"/>
<SP HEIGHT="48" WIDTH="22" VPOS="2518" HPOS="518"/>
<String CONTENT="p." HEIGHT="37" WIDTH="43" VPOS="2529" HPOS="541"/>
<SP HEIGHT="41" WIDTH="58" VPOS="2517" HPOS="585"/>
<String CONTENT="front.," HEIGHT="48" WIDTH="165" VPOS="2517" HPOS="644"/>
<SP HEIGHT="47" WIDTH="26" VPOS="2518" HPOS="810"/>
<String CONTENT="illus." HEIGHT="40" WIDTH="129" VPOS="2518" HPOS="837"/>
<SP HEIGHT="39" WIDTH="60" VPOS="2519" HPOS="967"/>
<String CONTENT="17" HEIGHT="39" WIDTH="56" VPOS="2519" HPOS="1028"/>
<String STYLE="superscript" CS="1" CONTENT="&#7580;&#7504;"/>
<String CONTENT="." HEIGHT="8" WIDTH="8" VPOS="2550" HPOS="1137"/>
</TextLine>
<TextLine HEIGHT="53" WIDTH="1964" VPOS="2585" HPOS="88" LANG="de" CS="1">
<String CONTENT="&#169;" HEIGHT="53" WIDTH="52" VPOS="2585" HPOS="88"/>
<SP HEIGHT="53" WIDTH="29" VPOS="2585" HPOS="141"/>
<String LANG="en-US" CONTENT="Feb." HEIGHT="42" WIDTH="112" VPOS="2589" HPOS="171"/>
<SP HEIGHT="40" WIDTH="28" VPOS="2591" HPOS="284"/>
<String CONTENT="1," HEIGHT="46" WIDTH="39" VPOS="2591" HPOS="313"/>
<SP HEIGHT="47" WIDTH="28" VPOS="2590" HPOS="353"/>
<String CS="1" CONTENT="1928;" HEIGHT="40" WIDTH="116" VPOS="2589" HPOS="382"/>
<SP HEIGHT="48" WIDTH="33" VPOS="2589" HPOS="525"/>
<String CONTENT="2c." HEIGHT="41" WIDTH="67" VPOS="2589" HPOS="559"/>
<SP HEIGHT="41" WIDTH="28" VPOS="2589" HPOS="627"/>
<String CONTENT="Feb." HEIGHT="40" WIDTH="113" VPOS="2589" HPOS="656"/>
<SP HEIGHT="40" WIDTH="27" VPOS="2589" HPOS="770"/>
<String CS="1" CONTENT="6;" HEIGHT="39" WIDTH="28" VPOS="2589" HPOS="798"/>
<SP HEIGHT="32" WIDTH="30" VPOS="2599" HPOS="851"/>
<String CONTENT="aff." HEIGHT="41" WIDTH="83" VPOS="2588" HPOS="882"/>
<SP HEIGHT="40" WIDTH="31" VPOS="2589" HPOS="966"/>
<String CONTENT="Feb." HEIGHT="39" WIDTH="111" VPOS="2589" HPOS="998"/>
<SP HEIGHT="39" WIDTH="26" VPOS="2589" HPOS="1110"/>
<String CS="1" CONTENT="4;" HEIGHT="39" WIDTH="29" VPOS="2589" HPOS="1137"/>
<SP HEIGHT="41" WIDTH="28" VPOS="2589" HPOS="1193"/>
<!-- cceid 1609EBEA-6CB2-1014-A20E-B9D6251C946A --><String LANG="en-US" CONTENT="A" HEIGHT="39" WIDTH="43" VPOS="2589" HPOS="1222"/>
<SP HEIGHT="39" WIDTH="26" VPOS="2589" HPOS="1266"/>
<String CS="1" CONTENT="1061562;" HEIGHT="42" WIDTH="205" VPOS="2588" HPOS="1293"/>
<SP HEIGHT="40" WIDTH="31" VPOS="2591" HPOS="1525"/>
<String CONTENT="D." HEIGHT="39" WIDTH="55" VPOS="2591" HPOS="1557"/>
<SP HEIGHT="41" WIDTH="30" VPOS="2590" HPOS="1613"/>
<String CONTENT="C." HEIGHT="41" WIDTH="48" VPOS="2590" HPOS="1644"/>
<SP HEIGHT="39" WIDTH="30" VPOS="2591" HPOS="1693"/>
<String LANG="en-US" CONTENT="Heath" HEIGHT="39" WIDTH="163" VPOS="2591" HPOS="1724"/>
<SP HEIGHT="40" WIDTH="28" VPOS="2591" HPOS="1888"/>
<String CONTENT="&amp;" HEIGHT="40" WIDTH="37" VPOS="2591" HPOS="1917"/>
<SP HEIGHT="40" WIDTH="26" VPOS="2591" HPOS="1955"/>
<String CONTENT="co." HEIGHT="31" WIDTH="70" VPOS="2601" HPOS="1982"/>
</TextLine>
<TextLine HEIGHT="65" WIDTH="753" VPOS="2698" HPOS="83" STYLEREFS="StyleId-E002B17F-C0C3-4FB3-B785-D46D2C7C8EEC-" LANG="de">
<String CONTENT="Herbert," HEIGHT="63" WIDTH="274" VPOS="2700" HPOS="83"/>
<SP HEIGHT="63" WIDTH="28" VPOS="2700" HPOS="358"/>
<String CONTENT="Alan" HEIGHT="53" WIDTH="155" VPOS="2699" HPOS="387"/>
<SP HEIGHT="52" WIDTH="29" VPOS="2700" HPOS="543"/>
<String CONTENT="Patrick." HEIGHT="54" WIDTH="263" VPOS="2698" HPOS="573"/>
</TextLine>
<TextLine HEIGHT="71" WIDTH="1611" VPOS="2777" HPOS="151" STYLEREFS="StyleId-CF9DD9D7-D338-4230-BCAF-E119DF3BF0F8-">
<String LANG="en-US" CONTENT="The" HEIGHT="52" WIDTH="121" VPOS="2779" HPOS="151"/>
<SP HEIGHT="47" WIDTH="25" VPOS="2784" HPOS="273"/>
<String LANG="en-US" CONTENT="trials" HEIGHT="53" WIDTH="167" VPOS="2779" HPOS="299"/>
<SP HEIGHT="35" WIDTH="26" VPOS="2797" HPOS="467"/>
<String LANG="en-US" CONTENT="of" HEIGHT="54" WIDTH="65" VPOS="2777" HPOS="494"/>
<SP HEIGHT="53" WIDTH="27" VPOS="2777" HPOS="560"/>
<String LANG="de" CONTENT="Topsy." HEIGHT="68" WIDTH="211" VPOS="2779" HPOS="588"/>
<SP HEIGHT="50" WIDTH="75" VPOS="2781" HPOS="800"/>
<String LANG="de" CONTENT="21." HEIGHT="49" WIDTH="84" VPOS="2781" HPOS="876"/>
<SP HEIGHT="51" WIDTH="26" VPOS="2779" HPOS="961"/>
<String LANG="en-US" CONTENT="The" HEIGHT="51" WIDTH="123" VPOS="2779" HPOS="988"/>
<SP HEIGHT="33" WIDTH="28" VPOS="2797" HPOS="1112"/>
<String LANG="en-US" CONTENT="ephemeral" HEIGHT="68" WIDTH="326" VPOS="2778" HPOS="1141"/>
<SP HEIGHT="52" WIDTH="27" VPOS="2779" HPOS="1468"/>
<String LANG="en-US" CONTENT="triangle." HEIGHT="70" WIDTH="266" VPOS="2778" HPOS="1496"/>
</TextLine>
<TextLine HEIGHT="51" WIDTH="286" VPOS="2857" HPOS="187" STYLEREFS="StyleId-4A489D61-B0FC-4041-B772-94A1E23147F7-" LANG="de" CS="1">
<String CS="1" CONTENT="(In" HEIGHT="39" WIDTH="61" VPOS="2863" HPOS="187"/>
<SP HEIGHT="43" WIDTH="25" VPOS="2859" HPOS="249"/>
<String CONTENT="Punch)" HEIGHT="51" WIDTH="198" VPOS="2857" HPOS="275"/>
</TextLine>
<TextLine HEIGHT="54" WIDTH="2015" VPOS="2927" HPOS="87" LANG="de" CS="1">
<String CONTENT="&#169;" HEIGHT="53" WIDTH="52" VPOS="2927" HPOS="87"/>
<SP HEIGHT="53" WIDTH="21" VPOS="2927" HPOS="140"/>
<String CS="1" CONTENT="1c." HEIGHT="30" WIDTH="38" VPOS="2943" HPOS="191"/>
<SP HEIGHT="39" WIDTH="23" VPOS="2934" HPOS="230"/>
<String CONTENT="Mar." HEIGHT="40" WIDTH="124" VPOS="2934" HPOS="254"/>
<SP HEIGHT="41" WIDTH="21" VPOS="2933" HPOS="379"/>
<String CONTENT="3," HEIGHT="47" WIDTH="42" VPOS="2933" HPOS="401"/>
<SP HEIGHT="46" WIDTH="24" VPOS="2934" HPOS="444"/>
<String CS="1" CONTENT="1928;" HEIGHT="40" WIDTH="86" VPOS="2932" HPOS="469"/>
<SP HEIGHT="41" WIDTH="25" VPOS="2933" HPOS="611"/>
<!-- cceid 160AD7B4-6CB2-1014-A20E-B9D6251C946A --><String LANG="fr" CONTENT="A" HEIGHT="38" WIDTH="40" VPOS="2933" HPOS="637"/>
<SP HEIGHT="39" WIDTH="23" VPOS="2933" HPOS="678"/>
<String CONTENT="ad" HEIGHT="39" WIDTH="60" VPOS="2933" HPOS="702"/>
<SP HEIGHT="40" WIDTH="26" VPOS="2932" HPOS="763"/>
<String CONTENT="int." HEIGHT="41" WIDTH="86" VPOS="2932" HPOS="790"/>
<SP HEIGHT="39" WIDTH="22" VPOS="2934" HPOS="877"/>
<String CS="1" CONTENT="10767;" HEIGHT="41" WIDTH="144" VPOS="2932" HPOS="900"/>
<SP HEIGHT="38" WIDTH="26" VPOS="2943" HPOS="1072"/>
<String CONTENT="pubd." HEIGHT="48" WIDTH="144" VPOS="2933" HPOS="1099"/>
<SP HEIGHT="39" WIDTH="23" VPOS="2934" HPOS="1244"/>
<String CONTENT="Jan." HEIGHT="39" WIDTH="111" VPOS="2934" HPOS="1268"/>
<SP HEIGHT="39" WIDTH="20" VPOS="2934" HPOS="1380"/>
<String CS="1" CONTENT="4;" HEIGHT="38" WIDTH="28" VPOS="2934" HPOS="1401"/>
<SP HEIGHT="47" WIDTH="22" VPOS="2933" HPOS="1458"/>
<String LANG="en-US" CONTENT="A." HEIGHT="40" WIDTH="53" VPOS="2933" HPOS="1481"/>
<SP HEIGHT="39" WIDTH="24" VPOS="2934" HPOS="1535"/>
<String CONTENT="P." HEIGHT="40" WIDTH="52" VPOS="2934" HPOS="1560"/>
<SP HEIGHT="40" WIDTH="22" VPOS="2934" HPOS="1613"/>
<String CONTENT="Herbert," HEIGHT="47" WIDTH="225" VPOS="2934" HPOS="1636"/>
<SP HEIGHT="47" WIDTH="24" VPOS="2934" HPOS="1862"/>
<String CONTENT="London." HEIGHT="41" WIDTH="215" VPOS="2934" HPOS="1887"/>
</TextLine>
<TextLine HEIGHT="69" WIDTH="416" VPOS="3043" HPOS="246" STYLEREFS="StyleId-CF9DD9D7-D338-4230-BCAF-E119DF3BF0F8-" CS="1">
<String LANG="en-US" CS="1" CONTENT="The"/>
<SP/>
<String LANG="en-US" CS="1" CONTENT="trials"/>
<SP/>
<String LANG="en-US" CS="1" CONTENT="of"/>
<SP/>
<String LANG="de" CS="1" CONTENT="Topsy."/>
<SP/>
<String LANG="de" CONTENT="22." HEIGHT="49" WIDTH="85" VPOS="3046" HPOS="246"/>
<SP HEIGHT="52" WIDTH="29" VPOS="3043" HPOS="332"/>
<String LANG="en-US" CONTENT="Engaged." HEIGHT="69" WIDTH="300" VPOS="3043" HPOS="362"/>
</TextLine>
<TextLine HEIGHT="52" WIDTH="308" VPOS="3122" HPOS="164" STYLEREFS="StyleId-4A489D61-B0FC-4041-B772-94A1E23147F7-" LANG="de">
<String CONTENT="(In" HEIGHT="47" WIDTH="83" VPOS="3127" HPOS="164"/>
<SP HEIGHT="43" WIDTH="26" VPOS="3123" HPOS="248"/>
<String CONTENT="Punch)" HEIGHT="51" WIDTH="197" VPOS="3122" HPOS="275"/>
</TextLine>
<TextLine HEIGHT="54" WIDTH="2019" VPOS="3177" HPOS="85" LANG="de" CS="1">
<String CONTENT="&#169;" HEIGHT="53" WIDTH="52" VPOS="3177" HPOS="85"/>
<SP HEIGHT="53" WIDTH="20" VPOS="3177" HPOS="138"/>
<String CS="1" CONTENT="1c." HEIGHT="30" WIDTH="37" VPOS="3194" HPOS="190"/>
<SP HEIGHT="39" WIDTH="23" VPOS="3185" HPOS="228"/>
<String CONTENT="Mar." HEIGHT="39" WIDTH="123" VPOS="3185" HPOS="252"/>
<SP HEIGHT="39" WIDTH="22" VPOS="3185" HPOS="376"/>
<String CONTENT="7," HEIGHT="46" WIDTH="41" VPOS="3185" HPOS="399"/>
<SP HEIGHT="46" WIDTH="21" VPOS="3185" HPOS="441"/>
<String CS="1" CONTENT="1928;" HEIGHT="41" WIDTH="116" VPOS="3183" HPOS="463"/>
<SP HEIGHT="39" WIDTH="23" VPOS="3184" HPOS="606"/>
<!-- cceid 160B9B6C-6CB2-1014-A20E-B9D6251C946A --><String LANG="fr" CONTENT="A" HEIGHT="38" WIDTH="41" VPOS="3184" HPOS="630"/>
<SP HEIGHT="39" WIDTH="20" VPOS="3184" HPOS="672"/>
<String CONTENT="ad" HEIGHT="39" WIDTH="61" VPOS="3184" HPOS="693"/>
<SP HEIGHT="40" WIDTH="21" VPOS="3183" HPOS="755"/>
<String CONTENT="int." HEIGHT="41" WIDTH="88" VPOS="3183" HPOS="777"/>
<SP HEIGHT="39" WIDTH="22" VPOS="3185" HPOS="866"/>
<String CS="1" CONTENT="10768;" HEIGHT="40" WIDTH="115" VPOS="3183" HPOS="889"/>
<SP HEIGHT="37" WIDTH="22" VPOS="3194" HPOS="1061"/>
<String CONTENT="pubd." HEIGHT="49" WIDTH="144" VPOS="3182" HPOS="1084"/>
<SP HEIGHT="39" WIDTH="22" VPOS="3184" HPOS="1229"/>
<String CONTENT="Jan." HEIGHT="39" WIDTH="111" VPOS="3184" HPOS="1252"/>
<SP HEIGHT="39" WIDTH="23" VPOS="3184" HPOS="1364"/>
<String CS="1" CONTENT="11;" HEIGHT="38" WIDTH="52" VPOS="3184" HPOS="1388"/>
<SP HEIGHT="46" WIDTH="25" VPOS="3184" HPOS="1470"/>
<String LANG="en-US" CONTENT="A." HEIGHT="39" WIDTH="53" VPOS="3184" HPOS="1496"/>
<SP HEIGHT="39" WIDTH="20" VPOS="3184" HPOS="1550"/>
<String CONTENT="P." HEIGHT="40" WIDTH="49" VPOS="3184" HPOS="1571"/>
<SP HEIGHT="39" WIDTH="19" VPOS="3185" HPOS="1621"/>
<String CONTENT="Herbert," HEIGHT="47" WIDTH="226" VPOS="3184" HPOS="1641"/>
<SP HEIGHT="47" WIDTH="19" VPOS="3184" HPOS="1868"/>
<String CONTENT="London." HEIGHT="42" WIDTH="216" VPOS="3184" HPOS="1888"/>
</TextLine>
<TextLine HEIGHT="54" WIDTH="794" VPOS="3293" HPOS="247" STYLEREFS="StyleId-CF9DD9D7-D338-4230-BCAF-E119DF3BF0F8-" CS="1">
<String LANG="en-US" CS="1" CONTENT="The"/>
<SP/>
<String LANG="en-US" CS="1" CONTENT="trials"/>
<SP/>
<String LANG="en-US" CS="1" CONTENT="of"/>
<SP/>
<String LANG="de" CS="1" CONTENT="Topsy."/>
<SP/>
<String LANG="de" CONTENT="23." HEIGHT="49" WIDTH="84" VPOS="3297" HPOS="247"/>
<SP HEIGHT="52" WIDTH="30" VPOS="3294" HPOS="332"/>
<String LANG="en-US" CONTENT="The" HEIGHT="52" WIDTH="122" VPOS="3294" HPOS="363"/>
<SP HEIGHT="34" WIDTH="30" VPOS="3312" HPOS="486"/>
<String LANG="en-US" CONTENT="untrained" HEIGHT="53" WIDTH="308" VPOS="3293" HPOS="517"/>
<SP HEIGHT="52" WIDTH="29" VPOS="3294" HPOS="826"/>
<String LANG="en-US" CONTENT="nurse." HEIGHT="35" WIDTH="185" VPOS="3312" HPOS="856"/>
</TextLine>
<TextLine HEIGHT="50" WIDTH="286" VPOS="3373" HPOS="189" STYLEREFS="StyleId-4A489D61-B0FC-4041-B772-94A1E23147F7-" LANG="de" CS="1">
<String CS="1" CONTENT="(In" HEIGHT="39" WIDTH="59" VPOS="3377" HPOS="189"/>
<SP HEIGHT="43" WIDTH="28" VPOS="3373" HPOS="249"/>
<String CONTENT="Punch)" HEIGHT="50" WIDTH="197" VPOS="3373" HPOS="278"/>
</TextLine>
<TextLine HEIGHT="104" WIDTH="1996" VPOS="3441" HPOS="87" LANG="de" CS="1">
<String CONTENT="&#169;" HEIGHT="53" WIDTH="52" VPOS="3441" HPOS="87"/>
<SP HEIGHT="53" WIDTH="25" VPOS="3441" HPOS="140"/>
<String CS="1" CONTENT="1c." HEIGHT="31" WIDTH="37" VPOS="3457" HPOS="197"/>
<SP HEIGHT="40" WIDTH="27" VPOS="3448" HPOS="235"/>
<String CONTENT="Mar." HEIGHT="40" WIDTH="121" VPOS="3448" HPOS="263"/>
<SP HEIGHT="40" WIDTH="26" VPOS="3448" HPOS="385"/>
<String CONTENT="16," HEIGHT="47" WIDTH="70" VPOS="3447" HPOS="412"/>
<SP HEIGHT="46" WIDTH="26" VPOS="3448" HPOS="483"/>
<String CS="1" CONTENT="1928;" HEIGHT="40" WIDTH="114" VPOS="3447" HPOS="510"/>
<SP HEIGHT="40" WIDTH="26" VPOS="3448" HPOS="653"/>
<!-- cceid 160C6049-6CB2-1014-A20E-B9D6251C946A --><String LANG="fr" CONTENT="A" HEIGHT="38" WIDTH="40" VPOS="3448" HPOS="680"/>
<SP HEIGHT="39" WIDTH="25" VPOS="3448" HPOS="721"/>
<String CONTENT="ad" HEIGHT="38" WIDTH="61" VPOS="3449" HPOS="747"/>
<SP HEIGHT="40" WIDTH="25" VPOS="3447" HPOS="809"/>
<String CONTENT="int." HEIGHT="41" WIDTH="87" VPOS="3447" HPOS="835"/>
<SP HEIGHT="39" WIDTH="24" VPOS="3449" HPOS="923"/>
<String CONTENT="10769;" HEIGHT="47" WIDTH="171" VPOS="3447" HPOS="948"/>
<SP HEIGHT="37" WIDTH="28" VPOS="3459" HPOS="1120"/>
<String CONTENT="pubd." HEIGHT="48" WIDTH="145" VPOS="3448" HPOS="1149"/>
<SP HEIGHT="40" WIDTH="25" VPOS="3448" HPOS="1295"/>
<String CONTENT="Jan." HEIGHT="40" WIDTH="111" VPOS="3448" HPOS="1321"/>
<SP HEIGHT="40" WIDTH="23" VPOS="3448" HPOS="1433"/>
<String CS="1" CONTENT="18"/>
<String LANG="en-US" CONTENT=";" HEIGHT="37" WIDTH="10" VPOS="3458" HPOS="1531"/>
<SP HEIGHT="47" WIDTH="25" VPOS="3448" HPOS="1542"/>
<String LANG="en-US" CONTENT="A." HEIGHT="40" WIDTH="54" VPOS="3448" HPOS="1568"/>
<SP HEIGHT="39" WIDTH="24" VPOS="3449" HPOS="1623"/>
<String CONTENT="P." HEIGHT="39" WIDTH="51" VPOS="3449" HPOS="1648"/>
<SP HEIGHT="40" WIDTH="26" VPOS="3448" HPOS="1700"/>
<String CONTENT="Herbert," HEIGHT="46" WIDTH="227" VPOS="3448" HPOS="1727"/>
<SP HEIGHT="46" WIDTH="25" VPOS="3448" HPOS="1955"/>
<String CONTENT="London." HEIGHT="97" WIDTH="1928" VPOS="3448" HPOS="155"/>
</TextLine>
<TextLine HEIGHT="63" WIDTH="1085" VPOS="3599" HPOS="82" STYLEREFS="StyleId-CF9DD9D7-D338-4230-BCAF-E119DF3BF0F8-">
<String LANG="de" CONTENT="Herskovits," HEIGHT="63" WIDTH="375" VPOS="3599" HPOS="82"/>
<SP HEIGHT="62" WIDTH="35" VPOS="3600" HPOS="458"/>
<String LANG="en-US" CONTENT="Melville" HEIGHT="53" WIDTH="255" VPOS="3599" HPOS="494"/>
<SP HEIGHT="53" WIDTH="36" VPOS="3599" HPOS="750"/>
<String LANG="de" CONTENT="Jean," HEIGHT="63" WIDTH="168" VPOS="3599" HPOS="787"/>
<SP HEIGHT="58" WIDTH="38" VPOS="3604" HPOS="956"/>
<String LANG="de" CONTENT="1895-" HEIGHT="49" WIDTH="172" VPOS="3603" HPOS="995"/>
</TextLine>
<TextLine HEIGHT="131" WIDTH="1991" VPOS="3677" HPOS="83" STYLEREFS="StyleId-CF9DD9D7-D338-4230-BCAF-E119DF3BF0F8-" LANG="en-US" CS="1">
<String LANG="de" CONTENT="The" HEIGHT="53" WIDTH="122" VPOS="3677" HPOS="152"/>
<SP HEIGHT="34" WIDTH="27" VPOS="3696" HPOS="275"/>
<String CONTENT="negro" HEIGHT="51" WIDTH="177" VPOS="3695" HPOS="303"/>
<SP HEIGHT="35" WIDTH="31" VPOS="3695" HPOS="481"/>
<String CONTENT="and" HEIGHT="53" WIDTH="116" VPOS="3678" HPOS="513"/>
<SP HEIGHT="53" WIDTH="25" VPOS="3678" HPOS="630"/>
<String CONTENT="the" HEIGHT="53" WIDTH="96" VPOS="3677" HPOS="656"/>
<SP HEIGHT="52" WIDTH="26" VPOS="3678" HPOS="753"/>
<String CONTENT="intelligence" HEIGHT="69" WIDTH="367" VPOS="3677" HPOS="780"/>
<SP HEIGHT="48" WIDTH="27" VPOS="3683" HPOS="1148"/>
<String CONTENT="tests," HEIGHT="63" WIDTH="157" VPOS="3683" HPOS="1176"/>
<SP HEIGHT="68" WIDTH="25" VPOS="3678" HPOS="1334"/>
<String CONTENT="by" HEIGHT="68" WIDTH="77" VPOS="3678" HPOS="1360"/>
<SP HEIGHT="68" WIDTH="29" VPOS="3678" HPOS="1438"/>
<String CONTENT="Melville" HEIGHT="54" WIDTH="258" VPOS="3677" HPOS="1468"/>
<SP HEIGHT="54" WIDTH="28" VPOS="3677" HPOS="1727"/>
<String CONTENT="J." HEIGHT="54" WIDTH="57" VPOS="3677" HPOS="1756"/>
<SP HEIGHT="52" WIDTH="31" VPOS="3678" HPOS="1814"/>
<String CONTENT="Herskovits" HEIGHT="131" WIDTH="1991" VPOS="3677" HPOS="83"/>
<SP HEIGHT="34" WIDTH="33" VPOS="3774" HPOS="197"/>
<String CS="1" CONTENT="&#8230;"/>
</TextLine>
<TextLine HEIGHT="148" WIDTH="1992" VPOS="3754" HPOS="82" STYLEREFS="StyleId-CF9DD9D7-D338-4230-BCAF-E119DF3BF0F8-" LANG="en-US" CS="1">
<String CONTENT="Hanover," HEIGHT="68" WIDTH="295" VPOS="3756" HPOS="366"/>
<SP HEIGHT="68" WIDTH="29" VPOS="3756" HPOS="662"/>
<String LANG="fr" CONTENT="N." HEIGHT="53" WIDTH="70" VPOS="3756" HPOS="692"/>
<SP HEIGHT="53" WIDTH="28" VPOS="3756" HPOS="763"/>
<String CONTENT="H.," HEIGHT="68" WIDTH="98" VPOS="3756" HPOS="792"/>
<SP HEIGHT="68" WIDTH="26" VPOS="3756" HPOS="891"/>
<String CONTENT="Minneapolis," HEIGHT="68" WIDTH="408" VPOS="3756" HPOS="918"/>
<SP HEIGHT="68" WIDTH="27" VPOS="3756" HPOS="1327"/>
<String CONTENT="Minn." HEIGHT="52" WIDTH="186" VPOS="3756" HPOS="1355"/>
<SP HEIGHT="34" WIDTH="36" VPOS="3789" HPOS="1542"/>
<String CS="1" CONTENT="[etc.]" HEIGHT="62" WIDTH="120" VPOS="3761" HPOS="1597"/>
<SP HEIGHT="67" WIDTH="34" VPOS="3756" HPOS="1718"/>
<String CONTENT="The" HEIGHT="53" WIDTH="122" VPOS="3756" HPOS="1753"/>
<SP HEIGHT="56" WIDTH="30" VPOS="3754" HPOS="1876"/>
<String CONTENT="Sociological" HEIGHT="148" WIDTH="1992" VPOS="3754" HPOS="82"/>
<SP HEIGHT="68" WIDTH="24" VPOS="3834" HPOS="292"/>
<String CONTENT="press," HEIGHT="50" WIDTH="178" VPOS="3852" HPOS="317"/>
<SP HEIGHT="64" WIDTH="26" VPOS="3837" HPOS="496"/>
<String CONTENT="1927." HEIGHT="54" WIDTH="151" VPOS="3834" HPOS="523"/>
</TextLine>
<TextLine HEIGHT="49" WIDTH="339" VPOS="3917" HPOS="151" LANG="en-US" CS="1">
<String CONTENT="14" HEIGHT="39" WIDTH="57" VPOS="3917" HPOS="151"/>
<SP HEIGHT="49" WIDTH="26" VPOS="3917" HPOS="209"/>
<String CONTENT="p." HEIGHT="38" WIDTH="43" VPOS="3928" HPOS="236"/>
<SP HEIGHT="40" WIDTH="58" VPOS="3918" HPOS="280"/>
<String CS="1" CONTENT="22&#189;" HEIGHT="39" WIDTH="57" VPOS="3918" HPOS="339"/>
<String STYLE="superscript" CS="1" CONTENT="&#7580;&#7504;"/>
<String CONTENT="." HEIGHT="9" WIDTH="10" VPOS="3950" HPOS="480"/>
</TextLine>
<TextLine HEIGHT="42" WIDTH="1457" VPOS="3988" HPOS="152" LANG="en-US">
<String CONTENT="Date" HEIGHT="40" WIDTH="127" VPOS="3988" HPOS="152"/>
<SP HEIGHT="29" WIDTH="24" VPOS="3999" HPOS="280"/>
<String CONTENT="of" HEIGHT="39" WIDTH="53" VPOS="3989" HPOS="305"/>
<SP HEIGHT="41" WIDTH="26" VPOS="3989" HPOS="359"/>
<String CONTENT="publication" HEIGHT="41" WIDTH="301" VPOS="3989" HPOS="386"/>
<SP HEIGHT="28" WIDTH="27" VPOS="4000" HPOS="688"/>
<String CONTENT="corrected" HEIGHT="39" WIDTH="248" VPOS="3990" HPOS="716"/>
<SP HEIGHT="40" WIDTH="26" VPOS="3989" HPOS="965"/>
<String CONTENT="in" HEIGHT="40" WIDTH="50" VPOS="3989" HPOS="992"/>
<SP HEIGHT="29" WIDTH="27" VPOS="4000" HPOS="1043"/>
<String CONTENT="manuscript" HEIGHT="41" WIDTH="308" VPOS="3989" HPOS="1071"/>
<SP HEIGHT="38" WIDTH="25" VPOS="3991" HPOS="1380"/>
<String CONTENT="to" HEIGHT="37" WIDTH="49" VPOS="3992" HPOS="1406"/>
<SP HEIGHT="38" WIDTH="24" VPOS="3991" HPOS="1456"/>
<String CONTENT="1928." HEIGHT="40" WIDTH="128" VPOS="3990" HPOS="1481"/>
</TextLine>
</TextBlock>
<GraphicalElement ID="Page167_Block3" HEIGHT="6" WIDTH="138" VPOS="3076" HPOS="78"/>
<GraphicalElement ID="Page167_Block4" HEIGHT="6" WIDTH="140" VPOS="3326" HPOS="78"/>
</PrintSpace>
</Page>
</Layout>
</alto>