2498 4384
1048 4089 133 50 1983

120 526 156 62 story
317 537 270 49 sermons,
629 517 187 69 object
856 535 268 51 sermons,
1166 517 201 52 drama
1408 533 269 51 sermons,
1717 515 213 53 lessons
1972 514 156 52 from

116 604 218 61 nature,
373 602 109 64 art,
519 596 230 68 science,
788 596 201 68 fables,
1028 595 234 69 legends
1300 595 113 52 and
1453 592 291 70 folk-lore,
1781 592 345 69 missionary

117 675 149 54 talks
292 676 113 52 and
433 693 268 49 sermons,
727 674 139 52 with
893 673 306 69 especially
1225 672 191 68 ample
1440 672 282 54 inclusion
1749 672 64 54 of
1840 672 161 53 those
117 688 1983 135 appropriate

442 757 58 50 to
532 753 97 53 the
660 752 210 69 special
902 753 141 68 days
1077 752 113 53 and
1222 751 288 54 occasions
1541 750 64 55 of
1636 751 96 54 the
1765 750 213 54 church
2010 751 114 53 and

115 833 217 54 secular
367 850 155 51 year,
557 831 284 68 compiled
878 832 113 52 and
1027 830 189 53 edited
1252 830 77 69 by
1365 830 139 52 Rev.
1542 828 68 56 G.
1647 830 68 53 B.
1753 829 65 53 F.
1856 827 271 70 Hallock,

152 955 9 9 D.
232 953 8 9 D.
317 910 234 55 Garden
583 907 151 71 City,
762 909 70 54 N.
863 909 92 70 Y.,
982 908 358 69 Doubleday,
1368 908 200 53 Doran
1596 910 46 50 &
1669 926 299 51 company,
1997 908 129 68 inc.,

113 992 149 51 1928.

190 1066 954 51 xviii p., 1 l., 362 p. 22 ᶜᵐ. $3.00
116 1138 2008 52 © Nov. 30, 1928; 2c. and aff. Dec. 5; A 2081; Doubleday, Doran & co.,
183 1198 91 40 inc.
342 1196 282 50 (28-30164)

113 1305 302 65 Halloran,
451 1305 293 54 Matthew
779 1306 64 54 F.

181 1386 121 52 The
343 1403 264 35 romance
650 1385 64 53 of
756 1386 96 52 the
895 1384 171 53 merit
1106 1391 239 62 system;
1394 1382 297 71 forty-five
1734 1384 182 69 years’
112 1383 1990 135 reminiscences

441 1462 1620 71 of the Civil service, by Matthew F. Halloran …
117 1541 1526 73 [Washington, D. C., Judd and Detweiler, ᶜ1 928]
187 1600 1284 71 2 p. l., iii-vii, 314 p. front., plates, ports. 23½ᶜᵐ.
189 1693 146 40 “This
363 1693 182 48 special
573 1692 185 41 edition
785 1692 43 41 is
855 1692 192 41 limited
1075 1694 50 38 to
1154 1702 89 31 one
1273 1692 246 40 thousand
1548 1692 174 49 copies,
1752 1694 53 39 of
1833 1693 161 41 which
2023 1693 104 42 this

117 1750 42 41 is
186 1761 76 30 no.
290 1750 160 41 1000.”

114 1818 1995 109 © Dec. 6, 1928; 2c. and aff. Dec. 11; A 2178; M. F. Halloran, Washington. (28-30421)
109 1988 312 63 Harrison,
456 1988 266 52 Norman
757 1986 68 55 B.

116 2064 1983 149 His indwelling presence, by Norman B. Harrison … Chicago,
297 2142 1559 69 The Bible institute colportage association [ ᶜ1 928]
184 2224 252 50 96 p. 20 ᶜᵐ.
113 2293 2011 52 © Nov. 26, 1928; 2c. Dec. 6; aff. Dec. 10; A 2156; N. B. Harrison, St.
179 2354 162 41 Louis.
409 2352 283 50 (28-30463)

111 2463 258 65 Heidler,
399 2462 222 64 Joseph
651 2462 194 65 Bunn,
877 2467 172 49 1896-

186 2542 122 52 The
351 2541 243 67 history,
641 2540 152 53 from
842 2540 136 54 1700
1023 2545 58 48 to
1130 2543 153 64 1800,
1328 2540 65 53 of
1440 2540 249 70 English
1735 2540 275 54 criticism
2059 2541 64 54 of

114 2618 1984 148 prose fiction, by Joseph Bunn Heidler … [Urbana] The University of Illinois, 1928.
185 2779 84 40 187
307 2789 43 37 p.
425 2777 58 41 26½ᶜᵐ.
657 2777 194 48 (Added
892 2781 122 45 t.-p.:
1053 2777 285 49 University
1379 2779 51 40 of
1472 2778 191 41 Illinois
1704 2779 188 41 studies
1932 2780 51 40 in
108 2783 1999 102 language

293 2837 95 39 and
419 2836 261 40 literature.
753 2837 93 39 vol.
975 2867 10 17 XIII,
1015 2846 77 30 no.
1120 2835 53 49 2)

187 2906 402 47 “Chronological
625 2905 84 41 list
748 2906 52 40 of
839 2906 275 40 references
1154 2908 49 38 to
1242 2917 142 37 prose
1422 2906 167 41 fiction
1629 2907 50 39 in
1718 2908 83 40 the
1841 2908 283 49 eighteenth

114 2963 260 47 century”:
404 2973 45 38 p.
479 2962 219 41 172-176.

184 3020 352 48 Bibliography:
596 3030 44 38 p.
671 3019 218 41 177-183.

112 3087 2011 55 © Dec. 3, 1928; 2c. and aff. Dec. 6; A 2089; University of Illinois press.
190 3148 282 49 (28-30278)

104 3258 236 64 Herold,
379 3257 249 55 Charles
665 3258 68 54 E.

178 3338 249 53 Hoosier
469 3337 275 69 etchings,
787 3338 76 69 by
905 3337 239 55 Charles
1187 3337 68 53 E.
1298 3337 241 55 Herold.
1614 3338 333 75 Louisville,
1989 3339 135 72 Ky.,

111 3417 54 53 J.
193 3417 64 52 P.
286 3416 235 54 Morton
548 3418 46 49 &
620 3434 299 51 company,
948 3417 421 69 incorporated,
1400 3419 151 52 1928.

180 3497 886 51 4 p. l. , 140 p. front. (port.) 19½ᶜᵐ.
182 3569 185 41 Poems.

112 3635 2008 53 © Dec. 1, 1928; 2c. and aff. Dec. 7; A 2092; C. E. Herold. Martinsville.
179 3698 106 40 Ind.
354 3696 283 50 (28-30100)

109 3806 285 64 Hispanic
433 3806 227 64 society
698 3807 64 53 of
801 3807 295 55 America.

178 3885 393 68 Manuscripts
598 3886 59 52 in
684 3886 96 52 the
807 3885 222 69 library
1055 3885 66 54 of
1145 3887 98 51 the
1270 3886 288 68 Hispanic
1585 3887 214 68 society
1825 3885 67 54 of
109 3886 1989 130 America.

275 3964 57 53 A
358 3964 308 70 privilegio
696 3965 235 67 rodado,
958 3964 164 71 King
1149 3964 207 71 Henry
1384 3965 96 53 the
1514 3963 220 57 Second
1764 3963 66 55 of
1860 3963 262 71 Castilla,
