<alto xmlns="http://www.loc.gov/standards/alto/ns-v3#" xmlns:xlink="http://www.w3.org/1999/xlink" xmlns:xsi="http://www.w3.org/2001/XMLSchema-instance" xsi:schemaLocation="http://www.loc.gov/standards/alto/ns-v3# http://www.loc.gov/alto/v3/alto-3-0.xsd"><Description>
<MeasurementUnit>pixel</MeasurementUnit>
<sourceImageInformation>
<fileName>1928_v25_part001.pdf</fileName>
</sourceImageInformation>
<OCRProcessing ID="IdOcr">
<ocrProcessingStep>
<processingDateTime>2019-04-12</processingDateTime>
<processingSoftware>
<softwareCreator>ABBYY</softwareCreator>
<softwareName>ABBYY Recognition Server</softwareName>
<softwareVersion>4.0</softwareVersion>
</processingSoftware>
</ocrProcessingStep>
</OCRProcessing>
</Description>
<Styles>
<ParagraphStyle ID="StyleId-FFFFFFFF-FFFF-FFFF-FFFF-FFFFFFFFFFFF-" ALIGN="Left" LEFT="0." RIGHT="0." FIRSTLINE="0."/>
<ParagraphStyle ID="StyleId-0ECAC0CE-E1F0-4C69-A1B9-95E16886343B-" ALIGN="Left" LEFT="0." RIGHT="0." FIRSTLINE="0." LINESPACE="8.300000191"/>
<ParagraphStyle ID="StyleId-5C6F7A30-EC6F-4250-A8D3-0AE106DCDB5D-" ALIGN="Left" LEFT="0." RIGHT="0." FIRSTLINE="-13." LINESPACE="11.22999954"/>
<ParagraphStyle ID="StyleId-B258737E-7AF8-4B71-A0BF-0A1420B951F9-" ALIGN="Left" LEFT="0." RIGHT="0." FIRSTLINE="-13." LINESPACE="8.210000038"/>
<ParagraphStyle ID="StyleId-35C0EFA5-E89E-4731-B16E-5D3895F12270-" ALIGN="Block" LEFT="0." RIGHT="0." FIRSTLINE="-12." LINESPACE="11.22999954"/>
<ParagraphStyle ID="StyleId-7BD1F9B4-14BB-4AAF-864B-FED8FEA7DC43-" ALIGN="Left" LEFT="0." RIGHT="0." FIRSTLINE="0."/>
<ParagraphStyle ID="StyleId-CD2DA0E5-536D-42AE-AE16-8D9F5C008D5A-" ALIGN="Block" LEFT="0." RIGHT="0." FIRSTLINE="-12." LINESPACE="10."/>
<ParagraphStyle ID="StyleId-AF408F88-EED5-4CE2-A229-3F852C18D9BD-" ALIGN="Block" LEFT="0." RIGHT="0." FIRSTLINE="-14." LINESPACE="10."/>
<ParagraphStyle ID="StyleId-829CD741-943D-4B7B-9638-57AB73DE2567-" ALIGN="Center" LEFT="0." RIGHT="0." FIRSTLINE="0." LINESPACE="9.399999619"/>
<ParagraphStyle ID="StyleId-B271BDFA-6037-4875-BA99-885A067668E9-" ALIGN="Left" LEFT="0." RIGHT="0." FIRSTLINE="-14." LINESPACE="11.21000004"/>
<ParagraphStyle ID="StyleId-64F9C1D8-EA12-4F65-AD18-B72A4C6B556F-" ALIGN="Center" LEFT="0." RIGHT="0." FIRSTLINE="0." LINESPACE="11.60000038"/>
<ParagraphStyle ID="StyleId-44DA2756-E57B-4EF3-9BA4-FC1C14776DE3-" ALIGN="Left" LEFT="0." RIGHT="0." FIRSTLINE="-12." LINESPACE="12.19999981"/>
<ParagraphStyle ID="StyleId-D1D9AF19-8CA6-4F74-9AEC-1B4545205AD7-" ALIGN="Center" LEFT="0." RIGHT="0." FIRSTLINE="0." LINESPACE="11.60000038"/>
<ParagraphStyle ID="StyleId-3ADA1556-6D19-417D-8046-68449BF368BA-" ALIGN="Left" LEFT="0." RIGHT="0." FIRSTLINE="-13." LINESPACE="12.19999981"/>
<ParagraphStyle ID="StyleId-7443A930-B325-44B5-9AB8-B42B4EC78C89-" ALIGN="Block" LEFT="0." RIGHT="0." FIRSTLINE="13." LINESPACE="8.619999886"/>
<ParagraphStyle ID="StyleId-C9A9E480-E448-4934-9AF8-3D252792E396-" ALIGN="Left" LEFT="0." RIGHT="0." FIRSTLINE="-12." LINESPACE="11.38000011"/>
<ParagraphStyle ID="StyleId-73039842-464C-49B9-9440-4C0D0E749DFE-" ALIGN="Center" LEFT="0." RIGHT="0." FIRSTLINE="0." LINESPACE="11.10000038"/>
<ParagraphStyle ID="StyleId-C51F6AC2-80DA-4C65-849C-6E2D5F548EA4-" ALIGN="Left" LEFT="0." RIGHT="0." FIRSTLINE="0." LINESPACE="7.699999809"/>
<ParagraphStyle ID="StyleId-494190D9-BDDC-4834-A745-6AF520F91CD0-" ALIGN="Block" LEFT="0." RIGHT="0." FIRSTLINE="-12." LINESPACE="11.22999954"/>
<ParagraphStyle ID="StyleId-68D39D31-3386-4B28-8C90-DA9420961D78-" ALIGN="Left" LEFT="0." RIGHT="0." FIRSTLINE="0." LINESPACE="11.60000038"/>
<ParagraphStyle ID="StyleId-DF0CE7C7-E73E-44FE-8867-C904BD7F3F42-" ALIGN="Block" LEFT="0." RIGHT="0." FIRSTLINE="0." LINESPACE="12.19999981"/>
</Styles>
<Layout>
<Page ID="Page1173" PHYSICAL_IMG_NR="1173" HEIGHT="4384" WIDTH="2498">
<TopMargin HEIGHT="446" WIDTH="2498" VPOS="0" HPOS="0">
</TopMargin>
<LeftMargin HEIGHT="3744" WIDTH="166" VPOS="446" HPOS="0">
</LeftMargin>
<RightMargin HEIGHT="3744" WIDTH="274" VPOS="446" HPOS="2224">
</RightMargin>
<BottomMargin HEIGHT="194" WIDTH="2498" VPOS="4190" HPOS="0">
</BottomMargin>
<PrintSpace HEIGHT="3744" WIDTH="2058" VPOS="446" HPOS="166">
<TextBlock ID="Page1173_Block1" HEIGHT="74" WIDTH="156" VPOS="4116" HPOS="1136" LANG="en-US" STYLEREFS="StyleId-D7F6B3E7-BF85-47B3-B39B-B2F87ABB4B67-">
<TextLine HEIGHT="54" WIDTH="135" VPOS="4126" HPOS="1146">
<String CONTENT="1173" HEIGHT="54" WIDTH="135" VPOS="4126" HPOS="1146"/>
</TextLine>
</TextBlock>
<TextBlock ID="Page1173_Block2" HEIGHT="3676" WIDTH="2058" VPOS="446" HPOS="166" LANG="en-US" CS="1" STYLEREFS="StyleId-6C029DBA-C824-49AB-8F49-4A7450C40C71-">
<TextLine HEIGHT="75" WIDTH="2003" VPOS="530" HPOS="181" STYLEREFS="StyleId-B8FCD421-1F56-408C-9CC5-67F9B6F09E9A-">
<String CONTENT="The" HEIGHT="52" WIDTH="120" VPOS="541" HPOS="181"/>
<SP HEIGHT="48" WIDTH="31" VPOS="544" HPOS="302"/>
<String CONTENT="text" HEIGHT="48" WIDTH="122" VPOS="544" HPOS="334"/>
<SP HEIGHT="47" WIDTH="33" VPOS="545" HPOS="457"/>
<String CONTENT="was" HEIGHT="33" WIDTH="112" VPOS="558" HPOS="491"/>
<SP HEIGHT="34" WIDTH="35" VPOS="557" HPOS="604"/>
<String CONTENT="edited" HEIGHT="52" WIDTH="189" VPOS="538" HPOS="640"/>
<SP HEIGHT="52" WIDTH="34" VPOS="538" HPOS="830"/>
<String CONTENT="by" HEIGHT="67" WIDTH="77" VPOS="538" HPOS="865"/>
<SP HEIGHT="67" WIDTH="31" VPOS="538" HPOS="943"/>
<String CONTENT="The" HEIGHT="51" WIDTH="123" VPOS="537" HPOS="975"/>
<SP HEIGHT="50" WIDTH="32" VPOS="554" HPOS="1099"/>
<String CONTENT="publisher&#8217;s" HEIGHT="71" WIDTH="339" VPOS="533" HPOS="1132"/>
<SP HEIGHT="34" WIDTH="35" VPOS="552" HPOS="1472"/>
<String CONTENT="editorial" HEIGHT="54" WIDTH="267" VPOS="532" HPOS="1508"/>
<SP HEIGHT="53" WIDTH="34" VPOS="532" HPOS="1776"/>
<String CONTENT="staff," HEIGHT="69" WIDTH="153" VPOS="530" HPOS="1811"/>
<SP HEIGHT="51" WIDTH="33" VPOS="548" HPOS="1965"/>
<String CONTENT="under" HEIGHT="52" WIDTH="185" VPOS="531" HPOS="1999"/>
</TextLine>
<TextLine HEIGHT="78" WIDTH="2002" VPOS="606" HPOS="181" STYLEREFS="StyleId-B8FCD421-1F56-408C-9CC5-67F9B6F09E9A-" CS="1">
<String CONTENT="the" HEIGHT="52" WIDTH="94" VPOS="618" HPOS="181"/>
<SP HEIGHT="33" WIDTH="22" VPOS="637" HPOS="276"/>
<String CONTENT="supervision" HEIGHT="68" WIDTH="359" VPOS="616" HPOS="299"/>
<SP HEIGHT="34" WIDTH="24" VPOS="634" HPOS="659"/>
<String CONTENT="of" HEIGHT="53" WIDTH="64" VPOS="615" HPOS="684"/>
<SP HEIGHT="51" WIDTH="23" VPOS="615" HPOS="749"/>
<String CONTENT="Mr." HEIGHT="51" WIDTH="110" VPOS="615" HPOS="773"/>
<SP HEIGHT="51" WIDTH="26" VPOS="615" HPOS="884"/>
<String CONTENT="Leon" HEIGHT="51" WIDTH="156" VPOS="615" HPOS="911"/>
<SP HEIGHT="56" WIDTH="27" VPOS="612" HPOS="1068"/>
<String CONTENT="Saunders" HEIGHT="56" WIDTH="289" VPOS="612" HPOS="1096"/>
<SP HEIGHT="33" WIDTH="32" VPOS="631" HPOS="1386"/>
<String CS="1" CONTENT="&#8230;"/>
<SP HEIGHT="52" WIDTH="32" VPOS="611" HPOS="1475"/>
<String CONTENT="forms" HEIGHT="52" WIDTH="181" VPOS="611" HPOS="1508"/>
<SP HEIGHT="35" WIDTH="26" VPOS="628" HPOS="1690"/>
<String CONTENT="were" HEIGHT="34" WIDTH="143" VPOS="628" HPOS="1717"/>
<SP HEIGHT="34" WIDTH="27" VPOS="628" HPOS="1861"/>
<String CONTENT="edited" HEIGHT="53" WIDTH="187" VPOS="609" HPOS="1889"/>
<SP HEIGHT="55" WIDTH="29" VPOS="606" HPOS="2077"/>
<String CONTENT="by" HEIGHT="71" WIDTH="76" VPOS="606" HPOS="2107"/>
</TextLine>
<TextLine HEIGHT="75" WIDTH="1850" VPOS="687" HPOS="181" STYLEREFS="StyleId-B8FCD421-1F56-408C-9CC5-67F9B6F09E9A-" CS="1">
<String CONTENT="Mr." HEIGHT="53" WIDTH="111" VPOS="695" HPOS="181"/>
<SP HEIGHT="53" WIDTH="33" VPOS="695" HPOS="293"/>
<String CONTENT="Harvey" HEIGHT="67" WIDTH="238" VPOS="695" HPOS="327"/>
<SP HEIGHT="68" WIDTH="34" VPOS="694" HPOS="566"/>
<String CONTENT="B." HEIGHT="52" WIDTH="66" VPOS="694" HPOS="601"/>
<SP HEIGHT="52" WIDTH="34" VPOS="693" HPOS="668"/>
<String CONTENT="M." HEIGHT="52" WIDTH="80" VPOS="693" HPOS="703"/>
<SP HEIGHT="53" WIDTH="34" VPOS="693" HPOS="784"/>
<String CONTENT="Wilds" HEIGHT="53" WIDTH="192" VPOS="693" HPOS="819"/>
<SP HEIGHT="34" WIDTH="37" VPOS="711" HPOS="1012"/>
<String CS="1" CONTENT="&#8230;"/>
<SP HEIGHT="34" WIDTH="41" VPOS="710" HPOS="1105"/>
<String CONTENT="assisted" HEIGHT="54" WIDTH="238" VPOS="690" HPOS="1147"/>
<SP HEIGHT="54" WIDTH="33" VPOS="689" HPOS="1386"/>
<String CONTENT="by" HEIGHT="68" WIDTH="77" VPOS="689" HPOS="1420"/>
<SP HEIGHT="68" WIDTH="33" VPOS="689" HPOS="1498"/>
<String CONTENT="The" HEIGHT="52" WIDTH="124" VPOS="689" HPOS="1532"/>
<SP HEIGHT="50" WIDTH="31" VPOS="706" HPOS="1657"/>
<String CONTENT="publisher&#8217;s" HEIGHT="69" WIDTH="342" VPOS="687" HPOS="1689"/>
</TextLine>
<TextLine HEIGHT="150" WIDTH="1976" VPOS="687" HPOS="182" STYLEREFS="StyleId-B8FCD421-1F56-408C-9CC5-67F9B6F09E9A-" CS="1">
<String CONTENT="editorial" HEIGHT="139" WIDTH="1976" VPOS="687" HPOS="182"/>
<SP HEIGHT="53" WIDTH="24" VPOS="773" HPOS="354"/>
<String CS="1" CONTENT="staff." HEIGHT="55" WIDTH="136" VPOS="771" HPOS="379"/>
<SP HEIGHT="34" WIDTH="62" VPOS="790" HPOS="531"/>
<String LANG="la" CONTENT="v." HEIGHT="34" WIDTH="51" VPOS="790" HPOS="594"/>
<SP HEIGHT="50" WIDTH="27" VPOS="774" HPOS="646"/>
<String CONTENT="3." HEIGHT="49" WIDTH="47" VPOS="774" HPOS="674"/>
<SP HEIGHT="52" WIDTH="63" VPOS="771" HPOS="722"/>
<String CONTENT="Detroit&#183;," HEIGHT="67" WIDTH="248" VPOS="770" HPOS="786"/>
<SP HEIGHT="68" WIDTH="24" VPOS="769" HPOS="1035"/>
<String CONTENT="Mich.," HEIGHT="69" WIDTH="196" VPOS="768" HPOS="1060"/>
<SP HEIGHT="69" WIDTH="26" VPOS="768" HPOS="1257"/>
<String LANG="fi" CONTENT="F." HEIGHT="53" WIDTH="63" VPOS="768" HPOS="1284"/>
<SP HEIGHT="57" WIDTH="32" VPOS="766" HPOS="1348"/>
<String CONTENT="S." HEIGHT="57" WIDTH="55" VPOS="766" HPOS="1381"/>
<SP HEIGHT="54" WIDTH="28" VPOS="767" HPOS="1437"/>
<String CONTENT="Drake," HEIGHT="68" WIDTH="213" VPOS="766" HPOS="1466"/>
<SP HEIGHT="65" WIDTH="30" VPOS="769" HPOS="1680"/>
<String CONTENT="1928." HEIGHT="51" WIDTH="150" VPOS="768" HPOS="1711"/>
</TextLine>
<TextLine HEIGHT="51" WIDTH="998" VPOS="851" HPOS="249" CS="1">
<String LANG="fi" CONTENT="lvi," HEIGHT="47" WIDTH="80" VPOS="855" HPOS="249"/>
<SP HEIGHT="47" WIDTH="32" VPOS="855" HPOS="330"/>
<String CONTENT="2523-4274" HEIGHT="40" WIDTH="265" VPOS="854" HPOS="363"/>
<SP HEIGHT="48" WIDTH="25" VPOS="853" HPOS="629"/>
<String CS="1" CONTENT="(i." HEIGHT="48" WIDTH="15" VPOS="853" HPOS="655"/>
<SP HEIGHT="30" WIDTH="32" VPOS="863" HPOS="709"/>
<String CONTENT="e." HEIGHT="30" WIDTH="38" VPOS="863" HPOS="742"/>
<SP HEIGHT="39" WIDTH="31" VPOS="854" HPOS="781"/>
<String CONTENT="4318)" HEIGHT="48" WIDTH="139" VPOS="852" HPOS="813"/>
<SP HEIGHT="48" WIDTH="41" VPOS="852" HPOS="953"/>
<String CONTENT="p." HEIGHT="37" WIDTH="43" VPOS="863" HPOS="995"/>
<SP HEIGHT="40" WIDTH="59" VPOS="851" HPOS="1039"/>
<String CS="1" CONTENT="23&#189;&#7580;&#7504;." HEIGHT="40" WIDTH="148" VPOS="851" HPOS="1099"/>
</TextLine>
<TextLine HEIGHT="55" WIDTH="1807" VPOS="905" HPOS="185" CS="1">
<String CONTENT="&#169;" HEIGHT="52" WIDTH="50" VPOS="908" HPOS="185"/>
<SP HEIGHT="52" WIDTH="26" VPOS="908" HPOS="236"/>
<String CONTENT="Apr." HEIGHT="46" WIDTH="113" VPOS="913" HPOS="263"/>
<SP HEIGHT="40" WIDTH="25" VPOS="912" HPOS="377"/>
<String CONTENT="12," HEIGHT="47" WIDTH="69" VPOS="911" HPOS="403"/>
<SP HEIGHT="47" WIDTH="25" VPOS="911" HPOS="473"/>
<String CONTENT="1928;" HEIGHT="47" WIDTH="141" VPOS="910" HPOS="499"/>
<SP HEIGHT="46" WIDTH="26" VPOS="911" HPOS="641"/>
<String CS="1" CONTENT="2&#189;." HEIGHT="39" WIDTH="69" VPOS="911" HPOS="668"/>
<SP HEIGHT="30" WIDTH="23" VPOS="920" HPOS="738"/>
<String CONTENT="and" HEIGHT="38" WIDTH="95" VPOS="910" HPOS="762"/>
<SP HEIGHT="39" WIDTH="26" VPOS="910" HPOS="858"/>
<String CONTENT="aff." HEIGHT="42" WIDTH="82" VPOS="908" HPOS="885"/>
<SP HEIGHT="41" WIDTH="25" VPOS="909" HPOS="968"/>
<String CONTENT="Aug." HEIGHT="47" WIDTH="121" VPOS="909" HPOS="994"/>
<SP HEIGHT="40" WIDTH="26" VPOS="909" HPOS="1116"/>
<String CONTENT="17;" HEIGHT="46" WIDTH="81" VPOS="909" HPOS="1143"/>
<SP HEIGHT="47" WIDTH="29" VPOS="908" HPOS="1225"/>
<!-- cceid 2541BDE2-6CB2-1014-A20E-B9D6251C946A --><String CONTENT="A" HEIGHT="38" WIDTH="40" VPOS="908" HPOS="1255"/>
<SP HEIGHT="38" WIDTH="25" VPOS="908" HPOS="1296"/>
<String CONTENT="1083989;" HEIGHT="46" WIDTH="229" VPOS="906" HPOS="1322"/>
<SP HEIGHT="45" WIDTH="30" VPOS="907" HPOS="1552"/>
<String CONTENT="Fred" HEIGHT="39" WIDTH="126" VPOS="907" HPOS="1583"/>
<SP HEIGHT="41" WIDTH="29" VPOS="905" HPOS="1710"/>
<String CONTENT="S." HEIGHT="41" WIDTH="45" VPOS="905" HPOS="1740"/>
<SP HEIGHT="40" WIDTH="27" VPOS="906" HPOS="1786"/>
<String CONTENT="Drake." HEIGHT="40" WIDTH="178" VPOS="905" HPOS="1814"/>
</TextLine>
<TextLine HEIGHT="65" WIDTH="1486" VPOS="1016" HPOS="183" STYLEREFS="StyleId-138D566A-38BA-405C-B8EC-F1DA02E9758C-">
<String LANG="de" CONTENT="Damaschke," HEIGHT="62" WIDTH="394" VPOS="1019" HPOS="183"/>
<SP HEIGHT="63" WIDTH="26" VPOS="1018" HPOS="578"/>
<String LANG="en-US" CONTENT="Adolf" HEIGHT="54" WIDTH="182" VPOS="1017" HPOS="605"/>
<SP HEIGHT="53" WIDTH="23" VPOS="1018" HPOS="788"/>
<String LANG="en-US" CONTENT="Wilhelm" HEIGHT="55" WIDTH="274" VPOS="1016" HPOS="812"/>
<SP HEIGHT="51" WIDTH="25" VPOS="1018" HPOS="1087"/>
<String LANG="en-US" CONTENT="Ferdinand," HEIGHT="61" WIDTH="357" VPOS="1016" HPOS="1113"/>
<SP HEIGHT="57" WIDTH="26" VPOS="1020" HPOS="1471"/>
<String LANG="en-US" CONTENT="1865-" HEIGHT="49" WIDTH="171" VPOS="1018" HPOS="1498"/>
</TextLine>
<TextLine HEIGHT="68" WIDTH="1611" VPOS="1094" HPOS="315" STYLEREFS="StyleId-B8FCD421-1F56-408C-9CC5-67F9B6F09E9A-" CS="1">
<String LANG="en-US" CS="1" CONTENT="&#8230;"/>
<SP HEIGHT="52" WIDTH="28" VPOS="1098" HPOS="315"/>
<String LANG="de" CONTENT="Aus" HEIGHT="53" WIDTH="123" VPOS="1098" HPOS="344"/>
<SP HEIGHT="35" WIDTH="22" VPOS="1116" HPOS="468"/>
<String LANG="de" CONTENT="meinem" HEIGHT="52" WIDTH="240" VPOS="1097" HPOS="491"/>
<SP HEIGHT="51" WIDTH="23" VPOS="1097" HPOS="732"/>
<String LANG="de" CONTENT="leben" HEIGHT="53" WIDTH="161" VPOS="1096" HPOS="756"/>
<SP HEIGHT="35" WIDTH="28" VPOS="1114" HPOS="918"/>
<String LANG="en-US" CS="1" CONTENT="&#8230;"/>
<SP HEIGHT="52" WIDTH="79" VPOS="1095" HPOS="1004"/>
<String LANG="en-US" CONTENT="Berlin," HEIGHT="68" WIDTH="219" VPOS="1094" HPOS="1084"/>
<SP HEIGHT="67" WIDTH="24" VPOS="1095" HPOS="1304"/>
<String LANG="en-US" CONTENT="R." HEIGHT="52" WIDTH="67" VPOS="1095" HPOS="1329"/>
<SP HEIGHT="53" WIDTH="25" VPOS="1094" HPOS="1397"/>
<String LANG="en-US" CONTENT="Hobbing" HEIGHT="68" WIDTH="279" VPOS="1094" HPOS="1423"/>
<SP HEIGHT="50" WIDTH="29" VPOS="1112" HPOS="1703"/>
<String LANG="en-US" CS="1" CONTENT="["/>
<String STYLE="superscript" LANG="en-US" CONTENT="c" HEIGHT="21" WIDTH="18" VPOS="1099" HPOS="1750"/>
<String LANG="en-US" CONTENT="1928]" HEIGHT="63" WIDTH="152" VPOS="1096" HPOS="1774"/>
</TextLine>
<TextLine HEIGHT="50" WIDTH="867" VPOS="1177" HPOS="251" CS="1">
<String CONTENT="xi," HEIGHT="47" WIDTH="64" VPOS="1180" HPOS="251"/>
<SP HEIGHT="47" WIDTH="36" VPOS="1180" HPOS="316"/>
<String CONTENT="348" HEIGHT="41" WIDTH="88" VPOS="1179" HPOS="353"/>
<SP HEIGHT="48" WIDTH="35" VPOS="1179" HPOS="442"/>
<String CONTENT="p." HEIGHT="37" WIDTH="43" VPOS="1190" HPOS="478"/>
<SP/>
<String CS="1" CONTENT="front."/>
<SP HEIGHT="49" WIDTH="26" VPOS="1177" HPOS="732"/>
<String CONTENT="(port.)" HEIGHT="49" WIDTH="172" VPOS="1177" HPOS="759"/>
<SP HEIGHT="48" WIDTH="67" VPOS="1177" HPOS="932"/>
<String CONTENT="20" HEIGHT="40" WIDTH="56" VPOS="1177" HPOS="1000"/>
<String STYLE="superscript" CS="1" CONTENT="&#7580;&#7504;"/>
<String CONTENT="." HEIGHT="9" WIDTH="9" VPOS="1209" HPOS="1109"/>
</TextLine>
<TextLine HEIGHT="43" WIDTH="1010" VPOS="1234" HPOS="250">
<String LANG="en-US" CONTENT="At" HEIGHT="39" WIDTH="65" VPOS="1238" HPOS="250"/>
<SP HEIGHT="41" WIDTH="28" VPOS="1236" HPOS="316"/>
<String LANG="en-US" CONTENT="head" HEIGHT="40" WIDTH="125" VPOS="1236" HPOS="345"/>
<SP HEIGHT="39" WIDTH="32" VPOS="1237" HPOS="471"/>
<String LANG="en-US" CONTENT="of" HEIGHT="40" WIDTH="52" VPOS="1236" HPOS="504"/>
<SP HEIGHT="40" WIDTH="29" VPOS="1236" HPOS="557"/>
<String LANG="en-US" CONTENT="title:" HEIGHT="41" WIDTH="135" VPOS="1235" HPOS="587"/>
<SP HEIGHT="40" WIDTH="33" VPOS="1235" HPOS="723"/>
<String LANG="de" CONTENT="Adolf" HEIGHT="40" WIDTH="148" VPOS="1235" HPOS="757"/>
<SP HEIGHT="40" WIDTH="29" VPOS="1234" HPOS="906"/>
<String LANG="de" CONTENT="Damaschke." HEIGHT="41" WIDTH="324" VPOS="1234" HPOS="936"/>
</TextLine>
<TextLine HEIGHT="51" WIDTH="1666" VPOS="1289" HPOS="255" LANG="de" CS="1">
<String CONTENT="&#8220;Neue" HEIGHT="39" WIDTH="160" VPOS="1294" HPOS="255"/>
<SP HEIGHT="38" WIDTH="28" VPOS="1295" HPOS="416"/>
<String CONTENT="durchgearbeitete" HEIGHT="49" WIDTH="453" VPOS="1291" HPOS="445"/>
<SP HEIGHT="31" WIDTH="28" VPOS="1301" HPOS="899"/>
<String CS="1" CONTENT="auflage," HEIGHT="46" WIDTH="204" VPOS="1292" HPOS="928"/>
<SP HEIGHT="37" WIDTH="30" VPOS="1301" HPOS="1133"/>
<String CONTENT="siebentes" HEIGHT="40" WIDTH="242" VPOS="1291" HPOS="1164"/>
<SP HEIGHT="39" WIDTH="26" VPOS="1291" HPOS="1407"/>
<String CONTENT="bis" HEIGHT="40" WIDTH="75" VPOS="1290" HPOS="1434"/>
<SP HEIGHT="29" WIDTH="29" VPOS="1301" HPOS="1510"/>
<String CONTENT="elftes" HEIGHT="40" WIDTH="144" VPOS="1290" HPOS="1540"/>
<SP HEIGHT="37" WIDTH="29" VPOS="1293" HPOS="1685"/>
<String CS="1" CONTENT="tausend&#8221;" HEIGHT="41" WIDTH="206" VPOS="1289" HPOS="1715"/>
</TextLine>
<TextLine HEIGHT="49" WIDTH="708" VPOS="1348" HPOS="254">
<String LANG="en-US" CONTENT="Bibliography" HEIGHT="48" WIDTH="350" VPOS="1349" HPOS="254"/>
<String LANG="de" CONTENT=":" HEIGHT="29" WIDTH="8" VPOS="1360" HPOS="622"/>
<SP HEIGHT="37" WIDTH="35" VPOS="1360" HPOS="631"/>
<String LANG="de" CONTENT="p." HEIGHT="37" WIDTH="44" VPOS="1360" HPOS="667"/>
<SP HEIGHT="42" WIDTH="30" VPOS="1349" HPOS="712"/>
<String LANG="de" CONTENT="345-348." HEIGHT="41" WIDTH="219" VPOS="1348" HPOS="743"/>
</TextLine>
<TextLine HEIGHT="53" WIDTH="1831" VPOS="1402" HPOS="189" LANG="de" CS="1">
<String CONTENT="&#169;" HEIGHT="53" WIDTH="51" VPOS="1402" HPOS="189"/>
<SP HEIGHT="53" WIDTH="29" VPOS="1402" HPOS="241"/>
<String CONTENT="Jan." HEIGHT="40" WIDTH="109" VPOS="1407" HPOS="271"/>
<SP HEIGHT="40" WIDTH="27" VPOS="1407" HPOS="381"/>
<String CONTENT="5," HEIGHT="46" WIDTH="39" VPOS="1407" HPOS="409"/>
<SP HEIGHT="46" WIDTH="28" VPOS="1407" HPOS="449"/>
<String CONTENT="1928:" HEIGHT="42" WIDTH="141" VPOS="1405" HPOS="478"/>
<SP/>
<String CS="1" CONTENT="1c."/>
<SP HEIGHT="41" WIDTH="27" VPOS="1406" HPOS="719"/>
<String LANG="en-US" CONTENT="Apr." HEIGHT="47" WIDTH="114" VPOS="1406" HPOS="747"/>
<SP HEIGHT="39" WIDTH="27" VPOS="1406" HPOS="862"/>
<String CONTENT="23;" HEIGHT="47" WIDTH="82" VPOS="1405" HPOS="890"/>
<SP HEIGHT="47" WIDTH="31" VPOS="1405" HPOS="973"/>
<!-- cceid 25421B69-6CB2-1014-A20E-B9D6251C946A --><String LANG="en-US" CONTENT="A" HEIGHT="38" WIDTH="41" VPOS="1405" HPOS="1005"/>
<String CONTENT="&#8212;Foreign" HEIGHT="46" WIDTH="272" VPOS="1404" HPOS="1046"/>
<SP HEIGHT="40" WIDTH="27" VPOS="1404" HPOS="1319"/>
<String CONTENT="38897;" HEIGHT="47" WIDTH="171" VPOS="1403" HPOS="1347"/>
<SP HEIGHT="47" WIDTH="32" VPOS="1403" HPOS="1519"/>
<String LANG="fi" CONTENT="Reima" HEIGHT="39" WIDTH="167" VPOS="1403" HPOS="1552"/>
<String CONTENT="r" HEIGHT="27" WIDTH="23" VPOS="1414" HPOS="1728"/>
<SP HEIGHT="38" WIDTH="28" VPOS="1403" HPOS="1752"/>
<String CONTENT="Hobbing." HEIGHT="45" WIDTH="239" VPOS="1402" HPOS="1781"/>
</TextLine>
<TextLine HEIGHT="50" WIDTH="282" VPOS="1462" HPOS="267" LANG="de">
<String CONTENT="(28-19159)" HEIGHT="50" WIDTH="282" VPOS="1462" HPOS="267"/>
</TextLine>
<TextLine HEIGHT="66" WIDTH="1210" VPOS="1540" HPOS="187" STYLEREFS="StyleId-138D566A-38BA-405C-B8EC-F1DA02E9758C-">
<String LANG="en-US" CONTENT="Davenport," HEIGHT="61" WIDTH="364" VPOS="1544" HPOS="187"/>
<SP HEIGHT="61" WIDTH="25" VPOS="1544" HPOS="552"/>
<String LANG="de" CONTENT="Mrs." HEIGHT="52" WIDTH="139" VPOS="1544" HPOS="578"/>
<SP HEIGHT="52" WIDTH="29" VPOS="1543" HPOS="718"/>
<String LANG="de" CONTENT="Delle" HEIGHT="55" WIDTH="162" VPOS="1540" HPOS="748"/>
<SP HEIGHT="64" WIDTH="39" VPOS="1542" HPOS="911"/>
<String LANG="de" CONTENT="(Bloss)" HEIGHT="66" WIDTH="231" VPOS="1540" HPOS="951"/>
<SP HEIGHT="63" WIDTH="40" VPOS="1541" HPOS="1183"/>
<String LANG="de" CONTENT="1873-" HEIGHT="52" WIDTH="173" VPOS="1541" HPOS="1224"/>
</TextLine>
<TextLine HEIGHT="71" WIDTH="1880" VPOS="1618" HPOS="315" STYLEREFS="StyleId-B8FCD421-1F56-408C-9CC5-67F9B6F09E9A-" CS="1">
<String LANG="de" CS="1" CONTENT="&#8230;"/>
<SP HEIGHT="53" WIDTH="47" VPOS="1620" HPOS="315"/>
<String LANG="en-US" CONTENT="Honest-to-goodness" HEIGHT="69" WIDTH="616" VPOS="1620" HPOS="363"/>
<SP HEIGHT="53" WIDTH="44" VPOS="1619" HPOS="980"/>
<String LANG="en-US" CONTENT="friends" HEIGHT="53" WIDTH="224" VPOS="1619" HPOS="1025"/>
<SP HEIGHT="34" WIDTH="41" VPOS="1638" HPOS="1250"/>
<String LANG="en-US" CONTENT="and" HEIGHT="52" WIDTH="114" VPOS="1619" HPOS="1292"/>
<SP HEIGHT="68" WIDTH="39" VPOS="1619" HPOS="1407"/>
<String LANG="en-US" CONTENT="poems," HEIGHT="50" WIDTH="211" VPOS="1637" HPOS="1447"/>
<SP HEIGHT="67" WIDTH="40" VPOS="1618" HPOS="1659"/>
<String LANG="en-US" CONTENT="by" HEIGHT="69" WIDTH="75" VPOS="1618" HPOS="1700"/>
<SP HEIGHT="68" WIDTH="41" VPOS="1619" HPOS="1776"/>
<String LANG="de" CONTENT="Delle" HEIGHT="53" WIDTH="164" VPOS="1618" HPOS="1818"/>
<SP HEIGHT="52" WIDTH="44" VPOS="1619" HPOS="1983"/>
<String LANG="de" CONTENT="Bloss" HEIGHT="53" WIDTH="167" VPOS="1618" HPOS="2028"/>
</TextLine>
<TextLine HEIGHT="70" WIDTH="1722" VPOS="1696" HPOS="184" STYLEREFS="StyleId-B8FCD421-1F56-408C-9CC5-67F9B6F09E9A-" CS="1">
<String LANG="en-US" CONTENT="Davenport." HEIGHT="67" WIDTH="352" VPOS="1699" HPOS="184"/>
<SP HEIGHT="52" WIDTH="76" VPOS="1698" HPOS="537"/>
<String LANG="de" CONTENT="Boston," HEIGHT="66" WIDTH="235" VPOS="1698" HPOS="614"/>
<SP HEIGHT="66" WIDTH="35" VPOS="1698" HPOS="850"/>
<String LANG="en-US" CONTENT="The" HEIGHT="52" WIDTH="121" VPOS="1698" HPOS="886"/>
<SP HEIGHT="56" WIDTH="39" VPOS="1696" HPOS="1008"/>
<String LANG="en-US" CONTENT="Stratford" HEIGHT="56" WIDTH="302" VPOS="1696" HPOS="1048"/>
<SP HEIGHT="52" WIDTH="37" VPOS="1697" HPOS="1351"/>
<String LANG="en-US" CONTENT="company" HEIGHT="51" WIDTH="281" VPOS="1714" HPOS="1389"/>
<SP HEIGHT="49" WIDTH="41" VPOS="1716" HPOS="1671"/>
<String LANG="en-US" CS="1" CONTENT="["/>
<String STYLE="superscript" LANG="de" CONTENT="c" HEIGHT="21" WIDTH="17" VPOS="1702" HPOS="1731"/>
<String LANG="de" CONTENT="1928]" HEIGHT="64" WIDTH="151" VPOS="1698" HPOS="1755"/>
</TextLine>
<TextLine HEIGHT="51" WIDTH="1160" VPOS="1779" HPOS="253" CS="1">
<String LANG="de" CONTENT="47" HEIGHT="39" WIDTH="57" VPOS="1783" HPOS="253"/>
<SP HEIGHT="47" WIDTH="26" VPOS="1783" HPOS="311"/>
<String LANG="de" CONTENT="p." HEIGHT="37" WIDTH="42" VPOS="1793" HPOS="338"/>
<SP HEIGHT="37" WIDTH="60" VPOS="1793" HPOS="381"/>
<String LANG="en-US" CONTENT="port." HEIGHT="47" WIDTH="123" VPOS="1783" HPOS="442"/>
<SP HEIGHT="39" WIDTH="58" VPOS="1782" HPOS="566"/>
<String LANG="de" CONTENT="25" HEIGHT="40" WIDTH="56" VPOS="1781" HPOS="625"/>
<String STYLE="superscript" LANG="de" CS="1" CONTENT="&#7580;&#7504;"/>
<String LANG="de" CONTENT="." HEIGHT="8" WIDTH="7" VPOS="1813" HPOS="735"/>
<SP HEIGHT="48" WIDTH="69" VPOS="1780" HPOS="743"/>
<String LANG="en-US" CONTENT="(The" HEIGHT="48" WIDTH="125" VPOS="1780" HPOS="813"/>
<SP HEIGHT="42" WIDTH="29" VPOS="1779" HPOS="939"/>
<String LANG="en-US" CONTENT="Stratford" HEIGHT="42" WIDTH="252" VPOS="1779" HPOS="969"/>
<SP HEIGHT="47" WIDTH="28" VPOS="1781" HPOS="1222"/>
<String LANG="en-US" CONTENT="poets)" HEIGHT="48" WIDTH="162" VPOS="1780" HPOS="1251"/>
</TextLine>
<TextLine HEIGHT="42" WIDTH="958" VPOS="1837" HPOS="256">
<String CONTENT="On" HEIGHT="41" WIDTH="71" VPOS="1838" HPOS="256"/>
<SP HEIGHT="30" WIDTH="30" VPOS="1849" HPOS="328"/>
<String CONTENT="cover:" HEIGHT="30" WIDTH="168" VPOS="1849" HPOS="359"/>
<SP HEIGHT="39" WIDTH="33" VPOS="1838" HPOS="528"/>
<String CONTENT="The" HEIGHT="40" WIDTH="101" VPOS="1838" HPOS="562"/>
<SP HEIGHT="42" WIDTH="31" VPOS="1837" HPOS="664"/>
<String CONTENT="Stratford" HEIGHT="42" WIDTH="251" VPOS="1837" HPOS="696"/>
<SP HEIGHT="40" WIDTH="31" VPOS="1837" HPOS="948"/>
<String CONTENT="booklets." HEIGHT="40" WIDTH="234" VPOS="1837" HPOS="980"/>
</TextLine>
<TextLine HEIGHT="53" WIDTH="1999" VPOS="1890" HPOS="193" CS="1">
<String CONTENT="&#169;" HEIGHT="53" WIDTH="51" VPOS="1890" HPOS="193"/>
<SP HEIGHT="53" WIDTH="36" VPOS="1890" HPOS="245"/>
<String CS="1" CONTENT="July" HEIGHT="39" WIDTH="82" VPOS="1896" HPOS="282"/>
<SP HEIGHT="40" WIDTH="35" VPOS="1894" HPOS="399"/>
<String CONTENT="9," HEIGHT="49" WIDTH="39" VPOS="1894" HPOS="435"/>
<SP HEIGHT="48" WIDTH="35" VPOS="1895" HPOS="475"/>
<String CONTENT="1928;" HEIGHT="42" WIDTH="141" VPOS="1894" HPOS="511"/>
<SP HEIGHT="42" WIDTH="36" VPOS="1894" HPOS="653"/>
<String CONTENT="2c." HEIGHT="40" WIDTH="68" VPOS="1894" HPOS="690"/>
<SP HEIGHT="40" WIDTH="36" VPOS="1894" HPOS="759"/>
<String CONTENT="July" HEIGHT="47" WIDTH="116" VPOS="1894" HPOS="796"/>
<SP HEIGHT="47" WIDTH="34" VPOS="1894" HPOS="913"/>
<String CONTENT="10;" HEIGHT="47" WIDTH="83" VPOS="1893" HPOS="948"/>
<SP HEIGHT="38" WIDTH="38" VPOS="1902" HPOS="1032"/>
<String CONTENT="aff." HEIGHT="41" WIDTH="83" VPOS="1892" HPOS="1071"/>
<SP HEIGHT="40" WIDTH="36" VPOS="1893" HPOS="1155"/>
<String CONTENT="July" HEIGHT="47" WIDTH="117" VPOS="1893" HPOS="1192"/>
<SP HEIGHT="47" WIDTH="34" VPOS="1893" HPOS="1310"/>
<String CONTENT="17;" HEIGHT="46" WIDTH="83" VPOS="1893" HPOS="1345"/>
<SP HEIGHT="47" WIDTH="37" VPOS="1892" HPOS="1429"/>
<!-- cceid 25427A2C-6CB2-1014-A20E-B9D6251C946A --><String CONTENT="A" HEIGHT="39" WIDTH="41" VPOS="1892" HPOS="1467"/>
<SP HEIGHT="39" WIDTH="35" VPOS="1892" HPOS="1509"/>
<String CONTENT="1083260;" HEIGHT="47" WIDTH="230" VPOS="1891" HPOS="1545"/>
<SP HEIGHT="47" WIDTH="41" VPOS="1891" HPOS="1776"/>
<String CONTENT="Stratford" HEIGHT="40" WIDTH="252" VPOS="1891" HPOS="1818"/>
<SP HEIGHT="38" WIDTH="37" VPOS="1893" HPOS="2071"/>
<String CONTENT="co.," HEIGHT="38" WIDTH="83" VPOS="1902" HPOS="2109"/>
</TextLine>
<TextLine HEIGHT="49" WIDTH="515" VPOS="1950" HPOS="263">
<String CONTENT="pubrs." HEIGHT="47" WIDTH="164" VPOS="1952" HPOS="263"/>
<SP HEIGHT="48" WIDTH="68" VPOS="1951" HPOS="428"/>
<String CONTENT="(28-19083" HEIGHT="49" WIDTH="255" VPOS="1950" HPOS="497"/>
<SP HEIGHT="48" WIDTH="11" VPOS="1951" HPOS="753"/>
<String CONTENT=")" HEIGHT="48" WIDTH="13" VPOS="1951" HPOS="765"/>
</TextLine>
<TextLine HEIGHT="63" WIDTH="1092" VPOS="2030" HPOS="191" STYLEREFS="StyleId-B8FCD421-1F56-408C-9CC5-67F9B6F09E9A-">
<String CONTENT="Dorchester," HEIGHT="62" WIDTH="380" VPOS="2031" HPOS="191"/>
<SP HEIGHT="61" WIDTH="35" VPOS="2032" HPOS="572"/>
<String CONTENT="Frank" HEIGHT="53" WIDTH="199" VPOS="2030" HPOS="608"/>
<SP HEIGHT="52" WIDTH="35" VPOS="2030" HPOS="808"/>
<String CONTENT="Edwin," HEIGHT="62" WIDTH="227" VPOS="2030" HPOS="844"/>
<SP HEIGHT="58" WIDTH="38" VPOS="2034" HPOS="1072"/>
<String CONTENT="1880-" HEIGHT="50" WIDTH="172" VPOS="2033" HPOS="1111"/>
</TextLine>
<TextLine HEIGHT="71" WIDTH="1936" VPOS="2107" HPOS="261" STYLEREFS="StyleId-B8FCD421-1F56-408C-9CC5-67F9B6F09E9A-">
<String CONTENT="Psycho-physio-kinesiology;" HEIGHT="70" WIDTH="875" VPOS="2108" HPOS="261"/>
<SP HEIGHT="61" WIDTH="50" VPOS="2114" HPOS="1137"/>
<String CONTENT="the" HEIGHT="52" WIDTH="97" VPOS="2109" HPOS="1188"/>
<SP HEIGHT="35" WIDTH="45" VPOS="2126" HPOS="1286"/>
<String CONTENT="new" HEIGHT="35" WIDTH="125" VPOS="2126" HPOS="1332"/>
<SP HEIGHT="51" WIDTH="46" VPOS="2109" HPOS="1458"/>
<String CONTENT="health" HEIGHT="52" WIDTH="196" VPOS="2108" HPOS="1505"/>
<SP HEIGHT="51" WIDTH="50" VPOS="2109" HPOS="1702"/>
<String CONTENT="and" HEIGHT="53" WIDTH="112" VPOS="2108" HPOS="1753"/>
<SP HEIGHT="53" WIDTH="49" VPOS="2108" HPOS="1866"/>
<String CONTENT="efficiency" HEIGHT="70" WIDTH="281" VPOS="2107" HPOS="1916"/>
</TextLine>
<TextLine HEIGHT="69" WIDTH="1713" VPOS="2186" HPOS="193" STYLEREFS="StyleId-B8FCD421-1F56-408C-9CC5-67F9B6F09E9A-" CS="1">
<String CONTENT="science," HEIGHT="67" WIDTH="230" VPOS="2187" HPOS="193"/>
<SP HEIGHT="67" WIDTH="25" VPOS="2187" HPOS="424"/>
<String CONTENT="by" HEIGHT="68" WIDTH="76" VPOS="2187" HPOS="450"/>
<SP HEIGHT="67" WIDTH="25" VPOS="2188" HPOS="527"/>
<String CONTENT="Dr." HEIGHT="52" WIDTH="103" VPOS="2188" HPOS="553"/>
<SP HEIGHT="52" WIDTH="29" VPOS="2188" HPOS="657"/>
<String CONTENT="Frank" HEIGHT="53" WIDTH="199" VPOS="2186" HPOS="687"/>
<SP HEIGHT="52" WIDTH="27" VPOS="2186" HPOS="887"/>
<String CONTENT="E." HEIGHT="52" WIDTH="67" VPOS="2187" HPOS="915"/>
<SP HEIGHT="52" WIDTH="28" VPOS="2187" HPOS="983"/>
<String CONTENT="Dorchester" HEIGHT="52" WIDTH="346" VPOS="2187" HPOS="1012"/>
<SP HEIGHT="34" WIDTH="33" VPOS="2205" HPOS="1359"/>
<String CS="1" CONTENT="&#8230;"/>
<SP HEIGHT="51" WIDTH="69" VPOS="2188" HPOS="1449"/>
<String CONTENT="Boston," HEIGHT="66" WIDTH="235" VPOS="2188" HPOS="1519"/>
<SP HEIGHT="67" WIDTH="29" VPOS="2187" HPOS="1755"/>
<String CONTENT="The" HEIGHT="52" WIDTH="121" VPOS="2187" HPOS="1785"/>
</TextLine>
<TextLine HEIGHT="148" WIDTH="1979" VPOS="2185" HPOS="194" STYLEREFS="StyleId-B8FCD421-1F56-408C-9CC5-67F9B6F09E9A-" CS="1">
<String CONTENT="Christopher" HEIGHT="148" WIDTH="1979" VPOS="2185" HPOS="194"/>
<SP HEIGHT="49" WIDTH="27" VPOS="2284" HPOS="335"/>
<String CONTENT="publishing" HEIGHT="69" WIDTH="338" VPOS="2264" HPOS="363"/>
<SP HEIGHT="67" WIDTH="27" VPOS="2266" HPOS="702"/>
<String CONTENT="house" HEIGHT="51" WIDTH="174" VPOS="2266" HPOS="730"/>
<SP HEIGHT="47" WIDTH="35" VPOS="2284" HPOS="905"/>
<String STYLE="subscript" CONTENT="[" HEIGHT="33" WIDTH="13" VPOS="2298" HPOS="941"/>
<String STYLE="superscript" CONTENT="c" HEIGHT="22" WIDTH="18" VPOS="2270" HPOS="959"/>
<String CONTENT="1928" HEIGHT="50" WIDTH="133" VPOS="2267" HPOS="982"/>
<String STYLE="subscript" CONTENT="]" HEIGHT="34" WIDTH="14" VPOS="2297" HPOS="1120"/>
</TextLine>
<TextLine HEIGHT="50" WIDTH="938" VPOS="2346" HPOS="264" CS="1">
<String CONTENT="254" HEIGHT="40" WIDTH="85" VPOS="2346" HPOS="264"/>
<SP HEIGHT="49" WIDTH="27" VPOS="2347" HPOS="350"/>
<String CONTENT="p." HEIGHT="39" WIDTH="44" VPOS="2357" HPOS="378"/>
<SP HEIGHT="41" WIDTH="57" VPOS="2346" HPOS="423"/>
<String CONTENT="front.," HEIGHT="43" WIDTH="164" VPOS="2346" HPOS="481"/>
<SP HEIGHT="43" WIDTH="31" VPOS="2346" HPOS="646"/>
<String CONTENT="illus.," HEIGHT="48" WIDTH="143" VPOS="2346" HPOS="678"/>
<SP HEIGHT="37" WIDTH="30" VPOS="2358" HPOS="822"/>
<String CONTENT="plates." HEIGHT="47" WIDTH="173" VPOS="2348" HPOS="853"/>
<SP HEIGHT="40" WIDTH="57" VPOS="2347" HPOS="1027"/>
<String CONTENT="21" HEIGHT="38" WIDTH="56" VPOS="2347" HPOS="1085"/>
<String STYLE="superscript" CS="1" CONTENT="&#7580;&#7504;"/>
<String CONTENT="." HEIGHT="9" WIDTH="8" VPOS="2378" HPOS="1194"/>
</TextLine>
<TextLine HEIGHT="54" WIDTH="1998" VPOS="2400" HPOS="200">
<String CONTENT="&#169;" HEIGHT="52" WIDTH="50" VPOS="2400" HPOS="200"/>
<SP HEIGHT="52" WIDTH="30" VPOS="2400" HPOS="251"/>
<String CONTENT="July" HEIGHT="47" WIDTH="116" VPOS="2406" HPOS="282"/>
<SP HEIGHT="47" WIDTH="29" VPOS="2406" HPOS="399"/>
<String CONTENT="28," HEIGHT="47" WIDTH="69" VPOS="2405" HPOS="429"/>
<SP HEIGHT="46" WIDTH="31" VPOS="2406" HPOS="499"/>
<String CONTENT="1928;" HEIGHT="46" WIDTH="141" VPOS="2405" HPOS="531"/>
<SP HEIGHT="45" WIDTH="30" VPOS="2406" HPOS="673"/>
<String CONTENT="2c." HEIGHT="40" WIDTH="68" VPOS="2406" HPOS="704"/>
<SP HEIGHT="41" WIDTH="29" VPOS="2405" HPOS="773"/>
<String CONTENT="Aug." HEIGHT="47" WIDTH="120" VPOS="2405" HPOS="803"/>
<SP HEIGHT="39" WIDTH="29" VPOS="2407" HPOS="924"/>
<String CONTENT="7;" HEIGHT="45" WIDTH="54" VPOS="2407" HPOS="954"/>
<SP HEIGHT="37" WIDTH="32" VPOS="2415" HPOS="1009"/>
<String CONTENT="aff." HEIGHT="42" WIDTH="82" VPOS="2404" HPOS="1042"/>
<SP HEIGHT="41" WIDTH="30" VPOS="2405" HPOS="1125"/>
<String CONTENT="Aug." HEIGHT="48" WIDTH="122" VPOS="2405" HPOS="1156"/>
<SP HEIGHT="40" WIDTH="28" VPOS="2406" HPOS="1279"/>
<String CONTENT="4;" HEIGHT="43" WIDTH="54" VPOS="2406" HPOS="1308"/>
<SP HEIGHT="43" WIDTH="33" VPOS="2406" HPOS="1363"/>
<!-- cceid 2542DA70-6CB2-1014-A20E-B9D6251C946A --><String CONTENT="A" HEIGHT="38" WIDTH="41" VPOS="2406" HPOS="1397"/>
<SP HEIGHT="38" WIDTH="30" VPOS="2406" HPOS="1439"/>
<String CONTENT="1083517;" HEIGHT="45" WIDTH="229" VPOS="2406" HPOS="1470"/>
<SP HEIGHT="46" WIDTH="36" VPOS="2405" HPOS="1700"/>
<String CONTENT="Christopher" HEIGHT="48" WIDTH="318" VPOS="2405" HPOS="1737"/>
<SP HEIGHT="37" WIDTH="31" VPOS="2417" HPOS="2056"/>
<String CONTENT="pub." HEIGHT="47" WIDTH="110" VPOS="2407" HPOS="2088"/>
</TextLine>
<TextLine HEIGHT="50" WIDTH="516" VPOS="2461" HPOS="268">
<String CONTENT="house." HEIGHT="41" WIDTH="165" VPOS="2462" HPOS="268"/>
<SP HEIGHT="48" WIDTH="68" VPOS="2462" HPOS="434"/>
<String CONTENT="(28-19254" HEIGHT="49" WIDTH="257" VPOS="2461" HPOS="503"/>
<SP HEIGHT="49" WIDTH="9" VPOS="2462" HPOS="761"/>
<String CONTENT=")" HEIGHT="48" WIDTH="13" VPOS="2463" HPOS="771"/>
</TextLine>
<TextLine HEIGHT="64" WIDTH="1012" VPOS="2542" HPOS="199" STYLEREFS="StyleId-B8FCD421-1F56-408C-9CC5-67F9B6F09E9A-">
<String CONTENT="Eaton," HEIGHT="61" WIDTH="209" VPOS="2544" HPOS="199"/>
<SP HEIGHT="61" WIDTH="32" VPOS="2544" HPOS="409"/>
<String CONTENT="Walter" HEIGHT="53" WIDTH="227" VPOS="2543" HPOS="442"/>
<SP HEIGHT="52" WIDTH="28" VPOS="2543" HPOS="670"/>
<String CONTENT="Prichard," HEIGHT="64" WIDTH="307" VPOS="2542" HPOS="699"/>
<SP HEIGHT="58" WIDTH="35" VPOS="2548" HPOS="1007"/>
<String CONTENT="1878-" HEIGHT="54" WIDTH="168" VPOS="2542" HPOS="1043"/>
</TextLine>
<TextLine HEIGHT="69" WIDTH="1942" VPOS="2621" HPOS="262" STYLEREFS="StyleId-B8FCD421-1F56-408C-9CC5-67F9B6F09E9A-">
<String CONTENT="Plymouth," HEIGHT="68" WIDTH="332" VPOS="2622" HPOS="262"/>
<SP HEIGHT="45" WIDTH="30" VPOS="2641" HPOS="595"/>
<String CONTENT="written" HEIGHT="53" WIDTH="229" VPOS="2621" HPOS="626"/>
<SP HEIGHT="52" WIDTH="30" VPOS="2622" HPOS="856"/>
<String CONTENT="by" HEIGHT="68" WIDTH="76" VPOS="2622" HPOS="887"/>
<SP HEIGHT="67" WIDTH="27" VPOS="2623" HPOS="964"/>
<String CONTENT="Walter" HEIGHT="54" WIDTH="222" VPOS="2622" HPOS="992"/>
<SP HEIGHT="51" WIDTH="32" VPOS="2623" HPOS="1215"/>
<String CONTENT="Prichard" HEIGHT="53" WIDTH="284" VPOS="2622" HPOS="1248"/>
<SP HEIGHT="52" WIDTH="34" VPOS="2623" HPOS="1533"/>
<String CONTENT="Eaton;" HEIGHT="64" WIDTH="218" VPOS="2624" HPOS="1568"/>
<SP HEIGHT="65" WIDTH="33" VPOS="2623" HPOS="1787"/>
<String CONTENT="illustrations" HEIGHT="53" WIDTH="383" VPOS="2623" HPOS="1821"/>
</TextLine>
<TextLine HEIGHT="71" WIDTH="2008" VPOS="2698" HPOS="194" STYLEREFS="StyleId-B8FCD421-1F56-408C-9CC5-67F9B6F09E9A-" CS="1">
<String CONTENT="by" HEIGHT="68" WIDTH="73" VPOS="2698" HPOS="194"/>
<SP HEIGHT="68" WIDTH="53" VPOS="2698" HPOS="268"/>
<String CONTENT="Cameron" HEIGHT="55" WIDTH="280" VPOS="2698" HPOS="322"/>
<SP HEIGHT="52" WIDTH="51" VPOS="2701" HPOS="603"/>
<String CONTENT="Wright." HEIGHT="69" WIDTH="252" VPOS="2700" HPOS="655"/>
<SP HEIGHT="33" WIDTH="99" VPOS="2733" HPOS="908"/>
<String CS="1" CONTENT="[New" HEIGHT="51" WIDTH="139" VPOS="2701" HPOS="1026"/>
<SP HEIGHT="51" WIDTH="52" VPOS="2701" HPOS="1166"/>
<String CONTENT="York]" HEIGHT="67" WIDTH="181" VPOS="2700" HPOS="1219"/>
<SP HEIGHT="65" WIDTH="58" VPOS="2702" HPOS="1401"/>
<String CONTENT="The" HEIGHT="52" WIDTH="120" VPOS="2701" HPOS="1460"/>
<SP HEIGHT="52" WIDTH="53" VPOS="2701" HPOS="1581"/>
<String CONTENT="New" HEIGHT="52" WIDTH="138" VPOS="2701" HPOS="1635"/>
<SP HEIGHT="52" WIDTH="53" VPOS="2701" HPOS="1774"/>
<String CONTENT="York," HEIGHT="67" WIDTH="182" VPOS="2700" HPOS="1828"/>
<SP HEIGHT="66" WIDTH="51" VPOS="2701" HPOS="2011"/>
<String CONTENT="New" HEIGHT="53" WIDTH="139" VPOS="2701" HPOS="2063"/>
</TextLine>
<TextLine HEIGHT="71" WIDTH="1499" VPOS="2777" HPOS="195" STYLEREFS="StyleId-B8FCD421-1F56-408C-9CC5-67F9B6F09E9A-">
<String CONTENT="Haven" HEIGHT="54" WIDTH="205" VPOS="2777" HPOS="195"/>
<SP HEIGHT="34" WIDTH="34" VPOS="2797" HPOS="401"/>
<String CONTENT="and" HEIGHT="53" WIDTH="113" VPOS="2778" HPOS="436"/>
<SP HEIGHT="52" WIDTH="32" VPOS="2778" HPOS="550"/>
<String CONTENT="Hartford" HEIGHT="54" WIDTH="295" VPOS="2777" HPOS="583"/>
<SP HEIGHT="52" WIDTH="36" VPOS="2779" HPOS="879"/>
<String CONTENT="railroad" HEIGHT="52" WIDTH="253" VPOS="2779" HPOS="916"/>
<SP HEIGHT="52" WIDTH="36" VPOS="2779" HPOS="1170"/>
<String CONTENT="company," HEIGHT="51" WIDTH="300" VPOS="2797" HPOS="1207"/>
<SP HEIGHT="63" WIDTH="36" VPOS="2783" HPOS="1508"/>
<String CONTENT="1928." HEIGHT="51" WIDTH="149" VPOS="2781" HPOS="1545"/>
</TextLine>
<TextLine HEIGHT="50" WIDTH="1599" VPOS="2860" HPOS="264" CS="1">
<String CONTENT="46," HEIGHT="44" WIDTH="69" VPOS="2860" HPOS="264"/>
<SP HEIGHT="30" WIDTH="37" VPOS="2880" HPOS="334"/>
<String CONTENT="[2]" HEIGHT="49" WIDTH="55" VPOS="2861" HPOS="372"/>
<SP HEIGHT="38" WIDTH="34" VPOS="2871" HPOS="428"/>
<String CONTENT="p." HEIGHT="37" WIDTH="42" VPOS="2871" HPOS="463"/>
<SP HEIGHT="39" WIDTH="32" VPOS="2861" HPOS="506"/>
<String CONTENT="incl." HEIGHT="40" WIDTH="110" VPOS="2861" HPOS="539"/>
<SP HEIGHT="40" WIDTH="32" VPOS="2861" HPOS="650"/>
<String CONTENT="front.," HEIGHT="45" WIDTH="165" VPOS="2861" HPOS="683"/>
<SP HEIGHT="45" WIDTH="32" VPOS="2861" HPOS="849"/>
<String CONTENT="illus.," HEIGHT="46" WIDTH="142" VPOS="2861" HPOS="882"/>
<SP HEIGHT="45" WIDTH="31" VPOS="2862" HPOS="1025"/>
<String CONTENT="double" HEIGHT="40" WIDTH="174" VPOS="2861" HPOS="1057"/>
<SP HEIGHT="40" WIDTH="33" VPOS="2861" HPOS="1232"/>
<String CONTENT="facsim." HEIGHT="40" WIDTH="191" VPOS="2861" HPOS="1266"/>
<SP HEIGHT="47" WIDTH="28" VPOS="2861" HPOS="1458"/>
<String CONTENT="(map)" HEIGHT="48" WIDTH="160" VPOS="2861" HPOS="1487"/>
<SP HEIGHT="48" WIDTH="68" VPOS="2861" HPOS="1648"/>
<String CS="1" CONTENT="27&#189;" HEIGHT="40" WIDTH="56" VPOS="2862" HPOS="1717"/>
<String STYLE="superscript" CS="1" CONTENT="&#7580;&#7504;"/>
<String CONTENT="." HEIGHT="8" WIDTH="9" VPOS="2894" HPOS="1854"/>
</TextLine>
<TextLine HEIGHT="48" WIDTH="735" VPOS="2917" HPOS="267">
<String CONTENT="On" HEIGHT="41" WIDTH="70" VPOS="2917" HPOS="267"/>
<SP HEIGHT="29" WIDTH="29" VPOS="2929" HPOS="338"/>
<String CONTENT="cover:" HEIGHT="29" WIDTH="168" VPOS="2929" HPOS="368"/>
<SP HEIGHT="38" WIDTH="29" VPOS="2919" HPOS="537"/>
<String CONTENT="Plymouth." HEIGHT="46" WIDTH="274" VPOS="2919" HPOS="567"/>
<SP HEIGHT="41" WIDTH="31" VPOS="2919" HPOS="842"/>
<String CONTENT="1620." HEIGHT="40" WIDTH="128" VPOS="2918" HPOS="874"/>
</TextLine>
<TextLine HEIGHT="53" WIDTH="1996" VPOS="2970" HPOS="207">
<String CONTENT="&#169;" HEIGHT="52" WIDTH="50" VPOS="2970" HPOS="207"/>
<SP HEIGHT="52" WIDTH="29" VPOS="2970" HPOS="258"/>
<String CONTENT="July" HEIGHT="47" WIDTH="116" VPOS="2976" HPOS="288"/>
<SP HEIGHT="47" WIDTH="26" VPOS="2976" HPOS="405"/>
<String CONTENT="28," HEIGHT="48" WIDTH="69" VPOS="2975" HPOS="432"/>
<SP HEIGHT="47" WIDTH="30" VPOS="2976" HPOS="502"/>
<String CONTENT="1928;" HEIGHT="46" WIDTH="141" VPOS="2975" HPOS="533"/>
<SP HEIGHT="45" WIDTH="30" VPOS="2976" HPOS="675"/>
<String CONTENT="2c." HEIGHT="40" WIDTH="69" VPOS="2976" HPOS="706"/>
<SP HEIGHT="41" WIDTH="27" VPOS="2975" HPOS="776"/>
<String CONTENT="Aug." HEIGHT="48" WIDTH="122" VPOS="2975" HPOS="804"/>
<SP HEIGHT="39" WIDTH="28" VPOS="2977" HPOS="927"/>
<String CONTENT="10;" HEIGHT="47" WIDTH="83" VPOS="2975" HPOS="956"/>
<SP HEIGHT="36" WIDTH="31" VPOS="2986" HPOS="1040"/>
<String CONTENT="aff." HEIGHT="40" WIDTH="83" VPOS="2976" HPOS="1072"/>
<SP HEIGHT="40" WIDTH="30" VPOS="2976" HPOS="1156"/>
<String CONTENT="Aug." HEIGHT="47" WIDTH="120" VPOS="2976" HPOS="1187"/>
<SP HEIGHT="38" WIDTH="30" VPOS="2978" HPOS="1308"/>
<String CONTENT="7;" HEIGHT="45" WIDTH="52" VPOS="2978" HPOS="1339"/>
<SP HEIGHT="47" WIDTH="31" VPOS="2976" HPOS="1392"/>
<!-- cceid 25433CE2-6CB2-1014-A20E-B9D6251C946A --><String CONTENT="A" HEIGHT="39" WIDTH="40" VPOS="2976" HPOS="1424"/>
<SP HEIGHT="39" WIDTH="29" VPOS="2976" HPOS="1465"/>
<String CONTENT="1083568;" HEIGHT="42" WIDTH="230" VPOS="2976" HPOS="1495"/>
<SP HEIGHT="41" WIDTH="32" VPOS="2977" HPOS="1726"/>
<String CONTENT="New" HEIGHT="39" WIDTH="119" VPOS="2977" HPOS="1759"/>
<SP HEIGHT="39" WIDTH="27" VPOS="2977" HPOS="1879"/>
<String CONTENT="York," HEIGHT="43" WIDTH="144" VPOS="2977" HPOS="1907"/>
<SP HEIGHT="43" WIDTH="33" VPOS="2977" HPOS="2052"/>
<String CONTENT="New" HEIGHT="40" WIDTH="117" VPOS="2977" HPOS="2086"/>
</TextLine>
<TextLine HEIGHT="50" WIDTH="1228" VPOS="3032" HPOS="274" CS="1">
<String CONTENT="Haven" HEIGHT="39" WIDTH="174" VPOS="3033" HPOS="274"/>
<SP HEIGHT="39" WIDTH="32" VPOS="3033" HPOS="449"/>
<String CONTENT="&amp;" HEIGHT="39" WIDTH="35" VPOS="3033" HPOS="482"/>
<SP HEIGHT="39" WIDTH="31" VPOS="3033" HPOS="518"/>
<String CONTENT="Hartford" HEIGHT="40" WIDTH="244" VPOS="3032" HPOS="550"/>
<SP HEIGHT="39" WIDTH="32" VPOS="3033" HPOS="795"/>
<String CONTENT="railroad" HEIGHT="40" WIDTH="218" VPOS="3033" HPOS="828"/>
<SP HEIGHT="40" WIDTH="33" VPOS="3033" HPOS="1047"/>
<String CONTENT="co." HEIGHT="29" WIDTH="67" VPOS="3044" HPOS="1081"/>
<SP HEIGHT="48" WIDTH="70" VPOS="3033" HPOS="1149"/>
<String CONTENT="(28-19179)" HEIGHT="50" WIDTH="282" VPOS="3032" HPOS="1220"/>
<SP/>
</TextLine>
<TextLine HEIGHT="64" WIDTH="1045" VPOS="3111" HPOS="205" STYLEREFS="StyleId-138D566A-38BA-405C-B8EC-F1DA02E9758C-">
<String CONTENT="Edgerton," HEIGHT="64" WIDTH="320" VPOS="3111" HPOS="205"/>
<SP HEIGHT="61" WIDTH="29" VPOS="3113" HPOS="526"/>
<String CONTENT="James" HEIGHT="52" WIDTH="206" VPOS="3113" HPOS="556"/>
<SP HEIGHT="53" WIDTH="26" VPOS="3112" HPOS="763"/>
<String CONTENT="Arthur," HEIGHT="63" WIDTH="253" VPOS="3112" HPOS="790"/>
<SP HEIGHT="58" WIDTH="34" VPOS="3117" HPOS="1044"/>
<String CONTENT="1869-" HEIGHT="50" WIDTH="171" VPOS="3116" HPOS="1079"/>
</TextLine>
<TextLine HEIGHT="72" WIDTH="1932" VPOS="3190" HPOS="275" STYLEREFS="StyleId-B8FCD421-1F56-408C-9CC5-67F9B6F09E9A-">
<String CONTENT="The" HEIGHT="53" WIDTH="118" VPOS="3190" HPOS="275"/>
<SP HEIGHT="49" WIDTH="25" VPOS="3209" HPOS="394"/>
<String CONTENT="philosophy" HEIGHT="69" WIDTH="348" VPOS="3190" HPOS="420"/>
<SP HEIGHT="49" WIDTH="25" VPOS="3210" HPOS="769"/>
<String CONTENT="of" HEIGHT="54" WIDTH="64" VPOS="3190" HPOS="795"/>
<SP HEIGHT="55" WIDTH="26" VPOS="3190" HPOS="860"/>
<String CONTENT="Jesus," HEIGHT="67" WIDTH="185" VPOS="3191" HPOS="887"/>
<SP HEIGHT="61" WIDTH="24" VPOS="3197" HPOS="1073"/>
<String CONTENT="the" HEIGHT="53" WIDTH="95" VPOS="3192" HPOS="1098"/>
<SP HEIGHT="54" WIDTH="24" VPOS="3191" HPOS="1194"/>
<String CONTENT="basis" HEIGHT="54" WIDTH="153" VPOS="3191" HPOS="1219"/>
<SP HEIGHT="33" WIDTH="27" VPOS="3211" HPOS="1373"/>
<String CONTENT="of" HEIGHT="53" WIDTH="64" VPOS="3191" HPOS="1401"/>
<SP HEIGHT="53" WIDTH="26" VPOS="3191" HPOS="1466"/>
<String CONTENT="a" HEIGHT="33" WIDTH="31" VPOS="3211" HPOS="1493"/>
<SP HEIGHT="34" WIDTH="25" VPOS="3210" HPOS="1525"/>
<String CONTENT="new" HEIGHT="34" WIDTH="125" VPOS="3210" HPOS="1551"/>
<SP HEIGHT="33" WIDTH="26" VPOS="3211" HPOS="1677"/>
<String CONTENT="reformation," HEIGHT="68" WIDTH="400" VPOS="3191" HPOS="1704"/>
<SP HEIGHT="67" WIDTH="24" VPOS="3192" HPOS="2105"/>
<String CONTENT="by" HEIGHT="70" WIDTH="77" VPOS="3192" HPOS="2130"/>
</TextLine>
<TextLine HEIGHT="74" WIDTH="2003" VPOS="3266" HPOS="206" STYLEREFS="StyleId-B8FCD421-1F56-408C-9CC5-67F9B6F09E9A-">
<String CONTENT="James" HEIGHT="54" WIDTH="189" VPOS="3266" HPOS="206"/>
<SP HEIGHT="52" WIDTH="24" VPOS="3268" HPOS="396"/>
<String CONTENT="Arthur" HEIGHT="52" WIDTH="227" VPOS="3268" HPOS="421"/>
<SP HEIGHT="51" WIDTH="23" VPOS="3269" HPOS="649"/>
<String CONTENT="Edgerton." HEIGHT="68" WIDTH="313" VPOS="3269" HPOS="673"/>
<SP HEIGHT="52" WIDTH="62" VPOS="3270" HPOS="987"/>
<String CONTENT="Boston," HEIGHT="68" WIDTH="236" VPOS="3270" HPOS="1050"/>
<SP HEIGHT="68" WIDTH="24" VPOS="3270" HPOS="1287"/>
<String CONTENT="The" HEIGHT="52" WIDTH="121" VPOS="3270" HPOS="1312"/>
<SP HEIGHT="55" WIDTH="28" VPOS="3269" HPOS="1434"/>
<String CONTENT="Christopher" HEIGHT="69" WIDTH="379" VPOS="3269" HPOS="1463"/>
<SP HEIGHT="50" WIDTH="25" VPOS="3289" HPOS="1843"/>
<String CONTENT="publishing" HEIGHT="70" WIDTH="340" VPOS="3270" HPOS="1869"/>
</TextLine>
<TextLine HEIGHT="69" WIDTH="397" VPOS="3343" HPOS="207" STYLEREFS="StyleId-B8FCD421-1F56-408C-9CC5-67F9B6F09E9A-" CS="1">
<String CONTENT="house" HEIGHT="55" WIDTH="168" VPOS="3343" HPOS="207"/>
<SP HEIGHT="48" WIDTH="33" VPOS="3364" HPOS="376"/>
<String CS="1" CONTENT="["/>
<String STYLE="superscript" CONTENT="c" HEIGHT="22" WIDTH="18" VPOS="3351" HPOS="429"/>
<String CONTENT="1928]" HEIGHT="64" WIDTH="152" VPOS="3348" HPOS="452"/>
</TextLine>
<TextLine HEIGHT="50" WIDTH="365" VPOS="3425" HPOS="277" CS="1">
<String CONTENT="130" HEIGHT="41" WIDTH="85" VPOS="3425" HPOS="277"/>
<SP HEIGHT="50" WIDTH="27" VPOS="3425" HPOS="363"/>
<String CONTENT="p." HEIGHT="37" WIDTH="44" VPOS="3438" HPOS="391"/>
<SP HEIGHT="39" WIDTH="57" VPOS="3428" HPOS="436"/>
<String CS="1" CONTENT="20&#189;&#7580;&#7504;." HEIGHT="41" WIDTH="148" VPOS="3427" HPOS="494"/>
</TextLine>
<TextLine HEIGHT="51" WIDTH="523" VPOS="3482" HPOS="277">
<String CONTENT="Bibliography:" HEIGHT="50" WIDTH="376" VPOS="3482" HPOS="277"/>
<SP HEIGHT="38" WIDTH="31" VPOS="3495" HPOS="654"/>
<String CONTENT="p." HEIGHT="37" WIDTH="43" VPOS="3496" HPOS="686"/>
<SP HEIGHT="39" WIDTH="29" VPOS="3486" HPOS="730"/>
<String CONTENT="7." HEIGHT="40" WIDTH="40" VPOS="3486" HPOS="760"/>
</TextLine>
<TextLine HEIGHT="60" WIDTH="1991" VPOS="3534" HPOS="216" CS="1">
<String CONTENT="&#169;" HEIGHT="52" WIDTH="50" VPOS="3534" HPOS="216"/>
<SP HEIGHT="52" WIDTH="37" VPOS="3534" HPOS="267"/>
<String CONTENT="July" HEIGHT="48" WIDTH="115" VPOS="3540" HPOS="305"/>
<SP HEIGHT="47" WIDTH="34" VPOS="3541" HPOS="421"/>
<String CONTENT="25," HEIGHT="47" WIDTH="69" VPOS="3541" HPOS="456"/>
<SP HEIGHT="45" WIDTH="38" VPOS="3543" HPOS="526"/>
<String CS="1" CONTENT="1928;" HEIGHT="40" WIDTH="117" VPOS="3542" HPOS="565"/>
<SP HEIGHT="46" WIDTH="39" VPOS="3543" HPOS="707"/>
<String CONTENT="2c." HEIGHT="40" WIDTH="67" VPOS="3543" HPOS="747"/>
<SP HEIGHT="29" WIDTH="38" VPOS="3554" HPOS="815"/>
<String CONTENT="and" HEIGHT="38" WIDTH="95" VPOS="3546" HPOS="854"/>
<SP HEIGHT="38" WIDTH="38" VPOS="3546" HPOS="950"/>
<String CONTENT="aff." HEIGHT="41" WIDTH="82" VPOS="3543" HPOS="989"/>
<SP HEIGHT="40" WIDTH="37" VPOS="3544" HPOS="1072"/>
<String CONTENT="July" HEIGHT="47" WIDTH="116" VPOS="3544" HPOS="1110"/>
<SP HEIGHT="46" WIDTH="37" VPOS="3545" HPOS="1227"/>
<String CONTENT="30;" HEIGHT="43" WIDTH="83" VPOS="3544" HPOS="1265"/>
<SP HEIGHT="42" WIDTH="39" VPOS="3545" HPOS="1349"/>
<!-- cceid 25439F98-6CB2-1014-A20E-B9D6251C946A --><String CONTENT="A" HEIGHT="39" WIDTH="41" VPOS="3545" HPOS="1389"/>
<SP HEIGHT="39" WIDTH="36" VPOS="3545" HPOS="1431"/>
<String CONTENT="1082886;" HEIGHT="42" WIDTH="229" VPOS="3545" HPOS="1468"/>
<SP HEIGHT="42" WIDTH="43" VPOS="3545" HPOS="1698"/>
<String CONTENT="Christopher" HEIGHT="49" WIDTH="319" VPOS="3545" HPOS="1742"/>
<SP HEIGHT="36" WIDTH="37" VPOS="3558" HPOS="2062"/>
<String CONTENT="pub." HEIGHT="47" WIDTH="107" VPOS="3547" HPOS="2100"/>
</TextLine>
<TextLine HEIGHT="51" WIDTH="499" VPOS="3597" HPOS="280">
<String CONTENT="house" HEIGHT="41" WIDTH="149" VPOS="3597" HPOS="280"/>
<SP HEIGHT="47" WIDTH="68" VPOS="3599" HPOS="430"/>
<String CONTENT="(28-19272)" HEIGHT="49" WIDTH="280" VPOS="3599" HPOS="499"/>
</TextLine>
<TextLine HEIGHT="70" WIDTH="988" VPOS="3674" HPOS="209" STYLEREFS="StyleId-138D566A-38BA-405C-B8EC-F1DA02E9758C-" CS="1">
<String LANG="de" CONTENT="Ehrenburg," HEIGHT="68" WIDTH="372" VPOS="3674" HPOS="209"/>
<SP HEIGHT="60" WIDTH="30" VPOS="3680" HPOS="582"/>
<String LANG="de" CS="1" CONTENT="Il&#8217;"/>
<String LANG="en-US" CS="1" CONTENT="i&#865;a"/>
<SP HEIGHT="53" WIDTH="32" VPOS="3681" HPOS="741"/>
<String LANG="en-US" CS="1" CONTENT="Grigor&#8217;evich." HEIGHT="64" WIDTH="423" VPOS="3680" HPOS="774"/>
</TextLine>
<TextLine HEIGHT="77" WIDTH="1769" VPOS="3757" HPOS="340" STYLEREFS="StyleId-B8FCD421-1F56-408C-9CC5-67F9B6F09E9A-" CS="1">
<String CS="1" CONTENT="&#8230;"/>
<SP HEIGHT="51" WIDTH="37" VPOS="3757" HPOS="340"/>
<String LANG="de" CONTENT="Michail" HEIGHT="53" WIDTH="241" VPOS="3757" HPOS="378"/>
<SP HEIGHT="51" WIDTH="31" VPOS="3759" HPOS="620"/>
<String CONTENT="Lykow," HEIGHT="67" WIDTH="236" VPOS="3759" HPOS="652"/>
<SP HEIGHT="47" WIDTH="32" VPOS="3779" HPOS="889"/>
<String CONTENT="roman." HEIGHT="34" WIDTH="216" VPOS="3778" HPOS="922"/>
<SP HEIGHT="50" WIDTH="76" VPOS="3762" HPOS="1139"/>
<String CONTENT="Berlin," HEIGHT="67" WIDTH="218" VPOS="3761" HPOS="1216"/>
<SP HEIGHT="66" WIDTH="30" VPOS="3762" HPOS="1435"/>
<String CONTENT="Malik-verlag" HEIGHT="69" WIDTH="412" VPOS="3762" HPOS="1466"/>
<SP HEIGHT="49" WIDTH="35" VPOS="3782" HPOS="1879"/>
<String STYLE="subscript" CONTENT="[" HEIGHT="33" WIDTH="13" VPOS="3797" HPOS="1915"/>
<String CS="1" CONTENT="&#7580;1927" HEIGHT="53" WIDTH="134" VPOS="3764" HPOS="1957"/>
<String STYLE="subscript" CONTENT="]" HEIGHT="32" WIDTH="12" VPOS="3802" HPOS="2097"/>
</TextLine>
<TextLine HEIGHT="51" WIDTH="440" VPOS="3837" HPOS="280" CS="1">
<String CONTENT="559," HEIGHT="46" WIDTH="97" VPOS="3837" HPOS="280"/>
<SP HEIGHT="30" WIDTH="33" VPOS="3858" HPOS="378"/>
<String CONTENT="[1]" HEIGHT="48" WIDTH="55" VPOS="3840" HPOS="412"/>
<SP HEIGHT="38" WIDTH="32" VPOS="3850" HPOS="468"/>
<String CONTENT="p." HEIGHT="37" WIDTH="43" VPOS="3850" HPOS="501"/>
<SP HEIGHT="38" WIDTH="59" VPOS="3841" HPOS="545"/>
<String CS="1" CONTENT="19&#7580;&#7504;." HEIGHT="41" WIDTH="115" VPOS="3840" HPOS="605"/>
</TextLine>
<TextLine HEIGHT="53" WIDTH="919" VPOS="3895" HPOS="282">
<String LANG="en-US" CONTENT="At" HEIGHT="39" WIDTH="63" VPOS="3895" HPOS="282"/>
<SP HEIGHT="38" WIDTH="24" VPOS="3896" HPOS="346"/>
<String LANG="en-US" CONTENT="head" HEIGHT="40" WIDTH="124" VPOS="3896" HPOS="371"/>
<SP HEIGHT="40" WIDTH="30" VPOS="3897" HPOS="496"/>
<String LANG="en-US" CONTENT="of" HEIGHT="40" WIDTH="51" VPOS="3897" HPOS="527"/>
<SP HEIGHT="40" WIDTH="26" VPOS="3897" HPOS="579"/>
<String LANG="en-US" CONTENT="title:" HEIGHT="41" WIDTH="135" VPOS="3897" HPOS="606"/>
<SP HEIGHT="38" WIDTH="31" VPOS="3900" HPOS="742"/>
<String LANG="en-US" CONTENT="Ilja" HEIGHT="47" WIDTH="97" VPOS="3899" HPOS="774"/>
<SP HEIGHT="39" WIDTH="26" VPOS="3900" HPOS="872"/>
<String LANG="de" CONTENT="Ehrenburg." HEIGHT="48" WIDTH="302" VPOS="3900" HPOS="899"/>
</TextLine>
<TextLine HEIGHT="55" WIDTH="1932" VPOS="3951" HPOS="282" LANG="de" CS="1">
<String CONTENT="&#8220;Einzige" HEIGHT="50" WIDTH="226" VPOS="3951" HPOS="282"/>
<SP HEIGHT="30" WIDTH="50" VPOS="3964" HPOS="509"/>
<String CONTENT="autorisierte" HEIGHT="42" WIDTH="313" VPOS="3955" HPOS="560"/>
<SP HEIGHT="40" WIDTH="51" VPOS="3957" HPOS="874"/>
<String CS="1" CONTENT="&#252;bersetzung" HEIGHT="49" WIDTH="291" VPOS="3957" HPOS="959"/>
<SP HEIGHT="37" WIDTH="48" VPOS="3969" HPOS="1251"/>
<String CONTENT="aus" HEIGHT="30" WIDTH="89" VPOS="3969" HPOS="1300"/>
<SP HEIGHT="40" WIDTH="52" VPOS="3959" HPOS="1390"/>
<String CONTENT="dem" HEIGHT="40" WIDTH="106" VPOS="3959" HPOS="1443"/>
<SP HEIGHT="29" WIDTH="50" VPOS="3970" HPOS="1550"/>
<String CONTENT="russischen" HEIGHT="41" WIDTH="277" VPOS="3959" HPOS="1601"/>
<SP HEIGHT="30" WIDTH="49" VPOS="3971" HPOS="1879"/>
<String CONTENT="von" HEIGHT="30" WIDTH="91" VPOS="3971" HPOS="1929"/>
<SP HEIGHT="40" WIDTH="53" VPOS="3961" HPOS="2021"/>
<String CONTENT="Hans" HEIGHT="41" WIDTH="139" VPOS="3961" HPOS="2075"/>
</TextLine>
<TextLine HEIGHT="56" WIDTH="185" VPOS="3994" HPOS="215" LANG="de">
<String CONTENT="lluoff.&#8221;" HEIGHT="56" WIDTH="185" VPOS="3994" HPOS="215"/>
</TextLine>
<TextLine HEIGHT="45" WIDTH="419" VPOS="4066" HPOS="285" LANG="de">
<String CONTENT="&#8220;1.-8." HEIGHT="43" WIDTH="141" VPOS="4066" HPOS="285"/>
<SP HEIGHT="39" WIDTH="27" VPOS="4070" HPOS="427"/>
<String CONTENT="tausend.&#8221;" HEIGHT="41" WIDTH="249" VPOS="4070" HPOS="455"/>
</TextLine>
</TextBlock>
</PrintSpace>
</Page>
</Layout>
</alto>