2498 4384
0 0 0 0 256
397 497 59 41 34
486 507 45 38 p.
591 497 149 41 24½ᶜᵐ.

401 568 119 40 This
549 567 251 49 pamphlet
828 569 42 40 is
900 569 140 40 fitted
1070 569 104 41 into
1205 569 82 41 the
1317 570 173 48 pocket
1520 573 53 38 at
1603 571 82 40 the
1716 571 123 40 back
1870 571 52 40 of
1952 571 85 41 the
2066 573 191 39 volume
2290 573 51 40 of

329 625 84 41 the
441 627 75 39 set
545 627 48 39 to
624 625 159 41 which
815 625 40 41 it
883 626 214 49 belongs.

332 692 52 52 ©
416 697 112 40 Dec.
560 696 68 48 16,
658 696 142 47 1927;
833 697 67 41 2c.
933 697 111 41 Feb.
1075 697 68 42 18,
1175 697 143 47 1928;
1352 697 82 42 aff.
1467 698 112 41 Feb.
1610 698 82 47 17;
1726 698 41 39 A
1797 698 231 47 1018861;
2063 701 136 40 West
2229 701 110 48 pub.

402 764 82 38 co.,
516 753 67 42 St.
611 754 137 49 Paul,
777 755 213 39 Edward
1016 754 278 49 Thompson
1321 766 82 38 co.,
1432 755 283 49 Northport,
1746 755 133 47 Long
1907 756 184 50 Island,
2120 757 56 42 N.
2206 758 53 41 Y.

508 957 122 53 The
669 958 270 53 Waverley
1020 958 306 54 children’s
1369 958 343 69 dictionary,
1754 958 191 53 edited
1985 959 76 68 by
2104 960 230 53 Harold

325 1036 281 66 Wheeler,
667 1041 81 63 [pt.
789 1040 46 49 8.
911 1036 259 70 London,
1208 1037 122 52 The
1367 1038 293 67 Fleetway
1696 1037 191 67 house,
1927 1040 154 64 1928]

395 1118 286 48 cover-title,
714 1119 205 41 745-856
948 1130 44 37 p.
1050 1119 145 49 illus.,
1228 1120 88 41 col.
1348 1120 62 48 pl.
1472 1120 149 41 24½ᶜᵐ.

394 1191 67 40 At
488 1191 125 40 head
642 1191 52 40 of
721 1191 136 40 title:
889 1191 101 40 The
1020 1192 197 39 wonder
1246 1191 124 40 book
1399 1191 53 41 of
1480 1192 176 40 words.

328 1259 52 53 ©
443 1274 37 29 1c.
513 1265 122 39 Mar.
668 1263 69 49 19,
771 1263 140 46 1928;
947 1263 42 40 A
1020 1264 61 39 ad
1114 1263 88 41 int.
1236 1263 171 42 10801;
1443 1264 143 47 pubd.
1620 1262 112 42 Feb.
1766 1262 82 47 15;
1885 1262 155 41 Adam
2075 1262 260 49 Dingwall,

395 1321 119 40 New
541 1321 146 40 York.

318 1430 310 63 Williams,
660 1429 189 53 Anne.

392 1508 277 54 National
700 1508 169 53 traits
899 1508 114 53 and
1047 1507 323 69 fairy-lore,
1401 1508 75 68 by
1507 1506 169 54 Anne
1706 1506 311 69 Williams,
2048 1506 285 56 foreword

322 1584 2015 71 by S. O. Hartwell … illustrated by Eleanor Custis. New
323 1664 182 68 York,
531 1664 253 70 Chicago
835 1669 120 62 [etc.]
989 1663 63 56 C.
1082 1663 317 57 Scribner’s
1426 1683 130 35 sons
1698 1667 86 64 [ᶜ1928]

393 1746 87 40 xix
504 1758 58 37 p.,
588 1747 27 40 3
640 1748 44 46 1.,
709 1746 145 41 3-191
883 1758 44 37 p.
952 1746 112 42 incl.
1090 1747 166 47 front.,
1285 1746 130 41 illus.
1475 1747 148 41 18½ᶜᵐ.

325 1815 51 53 ©
412 1820 113 40 Feb.
556 1820 70 47 20,
662 1819 140 46 1928;
837 1820 70 40 2c.
942 1820 113 40 Feb.
1086 1819 84 47 29;
1207 1818 85 42 aff.
1327 1819 112 41 Feb.
1472 1819 84 46 28;
1593 1819 40 39 A
1668 1818 230 48 1068046;
1938 1820 203 40 Charles

394 1820 1921 97 Scribner's
552 1887 128 30 sons.
750 1876 252 49 (28-6411)

316 1987 388 61 Williamson,
740 1985 164 54 Alice
940 1984 213 54 Muriel
1189 1984 375 65 Livingston.

387 2067 61 52 It
475 2065 301 68 happened
808 2065 61 51 in
896 2064 366 68 Hollywood.
1345 2064 364 66 [Instalment
1742 2067 46 64 1]

401 2149 83 49 (In
519 2144 202 45 Picture
755 2144 138 44 show
927 2143 290 53 magazine)

322 2217 52 52 ©
433 2233 38 29 1c.
500 2222 122 40 Mar.
650 2220 70 44 24,
749 2219 142 47 1928;
922 2219 41 40 A
990 2220 62 39 ad
1080 2219 89 40 int.
1197 2218 172 46 10807;
1400 2218 145 49 pubd.
1573 2218 112 41 Jan.
1713 2219 83 45 28;
1828 2218 55 41 A.
1915 2220 62 40 M.
2006 2219 323 48 Williamson,

389 2279 215 40 London.

312 2373 244 63 Wilson,
590 2373 261 53 Frances
878 2371 50 53 B
1220 2370 86 55 ed.

388 2453 228 51 French
650 2451 234 66 humor;
921 2449 191 54 edited
1149 2449 142 53 with
1326 2448 412 69 introduction,
1773 2448 275 56 exercises
2084 2450 115 54 and

317 2470 2014 129 vocabulary by Frances B. Wilson … illustrated by Ruth C.
317 2605 2015 73 Knowles … Boston, New York [etc.] Ginn and company
320 2719 12 34 [
337 2693 19 21 ᶜ
361 2689 153 64 1928]

421 2800 8 16 v,
464 2768 86 40 140
583 2779 44 37 p.
686 2767 131 41 illus.
876 2767 148 40 17½ᶜᵐ.
1094 2766 388 49 (International
1515 2768 203 41 modern
1749 2768 243 49 language
2026 2768 179 50 series)

318 2837 51 53 ©
399 2841 112 41 Feb.
538 2841 39 47 8,
604 2840 142 47 1928;
774 2840 68 40 2c.
870 2839 112 40 Feb.
1008 2839 83 46 23;
1121 2838 83 41 aff.
1233 2839 112 41 Feb.
1372 2839 84 47 21;
1484 2839 43 39 A
1553 2839 231 48 1061876;
1815 2840 53 42 F.
1896 2841 55 40 B.
1979 2840 202 44 Wilson,
388 2842 1921 97 Boston.
558 2896 253 50 (28-6335)

308 2993 203 62 Wood,
540 2991 236 54 Arthur
806 2992 220 62 Evans,
1058 2993 172 51 1881-

448 3068 1880 70 … Community problems, by Arthur Evans Wood … New
314 3149 165 53 York
505 3151 45 50 &
574 3148 261 66 London,
864 3147 122 53 The
1015 3146 257 69 Century
1299 3165 79 35 co.
1413 3180 14 34 [
1431 3152 19 23 ᶜ
1454 3150 135 52 1928
1593 3181 13 34 ]

384 3230 85 41 xiv
504 3242 57 37 p.,
596 3230 27 39 2
678 3261 23 16 l.,
736 3229 145 41 3-589
915 3240 44 37 p.
1018 3229 131 40 illus.
1177 3227 191 50 (plans)
1412 3228 182 50 diagrs.
1653 3230 118 42 23ᶜᵐ.
1841 3230 126 49 (The
2003 3230 218 50 Century
313 3244 1996 84 social
438 3287 186 41 science
652 3285 178 49 series)
954 3284 131 51 $3.75

385 3356 352 42 “References”
764 3359 53 39 at
842 3358 92 39 end
961 3356 52 41 of
1039 3357 120 40 each
1185 3356 217 49 chapter.

314 3426 52 52 ©
396 3431 112 39 Feb.
536 3430 70 47 21,
635 3429 142 46 1928;
807 3429 68 40 2c.
904 3429 96 39 and
1028 3427 90 42 aff,
1142 3427 113 42 Feb.
1282 3428 84 47 24;
1397 3428 43 39 A
1466 3427 230 49 1018930;
1730 3429 216 50 Century
1974 3442 69 30 co.

394 3485 254 51 (28-6428)

308 3581 422 63 Würzburger,
762 3580 163 53 Karl.

377 3659 360 69 Pädagogik.
814 3659 116 52 Ein
964 3657 343 70 jahresring.
1384 3657 201 54 Briefe
1613 3659 141 53 liber
1786 3658 92 54 die
1911 3660 311 70 erziehung
2254 3661 61 53 in

308 3737 193 53 schule
536 3738 118 52 und
690 3738 158 52 haus.
926 3737 218 68 Berlin,
1179 3737 289 52 Deutsche
1501 3737 614 70 buch-gemeinschaft,
2148 3757 54 51 g.
2240 3757 72 35 m.

305 3817 52 52 b.
386 3817 76 66 h.,
492 3819 151 49 1926.

379 3899 26 39 1
436 3909 43 31 v.

311 3965 52 52 ©
396 3969 116 48 July
543 3969 70 48 31,
646 3969 141 47 1926;
821 3969 67 41 lc.
920 3970 111 41 Jan.
1063 3969 69 50 31,
1166 3969 143 48 1927;
1342 3968 314 50 A—Foreign
1687 3969 172 48 33835;
1895 3969 245 46 Deutsche
378 3967 1939 109 buch-gemeinschaft,
778 4038 42 40 g.
847 4038 61 31 m.
938 4028 43 41 b.
1009 4027 48 42 h.
