2498 4384
1047 4068 135 53 1937

122 411 243 63 Adams,
403 409 309 53 Elizabeth
748 409 65 55 L.

188 503 56 51 A
278 502 223 67 history
537 500 65 53 of
636 501 94 53 the
768 501 269 53 Mansion
1071 501 176 51 house
1282 518 215 48 corner,
1534 499 342 67 Greenfield,
118 499 1987 147 Massachusetts,

414 580 76 67 by
522 580 301 52 Elizabeth
857 580 63 51 L.
954 579 235 52 Adams.
1267 579 139 51 New
1438 578 181 67 York,
1650 578 159 52 Priv.
1844 577 178 69 print,
2055 577 76 69 by

117 659 93 51 the
240 658 309 52 American
576 657 296 53 historical
900 657 230 68 society,
1157 656 128 67 inc.,
1316 659 149 50 1928.

187 740 57 39 32
272 751 43 37 p.
375 740 165 46 front.,
571 750 77 37 pl.,
679 742 124 46 port.
863 739 146 39 28½ᶜᵐ·

122 808 52 52 ©
206 813 118 40 Nov.
357 813 38 47 7,
429 811 116 40 1928;
604 812 68 39 2c.
704 812 95 39 and
832 810 82 41 aff.
947 812 118 39 Nov.
1098 811 54 39 21;
1215 810 42 39 A
1289 811 84 40 702;
1438 812 52 40 E.
1525 811 50 41 L.
1609 811 196 48 Adams,
1841 810 288 47 Greenfield,

190 870 147 39 Mass.
405 867 282 50 (28-30239)

120 979 244 62 Adams,
399 977 211 54 Isabel.

187 1072 185 51 Heart
400 1069 67 53 of
491 1070 97 52 the
613 1071 209 54 woods,
848 1070 76 68 by
951 1070 189 52 Isabel
1167 1070 249 56 Adams;
1449 1088 31 33 a
1509 1074 159 64 story
1694 1069 66 53 of
1786 1069 107 54 life
1920 1089 212 51 among

116 1150 94 52 the
247 1149 294 52 habitants
579 1149 61 51 in
675 1148 94 52 the
807 1149 356 51 Laurentian
1201 1148 305 52 foot-hills.
1582 1148 139 52 New
1761 1148 180 60 York,
116 1148 1989 145 London,
279 1228 122 51 The
436 1226 258 68 Century
726 1244 78 35 co.
847 1258 12 34 [
888 1228 133 51 ᶜ1928
1027 1259 13 33 ]

183 1306 880 52 3 p. l., 3-365 p. 21½ᶜᵐ. $2.50
118 1376 52 53 ©
199 1381 103 40 Oct.
330 1381 68 46 11,
427 1380 84 41 1928;
597 1381 68 40 2c.
695 1381 96 39 and
819 1380 83 42 aff.
932 1380 102 41 Oct.
1063 1380 57 40 15;
1177 1380 42 40 A
1248 1380 202 41 1053969;
1511 1380 216 49 Century
1757 1392 67 29 co.

196 1436 282 49 (28-29959)

113 1549 184 64 Agar,
333 1547 319 54 Frederick
686 1547 232 64 Alfred,
955 1549 173 53 1872-

183 1640 300 69 Enlisting
522 1640 256 67 laymen;
823 1638 150 54 facts
1016 1640 113 52 and
1171 1640 263 53 methods
1478 1639 94 54 for
1613 1641 344 54 churchmen
112 1662 1993 109 concerned

366 1718 143 53 with
558 1718 221 69 raising
828 1718 271 68 spiritual
1151 1718 364 67 production,
1565 1719 77 69 by
1692 1720 314 54 Frederick
2055 1722 72 54 A.

110 1796 2013 73 Agar … Philadelphia, Boston [etc.] The Judson press [ᶜ1928]
182 1878 862 50 5 p. l., 79 p., 1 l. diagr. 19½ᶜᵐ.
183 1951 352 48 Bibliography;
592 1951 24 38 1
647 1950 103 40 leaf
778 1952 53 38 at
857 1950 107 40 end.

115 2020 53 53 ©
195 2024 119 40 Nov.
340 2023 70 47 28,
439 2023 142 46 1928;
609 2023 69 41 2c.
707 2023 96 39 and
830 2021 83 42 aff.
941 2022 114 40 Dec.
1082 2022 53 47 6;
1165 2022 42 40 A
1234 2022 112 47 990;
1377 2022 188 41 Judson
1593 2034 152 39 press.
191 2080 282 49 (28-30090)

110 2191 320 54 American
463 2189 279 54 institute
778 2189 64 53 of
874 2188 346 57 architects.

178 2284 57 53 A
270 2283 208 54 review
515 2282 65 53 of
614 2283 96 53 the
750 2281 294 56 Standard
1085 2282 349 68 documents,
1471 2283 77 70 by
1583 2284 265 56 William
1887 2287 241 74 Stanley

108 2359 2021 72 Parker … Washington, D. C., The American institute of
109 2443 304 54 architects
451 2475 12 34 [
492 2443 134 51 ᶜ1928
631 2475 13 33 ]

178 2527 57 39 23
276 2536 44 38 p.
380 2524 119 41 28ᶜᵐ.

181 2595 280 49 “Compiled
492 2595 80 40 for
606 2595 81 39 the
723 2593 288 41 Committee
1045 2604 60 30 on
1140 2596 248 39 contracts
1423 2595 62 49 by
1518 2597 217 41 William
1774 2600 201 49 Stanley
107 2603 2002 92 Parker.”

113 2722 52 52 ©
198 2725 102 41 Oct.
330 2725 69 47 31,
430 2724 143 47 1928;
604 2725 68 39 2c.
703 2723 97 40 and
831 2721 83 42 aff.
944 2723 120 40 Nov.
1097 2722 81 48 16;
1212 2723 44 39 A
1286 2723 112 47 899;
1431 2724 161 42 Amer,
1624 2727 230 43 institute
1886 2730 51 40 of
179 2732 1929 91 architects.
387 2780 284 50 (28-30245)

113 2891 319 54 American
471 2889 281 53 institute
790 2888 64 54 of
890 2888 298 54 electrical
1225 2889 332 65 engineers.

107 2979 1993 136 Transactions … v. 47, no. 2, April, 1928. New York, American institute
561 3058 66 54 of
657 3058 284 53 electrical
974 3058 296 69 engineers
1349 3063 153 65 [ᶜ1928]

178 3140 1297 52 1 p. l., 349-721 p. illus., tables, diagrs. 30½ᶜᵐ.
112 3212 52 52 ©
198 3217 115 46 May
345 3214 71 47 31,
449 3213 117 41 1928;
626 3212 69 40 2c.
728 3212 119 40 Nov.
883 3213 26 38 7;
973 3211 83 40 aff.
1090 3211 113 42 Dec.
1239 3213 53 38 11;
1358 3213 41 39 A
1432 3214 119 40 2330;
1612 3216 160 43 Amer,
1808 3218 228 45 institute
2073 3225 52 40 of

176 3271 252 42 electrical
456 3270 267 48 engineers.

103 3380 222 63 Anton,
360 3378 240 65 Joseph.

174 3473 94 52 Im
313 3472 221 53 dienste
580 3470 202 55 Gottes
830 3470 118 52 und
997 3471 100 52 der
1142 3472 332 68 menschen;
1525 3475 91 52 ein
1663 3476 316 59 lebensbild
2026 3485 98 53 des

104 3552 224 52 dieners
354 3549 221 67 Gottes,
600 3549 245 52 Konrad
874 3547 350 55 Birndorfer
1253 3569 113 33 von
1395 3552 305 70 Parzham,
1727 3557 397 60 laienbruders

105 3627 2018 71 aus dem Kapuzinerorden … von p. Joseph Anton … mit 12
102 3705 2019 79 bildern und 1 karte … München, J. Kösel & F. Pustet, 1928.
175 3787 1548 51 218 p. front., plates, ports., fold, map, facsim. 17 ½ᶜᵐ .
177 3858 451 50 “Quellenangabe”:
690 3869 44 37 p.
764 3857 220 41 207-216.

110 3929 2012 55 © May 4, 1928; 1c. July 2; A— Foreign 39566; Josef Kösel & Friedrich
177 3992 185 45 Pustet,
389 3990 46 39 k.
464 4000 41 37 g.
534 3999 41 29 a.
605 3999 43 29 a.
715 3986 282 50 (28-30093)
