2498 4384
1337 3984 136 51 1024

391 300 194 62 Sloan,
618 300 139 52 Mrs.
792 299 254 52 Eleanor
1085 298 329 66 (Verdery)

462 378 163 52 More
669 376 173 54 about
886 377 154 52 Ellie
1082 377 113 51 and
1242 377 110 51 Mr.
1398 376 96 52 Me
1537 376 138 67 Too,
1717 375 77 69 by
1839 377 250 51 Eleanor
2190 375 201 67 Verdery

387 452 2000 72 Sloan … illustrated by Edna Potter. New York, E. P. Dutton
385 533 585 68 & company [ ᶜ1 928 ]
456 615 65 47 xi,
552 615 85 41 158
667 626 44 37 p.
741 615 111 41 incl.
880 615 165 45 front.,
1077 614 131 40 illus.
1269 613 146 40 19½ᶜᵐ.

394 668 53 52 ©
475 672 117 47 July
618 673 38 46 7,
686 671 141 47 1928;
855 672 70 39 2c.
952 671 117 47 July
1096 671 53 46 7;
1179 669 85 42 aff.
1292 670 117 47 July
1436 668 82 48 10;
1548 670 42 38 A
1617 668 230 49 1083179;
1878 671 54 39 E.
1960 670 52 39 P.
2041 670 190 40 Dutton
2258 671 36 39 &
2322 681 68 31 co.

472 726 281 51 (28-17091)

393 793 887 65 Stacpoole, Henry De V ere.
463 874 122 51 The
613 873 114 69 girl
754 871 65 54 of
846 873 97 52 the
970 871 208 69 golden
1205 870 139 53 reef.
1418 870 140 68 May
1585 869 86 68 27,
1701 873 150 50 1928.

480 953 83 49 (In
586 952 201 43 London
812 951 201 51 Sunday
1038 949 273 52 chronicle)

394 1008 1997 52 © 1c. July 25, 1928; A ad int. 11471; pubd. May 27; H. De V. Stacpoole,
463 1068 302 48 Bonchurch,
801 1068 98 40 Isle
929 1067 54 41 of
1014 1067 181 49 Wight,
1230 1068 239 47 England.

532 1134 491 67 The girl of the golden reef. May 27, 1928. [5 instalments]
481 1215 82 49 (In
586 1214 202 43 London
812 1213 202 51 Sunday
1038 1211 274 51 chronicle)

396 1270 1996 52 © 1c. each Aug. 1, 1928; A ad int. 11458; pubd. June 3, 10, 17, 24,
466 1331 117 48 July
612 1331 53 47 1;
698 1331 61 40 H.
791 1331 72 39 De
893 1330 54 41 V.
981 1329 268 48 Stacpoole,
1282 1328 303 49 Bonchurch,
1619 1329 98 39 Isle
1748 1328 52 40 of
1831 1327 179 49 Wight,
2043 1328 240 49 England.

395 1439 285 63 Stimson,
707 1440 138 52 Mrs.
877 1437 184 54 Edith
1091 1438 250 52 Everett
1371 1437 284 64 Burgess,
1685 1439 171 50 1852-

465 1516 307 69 Glimpses,
813 1515 96 54 the
950 1515 299 54 seen—the
1292 1533 210 36 unseen
1568 1514 93 70 [by]
1712 1515 68 52 E.
1826 1515 252 69 Burgess
2124 1513 272 57 Stimson.

392 1594 1429 69 Philadelphia, Dorrance and company [ ᶜ1 928]
465 1677 58 41 87
550 1687 45 38 p.
654 1675 147 42 19½ᶜᵐ.
871 1675 278 50 (Half-title:
1203 1675 384 48 Contemporary
1619 1678 136 45 poets
1787 1674 53 41 of
1871 1675 264 48 Dorrance,
2168 1674 81 48 71)

398 1731 53 52 ©
481 1735 128 40 June
633 1734 71 48 25,
736 1734 141 47 1928;
906 1735 70 39 2c.
1004 1735 97 38 and
1130 1733 83 42 aff.
1243 1734 127 39 June
1398 1733 83 47 28;
1513 1732 42 40 A
1582 1732 230 48 1082309;
1845 1732 253 41 Dorrance
2126 1736 37 40 &
2191 1744 82 36 co.,
2305 1734 91 41 inc.

476 1790 280 51 (28-17053)

396 1859 123 52 The
547 1858 206 62 Sunny
779 1876 148 49 mag.
1003 1875 50 34 v.
1083 1855 49 68 7,
1159 1874 90 35 no.
1280 1859 81 49 38.
1437 1855 171 69 Aug.,
1637 1858 149 49 1928.

400 1937 1997 52 © 1c. Aug. 2, 1928; A ad int. 11466; pubd. July 17; George Newnes, ltd.,
466 1997 213 41 London.

397 2063 234 63 Taylor,
664 2061 334 54 Katharine
1029 2060 316 54 Haviland.

472 2140 122 53 The
622 2145 280 64 youngest
928 2158 122 50 one,
1077 2139 77 70 by
1180 2138 329 54 Katharine
1534 2138 301 54 Haviland
1865 2139 234 70 Taylor.
2165 2138 234 56 Garden

403 2216 157 72 City,
585 2218 71 54 N.
685 2218 92 69 Y.,
804 2217 358 70 Doubleday,
1190 2218 202 52 Doran
1421 2219 46 51 &
1495 2235 300 52 company,
1824 2216 128 69 inc.,
1983 2219 153 52 1928.

472 2299 27 40 5
528 2310 43 38 p.
599 2300 45 48 h,
671 2299 87 41 360
785 2310 44 38 p.
888 2298 119 43 20ᶜᵐ.

401 2354 53 54 ©
486 2359 115 47 May
632 2358 69 49 18,
734 2357 141 48 1928;
909 2358 68 42 2c.
1010 2359 96 39 and
1138 2357 83 43 aff.
1255 2358 116 48 July
1403 2357 53 49 9;
1490 2357 42 40 A
1563 2357 229 49 1083176;
1829 2357 299 50 Doubleday,
2163 2357 167 41 Doran
2364 2358 36 42 &

469 2427 81 37 co.,
576 2416 92 39 inc.
738 2415 282 50 (28-16854)

454 2497 198 48 Verona,
688 2481 191 55 Guido
910 2482 93 53 da.

474 2572 1925 70 The woman who invented love, La donna c he invento
403 2650 1993 71 l’amore, by Guido da Yerona … translated from the Italian
403 2729 77 71 by
522 2730 142 69 May
705 2729 81 55 M.
833 2729 202 57 Sweet.
1114 2730 142 55 New
1303 2730 181 69 York,
1529 2730 69 53 E.
1644 2731 66 54 P.
1757 2731 226 53 Dutton
2027 2732 48 52 &
2119 2748 281 54 company

483 2810 120 66 [ ᶜ1 928]
473 2890 30 40 4
527 2900 45 38 p.
598 2890 46 48 h,
671 2890 147 41 3-336
843 2901 45 38 p.
1083 2923 10 10 19½ᶜᵐ.

404 2944 53 52 ©
487 2948 117 47 July
631 2948 41 48 2,
703 2947 141 49 1928;
874 2948 70 42 2c.
974 2949 117 48 July
1118 2949 54 48 5;
1205 2949 84 41 aff.
1319 2950 117 47 July
1464 2950 52 47 7;
1549 2949 42 40 A
1619 2950 230 47 1082431;
1882 2951 54 40 E.
1967 2951 51 40 P.
2047 2951 192 40 Dutton
2267 2951 36 41 &
2332 2962 68 32 co.

482 3004 280 50 (28-16717)

399 3055 256 65 Waples,
687 3057 281 64 Douglas,
1004 3061 171 49 1893-

470 3135 270 53 Problem
768 3135 272 55 exercises
1067 3135 94 53 for
1186 3136 363 69 high-school
1577 3139 283 65 teachers;
1891 3157 31 33 a
1949 3138 171 54 series
2146 3138 66 54 of
399 3139 1982 126 classroom

594 3214 313 67 procedure
941 3219 138 48 tests
1114 3215 60 52 in
1212 3215 267 68 English,
1514 3216 174 52 social
1723 3217 233 66 studies,
1989 3217 415 67 mathematics,

399 3290 233 69 science,
673 3292 114 52 and
828 3293 231 67 general
1098 3293 249 52 method.
1422 3294 388 68 Preliminary
1853 3295 83 52 ed.
2013 3295 92 67 By
2146 3295 259 68 Douglas

399 3369 2003 68 Waples in collaboration with W. C. Reavis … and others.
402 3447 272 70 Chicago,
699 3448 114 67 Ill.,
838 3449 122 52 The
987 3447 340 70 University
1352 3447 65 54 of
1443 3448 253 70 Chicago
1722 3468 158 50 press
1934 3452 152 64 [1928]

472 3529 64 48 ix,
563 3529 56 41 99
645 3541 44 37 p.
714 3529 111 42 incl.
850 3530 169 41 forms.
1078 3530 147 41 23½ᶜᵐ.

474 3587 146 41 “This
648 3588 191 39 volume
865 3587 222 40 contains
1113 3587 77 40 six
1215 3590 123 37 tests
1363 3589 149 39 based
1538 3599 127 37 upon
1691 3588 182 49 typical
1899 3589 240 48 problems
2165 3588 49 40 in
2240 3588 166 48 junior

403 3645 97 39 and
534 3644 163 40 senior
731 3643 300 49 high-school
1070 3644 241 48 teaching.
1371 3645 133 40 Each
1541 3645 51 40 of
1629 3646 82 39 the
1747 3649 121 37 tests
1902 3646 42 39 is
1981 3646 256 48 published
403 3655 1983 94 separately.”—Foreword.

474 3758 351 48 Bibliography
854 3758 51 40 of
935 3757 408 49 “bibliographies
1374 3759 109 39 that
1514 3760 222 46 together
1766 3759 193 42 include
1988 3760 237 46 virtually
2255 3760 68 39 all
2352 3758 53 40 of

403 3816 86 40 the
514 3816 133 40 titles
678 3816 187 43 related
892 3818 49 37 to
970 3816 82 40 the
1077 3816 242 47 problems
1346 3818 202 38 covered
1577 3818 62 45 by
1666 3817 83 39 the
1779 3816 76 40 six
1882 3816 149 41 tests”:
2095 3827 45 38 p.
2165 3815 158 41 14-16.

407 3869 53 52 ©
484 3873 128 40 June
633 3872 68 48 15,
726 3872 141 47 1928;
892 3872 69 40 2c.
984 3874 96 38 and
1104 3872 83 40 aff.
1210 3873 128 41 June
1360 3872 82 47 30;
1469 3873 42 38 A
1534 3872 229 49 1082351;
1792 3873 284 49 University
2101 3873 52 41 of
2179 3872 222 48 Chicago,

476 3928 225 49 Chicago.
769 3928 280 49 (28-16857)
