<alto xmlns="http://www.loc.gov/standards/alto/ns-v3#" xmlns:xlink="http://www.w3.org/1999/xlink" xmlns:xsi="http://www.w3.org/2001/XMLSchema-instance" xsi:schemaLocation="http://www.loc.gov/standards/alto/ns-v3# http://www.loc.gov/alto/v3/alto-3-0.xsd"><Description>
<MeasurementUnit>pixel</MeasurementUnit>
<sourceImageInformation>
<fileName>1928_v25_part001.pdf</fileName>
</sourceImageInformation>
<OCRProcessing ID="IdOcr">
<ocrProcessingStep>
<processingDateTime>2019-04-12</processingDateTime>
<processingSoftware>
<softwareCreator>ABBYY</softwareCreator>
<softwareName>ABBYY Recognition Server</softwareName>
<softwareVersion>4.0</softwareVersion>
</processingSoftware>
</ocrProcessingStep>
</OCRProcessing>
</Description>
<Styles>
<ParagraphStyle ID="StyleId-FFFFFFFF-FFFF-FFFF-FFFF-FFFFFFFFFFFF-" ALIGN="Left" LEFT="0." RIGHT="0." FIRSTLINE="0."/>
<ParagraphStyle ID="StyleId-0ECAC0CE-E1F0-4C69-A1B9-95E16886343B-" ALIGN="Left" LEFT="0." RIGHT="0." FIRSTLINE="0." LINESPACE="8.300000191"/>
<ParagraphStyle ID="StyleId-5C6F7A30-EC6F-4250-A8D3-0AE106DCDB5D-" ALIGN="Left" LEFT="0." RIGHT="0." FIRSTLINE="-13." LINESPACE="11.22999954"/>
<ParagraphStyle ID="StyleId-B258737E-7AF8-4B71-A0BF-0A1420B951F9-" ALIGN="Left" LEFT="0." RIGHT="0." FIRSTLINE="-13." LINESPACE="8.210000038"/>
<ParagraphStyle ID="StyleId-35C0EFA5-E89E-4731-B16E-5D3895F12270-" ALIGN="Block" LEFT="0." RIGHT="0." FIRSTLINE="-12." LINESPACE="11.22999954"/>
<ParagraphStyle ID="StyleId-7BD1F9B4-14BB-4AAF-864B-FED8FEA7DC43-" ALIGN="Left" LEFT="0." RIGHT="0." FIRSTLINE="0."/>
<ParagraphStyle ID="StyleId-CD2DA0E5-536D-42AE-AE16-8D9F5C008D5A-" ALIGN="Block" LEFT="0." RIGHT="0." FIRSTLINE="-12." LINESPACE="10."/>
<ParagraphStyle ID="StyleId-AF408F88-EED5-4CE2-A229-3F852C18D9BD-" ALIGN="Block" LEFT="0." RIGHT="0." FIRSTLINE="-14." LINESPACE="10."/>
<ParagraphStyle ID="StyleId-829CD741-943D-4B7B-9638-57AB73DE2567-" ALIGN="Center" LEFT="0." RIGHT="0." FIRSTLINE="0." LINESPACE="9.399999619"/>
<ParagraphStyle ID="StyleId-B271BDFA-6037-4875-BA99-885A067668E9-" ALIGN="Left" LEFT="0." RIGHT="0." FIRSTLINE="-14." LINESPACE="11.21000004"/>
<ParagraphStyle ID="StyleId-64F9C1D8-EA12-4F65-AD18-B72A4C6B556F-" ALIGN="Center" LEFT="0." RIGHT="0." FIRSTLINE="0." LINESPACE="11.60000038"/>
<ParagraphStyle ID="StyleId-44DA2756-E57B-4EF3-9BA4-FC1C14776DE3-" ALIGN="Left" LEFT="0." RIGHT="0." FIRSTLINE="-12." LINESPACE="12.19999981"/>
<ParagraphStyle ID="StyleId-D1D9AF19-8CA6-4F74-9AEC-1B4545205AD7-" ALIGN="Center" LEFT="0." RIGHT="0." FIRSTLINE="0." LINESPACE="11.60000038"/>
<ParagraphStyle ID="StyleId-3ADA1556-6D19-417D-8046-68449BF368BA-" ALIGN="Left" LEFT="0." RIGHT="0." FIRSTLINE="-13." LINESPACE="12.19999981"/>
<ParagraphStyle ID="StyleId-7443A930-B325-44B5-9AB8-B42B4EC78C89-" ALIGN="Block" LEFT="0." RIGHT="0." FIRSTLINE="13." LINESPACE="8.619999886"/>
<ParagraphStyle ID="StyleId-C9A9E480-E448-4934-9AF8-3D252792E396-" ALIGN="Left" LEFT="0." RIGHT="0." FIRSTLINE="-12." LINESPACE="11.38000011"/>
<ParagraphStyle ID="StyleId-73039842-464C-49B9-9440-4C0D0E749DFE-" ALIGN="Center" LEFT="0." RIGHT="0." FIRSTLINE="0." LINESPACE="11.10000038"/>
<ParagraphStyle ID="StyleId-C51F6AC2-80DA-4C65-849C-6E2D5F548EA4-" ALIGN="Left" LEFT="0." RIGHT="0." FIRSTLINE="0." LINESPACE="7.699999809"/>
<ParagraphStyle ID="StyleId-494190D9-BDDC-4834-A745-6AF520F91CD0-" ALIGN="Block" LEFT="0." RIGHT="0." FIRSTLINE="-12." LINESPACE="11.22999954"/>
<ParagraphStyle ID="StyleId-68D39D31-3386-4B28-8C90-DA9420961D78-" ALIGN="Left" LEFT="0." RIGHT="0." FIRSTLINE="0." LINESPACE="11.60000038"/>
<ParagraphStyle ID="StyleId-DF0CE7C7-E73E-44FE-8867-C904BD7F3F42-" ALIGN="Block" LEFT="0." RIGHT="0." FIRSTLINE="0." LINESPACE="12.19999981"/>
</Styles>
<Layout>
<Page ID="Page910" PHYSICAL_IMG_NR="910" HEIGHT="4384" WIDTH="2498">
<TopMargin HEIGHT="416" WIDTH="2498" VPOS="0" HPOS="0">
</TopMargin>
<LeftMargin HEIGHT="3650" WIDTH="344" VPOS="416" HPOS="0">
</LeftMargin>
<RightMargin HEIGHT="3650" WIDTH="122" VPOS="416" HPOS="2376">
</RightMargin>
<BottomMargin HEIGHT="318" WIDTH="2498" VPOS="4066" HPOS="0">
<TextBlock ID="Page910_Block1" HEIGHT="82" WIDTH="192" VPOS="4080" HPOS="1279" LANG="en-US" STYLEREFS="StyleId-8FECA094-84A9-41F9-AAED-223206BBD326-">
<TextLine HEIGHT="50" WIDTH="101" VPOS="4090" HPOS="1315">
<String CONTENT="910" HEIGHT="50" WIDTH="101" VPOS="4090" HPOS="1315"/>
</TextLine>
</TextBlock>
</BottomMargin>
<PrintSpace HEIGHT="3650" WIDTH="2032" VPOS="416" HPOS="344">
<TextBlock ID="Page910_Block2" HEIGHT="3650" WIDTH="2032" VPOS="416" HPOS="344" LANG="en-US" CS="1" STYLEREFS="StyleId-C63B17B6-9F3D-4327-847B-26151879B4EB-">
<TextLine HEIGHT="145" WIDTH="1981" VPOS="427" HPOS="353" STYLEREFS="StyleId-C760C25D-445F-4FF5-BEB8-20FF11D1C32B-" LANG="de" CS="1">
<String CONTENT="Taschenbuch" HEIGHT="53" WIDTH="427" VPOS="428" HPOS="353"/>
<SP HEIGHT="52" WIDTH="34" VPOS="427" HPOS="781"/>
<String CONTENT="f&#252;r" HEIGHT="53" WIDTH="98" VPOS="427" HPOS="816"/>
<SP HEIGHT="49" WIDTH="30" VPOS="447" HPOS="915"/>
<String CONTENT="gaswerke," HEIGHT="68" WIDTH="307" VPOS="428" HPOS="946"/>
<SP HEIGHT="65" WIDTH="31" VPOS="428" HPOS="1254"/>
<String CONTENT="kokereien," HEIGHT="66" WIDTH="320" VPOS="428" HPOS="1286"/>
<SP HEIGHT="47" WIDTH="31" VPOS="447" HPOS="1607"/>
<String CONTENT="Schwelereien" HEIGHT="52" WIDTH="393" VPOS="428" HPOS="1639"/>
<SP HEIGHT="33" WIDTH="31" VPOS="447" HPOS="2033"/>
<String CONTENT="und" HEIGHT="51" WIDTH="119" VPOS="429" HPOS="2065"/>
<SP HEIGHT="51" WIDTH="29" VPOS="429" HPOS="2185"/>
<String CONTENT="teerdestillationen," HEIGHT="138" WIDTH="1906" VPOS="434" HPOS="428"/>
</TextLine>
<TextLine HEIGHT="69" WIDTH="1433" VPOS="505" HPOS="920" STYLEREFS="StyleId-C760C25D-445F-4FF5-BEB8-20FF11D1C32B-" LANG="de" CS="1">
<String CONTENT="1928." HEIGHT="49" WIDTH="151" VPOS="509" HPOS="920"/>
<SP HEIGHT="51" WIDTH="82" VPOS="507" HPOS="1072"/>
<String CONTENT="Hrsg," HEIGHT="67" WIDTH="177" VPOS="507" HPOS="1155"/>
<SP HEIGHT="32" WIDTH="51" VPOS="525" HPOS="1333"/>
<String CONTENT="von" HEIGHT="33" WIDTH="111" VPOS="524" HPOS="1385"/>
<SP HEIGHT="52" WIDTH="46" VPOS="506" HPOS="1497"/>
<String LANG="en-US" CONTENT="dr." HEIGHT="52" WIDTH="83" VPOS="506" HPOS="1544"/>
<SP HEIGHT="52" WIDTH="47" VPOS="505" HPOS="1628"/>
<String CONTENT="H." HEIGHT="52" WIDTH="77" VPOS="505" HPOS="1676"/>
<SP HEIGHT="53" WIDTH="46" VPOS="506" HPOS="1754"/>
<String CONTENT="Winter" HEIGHT="53" WIDTH="227" VPOS="506" HPOS="1801"/>
<SP HEIGHT="33" WIDTH="52" VPOS="525" HPOS="2029"/>
<String CS="1" CONTENT="&#8230;"/>
<SP HEIGHT="34" WIDTH="49" VPOS="524" HPOS="2140"/>
<String CONTENT="unter" HEIGHT="45" WIDTH="163" VPOS="513" HPOS="2190"/>
</TextLine>
<TextLine HEIGHT="70" WIDTH="1924" VPOS="583" HPOS="423" STYLEREFS="StyleId-C760C25D-445F-4FF5-BEB8-20FF11D1C32B-" LANG="de" CS="1">
<String CONTENT="mitarbeit" HEIGHT="53" WIDTH="293" VPOS="584" HPOS="423"/>
<SP HEIGHT="47" WIDTH="15" VPOS="589" HPOS="717"/>
<String CONTENT="vondr.-ing." HEIGHT="67" WIDTH="352" VPOS="585" HPOS="733"/>
<SP HEIGHT="52" WIDTH="19" VPOS="585" HPOS="1086"/>
<String CONTENT="W." HEIGHT="52" WIDTH="90" VPOS="585" HPOS="1106"/>
<SP HEIGHT="50" WIDTH="22" VPOS="585" HPOS="1197"/>
<String CONTENT="Fitz" HEIGHT="51" WIDTH="131" VPOS="584" HPOS="1220"/>
<SP HEIGHT="47" WIDTH="28" VPOS="602" HPOS="1352"/>
<String CS="1" CONTENT="[u"/>
<String LANG="en-US" CONTENT="." HEIGHT="10" WIDTH="10" VPOS="625" HPOS="1440"/>
<SP HEIGHT="33" WIDTH="21" VPOS="602" HPOS="1451"/>
<String CONTENT="a.]" HEIGHT="47" WIDTH="67" VPOS="602" HPOS="1473"/>
<SP HEIGHT="62" WIDTH="66" VPOS="587" HPOS="1541"/>
<String CONTENT="3.jahrg." HEIGHT="68" WIDTH="246" VPOS="583" HPOS="1608"/>
<SP HEIGHT="51" WIDTH="59" VPOS="584" HPOS="1855"/>
<String CONTENT="Halle" HEIGHT="52" WIDTH="177" VPOS="584" HPOS="1915"/>
<SP HEIGHT="69" WIDTH="30" VPOS="584" HPOS="2093"/>
<String CONTENT="(Saale)" HEIGHT="70" WIDTH="223" VPOS="583" HPOS="2124"/>
</TextLine>
<TextLine HEIGHT="67" WIDTH="538" VPOS="663" HPOS="423" STYLEREFS="StyleId-C760C25D-445F-4FF5-BEB8-20FF11D1C32B-" LANG="de">
<String CONTENT="W." HEIGHT="53" WIDTH="89" VPOS="663" HPOS="423"/>
<SP HEIGHT="52" WIDTH="29" VPOS="663" HPOS="513"/>
<String CONTENT="Knapp," HEIGHT="67" WIDTH="238" VPOS="663" HPOS="543"/>
<SP HEIGHT="63" WIDTH="29" VPOS="666" HPOS="782"/>
<String CONTENT="1928." HEIGHT="49" WIDTH="149" VPOS="665" HPOS="812"/>
</TextLine>
<TextLine HEIGHT="50" WIDTH="1432" VPOS="744" HPOS="430" LANG="de" CS="1">
<String CONTENT="1" HEIGHT="37" WIDTH="24" VPOS="747" HPOS="430"/>
<SP HEIGHT="46" WIDTH="26" VPOS="747" HPOS="455"/>
<String CONTENT="p." HEIGHT="37" WIDTH="43" VPOS="756" HPOS="482"/>
<SP HEIGHT="40" WIDTH="26" VPOS="746" HPOS="526"/>
<String CS="1" CONTENT="l.," HEIGHT="14" WIDTH="8" VPOS="777" HPOS="589"/>
<SP HEIGHT="29" WIDTH="31" VPOS="765" HPOS="598"/>
<String CS="1" CONTENT="[v]-xi," HEIGHT="49" WIDTH="156" VPOS="745" HPOS="630"/>
<SP HEIGHT="43" WIDTH="28" VPOS="745" HPOS="787"/>
<String CONTENT="64," HEIGHT="47" WIDTH="69" VPOS="745" HPOS="816"/>
<SP HEIGHT="47" WIDTH="27" VPOS="745" HPOS="886"/>
<String CONTENT="604" HEIGHT="39" WIDTH="86" VPOS="745" HPOS="914"/>
<SP HEIGHT="46" WIDTH="26" VPOS="746" HPOS="1001"/>
<String CONTENT="p." HEIGHT="37" WIDTH="43" VPOS="755" HPOS="1028"/>
<SP HEIGHT="41" WIDTH="59" VPOS="744" HPOS="1072"/>
<String CONTENT="illus.," HEIGHT="47" WIDTH="143" VPOS="744" HPOS="1132"/>
<SP HEIGHT="45" WIDTH="29" VPOS="746" HPOS="1276"/>
<String LANG="en-US" CONTENT="tables," HEIGHT="47" WIDTH="170" VPOS="745" HPOS="1306"/>
<SP HEIGHT="47" WIDTH="27" VPOS="745" HPOS="1477"/>
<String CONTENT="diagrs." HEIGHT="49" WIDTH="180" VPOS="744" HPOS="1505"/>
<SP HEIGHT="41" WIDTH="59" VPOS="744" HPOS="1686"/>
<String CONTENT="17" HEIGHT="41" WIDTH="55" VPOS="744" HPOS="1746"/>
<String STYLE="superscript" CS="1" CONTENT="&#7580;&#7504;"/>
<String CONTENT="." HEIGHT="9" WIDTH="9" VPOS="777" HPOS="1853"/>
</TextLine>
<TextLine HEIGHT="52" WIDTH="1828" VPOS="799" HPOS="363" LANG="de" CS="1">
<String CONTENT="&#169;" HEIGHT="52" WIDTH="52" VPOS="799" HPOS="363"/>
<SP HEIGHT="52" WIDTH="27" VPOS="799" HPOS="416"/>
<String CONTENT="Jan." HEIGHT="40" WIDTH="110" VPOS="804" HPOS="444"/>
<SP HEIGHT="40" WIDTH="25" VPOS="804" HPOS="555"/>
<String CONTENT="14," HEIGHT="46" WIDTH="69" VPOS="804" HPOS="581"/>
<SP HEIGHT="46" WIDTH="27" VPOS="804" HPOS="651"/>
<String CONTENT="1928;" HEIGHT="46" WIDTH="140" VPOS="802" HPOS="679"/>
<SP HEIGHT="44" WIDTH="30" VPOS="804" HPOS="820"/>
<String CS="1" CONTENT="1c."/>
<SP HEIGHT="41" WIDTH="26" VPOS="803" HPOS="918"/>
<String LANG="en-US" CONTENT="Apr." HEIGHT="46" WIDTH="114" VPOS="803" HPOS="945"/>
<SP HEIGHT="39" WIDTH="26" VPOS="803" HPOS="1060"/>
<String CONTENT="11;" HEIGHT="44" WIDTH="82" VPOS="803" HPOS="1087"/>
<SP HEIGHT="45" WIDTH="29" VPOS="802" HPOS="1170"/>
<!-- cceid 22527F48-6CB2-1014-A20E-B9D6251C946A --><String LANG="en-US" CONTENT="A" HEIGHT="39" WIDTH="43" VPOS="802" HPOS="1200"/>
<String CONTENT="&#8212;Foreign" HEIGHT="48" WIDTH="270" VPOS="802" HPOS="1243"/>
<SP HEIGHT="39" WIDTH="26" VPOS="803" HPOS="1514"/>
<String CS="1" CONTENT="38442;" HEIGHT="41" WIDTH="143" VPOS="802" HPOS="1541"/>
<SP/>
<String CONTENT="Wilhelm" HEIGHT="40" WIDTH="229" VPOS="802" HPOS="1742"/>
<SP HEIGHT="38" WIDTH="27" VPOS="803" HPOS="1972"/>
<String CONTENT="Knapp." HEIGHT="48" WIDTH="191" VPOS="803" HPOS="2000"/>
</TextLine>
<TextLine HEIGHT="66" WIDTH="1370" VPOS="881" HPOS="357" STYLEREFS="StyleId-C760C25D-445F-4FF5-BEB8-20FF11D1C32B-" LANG="de">
<String CONTENT="Thomas," HEIGHT="62" WIDTH="280" VPOS="883" HPOS="357"/>
<SP HEIGHT="62" WIDTH="26" VPOS="883" HPOS="638"/>
<String CONTENT="Mrs." HEIGHT="52" WIDTH="138" VPOS="883" HPOS="665"/>
<SP HEIGHT="52" WIDTH="28" VPOS="883" HPOS="804"/>
<String CONTENT="Edith" HEIGHT="52" WIDTH="184" VPOS="883" HPOS="833"/>
<SP HEIGHT="52" WIDTH="28" VPOS="883" HPOS="1018"/>
<String CONTENT="May" HEIGHT="62" WIDTH="142" VPOS="883" HPOS="1047"/>
<SP HEIGHT="64" WIDTH="32" VPOS="883" HPOS="1190"/>
<String CONTENT="(Bertels)" HEIGHT="66" WIDTH="294" VPOS="881" HPOS="1223"/>
<SP HEIGHT="62" WIDTH="40" VPOS="883" HPOS="1518"/>
<String CONTENT="1859-" HEIGHT="50" WIDTH="168" VPOS="885" HPOS="1559"/>
</TextLine>
<TextLine HEIGHT="71" WIDTH="1931" VPOS="958" HPOS="430" STYLEREFS="StyleId-C760C25D-445F-4FF5-BEB8-20FF11D1C32B-">
<String CONTENT="Mary" HEIGHT="69" WIDTH="171" VPOS="960" HPOS="430"/>
<SP HEIGHT="51" WIDTH="27" VPOS="978" HPOS="602"/>
<String CONTENT="at" HEIGHT="48" WIDTH="60" VPOS="965" HPOS="630"/>
<SP HEIGHT="47" WIDTH="26" VPOS="965" HPOS="691"/>
<String CONTENT="the" HEIGHT="51" WIDTH="97" VPOS="961" HPOS="718"/>
<SP HEIGHT="53" WIDTH="27" VPOS="959" HPOS="816"/>
<String CONTENT="farm," HEIGHT="67" WIDTH="172" VPOS="959" HPOS="844"/>
<SP HEIGHT="48" WIDTH="28" VPOS="978" HPOS="1017"/>
<String CONTENT="and" HEIGHT="53" WIDTH="114" VPOS="959" HPOS="1046"/>
<SP HEIGHT="53" WIDTH="25" VPOS="959" HPOS="1161"/>
<String CONTENT="book" HEIGHT="53" WIDTH="149" VPOS="959" HPOS="1187"/>
<SP HEIGHT="52" WIDTH="27" VPOS="959" HPOS="1337"/>
<String CONTENT="of" HEIGHT="53" WIDTH="64" VPOS="958" HPOS="1365"/>
<SP HEIGHT="53" WIDTH="28" VPOS="958" HPOS="1430"/>
<String CONTENT="recipes" HEIGHT="68" WIDTH="214" VPOS="959" HPOS="1459"/>
<SP HEIGHT="34" WIDTH="29" VPOS="978" HPOS="1674"/>
<String CONTENT="compiled" HEIGHT="68" WIDTH="283" VPOS="959" HPOS="1704"/>
<SP HEIGHT="54" WIDTH="29" VPOS="959" HPOS="1988"/>
<String CONTENT="during" HEIGHT="70" WIDTH="215" VPOS="959" HPOS="2018"/>
<SP HEIGHT="69" WIDTH="27" VPOS="960" HPOS="2234"/>
<String CONTENT="her" HEIGHT="53" WIDTH="99" VPOS="960" HPOS="2262"/>
</TextLine>
<TextLine HEIGHT="134" WIDTH="1977" VPOS="1035" HPOS="360" STYLEREFS="StyleId-C760C25D-445F-4FF5-BEB8-20FF11D1C32B-" CS="1">
<String CONTENT="visit" HEIGHT="53" WIDTH="135" VPOS="1038" HPOS="360"/>
<SP HEIGHT="46" WIDTH="25" VPOS="1044" HPOS="496"/>
<String CONTENT="among" HEIGHT="51" WIDTH="208" VPOS="1056" HPOS="522"/>
<SP HEIGHT="64" WIDTH="23" VPOS="1043" HPOS="731"/>
<String CONTENT="the" HEIGHT="51" WIDTH="97" VPOS="1039" HPOS="755"/>
<SP HEIGHT="55" WIDTH="24" VPOS="1035" HPOS="853"/>
<String CONTENT="&#8220;Pennsylvania" HEIGHT="70" WIDTH="463" VPOS="1035" HPOS="878"/>
<SP HEIGHT="56" WIDTH="26" VPOS="1035" HPOS="1342"/>
<String CONTENT="Germans&#8221;," HEIGHT="70" WIDTH="333" VPOS="1035" HPOS="1369"/>
<SP HEIGHT="67" WIDTH="23" VPOS="1038" HPOS="1703"/>
<String CONTENT="by" HEIGHT="68" WIDTH="75" VPOS="1038" HPOS="1727"/>
<SP HEIGHT="68" WIDTH="27" VPOS="1038" HPOS="1803"/>
<String CONTENT="Edith" HEIGHT="54" WIDTH="183" VPOS="1037" HPOS="1831"/>
<SP HEIGHT="52" WIDTH="26" VPOS="1038" HPOS="2015"/>
<String CONTENT="M." HEIGHT="53" WIDTH="82" VPOS="1038" HPOS="2042"/>
<SP HEIGHT="53" WIDTH="25" VPOS="1038" HPOS="2125"/>
<String CONTENT="Thomas" HEIGHT="131" WIDTH="1977" VPOS="1038" HPOS="360"/>
<SP HEIGHT="33" WIDTH="30" VPOS="1136" HPOS="421"/>
<String CS="1" CONTENT="&#8230;"/>
<SP HEIGHT="49" WIDTH="76" VPOS="1119" HPOS="510"/>
<String CONTENT="2d" HEIGHT="53" WIDTH="74" VPOS="1116" HPOS="587"/>
</TextLine>
<TextLine HEIGHT="69" WIDTH="1474" VPOS="1115" HPOS="687" STYLEREFS="StyleId-C760C25D-445F-4FF5-BEB8-20FF11D1C32B-">
<String CONTENT="ed." HEIGHT="52" WIDTH="84" VPOS="1116" HPOS="687"/>
<SP HEIGHT="51" WIDTH="73" VPOS="1116" HPOS="772"/>
<String CONTENT="Harrisburg," HEIGHT="68" WIDTH="380" VPOS="1116" HPOS="846"/>
<SP HEIGHT="66" WIDTH="26" VPOS="1116" HPOS="1227"/>
<String CONTENT="Pa.," HEIGHT="67" WIDTH="121" VPOS="1116" HPOS="1254"/>
<SP HEIGHT="68" WIDTH="27" VPOS="1115" HPOS="1376"/>
<String CONTENT="Evangelical" HEIGHT="69" WIDTH="374" VPOS="1115" HPOS="1404"/>
<SP HEIGHT="68" WIDTH="25" VPOS="1116" HPOS="1779"/>
<String CONTENT="press," HEIGHT="50" WIDTH="175" VPOS="1134" HPOS="1805"/>
<SP HEIGHT="64" WIDTH="28" VPOS="1119" HPOS="1981"/>
<String CONTENT="1928." HEIGHT="51" WIDTH="151" VPOS="1118" HPOS="2010"/>
</TextLine>
<TextLine HEIGHT="48" WIDTH="927" VPOS="1197" HPOS="428" CS="1">
<String CONTENT="423" HEIGHT="39" WIDTH="87" VPOS="1198" HPOS="428"/>
<SP HEIGHT="47" WIDTH="27" VPOS="1198" HPOS="516"/>
<String CONTENT="p." HEIGHT="37" WIDTH="44" VPOS="1208" HPOS="544"/>
<SP HEIGHT="41" WIDTH="59" VPOS="1197" HPOS="589"/>
<String CONTENT="illus.," HEIGHT="47" WIDTH="143" VPOS="1197" HPOS="649"/>
<SP HEIGHT="37" WIDTH="30" VPOS="1208" HPOS="793"/>
<String CONTENT="plates," HEIGHT="47" WIDTH="171" VPOS="1198" HPOS="824"/>
<SP HEIGHT="37" WIDTH="31" VPOS="1208" HPOS="996"/>
<String CONTENT="ports." HEIGHT="46" WIDTH="149" VPOS="1199" HPOS="1028"/>
<SP HEIGHT="40" WIDTH="58" VPOS="1197" HPOS="1178"/>
<String CONTENT="24" HEIGHT="39" WIDTH="57" VPOS="1197" HPOS="1237"/>
<String STYLE="superscript" CS="1" CONTENT="&#7580;&#7504;"/>
<String CONTENT="." HEIGHT="8" WIDTH="9" VPOS="1229" HPOS="1346"/>
</TextLine>
<TextLine HEIGHT="54" WIDTH="1993" VPOS="1251" HPOS="364" CS="1">
<String CONTENT="&#169;" HEIGHT="52" WIDTH="52" VPOS="1251" HPOS="364"/>
<SP HEIGHT="52" WIDTH="34" VPOS="1251" HPOS="417"/>
<String CONTENT="June" HEIGHT="39" WIDTH="129" VPOS="1256" HPOS="452"/>
<SP HEIGHT="39" WIDTH="31" VPOS="1256" HPOS="582"/>
<String CONTENT="8," HEIGHT="46" WIDTH="39" VPOS="1256" HPOS="614"/>
<SP HEIGHT="46" WIDTH="34" VPOS="1256" HPOS="654"/>
<String CS="1" CONTENT="1928;" HEIGHT="46" WIDTH="141" VPOS="1255" HPOS="689"/>
<SP HEIGHT="46" WIDTH="35" VPOS="1255" HPOS="831"/>
<String CONTENT="2c." HEIGHT="40" WIDTH="68" VPOS="1255" HPOS="867"/>
<SP HEIGHT="30" WIDTH="33" VPOS="1265" HPOS="936"/>
<String CONTENT="and" HEIGHT="38" WIDTH="98" VPOS="1256" HPOS="970"/>
<SP HEIGHT="38" WIDTH="31" VPOS="1256" HPOS="1069"/>
<String CONTENT="aff." HEIGHT="41" WIDTH="83" VPOS="1254" HPOS="1101"/>
<SP HEIGHT="40" WIDTH="34" VPOS="1255" HPOS="1185"/>
<String CONTENT="June" HEIGHT="40" WIDTH="129" VPOS="1255" HPOS="1220"/>
<SP HEIGHT="38" WIDTH="31" VPOS="1256" HPOS="1350"/>
<String CONTENT="15;" HEIGHT="47" WIDTH="82" VPOS="1254" HPOS="1382"/>
<SP HEIGHT="45" WIDTH="36" VPOS="1256" HPOS="1465"/>
<!-- cceid 225302F5-6CB2-1014-A20E-B9D6251C946A --><String CONTENT="A" HEIGHT="38" WIDTH="40" VPOS="1256" HPOS="1502"/>
<SP HEIGHT="38" WIDTH="33" VPOS="1256" HPOS="1543"/>
<String CONTENT="1077809;" HEIGHT="48" WIDTH="229" VPOS="1254" HPOS="1577"/>
<SP HEIGHT="45" WIDTH="38" VPOS="1257" HPOS="1807"/>
<String CONTENT="Edith" HEIGHT="40" WIDTH="150" VPOS="1255" HPOS="1846"/>
<SP HEIGHT="39" WIDTH="34" VPOS="1256" HPOS="1997"/>
<String CONTENT="M." HEIGHT="38" WIDTH="65" VPOS="1257" HPOS="2032"/>
<SP HEIGHT="38" WIDTH="34" VPOS="1257" HPOS="2098"/>
<String CONTENT="Thomas," HEIGHT="49" WIDTH="224" VPOS="1256" HPOS="2133"/>
</TextLine>
<TextLine HEIGHT="48" WIDTH="805" VPOS="1312" HPOS="434">
<String CONTENT="Quakertown," HEIGHT="47" WIDTH="341" VPOS="1312" HPOS="434"/>
<SP HEIGHT="47" WIDTH="23" VPOS="1312" HPOS="776"/>
<String CONTENT="Pa." HEIGHT="40" WIDTH="84" VPOS="1312" HPOS="800"/>
<SP HEIGHT="47" WIDTH="71" VPOS="1312" HPOS="885"/>
<String CONTENT="(28-15176)" HEIGHT="48" WIDTH="282" VPOS="1312" HPOS="957"/>
</TextLine>
<TextLine HEIGHT="64" WIDTH="1059" VPOS="1377" HPOS="357" STYLEREFS="StyleId-C760C25D-445F-4FF5-BEB8-20FF11D1C32B-">
<String CONTENT="Thomas," HEIGHT="61" WIDTH="278" VPOS="1378" HPOS="357"/>
<SP HEIGHT="60" WIDTH="28" VPOS="1379" HPOS="636"/>
<String CONTENT="William" HEIGHT="54" WIDTH="256" VPOS="1377" HPOS="665"/>
<SP HEIGHT="53" WIDTH="31" VPOS="1378" HPOS="922"/>
<String CONTENT="Sturgis," HEIGHT="63" WIDTH="258" VPOS="1378" HPOS="954"/>
<SP HEIGHT="59" WIDTH="35" VPOS="1381" HPOS="1213"/>
<String CONTENT="1871-" HEIGHT="53" WIDTH="167" VPOS="1378" HPOS="1249"/>
</TextLine>
<TextLine HEIGHT="71" WIDTH="1934" VPOS="1454" HPOS="426" STYLEREFS="StyleId-C760C25D-445F-4FF5-BEB8-20FF11D1C32B-">
<String CONTENT="Field" HEIGHT="52" WIDTH="165" VPOS="1456" HPOS="426"/>
<SP HEIGHT="52" WIDTH="44" VPOS="1456" HPOS="592"/>
<String CONTENT="book" HEIGHT="53" WIDTH="148" VPOS="1455" HPOS="637"/>
<SP HEIGHT="52" WIDTH="43" VPOS="1455" HPOS="786"/>
<String CONTENT="of" HEIGHT="52" WIDTH="65" VPOS="1455" HPOS="830"/>
<SP HEIGHT="53" WIDTH="43" VPOS="1455" HPOS="896"/>
<String CONTENT="common" HEIGHT="35" WIDTH="259" VPOS="1473" HPOS="940"/>
<SP HEIGHT="50" WIDTH="43" VPOS="1474" HPOS="1200"/>
<String CONTENT="gilled" HEIGHT="70" WIDTH="176" VPOS="1454" HPOS="1244"/>
<SP HEIGHT="52" WIDTH="46" VPOS="1456" HPOS="1421"/>
<String CONTENT="mushrooms," HEIGHT="67" WIDTH="373" VPOS="1456" HPOS="1468"/>
<SP HEIGHT="48" WIDTH="43" VPOS="1475" HPOS="1842"/>
<String CONTENT="with" HEIGHT="52" WIDTH="141" VPOS="1456" HPOS="1886"/>
<SP HEIGHT="53" WIDTH="46" VPOS="1456" HPOS="2028"/>
<String CONTENT="a" HEIGHT="33" WIDTH="30" VPOS="1476" HPOS="2075"/>
<SP HEIGHT="52" WIDTH="43" VPOS="1457" HPOS="2106"/>
<String CONTENT="key" HEIGHT="68" WIDTH="108" VPOS="1457" HPOS="2150"/>
<SP HEIGHT="62" WIDTH="42" VPOS="1463" HPOS="2259"/>
<String CONTENT="to" HEIGHT="47" WIDTH="58" VPOS="1463" HPOS="2302"/>
</TextLine>
<TextLine HEIGHT="70" WIDTH="2008" VPOS="1532" HPOS="353" STYLEREFS="StyleId-C760C25D-445F-4FF5-BEB8-20FF11D1C32B-">
<String CONTENT="their" HEIGHT="53" WIDTH="150" VPOS="1534" HPOS="353"/>
<SP HEIGHT="52" WIDTH="38" VPOS="1534" HPOS="504"/>
<String CONTENT="identification" HEIGHT="55" WIDTH="417" VPOS="1532" HPOS="543"/>
<SP HEIGHT="34" WIDTH="36" VPOS="1552" HPOS="961"/>
<String CONTENT="and" HEIGHT="53" WIDTH="112" VPOS="1533" HPOS="998"/>
<SP HEIGHT="53" WIDTH="38" VPOS="1533" HPOS="1111"/>
<String CONTENT="directions" HEIGHT="53" WIDTH="307" VPOS="1533" HPOS="1150"/>
<SP HEIGHT="54" WIDTH="37" VPOS="1532" HPOS="1458"/>
<String CONTENT="for" HEIGHT="54" WIDTH="93" VPOS="1532" HPOS="1496"/>
<SP HEIGHT="34" WIDTH="36" VPOS="1552" HPOS="1590"/>
<String CONTENT="cooking" HEIGHT="69" WIDTH="242" VPOS="1533" HPOS="1627"/>
<SP HEIGHT="62" WIDTH="34" VPOS="1540" HPOS="1870"/>
<String CONTENT="those" HEIGHT="53" WIDTH="162" VPOS="1534" HPOS="1905"/>
<SP HEIGHT="47" WIDTH="32" VPOS="1540" HPOS="2068"/>
<String CONTENT="that" HEIGHT="52" WIDTH="130" VPOS="1535" HPOS="2101"/>
<SP HEIGHT="47" WIDTH="33" VPOS="1540" HPOS="2232"/>
<String CONTENT="are" HEIGHT="35" WIDTH="95" VPOS="1554" HPOS="2266"/>
</TextLine>
<TextLine HEIGHT="133" WIDTH="1982" VPOS="1610" HPOS="354" STYLEREFS="StyleId-C760C25D-445F-4FF5-BEB8-20FF11D1C32B-" CS="1">
<String CONTENT="edible," HEIGHT="68" WIDTH="204" VPOS="1611" HPOS="354"/>
<SP HEIGHT="67" WIDTH="38" VPOS="1612" HPOS="559"/>
<String CONTENT="by" HEIGHT="68" WIDTH="76" VPOS="1612" HPOS="598"/>
<SP HEIGHT="68" WIDTH="39" VPOS="1612" HPOS="675"/>
<String CONTENT="William" HEIGHT="54" WIDTH="261" VPOS="1611" HPOS="715"/>
<SP HEIGHT="55" WIDTH="44" VPOS="1610" HPOS="977"/>
<String CONTENT="Sturgis" HEIGHT="69" WIDTH="231" VPOS="1610" HPOS="1022"/>
<SP HEIGHT="52" WIDTH="41" VPOS="1612" HPOS="1254"/>
<String CONTENT="Thomas," HEIGHT="67" WIDTH="267" VPOS="1611" HPOS="1296"/>
<SP HEIGHT="49" WIDTH="38" VPOS="1629" HPOS="1564"/>
<String CS="1" CONTENT="M."/>
<SP/>
<String CS="1" CONTENT="D.,"/>
<SP HEIGHT="48" WIDTH="40" VPOS="1631" HPOS="1780"/>
<String CONTENT="with" HEIGHT="53" WIDTH="140" VPOS="1611" HPOS="1821"/>
<SP HEIGHT="51" WIDTH="41" VPOS="1613" HPOS="1962"/>
<String CONTENT="52" HEIGHT="49" WIDTH="65" VPOS="1615" HPOS="2004"/>
<SP HEIGHT="52" WIDTH="38" VPOS="1612" HPOS="2070"/>
<String CONTENT="illustrations" HEIGHT="131" WIDTH="1980" VPOS="1612" HPOS="356"/>
</TextLine>
<TextLine HEIGHT="71" WIDTH="1805" VPOS="1688" HPOS="556" STYLEREFS="StyleId-C760C25D-445F-4FF5-BEB8-20FF11D1C32B-">
<String CONTENT="in" HEIGHT="52" WIDTH="61" VPOS="1689" HPOS="556"/>
<SP HEIGHT="34" WIDTH="49" VPOS="1708" HPOS="618"/>
<String CONTENT="color" HEIGHT="52" WIDTH="153" VPOS="1690" HPOS="668"/>
<SP HEIGHT="34" WIDTH="49" VPOS="1708" HPOS="822"/>
<String CONTENT="and" HEIGHT="52" WIDTH="114" VPOS="1690" HPOS="872"/>
<SP HEIGHT="52" WIDTH="47" VPOS="1690" HPOS="987"/>
<String CONTENT="black" HEIGHT="53" WIDTH="167" VPOS="1689" HPOS="1035"/>
<SP HEIGHT="52" WIDTH="50" VPOS="1689" HPOS="1203"/>
<String CONTENT="and" HEIGHT="51" WIDTH="108" VPOS="1690" HPOS="1254"/>
<SP HEIGHT="51" WIDTH="55" VPOS="1690" HPOS="1363"/>
<String CONTENT="white." HEIGHT="54" WIDTH="188" VPOS="1688" HPOS="1419"/>
<SP HEIGHT="51" WIDTH="74" VPOS="1690" HPOS="1608"/>
<String CONTENT="New" HEIGHT="52" WIDTH="139" VPOS="1690" HPOS="1683"/>
<SP HEIGHT="52" WIDTH="48" VPOS="1689" HPOS="1823"/>
<String CONTENT="York," HEIGHT="68" WIDTH="180" VPOS="1689" HPOS="1872"/>
<SP HEIGHT="66" WIDTH="49" VPOS="1691" HPOS="2053"/>
<String CONTENT="London," HEIGHT="68" WIDTH="258" VPOS="1691" HPOS="2103"/>
</TextLine>
<TextLine HEIGHT="68" WIDTH="850" VPOS="1767" HPOS="355" STYLEREFS="StyleId-C760C25D-445F-4FF5-BEB8-20FF11D1C32B-">
<String LANG="fr" CONTENT="G." HEIGHT="56" WIDTH="70" VPOS="1767" HPOS="355"/>
<SP HEIGHT="52" WIDTH="27" VPOS="1769" HPOS="426"/>
<String CONTENT="P." HEIGHT="52" WIDTH="66" VPOS="1769" HPOS="454"/>
<SP HEIGHT="53" WIDTH="28" VPOS="1768" HPOS="521"/>
<String CONTENT="Putnam&#8217;s" HEIGHT="53" WIDTH="298" VPOS="1768" HPOS="550"/>
<SP HEIGHT="34" WIDTH="27" VPOS="1787" HPOS="849"/>
<String CONTENT="sons," HEIGHT="50" WIDTH="146" VPOS="1785" HPOS="877"/>
<SP HEIGHT="64" WIDTH="30" VPOS="1771" HPOS="1024"/>
<String CONTENT="1928." HEIGHT="50" WIDTH="150" VPOS="1770" HPOS="1055"/>
</TextLine>
<TextLine HEIGHT="49" WIDTH="1390" VPOS="1850" HPOS="493" CS="1">
<String CS="1" CONTENT="xv." HEIGHT="10" WIDTH="7" VPOS="1883" HPOS="493"/>
<SP HEIGHT="41" WIDTH="28" VPOS="1852" HPOS="501"/>
<String CONTENT="332" HEIGHT="39" WIDTH="85" VPOS="1852" HPOS="530"/>
<SP HEIGHT="47" WIDTH="27" VPOS="1852" HPOS="616"/>
<String CONTENT="p." HEIGHT="37" WIDTH="43" VPOS="1862" HPOS="644"/>
<SP HEIGHT="29" WIDTH="60" VPOS="1862" HPOS="688"/>
<String CONTENT="col." HEIGHT="39" WIDTH="86" VPOS="1852" HPOS="749"/>
<SP HEIGHT="39" WIDTH="28" VPOS="1851" HPOS="836"/>
<String CONTENT="front.," HEIGHT="40" WIDTH="164" VPOS="1851" HPOS="865"/>
<SP HEIGHT="41" WIDTH="29" VPOS="1850" HPOS="1030"/>
<String CONTENT="illus.," HEIGHT="47" WIDTH="143" VPOS="1850" HPOS="1060"/>
<SP HEIGHT="37" WIDTH="30" VPOS="1861" HPOS="1204"/>
<String CONTENT="plates" HEIGHT="48" WIDTH="157" VPOS="1850" HPOS="1235"/>
<SP HEIGHT="47" WIDTH="27" VPOS="1850" HPOS="1393"/>
<String CONTENT="(part" HEIGHT="47" WIDTH="136" VPOS="1850" HPOS="1421"/>
<SP HEIGHT="39" WIDTH="27" VPOS="1851" HPOS="1558"/>
<String CONTENT="col.)" HEIGHT="42" WIDTH="112" VPOS="1850" HPOS="1586"/>
<SP HEIGHT="42" WIDTH="67" VPOS="1850" HPOS="1699"/>
<String CONTENT="18" HEIGHT="39" WIDTH="55" VPOS="1851" HPOS="1767"/>
<String STYLE="superscript" CS="1" CONTENT="&#7580;&#7504;"/>
<String CONTENT="." HEIGHT="7" WIDTH="8" VPOS="1884" HPOS="1875"/>
</TextLine>
<TextLine HEIGHT="53" WIDTH="1994" VPOS="1904" HPOS="367">
<String CONTENT="&#169;" HEIGHT="52" WIDTH="52" VPOS="1904" HPOS="367"/>
<SP HEIGHT="52" WIDTH="33" VPOS="1904" HPOS="420"/>
<String CONTENT="June" HEIGHT="40" WIDTH="128" VPOS="1908" HPOS="454"/>
<SP HEIGHT="39" WIDTH="28" VPOS="1909" HPOS="583"/>
<String CONTENT="8," HEIGHT="45" WIDTH="39" VPOS="1909" HPOS="612"/>
<SP HEIGHT="44" WIDTH="32" VPOS="1910" HPOS="652"/>
<String CONTENT="1928;" HEIGHT="46" WIDTH="140" VPOS="1907" HPOS="685"/>
<SP HEIGHT="45" WIDTH="34" VPOS="1908" HPOS="826"/>
<String CONTENT="2c." HEIGHT="40" WIDTH="67" VPOS="1908" HPOS="861"/>
<SP HEIGHT="30" WIDTH="32" VPOS="1918" HPOS="929"/>
<String CONTENT="and" HEIGHT="40" WIDTH="97" VPOS="1907" HPOS="962"/>
<SP HEIGHT="39" WIDTH="30" VPOS="1907" HPOS="1060"/>
<String CONTENT="aff." HEIGHT="41" WIDTH="83" VPOS="1906" HPOS="1091"/>
<SP HEIGHT="40" WIDTH="31" VPOS="1907" HPOS="1175"/>
<String CONTENT="June" HEIGHT="39" WIDTH="128" VPOS="1907" HPOS="1207"/>
<SP HEIGHT="39" WIDTH="31" VPOS="1906" HPOS="1336"/>
<String CONTENT="9;" HEIGHT="46" WIDTH="53" VPOS="1906" HPOS="1368"/>
<SP HEIGHT="46" WIDTH="33" VPOS="1906" HPOS="1422"/>
<!-- cceid 22538089-6CB2-1014-A20E-B9D6251C946A --><String CONTENT="A" HEIGHT="39" WIDTH="42" VPOS="1906" HPOS="1456"/>
<SP HEIGHT="39" WIDTH="30" VPOS="1906" HPOS="1499"/>
<String CONTENT="1074934;" HEIGHT="46" WIDTH="229" VPOS="1906" HPOS="1530"/>
<SP HEIGHT="44" WIDTH="34" VPOS="1908" HPOS="1760"/>
<String LANG="fr" CONTENT="W." HEIGHT="40" WIDTH="72" VPOS="1908" HPOS="1795"/>
<SP HEIGHT="41" WIDTH="35" VPOS="1907" HPOS="1868"/>
<String CONTENT="S." HEIGHT="41" WIDTH="44" VPOS="1907" HPOS="1904"/>
<SP HEIGHT="40" WIDTH="33" VPOS="1908" HPOS="1949"/>
<String CONTENT="Thomas," HEIGHT="49" WIDTH="226" VPOS="1908" HPOS="1983"/>
<SP HEIGHT="47" WIDTH="33" VPOS="1910" HPOS="2210"/>
<String CONTENT="New" HEIGHT="39" WIDTH="117" VPOS="1910" HPOS="2244"/>
</TextLine>
<TextLine HEIGHT="49" WIDTH="496" VPOS="1963" HPOS="437">
<String CONTENT="York." HEIGHT="39" WIDTH="145" VPOS="1966" HPOS="437"/>
<SP HEIGHT="47" WIDTH="70" VPOS="1965" HPOS="583"/>
<String CONTENT="(28-15151)" HEIGHT="49" WIDTH="279" VPOS="1963" HPOS="654"/>
</TextLine>
<TextLine HEIGHT="64" WIDTH="610" VPOS="2030" HPOS="359" STYLEREFS="StyleId-A39E3E07-5144-4F2A-94E4-1EE1E9AEDCB2-">
<String CONTENT="Thompson," HEIGHT="63" WIDTH="357" VPOS="2031" HPOS="359"/>
<SP HEIGHT="61" WIDTH="30" VPOS="2031" HPOS="717"/>
<String CONTENT="Sylvia." HEIGHT="64" WIDTH="221" VPOS="2030" HPOS="748"/>
</TextLine>
<TextLine HEIGHT="71" WIDTH="1931" VPOS="2108" HPOS="430" STYLEREFS="StyleId-C760C25D-445F-4FF5-BEB8-20FF11D1C32B-" CS="1">
<String CONTENT="The" HEIGHT="53" WIDTH="122" VPOS="2110" HPOS="430"/>
<SP HEIGHT="53" WIDTH="22" VPOS="2110" HPOS="553"/>
<String CONTENT="battle" HEIGHT="52" WIDTH="180" VPOS="2110" HPOS="576"/>
<SP HEIGHT="34" WIDTH="23" VPOS="2128" HPOS="757"/>
<String CONTENT="of" HEIGHT="53" WIDTH="65" VPOS="2109" HPOS="781"/>
<SP HEIGHT="53" WIDTH="24" VPOS="2109" HPOS="847"/>
<String CONTENT="the" HEIGHT="52" WIDTH="96" VPOS="2110" HPOS="872"/>
<SP HEIGHT="52" WIDTH="22" VPOS="2110" HPOS="969"/>
<String CONTENT="horizons," HEIGHT="64" WIDTH="284" VPOS="2110" HPOS="992"/>
<SP HEIGHT="65" WIDTH="26" VPOS="2109" HPOS="1277"/>
<String CONTENT="by" HEIGHT="68" WIDTH="74" VPOS="2109" HPOS="1304"/>
<SP HEIGHT="69" WIDTH="28" VPOS="2108" HPOS="1379"/>
<String CONTENT="Sylvia" HEIGHT="69" WIDTH="200" VPOS="2108" HPOS="1408"/>
<SP HEIGHT="51" WIDTH="27" VPOS="2110" HPOS="1609"/>
<String CONTENT="Thompson" HEIGHT="69" WIDTH="328" VPOS="2110" HPOS="1637"/>
<SP HEIGHT="35" WIDTH="35" VPOS="2128" HPOS="1966"/>
<String CS="1" CONTENT="&#8230;"/>
<SP HEIGHT="52" WIDTH="77" VPOS="2112" HPOS="2058"/>
<String CONTENT="Boston." HEIGHT="53" WIDTH="225" VPOS="2112" HPOS="2136"/>
</TextLine>
<TextLine HEIGHT="67" WIDTH="1108" VPOS="2188" HPOS="356" STYLEREFS="StyleId-C760C25D-445F-4FF5-BEB8-20FF11D1C32B-">
<String CONTENT="Little," HEIGHT="67" WIDTH="198" VPOS="2188" HPOS="356"/>
<SP HEIGHT="66" WIDTH="27" VPOS="2189" HPOS="555"/>
<String CONTENT="Brown," HEIGHT="64" WIDTH="230" VPOS="2189" HPOS="583"/>
<SP HEIGHT="47" WIDTH="27" VPOS="2206" HPOS="814"/>
<String CONTENT="and" HEIGHT="52" WIDTH="112" VPOS="2188" HPOS="842"/>
<SP HEIGHT="52" WIDTH="27" VPOS="2188" HPOS="955"/>
<String CONTENT="company," HEIGHT="50" WIDTH="300" VPOS="2205" HPOS="983"/>
<SP HEIGHT="61" WIDTH="29" VPOS="2192" HPOS="1284"/>
<String CONTENT="1928." HEIGHT="50" WIDTH="150" VPOS="2190" HPOS="1314"/>
</TextLine>
<TextLine HEIGHT="49" WIDTH="624" VPOS="2270" HPOS="426" CS="1">
<String CONTENT="4" HEIGHT="38" WIDTH="27" VPOS="2272" HPOS="426"/>
<SP/>
<String LANG="fr" CONTENT="p." HEIGHT="37" WIDTH="43" VPOS="2282" HPOS="481"/>
<SP HEIGHT="39" WIDTH="24" VPOS="2272" HPOS="525"/>
<String CS="1" CONTENT="l.," HEIGHT="15" WIDTH="8" VPOS="2303" HPOS="587"/>
<SP HEIGHT="29" WIDTH="30" VPOS="2290" HPOS="596"/>
<String CS="1" CONTENT="[3]-322" HEIGHT="49" WIDTH="165" VPOS="2270" HPOS="640"/>
<SP HEIGHT="48" WIDTH="23" VPOS="2270" HPOS="806"/>
<String CONTENT="p." HEIGHT="37" WIDTH="43" VPOS="2281" HPOS="830"/>
<SP HEIGHT="41" WIDTH="58" VPOS="2270" HPOS="874"/>
<String CONTENT="20" HEIGHT="40" WIDTH="56" VPOS="2270" HPOS="933"/>
<String STYLE="superscript" CS="1" CONTENT="&#7580;&#7504;"/>
<String CONTENT="." HEIGHT="8" WIDTH="8" VPOS="2302" HPOS="1042"/>
</TextLine>
<TextLine HEIGHT="53" WIDTH="1995" VPOS="2324" HPOS="366" CS="1">
<String CONTENT="&#169;" HEIGHT="52" WIDTH="52" VPOS="2324" HPOS="366"/>
<SP HEIGHT="52" WIDTH="34" VPOS="2324" HPOS="419"/>
<String CONTENT="June" HEIGHT="39" WIDTH="127" VPOS="2330" HPOS="454"/>
<SP HEIGHT="39" WIDTH="31" VPOS="2329" HPOS="582"/>
<String CS="1" CONTENT="6," HEIGHT="39" WIDTH="25" VPOS="2329" HPOS="614"/>
<SP/>
<String CS="1" CONTENT="1928;" HEIGHT="42" WIDTH="82" VPOS="2328" HPOS="746"/>
<SP HEIGHT="41" WIDTH="34" VPOS="2329" HPOS="829"/>
<String CONTENT="2c." HEIGHT="40" WIDTH="67" VPOS="2329" HPOS="864"/>
<SP HEIGHT="31" WIDTH="34" VPOS="2338" HPOS="932"/>
<String CONTENT="and" HEIGHT="38" WIDTH="95" VPOS="2329" HPOS="967"/>
<SP HEIGHT="38" WIDTH="32" VPOS="2329" HPOS="1063"/>
<String CONTENT="aff." HEIGHT="41" WIDTH="83" VPOS="2327" HPOS="1096"/>
<SP HEIGHT="40" WIDTH="34" VPOS="2328" HPOS="1180"/>
<String CONTENT="June" HEIGHT="40" WIDTH="127" VPOS="2328" HPOS="1215"/>
<SP HEIGHT="39" WIDTH="32" VPOS="2328" HPOS="1343"/>
<String CONTENT="13;" HEIGHT="46" WIDTH="82" VPOS="2328" HPOS="1376"/>
<SP HEIGHT="47" WIDTH="35" VPOS="2327" HPOS="1459"/>
<!-- cceid 22540915-6CB2-1014-A20E-B9D6251C946A --><String CONTENT="A" HEIGHT="40" WIDTH="43" VPOS="2327" HPOS="1495"/>
<SP HEIGHT="40" WIDTH="30" VPOS="2327" HPOS="1539"/>
<String CONTENT="1077786;" HEIGHT="49" WIDTH="229" VPOS="2327" HPOS="1570"/>
<SP HEIGHT="47" WIDTH="36" VPOS="2329" HPOS="1800"/>
<String CONTENT="Little," HEIGHT="49" WIDTH="163" VPOS="2328" HPOS="1837"/>
<SP HEIGHT="48" WIDTH="35" VPOS="2329" HPOS="2001"/>
<String CONTENT="Brown," HEIGHT="48" WIDTH="192" VPOS="2329" HPOS="2037"/>
<SP HEIGHT="37" WIDTH="34" VPOS="2340" HPOS="2230"/>
<String CONTENT="and" HEIGHT="39" WIDTH="96" VPOS="2332" HPOS="2265"/>
</TextLine>
<TextLine HEIGHT="52" WIDTH="600" VPOS="2383" HPOS="435">
<String CONTENT="company." HEIGHT="38" WIDTH="248" VPOS="2397" HPOS="435"/>
<SP HEIGHT="51" WIDTH="69" VPOS="2383" HPOS="684"/>
<String CONTENT="(28-14825)" HEIGHT="51" WIDTH="281" VPOS="2383" HPOS="754"/>
</TextLine>
<TextLine HEIGHT="63" WIDTH="1023" VPOS="2451" HPOS="359" STYLEREFS="StyleId-C760C25D-445F-4FF5-BEB8-20FF11D1C32B-">
<String CONTENT="Thorndike," HEIGHT="62" WIDTH="358" VPOS="2451" HPOS="359"/>
<SP HEIGHT="61" WIDTH="32" VPOS="2452" HPOS="718"/>
<String CONTENT="Edward" HEIGHT="53" WIDTH="253" VPOS="2451" HPOS="751"/>
<SP HEIGHT="53" WIDTH="33" VPOS="2451" HPOS="1005"/>
<String CONTENT="Lee," HEIGHT="63" WIDTH="134" VPOS="2451" HPOS="1039"/>
<SP HEIGHT="58" WIDTH="35" VPOS="2456" HPOS="1174"/>
<String CONTENT="1874-" HEIGHT="53" WIDTH="172" VPOS="2451" HPOS="1210"/>
</TextLine>
<TextLine HEIGHT="138" WIDTH="1982" VPOS="2529" HPOS="357" STYLEREFS="StyleId-C760C25D-445F-4FF5-BEB8-20FF11D1C32B-" CS="1">
<String CONTENT="Adult" HEIGHT="54" WIDTH="185" VPOS="2529" HPOS="428"/>
<SP HEIGHT="52" WIDTH="37" VPOS="2530" HPOS="614"/>
<String CONTENT="learning," HEIGHT="68" WIDTH="280" VPOS="2530" HPOS="652"/>
<SP HEIGHT="58" WIDTH="37" VPOS="2530" HPOS="933"/>
<String CONTENT="by" HEIGHT="68" WIDTH="75" VPOS="2530" HPOS="971"/>
<SP HEIGHT="68" WIDTH="40" VPOS="2530" HPOS="1047"/>
<String CONTENT="Edward" HEIGHT="53" WIDTH="255" VPOS="2530" HPOS="1088"/>
<SP HEIGHT="53" WIDTH="36" VPOS="2530" HPOS="1344"/>
<String CONTENT="L." HEIGHT="54" WIDTH="64" VPOS="2530" HPOS="1381"/>
<SP HEIGHT="54" WIDTH="41" VPOS="2530" HPOS="1446"/>
<String CONTENT="Thorndike," HEIGHT="68" WIDTH="350" VPOS="2530" HPOS="1488"/>
<SP HEIGHT="68" WIDTH="38" VPOS="2530" HPOS="1839"/>
<String CONTENT="Elsie" HEIGHT="54" WIDTH="157" VPOS="2530" HPOS="1878"/>
<SP HEIGHT="56" WIDTH="39" VPOS="2530" HPOS="2036"/>
<String CONTENT="O." HEIGHT="56" WIDTH="68" VPOS="2530" HPOS="2076"/>
<SP HEIGHT="52" WIDTH="39" VPOS="2532" HPOS="2145"/>
<String CONTENT="Bregman," HEIGHT="135" WIDTH="1982" VPOS="2532" HPOS="357"/>
</TextLine>
<TextLine HEIGHT="73" WIDTH="1818" VPOS="2607" HPOS="544" STYLEREFS="StyleId-C760C25D-445F-4FF5-BEB8-20FF11D1C32B-" CS="1">
<String CONTENT="J." HEIGHT="54" WIDTH="55" VPOS="2607" HPOS="544"/>
<SP HEIGHT="53" WIDTH="34" VPOS="2609" HPOS="600"/>
<String CONTENT="Warren" HEIGHT="53" WIDTH="246" VPOS="2609" HPOS="635"/>
<SP HEIGHT="51" WIDTH="35" VPOS="2609" HPOS="882"/>
<String CONTENT="Tilton," HEIGHT="68" WIDTH="215" VPOS="2608" HPOS="918"/>
<SP HEIGHT="49" WIDTH="35" VPOS="2627" HPOS="1134"/>
<String CONTENT="and" HEIGHT="53" WIDTH="114" VPOS="2609" HPOS="1170"/>
<SP HEIGHT="54" WIDTH="38" VPOS="2608" HPOS="1285"/>
<String CONTENT="Ella" HEIGHT="54" WIDTH="133" VPOS="2608" HPOS="1324"/>
<SP HEIGHT="54" WIDTH="33" VPOS="2609" HPOS="1458"/>
<String CONTENT="Woodyard" HEIGHT="69" WIDTH="335" VPOS="2609" HPOS="1492"/>
<SP HEIGHT="53" WIDTH="42" VPOS="2609" HPOS="1828"/>
<String CS="1" CONTENT="&#8230;"/>
<SP HEIGHT="53" WIDTH="77" VPOS="2609" HPOS="1927"/>
<String CONTENT="New" HEIGHT="53" WIDTH="140" VPOS="2609" HPOS="2005"/>
<SP HEIGHT="52" WIDTH="44" VPOS="2610" HPOS="2146"/>
<String CONTENT="York," HEIGHT="71" WIDTH="171" VPOS="2609" HPOS="2191"/>
</TextLine>
<TextLine HEIGHT="70" WIDTH="1000" VPOS="2686" HPOS="357" STYLEREFS="StyleId-C760C25D-445F-4FF5-BEB8-20FF11D1C32B-">
<String CONTENT="The" HEIGHT="53" WIDTH="123" VPOS="2687" HPOS="357"/>
<SP HEIGHT="53" WIDTH="25" VPOS="2687" HPOS="481"/>
<String CONTENT="Macmillan" HEIGHT="54" WIDTH="336" VPOS="2686" HPOS="507"/>
<SP HEIGHT="34" WIDTH="28" VPOS="2705" HPOS="844"/>
<String CONTENT="company," HEIGHT="51" WIDTH="299" VPOS="2705" HPOS="873"/>
<SP HEIGHT="63" WIDTH="32" VPOS="2690" HPOS="1173"/>
<String CONTENT="1928." HEIGHT="51" WIDTH="151" VPOS="2689" HPOS="1206"/>
</TextLine>
<TextLine HEIGHT="51" WIDTH="1902" VPOS="2770" HPOS="459" CS="1">
<String CS="1" CONTENT="x"/>
<SP HEIGHT="37" WIDTH="30" VPOS="2783" HPOS="459"/>
<String LANG="fr" CONTENT="p.," HEIGHT="37" WIDTH="57" VPOS="2783" HPOS="490"/>
<SP HEIGHT="45" WIDTH="31" VPOS="2772" HPOS="548"/>
<String CONTENT="1" HEIGHT="38" WIDTH="25" VPOS="2772" HPOS="580"/>
<SP HEIGHT="38" WIDTH="32" VPOS="2772" HPOS="606"/>
<String CS="1" CONTENT="l.," HEIGHT="17" WIDTH="9" VPOS="2802" HPOS="676"/>
<SP HEIGHT="48" WIDTH="30" VPOS="2771" HPOS="686"/>
<String CONTENT="335" HEIGHT="41" WIDTH="86" VPOS="2771" HPOS="717"/>
<SP HEIGHT="49" WIDTH="29" VPOS="2771" HPOS="804"/>
<String CONTENT="p." HEIGHT="39" WIDTH="44" VPOS="2781" HPOS="834"/>
<SP HEIGHT="41" WIDTH="58" VPOS="2770" HPOS="879"/>
<String CONTENT="illus.," HEIGHT="48" WIDTH="144" VPOS="2770" HPOS="938"/>
<SP HEIGHT="47" WIDTH="31" VPOS="2771" HPOS="1083"/>
<String CONTENT="diagrs." HEIGHT="49" WIDTH="183" VPOS="2770" HPOS="1115"/>
<SP HEIGHT="41" WIDTH="56" VPOS="2771" HPOS="1299"/>
<String CS="1" CONTENT="20&#189;&#7580;&#7504;." HEIGHT="42" WIDTH="148" VPOS="2770" HPOS="1356"/>
<SP HEIGHT="50" WIDTH="70" VPOS="2771" HPOS="1505"/>
<String CONTENT="(Half-title:" HEIGHT="51" WIDTH="300" VPOS="2770" HPOS="1576"/>
<SP HEIGHT="42" WIDTH="32" VPOS="2771" HPOS="1877"/>
<String CONTENT="Studies" HEIGHT="42" WIDTH="197" VPOS="2771" HPOS="1910"/>
<SP HEIGHT="40" WIDTH="29" VPOS="2772" HPOS="2108"/>
<String CONTENT="in" HEIGHT="40" WIDTH="50" VPOS="2772" HPOS="2138"/>
<SP HEIGHT="30" WIDTH="31" VPOS="2783" HPOS="2189"/>
<String CONTENT="adult" HEIGHT="41" WIDTH="140" VPOS="2773" HPOS="2221"/>
</TextLine>
<TextLine HEIGHT="46" WIDTH="286" VPOS="2828" HPOS="355">
<String CONTENT="education)" HEIGHT="46" WIDTH="286" VPOS="2828" HPOS="355"/>
</TextLine>
<TextLine HEIGHT="49" WIDTH="1519" VPOS="2883" HPOS="428" CS="1">
<String CONTENT="&#8220;Bibliography" HEIGHT="47" WIDTH="380" VPOS="2885" HPOS="428"/>
<SP HEIGHT="36" WIDTH="26" VPOS="2895" HPOS="809"/>
<String CONTENT="of" HEIGHT="41" WIDTH="52" VPOS="2883" HPOS="836"/>
<SP HEIGHT="39" WIDTH="26" VPOS="2883" HPOS="889"/>
<String CONTENT="references" HEIGHT="40" WIDTH="274" VPOS="2883" HPOS="916"/>
<SP HEIGHT="29" WIDTH="27" VPOS="2894" HPOS="1191"/>
<String CONTENT="made" HEIGHT="39" WIDTH="142" VPOS="2885" HPOS="1219"/>
<SP HEIGHT="41" WIDTH="26" VPOS="2883" HPOS="1362"/>
<String CONTENT="in" HEIGHT="40" WIDTH="50" VPOS="2883" HPOS="1389"/>
<SP HEIGHT="37" WIDTH="28" VPOS="2885" HPOS="1440"/>
<String CS="1" CONTENT="text.&#8221;:" HEIGHT="41" WIDTH="131" VPOS="2883" HPOS="1469"/>
<SP/>
<String CONTENT="p." HEIGHT="37" WIDTH="43" VPOS="2895" HPOS="1661"/>
<SP HEIGHT="39" WIDTH="24" VPOS="2885" HPOS="1705"/>
<String CONTENT="319-323." HEIGHT="41" WIDTH="217" VPOS="2884" HPOS="1730"/>
</TextLine>
<TextLine HEIGHT="52" WIDTH="1909" VPOS="2937" HPOS="369" CS="1">
<String CONTENT="&#169;" HEIGHT="52" WIDTH="52" VPOS="2937" HPOS="369"/>
<SP HEIGHT="52" WIDTH="27" VPOS="2937" HPOS="422"/>
<String CONTENT="May" HEIGHT="46" WIDTH="115" VPOS="2943" HPOS="450"/>
<SP HEIGHT="47" WIDTH="24" VPOS="2942" HPOS="566"/>
<String CONTENT="29," HEIGHT="47" WIDTH="70" VPOS="2941" HPOS="591"/>
<SP HEIGHT="46" WIDTH="28" VPOS="2942" HPOS="662"/>
<String CS="1" CONTENT="1928;" HEIGHT="40" WIDTH="114" VPOS="2941" HPOS="691"/>
<SP/>
<String CONTENT="2c." HEIGHT="39" WIDTH="68" VPOS="2941" HPOS="862"/>
<SP HEIGHT="38" WIDTH="26" VPOS="2942" HPOS="931"/>
<String CONTENT="May" HEIGHT="46" WIDTH="114" VPOS="2942" HPOS="958"/>
<SP HEIGHT="47" WIDTH="26" VPOS="2941" HPOS="1073"/>
<String CS="1" CONTENT="31;" HEIGHT="40" WIDTH="53" VPOS="2940" HPOS="1100"/>
<SP/>
<String CONTENT="aff." HEIGHT="41" WIDTH="84" VPOS="2940" HPOS="1214"/>
<SP HEIGHT="40" WIDTH="28" VPOS="2941" HPOS="1299"/>
<String CONTENT="June" HEIGHT="39" WIDTH="128" VPOS="2941" HPOS="1328"/>
<SP HEIGHT="39" WIDTH="25" VPOS="2941" HPOS="1457"/>
<String CS="1" CONTENT="6;" HEIGHT="39" WIDTH="25" VPOS="2941" HPOS="1483"/>
<SP/>
<!-- cceid 2254973A-6CB2-1014-A20E-B9D6251C946A --><String CONTENT="A" HEIGHT="38" WIDTH="42" VPOS="2941" HPOS="1566"/>
<SP HEIGHT="39" WIDTH="25" VPOS="2941" HPOS="1609"/>
<String CS="1" CONTENT="1077624;" HEIGHT="41" WIDTH="204" VPOS="2940" HPOS="1635"/>
<SP/>
<String CONTENT="Macmillan" HEIGHT="40" WIDTH="286" VPOS="2941" HPOS="1897"/>
<SP HEIGHT="29" WIDTH="25" VPOS="2953" HPOS="2184"/>
<String CONTENT="co." HEIGHT="29" WIDTH="68" VPOS="2953" HPOS="2210"/>
</TextLine>
<TextLine HEIGHT="49" WIDTH="280" VPOS="2998" HPOS="447">
<String CONTENT="(28-15147)" HEIGHT="49" WIDTH="280" VPOS="2998" HPOS="447"/>
</TextLine>
<TextLine HEIGHT="63" WIDTH="936" VPOS="3063" HPOS="362" STYLEREFS="StyleId-A39E3E07-5144-4F2A-94E4-1EE1E9AEDCB2-">
<String CONTENT="Uhrbrock," HEIGHT="61" WIDTH="332" VPOS="3064" HPOS="362"/>
<SP HEIGHT="60" WIDTH="30" VPOS="3065" HPOS="695"/>
<String CONTENT="Richard" HEIGHT="53" WIDTH="259" VPOS="3063" HPOS="726"/>
<SP HEIGHT="53" WIDTH="29" VPOS="3063" HPOS="986"/>
<String CONTENT="Stephen." HEIGHT="63" WIDTH="282" VPOS="3063" HPOS="1016"/>
</TextLine>
<TextLine HEIGHT="132" WIDTH="1975" VPOS="3141" HPOS="361" STYLEREFS="StyleId-C760C25D-445F-4FF5-BEB8-20FF11D1C32B-" CS="1">
<String CONTENT="An" HEIGHT="53" WIDTH="93" VPOS="3141" HPOS="433"/>
<SP HEIGHT="34" WIDTH="24" VPOS="3160" HPOS="527"/>
<String CONTENT="analysis" HEIGHT="68" WIDTH="250" VPOS="3142" HPOS="552"/>
<SP HEIGHT="34" WIDTH="24" VPOS="3160" HPOS="803"/>
<String CONTENT="of" HEIGHT="53" WIDTH="64" VPOS="3141" HPOS="828"/>
<SP HEIGHT="53" WIDTH="22" VPOS="3141" HPOS="893"/>
<String CONTENT="the" HEIGHT="52" WIDTH="98" VPOS="3142" HPOS="916"/>
<SP HEIGHT="51" WIDTH="21" VPOS="3142" HPOS="1015"/>
<String CONTENT="Downey" HEIGHT="67" WIDTH="259" VPOS="3142" HPOS="1037"/>
<SP HEIGHT="49" WIDTH="23" VPOS="3160" HPOS="1297"/>
<String CONTENT="will-temperament" HEIGHT="67" WIDTH="561" VPOS="3142" HPOS="1321"/>
<SP HEIGHT="47" WIDTH="23" VPOS="3148" HPOS="1883"/>
<String CONTENT="tests," HEIGHT="61" WIDTH="157" VPOS="3148" HPOS="1907"/>
<SP HEIGHT="66" WIDTH="24" VPOS="3143" HPOS="2065"/>
<String CONTENT="by" HEIGHT="68" WIDTH="75" VPOS="3143" HPOS="2090"/>
<SP HEIGHT="68" WIDTH="25" VPOS="3143" HPOS="2166"/>
<String CONTENT="Richard" HEIGHT="132" WIDTH="1975" VPOS="3141" HPOS="361"/>
</TextLine>
<TextLine HEIGHT="70" WIDTH="1861" VPOS="3220" HPOS="503" STYLEREFS="StyleId-C760C25D-445F-4FF5-BEB8-20FF11D1C32B-" CS="1">
<String CONTENT="Stephen" HEIGHT="68" WIDTH="254" VPOS="3220" HPOS="503"/>
<SP HEIGHT="53" WIDTH="32" VPOS="3221" HPOS="758"/>
<String CONTENT="Uhrbrock" HEIGHT="54" WIDTH="307" VPOS="3220" HPOS="791"/>
<SP HEIGHT="51" WIDTH="38" VPOS="3220" HPOS="1099"/>
<String CS="1" CONTENT="&#8230;"/>
<SP HEIGHT="51" WIDTH="79" VPOS="3220" HPOS="1194"/>
<String CONTENT="New" HEIGHT="52" WIDTH="140" VPOS="3220" HPOS="1274"/>
<SP HEIGHT="51" WIDTH="35" VPOS="3221" HPOS="1415"/>
<String CONTENT="York" HEIGHT="52" WIDTH="163" VPOS="3220" HPOS="1451"/>
<SP HEIGHT="53" WIDTH="33" VPOS="3220" HPOS="1615"/>
<String CONTENT="city," HEIGHT="69" WIDTH="134" VPOS="3221" HPOS="1649"/>
<SP HEIGHT="66" WIDTH="34" VPOS="3222" HPOS="1784"/>
<String CONTENT="Teachers" HEIGHT="53" WIDTH="280" VPOS="3220" HPOS="1819"/>
<SP HEIGHT="34" WIDTH="34" VPOS="3240" HPOS="2100"/>
<String CONTENT="college," HEIGHT="68" WIDTH="229" VPOS="3221" HPOS="2135"/>
</TextLine>
<TextLine HEIGHT="69" WIDTH="854" VPOS="3298" HPOS="361" STYLEREFS="StyleId-C760C25D-445F-4FF5-BEB8-20FF11D1C32B-">
<String CONTENT="Columbia" HEIGHT="55" WIDTH="302" VPOS="3298" HPOS="361"/>
<SP HEIGHT="34" WIDTH="29" VPOS="3317" HPOS="664"/>
<String CONTENT="university," HEIGHT="68" WIDTH="337" VPOS="3299" HPOS="694"/>
<SP HEIGHT="63" WIDTH="34" VPOS="3303" HPOS="1032"/>
<String CONTENT="1928." HEIGHT="51" WIDTH="148" VPOS="3301" HPOS="1067"/>
</TextLine>
<TextLine HEIGHT="50" WIDTH="1931" VPOS="3381" HPOS="430" CS="1">
<String CONTENT="4" HEIGHT="39" WIDTH="28" VPOS="3383" HPOS="430"/>
<SP/>
<String CONTENT="p." HEIGHT="37" WIDTH="43" VPOS="3393" HPOS="491"/>
<SP HEIGHT="39" WIDTH="31" VPOS="3383" HPOS="535"/>
<String CS="1" CONTENT="l.," HEIGHT="16" WIDTH="8" VPOS="3413" HPOS="603"/>
<SP HEIGHT="46" WIDTH="35" VPOS="3383" HPOS="612"/>
<String CONTENT="78" HEIGHT="40" WIDTH="57" VPOS="3382" HPOS="648"/>
<SP HEIGHT="48" WIDTH="29" VPOS="3382" HPOS="706"/>
<String CONTENT="p." HEIGHT="37" WIDTH="45" VPOS="3393" HPOS="736"/>
<SP HEIGHT="40" WIDTH="60" VPOS="3382" HPOS="782"/>
<String CONTENT="illus." HEIGHT="40" WIDTH="128" VPOS="3382" HPOS="843"/>
<SP HEIGHT="41" WIDTH="62" VPOS="3381" HPOS="972"/>
<String CS="1" CONTENT="23&#189;&#7580;&#7504;." HEIGHT="41" WIDTH="146" VPOS="3381" HPOS="1035"/>
<SP HEIGHT="47" WIDTH="72" VPOS="3381" HPOS="1182"/>
<String CONTENT="(Teachers" HEIGHT="47" WIDTH="265" VPOS="3381" HPOS="1255"/>
<SP HEIGHT="29" WIDTH="32" VPOS="3393" HPOS="1521"/>
<String CONTENT="college," HEIGHT="46" WIDTH="192" VPOS="3384" HPOS="1554"/>
<SP HEIGHT="47" WIDTH="37" VPOS="3382" HPOS="1747"/>
<String CONTENT="Columbia" HEIGHT="40" WIDTH="250" VPOS="3382" HPOS="1785"/>
<SP HEIGHT="29" WIDTH="38" VPOS="3393" HPOS="2036"/>
<String CONTENT="university." HEIGHT="48" WIDTH="286" VPOS="3383" HPOS="2075"/>
</TextLine>
<TextLine HEIGHT="49" WIDTH="979" VPOS="3438" HPOS="361">
<String CONTENT="Contributions" HEIGHT="40" WIDTH="369" VPOS="3439" HPOS="361"/>
<SP HEIGHT="37" WIDTH="24" VPOS="3441" HPOS="731"/>
<String CONTENT="to" HEIGHT="37" WIDTH="49" VPOS="3441" HPOS="756"/>
<SP HEIGHT="29" WIDTH="23" VPOS="3450" HPOS="806"/>
<String CONTENT="education," HEIGHT="48" WIDTH="272" VPOS="3438" HPOS="830"/>
<SP HEIGHT="37" WIDTH="24" VPOS="3449" HPOS="1103"/>
<String CONTENT="no." HEIGHT="30" WIDTH="76" VPOS="3449" HPOS="1128"/>
<SP HEIGHT="41" WIDTH="22" VPOS="3438" HPOS="1205"/>
<String CONTENT="296)" HEIGHT="49" WIDTH="112" VPOS="3438" HPOS="1228"/>
</TextLine>
<TextLine HEIGHT="48" WIDTH="630" VPOS="3495" HPOS="432" CS="1">
<String CS="1" CONTENT="Bibliography:" HEIGHT="48" WIDTH="350" VPOS="3495" HPOS="432"/>
<SP/>
<String CONTENT="p." HEIGHT="37" WIDTH="43" VPOS="3506" HPOS="843"/>
<SP HEIGHT="38" WIDTH="16" VPOS="3497" HPOS="887"/>
<String CONTENT="73-78." HEIGHT="40" WIDTH="158" VPOS="3496" HPOS="904"/>
</TextLine>
<TextLine HEIGHT="53" WIDTH="1990" VPOS="3549" HPOS="370" CS="1">
<String CONTENT="&#169;" HEIGHT="51" WIDTH="52" VPOS="3549" HPOS="370"/>
<SP HEIGHT="51" WIDTH="30" VPOS="3549" HPOS="423"/>
<String CONTENT="Apr." HEIGHT="47" WIDTH="114" VPOS="3553" HPOS="454"/>
<SP HEIGHT="40" WIDTH="28" VPOS="3553" HPOS="569"/>
<String CONTENT="23," HEIGHT="46" WIDTH="70" VPOS="3553" HPOS="598"/>
<SP HEIGHT="46" WIDTH="31" VPOS="3553" HPOS="669"/>
<String CS="1" CONTENT="1928;" HEIGHT="40" WIDTH="117" VPOS="3553" HPOS="701"/>
<SP/>
<String CONTENT="2c." HEIGHT="40" WIDTH="67" VPOS="3553" HPOS="875"/>
<SP HEIGHT="39" WIDTH="31" VPOS="3554" HPOS="943"/>
<String CONTENT="May" HEIGHT="46" WIDTH="114" VPOS="3554" HPOS="975"/>
<SP HEIGHT="46" WIDTH="28" VPOS="3554" HPOS="1090"/>
<String CS="1" CONTENT="3;" HEIGHT="39" WIDTH="25" VPOS="3554" HPOS="1119"/>
<SP/>
<String CONTENT="aff." HEIGHT="40" WIDTH="83" VPOS="3552" HPOS="1207"/>
<SP HEIGHT="38" WIDTH="31" VPOS="3554" HPOS="1291"/>
<String CONTENT="May" HEIGHT="46" WIDTH="115" VPOS="3554" HPOS="1323"/>
<SP HEIGHT="46" WIDTH="30" VPOS="3554" HPOS="1439"/>
<String CS="1" CONTENT="5;" HEIGHT="39" WIDTH="28" VPOS="3554" HPOS="1470"/>
<SP/>
<!-- cceid 225517A9-6CB2-1014-A20E-B9D6251C946A --><String CONTENT="A" HEIGHT="38" WIDTH="42" VPOS="3554" HPOS="1556"/>
<SP HEIGHT="38" WIDTH="29" VPOS="3554" HPOS="1599"/>
<String CS="1" CONTENT="1077102;" HEIGHT="40" WIDTH="202" VPOS="3553" HPOS="1629"/>
<SP/>
<String CONTENT="Teachers" HEIGHT="40" WIDTH="242" VPOS="3554" HPOS="1894"/>
<SP HEIGHT="29" WIDTH="29" VPOS="3565" HPOS="2137"/>
<String CONTENT="college," HEIGHT="47" WIDTH="193" VPOS="3555" HPOS="2167"/>
</TextLine>
<TextLine HEIGHT="49" WIDTH="757" VPOS="3609" HPOS="436">
<String CONTENT="Columbia" HEIGHT="40" WIDTH="252" VPOS="3609" HPOS="436"/>
<SP HEIGHT="29" WIDTH="22" VPOS="3620" HPOS="689"/>
<String CONTENT="univ." HEIGHT="41" WIDTH="130" VPOS="3609" HPOS="712"/>
<SP HEIGHT="47" WIDTH="69" VPOS="3611" HPOS="843"/>
<String CONTENT="(28-15144)" HEIGHT="49" WIDTH="280" VPOS="3609" HPOS="913"/>
</TextLine>
<TextLine HEIGHT="64" WIDTH="1037" VPOS="3674" HPOS="364" STYLEREFS="StyleId-A39E3E07-5144-4F2A-94E4-1EE1E9AEDCB2-">
<String CONTENT="Vassar" HEIGHT="53" WIDTH="226" VPOS="3675" HPOS="364"/>
<SP HEIGHT="36" WIDTH="32" VPOS="3692" HPOS="591"/>
<String CONTENT="college." HEIGHT="64" WIDTH="235" VPOS="3674" HPOS="624"/>
<SP HEIGHT="53" WIDTH="75" VPOS="3676" HPOS="860"/>
<String CONTENT="Class" HEIGHT="53" WIDTH="170" VPOS="3676" HPOS="936"/>
<SP HEIGHT="37" WIDTH="28" VPOS="3691" HPOS="1107"/>
<String CONTENT="of" HEIGHT="53" WIDTH="64" VPOS="3675" HPOS="1136"/>
<SP HEIGHT="53" WIDTH="35" VPOS="3675" HPOS="1201"/>
<String CONTENT="1874." HEIGHT="52" WIDTH="164" VPOS="3677" HPOS="1237"/>
</TextLine>
<TextLine HEIGHT="71" WIDTH="1928" VPOS="3752" HPOS="434" STYLEREFS="StyleId-C760C25D-445F-4FF5-BEB8-20FF11D1C32B-">
<String CONTENT="Souvenir" HEIGHT="55" WIDTH="279" VPOS="3752" HPOS="434"/>
<SP HEIGHT="33" WIDTH="53" VPOS="3772" HPOS="714"/>
<String CONTENT="of" HEIGHT="52" WIDTH="65" VPOS="3753" HPOS="768"/>
<SP HEIGHT="52" WIDTH="51" VPOS="3753" HPOS="834"/>
<String CONTENT="the" HEIGHT="52" WIDTH="96" VPOS="3754" HPOS="886"/>
<SP HEIGHT="52" WIDTH="51" VPOS="3754" HPOS="983"/>
<String CONTENT="fiftieth" HEIGHT="53" WIDTH="217" VPOS="3753" HPOS="1035"/>
<SP HEIGHT="52" WIDTH="55" VPOS="3754" HPOS="1253"/>
<String CONTENT="reunion" HEIGHT="52" WIDTH="239" VPOS="3754" HPOS="1309"/>
<SP HEIGHT="34" WIDTH="54" VPOS="3773" HPOS="1549"/>
<String CONTENT="of" HEIGHT="53" WIDTH="64" VPOS="3754" HPOS="1604"/>
<SP HEIGHT="54" WIDTH="53" VPOS="3754" HPOS="1669"/>
<String CONTENT="Vassar" HEIGHT="53" WIDTH="215" VPOS="3755" HPOS="1723"/>
<SP HEIGHT="33" WIDTH="52" VPOS="3774" HPOS="1939"/>
<String CONTENT="college" HEIGHT="67" WIDTH="213" VPOS="3756" HPOS="1992"/>
<SP HEIGHT="53" WIDTH="57" VPOS="3754" HPOS="2206"/>
<String CONTENT="&#8217;74." HEIGHT="54" WIDTH="98" VPOS="3754" HPOS="2264"/>
</TextLine>
<TextLine HEIGHT="70" WIDTH="1993" VPOS="3831" HPOS="372" STYLEREFS="StyleId-C760C25D-445F-4FF5-BEB8-20FF11D1C32B-">
<String CONTENT="[Worcester," HEIGHT="66" WIDTH="355" VPOS="3831" HPOS="372"/>
<SP HEIGHT="66" WIDTH="26" VPOS="3831" HPOS="728"/>
<String CONTENT="Mass.]" HEIGHT="67" WIDTH="191" VPOS="3831" HPOS="755"/>
<SP HEIGHT="66" WIDTH="33" VPOS="3832" HPOS="947"/>
<String CONTENT="The" HEIGHT="53" WIDTH="122" VPOS="3832" HPOS="981"/>
<SP HEIGHT="54" WIDTH="27" VPOS="3831" HPOS="1104"/>
<String CONTENT="Class" HEIGHT="54" WIDTH="162" VPOS="3831" HPOS="1132"/>
<SP HEIGHT="34" WIDTH="29" VPOS="3850" HPOS="1295"/>
<String CONTENT="of" HEIGHT="53" WIDTH="65" VPOS="3831" HPOS="1325"/>
<SP HEIGHT="53" WIDTH="26" VPOS="3831" HPOS="1391"/>
<String CONTENT="eighteen" HEIGHT="70" WIDTH="261" VPOS="3831" HPOS="1418"/>
<SP HEIGHT="35" WIDTH="28" VPOS="3850" HPOS="1680"/>
<String CONTENT="seventy-four," HEIGHT="70" WIDTH="414" VPOS="3831" HPOS="1709"/>
<SP HEIGHT="67" WIDTH="26" VPOS="3832" HPOS="2124"/>
<String CONTENT="Vassar" HEIGHT="54" WIDTH="214" VPOS="3832" HPOS="2151"/>
</TextLine>
<TextLine HEIGHT="68" WIDTH="824" VPOS="3909" HPOS="365" STYLEREFS="StyleId-C760C25D-445F-4FF5-BEB8-20FF11D1C32B-" CS="1">
<String CONTENT="college" HEIGHT="68" WIDTH="213" VPOS="3909" HPOS="365"/>
<SP HEIGHT="48" WIDTH="33" VPOS="3928" HPOS="579"/>
<String CS="1" CONTENT="[priv." HEIGHT="67" WIDTH="148" VPOS="3909" HPOS="630"/>
<SP HEIGHT="50" WIDTH="30" VPOS="3927" HPOS="779"/>
<String CONTENT="print.," HEIGHT="68" WIDTH="195" VPOS="3909" HPOS="810"/>
<SP HEIGHT="63" WIDTH="30" VPOS="3913" HPOS="1006"/>
<String CONTENT="1928]" HEIGHT="63" WIDTH="152" VPOS="3913" HPOS="1037"/>
</TextLine>
<TextLine HEIGHT="51" WIDTH="1598" VPOS="3991" HPOS="439" CS="1">
<String CONTENT="112" HEIGHT="39" WIDTH="83" VPOS="3991" HPOS="439"/>
<SP HEIGHT="48" WIDTH="27" VPOS="3991" HPOS="523"/>
<String CONTENT="p." HEIGHT="37" WIDTH="44" VPOS="4002" HPOS="551"/>
<SP HEIGHT="41" WIDTH="24" VPOS="3991" HPOS="596"/>
<String CONTENT="incl." HEIGHT="40" WIDTH="111" VPOS="3991" HPOS="621"/>
<SP HEIGHT="28" WIDTH="26" VPOS="4003" HPOS="733"/>
<String CONTENT="mounted" HEIGHT="38" WIDTH="229" VPOS="3993" HPOS="760"/>
<SP HEIGHT="39" WIDTH="24" VPOS="3992" HPOS="990"/>
<String CONTENT="front.," HEIGHT="48" WIDTH="164" VPOS="3992" HPOS="1015"/>
<SP HEIGHT="37" WIDTH="26" VPOS="4003" HPOS="1180"/>
<String CONTENT="mounted" HEIGHT="39" WIDTH="232" VPOS="3993" HPOS="1207"/>
<SP HEIGHT="40" WIDTH="24" VPOS="3992" HPOS="1440"/>
<String CONTENT="illus." HEIGHT="41" WIDTH="131" VPOS="3992" HPOS="1465"/>
<SP HEIGHT="48" WIDTH="25" VPOS="3993" HPOS="1597"/>
<String CONTENT="(ports.)" HEIGHT="50" WIDTH="198" VPOS="3992" HPOS="1623"/>
<SP HEIGHT="49" WIDTH="66" VPOS="3992" HPOS="1822"/>
<String CS="1" CONTENT="25&#189;&#7580;&#7504;." HEIGHT="41" WIDTH="148" VPOS="3992" HPOS="1889"/>
</TextLine>
</TextBlock>
</PrintSpace>
</Page>
</Layout>
</alto>