2498 4384
1311 4100 99 50 550

335 465 244 62 France,
610 463 272 63 Anatole,
916 465 327 51 1844-1924.

402 540 250 54 Anatole
707 540 220 53 France
982 539 231 68 abroad,
1265 539 77 69 by
1394 539 90 53 his
1538 544 301 64 secretary,
1892 539 149 54 Jean
2094 539 242 67 Jacques

335 615 2002 70 Brousson … translated by John Pollock, with a preface by
336 695 210 54 Ernest
573 695 184 68 Boyd.
831 695 137 52 New
999 695 181 67 York,
1208 695 68 52 R.
1306 694 81 53 M.
1414 694 277 53 McBride
1717 696 47 50 &
1788 711 298 51 company,
2117 694 149 51 1928.

404 777 1207 51 xix p., 1 l., 21-388 p. front. (port.) 22½ᶜᵐ.
346 845 52 52 ©
435 850 121 40 Mar.
591 850 69 47 31,
697 848 140 48 1928;
874 848 68 41 2c.
978 849 114 46 Apr.
1129 848 51 47 9;
1220 847 83 42 aff.
1339 847 114 49 Apr.
1489 848 53 47 6;
1578 849 41 38 A
1655 847 229 48 1068815;
1924 848 182 40 Robert
2144 848 63 40 M.
414 849 1907 97 McBride
595 906 36 40 &
663 917 68 29 co.
801 904 256 49 (28-10320
1068 904 13 47 )

338 999 308 63 Fulanain,
678 1000 194 67 pseud.

407 1076 121 53 The
557 1076 192 53 marsh
778 1076 178 67 Arab,
984 1076 145 69 Haji
1160 1076 250 53 Rikkan.
1440 1076 74 69 by
1544 1076 305 53 Fulanain.
1913 1076 430 68 Philadelphia,

336 1154 56 54 J.
424 1155 67 52 B.
520 1154 341 68 Lippincott
888 1171 298 51 company,
1218 1156 151 51 1928.

406 1238 86 40 322
526 1249 44 37 p.
629 1237 165 48 front.,
829 1247 126 38 map.
1013 1237 119 42 22ᶜᵐ.

407 1308 141 46 Maps
578 1317 61 29 on
669 1305 365 49 lining-papers.

408 1364 199 39 London
645 1362 184 40 edition
876 1362 205 49 (Chatto
1117 1362 37 40 &
1190 1361 231 49 Windus)
1466 1363 90 40 has
1591 1362 136 41 title:
1767 1363 121 48 Haji
1927 1363 209 48 Rikkan,
2176 1365 164 39 marsh

337 1420 146 41 Arab.

407 1478 76 37 An
513 1478 205 38 account
747 1476 52 40 of
829 1475 130 40 Arab
991 1474 148 41 tribal
1169 1474 90 41 life
1289 1474 50 39 in
1369 1477 96 38 two
1496 1475 52 40 of
1577 1476 82 39 the
1689 1475 396 41 confederations
2115 1476 51 40 of
2199 1478 111 47 Iraq:

339 1531 1398 48 the Albu Mohammad and the Bani L ā m. cf. Pref.
349 1597 51 53 ©
434 1603 120 39 Mar.
586 1602 69 47 27,
688 1602 140 45 1928;
861 1601 68 40 2c.
961 1601 96 39 and
1087 1599 82 42 aff.
1199 1601 115 46 Apr.
1347 1600 81 47 12;
1462 1601 42 38 A
1534 1600 230 48 1069690;
1800 1602 44 41 J.
1878 1602 54 41 B.
1964 1602 279 48 Lippincott
2274 1614 69 29 co.

427 1658 280 48 (28-10313)

341 1752 185 62 Gillis,
562 1752 203 53 James
796 1751 243 63 Martin,
1076 1752 171 53 1876-

414 1831 121 52 The
568 1830 263 54 Catholic
864 1830 211 52 church
1109 1831 113 52 and
1256 1830 96 53 the
1385 1830 182 67 home,
1598 1831 76 68 by
1707 1832 297 52 Reverend
2039 1832 194 53 James
2268 1833 78 52 M.

344 1908 1731 69 Gillis … New York, The Macmillan company, 1928.
416 1991 86 39 116
534 2001 43 37 p.
774 2021 9 9 19½ᶜᵐ.
857 1989 299 49 (Half-title:
1189 1990 103 39 The
1326 1989 198 41 Calvert
1558 1990 176 50 series)

351 2056 51 53 ©
434 2062 122 39 Mar.
584 2060 70 48 20,
685 2061 141 46 1928;
858 2060 67 41 2c.
956 2061 96 38 and
1082 2060 83 40 aff.
1195 2061 124 40 Mar.
1347 2060 83 47 21;
1462 2061 44 39 A
1532 2060 229 49 1068461;
1796 2062 283 39 Macmillan
2109 2073 69 30 co.

430 2117 281 50 (28-10407)

344 2212 253 62 Gordon,
631 2211 349 63 Genevieve,
1015 2212 82 53 ed.

413 2289 374 53 Dramatized
815 2289 444 68 salesmanship;
1289 2290 245 68 playlets
1563 2291 288 67 produced
1877 2291 75 69 by
1978 2292 97 52 the
342 2292 1983 129 Department

535 2366 1815 72 of education of L. Bamberger & co. … Newark, N. J.,
343 2446 1945 72 edited by Genevieve Gordon … and Clarice Runyan Young …
345 2524 139 54 New
512 2524 181 68 York,
720 2524 127 68 Dry
875 2524 178 68 goods
1080 2525 326 67 economist,
1438 2526 149 52 1928.

416 2608 80 48 vii,
530 2607 57 41 80
618 2619 43 37 p.
720 2607 130 41 illus.
909 2607 147 41 20½ᶜᵐ.

355 2659 51 53 ©
442 2665 115 47 Apr.
591 2664 39 47 3,
666 2663 118 40 1928;
844 2663 68 40 2c.
947 2664 114 46 Apr.
1096 2663 53 46 9;
1186 2663 84 41 aff.
1305 2663 115 48 Apr.
1455 2665 52 45 7;
1546 2664 41 38 A
1623 2664 230 48 1068836;
1892 2666 192 40 Textile
2120 2667 110 48 pub.
2266 2679 81 36 co.,

423 2722 117 39 New
576 2721 144 39 York.
792 2719 280 49 (28-10279)

348 2815 209 61 Grant,
590 2814 242 53 Robert.

424 2891 1930 72 Shorn! By Robert Grant … New York, E. P. Dutton &
349 2988 281 51 company
704 2973 152 64 [ᶜ1928]

422 3063 42 31 v.
491 3051 87 41 305
602 3063 43 37 p.
836 3085 8 9 19½ᶜᵐ.

358 3105 52 52 ©
440 3110 115 47 Apr.
585 3110 68 47 13,
684 3110 141 46 1928;
856 3110 69 40 2c.
955 3110 113 48 Apr.
1101 3111 82 46 13;
1217 3109 83 42 aff.
1331 3111 115 47 Apr.
1477 3111 82 47 16;
1592 3113 41 38 A
1662 3112 230 48 1068915;
1927 3115 53 39 E.
2011 3114 52 42 P.
2095 3114 189 41 Dutton
2315 3115 38 41 &

429 3178 67 30 co.
567 3166 281 49 (28-10298)

354 3259 245 64 Graves,
629 3260 241 64 Robert,
904 3264 172 49 1895-

428 3338 303 53 Lawrence
771 3340 113 52 and
924 3340 98 52 the
1060 3340 261 52 Arabian
1362 3342 331 68 adventure,
1731 3342 74 69 by
1847 3344 217 52 Robert
2104 3344 246 68 Graves;

357 3416 383 53 illustrations
767 3417 189 53 edited
984 3418 35 51 by
1089 3418 136 52 Eric
1254 3418 391 69 Kennington.
1713 3420 232 54 Garden
1977 3420 154 70 City,
2160 3424 69 52 N.
2262 3422 92 68 Y.,

357 3493 358 68 Doubleday,
747 3494 199 52 Doran
976 3496 47 50 &
1053 3513 299 50 company,
1384 3496 126 67 inc.,
1544 3501 151 50 1928.

430 3575 1179 49 5 p. l., 400 p. front., plates, ports. 22½ᶜᵐ.
361 3627 53 52 ©
447 3632 121 40 Mar.
598 3631 70 47 30,
701 3631 140 47 1928;
874 3632 69 41 2c.
974 3634 96 39 and
1101 3633 82 41 aff.
1216 3634 114 48 May
1361 3634 53 48 3;
1447 3636 42 38 A
1520 3635 229 49 1074328;
1785 3637 299 49 Doubleday,
2118 3639 166 39 Doran
2318 3640 36 40 &

430 3698 81 37 co.,
544 3687 91 41 inc.

354 3780 180 63 Gray,
567 3780 245 55 Charles
841 3782 256 64 Wright,
1129 3785 83 52 ed.

428 3857 158 68 Deep
620 3864 231 61 waters;
890 3879 72 33 an
996 3861 316 69 anthology
1346 3862 64 53 of
1443 3864 200 53 stories
1681 3864 64 53 of
1779 3866 96 52 the
1909 3885 111 49 sea,
2055 3867 190 53 edited
2280 3868 75 69 by

359 3933 1998 83 Charles Wright Gray … New York, H. Holt and company
363 4015 192 65 [ ᶜ1 928]
