2498 4384
1099 4069 134 56 1735

218 502 1118 50 2 v. illus. (part col.) plates, diagrs. 27 ᶜᵐ.
152 569 1999 54 bd. 2, © May 29, 1926; bd. 3. © Mar. 29, 1928; 1c. Sept. 19; A—Foreign
220 632 98 43 102,
346 631 85 41 103;
489 631 156 47 Georg
670 631 212 40 Thieme.

147 727 218 62 House,
396 723 193 65 Ralph
621 725 308 62 Emerson,
964 724 169 53 1873-

217 805 121 52 The
379 804 293 53 essentials
714 802 64 53 of
821 802 250 68 Spanish
1113 819 309 51 grammar,
1461 801 75 68 by
1579 801 68 52 R.
1691 801 67 51 E.
1801 800 198 53 House
2041 800 113 53 and

147 878 1733 71 E. K. Mapes … Iowa City, Ia. [Athens press] 1928.
302 963 186 48 111 p. 23½ ᶜᵐ.
155 1031 51 52 ©
242 1035 128 47 Sept.
464 1065 8 10 15,
505 1033 115 40 1928;
680 1032 67 41 2c.
781 1032 128 48 Sept.
941 1033 57 40 28;
1060 1031 82 41 aff.
1177 1031 104 41 Oct.
1313 1032 81 45 11;
1430 1031 43 39 A
1503 1030 141 45 1219;
1681 1030 55 41 R.
1772 1031 54 39 E.
1858 1030 167 40 House
2059 1030 95 38 and

224 1087 1424 51 Erwin Kempton Mapes, Iowa City. I a. (28-25481)
149 1184 391 62 Huddleston,
575 1182 210 64 Sisley,
825 1186 171 50 1883-

219 1261 253 53 Articles
505 1261 68 52 de
609 1260 196 65 Paris;
846 1278 31 34 a
911 1259 148 53 book
1095 1258 64 54 of
1194 1278 206 49 essays,
1436 1259 76 69 by
1550 1258 186 69 Sisley
1771 1258 385 52 Huddleston.

149 1339 139 53 New
323 1338 179 67 York,
534 1339 122 52 The
688 1337 337 53 Macmillan
1057 1354 299 51 company,
1391 1339 149 50 1928.

218 1420 674 51 xi, [1] p., 1 l. , 207 p. 19½ ᶜᵐ.
157 1488 51 52 ©
238 1492 102 40 Oct.
366 1491 71 47 30,
466 1490 116 41 1928;
635 1491 68 40 2c.
732 1491 95 39 and
856 1490 82 41 aff.
968 1490 102 41 Oct.
1097 1489 55 40 31;
1211 1490 42 38 A
1279 1489 86 40 347;
1425 1489 280 40 Macmillan
1736 1500 67 29 co.

234 1548 282 49 (28-25389)

153 1642 182 63 Huse,
371 1641 258 53 Howard
666 1639 253 57 Russell.

221 1719 1878 68 Essentials of written and spoken French, by H. R. Huse …
150 1797 1624 68 New York, Harcourt, Brace and company [ ᶜ1 928]
220 1879 84 49 xii,
334 1881 87 40 322
450 1891 45 37 p.
553 1879 164 48 front.,
748 1881 171 46 plates,
948 1881 123 46 port.
1131 1878 119 41 20ᶜᵐ.

159 1943 51 52 ©
246 1947 102 41 Oct.
381 1947 69 47 11,
484 1946 116 41 1928;
660 1948 70 39 2c.
762 1947 96 39 and
892 1946 83 41 aff.
1010 1946 103 40 Oct.
1146 1946 57 39 25;
1267 1946 41 39 A
1341 1946 114 39 1245;
1520 1946 261 47 Harcourt,
1818 1947 157 38 Brace
2009 1945 35 40 &
2078 1955 82 38 co.,

227 2004 91 41 inc.
386 2003 282 49 (28-25480)

156 2100 230 52 Hutten
420 2115 134 35 zum
588 2097 403 64 Stolzenberg,
1024 2098 223 63 Betsey
1277 2096 227 64 Riddle,
1536 2098 255 69 freifrau
1823 2113 133 38 von.

228 2176 257 69 Chapter
516 2175 335 70 forty-nine.

258 2260 60 38 (In
349 2255 322 52 Story-teller
705 2255 277 52 magazine,
1017 2255 132 51 May,
1187 2255 145 50 1928)

161 2312 2003 52 © 1c. June 12, 1928; A ad int. 11980; pubd. Apr. 16; Bettina von Hutten
228 2383 108 30 zum
370 2371 324 49 Stolzenberg,
729 2372 217 48 Chelsea,
981 2373 238 47 England.

154 2467 223 64 Irving,
420 2466 416 65 Washington,
881 2467 327 54 1783-1859.

225 2545 223 53 Letters
482 2543 152 54 from
669 2544 326 69 Sunnyside
1025 2545 114 52 and
1172 2543 202 69 Spain,
1404 2545 76 68 by
1511 2544 385 69 Washington
1928 2545 236 69 Irving;

157 2623 189 54 edited
375 2624 76 67 by
486 2622 238 69 Stanley
757 2623 65 52 T.
852 2622 306 55 Williams.
1235 2623 140 53 New
1407 2623 227 67 Haven,
1669 2623 144 53 Yale
1846 2623 321 69 university

158 2720 184 50 press;
378 2701 259 68 London,
670 2701 77 53 H.
781 2701 267 67 Milford,
1084 2700 232 56 Oxford
1347 2701 321 69 university
1702 2720 175 49 press,
1913 2705 152 50 1928.

227 2783 1137 51 vi p., 2 l., [3]-80 p. front., 2 facsim. 22½ ᶜᵐ.
165 2838 51 52 ©
247 2842 103 40 Oct.
378 2842 40 47 5,
446 2841 117 41 1928;
617 2842 69 40 2c.
715 2841 102 41 Oct.
847 2841 55 39 25;
961 2840 84 42 aff.
1074 2840 103 41 Oct.
1206 2841 57 38 24;
1323 2841 41 38 A
1391 2841 88 39 222;
1537 2842 121 39 Yale
1686 2841 130 40 univ.
1846 2852 151 37 press.

235 2894 69 55 [©
333 2898 211 48 preface,
573 2898 373 46 introductions,
975 2900 153 46 notes]
1198 2898 282 48 (28-25392)

159 2991 196 64 Irwin,
387 2991 257 54 William
677 2992 224 62 Henry,
936 2992 173 53 1873-

227 3071 122 52 The
373 3071 175 52 house
574 3070 127 52 that
727 3070 261 53 shadows
1014 3069 167 68 built,
1207 3070 78 69 by
1309 3070 144 54 Will
1479 3070 198 52 Irwin.
1754 3069 233 55 Garden
2018 3070 153 69 City,

159 3149 69 52 N.
265 3149 91 66 Y.,
391 3147 359 69 Doubleday,
783 3148 201 52 Doran
1018 3149 45 51 &
1098 3165 300 51 company,
1432 3147 128 68 inc.,
1596 3150 150 51 1928.

229 3229 1009 49 vii, 293 p. front., plates, ports. 24½ ᶜᵐ.
230 3288 102 39 The
369 3290 136 44 story
543 3287 51 40 of
630 3287 190 47 Adolph
859 3287 160 40 Zukor
1056 3287 95 39 and
1189 3287 84 40 the
1310 3286 98 41 rise
1444 3287 51 40 of
1532 3288 82 40 the
1653 3287 184 41 motion
1875 3287 191 48 picture
161 3287 1993 105 industry.

170 3397 51 52 ©
253 3401 103 41 Oct.
386 3402 68 40 11,
484 3401 115 40 1928;
658 3401 67 39 2c.
755 3401 95 39 and
880 3400 84 41 aff.
995 3400 103 41 Oct.
1127 3400 56 40 29;
1244 3402 41 38 A
1315 3401 114 40 1377;
1489 3401 300 48 Doubleday,
1823 3402 167 39 Doran
2021 3401 37 40 &
2088 3412 81 36 co.,

236 3458 91 41 inc.
395 3458 282 48 (28-25472)

164 3551 197 64 Jones,
393 3551 261 53 Thomas
687 3551 256 64 Samuel,
980 3556 172 50 1882-

233 3629 334 67 Akhnaton,
594 3629 113 53 and
733 3629 163 53 other
921 3635 244 62 sonnets,
1190 3630 78 67 by
1292 3630 249 52 Thomas
1570 3629 55 55 S.
1653 3630 193 67 Jones,
1870 3629 71 69 jr.
165 3631 1983 143 Portland,
347 3706 131 68 Me.,

507 3707 122 52 The
657 3707 232 53 Mosher
917 3726 175 48 press,
1124 3710 150 50 1928.

233 3790 745 49 4 p. l., 3-24, [1] p., 1 l. 15½ᶜᵐ.
237 3846 146 40 “Five
415 3847 222 39 hundred
670 3846 159 48 copies
862 3846 51 41 of
945 3846 99 41 this
1075 3847 123 40 book
1229 3847 125 39 have
1385 3847 120 39 been
1536 3847 193 48 printed
1764 3858 59 29 on
1856 3848 106 40 Van
1997 3848 174 40 Gelder

167 3913 148 37 paper
340 3902 52 40 in
419 3903 83 40 the
525 3904 168 38 month
722 3903 51 40 of
798 3903 191 46 August
1018 3902 325 41 MCMXXVIII.”

175 3955 51 53 ©
259 3959 126 49 Sept.
416 3959 69 43 29,
518 3959 116 42 1928;
690 3960 68 41 2c.
789 3961 96 39 and
917 3959 83 43 aff.
1031 3959 102 42 Oct.
1166 3960 27 40 8;
1252 3960 41 39 A
1323 3959 203 42 1054875;
1587 3960 52 42 T.
1674 3960 45 41 S.
1752 3961 162 47 Jones,
1946 3961 75 47 jr..
2055 3961 119 41 New

242 4017 144 40 York.
456 4017 279 48 (28-25382)
