2498 4384
1086 4093 104 50 493

207 489 363 49 267 p. 19½ ᶜᵐ .
210 548 129 40 “The
364 547 277 41 Antichrist
664 550 86 38 not
774 548 113 47 only
913 546 113 41 ‘will
1052 546 69 40 be’
1148 546 88 40 but
1261 546 43 40 is
1330 546 81 40 the
1437 547 128 47 Pope
1592 545 52 41 of
1669 545 298 41 Rome."—A
139 546 1995 107 prefatory
271 608 128 38 note.

143 658 51 53 ©
225 663 111 41 Jan.
362 663 41 48 2,
435 663 140 46 1928;
604 663 69 41 2c.
702 664 97 39 and
828 661 83 42 aff.
940 662 114 48 Apr.
1083 661 53 46 5;
1167 661 42 39 A
1239 660 231 47 1069610;
1503 660 51 42 L.
1585 661 51 41 L.
1666 661 206 43 Pickett.
1905 660 246 48 Wilmore,

211 721 91 47 Ky.
376 719 254 50 (28-9561)

134 800 315 65 Priestley,
479 801 261 53 Herbert
771 802 261 63 Ingram,
1067 800 173 54 1875-
1422 799 83 53 ed.
1536 800 116 53 and
1681 806 70 47 tr.

208 881 122 52 The
363 881 167 52 Luna
568 899 237 50 papers:
842 881 330 52 documents
1208 878 251 70 relating
1496 886 57 45 to
1589 879 96 52 the
1721 879 336 68 expedition
2090 878 66 54 of

135 961 134 52 Don
291 960 238 53 Tristan
554 961 69 52 de
646 960 165 52 Luna
829 978 37 49 y
883 959 277 52 Arellano
1188 959 94 52 for
1307 959 95 52 the
1427 963 269 63 conquest
1719 957 65 54 of
1807 958 84 52 La
1913 958 242 54 Florida

139 1036 2016 55 in 1559-1561. v. l. Translated and edited with an historical
138 1115 2018 70 introduction by Herbert Ingram Priestley … De Land, The
139 1195 239 53 Florida
415 1200 145 48 state
596 1194 296 54 historical
928 1194 231 68 society,
1198 1198 151 50 1928.

137 1276 2001 99 lxxiii. 271, [1] p. front. (port.) facsims. 250½ᶜᵐ. (Added t.-p : Publications
355 1335 51 40 of
434 1334 80 41 the
542 1334 199 41 Florida
770 1336 129 39 state
927 1334 255 41 historical
1211 1334 198 48 society,
1439 1346 75 29 no.
1543 1335 39 47 8,
1612 1335 92 40 vol.
1762 1336 14 46 I)

210 1392 183 39 “Three
430 1392 222 39 hundred
685 1393 95 38 and
816 1391 131 48 sixty
981 1391 160 48 copies
1177 1391 51 41 of
1262 1392 100 40 this
1397 1393 123 39 book
1554 1393 123 38 have
1712 1392 118 39 been
1864 1390 196 49 printed
2095 1393 59 47 by

138 1451 80 39 the
250 1450 119 40 Yale
401 1449 274 48 university
704 1459 137 38 press
871 1451 55 39 at
954 1451 81 38 the
1066 1449 220 49 printing
1315 1450 131 39 office
1476 1450 51 39 of
1558 1450 53 40 E.
1644 1450 51 39 L.
1726 1450 232 40 Hildreth
1990 1450 34 40 &
2057 1460 95 32 co.:

137 1509 307 46 typography
470 1508 62 47 by
561 1507 113 41 Carl
706 1507 271 48 Purington
1008 1507 235 41 Rollins.”

208 1564 294 48 Half-titles,
530 1564 145 41 index
701 1568 49 37 to
776 1565 134 40 titles
936 1565 51 39 of
1013 1566 299 45 documents,
1338 1566 96 39 and
1462 1567 106 38 text
1592 1565 51 40 in
1673 1564 211 50 Spanish
1910 1566 95 39 and
135 1566 2004 97 English.

206 1681 102 40 The
342 1682 195 47 greater
574 1683 110 46 part
721 1681 51 40 of
809 1681 110 40 “the
954 1682 286 39 documents
1275 1680 239 41 herewith
1550 1680 196 49 printed
1780 1692 85 29 are
1901 1682 255 48 gleanings

134 1738 130 41 from
293 1749 264 30 numerous
587 1739 285 40 bundles·in
904 1739 81 40 the
1017 1738 212 41 Archivo
1261 1740 198 47 general
1492 1740 57 40 de
1581 1739 170 41 Indias
1784 1742 52 39 at
1872 1739 285 42 Seville”.—

136 1796 131 41 Pref.

140 1850 51 53 ©
220 1856 122 39 Mar.
371 1854 69 48 13,
469 1854 141 46 1928;
639 1855 68 40 2c.
736 1856 122 39 Mar.
886 1855 83 46 19;
999 1853 83 43 aff.
1110 1855 115 48 Apr.
1253 1856 54 46 2;
1336 1855 42 39 A
1406 1854 231 48 1069575;
1671 1856 195 40 Florida

1900 1857 133 39 state
209 1855 1928 97 historical
414 1912 198 47 society.
683 1912 253 48 (28-9550)

130 1992 214 64 Raper,
373 1993 259 52 Howard
661 1992 188 65 Riley.

205 2070 392 53 Radiodontia
646 2070 223 69 (dental
907 2071 397 70 radiography
1341 2072 110 52 and
1495 2070 321 71 diagnosis)
1863 2072 293 69 questions

133 2149 2023 70 and answers, by Howard Riley Raper … Brooklyn, N. Y.,
133 2227 213 53 Dental
376 2227 167 54 items
572 2227 64 54 of
664 2228 236 54 interest
930 2228 340 70 publishing
1299 2247 98 49 co.,
1427 2229 150 53 1927.

203 2311 756 50 196 p. illus., diagrs. 25 ᶜᵐ .
205 2368 215 43 “Second
454 2368 229 43 edition.”

138 2421 52 53 ©
230 2426 113 41 Dec.
381 2425 69 49 15,
490 2426 114 40 1927
622 2437 9 32 ;
671 2427 68 40 2c.
778 2427 110 40 Jan.
928 2426 69 48 12,
1036 2426 142 41 1928:
1219 2425 84 42 aff.
1344 2427 112 40 Feb.
1494 2427 83 45 24;
1618 2427 42 39 A
1698 2427 230 42 1069096;
1970 2428 182 41 Dental

205 2483 144 41 items
380 2484 52 40 of
462 2483 208 41 interest
701 2484 110 49 pub.
842 2495 69 30 co.
984 2483 256 49 (28-9522)

131 2563 243 65 Robert,
408 2565 148 63 Roy.

205 2642 203 69 Elegy,
444 2642 76 68 by
558 2643 127 69 Roy
720 2642 233 54 Robert.
1029 2642 265 69 Atlanta,
1329 2643 68 53 E.
1436 2643 309 67 Hartsock,
1781 2644 121 53 The
1940 2646 217 51 Bozart

127 2723 396 65 press [ ᶜ19 28 ]
200 2804 760 50 2 p. l. , [3]-66 p. pl. 18½ᶜᵐ.
200 2862 186 40 Poems.

137 2913 51 53 ©
222 2918 115 48 Apr.
370 2919 39 46 2,
446 2918 141 46 1928;
622 2919 68 40 2c.
723 2919 97 39 and
854 2917 82 42 aff.
971 2918 115 48 Apr.
1119 2919 54 46 4;
1210 2919 43 39 A
1286 2918 232 48 1069584;
1557 2920 177 40 Ernest
1771 2920 262 40 Hartsock.

214 2975 254 50 (28-9579)

125 3055 355 63 Schemann,
513 3055 268 65 Ludwig,
818 3059 171 49 1852-

202 3133 111 55 Die
367 3154 153 34 rasse
572 3134 61 53 in
687 3135 108 53 den
850 3134 711 70 geisteswissenschaften;
1620 3136 228 54 Studien
1904 3155 103 35 zur
131 3156 1998 110 geschichte

420 3214 96 52 des
552 3213 543 68 rassengedankens,
1132 3233 112 33 von
1281 3215 248 69 Ludwig
1569 3214 338 55 Schemann.
132 3217 1997 140 München,
321 3292 55 53 J.
409 3293 65 51 F.
506 3292 317 67 Lehmann,
857 3295 150 51 1928.

226 3374 285 40 1 v. 23½ ᶜᵐ .
202 3429 418 49 Bibliographical
649 3431 281 41 foot-notes.

135 3483 2013 55 © Dec. 2, 1927; 1c. Feb. 11, 1928; A—Foreign 37170; J. F. Lehmanns
202 3546 180 47 verlag.
454 3544 254 49 (28-9300)

124 3622 328 65 Sedgwick,
482 3625 208 63 Henry
719 3624 264 65 Dwight,
1019 3629 172 50 1861-

197 3700 1950 75 La Fayette, by Henry Dwight Sedgwick … Indianapolis,
127 3778 1154 72 The Bobbs-Merrill company [ ᶜ19 28]
197 3863 1219 51 7, 433 p. front., plates, ports., map. 22½ ᶜᵐ .
198 3919 393 42 “Authorities”:
628 3931 43 38 p.
704 3921 221 42 421-424.

133 3972 51 53 ©
217 3976 122 41 Mar.
369 3975 71 47 30,
472 3976 141 49 1928;
645 3977 69 42 2c.
744 3977 115 49 Apr.
890 3978 54 48 2;
979 3978 83 43 aff.
1093 3978 116 49 Apr.
1240 3980 55 47 4;
1329 3979 42 42 A
1402 3979 231 49 1068745;
1669 3981 372 44 Bobbs-Merrill
2075 3994 69 30 co.

210 4032 255 50 (28-9567)
