<alto xmlns="http://www.loc.gov/standards/alto/ns-v3#" xmlns:xlink="http://www.w3.org/1999/xlink" xmlns:xsi="http://www.w3.org/2001/XMLSchema-instance" xsi:schemaLocation="http://www.loc.gov/standards/alto/ns-v3# http://www.loc.gov/alto/v3/alto-3-0.xsd"><Description>
<MeasurementUnit>pixel</MeasurementUnit>
<sourceImageInformation>
<fileName>1928_v25_part001.pdf</fileName>
</sourceImageInformation>
<OCRProcessing ID="IdOcr">
<ocrProcessingStep>
<processingDateTime>2019-04-12</processingDateTime>
<processingSoftware>
<softwareCreator>ABBYY</softwareCreator>
<softwareName>ABBYY Recognition Server</softwareName>
<softwareVersion>4.0</softwareVersion>
</processingSoftware>
</ocrProcessingStep>
</OCRProcessing>
</Description>
<Styles>
<ParagraphStyle ID="StyleId-FFFFFFFF-FFFF-FFFF-FFFF-FFFFFFFFFFFF-" ALIGN="Left" LEFT="0." RIGHT="0." FIRSTLINE="0."/>
<ParagraphStyle ID="StyleId-0ECAC0CE-E1F0-4C69-A1B9-95E16886343B-" ALIGN="Left" LEFT="0." RIGHT="0." FIRSTLINE="0." LINESPACE="8.300000191"/>
<ParagraphStyle ID="StyleId-5C6F7A30-EC6F-4250-A8D3-0AE106DCDB5D-" ALIGN="Left" LEFT="0." RIGHT="0." FIRSTLINE="-13." LINESPACE="11.22999954"/>
<ParagraphStyle ID="StyleId-B258737E-7AF8-4B71-A0BF-0A1420B951F9-" ALIGN="Left" LEFT="0." RIGHT="0." FIRSTLINE="-13." LINESPACE="8.210000038"/>
<ParagraphStyle ID="StyleId-35C0EFA5-E89E-4731-B16E-5D3895F12270-" ALIGN="Block" LEFT="0." RIGHT="0." FIRSTLINE="-12." LINESPACE="11.22999954"/>
<ParagraphStyle ID="StyleId-7BD1F9B4-14BB-4AAF-864B-FED8FEA7DC43-" ALIGN="Left" LEFT="0." RIGHT="0." FIRSTLINE="0."/>
<ParagraphStyle ID="StyleId-CD2DA0E5-536D-42AE-AE16-8D9F5C008D5A-" ALIGN="Block" LEFT="0." RIGHT="0." FIRSTLINE="-12." LINESPACE="10."/>
<ParagraphStyle ID="StyleId-AF408F88-EED5-4CE2-A229-3F852C18D9BD-" ALIGN="Block" LEFT="0." RIGHT="0." FIRSTLINE="-14." LINESPACE="10."/>
<ParagraphStyle ID="StyleId-829CD741-943D-4B7B-9638-57AB73DE2567-" ALIGN="Center" LEFT="0." RIGHT="0." FIRSTLINE="0." LINESPACE="9.399999619"/>
<ParagraphStyle ID="StyleId-B271BDFA-6037-4875-BA99-885A067668E9-" ALIGN="Left" LEFT="0." RIGHT="0." FIRSTLINE="-14." LINESPACE="11.21000004"/>
<ParagraphStyle ID="StyleId-64F9C1D8-EA12-4F65-AD18-B72A4C6B556F-" ALIGN="Center" LEFT="0." RIGHT="0." FIRSTLINE="0." LINESPACE="11.60000038"/>
<ParagraphStyle ID="StyleId-44DA2756-E57B-4EF3-9BA4-FC1C14776DE3-" ALIGN="Left" LEFT="0." RIGHT="0." FIRSTLINE="-12." LINESPACE="12.19999981"/>
<ParagraphStyle ID="StyleId-D1D9AF19-8CA6-4F74-9AEC-1B4545205AD7-" ALIGN="Center" LEFT="0." RIGHT="0." FIRSTLINE="0." LINESPACE="11.60000038"/>
<ParagraphStyle ID="StyleId-3ADA1556-6D19-417D-8046-68449BF368BA-" ALIGN="Left" LEFT="0." RIGHT="0." FIRSTLINE="-13." LINESPACE="12.19999981"/>
<ParagraphStyle ID="StyleId-7443A930-B325-44B5-9AB8-B42B4EC78C89-" ALIGN="Block" LEFT="0." RIGHT="0." FIRSTLINE="13." LINESPACE="8.619999886"/>
<ParagraphStyle ID="StyleId-C9A9E480-E448-4934-9AF8-3D252792E396-" ALIGN="Left" LEFT="0." RIGHT="0." FIRSTLINE="-12." LINESPACE="11.38000011"/>
<ParagraphStyle ID="StyleId-73039842-464C-49B9-9440-4C0D0E749DFE-" ALIGN="Center" LEFT="0." RIGHT="0." FIRSTLINE="0." LINESPACE="11.10000038"/>
<ParagraphStyle ID="StyleId-C51F6AC2-80DA-4C65-849C-6E2D5F548EA4-" ALIGN="Left" LEFT="0." RIGHT="0." FIRSTLINE="0." LINESPACE="7.699999809"/>
<ParagraphStyle ID="StyleId-494190D9-BDDC-4834-A745-6AF520F91CD0-" ALIGN="Block" LEFT="0." RIGHT="0." FIRSTLINE="-12." LINESPACE="11.22999954"/>
<ParagraphStyle ID="StyleId-68D39D31-3386-4B28-8C90-DA9420961D78-" ALIGN="Left" LEFT="0." RIGHT="0." FIRSTLINE="0." LINESPACE="11.60000038"/>
<ParagraphStyle ID="StyleId-DF0CE7C7-E73E-44FE-8867-C904BD7F3F42-" ALIGN="Block" LEFT="0." RIGHT="0." FIRSTLINE="0." LINESPACE="12.19999981"/>
</Styles>
<Layout>
<Page ID="Page2184" PHYSICAL_IMG_NR="2184" HEIGHT="4384" WIDTH="2498">
<TopMargin HEIGHT="392" WIDTH="2498" VPOS="0" HPOS="0">
</TopMargin>
<LeftMargin HEIGHT="3740" WIDTH="284" VPOS="392" HPOS="0">
</LeftMargin>
<RightMargin HEIGHT="3740" WIDTH="152" VPOS="392" HPOS="2346">
</RightMargin>
<BottomMargin HEIGHT="252" WIDTH="2498" VPOS="4132" HPOS="0">
</BottomMargin>
<PrintSpace HEIGHT="3740" WIDTH="2062" VPOS="392" HPOS="284">
<TextBlock ID="Page2184_Block1" HEIGHT="72" WIDTH="160" VPOS="4060" HPOS="1246" LANG="en-US" STYLEREFS="StyleId-34D2D913-FDDB-4C37-B300-AEC92FF56A58-">
<TextLine HEIGHT="51" WIDTH="139" VPOS="4070" HPOS="1256">
<String CONTENT="2184" HEIGHT="51" WIDTH="139" VPOS="4070" HPOS="1256"/>
</TextLine>
</TextBlock>
<TextBlock ID="Page2184_Block2" HEIGHT="3672" WIDTH="2062" VPOS="392" HPOS="284" CS="1" STYLEREFS="StyleId-7576061F-279C-4AE2-903A-8B2FB89833F3-">
<TextLine HEIGHT="67" WIDTH="996" VPOS="402" HPOS="300" STYLEREFS="StyleId-F1E26729-F80B-4594-9680-D545A1F3BB72-" LANG="fr">
<String CONTENT="Heydebrand," HEIGHT="65" WIDTH="416" VPOS="404" HPOS="300"/>
<SP HEIGHT="66" WIDTH="29" VPOS="403" HPOS="717"/>
<String CONTENT="Caroline" HEIGHT="56" WIDTH="270" VPOS="402" HPOS="747"/>
<SP HEIGHT="36" WIDTH="29" VPOS="419" HPOS="1018"/>
<String CONTENT="von," HEIGHT="49" WIDTH="131" VPOS="418" HPOS="1048"/>
<SP HEIGHT="46" WIDTH="30" VPOS="421" HPOS="1180"/>
<String CONTENT="ed." HEIGHT="54" WIDTH="85" VPOS="402" HPOS="1211"/>
</TextLine>
<TextLine HEIGHT="75" WIDTH="1948" VPOS="474" HPOS="364" STYLEREFS="StyleId-34D2D913-FDDB-4C37-B300-AEC92FF56A58-">
<String LANG="de" CONTENT="Der" HEIGHT="53" WIDTH="121" VPOS="482" HPOS="364"/>
<SP HEIGHT="33" WIDTH="26" VPOS="502" HPOS="486"/>
<String LANG="fr" CONTENT="sonne" HEIGHT="36" WIDTH="173" VPOS="499" HPOS="513"/>
<SP HEIGHT="52" WIDTH="27" VPOS="483" HPOS="687"/>
<String LANG="de" CONTENT="licht;" HEIGHT="68" WIDTH="170" VPOS="481" HPOS="715"/>
<SP HEIGHT="66" WIDTH="30" VPOS="483" HPOS="886"/>
<String LANG="fr" CONTENT="lesebuch" HEIGHT="54" WIDTH="261" VPOS="480" HPOS="917"/>
<SP HEIGHT="52" WIDTH="29" VPOS="480" HPOS="1179"/>
<String LANG="de" CONTENT="der" HEIGHT="52" WIDTH="102" VPOS="480" HPOS="1209"/>
<SP HEIGHT="53" WIDTH="27" VPOS="479" HPOS="1312"/>
<String LANG="de" CONTENT="Freien" HEIGHT="54" WIDTH="209" VPOS="477" HPOS="1340"/>
<SP HEIGHT="55" WIDTH="24" VPOS="477" HPOS="1550"/>
<String LANG="de" CONTENT="Waldorfschule" HEIGHT="57" WIDTH="473" VPOS="475" HPOS="1575"/>
<SP HEIGHT="55" WIDTH="31" VPOS="474" HPOS="2049"/>
<String LANG="de" CONTENT="f&#252;r" HEIGHT="54" WIDTH="101" VPOS="474" HPOS="2081"/>
<SP HEIGHT="53" WIDTH="26" VPOS="475" HPOS="2183"/>
<String LANG="de" CONTENT="das" HEIGHT="53" WIDTH="102" VPOS="475" HPOS="2210"/>
</TextLine>
<TextLine HEIGHT="74" WIDTH="2018" VPOS="553" HPOS="295" STYLEREFS="StyleId-34D2D913-FDDB-4C37-B300-AEC92FF56A58-" LANG="de" CS="1">
<String CONTENT="zweite" HEIGHT="53" WIDTH="197" VPOS="561" HPOS="295"/>
<SP HEIGHT="35" WIDTH="43" VPOS="579" HPOS="493"/>
<String CONTENT="und" HEIGHT="53" WIDTH="119" VPOS="560" HPOS="537"/>
<SP HEIGHT="53" WIDTH="50" VPOS="560" HPOS="657"/>
<String CONTENT="dritte" HEIGHT="53" WIDTH="179" VPOS="560" HPOS="708"/>
<SP HEIGHT="35" WIDTH="43" VPOS="578" HPOS="888"/>
<String CONTENT="Schuljahr;" HEIGHT="69" WIDTH="326" VPOS="558" HPOS="932"/>
<SP HEIGHT="49" WIDTH="51" VPOS="576" HPOS="1259"/>
<String CONTENT="mit" HEIGHT="53" WIDTH="109" VPOS="557" HPOS="1311"/>
<SP HEIGHT="47" WIDTH="47" VPOS="562" HPOS="1421"/>
<String CONTENT="einer" HEIGHT="53" WIDTH="155" VPOS="556" HPOS="1469"/>
<SP HEIGHT="35" WIDTH="47" VPOS="573" HPOS="1625"/>
<String CS="1" CONTENT="umschlagzeichnung," HEIGHT="70" WIDTH="600" VPOS="553" HPOS="1713"/>
</TextLine>
<TextLine HEIGHT="76" WIDTH="2018" VPOS="631" HPOS="296" STYLEREFS="StyleId-34D2D913-FDDB-4C37-B300-AEC92FF56A58-" LANG="de" CS="1">
<String CONTENT="4" HEIGHT="49" WIDTH="33" VPOS="643" HPOS="296"/>
<SP HEIGHT="49" WIDTH="24" VPOS="643" HPOS="330"/>
<String CONTENT="mehrfarbigen" HEIGHT="69" WIDTH="434" VPOS="638" HPOS="355"/>
<SP HEIGHT="34" WIDTH="26" VPOS="656" HPOS="790"/>
<String CONTENT="und" HEIGHT="52" WIDTH="120" VPOS="638" HPOS="817"/>
<SP HEIGHT="52" WIDTH="27" VPOS="638" HPOS="938"/>
<String CONTENT="4" HEIGHT="49" WIDTH="34" VPOS="641" HPOS="966"/>
<SP HEIGHT="49" WIDTH="26" VPOS="641" HPOS="1001"/>
<String CONTENT="schwarz-weiss" HEIGHT="55" WIDTH="443" VPOS="635" HPOS="1028"/>
<SP HEIGHT="35" WIDTH="29" VPOS="653" HPOS="1472"/>
<String CS="1" CONTENT="zeichnungen" HEIGHT="69" WIDTH="360" VPOS="633" HPOS="1537"/>
<SP HEIGHT="36" WIDTH="26" VPOS="650" HPOS="1898"/>
<String CONTENT="von" HEIGHT="36" WIDTH="113" VPOS="650" HPOS="1925"/>
<SP HEIGHT="55" WIDTH="27" VPOS="631" HPOS="2039"/>
<String CONTENT="kindern" HEIGHT="55" WIDTH="247" VPOS="631" HPOS="2067"/>
</TextLine>
<TextLine HEIGHT="139" WIDTH="1992" VPOS="711" HPOS="297" STYLEREFS="StyleId-34D2D913-FDDB-4C37-B300-AEC92FF56A58-" LANG="de" CS="1">
<String CONTENT="der" HEIGHT="52" WIDTH="100" VPOS="718" HPOS="297"/>
<SP HEIGHT="53" WIDTH="46" VPOS="717" HPOS="398"/>
<String CONTENT="Freien" HEIGHT="53" WIDTH="209" VPOS="717" HPOS="445"/>
<SP HEIGHT="54" WIDTH="43" VPOS="717" HPOS="655"/>
<String CONTENT="Waldorfschule," HEIGHT="67" WIDTH="488" VPOS="715" HPOS="699"/>
<SP HEIGHT="67" WIDTH="48" VPOS="715" HPOS="1188"/>
<String CONTENT="hrsg." HEIGHT="68" WIDTH="155" VPOS="715" HPOS="1237"/>
<SP HEIGHT="34" WIDTH="47" VPOS="732" HPOS="1393"/>
<String CONTENT="von" HEIGHT="35" WIDTH="114" VPOS="731" HPOS="1441"/>
<SP HEIGHT="56" WIDTH="47" VPOS="711" HPOS="1556"/>
<String CONTENT="Caroline" HEIGHT="56" WIDTH="273" VPOS="711" HPOS="1604"/>
<SP HEIGHT="35" WIDTH="43" VPOS="730" HPOS="1878"/>
<String CONTENT="von" HEIGHT="36" WIDTH="113" VPOS="729" HPOS="1922"/>
<SP HEIGHT="53" WIDTH="46" VPOS="711" HPOS="2036"/>
<String CONTENT="Heydebrand." HEIGHT="139" WIDTH="1991" VPOS="711" HPOS="298"/>
</TextLine>
<TextLine HEIGHT="75" WIDTH="1684" VPOS="790" HPOS="567" STYLEREFS="StyleId-34D2D913-FDDB-4C37-B300-AEC92FF56A58-" LANG="de" CS="1">
<String CONTENT="Stuttgart," HEIGHT="70" WIDTH="314" VPOS="795" HPOS="567"/>
<SP HEIGHT="70" WIDTH="26" VPOS="794" HPOS="882"/>
<String CONTENT="Waldorfschul-spielzeug" HEIGHT="70" WIDTH="759" VPOS="791" HPOS="909"/>
<SP HEIGHT="51" WIDTH="27" VPOS="810" HPOS="1669"/>
<String CONTENT="und" HEIGHT="54" WIDTH="119" VPOS="791" HPOS="1697"/>
<SP HEIGHT="54" WIDTH="31" VPOS="791" HPOS="1817"/>
<String CS="1" CONTENT="verlag," HEIGHT="71" WIDTH="178" VPOS="790" HPOS="1889"/>
<SP HEIGHT="65" WIDTH="31" VPOS="794" HPOS="2068"/>
<String CONTENT="1928." HEIGHT="52" WIDTH="151" VPOS="793" HPOS="2100"/>
</TextLine>
<TextLine HEIGHT="53" WIDTH="1196" VPOS="875" HPOS="369" CS="1">
<String LANG="de" CONTENT="2" HEIGHT="39" WIDTH="26" VPOS="880" HPOS="369"/>
<SP HEIGHT="48" WIDTH="26" VPOS="880" HPOS="396"/>
<String LANG="de" CONTENT="p." HEIGHT="38" WIDTH="45" VPOS="890" HPOS="423"/>
<SP HEIGHT="41" WIDTH="25" VPOS="880" HPOS="469"/>
<String LANG="de" CS="1" CONTENT="l.," HEIGHT="7" WIDTH="7" VPOS="912" HPOS="518"/>
<SP HEIGHT="40" WIDTH="27" VPOS="880" HPOS="541"/>
<String LANG="de" CONTENT="102" HEIGHT="40" WIDTH="85" VPOS="879" HPOS="569"/>
<SP HEIGHT="47" WIDTH="26" VPOS="880" HPOS="655"/>
<String LANG="de" CS="1" CONTENT="p.,"/>
<SP/>
<String LANG="de" CS="1" CONTENT="1"/>
<SP/>
<String LANG="de" CS="1" CONTENT="l."/>
<SP HEIGHT="37" WIDTH="56" VPOS="890" HPOS="856"/>
<String LANG="fr" CONTENT="plates" HEIGHT="48" WIDTH="159" VPOS="879" HPOS="913"/>
<SP HEIGHT="48" WIDTH="27" VPOS="877" HPOS="1073"/>
<String LANG="fr" CONTENT="(part" HEIGHT="49" WIDTH="137" VPOS="877" HPOS="1101"/>
<SP HEIGHT="38" WIDTH="27" VPOS="879" HPOS="1239"/>
<String LANG="fr" CONTENT="col.)" HEIGHT="48" WIDTH="113" VPOS="876" HPOS="1267"/>
<SP HEIGHT="48" WIDTH="64" VPOS="876" HPOS="1381"/>
<String LANG="fr" CONTENT="30" HEIGHT="42" WIDTH="59" VPOS="875" HPOS="1446"/>
<String LANG="en-US" CS="1" CONTENT="&#7580;&#7504;"/>
<String LANG="fr" CONTENT="." HEIGHT="9" WIDTH="10" VPOS="907" HPOS="1555"/>
</TextLine>
<TextLine HEIGHT="53" WIDTH="2009" VPOS="945" HPOS="309" CS="1">
<String LANG="fr" CONTENT="&#169;" HEIGHT="52" WIDTH="52" VPOS="945" HPOS="309"/>
<SP HEIGHT="52" WIDTH="33" VPOS="945" HPOS="362"/>
<String LANG="fr" CONTENT="Sept." HEIGHT="48" WIDTH="130" VPOS="950" HPOS="396"/>
<SP HEIGHT="40" WIDTH="30" VPOS="950" HPOS="527"/>
<String LANG="fr" CONTENT="4," HEIGHT="48" WIDTH="40" VPOS="950" HPOS="558"/>
<SP HEIGHT="49" WIDTH="33" VPOS="949" HPOS="599"/>
<String LANG="fr" CONTENT="1928;" HEIGHT="47" WIDTH="142" VPOS="949" HPOS="633"/>
<SP/>
<String LANG="fr" CS="1" CONTENT="1c."/>
<SP/>
<String LANG="fr" CONTENT="Nov." HEIGHT="40" WIDTH="119" VPOS="949" HPOS="910"/>
<SP HEIGHT="40" WIDTH="31" VPOS="949" HPOS="1030"/>
<String LANG="fr" CONTENT="20;" HEIGHT="49" WIDTH="83" VPOS="947" HPOS="1062"/>
<SP HEIGHT="48" WIDTH="34" VPOS="948" HPOS="1146"/>
<!-- cceid 2A9CE537-6CB2-1014-A20E-B9D6251C946A --><String LANG="fr" CONTENT="A&#8212;" HEIGHT="39" WIDTH="104" VPOS="948" HPOS="1181"/>
<String LANG="de" CONTENT="Foreign" HEIGHT="48" WIDTH="209" VPOS="946" HPOS="1287"/>
<SP HEIGHT="40" WIDTH="32" VPOS="946" HPOS="1497"/>
<String LANG="fr" CONTENT="840;" HEIGHT="49" WIDTH="112" VPOS="945" HPOS="1530"/>
<SP HEIGHT="48" WIDTH="35" VPOS="946" HPOS="1643"/>
<String LANG="de" CS="1" CONTENT="Waldorfschul-spielzeug" HEIGHT="48" WIDTH="639" VPOS="945" HPOS="1679"/>
</TextLine>
<TextLine HEIGHT="50" WIDTH="631" VPOS="1005" HPOS="377" LANG="de">
<String CONTENT="und" HEIGHT="39" WIDTH="100" VPOS="1008" HPOS="377"/>
<SP HEIGHT="39" WIDTH="26" VPOS="1008" HPOS="478"/>
<String CONTENT="verlag." HEIGHT="48" WIDTH="182" VPOS="1007" HPOS="505"/>
<SP HEIGHT="48" WIDTH="66" VPOS="1007" HPOS="688"/>
<String CONTENT="(29-1670)" HEIGHT="50" WIDTH="253" VPOS="1005" HPOS="755"/>
</TextLine>
<TextLine HEIGHT="64" WIDTH="464" VPOS="1101" HPOS="301" STYLEREFS="StyleId-F1E26729-F80B-4594-9680-D545A1F3BB72-" LANG="de">
<String CONTENT="Hodann," HEIGHT="64" WIDTH="271" VPOS="1101" HPOS="301"/>
<SP HEIGHT="64" WIDTH="32" VPOS="1101" HPOS="573"/>
<String CONTENT="Max." HEIGHT="54" WIDTH="159" VPOS="1101" HPOS="606"/>
</TextLine>
<TextLine HEIGHT="71" WIDTH="1944" VPOS="1176" HPOS="375" STYLEREFS="StyleId-34D2D913-FDDB-4C37-B300-AEC92FF56A58-" LANG="de" CS="1">
<String CONTENT="Sexualelend" HEIGHT="56" WIDTH="380" VPOS="1178" HPOS="375"/>
<SP HEIGHT="51" WIDTH="29" VPOS="1181" HPOS="756"/>
<String CONTENT="und" HEIGHT="52" WIDTH="118" VPOS="1180" HPOS="786"/>
<SP HEIGHT="53" WIDTH="32" VPOS="1180" HPOS="905"/>
<String CS="1" CONTENT="sexualberatung;" HEIGHT="69" WIDTH="483" VPOS="1178" HPOS="938"/>
<SP HEIGHT="66" WIDTH="33" VPOS="1178" HPOS="1449"/>
<String CONTENT="briefe" HEIGHT="55" WIDTH="186" VPOS="1176" HPOS="1483"/>
<SP HEIGHT="35" WIDTH="32" VPOS="1196" HPOS="1670"/>
<String CONTENT="aus" HEIGHT="35" WIDTH="101" VPOS="1196" HPOS="1703"/>
<SP HEIGHT="53" WIDTH="32" VPOS="1178" HPOS="1805"/>
<String CONTENT="der" HEIGHT="53" WIDTH="101" VPOS="1178" HPOS="1838"/>
<SP HEIGHT="50" WIDTH="29" VPOS="1196" HPOS="1940"/>
<String LANG="en-US" CONTENT="praxis" HEIGHT="68" WIDTH="200" VPOS="1178" HPOS="1970"/>
<SP HEIGHT="35" WIDTH="33" VPOS="1196" HPOS="2171"/>
<String CONTENT="von" HEIGHT="35" WIDTH="114" VPOS="1195" HPOS="2205"/>
</TextLine>
<TextLine HEIGHT="71" WIDTH="2011" VPOS="1254" HPOS="304" STYLEREFS="StyleId-34D2D913-FDDB-4C37-B300-AEC92FF56A58-" LANG="de" CS="1">
<String CONTENT="dr." HEIGHT="52" WIDTH="84" VPOS="1259" HPOS="304"/>
<SP HEIGHT="53" WIDTH="34" VPOS="1258" HPOS="389"/>
<String CONTENT="Max" HEIGHT="52" WIDTH="141" VPOS="1258" HPOS="424"/>
<SP HEIGHT="52" WIDTH="30" VPOS="1258" HPOS="566"/>
<String CONTENT="Hodann" HEIGHT="53" WIDTH="255" VPOS="1258" HPOS="597"/>
<SP HEIGHT="33" WIDTH="39" VPOS="1277" HPOS="853"/>
<String CS="1" CONTENT="&#8230;"/>
<SP HEIGHT="53" WIDTH="74" VPOS="1257" HPOS="949"/>
<String CONTENT="Kudolstadt," HEIGHT="69" WIDTH="370" VPOS="1256" HPOS="1024"/>
<SP HEIGHT="69" WIDTH="31" VPOS="1256" HPOS="1395"/>
<String CONTENT="Th&#252;r.," HEIGHT="69" WIDTH="200" VPOS="1256" HPOS="1427"/>
<SP HEIGHT="71" WIDTH="33" VPOS="1254" HPOS="1628"/>
<String CONTENT="Greifenverlag," HEIGHT="71" WIDTH="466" VPOS="1254" HPOS="1662"/>
<SP HEIGHT="65" WIDTH="34" VPOS="1260" HPOS="2129"/>
<String CONTENT="1928." HEIGHT="51" WIDTH="151" VPOS="1258" HPOS="2164"/>
</TextLine>
<TextLine HEIGHT="51" WIDTH="393" VPOS="1339" HPOS="367" STYLEREFS="StyleId-34D2D913-FDDB-4C37-B300-AEC92FF56A58-" LANG="de" CS="1">
<String CONTENT="301," HEIGHT="50" WIDTH="101" VPOS="1339" HPOS="367"/>
<SP HEIGHT="30" WIDTH="38" VPOS="1360" HPOS="469"/>
<String CONTENT="[1]" HEIGHT="50" WIDTH="54" VPOS="1340" HPOS="508"/>
<SP HEIGHT="40" WIDTH="35" VPOS="1350" HPOS="563"/>
<String CONTENT="p." HEIGHT="39" WIDTH="44" VPOS="1350" HPOS="599"/>
<SP HEIGHT="41" WIDTH="58" VPOS="1340" HPOS="644"/>
<String CONTENT="23" HEIGHT="41" WIDTH="57" VPOS="1340" HPOS="703"/>
<String STYLE="superscript" CS="1" CONTENT="&#7580;&#7504;."/>
</TextLine>
<TextLine HEIGHT="50" WIDTH="1945" VPOS="1409" HPOS="372" LANG="de" CS="1">
<String CONTENT="&#8220;Die" HEIGHT="40" WIDTH="121" VPOS="1410" HPOS="372"/>
<SP HEIGHT="40" WIDTH="24" VPOS="1410" HPOS="494"/>
<String CONTENT="briefe" HEIGHT="42" WIDTH="158" VPOS="1409" HPOS="519"/>
<SP HEIGHT="30" WIDTH="27" VPOS="1421" HPOS="678"/>
<String CONTENT="sind" HEIGHT="40" WIDTH="109" VPOS="1411" HPOS="706"/>
<SP HEIGHT="39" WIDTH="27" VPOS="1411" HPOS="816"/>
<String CONTENT="s&#228;mtlich" HEIGHT="40" WIDTH="228" VPOS="1410" HPOS="844"/>
<SP HEIGHT="39" WIDTH="27" VPOS="1410" HPOS="1073"/>
<String CONTENT="in" HEIGHT="39" WIDTH="52" VPOS="1410" HPOS="1101"/>
<SP HEIGHT="39" WIDTH="26" VPOS="1410" HPOS="1154"/>
<String CONTENT="dem" HEIGHT="40" WIDTH="109" VPOS="1410" HPOS="1181"/>
<SP HEIGHT="29" WIDTH="29" VPOS="1420" HPOS="1291"/>
<String CS="1" CONTENT="wortlaut" HEIGHT="40" WIDTH="187" VPOS="1410" HPOS="1368"/>
<SP HEIGHT="39" WIDTH="28" VPOS="1411" HPOS="1556"/>
<String CONTENT="wiedergegeben," HEIGHT="50" WIDTH="410" VPOS="1409" HPOS="1585"/>
<SP HEIGHT="49" WIDTH="29" VPOS="1410" HPOS="1996"/>
<String CONTENT="in" HEIGHT="39" WIDTH="52" VPOS="1410" HPOS="2026"/>
<SP HEIGHT="39" WIDTH="28" VPOS="1411" HPOS="2079"/>
<String CONTENT="dem" HEIGHT="39" WIDTH="107" VPOS="1411" HPOS="2108"/>
<SP HEIGHT="31" WIDTH="29" VPOS="1420" HPOS="2216"/>
<String CONTENT="sie" HEIGHT="41" WIDTH="71" VPOS="1410" HPOS="2246"/>
</TextLine>
<TextLine HEIGHT="49" WIDTH="1069" VPOS="1466" HPOS="299" LANG="de">
<String CONTENT="geschrieben" HEIGHT="48" WIDTH="313" VPOS="1467" HPOS="299"/>
<SP HEIGHT="29" WIDTH="34" VPOS="1478" HPOS="613"/>
<String CONTENT="wurden.&#8221;&#8212;Vorbemerkung." HEIGHT="49" WIDTH="720" VPOS="1466" HPOS="648"/>
</TextLine>
<TextLine HEIGHT="107" WIDTH="2003" VPOS="1536" HPOS="301" STYLEREFS="StyleId-09FF0EEA-0812-461C-AF66-39D3D7252406-" LANG="de" CS="1">
<String CS="1" CONTENT="CONTENTS."/>
<SP HEIGHT="17" WIDTH="15" VPOS="1560" HPOS="648"/>
<String CONTENT="&#8212;" HEIGHT="5" WIDTH="61" VPOS="1560" HPOS="664"/>
<SP HEIGHT="39" WIDTH="13" VPOS="1537" HPOS="726"/>
<String CONTENT="Pubert&#228;tswirren." HEIGHT="41" WIDTH="461" VPOS="1537" HPOS="740"/>
<SP HEIGHT="18" WIDTH="14" VPOS="1560" HPOS="1202"/>
<String CONTENT="&#8212;" HEIGHT="5" WIDTH="62" VPOS="1560" HPOS="1217"/>
<SP HEIGHT="39" WIDTH="13" VPOS="1538" HPOS="1280"/>
<String CONTENT="Was" HEIGHT="40" WIDTH="117" VPOS="1538" HPOS="1294"/>
<SP HEIGHT="38" WIDTH="38" VPOS="1540" HPOS="1412"/>
<String CONTENT="tun" HEIGHT="38" WIDTH="88" VPOS="1540" HPOS="1451"/>
<SP HEIGHT="41" WIDTH="10" VPOS="1536" HPOS="1540"/>
<String CONTENT="?" HEIGHT="41" WIDTH="18" VPOS="1536" HPOS="1551"/>
<SP HEIGHT="41" WIDTH="13" VPOS="1536" HPOS="1570"/>
<String CONTENT="&#8212;" HEIGHT="6" WIDTH="62" VPOS="1560" HPOS="1584"/>
<SP HEIGHT="39" WIDTH="13" VPOS="1538" HPOS="1647"/>
<String CONTENT="Monatsblutung." HEIGHT="49" WIDTH="421" VPOS="1537" HPOS="1661"/>
<SP HEIGHT="18" WIDTH="15" VPOS="1560" HPOS="2083"/>
<String CONTENT="&#8212;" HEIGHT="6" WIDTH="60" VPOS="1560" HPOS="2099"/>
<SP HEIGHT="39" WIDTH="14" VPOS="1537" HPOS="2160"/>
<String CONTENT="Fragliches," HEIGHT="106" WIDTH="2003" VPOS="1537" HPOS="301"/>
</TextLine>
<TextLine HEIGHT="50" WIDTH="1788" VPOS="1594" HPOS="537" STYLEREFS="StyleId-09FF0EEA-0812-461C-AF66-39D3D7252406-" LANG="de" CS="1">
<String CS="1" CONTENT="schwierigkeiten" HEIGHT="49" WIDTH="396" VPOS="1594" HPOS="537"/>
<SP HEIGHT="29" WIDTH="42" VPOS="1605" HPOS="934"/>
<String CONTENT="und" HEIGHT="39" WIDTH="98" VPOS="1595" HPOS="977"/>
<SP HEIGHT="40" WIDTH="41" VPOS="1595" HPOS="1076"/>
<String CS="1" CONTENT="st&#246;rungen" HEIGHT="47" WIDTH="240" VPOS="1595" HPOS="1144"/>
<SP HEIGHT="39" WIDTH="42" VPOS="1595" HPOS="1385"/>
<String CONTENT="der" HEIGHT="39" WIDTH="85" VPOS="1595" HPOS="1428"/>
<SP HEIGHT="39" WIDTH="42" VPOS="1595" HPOS="1514"/>
<String CONTENT="k&#246;rperlichen" HEIGHT="49" WIDTH="343" VPOS="1594" HPOS="1557"/>
<SP HEIGHT="31" WIDTH="39" VPOS="1605" HPOS="1901"/>
<String CS="1" CONTENT="verbindung.&#8212;" HEIGHT="49" WIDTH="351" VPOS="1595" HPOS="1974"/>
</TextLine>
<TextLine HEIGHT="105" WIDTH="1996" VPOS="1651" HPOS="302" STYLEREFS="StyleId-09FF0EEA-0812-461C-AF66-39D3D7252406-" LANG="de" CS="1">
<String CONTENT="Schwangerschaftsangst." HEIGHT="49" WIDTH="649" VPOS="1651" HPOS="303"/>
<SP HEIGHT="17" WIDTH="26" VPOS="1675" HPOS="953"/>
<String CONTENT="&#8212;" HEIGHT="4" WIDTH="60" VPOS="1675" HPOS="980"/>
<SP HEIGHT="39" WIDTH="25" VPOS="1652" HPOS="1041"/>
<String CONTENT="Psychische" HEIGHT="47" WIDTH="295" VPOS="1652" HPOS="1067"/>
<SP HEIGHT="38" WIDTH="55" VPOS="1653" HPOS="1363"/>
<String CONTENT="liebesschwierigkeiten." HEIGHT="50" WIDTH="595" VPOS="1651" HPOS="1419"/>
<SP HEIGHT="17" WIDTH="25" VPOS="1676" HPOS="2015"/>
<String CONTENT="&#8212;" HEIGHT="5" WIDTH="62" VPOS="1676" HPOS="2041"/>
<SP HEIGHT="39" WIDTH="26" VPOS="1654" HPOS="2104"/>
<String CONTENT="Abtreibung.&#8212;" HEIGHT="104" WIDTH="1996" VPOS="1652" HPOS="302"/>
<SP HEIGHT="39" WIDTH="13" VPOS="1708" HPOS="523"/>
<String CONTENT="Die" HEIGHT="40" WIDTH="91" VPOS="1708" HPOS="537"/>
</TextLine>
<TextLine HEIGHT="49" WIDTH="1650" VPOS="1708" HPOS="671" STYLEREFS="StyleId-09FF0EEA-0812-461C-AF66-39D3D7252406-" LANG="de">
<String CONTENT="tragik" HEIGHT="48" WIDTH="164" VPOS="1709" HPOS="671"/>
<SP HEIGHT="48" WIDTH="41" VPOS="1709" HPOS="836"/>
<String CONTENT="gleichgeslechtlich" HEIGHT="48" WIDTH="476" VPOS="1709" HPOS="878"/>
<SP HEIGHT="41" WIDTH="41" VPOS="1709" HPOS="1355"/>
<String CONTENT="empfindender." HEIGHT="49" WIDTH="377" VPOS="1708" HPOS="1397"/>
<SP HEIGHT="17" WIDTH="15" VPOS="1732" HPOS="1775"/>
<String CONTENT="&#8212;" HEIGHT="5" WIDTH="61" VPOS="1732" HPOS="1791"/>
<SP HEIGHT="39" WIDTH="14" VPOS="1710" HPOS="1853"/>
<String CONTENT="Einsamkeit" HEIGHT="42" WIDTH="309" VPOS="1709" HPOS="1868"/>
<SP HEIGHT="38" WIDTH="44" VPOS="1713" HPOS="2178"/>
<String CONTENT="und" HEIGHT="40" WIDTH="98" VPOS="1710" HPOS="2223"/>
</TextLine>
<TextLine HEIGHT="50" WIDTH="1044" VPOS="1765" HPOS="327" STYLEREFS="StyleId-09FF0EEA-0812-461C-AF66-39D3D7252406-" LANG="de" CS="1">
<String CS="1" CONTENT="sexualit&#228;t.&#8212;Der" HEIGHT="42" WIDTH="423" VPOS="1765" HPOS="327"/>
<SP HEIGHT="40" WIDTH="29" VPOS="1766" HPOS="751"/>
<String CONTENT="druck" HEIGHT="40" WIDTH="154" VPOS="1766" HPOS="781"/>
<SP HEIGHT="40" WIDTH="29" VPOS="1766" HPOS="936"/>
<String CONTENT="der" HEIGHT="39" WIDTH="87" VPOS="1767" HPOS="966"/>
<SP HEIGHT="30" WIDTH="28" VPOS="1777" HPOS="1054"/>
<String CS="1" CONTENT="vererbung." HEIGHT="49" WIDTH="256" VPOS="1766" HPOS="1115"/>
</TextLine>
<TextLine HEIGHT="55" WIDTH="1701" VPOS="1832" HPOS="315" LANG="de">
<String CONTENT="&#169;" HEIGHT="52" WIDTH="53" VPOS="1832" HPOS="315"/>
<SP HEIGHT="52" WIDTH="25" VPOS="1832" HPOS="369"/>
<String LANG="en-US" CONTENT="July" HEIGHT="48" WIDTH="119" VPOS="1836" HPOS="395"/>
<SP HEIGHT="48" WIDTH="25" VPOS="1836" HPOS="515"/>
<String CONTENT="8," HEIGHT="48" WIDTH="40" VPOS="1836" HPOS="541"/>
<SP HEIGHT="47" WIDTH="25" VPOS="1837" HPOS="582"/>
<String CONTENT="1928;" HEIGHT="48" WIDTH="142" VPOS="1836" HPOS="608"/>
<SP HEIGHT="46" WIDTH="30" VPOS="1838" HPOS="751"/>
<String CONTENT="1c." HEIGHT="39" WIDTH="67" VPOS="1838" HPOS="782"/>
<SP HEIGHT="40" WIDTH="27" VPOS="1837" HPOS="850"/>
<String CONTENT="Nov." HEIGHT="40" WIDTH="118" VPOS="1837" HPOS="878"/>
<SP HEIGHT="40" WIDTH="27" VPOS="1837" HPOS="997"/>
<String CONTENT="20;" HEIGHT="49" WIDTH="84" VPOS="1836" HPOS="1025"/>
<SP HEIGHT="47" WIDTH="28" VPOS="1838" HPOS="1110"/>
<!-- cceid 2A9CE934-6CB2-1014-A20E-B9D6251C946A --><String LANG="en-US" CONTENT="A" HEIGHT="39" WIDTH="44" VPOS="1838" HPOS="1139"/>
<String CONTENT="&#8212;Foreign" HEIGHT="49" WIDTH="272" VPOS="1837" HPOS="1183"/>
<SP HEIGHT="41" WIDTH="26" VPOS="1837" HPOS="1456"/>
<String CONTENT="888;" HEIGHT="48" WIDTH="112" VPOS="1837" HPOS="1483"/>
<SP HEIGHT="47" WIDTH="32" VPOS="1838" HPOS="1596"/>
<String CONTENT="Greifenverlag." HEIGHT="49" WIDTH="387" VPOS="1838" HPOS="1629"/>
</TextLine>
<TextLine HEIGHT="51" WIDTH="254" VPOS="1892" HPOS="389" LANG="de">
<String CONTENT="(20-4790)" HEIGHT="51" WIDTH="254" VPOS="1892" HPOS="389"/>
</TextLine>
<TextLine HEIGHT="66" WIDTH="416" VPOS="1988" HPOS="307" STYLEREFS="StyleId-F1E26729-F80B-4594-9680-D545A1F3BB72-" LANG="de">
<String CONTENT="Horn," HEIGHT="66" WIDTH="185" VPOS="1988" HPOS="307"/>
<SP HEIGHT="64" WIDTH="31" VPOS="1990" HPOS="493"/>
<String CONTENT="Erich." HEIGHT="54" WIDTH="198" VPOS="1989" HPOS="525"/>
</TextLine>
<TextLine HEIGHT="133" WIDTH="1995" VPOS="2068" HPOS="306" STYLEREFS="StyleId-34D2D913-FDDB-4C37-B300-AEC92FF56A58-" LANG="de" CS="1">
<String CONTENT="Die" HEIGHT="54" WIDTH="111" VPOS="2068" HPOS="373"/>
<SP HEIGHT="51" WIDTH="30" VPOS="2071" HPOS="485"/>
<String CONTENT="&#246;konomischen" HEIGHT="54" WIDTH="440" VPOS="2068" HPOS="516"/>
<SP HEIGHT="50" WIDTH="27" VPOS="2089" HPOS="957"/>
<String CONTENT="grenzen" HEIGHT="51" WIDTH="246" VPOS="2088" HPOS="985"/>
<SP HEIGHT="52" WIDTH="30" VPOS="2072" HPOS="1232"/>
<String CONTENT="der" HEIGHT="52" WIDTH="100" VPOS="2072" HPOS="1263"/>
<SP HEIGHT="50" WIDTH="30" VPOS="2090" HPOS="1364"/>
<String CONTENT="gemeinwirtschaft;" HEIGHT="70" WIDTH="583" VPOS="2070" HPOS="1395"/>
<SP HEIGHT="47" WIDTH="33" VPOS="2092" HPOS="1979"/>
<String CONTENT="eine" HEIGHT="55" WIDTH="125" VPOS="2072" HPOS="2013"/>
<SP HEIGHT="35" WIDTH="29" VPOS="2092" HPOS="2139"/>
<String CONTENT="wirtschaftstheoretische" HEIGHT="129" WIDTH="1995" VPOS="2072" HPOS="306"/>
</TextLine>
<TextLine HEIGHT="70" WIDTH="1332" VPOS="2148" HPOS="994" STYLEREFS="StyleId-34D2D913-FDDB-4C37-B300-AEC92FF56A58-" LANG="de" CS="1">
<String CS="1" CONTENT="untersuchung" HEIGHT="68" WIDTH="392" VPOS="2150" HPOS="994"/>
<SP HEIGHT="66" WIDTH="47" VPOS="2152" HPOS="1387"/>
<String CONTENT="&#252;ber" HEIGHT="55" WIDTH="139" VPOS="2148" HPOS="1435"/>
<SP HEIGHT="53" WIDTH="47" VPOS="2151" HPOS="1575"/>
<String CONTENT="die" HEIGHT="55" WIDTH="94" VPOS="2150" HPOS="1623"/>
<SP HEIGHT="55" WIDTH="50" VPOS="2150" HPOS="1718"/>
<String CONTENT="durchf&#252;hrbarkeit" HEIGHT="55" WIDTH="557" VPOS="2149" HPOS="1769"/>
</TextLine>
<TextLine HEIGHT="74" WIDTH="2021" VPOS="2225" HPOS="306" STYLEREFS="StyleId-34D2D913-FDDB-4C37-B300-AEC92FF56A58-" LANG="de" CS="1">
<String CONTENT="des" HEIGHT="53" WIDTH="95" VPOS="2226" HPOS="306"/>
<SP HEIGHT="34" WIDTH="29" VPOS="2245" HPOS="402"/>
<String CS="1" CONTENT="sozialismus," HEIGHT="70" WIDTH="343" VPOS="2225" HPOS="461"/>
<SP HEIGHT="49" WIDTH="31" VPOS="2246" HPOS="805"/>
<String CONTENT="von" HEIGHT="35" WIDTH="111" VPOS="2245" HPOS="837"/>
<SP HEIGHT="53" WIDTH="29" VPOS="2228" HPOS="949"/>
<String CONTENT="dr." HEIGHT="53" WIDTH="84" VPOS="2228" HPOS="979"/>
<SP HEIGHT="54" WIDTH="32" VPOS="2227" HPOS="1064"/>
<String CONTENT="Erich" HEIGHT="54" WIDTH="179" VPOS="2227" HPOS="1097"/>
<SP HEIGHT="53" WIDTH="29" VPOS="2228" HPOS="1277"/>
<String CONTENT="Horn." HEIGHT="53" WIDTH="185" VPOS="2228" HPOS="1307"/>
<SP HEIGHT="51" WIDTH="74" VPOS="2230" HPOS="1493"/>
<String CONTENT="Halberstadt," HEIGHT="69" WIDTH="400" VPOS="2230" HPOS="1568"/>
<SP HEIGHT="69" WIDTH="28" VPOS="2230" HPOS="1969"/>
<String CONTENT="H." HEIGHT="53" WIDTH="79" VPOS="2230" HPOS="1998"/>
<SP HEIGHT="53" WIDTH="31" VPOS="2230" HPOS="2078"/>
<String CONTENT="Mever," HEIGHT="69" WIDTH="217" VPOS="2230" HPOS="2110"/>
</TextLine>
<TextLine HEIGHT="50" WIDTH="151" VPOS="2307" HPOS="308" STYLEREFS="StyleId-34D2D913-FDDB-4C37-B300-AEC92FF56A58-" LANG="de">
<String CONTENT="1928." HEIGHT="50" WIDTH="151" VPOS="2307" HPOS="308"/>
</TextLine>
<TextLine HEIGHT="49" WIDTH="282" VPOS="2386" HPOS="415" LANG="de" CS="1">
<String CS="1" CONTENT="x," HEIGHT="16" WIDTH="9" VPOS="2419" HPOS="415"/>
<SP HEIGHT="48" WIDTH="26" VPOS="2387" HPOS="425"/>
<String CONTENT="78" HEIGHT="42" WIDTH="56" VPOS="2386" HPOS="452"/>
<SP HEIGHT="49" WIDTH="26" VPOS="2386" HPOS="509"/>
<String CONTENT="p." HEIGHT="38" WIDTH="43" VPOS="2397" HPOS="536"/>
<SP HEIGHT="42" WIDTH="58" VPOS="2386" HPOS="580"/>
<String CONTENT="24" HEIGHT="41" WIDTH="58" VPOS="2386" HPOS="639"/>
<String STYLE="superscript" CS="1" CONTENT="&#7580;&#7504;."/>
</TextLine>
<TextLine HEIGHT="50" WIDTH="928" VPOS="2458" HPOS="379" LANG="de" CS="1">
<String CS="1" CONTENT="&#8220;Literatur-verzeichnis&#8221;:" HEIGHT="42" WIDTH="632" VPOS="2458" HPOS="379"/>
<SP HEIGHT="38" WIDTH="31" VPOS="2470" HPOS="1042"/>
<String CONTENT="p." HEIGHT="38" WIDTH="42" VPOS="2470" HPOS="1074"/>
<SP HEIGHT="42" WIDTH="29" VPOS="2459" HPOS="1117"/>
<String CONTENT="69-73." HEIGHT="42" WIDTH="160" VPOS="2459" HPOS="1147"/>
</TextLine>
<TextLine HEIGHT="111" WIDTH="1991" VPOS="2525" HPOS="317" LANG="de" CS="1">
<String CONTENT="&#169;" HEIGHT="52" WIDTH="52" VPOS="2525" HPOS="317"/>
<SP HEIGHT="52" WIDTH="24" VPOS="2525" HPOS="370"/>
<String CONTENT="Mar." HEIGHT="40" WIDTH="123" VPOS="2531" HPOS="395"/>
<SP HEIGHT="41" WIDTH="22" VPOS="2530" HPOS="519"/>
<String CONTENT="3," HEIGHT="48" WIDTH="40" VPOS="2530" HPOS="542"/>
<SP HEIGHT="46" WIDTH="24" VPOS="2532" HPOS="583"/>
<String CS="1" CONTENT="1928;" HEIGHT="41" WIDTH="115" VPOS="2530" HPOS="608"/>
<SP HEIGHT="46" WIDTH="27" VPOS="2531" HPOS="750"/>
<String CONTENT="1c." HEIGHT="41" WIDTH="65" VPOS="2531" HPOS="778"/>
<SP HEIGHT="41" WIDTH="24" VPOS="2531" HPOS="844"/>
<String CONTENT="June" HEIGHT="40" WIDTH="127" VPOS="2531" HPOS="869"/>
<SP HEIGHT="38" WIDTH="24" VPOS="2533" HPOS="997"/>
<String CS="1" CONTENT="13;" HEIGHT="40" WIDTH="53" VPOS="2531" HPOS="1022"/>
<SP HEIGHT="46" WIDTH="26" VPOS="2532" HPOS="1104"/>
<!-- cceid 2A9CECEB-6CB2-1014-A20E-B9D6251C946A --><String LANG="en-US" CONTENT="A" HEIGHT="38" WIDTH="40" VPOS="2532" HPOS="1131"/>
<String CONTENT="&#8212;Foreign" HEIGHT="48" WIDTH="272" VPOS="2532" HPOS="1172"/>
<SP HEIGHT="40" WIDTH="24" VPOS="2533" HPOS="1445"/>
<String CS="1" CONTENT="39101;" HEIGHT="40" WIDTH="143" VPOS="2533" HPOS="1470"/>
<SP HEIGHT="47" WIDTH="28" VPOS="2534" HPOS="1643"/>
<String CONTENT="H." HEIGHT="41" WIDTH="60" VPOS="2534" HPOS="1672"/>
<SP HEIGHT="40" WIDTH="26" VPOS="2535" HPOS="1733"/>
<String LANG="en-US" CONTENT="Meyer&#8217;s" HEIGHT="48" WIDTH="207" VPOS="2534" HPOS="1760"/>
<SP HEIGHT="40" WIDTH="26" VPOS="2535" HPOS="1968"/>
<String CONTENT="buchdruckerei." HEIGHT="94" WIDTH="1923" VPOS="2534" HPOS="385"/>
<SP HEIGHT="48" WIDTH="64" VPOS="2588" HPOS="471"/>
<String CONTENT="(29-4695)" HEIGHT="49" WIDTH="253" VPOS="2587" HPOS="536"/>
</TextLine>
<TextLine HEIGHT="64" WIDTH="606" VPOS="2682" HPOS="310" STYLEREFS="StyleId-34D2D913-FDDB-4C37-B300-AEC92FF56A58-" LANG="de">
<String CONTENT="Hyan," HEIGHT="64" WIDTH="197" VPOS="2682" HPOS="310"/>
<SP HEIGHT="63" WIDTH="23" VPOS="2683" HPOS="508"/>
<String CONTENT="Hans," HEIGHT="62" WIDTH="186" VPOS="2683" HPOS="532"/>
<SP HEIGHT="56" WIDTH="24" VPOS="2689" HPOS="719"/>
<String CONTENT="1868-" HEIGHT="49" WIDTH="172" VPOS="2688" HPOS="744"/>
</TextLine>
<TextLine HEIGHT="74" WIDTH="1948" VPOS="2759" HPOS="379" STYLEREFS="StyleId-34D2D913-FDDB-4C37-B300-AEC92FF56A58-" LANG="de">
<String CONTENT="Die" HEIGHT="53" WIDTH="112" VPOS="2759" HPOS="379"/>
<SP HEIGHT="53" WIDTH="40" VPOS="2759" HPOS="492"/>
<String CONTENT="flammende" HEIGHT="54" WIDTH="340" VPOS="2759" HPOS="533"/>
<SP HEIGHT="34" WIDTH="37" VPOS="2779" HPOS="874"/>
<String CONTENT="nacht," HEIGHT="68" WIDTH="192" VPOS="2761" HPOS="912"/>
<SP HEIGHT="49" WIDTH="40" VPOS="2780" HPOS="1105"/>
<String LANG="fr" CONTENT="roman" HEIGHT="35" WIDTH="203" VPOS="2779" HPOS="1146"/>
<SP HEIGHT="35" WIDTH="39" VPOS="2780" HPOS="1350"/>
<String CONTENT="von" HEIGHT="35" WIDTH="111" VPOS="2781" HPOS="1390"/>
<SP HEIGHT="53" WIDTH="37" VPOS="2763" HPOS="1502"/>
<String CONTENT="Hans" HEIGHT="54" WIDTH="167" VPOS="2763" HPOS="1540"/>
<SP HEIGHT="53" WIDTH="40" VPOS="2764" HPOS="1708"/>
<String CONTENT="Hyan." HEIGHT="69" WIDTH="194" VPOS="2764" HPOS="1749"/>
<SP HEIGHT="49" WIDTH="78" VPOS="2768" HPOS="1944"/>
<String CONTENT="1." HEIGHT="49" WIDTH="47" VPOS="2768" HPOS="2023"/>
<SP HEIGHT="52" WIDTH="40" VPOS="2765" HPOS="2071"/>
<String CONTENT="bis" HEIGHT="53" WIDTH="89" VPOS="2765" HPOS="2112"/>
<SP HEIGHT="50" WIDTH="43" VPOS="2768" HPOS="2202"/>
<String CONTENT="10." HEIGHT="50" WIDTH="81" VPOS="2768" HPOS="2246"/>
</TextLine>
<TextLine HEIGHT="73" WIDTH="1463" VPOS="2837" HPOS="308" STYLEREFS="StyleId-34D2D913-FDDB-4C37-B300-AEC92FF56A58-" LANG="de" CS="1">
<String CONTENT="tausend." HEIGHT="52" WIDTH="258" VPOS="2838" HPOS="308"/>
<SP HEIGHT="52" WIDTH="76" VPOS="2838" HPOS="567"/>
<String CONTENT="Berlin," HEIGHT="69" WIDTH="219" VPOS="2837" HPOS="644"/>
<SP HEIGHT="68" WIDTH="25" VPOS="2838" HPOS="864"/>
<String CONTENT="A." HEIGHT="53" WIDTH="72" VPOS="2838" HPOS="890"/>
<SP HEIGHT="56" WIDTH="31" VPOS="2837" HPOS="963"/>
<String CONTENT="Scherl" HEIGHT="56" WIDTH="199" VPOS="2837" HPOS="995"/>
<SP HEIGHT="67" WIDTH="25" VPOS="2841" HPOS="1195"/>
<String CONTENT="g." HEIGHT="50" WIDTH="54" VPOS="2858" HPOS="1221"/>
<SP HEIGHT="33" WIDTH="27" VPOS="2859" HPOS="1276"/>
<String CONTENT="m." HEIGHT="34" WIDTH="72" VPOS="2859" HPOS="1304"/>
<SP HEIGHT="52" WIDTH="27" VPOS="2841" HPOS="1377"/>
<String CONTENT="b." HEIGHT="52" WIDTH="52" VPOS="2841" HPOS="1405"/>
<SP HEIGHT="51" WIDTH="27" VPOS="2842" HPOS="1458"/>
<String CONTENT="h." HEIGHT="52" WIDTH="55" VPOS="2842" HPOS="1486"/>
<SP HEIGHT="34" WIDTH="34" VPOS="2875" HPOS="1542"/>
<String CS="1" CONTENT="["/>
<String STYLE="superscript" CS="1" CONTENT="&#7580;19"/>
<String CONTENT="28]" HEIGHT="65" WIDTH="84" VPOS="2845" HPOS="1687"/>
</TextLine>
<TextLine HEIGHT="55" WIDTH="1272" VPOS="2920" HPOS="378" LANG="de" CS="1">
<String CONTENT="205," HEIGHT="48" WIDTH="101" VPOS="2920" HPOS="378"/>
<SP HEIGHT="30" WIDTH="32" VPOS="2940" HPOS="480"/>
<String CONTENT="[1]" HEIGHT="49" WIDTH="54" VPOS="2921" HPOS="513"/>
<SP HEIGHT="38" WIDTH="31" VPOS="2932" HPOS="568"/>
<String CONTENT="p." HEIGHT="38" WIDTH="44" VPOS="2932" HPOS="600"/>
<SP HEIGHT="40" WIDTH="58" VPOS="2922" HPOS="645"/>
<String CONTENT="17" HEIGHT="39" WIDTH="56" VPOS="2922" HPOS="704"/>
<String STYLE="superscript" CS="1" CONTENT="&#7580;&#7504;."/>
<SP HEIGHT="30" WIDTH="62" VPOS="2940" HPOS="822"/>
<String CONTENT="[Scherls" HEIGHT="49" WIDTH="211" VPOS="2921" HPOS="885"/>
<SP HEIGHT="30" WIDTH="26" VPOS="2932" HPOS="1097"/>
<String CONTENT="zwei" HEIGHT="39" WIDTH="121" VPOS="2923" HPOS="1124"/>
<SP HEIGHT="39" WIDTH="27" VPOS="2923" HPOS="1246"/>
<String CONTENT="mark-romane]" HEIGHT="51" WIDTH="376" VPOS="2924" HPOS="1274"/>
</TextLine>
<TextLine HEIGHT="59" WIDTH="2008" VPOS="2973" HPOS="319" LANG="de">
<String CONTENT="&#169;" HEIGHT="52" WIDTH="52" VPOS="2973" HPOS="319"/>
<SP HEIGHT="52" WIDTH="26" VPOS="2973" HPOS="372"/>
<String LANG="en-US" CONTENT="July" HEIGHT="48" WIDTH="118" VPOS="2978" HPOS="399"/>
<SP HEIGHT="47" WIDTH="23" VPOS="2979" HPOS="518"/>
<String CONTENT="7," HEIGHT="47" WIDTH="42" VPOS="2979" HPOS="542"/>
<SP HEIGHT="48" WIDTH="25" VPOS="2978" HPOS="585"/>
<String CONTENT="1928;" HEIGHT="48" WIDTH="143" VPOS="2977" HPOS="611"/>
<SP HEIGHT="46" WIDTH="29" VPOS="2979" HPOS="755"/>
<String CONTENT="1c." HEIGHT="40" WIDTH="66" VPOS="2979" HPOS="785"/>
<SP HEIGHT="41" WIDTH="28" VPOS="2978" HPOS="852"/>
<String CONTENT="Oct." HEIGHT="41" WIDTH="102" VPOS="2978" HPOS="881"/>
<SP HEIGHT="40" WIDTH="27" VPOS="2979" HPOS="984"/>
<String CONTENT="29;" HEIGHT="47" WIDTH="83" VPOS="2979" HPOS="1012"/>
<SP HEIGHT="46" WIDTH="28" VPOS="2980" HPOS="1096"/>
<!-- cceid 2A9CF089-6CB2-1014-A20E-B9D6251C946A --><String CONTENT="A&#8212;Foreign" HEIGHT="50" WIDTH="314" VPOS="2979" HPOS="1125"/>
<SP HEIGHT="38" WIDTH="26" VPOS="2983" HPOS="1440"/>
<String CONTENT="755;" HEIGHT="48" WIDTH="113" VPOS="2981" HPOS="1467"/>
<SP HEIGHT="47" WIDTH="29" VPOS="2982" HPOS="1581"/>
<String CONTENT="August" HEIGHT="49" WIDTH="194" VPOS="2982" HPOS="1611"/>
<SP HEIGHT="41" WIDTH="27" VPOS="2983" HPOS="1806"/>
<String CONTENT="Scherl," HEIGHT="49" WIDTH="181" VPOS="2983" HPOS="1834"/>
<SP HEIGHT="38" WIDTH="28" VPOS="2994" HPOS="2016"/>
<String CONTENT="g." HEIGHT="38" WIDTH="43" VPOS="2994" HPOS="2045"/>
<SP HEIGHT="30" WIDTH="27" VPOS="2995" HPOS="2089"/>
<String CONTENT="m." HEIGHT="29" WIDTH="61" VPOS="2995" HPOS="2117"/>
<SP HEIGHT="39" WIDTH="28" VPOS="2985" HPOS="2179"/>
<String CONTENT="b." HEIGHT="39" WIDTH="41" VPOS="2985" HPOS="2208"/>
<SP HEIGHT="40" WIDTH="29" VPOS="2984" HPOS="2250"/>
<String CONTENT="h." HEIGHT="41" WIDTH="47" VPOS="2984" HPOS="2280"/>
</TextLine>
<TextLine HEIGHT="49" WIDTH="254" VPOS="3034" HPOS="395" LANG="de">
<String CONTENT="(29-4903)" HEIGHT="49" WIDTH="254" VPOS="3034" HPOS="395"/>
</TextLine>
<TextLine HEIGHT="65" WIDTH="555" VPOS="3129" HPOS="311" STYLEREFS="StyleId-E870818E-E7AF-4599-98EC-A6D14DBA0AD6-" LANG="de">
<String CONTENT="Janetis," HEIGHT="65" WIDTH="254" VPOS="3129" HPOS="311"/>
<SP HEIGHT="63" WIDTH="36" VPOS="3131" HPOS="566"/>
<String CONTENT="Elias" HEIGHT="53" WIDTH="163" VPOS="3130" HPOS="603"/>
<SP HEIGHT="52" WIDTH="32" VPOS="3131" HPOS="767"/>
<String CONTENT="L." HEIGHT="54" WIDTH="66" VPOS="3131" HPOS="800"/>
</TextLine>
<TextLine HEIGHT="174" WIDTH="2025" VPOS="3208" HPOS="307" STYLEREFS="StyleId-34D2D913-FDDB-4C37-B300-AEC92FF56A58-" CS="1">
<String LANG="en-US" CS="1" CONTENT="H"/>
<SP HEIGHT="60" WIDTH="46" VPOS="3208" HPOS="463"/>
<String LANG="el" CONTENT="&#934;&#953;&#955;&#953;&#954;&#942;" HEIGHT="73" WIDTH="226" VPOS="3215" HPOS="510"/>
<SP HEIGHT="51" WIDTH="46" VPOS="3237" HPOS="737"/>
<String LANG="en-US" CS="1" CONTENT="&#7953;"/>
<String LANG="el" CONTENT="&#964;&#945;&#953;&#961;&#943;&#945;," HEIGHT="80" WIDTH="230" VPOS="3211" HPOS="813"/>
<SP HEIGHT="41" WIDTH="55" VPOS="3239" HPOS="1044"/>
<String LANG="el" CONTENT="&#954;&#945;" HEIGHT="33" WIDTH="76" VPOS="3239" HPOS="1100"/>
<String LANG="en-US" CS="1" CONTENT="&#8054;"/>
<SP HEIGHT="33" WIDTH="44" VPOS="3238" HPOS="1203"/>
<String LANG="el" CONTENT="&#964;" HEIGHT="32" WIDTH="33" VPOS="3239" HPOS="1248"/>
<String LANG="en-US" CS="1" CONTENT="&#242;"/>
<SP HEIGHT="34" WIDTH="45" VPOS="3240" HPOS="1318"/>
<String LANG="el" CONTENT="&#960;&#945;&#964;&#961;&#953;&#969;&#964;&#953;&#954;" HEIGHT="54" WIDTH="338" VPOS="3240" HPOS="1364"/>
<String LANG="en-US" CS="1" CONTENT="&#242;"/>
<String LANG="el" CONTENT="&#957;" HEIGHT="31" WIDTH="31" VPOS="3244" HPOS="1747"/>
<SP HEIGHT="61" WIDTH="45" VPOS="3214" HPOS="1779"/>
<String LANG="el" CONTENT="&#948;&#961;&#940;&#956;&#945;" HEIGHT="81" WIDTH="210" VPOS="3214" HPOS="1825"/>
<SP HEIGHT="52" WIDTH="47" VPOS="3225" HPOS="2036"/>
<String LANG="el" CONTENT="&#924;&#940;&#961;&#964;&#957;" HEIGHT="80" WIDTH="224" VPOS="3217" HPOS="2084"/>
<String LANG="fr" CONTENT="p" HEIGHT="54" WIDTH="37" VPOS="3320" HPOS="307"/>
<String LANG="en-US" CS="1" CONTENT="&#1013;&#962;"/>
<SP HEIGHT="45" WIDTH="69" VPOS="3319" HPOS="419"/>
<String LANG="el" CONTENT="&#954;&#945;" HEIGHT="35" WIDTH="78" VPOS="3319" HPOS="489"/>
<String LANG="en-US" CS="1" CONTENT="&#8054;"/>
<SP HEIGHT="57" WIDTH="62" VPOS="3297" HPOS="592"/>
<String LANG="en-US" CS="1" CONTENT="&#7952;"/>
<String LANG="el" CONTENT="&#954;&#948;&#953;&#954;&#951;&#964;&#945;" HEIGHT="80" WIDTH="259" VPOS="3293" HPOS="687"/>
<String LANG="en-US" CS="1" CONTENT="&#8054;"/>
<String LANG="el" CONTENT="," HEIGHT="21" WIDTH="11" VPOS="3349" HPOS="978"/>
<SP HEIGHT="48" WIDTH="68" VPOS="3322" HPOS="990"/>
<String LANG="el" CONTENT="&#949;" HEIGHT="33" WIDTH="24" VPOS="3322" HPOS="1059"/>
<String LANG="en-US" CS="1" CONTENT="&#7984;"/>
<String LANG="el" CONTENT="&#962;" HEIGHT="43" WIDTH="40" VPOS="3324" HPOS="1112"/>
<SP HEIGHT="44" WIDTH="62" VPOS="3323" HPOS="1153"/>
<String LANG="el" CONTENT="&#960;&#961;" HEIGHT="54" WIDTH="84" VPOS="3323" HPOS="1216"/>
<String LANG="en-US" CS="1" CONTENT="&#945;&#785;"/>
<String LANG="el" CONTENT="&#958;&#949;&#953;&#962;" HEIGHT="73" WIDTH="132" VPOS="3297" HPOS="1350"/>
<SP HEIGHT="69" WIDTH="61" VPOS="3299" HPOS="1483"/>
<String LANG="el" CONTENT="4." HEIGHT="60" WIDTH="60" VPOS="3299" HPOS="1545"/>
<SP HEIGHT="61" WIDTH="82" VPOS="3298" HPOS="1606"/>
<String LANG="fr" CONTENT="&#8217;'" HEIGHT="22" WIDTH="24" VPOS="3298" HPOS="1689"/>
<String LANG="en-US" CS="1" CONTENT="E&#954;&#948;o&#963;"/>
<String LANG="el" CS="1" CONTENT="&#953;"/>
<String LANG="en-US" CS="1" CONTENT="&#962;"/>
<SP HEIGHT="72" WIDTH="61" VPOS="3300" HPOS="2001"/>
<String LANG="el" CONTENT="&#948;&#949;" HEIGHT="61" WIDTH="64" VPOS="3300" HPOS="2063"/>
<String LANG="en-US" CS="1" CONTENT="&#957;"/>
<String LANG="el" CONTENT="&#964;" HEIGHT="33" WIDTH="31" VPOS="3329" HPOS="2168"/>
<String LANG="en-US" CS="1" CONTENT="&#941;"/>
<String LANG="el" CONTENT="&#961;&#945;." HEIGHT="54" WIDTH="101" VPOS="3328" HPOS="2231"/>
</TextLine>
<TextLine HEIGHT="77" WIDTH="2012" VPOS="3378" HPOS="317" STYLEREFS="StyleId-34D2D913-FDDB-4C37-B300-AEC92FF56A58-" LANG="en-US">
<String CONTENT="The" HEIGHT="53" WIDTH="125" VPOS="3378" HPOS="317"/>
<SP HEIGHT="52" WIDTH="40" VPOS="3379" HPOS="443"/>
<String CONTENT="Philiki" HEIGHT="53" WIDTH="225" VPOS="3379" HPOS="484"/>
<SP HEIGHT="53" WIDTH="44" VPOS="3379" HPOS="710"/>
<String CONTENT="eteria," HEIGHT="67" WIDTH="195" VPOS="3381" HPOS="755"/>
<SP HEIGHT="49" WIDTH="43" VPOS="3399" HPOS="951"/>
<String CONTENT="and" HEIGHT="52" WIDTH="114" VPOS="3381" HPOS="995"/>
<SP HEIGHT="52" WIDTH="43" VPOS="3381" HPOS="1110"/>
<String CONTENT="the" HEIGHT="52" WIDTH="99" VPOS="3381" HPOS="1154"/>
<SP HEIGHT="51" WIDTH="41" VPOS="3382" HPOS="1254"/>
<String CONTENT="historical" HEIGHT="52" WIDTH="299" VPOS="3382" HPOS="1296"/>
<SP HEIGHT="53" WIDTH="45" VPOS="3384" HPOS="1596"/>
<String CONTENT="drama," HEIGHT="70" WIDTH="220" VPOS="3384" HPOS="1642"/>
<SP HEIGHT="69" WIDTH="43" VPOS="3385" HPOS="1863"/>
<String CONTENT="Martyrs" HEIGHT="70" WIDTH="259" VPOS="3385" HPOS="1907"/>
<SP HEIGHT="35" WIDTH="46" VPOS="3404" HPOS="2167"/>
<String CONTENT="and" HEIGHT="54" WIDTH="115" VPOS="3385" HPOS="2214"/>
</TextLine>
<TextLine HEIGHT="146" WIDTH="1988" VPOS="3458" HPOS="318" STYLEREFS="StyleId-34D2D913-FDDB-4C37-B300-AEC92FF56A58-" LANG="en-US" CS="1">
<String CONTENT="avengers," HEIGHT="52" WIDTH="293" VPOS="3474" HPOS="319"/>
<SP HEIGHT="67" WIDTH="32" VPOS="3458" HPOS="613"/>
<String CONTENT="in" HEIGHT="52" WIDTH="61" VPOS="3458" HPOS="646"/>
<SP HEIGHT="50" WIDTH="34" VPOS="3461" HPOS="708"/>
<String CONTENT="4" HEIGHT="50" WIDTH="34" VPOS="3461" HPOS="743"/>
<SP HEIGHT="50" WIDTH="33" VPOS="3461" HPOS="778"/>
<String CONTENT="acts." HEIGHT="48" WIDTH="133" VPOS="3464" HPOS="812"/>
<SP HEIGHT="49" WIDTH="71" VPOS="3462" HPOS="946"/>
<String CONTENT="2d" HEIGHT="52" WIDTH="72" VPOS="3460" HPOS="1018"/>
<SP HEIGHT="52" WIDTH="36" VPOS="3460" HPOS="1091"/>
<String CONTENT="ed." HEIGHT="52" WIDTH="85" VPOS="3460" HPOS="1128"/>
<SP HEIGHT="34" WIDTH="78" VPOS="3493" HPOS="1214"/>
<String STYLE="subscript" CONTENT="[" HEIGHT="34" WIDTH="12" VPOS="3493" HPOS="1293"/>
<String CONTENT="By]" HEIGHT="68" WIDTH="109" VPOS="3461" HPOS="1311"/>
<SP HEIGHT="66" WIDTH="42" VPOS="3461" HPOS="1421"/>
<String CONTENT="Elias" HEIGHT="54" WIDTH="161" VPOS="3461" HPOS="1464"/>
<SP HEIGHT="52" WIDTH="34" VPOS="3463" HPOS="1626"/>
<String CONTENT="L." HEIGHT="52" WIDTH="66" VPOS="3463" HPOS="1661"/>
<SP HEIGHT="54" WIDTH="36" VPOS="3463" HPOS="1728"/>
<String CONTENT="Janetis." HEIGHT="54" WIDTH="243" VPOS="3463" HPOS="1765"/>
<SP HEIGHT="56" WIDTH="76" VPOS="3463" HPOS="2009"/>
<String CONTENT="Springfield," HEIGHT="141" WIDTH="1988" VPOS="3463" HPOS="318"/>
<SP HEIGHT="68" WIDTH="27" VPOS="3536" HPOS="473"/>
<String CONTENT="Mass.," HEIGHT="68" WIDTH="192" VPOS="3536" HPOS="501"/>
<SP HEIGHT="63" WIDTH="32" VPOS="3541" HPOS="694"/>
<String CONTENT="1928." HEIGHT="52" WIDTH="150" VPOS="3539" HPOS="727"/>
</TextLine>
<TextLine HEIGHT="51" WIDTH="907" VPOS="3618" HPOS="388" LANG="en-US" CS="1">
<String CONTENT="268" HEIGHT="41" WIDTH="87" VPOS="3618" HPOS="388"/>
<SP HEIGHT="49" WIDTH="27" VPOS="3619" HPOS="476"/>
<String CONTENT="p." HEIGHT="38" WIDTH="43" VPOS="3630" HPOS="504"/>
<SP HEIGHT="40" WIDTH="56" VPOS="3620" HPOS="548"/>
<String CONTENT="illus.," HEIGHT="47" WIDTH="144" VPOS="3620" HPOS="605"/>
<SP HEIGHT="35" WIDTH="28" VPOS="3632" HPOS="750"/>
<String CONTENT="maps," HEIGHT="38" WIDTH="153" VPOS="3631" HPOS="779"/>
<SP HEIGHT="48" WIDTH="26" VPOS="3621" HPOS="933"/>
<String CONTENT="facsims." HEIGHT="41" WIDTH="219" VPOS="3621" HPOS="960"/>
<SP HEIGHT="41" WIDTH="57" VPOS="3621" HPOS="1180"/>
<String CONTENT="20" HEIGHT="40" WIDTH="57" VPOS="3621" HPOS="1238"/>
<String STYLE="superscript" CS="1" CONTENT="&#7580;&#7504;."/>
</TextLine>
<TextLine HEIGHT="110" WIDTH="1990" VPOS="3670" HPOS="322" LANG="en-US" CS="1">
<String CONTENT="&#169;" HEIGHT="52" WIDTH="52" VPOS="3670" HPOS="322"/>
<SP HEIGHT="52" WIDTH="27" VPOS="3670" HPOS="375"/>
<String CONTENT="July" HEIGHT="47" WIDTH="119" VPOS="3676" HPOS="403"/>
<SP HEIGHT="47" WIDTH="24" VPOS="3676" HPOS="523"/>
<String CONTENT="21," HEIGHT="48" WIDTH="71" VPOS="3676" HPOS="548"/>
<SP HEIGHT="47" WIDTH="26" VPOS="3677" HPOS="620"/>
<String CS="1" CONTENT="1928;" HEIGHT="41" WIDTH="118" VPOS="3677" HPOS="647"/>
<SP HEIGHT="47" WIDTH="29" VPOS="3677" HPOS="791"/>
<String CONTENT="2c." HEIGHT="42" WIDTH="68" VPOS="3677" HPOS="821"/>
<SP HEIGHT="31" WIDTH="28" VPOS="3688" HPOS="890"/>
<String CONTENT="and" HEIGHT="39" WIDTH="96" VPOS="3679" HPOS="919"/>
<SP HEIGHT="39" WIDTH="28" VPOS="3679" HPOS="1016"/>
<String CS="1" CONTENT="aff."/>
<SP HEIGHT="40" WIDTH="28" VPOS="3678" HPOS="1128"/>
<String CONTENT="Aug." HEIGHT="48" WIDTH="121" VPOS="3678" HPOS="1157"/>
<SP HEIGHT="40" WIDTH="27" VPOS="3679" HPOS="1279"/>
<String CS="1" CONTENT="8:" HEIGHT="40" WIDTH="27" VPOS="3679" HPOS="1307"/>
<SP HEIGHT="42" WIDTH="30" VPOS="3679" HPOS="1361"/>
<!-- cceid 2A9CF455-6CB2-1014-A20E-B9D6251C946A --><String CONTENT="A" HEIGHT="39" WIDTH="41" VPOS="3679" HPOS="1392"/>
<SP HEIGHT="39" WIDTH="27" VPOS="3679" HPOS="1434"/>
<String CS="1" CONTENT="1083681;" HEIGHT="41" WIDTH="202" VPOS="3679" HPOS="1462"/>
<SP HEIGHT="45" WIDTH="31" VPOS="3683" HPOS="1694"/>
<String CONTENT="E." HEIGHT="39" WIDTH="52" VPOS="3683" HPOS="1726"/>
<SP HEIGHT="40" WIDTH="29" VPOS="3682" HPOS="1779"/>
<String CONTENT="L." HEIGHT="40" WIDTH="52" VPOS="3682" HPOS="1809"/>
<SP HEIGHT="39" WIDTH="29" VPOS="3683" HPOS="1862"/>
<String CONTENT="Janetis," HEIGHT="48" WIDTH="209" VPOS="3682" HPOS="1892"/>
<SP HEIGHT="48" WIDTH="33" VPOS="3682" HPOS="2102"/>
<String CONTENT="Springfield," HEIGHT="98" WIDTH="1924" VPOS="3682" HPOS="388"/>
<SP HEIGHT="46" WIDTH="26" VPOS="3734" HPOS="518"/>
<String CONTENT="Mass." HEIGHT="40" WIDTH="149" VPOS="3734" HPOS="545"/>
</TextLine>
<TextLine HEIGHT="65" WIDTH="437" VPOS="3826" HPOS="313" STYLEREFS="StyleId-F1E26729-F80B-4594-9680-D545A1F3BB72-" LANG="en-US">
<String CONTENT="Jensen," HEIGHT="65" WIDTH="239" VPOS="3826" HPOS="313"/>
<SP HEIGHT="62" WIDTH="27" VPOS="3829" HPOS="553"/>
<String CONTENT="Axel." HEIGHT="55" WIDTH="169" VPOS="3829" HPOS="581"/>
</TextLine>
<TextLine HEIGHT="77" WIDTH="1886" VPOS="3907" HPOS="448" STYLEREFS="StyleId-34D2D913-FDDB-4C37-B300-AEC92FF56A58-" LANG="en-US" CS="1">
<String CS="1" CONTENT="&#8230;"/>
<SP HEIGHT="51" WIDTH="39" VPOS="3907" HPOS="448"/>
<String LANG="de" CONTENT="Feinten" HEIGHT="54" WIDTH="237" VPOS="3907" HPOS="488"/>
<SP HEIGHT="33" WIDTH="34" VPOS="3928" HPOS="726"/>
<String CONTENT="aar" HEIGHT="34" WIDTH="100" VPOS="3928" HPOS="761"/>
<SP HEIGHT="35" WIDTH="30" VPOS="3929" HPOS="862"/>
<String CONTENT="son" HEIGHT="36" WIDTH="102" VPOS="3928" HPOS="893"/>
<SP HEIGHT="50" WIDTH="31" VPOS="3912" HPOS="996"/>
<String CS="1" CONTENT="l&#248;ber." HEIGHT="52" WIDTH="173" VPOS="3910" HPOS="1028"/>
<SP HEIGHT="51" WIDTH="75" VPOS="3911" HPOS="1202"/>
<String CS="1" CONTENT="K&#248;benhavn," HEIGHT="63" WIDTH="378" VPOS="3908" HPOS="1278"/>
<SP HEIGHT="59" WIDTH="35" VPOS="3912" HPOS="1657"/>
<String CONTENT="Gyldendal," HEIGHT="72" WIDTH="349" VPOS="3912" HPOS="1693"/>
<SP HEIGHT="69" WIDTH="34" VPOS="3915" HPOS="2043"/>
<String CS="1" CONTENT="Nordisk" HEIGHT="54" WIDTH="197" VPOS="3914" HPOS="2137"/>
</TextLine>
<TextLine HEIGHT="70" WIDTH="395" VPOS="3984" HPOS="316" STYLEREFS="StyleId-34D2D913-FDDB-4C37-B300-AEC92FF56A58-" LANG="en-US">
<String CONTENT="forlag," HEIGHT="70" WIDTH="211" VPOS="3984" HPOS="316"/>
<SP HEIGHT="62" WIDTH="32" VPOS="3991" HPOS="528"/>
<String CONTENT="1928." HEIGHT="51" WIDTH="150" VPOS="3990" HPOS="561"/>
</TextLine>
</TextBlock>
</PrintSpace>
</Page>
</Layout>
</alto>