2498 4384
1363 4078 102 53 676

387 447 352 64 Burbridge,
769 448 142 51 Ben.

460 525 242 67 Gorilla,
735 523 266 70 tracking
1035 525 113 52 and
1182 523 310 70 capturing
1524 522 96 54 the
1656 541 266 51 ape-man
1956 522 65 54 of
2055 521 226 70 Africa,
2315 523 73 68 by

390 600 1995 70 Ben Burbridge … New York, London, The Century co. [1928]
460 681 1231 51 xi, 323 p. front., plates, ports. 21 ᶜᵐ . $3.50
462 742 114 47 Map
599 751 60 29 on
680 740 363 48 lining-papers.

394 794 52 53 ©
474 801 122 39 Mar.
621 799 71 48 23,
719 799 114 39 1928;
887 799 67 40 2c.
982 800 95 38 and
1104 798 82 41 aff.
1214 800 123 39 Mar.
1364 798 56 40 26;
1475 798 43 39 A
1543 798 203 40 1068580;
1804 798 214 47 Century
2046 809 69 30 co.

472 855 280 49 (28-12054)

395 948 220 64 Cajori,
647 948 255 63 Florian,
936 951 171 50 1859-

463 1028 122 52 The
613 1028 159 67 early
797 1028 427 51 mathematical
1253 1026 240 54 sciences
1524 1028 59 51 in
1615 1027 187 52 North
1834 1027 113 52 and
1979 1026 182 55 South
2193 1027 174 53 Amer

393 1104 1856 70 ica [by] Florian Cajori … Boston, R. G. Badger [1928]
463 1187 1252 49 156 p. front., illus., plates, ports., diagr. 21 ᶜᵐ .
464 1245 349 48 Bibliography
839 1247 52 38 at
917 1246 92 39 end
1038 1245 52 39 of
1116 1248 127 37 most
1269 1244 52 41 of
1346 1245 81 40 the
1454 1245 240 48 chapters.

396 1298 53 53 ©
477 1305 122 38 Mar.
617 1303 69 46 22,
706 1302 113 41 1928;
876 1303 68 40 2c.
962 1302 114 48 Apr.
1094 1302 55 40 30;
1207 1301 83 41 aff.
1307 1302 115 48 Apr.
1439 1303 56 39 27;
1552 1303 41 38 A
1621 1302 202 40 1074222;
1882 1302 216 40 Richard
2117 1302 53 40 G.
2188 1302 207 47 Badger.

475 1359 279 48 (28-12002)

394 1453 262 64 Castillo,
688 1453 221 64 Carlos,
944 1457 171 49 1890-

466 1531 1931 70 Advanced Spanish composition, by Carlos Castillo … and
398 1608 1973 71 Clifford M. Montgomery … Richmond, New York [etc.]
397 1689 263 53 Johnson
687 1688 336 69 publishing
1051 1706 282 50 company
1408 1691 152 63 [ᶜ1928]

503 1802 8 16 x,
556 1771 86 39 192
683 1782 43 36 p.
770 1770 111 41 incl.
923 1771 165 47 front.,
1132 1771 131 39 illus.
1335 1770 145 39 19½ᶜᵐ.
1564 1770 298 48 (Half-title:
1906 1770 491 47 American-Spanish

396 1828 165 48 series,
591 1829 196 47 general
815 1828 172 48 editor,
1018 1828 49 40 C.
1098 1829 62 40 M.
1191 1828 360 47 Montgomery)

401 1881 52 52 ©
480 1885 114 48 Apr.
619 1885 69 46 24,
715 1884 114 41 1928;
883 1885 68 40 2c.
978 1886 95 38 and
1100 1884 82 41 aff.
1209 1885 115 47 Apr.
1350 1884 56 40 26;
1461 1885 42 39 A
1528 1884 203 40 1069957;
1789 1885 218 39 Johnson
2033 1884 111 48 pub.
2172 1894 67 31 co.

479 1941 281 50 (28-12105)

398 2036 346 63 Chambers,
778 2037 199 52 Frank
1008 2035 311 63 Pentland,
1352 2039 172 49 1900-

471 2115 199 69 Cycles
706 2115 64 53 of
804 2120 162 62 taste,
1001 2133 71 34 an
1108 2115 522 68 unacknowledged
1665 2114 256 69 problem
1956 2115 61 52 in
2052 2116 226 52 ancient
2311 2121 91 47 art

400 2195 114 52 and
549 2194 291 66 criticism,
871 2194 77 69 by
984 2194 198 52 Frank
1216 2195 66 50 P.
1322 2193 326 54 Chambers.
1726 2193 366 69 Cambridge,
2127 2194 275 53 Harvard

398 2272 321 69 university
748 2291 175 49 press,
954 2275 149 49 1928.

470 2355 62 48 vi,
568 2355 54 50 [1]
654 2366 57 38 p.,
740 2355 28 40 2
835 2387 6 12 l.,
873 2354 146 42 3-139
1047 2367 43 37 p.
1150 2355 55 41 19½ᶜᵐ.

473 2414 129 40 “The
650 2416 196 46 present
892 2424 141 36 essay
1081 2413 42 40 is
1170 2413 232 48 designed
1447 2415 50 38 to
1545 2415 126 39 meet
1717 2415 83 39 the
1847 2414 215 48 problem
2111 2414 51 39 of
2209 2414 194 40 ancient

400 2472 264 40 aesthetics
696 2481 54 30 as
782 2471 331 40 discoverable
1143 2471 50 39 in
1226 2471 195 40 ancient
1452 2471 552 40 literature.”—Introd.

405 2525 52 52 ©
483 2529 115 49 Apr.
625 2529 68 45 16,
722 2528 114 40 1928;
891 2529 67 40 2c.
986 2530 97 38 and
1110 2528 82 41 aff.
1219 2529 114 47 Apr.
1361 2529 55 39 23;
1474 2530 41 38 A
1542 2528 202 41 1074083;
1803 2529 258 41 President
2089 2530 95 39 and
2212 2529 191 40 fellows

473 2586 52 40 of
553 2586 230 39 Harvard
812 2587 191 46 college,
1037 2585 301 48 Cambridge,
1370 2587 147 39 Mass.
1584 2585 281 49 (28-12084)

403 2680 196 62 Chew,
629 2680 237 54 Samuel
896 2679 296 64 Claggett,
1227 2683 171 49 1888-

476 2759 249 52 Thomas
750 2759 227 67 Hardy,
1003 2763 129 62 poet
1161 2760 50 50 &
1239 2759 245 51 novelist
1532 2758 93 68 [by]
1661 2757 230 55 Samuel
1921 2758 60 54 C.
2013 2757 188 56 Chew.
2266 2759 138 52 New

405 2837 181 66 York,
612 2836 71 52 A.
712 2837 71 51 A.
812 2835 226 69 Knopf,
1069 2839 148 50 1928.

475 2917 1037 49 6 p. l., 3-196, xii p., 1 l. front. 22½ ᶜᵐ .
474 2975 350 48 Bibliography:
885 2986 43 37 p.
978 2975 234 49 [185]-196.

408 3028 53 52 ©
490 3034 114 46 Apr.
634 3033 68 45 13,
732 3032 115 40 1928;
905 3033 67 39 2c.
1003 3032 113 48 Apr.
1147 3032 58 40 18;
1262 3031 81 41 aff.
1375 3033 114 47 May
1517 3033 27 38 4;
1603 3033 43 39 A
1673 3032 207 41 1074322;
1935 3033 175 41 Alfred
2139 3034 55 40 A.
2224 3033 179 48 Knopf,

476 3089 90 41 inc.
638 3089 279 49 (28-12106)

406 3183 252 63 Chopra,
688 3184 149 52 Ram
868 3183 186 62 Nath,
1088 3187 171 49 1882-

478 3262 448 52 Anthelmintics
976 3263 113 51 and
1140 3262 150 52 their
1340 3281 123 34 uses
1514 3263 60 51 in
1625 3263 240 52 medical
1916 3263 112 52 and
2081 3263 325 66 veterinary

409 3340 1972 143 practice, by R. N. Chopra … and Asa C. Chandler … Baltimore,
610 3417 120 53 The
760 3417 288 53 Williams
1078 3420 46 49 &
1152 3417 251 54 Wilkins
1435 3436 299 50 company,
1766 3420 150 51 1928.

478 3499 663 48 xii, 291 p. v pl. 23½ ᶜᵐ .
482 3555 350 47 Bibliography;
896 3567 43 36 p.
974 3556 218 41 254-275.

412 3608 51 52 ©
491 3613 113 45 Apr.
629 3612 59 38 20,
725 3611 140 47 1928;
894 3613 67 40 2c.
988 3615 93 37 and
1109 3613 83 40 aff.
1220 3615 114 46 May
1361 3615 52 45 7;
1441 3613 43 39 A
1509 3614 229 45 1074357;
1768 3613 242 41 Williams
2039 3615 37 39 &
2102 3614 209 40 Wilkins
2340 3626 67 28 co.

494 3669 279 48 (28-12517)

413 3761 396 63 Churchman,
848 3762 193 64 Philip
1080 3764 267 61 Hudson,
1390 3763 172 53 1874-

482 3841 1865 69 French literature in outline, by Philip H. Churchman …
413 3918 1996 70 and Charles E. Young … New York, London, The Century
412 4000 306 68 co. [ᶜ 1928]
