2498 4384
1267 4071 134 51 1440

308 434 247 62 Gentry,
588 430 284 54 Franklin
906 430 250 65 Marion,
1192 435 172 49 1898-

379 509 123 54 The
527 509 342 69 technology
896 508 64 54 of
986 510 110 52 low
1126 513 384 63 temperature
1538 507 446 67 carbonization,
2010 507 78 69 by
2114 505 199 54 Frank

309 587 80 53 M.
433 587 240 68 Gentry.
752 587 336 67 Baltimore,
1130 587 123 51 The
1294 585 290 55 Williams
1629 587 46 51 &
1715 584 254 55 Wilkins
2013 602 300 51 company,

313 668 151 50 1928.

381 745 117 49 xvii,
528 745 87 41 399
642 756 44 38 p.
745 745 165 48 front.,
940 746 144 46 illus.,
1116 744 181 48 diagrs.
1356 744 56 40 23½ᶜᵐ.

383 817 378 48 Bibliography:
799 827 42 38 p.
874 816 219 42 370-380.

314 886 52 52 ©
404 890 129 47 Sept.
569 889 69 48 10,
674 888 141 47 1928;
853 889 67 40 2c.
960 888 128 48 Sept.
1123 888 82 47 13;
1244 886 84 42 aff.
1367 888 128 47 Sept.
1531 887 82 47 19;
1651 887 44 39 A
1729 887 231 48 1053502;
1998 887 245 41 Williams
2278 887 37 41 &

379 946 211 41 Wilkins
624 956 68 29 co.
762 943 281 51 (28-22410)

313 1039 302 63 Guedalla,
648 1038 214 64 Philip,
898 1042 172 50 1889-

381 1114 1940 70 Bonnet and shawl; an album, by Philip Guedalla … with
313 1194 293 68 portraits.
680 1194 141 53 New
854 1193 182 68 York,
1066 1193 262 68 London,
1360 1192 68 55 G.
1463 1194 64 52 P.
1561 1192 297 54 Putnam’s
1891 1212 146 49 sons,
2072 1197 150 49 1928.

381 1277 963 50 6 p. l., 11-204 p. front., ports. 23½ᶜᵐ.
661 1347 184 39 CONTENTS.—Real:
910 1346 123 40 Jane
1076 1347 160 39 Welsh
1268 1345 207 49 Carlyle.
1537 1346 264 41 Catherine
1837 1346 280 41 Gladstone.
2181 1348 140 47 Mary

315 1403 200 40 Arnold.
578 1404 141 45 Mary
751 1402 138 39 Anne
923 1402 230 39 Disraeli.
1216 1402 160 47 Emily
1411 1401 272 48 Tennyson.
1746 1402 159 47 Emily
1941 1402 383 41 Palmerston.—

312 1462 164 39 Ideal:
513 1460 137 48 Lady
683 1460 176 39 Muriel
894 1460 181 40 James.
1140 1459 181 48 Sophia
1357 1460 302 40 Swinburne.
1719 1460 132 40 Julie
1884 1461 57 39 de
1978 1460 259 41 Goncourt.

318 1528 51 52 ©
406 1532 130 48 Sept.
569 1530 70 48 28,
672 1531 142 46 1928;
849 1531 68 40 2c.
952 1532 96 38 and
1082 1530 83 42 aff.
1202 1531 131 48 Sept.
1365 1530 84 48 29;
1485 1530 42 39 A
1559 1530 231 49 1053613;
1827 1532 50 39 P.
1914 1531 253 48 Guedalla,
2203 1531 120 41 New

387 1588 145 40 York.
604 1588 281 49 (28-22431)

315 1681 557 54 Handwörterbuch
913 1683 100 52 der
1052 1681 596 73 betriebswirtschaft,
1687 1683 155 68 hrsg.
1882 1701 113 35 von
2033 1681 294 71 professor

389 1762 86 51 dr.
520 1760 77 52 H.
644 1760 296 53 Nicklisch
985 1760 63 52 in
1090 1760 365 68 Verbindung
1498 1760 108 52 mit
1651 1760 363 53 zahlreichen
390 1761 1936 130 betriebs-wirtschaftern
849 1857 73 33 an
948 1838 83 52 in-
1059 1838 120 52 und
1206 1838 438 53 ausländischen
1671 1838 383 53 hochschulen
2080 1840 119 52 und
2228 1858 101 35 aus

391 1918 100 51 der
535 1916 213 68 praxis.
830 1920 47 48 4.
924 1916 92 54 bd.
1064 1914 635 70 Musterlager-Statik.
1785 1915 315 70 Stuttgart,
2148 1916 63 55 C.
2260 1918 67 53 E.

390 1994 289 68 Poeschel,
711 1997 151 50 1928.

389 2076 1116 49 vi, 1552 numb. col. illus., tables. 25 ½ᶜᵐ .
391 2147 236 40 Contains
655 2146 396 49 bibliographies.

324 2199 2005 53 © Dec. 31, 1926; 1c. July 18, 1928; A— Foreign 39607; C, E. Poeschel
391 2261 183 48 verlag.

321 2354 258 65 Holling,
617 2353 239 66 Holling
893 2354 238 65 Clancy.

392 2434 199 68 Rocky
629 2433 178 68 Billy,
844 2435 96 53 the
978 2439 159 63 story
1173 2433 65 53 of
1273 2434 96 52 the
1403 2434 299 69 bounding
1740 2453 192 34 career
1966 2434 64 53 of
2068 2455 32 33 a
2135 2435 200 71 Rocky

320 2511 307 53 Mountain
659 2517 152 63 goat,
842 2511 75 69 by
947 2511 248 69 Holling
1227 2511 219 69 Clancy
1477 2512 265 69 Holling,
1772 2513 328 53 illustrated
2131 2513 76 70 by
2238 2515 96 51 the

322 2589 223 53 author.
622 2589 139 53 New
798 2589 179 67 York,
1012 2590 121 52 The
1167 2589 337 53 Macmillan
1539 2608 299 51 company,
1875 2594 150 49 1928.

392 2671 1572 49 xi, [1], 148 p. incl. illus., plates, col. front., col. pl. 22 ᶜᵐ.
329 2724 51 52 ©
415 2729 128 47 Sept.
572 2728 69 48 25,
671 2728 115 40 1928;
842 2729 67 39 2c.
939 2729 97 39 and
1065 2728 82 40 aff.
1180 2729 130 47 Sept.
1338 2728 59 40 26;
1452 2729 42 38 A
1522 2728 203 41 1054602;
1786 2729 285 41 Macmillan
2100 2740 68 31 co.

408 2784 282 50 (28-22387)

327 2879 290 63 Hopkins,
652 2879 256 52 Edward
943 2878 359 64 Washburn,
1339 2879 171 54 1857-

395 2958 260 68 Legends
703 2957 64 53 of
813 2958 193 67 India,
1048 2958 76 68 by
1168 2957 332 55 Washburn
1545 2957 288 69 Hopkins.
1926 2959 141 53 New
2112 2959 226 67 Haven,

329 3036 143 52 Yale
498 3035 322 69 university
847 3053 175 50 press,
1052 3038 150 50 1928.

396 3117 690 49 viii p., 1 l., 183 p. 20½ᶜᵐ.
399 3176 58 38 In
486 3185 152 29 verse.

401 3231 293 40 “Published
736 3242 61 29 on
841 3232 83 39 the
964 3231 125 40 fund
1132 3230 300 41 established
1474 3231 62 48 by
1579 3232 82 39 the
1708 3231 238 41 Colorado
1988 3231 120 40 Yale
2153 3231 186 40 alumni

328 3287 341 41 association.”

401 3345 132 39 “The
564 3345 198 47 legends
796 3344 52 40 of
882 3345 81 39 the
998 3344 108 40 first
1141 3354 154 38 group
1329 3354 83 29 are
1447 3343 155 41 found
1633 3343 82 42 for
1750 3345 82 40 the
1867 3346 126 39 most
2027 3346 113 46 part
2174 3343 50 41 in
2257 3346 82 39 the

330 3400 2010 50 Mahabh á rata … The group following these represents salient points
330 3458 51 38 of
406 3459 84 39 the
517 3458 103 48 epic
649 3461 136 44 story
811 3457 376 41 itself.”—Pref.

337 3511 50 51 ©
430 3515 128 48 Sept.
596 3515 69 47 14,
704 3515 113 41 1928;
885 3515 67 41 2c.
994 3515 128 48 Sept.
1158 3515 57 39 22;
1284 3513 82 41 aff.
1407 3514 129 48 Sept.
1574 3514 56 39 21;
1698 3515 42 39 A
1775 3513 208 41 1054510;
2047 3514 123 40 Yale
2206 3513 131 41 univ.

404 3582 152 38 press.
626 3571 281 49 (28-22481)

336 3667 198 63 Irwin,
565 3665 195 54 Violet
790 3665 191 64 Mary,
1014 3669 169 50 1881-

409 3745 122 52 The
573 3744 162 52 short
774 3743 205 67 sword,
1020 3743 77 68 by
1135 3743 71 53 V.
1251 3742 79 53 M.
1375 3741 201 69 Irwin,
1618 3741 381 55 illustrations
2042 3742 77 69 by
2163 3741 179 54 Erick

339 3824 201 67 Berry.
616 3821 139 53 New
785 3821 182 67 York,
997 3821 124 52 The
1150 3818 338 55 Macmillan
1519 3838 298 51 company,
1851 3823 151 49 1928.

407 3901 915 51 5 p. l., 249 p. front., 1 illus. 19½ᶜᵐ.
340 3957 50 52 ©
424 3961 128 48 Sept.
582 3960 68 48 18,
679 3959 115 42 1928;
852 3960 68 41 2c.
949 3960 96 40 and
1074 3958 82 43 aff.
1188 3959 130 48 Sept.
1348 3959 55 40 19;
1462 3959 41 40 A
1531 3958 203 42 1054575;
1794 3958 284 42 Macmillan
2108 3968 66 32 co.

418 4017 281 50 (28-22465)
