2498 4384
1082 4137 101 50 349

121 447 262 62 Nichols,
417 445 213 65 Philip,
666 444 172 55 1875-

195 526 287 53 Taxation
510 525 62 52 in
596 524 465 64 Massachusetts,
1087 521 77 68 by
1191 518 204 69 Philip
1424 518 254 53 Nichols.
1747 520 134 51 1928
123 517 1993 141 supplement

309 609 58 48 to
399 603 206 54 second
648 601 193 70 (1922)
885 599 235 66 edition,
1152 597 340 69 containing
1522 595 329 70 legislation
1885 594 252 70 through

127 682 152 68 1927,
308 682 98 53 the
437 681 279 54 decisions
747 679 65 53 of
839 678 97 54 the
968 677 278 68 Supreme
1279 680 161 49 court
1472 673 66 55 of
1565 675 101 52 the
1693 674 221 54 United
1949 672 192 56 States

125 759 275 72 affecting
431 759 263 54 taxation
726 758 76 70 by
832 757 99 54 the
962 761 192 63 states,
1187 755 96 54 the
1318 754 280 54 decisions
1632 751 65 56 of
1729 753 100 54 the
1863 751 281 70 Supreme

124 839 241 69 judicial
392 843 164 49 court
581 837 65 54 of
671 836 448 54 Massachusetts
1146 833 276 70 affecting
1447 833 282 67 taxation,
1757 833 114 52 and
1899 833 96 52 the

125 833 1992 154 rulings
282 916 64 53 of
373 918 97 51 the
499 914 426 55 commissioner
951 912 66 54 of
1045 912 397 69 corporations
1471 911 113 54 and
1615 911 264 53 taxation

124 911 1994 232 to January 1, 1928. Boston, Mass., The Financial publishing company [ c 1928]
196 1154 557 51 1 p. l., 112f p. 23 ᶜᵐ .
127 1210 52 52 ©
209 1214 110 40 Jan.
347 1213 71 48 27,
446 1212 141 47 1928;
617 1211 68 41 2c.
714 1210 113 42 Feb.
856 1210 52 47 6;
940 1209 83 42 aff.
1053 1210 113 40 Feb.
1193 1209 55 47 4;
1280 1210 42 39 A
1350 1208 232 48 1018694;
1615 1210 51 40 P.
1695 1208 215 49 Nichols,
1941 1209 200 41 Boston.

122 1322 243 63 O’Neill,
401 1323 244 62 Eugene
682 1319 342 64 Gladstone,
1064 1322 172 51 1888-

259 1397 1885 73 … A play, Strange interlude. New York, Boni & Liveright,
123 1484 151 50 1928.

195 1564 86 41 352
312 1575 42 37 p.
415 1563 55 40 21½c
521 1565 28 21 m
554 1595 9 8 .

193 1621 64 41 At
284 1621 124 40 head
439 1620 52 41 of
519 1620 135 41 title:
686 1621 196 46 Eugene
912 1618 200 42 O'Neill.

127 1674 53 53 ©
212 1680 122 39 Mar.
364 1678 40 46 3,
438 1678 140 44 1928;
611 1678 68 41 2c.
712 1679 122 38 Mar.
865 1676 54 47 5;
952 1676 84 42 aff.
1068 1677 122 40 Mar.
1222 1677 53 42 8;
1311 1675 41 40 A
1384 1675 231 47 1069189;
1650 1675 123 41 Boni
1805 1676 37 41 &
1875 1675 267 49 Liveright,

194 1736 92 41 inc.
359 1734 256 50 (28-7769)

120 1829 316 54 Pindarus.

259 1906 1885 56 … Le odi e i frammenti … v. l. Con incisioni di A. de
127 1986 239 55 Carolis.
434 1987 281 69 Bologna,
745 1986 69 54 N.
843 1986 317 53 Zanichelli
1196 1985 175 68 [1927]

195 2068 1949 51 2 p. l., [vii]-xxxii, 270 p., 3 l. plates. 21 ᶜᵐ . ( On cover: I poeti greci,
125 2127 208 43 tradotti
365 2128 63 39 da
460 2128 171 39 Ettore
663 2126 316 49 Romagnoli)

191 2185 65 40 At
284 2185 124 40 head
437 2184 53 41 of
517 2185 136 40 title:
684 2184 230 41 Pindaro.

127 2236 1843 53 © Oct. 15, 1927; 1c. Dec. 5; A—Foreign 36496; Casa editrice N.
199 2242 1927 97 Zanichelli.
429 2297 254 50 (28-7442)

123 2392 205 54 Public
369 2393 244 53 utilities
654 2398 241 63 reports,
938 2390 338 71 containing
1335 2389 279 57 decisions
1674 2392 64 54 of
1778 2393 96 53 the
1932 2393 210 54 Public

196 2472 213 53 service
437 2472 391 53 commissions
856 2472 115 53 and
998 2471 65 54 of
1090 2476 147 50 state
1266 2472 114 52 and
1409 2470 224 54 federal
1660 2477 206 48 courts.
1936 2471 208 55 1927E.

196 2551 204 56 Henry
438 2549 62 55 C.
540 2549 205 70 Spurr,
780 2550 202 53 editor.
1056 2551 330 66 Rochester,
1422 2550 69 54 N.
1530 2551 92 67 Y.,
1659 2549 207 55 Public
1901 2550 245 55 utilities

196 2629 615 68 reports, inc. [ᶜ19 28]
192 2711 124 49 xliii,
347 2711 88 41 960
463 2722 44 38 p.
567 2712 148 40 23½ᶜᵐ.

128 2765 52 52 ©
214 2770 122 39 Mar.
369 2768 72 48 15,
474 2768 142 47 1928;
652 2769 68 41 2c.
754 2769 97 40 and
883 2768 83 42 aff.
1003 2770 122 40 Mar.
1158 2769 86 47 27;
1280 2769 41 39 A
1353 2769 233 45 1068602;
1624 2769 170 41 Public
1829 2769 210 42 utilities
195 2782 1932 92 reports,
375 2825 93 42 inc.

123 2919 223 55 Punch,
424 2939 51 34 v.
507 2919 116 69 174,
652 2939 88 34 no.
770 2923 156 68 4521,
955 2920 134 53 Feb.
1119 2923 84 64 29,
1239 2923 149 50 1928.

127 2999 2016 55 © 1c. Apr. 19, 1928; A ad int. 10926; pubd. Feb. 29; Herbert Heather,
195 3061 214 41 London.

118 3156 149 63 Rau,
299 3155 207 54 Israel.

193 3235 261 55 Wunder
487 3236 119 53 und
640 3240 382 64 naturgesetz,
1057 3254 112 34 von
1207 3236 86 53 dr.
1329 3236 147 53 med.
1513 3236 145 52 Rau.
1731 3239 49 50 2.
1818 3235 153 54 verb.
2010 3236 132 54 aufl.

124 3313 981 69 Köln am Rhein, Müller [19 26]
281 3395 411 49 110 p., 1 l. 20½ᶜᵐ.
538 3453 403 49 CONTENTS.—Naturgesetz.—
942 3454 232 40 Wunder.
1175 3477 61 5 —
1255 3453 130 42 Gott.
1387 3477 60 5 —
1464 3453 434 42 Unsterblichkeit.
1901 3478 57 5 —
124 3455 1995 103 Offenbarung.
390 3510 312 48 Entstehung

734 3512 99 39 und
868 3511 333 48 entwicklung
1234 3513 86 40 der
1353 3512 115 40 erde
1503 3512 99 39 und
1635 3511 137 41 ihrer
1805 3511 336 49 geschöpfe.—

123 3567 238 49 Religion,
391 3567 565 41 naturwissenschaften
987 3569 98 39 und
1116 3570 151 40 Staat.

127 3621 1787 53 © Aug. 15, 1926; 1c. Dec. 3; A —Foreign 35658; Verlag Müller.
204 3681 255 50 (28-7763)

121 3775 188 64 Riley,
338 3775 259 55 William
628 3776 144 54 Bell.

195 3854 122 52 The
350 3854 169 53 Bible
552 3854 65 54 of
648 3855 99 53 the
779 3855 292 69 expositor
1104 3857 114 52 and
1253 3856 99 54 the
1384 3856 333 70 evangelist.
1791 3856 117 56 Old
125 3858 1990 126 Testament.
362 3951 52 33 v.

446 3933 1631 73 6. I & II Kings, I & II Chronicles, by W. B. Riley …
126 4010 1309 72 Cleveland, O., Union gospel press [ c 1928]
