2498 4384
1138 4110 101 50 905

166 460 201 61 Malet,
398 458 229 53 Albert.

297 528 1872 70 … XVII ᵉ & XVIII ᵉ siècles. Ouvrage rédigé conformément aux
172 633 390 51 programmes
588 614 73 51 du
688 616 29 47 3
744 611 125 68 juin
900 613 148 49 1925.
1114 608 191 54 Classe
1333 608 66 51 de
1426 607 250 52 seconde.
1741 607 185 63 Paris,
170 606 1977 141 Librairie

280 693 512 64 Hachette [ ᶜ19 28]
239 769 1058 54 viii, 650 p. illus., ports., maps. 19 ᶜᵐ .
173 829 53 51 ©
255 833 109 40 Feb.
391 832 58 38 22,
489 830 140 42 1928;
717 861 8 8 1c.
754 830 121 39 Mar.
903 828 82 46 30;
1016 827 101 39 A—
1120 826 208 48 Foreign
1356 825 115 41 38408;
1559 825 242 40 Librairie
1829 825 257 41 Hachette.

168 924 305 63 Marshall,
505 924 157 52 Leon
695 922 243 61 Carroll,
973 924 169 49 1879-

236 996 1936 74 The story of human progress, by Leon C. Marshall … New
167 1079 179 67 York,
373 1082 123 51 The
521 1080 337 53 Macmillan
885 1095 299 50 company,
1214 1079 149 50 1928.

236 1165 49 38 ix
315 1175 56 37 p.,
400 1164 26 39 2
475 1195 22 14 l.,
525 1162 144 41 3-445
699 1173 42 36 p.
803 1162 142 43 illus.,
975 1160 180 46 diagrs.
1215 1159 147 40 20½ᶜᵐ.

177 1218 52 53 ©
265 1224 114 45 May
412 1221 58 40 29,
573 1220 59 41 1928;
692 1219 69 41 2c.
796 1220 95 38 and
926 1218 83 41 aff.
1044 1219 114 46 May
1192 1217 83 43 31;
1312 1217 40 38 A
1387 1216 230 47 1079013;
1656 1216 284 40 Macmillan
1974 1226 67 30 co.
2124 1212 52 53 [©

242 1290 107 29 new
373 1279 97 39 and
495 1277 191 40 revised
712 1276 243 48 material]
1028 1274 282 49 (28-14217)

169 1373 174 62 Mary
381 1370 241 62 Esther,
664 1371 199 68 Sister,
906 1373 171 49 1885-

242 1449 366 70 Integration
639 1447 64 54 of
733 1447 354 69 personality
1119 1446 64 53 of
1214 1446 98 53 the
1345 1444 296 56 Christian
1675 1445 244 69 teacher,
1950 1445 77 70 by
174 1445 1982 135 Sister

175 1523 1979 150 Mary Esther, O. S. F.; introduction by Dr. Edward A. Fitzpatrick … Milwaukee,
958 1604 161 67 Wis.,
1152 1603 122 53 The
1308 1604 185 52 Bruce
1527 1601 338 71 publishing
1898 1620 282 53 company

179 1686 192 65 [ ᶜ19 28 ]
245 1763 1935 51 3 p. l ., [3]-113 p. 18½ᶜᵐ. (Half-title: The Marquette monographs on
174 1822 285 46 education)

245 1878 381 49 Bibliography:
657 1889 43 38 p.
737 1878 247 49 [111]-113.

178 1934 52 51 ©
257 1938 113 47 Apr.
398 1937 70 46 13,
497 1936 140 46 1928;
667 1936 67 41 2c.
763 1937 97 38 and
887 1935 81 41 aff.
999 1936 114 47 May
1140 1935 83 47 18;
1254 1935 41 39 A
1323 1934 205 41 1074607;
1584 1936 158 40 Bruce
1771 1936 109 47 pub.
1909 1946 68 31 co.

257 1992 281 51 (28-14570)

174 2087 212 62 Minor,
417 2086 192 64 Ruby.

241 2163 1939 73 Fun at Sunnyside farm, by Ruby Minor … illustrated by
171 2244 235 69 Kayren
435 2244 244 67 Draper.
757 2244 236 66 Boston,
1022 2244 139 51 New
1192 2243 166 52 York
1410 2249 121 60 [etc.]
1569 2241 156 56 Ginn
1756 2244 115 52 and
1900 2260 277 52 company

177 2325 192 64 [ ᶜ19 28]
276 2437 8 15 v,
315 2406 70 49 [1],
414 2405 84 41 166
526 2416 43 38 p.
630 2406 86 39 col.
745 2405 129 40 illus.
934 2406 146 39 19½ᶜᵐ.

181 2459 53 52 ©
267 2463 126 40 June
424 2463 39 44 5,
497 2463 140 41 1928;
670 2463 68 40 2c.
771 2465 96 39 and
899 2461 83 42 aff.
1013 2463 128 39 June
1172 2462 54 40 13;
1290 2462 42 38 A
1363 2461 230 42 1077781;
1629 2462 56 40 R.
1720 2462 173 48 Minor,
1927 2463 252 47 Berkeley,

253 2520 144 41 Calif.
470 2519 280 49 (28-15166)

177 2599 442 62 Mittermüller,
652 2599 247 63 Rupert.

242 2677 135 53 Life
405 2678 112 52 and
545 2678 159 52 work
729 2677 64 53 of
818 2678 95 52 the
941 2678 184 68 Right
1151 2678 300 52 Reverend
1480 2677 222 70 George
1731 2678 250 53 Michael
174 2678 1986 142 Wittmann,

395 2756 1547 68 bishop of Ratisbon, by Rev. R. Mittermueller, O. S. B.;
175 2835 316 53 translated
520 2833 153 54 from
700 2835 96 52 the
827 2833 250 56 German
1104 2835 75 68 by
1208 2853 33 33 a
1270 2835 191 52 school
1491 2834 166 54 sister
1685 2833 65 54 of
1776 2835 180 52 Notre
1983 2836 199 52 Dame.

175 2913 360 66 Milwaukee,
568 2913 162 67 Wis.,
766 2913 121 53 The
923 2914 185 52 Bruce
1145 2912 338 70 publishing
1518 2931 299 51 company,
1856 2916 150 50 1928.

245 2996 85 40 202
359 3007 44 37 p.
463 2995 164 42 front.,
660 2996 172 46 plates,
862 2997 149 46 ports.
1073 2994 146 41 20½ᶜᵐ.

185 3049 53 52 ©
267 3055 122 39 Mar.
420 3055 38 46 7,
487 3053 114 40 1928;
657 3053 71 39 2c.
754 3053 96 39 and
879 3052 82 41 aff.
991 3053 123 39 Mar.
1143 3052 58 40 16;
1258 3053 42 38 A
1327 3051 205 42 1068347;
1591 3053 159 40 Bruce
1778 3052 109 48 pub.
1917 3063 69 30 co.

262 3109 282 49 (28-15194)

179 3189 240 63 Nelson,
449 3189 252 54 Michael
731 3189 199 53 Louis.

252 3269 300 69 Millinery
579 3267 482 70 merchandising,
1086 3269 77 69 by
1189 3268 252 54 Michael
1466 3268 176 54 Louis
1669 3268 229 54 Nelson.
185 3268 1978 147 Minneapolis,

410 3345 1182 69 Minn., The Colwell press, inc. [ ᶜ19 28]
254 3427 305 49 92 p. 20 ᶜᵐ .
186 3482 52 51 ©
263 3487 126 39 June
413 3487 39 47 1,
476 3485 117 41 1928;
642 3486 67 41 2c.
733 3487 129 39 June
883 3487 26 39 5;
962 3486 81 41 aff.
1068 3487 132 39 June
1217 3488 29 37 4;
1298 3487 41 39 A
1361 3487 204 40 1074862;
1620 3488 63 40 M.
1707 3487 51 41 L.
1782 3488 193 42 Nelson,
255 3488 1911 102 Minneapolis.

497 3542 280 49 (28-14501)

184 3621 268 63 O’Brien,
483 3621 410 64 Philadelphia
925 3623 165 61 Jack,
1128 3623 173 53 1878-

251 3700 1935 69 Boxing, by Philadelphia Jack O’Brien … in collaboration
182 3778 2005 145 with S. E. Bilik … illustrated with photographs from moving-picture
428 3856 164 53 films.
657 3860 139 52 New
825 3858 179 62 York,
1031 3859 260 61 London,
1320 3857 62 55 C.
1413 3857 313 56 Scribner’s
1753 3878 147 49 sons,
1929 3863 152 50 1928.

253 3939 1054 50 xii p., 1 l., 218 p. front., plates. 19 ᶜᵐ .
194 3992 52 52 ©
273 3997 114 48 Apr.
416 3998 57 38 27,
515 3997 140 41 1928;
685 3998 68 41 2c.
783 3999 114 46 May
925 3998 53 47 5;
1011 3998 81 41 aff.
1123 4000 115 46 May
1265 3999 54 42 3;
1351 3999 42 38 A
1420 3998 230 42 1077083;
1684 3998 203 41 Charles
1920 3999 267 41 Scribner’s

265 4064 125 30 sons.
463 4054 279 47 (28-14792)
