2498 4384
1003 4131 135 51 1813

103 462 262 61 Duncan,
403 460 263 64 Isadora,
709 461 327 54 1878-1927.

169 539 120 53 The
322 545 91 45 art
446 538 64 52 of
544 539 96 52 the
674 539 176 52 dance
889 538 110 69 [by]
1040 539 241 52 Isadora
1315 539 263 68 Duncan,
1614 540 208 68 edited,
1857 541 141 52 with
2036 561 74 33 an

98 616 390 53 introduction
528 616 76 68 by
647 614 255 56 Sheldon
948 615 246 70 Cheney.
1271 617 139 53 New
1456 617 181 68 York,
1680 618 249 53 Theatre
1971 624 139 64 arts,

98 695 123 66 inc.,
256 696 149 50 1928.

167 775 1539 51 6 p. l., 147 p., 1 l. front., illus., plates, ports. 27½ ᶜᵐ .
167 833 236 40 “Limited
436 832 227 42 edition.”

163 891 43 39 A
242 890 254 39 memorial
537 891 190 38 volume
767 890 270 48 consisting
1073 890 52 40 of
1164 900 169 38 essays
1374 890 60 48 by
1473 891 207 40 Isadora
1719 892 220 47 Duncan,

97 892 1992 95 forewords
282 947 61 47 by
368 947 57 39 R.
453 947 219 47 Duncan,
702 947 304 47 Margherita
1034 947 221 47 Duncan,
1285 948 140 47 Mary
1457 948 51 40 F.
1536 948 222 46 Roberts,
1787 949 95 39 and
1911 949 167 40 others:

96 1004 118 40 with
257 1003 371 48 reproductions
672 1003 52 40 of
767 1003 210 48 original
1023 1003 248 48 drawings
1315 1003 59 48 by
1421 1004 50 40 L.
1519 1005 169 47 Bakst,
1733 1006 54 39 A.
1833 1006 274 47 Bourdelle,

95 1061 42 40 J.
187 1060 159 47 Clara,
396 1060 97 40 and
539 1061 180 47 others,
766 1060 98 39 and
912 1060 121 40 with
1079 1061 333 47 photographs
1459 1061 60 48 by
1568 1062 51 41 A.
1669 1061 189 41 Genthe
1907 1063 96 39 and
2051 1063 54 41 E.

96 1117 236 41 Steichen.

101 1170 2002 53 © Nov. 3, 1928; 2c. Nov. 15; aff. Nov. 14; A 627; Helen Hackett, inc.,
166 1232 118 38 New
313 1231 146 40 York.
528 1229 282 50 (28-28374)

92 1323 2013 70 The Expositor’s ministers annual … a companion volume for
160 1418 31 35 a
219 1401 202 68 yearly
449 1400 386 68 subscription
866 1406 58 47 to
953 1400 98 53 the
1082 1401 333 67 Expositor,
1444 1402 98 52 the
1570 1402 307 53 minister’s
157 1420 1922 126 magazine;

351 1480 105 50 324
491 1477 250 70 original
777 1497 269 49 sermons,
1081 1480 286 67 arranged
1403 1479 60 52 in
1502 1482 65 49 52
1603 1480 265 68 chapters
1907 1479 94 53 for
2037 1484 66 47 52

159 1556 181 53 weeks
388 1556 62 53 in
495 1556 97 53 the
640 1556 270 53 calendar
955 1574 165 51 year;
1173 1559 67 50 52
1291 1556 238 69 Sunday
1579 1557 212 54 service
1840 1558 263 67 outlines,

156 1635 249 68 thought
438 1632 356 55 stimulators
828 1634 113 52 and
973 1634 389 68 suggestions;
1401 1638 27 48 1
1462 1636 238 67 chapter
1732 1635 64 54 of
1830 1639 65 49 12
159 1636 1918 129 original

284 1712 1818 70 communion sermons … 1929. Cleveland, F. M. Barton
159 1810 300 49 company,
492 1791 108 53 inc.
749 1794 84 64 [ᶜ1928]

159 1872 779 51 2 p. l., vii-xxxii, 508 p. 22½ᶜᵐ.
91 1931 171 40 Editor:
322 1930 128 47 1929,
482 1930 44 41 J.
557 1930 63 41 M.
651 1930 226 48 Ramsey.

93 1984 51 52 ©
173 1987 119 41 Nov.
318 1987 41 48 3,
388 1986 116 41 1928;
560 1987 68 40 2c.
656 1987 119 40 Nov.
804 1988 27 39 7;
890 1986 83 42 aff.
1001 1987 119 40 Nov.
1151 1986 26 40 8;
1235 1987 42 39 A
1303 1987 116 40 1547;
1477 1987 53 42 F.
1560 1988 64 40 M.
1653 1988 190 40 Barton
1870 1998 84 39 co.,
159 1989 1922 102 publishers,
382 2043 93 42 inc.
546 2042 281 50 (28-27968)

85 2137 407 63 Farnsworth,
529 2136 188 53 Marie
755 2136 194 55 Anna.

154 2214 122 53 The
303 2215 204 68 theory
536 2215 113 52 and
677 2214 301 69 technique
1006 2214 66 53 of
1097 2214 387 69 quantitative
1513 2215 269 69 analysis,
1809 2216 76 69 by
1912 2216 188 53 Marie

85 2292 2014 70 Farnsworth … New York, J. Wiley & sons, inc.; London,
87 2369 300 71 Chapman
417 2372 46 52 &
489 2370 162 66 Hall,
681 2371 123 68 ltd.,
838 2373 151 52 1928.

151 2454 1426 49 2 p. l., iii-vii, 154 p. illus., diagrs. 24ᶜᵐ. $2.50
91 2507 50 53 ©
174 2512 119 40 Nov.
326 2513 40 46 2,
400 2512 142 47 1928;
578 2512 68 40 2c.
678 2512 120 40 Nov.
831 2512 82 47 10;
952 2511 82 41 aff.
1068 2511 120 41 Nov.
1223 2512 54 46 8;
1314 2512 44 39 A
1387 2512 143 48 1610;
1568 2512 157 40 Marie
1761 2512 335 50 Farnsworth,

155 2569 119 40 New
303 2569 146 40 York.
520 2568 282 50 (28-27880)

83 2649 245 52 Federal
359 2649 204 71 digest,
593 2651 269 69 covering
892 2650 278 54 decisions
1200 2650 66 54 of
1292 2651 97 52 the
1417 2650 219 55 United
1668 2651 190 55 States
1887 2657 210 63 courts,

153 2730 267 67 reported
465 2729 61 52 in
570 2730 244 52 Federal
856 2734 277 63 reporter,
1176 2730 140 53 vols.
1364 2732 198 65 1-300;
1613 2729 278 70 Supreme
1934 2734 164 49 court

151 2814 275 62 reporter,
453 2811 137 48 1-44;
643 2807 220 54 United
889 2807 189 55 States
1102 2813 242 64 reports,
1370 2810 240 50 106-265;
1666 2808 288 70 Lawyers’
150 2809 1921 144 edition,

330 2886 220 54 United
596 2885 189 56 States
829 2891 240 63 reports,
1112 2885 202 69 27-68;
1361 2886 232 69 Appeal
1634 2906 168 50 cases,
1846 2888 250 54 District

152 2965 64 52 of
254 2964 303 55 Columbia
594 2968 242 69 reports,
872 2964 236 67 49-*55;
1150 2963 224 56 Circuit
1411 2971 190 49 courts
1638 2965 65 55 of
1739 2966 235 69 appeals
152 2985 1919 125 reports,

397 3043 140 53 1-171
586 3042 123 70 (*in
744 3042 160 69 part)
986 3062 50 33 v.
1076 3047 78 49 15.
1192 3044 180 52 Table
1405 3044 65 53 of
1504 3063 165 35 cases.
1744 3045 108 53 Ed.
1889 3045 76 69 by
1997 3047 99 53 the

151 3120 1944 73 editorial staff of the American digest system … St. Paul,
146 3200 159 54 West
338 3199 338 69 publishing
709 3218 97 51 co.,
843 3203 150 51 1928.

151 3281 712 49 1 p. l., 16641-18079 p. 26 ᶜᵐ.
87 3332 50 53 ©
167 3337 101 42 Oct.
296 3338 69 48 17,
393 3337 143 47 1928;
567 3338 68 41 2c.
663 3338 119 41 Nov.
812 3338 82 47 12;
927 3338 83 42 aff.
1039 3339 119 41 Nov.
1188 3339 84 48 10;
1304 3340 42 39 A
1375 3340 112 47 544;
1519 3341 136 40 West
1685 3341 110 47 pub.
1826 3351 68 30 co.

81 3474 267 63 Fosdick,
378 3475 311 62 Raymond
722 3474 225 65 Blaine,
983 3481 170 49 1883-

79 3551 1987 133 The old savage in the new civilization, by Raymond B. Fosdick … Garden
652 3630 157 70 City,
845 3631 69 53 N.
954 3631 90 65 Y.,
1080 3633 360 69 Doubleday,
1474 3634 201 52 Doran
1709 3636 46 50 &
1790 3652 300 50 company,

78 3706 124 69 inc.,
236 3711 150 50 1928.

146 3790 569 50 ix p., 1 l., 239 p. 19½ᶜᵐ.
147 3847 1887 52 “The chapters in this book were prepared for college audiences …
78 3903 265 41 Addresses
382 3905 139 43 have,
557 3905 122 40 with
716 3905 98 40 few
850 3906 371 43 modifications,
1262 3907 118 40 been
1417 3907 93 41 left
1547 3907 293 49 practically
1877 3918 55 30 as
1970 3909 117 47 they

78 3968 122 32 were
237 3960 630 45 delivered.”—Foreword.

146 4016 162 43 “First
338 4018 229 42 edition.”

147 4073 349 43 “References”:
559 4087 43 36 p.
632 4074 221 43 235-239.
