2498 4384
1129 4062 137 50 1903

160 409 275 63 Thomas,
473 408 273 63 Edward,
785 406 170 55 1877-
1172 404 84 53 ed.

245 484 231 66 Quaker
512 485 367 65 adventures;
920 481 358 70 experiences
1317 477 64 54 of
1420 477 401 70 twenty-three
175 474 1969 143 adventurers

287 564 59 52 in
373 561 411 54 international
810 558 476 69 understanding,
1313 556 189 54 edited
1529 554 77 69 by
1635 553 254 54 Edward
1919 552 250 52 Thomas

237 630 1932 77 … New York, Chicago [etc. ] Fleming H. Revell company
180 721 191 65 [ ᶜ192 8 ]
243 799 337 49 221 p. 21 ᶜᵐ .
247 846 1926 57 “The stories … were gathered and edited for broadcasting, in the
177 912 107 41 first
311 915 112 45 part
452 911 52 41 of
532 911 83 40 the
644 920 119 37 year
790 909 127 48 1928,
949 911 52 40 at
1032 910 80 39 the
1143 908 197 48 request
1369 906 51 41 of
1450 907 82 40 the
1561 906 341 47 management
1933 904 51 41 of
2016 903 157 41 Radio

177 968 182 41 station
388 968 156 41 WGL.
572 967 51 41 of
647 968 117 39 New
791 966 132 40 York
950 963 338 51 city.”—Pref.

172 1020 1895 55 © Oct. 20, 1928: 2c. and aff. Nov. 23; A 1925; Fleming H. Revell co.
251 1081 281 50 (28-29465)

171 1176 282 64 Tileston,
479 1177 139 52 Mrs.
645 1176 131 51 Mary
845 1173 221 55 Wilder
1100 1172 244 66 (Foote)
1382 1175 171 51 1843-
1774 1188 180 51 comp.

241 1255 249 69 Prayers
520 1253 226 53 ancient
776 1252 111 52 and
920 1252 253 67 modern,
1202 1250 240 53 selected
1471 1248 76 70 by
1576 1249 171 68 Mary
1775 1248 225 54 Wilder
171 1246 1984 139 Tileston.

390 1330 140 55 New
558 1332 112 51 and
699 1348 113 35 rev.
840 1330 84 53 ed.
1000 1330 236 65 Boston,
1262 1327 196 67 Little,
1484 1327 230 68 Brown,
1741 1326 113 53 and
1881 1343 300 52 company,

174 1413 151 50 1928.

275 1491 517 51 x p., 1 l., 380 p. 15 ½ᶜᵐ.
176 1546 53 52 ©
258 1550 104 42 Oct.
387 1549 71 43 27,
486 1549 142 41 1928:
656 1549 69 39 2c.
753 1548 119 39 Nov.
899 1548 20 39 1;
982 1545 85 42 aff.
1094 1546 119 41 Nov.
1289 1556 9 36 6;
1328 1545 41 39 A
1396 1546 114 45 481;
1542 1544 63 40 M.
1634 1544 73 41 W.
1736 1544 232 42 Tileston,

243 1543 1921 111 Brookline,
386 1607 150 39 Mass.
602 1604 283 50 (28-25929)

174 1699 229 65 Ufford,
445 1699 219 55 Celian.

174 1771 1986 156 Training for college speakers, by Celian Ufford … Boston,
326 1855 1133 73 Mass., Expression company [ ᶜ192 8 ]
253 1937 446 50 xii, 335 p. 23 ᶜᵐ .
181 1992 51 52 ©
262 1996 102 41 Oct.
389 1996 71 47 20,
489 1995 141 48 1928;
659 1996 67 39 2c.
754 1996 120 40 Nov.
901 1994 49 41 21;
1015 1993 82 41 aff.
1124 1994 121 41 Nov.
1273 1994 82 46 17;
1386 1993 41 40 A
1453 1992 142 49 1847;
1627 1992 296 49 Expression
1953 2004 69 30 co.

259 2051 280 51 (28-29247)

178 2146 71 54 U.
280 2146 57 54 S.
412 2146 280 68 Supreme
722 2151 177 48 court.

311 2220 1877 75 … Official reports … v. 276 U. S. Pages 449 to 640. v. 277
178 2303 72 53 U.
284 2301 56 56 S.
406 2304 185 67 Pages
623 2306 28 49 1
680 2307 59 48 to
770 2304 117 50 320.
952 2301 177 70 April
1158 2304 47 65 9,
1239 2304 133 51 1928
1414 2300 87 69 (in
1532 2300 161 70 part)

1733 2306 59 48 to
1823 2301 113 52 and
179 2299 1984 151 including
331 2379 87 71 (in
459 2379 160 71 part)
670 2380 140 70 May
851 2384 85 63 21,
979 2383 150 51 1928.
1214 2379 292 68 [Advance

1549 2378 184 55 sheets
1774 2378 227 55 service.
179 2379 1985 149 Reprints]
451 2460 140 53 New
616 2458 181 69 York,
823 2460 70 53 N.

921 2459 91 62 Y.,
1038 2459 121 53 The
1185 2458 200 54 Banks
1408 2460 111 51 law
1545 2457 338 70 publishing
1909 2475 274 53 company

185 2541 192 65 [ ᶜ192 8]
251 2620 681 51 cover-title, [136] p. 26 ᶜᵐ .
185 2673 52 52 ©
264 2676 113 42 Dec.
401 2677 41 48 1,
469 2677 141 47 1928;
637 2678 68 40 2c.
731 2678 96 39 and
854 2677 82 42 aff.
963 2677 114 41 Dec.
1102 2677 54 46 5;
1186 2677 40 39 A
1251 2676 143 47 2052;
1424 2676 168 43 Banks
1619 2678 97 39 law
1743 2677 110 48 pub.
1881 2689 68 29 co.

181 2785 268 67 Valente,
491 2787 173 64 John,
705 2788 85 52 ed.

259 2864 440 68 [Introduction]
730 2865 76 69 by
831 2864 156 55 John
1013 2866 247 52 Valente
1291 2865 75 67 [in
1393 2865 99 53 the
1515 2864 149 55 book
1690 2865 258 67 entitled]
1979 2864 215 56 Leaves

184 2939 1671 75 of grass, by Walt Whitman … New York, The Macmillan
182 3038 299 52 company,
518 3024 151 51 1928.

256 3100 1930 57 xxx p., 2 l., 505 p. incl. front. 18½ ᶜᵐ . (The modern readers’ series)
189 3153 1682 57 © Nov. 13, 1928; 2c. and aff. Nov. 14; A 616: Macmillan co.
183 3253 130 53 Van
351 3254 269 66 Schaick,
656 3253 174 67 John,
868 3256 172 55 1873-

264 3330 219 55 Nature
515 3333 286 68 cruisings
830 3338 59 48 to
922 3333 98 54 the
1053 3334 97 53 old
1182 3334 169 54 home
1380 3340 155 47 town
1570 3335 115 53 and
1719 3336 96 52 the
1851 3335 179 53 Little
2066 3335 130 53 Hill

197 3404 1653 80 farm, by John Van Schaick, jr. … Boston, Mass.,
1884 3414 123 54 The
195 3413 1979 143 Murray
326 3504 177 51 press,
535 3491 151 50 1928.

263 3568 87 41 448
379 3579 45 37 p.
482 3569 165 42 front.,
676 3570 172 47 plates.
908 3570 118 43 19ᶜᵐ.

192 3618 2006 68 © Nov. 10, 1928; 2c. and aff. Nov. 16; A 1871; Universalist pub. house,
261 3682 199 43 Boston.
526 3683 281 51 (28-29351)

190 3775 289 56 Vermont
508 3777 308 55 historical
848 3779 244 66 society.

258 3851 1944 85 Proceedings … for the years 1926-1927-1928. [Montpelier,
189 3930 952 77 Vt., Capital city press, ᶜ192 8]
