2498 4384
1351 4113 135 50 1654

501 567 9 16 x,
540 535 88 40 348
655 546 43 37 p.
758 535 54 39 21½ᶜᵐ.

402 587 53 53 ©
490 592 102 40 Oct.
626 591 68 48 18,
729 591 117 40 1928;
906 592 67 40 2c.
1007 592 96 39 and
1136 590 83 40 aff.
1256 590 103 41 Oct.
1390 590 56 39 25;
1509 591 41 38 A
1585 589 140 48 1244;
1763 589 263 49 Harcourt,
2062 591 157 39 Brace
2252 591 37 40 &
2321 601 82 37 co.,

470 649 93 41 inc.
632 647 282 50 (28-24816)

399 725 316 65 Charnley,
752 725 266 54 Mitchell
1055 725 69 54 V.

399 803 1985 149 The boy’s life of the Wright brothers, by Mitchell V. Charnley …
649 881 1622 69 New York and London, Harper & brothers [ ᶜ1 928]
469 964 1164 49 ix p., 1 l., 291 p. front., plates, ports. 19 ᶜᵐ.
405 1018 53 52 ©
486 1022 102 41 Oct.
615 1021 68 48 19,
709 1021 115 40 1928;
879 1022 68 40 2c.
976 1021 102 41 Oct.
1106 1021 56 40 18;
1217 1020 83 42 aff.
1327 1020 103 43 Oct.
1457 1021 55 40 20;
1569 1022 41 38 A
1637 1021 114 41 1086;
1808 1021 195 49 Harper
2031 1025 38 40 &
2094 1022 126 40 bros.

484 1078 282 49 (28-24601)

401 1158 257 65 Chilton,
690 1158 338 53 Alexander
1061 1157 288 65 Wheeler,
1385 1163 170 50 1886-

472 1238 56 52 A
550 1238 161 53 West
735 1236 285 53 Pointer’s
1045 1236 202 68 honor,
1272 1235 75 70 by
1371 1237 195 68 Major
1589 1237 72 52 A.
1685 1238 91 53 W.
1805 1236 257 69 Chilton,
2088 1239 325 52 illustrated

405 1316 72 69 by
509 1316 205 55 Victor
744 1315 160 52 Hall.
980 1314 139 53 New
1152 1315 165 52 York
1351 1316 113 51 and
1498 1315 261 68 London,
1791 1316 237 67 Harper
2060 1318 45 50 &
2136 1316 280 68 brothers,

407 1396 148 51 1928.

472 1476 993 49 4 p. l. , 267, [1] p. front., plates. 19½ ᶜᵐ.
409 1529 52 53 ©
492 1534 102 40 Oct.
622 1533 69 48 19,
719 1533 116 40 1928;
891 1533 68 41 2c.
990 1533 102 40 Oct.
1120 1533 55 40 18;
1234 1532 83 42 aff.
1347 1532 103 42 Oct.
1478 1533 61 40 20;
1593 1534 41 38 A
1661 1533 115 41 1085;
1835 1534 195 47 Harper
2059 1533 37 40 &
2124 1534 125 39 bros.

487 1590 282 50 (28-24570)

404 1671 243 63 Cooper,
683 1670 204 53 James
923 1670 332 65 Fenimore,
1293 1671 327 54 1789-1851.

402 1748 1992 133 … The last of the Mohicans, by J. Fenimore Cooper, illustrated
622 1828 1573 69 by Peter Hurd. Philadelphia, D. McKay [ ᶜ1 928]
476 1910 1941 49 ix p., 1 l., 11-437 p. incl. col. front, col. plates. 19½ᶜᵐ. (The golden
403 1969 175 48 books)

412 2022 52 52 ©
492 2025 128 48 Sept.
644 2024 69 47 10,
736 2024 115 41 1928;
903 2025 69 39 2c.
996 2025 97 39 and
1117 2024 82 41 aff.
1225 2024 104 40 Oct.
1350 2024 57 39 24;
1461 2025 41 38 A
1525 2024 84 39 191;
1665 2024 161 40 David
1851 2024 190 48 McKay
2067 2034 68 31 co.
2191 2020 70 53 [©
2286 2024 133 49 eight

477 2082 192 40 colored
700 2081 347 49 illustrations]
1121 2080 282 49 (28-24569)

407 2163 243 63 Cooper,
688 2162 180 64 Lane,
910 2162 171 54 1875-
1302 2181 179 51 comp.

476 2240 57 53 A
576 2240 383 53 concordance
1004 2239 64 53 of
1113 2240 307 68 Boethius;
1466 2241 95 52 the
1606 2240 110 54 five
1759 2240 345 70 theological
2148 2246 272 48 tractates

406 2319 115 52 and
553 2318 98 53 the
683 2317 373 55 Consolation
1087 2316 66 54 of
1185 2317 367 70 philosophy,
1584 2318 284 69 compiled
1898 2318 76 70 by
2005 2319 159 53 Lane
2198 2318 223 70 Cooper

470 2396 1951 71 … Cambridge, Mass., The Mediaeval academy of America,
409 2480 151 50 1928.

477 2557 1943 50 xii, 467 p. 25 ᶜᵐ. (Half-title: The Mediaeval academy of America.
408 2615 309 42 Publication
747 2626 75 29 no.
854 2614 51 48 1)

482 2673 129 40 “The
641 2672 133 40 basic
806 2674 105 37 text
941 2671 42 39 is
1014 2671 110 40 that
1152 2671 52 40 of
1235 2671 142 40 Rand
1405 2671 50 39 in
1485 2672 83 39 the
1597 2672 192 40 volume
1817 2673 61 47 by
1910 2671 213 41 Stewart
2152 2673 96 39 and
2279 2674 140 39 Rand

407 2727 1961 49 in the Loeb classical library: Boethius: the theological tractates; …
408 2783 2013 49 the Consolation of philosophy. … London and New York, 1918.”— Bref.
482 2843 130 39 “The
645 2852 210 38 expense
886 2841 53 40 of
971 2840 283 49 publishing
1286 2839 98 40 this
1418 2841 192 39 volume
1644 2851 100 29 was
1779 2841 147 39 borne
1959 2841 61 47 by
2054 2852 28 29 a
2115 2845 146 45 grant
2292 2842 129 40 from

409 2902 83 38 the
524 2899 281 40 Heckscher
834 2897 295 41 foundation
1159 2897 80 39 for
1271 2897 81 39 the
1384 2897 352 40 advancement
1767 2897 52 40 of
1849 2898 242 47 research,
2122 2899 299 39 established

409 2957 62 46 by
498 2956 191 48 August
717 2955 281 40 Heckscher
1026 2957 53 37 at
1108 2953 194 41 Cornell
1332 2952 316 48 university.”

418 3009 52 52 ©
502 3012 102 41 Oct.
633 3011 40 48 9,
702 3011 115 41 1928;
874 3011 69 41 2c.
975 3010 102 40 Oct.
1107 3010 54 38 11;
1222 3009 84 41 aff.
1337 3009 102 41 Oct.
1470 3008 55 40 10;
1584 3009 41 38 A
1655 3008 203 41 1054905;
1919 3010 50 40 L.
2003 3009 197 49 Cooper,
2234 3010 186 48 Ithaca,

486 3068 56 42 N.
572 3070 54 39 Y.
694 3066 282 52 (28-24752)

437 3133 237 64 [Coplon,
703 3132 309 53 Abraham
1043 3131 248 68 George]
1329 3132 171 54 1887-

482 3211 142 52 Man
656 3210 186 53 alive!
881 3228 73 34 an
988 3209 251 69 analysis
1273 3208 65 53 of
1370 3209 95 52 the
1497 3209 215 52 human
1745 3209 276 69 struggle,
2051 3209 77 69 by
2159 3209 266 53 Avrhum

413 3288 255 56 Gedalue
729 3288 208 67 [pseud.]
1020 3287 273 69 Chicago,
1321 3286 176 53 Acme
1528 3287 133 67 pub.
1691 3305 98 50 co.,
1820 3290 151 50 1928.

482 3370 718 50 2 p. l., vii-xiii, 405 p. 21½ ᶜᵐ.
422 3425 52 52 ©
503 3429 128 48 Sept.
659 3428 38 48 8,
724 3428 141 47 1928;
892 3428 67 40 2c.
987 3429 97 38 and
1110 3427 82 41 aff.
1223 3427 129 47 Sept.
1379 3425 81 47 12;
1491 3426 40 38 A
1557 3425 230 48 1054974;
1817 3427 251 39 Abraham
2097 3426 183 49 George
508 3426 1900 108 Coplon,

615 3485 224 48 Chicago.
910 3483 281 50 (28-24808)

418 3550 292 64 Crannell,
743 3549 257 55 William
1034 3550 64 53 P.

487 3628 288 53 Practical
802 3628 333 68 estimating
1162 3626 95 53 for
1283 3627 255 68 painters
1565 3627 113 52 and
1707 3627 323 53 decorators;
2090 3647 31 33 a
2149 3627 276 68 complete

417 3706 314 67 text-book,
766 3706 270 68 covering
1070 3705 77 52 all
1182 3705 96 53 the
1313 3723 283 50 processes
1633 3705 113 52 and
1782 3705 268 53 elements
2088 3704 65 54 of
2188 3723 72 35 an
418 3705 1983 131 estimate

596 3782 1827 70 for painting and decorating … By William P. Crannell
482 3860 1160 69 … Chicago, F. J. Drake & co. [ ᶜ1 928]
488 3942 1427 50 1 p. l. , 5-158 p. incl. illus., plates, plans, diagrs. 19½ ᶜᵐ.
426 3997 52 52 ©
508 4000 103 41 Oct.
638 4001 69 46 12,
737 4000 142 46 1928;
909 4000 68 41 2c.
1008 4001 102 40 Oct.
1138 4000 83 47 20;
1255 4000 82 41 aff.
1368 4000 103 41 Oct.
1500 4000 82 47 15;
1614 4000 41 39 A
1684 3999 111 47 149;
1828 4000 264 40 Frederick
2121 4000 44 41 J.
2196 4000 165 39 Drake
2392 4000 36 40 &

492 4068 68 30 co.
631 4057 281 49 (28-24599)
