2498 4384
1011 4128 100 52 805

71 457 193 62 Clark,
294 456 190 53 David
513 457 133 60 Lee,
676 456 83 52 ed.

148 533 438 68 [Introduction]
635 534 72 67 by
751 531 190 54 David
986 531 107 52 Lee
1139 529 179 55 Clark
1380 530 58 51 [in
1483 530 96 52 the
1617 529 146 53 book
1806 527 257 67 entitled]

73 614 200 68 Edgar
317 612 258 68 Huntly;
625 631 80 44 or,
750 609 271 53 Memoirs
1068 607 64 54 of
1177 627 31 33 a
1255 607 410 71 sleep-walker,
1710 607 76 68 by
1833 605 236 54 Charles

68 691 300 52 Brockden
397 692 228 50 Brown.
701 689 137 51 New
867 687 179 57 York,
1074 686 122 52 The
1223 686 335 52 Macmillan
1586 701 298 52 company,
1916 687 148 49 1928.

138 772 138 48 xxiii,
306 772 56 41 308
423 783 42 38 p.
526 772 146 41 18½ᶜᵐ.

73 827 52 52 ©
158 832 79 37 May
303 830 70 47 29,
407 828 143 47 1928;
584 830 68 39 2c.
686 829 96 39 and
815 827 82 42 aff.
932 828 114 47 May
1078 826 83 48 31;
1195 827 44 38 A
1271 825 230 47 1079606;
1538 825 282 40 Macmillan
1853 835 69 31 co.

69 939 175 54 Cook.
281 938 124 65 (T.)
442 938 148 69 firm,
616 938 341 68 publishers,
986 936 259 53 London.

147 1014 852 69 (1928. Thos. Cook & son)
132 1095 122 52 The
304 1112 263 50 supreme
615 1093 553 53 travel-adventure:
1219 1092 221 52 around
1488 1092 97 52 the
1633 1091 182 52 world
1865 1091 61 52 in
1974 1091 97 53 the

61 1171 394 54 “Franconia”
489 1174 161 65 1929;
688 1171 212 69 sailing
932 1169 153 53 from
1118 1170 140 53 New
1291 1169 180 68 York,
1503 1170 265 67 January
1801 1174 150 63 15th,
60 1188 1983 131 returning

327 1245 1742 73 May 31st … direction of Cunard line and Thos. Cook
60 1331 46 48 &
138 1346 116 35 son.
336 1328 158 64 [New
529 1326 179 67 York]
748 1332 18 22 ᶜ
771 1329 151 50 1928.

129 1408 1296 53 93, [3] p. incl. front., illus., plates, maps. 23 ᶜᵐ .
130 1469 138 47 Maps
300 1478 61 30 on
390 1467 366 48 lining-papers.

70 1520 52 52 ©
152 1525 115 47 May
294 1524 68 47 16,
393 1523 141 47 1928;
565 1523 68 40 2c.
663 1523 97 39 and
788 1521 83 41 aff.
902 1522 114 47 May
1044 1521 83 47 24;
1158 1521 43 39 A
1229 1519 231 48 1077419;
1495 1521 210 40 Thomas
1738 1520 130 41 Cook
1899 1521 36 40 &
1965 1532 101 29 son.

148 1580 282 49 (28-13675)

68 1676 247 60 Curran,
351 1674 229 64 George
611 1673 226 52 Edwin.

139 1754 121 51 The
289 1772 193 49 poems
511 1752 64 54 of
603 1752 69 55 G.
703 1752 67 52 E.
803 1751 242 54 Curran,
1120 1769 51 33 v.
1206 1755 45 48 1.
1327 1751 112 52 Los
1469 1750 267 70 Angèles,
1769 1750 225 54 Curran
2025 1753 45 50 &

69 1830 242 68 Curran,
345 1834 152 49 1928.

134 1912 518 50 4 p. l., 89 p. 18 ᶜᵐ .
70 1966 51 53 ©
152 1971 114 48 Apr.
297 1970 40 47 9,
369 1968 142 48 1928;
543 1970 68 39 2c.
643 1970 115 47 May
787 1969 53 46 2;
874 1967 85 42 aff.
990 1969 115 46 May
1134 1969 54 46 3;
1222 1968 43 39 A
1296 1967 230 48 1077059;
1562 1967 53 42 G.
1648 1969 53 38 E.
1735 1968 205 48 Curran,
1973 1968 93 41 Los

135 2027 221 49 Angeles.
429 2026 280 49 (28-13814)

63 2123 211 62 Curry,
302 2120 317 64 Ethelwyn
648 2121 74 52 N.

127 2197 1941 71 Petite Pauline, by Ethelwyn N. Curry … New York, H.
58 2278 565 68 Vinal, ltd. [ ᶜ 1928]
125 2362 27 42 5
180 2373 42 38 p.
286 2394 8 16 l.,
322 2361 148 42 3-160
497 2372 43 38 p.
600 2360 147 42 19½ᶜᵐ.

69 2414 51 53 ©
157 2421 114 47 May
305 2420 54 38 11,
467 2418 59 41 1928;
588 2419 68 39 2c.
692 2419 96 39 and
823 2417 83 42 aff.
942 2419 113 47 May
1091 2418 57 40 17;
1211 2418 43 39 A
1288 2417 204 42 1077280;
1558 2418 189 40 Harold
1783 2417 158 48 Vinal,
1978 2417 88 42 ltd.

147 2476 282 49 (28-13637)

65 2556 262 64 Cushny,
363 2555 235 54 Arthur
631 2555 352 62 Robertson,
1021 2557 328 51 1866-1926.

133 2634 56 53 A
234 2634 298 53 text-book
577 2633 64 53 of
687 2633 451 70 pharmacology
1185 2633 115 54 and
1348 2634 415 68 therapeutics;
1816 2653 82 47 or,
1947 2634 123 53 The

64 2711 1942 71 action of drugs in health and disease, by Arthur R. Cushny …
64 2789 2003 71 9th ed., thoroughly rev. by C. W. Edmunds … and J. A. Gunn
61 2867 1983 148 … illustrated with 73 engravings. Philadelphia, Lea & Febiger,
229 2949 151 51 1928.

210 3028 847 49 x, 17-743 p. illus., diagrs. 24 ᶜᵐ .
133 3085 233 41 Contains
396 3085 395 49 bibliographies.

68 3139 52 52 ©
156 3144 114 48 May
303 3144 40 47 4,
379 3143 143 47 1928;
558 3144 68 41 2c.
662 3145 115 47 May
811 3145 53 46 7;
902 3143 83 42 aff.
1022 3145 114 47 May
1170 3144 85 46 24;
1293 3145 42 38 A
1369 3144 230 47 1077443;
1639 3145 96 40 Lea
1772 3145 37 39 &
1845 3145 220 48 Febiger.

144 3199 282 50 (28-13768)

65 3280 85 52 De
179 3280 83 52 La
291 3279 398 64 Fontainerie,
717 3281 301 67 François.

141 3358 440 68 [Introduction,
622 3365 158 47 notes
822 3360 114 52 and
979 3360 322 52 additional
1343 3361 282 65 material]
1672 3360 76 68 by
1789 3361 277 52 Francois

66 3436 66 52 de
178 3437 56 52 la
282 3435 370 54 Fontainerie
721 3436 60 52 [in
826 3437 95 52 the
967 3437 149 52 book
1163 3436 257 68 entitled]
1473 3438 327 68 Menagerie
1848 3437 218 67 intime,

64 3513 2001 69 par Théophile Gautier … New York, Newark [etc.] Silver
61 3593 245 51 Burdett
338 3592 112 53 and
480 3610 282 51 company
794 3626 13 34 [
812 3599 18 21 ᶜ
835 3596 151 64 1928]

134 3674 82 48 vii,
244 3674 87 41 133
357 3685 43 37 p.
466 3674 146 42 18½ᶜᵐ.

68 3726 52 52 ©
147 3732 113 46 May
284 3730 39 48 8,
350 3731 115 41 1928;
519 3732 68 40 2c.
613 3732 114 48 May
752 3733 24 38 1;
833 3732 84 42 aff.
944 3733 114 47 May
1084 3733 28 40 9;
1165 3734 42 38 A
1233 3732 203 41 1077207;
1495 3733 170 48 Silver,
1693 3734 212 40 Burdett
1932 3735 36 40 &
1994 3745 69 31 co.

62 3810 243 63 Dexter,
334 3810 214 64 Philip,
584 3814 170 50 1868-

127 3888 123 52 The
290 3906 118 34 war
450 3889 179 67 debts,
671 3908 73 34 an
784 3890 308 53 American
1132 3890 162 68 view,
1333 3891 77 67 by
1448 3889 202 69 Philip
1692 3891 216 52 Dexter
1949 3889 115 53 and

57 3965 1981 148 John Hunter Sedgwick … New York, The Macmillan company, 1928.
