2498 4384
1059 4103 100 50 609

80 436 179 63 Abro,
299 435 53 53 A
645 435 35 52 d’.

153 529 121 52 The
298 527 291 53 evolution
614 525 65 54 of
702 524 274 55 scientific
1000 523 251 69 thought
1277 523 153 53 from
1456 523 243 52 Newton
1723 527 59 49 to
1807 522 284 55 Einstein,

78 607 34 53 by
182 607 70 52 A.
285 606 253 53 D’Abro.
615 605 138 53 New
786 604 182 66 York,
998 603 149 52 Boni
1176 604 45 50 &
1249 602 325 68 Liveright,
1605 602 150 52 1927.

224 720 8 16 xx,
258 689 207 49 [21]-544
486 699 43 37 p.
590 688 180 48 diagrs.
830 687 58 40 22½
920 689 15 21 ᶜᵐ
969 718 10 10 .

88 758 52 53 ©
177 761 111 42 Dec.
323 761 69 46 13,
428 760 140 41 1927;
606 760 68 40 2c.
711 760 121 40 Mar.
867 759 70 47 22,
973 757 141 47 1928;
1152 755 83 44 aff.
1272 757 122 39 Mar.
1429 757 83 46 24;
1551 756 41 39 A
1624 755 231 48 1069446;
1894 755 124 39 Boni
2054 756 35 39 &

158 819 264 48 Liveright,
452 818 92 41 inc.
615 816 281 50 (28-11297)

80 942 212 62 Aiken,
324 942 140 53 Mrs.
499 940 211 54 Ednah
752 938 362 65 (Robinson)
1156 937 173 54 1872-

153 1029 1939 72 Love and I, by Ednah Aiken … New York, Dodd, Mead
84 1114 112 52 and
227 1130 299 51 company,
560 1114 150 50 1928.

185 1193 598 51 x p., 1 l., 353 p. 19½ ᶜᵐ .
91 1264 51 53 ©
176 1268 115 48 Apr.
323 1267 70 47 20,
429 1266 116 40 1928;
607 1267 67 39 2c.
708 1265 114 48 Apr.
856 1265 57 39 24;
977 1264 82 41 aff.
1096 1264 113 48 Apr.
1244 1263 57 40 25;
1366 1264 41 39 A
1442 1264 203 40 1074142;
1712 1263 173 41 Ednah
1920 1263 172 48 Aiken,

159 1326 119 39 Palo
311 1324 128 48 Alto,
474 1323 145 41 Calif.
690 1322 282 49 (28-11171)

87 1449 243 53 Alaska.
408 1448 223 53 Courts.

158 1541 218 54 Alaska
416 1545 237 63 reports,
728 1559 50 32 v.
817 1539 47 54 7.
905 1539 356 69 Containing
1297 1539 96 52 the
1431 1538 278 53 decisions
1747 1538 65 53 of
1849 1539 97 52 the
89 1539 1983 133 district

248 1619 204 69 judges
476 1618 64 53 of
562 1617 219 54 Alaska
805 1618 274 68 territory
1105 1616 154 53 from
1283 1618 267 67 January
1577 1621 47 62 1,
1653 1620 152 64 1923,
1828 1622 59 48 to
90 1617 1982 151 January

90 1694 1982 136 1, 1928 … Ed., arranged, and digested by James Wickersham … St.
538 1776 166 66 Paul,
736 1774 204 67 Minn.,
971 1774 163 54 West
1164 1774 338 69 publishing
1536 1793 98 49 co.,
1672 1777 150 50 1928.

269 1858 367 48 xx, 734 p. 23½ ᶜᵐ .
93 1926 52 52 ©
174 1930 114 47 Apr.
316 1930 69 46 24,
415 1928 117 41 1928;
586 1928 68 41 2c.
684 1929 114 47 May
825 1928 57 40 10;
939 1927 83 42 aff.
1051 1929 114 47 May
1194 1929 25 39 7;
1279 1928 41 39 A
1347 1928 203 41 1077173;
1611 1930 136 41 West
1775 1929 109 48 pub.
1915 1940 67 30 co.

86 2066 379 54 Association
501 2066 97 53 for
628 2066 280 53 research
944 2066 59 53 in
1038 2082 261 37 nervous
1329 2067 116 52 and
1480 2065 226 55 mental
1738 2066 285 55 diseases.

157 2157 1945 71 Schizophrenia < dementia praeco x>; an investigation of the
85 2241 148 49 most
269 2241 191 48 recent
498 2236 296 68 advances,
832 2256 60 33 as
932 2236 267 68 reported
1235 2237 75 68 by
1347 2237 97 52 the
1479 2236 365 54 Association
1884 2236 94 54 for
85 2256 1992 113 research

321 2314 62 53 in
423 2332 244 35 nervous
710 2317 51 50 &
803 2316 214 51 mental
1060 2313 244 69 disease;
1348 2315 96 52 the
1485 2314 373 71 proceedings
1899 2314 65 53 of
2003 2315 100 54 the

87 2392 371 69 association;
492 2394 140 54 New
667 2393 179 64 York,
878 2393 309 53 December
1219 2394 135 53 28th
1386 2397 51 50 &
1470 2394 153 68 29th,
1659 2397 162 66 1925;
1856 2394 246 69 <edited,

87 2474 115 52 and
229 2472 305 70 published
562 2472 194 69 April,
786 2474 171 51 1928>;
1017 2471 270 54 editorial
1313 2472 180 54 board:
1555 2473 237 55 Charles
1819 2473 66 55 L.
1915 2474 187 68 Dana,

276 2549 1825 71 M. D., Thomas K. Davis, M. D., Smith Ely Jelliffe, M. D. … [and
88 2630 208 67 others]
374 2629 167 55 With
569 2631 63 51 61
662 2628 399 54 illustrations.
1136 2629 142 53 New
1306 2628 180 70 York,
1513 2631 66 52 P.
1607 2631 67 52 B.
1702 2631 247 68 Hoeber,
1975 2631 128 64 inc.,

90 2712 151 50 1928.

157 2793 101 48 xix,
288 2792 85 40 491
406 2803 45 38 p.
509 2791 165 48 front.,
707 2790 130 42 illus.
866 2790 135 50 (incl.
1034 2791 25 39 1
1089 2790 219 49 facsim.)
1348 2794 164 46 ports.,
1544 2792 181 49 diagrs.
1783 2793 148 42 23½ᶜᵐ.
2002 2794 99 42 (Its

91 2849 160 42 Series
283 2849 52 41 of
366 2849 229 40 research
627 2847 342 49 publications,
1002 2848 92 41 vol.
1126 2857 41 30 v.
1247 2848 157 51 [1925])

161 2917 1355 50 “List of members … January, 1926”: p. 461-474.
162 2975 409 50 “Bibliography”
599 2977 54 39 at
681 2976 92 39 end
802 2975 53 40 of
881 2978 127 38 most
1038 2975 52 40 of
1117 2976 83 39 the
1228 2976 245 48 chapters.

101 3044 52 52 ©
182 3048 116 47 Apr.
327 3047 69 47 14,
427 3046 141 46 1928;
599 3046 69 40 2c.
699 3046 96 39 and
824 3044 83 42 aff.
937 3045 115 48 Apr.
1082 3045 81 46 19;
1196 3045 43 39 A
1268 3044 232 50 1074026;
1533 3048 123 39 Paul
1688 3049 53 41 B.
1773 3049 206 49 Hoeber,
2012 3050 91 42 inc.

182 3103 283 50 (28-11289)

160 3225 1946 68 … The Atlantic reporter, v. 139. Permanent ed. … with
168 3306 376 68 key-number
580 3305 381 53 annotations.
1034 3306 321 52 November
1391 3310 85 63 24,
1514 3307 472 72 1927-February
2025 3313 83 66 16,

174 3385 149 52 1928.
392 3382 84 55 St.
508 3384 167 66 Paul,
702 3383 162 54 West
893 3383 338 71 publishing
1261 3403 99 49 co.,
1393 3388 151 50 1928.

284 3465 368 49 xx, 1003 p. 26 ᶜᵐ .
105 3533 51 53 ©
183 3537 115 49 Apr.
323 3537 40 49 6,
390 3537 119 41 1928;
559 3537 70 42 2c.
656 3538 113 48 May
796 3536 59 42 10;
908 3537 83 42 aff.
1019 3538 113 49 May
1160 3539 29 40 7;
1244 3539 41 40 A
1311 3539 204 43 1077177;
1572 3541 136 42 West
1735 3543 110 49 pub.
1873 3554 67 31 co.

102 3727 331 64 Baumann,
465 3717 208 75 Émile,
707 3731 172 51 1868-

230 3817 1672 75 … Mon frère le dominicain. Paris, B. Grasset, 1927.
168 3900 909 49 240 p., 1 l. front. (port.) 19 ᶜᵐ .
109 3967 1829 57 © Oct. 7, 1927; 1c. Dec. 30; A— Foreign 36734; Bernard Grasset.
187 4029 281 50 (28-11225)
