2498 4384
1156 4106 100 49 915

287 515 1929 49 4 p., 1 l., 5-90 p. incl. forms. 23 ᶜᵐ . (University of Pittsburgh.
218 573 155 39 Radio
401 572 300 48 publication
728 582 78 32 no.
832 571 81 48 38)

289 644 301 39 “Broadcast
614 643 127 40 from
768 643 80 39 the
874 642 283 48 University
1183 643 51 40 of
1260 643 288 47 Pittsburgh
1574 643 162 40 studio
1763 643 51 40 of
1840 643 198 47 KDKA,
220 644 1980 104 Westinghouse

480 700 195 41 electric
702 695 46 45 &
775 699 401 48 manufacturing
1203 709 248 38 company,
1481 699 301 49 Pittsburgh,
1811 700 404 47 Pennsylvania.”

288 757 187 41 “Select
503 755 367 50 bibliography”
898 759 53 37 at
976 757 94 41 end
1100 757 51 41 of
1179 756 119 42 each
1328 756 215 49 chapter.

223 823 52 52 ©
310 829 113 46 May
456 829 67 46 14,
557 828 114 40 1928;
731 829 67 40 2c.
831 829 95 39 and
961 828 83 40 aff.
1078 829 126 39 June
1239 828 51 47 8;
1326 828 42 39 A
1400 827 229 47 1077665;
1666 828 283 48 University
1984 828 52 40 of
277 828 1922 104 Pittsburgh,

473 884 301 49 Pittsburgh.
845 885 281 49 (28-15257)

221 978 170 63 Croy,
423 979 240 62 Homer,
695 982 170 49 1883-

213 1055 1980 146 Caught! A novel by Homer Croy … New York and London,
370 1134 235 69 Harper
631 1137 45 50 &
700 1135 278 68 brothers,
1008 1138 149 50 1928.

282 1217 27 40 3
335 1228 43 38 p.
440 1248 8 16 l.,
475 1216 98 48 289,
606 1218 54 48 [1]
690 1228 43 37 p.
794 1217 145 41 19½ᶜᵐ.

221 1283 52 52 ©
302 1288 127 41 June
456 1288 70 47 15,
554 1287 114 42 1928;
723 1288 68 41 2c.
820 1288 127 40 June
974 1288 55 39 15;
1088 1287 83 41 aff.
1200 1288 130 40 June
1355 1288 58 40 18;
1468 1288 42 39 A
1537 1287 203 42 1077838;
1800 1288 197 48 Harper
2024 1291 37 40 &
2090 1287 125 41 bros.

302 1344 281 50 (28-15156)

216 1439 483 59 De á k, Francis.
281 1518 123 52 The
441 1516 706 70 Hungarian-Rumanian
1186 1518 137 52 land
1364 1518 257 67 dispute;
1664 1536 30 33 a
1735 1518 173 67 study
1946 1516 65 54 of
210 1518 1982 146 Hungarian

454 1601 278 62 property
771 1595 188 69 rights
998 1595 60 52 in
1099 1596 422 68 Transylvania
1563 1596 182 52 under
1784 1595 97 53 the
1921 1601 189 63 treaty
2151 1595 64 53 of

211 1671 2003 71 Trianon, by Francis De á k; with an introduction by George W.
210 1750 2004 69 Wickersham … New York, Columbia university press, 1928.
278 1834 615 48 xiv, 272 p., 1 l. 23½ᶜᵐ.
281 1904 352 49 Bibliography:
692 1916 43 37 p.
764 1904 220 41 263-268.

217 1971 52 52 ©
302 1977 115 47 May
447 1976 70 48 21,
550 1976 115 41 1928;
725 1976 68 40 2c.
827 1977 114 46 May
971 1976 84 42 24;
1090 1975 83 41 aff.
1206 1976 127 40 June
1365 1976 27 39 7;
1454 1975 42 39 A
1527 1974 230 47 1077700;
1794 1974 252 41 Columbia
2081 1973 131 42 univ.

283 2043 150 37 press.
505 2032 281 49 (28-15254)

213 2125 243 64 Diapea,
487 2126 275 53 William.

285 2202 284 55 Cannibal
604 2204 176 54 Jack:
816 2205 94 52 the
948 2211 125 45 true
1110 2202 463 70 autobiography
1609 2203 64 53 of
1711 2222 31 33 a
1778 2203 172 52 white
1985 2222 133 33 man
2156 2203 60 52 in

213 2282 95 52 the
344 2280 184 56 South
562 2301 137 48 seas,
733 2283 74 68 by
842 2282 261 53 William
1138 2281 251 68 Diapea;
1431 2282 230 67 printed
1699 2281 153 52 from
1886 2282 97 52 the
212 2300 1978 128 manuscript

431 2360 60 52 in
528 2360 95 53 the
662 2360 315 69 possession
1018 2360 63 54 of
1121 2360 96 54 the
1257 2360 137 53 Rev.
1435 2361 194 54 James
1667 2360 293 68 Hadfield,
2001 2360 141 53 with
2182 2379 31 34 a

214 2438 285 54 foreword
532 2439 74 69 by
635 2440 77 51 H.
746 2440 68 52 de
844 2440 147 53 Vere
1023 2437 320 70 Stacpoole.
1417 2440 260 67 London,
1709 2440 187 52 Faber
1928 2442 45 50 &
2004 2439 209 69 Gwyer

210 2516 222 53 limited
472 2520 171 64 [1928]

276 2599 118 48 xxii,
423 2599 100 49 241,
554 2600 54 49 [1]
638 2610 43 38 p.
741 2600 164 45 front.,
932 2600 191 41 facsim.
1183 2600 148 42 21½ᶜᵐ.

277 2657 140 47 Maps
444 2667 60 29 on
531 2656 364 49 lining-papers.

278 2713 23 17 “
322 2714 54 39 ‘A
412 2713 97 40 few
546 2716 217 38 extracts
799 2714 128 40 from
968 2715 81 39 the
1087 2714 389 49 autobiography
1515 2715 51 41 of
1603 2715 217 41 William
1860 2715 184 49 Diapea
2087 2716 126 41 alias

208 2770 267 42 “Cannibal
514 2770 167 41 Jack”.
741 2772 183 48 <These
962 2773 217 39 extracts
1217 2773 222 40 embrace
1475 2772 83 41 the
1593 2773 113 48 long
1741 2773 202 48 gone-by
1978 2783 145 38 years
2161 2774 51 40 of

206 2829 112 39 1843
347 2839 62 37 up
437 2831 48 37 to
511 2828 259 40 1847—the
797 2829 98 39 last
921 2828 277 49 inclusive>’
1218 2828 24 17 ”

213 2881 1994 55 © 1c. June 11, 1928; A ad int. 11219; pubd. May 24; James Hadfield,
280 2942 238 48 Caradon,
542 2942 317 48 Winscombe,
887 2943 256 48 Somerset,
1169 2944 238 47 England.
1478 2943 281 49 (28-16037)

207 3035 298 63 Dicorato,
545 3036 284 54 Gaetano.

330 3114 1880 71 … L’ltaliano di Mussolini; vuoi vivere meglio? Vademecum
204 3193 2006 69 degli assennati e … assennandi … Roma, Dr G. Dicorato,
204 3273 150 51 1928.

271 3353 436 49 459, iv p. 22 ᶜᵐ .
276 3411 64 40 At
366 3411 127 41 head
521 3410 53 41 of
601 3411 109 41 title:
768 3411 70 39 Dr
869 3411 54 41 G.
951 3411 248 41 Dicorato.

211 3464 1635 52 © Jan. 9, 1928; 1c. Feb. 4; A—Foreign 37730; G. Dicorato.
288 3524 280 49 (28-15888)

206 3618 214 63 Dubly,
451 3619 208 62 Henry
690 3617 198 54 Louis.

278 3696 121 53 The
422 3696 106 53 life
552 3695 64 54 of
642 3695 277 56 Cardinal
943 3697 261 67 Mercier,
1229 3696 247 69 primate
1501 3696 64 53 of
1590 3695 286 71 Belgium,
1901 3696 77 69 by
2002 3697 205 69 Henry

206 3774 1977 130 Louis Dubly … translated from the French by Herbert Wilson.
397 3852 242 53 London
667 3853 112 53 and
807 3852 364 70 Edinburgh,
1202 3852 187 56 Sands
1418 3855 46 50 &
1489 3870 100 51 co.,
1618 3854 151 52 1928.

278 3932 25 40 5
327 3944 44 37 p.
433 3965 9 16 l.,
467 3933 171 41 13-301
665 3944 43 38 p.
767 3933 165 48 front.,
958 3935 172 47 plates,
1157 3936 165 47 ports.,
1350 3935 191 40 facsim.
1600 3935 118 41 21ᶜᵐ.

209 3987 1975 111 © 1c. June 4, 1928; A ad int. 11175; pubd. Apr. 7; Herbert Wilson, London. (28-14557)
