2498 4384
1132 4098 130 48 1151

168 451 414 62 Covarrubias,
610 449 238 64 Miguel,
877 449 149 53 illus.

243 529 411 68 [Illustrations
690 528 75 68 by
802 528 220 67 Miguel
1063 524 382 56 Covarrubias
1484 524 60 52 in
1581 524 99 52 the
1715 521 147 55 book
1899 522 258 66 entitled]

168 608 362 53 Adventures
562 606 65 53 of
656 625 71 33 an
758 605 247 52 African
1036 605 214 65 slaver;
1284 603 176 67 being
1487 620 31 34 a
1548 606 126 48 true
1705 605 237 48 account
1973 599 65 53 of
2068 600 95 52 the

169 686 103 52 life
301 685 63 53 of
393 684 253 68 Captain
671 683 295 53 Theodore
996 681 202 67 Canot,
1224 681 197 52 trader
1448 679 61 53 in
1536 679 154 69 gold,
1718 679 165 67 ivory
1908 680 45 50 &
1982 678 182 52 slaves

170 783 71 34 on
270 764 95 52 the
392 768 152 48 coast
575 761 64 54 of
667 761 218 55 Guinea;
949 760 89 53 his
1067 777 128 36 own
1222 765 159 62 story
1410 776 59 35 as
1497 757 123 54 told
1649 757 60 54 in
1724 757 109 59 the
1862 773 135 52 year
2030 758 137 51 1854

170 835 1666 74 to Brantz Mayer … New York, A. & C. Boni, 1928.
238 918 1407 54 4 p. l., vii-xxi p., 1 l., 376 p. front., plates. 23½ᶜᵐ.
173 989 52 52 ©
257 994 115 46 July
435 1024 7 12 6,
474 992 113 40 1928;
647 992 68 39 2c.
747 991 115 46 July
893 990 52 46 6;
980 989 82 42 aff.
1094 989 115 48 July
1241 989 56 40 27;
1357 988 40 39 A
1428 987 230 48 1082782;
1693 987 169 40 Albert
1894 986 36 41 &
1962 986 204 41 Charles

243 1050 136 47 Boni,
409 1050 91 39 inc.

171 1142 249 63 Cowley,
447 1141 288 62 Malcolm,
765 1142 83 51 ed.

247 1219 313 69 [Complete
603 1219 263 65 revision,
909 1218 223 67 editing
1173 1218 112 51 and
1330 1216 409 66 introduction,
1781 1214 74 69 by
1897 1215 273 53 Malcolm

175 1298 227 68 Cowley
429 1298 60 51 in
514 1298 97 51 the
633 1296 147 53 book
807 1297 255 65 entitled]
1095 1296 364 52 Adventures
1486 1294 65 53 of
1578 1312 71 34 an
1676 1293 251 53 African
1951 1293 188 53 slaver;

173 1376 171 68 being
377 1394 29 33 a
443 1381 126 46 true
604 1380 238 47 account
875 1373 65 53 of
973 1374 95 52 the
1104 1373 107 52 life
1246 1373 64 52 of
1346 1372 252 68 Captain
1633 1372 295 52 Theodore
1968 1370 203 68 Canot,

172 1454 194 52 trader
393 1453 63 52 in
480 1453 154 68 gold,
662 1452 164 67 ivory
853 1454 46 49 &
926 1452 182 53 slaves
1137 1469 74 34 on
1239 1451 95 52 the
1363 1455 157 48 coast
1547 1449 65 54 of
1640 1449 224 55 Guinea;
1924 1449 90 53 his
2041 1467 131 35 own

172 1525 2001 74 story as told in the year 1854 to Brantz Mayer … New York,
171 1609 70 52 A.
273 1611 44 50 &
349 1608 63 55 C.
444 1608 167 67 Boni,
644 1611 149 50 1928.

242 1689 1410 51 4 p. l ., vii-xxi p., 1 l., 376 p. front., plates. 23½ᶜᵐ.
178 1758 52 52 ©
261 1762 116 47 July
407 1762 40 47 6,
479 1761 117 40 1928;
652 1761 68 40 2c.
753 1761 116 48 July
900 1761 52 47 6;
986 1759 83 43 aff.
1100 1761 116 47 July
1247 1761 82 46 27;
1363 1763 42 36 A
1434 1760 202 40 1082782;
1699 1760 170 40 Albert
1899 1760 37 40 &
1969 1759 203 41 Charles

245 1818 137 48 Boni,
407 1818 93 41 inc.

174 1911 223 63 Crofts,
429 1911 289 53 Freeman
749 1909 183 55 Wills.

239 1990 120 52 The
400 2008 93 34 sea
531 1994 280 64 mystery;
856 2007 73 34 an
966 1989 301 67 Inspector
1306 1989 224 53 French
1569 1988 276 53 detective
1886 1994 176 63 story,
2102 1988 74 71 by

167 2066 2010 69 Freeman Wills Crofts … New York and London, Harper &
166 2145 279 68 brothers,
482 2148 150 51 1928.

238 2228 572 49 4 p. l., 348 p. 19½ᶜᵐ.
182 2295 52 52 ©
265 2300 120 47 Aug.
419 2299 68 48 10,
521 2299 117 40 1928;
696 2299 68 40 2c.
797 2299 121 48 Aug.
951 2299 58 40 10;
1069 2298 83 43 aff.
1186 2299 121 48 Aug.
1342 2299 55 40 13;
1459 2299 41 39 A
1533 2298 203 41 1083663;
1802 2299 51 41 F.
1887 2299 72 41 W.
1995 2298 181 49 Crofts,

247 2356 361 49 Jordanstown,
647 2356 79 42 Co.
762 2356 207 49 Antrim,
1008 2356 211 41 Ireland.
1291 2355 281 51 (28-19241)

175 2450 240 62 Deubel,
450 2451 263 62 Werner,
749 2453 172 50 1894-

303 2528 1875 69 … Götter in wolken, roman … Jena, E. Diederichs, 1927.
242 2611 724 49 2 p. l., 3-262. [1] p. 20½ᶜᵐ.
245 2669 198 40 “Erstes
471 2669 74 40 bis
574 2668 176 40 drittes
780 2668 250 41 tausend.”

185 2721 1995 53 © Oct. 11, 1927; 1c. Mar. 14, 1928; A—Foreign 38094; Eugen Diederichs
251 2785 181 46 verlag.
503 2782 281 49 (28-19112)

175 2875 239 64 Dooley,
446 2875 155 53 John
634 2875 355 63 Alexander,
1028 2879 172 49 1860-

245 2952 167 54 Jesus
445 2952 198 55 Christ
673 2954 95 52 the
800 2958 163 64 great
995 2953 319 69 physician,
1344 2953 78 70 by
1454 2954 367 68 Evangelists
1854 2955 137 51 Rev.
2025 2954 156 54 John

177 3030 69 52 A.
308 3031 221 63 Dooley
611 3032 131 62 [and]
810 3032 136 52 Rev.
1007 3031 255 53 Hannah
1324 3032 79 52 M.
1465 3033 237 61 Dooley.
1777 3032 407 62 Minneapolis,

177 3106 201 70 Minn.,
430 3111 150 50 ᶜ1928.

249 3191 83 49 [39]
365 3203 43 37 p.
468 3191 130 40 illus.
626 3191 199 49 (ports.)
893 3193 118 40 21ᶜᵐ.

189 3243 52 52 ©
268 3247 116 48 July
409 3247 40 49 6,
477 3247 141 47 1928;
646 3248 68 41 2c.
742 3249 94 38 and
865 3248 82 41 aff.
976 3249 116 47 July
1119 3248 81 46 19;
1231 3248 42 39 A
1300 3249 229 43 1083290;
1561 3250 43 40 J.
1631 3250 55 40 A.
1715 3250 183 47 Dooley
1927 3252 94 38 and
256 3251 1910 93 Hannah

386 3305 63 40 M.
481 3305 196 47 Dooley,
712 3305 339 48 Minneapolis.
1121 3305 282 49 (28-18226)

186 3398 240 63 Evarts,
464 3398 114 53 Hal
620 3398 246 64 George,
910 3398 169 54 1887-

251 3481 120 51 Fur
403 3479 256 69 brigade,
695 3499 31 33 a
763 3486 158 64 story
954 3480 65 53 of
1050 3482 95 52 the
1180 3487 266 62 trappers
1481 3482 65 53 of
1578 3483 95 53 the
1707 3485 158 67 early
1900 3485 177 67 West,
2110 3484 77 70 by

181 3559 119 51 Hal
343 3558 66 55 G.
452 3559 228 52 Evarts.
757 3560 235 66 Boston,
1030 3560 196 67 Little,
1267 3561 230 67 Brown,
1539 3561 111 53 and
1691 3579 298 51 company,
2035 3566 151 50 1928.

251 3640 656 49 3 p. l., [3]-279 p. 19½ᶜᵐ.
194 3693 52 52 ©
270 3697 121 49 Aug.
416 3698 40 47 3,
482 3697 118 40 1928;
650 3698 68 40 2c.
744 3700 96 38 and
866 3698 81 42 aff.
973 3699 120 48 Aug.
1119 3700 54 38 11;
1230 3700 42 38 A
1297 3699 204 40 1083602;
1557 3701 60 41 H.
1646 3701 52 41 G.
1727 3703 193 46 Evarts,
262 3703 1908 99 Hutchinson,
391 3755 126 40 Kan.
588 3754 280 49 (28-19246)

189 3845 250 64 Fandre,
472 3847 198 54 Louis.

317 3929 1869 77 … L’inutile Golgotha, romen. Paris, Éditions de la Revue
183 4011 305 68 mondiale,
519 4012 149 53 1927.
