2498 4384
1336 4059 100 52 148

377 406 260 70 [Chanel,
672 406 311 68 Gabrielle]

441 485 292 55 Woman’s
763 485 198 53 world.
1035 484 135 53 Life
1204 489 61 48 at
1294 484 184 54 Paris.
1553 484 135 54 Feb.
1720 487 84 65 25,
1838 487 150 50 1928.

476 583 62 38 (In
567 578 216 44 Outlook
812 577 288 53 magazine)

378 649 1998 52 © 1c. Mar. 8, 1928; A ad int. 10718; pubd. Feb. 23; New outlook co.,
445 710 101 48 ltd.,
573 709 213 40 London.

374 804 306 62 Chansler,
710 803 227 54 Walter
968 803 57 54 S.

445 882 123 53 The
614 881 153 52 river
812 885 256 64 trapper,
1115 900 31 33 a
1192 880 232 54 treatise
1471 899 73 35 on
1588 881 97 53 the
1731 880 107 53 life
1882 879 67 54 of
1992 898 32 35 a
2069 880 311 54 houseboat

374 960 233 53 dweller
632 959 115 53 and
769 958 91 53 his
885 957 230 55 various
1141 958 154 53 river
1320 958 381 69 wanderings,
1724 958 78 70 by
1824 957 224 56 Walter
2078 957 56 55 S.
372 958 1983 132 Chansler.

549 1036 328 67 Columbus,
904 1035 87 69 O.,
1018 1036 121 53 The
1162 1036 722 69 Hunter-trader-trapper
1907 1054 80 35 co.
2061 1039 151 64 [ᶜ1928]

443 1134 87 40 214
560 1144 43 38 p.
664 1133 130 41 illus.
853 1132 58 41 19ᶜᵐ.

379 1199 53 52 ©
465 1203 109 40 Feb.
604 1203 41 46 4,
678 1202 139 46 1928;
851 1202 67 40 2c.
949 1202 96 39 and
1076 1200 82 42 aff.
1192 1201 112 40 Feb.
1335 1202 52 45 7;
1421 1201 40 40 A
1491 1202 229 46 1018703;
1756 1202 194 40 Hunter
1981 1203 170 40 trader
2182 1206 199 44 trapper

450 1271 68 30 co.
592 1258 252 49 (28-4659)

372 1352 281 63 Christie,
688 1352 285 55 Octavius
1006 1351 266 64 Francis,
1309 1352 172 54 1867-

444 1431 122 53 The
604 1430 312 53 transition
953 1430 154 53 from
1145 1430 364 69 aristocracy,
1550 1430 311 54 1832-1867;
1931 1450 74 33 an
2042 1436 241 47 account
2318 1430 64 52 of

373 1509 98 52 the
502 1507 236 70 passing
770 1507 66 54 of
866 1508 96 53 the
994 1508 243 53 Reform
1268 1508 122 67 bill,
1423 1508 97 53 the
1551 1527 190 35 causes
1774 1508 187 53 which
1993 1508 93 53 led
2117 1526 79 50 up
2227 1513 58 48 to
2318 1508 63 61 it,

373 1588 116 52 and
522 1586 75 54 its
632 1585 396 70 far-reaching
1060 1604 403 50 consequences
1496 1604 73 35 on
1600 1586 98 53 the
1731 1585 107 54 life
1871 1586 114 53 and
2018 1604 267 35 manners
2318 1586 65 53 of

374 1662 1984 149 all grades of society, by O. F. Christie … New York, London, G. P. Putnam’s sons, 1928.
443 1838 699 51 4 p. l ., vii-xii, 348 p. 22½ ᶜᵐ.
445 1909 379 49 Bibliography:
857 1920 44 37 p.
930 1908 219 41 321-326.

380 1962 53 53 ©
464 1966 112 41 Feb.
604 1966 40 46 3,
675 1965 115 40 1928;
848 1965 68 40 2c.
946 1965 96 39 and
1071 1964 82 41 aff.
1184 1964 113 41 Feb.
1327 1964 27 39 4;
1413 1964 41 39 A
1483 1963 202 42 1018692;
1747 1965 52 41 G.
1832 1966 50 40 P.
1915 1966 252 40 Putnam’s
2198 1976 127 31 sons.

458 2021 252 50 (28-4515)

375 2115 321 64 Churchill,
727 2116 140 53 Rev.
899 2114 235 56 Clinton
1164 2116 75 52 H.

451 2195 123 53 The
602 2194 197 69 gospel
828 2213 73 34 on
930 2194 96 53 the
1058 2193 103 68 air,
1190 2194 78 69 by
1298 2194 138 52 Rev.
1471 2192 235 55 Clinton
1737 2193 78 53 H.
1851 2194 317 54 Churchill.
389 2194 1973 146 Buffalo,

548 2272 71 54 N.
648 2272 90 67 Y.,
766 2271 301 55 Churchill
1096 2270 371 70 evangelistic
1497 2271 357 69 association,
1882 2272 126 68 inc.,
2039 2272 154 55 1927.

451 2352 796 51 278 p. incl. front. (port.) 20 ᶜᵐ.
383 2409 53 52 ©
478 2413 112 40 Dec.
630 2413 70 46 12,
740 2412 114 40 1927;
922 2412 68 40 2c.
1031 2412 113 41 Dec.
1184 2412 84 46 13;
1310 2411 83 41 aff.
1433 2412 110 41 Jan.
1583 2412 70 49 18,
1693 2412 141 47 1928;
1877 2413 39 39 A
1957 2412 230 43 1061299;
2232 2414 50 41 C.
2375 2448 8 8 H.

453 2469 265 48 Churchill,
748 2468 211 41 Buffalo.
1033 2468 253 50 (28-4896)

445 2580 154 47 Cleare,
635 2563 152 55 Cecil
820 2563 298 54 Ridsdale.

451 2641 1935 70 Napoleon, by C. R. Cleare … London and New York,
381 2720 69 55 G.
477 2721 66 52 P.
571 2719 298 55 Putnam’s
897 2738 130 36 sons
1059 2722 174 66 [1928]

383 2801 1988 105 204 p., 1 l. col. front. (port.) pl., maps. 19 ᶜᵐ. [Junior history series, ed. by H. W. C. Davis]
453 2915 229 40 Lettered
707 2926 61 29 on
792 2925 142 30 cover:
986 2915 206 47 History
1217 2915 214 48 through
1455 2915 283 49 biography.

382 2968 2000 53 © 1c. Feb. 4, 1928; A ad int. 10624; pubd. Jan. 4; G. P. Putnam’s sons.
461 3029 252 50 (28-5038)

377 3122 267 63 Conklin,
678 3123 254 54 Edward
964 3123 53 54 J.

455 3201 1928 71 Seed thoughts, by Edward J. Conklin … Boston, The
383 3279 379 69 Christopher
787 3280 336 70 publishing
1147 3281 174 53 house
1353 3283 192 65 [ᶜ1928]

450 3361 660 50 76 p. front. (port.) 20½ ᶜᵐ.
383 3415 53 52 ©
468 3420 111 40 Jan.
609 3420 39 47 3,
679 3420 140 46 1928;
853 3421 67 39 2c.
953 3421 110 40 Jan.
1094 3421 82 46 14;
1210 3420 83 41 aff.
1326 3420 111 41 Jan.
1468 3420 81 46 12;
1584 3420 40 40 A
1655 3421 230 48 1018403;
1921 3423 322 48 Christopher
2273 3425 109 47 pub.

454 3477 164 39 house.
690 3477 251 49 (28-4612)

379 3569 231 63 Cooley,
648 3570 195 63 Roger
878 3570 275 64 William,
1195 3574 172 49 1859-

453 3646 198 54 Briefs
689 3666 71 34 on
802 3648 96 52 the
956 3649 111 52 law
1106 3648 64 53 of
1228 3649 314 53 insurance.
1617 3650 74 52 2d
1747 3650 86 53 ed.
1910 3652 91 69 By
2061 3652 192 69 Roger
2292 3653 90 54 W.

383 3724 1999 74 Cooley … v. 7. Kansas City, Mo., Vernon law book co.,
379 3805 150 51 1928.

451 3885 542 49 iv, 5731-6902 p. 23½ ᶜᵐ.
384 3938 53 53 ©
465 3941 111 42 Jan.
604 3941 70 50 10,
701 3942 115 41 1928;
872 3943 67 41 2c.
968 3944 112 42 Feb.
1107 3944 83 48 18;
1220 3944 83 42 aff.
1332 3945 111 41 Feb.
1472 3946 82 47 17;
1584 3945 41 41 A
1653 3945 202 42 1018842;
1915 3947 193 43 Vernon
2136 3949 96 40 law
2259 3949 124 42 book

451 4008 71 33 co.
