2498 4384
1025 4103 101 52 817

69 509 1978 153 John T. Fitzpatrick … New York, Baker, Voorhis & company;
290 593 139 52 New
463 591 163 53 York
662 591 113 53 and
809 590 250 69 Albany,
1092 589 81 53 M.
1210 590 229 51 Bender
1474 590 47 50 &
1554 605 299 51 company,
1889 587 159 53 incor

67 672 258 67 porated,
357 673 150 50 1928.

137 751 467 52 viii, [1461] p. 25 ᶜᵐ.
138 811 65 40 At
228 811 125 39 head
380 810 52 40 of
458 810 110 40 title
585 821 9 28 :
627 809 245 41 Standard
899 807 198 41 edition.

138 868 209 39 Varions
379 866 219 49 pagings.

141 924 234 41 Contains
402 922 306 49 Clevenger’s
736 921 188 41 Justice
954 923 138 38 court
1122 919 228 49 practice,
1383 918 151 41 Court
1564 918 51 41 of
1644 918 171 41 claims
1845 918 228 49 practice,

71 981 151 41 Court
246 983 131 38 rules
401 982 97 39 and
522 981 151 39 Table
697 979 51 40 of
772 978 214 49 practice
1011 980 119 37 acts.

75 1034 51 53 ©
152 1040 113 46 May
290 1039 67 41 18,
383 1037 117 41 1928;
550 1039 68 39 2c.
644 1038 95 39 and
764 1036 82 41 aff.
871 1037 114 46 May
1010 1034 54 41 19;
1119 1035 42 38 A
1185 1034 204 40 1077342;
1445 1033 239 40 Matthew
1709 1034 192 39 Bender
1927 1033 36 40 &
1989 1043 83 37 co.,

141 1096 95 39 and
273 1096 176 47 Baker,
487 1094 206 41 Voorhis
730 1094 36 39 &
801 1104 67 29 co.
940 1091 281 48 (28-13763)

69 1174 416 64 Outerbridge,
518 1174 223 62 Henry,
775 1174 84 52 ed.

139 1252 248 69 Captain
423 1253 165 55 Jack,
623 1253 88 51 his
745 1260 158 60 story
938 1270 60 34 as
1031 1251 123 52 told
1189 1256 58 47 to
1282 1251 205 68 Henry
1525 1249 415 70 Outerbridge;
1977 1249 97 53 the

67 1332 290 69 life-story
383 1337 60 47 to
472 1332 129 52 date
630 1330 63 53 of
720 1350 30 32 a
778 1331 142 51 born
951 1329 438 54 swashbuckler,
1418 1335 259 63 two-gun
1704 1328 227 69 fighter,
1961 1329 114 51 and

69 1410 414 69 world-roving
522 1410 195 52 maker
757 1408 63 53 of
860 1409 240 68 history,
1140 1408 302 69 including
1482 1406 368 54 confidential
68 1406 1982 135 information
340 1507 70 34 on

468 1490 94 51 the
620 1495 187 46 recent
864 1487 392 53 disturbances
1314 1487 58 52 in
1428 1486 243 68 Mexico,
1728 1486 348 69 Nicaragua,

67 1567 204 55 China,
313 1568 111 52 and
469 1568 162 51 other
672 1567 188 67 places
903 1565 187 53 where
1130 1566 183 53 Uncle
1357 1564 136 56 Sam
1533 1565 103 53 has
1677 1565 157 53 irons
1875 1564 60 53 in
1978 1564 97 53 the

66 1645 116 54 fire.
258 1646 139 53 New
434 1646 161 52 York
628 1648 46 49 &
705 1646 260 64 London,
998 1644 122 53 The
1156 1643 257 70 Century
1446 1661 78 35 co.
1587 1644 152 66 [1928]

137 1729 63 46 xi,
233 1729 87 40 377
351 1740 43 36 p.
456 1728 145 40 19½ᶜᵐ.
718 1726 130 49 $2.00

139 1786 71 41 On
238 1796 168 31 cover:
437 1785 208 48 Captain
673 1786 136 42 Jack,
837 1795 61 29 an
928 1785 174 40 official
1128 1786 344 46 super-sleuth.

75 1840 51 52 ©
159 1845 116 47 May
304 1844 69 46 18,
406 1844 114 40 1928;
580 1844 67 40 2c.
680 1844 96 39 and
808 1842 82 41 aff.
924 1844 115 47 May
1069 1843 56 39 21;
1187 1843 42 38 A
1261 1842 204 41 1074636;
1528 1842 217 49 Century
1776 1852 68 31 co.

155 1901 282 48 (28-13773)

68 1967 279 62 Pearson,
385 1966 274 53 Edmund
698 1966 228 62 Lester,
967 1968 170 51 1880-

141 2045 142 52 Five
311 2046 279 66 murders,
620 2044 140 52 with
792 2063 31 33 a
853 2044 138 52 final
1022 2049 131 48 note
1185 2063 72 34 on
1288 2044 97 53 the
1416 2044 232 53 Borden
1681 2062 142 49 case,
1852 2044 77 69 by
68 2044 1986 132 Edmund
273 2124 270 51 Pearson.
610 2121 231 55 Garden
874 2121 153 70 City,
1057 2123 70 52 N.
1158 2123 93 68 Y.,
1280 2122 144 53 Pub.
1457 2121 94 54 for
1580 2123 97 52 the
1710 2121 193 56 Crime
1933 2122 147 69 club,

69 2200 107 53 inc.
201 2200 76 70 by
302 2200 360 69 Doubleday,
685 2201 201 52 Doran
911 2203 46 50 &
982 2219 301 51 company,
1308 2200 128 69 inc.,
1465 2204 152 50 1928.

141 2282 1131 49 7 p. l., 299 p. plates, ports., facsims. 21½ ᶜᵐ.
408 2341 164 39 CONTENTS—The
613 2350 114 29 man
771 2341 107 39 who
921 2350 102 30 was
1067 2343 79 37 too
1190 2342 173 38 clever.
1379 2364 61 5 —
1455 2341 103 39 The
1601 2341 217 46 mystery
1863 2340 52 40 of
71 2341 1992 97 Tenants
222 2398 503 40 Harbour.—Aboard
766 2399 83 39 the
891 2398 526 41 “Glendower”.—The
1459 2398 208 41 doctor’s
1708 2397 371 48 whisky.—The

71 2455 108 39 firm
209 2455 52 40 of
290 2455 201 41 Patrick
522 2456 37 39 &
589 2456 266 40 Jones.—A
886 2455 264 48 postscript
1168 2467 8 27 :
1211 2456 103 40 The
1345 2456 91 39 end
1469 2455 52 41 of
1552 2456 84 40 the
1667 2455 195 40 Borden
1893 2465 184 31 case.—

69 2512 255 48 Appendix
342 2523 9 30 :
388 2513 219 41 Sources.

75 2565 52 53 ©
156 2571 115 47 Apr.
299 2570 71 48 20,
401 2570 116 41 1928;
574 2572 68 38 2c.
673 2570 95 40 and
799 2570 82 41 aff.
913 2571 115 47 May
1057 2570 55 40 25;
1172 2571 41 38 A
1244 2570 204 40 1074680;
1509 2570 300 48 Doubleday,
1841 2570 169 40 Doran
2040 2570 37 40 &

143 2638 81 36 co.,
257 2627 91 41 inc.
424 2627 281 48 (28-13761)

68 2691 264 64 Pelouze,
366 2693 189 63 Percy
590 2693 190 62 Starr,
820 2694 172 52 1876-

146 2770 352 55 Gonococcal
523 2772 301 52 urethritis
850 2773 59 51 in
936 2773 96 51 the
1057 2773 165 51 male,
1252 2771 94 53 for
1373 2772 421 68 practitioners,
1820 2772 78 68 by
1924 2773 64 51 P.
2020 2770 56 56 S.

70 2849 1984 147 Pelouze … Philadelphia and London, W. B. Saunders company, 1928.
142 3011 1286 49 2 p. l., 11-357 p. illus., col. plates, diagrs. 24 ᶜᵐ.
77 3062 1998 55 © Apr. 16, 1928; 1c. and aff. Apr. 23; 1c. Apr. 24; A 1069886; W. B.
147 3124 247 41 Saunders
426 3135 68 30 co.
568 3125 281 49 (28-13642)

70 3189 221 63 Pierce,
324 3190 175 53 Anna
532 3190 212 54 Eloise.

140 3268 1935 72 Deans and advisers of women and girls … By Anna
69 3345 2008 73 Eloise Pierce … With an introduction by Frank Pierrepont
68 3423 1984 72 Graves … New York, Professional & technical press [ ᶜ1 928]
137 3507 1733 51 xvi, 636 p. incl. plans, diagrs., forms, plates, fold, plans. 22½ ᶜᵐ.
138 3564 352 48 Bibliography
506 3575 9 30 :
551 3575 43 37 p.
627 3565 217 41 599-623.

79 3615 51 53 ©
164 3621 113 47 May
309 3620 68 48 10,
410 3620 115 40 1928;
586 3621 67 41 2c.
686 3622 113 47 May
832 3622 55 39 17;
950 3621 81 42 aff.
1066 3623 114 47 May
1213 3621 58 41 19;
1331 3623 42 38 A
1405 3622 206 41 1077309;
1672 3623 334 40 Professional
2040 3624 37 40 &

146 3677 240 40 technical
425 3688 149 37 press.
649 3677 281 50 (28-13640)

73 3742 253 63 Pittaro,
357 3743 155 53 John
544 3744 60 52 M
896 3745 83 53 ed.

147 3820 247 54 Cuentos
425 3821 67 53 de
523 3822 232 67 España;
820 3822 251 68 Spanish
1102 3824 160 52 short
1291 3823 202 54 stories
1525 3824 93 53 for
1649 3825 143 53 class
1821 3825 260 68 reading,

78 3898 2003 72 chosen and edited by John M. Pittaro … Boston, New York
80 3976 948 71 [etc.] Allyn and Bacon [ ᶜ1 928]
