2498 4384
1073 4127 100 49 685

96 453 356 61 Maisonnet,
484 451 53 53 J.

168 523 1935 74 Petite chirurgie, par J. Maisonnet … Avec 723 figures
98 605 1316 71 dans le texte. Paris, G. Doin & c ⁱᵉ , 1928.
166 688 781 50 xxvii, 995, [1] p. illus. 24 ᶜᵐ .
169 745 237 41 “Errata”:
462 746 24 39 1
511 745 101 41 leaf
636 745 215 41 inserted
876 746 52 39 at
951 744 105 40 end.

100 800 2004 53 © Oct. 1, 1927; 1c . Feb. 24, 1928; A—Foreign 37662; Gaston Doin & cie.
179 861 281 50 (28-12219)

105 927 288 64 Marique,
426 927 202 52 Pierre
659 927 239 62 Joseph.

169 1004 1876 71 History of Christian education, by Pierre J. Marique …
139 1127 9 9 v.
181 1088 46 48 2.
305 1085 139 51 New
477 1083 179 55 York,
688 1083 295 52 Fordham
1013 1082 320 68 university
1366 1101 176 49 press,
1576 1085 149 49 1926.

168 1164 1129 51 2 p. l., iii-viii, 257 p. front., illus. 22 ᶜᵐ .
103 1220 52 52 ©
187 1225 118 39 Nov.
336 1223 70 47 30,
441 1223 115 39 1926:
615 1223 67 40 2c.
714 1223 114 47 Apr.
860 1222 70 48 25,
963 1222 115 39 1928;
1140 1221 82 41 aff.
1257 1223 115 46 May
1404 1222 55 40 17;
1522 1221 41 39 A
1595 1221 204 41 1074598;
1863 1222 246 39 Fordham

174 1281 143 48 univ.,
343 1282 119 38 New
487 1281 144 39 York.

101 1346 286 65 Marquis,
421 1347 148 62 Don,
603 1347 169 52 1878-

173 1426 154 52 Love
358 1430 229 48 sonnets
619 1424 64 53 of
714 1444 31 33 a
779 1443 132 34 cave
942 1443 132 34 man
1109 1424 112 53 and
1255 1424 163 53 other
1448 1443 203 48 verses,
1683 1424 76 70 by
1791 1425 133 52 Don
102 1426 1986 147 Marquis;

289 1503 292 70 drawings
613 1503 75 67 by
720 1502 203 56 Stuart
953 1503 152 69 Hay.
1182 1502 235 55 Garden
1451 1502 154 70 City,
1635 1503 69 53 N.
1738 1503 92 69 Y.,
99 1504 1987 147 Doubleday,

254 1582 198 52 Doran
481 1584 46 49 &
553 1600 298 50 company,
879 1581 125 68 inc.,
1033 1584 149 50 1928.

170 1663 791 49 vii, 151 p. incl. plates. 19½ ᶜᵐ .
105 1718 51 52 ©
183 1723 114 47 Apr.
323 1722 39 48 6,
388 1722 115 41 1928;
559 1722 66 41 2c.
652 1723 96 38 and
775 1721 82 42 aff.
886 1724 114 44 May
1026 1723 26 39 3:
1108 1722 42 39 A
1175 1722 205 40 1074325;
1438 1723 300 48 Doubleday,
1768 1724 168 39 Doran
1965 1724 36 40 &
2028 1735 83 37 co.,

172 1779 90 41 inc.
334 1779 281 49 (28-12190)

103 1842 226 63 Marsh,
364 1844 140 52 Mrs.
542 1844 309 62 Margaret
890 1842 309 55 Charlotte
1245 1842 401 64 (Alexander)

98 1921 1993 146 … The bankers in Bolivia; a study in American foreign investment,
434 2000 77 69 by
551 2001 297 68 Margaret
889 1999 331 53 Alexander
1261 2000 216 53 Marsh.
1554 2001 140 53 New
1738 2002 182 66 York,
101 2004 1986 144 Vanguard

311 2082 361 65 press [ ᶜ19 28]
102 2162 2011 99 2 p. l., vii-xvi, 233 p. incl. tables, diagrs. maps, diagr. 19½ ᶜᵐ . (Half-title:
263 2220 1449 48 American imperialism … edited … by H. E. Barnes)
172 2279 64 40 At
262 2279 123 39 head
416 2278 51 39 of
495 2278 108 40 title:
668 2278 195 41 Studies
889 2277 48 40 in
967 2277 256 40 American
1250 2278 335 48 imperialism.

172 2335 379 49 Bibliography:
586 2346 42 37 p.
652 2334 216 41 179-198.

108 2389 52 53 ©
188 2394 115 49 Apr.
332 2394 69 48 19,
431 2394 141 46 1928;
603 2394 68 40 2c.
700 2393 115 49 Apr.
844 2393 84 47 26;
960 2393 83 41 aff.
1073 2393 114 49 Apr.
1217 2394 84 46 25;
1333 2394 41 38 A
1404 2394 231 47 1069934;
1668 2396 266 48 Vanguard
1966 2405 150 38 press,

175 2451 91 41 inc.
338 2451 282 49 (28-12531)

108 2519 228 61 Mason,
369 2517 211 53 Albert
614 2518 309 62 Freeman,
959 2520 171 50 1891-

179 2595 314 70 Spraying,
538 2595 255 70 dusting,
839 2597 114 52 and
1001 2595 360 71 fumigating
1407 2595 65 54 of
1518 2597 223 69 plants;
1792 2616 32 35 a
1873 2599 249 68 popular

105 2674 2018 70 handbook on crop protection, by A. Freeman Mason … New
106 2752 181 68 York,
310 2753 123 53 The
456 2753 338 53 Macmillan
816 2771 300 51 company,
1142 2756 153 51 1928.

177 2834 1882 53 xxxi p., 1 l., 539 p. illus. 20½ ᶜᵐ . (Half-title: The rural manuals)
111 2888 52 52 ©
191 2894 115 46 May
333 2894 39 47 1,
400 2893 115 39 1928;
572 2893 67 41 2c.
668 2895 97 38 and
792 2893 82 41 aff.
905 2895 114 46 May
1045 2894 26 39 2;
1128 2894 42 39 A
1198 2894 208 41 1074310;
1461 2895 284 41 Macmillan
1775 2907 67 30 co.

192 2950 282 48 (28-12058)

115 3017 227 63 Mason,
375 3019 278 61 Frances,
685 3020 84 51 ed.

110 3095 1986 148 Creation by evolution; a consensus of present-day knowledge … edited
588 3175 75 69 by
691 3176 248 51 Frances
966 3176 221 52 Mason.
1253 3177 139 52 New
1422 3177 181 66 York,
1633 3178 120 52 The
1782 3179 339 53 Macmillan

110 3270 299 51 company,
444 3256 150 50 1928.

248 3335 1425 51 xx p., 1 l., 392 p. front., illus., plates, diagrs. 22½ᶜᵐ.
114 3387 52 52 ©
194 3393 113 46 May
325 3392 69 46 15,
414 3392 141 41 1928:
584 3392 67 40 2c.
670 3394 95 38 and
785 3392 82 40 aff.
888 3394 114 46 May
1021 3393 57 40 16;
1132 3395 40 37 A
1191 3394 204 40 1074540;
1453 3396 284 39 Macmillan
1755 3407 67 30 co.

112 3458 302 63 Merriam,
448 3458 234 54 Clinton
715 3460 175 62 Hart,
926 3463 172 50 1855-
1280 3464 85 51 ed.

181 3536 426 69 An-nik-a-del,
634 3538 96 53 the
760 3538 223 70 history
1013 3538 65 54 of
1106 3539 96 53 the
1231 3540 264 54 universe
1525 3560 61 34 as
1616 3541 124 54 told
1769 3543 76 69 by
1876 3543 96 53 the
113 3544 1989 123 Modeś-se

324 3615 244 53 Indians
598 3615 65 53 of
696 3615 356 70 California;
1087 3619 272 53 recorded
1393 3620 114 53 and
1540 3619 191 55 edited
1763 3621 76 69 by
1874 3620 63 56 C.
1971 3622 156 53 Hart

113 3692 2014 77 Merriam, M. D. Boston, Mass., The Stratford company, 1928.
184 3774 1182 52 6 p. l., xi, 166 p. front., plates, ports. 19 ᶜᵐ .
188 3832 129 39 “The
345 3832 176 40 stories
553 3834 107 39 that
688 3834 142 39 make
862 3845 65 37 up
953 3836 82 39 the
1065 3838 198 45 present
1292 3837 192 41 volume
1514 3848 127 30 were
1672 3839 102 39 told
1804 3850 75 29 me
1910 3840 60 47 by
2004 3841 125 40 Istet

117 3887 210 44 Woiche,
362 3900 63 28 an
459 3890 77 39 old
572 3891 220 40 Modesse
828 3891 176 40 Indian
1039 3893 176 39 known
1253 3895 48 38 to
1337 3894 82 40 the
1454 3895 176 41 whites
1664 3906 54 30 as
1755 3896 217 41 William
118 3897 1991 96 Hulsey.”—Pref.

121 3999 52 52 ©
201 4005 114 47 Apr.
342 4005 71 48 28,
444 4005 140 44 1928;
615 4007 68 40 2c.
713 4008 114 46 May
854 4008 53 46 3;
939 4008 82 41 aff.
1051 4010 114 46 May
1195 4009 24 39 1;
1280 4009 41 40 A
1351 4010 229 49 1077041;
1617 4012 252 42 Stratford
1899 4023 82 37 co.,
191 4013 1916 90 publishers.

454 4063 280 49 (28-12051)
