2498 4384
1050 4083 140 55 2007

116 421 313 67 Sidgwick,
464 420 195 63 Cecily
700 417 296 67 (Ullman)
1069 416 138 54 “Mrs.
1241 415 212 53 Alfred
1488 412 351 66 Sidgwick.”

186 505 1926 76 Come-by-chance, by Mrs. Alfred Sidgwick … London [etc.]
111 596 89 53 W.
233 592 220 56 Collins
483 609 128 35 sons
639 592 48 50 &
714 608 98 49 co.,
842 590 102 52 ltd.
1024 589 134 51 [ᶜ1928]

181 672 543 54 2 p. l., 280 p. 19ᶜᵐ.
119 738 2000 58 © 1c. Nov 8, 1928; A ad int. 12085; pubd. Sept. 13; C. U. Sidgwick, i. e.
187 806 114 40 Mrs.
333 804 170 40 Alfred
539 802 254 43 Sidgwick.
828 800 68 41 St.
927 800 215 48 Buryan,
1174 798 260 47 Cornwall,
1468 796 236 49 England.
196 861 222 50 (29-241)

112 987 215 63 Smith,
358 985 190 53 David
582 986 261 62 Eugene.

246 1070 1876 75 … Teachers’ key and manual to accompany Exercises and
116 1163 135 47 tests
294 1155 57 53 in
393 1156 194 68 junior
630 1154 139 69 high
814 1152 190 53 school
1048 1151 411 53 mathematics,
1540 1155 82 64 pt.
1668 1153 45 49 1.
1792 1149 93 68 By
1927 1149 195 53 David

118 1237 230 68 Eugene
380 1233 208 66 Smith,
615 1233 261 53 William
905 1231 192 53 David
1129 1232 184 51 Reeve
1342 1229 111 52 and
1484 1228 256 53 Edward
1769 1227 353 69 Longworth

116 1314 200 52 Morss.
386 1314 234 63 Boston,
651 1312 138 51 New
823 1309 161 54 York
1038 1315 120 60 [etc.]
1194 1307 158 55 Ginn
1384 1308 114 51 and
1529 1324 283 52 company
1868 1308 152 64 [1928]

185 1397 100 42 viii,
318 1395 85 42 128
434 1406 42 37 p.
535 1395 143 45 illus.,
709 1393 182 48 diagrs.
950 1391 147 41 21½ᶜᵐ.

121 1462 51 53 ©
202 1467 113 47 Apr.
342 1464 56 42 27,
442 1464 114 41 1928;
614 1464 68 40 2c.
712 1464 114 47 May
855 1462 82 48 19;
968 1461 83 41 aff.
1082 1462 113 46 May
1225 1461 83 46 18;
1339 1461 42 38 A
1409 1458 229 49 1077346;
1672 1458 126 41 Ginn
1830 1458 35 40 &
1893 1469 68 29 co.

114 1604 240 63 Sonkin,
394 1603 222 55 Simon.

195 1693 231 71 College
470 1700 264 47 entrance
780 1693 112 53 and
938 1692 249 70 Regents
1230 1690 290 69 questions
1566 1688 115 54 and
1726 1688 292 70 diagrams
2065 1688 60 53 in

126 1765 2002 77 physics (with problems) by Simon Sonkin … New York,
125 1848 230 72 College
388 1856 267 47 entrance
689 1849 147 53 book
869 1865 299 53 company,
1204 1846 405 69 incorporated
1691 1848 134 50 [ᶜ1928]

191 1932 62 46 vi,
286 1933 54 39 74
370 1942 44 38 p.
474 1932 181 47 diagrs.
715 1931 56 40 18½
803 1931 44 23 ᶜᵐ
853 1963 9 8 .
932 1929 178 49 (Cebco
1143 1928 177 49 series)

121 1999 51 53 ©
203 2005 111 41 Dec.
341 2005 41 47 4,
410 2004 116 40 1928;
583 2004 69 39 2c.
682 2004 111 40 Dec.
822 2003 26 40 6;
907 2001 82 43 aff.
1019 2002 112 40 Dec.
1162 2002 58 39 10;
1276 2002 42 39 A
1345 2001 115 40 2164;
1522 1999 190 51 College
1742 2003 230 38 entrance
2004 2001 124 40 book

188 2072 82 36 co.,
304 2061 89 42 inc.
466 2061 281 48 (28-30536)

119 2185 312 65 Strachey,
460 2186 142 53 Mrs.
635 2185 221 54 Rachel
890 2186 162 53 Conn
1094 2184 352 66 (Costelloe)
1489 2184 172 56 1887-

193 2279 155 54 “The
384 2276 227 69 cause”;
651 2297 32 34 a
718 2278 159 53 short
912 2277 222 70 history
1172 2276 66 55 of
1274 2277 95 53 the
1406 2276 265 55 women’s
1707 2281 323 49 movement
2069 2276 59 55 in

120 2353 2010 76 Great Britain, by Ray Strachey … London, G. Bell and sons,
119 2437 122 67 ltd.,
271 2438 152 52 1928.

189 2518 88 41 429
305 2530 43 38 p.
408 2529 85 31 XVI
521 2530 62 37 pl.
612 2518 135 48 (incl.
774 2517 165 48 front.,
969 2517 177 50 ports.)
1214 2518 118 41 23ᶜᵐ.

189 2590 304 49 Appendices:
580 2624 8 8 I.
621 2591 294 47 Cassandra,
950 2593 61 47 by
1046 2592 234 40 Florence
1314 2589 447 51 Nightingale.—II.
121 2590 1992 98 Bibliographical
242 2651 113 39 note
394 2649 68 48 (p.
492 2648 229 48 419-421)

121 2713 2007 61 © 1c. Dec. 6, 1928; A ad int. 12031; pubd. Oct. 9; R. C. C. Strachey,
189 2778 214 43 London.
471 2779 223 48 (29-212)

118 2888 229 64 Stuart,
383 2889 166 69 Lady
586 2888 237 66 Louisa,
865 2889 327 56 1757-1851.

188 2977 174 56 Notes
403 2979 77 69 by
522 2981 165 67 Lady
728 2980 211 54 Louisa
986 2979 203 56 Stuart
1229 2999 73 34 on
1345 2979 223 71 George
1613 2979 230 70 Selwyn
1887 2980 114 53 and
2041 2979 92 55 his

118 3059 481 68 contemporaries
650 3059 77 68 by
775 3059 156 53 John
984 3059 274 69 Heneage
1309 3059 177 54 Jesse.
1561 3058 216 54 Edited
1831 3058 153 52 from
2035 3059 97 53 the

118 3135 249 69 original
417 3137 356 68 manuscript
822 3137 77 69 by
949 3137 86 54 W.
1090 3136 57 56 S.
1198 3137 203 53 Lewis.
1477 3136 140 54 New
1668 3136 180 69 York,
1900 3136 233 56 Oxford

117 3213 321 71 university
467 3233 157 50 press;
686 3215 260 69 London,
975 3215 78 53 H.
1082 3214 270 69 Milford,
1385 3218 150 51 1928.

186 3299 102 47 xiii,
336 3298 56 41 65
440 3309 44 37 p.
545 3301 138 45 port.,
730 3298 193 41 facsim.
982 3298 148 40 25½ᶜᵐ.
1201 3298 303 49 (Half-title:
1551 3299 375 40 Miscellaneous
117 3299 1995 97 antiquities.
335 3362 50 32 IV
394 3354 16 48 )

189 3425 93 41 “Of
314 3425 98 42 this
443 3427 191 39 volume
664 3426 91 40 five
785 3426 222 40 hundred
1039 3426 161 48 copies
1231 3427 124 39 have
1387 3426 118 40 been
1537 3424 194 51 printed
1763 3426 50 40 in
1842 3427 285 49 November,

116 3482 126 48 1928,
283 3483 61 48 by
381 3483 58 40 D.
481 3483 52 39 B.
576 3482 202 48 Updike,
819 3483 82 40 the
942 3483 336 48 Merrymount
1319 3493 150 37 press,
1511 3482 57 42 U.
1610 3482 44 42 S.
1693 3483 70 48 A.,
1803 3483 199 41 Boston.
2066 3483 63 41 Of

117 3538 98 41 this
243 3539 203 41 number
474 3539 113 41 four
616 3540 222 40 hundred
867 3539 96 41 and
990 3542 202 45 seventy
1220 3550 85 29 are
1331 3539 81 40 for
1440 3538 146 44 sale.”

188 3597 68 40 “A
283 3596 84 42 list
394 3597 53 39 of
475 3597 81 39 the
584 3596 256 48 published
869 3596 135 41 work
1032 3596 52 40 of
1111 3596 137 47 Lady
1276 3595 180 41 Louisa
1489 3595 199 42 Stuart”:
1749 3605 43 39 p.
1823 3596 192 50 [55]-56.

122 3663 51 51 ©
201 3668 118 40 Nov.
347 3666 70 48 22,
446 3666 113 41 1928;
617 3667 66 41 2c.
712 3668 96 39 and
837 3666 82 41 aff.
950 3666 112 42 Dec.
1090 3667 27 39 4;
1177 3666 40 39 A
1246 3666 85 40 942;
1391 3665 189 44 Oxford
1611 3665 130 43 univ.
1771 3678 151 37 press,
1953 3667 91 41 inc.

198 3723 283 49 (28-30618)

121 3833 224 64 Syrett,
380 3834 207 54 Netta.

186 3925 121 54 The
336 3925 242 55 shuttles
608 3925 66 53 of
702 3925 266 70 eternity,
998 3926 75 56 by
1102 3925 176 53 Netta
1311 3925 214 71 Syrett.
1596 3926 260 70 London,
1888 3925 69 56 G.
1992 3926 135 55 Bles

122 4007 169 65 [1928]
