2498 4384
1214 4119 104 54 796

274 440 261 68 [Parker,
569 439 155 54 John
758 440 186 66 Scott]
986 438 169 53 1873-

333 519 210 54 Where
584 519 113 51 and
736 519 147 65 how,
924 536 31 33 a
994 518 366 66 corporation
1400 518 154 51 hand
1596 517 165 67 book,
1801 518 334 67 containing
2174 519 97 51 the

265 597 138 53 laws
439 597 64 52 of
537 597 315 65 Delaware,
888 597 138 51 New
1064 596 219 68 Jersey,
1319 597 139 51 New
1494 596 164 52 York
1695 597 113 51 and
1844 596 427 68 Pennsylvania

265 675 60 53 in
366 675 244 52 relation
653 682 58 47 to
752 674 95 52 the
889 674 449 67 incorporation,
1379 674 324 68 regulation
1747 674 113 53 and
1904 674 262 52 taxation
2207 674 65 52 of

262 753 255 54 business
547 751 410 70 corporations,
988 753 111 53 and
1129 753 97 53 the
1255 753 329 67 admission,
1614 752 324 69 regulation
1968 753 113 52 and
264 758 1983 127 taxation

431 831 65 54 of
540 831 227 69 foreign
812 832 254 52 business
1110 831 413 68 corporations,
1569 832 140 52 with
1755 851 72 33 an
1872 832 401 69 introductory

264 911 237 67 chapter
541 929 72 33 on
653 911 96 51 the
794 910 315 52 formation
1152 911 115 52 and
1308 916 400 62 management
1749 910 64 52 of
1853 910 256 53 business
264 929 1983 127 corporations

594 989 61 51 in
689 990 249 67 general,
973 990 139 51 with
1150 988 183 53 forms
1368 990 113 51 and
1516 990 351 67 precedents,
1900 989 76 66 by
2010 988 262 55 William

266 1066 2008 69 B. Devoe … 8th ed., rev. to January 1, 1928. New York,
264 1147 121 52 The
417 1145 413 54 Broun-Green
861 1164 299 49 company,
1194 1148 151 50 1928.

333 1228 464 48 xvi, 402 p. 24 ᶜᵐ .
336 1300 158 40 “John
532 1299 44 41 S.
614 1299 199 47 Parker,
850 1299 82 40 the
968 1299 179 39 author
1183 1299 96 39 and
1316 1298 184 41 reviser
1536 1298 53 41 of
1624 1299 82 39 the
1743 1297 179 41 earlier
263 1298 2010 100 editions.”—Publisher’s

590 1359 126 38 note.

271 1425 1862 52 © Mar. 23, 1928; 2c. and aff. May 15; A 1077255; Broun-Green co.
350 1485 282 49 (28-13470)

263 1579 268 63 Phillips,
559 1579 228 54 Walter
815 1576 254 65 Shelley,
1102 1577 173 54 1867-

335 1657 215 52 Indian
581 1658 141 51 tales
757 1655 93 53 for
883 1656 150 52 little
1067 1655 173 68 folks,
1269 1656 78 68 by
1378 1656 90 54 W.
1505 1655 57 55 S.
1596 1655 254 68 Phillips
1894 1654 103 70 (El
267 1654 1983 149 Comancho)

448 1734 327 53 illustrated
815 1734 141 53 with
996 1735 192 51 eleven
1228 1732 115 53 full
1382 1752 148 50 page
1570 1733 225 53 colored
1837 1733 201 68 plates,
267 1751 1983 115 reproduced

483 1812 153 52 from
671 1817 176 47 water
883 1813 153 51 color
1071 1812 299 68 paintings
1405 1812 76 68 by
1516 1812 98 52 the
1649 1812 207 53 author
1893 1812 113 53 and
2045 1810 231 54 further

265 1891 366 53 embellished
661 1891 142 51 with
832 1891 217 52 several
1077 1890 265 53 hundred
1371 1890 150 52 little
1550 1890 214 53 Indian
1794 1890 310 69 drawings,
2135 1890 141 53 with

266 1971 379 66 explanatory
672 1969 109 68 key
808 1968 99 53 list
934 1988 59 33 so
1019 1969 152 52 little
1198 1967 155 54 folks
1381 1987 104 33 can
1513 1968 354 53 understand
1896 1968 173 53 them.
2135 1968 141 54 New

266 2046 1256 70 York, The Platt & Munk co. inc. [ ᶜ19 28]
334 2127 1885 50 6 p. l., 9-80 p. incl. front., illus. (part col.) col. plates. 22½ × 29 ᶜᵐ .
269 2185 51 51 ©
349 2189 123 39 Mar.
496 2188 69 47 24,
591 2187 115 40 1928;
759 2187 68 40 2c.
855 2188 96 38 and
977 2186 83 41 aff.
1087 2187 114 46 May
1225 2186 57 40 23;
1338 2186 41 39 A
1405 2186 202 40 1074671;
1665 2187 135 40 Platt
1827 2186 36 40 &
1888 2187 153 39 Munk
2068 2197 82 38 co.,
2178 2186 91 42 inc.

341 2241 69 53 [©
442 2244 227 49 revision]
746 2243 282 49 (28-13507)

265 2339 350 63 Pöhlmann,
644 2340 159 52 Frau
835 2338 167 63 Olga,
1038 2341 172 49 1880-

333 2419 168 53 Hans
534 2418 274 68 Kleberg,
842 2436 200 34 roman
1078 2435 99 35 aus
1214 2418 129 52 dem
1380 2418 310 68 Nürnberg
1723 2417 281 54 Albrecht
2038 2419 238 68 Dürers,

264 2516 111 34 von
416 2496 150 69 Olga
605 2496 344 53 Pöhlmann.
1086 2501 99 48 [1.-4.
1227 2496 150 66 aufl.]
1459 2496 260 67 Breslau,
1760 2496 515 69 Bergstadtverlag

269 2578 172 64 [1926]

332 2656 577 49 214 p. ports. 18 ½ᶜᵐ .
269 2712 2002 51 © Nov. 15, 1926; 1c. Jan. 5, 1928: A —Foreign 36951; Bergstadtverlag.
347 2771 283 50 (28-13702)

265 2867 249 60 Ponten,
544 2864 189 63 Josef,
766 2868 170 49 1883-

399 2942 1872 71 … Römisches idyll. Berlin-Grunewald, Horen-verlag, 1927.
336 3025 459 49 90 p., 1 l. 23 ½ᶜᵐ .
338 3083 198 40 “Erstes
567 3082 73 40 bis
673 3082 176 40 drittes
882 3081 251 41 tausend.”

337 3140 181 39 Errata
548 3139 95 48 slip
668 3139 101 40 laid
798 3139 64 40 in.

270 3193 1998 52 © Sept. 28, 1927; 1c. Feb. 27, 1928; A —Foreign 37529; Horen-verlag,
336 3265 42 37 g.
413 3265 61 30 m.
508 3255 42 39 b.
584 3254 45 40 h.
703 3253 281 49 (28-14050)

268 3348 278 62 Posgate,
572 3349 138 50 Mrs.
741 3346 187 52 Helen
957 3346 158 52 Belle
1144 3345 217 55 Smith.

265 3424 1982 147 … Advanced French composition, by Helen B. Smith Posgate … New
762 3503 180 67 York,
982 3503 243 52 London
1292 3508 120 62 [etc.]
1460 3502 232 55 Oxford
1733 3503 319 69 university
2096 3522 175 50 press,

267 3583 150 50 1928.

336 3662 98 47 xvi,
459 3662 86 40 206
569 3673 43 37 p.
666 3662 164 48 front.,
856 3663 172 47 plates,
1055 3663 174 39 double
1255 3673 126 36 map.
1435 3663 146 41 18½ᶜᵐ.
1646 3662 213 48 (Oxford
1888 3663 191 41 French
2106 3663 163 44 series,

264 3719 61 46 by
347 3719 259 39 American
628 3719 232 47 scholars,
884 3720 196 47 general
1106 3719 186 40 editor:
1319 3719 56 40 R.
1399 3720 199 47 Weeks)

272 3771 52 53 ©
357 3777 114 47 May
504 3776 69 47 10,
606 3776 118 40 1928;
780 3777 68 39 2c.
881 3777 92 39 and
1010 3776 83 41 aff.
1126 3777 114 46 May
1269 3777 59 39 18;
1389 3776 41 39 A
1462 3777 230 46 1074587;
1731 3777 188 42 Oxford
1952 3777 131 41 univ.
2117 3788 149 37 press,

341 3833 146 40 Amer.
537 3833 197 40 branch.
805 3833 280 48 (28-13512)

266 3925 223 54 Punch.
607 3970 9 9 v.
648 3926 115 71 174,
791 3946 89 33 no.
911 3930 153 54 4529,
1093 3927 145 68 Apr.
1267 3930 83 57 25,
1382 3930 147 49 1928.

273 4006 1992 53 © 1c. June 22, 1928; A ad int. 11293; pubd. Apr. 25; Herbert Heather,
325 4067 214 40 London.
