2498 4384
1338 4095 134 52 1076

371 450 190 64 Kyne,
595 450 178 52 Peter
804 449 287 61 Bernard,
1127 451 170 51 1880-

439 527 143 53 Tide
612 527 64 53 of
703 527 233 67 empire,
963 527 76 68 by
1066 528 172 52 Peter
1267 527 67 52 B.
1364 526 188 69 Kyne,
1580 526 326 54 illustrated
1932 527 77 68 by
2035 527 92 54 W.
367 526 1982 133 Smithson

508 605 360 53 Broadhead.
941 604 140 55 New
1118 603 182 69 York,
1339 603 434 69 Cosmopolitan
1806 603 150 55 book
1991 603 385 72 corporation,

372 687 150 49 1928.

440 763 1204 52 5 p. l., 397 p. front., plates (1 double) 19½ ᶜᵐ.
382 833 52 53 ©
464 837 117 48 July
607 837 73 48 20,
706 836 117 41 1928;
876 837 68 41 2c.
973 836 115 47 July
1115 835 61 40 25;
1228 834 84 41 aff.
1341 835 116 48 July
1484 835 57 40 21;
1598 836 42 39 A
1667 834 202 42 1082701;
1928 837 51 41 P.
2009 837 55 41 B.
2094 837 153 48 Kyne,
2280 837 97 41 San

451 894 275 40 Francisco.
796 891 281 50 (28-17815)

374 1017 261 61 Lincoln,
666 1016 238 54 Natalie
934 1016 271 55 Sumner.

443 1093 1875 70 The secret of Mohawk Pond, by Natalie Sumner Lincoln …
373 1174 139 52 New
550 1173 179 66 York,
763 1172 259 67 London,
1057 1171 72 54 D.
1164 1170 298 70 Appleton
1498 1174 46 50 &
1577 1187 300 54 company,
1915 1176 150 50 1928.

441 1254 515 52 4 p. l., 276, [1] p. 19½ ᶜᵐ.
385 1324 53 53 ©
469 1328 115 47 July
612 1326 69 47 20,
711 1325 118 41 1928;
882 1326 68 41 2c.
980 1325 95 39 and
1104 1323 83 42 aff.
1216 1324 118 47 July
1360 1324 57 40 25;
1474 1324 42 39 A
1544 1323 230 49 1082677;
1807 1326 57 41 D.
1893 1326 242 48 Appleton
2166 1328 36 41 &
2231 1339 68 31 co.

464 1383 282 50 (28-17816)

378 1509 244 60 Lomax,
656 1506 147 53 Paul
836 1505 278 56 Sanford.

452 1584 377 57 Commercial
857 1583 268 69 teaching
1154 1582 316 69 problems;
1505 1602 31 33 a
1567 1582 331 55 class-room
1927 1583 270 72 teaching
384 1604 1973 114 manual

530 1664 94 53 for
675 1661 357 55 commercial
1084 1661 255 54 teachers
1392 1660 61 54 in
1503 1662 314 69 secondary
1869 1662 239 69 schools,
2160 1666 220 52 normal

381 1743 238 66 schools,
655 1740 271 55 teachers’
962 1740 258 69 colleges,
1260 1740 113 53 and
1411 1739 321 70 university
1768 1740 220 55 schools
2026 1740 66 55 of
2130 1742 255 56 business

382 1817 2001 150 and education, by Paul S. Lomax … New York, Prentice-Hall, inc., 1928.
455 1978 596 51 vii, 200 p. diagr. 19½ ᶜᵐ.
459 2048 1694 50 “References” at end of each chapter except chapters I and VI.
391 2120 52 53 ©
472 2124 128 41 June
625 2122 68 48 19,
717 2122 122 40 1928;
890 2122 69 40 2c.
986 2122 95 39 and
1110 2120 82 42 aff.
1221 2120 116 48 July
1364 2120 84 48 24;
1477 2121 42 39 A
1545 2120 230 49 1083363;
1807 2121 377 50 Prentice-Hall,
2214 2124 91 41 inc.

470 2178 280 55 (28-18022)

388 2289 243 52 London
660 2288 251 69 opinion,
987 2306 51 34 v.
1071 2290 84 64 98,
1182 2305 117 34 nos.
1332 2289 153 64 1269,
1515 2285 152 69 1270,
1695 2286 143 69 July
1865 2290 85 67 28,
1977 2288 152 69 Aug.
2159 2291 50 66 4,
2239 2290 151 51 1928.

396 2367 1991 55 © 1c. each Aug. 9, 1928; A ad int. 11502, 11503; pubd. July 20, 27;
464 2430 185 48 George
672 2429 219 46 Newnes,
919 2429 101 47 ltd.,
1048 2428 214 40 London.

386 2538 340 54 Louisiana.
804 2538 205 53 Courts
1040 2537 64 69 of
1130 2537 223 68 appeal.

463 2619 246 67 Reports
740 2616 65 53 of
834 2617 96 52 the
960 2615 311 53 Louisiana
1305 2614 207 55 Courts
1545 2615 65 53 of
1641 2616 223 68 appeal,
1932 2636 52 33 v.
2016 2616 49 54 7.
2103 2616 169 57 Cases
393 2637 1974 128 argued

575 2696 115 52 and
723 2694 353 54 determined
1110 2694 61 52 in
1204 2693 99 53 the
1337 2693 210 54 Courts
1579 2693 65 53 of
1678 2693 207 69 appeal
1919 2694 65 53 of
2016 2695 97 53 the
2148 2700 146 49 state
2327 2696 66 53 of

393 2774 310 53 Louisiana
726 2779 61 47 at
806 2773 98 52 the
926 2778 144 47 term
1092 2771 318 69 beginning
1431 2770 126 54 first
1581 2771 258 69 Monday
1860 2772 65 53 of
1951 2772 264 69 October,
2242 2773 150 56 1927.

394 2852 181 55 Court
614 2852 65 52 of
719 2851 236 68 appeal:
995 2850 127 53 first
1160 2849 221 68 circuit,
1422 2851 190 51 Baton
1653 2851 227 68 Rouge;
1925 2852 205 52 second
2172 2852 221 68 circuit,

395 2928 1976 134 Shreveport; parish of Orleans, New Orleans … contains references
590 3013 58 47 to
686 3008 96 52 the
818 3007 309 52 Louisiana
1167 3006 205 68 digest,
1409 3005 218 69 subject
1663 3010 213 49 matter
1911 3007 191 69 index,
2139 3008 156 53 table
2328 3008 66 54 of

395 3106 152 33 cases
576 3085 284 69 reported,
886 3085 152 52 table
1066 3084 65 53 of
1158 3103 151 34 cases
1338 3084 149 52 cited
1516 3085 114 52 and
1658 3085 179 53 tables
1867 3084 65 54 of
1959 3090 119 49 acts
2106 3084 65 54 of
397 3085 1972 146 Legislature,

630 3161 1763 70 codes, and constitutions cited … Ed. by J. B. Herold
460 3239 1354 69 … New Orleans, Hauser printing co., 1928.
468 3324 154 48 xxxii,
651 3323 85 41 809
764 3334 43 37 p.
866 3323 117 41 23ᶜᵐ.

402 3392 52 53 ©
480 3396 116 47 July
620 3394 70 50 18,
714 3394 141 47 1928;
882 3394 68 41 2c.
975 3395 97 38 and
1096 3393 83 43 aff.
1204 3393 121 48 Aug.
1350 3394 54 47 2;
1431 3394 44 39 A
1497 3393 204 42 1082827;
1755 3395 198 40 Hauser
1975 3395 222 49 printing
2219 3406 67 30 co.

394 3517 339 54 Louisiana.
806 3518 279 67 Supreme
1124 3523 175 48 court.

470 3593 1863 72 Louisiana reports, v. 165. Cases argued and determined …
401 3672 1994 70 at term beginning first Monday of October, 1927 … Ed.
400 3754 181 51 under
615 3753 97 52 the
747 3752 278 53 direction
1060 3751 65 53 of
1159 3751 98 53 the
1292 3756 176 47 court.
1544 3749 81 57 St.
1665 3752 166 67 Paul,
1864 3751 163 55 West
2062 3747 336 75 publishing

402 3850 97 48 co.,
531 3834 148 49 1928.

473 3912 734 48 xxviii, 1224 numb. col. 22½ ᶜᵐ.
406 3980 53 53 ©
486 3986 115 47 July
625 3983 70 49 27,
721 3983 116 41 1928;
889 3983 67 42 2c.
983 3983 120 50 Aug.
1129 3986 26 39 7;
1210 3983 84 43 aff.
1321 3983 119 49 Aug.
1467 3983 53 48 6;
1547 3984 42 40 A
1615 3983 229 48 1082950;
1873 3984 138 41 West
2033 3983 110 49 pub.
2170 3995 68 30 co.
