2498 4384
1023 3949 132 51 1023

83 299 271 61 Roberts,
388 298 337 52 Alexander
758 295 273 65 Crippen.

158 378 178 51 Extra
344 377 143 53 class
535 376 113 52 and
696 373 343 55 intramural
1088 372 284 56 activities
1420 373 60 53 in
1527 372 142 70 high
1718 372 236 69 schools,
2003 373 75 70 by

86 448 1932 76 Alexander Crippen Roberts … and Edgar Marian Draper …
89 525 1992 76 with a foreword by Lotus D. Coffman … Boston, New York
111 606 1223 73 [etc.] D. C. Heath and company [ ᶜ1 928]
155 691 116 47 xvii,
302 689 84 41 529
419 701 44 37 p.
494 689 110 42 incl.
636 689 167 50 diagr.,
835 688 169 42 forms.
1066 689 147 39 20½ᶜᵐ.
1292 688 205 42 [Heath’s
1531 688 312 51 pedagogical
1877 689 201 51 library]

156 746 245 49 Readings:
459 758 46 38 p.
535 746 250 51 [499]-515.

89 815 51 52 ©
170 820 117 47 July
315 818 40 48 3,
386 818 55 40 1928;
559 818 69 41 2c.
660 818 115 47 July
805 818 53 47 9;
891 817 83 41 aff.
1005 818 117 47 July
1152 818 29 39 7;
1239 817 41 40 A
1312 817 230 47 1082410;
1577 818 57 41 D.
1667 816 49 43 G.
1749 819 164 39 Heath
1945 818 37 40 &
2013 830 68 29 co.

165 874 281 51 (28-17074)

81 983 316 62 Robinson,
430 981 159 64 Cyril
621 981 272 64 Edward,
926 985 171 50 1884-

159 1060 300 71 England;
492 1079 33 34 a
551 1060 224 69 history
804 1059 64 54 of
897 1059 224 54 British
1152 1077 265 52 progress
1449 1058 155 55 from
1631 1059 98 55 the
1760 1060 159 70 early
1950 1079 133 52 ages

90 1134 1993 76 to the present day, by Cyril E. Robinson … with 63 maps and
88 1217 167 67 plans
279 1215 113 53 and
417 1218 69 50 24
508 1216 200 68 plates.
782 1214 141 55 New
946 1215 182 68 York,
1152 1216 253 53 Thomas
1428 1216 74 53 Y.
1529 1215 246 57 Crowell
1801 1235 282 53 company

94 1296 192 65 [ ᶜ1 928 ]
158 1375 97 48 xiv,
283 1373 86 43 892
395 1386 44 37 p.
498 1374 164 49 front.,
692 1375 129 41 illus.
849 1374 135 48 (incl.
1012 1374 163 48 maps)
1213 1376 173 48 plates,
1417 1379 164 46 ports.,
1612 1375 181 50 diagrs.
1851 1377 148 43 23½ᶜᵐ.

160 1446 197 41 London
387 1444 184 41 edition
612 1444 256 50 (Methuen
899 1444 37 41 &
964 1455 83 37 co.,
1078 1444 113 48 ltd.)
1231 1443 256 51 published
1520 1445 49 42 in
1597 1447 30 40 4
1657 1446 135 50 vols.,
1823 1448 90 41 has
1945 1447 111 43 title:

91 1503 41 39 A
157 1502 188 48 history
373 1501 53 40 of
454 1502 249 47 England;
733 1500 113 49 this,
875 1503 82 39 the
985 1501 259 41 American
1273 1502 198 49 edition,
1501 1504 90 40 has
1620 1504 118 42 been
1767 1504 191 43 revised
1987 1506 95 41 and

90 1559 208 48 brought
323 1569 65 38 up
415 1560 48 39 to
491 1559 127 40 date.

160 1615 349 49 Bibliography:
567 1626 44 38 p.
640 1614 217 44 854-862.

88 1683 53 52 ©
167 1688 127 40 June
317 1687 71 47 29,
414 1686 119 41 1928;
582 1687 70 41 2c.
678 1687 97 40 and
800 1686 84 42 aff.
909 1688 119 47 July
1050 1688 56 46 2;
1132 1687 44 39 A
1199 1686 234 49 1083144;
1460 1688 214 42 Thomas
1699 1690 56 42 Y.
1780 1690 209 41 Crowell
2015 1702 71 30 co.

164 1743 281 51 (28-16945)

82 1850 358 65 Schellberg,
474 1851 183 54 Oscar
688 1852 168 62 Boto,
892 1851 171 54 1870-

158 1929 325 55 Mechanics
518 1930 112 53 and
665 1929 306 69 chemistry
1006 1929 65 54 of
1104 1931 94 52 the
1233 1930 215 54 human
1479 1930 182 72 body;
1711 1933 59 69 (a
1805 1935 188 67 sequel
2027 1940 59 48 to

88 2005 2000 75 “Colonic therapy”) [By] O. Boto Schellberg … New York
87 2083 1335 74 city, The Schellberg institute, inc. [ ᶜ1 928 ]
154 2167 105 49 viii,
290 2168 58 39 44
380 2178 45 38 p.
484 2169 174 47 plates.
715 2167 149 43 18½ᶜᵐ.

89 2235 1996 58 © Mar. 15, 1928; 2c. Apr. 10; aff. June 4; A 1077990; Ο. B. Schellberg,
155 2296 118 40 New
298 2296 145 41 York.
512 2296 279 50 (28-17077)

85 2406 193 63 Shaw,
310 2405 228 65 George
567 2405 287 64 Bernard,
886 2410 168 49 1856-

161 2482 1927 80 The art of rehearsal, by Bernard Shaw … New York city,
94 2561 539 69 S. French [ ᶜ1 928]
159 2643 287 49 cover-title,
473 2644 58 40 14
558 2655 46 38 p.
662 2645 116 45 16ᶜᵐ.

163 2714 302 49 “Originally
496 2714 194 49 printed
722 2715 50 39 in
804 2716 83 40 the
919 2716 180 41 United
1134 2717 165 42 States
1333 2719 154 40 under
1519 2719 82 41 the
1636 2719 108 43 title
1778 2721 144 42 Make
1955 2723 132 41 them

93 2771 60 41 do
178 2771 40 41 it
245 2771 124 42 well.
430 2773 47 39 It
504 2773 242 47 appeared
774 2772 49 41 in
851 2772 219 42 Collier’s
1099 2774 186 48 weekly
1314 2775 126 41 June
1468 2776 70 48 24,
1567 2776 161 44 1922.”

91 2839 51 52 ©
176 2844 125 40 June
333 2844 39 47 1,
405 2844 142 46 1928;
580 2844 69 40 2c.
682 2844 96 40 and
811 2844 82 41 aff.
926 2845 116 48 July
1073 2845 54 48 3;
1161 2844 43 41 A
1236 2845 230 50 1082389;
1503 2849 54 41 G.
1590 2850 55 40 B.
1680 2849 158 50 Shaw,
1872 2851 215 42 London.

167 2899 281 51 (28-16931)

86 2993 260 63 Shriver,
381 2994 222 64 Joseph
638 2994 224 64 Alexis,
898 2995 172 54 1872-

154 3071 121 53 The
294 3070 225 70 history
542 3071 65 53 of
631 3073 94 53 old
750 3071 204 70 Olney,
976 3075 96 52 the
1096 3075 166 53 home
1283 3075 67 54 of
1370 3076 113 54 Mr.
1509 3077 113 54 and
1644 3078 139 54 Mrs.
1809 3080 56 54 J.
1888 3079 203 56 Alexis

85 3148 1661 76 Shriver … [Baltimore, Waverly press, inc., ᶜ1 928]
152 3233 56 38 12
239 3244 44 37 p.
316 3233 111 40 incl.
459 3233 150 41 front
639 3233 159 50 (map)
840 3235 131 40 illus.
1029 3236 148 40 26½ᶜᵐ.

155 3302 294 50 “Copyright
483 3303 44 40 J.
558 3303 169 41 Alexis
763 3302 243 44 Shriver.”

93 3369 51 52 ©
177 3373 128 40 June
336 3374 39 48 1,
408 3374 143 47 1928;
584 3375 69 39 2c.
687 3375 128 40 June
846 3375 82 47 13;
964 3375 83 42 aff.
1081 3377 129 40 June
1242 3377 83 48 12;
1361 3379 44 39 A
1435 3380 231 49 1077746;
1703 3383 44 41 J.
1780 3383 55 42 A.
1873 3383 214 52 Shriver,

161 3429 151 50 Olney
341 3431 145 47 farm,
516 3441 72 31 nr.
618 3431 89 40 Bel
734 3432 102 48 Air,
866 3433 98 41 Md.
1034 3433 282 50 (28-17085)

88 3522 312 64 Simmons,
440 3524 266 54 Cornelia
741 3525 204 54 Helen.

162 3601 123 53 The
326 3604 140 52 road
510 3609 58 46 to
612 3621 231 51 success,
886 3604 77 70 by
1008 3604 266 57 Cornelia
1319 3608 186 54 Helen
1553 3609 303 57 Simmons.
1948 3613 141 55 New

93 3678 1348 76 York, N. Y., Cornelia H. Simmons [ ᶜ1 928]
161 3762 56 40 77
249 3772 44 38 p.
355 3762 147 41 17½ᶜᵐ.

96 3826 51 52 ©
187 3833 122 39 Mar.
346 3832 70 48 30,
456 3833 117 41 1928;
637 3834 68 41 2c.
744 3835 95 40 and
878 3835 83 43 aff.
1001 3837 128 40 June
1166 3836 83 51 18;
1290 3840 41 39 A
1369 3839 229 50 1082105;
1641 3842 50 42 Ο.
1730 3845 61 41 H.
1832 3844 256 43 Simmons.

173 3888 279 49 (28-17068)
