2498 4384
0 0 0 0 395
98 446 258 62 Moeller,
390 446 222 51 Ernest
643 445 225 61 Henry,
906 441 170 54 1872-

170 516 1887 75 Auction bridge, sense and nonsense, by E. H. Moeller …
126 603 143 51 [Fort
295 602 241 68 Wayne,
564 601 150 67 Ind.,
741 600 122 52 The
891 598 225 67 author,
1147 599 154 64 1928]

171 682 382 49 32 p. 20 x 12½ ᶜᵐ.
108 737 52 52 ©
191 743 122 39 Mar.
341 741 40 47 3,
413 740 141 46 1928;
586 740 67 40 2c.
683 740 95 39 and
809 738 82 40 aff.
923 739 122 39 Mar.
1076 738 25 39 7;
1162 737 41 38 A
1231 735 231 48 1068174;
1497 737 52 39 E.
1581 736 61 40 H.
1675 735 215 41 Moeller.

187 798 253 49 (28-8000)

104 879 373 62 Newcomen,
516 878 49 54 G
856 876 67 53 B.

174 957 122 52 The
327 955 145 70 king
504 955 64 53 of
600 954 492 67 Canoodle-Dum,
1122 953 76 68 by
1231 952 70 55 G.
1337 954 67 51 B.
1437 952 355 53 Newcomen.
1860 951 261 68 London,

107 1034 230 69 Selwyn
369 1037 46 49 &
449 1034 217 52 Blount
699 1032 105 53 ltd.
842 1034 173 65 [1928]

174 1093 403 74 284 p., 1 l. 19 ᶜᵐ.
111 1169 2010 54 © 1c. Mar. 20, 1928; A ad int. 10773; pubd. Jan. 26; G. B. Newcomen,
180 1232 212 39 London.
467 1229 252 50 (28-8712)

105 1309 204 64 Nicoll,
343 1309 336 64 Allardyce,
714 1312 173 49 1894-

184 1385 1945 70 Studies in Shakespeare [by] Allardyce Nicoll … London,
113 1468 60 52 L.
204 1470 45 50 &
277 1466 272 69 Virginia
576 1464 220 69 Woolf,
827 1464 152 55 1927.

183 1547 1853 50 164 p. 19 ᶜᵐ. (Half-title: Hogarth lectures on literature. [no. 3])
184 1606 116 40 “Six
327 1607 211 38 lectures
567 1616 60 28 on
659 1604 393 47 Shakespearian
1083 1604 445 47 tragedy.”—Pref.

114 1660 2012 52 © 1c. Mar. 22, 1928; A ad int. 10786; pubd. Feb. 22; Harcourt, Brace
183 1722 94 38 and
313 1731 82 37 co.,
433 1720 105 47 inc.,
574 1720 118 39 New
727 1719 145 41 York.
944 1718 253 48 (28-8964)

107 1801 312 62 Norwood,
455 1800 223 53 Robert
714 1799 394 64 Winkworth,
1148 1801 174 52 1874-

111 1878 1992 134 The heresy of Antioch, an interpretation, by Robert Norwood … Garden
709 1956 154 71 City,
895 1957 71 53 N.
999 1957 91 67 Y.,
1121 1957 362 70 Doubleday,
1515 1957 201 53 Doran
1749 1959 46 51 &
1825 1975 303 53 company,

109 2036 127 69 inc.,
270 2039 150 50 1928.

249 2118 478 49 xx p., 1 l., 303 p. 21½ ᶜᵐ.
117 2173 52 52 ©
201 2177 111 40 Feb.
341 2178 71 47 17,
442 2177 116 40 1928;
615 2177 55 39 2c.
713 2178 97 38 and
840 2176 83 41 aff.
954 2178 124 40 Mar.
1108 2178 55 39 17;
1224 2177 42 38 A
1295 2176 205 41 1068410;
1561 2177 300 49 Doubleday,
1895 2178 169 40 Doran
2096 2178 36 41 &

185 2245 82 37 co.,
299 2234 92 41 inc.
464 2233 252 49 (28-8149)

110 2314 254 63 Oldfeld,
397 2314 197 53 Peter.

188 2394 121 54 The
351 2394 173 53 death
567 2394 64 53 of
672 2414 31 33 a
748 2394 303 69 diplomat,
1092 2394 76 70 by
1209 2396 172 52 Peter
1425 2394 262 56 Oldfeld.
1766 2396 141 53 New
1955 2393 179 72 York,

118 2473 47 52 I.
197 2472 350 68 Washburn,
580 2476 152 50 1928.

184 2554 278 49 285 p. 19½ ᶜᵐ.
120 2608 52 52 ©
203 2613 122 40 Mar.
355 2612 69 48 16,
456 2612 141 48 1928;
628 2612 68 41 2c.
726 2612 96 40 and
853 2612 83 42 aff.
967 2613 123 41 Mar.
1122 2612 81 48 19;
1238 2613 41 39 A
1308 2612 230 49 1068387;
1573 2615 110 39 Ives
1714 2614 295 42 Washburn,
2040 2615 92 41 inc.

199 2669 253 49 (28-8130)

119 2735 258 69 [Olivier,
414 2735 203 69 Edith]
656 2755 179 50 comp.

190 2813 222 56 Secrets
456 2814 64 54 of
563 2834 152 34 some
758 2816 305 54 Wiltshire
1106 2816 370 68 housewives,
1521 2836 31 33 a
1600 2816 147 54 book
1790 2816 67 54 of
1901 2817 235 69 recipes.

120 2892 290 54 Collected
444 2893 154 53 from
629 2893 96 53 the
757 2893 278 54 members
1066 2893 66 53 of
1164 2894 265 54 women’s
1461 2895 310 53 institutes.
120 2895 1992 129 Warminster

266 2971 187 70 [Eng.]
484 2972 245 53 Printed
754 2972 75 70 by
857 2971 206 56 Coates
1090 2973 114 53 and
1230 2973 223 53 Parker
1574 2974 85 68 [1927]

191 3054 644 49 2 p. l., 69 p. front. 18½ ᶜᵐ.
189 3112 71 40 On
291 3122 142 30 cover:
493 3111 250 49 Compiled
772 3113 62 47 by
862 3113 152 40 Edith
1043 3113 199 41 Olivier.

125 3163 2010 58 © 1c. Jan. 18, 1928; A ad int. 10739; pubd. Dec. 1, 1927; E. M. Olivier,
196 3225 268 49 Salisbury,
499 3226 237 48 England.
808 3226 253 50 (28-8818)

120 3290 250 63 Paneth,
403 3291 183 64 Fritz,
621 3292 166 54 1887-

253 3368 1886 74 … Radio-elements as indicators, and other selected topics
121 3446 1993 74 in organic chemistry, by Fritz Paneth … New York [etc.]
123 3523 432 56 McGraw-Hill
586 3525 149 53 book
766 3544 284 52 company
1082 3528 107 52 inc.,
1244 3532 151 50 1928.

193 3609 1947 53 5 p. l. , 164 p. front. (port.) pl., diagrs. 23½ ᶜᵐ. (The George Fisher
123 3666 163 40 Baker
339 3666 335 40 non-resident
725 3666 301 50 lectureship
1075 3668 51 40 in
1178 3668 266 49 chemistry
1496 3672 52 38 at
1602 3670 194 42 Cornell
1849 3671 289 49 university.

127 3742 56 30 [v.
213 3721 71 48 2])

195 3779 133 40 Each
362 3781 114 46 part
511 3780 235 47 preceded
780 3780 62 48 by
875 3780 103 40 leaf
1011 3781 123 40 with
1168 3781 242 41 half-title
1444 3784 85 39 not
1563 3782 227 41 included
1826 3783 50 40 in
1911 3784 82 40 the
125 3795 1999 89 paging
247 3835 51 49 (5
327 3835 191 49 leaves)

197 3893 1944 50 “The lectures were … rendered into English by Dr. Martha Doan.”—
126 3949 131 42 Pref.

132 4001 52 52 ©
221 4006 111 41 Feb.
369 4006 69 46 10,
475 4006 114 39 1928;
652 4006 68 41 2c.
757 4007 111 40 Feb.
903 4008 83 46 25;
1025 4007 82 41 aff.
1144 4008 113 40 Feb.
1292 4008 83 46 24;
1414 4008 42 39 A
1491 4008 230 49 1068335;
1761 4009 194 41 Cornell
1993 4009 146 47 univ.,

202 4063 185 47 Ithaca,
423 4064 55 40 N.
514 4064 53 40 Y.
640 4063 252 49 (28-8183)
