2498 4384
1004 4113 136 54 1817

70 451 1482 72 London opinion, v . 99, no. 1288, Dec. 8, 1928.
77 528 1996 59 © 1c. Dec. 8 , 1928; A ad int. 12038; pubd. Nov. 30; George Newnes,
141 595 100 46 ltd.,
269 593 213 40 London.

71 687 277 61 McCann,
379 684 223 64 Justin,
637 687 172 51 1882-

137 763 120 54 The
307 761 382 54 resurrection
738 760 64 53 of
851 761 96 52 the
996 759 169 69 body,
1214 759 78 69 by
1341 758 96 53 the
1488 758 139 53 Rev.
1675 757 151 53 Dom
1876 755 200 56 Justin

70 840 277 67 McCann,
389 856 67 35 m.
499 858 82 48 a.;
627 838 394 53 introduction
1060 837 76 68 by
1179 837 121 54 Jas.
1344 837 55 53 J.
1442 836 221 67 Walsh,
1760 878 10 10 M.
1851 877 10 9 D.
1937 835 139 52 New

73 919 173 67 York,
280 918 121 53 The
434 916 337 53 Macmillan
804 932 297 51 company,
1139 917 151 50 1928.

134 996 1823 53 ix, 96 p. 17 ᶜᵐ. (Half-title: The treasury of the faith series: 34)
75 1053 1675 54 © Nov. 13, 1928; 2c. and aff. Nov. 14; A 606; Macmillan co.
150 1113 281 50 (28-27963)

69 1209 233 62 McCoy,
341 1207 257 53 William
638 1206 315 63 Johnston,
995 1210 173 49 1853-

74 1282 1978 150 Cumulative harmony, by William J. McCoy. Rev. ed. Boston, New York [etc.] Ginn and company [ ᶜ19 28]
138 1445 812 48 xii, 322 p. illus. (music) 24 ᶜᵐ.
75 1498 1671 53 © Oct. 26, 1928; 2c. Nov. 5: aff. Nov. 3; A 479: Ginn & co.
151 1559 281 49 (28-27942)

67 1638 387 64 MacCreagh,
487 1638 254 63 Gordon,
776 1643 170 50 1886-

139 1717 121 52 The
295 1717 115 52 last
441 1714 65 55 of
541 1716 121 52 free
696 1715 207 53 Africa;
973 1716 97 53 the
1107 1721 238 47 account
1381 1714 65 54 of
1481 1734 74 33 an
1591 1714 332 69 expedition
1957 1715 124 52 into

70 1792 328 71 Abyssinia,
449 1794 140 51 with
639 1793 390 54 observations
1078 1812 73 34 on
1198 1794 98 52 the
1342 1812 284 47 manners,
1675 1798 245 47 customs
1968 1794 114 52 and

69 1871 308 54 traditions
400 1871 65 53 of
488 1872 95 52 the
609 1871 348 68 Ethiopians
982 1871 141 53 with
1149 1889 152 36 some
1327 1876 258 64 pungent
1610 1871 254 53 remarks
1889 1890 74 34 on
1985 1871 100 53 the

70 1950 329 53 anomalous
432 1949 259 69 political
723 1949 277 53 situation
1030 1949 147 66 that,
1208 1955 60 47 at
1300 1955 246 62 present,
1577 1948 225 55 obtains
1830 1948 251 55 between

71 2026 2010 149 this ancient kingdom and the nations of the world. By Gordon MacCreagh … New York and London, The Century co.
76 2187 192 65 [ ᶜ19 28]
138 2265 1322 50 xvi, 361 p. front., plates, ports. 21 ᶜᵐ. $4.00
139 2326 140 46 Maps
312 2334 61 30 on
403 2323 367 48 lining-papers.

141 2381 162 41 “First
335 2380 233 50 printing,
604 2379 294 50 September,
932 2378 159 42 1928.”

77 2435 51 52 ©
157 2439 101 40 Oct.
286 2439 69 46 26,
383 2437 117 41 1928;
554 2437 70 41 2c.
651 2438 96 39 and
774 2437 84 40 aff.
885 2437 120 40 Nov.
1033 2436 26 40 6;
1116 2437 41 39 A
1184 2436 116 41 1523;
1361 2435 217 50 Century
1605 2448 69 30 co.

154 2495 282 49 (28-27788)

70 2575 270 63 Madden,
372 2574 222 64 Joseph
627 2574 269 63 Warren,
932 2578 172 50 1890-

146 2651 1874 69 Cases on domestic relations, by Joseph Warren Madden …
78 2729 81 55 St.
188 2731 167 66 Paul,
381 2730 162 53 West
572 2729 338 69 publishing
939 2747 301 50 company,
1272 2731 150 52 1928.

144 2810 1938 51 xix, 742 p. 26 ᶜᵐ. (American casebook series. W. R. Vance, general
77 2867 179 48 editor)

79 2921 51 52 ©
158 2925 103 41 Oct.
286 2926 71 41 27,
385 2925 143 46 1928;
556 2925 67 41 2c.
651 2925 119 41 Nov.
798 2925 82 47 12;
910 2924 84 41 aff.
1020 2925 121 41 Nov.
1168 2925 84 47 10;
1281 2927 42 37 A
1350 2926 113 48 554;
1494 2927 138 41 West
1657 2927 113 48 pub.
1796 2938 70 30 co.

153 2982 282 49 (28-28384)

72 3062 318 53 Mahmoud
421 3061 178 53 Khan
628 3061 326 65 Saghaphi,
985 3063 195 53 mirza.

143 3140 74 53 In
238 3141 96 52 the
357 3141 267 67 imperial
646 3140 252 68 shadow,
920 3140 76 68 by
1019 3141 187 52 Mirza
1233 3141 318 54 Mahmoud
1577 3143 177 53 Khan
1782 3143 303 70 Saghaphi

136 3217 1950 74 … Garden City, N. Y., Doubleday, Doran & company, inc.,
79 3299 145 51 1928.

144 3379 62 47 vi,
237 3379 86 40 403
355 3389 43 38 p.
458 3379 57 40 23½ᶜᵐ.

146 3434 1723 47 The author’s life at the court of N āṡ ir al-D ī n, shah of Persia.
81 3487 51 52 ©
163 3491 103 41 Oct.
296 3492 69 47 26,
396 3491 115 41 1928;
570 3492 68 40 2c.
670 3493 95 38 and
798 3492 82 42 aff.
911 3493 120 39 Nov.
1061 3493 26 40 3;
1147 3493 43 39 A
1219 3494 117 40 1484;
1398 3494 302 49 Doubleday,
1733 3496 168 40 Doran
1934 3497 37 40 &
2002 3508 84 37 co.,

147 3549 91 40 inc.
303 3549 281 49 (28-27858)

76 3628 309 64 Mahoney,
421 3629 255 53 Edward
710 3629 54 54 J.

78 3704 1983 226 Sin and repentance, by the Rev. E. J. Mahoney … introduction by Thomas M. Schweriner … New York, The Macmillan company, 1928.
144 3943 1845 57 ix, 95 p. 17 ᶜᵐ. (Half-title: The treasury of the faith series: 26)
85 3995 50 52 ©
163 4001 119 41 Nov.
309 4002 69 46 13,
408 4002 118 40 1928;
581 4003 69 40 2c.
679 4004 94 38 and
805 4003 82 40 aff.
916 4004 121 40 Nov.
1066 4004 56 39 14;
1180 4005 41 38 A
1251 4005 87 40 607;
1396 4006 284 41 Macmillan
1711 4018 69 30 co.

161 4057 279 50 (28-27962)
