2498 4384
1099 4090 99 50 1913

158 428 258 64 Kessler,
446 428 202 62 Harry
674 427 281 51 Klemens
982 423 224 64 Ulrich,
1235 423 138 70 graf
1400 438 132 48 von,
1564 425 172 50 1868-

151 496 2005 154 … Walther Rathenau, sein leben und sein werk; mit zwei-unddreissig
152 573 1981 154 abbildungen in kupfertiefdruck. Berlin-Grunewald, H. Klemm a. g. [ ᶜ 1928 ]
219 737 1333 55 377, [3] p. front., plates, ports., facsim. 23 ½ᶜᵐ .
220 814 65 40 At
314 813 125 40 head
469 813 50 39 of
550 812 108 39 title:
716 812 165 45 Harry
910 810 113 48 graf
1052 810 214 39 Kessler.

155 877 2004 54 © June 20, 1928; 1c. Sept. 19; A— Foreign 64; Verlagsanstalt Hermann
223 940 206 47 Klemm,
462 949 42 31 a.
535 949 43 38 g.
647 937 281 50 (28-29645)

151 1033 296 62 Koessler,
478 1032 279 53 Maxime.

222 1112 106 51 Les
378 1110 142 51 faux
568 1109 169 58 amis;
785 1126 89 49 ou,
920 1108 107 53 Les
1076 1108 285 52 trahisons
1407 1108 75 51 du
1532 1106 359 53 vocabulaire
1938 1104 224 68 anglais

167 1183 1978 74 (conseils aux traducteurs) par Maxime Kœssler … Jule·
150 1260 2014 74 Derocquigny … avec un avant-propos de M. Louis Cazamian
246 1340 1822 68 …et une lettre de M. Émile Borel … Paris, Vuibert, 1928.
223 1424 809 51 xviii p., 1 l., 387, [3] p. 19 ᶜᵐ .
157 1493 1893 53 © June 1, 1928; 1c. June 26; A— Foreign 39371; Librairie Vuibert.
234 1553 283 50 (28-29766)

150 1647 286 62 Kullmer,
467 1646 246 55 Charles
742 1646 213 53 Julius.

226 1724 211 55 Sketch
478 1742 162 49 maps
682 1723 64 53 of
785 1724 248 56 France;
1079 1741 31 34 a
1152 1723 224 52 French
1418 1723 378 68 composition
1835 1722 149 53 book
2023 1722 143 53 with

154 1802 193 53 sketch
391 1820 182 49 maps,
622 1801 128 53 “the
798 1800 202 53 roofed
1048 1800 445 69 square—Paris
1540 1800 286 68 method”,
1872 1801 77 68 by
1997 1800 63 54 C.
2108 1801 57 54 J.

154 1877 1989 134 Kullmer … and Jean Gérard … with the collaboration of Emmanuel
428 1955 1739 70 de Martonne … illustrated in duotones by Gervais
158 2033 2009 71 Courtellemont … Syracuse, N. Y., Kramer publishing co.
161 2148 13 35 [
201 2117 135 50 ᶜ1928
341 2147 13 34 ]

224 2197 57 40 94
313 2208 43 38 p.
418 2197 129 40 illus.
577 2196 134 49 (incl.
747 2197 164 47 ports.,
950 2194 162 49 maps)
1180 2196 149 40 23½ᶜᵐ.

226 2264 1889 50 Based on “France, a French composition book with sketch maps …
154 2325 62 47 by
246 2324 49 41 C.
325 2325 44 40 J.
399 2324 224 39 Kullmer
654 2323 96 39 and
780 2321 50 42 C.
861 2322 72 40 W.
962 2320 219 42 Cabeen”
1213 2321 259 48 published
1502 2321 51 39 in
1583 2321 129 40 1914.
1773 2323 61 47 cf.
1867 2324 185 39 Introd.

161 2376 51 54 ©
242 2380 128 50 Sept.
396 2380 71 49 26,
494 2379 115 42 1928;
664 2379 68 42 2c.
759 2380 97 39 and
883 2378 83 41 aff.
993 2378 119 41 Nov.
1138 2377 57 42 28;
1253 2377 41 41 A
1320 2376 115 42 1945;
1494 2377 49 43 C.
1570 2379 44 41 J.
1642 2378 239 50 Kullmer,
1913 2378 253 50 Syracuse,

227 2439 57 41 N.
313 2439 55 39 Y.
437 2436 282 51 (28-29798)

153 2532 323 64 Laforgue,
511 2531 183 65 Jules,
731 2532 327 54 1860-1887.

233 2609 104 56 Six
363 2611 184 51 moral
572 2610 142 52 tales
743 2608 153 53 from
923 2609 162 54 Jules
1111 2608 315 69 Laforgue,
1453 2608 192 54 edited
1673 2611 47 50 &
1746 2610 320 53 translated
2093 2611 75 69 by

163 2689 249 52 Frances
442 2687 292 53 Newman.
800 2687 139 53 New
969 2686 181 68 York,
1179 2687 79 53 H.
1289 2686 307 70 Liveright
1672 2689 153 65 [ᶜ1928]

233 2769 86 40 292
349 2780 44 38 p.
484 2768 117 42 19½ᶜᵐ.

576 2825 710 48 CONTENTS.—Introduction.—Lohengrin,
1323 2836 86 29 son
1443 2825 52 41 of
1529 2825 407 42 Parsival.—The
1971 2826 202 43 miracle

163 2882 52 40 of
244 2883 83 40 the
356 2883 315 39 roses.—Pan
702 2883 97 39 and
830 2883 82 39 the
946 2881 178 47 Syrinx;
1185 2893 68 37 or,
1284 2883 101 39 The
1418 2882 251 41 invention
1701 2883 52 39 of
1786 2884 82 39 the
1899 2883 119 41 flute
2049 2884 123 41 with

164 2949 145 30 seven
342 2939 417 40 reeds.—Hamlet;
823 2949 66 37 or,
925 2939 102 39 The
1060 2948 354 39 consequences
1448 2938 52 41 of
1534 2939 122 40 filial
1691 2940 482 48 piety.—Salome.—

165 2996 207 40 Perseus
407 2996 96 39 and
537 2995 308 40 Andromeda;
912 3006 66 37 or,
1014 2996 102 39 The
1151 2995 227 48 happiest
1413 3006 89 29 one
1538 2996 51 40 of
1625 2997 82 39 the
1741 2997 226 48 triangle.

162 3049 52 52 ©
240 3053 120 41 Nov.
384 3053 72 46 26,
483 3053 116 40 1928;
652 3053 68 39 2c·.
748 3054 96 38 and
871 3053 82 41 aff.
981 3053 118 41 Nov.
1126 3053 83 47 30;
1239 3054 43 38 A
1308 3053 142 47 1995;
1480 3054 193 40 Horace
1700 3054 268 50 Liveright,
1997 3054 92 42 inc.

240 3108 283 51 (28-29743)

160 3204 85 53 La
277 3203 217 65 Roche,
527 3204 149 53 Jean
710 3204 88 55 de.

291 3280 1879 72 … Sœur Marguerite; jeune, noble, riche et jolie, pourquoi
158 3358 197 70 suis-je
413 3360 188 52 entrée
657 3378 70 34 au
784 3360 273 53 couvent?
1153 3362 241 51 Roman.
1488 3362 186 68 Paris,
1725 3362 55 54 J.
1835 3362 338 54 Tallandier

205 3440 153 65 [ ᶜ 1928]
228 3521 805 50 2 p. l., [7]-240 p., 2 l. 18 ½ᶜᵐ .
164 3573 1864 54 © July 5, 1928; 1c. Aug. 17; A— Foreign 39922; Jules Tallandier.
242 3634 283 50 (28-29769)

159 3728 336 65 Lawrence,
525 3729 221 64 Joseph
776 3729 209 65 Stagg.

233 3805 406 55 Stabilization
670 3806 65 53 of
764 3807 183 67 prices;
1010 3826 31 34 a
1073 3808 223 53 critical
1325 3809 173 69 study
1528 3809 64 53 of
1620 3810 96 52 the
1744 3810 232 53 various
2006 3811 167 67 plans

162 3883 1948 73 proposed for stabilization, by Joseph Stagg Lawrence …
160 3961 140 53 New
335 3962 181 69 York,
550 3962 122 55 The
706 3963 337 54 Macmillan
1079 3982 299 53 company,
1414 3968 151 52 1928.
