2498 4384
1349 4107 101 50 850

384 440 268 63 Boswell,
681 441 222 62 James,
936 440 328 54 1740-1795.

452 520 121 52 The
609 519 524 69 hypochondriack,
1168 519 173 69 being
1376 519 96 52 the
1510 524 233 63 seventy
1778 537 186 51 essays
2001 519 76 69 by
2114 520 96 52 the
380 521 1980 130 celebrated
619 598 366 68 biographer,
1022 598 194 54 James
1254 598 265 66 Boswell,
1556 597 319 69 appearing
1912 597 62 53 in
2010 598 97 52 the
2143 598 236 53 London

381 676 315 69 magazine,
739 675 153 53 from
935 676 337 68 November,
1316 675 153 68 1777,
1509 681 59 48 to
1609 676 248 69 August,
1900 675 154 69 1783,
2096 677 114 52 and
2253 678 131 52 here

380 754 1978 148 first reprinted. Edited by Margery Bailey … Stanford University,
649 834 196 66 Calif.,
879 834 283 54 Stanford
1193 834 320 68 university
1546 852 175 50 press,
1756 836 150 52 1928.

452 917 852 48 2 v. fronts., plates, ports. 24½ ᶜᵐ.
393 971 53 52 ©
481 977 113 46 May
628 975 39 47 5,
702 975 141 46 1928;
879 975 68 40 2c.
983 975 118 41 each
1136 976 115 47 May
1285 975 81 46 11;
1405 974 83 42 aff.
1523 976 114 47 May
1672 975 81 47 12;
1791 975 41 39 A
1867 975 230 47 1074506;
2136 976 163 39 Board
2335 977 51 39 of

461 1034 212 38 trustees
710 1032 52 39 of
798 1032 82 40 the
918 1032 184 41 Leland
1144 1031 237 41 Stanford
1419 1032 166 47 junior
1624 1032 144 48 univ.,
1812 1031 236 41 Stanford
2089 1032 296 48 University,

462 1089 144 40 Calif.
673 1084 68 54 [©
771 1088 346 48 introduction,
1148 1089 203 40 notes&
1379 1089 161 48 index]
1613 1088 281 50 (28-12899)

384 1184 240 62 Carver,
657 1183 246 64 George.

391 1261 1997 141 Points of style; a minimum of correctness in writing English prose, by George Carver … New York, T. Nelson and
390 1437 147 48 sons,
569 1421 151 50 1928.

460 1498 1390 50 86 p. 16½ ᶜᵐ. (Half-title: Nelson’s English series)
394 1554 53 52 ©
477 1559 125 39 June
631 1559 39 46 1,
700 1558 140 46 1928;
872 1559 68 40 2c.
970 1559 126 39 June
1126 1559 52 46 6;
1211 1558 83 41 aff.
1325 1559 126 39 June
1481 1559 52 47 5;
1566 1558 41 39 A
1636 1558 229 47 1077606;
1899 1559 212 40 Thomas
2141 1559 181 40 Nelson
2352 1559 37 41 &

463 1625 125 30 sons.
663 1615 281 49 (28-14455)

387 1710 262 63 Castillo,
687 1710 221 63 Carlos,
948 1713 171 49 1890-
1300 1712 85 51 ed.

466 1787 252 69 Spanish
751 1790 142 51 tales
927 1789 113 52 and
1076 1787 202 69 fables,
1312 1788 141 53 with
1489 1788 181 53 direct
1704 1788 233 54 method
1971 1788 272 54 exercises
2279 1790 114 51 and

394 1865 1937 73 annotations by Carlos Castillo … and Jane C. Watson …
393 1944 1292 69 New York, H. Holt and company [ ᶜ1 928 ]
464 2025 81 48 vii,
574 2026 87 39 214
689 2036 43 37 p.
760 2026 109 40 incl.
898 2026 165 48 front.,
1091 2026 129 40 illus.
1282 2026 147 41 19½ᶜᵐ.

397 2079 53 52 ©
479 2085 114 46 May
619 2084 69 46 25,
718 2084 114 40 1928;
889 2084 67 39 2c.
986 2084 126 39 June
1140 2085 27 38 4;
1226 2083 83 41 aff.
1339 2084 126 41 June
1493 2085 30 38 2;
1577 2084 42 39 A
1647 2084 202 41 1077553;
1910 2085 169 47 Henry
2108 2085 121 40 Holt
2257 2085 37 40 &
2322 2096 68 29 co.

475 2140 281 48 (28-14456)

394 2221 203 63 Collin,
627 2221 266 64 Hedwig,
924 2222 149 53 illus.

471 2300 428 66 [Illustrations]
934 2300 76 68 by
1040 2300 252 69 Hedwig
1326 2299 191 54 Collin
1552 2301 78 66 [in
1658 2302 96 50 the
1783 2301 147 51 book
1959 2300 258 66 entitled]
2255 2300 141 52 East

395 2377 66 54 of
495 2378 96 53 the
626 2397 106 35 sun
766 2381 45 50 &
846 2384 137 48 west
1020 2377 65 54 of
1117 2379 95 52 the
1249 2397 183 34 moon.
1509 2379 139 52 New
1686 2379 180 67 York,
1904 2380 121 52 The
2062 2378 334 54 Macmillan

394 2475 299 51 company,
727 2460 149 50 1928.

468 2539 1618 51 5 p. l., 198 p. incl. illus., plates, col, front., col, plates. 19½ ᶜᵐ.
399 2591 53 52 ©
488 2597 115 46 May
638 2596 67 48 15,
742 2596 114 40 1928;
920 2598 68 40 2c.
1023 2599 96 38 and
1154 2597 84 41 aff.
1273 2599 115 46 May
1423 2598 82 47 16;
1543 2598 41 39 A
1618 2597 206 41 1074536;
1887 2598 284 39 Macmillan
2208 2609 66 30 co.

399 2733 362 54 Conference
788 2750 74 36 on
886 2734 250 64 religion
1164 2735 58 52 in
1254 2734 401 64 universities,
1682 2734 268 65 colleges,
1978 2735 117 53 and
468 2750 1906 125 preparatory
631 2812 249 64 schools,
907 2814 328 66 Princeton,
1260 2815 71 51 N.
1408 2857 29 24 J.,
1467 2817 150 50 1928.

467 2892 268 68 Religion
772 2893 59 51 in
869 2893 96 51 the
1000 2894 269 67 colleges;
1308 2893 96 52 the
1439 2893 117 69 gist
1589 2892 65 53 of
1685 2894 100 52 the
1819 2892 351 55 Conference
2206 2912 72 33 on
396 2912 1975 126 religion

614 2971 61 51 in
711 2971 380 66 universities,
1129 2972 258 68 colleges,
1426 2972 112 52 and
1576 2977 380 63 preparatory
1991 2972 238 66 schools,
2262 2972 133 52 held

398 3055 61 46 at
488 3049 327 68 Princeton,
846 3050 71 53 N.
949 3050 75 67 J.,
1057 3050 299 69 February
1389 3049 65 54 17
1484 3055 58 48 to
1577 3054 82 63 19,
1691 3053 162 64 1928;
1888 3050 191 53 edited
2106 3050 77 68 by
2213 3049 181 55 Galen

396 3127 1601 70 M. Fisher … New York, Association press, 1928.
466 3211 397 49 xiv, 114 p. 23 ᶜᵐ.
468 3270 234 40 Contains
727 3269 392 49 bibliographies.

403 3323 53 52 ©
484 3329 113 46 May
624 3327 68 48 18,
721 3327 140 46 1928;
890 3327 67 40 2c.
986 3328 114 47 May
1125 3328 83 46 24;
1240 3326 82 42 aff.
1349 3328 114 46 May
1489 3327 82 46 22;
1601 3327 42 39 A
1669 3326 228 47 1077416;
1930 3326 208 41 General
2166 3327 152 39 board
2344 3325 52 42 of

472 3385 81 38 the
584 3385 171 46 Young
784 3383 149 41 men’s
967 3383 251 41 Christian
1251 3383 334 49 associations,
1618 3384 118 40 New
1767 3384 145 40 York.
482 3441 281 48 (28-14022)

401 3521 216 68 [Craik,
649 3523 137 52 Mrs.
817 3522 194 53 Dinah
1043 3522 192 52 Maria
1274 3522 319 66 (Mulock)]
1631 3520 325 54 1826-1887.

472 3600 121 53 The
617 3600 150 52 little
790 3601 147 52 lame
960 3600 214 68 prince,
1196 3600 77 69 by
1297 3600 143 53 Miss
1464 3600 251 65 Mulock,
1740 3599 141 53 with
1909 3619 73 33 an
2007 3599 392 53 introduction

400 3678 77 68 by
501 3679 67 51 B.
597 3678 171 53 Ethel
793 3678 200 67 Webb,
1017 3679 327 52 illustrated
1369 3678 77 69 by
1473 3679 158 54 John
1658 3678 148 67 Fitz,
1834 3677 71 69 jr.
1971 3676 427 69 Philadelphia,

403 3755 1719 69 Chicago [etc.] The John C. Winston company [ ᶜ1 928]
475 3836 1924 51 X, 142 p. col. front., illus., col. pl. 21ᶜᵐ. [The Winston large-type
402 3893 199 41 classics
628 3894 80 40 for
734 3894 128 40 little
889 3895 146 48 folks]

406 3947 53 53 ©
484 3952 110 40 Feb.
616 3951 70 49 20,
711 3952 114 41 1928;
876 3952 67 41 2c.
968 3953 127 40 June
1118 3953 24 39 1;
1197 3951 83 42 aff.
1305 3953 125 40 June
1453 3953 27 39 4;
1532 3952 41 40 A
1596 3951 203 42 1077598;
1852 3952 129 41 John
2005 3952 50 42 C.
2080 3951 225 41 Winston
2328 3962 67 30 co.

477 4004 69 54 [©
577 4009 344 48 introduction,
951 4009 346 49 illustrations]
1369 4009 280 49 (28-14318)
