2498 4384
1172 4093 107 57 207

196 526 53 52 ©
279 529 113 40 Dec.
423 527 70 47 20,
523 527 142 47 1927;
697 527 68 40 2c.
798 526 112 40 Feb.
1002 556 8 15 18,
1040 523 143 47 1928;
1216 522 84 41 aff.
1332 522 113 41 Feb.
1476 522 82 47 17;
1591 522 41 39 A
1663 520 230 42 1018859;
1928 521 137 39 West
2097 521 109 47 pub.

265 596 82 36 co.,
382 585 69 41 St.
481 585 138 47 Paul,
651 584 37 40 &
717 583 214 41 Edward
961 582 280 46 Thompson
1269 590 83 33 co.,
1382 578 286 48 Northport,
1700 578 52 41 L.
1784 579 52 46 I.,
1868 578 57 41 N.
1957 577 54 41 Y.

193 700 1992 156 Universal shorter dictionary, edited by W. J. Pelo … Philadelphia,
573 785 255 70 Chicago
889 789 138 63 [etc.]
1089 783 123 54 The
1268 781 158 57 John
1484 781 62 56 C.
1603 780 271 56 Winston
1929 798 285 51 company

267 865 196 68 [ ᶜ1 927 ]
264 947 542 50 3 p. l., 440 p. 17 ᶜᵐ .
199 1001 53 52 ©
287 1006 123 40 Mar.
447 1006 69 46 12,
551 1005 141 47 1927;
728 1004 68 41 2c.
832 1004 112 40 Feb.
979 1004 69 47 13,
1085 1002 141 46 1928;
1265 1001 82 42 aff.
1383 1002 113 41 Feb.

1532 1002 83 41 11;
1652 1001 41 40 A
1727 1000 232 47 1061657;
1997 1000 131 40 John
2162 999 51 42 C.

267 1062 227 41 Winston
532 1073 67 30 co.
663 1058 71 53 [©
771 1061 215 42 revision
1024 1061 97 40 and
1159 1059 266 50 additions]
1499 1057 253 50 (28-5705)

193 1128 131 53 Van
357 1128 71 53 de
462 1128 225 63 Water,
721 1126 278 55 Frederic
1033 1125 326 65 Franklyn,
1397 1128 173 51 1890-

266 1202 1951 74 Elmer ’n Edwina, by Frederic F. Van de Water … New
195 1285 183 68 York,
406 1286 262 67 London,
696 1285 73 53 D.
800 1284 300 69 Appleton
1131 1284 115 53 and
1278 1300 303 52 company,
1613 1284 152 51 1928.

266 1367 565 50 3 p. l., 289 p. 19½ ᶜᵐ .
202 1423 53 52 ©
285 1427 110 40 Feb.
425 1427 68 46 17,
522 1425 141 47 1928;
693 1426 67 41 2c.
790 1426 96 40 and
914 1425 83 41 aff.
1026 1425 112 41 Feb.
1166 1424 84 47 20;
1282 1424 41 39 A
1351 1424 231 46 1061797;
1614 1424 58 41 D.
1702 1423 241 49 Appleton
1974 1423 36 39 &
2038 1433 70 30 co.

284 1483 253 49 (28-5636)

196 1549 129 54 Van
357 1548 396 64 Roosbroeck,
787 1549 266 54 Gustave
1084 1549 277 63 Leopold,
1395 1552 174 49 1888-

273 1628 123 53 The
440 1628 206 69 legend
692 1626 65 55 of
799 1628 97 53 the
941 1628 325 67 decadents,
1310 1626 76 69 by
1433 1625 69 56 G.
1549 1626 65 53 L.
1663 1626 131 55 Van
1842 1624 380 55 Roosbroeck.

226 1706 140 53 [New
403 1706 181 68 York]
627 1706 245 54 Institut
909 1707 97 53 des
1043 1706 197 53 etudes
1600 1748 12 26 françaises,
1651 1704 305 55 Columbia

201 1704 1999 149 university,
363 1783 152 55 1927.

273 1864 1656 51 iii, 126 p. 20 ᶜᵐ . [Publications of the Institut des etudes françaises]
618 1924 97 40 CONTENTS.—Are
754 1925 83 40 the
875 1926 202 39 modern
1118 1926 140 47 poets
1299 1923 616 42 decadent?—Decadence
1956 1924 99 40 and
205 1923 2005 98 Rimbaud’s
414 1981 182 41 Sonnet

630 1981 53 40 of
718 1982 84 40 the
837 1982 546 47 vowels.—Huysmans
1417 1982 84 40 the
1538 1981 207 49 sphinx:
1784 1982 84 39 the
1906 1980 159 42 riddle
2101 1981 53 41 of
2189 1979 40 42 A

206 2038 383 41 rebours.—The
618 2038 157 48 tragic
806 2040 137 47 story
973 2039 52 41 of
1056 2040 132 39 Adoré
1248 2039 285 48 Floupette;
1567 2050 68 37 or,
1669 2039 126 40 How
1826 2049 90 30 one
1947 2040 220 39 becomes
2200 2047 26 30 a

206 2096 453 41 decadent.—With
696 2096 43 41 J.
776 2097 72 39 W.
886 2096 192 41 Beach:
1116 2096 173 41 Albert
1329 2096 215 43 Samain,
1584 2106 28 30 a
1652 2096 191 40 French
1880 2096 108 41 love
2025 2097 112 47 poet
2177 2094 52 41 of

206 2153 82 40 the
315 2152 510 43 ’nineties.—Francis
850 2154 233 46 Jammes,
1109 2152 266 50 primitive.

208 2207 53 52 ©
295 2211 113 42 Dec.
442 2212 70 47 31,
548 2211 115 41 1927
680 2222 9 36 ;
725 2212 69 41 2c.
829 2212 113 41 Feb.
977 2212 39 46 6,
1051 2212 144 46 1928;
1234 2211 83 42 aff.
1353 2212 113 41 Feb.
1500 2213 54 45 4;
1593 2211 41 40 A
1668 2211 232 46 1061716;
1940 2211 53 42 G.
2029 2211 53 41 L.
2118 2211 105 40 Van

276 2269 324 48 Roosbroeck,
633 2269 120 41 New
784 2270 146 40 York.
1002 2268 254 51 (28-5818)

199 2335 316 64 Warnack,
548 2336 205 53 James
784 2336 308 53 Marshall.

275 2414 141 56 Soul
457 2416 369 69 symphonies;
899 2434 195 51 poems
1135 2415 75 70 by
1254 2416 196 55 James
1492 2416 80 53 M.
1615 2415 311 68 Warnack,
1967 2415 144 53 with
2155 2434 73 34 an

207 2495 394 53 introduction
629 2494 76 70 by
737 2494 215 56 Swami
981 2495 404 53 Dhirananda.
1474 2495 114 53 [Los
1617 2494 271 70 Angeles,
1920 2494 163 64 Quill
2114 2494 116 53 and

202 2574 188 66 Press]
428 2576 153 51 1928.

271 2655 595 50 4 p. l., 11-70 p. 18 ᶜᵐ .
211 2709 53 52 ©
296 2714 111 40 Jan.
439 2713 70 49 25,
541 2713 142 48 1928;
718 2714 67 41 2c.
818 2715 96 40 and
947 2713 82 43 aff.
1062 2715 112 41 Jan.
1206 2714 84 41 30;
1325 2714 40 40 A
1398 2714 232 47 1061472;
1665 2715 44 41 J.
1743 2715 64 41 M.
1839 2714 262 42 Warnack,
2135 2717 94 38 Los

280 2771 222 48 Angeles.
574 2771 253 50 (28-5693)

203 2835 185 65 Weld,
420 2837 204 64 Harry
653 2838 231 64 Porter,
920 2838 172 55 1877-

281 2916 368 70 Psychology
683 2935 60 35 as
776 2917 233 69 science,
1044 2917 75 55 its
1154 2917 289 69 problems
1478 2917 115 54 and
1629 2917 194 69 points
1859 2916 65 55 of
1959 2916 165 69 view,
2157 2916 75 69 by

211 2993 1860 73 H. P. Weld … New York, H. Holt and company [ ᶜ1 928]
283 3075 427 49 xi, 297 p. 21 ᶜᵐ .
286 3132 440 50 “Supplementary
756 3133 258 50 readings”
1046 3137 52 39 at
1130 3136 93 40 end
1255 3135 52 41 of
1336 3136 120 41 each
1487 3136 204 49 chapter
1720 3137 172 48 except
1925 3136 82 41 the
2036 3137 115 41 last.

215 3186 53 52 ©
295 3191 111 41 Jan.
434 3190 70 49 30,
531 3191 142 47 1928;
702 3192 68 41 2c.
798 3192 112 42 Feb.
938 3193 83 48 16;
1052 3193 83 41 aff.
1164 3193 114 42 Feb.
1305 3194 84 46 17;
1419 3194 41 39 A
1487 3193 233 49 1061737;
1751 3195 171 47 Henry
1949 3195 122 40 Holt
2100 3198 37 41 &
2164 3205 69 31 co.

294 3248 253 49 (28-5809)

208 3313 417 64 Whittemore,
660 3315 209 54 Edwin
904 3317 209 64 Carey,
1150 3321 173 50 1858-

285 3391 184 70 Colby
524 3393 232 70 college,
814 3397 331 66 1820-1925,
1201 3414 70 34 an
1330 3401 240 48 account
1623 3395 66 55 of
1742 3395 76 55 its
1869 3395 367 71 beginnings,

212 3488 267 52 progress
519 3471 115 54 and
672 3471 231 69 service,
940 3473 77 70 by
1056 3474 213 53 Edwin
1310 3474 187 70 Carey
1533 3474 401 55 Whittemore.
213 3475 1998 141 Waterville,

392 3548 133 69 Me.,
553 3549 122 54 The
702 3551 268 53 Trustees
998 3550 66 54 of
1093 3551 184 70 Colby
1306 3553 231 69 college,
1567 3552 152 54 1927.

329 3633 1004 51 x, 276 p. front., plates, ports. 25½ ᶜᵐ .
221 3684 53 52 ©
299 3689 116 47 May
437 3688 70 47 24,
531 3688 141 49 1927;
697 3690 68 40 2c.
791 3691 113 40 Feb.
927 3691 70 48 13,
1023 3691 142 47 1928;
1193 3691 83 41 aff.
1302 3692 113 40 Feb.
1437 3690 84 50 15;
1549 3693 41 39 A
1613 3691 233 50 1061733;

1875 3693 54 40 E.
1956 3693 50 41 C.
287 3692 1934 102 Whittemore,
470 3747 301 49 Waterville,
807 3749 92 40 Me.
970 3749 253 49 (28-5874)

213 3811 310 64 Williams,
555 3813 124 53 Ben
713 3813 202 55 Ames.

287 3889 1952 74 The dreadful night, by Ben Ames Williams … New York,
217 3966 68 61 E,
315 3968 65 58 P.
409 3968 226 60 Dutton
664 3971 47 57 &
738 3989 301 53 company,
1068 3974 152 53 1928.
