2498 4384
1351 4081 99 53 162

485 517 61 38 (In
577 512 185 44 Strand
796 511 277 53 magazine,
1106 511 134 52 Feb.,
1274 512 145 50 1928)

381 568 52 52 ©
459 574 66 39 3c.
549 573 122 39 Mar.
695 572 68 47 16,
788 572 114 42 1928;
955 573 40 38 A
1018 573 61 39 ad
1104 572 87 40 int.
1213 572 145 40 10747;
1411 574 141 46 pubd.
1577 574 109 39 Jan.
1710 572 56 40 20;
1819 572 198 48 Christy
2036 573 37 40 &
2093 574 176 45 Moore,
2288 575 100 45 ltd.,

454 629 213 40 London.

380 709 288 63 Barbour,
702 709 192 65 Ralph
927 711 226 62 Henry,
1191 708 172 54 1870-

455 787 1934 71 Comrades of the Key, by Ralph Henry Barbour … New
383 867 181 68 York,
590 868 261 67 London,
879 867 122 53 The
1032 865 258 70 Century
1319 885 78 34 co.
1476 869 152 65 [ᶜ1928]

452 944 1139 53 ix, 248 p. front., plates. 19½ ᶜᵐ . $1.75
385 1002 52 52 ©
463 1008 111 40 Feb.
598 1007 68 46 17,
691 1005 140 47 1928;
858 1005 67 41 2c·.
950 1008 95 38 and
1071 1006 82 41 aff.
1179 1006 111 40 Feb.
1315 1006 82 47 20;
1424 1007 41 38 A
1486 1006 202 41 1061811;
1745 1005 216 49 Century
1984 1017 67 30 co.

468 1063 251 50 (28-5041)

383 1145 245 62 Barton,
661 1146 137 52 Mrs.
833 1144 279 53 Florence
1144 1143 241 55 Gibson.

456 1224 122 52 The
611 1222 326 55 California
970 1240 212 51 orange
1215 1222 140 53 cook
1385 1222 166 68 book,
1582 1222 77 69 by
1692 1223 273 52 Florence
1999 1221 220 55 Gibson
384 1223 1987 131 Barton

540 1300 165 69 (Mrs.
752 1301 76 52 H.
874 1300 109 68 M.)
1038 1300 280 68 complete
1363 1301 112 52 and
1521 1300 237 69 explicit
1803 1299 309 54 directions
2160 1298 94 54 for
2299 1300 96 53 the

383 1379 238 69 making
678 1378 65 53 of
798 1379 239 52 candied
1097 1379 114 52 and
1270 1378 159 69 glace
1488 1377 193 69 fruits,
1739 1378 202 69 jellies,
1998 1377 398 68 marmalades,

384 1476 213 51 orange
643 1457 112 52 and
802 1455 332 71 grapefruit
1179 1456 162 54 rinds
1387 1456 58 53 in
1493 1456 322 54 decorative
1863 1455 200 68 forms,
2111 1457 111 52 and
386 1474 1985 115 preserves.

667 1534 143 54 Also
854 1535 162 52 other
1061 1534 216 69 recipes
1324 1533 94 54 for
1462 1535 241 53 desserts
1748 1535 112 53 and
1907 1534 191 54 salads
2144 1534 113 53 and
2304 1533 94 54 for

386 1613 191 53 choice
612 1612 252 69 Spanish
900 1612 204 54 dishes.
1203 1611 116 56 [San
1358 1612 380 68 Bernardino,
1775 1611 197 69 Calif.]
2037 1615 151 51 ᶜ1928.

457 1694 802 49 88 p. incl. front., illus. 23 ᶜᵐ .
456 1752 162 40 Blank
644 1761 148 39 pages
818 1752 83 40 for
928 1752 315 41 “Additional
1272 1750 213 50 recipes”
1526 1752 193 49 (87-88)

391 1805 52 52 ©
476 1810 109 39 Jan.
615 1809 69 47 10,
715 1808 116 41 1928;
886 1809 67 40 2c.
984 1810 111 40 Feb.
1122 1811 28 37 4;
1208 1809 83 40 aff.
1322 1810 111 40 Feb.
1464 1810 82 45 10;
1576 1810 40 39 A
1643 1810 230 46 1061648;
1906 1810 51 39 F.
1987 1810 53 40 G.
2069 1810 201 46 Barton,
2302 1811 97 40 San

463 1866 319 48 Bernardino,
807 1866 144 42 Calif.
1023 1866 254 50 (28-5028)

387 1947 312 62 Bateman,
731 1947 156 53 John
921 1948 224 62 Henry,
1181 1950 171 51 1892-

461 2026 297 69 Highway
786 2025 389 70 engineering,
1205 2046 32 33 a
1266 2025 272 53 textbook
1569 2025 93 54 for
1690 2026 264 53 students
1979 2025 66 54 of
2075 2026 136 53 civil

390 2025 2010 150 engineering, by John H. Bateman … New York, J. Wiley & sons,
393 2183 106 54 inc.;
560 2184 259 66 London,
851 2183 302 68 Chapman
1183 2186 45 50 &
1255 2183 161 67 Hall,
1447 2185 150 50 1928.

463 2265 1489 49 vii, 418 p. incl. illus., forms. diagrs. (1 fold.) 23½ ᶜᵐ .
394 2319 52 52 ©
484 2325 109 40 Jan.
628 2325 69 42 31,
733 2324 141 46 1928;
911 2324 67 41 2c.
1014 2324 111 40 Feb.
1160 2325 83 45 11;
1279 2324 83 41 aff.
1399 2324 111 40 Feb.
1544 2324 53 47 9;
1633 2324 40 39 A
1713 2324 223 46 1018755;
1973 2325 43 39 J.
2051 2325 61 39 H.
2148 2325 252 46 Bateman,

465 2382 68 40 Ba
543 2383 83 39 ton
647 2382 179 49 Bouge,
850 2382 84 41 La.
1005 2381 14 49 (
1028 2381 230 50 28-5373)

392 2461 203 63 Bazin,
627 2462 180 63 René,
843 2466 172 49 1853-

526 2540 1876 70 … Les Oberlé, par René Bazin … edited with introduction,
394 2619 1947 70 direct-method exercises and vocabulary, by I. H. B. Spiers …
394 2697 2007 70 and Mary C. Burchinal … Boston, New York [etc.] D. C.
394 2778 196 53 Heath
623 2779 112 52 and
767 2797 283 49 company
1127 2777 153 67 [ᶜ1927]

467 2860 1843 49 x p., 1 l., 235 p. front. 17 ᶜᵐ . (Heath’s modern language series)
397 2913 54 52 ©
481 2919 111 39 Jan.
619 2920 69 46 11,
717 2919 142 46 1928;
887 2919 68 41 2c.
984 2920 110 40 Jan.
1121 2919 82 47 23;
1235 2918 82 42 aff.
1345 2919 110 40 Jan.
1483 2919 49 38 21;
1595 2920 41 38 A
1663 2918 229 43 1061350;
1921 2920 57 39 D.
2006 2919 51 41 C.
2084 2919 166 40 Heath
2275 2919 37 40 &
2336 2929 68 30 co.

471 2972 68 52 [©
570 2977 353 46 Introduction,
952 2977 242 40 exercises
1220 2978 96 38 and
1344 2977 312 48 vocabulary]
1723 2975 252 49 (28-5273)

393 3055 216 64 Beach,
647 3056 294 55 Chandler
976 3056 238 63 Beiden,
1254 3060 171 50 1839-
1603 3056 85 53 ed.

467 3136 122 52 The
615 3155 124 33 new
766 3135 276 55 student’s
1071 3134 289 54 reference
1391 3135 158 53 work
1578 3134 94 53 for
1701 3134 271 68 teachers,
2001 3136 260 52 students
2290 3136 113 52 and

399 3212 2006 71 families, edited by Chandler B. Beach … associate editor
398 3291 2005 71 Frank Morton McMurry … Cleveland, Toronto, The S. L.
395 3371 792 68 Weedon company [ ᶜ 1928]
469 3455 27 39 8
524 3464 42 30 V.
627 3453 143 47 illus.,
801 3454 158 48 plates
987 3453 136 49 (part
1153 3456 103 40 col.,
1287 3457 112 45 part
1430 3453 198 47 double)
1667 3455 164 47 ports.,
1862 3463 138 38 maps
2028 3452 137 49 (part
2198 3453 198 48 double)

403 3510 619 48 tables (1 fold.) 24½ ᶜᵐ .
471 3569 102 40 Vol.
602 3569 26 39 1
658 3571 49 37 to
736 3568 109 40 first
872 3570 112 47 part
1014 3569 52 39 of
1094 3580 42 28 v.
1168 3569 26 39 7
1222 3569 155 48 paged
1405 3567 356 48 continuously.

472 3624 1933 50 “The how and why library … by Mrs. Eleanor Atkinson” (last part
403 3683 50 39 of
482 3694 42 31 v.
554 3685 26 38 7
610 3684 97 39 and
736 3694 43 28 v.
808 3682 51 46 8)
898 3684 89 38 has
1019 3682 181 49 special
1231 3684 99 46 t.-p.
1361 3683 94 40 and
1487 3682 300 50 pagination.

401 3736 54 52 ©
481 3741 111 40 Feb.
615 3742 40 42 1,
680 3741 115 40 1928;
847 3741 67 40 2c.
938 3741 118 39 each
1078 3741 95 39 and
1199 3740 83 40 aff.
1306 3740 112 40 Feb.
1442 3741 27 41 8;
1520 3741 40 39 A
1582 3741 203 40 1018757;
1839 3740 45 41 S.
1907 3741 51 40 L.
1980 3742 214 39 Weedon
2216 3752 67 29 co.
2337 3736 68 53 [©

472 3798 309 46 corrections,
808 3797 269 49 biography
1102 3798 36 40 &
1161 3799 141 39 other
1324 3797 254 50 revisions]
1642 3797 252 49 (28-5275)

399 3879 122 52 The
556 3878 133 54 best
724 3898 192 48 poems
951 3878 65 52 of
1052 3878 150 60 1927.
1280 3879 214 53 Edited
1527 3879 77 68 by
1639 3879 64 51 L.
1740 3877 70 54 A.
1847 3877 69 55 G.
1957 3877 231 70 Strong,
2263 3877 141 55 New

471 3957 181 56 York,
679 3958 191 59 Dodd,
898 3958 171 54 Mead
1100 3959 45 55 &
1174 3975 299 52 company,
1507 3959 148 52 1928.
