2498 4384
1331 4082 99 49 942

373 428 290 63 Maxwell,
695 428 305 64 Marjorie.

370 505 1978 146 … The story of books up through the ages, by Marjorie Maxwell,
536 584 140 51 with
699 583 248 68 pictures
968 585 76 67 by
1064 585 138 51 Max
1228 583 310 55 Schwartz.
1639 586 138 51 New
1801 586 161 52 York
1985 587 113 51 and
2120 587 256 65 London,

375 661 234 68 Harper
635 664 46 50 &
706 662 278 65 brothers,
1017 664 149 50 1928.

441 744 1767 50 4 p. l., 79 p. col. front., illus. 19½ᶜᵐ. (City and country series)
443 802 375 47 Bibliography:
852 813 42 37 p.
924 802 70 40 75.

378 855 53 52 ©
460 860 127 39 June
614 859 68 47 15,
712 859 140 46 1928;
883 858 68 41 2c.
980 859 127 41 June
1135 859 82 46 15;
1250 858 83 42 aff.
1361 860 129 40 June
1517 861 81 46 18;
1629 861 43 39 A
1698 860 230 48 1077834;
1960 862 197 47 Harper
2184 863 37 39 &
2249 861 125 42 bros.

454 915 281 49 (28-16052)

372 1008 292 64 Melendy,
694 1010 138 52 Mrs.
865 1009 174 63 Mary
1076 1009 201 64 (Reis)
1317 1013 171 49 1841-

440 1088 244 52 Modern
721 1087 261 69 eugenics
1020 1086 93 54 for
1148 1106 129 34 men
1316 1088 112 53 and
1466 1106 246 49 women;
1753 1108 31 33 a
1822 1090 278 67 complete
2137 1087 240 56 medical

369 1165 174 68 guide
569 1171 59 47 to
658 1184 31 33 a
719 1165 287 69 thorough
1035 1166 461 69 understanding
1527 1165 64 54 of
1620 1166 96 53 the
1745 1166 313 69 principles
2089 1166 66 53 of
2182 1167 196 53 health

371 1243 2008 71 and sex relations, by Mary R. Melendy … and M. Henry
371 1321 2008 69 Frank … New York, N. Y., Preferred publications, inc.,
373 1401 194 65 [ ᶜ1 928 ]
442 1481 731 50 1 p. l., 542 p. illus. 23ᶜᵐ.
443 1538 336 41 “Authorities
806 1538 309 41 consulted”:
1148 1550 43 37 p.
1224 1538 133 51 [5]-6.

448 1597 161 39 Blank
636 1606 147 38 pages
811 1596 81 40 for
922 1596 262 40 “Personal
1213 1596 140 39 home
1385 1596 264 40 remedies”
1691 1596 287 46 (341-[348])

378 1649 1981 109 © June 4, 1928; 2c. June 22; aff. June 20; A 1077960; Preferred publications, inc. (28-15887)
375 1803 340 63 Mitchison,
744 1805 137 52 Mrs.
914 1803 215 53 Naomi
1168 1802 329 66 (Haldane)
1539 1804 171 52 1897-

500 1880 1880 69 … Black Sparta; Greek stories. New York, Harcourt,
374 1960 867 68 Brace and company [ ᶜ1 928]
438 2043 87 41 320
555 2054 43 37 p.
658 2043 117 41 20ᶜᵐ.

439 2101 63 38 At
532 2100 123 39 head
684 2099 52 40 of
764 2099 137 40 title:
930 2098 172 40 Naomi
1133 2097 279 42 Mitchison.

380 2152 53 52 ©
461 2156 126 40 June
614 2155 39 48 8,
682 2155 118 40 1928;
853 2155 68 40 2c.
950 2155 128 39 June
1103 2155 84 46 22;
1218 2153 84 43 aff.
1331 2154 128 40 June
1485 2154 84 47 21;
1599 2154 43 39 A
1669 2154 230 47 1077959;
1931 2154 263 47 Harcourt,
2224 2154 156 41 Brace

446 2214 37 39 &
508 2223 81 37 co.,
615 2212 93 41 inc.
780 2211 282 49 (28-15627)

373 2307 216 61 Morse,
625 2306 175 62 Mary
835 2304 330 63 Elizabeth,
1204 2303 172 54 1878-

448 2382 1933 71 Bacteriology for nurses, by Mary Elizabeth Morse … and
375 2461 2006 69 Martin Frobisher, jr. … 3d ed. Philadelphia and London,
374 2542 91 53 W.
497 2542 65 52 B.
597 2540 288 55 Saunders
915 2558 298 50 company,
1245 2542 150 50 1928.

444 2622 1748 50 1 p. l., 5-304 p. front. (5 port.) illus., col. plates, diagrs. 21ᶜᵐ.
444 2681 271 40 Published·
735 2679 115 41 1919
877 2680 154 39 under
1057 2679 136 41 title:
1225 2679 134 41 First
1385 2681 186 39 lessons
1597 2679 52 40 in
1674 2680 330 46 bacteriology
2031 2679 80 40 for
2138 2690 186 31 nurses.

381 2735 53 52 ©
459 2740 127 39 June
607 2739 40 47 4,
673 2737 140 47 1928;
839 2738 68 39 2c.
932 2738 126 39 June
1083 2736 52 47 9;
1163 2735 83 42 aff.
1271 2737 130 40 June
1423 2737 82 47 11;
1532 2737 43 39 A
1599 2736 229 48 1077683;
1855 2738 73 40 W.
1955 2738 55 40 B.
2038 2736 247 42 Saunders
2311 2747 68 32 co.

458 2794 282 50 (28-16033)

375 2888 284 54 National
688 2889 226 63 society
941 2888 97 52 for
1064 2888 104 52 the
1197 2888 183 63 study
1407 2887 64 53 of
1500 2887 330 53 education.

450 2965 1871 70 Twenty-seventh yearbook … Nature and nurture …
370 3043 1986 148 Edited by Guy Montrose Whipple … Bloomington, Ill., Public school publishing company, 1928.
447 3208 29 38 2
544 3239 9 9 v.
614 3207 170 46 tables,
823 3205 180 48 diagrs.
1171 3237 8 9 23ᶜᵐ.

378 3260 1985 107 CONTENTS.—pt. l. Their influence upon intelligence.—pt. 2. Their influence upon achievement.
383 3369 52 56 ©
462 3378 112 39 Dec.
598 3378 70 46 27,
693 3376 128 46 1927,
848 3376 111 40 Feb.
985 3375 39 47 6,
1050 3375 141 46 1928;
1219 3375 68 41 2c.
1314 3375 119 40 each
1459 3375 127 40 June
1610 3376 53 46 4;
1693 3375 108 41 affs.
1829 3375 126 40 June
1981 3375 83 47 20;
2094 3375 42 39 A
2161 3374 216 48 3082226,

449 3433 229 46 1082227;
710 3433 107 47 Guy
847 3434 248 39 Montrose
1122 3432 238 48 Whipple,
1391 3435 261 45 secretary,
1683 3432 236 48 Danvers·,
1952 3433 148 39 Mass.

375 3541 334 64 Nordgren,
746 3540 195 54 Julius
976 3540 274 61 Vincent,
1289 3544 171 49 1895-

444 3619 294 53 Problems
763 3618 128 53 that
918 3618 269 53 confront
1213 3636 195 51 young
1434 3619 228 67 people;
1694 3638 31 33 a
1752 3618 169 53 series
1948 3617 63 53 of
2037 3617 342 54 discussions

376 3697 93 52 for
503 3697 166 52 Bible
702 3697 201 52 classes
937 3697 111 51 and
1083 3714 194 51 young
1309 3696 246 67 people’s
1589 3697 271 61 societies,
1891 3697 76 67 by
1998 3695 57 55 J.
2088 3697 70 52 V.
373 3695 1981 149 Nordgren

609 3774 1694 68 … Rock Island, Ill , Augustana book concern [ᶜ1928]
444 3857 99 48 120,
577 3858 54 49 [8]
665 3869 44 37 p.
769 3856 116 41 19ᶜᵐ.

444 3914 160 40 Blank
632 3924 147 37 pages
807 3914 80 39 for
919 3912 204 40 “Notes”
1164 3913 81 48 ([8]
1278 3915 52 37 at
1361 3911 116 44 end)

385 3966 53 53 ©
471 3970 125 41 June
627 3969 40 48 2,
699 3969 114 41 1928;
873 3969 68 41 2c.
974 3969 126 40 June
1132 3968 52 47 6;
1219 3967 84 44 aff.
1334 3969 127 41 June
1492 3968 81 48 13;
1609 3968 42 40 A
1681 3968 229 48 1077785;
1946 3969 43 41 J.
2023 3969 54 41 V.
2109 3968 265 49 Nordgren,

453 4028 134 40 Rock
610 4028 181 47 Island,
819 4028 75 38 Ill.
965 4025 281 50 (28-15804)
