2498 4384
1141 4167 101 49 491

167 477 212 61 Minor,
412 476 250 64 Raleigh
697 475 258 54 Colston.

237 556 121 52 The
387 556 111 51 law
528 554 65 54 of
620 555 118 52 real
768 558 292 64 property,
1128 557 81 63 pt.
1242 556 48 48 4.
1363 550 506 68 [Charlottesville,
1899 550 128 67 Va.,
2058 549 122 52 The

166 634 212 52 Michie
407 651 300 50 company,
738 635 151 64 1928]

240 710 1940 56 [1081]-1272 p. 23 ᶜᵐ . (On cover: Minor on real property. Advance
165 773 162 41 sheets.
405 783 43 31 v.
474 772 52 50 2)

169 826 51 52 ©
249 832 113 46 Apr.
392 830 69 48 18,
490 830 140 46 1928;
660 830 67 41 2c.
756 830 93 39 and
881 829 82 42 aff.
992 830 114 47 Apr.
1134 828 83 46 19;
1249 828 40 39 A
1318 826 230 47 1069811;
1581 826 179 40 Michie
1788 837 68 30 co.

159 911 341 63 Miyawaki,
534 910 274 53 Atsushi.
1119 907 36 51 d

237 988 335 55 Condensed
623 987 172 68 milk;
848 1006 31 33 a
928 987 173 69 study
1150 987 65 52 of
1265 987 336 66 condensed,
1651 985 366 68 evaporated,
2069 985 113 52 and

165 1063 2016 71 powdered milk, by Atsushi Miyawaki … New York, J.
163 1145 192 68 Wiley
391 1146 46 50 &
472 1162 149 49 sons,
656 1144 138 66 inc.;
832 1144 260 65 London,
1132 1142 304 69 Chapman
1472 1144 46 51 &
1551 1142 163 68 Hall,
1749 1141 245 69 limited,
2030 1144 152 50 1928.

234 1225 1950 51 xi, 380 p. illus.. diagrs. 23½ ᶜᵐ . (Half-title: The Wiley agricultural
163 1285 165 47 series,
359 1286 74 40 ed.
464 1286 61 46 by
553 1284 43 41 J.
627 1283 53 42 G.
712 1283 231 49 Lipman)

172 1337 51 52 ©
259 1342 122 40 Mar.
415 1340 68 48 19,
518 1341 141 42 1928;
694 1341 67 40 2c.
797 1341 122 39 Mar.
952 1339 83 46 28;
1072 1339 83 41 aff.
1191 1340 123 40 Mar.
1348 1340 83 46 23;
1468 1340 41 38 A
1541 1339 232 45 1068620;
1810 1340 54 39 A.
1901 1338 282 48 Miyawaki,

241 1398 230 49 Sapporo,
507 1398 276 46 Hokkaido,
818 1396 176 49 Japan.
1067 1396 253 48 (28-9526)

165 1479 271 63 Morgan,
468 1477 155 53 John
656 1477 181 53 Jacob
872 1477 249 62 Brooke,
1160 1480 172 50 1888-

298 1554 1887 71 … The psychology of abnormal people, with educational
166 1633 2021 70 applications, by John J. B. Morgan … New York, London
172 1719 138 61 [etc.]
347 1713 349 68 Longmans,
726 1710 188 55 Green
945 1712 113 52 and
1090 1729 99 50 co.,
1221 1714 153 51 1928.

236 1797 63 47 ix,
330 1797 86 40 627
442 1807 42 37 p.
514 1796 110 40 incl.
652 1795 166 48 front.,
846 1794 145 49 illus.,
1021 1795 182 48 diagrs.
1264 1794 148 42 20½ᶜᵐ.
1484 1795 315 49 (Longmans’
1830 1795 261 41 education
166 1806 2004 88 series
274 1853 14 48 )

239 1911 323 40 “References”
620 1912 52 37 at
700 1910 92 39 end
822 1909 52 40 of
901 1909 120 40 each
1049 1909 218 47 chapter.

173 1963 51 52 ©
267 1968 123 40 Mar.
430 1967 69 47 14,
540 1964 141 48 1928;
723 1966 68 40 2c.
834 1966 123 40 Mar.
996 1964 83 47 29;
1123 1964 84 42 aff.
1250 1966 123 40 Mar.
1412 1965 84 48 28;
1539 1966 41 38 A
1621 1965 231 48 1069489;
1896 1968 292 47 Longmans,

242 2024 158 41 Green
428 2024 36 40 &
492 2034 68 30 co.
631 2022 252 49 (28-9674)

169 2104 366 62 Mowinckel,
570 2103 156 63 Rolf,
763 2107 173 49 1894-

168 2182 1998 147 … Ægyptens vidundere. Med illustrationer. Oslo. Gyldendal,
425 2262 190 53 Norsk
645 2261 213 70 forlag,
885 2261 152 55 1927.

238 2345 513 50 135 p. illus. 21 ᶜᵐ .
596 2404 508 48 CONTENTS.—Pyramidebyggerne
1153 2404 16 39 i
1214 2405 257 47 Memphis.
1481 2428 60 5 —
1553 2405 415 48 Stormagtstiden

2014 2406 13 39 i
167 2407 2009 95 Theben.
276 2461 416 41 —Amarnatiden
718 2473 60 37 og
800 2461 784 41 Tutankli-Arnenfundet.—Den

1611 2462 583 42 kellenistisk-romerske

170 2521 85 39 tid.

176 2573 1289 53 © Nov. 1, 1927; 1c. Jan. 4, 1928; A—Foreign
1497 2577 174 48 36819;
1708 2577 287 49 Gyldendal,
2030 2579 163 41 Norsk

243 2635 177 48 forlag.
492 2634 252 49 (28-9436)

175 2716 344 63 Munnings,
552 2714 318 54 Frederick
903 2715 275 64 Tansley.

245 2795 64 52 F.
344 2795 64 53 T.
443 2795 319 69 Munnings
795 2795 267 53 discloses
1095 2795 165 52 inner
1293 2795 225 69 history
1551 2794 66 54 of
1651 2815 31 33 a
1719 2795 227 54 famous
1980 2814 212 36 seance.

173 2873 85 53 As
284 2874 122 52 told
434 2878 58 47 to
523 2872 235 70 Sydney
784 2872 71 53 A.
884 2872 272 70 Moseley.

253 2957 84 47 (In
367 2951 203 44 London
601 2951 208 53 People)

178 3008 2016 54 © 1c. May 9, 1928; A ad int. 11037; pubd. Mar. 11; Francis Arthur
247 3070 163 48 Jones,
444 3070 118 40 New
594 3070 145 40 York.

176 3149 147 53 New
355 3150 163 52 York
562 3150 219 69 (State)
867 3151 185 66 Laws,
1082 3157 260 57 statutes,
1376 3158 100 46 etc.

249 3228 285 55 Criminal
574 3231 110 51 law
727 3231 113 51 and
882 3231 251 67 practice
1174 3230 66 53 of
1280 3231 97 53 the
1419 3236 146 48 state
1608 3230 65 54 of
1714 3232 140 53 New
1897 3232 182 68 York,
2120 3233 77 70 by

178 3307 2021 70 Frank B. Gilbert … consisting of the Penal law, the Code of
177 3385 266 53 criminal
486 3387 330 66 procedure,
855 3387 97 52 the
994 3386 260 53 Inferior
1296 3387 267 53 criminal
1605 3393 191 48 courts
1839 3394 109 63 act,
1989 3391 211 52 Parole

178 3464 363 52 commission
570 3465 110 51 law
713 3463 93 53 for
837 3464 124 53 first
992 3465 143 53 class
1166 3465 180 68 cities,
1378 3466 113 52 and
1526 3465 327 55 Children’s
1885 3473 163 48 court
2079 3474 118 48 acts

179 3540 64 53 of
276 3542 138 52 New
449 3541 163 53 York
643 3548 163 61 state,
840 3543 139 52 New
1014 3544 163 52 York
1209 3544 120 68 city
1363 3545 113 52 and
1512 3543 253 70 Buffalo,
1799 3546 400 70 exhaustively

180 3621 329 65 annotated,
536 3626 159 46 court
726 3621 297 66 decisions,
1050 3639 196 35 source
1274 3627 160 48 notes
1464 3623 113 52 and
1607 3623 500 55 cross-references
2137 3645 61 34 as

181 3697 276 54 amended
490 3704 58 46 to
581 3698 95 52 the
709 3699 108 52 end
851 3698 64 53 of
946 3699 98 52 the
1075 3700 324 68 legislative
1433 3701 231 67 session,
1701 3705 150 50 1928.
1926 3704 132 51 11th
2094 3704 104 67 ed.,

179 3774 2019 74 by John T. Fitzpatrick … Albany, N. Y., Matthew Bender
180 3854 45 50 &
253 3871 300 50 company,
586 3857 149 50 1928.

251 3935 636 49 Various pagings. 26 ᶜᵐ .
253 3993 228 40 Lettered
512 4004 61 29 on
603 4004 167 30 cover:
805 3994 229 42 Gilbert’s
1065 3996 227 40 criminal
1324 3998 116 40 code
1471 4000 97 39 and
1598 4001 144 46 penal
1773 4001 110 40 law.

185 4045 51 52 ©
265 4050 113 48 Apr.
405 4050 71 47 20,
505 4050 141 46 1928;
677 4051 67 41 2c.
772 4052 115 47 Apr.
914 4052 83 47 25;
1029 4052 83 42 aff.
1141 4054 116 47 Apr.
1285 4054 50 39 21
1360 4065 8 36 ;
1399 4055 41 39 A
1470 4056 231 48 1074141;
1735 4058 239 40 Matthew
2003 4059 193 42 Bender

253 4106 36 41 &
318 4118 80 36 co.,
431 4107 92 41 inc.
1981 4113 122 42 3362
