2498 4384
1309 4087 137 51 1124

380 430 211 52 Texas.
666 431 167 53 Laws
839 474 11 26 ,
883 437 239 47 statutes
1129 476 11 24 ,
1172 439 101 47 etc.

514 508 1873 57 … Vernon’s anotated Civil and criminal statutes of the state
382 586 2003 72 of Texas, revision of 1925 … [Annual pocket part, 1928, to be
381 665 251 53 inserted
666 665 60 51 in
759 665 97 53 the
889 667 224 51 volume
1148 665 65 53 of
1246 665 246 55 General
1526 667 172 52 index
1734 667 113 53 and
1880 667 198 67 tables]
2157 667 227 55 Kansas

379 742 154 73 City,
561 742 134 69 Mo.,
722 744 233 52 Vernon
983 743 149 52 book
1159 761 298 52 company,
1489 747 150 52 1928.

452 826 56 39 21
539 836 44 38 p.
642 827 118 40 25ᶜᵐ.

386 892 1998 54 © July 25, 1928; 2c. Aug. 7; aff. Aug. 6; A 1082914; Vernon law book
455 964 67 30 co.

512 1062 1872 70 … Vernon’s annotated Code of criminal procedure of the
379 1141 2004 70 state of Texas … [Annual pocket parts, 1928, to be inserted
379 1220 61 52 in
482 1221 252 52 volumes
781 1222 117 64 1-3]
978 1219 226 54 Kansas
1249 1219 153 70 City,
1443 1219 135 70 Mo.,
1619 1222 235 52 Vernon
1896 1223 111 54 law
2045 1221 151 53 book
369 1240 1990 126 company,
576 1300 152 51 1928.

450 1380 277 42 3 v. 25 ᶜᵐ .
383 1446 52 53 ©
473 1451 117 47 July
625 1451 70 47 25,
733 1450 141 48 1928;
914 1452 68 39 2c.
1020 1451 120 40 each
1176 1450 122 49 Aug.
1336 1453 53 46 7;
1430 1451 109 41 affs.
1577 1451 121 49 Aug.
1738 1452 52 47 6;
1831 1452 42 39 A
1910 1452 467 49 1082917-1082919;

452 1508 196 40 Vernon
676 1508 97 40 law
804 1508 123 40 book
959 1519 68 30 co.

509 1616 1811 55 … Vernon’s annotated Penal code of the state of Texas …
385 1695 253 66 [Annual
680 1696 206 67 pocket
927 1701 149 62 part,
1122 1698 152 65 1928,
1316 1701 59 46 to
1418 1695 68 52 be
1528 1696 250 52 inserted
1838 1696 61 51 in
1941 1698 253 51 volumes
2258 1700 117 63 1-3]

376 1773 228 54 Kansas
632 1773 153 68 City,
811 1774 135 68 Mo.,
972 1775 236 52 Vernon
1233 1775 110 50 law
1367 1773 149 53 book
1542 1792 298 51 company,
1869 1777 150 50 1928.

447 1856 278 41 3 v. 25 ᶜᵐ .
382 1922 53 52 ©
462 1926 117 48 July
602 1926 71 48 25,
699 1925 142 48 1928;
868 1926 69 40 2c.
963 1926 119 40 each
1108 1926 122 48 Aug.
1255 1927 29 40 7;
1337 1926 109 40 affs.
1473 1926 121 48 Aug.
1621 1926 53 47 6;
1703 1926 43 40 A
1771 1925 441 42 1082920-1082922;
450 1928 1915 95 Vernon
573 1984 96 39 law

696 1984 124 39 book
848 1993 68 32 co.

506 2091 1876 56 … Vernon’s annotated Revised civil statutes of the state of
373 2170 1985 145 Texas … [Annual pocket parts, 1928, to be inserted in volumes 1-22]
814 2248 227 53 Kansas
1087 2248 152 69 City,
1282 2249 135 68 Mo.,
1459 2249 235 54 Vernon
1737 2251 111 50 law
1891 2248 149 54 book
2083 2268 298 50 company,

377 2330 152 50 1928.

444 2410 308 41 22, v . 25 ᶜᵐ .
380 2477 52 53 ©
459 2482 117 47 July
598 2481 70 48 25,
695 2480 141 48 1928;
864 2482 68 39 2c.
959 2481 119 40 each
1103 2481 121 48 Aug.
1251 2481 29 40 7;
1333 2479 109 43 affs.
1469 2480 121 49 Aug.
1618 2480 52 48 6;
1700 2481 44 39 A
1768 2480 444 42 1082923-1082944;
448 2483 1915 95 Vernon

572 2539 98 39 law
697 2538 125 40 book
852 2549 68 30 co.

370 2646 73 54 U.
475 2646 57 54 S.
607 2647 183 68 Laws,
822 2653 256 62 statutes,
1109 2654 101 46 etc.

442 2725 218 54 United
695 2724 189 56 States
918 2724 155 55 Code
1105 2725 327 52 annotated.
1509 2723 394 55 Constitution
1936 2724 65 54 of
2031 2725 99 53 the
2158 2724 222 54 United

377 2801 190 56 States
614 2802 366 70 (annotated)
1061 2803 336 53 Annotated
1434 2802 153 53 from
1622 2803 98 53 the
1752 2803 267 67 opinions
2055 2802 67 54 of
2158 2803 221 53 federal

375 2881 114 53 and
534 2885 146 49 state
724 2885 189 48 courts.
1011 2886 81 62 pt.
1139 2884 48 49 3.
1234 2880 388 53 Amendment
1669 2884 66 49 14
1779 2885 57 48 to
1884 2881 363 53 amendment
2295 2884 80 50 19.

373 2959 202 53 Index.
654 2958 84 55 St.
780 2959 166 67 Paul,
985 2959 203 67 Minn.,
1227 2959 164 54 West
1431 2958 336 70 publishing
1808 2977 310 51 company;
373 2958 1979 146 Northport,

555 3037 65 52 L.
654 3037 68 67 I.,
755 3032 70 57 N.
862 3037 91 67 Y.,
987 3038 256 51 Edward
1277 3037 332 67 Thompson
1644 3055 298 50 company,
1980 3039 151 51 1928.

478 3151 8 16 v,
518 3119 87 40 660
632 3130 43 37 p.
734 3119 118 41 24ᶜᵐ.

377 3185 53 52 ©
459 3189 117 48 July
603 3190 69 47 17,
701 3189 141 47 1928;
872 3190 68 39 2c.
967 3189 121 48 Aug.
1116 3189 27 41 7;
1201 3188 83 42 aff.
1313 3189 121 48 Aug.
1463 3189 53 47 6;
1546 3189 42 39 A
1615 3188 230 48 1082955;
1876 3189 139 40 West
2041 3189 111 48 pub.
2182 3199 67 30 co.
2279 3189 96 39 and

447 3247 213 39 Edward
688 3246 278 48 Thompson
994 3256 67 30 co.

442 3353 218 55 United
705 3353 188 56 States
936 3354 155 54 Code
1132 3355 327 53 annotated.
1534 3355 121 51 The
1698 3353 154 54 Code
1892 3353 64 54 of
1996 3355 98 51 the
2132 3355 138 51 laws
2312 3352 64 53 of

371 3433 98 52 the
508 3433 218 54 United
770 3431 188 56 States
998 3433 61 52 in
1099 3432 158 53 force
1296 3432 309 52 December
1644 3431 49 69 7,
1735 3435 151 66 1925,
1926 3451 60 34 as
2027 3431 233 54 enacted
2298 3431 78 70 by

373 3509 2002 71 Congress June 28 and approved June 30, 1926 … Prepared by
371 3589 97 53 the
503 3589 266 53 editorial
803 3588 162 54 staffs
999 3588 64 54 of
1097 3589 255 52 Edward
1387 3589 332 67 Thompson
1753 3606 281 51 company
2068 3590 112 51 and
2214 3588 161 54 West

371 3666 336 69 publishing
754 3686 296 49 company.
1125 3666 154 53 Title
1325 3669 83 51 33.
1456 3665 355 70 Navigation
1876 3667 114 52 and
2054 3665 321 74 Navigable

370 3750 221 49 waters.
669 3744 83 56 St.
792 3746 166 66 Paul,
996 3744 202 68 Minn.,
1237 3745 162 53 West
1435 3743 337 70 publishing
1810 3762 309 50 company;
371 3744 1977 151 Northport,

555 3824 64 52 L.
654 3824 68 68 I.,
756 3824 69 52 N.
862 3823 90 68 Y.,
986 3823 256 52 Edward
1278 3823 331 67 Thompson
1645 3840 296 51 company,
1978 3825 151 51 1928.

442 3904 428 49 xi, 589 p. 24 ᶜᵐ .
377 3971 52 53 ©
459 3975 116 48 July
602 3976 68 47 12,
698 3975 117 41 1928;
868 3975 69 42 2c.
965 3974 120 49 Aug.
1113 3975 27 40 7;
1197 3974 84 43 aff.
1307 3974 121 49 Aug.
1458 3974 29 41 6;
1541 3974 42 40 A
1611 3974 204 42 1082957;
1872 3975 138 40 West
2036 3974 110 50 pub.
2176 3986 67 29 co.
2274 3974 95 41 and

446 4033 213 40 Edward
686 4033 277 48 Thompson
990 4043 69 31 co.
