2498 4384
1282 4100 135 51 1542

346 429 349 65 Schnitzler,
730 429 252 64 Arthur,
1020 432 171 51 1862-

421 508 266 66 Theresa,
712 507 95 52 the
831 507 284 52 chronicle
1143 505 64 54 of
1234 525 30 33 a
1291 504 268 53 woman’s
1586 504 123 68 life,
1733 504 78 69 by
1835 504 227 53 Arthur
349 503 1977 149 Schnitzler,

479 585 318 52 translated
829 585 75 68 by
934 584 260 54 William
1230 584 71 51 A.
1337 583 210 52 Drake.
1616 583 138 52 New
1789 582 180 66 York,
2006 581 196 55 Simon
2239 583 110 52 and

351 662 288 67 Schuster,
674 665 150 50 1928.

422 743 417 49 2 p. l., 460 p. 19½ ᶜᵐ.
352 799 1999 52 © Sept. 28, 1928; 2c. Oct. 5; aff. Oct. 4; A 1054788; Simon & Schuster,
420 860 91 39 inc.
580 858 281 49 (28-23659)

338 940 238 63 Seaver,
612 940 208 63 Henry
855 938 285 55 Latimer.

414 1017 121 52 The
567 1021 163 65 great
761 1017 184 52 revolt
976 1016 59 52 in
1070 1015 215 55 Castile
1303 1035 11 48 ;
1349 1035 31 33 a
1413 1017 173 67 study
1615 1016 65 52 of
1710 1015 95 53 the
1838 1033 302 35 comunero
343 1034 1989 114 movement
529 1094 64 54 of

626 1094 1727 69 1520-1521, by Henry Latimer Seaver … Boston and
344 1172 139 55 New
518 1172 178 69 York,
727 1172 321 69 Houghton
1078 1172 207 53 Mifflin
1317 1190 298 50 company,
1648 1174 152 51 1928.

416 1256 1010 49 xii, 393 p. front., plates, ports. 23 ᶜᵐ.
418 1315 140 40 Some
585 1314 52 40 of
666 1315 82 39 the
775 1314 157 47 plates
961 1323 83 30 are
1074 1312 344 48 accompanied
1447 1313 60 47 by
1536 1314 154 47 guard
1721 1313 163 39 sheets
1914 1312 119 40 with
2061 1312 294 49 descriptive

368 1374 98 39 text.

418 1428 129 40 “The
581 1426 224 42 sources”
825 1438 8 28 :
870 1438 43 37 p.
950 1426 249 50 [361]-377.

352 1480 1985 109 © Oct. 5, 1928 ; 2c. Oct. 8; aff. Oct. 6; A 1053787 ; H. L·. Seaver, Cambridge, Mass. (28-23577)
347 1621 178 64 Seitz,
557 1622 130 52 Don
721 1620 222 63 Carlos,
981 1624 171 50 1862-

417 1700 178 51 From
623 1699 150 52 Kaw
800 1703 192 63 teepee
1020 1703 59 47 to
1109 1697 235 69 Capitol
1361 1716 11 48 ;
1404 1698 97 52 the
1529 1697 106 53 life
1665 1702 159 63 story
1850 1696 64 54 of
1944 1696 239 55 Charles
346 1696 1987 148 Curtis,
473 1776 231 67 Indian,
740 1776 126 53 who

901 1774 1394 70 has risen to high estate, by Don C. Seitz …
348 1855 139 53 New
521 1854 179 68 York,
734 1853 312 54 Frederick
1077 1853 71 52 A.
1186 1853 203 55 Stokes
1424 1870 299 51 company,
1756 1856 151 50 1928.

415 1936 879 50 223 p. ports, (incl. front.) 19½ ᶜᵐ.
352 1991 52 52 ©
439 1996 129 47 Sept.
598 1995 68 47 27,
698 1994 115 41 1928
831 2005 8 35 ;
872 1994 68 41 2c.
971 1994 95 39 and
1098 1992 82 42 aff.
1212 1993 104 40 Oct.
1347 1992 55 40 10
1421 2003 8 36 ;
1462 1992 41 39 A
1535 1992 206 41 1053878
1755 2003 9 36 ;
1799 1992 264 41 Frederick
2094 1992 54 41 A.
2184 1993 172 40 Stokes

421 2063 67 29 co.
559 2049 280 50 (28-23644)

350 2132 265 69 [Sharpe,
650 2132 247 54 Charles
929 2132 224 66 Henry]

420 2213 167 68 Lady
611 2212 177 53 Astor
815 2212 113 52 and
953 2211 158 52 birth
1139 2210 354 68 prevention.
1560 2209 187 69 Being
1801 2251 11 26 I,
1838 2209 56 52 A
1920 2210 170 52 letter
2115 2210 140 52 with
2285 2229 72 33 an

349 2291 304 52 enclosure,
776 2332 11 25 II,
820 2290 55 51 A
906 2290 207 67 kindly
1144 2289 173 52 toned
1351 2288 180 68 reply,
1679 2330 11 25 III,
1723 2288 56 52 A
1813 2288 346 69 concluding
2191 2288 170 53 letter

348 2369 142 53 with
518 2370 96 52 the
639 2368 322 54 confession
989 2366 64 55 of
1080 2386 31 34 a
1137 2367 338 53 murderess.
1545 2366 253 68 [Stroud,
1827 2366 243 55 Printed
2098 2367 75 70 by
2200 2368 158 54 John

346 2447 215 68 White,
592 2451 151 63 1928]

419 2529 242 49 25 p. 19 ᶜᵐ.
421 2587 297 41 Cover-title.

353 2639 2003 54 © 1c. Nov. 14, 1928; A ad int. 11894; pubd. Nov. 6; C. H. Sharpe,
424 2702 192 47 Stroud,
651 2700 432 48 Gloucestershire,
1117 2700 240 48 England.

353 2781 218 70 [Small,
607 2781 222 53 Austin
865 2781 72 68 J.]

420 2861 187 52 Down
660 2861 170 67 river,
882 2861 78 68 by
1016 2860 277 55 Seamark
1375 2861 210 67 [pseud.]
1682 2860 162 69 chap.
1900 2864 32 49 2
1998 2860 273 70 (contd.),
2328 2865 30 49 3

359 2938 244 70 (contd.)
690 2943 50 63 [6
774 2939 378 67 instalments]

431 3021 84 48 (In
543 3018 203 43 London
774 3018 148 52 Daily
953 3019 233 51 express)

353 3073 2003 55 © 1c. each Nov. 6, 1928; A ad int. 11865; pubd. Sept. 10-15 ; A. J. Small,
421 3135 215 41 London.

347 3215 293 64 Sneddon,
674 3216 224 54 Robert
931 3216 276 64 William,
1246 3221 171 50 1880-

416 3294 1882 68 Monsieur X; a novel of mystery, by Robert W. Sneddon …
347 3371 139 54 New
532 3372 181 62 York,
758 3374 63 51 L.
868 3373 356 63 MacVeagh,
1270 3375 121 52 The
1436 3374 135 52 Dial
1620 3393 184 49 press;
1854 3375 273 66 Toronto,
346 3375 1991 141 Longmans,

553 3449 186 55 Green
770 3451 114 52 and
911 3469 99 47 co.,
1040 3454 150 50 1928.

416 3531 276 49 303 p. 19½ ᶜᵐ.
420 3589 258 40 “Author’s
711 3589 227 40 edition.”

355 3641 52 52 ©
439 3646 128 47 Sept.
594 3646 69 42 26,
692 3646 118 40 1928;
862 3647 68 40 2c.
959 3646 102 40 Oct.
1090 3647 55 38 12;
1202 3646 84 41 aff.
1315 3646 103 41 Oct.
1445 3646 54 48 3;
1530 3647 40 39 A
1597 3647 231 46 1053931;
1860 3647 114 40 Dial
2002 3657 151 39 press,
2183 3647 91 40 inc.

435 3702 255 48 (28-23462)

347 3782 338 64 Stansfield,
715 3783 174 65 John,
923 3789 169 49 1885-

424 3859 403 55 Assimilation
874 3863 110 52 and
1033 3862 404 68 petrogenesis.
1525 3863 342 68 Separation
1919 3862 64 54 of
2029 3882 125 35 ores
2204 3862 152 54 from

352 3956 273 50 magmas.
698 3939 91 67 By
823 3939 156 55 John
1018 3939 326 56 Stansfield.
1418 3941 256 55 Urbana.
1708 3941 115 65 Ill.,
1856 3941 211 65 Valley
353 3940 1980 145 publishing
484 4035 98 50 co.,
616 4020 151 51 1928.
