2498 4384
1016 4056 134 49 1119

51 432 241 62 Irmina,
329 432 187 52 Sister
549 431 214 65 M[ary]
806 431 170 50 1893-

181 514 1869 72 … The effects of summer vacation upon the retention of the
50 594 1999 74 elementary school subjects [by] Sister M. Irmina, O . S. B.
48 678 402 68 Washington,
480 677 72 51 D.
588 674 81 68 C.,
700 676 122 52 The
855 673 263 56 Catholic
1150 672 303 54 education
1484 691 156 49 press
1718 674 152 64 [ᶜ1928]

49 754 1984 105 99 p. incl. tables. 23 ᶜᵐ . (On cover: The Catholic university of America.
199 817 325 41 Educational
563 816 225 39 research
826 814 245 48 bulletins,
1109 814 73 41 ed.
1219 815 62 46 by
1318 814 82 40 the
1435 813 321 48 Department
1794 812 51 40 of
50 812 1982 111 education,
192 877 92 39 vol.
376 905 8 16 III,
414 884 101 31 nos.
541 873 26 40 3
596 873 95 40 and
717 871 53 48 4)

123 945 158 41 Series
309 944 110 41 title
446 943 50 40 in
521 944 113 47 part
661 943 52 39 at
740 942 125 39 head
892 941 53 41 of
972 942 99 47 t.-p.

121 1000 351 49 Bibliography
489 1010 9 29 :
526 1010 45 38 p.
598 998 159 42 98-99.

59 1067 52 52 ©
145 1071 128 41 June
303 1071 41 47 7,
377 1069 141 46 1928;
552 1069 68 42 2c.
654 1068 127 40 June
813 1067 53 48 8;
902 1066 83 41 aff.
1018 1067 116 47 July
1168 1066 84 47 19;
1287 1066 41 39 A
1361 1064 230 48 1082800;
1628 1064 222 42 Catholic
1884 1065 151 40 educa.

128 1137 152 38 press.
349 1124 282 51 (28-18790)

57 1249 228 62 Keeler,
318 1249 203 62 Harry
551 1247 280 64 Stephen.

128 1335 1931 75 Sing Sing nights, by Harry Stephen Keeler … New York,
57 1418 68 53 E.
154 1419 66 52 P.
250 1419 225 52 Dutton
502 1419 46 51 &
577 1435 283 50 company
934 1419 152 64 [ᶜ1928]

127 1499 423 50 ix, 397 p. 20 ᶜᵐ .
63 1569 52 52 ©
142 1572 121 48 Aug.
290 1572 39 47 1,
358 1570 118 42 1928;
528 1571 68 41 2c.
623 1571 123 48 Aug.
771 1570 54 48 2;
856 1569 83 42 aff.
966 1570 122 48 Aug.
1114 1570 54 47 4;
1199 1569 42 40 A
1268 1568 230 49 1082873;
1529 1571 54 40 E.
1611 1570 52 41 P.
1691 1570 188 40 Dutton
1908 1569 36 41 &
1972 1580 83 37 co.,

129 1629 91 41 inc.
291 1628 282 49 (28-18755)

63 1751 380 63 Koischwitz,
476 1751 160 54 Otto.

125 1840 313 55 Deutsches
483 1841 368 69 geistesleben
897 1841 102 53 der
1041 1844 357 66 gegenwart;
1448 1859 72 34 an
1565 1840 393 53 introduction
2001 1846 60 49 to

57 1918 1941 70 contemporary German literature, by Otto Koischwitz …
57 1999 138 53 New
222 1998 181 67 York,
428 1998 72 53 A.
529 1998 72 53 A.
628 1996 226 70 Knopf,
883 2000 152 50 1928.

127 2079 1940 50 xxxii, 168 p. front., illus. (map) plates, ports. 19½ ᶜᵐ . (Half-title:
59 2137 174 42 Borzoi
260 2138 211 41 German
497 2137 156 48 texts)

129 2209 188 40 Roman
346 2211 128 46 type.

132 2265 432 49 “Representative
602 2265 257 40 selections
892 2265 130 40 from
1058 2265 200 40 modern
1297 2264 210 41 German
1543 2264 378 49 prose.”—Pref.

131 2322 423 50 “Bibliographie”
572 2333 10 30 :
615 2334 44 38 p.
691 2321 218 43 149-150.

70 2392 52 52 ©
150 2397 116 47 July
291 2396 69 47 17,
387 2395 118 41 1928;
558 2396 68 41 2c.
653 2395 117 47 July
794 2395 61 39 25;
907 2393 84 43 aff.
1018 2395 116 48 July
1159 2395 61 39 24;
1272 2395 43 39 A
1340 2394 206 42 1083446;
1600 2395 172 40 Alfred
1800 2395 55 41 A.
1884 2395 181 48 Knopf,

136 2453 93 42 inc.
298 2453 282 49 (28-18821)

67 2574 286 64 Kolthoff,
386 2575 177 53 Izaak
594 2574 276 54 Maurits.

67 2667 1973 131 Volumetric analysis, by Dr. I. M. Kolthoff … with the collaboration
67 2745 1974 146 of Dr. ing. H. Menzel … An authorized translation, based upon
607 2823 1397 70 the German edition, by N. Howell Furman …
71 2919 50 35 V.
161 2906 46 48 1.
243 2903 121 52 The
398 2903 333 52 theoretical
768 2902 315 69 principles
1116 2902 64 54 of
1215 2903 338 53 volumetric
1591 2904 265 68 analysis.
1929 2905 141 52 New

73 2980 179 67 York,
285 2981 56 54 J.
375 2980 192 69 Wiley
599 2983 46 49 &
678 2999 146 49 sons,
858 2981 137 67 inc.;
1033 2982 260 67 London,
1329 2981 302 69 Chapman
1666 2984 46 50 &
1745 2983 161 67 Hall,
73 2983 1971 143 limited,
239 3061 150 50 1928.

139 3139 759 50 xvii, 289 p. diagrs. 23½ ᶜᵐ .
76 3206 52 52 ©
156 3211 115 47 July
298 3211 70 49 30,
396 3211 119 40 1928;
567 3212 68 40 2c.
664 3213 96 39 and
787 3212 83 40 aff.
897 3213 120 48 Aug.
1044 3213 27 39 2;
1129 3213 41 39 A
1197 3213 206 41 1083460;
1460 3215 38 41 I.
1527 3216 63 39 M.
1620 3214 236 49 Kolthoff,
143 3215 1907 101 Minneapolis,

340 3269 97 39 and
463 3268 56 41 N.
546 3269 190 40 Howell
764 3270 229 48 Furman,
1020 3270 274 48 Princeton,
1323 3270 57 42 N.
1408 3271 44 41 J.
1523 3270 280 49 (28-18768)

75 3390 202 64 Krieg,
309 3392 139 53 Mrs.
481 3391 234 65 Shirley
757 3393 332 65 (Kreasan)

78 3481 1969 149 The history of Zeta tau alpha, 1898-1928 [by] Shirley Kreasan Krieg … v. 1.
766 3562 295 65 [Menasha,
1088 3565 162 66 Wis.]
1287 3565 121 53 The
1438 3565 352 71 Fraternity,
1824 3571 149 50 1928.

145 3653 111 38 XXV,
291 3643 85 40 518
408 3654 44 37 p.
513 3643 165 50 front.,
712 3644 128 42 illus.
869 3645 133 49 (incl.
1036 3647 162 48 maps)
1243 3648 87 40 col.
1365 3649 171 47 plates,
1571 3650 136 46 ports.
1749 3649 137 49 (part
1917 3650 146 48 fold.)

77 3699 424 43 facsims. 24½ ᶜᵐ .
144 3768 233 43 Contains
406 3771 169 41 music.

144 3825 351 50 Bibliography
522 3830 51 38 at
601 3829 91 39 end
720 3829 53 40 of
800 3840 130 30 some
958 3830 52 41 of
1037 3831 82 40 the
1148 3832 242 48 chapters.

83 3891 52 52 ©
164 3896 127 40 June
317 3896 68 48 14,
416 3897 117 40 1928;
587 3897 67 42 2c.
684 3898 116 48 July
826 3899 84 47 28;
942 3899 82 41 aff.
1055 3900 116 48 July
1198 3901 84 46 27;
1313 3901 43 39 A
1383 3901 230 49 1082767;
1647 3904 114 40 Zeta
1794 3906 85 39 tau
1909 3905 163 49 alpha,

150 3953 121 40 East
298 3952 226 50 Toronto,
554 3953 217 51 Ontario,
802 3955 213 42 Canada.
1087 3957 281 51 (28-18788)
