2498 4384
1031 4130 64 50 825

54 465 245 60 Abbott,
331 463 165 62 Lucy
522 461 322 52 Thurston.

189 531 1871 77 … The Rusty-cats; a story of Hat May and her friends, by
57 610 2003 77 Lucy Thurston Abbott … illustrated by Fridolin Haass. New
59 692 1493 72 York, N. Y., Newark, N. J., Barse & co. [ ᶜ1 928 ]
127 792 86 40 230
243 803 42 37 p.
345 791 165 46 front.,
539 791 173 48 plates.
772 788 145 41 19½ᶜᵐ.
989 787 194 48 (Young
1213 786 133 49 girls’
1378 784 211 50 library)

62 858 1766 54 © May 31, 1928; 2c. and aff. J une 1; A 1074815; Barse & co.
138 920 282 48 (28-14122)

59 1015 244 61 Adams,
336 1014 136 53 Carl
503 1014 219 60 Bruno,
754 1014 169 50 1898-

122 1092 237 52 Hidden
389 1092 232 67 strings,
649 1090 75 69 by
758 1089 136 55 Carl
924 1091 68 50 B.
1024 1089 237 53 Adams.
1338 1090 234 66 Boston,
1602 1088 122 53 The
1754 1088 156 51 Four
1940 1105 121 35 seas

52 1169 511 65 company [ ᶜ1 927]
123 1255 56 40 64
207 1265 42 38 p.
419 1285 10 10 18ᶜᵐ.

122 1310 185 40 Poems.

63 1362 53 52 ©
142 1366 112 40 Dec.
278 1366 69 47 28,
374 1364 141 48 1927;
542 1364 68 41 2c.
636 1366 114 39 May
775 1365 40 46 4,
841 1362 115 41 1928;
1012 1362 82 41 aff.
1122 1364 114 46 May
1262 1362 56 39 24;
1373 1363 41 38 A
1440 1362 230 46 1077456;
1700 1362 130 40 Four
1857 1372 109 30 seas
1993 1371 69 31 co.

145 1422 282 49 (28-14161)

56 1512 1729 69 Aide-mémoire Lefranc, 1928. Paris, Lefranc [ ᶜ1 928]
133 1596 999 51 175. [1] p. illus., tables, diagrs. 17 ᶜᵐ.
65 1650 1999 53 © Jan. 31, 1928; 1c. Mar. 9; A—Foreign 38027; Georges Lefranc. Paris.
61 1764 296 63 America,
391 1780 35 36 a
462 1763 265 54 Catholic
762 1762 216 53 review
1014 1762 64 53 of
1113 1762 104 53 the
1252 1762 182 52 week.

127 1842 124 52 The
289 1841 269 53 America
600 1841 146 52 book
788 1840 65 53 of
891 1860 175 47 verse,
1108 1840 191 53 edited
1338 1840 76 69 by
1455 1840 240 53 Francis
1737 1839 77 52 X.
1857 1840 208 53 Talbot

119 1919 1290 67 … New York, The America press [ ᶜ1 928 ]
195 2035 8 15 xv,
230 2003 85 40 178
343 2014 44 37 p.
447 2003 147 40 22½ᶜᵐ.

69 2055 51 52 ©
154 2060 115 47 May
300 2059 70 46 22,
404 2059 142 46 1928;
581 2058 68 41 2c.
683 2060 114 46 May
828 2058 84 46 24;
948 2057 83 41 aff.
1066 2058 127 41 June
1224 2058 55 46 4;
1316 2058 41 38 A
1391 2057 229 47 1077563;
1656 2058 225 40 America
1916 2069 152 37 press.

147 2116 281 49 (28-14159)

63 2224 318 53 American
418 2223 195 64 public
647 2224 204 52 health
888 2222 380 54 association.
1343 2224 360 69 Laboratory
1737 2225 229 52 section.

132 2301 293 56 Standard
460 2302 261 53 methods
756 2301 144 53 milk
936 2302 268 69 analysis,
1240 2302 462 69 bacteriological
1738 2303 113 52 and
59 2303 1986 131 chemical.
262 2380 97 54 5th
388 2381 85 53 ed.
539 2380 477 70 Bacteriological
1042 2380 262 54 methods
1335 2380 350 55 formulated
1709 2381 78 69 by
60 2381 1985 131 committees
207 2459 65 53 of
305 2460 95 52 the
435 2459 360 68 Laboratory
828 2459 213 53 section
1075 2458 64 54 of
1173 2459 97 53 the
1302 2459 310 53 American
1646 2460 194 68 public
1873 2461 197 52 health

61 2538 359 67 association,
454 2537 310 53 American
801 2536 167 69 dairy
1003 2537 213 53 science
1254 2537 358 68 association,
1647 2538 424 53 International

62 2614 2011 149 association of dairy and milk inspectors … approved for publication by the Laboratory section of the American public
62 2773 195 53 health
316 2771 341 54 association
714 2778 60 46 at
828 2771 96 53 the
982 2771 233 53 Buffalo
1272 2771 268 71 meeting,
1599 2772 263 69 October,
1922 2777 150 50 1926.

63 2849 2011 227 Chemical methods compiled by the Committee on editing methods of analysis of the Association of official agricultural chemists … New York, American public health association, 1927.
134 3089 522 50 vi. 68 p. illus. 24½ ᶜᵐ.
135 3147 352 49 Bibliography
514 3147 52 39 at
593 3147 92 39 end
715 3146 51 40 of
794 3146 118 40 each
941 3146 215 47 chapter.

78 3201 51 52 ©
162 3205 112 47 Apr.
304 3204 70 40 30,
405 3202 115 40 1928;
581 3203 67 40 2c.
680 3203 97 38 and
807 3201 83 41 aff.
922 3203 113 46 May
1066 3201 56 39 22;
1183 3201 39 39 A
1256 3202 202 41 1077489;
1519 3203 161 42 Amer,
1713 3204 162 48 public
1906 3205 169 40 health

145 3270 129 31 assn.
345 3258 282 50 (28-14304)

73 3355 241 62 Arnold,
346 3354 208 62 Henry
582 3353 53 51 H
893 3355 170 50 1886-

148 3434 119 51 Bill
294 3434 185 51 Bruce
504 3432 58 51 in
588 3431 96 53 the
709 3432 540 52 trans-continental
1277 3451 144 48 race,
1447 3433 75 68 by
1547 3433 195 68 Major
1768 3435 203 69 Henry
2000 3436 77 52 H.

75 3509 1620 71 Arnold … New York, A. L. Burt company [ ᶜ1928]
145 3593 89 40 246
262 3603 43 37 p.
367 3592 151 40 front.
580 3591 145 41 19½ᶜᵐ.
796 3591 115 47 (His
941 3591 206 41 Aviator
1178 3592 177 48 series)

81 3647 51 52 ©
163 3651 113 47 May
303 3650 68 43 24,
400 3649 118 40 1928;
572 3649 69 40 2c.
668 3649 96 39 and
794 3648 82 41 aff.
906 3649 125 39 June
1060 3650 24 38 1;
1143 3650 42 38 A
1211 3650 205 41 1074808;
1473 3651 55 41 A.
1557 3651 51 41 L.
1638 3653 126 40 Burt
1790 3664 68 30 co.

159 3706 282 49 (28-14231)

80 3797 1939 149 Bill Bruce on forest patrol, by Major Henry H. Arnold … New York, A. L. Burt company [ ᶜ1 928]
151 3958 87 41 255
266 3970 43 38 p.
368 3959 151 41 front.
579 3958 147 42 19½ᶜᵐ.
795 3958 118 50 (His
943 3959 206 41 Aviator
1181 3959 178 49 series)

85 4014 51 52 ©
167 4019 113 46 May
308 4018 68 41 28,
407 4017 116 41 1928;
581 4018 68 40 2c.
679 4019 95 38 and
805 4017 82 41 aff.
918 4018 128 39 June
1075 4019 23 38 1;
1159 4019 41 38 A
1230 4019 204 40 1074807;
1492 4020 56 42 A.
1579 4023 52 40 L.
1661 4022 126 41 Burt
1816 4034 68 29 co.

163 4073 281 49 (28-14119)
