2498 4384
1336 4075 99 50 832

356 508 158 53 vised
543 508 229 69 general
798 513 238 47 statutes
1064 507 62 52 of
1155 510 134 48 1920
1317 507 112 51 and
1455 506 96 52 the
1578 506 138 51 laws
1746 505 63 52 of
1837 524 31 32 a
1898 505 228 68 general
2153 510 201 46 nature

357 586 233 52 enacted
634 592 56 46 at
731 587 97 51 the
871 586 318 68 legislative
1233 584 239 53 sessions
1512 583 63 53 of
1621 587 149 63 1919,
1813 586 151 54 1921,
2008 585 151 54 1923,
2206 585 149 58 1925,

358 664 150 53 1927.
581 663 298 67 Compiled
917 663 111 52 and
1064 663 308 51 annotated
1404 662 75 67 by
1513 662 199 68 Harry
1747 662 66 51 B.
1851 660 301 55 Skillman.
2220 679 51 33 v.
2307 665 46 47 3.

351 742 261 65 Atlanta,
643 742 121 51 The
791 741 284 52 Harrison
1106 759 298 50 company,
1435 743 151 49 1928.

429 839 103 46 xiii,
578 838 294 49 [2577]-3374
911 848 43 37 p.
1014 837 116 40 26ᶜᵐ.

361 904 53 52 ©
447 909 126 40 June
604 908 68 45 12,
706 907 114 40 1928;
880 906 68 41 2c.
980 908 96 38 and
1108 906 82 41 aff
1225 907 126 40 June
1384 906 82 43 15;
1502 907 42 38 A
1574 906 230 45 1077804;
1840 906 245 40 Harrison
2118 917 66 29 co.

361 1017 200 62 Foote,
601 1017 204 52 James
844 1015 281 63 Stephen,
1168 1018 327 50 1851-1925.

433 1096 158 52 Bone
635 1114 59 34 as
740 1114 27 32 a
814 1113 255 34 measure
1113 1093 63 53 of
1221 1095 413 66 development.
1715 1094 187 53 When
1949 1095 113 51 and
2107 1094 126 52 how
2281 1113 81 33 we

363 1170 1999 72 acquired our teeth, by J. S. Foote … Omaha, Neb., Press
362 1252 258 72 Douglas
651 1251 264 68 printing
946 1268 299 49 company,
1279 1253 150 50 1928.

624 1331 1306 64 11 p. l., 94, [13], 182, [7] p. front. (port.) illus. 27½ᶜᵐ.
436 1418 292 40 “Published
761 1418 60 47 by
855 1418 81 39 the
972 1417 244 41 Scientific
1249 1417 293 40 foundation
1577 1419 96 38 and
1708 1418 224 39 research
1968 1417 310 40 commission
2314 1418 50 39 of

365 1476 80 41 the
474 1475 258 40 American
762 1476 164 38 dental
958 1474 341 40 association.”

715 1547 194 38 CONTENTS.—Bone
940 1556 55 29 as
1027 1556 26 29 a
1086 1556 223 29 measure
1342 1546 51 40 of
1425 1547 565 46 development.—When
2022 1548 96 37 and
2154 1546 104 40 how
2294 1556 70 28 we

365 1604 228 47 acquired
626 1614 88 29 our
745 1604 158 39 teeth:
937 1603 173 45 fishes;
1144 1603 337 48 amphibians;
1516 1603 214 48 reptiles.

369 1670 53 52 ©
451 1676 113 46 May
591 1675 40 45 3,
660 1674 141 47 1928;
830 1675 67 40 2c.
927 1676 114 46 May
1069 1674 52 46 8;
1152 1674 82 41 aff.
1264 1676 114 45 May
1406 1674 82 47 28;
1520 1674 42 39 A
1589 1674 230 47 1074780;
1851 1675 213 39 Edward
2093 1675 60 39 H.
437 1675 1912 104 Bruening,
571 1730 201 48 Omaha,
810 1732 115 39 Neb.
998 1731 282 48 (28-14095)

367 1825 287 64 Garborg,
685 1827 122 50 Fru
839 1825 196 53 Hulda
1075 1826 395 63 (Bergersen)
1515 1828 170 49 1862-

430 1902 359 54 Hiawatha’s
830 1902 213 68 vision;
1091 1922 30 33 a
1165 1904 282 52 dramatic
1490 1922 181 49 poem,
1712 1904 76 68 by
1828 1903 201 52 Hulda
2071 1902 293 69 Garborg;

360 1981 317 52 translated
710 1980 152 53 from
890 1982 97 51 the
1017 1981 346 68 Norwegian
1391 1982 76 68 by
1497 1980 56 55 S.
1584 1981 280 68 Garborg.
1947 1980 422 68 [Minneapolis,

419 2060 117 66 ᶜ1 927 ]
432 2157 270 48 121 p. 21 ᶜᵐ.
375 2222 52 52 ©
463 2227 111 40 Dec.
611 2226 38 48 8,
686 2226 113 40 1927;
863 2226 68 41 2c.
969 2227 95 38 and
1100 2226 81 41 aff.
1218 2227 112 40 Jan.
1365 2227 40 47 3,
1442 2226 114 40 1928;
1622 2227 42 38 A
1699 2226 202 40 1018131;
1967 2226 260 48 Augsburg
2260 2227 109 47 pub.

442 2284 163 39 house.
681 2282 280 49 (28-14153)

368 2376 287 64 Gehrcke,
688 2378 203 62 Ernst,
926 2398 82 33 ed.

372 2455 1999 147 Handbuch der physikalischen optik. In zwei bänden. Bearbeitet von prof. dr. F. Auerbach … prof. dr. A. Bemporad
434 2612 1938 69 … [u. a.] hrsg. von prof. dr. E. Gehrcke. bd. 2 … Leipzig,
370 2691 56 54 J.
456 2691 71 52 A.
557 2691 201 66 Barth,
791 2694 149 49 1928.

448 2787 64 48 ix,
547 2788 71 49 [1],
649 2787 116 40 1104
794 2797 43 37 p.
898 2787 143 48 illus.,
1073 2788 173 40 tables.
1304 2787 118 41 25ᶜᵐ.

380 2853 1994 53 © Jan. 1, 1928; 1c. Apr. 31; A—Foreign 38289; Johann Ambrosius
451 2914 171 41 Barth.

381 3007 374 69 [Goldsmith,
786 3009 249 52 Warren
1069 3009 226 67 Henry]

444 3085 242 54 Crumbs
721 3084 65 53 of
822 3103 257 35 common
1115 3104 183 49 sense;
1339 3105 72 33 an
1449 3087 113 52 odd
1599 3092 236 47 venture
1869 3092 59 47 to
1963 3088 134 67 help
2135 3105 112 51 you
2282 3092 94 65 get

373 3164 96 52 the
514 3161 163 55 habit
723 3162 64 53 of
832 3163 288 69 thinking.
1202 3164 279 67 [Melrose,
1527 3164 191 68 Mass.,
1764 3166 89 53 W.
1901 3165 77 52 H.
2029 3165 349 55 Goldsmith,

430 3244 117 63 ᶜ1 928]
442 3323 872 51 319, [1] p. front. (port.) 25ᶜᵐ.
445 3381 71 41 On
545 3391 167 30 cover:
744 3382 205 38 Warren
979 3380 169 48 Henry
1175 3381 288 40 Goldsmith.

386 3433 53 52 ©
475 3438 115 47 Apr.
625 3437 69 47 26,
732 3436 141 46 1928;
911 3437 68 40 2c.
1016 3438 113 46 May
1166 3435 55 40 19;
1289 3435 83 41 aff.
1410 3436 114 48 May
1561 3438 81 45 18;
1682 3437 42 39 A
1759 3438 231 47 1077535;
2028 3439 74 40 W.
2139 3439 60 39 H.
457 3439 1904 95 Goldsmith.
691 3493 280 48 (28-14160)

382 3586 179 64 Gray,
597 3586 220 63 Joseph
854 3587 61 51 Μ
1206 3587 60 51 M
1560 3587 171 53 1877-

459 3664 359 69 Concerning
869 3665 96 51 the
1019 3664 169 67 faith,
1239 3683 151 34 some
1439 3683 186 50 essays
1676 3671 62 47 at
1783 3667 476 68 understanding,
2305 3667 75 68 by

382 3743 217 67 Joseph
637 3743 79 51 Μ.
755 3743 79 51 M.
875 3742 174 68 Gray.
1126 3743 138 52 New
1304 3743 179 67 York,
1522 3743 347 67 Cincinnati,
1909 3744 123 52 The
2068 3745 312 68 Abingdon

387 3824 381 64 press [ ᶜ1 928]
456 3903 275 47 293 p. 19½ ᶜᵐ.
391 3955 52 53 ©
471 3961 113 47 May
610 3960 69 48 25,
708 3959 140 47 1928;
879 3961 66 40 2c.
975 3962 96 39 and
1098 3961 83 41 aff.
1208 3961 128 40 June
1364 3962 51 46 1;
1446 3961 41 39 A
1514 3961 229 48 1074797;
1775 3962 44 42 J.
1848 3963 64 40 Μ.
1941 3963 61 40 M.
2035 3962 144 48 Gray,
459 3961 1905 104 Scranton,
587 4018 83 40 Pa.
742 4017 279 49 (28-14267)
