2498 4384
1037 4106 100 52 161

99 439 353 61 Alexander,
484 438 239 55 Wilfrid
755 437 370 62 Backhouse,
1161 440 171 50 1885-

174 519 173 52 Birds
376 517 65 53 of
468 518 97 52 the
596 535 188 49 ocean,
814 535 31 34 a
875 515 309 54 handbook
1214 514 96 54 for
1343 533 278 52 voyagers
1651 515 337 71 containing

102 516 1988 148 descriptions
433 594 65 54 of
524 597 77 51 all
629 596 96 52 the
750 593 280 55 sea-birds
1057 593 66 53 of
1149 593 99 54 the
1275 594 200 67 world,
1503 594 143 53 with
1672 598 162 50 notes
1861 612 73 36 on
1961 594 154 54 their

103 674 186 53 habits
322 674 114 52 and
468 673 201 70 guides
700 678 58 48 to
791 672 151 53 their
973 671 438 69 identification,
1444 672 75 70 by
1552 672 91 54 W.
1679 673 67 52 B.
1781 671 332 56 Alexander

99 749 1989 148 … with 140 illustrations. New York, London, G. P. Putnam’s sons, 1928.
167 910 1285 50 xxiii, 428 p. 88 pl. (incl. front.) on 45 l. 18 ᶜᵐ .
97 980 51 52 ©
175 985 109 39 Feb.
313 984 67 41 10.
407 983 116 41 1928;
577 983 67 41 2c.
668 985 96 38 and
789 984 83 40 aff.
899 984 111 40 Feb.
1036 985 54 38 11;
1147 985 38 38 A
1210 984 203 40 1018741;
1470 986 71 39 W.
1568 986 53 39 B.
1647 985 292 46 Alexander,
165 987 1926 101 Croydon,
297 1042 237 47 England.
605 1041 253 48 (28-5153)

92 1134 187 62 Allen,
312 1135 223 53 Robert
567 1134 265 63 Francis,
866 1136 84 53 ed.

160 1213 405 54 Introduction
615 1215 113 52 and
776 1220 160 47 notes
1009 1215 118 51 [also
1177 1213 225 69 editing
1465 1213 65 53 of
1576 1213 182 54 entire
1821 1220 139 61 text]
2029 1215 77 69 by

91 1291 212 54 Robert
336 1293 65 51 F.
439 1291 173 54 Allen
670 1292 60 52 [in
765 1292 148 53 book
946 1292 258 67 entitled]
1246 1293 188 69 Idylls
1468 1292 65 54 of
1567 1293 96 54 the
1697 1293 159 69 king,
1892 1294 75 69 by

93 1294 1986 131 Alfred,
277 1372 126 51 lord
444 1372 322 68 Tennyson.
844 1371 431 69 Philadelphia,
1313 1372 254 68 Chicago
1631 1379 100 46 [etc.]
1794 1374 121 53 The
1952 1373 158 55 John

87 1448 59 56 C.
181 1449 269 54 Winston
531 1450 152 67 [ᶜ1927]

158 1532 1951 52 xxvii, [1], 232 p. col. front., illus. (map) 16 ᶜᵐ . (Winston companion
86 1590 223 50 classics)

92 1657 51 52 ©
170 1663 112 40 Dec.
308 1663 68 46 12,
402 1662 116 41 1927;
574 1662 66 41 2c.
667 1663 111 40 Feb.
805 1664 68 45 13,
899 1661 116 42 1928;
1069 1662 82 41 aff.
1178 1662 112 41 Feb.
1316 1664 49 38 11;
1426 1663 38 39 A
1489 1663 204 40 1001054;
1747 1664 130 40 John
1902 1664 50 41 C.
159 1664 1930 96 Winston
290 1731 68 29 co.

86 1815 200 62 Allier,
318 1815 188 53 Raoul
537 1814 235 64 Scipion
803 1814 289 64 Philippe,
1127 1818 173 50 1862-

221 1893 1887 68 … Le non-civilisé et nous; différence irréductible ou identité
93 1971 281 55 foncière?
454 1972 187 68 Paris,
669 1973 206 69 Payot,
907 1972 151 55 1927.

160 2054 1461 50 2 p. l., [7]-317 p. 22 ½ ᶜᵐ . (Bibliothèque scientifique)
160 2125 63 42 At
249 2126 126 41 head
401 2126 54 40 of
480 2126 111 41 title:
646 2126 155 40 Raoul
831 2126 169 41 Allier.

87 2194 51 52 ©
164 2199 102 40 Oct.
290 2199 70 47 25,
384 2199 116 41 1927;
584 2211 37 30 1c.
643 2200 119 41 Nov.
786 2200 57 40 28;
895 2200 312 48 A—Foreign
1231 2200 146 40 36524;
1431 2201 170 47 Payot.

167 2256 253 49 (28-5031)

82 2351 316 55 American
437 2351 401 65 specification
877 2352 300 54 institute.

155 2431 404 69 Specification
593 2433 198 52 record
826 2431 64 53 of
922 2433 96 51 the
1052 2431 309 53 American
1396 2430 390 70 specification
1819 2431 282 69 institute,

84 2510 2014 80 edited by the Board of governors. v 3, 1928 … [Chicago]
105 2593 148 51 ᶜ1928.

151 2673 1257 49 xxvi, 410 p. illus. (incl. plans) diagrs. 28½ ᶜᵐ .
83 2741 51 51 ©
164 2747 110 39 Jan.
300 2746 39 47 3,
367 2746 143 46 1928;
538 2745 68 41 2c.
635 2746 112 40 Feb.
773 2745 54 47 2;
857 2745 82 41 aff.
968 2746 111 40 Feb.
1106 2747 82 46 16;
1218 2746 42 39 A
1285 2745 231 46 1018875;
1549 2745 340 48 Specification
1916 2747 183 47 record,

151 2803 105 47 inc.,
281 2803 225 48 Chicago.

81 2900 255 53 Ancient
363 2900 117 52 and
509 2898 278 65 mystical
817 2899 175 52 order
1019 2914 171 37 rosae
1221 2897 212 54 crucis.

150 2977 374 54 Rosicrucian
558 2978 251 66 manual,
841 2975 306 56 AMORC.
1218 2975 361 68 Charleston,
1611 2977 90 53 W.
1734 2977 126 67 Va.,
1892 2977 202 53 Lovett

82 3056 263 70 printing
373 3074 100 50 co.,
503 3055 152 55 1927.

166 3137 1498 52 [iii]-viii, 189 p. incl illus., plates, ports., diagrs. 23½ ᶜᵐ .
150 3210 214 41 “Second
394 3207 232 43 edition.”

82 3261 51 53 ©
162 3268 113 38 Dec.
302 3267 39 41 1,
367 3266 116 40 1927;
539 3265 67 40 2c.
634 3266 95 39 and
756 3265 84 39 aff.
868 3264 112 40 Feb.
1037 3295 8 16 6,
1073 3263 142 47 1928;
1245 3264 41 39 A
1311 3264 205 41 1061587;
1575 3265 231 48 Supreme
1832 3267 189 39 council
2046 3267 52 41 of

150 3325 189 45 Amorc,
365 3324 99 40 San
486 3324 127 46 Jose,
638 3322 145 41 Calif.
856 3321 253 49 (28-5262)

77 3419 115 52 Art
225 3418 292 54 directors
549 3417 150 54 club.

147 3498 120 52 The
297 3497 204 53 second
533 3498 212 51 annual
775 3494 64 54 of
869 3494 384 54 illustrations
1284 3493 94 53 for
1410 3495 471 55 advertisements
1909 3497 59 53 in
1997 3497 98 54 the

75 3576 218 54 United
332 3575 206 55 States.
615 3575 140 52 New
790 3574 182 67 York,
1004 3574 124 52 The
1162 3573 117 53 Art
1312 3573 279 54 directors
1624 3574 127 54 club
1834 3579 152 64 [ᶜ1923]

147 3656 1188 52 3 p. l ., 9-171, [1] p. illus. (part col.) 29 ᶜᵐ .
80 3710 51 53 ©
161 3717 113 39 Dec.
301 3717 40 46 5,
369 3715 97 40 1923;
541 3716 67 40 2c.
637 3716 111 39 Feb.
776 3716 70 46 21,
875 3714 118 40 1928;
1046 3713 84 41 aff.
1159 3714 112 40 Feb.
1301 3714 55 39 23;
1412 3715 40 38 A
1480 3713 204 41 1061975;
1740 3716 90 40 Art
1857 3716 239 41 directors

149 3775 122 47 club,
294 3774 92 41 inc.

74 3868 475 63 Ashton-Wolfe,
582 3868 74 53 H.

150 3947 170 55 Cases
358 3946 155 55 from
547 3965 97 51 my
681 3945 364 55 crime-book.
1128 3962 90 36 no.
1261 3948 79 49 11.
1382 3934 123 65 The
1540 3944 318 71 footprints
1893 3966 71 36 on
2001 3949 99 55 the

75 4026 224 71 ceiling.
