2498 4384
1063 4115 138 51 2015

116 464 118 52 The
269 460 167 53 radio
473 462 293 66 industry;
805 460 96 53 the
937 464 157 63 story
1130 458 64 54 of
1229 457 75 55 its
1339 457 415 68 development,
1787 475 61 35 as
1882 455 124 54 told
2040 454 77 71 by

179 539 217 53 leaders
444 537 64 53 of
554 538 95 52 the
698 537 267 67 industry
1010 542 60 47 to
1115 535 97 53 the
1260 534 259 54 students
1566 534 65 52 of
1676 534 97 54 the
1821 533 297 55 Graduate

177 617 189 53 school
399 615 65 53 of
491 616 255 53 business
777 613 485 67 administration,
1293 611 224 69 George
1548 613 64 51 F.
1648 611 191 53 Baker
179 611 1915 147 foundation,

363 694 276 52 Harvard
683 692 337 67 university,
1065 691 141 53 with
1254 709 71 34 an
1369 689 392 54 introduction
1803 688 76 70 by
1923 688 195 54 David

183 771 248 68 Sarnoff,
469 772 112 53 and
619 790 31 34 a
690 770 287 54 foreword
1013 770 75 70 by
1126 770 103 53 Dr.
1268 769 201 53 Anton
1505 769 69 53 de
1609 768 176 56 Haas.
1865 766 255 71 Chicago

179 855 51 50 &
264 853 139 52 New
436 851 180 65 York,
647 850 71 53 A.
751 850 91 54 W.
878 848 172 56 Shaw
1081 864 311 52 company;
1425 848 262 66 London,
1717 846 71 53 A.
1819 847 91 54 W.
1947 845 173 56 Shaw

180 930 112 53 and
321 947 299 49 company,
648 926 241 68 limited,
920 930 150 50 1928.

181 1008 1336 53 2 p. l., iii-vii, 330 p. illus., plates, diagr. 23½ᶜᵐ.
116 1079 52 53 ©
195 1084 117 40 Nov.
338 1083 69 43 25,
437 1082 115 40 1928;
607 1082 67 40 2c.
701 1082 96 39 and
825 1080 82 41 aff.
933 1081 113 40 Dec.
1074 1080 27 41 8;
1155 1079 41 40 A
1223 1078 117 42 3079;
1396 1079 55 41 A.
1478 1080 73 40 W.
1581 1078 145 41 Shaw
1754 1090 67 29 co.

193 1139 281 50 (28-30614)

112 1248 372 64 Ringelnatz,
522 1246 289 64 Joachim,
851 1250 171 51 1883-

245 1322 1608 70 … Allerdings, gedieh te. Berlin, E. Rowohlt, 1928.
182 1407 607 49 3 p. l., 7-172 p. 27 ᶜᵐ .
185 1479 141 40 “1.-5.
365 1477 253 41 tausend.”

118 1545 2005 52 © June 1, 1928; 1c. Sept. 19; A— Foreign 97; Ernst Rowohlt verlag,
184 1606 45 40 k.
258 1616 42 38 g.
330 1616 42 29 a.
403 1616 43 30 a.
514 1604 282 49 (28-30786)

114 1713 256 63 Roback,
406 1713 308 55 Abraham
751 1712 221 63 Aaron,
1008 1717 173 50 1890-

182 1792 260 66 Popular
490 1792 371 68 psychology,
908 1791 142 52 with
1099 1791 266 67 chapters
1411 1809 73 34 on
1534 1790 294 53 character
1876 1790 252 69 analysis

115 1868 2014 71 and intelligence tests, by Dr. A. A. Roback … Cambridge,
114 1948 189 64 Mass.,
335 1948 213 55 Sci-art
579 1948 340 68 publishers,
950 1950 151 50 1928.

185 2030 1522 49 xii p., 1 l., 15-267 p. illus., 4 pl. (incl. ports.) 22½cm.
186 2088 220 41 Portrait
443 2099 154 37 group
633 2088 41 40 is
710 2087 344 49 accompanied
1092 2087 61 48 by
1189 2088 156 47 guard
1384 2088 138 40 sheet
1557 2087 121 41 with
1716 2087 294 49 descriptive
117 2089 1997 106 letterpress.

187 2217 207 40 Revised
425 2218 95 38 and
550 2217 230 46 enlarged
809 2216 185 40 edition
1023 2215 52 41 of
1103 2216 82 40 the
1214 2215 221 41 author’s
1465 2215 345 48 “Psychology,
1842 2215 120 41 with
119 2216 1997 98 chapters
260 2285 59 29 on
357 2274 258 40 character

653 2272 219 48 analysis
912 2274 97 39 and
1049 2274 182 40 mental
1274 2272 389 42 measurement”
1703 2273 257 49 published
2001 2273 131 42 1923.
117 2332 60 48 cf.
207 2331 131 40 Pref.

189 2388 236 43 Contains
452 2387 394 50 bibliographies.

122 2455 52 53 ©
204 2459 102 42 Oct.
334 2459 70 49 20,
435 2460 115 41 1928;
607 2460 68 40 2c.
704 2460 114 41 Dec.
846 2459 55 40 15;
960 2459 83 41 aff.
1071 2460 119 39 Nov.
1221 2459 57 40 12;
1337 2459 41 39 A
1405 2459 117 40 3202;
1581 2460 54 41 A.
1665 2460 55 41 A.
1751 2460 211 47 Roback,
189 2459 1924 106 Cambridge,
402 2518 148 39 Mass.
620 2516 282 49 (28-30757)

119 2610 179 66 Salts,
333 2610 205 54 James
576 2610 212 65 David,
830 2612 173 54 1873-

190 2687 1944 71 Grappling with the world, by James D. Salts … Boston,
120 2767 121 53 The
274 2765 381 69 Christopher
684 2767 339 69 publishing
1051 2767 174 53 house
1303 2770 153 64 [ᶜ1928]

189 2850 668 49 5 p. l., [13]-142 p. 21ᶜᵐ.
128 2916 52 52 ©
207 2922 113 40 Dec.
347 2922 23 38 1,
416 2921 142 47 1928;
587 2922 69 40 2c.
683 2922 96 40 and
808 2921 83 40 aff.
918 2922 113 40 Dec.
1061 2921 53 47 6;
1142 2922 42 39 A
1211 2921 143 48 3000;
1385 2922 44 41 J.
1458 2923 58 39 D.
1548 2923 146 47 Salts,
1723 2923 198 40 Boston.

203 2977 282 50 (28-30703)

121 3072 320 64 Saunders,
476 3073 246 54 Charles
755 3073 266 65 Francis,
1060 3078 170 50 1859-

190 3152 121 52 The
353 3156 160 63 story
553 3151 64 53 of
660 3151 342 67 Carmelita;
1051 3153 74 52 its
1170 3152 370 54 associations
1582 3153 114 53 and
1739 3153 75 53 its
1854 3159 165 62 trees,
2061 3152 76 71 by

121 3229 1993 147 Charles Francis Saunders … illustrations by Charles Broughton.
311 3309 318 66 Pasadena,
662 3307 72 55 A.
770 3308 61 54 C.
866 3309 276 67 Yroman,
1173 3309 109 53 inc.
1363 3311 152 66 [ᶜ1928]

191 3391 947 49 4 p. l., 54 p. incl. 1 illus., pl. 17ᶜᵐ.
129 3456 52 52 ©
204 3461 118 41 Nov.
345 3461 71 48 22,
441 3460 115 42 1928;
608 3462 67 40 2c.
700 3463 97 39 and
822 3462 82 41 aff.
929 3463 119 41 Nov.
1073 3463 57 39 24;
1183 3462 41 40 A
1249 3463 115 41 1885;
1420 3463 50 42 C.
1496 3464 52 40 F.
1577 3463 261 48 Saunders,
1865 3464 272 48 Pasadena,

197 3517 144 41 Calif.
410 3518 282 48 (28-30765)

124 3612 281 64 Scruggs,
441 3614 148 63 Ray,
627 3633 180 51 comp.

195 3689 141 53 Five
378 3690 263 53 hundred
684 3709 156 35 more
881 3692 224 69 laughs,
1147 3712 31 33 a
1220 3693 374 68 compilation
1635 3694 65 52 of
1741 3693 154 54 after
1934 3694 206 54 dinner

125 3767 2016 74 stories and amusing anecdotes, by Ray Scruggs … Houston,
127 3845 153 67 Tex.,
338 3845 151 54 ᶜ1927.

197 3927 54 42 83
284 3939 44 37 p.
388 3928 147 42 19½ᶜᵐ.

132 3994 52 52 ©
222 3999 101 41 Oct.
361 4000 39 42 6.
439 4000 141 46 1927;
618 4001 68 40 2c.
723 4001 113 42 Dec.
874 4002 68 48 17,
980 4002 141 41 1928:
1162 4003 84 41 aff.
1285 4004 113 41 Dec.
1435 4004 81 47 15;
1558 4004 41 40 A
1634 4005 143 48 3210;
1817 4006 56 41 R.
1915 4006 223 49 Scruggs,

199 4056 240 40 Houston.
507 4056 283 50 (28-30833)
