2498 4384
1241 4060 105 52 714

390 508 577 49 3 p. l., 295, [1] p. 19½ ᶜᵐ.
331 559 1995 61 © 1c. May 5. 1928; A ad int. 11051; pubd. May 3; Dial press, inc., New
398 621 144 40 York.
613 621 282 48 (28-13171)

322 716 322 62 Nankivill,
676 716 199 52 Frank
906 717 72 52 A.

457 793 1868 73 … [Two-color frontispiece by Frank A. Nankivill in the
322 871 147 52 book
493 872 255 67 entitled]
780 873 122 52 The
926 874 226 52 district
1178 876 191 51 school
1395 894 59 35 as
1479 876 45 52 it
1551 896 131 48 was,
1707 878 76 68 by
1808 897 105 34 one
1937 880 127 52 who
2092 886 150 47 went
2264 887 59 47 to

322 949 61 53 it.
466 950 212 52 Edited
721 950 75 69 by
841 949 227 56 Clifton
1111 952 280 69 Johnson,
1435 955 139 52 New
1621 955 180 68 York,
1846 956 66 53 T.
1958 957 70 52 Y.
2078 958 245 54 Crowell

318 1031 511 64 company [ ᶜ1 928]
389 1108 1160 51 2 p. l., iii-xii, 171, [18] p. front., illus. 19½ ᶜᵐ.
389 1165 74 41 On
490 1176 141 30 cover
648 1177 9 28 :
691 1167 100 48 [By]
823 1168 206 39 Warren
1058 1169 203 40 Burton.

323 1218 51 52 ©
406 1224 123 39 Mar.
557 1222 69 48 15,
656 1222 141 49 1928;
828 1224 67 40 2c.
924 1225 123 39 Mar.
1077 1225 83 47 22;
1193 1225 83 41 aff.
1307 1227 113 47 May
1450 1228 53 46 1;
1535 1228 41 39 A
1605 1228 231 48 1074279;
1871 1229 187 41 Clifton
2089 1231 231 50 Johnson,

392 1280 206 47 Hadley,
630 1281 147 40 Mass.

310 1376 282 54 National
625 1376 317 53 industrial
977 1376 348 54 conference
1355 1378 201 54 board.

382 1456 314 68 Employee
728 1455 161 52 stock
920 1455 279 68 purchase
1233 1457 166 67 plans
1431 1458 62 51 in
1522 1458 100 53 the
1651 1459 219 54 United
1905 1460 205 55 States.
2180 1463 139 52 New

318 1535 173 66 York,
530 1534 274 52 National
841 1534 310 52 industrial
1188 1534 337 54 conference
1556 1536 199 69 board,
1792 1538 127 67 inc.,
1957 1542 152 50 1928.

378 1617 353 47 xi, 245 p. 23½ ᶜᵐ.
321 1669 51 52 ©
406 1673 115 48 Apr.
555 1673 69 47 26,
660 1672 114 41 1928;
837 1673 66 42 2c.
940 1674 114 46 May
1091 1673 26 39 5;
1180 1672 84 41 aff.
1300 1674 114 47 May
1449 1675 26 39 7;
1539 1675 42 39 A
1615 1675 204 41 1074382;
1885 1676 116 41 Natl.
2054 1677 265 42 industrial

386 1730 285 40 conference
701 1730 165 47 board,
896 1729 91 41 inc.
1059 1730 283 47 (28-12534)

306 1826 146 52 New
483 1824 229 64 Jersey.
787 1825 185 66 Laws,
1000 1830 257 62 statutes,
1289 1831 99 47 etc.

375 1905 334 67 Important
748 1903 140 52 New
928 1902 201 69 Jersey
1170 1908 268 62 statutes;
1484 1904 118 53 also
1643 1905 371 54 Declaration
2056 1906 65 53 of
307 1907 1986 144 independence,
650 1981 394 55 Constitution
1085 1980 65 54 of
1187 1982 98 52 the
1326 1982 219 53 United
1589 1982 207 69 States,
1836 1984 375 53 constitution
2251 1984 64 54 of

307 2062 138 52 New
491 2061 218 68 Jersey,
757 2060 114 52 and
916 2060 139 52 New
1100 2060 202 69 Jersey
1348 2061 261 52 Practice
1653 2067 92 46 act
1786 2061 65 53 of
1897 2065 135 49 1912
2076 2063 60 51 in
2184 2062 126 53 full.

306 2139 2007 71 Edited by Pleston N. Potts … Newark, N. J., Soney & Sage
303 2238 97 49 co.,
430 2221 149 50 1928.

368 2301 267 49 360 p. 23½ ᶜᵐ.
373 2360 130 40 “The
528 2358 184 41 section
736 2358 226 40 numbers
987 2367 84 31 are
1095 2358 82 40 the
1200 2368 135 30 same
1357 2368 54 30 as
1436 2358 140 41 those
1598 2359 119 40 used
1739 2358 51 40 in
1812 2359 82 40 the
1919 2358 249 49 Compiled
302 2362 1990 96 statutes
442 2417 52 40 of
526 2418 116 38 New
677 2417 185 46 Jersey,
896 2415 117 40 1910
1043 2417 96 38 and
1172 2416 85 39 the
1288 2414 309 42 Cumulative
1631 2417 318 47 supplement,
1984 2417 131 40 1924.
2176 2418 131 39 Each

302 2475 185 40 section
510 2474 42 40 is
575 2475 228 39 followed
826 2474 62 47 by
914 2483 27 30 a
967 2473 247 40 reference
1240 2475 50 37 to
1316 2474 82 38 the
1421 2474 182 38 annual
1627 2474 250 48 pamphlet
1900 2475 122 39 laws
2051 2475 74 47 (P.
2151 2475 77 46 L.)
2255 2485 53 29 or

300 2535 187 38 statute
515 2531 212 40 revision
756 2530 165 48 (Rev.)
949 2531 162 39 where
1137 2531 81 39 the
1245 2531 94 39 law
1367 2541 90 29 can
1482 2531 56 39 be
1564 2531 169 40 found.
1790 2531 74 39 All
1893 2532 336 39 amendments
2255 2542 52 29 or

301 2591 332 47 supplements
663 2590 140 38 made
834 2588 132 48 prior
996 2589 50 38 to
1077 2588 223 47 January
1332 2588 40 46 1,
1403 2587 129 47 1928,
1565 2598 86 29 are
1678 2587 269 42 included.”

310 2644 51 52 ©
393 2649 115 45 May
536 2647 41 46 3,
608 2645 140 47 1928;
782 2644 67 41 2c.
880 2645 96 38 and
1006 2643 83 41 aff.
1121 2645 115 46 May
1266 2644 53 47 8;
1351 2644 41 39 A
1423 2643 230 49 1077139;
1691 2644 155 48 Soney
1877 2644 37 40 &
1947 2643 123 49 Sage
2100 2655 69 30 co.

388 2702 283 50 (28-12528)

303 2785 147 52 New
492 2784 212 62 Jersey
741 2782 427 53 miscellaneous
1208 2787 252 61 reports;
1505 2781 335 69 containing
1879 2800 150 34 cases
2070 2780 236 54 decided

373 2863 62 51 in
462 2862 97 52 the
589 2861 180 54 Court
799 2859 65 54 of
892 2878 186 34 errors
1108 2859 114 52 and
1253 2859 251 67 appeals,
1537 2857 179 55 Court
1747 2859 65 53 of
1843 2860 296 68 chancery,
372 2860 1912 148 Prerogative
663 2939 113 52 and
810 2937 277 68 Supreme
1116 2943 190 46 courts
1339 2936 186 52 which
1558 2956 96 33 are
1683 2942 101 47 not
1818 2937 268 68 reported
2119 2937 60 52 in
2211 2938 97 52 the

374 3019 139 52 New
548 3017 201 67 Jersey
783 3017 110 51 law
929 3016 114 52 and
1079 3015 195 68 equity
1309 3021 239 62 reports.
1620 3015 142 53 Also
1800 3015 319 68 important
2155 3034 151 35 cases

373 3095 235 53 decided
639 3095 60 51 in
728 3095 97 51 the
855 3094 139 51 New
1027 3093 199 69 Jersey
1263 3092 208 54 Courts
1504 3092 66 53 of
1600 3111 259 35 common
1892 3094 157 68 pleas
2084 3095 113 51 and
2230 3094 76 69 by

371 3174 97 52 the
495 3179 343 62 surrogates,
868 3190 111 50 any
1010 3171 245 68 changes
1284 3171 61 51 in
1377 3170 135 54 1927
1541 3171 61 52 in
1631 3172 98 52 the
1760 3172 149 52 rules
1942 3171 65 53 of
2036 3173 98 51 the
2166 3173 139 52 New

366 3252 203 67 Jersey
619 3250 276 68 Supreme
944 3255 177 62 court,
1171 3250 140 52 New
1359 3249 202 69 Jersey
1612 3249 179 54 Court
1839 3249 66 53 of
1954 3268 184 35 errors
2188 3252 114 51 and

370 3329 253 69 appeals,
678 3329 139 52 New
874 3327 202 69 Jersey
1136 3325 298 70 Chancery
1491 3329 113 51 and
1662 3328 377 68 Prerogative
2097 3333 205 49 courts.

372 3407 171 54 Cases
582 3406 153 52 from
775 3406 264 68 January
1080 3409 102 63 1st,
1224 3404 153 68 1927,
1416 3412 59 45 to
1514 3405 264 69 January
1822 3410 101 63 1st,
1967 3409 150 50 1928.
370 3407 1907 146 Reported
615 3485 77 67 by
735 3485 97 51 the
874 3483 341 68 publishers’
1261 3483 268 52 editorial
1573 3482 152 54 staff,
1806 3502 52 34 v.
1907 3487 46 49 5.
2036 3485 265 68 Newark,

367 3564 70 52 N.
466 3564 76 66 J.,
574 3562 187 68 Soney
787 3564 47 50 &
862 3561 149 69 Sage
1038 3579 98 50 co.,
1166 3564 151 50 1928.

367 3643 431 49 xvi, 1160 p. 23½ ᶜᵐ.
303 3697 51 52 ©
382 3703 115 45 May
524 3701 69 47 21,
623 3700 114 40 1928;
793 3701 68 39 2c.
890 3701 95 38 and
1013 3699 83 41 aff.
1124 3701 114 46 May
1266 3699 56 40 23;
1379 3699 42 39 A
1448 3699 204 41 1074657;
1714 3699 156 48 Soney
1899 3700 37 40 &
1967 3700 122 48 Sage
2118 3711 68 30 co.

298 3783 145 52 New
474 3782 163 52 York
680 3781 217 69 (State)
982 3782 183 65 Laws,
1196 3786 258 62 statutes,
1485 3787 98 47 etc.

423 3858 1873 69 … Penal law and the Code of criminal procedure of the state
291 3939 65 53 of
385 3940 139 53 New
556 3939 180 67 York,
767 3938 140 53 with
940 3938 79 53 all
1051 3938 389 52 amendments
1473 3939 202 67 passed
1705 3937 75 70 by
1809 3937 96 54 the
1934 3937 359 69 Legislature
