2498 4384
1066 4097 103 50 439

76 438 248 59 Horton,
355 434 261 53 Thomas
646 431 249 63 Corwin,
931 433 171 51 1848-

148 514 122 52 The
320 517 244 64 potency
615 510 64 53 of
732 525 235 53 prayer;
1022 525 30 34 a
1103 504 309 54 handbook
1460 521 71 35 on
1585 520 208 52 prayer
1845 502 96 52 for
1990 502 97 52 the

78 579 2005 81 everyday Christian, by Rev. Thomas C. Horton … with an
78 658 2004 78 introduction by W. B. Riley … New York, Chicago [etc.]
78 740 1134 76 Fleming H. Revell company [ ᶜ1 928]
149 829 280 50 192 p. 19½ ᶜᵐ.
85 884 52 52 ©
164 888 121 40 Mar.
311 887 69 46 24,
407 885 115 41 1928;
576 885 67 40 2c.
670 884 95 39 and
792 881 82 42 aff.
901 881 122 41 Mar.
1048 879 57 41 28;
1161 879 40 39 A
1227 878 204 40 1068604;
1488 877 222 49 Fleming
1735 878 61 39 H.
1824 877 168 39 Revell
2020 887 69 30 co.

163 941 252 51 (28-8942)

84 1025 119 52 The
232 1023 313 54 Humorist.
640 1041 50 32 v.
721 1023 82 64 12,
829 1038 88 34 no.
947 1021 119 64 299,
1092 1016 146 69 Apr.
1267 1019 84 64 28,
1381 1019 151 51 1928.

87 1098 2003 58 © 1c. May 3, 1928; A ad int. 11014; pubd. Apr. 21; George Newnes,
153 1165 101 44 ltd.,
285 1163 214 42 London.

82 1244 241 53 Illinois.
397 1243 281 68 Supreme
713 1247 176 47 court.

83 1315 1989 138 Reports of cases at law and in chancery argued and determined …
466 1418 50 33 v.
562 1398 120 67 327,
726 1396 335 70 containing
1104 1414 152 34 cases
1301 1395 60 52 in
1407 1394 185 52 which
1638 1393 267 68 opinions
1951 1411 144 35 were

85 1478 133 54 filed
259 1480 60 51 in
361 1477 247 57 October
649 1476 113 53 and
804 1473 327 68 December,
1175 1473 153 67 1927,
1371 1474 113 51 and
1527 1490 151 36 cases
1720 1471 250 53 wherein
87 1490 1985 135 rehearings

396 1574 144 34 were
584 1555 203 53 denied
832 1559 58 47 at
931 1553 95 53 the
1070 1550 311 55 December
1423 1557 164 61 term,
1633 1549 151 54 1927.
1868 1549 230 55 Samuel

87 1636 249 67 Pashley
365 1633 200 68 Irwin,
594 1638 258 63 reporter
881 1631 64 54 of
975 1631 295 54 decisions.
1338 1629 431 70 Bloomington,
1798 1629 114 66 Ill.,
1947 1631 151 50 1928.

193 1715 446 52 x, [11]-702 p. 22½ ᶜᵐ.
92 1769 51 53 ©
185 1776 114 46 Apr.
341 1772 67 49 10,
451 1773 114 40 1928;
635 1773 67 40 2c.
744 1773 96 39 and
882 1769 82 43 aff.
1006 1770 115 49 Apr.
1163 1770 55 40 13;
1289 1770 41 39 A
1371 1768 204 43 1068894;
1649 1769 195 41 Samuel
1887 1769 212 49 Pashley

159 1831 166 49 Irwin,
355 1830 357 49 Bloomington,
743 1830 77 41 Ill.

94 1909 433 54 International
568 1910 226 66 clinics;
839 1929 31 33 a
912 1909 297 70 quarterly
1248 1908 66 53 of
1355 1907 327 54 illustrated
1725 1906 228 54 clinical
161 1908 1917 135 lectures

353 1986 1751 73 and especially prepared original articles … Ed. by
161 2065 1941 73 Henry W . Cattell [and others] … v. 1. 38th series, 1928.
162 2146 410 69 Philadelphia
608 2147 112 51 and
754 2145 260 68 London,
1048 2145 56 53 J.
1140 2146 66 51 B.
1241 2144 341 68 Lippincott
1615 2162 301 50 company,
1953 2146 150 50 1928.

197 2227 1290 50 x, 307 p. col. front., plates, tables, diagrs. 23½ ᶜᵐ.
97 2283 52 52 ©
181 2288 121 39 Mar.
333 2286 69 49 19,
435 2286 115 40 1928;
610 2287 68 40 2c.
710 2287 97 39 and
838 2285 83 42 aff.
953 2285 115 49 Apr.
1100 2286 54 38 12;
1216 2285 42 38 A
1290 2284 203 40 1069692;
1556 2283 43 41 J.
1634 2284 54 40 B.
1721 2283 280 49 Lippincott
2034 2294 69 31 co.

89 2366 284 64 Johnson,
405 2365 232 55 Luther
668 2365 328 64 Burnham,
1032 2368 172 51 1869-

164 2446 280 57 Vermont
483 2447 61 51 in
582 2446 312 66 floodtime,
932 2445 76 70 by
1047 2445 221 52 Luther
1309 2446 67 51 B.
1420 2444 278 55 Johnson.
1775 2444 332 68 Randolph,

96 2523 1179 72 Vt., Roy L. Johnson company [ ᶜ1 928]
165 2605 1236 53 iv, 209, [1] p. front., illus. (incl. maps) 22 ᶜᵐ.
168 2665 162 41 “First
357 2665 230 42 edition.”

101 2716 51 56 ©
183 2725 122 40 Mar.
335 2723 39 49 9,
405 2724 119 40 1928;
580 2724 68 40 2c.
678 2724 123 40 Mar.
831 2723 56 39 22;
948 2721 82 43 aff.
1062 2724 122 40 Mar.
1217 2723 55 38 12;
1332 2723 41 39 A
1403 2721 204 42 1069405;
1669 2723 105 47 Roy
1805 2723 51 40 L.
1888 2723 221 39 Johnson

171 2792 68 29 co.
310 2778 254 52 (28-8901)

92 2861 174 63 Judd,
304 2860 248 55 Charles
588 2861 307 63 Hubbard,
935 2861 171 54 1873-

231 2936 1882 75 … The unique character of American secondary education,
100 3014 1991 151 by Charles Hubbard Judd … Cambridge, Harvard university
245 3113 176 51 press,
451 3100 151 50 1928.

173 3176 1302 54 3 p. l. , 63 p. 18½ᶜᵐ. (The Inglis lecture, 1928)
107 3231 51 53 ©
191 3237 121 39 Mar.
344 3235 70 49 19,
447 3237 114 40 1928;
622 3237 67 41 2c.
722 3238 122 41 Mar.
876 3237 56 40 23;
995 3237 82 41 aff.
1111 3238 124 40 Mar.
1266 3237 59 40 26;
1386 3239 40 38 A
1459 3236 203 42 1068549;
1725 3237 258 41 President
2016 3239 97 39 and

175 3293 192 42 fellows
397 3292 53 42 of
478 3294 232 40 Harvard
739 3296 194 47 college,
966 3293 304 50 Cambridge,
1303 3296 148 40 Mass.
1521 3294 251 51 (28-8923)

99 3372 261 64 Kalisch,
392 3373 210 64 Isidor,
636 3377 328 53 1816-1886.

176 3448 230 58 Studies
457 3451 61 53 in
569 3452 227 53 ancient
845 3454 113 53 and
1007 3454 239 52 modern
1294 3453 296 68 Judaism;
1642 3454 191 69 origin
1881 3453 65 53 of
103 3453 1989 145 language,

344 3529 98 54 the
479 3548 195 35 source
716 3530 65 54 of
818 3530 373 71 civilization,
1233 3531 195 54 divine
1467 3532 360 69 providence,
1868 3530 250 56 Biblical

105 3607 111 53 and
245 3606 364 56 Talmudical
633 3627 207 49 essays,
867 3610 114 52 and
1007 3609 248 54 kindred
1281 3609 249 69 subjects:
1584 3611 241 53 selected
1854 3609 265 71 writings

107 3683 63 54 of
212 3684 186 55 Rabbi
442 3686 192 53 Isidor
675 3686 259 70 Kalisch,
976 3687 190 54 edited
1209 3689 114 52 and
1365 3688 284 69 compiled
1688 3688 141 54 with
1872 3707 32 34 a
106 3708 1986 107 memoir

240 3757 1878 82 by Samuel Kalisch … and an introduction by Joshua
109 3839 1369 75 Bloch … New York, G. Dobsevage, 1928.
175 3922 1297 56 xvi, 350 p. incl. facsims. front., pl., ports. 21 ᶜᵐ.
115 3975 51 54 ©
191 3982 122 39 Mar.
337 3982 39 48 1,
401 3980 115 42 1928;
569 3982 67 41 2c.
661 3983 123 41 Mar.
809 3983 56 39 24;
919 3982 82 44 aff.
1027 3983 123 42 Mar.
1173 3984 55 40 23;
1286 3984 41 39 A
1351 3982 203 44 1069451;
1611 3985 184 49 George
1821 3986 299 48 Dobsevage.

194 4036 252 52 (28-8769)
