2498 4384
1084 4120 104 54 271

0 0 0 0 United States Code annotated. The code of the laws of the United
0 0 0 0 States in force December 7, 1925, as enacted by Congress
283 515 827 69 June 28 and approved June 30, 1926 … Title 40. Public buildings,
1133 519 298 65 property,
1457 515 113 52 and
1593 513 203 54 works.
1873 514 154 54 Title
2051 518 83 49 41.

118 596 207 52 Public
362 600 302 48 contracts.
741 594 154 52 Title
933 596 83 49 42.
1057 593 123 53 The
1217 593 198 68 public
1451 593 213 52 health.
1747 591 388 69 [Cumulative

123 674 213 52 annual
379 673 207 69 pocket
628 678 151 64 part,
826 671 150 54 1927.
1056 670 84 56 St.
1183 671 170 67 Paul,
1397 671 204 57 Minn.,
1645 672 162 54 West
1851 672 133 68 pub.
2031 690 80 35 co.]

145 754 150 53 ᶜ1928.

189 837 54 40 11
281 848 44 37 p.
387 836 151 42 24½ᶜᵐ.

191 894 120 40 This
337 894 252 49 pamphlet
612 893 43 40 is
680 893 163 41 bound
868 892 51 39 in
946 892 82 41 the
1055 892 124 40 back
1205 891 52 41 of
1283 892 81 40 the
1391 892 192 40 volume
1611 891 52 41 of
1689 892 82 40 the
1800 893 75 39 set
1902 894 49 38 to
1978 892 161 41 which

118 951 42 40 it
192 952 213 48 belongs.

125 1004 53 52 ©
211 1008 112 42 Feb.
354 1008 71 48 29,
459 1008 114 40 1928;
633 1008 68 40 2c.
735 1008 123 40 Mar.
891 1007 55 39 12;
1008 1006 84 42 aff.
1126 1008 125 39 Mar.
1284 1006 57 41 10;
1401 1006 42 39 A
1475 1006 205 40 1068216;
1741 1007 138 42 West
1911 1007 110 48 pub.
2084 1016 55 38 co.,

195 1065 69 42 St.
290 1066 139 47 Paul,
457 1066 97 39 and
580 1066 214 39 Edward
819 1065 278 47 Thompson
1123 1074 83 38 co.,
1234 1063 291 49 Northport,
1552 1064 52 41 L.
1632 1064 53 47 I.,
1713 1063 57 41 N.
1798 1064 55 39 Y.

0 0 0 0 United States Code annotated. The code of the laws of the United
0 0 0 0 States in force December 7, 1925, as enacted by Congress
122 1158 2014 144 June 28 and approved June 30, 1926 … Title 48. Territories and insular possessions. [Cumulative annual pocket part, 1927. St. Paul, Minn., West pub.
120 1334 102 50 co.]
288 1320 152 51 ᶜ1928.

191 1400 63 41 19
286 1412 44 37 p.
389 1401 149 40 24½ᶜᵐ.

194 1458 118 41 This
338 1458 252 48 pamphlet
615 1458 42 40 is
683 1458 162 40 bound
870 1458 50 39 in
947 1458 82 41 the
1055 1458 124 39 back
1206 1457 53 41 of
1286 1458 81 40 the
1395 1458 190 40 volume
1614 1457 52 41 of
1693 1457 81 40 the
1803 1458 73 39 set
1905 1459 49 39 to
1983 1457 158 41 which

122 1516 39 40 it
197 1516 212 48 belongs.

127 1568 52 53 ©
212 1572 112 41 Feb.
355 1573 70 46 14,
458 1572 117 41 1928;
633 1573 68 40 2c.
734 1574 123 39 Mar.
890 1573 82 46 12;
1008 1571 83 42 aff.
1125 1573 124 40 Mar.
1283 1571 56 41 10;
1400 1572 41 39 A
1474 1571 234 47 1068224;
1743 1572 136 40 West
1913 1572 110 49 pub.
2059 1583 82 36 co.,

197 1630 69 41 St.
292 1630 140 48 Paul,
459 1631 97 39 and
583 1630 212 40 Edward
822 1630 278 48 Thompson
1128 1640 84 38 co.,
1239 1629 287 48 Northport,
1555 1629 52 42 L.
1636 1630 53 47 I.,
1715 1629 59 41 N.
1801 1630 54 41 Y.

120 1724 374 64 Waldmann,
538 1724 175 64 Emil,
756 1728 172 50 1880-

254 1801 1469 72 … Englische malerei. Breslau, F. Hirt, 1927.
191 1886 1952 50 148 p. incl. plates. 19 ᶜᵐ . (Added t.-p.: Jedermanns bücherei … Abt.:
120 1944 239 41 Bildende
388 1944 177 48 kunst)

193 2000 312 42 “Literatur”
523 2011 11 30 :
568 2011 45 38 p.
648 2000 252 51 [103]-104.

127 2053 1873 53 © Nov. 10, 1927; 1c . Dec. 20; A —Foreign 36531; Ferdinand Hirt.
210 2114 254 50 (28-6931)

123 2210 255 64 Waugh,
412 2209 161 54 Alec.

192 2289 165 52 Frail
389 2289 188 53 wives.
661 2289 391 66 [Instalments
1088 2291 189 64 13-18]

205 2373 84 50 (In
325 2368 206 45 London
568 2367 149 55 Daily
757 2368 208 53 mirror)

129 2426 2016 54 © 1c. each Mar. 20, 1928; A ad int. 10770; pubd. Jan. 23-28; A. Waugh,
197 2489 216 40 London.

118 2582 269 65 Weigall,
423 2582 232 64 Theyre
692 2582 329 54 Hamilton.

200 2660 125 56 One
367 2666 120 48 tree
525 2661 132 68 hill,
700 2662 77 68 by
821 2662 226 69 Theyre
1091 2661 78 53 H.
1215 2661 270 69 Weigall.
1561 2661 263 68 London,
1869 2661 190 55 Faber
2105 2664 46 50 &

129 2739 212 69 Gwyer
373 2742 174 65 [1928]

198 2821 87 42 303
314 2832 44 38 p.
419 2822 148 42 19½ᶜᵐ.

133 2875 1998 111 © 1c. Mar. 1, 1928; A ad int. 10693; pubd. Feb. 16; T. H. Weigall, London. (28-6772)
124 3016 311 65 Wharton,
468 3018 210 64 Henry
709 3018 256 64 Marvin,
1001 3022 172 50 1848-

198 3096 1670 72 Messages of mercy, by Rev. Henry M. Wharton …
128 3101 2023 147 introduction by Rev. George W. McDaniel … Garden City, N. Y.,
128 3256 361 68 Doubleday,
516 3256 199 53 Doran
743 3258 46 51 &
816 3275 302 51 company,
1146 3256 109 54 inc.
1291 3256 194 68 [ᶜ1927]

199 3337 1207 51 viii p., 3 l., 15-243 p. front. (port.) 19½ᶜᵐ.
135 3391 52 53 ©
218 3397 110 40 Jan.
358 3395 70 49 13,
460 3395 116 41 1928;
632 3396 69 41 2c.
731 3398 96 39 and
857 3397 83 41 aff.
971 3397 114 43 Feb.
1114 3398 56 39 24;
1230 3398 43 39 A
1301 3397 209 42 1061950;
1570 3398 200 49 Sunday
1801 3400 164 40 school
1997 3400 155 41 board

203 3453 52 41 of
281 3454 82 40 the
393 3453 245 41 Southern
666 3454 197 48 Baptist
891 3455 304 48 convention,
1224 3455 270 42 Nashville,
1523 3456 151 40 Tenn.

214 3510 255 49 (28-6650)

129 3590 324 66 Wiecking,
495 3591 176 54 Anna
711 3593 329 64 Margaret.

203 3670 328 54 Education
557 3671 255 69 through
836 3673 235 53 manual
1101 3672 305 68 activities,
1432 3674 78 68 by
1535 3672 175 55 Anna
1736 3674 81 53 M.
1846 3674 309 71 Wiecking

196 3748 1750 74 … Boston, New York [etc.] Ginn and company [ ᶜ 1928]
203 3829 842 51 vi, 351 p. illus., diagrs. 20 ᶜᵐ .
206 3886 354 50 Bibliography
578 3899 9 29 :
616 3899 43 38 p.
688 3888 221 42 340-344.

477 3945 144 50 CONTENTS.—pt.
654 3952 32 35 I.
722 3945 272 50 Materials,
1030 3948 139 47 tools,
1206 3948 300 50 techniques,
1542 3951 386 50 purposes.—pt.
2007 3982 11 11 II.
2054 3951 101 41 The

137 4001 210 41 relation
378 4002 52 41 of
459 4003 272 42 handwork
762 4006 50 39 to
842 4004 192 50 subject
1063 4007 334 50 matter.—pt.
1428 4014 77 36 III.
1535 4008 103 41 The
1669 4008 405 46 administration
2104 4008 53 43 of

136 4060 201 43 manual
365 4060 263 47 activities.
