2498 4384
1078 4110 133 51 1091

119 480 227 61 Mason,
380 477 247 55 Charles
656 476 318 62 Robinson,
1011 477 172 50 1883-

192 555 122 54 The
345 556 110 53 call
486 555 65 53 of
579 558 231 63 nature;
843 559 210 47 master
1084 551 110 70 key
1226 551 65 53 of
1321 549 107 55 life
1460 549 114 54 and
1604 549 99 54 the
1733 566 96 37 sex
1862 547 259 70 problem

125 633 128 53 “for
303 634 184 52 better
537 631 255 68 babies”;
847 631 356 69 personality
1256 629 345 67 discovered,
1652 626 79 71 by
1782 627 124 54 The
1958 627 162 54 Fool.

124 712 233 66 Boston,
382 710 192 67 Mass.,
603 708 62 55 C.
692 709 69 53 R.
787 709 205 53 Mason
1024 710 172 66 [1928]

260 787 1170 53 xv, 186 p. front. (port.) illus., diagrs. 19 ᶜᵐ .
197 850 96 40 “To
335 851 137 46 place
516 848 98 41 this
657 848 188 41 science
887 848 52 39 of
982 848 249 47 astrology
1273 847 166 40 before
1483 844 84 43 the
1608 846 154 40 world
1806 845 50 40 in
1900 845 65 41 its
2011 847 112 40 true

123 905 363 49 light.”—Pref.

129 960 1994 52 © June 8, 1928; 2c. June 16; aff. June 15; A 1082048; C. R. Mason,
197 1022 197 40 Boston.
465 1018 280 50 (28-17684)

124 1113 335 63 Mathiews,
496 1111 282 54 Franklin
813 1112 55 53 K
1159 1111 84 54 ed.

190 1188 1875 71 Chuckles and grins, edited by Franklin K. Mathiews …
118 1265 1985 148 profusely illustrated by Remington Schuyler, Walt Lauder-back [and others] … published
1152 1344 143 53 with
1328 1345 97 53 the
1459 1345 281 68 approval
1774 1344 65 53 of
1870 1344 97 53 the
2000 1346 129 68 Boy

119 1422 1881 69 scouts of America. New York, Grosset & Dunlap [ᶜ192 8]
224 1506 937 51 v, [3], 9-224 p. front., illus. 26 ᶜᵐ .
131 1560 52 52 ©
215 1564 128 39 June
371 1563 70 47 15,
472 1562 141 47 1928;
645 1563 68 40 2c.
744 1562 128 40 June
902 1562 82 46 19;
1017 1561 82 41 aff.
1132 1562 117 47 July
1279 1562 83 47 11;
1394 1562 43 39 A
1466 1562 230 48 1082124;
1731 1562 57 42 D.
1819 1563 242 48 Appleton
2093 1563 36 40 &

199 1631 67 30 co.
328 1616 69 54 [©
428 1620 259 48 foreword]
760 1618 281 49 (28-15626)

188 1698 1880 70 Wild animal trails, edited by Franklin K. Mathiews …
122 1778 305 69 published
467 1778 140 51 with
648 1777 96 52 the
784 1778 281 66 approval
1106 1776 65 53 of
1208 1777 97 52 the
1347 1778 127 68 Boy
1514 1783 185 48 scouts
1740 1777 65 53 of
1844 1778 286 54 America.

121 1854 1195 69 New York, Grosset & Dunlap [ᶜ192 8]
192 1937 844 50 192 p. incl. front., illus. 26 ᶜᵐ .
133 1991 56 53 ©
218 1996 126 40 June
372 1995 71 48 15,
474 1994 141 47 1928;
647 1995 69 40 2c.
746 1994 128 40 June
903 1994 82 48 19;
1019 1993 83 42 aff.
1133 1994 118 48 July
1282 1994 82 49 11;
1396 1994 42 39 A
1468 1994 231 50 1082123;
1733 1996 58 42 D.
1821 1996 243 49 Appleton
2095 1997 36 40 &

202 2064 67 29 co.
339 2051 282 50 (28-15620)

126 2134 265 63 Monger,
426 2131 257 54 Miriam.

195 2208 190 55 Diana
438 2208 64 55 of
551 2209 97 54 the
698 2209 172 53 north
923 2214 258 64 country,
1231 2210 78 69 by
1356 2210 239 54 Miriam
1645 2211 260 70 Monger.
1993 2213 141 54 New

134 2288 171 68 York,
334 2286 312 54 Frederick
674 2285 72 55 A.
779 2286 201 56 Stokes
1012 2305 298 51 company,
1342 2291 152 51 1928.

194 2372 88 41 viii
307 2383 57 38 p.,
391 2372 25 40 1
479 2403 10 17 l.,
515 2370 100 50 306,
646 2371 55 50 [1]
729 2381 45 39 p.
833 2371 147 42 19½ᶜᵐ.

136 2425 52 52 ©
225 2430 115 46 July
373 2428 71 48 26,
482 2428 140 46 1928;
659 2428 68 41 2c.
764 2428 117 48 July
914 2427 84 48 30;
1036 2427 83 41 aff.
1156 2428 118 48 July
1308 2428 84 48 28;
1430 2429 42 39 A
1507 2429 231 49 1082765;
1778 2431 263 42 Frederick
2078 2432 55 42 A.

207 2486 171 41 Stokes
405 2497 70 30 co.
544 2484 282 49 (28-18237)

127 2565 304 53 Montana.
506 2565 278 69 Supreme
818 2571 175 47 court.

133 2642 1980 146 Reports of cases argued and determined … From November 25,
401 2721 152 68 1927,
594 2726 62 47 to
696 2721 299 68 February
1036 2725 84 62 28,
1164 2725 152 50 1928.
1398 2722 220 55 Official
1663 2730 211 63 report,
1954 2745 51 34 v.
2052 2731 83 49 81.

137 2798 116 56 San
287 2799 325 67 Francisco,
646 2798 590 70 Bancroft-Whitney
1269 2818 299 52 company,
1605 2805 151 51 1928.

203 2881 153 48 xxxii,
396 2881 88 40 719
520 2891 43 38 p.
622 2881 147 41 22½ᶜᵐ.

139 2935 52 52 ©
220 2939 116 47 July
363 2938 71 48 27,
462 2938 118 40 1928
595 2948 9 37 ;
633 2938 70 42 2c.
728 2938 123 48 Aug.
879 2938 52 47 9;
963 2937 83 43 aff.
1076 2938 120 49 Aug.
1225 2940 54 47 7;
1311 2940 42 38 A
1381 2939 230 49 1083551;
1645 2942 491 50 Bancroft-Whitney

207 3005 67 32 CO.

133 3075 271 60 Morrow,
434 3075 139 53 Mrs.
604 3075 237 53 Honore
879 3076 279 64 (McCue)
1192 3077 244 53 Willsie.

198 3153 165 55 With
417 3153 201 53 malice
672 3155 223 51 toward
947 3173 164 49 none,
1164 3156 78 68 by
1295 3156 237 54 Honore
1585 3157 227 55 Willsie
1867 3159 269 55 Morrow.

130 3231 139 54 New
297 3231 181 68 York,
503 3232 90 54 W.
619 3232 252 53 Morrow
895 3235 48 49 &
967 3251 298 51 company,
1294 3237 150 50 1928.

202 3313 624 49 vi p., 1 l., 342 p. 21 ᶜᵐ .
205 3370 218 41 “Partial
449 3371 85 40 list
561 3371 50 39 of
636 3371 149 40 books
812 3371 308 41 consulted”:
1148 3384 45 37 p.
1220 3373 220 42 340-342.

143 3424 52 52 ©
228 3428 117 48 July
375 3429 71 48 24,
478 3428 118 40 1928
610 3439 8 36 ;
652 3429 68 40 2c.
754 3429 96 39 and
881 3429 82 41 aff.
997 3429 117 48 July
1145 3430 84 47 26;
1265 3431 41 38 A
1338 3431 229 48 1083375;
1604 3432 218 41 William
1857 3435 211 39 Morrow
2102 3435 36 40 &

211 3496 82 37 co.,
324 3485 94 41 inc.
487 3485 280 48 (28-18115)

133 3564 214 63 Morse,
381 3563 157 54 John
571 3565 241 64 Torrey,
850 3569 170 50 1840-

204 3642 57 54 A
300 3643 232 53 treatise
573 3661 73 35 on
686 3644 96 53 the
823 3645 110 52 law
976 3644 65 54 of
1080 3645 182 54 banks
1304 3647 113 53 and
1457 3647 258 70 banking
1754 3650 77 68 by
1871 3651 158 53 John
2072 3653 66 51 T.

134 3720 1942 75 Morse, jr. 6th ed., rev. and enl., by Harvey C. Voorhees …
136 3799 234 67 Boston,
406 3799 198 68 Little,
640 3801 231 67 Brown,
908 3802 114 52 and
1059 3819 298 52 company,
1395 3805 151 51 1928.

205 3881 277 41 2 v. 24 ᶜᵐ .
206 3938 162 49 Paged
398 3937 356 51 continuously.

147 3991 52 52 ©
232 3996 115 47 July
378 3997 41 48 7,
451 3996 141 47 1928;
625 3997 68 40 2c.
721 3997 122 40 each
874 3998 96 39 and
1001 3997 83 42 aff.
1116 3998 117 49 July
1263 3999 82 47 16;
1379 3999 42 40 A
1450 4000 230 48 1083331;
1716 4002 128 40 John
1876 4002 52 40 T.
1961 4003 175 47 Morse,

214 4052 74 48 jr.,
317 4053 200 41 Boston.
586 4053 280 50 (28-18218)
