<alto xmlns="http://www.loc.gov/standards/alto/ns-v3#" xmlns:xlink="http://www.w3.org/1999/xlink" xmlns:xsi="http://www.w3.org/2001/XMLSchema-instance" xsi:schemaLocation="http://www.loc.gov/standards/alto/ns-v3# http://www.loc.gov/alto/v3/alto-3-0.xsd"><Description>
<MeasurementUnit>pixel</MeasurementUnit>
<sourceImageInformation>
<fileName>1928_v25_part001.pdf</fileName>
</sourceImageInformation>
<OCRProcessing ID="IdOcr">
<ocrProcessingStep>
<processingDateTime>2019-04-12</processingDateTime>
<processingSoftware>
<softwareCreator>ABBYY</softwareCreator>
<softwareName>ABBYY Recognition Server</softwareName>
<softwareVersion>4.0</softwareVersion>
</processingSoftware>
</ocrProcessingStep>
</OCRProcessing>
</Description>
<Styles>
<ParagraphStyle ID="StyleId-FFFFFFFF-FFFF-FFFF-FFFF-FFFFFFFFFFFF-" ALIGN="Left" LEFT="0." RIGHT="0." FIRSTLINE="0."/>
<ParagraphStyle ID="StyleId-0ECAC0CE-E1F0-4C69-A1B9-95E16886343B-" ALIGN="Left" LEFT="0." RIGHT="0." FIRSTLINE="0." LINESPACE="8.300000191"/>
<ParagraphStyle ID="StyleId-5C6F7A30-EC6F-4250-A8D3-0AE106DCDB5D-" ALIGN="Left" LEFT="0." RIGHT="0." FIRSTLINE="-13." LINESPACE="11.22999954"/>
<ParagraphStyle ID="StyleId-B258737E-7AF8-4B71-A0BF-0A1420B951F9-" ALIGN="Left" LEFT="0." RIGHT="0." FIRSTLINE="-13." LINESPACE="8.210000038"/>
<ParagraphStyle ID="StyleId-35C0EFA5-E89E-4731-B16E-5D3895F12270-" ALIGN="Block" LEFT="0." RIGHT="0." FIRSTLINE="-12." LINESPACE="11.22999954"/>
<ParagraphStyle ID="StyleId-7BD1F9B4-14BB-4AAF-864B-FED8FEA7DC43-" ALIGN="Left" LEFT="0." RIGHT="0." FIRSTLINE="0."/>
<ParagraphStyle ID="StyleId-CD2DA0E5-536D-42AE-AE16-8D9F5C008D5A-" ALIGN="Block" LEFT="0." RIGHT="0." FIRSTLINE="-12." LINESPACE="10."/>
<ParagraphStyle ID="StyleId-AF408F88-EED5-4CE2-A229-3F852C18D9BD-" ALIGN="Block" LEFT="0." RIGHT="0." FIRSTLINE="-14." LINESPACE="10."/>
<ParagraphStyle ID="StyleId-829CD741-943D-4B7B-9638-57AB73DE2567-" ALIGN="Center" LEFT="0." RIGHT="0." FIRSTLINE="0." LINESPACE="9.399999619"/>
<ParagraphStyle ID="StyleId-B271BDFA-6037-4875-BA99-885A067668E9-" ALIGN="Left" LEFT="0." RIGHT="0." FIRSTLINE="-14." LINESPACE="11.21000004"/>
<ParagraphStyle ID="StyleId-64F9C1D8-EA12-4F65-AD18-B72A4C6B556F-" ALIGN="Center" LEFT="0." RIGHT="0." FIRSTLINE="0." LINESPACE="11.60000038"/>
<ParagraphStyle ID="StyleId-44DA2756-E57B-4EF3-9BA4-FC1C14776DE3-" ALIGN="Left" LEFT="0." RIGHT="0." FIRSTLINE="-12." LINESPACE="12.19999981"/>
<ParagraphStyle ID="StyleId-D1D9AF19-8CA6-4F74-9AEC-1B4545205AD7-" ALIGN="Center" LEFT="0." RIGHT="0." FIRSTLINE="0." LINESPACE="11.60000038"/>
<ParagraphStyle ID="StyleId-3ADA1556-6D19-417D-8046-68449BF368BA-" ALIGN="Left" LEFT="0." RIGHT="0." FIRSTLINE="-13." LINESPACE="12.19999981"/>
<ParagraphStyle ID="StyleId-7443A930-B325-44B5-9AB8-B42B4EC78C89-" ALIGN="Block" LEFT="0." RIGHT="0." FIRSTLINE="13." LINESPACE="8.619999886"/>
<ParagraphStyle ID="StyleId-C9A9E480-E448-4934-9AF8-3D252792E396-" ALIGN="Left" LEFT="0." RIGHT="0." FIRSTLINE="-12." LINESPACE="11.38000011"/>
<ParagraphStyle ID="StyleId-73039842-464C-49B9-9440-4C0D0E749DFE-" ALIGN="Center" LEFT="0." RIGHT="0." FIRSTLINE="0." LINESPACE="11.10000038"/>
<ParagraphStyle ID="StyleId-C51F6AC2-80DA-4C65-849C-6E2D5F548EA4-" ALIGN="Left" LEFT="0." RIGHT="0." FIRSTLINE="0." LINESPACE="7.699999809"/>
<ParagraphStyle ID="StyleId-494190D9-BDDC-4834-A745-6AF520F91CD0-" ALIGN="Block" LEFT="0." RIGHT="0." FIRSTLINE="-12." LINESPACE="11.22999954"/>
<ParagraphStyle ID="StyleId-68D39D31-3386-4B28-8C90-DA9420961D78-" ALIGN="Left" LEFT="0." RIGHT="0." FIRSTLINE="0." LINESPACE="11.60000038"/>
<ParagraphStyle ID="StyleId-DF0CE7C7-E73E-44FE-8867-C904BD7F3F42-" ALIGN="Block" LEFT="0." RIGHT="0." FIRSTLINE="0." LINESPACE="12.19999981"/>
</Styles>
<Layout>
<Page ID="Page1849" PHYSICAL_IMG_NR="1849" HEIGHT="4384" WIDTH="2498">
<TopMargin HEIGHT="410" WIDTH="2498" VPOS="0" HPOS="0">
</TopMargin>
<LeftMargin HEIGHT="3740" WIDTH="184" VPOS="410" HPOS="0">
</LeftMargin>
<RightMargin HEIGHT="3740" WIDTH="280" VPOS="410" HPOS="2218">
</RightMargin>
<BottomMargin HEIGHT="234" WIDTH="2498" VPOS="4150" HPOS="0">
</BottomMargin>
<PrintSpace HEIGHT="3740" WIDTH="2034" VPOS="410" HPOS="184">
<TextBlock ID="Page1849_Block1" HEIGHT="72" WIDTH="154" VPOS="4078" HPOS="1116" LANG="en-US" STYLEREFS="StyleId-577C494F-0807-47C0-B35E-5B0295BD04E0-">
<TextLine HEIGHT="50" WIDTH="134" VPOS="4089" HPOS="1125">
<String CONTENT="1849" HEIGHT="50" WIDTH="134" VPOS="4089" HPOS="1125"/>
</TextLine>
</TextBlock>
<TextBlock ID="Page1849_Block2" HEIGHT="3608" WIDTH="2034" VPOS="410" HPOS="184" CS="1" STYLEREFS="StyleId-231185D9-839B-4204-B536-D5DEA857BA46-">
<TextLine HEIGHT="49" WIDTH="668" VPOS="506" HPOS="297" LANG="en-US" CS="1">
<String CS="1" CONTENT="x"/>
<SP HEIGHT="36" WIDTH="28" VPOS="519" HPOS="297"/>
<String LANG="fr" CONTENT="p.," HEIGHT="36" WIDTH="57" VPOS="519" HPOS="326"/>
<SP HEIGHT="46" WIDTH="29" VPOS="509" HPOS="384"/>
<String CONTENT="1" HEIGHT="37" WIDTH="24" VPOS="509" HPOS="414"/>
<SP/>
<String CS="1" CONTENT="l.,"/>
<SP/>
<String CS="1" CONTENT="13-278" HEIGHT="41" WIDTH="144" VPOS="507" HPOS="543"/>
<SP HEIGHT="48" WIDTH="27" VPOS="506" HPOS="718"/>
<String CONTENT="p." HEIGHT="37" WIDTH="43" VPOS="517" HPOS="746"/>
<SP HEIGHT="40" WIDTH="57" VPOS="507" HPOS="790"/>
<String CONTENT="20" HEIGHT="41" WIDTH="58" VPOS="506" HPOS="848"/>
<String STYLE="superscript" CS="1" CONTENT="&#7580;&#7504;"/>
<String CONTENT="." HEIGHT="7" WIDTH="8" VPOS="539" HPOS="957"/>
</TextLine>
<TextLine HEIGHT="48" WIDTH="1021" VPOS="563" HPOS="265" STYLEREFS="StyleId-682F2671-BB16-4CAC-B2E9-9B6B717DAF0F-" LANG="en-US">
<String CONTENT="Bibliography" HEIGHT="47" WIDTH="351" VPOS="564" HPOS="265"/>
<SP HEIGHT="36" WIDTH="27" VPOS="574" HPOS="617"/>
<String CONTENT="at" HEIGHT="36" WIDTH="51" VPOS="567" HPOS="645"/>
<SP HEIGHT="36" WIDTH="26" VPOS="567" HPOS="697"/>
<String CONTENT="end" HEIGHT="39" WIDTH="91" VPOS="564" HPOS="724"/>
<SP HEIGHT="39" WIDTH="26" VPOS="564" HPOS="816"/>
<String CONTENT="of" HEIGHT="39" WIDTH="53" VPOS="564" HPOS="843"/>
<SP HEIGHT="38" WIDTH="25" VPOS="564" HPOS="897"/>
<String CONTENT="each" HEIGHT="39" WIDTH="118" VPOS="563" HPOS="923"/>
<SP HEIGHT="39" WIDTH="27" VPOS="563" HPOS="1042"/>
<String CONTENT="chapter." HEIGHT="45" WIDTH="216" VPOS="564" HPOS="1070"/>
</TextLine>
<TextLine HEIGHT="55" WIDTH="2000" VPOS="614" HPOS="199" STYLEREFS="StyleId-682F2671-BB16-4CAC-B2E9-9B6B717DAF0F-" LANG="en-US" CS="1">
<String CONTENT="&#169;" HEIGHT="52" WIDTH="52" VPOS="617" HPOS="199"/>
<SP HEIGHT="52" WIDTH="32" VPOS="617" HPOS="252"/>
<String CONTENT="Oct." HEIGHT="40" WIDTH="102" VPOS="621" HPOS="285"/>
<SP HEIGHT="40" WIDTH="31" VPOS="621" HPOS="388"/>
<String CONTENT="22," HEIGHT="45" WIDTH="69" VPOS="621" HPOS="420"/>
<SP HEIGHT="45" WIDTH="33" VPOS="621" HPOS="490"/>
<String CS="1" CONTENT="1928;" HEIGHT="42" WIDTH="138" VPOS="620" HPOS="524"/>
<SP HEIGHT="42" WIDTH="35" VPOS="620" HPOS="663"/>
<String CONTENT="2c." HEIGHT="40" WIDTH="67" VPOS="620" HPOS="699"/>
<SP HEIGHT="41" WIDTH="32" VPOS="619" HPOS="767"/>
<String CONTENT="Oct." HEIGHT="40" WIDTH="102" VPOS="619" HPOS="800"/>
<SP HEIGHT="40" WIDTH="30" VPOS="619" HPOS="903"/>
<String CS="1" CONTENT="24;" HEIGHT="38" WIDTH="56" VPOS="619" HPOS="934"/>
<SP HEIGHT="29" WIDTH="34" VPOS="629" HPOS="1018"/>
<String CONTENT="aff." HEIGHT="41" WIDTH="83" VPOS="617" HPOS="1053"/>
<SP HEIGHT="40" WIDTH="30" VPOS="618" HPOS="1137"/>
<String CONTENT="Nov." HEIGHT="40" WIDTH="120" VPOS="618" HPOS="1168"/>
<SP HEIGHT="39" WIDTH="33" VPOS="619" HPOS="1289"/>
<String CS="1" CONTENT="12;" HEIGHT="39" WIDTH="53" VPOS="617" HPOS="1323"/>
<SP HEIGHT="39" WIDTH="34" VPOS="617" HPOS="1405"/>
<!-- cceid 29FBD8C7-6CB2-1014-A20E-B9D6251C946A --><String CONTENT="A" HEIGHT="38" WIDTH="40" VPOS="617" HPOS="1440"/>
<SP HEIGHT="38" WIDTH="32" VPOS="617" HPOS="1481"/>
<String CS="1" CONTENT="1662;" HEIGHT="38" WIDTH="113" VPOS="617" HPOS="1514"/>
<SP HEIGHT="45" WIDTH="37" VPOS="617" HPOS="1655"/>
<String CONTENT="Behrman's" HEIGHT="41" WIDTH="287" VPOS="614" HPOS="1693"/>
<SP HEIGHT="39" WIDTH="33" VPOS="615" HPOS="1981"/>
<String CONTENT="Jewish" HEIGHT="39" WIDTH="184" VPOS="615" HPOS="2015"/>
</TextLine>
<TextLine HEIGHT="50" WIDTH="961" VPOS="674" HPOS="266" STYLEREFS="StyleId-682F2671-BB16-4CAC-B2E9-9B6B717DAF0F-" LANG="en-US" CS="1">
<String CONTENT="book" HEIGHT="39" WIDTH="122" VPOS="678" HPOS="266"/>
<SP HEIGHT="38" WIDTH="30" VPOS="678" HPOS="389"/>
<String CONTENT="shop," HEIGHT="47" WIDTH="132" VPOS="677" HPOS="420"/>
<SP HEIGHT="46" WIDTH="29" VPOS="677" HPOS="553"/>
<String CONTENT="New" HEIGHT="38" WIDTH="117" VPOS="677" HPOS="583"/>
<SP HEIGHT="38" WIDTH="30" VPOS="677" HPOS="701"/>
<String CONTENT="York." HEIGHT="38" WIDTH="143" VPOS="677" HPOS="732"/>
<SP HEIGHT="46" WIDTH="69" VPOS="677" HPOS="876"/>
<String CS="1" CONTENT="(28-28768)" HEIGHT="49" WIDTH="281" VPOS="674" HPOS="946"/>
</TextLine>
<TextLine HEIGHT="70" WIDTH="1504" VPOS="755" HPOS="198" LANG="en-US" CS="1">
<String CONTENT="London" HEIGHT="53" WIDTH="241" VPOS="757" HPOS="198"/>
<SP HEIGHT="35" WIDTH="31" VPOS="774" HPOS="440"/>
<String CS="1" CONTENT="opinion." HEIGHT="68" WIDTH="236" VPOS="757" HPOS="472"/>
<SP HEIGHT="33" WIDTH="75" VPOS="775" HPOS="726"/>
<String CS="1" CONTENT="v." HEIGHT="9" WIDTH="9" VPOS="799" HPOS="843"/>
<SP HEIGHT="49" WIDTH="30" VPOS="759" HPOS="853"/>
<String CONTENT="99," HEIGHT="51" WIDTH="82" VPOS="759" HPOS="884"/>
<SP HEIGHT="37" WIDTH="28" VPOS="773" HPOS="967"/>
<String CONTENT="no." HEIGHT="35" WIDTH="88" VPOS="773" HPOS="996"/>
<SP HEIGHT="49" WIDTH="34" VPOS="759" HPOS="1085"/>
<String CONTENT="1287," HEIGHT="55" WIDTH="152" VPOS="756" HPOS="1120"/>
<SP HEIGHT="56" WIDTH="28" VPOS="755" HPOS="1273"/>
<String CONTENT="Dec." HEIGHT="52" WIDTH="133" VPOS="755" HPOS="1302"/>
<SP HEIGHT="49" WIDTH="35" VPOS="757" HPOS="1436"/>
<String CS="1" CONTENT="1," HEIGHT="25" WIDTH="10" VPOS="796" HPOS="1507"/>
<SP HEIGHT="65" WIDTH="33" VPOS="756" HPOS="1518"/>
<String CONTENT="1928." HEIGHT="51" WIDTH="150" VPOS="755" HPOS="1552"/>
</TextLine>
<TextLine HEIGHT="52" WIDTH="2002" VPOS="836" HPOS="199" STYLEREFS="StyleId-682F2671-BB16-4CAC-B2E9-9B6B717DAF0F-" LANG="en-US" CS="1">
<String CONTENT="&#169;" HEIGHT="52" WIDTH="51" VPOS="836" HPOS="199"/>
<SP/>
<String CS="1" CONTENT="1c."/>
<SP/>
<String CONTENT="Dec." HEIGHT="40" WIDTH="113" VPOS="840" HPOS="384"/>
<SP HEIGHT="39" WIDTH="32" VPOS="841" HPOS="498"/>
<String CONTENT="19," HEIGHT="47" WIDTH="68" VPOS="838" HPOS="531"/>
<SP HEIGHT="45" WIDTH="34" VPOS="840" HPOS="600"/>
<String CONTENT="1928;" HEIGHT="46" WIDTH="140" VPOS="838" HPOS="635"/>
<SP HEIGHT="45" WIDTH="35" VPOS="839" HPOS="776"/>
<!-- cceid 29FBFC01-6CB2-1014-A20E-B9D6251C946A --><String CONTENT="A" HEIGHT="38" WIDTH="40" VPOS="839" HPOS="812"/>
<SP HEIGHT="39" WIDTH="30" VPOS="839" HPOS="853"/>
<String CONTENT="ad" HEIGHT="38" WIDTH="61" VPOS="840" HPOS="884"/>
<SP HEIGHT="39" WIDTH="33" VPOS="839" HPOS="946"/>
<String CONTENT="int." HEIGHT="40" WIDTH="87" VPOS="839" HPOS="980"/>
<SP HEIGHT="39" WIDTH="31" VPOS="840" HPOS="1068"/>
<String CS="1" CONTENT="12123;" HEIGHT="41" WIDTH="144" VPOS="837" HPOS="1100"/>
<SP HEIGHT="37" WIDTH="36" VPOS="848" HPOS="1272"/>
<String CONTENT="pubd." HEIGHT="47" WIDTH="143" VPOS="838" HPOS="1309"/>
<SP HEIGHT="40" WIDTH="32" VPOS="838" HPOS="1453"/>
<String CONTENT="Nov." HEIGHT="39" WIDTH="119" VPOS="838" HPOS="1486"/>
<SP HEIGHT="40" WIDTH="33" VPOS="837" HPOS="1606"/>
<String CONTENT="23;" HEIGHT="47" WIDTH="82" VPOS="836" HPOS="1640"/>
<SP HEIGHT="47" WIDTH="38" VPOS="836" HPOS="1723"/>
<String CONTENT="George" HEIGHT="48" WIDTH="183" VPOS="836" HPOS="1762"/>
<SP HEIGHT="41" WIDTH="34" VPOS="836" HPOS="1946"/>
<String CONTENT="Newnes." HEIGHT="41" WIDTH="220" VPOS="836" HPOS="1981"/>
</TextLine>
<TextLine HEIGHT="48" WIDTH="345" VPOS="896" HPOS="265" STYLEREFS="StyleId-682F2671-BB16-4CAC-B2E9-9B6B717DAF0F-" LANG="en-US">
<String CONTENT="ltd.," HEIGHT="47" WIDTH="100" VPOS="897" HPOS="265"/>
<SP HEIGHT="48" WIDTH="30" VPOS="896" HPOS="366"/>
<String CONTENT="London." HEIGHT="40" WIDTH="213" VPOS="896" HPOS="397"/>
</TextLine>
<TextLine HEIGHT="67" WIDTH="978" VPOS="962" HPOS="202" STYLEREFS="StyleId-363C3FFF-0800-4A15-B98D-8FFCD4C3067F-" LANG="en-US">
<String CONTENT="Louisiana." HEIGHT="53" WIDTH="338" VPOS="962" HPOS="202"/>
<SP HEIGHT="53" WIDTH="80" VPOS="962" HPOS="541"/>
<String CONTENT="Courts" HEIGHT="54" WIDTH="205" VPOS="962" HPOS="622"/>
<SP HEIGHT="36" WIDTH="33" VPOS="980" HPOS="828"/>
<String CONTENT="of" HEIGHT="67" WIDTH="64" VPOS="962" HPOS="862"/>
<SP HEIGHT="67" WIDTH="30" VPOS="962" HPOS="927"/>
<String CONTENT="appeal." HEIGHT="67" WIDTH="222" VPOS="962" HPOS="958"/>
</TextLine>
<TextLine HEIGHT="149" WIDTH="1985" VPOS="1050" HPOS="194" LANG="en-US" CS="1">
<String CONTENT="Reports" HEIGHT="67" WIDTH="246" VPOS="1055" HPOS="266"/>
<SP HEIGHT="34" WIDTH="30" VPOS="1072" HPOS="513"/>
<String CONTENT="of" HEIGHT="53" WIDTH="64" VPOS="1053" HPOS="544"/>
<SP HEIGHT="53" WIDTH="29" VPOS="1053" HPOS="609"/>
<String CONTENT="the" HEIGHT="52" WIDTH="95" VPOS="1054" HPOS="639"/>
<SP HEIGHT="52" WIDTH="28" VPOS="1054" HPOS="735"/>
<String CONTENT="Louisiana" HEIGHT="52" WIDTH="309" VPOS="1053" HPOS="764"/>
<SP HEIGHT="55" WIDTH="36" VPOS="1052" HPOS="1074"/>
<String CONTENT="Courts" HEIGHT="55" WIDTH="208" VPOS="1052" HPOS="1111"/>
<SP HEIGHT="33" WIDTH="31" VPOS="1072" HPOS="1320"/>
<String CONTENT="of" HEIGHT="52" WIDTH="64" VPOS="1052" HPOS="1352"/>
<SP HEIGHT="52" WIDTH="30" VPOS="1052" HPOS="1417"/>
<String CS="1" CONTENT="appeal." HEIGHT="66" WIDTH="206" VPOS="1054" HPOS="1448"/>
<SP HEIGHT="32" WIDTH="69" VPOS="1071" HPOS="1671"/>
<String CS="1" CONTENT="v." HEIGHT="10" WIDTH="9" VPOS="1094" HPOS="1781"/>
<SP HEIGHT="49" WIDTH="35" VPOS="1056" HPOS="1791"/>
<String CONTENT="8." HEIGHT="49" WIDTH="46" VPOS="1056" HPOS="1827"/>
<SP HEIGHT="55" WIDTH="36" VPOS="1050" HPOS="1874"/>
<String CONTENT="Cases" HEIGHT="55" WIDTH="170" VPOS="1050" HPOS="1911"/>
<SP HEIGHT="35" WIDTH="32" VPOS="1068" HPOS="2082"/>
<String CONTENT="argued" HEIGHT="131" WIDTH="1985" VPOS="1068" HPOS="194"/>
</TextLine>
<TextLine HEIGHT="70" WIDTH="1826" VPOS="1128" HPOS="378" LANG="en-US">
<String CONTENT="and" HEIGHT="52" WIDTH="111" VPOS="1132" HPOS="378"/>
<SP HEIGHT="52" WIDTH="36" VPOS="1132" HPOS="490"/>
<String CONTENT="determined" HEIGHT="52" WIDTH="352" VPOS="1132" HPOS="527"/>
<SP HEIGHT="51" WIDTH="34" VPOS="1132" HPOS="880"/>
<String CONTENT="in" HEIGHT="51" WIDTH="58" VPOS="1132" HPOS="915"/>
<SP HEIGHT="45" WIDTH="34" VPOS="1138" HPOS="974"/>
<String CONTENT="the" HEIGHT="51" WIDTH="97" VPOS="1132" HPOS="1009"/>
<SP HEIGHT="53" WIDTH="34" VPOS="1131" HPOS="1107"/>
<String CONTENT="Courts" HEIGHT="53" WIDTH="209" VPOS="1131" HPOS="1142"/>
<SP HEIGHT="33" WIDTH="32" VPOS="1150" HPOS="1352"/>
<String CONTENT="of" HEIGHT="52" WIDTH="65" VPOS="1130" HPOS="1385"/>
<SP HEIGHT="52" WIDTH="33" VPOS="1130" HPOS="1451"/>
<String CONTENT="appeal" HEIGHT="68" WIDTH="206" VPOS="1130" HPOS="1485"/>
<SP HEIGHT="52" WIDTH="34" VPOS="1130" HPOS="1692"/>
<String CONTENT="of" HEIGHT="53" WIDTH="65" VPOS="1129" HPOS="1727"/>
<SP HEIGHT="53" WIDTH="32" VPOS="1129" HPOS="1793"/>
<String CONTENT="the" HEIGHT="52" WIDTH="95" VPOS="1130" HPOS="1826"/>
<SP HEIGHT="34" WIDTH="33" VPOS="1148" HPOS="1922"/>
<String CONTENT="state" HEIGHT="45" WIDTH="146" VPOS="1136" HPOS="1956"/>
<SP HEIGHT="34" WIDTH="35" VPOS="1147" HPOS="2103"/>
<String CONTENT="of" HEIGHT="53" WIDTH="65" VPOS="1128" HPOS="2139"/>
</TextLine>
<TextLine HEIGHT="71" WIDTH="2007" VPOS="1206" HPOS="195" LANG="en-US">
<String CONTENT="Louisiana" HEIGHT="51" WIDTH="305" VPOS="1210" HPOS="195"/>
<SP HEIGHT="33" WIDTH="27" VPOS="1228" HPOS="501"/>
<String CONTENT="at" HEIGHT="45" WIDTH="55" VPOS="1216" HPOS="529"/>
<SP HEIGHT="45" WIDTH="24" VPOS="1216" HPOS="585"/>
<String CONTENT="the" HEIGHT="51" WIDTH="94" VPOS="1210" HPOS="610"/>
<SP HEIGHT="44" WIDTH="23" VPOS="1217" HPOS="705"/>
<String CONTENT="term" HEIGHT="44" WIDTH="143" VPOS="1217" HPOS="729"/>
<SP HEIGHT="52" WIDTH="21" VPOS="1209" HPOS="873"/>
<String CONTENT="beginning" HEIGHT="68" WIDTH="318" VPOS="1209" HPOS="895"/>
<SP HEIGHT="67" WIDTH="24" VPOS="1210" HPOS="1214"/>
<String CONTENT="first" HEIGHT="54" WIDTH="125" VPOS="1209" HPOS="1239"/>
<SP HEIGHT="53" WIDTH="21" VPOS="1210" HPOS="1365"/>
<String CONTENT="Monday" HEIGHT="67" WIDTH="256" VPOS="1209" HPOS="1387"/>
<SP HEIGHT="50" WIDTH="23" VPOS="1226" HPOS="1644"/>
<String CONTENT="of" HEIGHT="53" WIDTH="66" VPOS="1207" HPOS="1668"/>
<SP HEIGHT="55" WIDTH="24" VPOS="1206" HPOS="1735"/>
<String CONTENT="October," HEIGHT="66" WIDTH="264" VPOS="1206" HPOS="1760"/>
<SP HEIGHT="60" WIDTH="26" VPOS="1212" HPOS="2025"/>
<String CONTENT="1927." HEIGHT="53" WIDTH="150" VPOS="1207" HPOS="2052"/>
</TextLine>
<TextLine HEIGHT="71" WIDTH="2008" VPOS="1284" HPOS="196" LANG="en-US" CS="1">
<String CONTENT="Court" HEIGHT="52" WIDTH="180" VPOS="1289" HPOS="196"/>
<SP HEIGHT="44" WIDTH="38" VPOS="1295" HPOS="377"/>
<String CONTENT="of" HEIGHT="52" WIDTH="64" VPOS="1287" HPOS="416"/>
<SP HEIGHT="52" WIDTH="39" VPOS="1287" HPOS="481"/>
<String CONTENT="appeal:" HEIGHT="67" WIDTH="235" VPOS="1288" HPOS="521"/>
<SP HEIGHT="50" WIDTH="41" VPOS="1288" HPOS="757"/>
<String CONTENT="first" HEIGHT="51" WIDTH="121" VPOS="1287" HPOS="799"/>
<SP HEIGHT="43" WIDTH="43" VPOS="1295" HPOS="921"/>
<String CS="1" CONTENT="circuit," HEIGHT="52" WIDTH="202" VPOS="1287" HPOS="965"/>
<SP HEIGHT="54" WIDTH="40" VPOS="1288" HPOS="1186"/>
<String CONTENT="Baton" HEIGHT="50" WIDTH="190" VPOS="1288" HPOS="1227"/>
<SP HEIGHT="51" WIDTH="42" VPOS="1287" HPOS="1418"/>
<String CONTENT="Rouge;" HEIGHT="67" WIDTH="227" VPOS="1287" HPOS="1461"/>
<SP HEIGHT="46" WIDTH="44" VPOS="1305" HPOS="1689"/>
<String CONTENT="second" HEIGHT="53" WIDTH="204" VPOS="1286" HPOS="1734"/>
<SP HEIGHT="51" WIDTH="43" VPOS="1286" HPOS="1939"/>
<String CONTENT="circuit," HEIGHT="55" WIDTH="221" VPOS="1284" HPOS="1983"/>
</TextLine>
<TextLine HEIGHT="134" WIDTH="1986" VPOS="1362" HPOS="195" LANG="en-US" CS="1">
<String CONTENT="Shreveport," HEIGHT="68" WIDTH="368" VPOS="1365" HPOS="197"/>
<SP HEIGHT="49" WIDTH="27" VPOS="1384" HPOS="566"/>
<String CONTENT="parish" HEIGHT="68" WIDTH="195" VPOS="1365" HPOS="594"/>
<SP HEIGHT="51" WIDTH="30" VPOS="1365" HPOS="790"/>
<String CONTENT="of" HEIGHT="52" WIDTH="64" VPOS="1364" HPOS="821"/>
<SP HEIGHT="54" WIDTH="26" VPOS="1364" HPOS="886"/>
<String CONTENT="Orleans," HEIGHT="65" WIDTH="261" VPOS="1365" HPOS="913"/>
<SP HEIGHT="65" WIDTH="27" VPOS="1365" HPOS="1175"/>
<String CONTENT="New" HEIGHT="51" WIDTH="139" VPOS="1365" HPOS="1203"/>
<SP HEIGHT="54" WIDTH="30" VPOS="1364" HPOS="1343"/>
<String CONTENT="Orleans" HEIGHT="54" WIDTH="245" VPOS="1364" HPOS="1374"/>
<SP HEIGHT="32" WIDTH="32" VPOS="1384" HPOS="1620"/>
<String CS="1" CONTENT="&#8230;"/>
<SP HEIGHT="53" WIDTH="72" VPOS="1364" HPOS="1708"/>
<String CONTENT="Contains" HEIGHT="54" WIDTH="279" VPOS="1363" HPOS="1781"/>
<SP HEIGHT="36" WIDTH="29" VPOS="1380" HPOS="2061"/>
<String CONTENT="references" HEIGHT="134" WIDTH="1986" VPOS="1362" HPOS="195"/>
</TextLine>
<TextLine HEIGHT="70" WIDTH="1759" VPOS="1440" HPOS="446" LANG="en-US">
<String CONTENT="to" HEIGHT="42" WIDTH="57" VPOS="1453" HPOS="446"/>
<SP HEIGHT="45" WIDTH="31" VPOS="1450" HPOS="504"/>
<String CONTENT="the" HEIGHT="51" WIDTH="95" VPOS="1444" HPOS="536"/>
<SP HEIGHT="51" WIDTH="28" VPOS="1444" HPOS="632"/>
<String CONTENT="Louisiana" HEIGHT="52" WIDTH="307" VPOS="1443" HPOS="661"/>
<SP HEIGHT="52" WIDTH="34" VPOS="1443" HPOS="969"/>
<String CONTENT="digest," HEIGHT="67" WIDTH="203" VPOS="1443" HPOS="1004"/>
<SP HEIGHT="48" WIDTH="32" VPOS="1462" HPOS="1208"/>
<String CONTENT="subject" HEIGHT="68" WIDTH="218" VPOS="1442" HPOS="1241"/>
<SP HEIGHT="46" WIDTH="30" VPOS="1449" HPOS="1460"/>
<String CONTENT="matter" HEIGHT="47" WIDTH="209" VPOS="1448" HPOS="1491"/>
<SP HEIGHT="51" WIDTH="31" VPOS="1443" HPOS="1701"/>
<String CONTENT="index," HEIGHT="66" WIDTH="189" VPOS="1443" HPOS="1733"/>
<SP HEIGHT="63" WIDTH="31" VPOS="1446" HPOS="1923"/>
<String CONTENT="table" HEIGHT="53" WIDTH="154" VPOS="1440" HPOS="1955"/>
<SP HEIGHT="33" WIDTH="30" VPOS="1460" HPOS="2110"/>
<String CONTENT="of" HEIGHT="52" WIDTH="64" VPOS="1440" HPOS="2141"/>
</TextLine>
<TextLine HEIGHT="70" WIDTH="1784" VPOS="1519" HPOS="195" LANG="en-US" CS="1">
<String CONTENT="cases" HEIGHT="35" WIDTH="151" VPOS="1540" HPOS="195"/>
<SP HEIGHT="34" WIDTH="27" VPOS="1541" HPOS="347"/>
<String CONTENT="reported," HEIGHT="67" WIDTH="285" VPOS="1522" HPOS="375"/>
<SP HEIGHT="49" WIDTH="25" VPOS="1529" HPOS="661"/>
<String CONTENT="table" HEIGHT="52" WIDTH="152" VPOS="1521" HPOS="687"/>
<SP HEIGHT="34" WIDTH="28" VPOS="1539" HPOS="840"/>
<String CONTENT="of" HEIGHT="52" WIDTH="63" VPOS="1520" HPOS="869"/>
<SP HEIGHT="52" WIDTH="26" VPOS="1520" HPOS="933"/>
<String CONTENT="cases" HEIGHT="34" WIDTH="151" VPOS="1539" HPOS="960"/>
<SP HEIGHT="33" WIDTH="28" VPOS="1540" HPOS="1112"/>
<String CONTENT="cited" HEIGHT="52" WIDTH="150" VPOS="1521" HPOS="1141"/>
<SP HEIGHT="52" WIDTH="28" VPOS="1521" HPOS="1292"/>
<String CONTENT="and" HEIGHT="52" WIDTH="113" VPOS="1521" HPOS="1321"/>
<SP HEIGHT="54" WIDTH="28" VPOS="1521" HPOS="1435"/>
<String CONTENT="tables" HEIGHT="55" WIDTH="180" VPOS="1520" HPOS="1464"/>
<SP HEIGHT="33" WIDTH="28" VPOS="1540" HPOS="1645"/>
<String CONTENT="of" HEIGHT="52" WIDTH="64" VPOS="1520" HPOS="1674"/>
<SP HEIGHT="52" WIDTH="27" VPOS="1520" HPOS="1739"/>
<String CONTENT="acts" HEIGHT="47" WIDTH="120" VPOS="1526" HPOS="1767"/>
<SP HEIGHT="35" WIDTH="24" VPOS="1538" HPOS="1888"/>
<String CONTENT="of" HEIGHT="53" WIDTH="66" VPOS="1519" HPOS="1913"/>
</TextLine>
<TextLine HEIGHT="148" WIDTH="2012" VPOS="1519" HPOS="194" LANG="en-US" CS="1">
<String CONTENT="Legislature," HEIGHT="148" WIDTH="1987" VPOS="1519" HPOS="194"/>
<SP HEIGHT="48" WIDTH="30" VPOS="1619" HPOS="397"/>
<String CONTENT="codes," HEIGHT="66" WIDTH="180" VPOS="1600" HPOS="428"/>
<SP HEIGHT="48" WIDTH="31" VPOS="1618" HPOS="609"/>
<String CONTENT="and" HEIGHT="52" WIDTH="112" VPOS="1599" HPOS="641"/>
<SP HEIGHT="52" WIDTH="31" VPOS="1599" HPOS="754"/>
<String CONTENT="constitutions" HEIGHT="53" WIDTH="402" VPOS="1598" HPOS="786"/>
<SP HEIGHT="33" WIDTH="30" VPOS="1618" HPOS="1189"/>
<String CONTENT="cited" HEIGHT="53" WIDTH="149" VPOS="1598" HPOS="1220"/>
<SP HEIGHT="52" WIDTH="38" VPOS="1599" HPOS="1370"/>
<String CS="1" CONTENT="&#8230;"/>
<SP HEIGHT="51" WIDTH="73" VPOS="1600" HPOS="1465"/>
<String CONTENT="Ed." HEIGHT="52" WIDTH="108" VPOS="1599" HPOS="1539"/>
<SP HEIGHT="53" WIDTH="31" VPOS="1598" HPOS="1648"/>
<String CONTENT="by" HEIGHT="69" WIDTH="75" VPOS="1598" HPOS="1680"/>
<SP HEIGHT="68" WIDTH="30" VPOS="1599" HPOS="1756"/>
<String CONTENT="J." HEIGHT="53" WIDTH="55" VPOS="1599" HPOS="1787"/>
<SP HEIGHT="51" WIDTH="34" VPOS="1599" HPOS="1843"/>
<String CONTENT="B." HEIGHT="51" WIDTH="67" VPOS="1599" HPOS="1878"/>
<SP HEIGHT="54" WIDTH="33" VPOS="1597" HPOS="1946"/>
<String LANG="de" CONTENT="Herold" HEIGHT="54" WIDTH="226" VPOS="1597" HPOS="1980"/>
</TextLine>
<TextLine HEIGHT="69" WIDTH="1370" VPOS="1676" HPOS="255" LANG="en-US" CS="1">
<String CS="1" CONTENT="&#8230;"/>
<SP HEIGHT="52" WIDTH="69" VPOS="1678" HPOS="255"/>
<String CONTENT="New" HEIGHT="52" WIDTH="139" VPOS="1678" HPOS="325"/>
<SP HEIGHT="55" WIDTH="31" VPOS="1676" HPOS="465"/>
<String CONTENT="Orleans," HEIGHT="56" WIDTH="260" VPOS="1676" HPOS="497"/>
<SP HEIGHT="56" WIDTH="27" VPOS="1676" HPOS="758"/>
<String CONTENT="Hauser" HEIGHT="53" WIDTH="230" VPOS="1676" HPOS="786"/>
<SP HEIGHT="48" WIDTH="28" VPOS="1695" HPOS="1017"/>
<String CONTENT="printing" HEIGHT="69" WIDTH="266" VPOS="1676" HPOS="1046"/>
<SP HEIGHT="50" WIDTH="28" VPOS="1695" HPOS="1313"/>
<String CONTENT="co.," HEIGHT="48" WIDTH="99" VPOS="1696" HPOS="1342"/>
<SP HEIGHT="63" WIDTH="32" VPOS="1681" HPOS="1442"/>
<String CONTENT="1928." HEIGHT="50" WIDTH="150" VPOS="1680" HPOS="1475"/>
</TextLine>
<TextLine HEIGHT="48" WIDTH="505" VPOS="1759" HPOS="263" LANG="en-US" CS="1">
<String CONTENT="xxxi," HEIGHT="47" WIDTH="133" VPOS="1760" HPOS="263"/>
<SP HEIGHT="48" WIDTH="34" VPOS="1759" HPOS="397"/>
<String CONTENT="874" HEIGHT="41" WIDTH="84" VPOS="1759" HPOS="432"/>
<SP HEIGHT="47" WIDTH="30" VPOS="1760" HPOS="517"/>
<String CONTENT="p." HEIGHT="37" WIDTH="44" VPOS="1770" HPOS="548"/>
<SP HEIGHT="39" WIDTH="56" VPOS="1760" HPOS="593"/>
<String CONTENT="23" HEIGHT="40" WIDTH="56" VPOS="1759" HPOS="650"/>
<String STYLE="superscript" CS="1" CONTENT="&#7580;&#7504;"/>
<String CONTENT="." HEIGHT="8" WIDTH="8" VPOS="1791" HPOS="760"/>
</TextLine>
<TextLine HEIGHT="52" WIDTH="1842" VPOS="1813" HPOS="198" STYLEREFS="StyleId-682F2671-BB16-4CAC-B2E9-9B6B717DAF0F-" LANG="en-US" CS="1">
<String CONTENT="&#169;" HEIGHT="52" WIDTH="52" VPOS="1813" HPOS="198"/>
<SP HEIGHT="52" WIDTH="28" VPOS="1813" HPOS="251"/>
<String CONTENT="Oct." HEIGHT="41" WIDTH="102" VPOS="1817" HPOS="280"/>
<SP HEIGHT="41" WIDTH="26" VPOS="1817" HPOS="383"/>
<String CONTENT="29," HEIGHT="46" WIDTH="70" VPOS="1817" HPOS="410"/>
<SP HEIGHT="45" WIDTH="30" VPOS="1818" HPOS="481"/>
<String CS="1" CONTENT="1928;" HEIGHT="39" WIDTH="113" VPOS="1816" HPOS="512"/>
<SP HEIGHT="40" WIDTH="29" VPOS="1816" HPOS="653"/>
<String CONTENT="2c." HEIGHT="39" WIDTH="68" VPOS="1816" HPOS="683"/>
<SP HEIGHT="29" WIDTH="27" VPOS="1826" HPOS="752"/>
<String CONTENT="and" HEIGHT="38" WIDTH="96" VPOS="1817" HPOS="780"/>
<SP HEIGHT="38" WIDTH="27" VPOS="1817" HPOS="877"/>
<String CONTENT="aff." HEIGHT="39" WIDTH="82" VPOS="1816" HPOS="905"/>
<SP HEIGHT="39" WIDTH="29" VPOS="1816" HPOS="988"/>
<String CONTENT="Nov." HEIGHT="39" WIDTH="119" VPOS="1816" HPOS="1018"/>
<SP HEIGHT="39" WIDTH="26" VPOS="1816" HPOS="1138"/>
<String CS="1" CONTENT="23;" HEIGHT="39" WIDTH="55" VPOS="1816" HPOS="1165"/>
<SP HEIGHT="41" WIDTH="31" VPOS="1816" HPOS="1250"/>
<!-- cceid 29FC1E87-6CB2-1014-A20E-B9D6251C946A --><String CONTENT="A" HEIGHT="38" WIDTH="40" VPOS="1816" HPOS="1282"/>
<SP HEIGHT="39" WIDTH="28" VPOS="1816" HPOS="1323"/>
<String CS="1" CONTENT="796;" HEIGHT="39" WIDTH="54" VPOS="1816" HPOS="1352"/>
<SP HEIGHT="46" WIDTH="31" VPOS="1816" HPOS="1464"/>
<String CONTENT="Hauser" HEIGHT="39" WIDTH="197" VPOS="1816" HPOS="1496"/>
<SP HEIGHT="37" WIDTH="28" VPOS="1827" HPOS="1694"/>
<String CONTENT="printing" HEIGHT="48" WIDTH="220" VPOS="1816" HPOS="1723"/>
<SP HEIGHT="37" WIDTH="27" VPOS="1826" HPOS="1944"/>
<String CONTENT="co." HEIGHT="30" WIDTH="68" VPOS="1826" HPOS="1972"/>
</TextLine>
<TextLine HEIGHT="63" WIDTH="608" VPOS="1897" HPOS="194" LANG="en-US" CS="1">
<String CS="1" CONTENT="L&#252;demann," HEIGHT="63" WIDTH="364" VPOS="1897" HPOS="194"/>
<SP HEIGHT="63" WIDTH="37" VPOS="1897" HPOS="559"/>
<String CONTENT="Ernst." HEIGHT="52" WIDTH="205" VPOS="1897" HPOS="597"/>
</TextLine>
<TextLine HEIGHT="79" WIDTH="1945" VPOS="1963" HPOS="263" LANG="de" CS="1">
<String LANG="en-US" CONTENT="Die" HEIGHT="53" WIDTH="110" VPOS="1974" HPOS="263"/>
<SP HEIGHT="35" WIDTH="38" VPOS="1992" HPOS="374"/>
<String CONTENT="nerven;" HEIGHT="48" WIDTH="240" VPOS="1992" HPOS="413"/>
<SP HEIGHT="77" WIDTH="28" VPOS="1963" HPOS="654"/>
<String CS="1" CONTENT="ihr" HEIGHT="52" WIDTH="70" VPOS="1973" HPOS="722"/>
<SP HEIGHT="33" WIDTH="39" VPOS="1992" HPOS="793"/>
<String CONTENT="wesen," HEIGHT="48" WIDTH="199" VPOS="1992" HPOS="833"/>
<SP HEIGHT="67" WIDTH="41" VPOS="1973" HPOS="1033"/>
<String CONTENT="ihre" HEIGHT="52" WIDTH="123" VPOS="1973" HPOS="1075"/>
<SP HEIGHT="50" WIDTH="41" VPOS="1992" HPOS="1199"/>
<String CONTENT="gesunderhaltung," HEIGHT="70" WIDTH="548" VPOS="1972" HPOS="1241"/>
<SP HEIGHT="66" WIDTH="41" VPOS="1973" HPOS="1790"/>
<String CONTENT="heilung" HEIGHT="64" WIDTH="238" VPOS="1973" HPOS="1832"/>
<SP HEIGHT="64" WIDTH="38" VPOS="1973" HPOS="2071"/>
<String CONTENT="des" HEIGHT="52" WIDTH="98" VPOS="1973" HPOS="2110"/>
</TextLine>
<TextLine HEIGHT="148" WIDTH="1988" VPOS="2050" HPOS="194" LANG="de" CS="1">
<String CONTENT="erkrankten" HEIGHT="53" WIDTH="346" VPOS="2052" HPOS="194"/>
<SP HEIGHT="33" WIDTH="26" VPOS="2070" HPOS="541"/>
<String CONTENT="nervensystems," HEIGHT="62" WIDTH="472" VPOS="2057" HPOS="568"/>
<SP HEIGHT="49" WIDTH="26" VPOS="2070" HPOS="1041"/>
<String CONTENT="von" HEIGHT="34" WIDTH="112" VPOS="2069" HPOS="1068"/>
<SP HEIGHT="50" WIDTH="26" VPOS="2069" HPOS="1181"/>
<String LANG="en-US" CONTENT="prof." HEIGHT="69" WIDTH="154" VPOS="2050" HPOS="1208"/>
<SP HEIGHT="51" WIDTH="30" VPOS="2052" HPOS="1363"/>
<String LANG="en-US" CONTENT="dr." HEIGHT="51" WIDTH="84" VPOS="2052" HPOS="1394"/>
<SP HEIGHT="51" WIDTH="29" VPOS="2052" HPOS="1479"/>
<String CONTENT="E." HEIGHT="51" WIDTH="67" VPOS="2052" HPOS="1509"/>
<SP HEIGHT="52" WIDTH="28" VPOS="2051" HPOS="1577"/>
<String CONTENT="L&#252;demann." HEIGHT="52" WIDTH="355" VPOS="2051" HPOS="1606"/>
<SP HEIGHT="52" WIDTH="75" VPOS="2051" HPOS="1962"/>
<String CONTENT="M&#252;nchen," HEIGHT="147" WIDTH="1988" VPOS="2051" HPOS="194"/>
</TextLine>
<TextLine HEIGHT="70" WIDTH="1615" VPOS="2128" HPOS="379" LANG="de" CS="1">
<String CONTENT="Arbeitsgemeinschaft" HEIGHT="70" WIDTH="658" VPOS="2128" HPOS="379"/>
<SP HEIGHT="51" WIDTH="28" VPOS="2130" HPOS="1038"/>
<String CONTENT="f&#252;r" HEIGHT="51" WIDTH="98" VPOS="2130" HPOS="1067"/>
<SP HEIGHT="52" WIDTH="24" VPOS="2129" HPOS="1166"/>
<String CONTENT="kultur" HEIGHT="52" WIDTH="200" VPOS="2129" HPOS="1191"/>
<SP HEIGHT="34" WIDTH="26" VPOS="2147" HPOS="1392"/>
<String CONTENT="und" HEIGHT="52" WIDTH="117" VPOS="2129" HPOS="1419"/>
<SP HEIGHT="52" WIDTH="28" VPOS="2129" HPOS="1537"/>
<String CONTENT="aufbau" HEIGHT="52" WIDTH="218" VPOS="2129" HPOS="1566"/>
<SP HEIGHT="48" WIDTH="33" VPOS="2147" HPOS="1785"/>
<String STYLE="subscript" CS="1" CONTENT="["/>
<String LANG="fr" CS="1" CONTENT="&#7580;"/>
<String CS="1" CONTENT="1928]" HEIGHT="49" WIDTH="135" VPOS="2132" HPOS="1859"/>
</TextLine>
<TextLine HEIGHT="48" WIDTH="368" VPOS="2213" HPOS="262" LANG="de" CS="1">
<String CONTENT="319" HEIGHT="40" WIDTH="88" VPOS="2213" HPOS="262"/>
<SP HEIGHT="48" WIDTH="27" VPOS="2213" HPOS="351"/>
<String CONTENT="p." HEIGHT="37" WIDTH="45" VPOS="2224" HPOS="379"/>
<SP HEIGHT="38" WIDTH="58" VPOS="2214" HPOS="425"/>
<String CS="1" CONTENT="19&#189;" HEIGHT="40" WIDTH="55" VPOS="2213" HPOS="484"/>
<String STYLE="superscript" CS="1" CONTENT="&#7580;&#7504;"/>
<String CONTENT="." HEIGHT="9" WIDTH="8" VPOS="2244" HPOS="622"/>
</TextLine>
<TextLine HEIGHT="52" WIDTH="2008" VPOS="2266" HPOS="198" STYLEREFS="StyleId-682F2671-BB16-4CAC-B2E9-9B6B717DAF0F-" LANG="de" CS="1">
<String CONTENT="&#169;" HEIGHT="52" WIDTH="52" VPOS="2266" HPOS="198"/>
<SP HEIGHT="52" WIDTH="27" VPOS="2266" HPOS="251"/>
<String CONTENT="June" HEIGHT="39" WIDTH="126" VPOS="2271" HPOS="279"/>
<SP HEIGHT="37" WIDTH="27" VPOS="2272" HPOS="406"/>
<String CONTENT="1," HEIGHT="45" WIDTH="39" VPOS="2272" HPOS="434"/>
<SP HEIGHT="46" WIDTH="28" VPOS="2271" HPOS="474"/>
<String CS="1" CONTENT="1928;" HEIGHT="41" WIDTH="117" VPOS="2269" HPOS="503"/>
<SP/>
<String CS="1" CONTENT="1c."/>
<SP/>
<String LANG="fr" CONTENT="Sept." HEIGHT="49" WIDTH="128" VPOS="2268" HPOS="775"/>
<SP HEIGHT="39" WIDTH="27" VPOS="2271" HPOS="904"/>
<String CONTENT="19;" HEIGHT="46" WIDTH="83" VPOS="2269" HPOS="932"/>
<SP HEIGHT="46" WIDTH="29" VPOS="2269" HPOS="1016"/>
<!-- cceid 29FC4654-6CB2-1014-A20E-B9D6251C946A --><String LANG="fr" CONTENT="A" HEIGHT="38" WIDTH="42" VPOS="2269" HPOS="1046"/>
<String CONTENT="&#8212;Foreign" HEIGHT="47" WIDTH="273" VPOS="2269" HPOS="1088"/>
<SP HEIGHT="39" WIDTH="27" VPOS="2270" HPOS="1362"/>
<String CONTENT="76;" HEIGHT="47" WIDTH="82" VPOS="2268" HPOS="1390"/>
<SP HEIGHT="46" WIDTH="30" VPOS="2269" HPOS="1473"/>
<String CONTENT="Kultur-verlag," HEIGHT="47" WIDTH="387" VPOS="2269" HPOS="1504"/>
<SP HEIGHT="38" WIDTH="30" VPOS="2279" HPOS="1892"/>
<String CONTENT="g." HEIGHT="38" WIDTH="42" VPOS="2279" HPOS="1923"/>
<SP HEIGHT="29" WIDTH="28" VPOS="2280" HPOS="1966"/>
<String CONTENT="m." HEIGHT="28" WIDTH="62" VPOS="2280" HPOS="1995"/>
<SP HEIGHT="39" WIDTH="28" VPOS="2269" HPOS="2058"/>
<String CONTENT="b." HEIGHT="40" WIDTH="43" VPOS="2269" HPOS="2087"/>
<SP HEIGHT="41" WIDTH="29" VPOS="2268" HPOS="2131"/>
<String CONTENT="h." HEIGHT="41" WIDTH="45" VPOS="2268" HPOS="2161"/>
</TextLine>
<TextLine HEIGHT="49" WIDTH="284" VPOS="2326" HPOS="275" STYLEREFS="StyleId-682F2671-BB16-4CAC-B2E9-9B6B717DAF0F-" LANG="de">
<String CONTENT="(28-29223)" HEIGHT="49" WIDTH="284" VPOS="2326" HPOS="275"/>
</TextLine>
<TextLine HEIGHT="64" WIDTH="1259" VPOS="2407" HPOS="193">
<String LANG="en-US" CONTENT="McCall," HEIGHT="64" WIDTH="240" VPOS="2407" HPOS="193"/>
<SP HEIGHT="63" WIDTH="31" VPOS="2408" HPOS="434"/>
<String LANG="de" CONTENT="Oswald" HEIGHT="54" WIDTH="234" VPOS="2407" HPOS="466"/>
<SP HEIGHT="52" WIDTH="30" VPOS="2409" HPOS="701"/>
<String LANG="de" CONTENT="Walter" HEIGHT="54" WIDTH="227" VPOS="2407" HPOS="732"/>
<SP HEIGHT="54" WIDTH="28" VPOS="2408" HPOS="960"/>
<String LANG="de" CONTENT="Samuel," HEIGHT="63" WIDTH="257" VPOS="2407" HPOS="989"/>
<SP HEIGHT="56" WIDTH="32" VPOS="2414" HPOS="1247"/>
<String LANG="de" CONTENT="1885-" HEIGHT="49" WIDTH="172" VPOS="2413" HPOS="1280"/>
</TextLine>
<TextLine HEIGHT="70" WIDTH="1945" VPOS="2485" HPOS="262" LANG="en-US" CS="1">
<String LANG="de" CONTENT="The" HEIGHT="53" WIDTH="122" VPOS="2487" HPOS="262"/>
<SP HEIGHT="34" WIDTH="27" VPOS="2506" HPOS="385"/>
<String CONTENT="stringing" HEIGHT="68" WIDTH="292" VPOS="2487" HPOS="413"/>
<SP HEIGHT="50" WIDTH="24" VPOS="2505" HPOS="706"/>
<String CONTENT="of" HEIGHT="53" WIDTH="64" VPOS="2485" HPOS="731"/>
<SP HEIGHT="57" WIDTH="23" VPOS="2485" HPOS="796"/>
<String CONTENT="the" HEIGHT="55" WIDTH="96" VPOS="2487" HPOS="820"/>
<SP HEIGHT="52" WIDTH="22" VPOS="2487" HPOS="917"/>
<String CONTENT="bow," HEIGHT="65" WIDTH="143" VPOS="2487" HPOS="940"/>
<SP HEIGHT="66" WIDTH="22" VPOS="2486" HPOS="1084"/>
<String CONTENT="by" HEIGHT="67" WIDTH="76" VPOS="2486" HPOS="1107"/>
<SP HEIGHT="67" WIDTH="27" VPOS="2486" HPOS="1184"/>
<String CONTENT="Oswald" HEIGHT="54" WIDTH="234" VPOS="2486" HPOS="1212"/>
<SP HEIGHT="53" WIDTH="25" VPOS="2487" HPOS="1447"/>
<String LANG="fr" CONTENT="W." HEIGHT="53" WIDTH="90" VPOS="2487" HPOS="1473"/>
<SP HEIGHT="56" WIDTH="30" VPOS="2485" HPOS="1564"/>
<String CONTENT="S." HEIGHT="56" WIDTH="57" VPOS="2485" HPOS="1595"/>
<SP HEIGHT="51" WIDTH="26" VPOS="2487" HPOS="1653"/>
<String CS="1" CONTENT="McCall&#8230;" HEIGHT="55" WIDTH="229" VPOS="2485" HPOS="1680"/>
<SP HEIGHT="52" WIDTH="80" VPOS="2488" HPOS="1989"/>
<String CONTENT="New" HEIGHT="52" WIDTH="137" VPOS="2488" HPOS="2070"/>
</TextLine>
<TextLine HEIGHT="70" WIDTH="1692" VPOS="2563" HPOS="194" LANG="en-US" CS="1">
<String CONTENT="York," HEIGHT="66" WIDTH="179" VPOS="2565" HPOS="194"/>
<SP HEIGHT="68" WIDTH="39" VPOS="2563" HPOS="374"/>
<String CONTENT="Cincinnati" HEIGHT="55" WIDTH="332" VPOS="2563" HPOS="414"/>
<SP HEIGHT="66" WIDTH="44" VPOS="2565" HPOS="747"/>
<String CONTENT="[etc.]" HEIGHT="62" WIDTH="137" VPOS="2569" HPOS="792"/>
<SP HEIGHT="66" WIDTH="44" VPOS="2565" HPOS="930"/>
<String CONTENT="The" HEIGHT="52" WIDTH="122" VPOS="2565" HPOS="975"/>
<SP HEIGHT="53" WIDTH="35" VPOS="2564" HPOS="1098"/>
<String CONTENT="Abingdon" HEIGHT="69" WIDTH="318" VPOS="2564" HPOS="1134"/>
<SP HEIGHT="49" WIDTH="37" VPOS="2583" HPOS="1453"/>
<String CONTENT="press" HEIGHT="49" WIDTH="158" VPOS="2583" HPOS="1491"/>
<SP HEIGHT="48" WIDTH="42" VPOS="2584" HPOS="1650"/>
<String CS="1" CONTENT="["/>
<String LANG="fr" CS="1" CONTENT="&#7580;"/>
<String CONTENT="1928]" HEIGHT="64" WIDTH="152" VPOS="2568" HPOS="1734"/>
</TextLine>
<TextLine HEIGHT="48" WIDTH="364" VPOS="2647" HPOS="263" STYLEREFS="StyleId-682F2671-BB16-4CAC-B2E9-9B6B717DAF0F-" LANG="en-US" CS="1">
<String CONTENT="250" HEIGHT="40" WIDTH="86" VPOS="2647" HPOS="263"/>
<SP HEIGHT="48" WIDTH="24" VPOS="2647" HPOS="350"/>
<String CONTENT="p." HEIGHT="38" WIDTH="45" VPOS="2657" HPOS="375"/>
<SP HEIGHT="41" WIDTH="58" VPOS="2647" HPOS="421"/>
<String CS="1" CONTENT="19&#189;"/>
<String STYLE="superscript" CS="1" CONTENT="&#7580;&#7504;"/>
<String CONTENT="." HEIGHT="9" WIDTH="9" VPOS="2679" HPOS="618"/>
</TextLine>
<TextLine HEIGHT="48" WIDTH="1943" VPOS="2704" HPOS="266" STYLEREFS="StyleId-682F2671-BB16-4CAC-B2E9-9B6B717DAF0F-" LANG="en-US">
<String CONTENT="&#8220;A" HEIGHT="39" WIDTH="69" VPOS="2704" HPOS="266"/>
<SP HEIGHT="39" WIDTH="26" VPOS="2704" HPOS="336"/>
<String CONTENT="number" HEIGHT="39" WIDTH="206" VPOS="2705" HPOS="363"/>
<SP HEIGHT="28" WIDTH="29" VPOS="2715" HPOS="570"/>
<String CONTENT="of" HEIGHT="38" WIDTH="51" VPOS="2705" HPOS="600"/>
<SP HEIGHT="39" WIDTH="31" VPOS="2705" HPOS="652"/>
<String CONTENT="sermons" HEIGHT="30" WIDTH="218" VPOS="2714" HPOS="684"/>
<SP HEIGHT="39" WIDTH="32" VPOS="2705" HPOS="903"/>
<String CONTENT="having" HEIGHT="48" WIDTH="182" VPOS="2704" HPOS="936"/>
<SP HEIGHT="46" WIDTH="31" VPOS="2706" HPOS="1119"/>
<String CONTENT="to" HEIGHT="38" WIDTH="48" VPOS="2706" HPOS="1151"/>
<SP HEIGHT="39" WIDTH="36" VPOS="2705" HPOS="1200"/>
<String CONTENT="do" HEIGHT="39" WIDTH="59" VPOS="2705" HPOS="1237"/>
<SP HEIGHT="28" WIDTH="33" VPOS="2715" HPOS="1297"/>
<String CONTENT="with" HEIGHT="39" WIDTH="121" VPOS="2704" HPOS="1331"/>
<SP HEIGHT="45" WIDTH="29" VPOS="2706" HPOS="1453"/>
<String CONTENT="youth" HEIGHT="46" WIDTH="153" VPOS="2705" HPOS="1483"/>
<SP HEIGHT="39" WIDTH="32" VPOS="2705" HPOS="1637"/>
<String CONTENT="and" HEIGHT="39" WIDTH="96" VPOS="2705" HPOS="1670"/>
<SP HEIGHT="39" WIDTH="32" VPOS="2705" HPOS="1767"/>
<String CONTENT="the" HEIGHT="38" WIDTH="83" VPOS="2706" HPOS="1800"/>
<SP HEIGHT="30" WIDTH="31" VPOS="2714" HPOS="1884"/>
<String CONTENT="conduct" HEIGHT="39" WIDTH="208" VPOS="2705" HPOS="1916"/>
<SP HEIGHT="36" WIDTH="32" VPOS="2708" HPOS="2125"/>
<String CONTENT="of" HEIGHT="40" WIDTH="51" VPOS="2704" HPOS="2158"/>
</TextLine>
<TextLine HEIGHT="41" WIDTH="325" VPOS="2760" HPOS="194" STYLEREFS="StyleId-682F2671-BB16-4CAC-B2E9-9B6B717DAF0F-" LANG="en-US">
<String CONTENT="life.&#8221;&#8212;Pref." HEIGHT="41" WIDTH="325" VPOS="2760" HPOS="194"/>
</TextLine>
<TextLine HEIGHT="110" WIDTH="1990" VPOS="2814" HPOS="199" STYLEREFS="StyleId-682F2671-BB16-4CAC-B2E9-9B6B717DAF0F-" LANG="en-US" CS="1">
<String CONTENT="&#169;" HEIGHT="52" WIDTH="52" VPOS="2814" HPOS="199"/>
<SP HEIGHT="52" WIDTH="26" VPOS="2814" HPOS="252"/>
<String CONTENT="Nov." HEIGHT="40" WIDTH="119" VPOS="2818" HPOS="279"/>
<SP HEIGHT="39" WIDTH="26" VPOS="2819" HPOS="399"/>
<String CONTENT="12," HEIGHT="42" WIDTH="69" VPOS="2819" HPOS="426"/>
<SP HEIGHT="41" WIDTH="27" VPOS="2820" HPOS="496"/>
<String CONTENT="1928;" HEIGHT="47" WIDTH="140" VPOS="2817" HPOS="524"/>
<SP HEIGHT="46" WIDTH="29" VPOS="2818" HPOS="665"/>
<String CONTENT="2c." HEIGHT="40" WIDTH="68" VPOS="2818" HPOS="695"/>
<SP HEIGHT="30" WIDTH="27" VPOS="2828" HPOS="764"/>
<String CONTENT="and" HEIGHT="38" WIDTH="96" VPOS="2819" HPOS="792"/>
<SP HEIGHT="39" WIDTH="27" VPOS="2819" HPOS="889"/>
<String CONTENT="aff." HEIGHT="41" WIDTH="83" VPOS="2817" HPOS="917"/>
<SP HEIGHT="39" WIDTH="26" VPOS="2818" HPOS="1001"/>
<String CONTENT="Nov." HEIGHT="40" WIDTH="119" VPOS="2818" HPOS="1028"/>
<SP HEIGHT="39" WIDTH="27" VPOS="2819" HPOS="1148"/>
<String CONTENT="15;" HEIGHT="46" WIDTH="83" VPOS="2818" HPOS="1176"/>
<SP HEIGHT="46" WIDTH="30" VPOS="2818" HPOS="1260"/>
<!-- cceid 29FC77BA-6CB2-1014-A20E-B9D6251C946A --><String CONTENT="A" HEIGHT="38" WIDTH="40" VPOS="2818" HPOS="1291"/>
<SP HEIGHT="38" WIDTH="27" VPOS="2818" HPOS="1332"/>
<String CONTENT="1784;" HEIGHT="46" WIDTH="142" VPOS="2818" HPOS="1360"/>
<SP HEIGHT="47" WIDTH="32" VPOS="2817" HPOS="1503"/>
<String LANG="fr" CONTENT="O." HEIGHT="42" WIDTH="53" VPOS="2817" HPOS="1536"/>
<SP HEIGHT="40" WIDTH="26" VPOS="2819" HPOS="1590"/>
<String LANG="fr" CONTENT="W." HEIGHT="39" WIDTH="73" VPOS="2819" HPOS="1617"/>
<SP HEIGHT="41" WIDTH="32" VPOS="2818" HPOS="1691"/>
<String CONTENT="S." HEIGHT="41" WIDTH="43" VPOS="2818" HPOS="1724"/>
<SP HEIGHT="38" WIDTH="30" VPOS="2819" HPOS="1768"/>
<String CONTENT="McCall," HEIGHT="44" WIDTH="200" VPOS="2817" HPOS="1799"/>
<SP HEIGHT="42" WIDTH="29" VPOS="2819" HPOS="2000"/>
<String CONTENT="Berkeley," HEIGHT="103" WIDTH="1924" VPOS="2819" HPOS="265"/>
<SP HEIGHT="46" WIDTH="31" VPOS="2875" HPOS="357"/>
<String CONTENT="Calif." HEIGHT="40" WIDTH="146" VPOS="2875" HPOS="389"/>
<SP HEIGHT="47" WIDTH="68" VPOS="2877" HPOS="536"/>
<String CONTENT="(28-28852)" HEIGHT="50" WIDTH="281" VPOS="2874" HPOS="605"/>
</TextLine>
<TextLine HEIGHT="65" WIDTH="709" VPOS="2953" HPOS="193" LANG="en-US">
<String CONTENT="Marburg," HEIGHT="65" WIDTH="306" VPOS="2953" HPOS="193"/>
<SP HEIGHT="65" WIDTH="33" VPOS="2953" HPOS="500"/>
<String CONTENT="Otto," HEIGHT="65" WIDTH="161" VPOS="2953" HPOS="534"/>
<SP HEIGHT="57" WIDTH="35" VPOS="2961" HPOS="696"/>
<String CONTENT="1878-" HEIGHT="55" WIDTH="170" VPOS="2955" HPOS="732"/>
</TextLine>
<TextLine HEIGHT="131" WIDTH="1989" VPOS="3031" HPOS="195" CS="1">
<String LANG="en-US" CONTENT="Der" HEIGHT="53" WIDTH="118" VPOS="3031" HPOS="264"/>
<SP HEIGHT="34" WIDTH="28" VPOS="3050" HPOS="383"/>
<String LANG="de" CONTENT="schlaf," HEIGHT="67" WIDTH="204" VPOS="3031" HPOS="412"/>
<SP HEIGHT="47" WIDTH="29" VPOS="3051" HPOS="617"/>
<String LANG="en-US" CONTENT="seine" HEIGHT="53" WIDTH="151" VPOS="3031" HPOS="647"/>
<SP HEIGHT="34" WIDTH="28" VPOS="3051" HPOS="799"/>
<String LANG="de" CONTENT="St&#246;rungen" HEIGHT="66" WIDTH="311" VPOS="3035" HPOS="828"/>
<SP HEIGHT="33" WIDTH="27" VPOS="3051" HPOS="1140"/>
<String LANG="de" CONTENT="und" HEIGHT="52" WIDTH="119" VPOS="3033" HPOS="1168"/>
<SP HEIGHT="52" WIDTH="30" VPOS="3033" HPOS="1288"/>
<String LANG="de" CONTENT="deren" HEIGHT="52" WIDTH="171" VPOS="3033" HPOS="1319"/>
<SP HEIGHT="52" WIDTH="27" VPOS="3033" HPOS="1491"/>
<String LANG="en-US" CONTENT="behandlung," HEIGHT="67" WIDTH="389" VPOS="3033" HPOS="1519"/>
<SP HEIGHT="40" WIDTH="27" VPOS="3052" HPOS="1909"/>
<String LANG="en-US" CONTENT="von" HEIGHT="34" WIDTH="112" VPOS="3051" HPOS="1937"/>
<SP HEIGHT="49" WIDTH="27" VPOS="3051" HPOS="2050"/>
<String LANG="en-US" CONTENT="professor" HEIGHT="111" WIDTH="1989" VPOS="3051" HPOS="195"/>
</TextLine>
<TextLine HEIGHT="71" WIDTH="1803" VPOS="3109" HPOS="404" CS="1">
<String LANG="en-US" CONTENT="dr." HEIGHT="52" WIDTH="85" VPOS="3110" HPOS="404"/>
<SP HEIGHT="55" WIDTH="29" VPOS="3109" HPOS="490"/>
<String LANG="en-US" CONTENT="Otto" HEIGHT="55" WIDTH="140" VPOS="3109" HPOS="520"/>
<SP HEIGHT="52" WIDTH="26" VPOS="3110" HPOS="661"/>
<String LANG="en-US" CONTENT="Marburg" HEIGHT="69" WIDTH="283" VPOS="3110" HPOS="688"/>
<SP HEIGHT="50" WIDTH="31" VPOS="3129" HPOS="972"/>
<String LANG="en-US" CS="1" CONTENT="&#8230;"/>
<SP HEIGHT="33" WIDTH="29" VPOS="3129" HPOS="1060"/>
<String LANG="de" CONTENT="mit" HEIGHT="52" WIDTH="108" VPOS="3111" HPOS="1090"/>
<SP HEIGHT="49" WIDTH="25" VPOS="3114" HPOS="1199"/>
<String LANG="en-US" CONTENT="3" HEIGHT="48" WIDTH="30" VPOS="3114" HPOS="1225"/>
<SP HEIGHT="49" WIDTH="29" VPOS="3114" HPOS="1256"/>
<String LANG="en-US" CONTENT="textabbildungen." HEIGHT="70" WIDTH="530" VPOS="3110" HPOS="1286"/>
<SP HEIGHT="53" WIDTH="73" VPOS="3112" HPOS="1817"/>
<String LANG="de" CONTENT="Wien" HEIGHT="53" WIDTH="171" VPOS="3112" HPOS="1891"/>
<SP HEIGHT="34" WIDTH="25" VPOS="3129" HPOS="2063"/>
<String LANG="de" CONTENT="und" HEIGHT="46" WIDTH="118" VPOS="3117" HPOS="2089"/>
</TextLine>
<TextLine HEIGHT="69" WIDTH="831" VPOS="3187" HPOS="195" LANG="en-US">
<String CONTENT="Berlin," HEIGHT="66" WIDTH="215" VPOS="3188" HPOS="195"/>
<SP HEIGHT="67" WIDTH="34" VPOS="3187" HPOS="411"/>
<String CONTENT="J." HEIGHT="54" WIDTH="56" VPOS="3187" HPOS="446"/>
<SP HEIGHT="55" WIDTH="35" VPOS="3187" HPOS="503"/>
<String CONTENT="Springer," HEIGHT="69" WIDTH="298" VPOS="3187" HPOS="539"/>
<SP HEIGHT="63" WIDTH="36" VPOS="3192" HPOS="838"/>
<String CONTENT="1928." HEIGHT="50" WIDTH="151" VPOS="3191" HPOS="875"/>
</TextLine>
<TextLine HEIGHT="48" WIDTH="1944" VPOS="3271" HPOS="261" STYLEREFS="StyleId-682F2671-BB16-4CAC-B2E9-9B6B717DAF0F-" CS="1">
<String LANG="en-US" CONTENT="2" HEIGHT="38" WIDTH="26" VPOS="3272" HPOS="261"/>
<SP HEIGHT="47" WIDTH="44" VPOS="3272" HPOS="288"/>
<String LANG="fr" CONTENT="p." HEIGHT="36" WIDTH="42" VPOS="3283" HPOS="333"/>
<SP/>
<String LANG="fr" CS="1" CONTENT="l.,"/>
<SP/>
<String LANG="en-US" CONTENT="48" HEIGHT="40" WIDTH="57" VPOS="3271" HPOS="505"/>
<SP HEIGHT="47" WIDTH="40" VPOS="3271" HPOS="563"/>
<String LANG="en-US" CONTENT="p." HEIGHT="36" WIDTH="43" VPOS="3282" HPOS="604"/>
<SP HEIGHT="39" WIDTH="60" VPOS="3272" HPOS="648"/>
<String LANG="en-US" CONTENT="diagrs." HEIGHT="48" WIDTH="179" VPOS="3271" HPOS="709"/>
<SP HEIGHT="38" WIDTH="58" VPOS="3272" HPOS="889"/>
<String LANG="en-US" CS="1" CONTENT="20&#189;" HEIGHT="39" WIDTH="60" VPOS="3271" HPOS="948"/>
<String STYLE="superscript" LANG="en-US" CS="1" CONTENT="&#7580;&#7504;"/>
<String LANG="en-US" CONTENT="." HEIGHT="8" WIDTH="7" VPOS="3304" HPOS="1088"/>
<SP HEIGHT="47" WIDTH="69" VPOS="3272" HPOS="1096"/>
<String LANG="en-US" CONTENT="(On" HEIGHT="48" WIDTH="99" VPOS="3271" HPOS="1166"/>
<SP HEIGHT="29" WIDTH="56" VPOS="3283" HPOS="1266"/>
<String LANG="en-US" CONTENT="cover:" HEIGHT="30" WIDTH="164" VPOS="3282" HPOS="1323"/>
<SP HEIGHT="39" WIDTH="55" VPOS="3273" HPOS="1488"/>
<String LANG="de" CONTENT="B&#252;cher" HEIGHT="39" WIDTH="192" VPOS="3273" HPOS="1544"/>
<SP HEIGHT="39" WIDTH="55" VPOS="3273" HPOS="1737"/>
<String LANG="de" CONTENT="der" HEIGHT="39" WIDTH="86" VPOS="3273" HPOS="1793"/>
<SP HEIGHT="40" WIDTH="54" VPOS="3272" HPOS="1880"/>
<String LANG="de" CONTENT="&#228;rztlichen" HEIGHT="41" WIDTH="270" VPOS="3272" HPOS="1935"/>
</TextLine>
<TextLine HEIGHT="47" WIDTH="267" VPOS="3328" HPOS="194" STYLEREFS="StyleId-682F2671-BB16-4CAC-B2E9-9B6B717DAF0F-" LANG="en-US">
<String CONTENT="praxis," HEIGHT="47" WIDTH="181" VPOS="3328" HPOS="194"/>
<SP HEIGHT="45" WIDTH="30" VPOS="3329" HPOS="376"/>
<String CONTENT="2)" HEIGHT="47" WIDTH="54" VPOS="3328" HPOS="407"/>
</TextLine>
<TextLine HEIGHT="54" WIDTH="1783" VPOS="3380" HPOS="198" STYLEREFS="StyleId-682F2671-BB16-4CAC-B2E9-9B6B717DAF0F-" LANG="en-US" CS="1">
<String CONTENT="&#169;" HEIGHT="52" WIDTH="52" VPOS="3380" HPOS="198"/>
<SP HEIGHT="52" WIDTH="30" VPOS="3380" HPOS="251"/>
<String CONTENT="May" HEIGHT="46" WIDTH="114" VPOS="3386" HPOS="282"/>
<SP HEIGHT="47" WIDTH="26" VPOS="3385" HPOS="397"/>
<String CONTENT="31," HEIGHT="47" WIDTH="70" VPOS="3385" HPOS="424"/>
<SP HEIGHT="46" WIDTH="29" VPOS="3386" HPOS="495"/>
<String CS="1" CONTENT="1928;" HEIGHT="40" WIDTH="114" VPOS="3384" HPOS="525"/>
<SP/>
<String CS="1" CONTENT="1c."/>
<SP/>
<String CONTENT="Sept." HEIGHT="47" WIDTH="128" VPOS="3385" HPOS="801"/>
<SP HEIGHT="37" WIDTH="30" VPOS="3387" HPOS="930"/>
<String CS="1" CONTENT="19;" HEIGHT="39" WIDTH="54" VPOS="3385" HPOS="961"/>
<SP HEIGHT="41" WIDTH="32" VPOS="3385" HPOS="1043"/>
<!-- cceid 29FC9B29-6CB2-1014-A20E-B9D6251C946A --><String CONTENT="A&#8212;Foreign" HEIGHT="48" WIDTH="313" VPOS="3385" HPOS="1076"/>
<SP HEIGHT="39" WIDTH="29" VPOS="3385" HPOS="1390"/>
<String CS="1" CONTENT="48;" HEIGHT="40" WIDTH="56" VPOS="3385" HPOS="1420"/>
<SP HEIGHT="41" WIDTH="33" VPOS="3385" HPOS="1504"/>
<String CONTENT="Julius" HEIGHT="40" WIDTH="164" VPOS="3385" HPOS="1538"/>
<SP HEIGHT="41" WIDTH="33" VPOS="3385" HPOS="1703"/>
<String CONTENT="Springer." HEIGHT="49" WIDTH="244" VPOS="3385" HPOS="1737"/>
</TextLine>
<TextLine HEIGHT="49" WIDTH="284" VPOS="3441" HPOS="275" STYLEREFS="StyleId-682F2671-BB16-4CAC-B2E9-9B6B717DAF0F-" LANG="en-US">
<String CONTENT="(28-29216)" HEIGHT="49" WIDTH="284" VPOS="3441" HPOS="275"/>
</TextLine>
<TextLine HEIGHT="64" WIDTH="733" VPOS="3522" HPOS="193">
<String LANG="de" CONTENT="Marie," HEIGHT="63" WIDTH="206" VPOS="3522" HPOS="193"/>
<SP HEIGHT="63" WIDTH="30" VPOS="3522" HPOS="400"/>
<String LANG="de" CONTENT="Armand," HEIGHT="64" WIDTH="288" VPOS="3522" HPOS="431"/>
<SP HEIGHT="58" WIDTH="36" VPOS="3528" HPOS="720"/>
<String LANG="en-US" CONTENT="1865-" HEIGHT="50" WIDTH="169" VPOS="3527" HPOS="757"/>
</TextLine>
<TextLine HEIGHT="130" WIDTH="1982" VPOS="3600" HPOS="200" LANG="fr" CS="1">
<String LANG="en-US" CS="1" CONTENT="&#8230;"/>
<SP HEIGHT="52" WIDTH="41" VPOS="3600" HPOS="335"/>
<String CONTENT="La" HEIGHT="52" WIDTH="85" VPOS="3600" HPOS="377"/>
<SP HEIGHT="49" WIDTH="39" VPOS="3619" HPOS="463"/>
<String CONTENT="psychanalyse" HEIGHT="68" WIDTH="415" VPOS="3601" HPOS="503"/>
<SP HEIGHT="34" WIDTH="38" VPOS="3619" HPOS="919"/>
<String CONTENT="et" HEIGHT="46" WIDTH="55" VPOS="3607" HPOS="958"/>
<SP HEIGHT="51" WIDTH="36" VPOS="3602" HPOS="1014"/>
<String CONTENT="les" HEIGHT="52" WIDTH="79" VPOS="3602" HPOS="1051"/>
<SP HEIGHT="34" WIDTH="40" VPOS="3620" HPOS="1131"/>
<String CONTENT="nouvelles" HEIGHT="52" WIDTH="290" VPOS="3602" HPOS="1172"/>
<SP HEIGHT="34" WIDTH="39" VPOS="3620" HPOS="1463"/>
<String CONTENT="m&#233;thodes" HEIGHT="54" WIDTH="293" VPOS="3601" HPOS="1503"/>
<SP HEIGHT="53" WIDTH="39" VPOS="3602" HPOS="1797"/>
<String CONTENT="d&#8217;investigation" HEIGHT="129" WIDTH="1982" VPOS="3601" HPOS="200"/>
</TextLine>
<TextLine HEIGHT="69" WIDTH="1848" VPOS="3678" HPOS="357" LANG="fr">
<String CONTENT="de" HEIGHT="52" WIDTH="69" VPOS="3678" HPOS="357"/>
<SP HEIGHT="52" WIDTH="32" VPOS="3678" HPOS="427"/>
<String CONTENT="l&#8217;inconscient;" HEIGHT="66" WIDTH="418" VPOS="3678" HPOS="460"/>
<SP HEIGHT="65" WIDTH="36" VPOS="3679" HPOS="879"/>
<String CONTENT="&#233;tude" HEIGHT="53" WIDTH="167" VPOS="3679" HPOS="916"/>
<SP HEIGHT="52" WIDTH="33" VPOS="3680" HPOS="1084"/>
<String CONTENT="des" HEIGHT="52" WIDTH="96" VPOS="3680" HPOS="1118"/>
<SP HEIGHT="49" WIDTH="33" VPOS="3698" HPOS="1215"/>
<String CONTENT="probl&#232;mes" HEIGHT="69" WIDTH="318" VPOS="3678" HPOS="1249"/>
<SP HEIGHT="52" WIDTH="34" VPOS="3680" HPOS="1568"/>
<String CONTENT="de" HEIGHT="53" WIDTH="68" VPOS="3680" HPOS="1603"/>
<SP HEIGHT="53" WIDTH="33" VPOS="3680" HPOS="1672"/>
<String CONTENT="l&#8217;inconscient" HEIGHT="55" WIDTH="392" VPOS="3679" HPOS="1706"/>
<SP HEIGHT="47" WIDTH="35" VPOS="3687" HPOS="2099"/>
<String CONTENT="au" HEIGHT="34" WIDTH="70" VPOS="3700" HPOS="2135"/>
</TextLine>
<TextLine HEIGHT="146" WIDTH="1982" VPOS="3755" HPOS="200" LANG="fr" CS="1">
<String CONTENT="point" HEIGHT="67" WIDTH="165" VPOS="3755" HPOS="201"/>
<SP HEIGHT="52" WIDTH="22" VPOS="3756" HPOS="367"/>
<String CONTENT="de" HEIGHT="52" WIDTH="69" VPOS="3756" HPOS="390"/>
<SP HEIGHT="33" WIDTH="22" VPOS="3775" HPOS="460"/>
<String CONTENT="vue" HEIGHT="34" WIDTH="105" VPOS="3774" HPOS="483"/>
<SP HEIGHT="53" WIDTH="23" VPOS="3756" HPOS="589"/>
<String CONTENT="du" HEIGHT="53" WIDTH="75" VPOS="3756" HPOS="613"/>
<SP HEIGHT="51" WIDTH="24" VPOS="3757" HPOS="689"/>
<String CONTENT="d&#233;terminisme" HEIGHT="54" WIDTH="422" VPOS="3756" HPOS="714"/>
<SP HEIGHT="49" WIDTH="23" VPOS="3776" HPOS="1137"/>
<String CONTENT="psychologique" HEIGHT="70" WIDTH="447" VPOS="3757" HPOS="1161"/>
<SP HEIGHT="35" WIDTH="24" VPOS="3776" HPOS="1609"/>
<String CONTENT="et" HEIGHT="48" WIDTH="55" VPOS="3763" HPOS="1634"/>
<SP HEIGHT="52" WIDTH="23" VPOS="3759" HPOS="1690"/>
<String CONTENT="de" HEIGHT="53" WIDTH="70" VPOS="3759" HPOS="1714"/>
<SP HEIGHT="53" WIDTH="21" VPOS="3759" HPOS="1785"/>
<String CONTENT="la" HEIGHT="53" WIDTH="55" VPOS="3759" HPOS="1807"/>
<SP HEIGHT="51" WIDTH="24" VPOS="3777" HPOS="1863"/>
<String CONTENT="psychanalyse." HEIGHT="141" WIDTH="1982" VPOS="3760" HPOS="200"/>
</TextLine>
<TextLine HEIGHT="70" WIDTH="938" VPOS="3833" HPOS="417" LANG="fr">
<String CONTENT="[Paris]" HEIGHT="67" WIDTH="203" VPOS="3833" HPOS="417"/>
<SP HEIGHT="66" WIDTH="36" VPOS="3834" HPOS="621"/>
<String CONTENT="E." HEIGHT="52" WIDTH="67" VPOS="3834" HPOS="658"/>
<SP HEIGHT="52" WIDTH="30" VPOS="3834" HPOS="726"/>
<String CONTENT="Flammarion," HEIGHT="69" WIDTH="413" VPOS="3834" HPOS="757"/>
<SP HEIGHT="64" WIDTH="32" VPOS="3839" HPOS="1171"/>
<String CONTENT="1928." HEIGHT="50" WIDTH="151" VPOS="3838" HPOS="1204"/>
</TextLine>
<TextLine HEIGHT="53" WIDTH="1577" VPOS="3914" HPOS="271" STYLEREFS="StyleId-682F2671-BB16-4CAC-B2E9-9B6B717DAF0F-" LANG="fr" CS="1">
<String CONTENT="272" HEIGHT="40" WIDTH="85" VPOS="3914" HPOS="271"/>
<SP HEIGHT="48" WIDTH="27" VPOS="3914" HPOS="357"/>
<String CONTENT="p." HEIGHT="37" WIDTH="44" VPOS="3925" HPOS="385"/>
<SP HEIGHT="38" WIDTH="59" VPOS="3916" HPOS="430"/>
<String CONTENT="18" HEIGHT="39" WIDTH="55" VPOS="3915" HPOS="490"/>
<String LANG="en-US" CS="1" CONTENT="&#189;"/>
<String STYLE="superscript" CS="1" CONTENT="&#7580;&#7504;"/>
<String CONTENT="." HEIGHT="8" WIDTH="10" VPOS="3947" HPOS="627"/>
<SP HEIGHT="46" WIDTH="65" VPOS="3915" HPOS="638"/>
<String CONTENT="(Biblioth&#232;que" HEIGHT="49" WIDTH="364" VPOS="3915" HPOS="704"/>
<SP HEIGHT="39" WIDTH="28" VPOS="3917" HPOS="1069"/>
<String CONTENT="de" HEIGHT="39" WIDTH="58" VPOS="3917" HPOS="1098"/>
<SP HEIGHT="37" WIDTH="26" VPOS="3927" HPOS="1157"/>
<String CONTENT="philosophie" HEIGHT="48" WIDTH="306" VPOS="3916" HPOS="1184"/>
<SP HEIGHT="29" WIDTH="28" VPOS="3928" HPOS="1491"/>
<String CONTENT="scientifique)" HEIGHT="50" WIDTH="328" VPOS="3917" HPOS="1520"/>
</TextLine>
<TextLine HEIGHT="51" WIDTH="1951" VPOS="3967" HPOS="199" STYLEREFS="StyleId-682F2671-BB16-4CAC-B2E9-9B6B717DAF0F-" CS="1">
<String LANG="fr" CONTENT="&#169;" HEIGHT="51" WIDTH="52" VPOS="3967" HPOS="199"/>
<SP HEIGHT="51" WIDTH="29" VPOS="3967" HPOS="252"/>
<String LANG="en-US" CONTENT="June" HEIGHT="40" WIDTH="126" VPOS="3972" HPOS="282"/>
<SP HEIGHT="40" WIDTH="26" VPOS="3972" HPOS="409"/>
<String LANG="fr" CONTENT="28," HEIGHT="42" WIDTH="70" VPOS="3972" HPOS="436"/>
<SP HEIGHT="40" WIDTH="30" VPOS="3974" HPOS="507"/>
<String LANG="fr" CS="1" CONTENT="1928;" HEIGHT="41" WIDTH="114" VPOS="3972" HPOS="538"/>
<SP/>
<String LANG="fr" CS="1" CONTENT="1c."/>
<SP/>
<String LANG="en-US" CONTENT="July" HEIGHT="45" WIDTH="116" VPOS="3973" HPOS="809"/>
<SP HEIGHT="44" WIDTH="28" VPOS="3974" HPOS="926"/>
<String LANG="fr" CS="1" CONTENT="9;" HEIGHT="40" WIDTH="26" VPOS="3974" HPOS="955"/>
<SP HEIGHT="41" WIDTH="31" VPOS="3974" HPOS="1009"/>
<!-- cceid 29FCBF81-6CB2-1014-A20E-B9D6251C946A --><String LANG="fr" CONTENT="A&#8212;" HEIGHT="39" WIDTH="102" VPOS="3974" HPOS="1041"/>
<String LANG="en-US" CONTENT="Foreign" HEIGHT="44" WIDTH="210" VPOS="3974" HPOS="1145"/>
<SP HEIGHT="40" WIDTH="26" VPOS="3976" HPOS="1356"/>
<String LANG="fr" CS="1" CONTENT="39882;" HEIGHT="42" WIDTH="146" VPOS="3975" HPOS="1383"/>
<SP HEIGHT="39" WIDTH="33" VPOS="3977" HPOS="1557"/>
<String LANG="fr" CONTENT="Ernest" HEIGHT="41" WIDTH="179" VPOS="3977" HPOS="1591"/>
<SP HEIGHT="41" WIDTH="28" VPOS="3977" HPOS="1771"/>
<String LANG="fr" CONTENT="Flammarion." HEIGHT="41" WIDTH="350" VPOS="3977" HPOS="1800"/>
<SP/>
<String LANG="en-US" CS="1" CONTENT="(28-29347)"/>
</TextLine>
</TextBlock>
</PrintSpace>
</Page>
</Layout>
</alto>