2498 4384
1062 4108 103 51 289

138 430 299 65 Academy
473 431 64 53 of
573 431 260 65 political
870 432 247 63 science,
1152 433 141 52 New
1333 432 179 52 York.

259 522 1887 67 … America as a creditor nation; a series of addresses and
130 618 204 51 papers
375 603 302 67 presented
719 608 58 47 at
819 602 96 53 the
956 602 214 52 annual
1210 601 253 69 meeting
1503 600 64 54 of
1608 601 96 53 the
1745 601 296 69 Academy
2082 601 65 53 of

127 679 260 68 political
419 679 216 54 science
664 679 61 53 in
757 680 97 53 the
885 679 117 69 city
1034 678 65 54 of
1131 680 141 52 New
1304 679 182 68 York,
1518 679 322 54 November
1877 683 82 65 18,
1992 681 154 65 1927,

127 757 188 55 edited
351 757 77 71 by
462 758 222 54 Parker
718 758 250 53 Thomas
1002 757 193 54 Moon.
1292 758 140 53 [New
1469 757 181 68 York]
1691 758 124 53 The
1849 757 296 72 Academy

124 837 66 52 of
220 836 262 69 political
515 837 231 67 science,
780 836 304 55 Columbia
1115 836 341 70 university,
1490 839 151 50 1928.

193 920 1950 51 X, 173 p. diagrs. 22 ᶜᵐ . (Its Proceedings … vol. XII, no. 4, January,
126 978 136 47 1928)

464 1048 305 40 CONTENTS.—Preface:
818 1048 197 39 Annual
1062 1046 214 49 meeting
1332 1046 384 50 (forty-seventh
1761 1049 143 47 year)
1961 1049 52 40 of
2062 1049 81 40 the

122 1105 246 48 Academy
400 1104 53 41 of
483 1104 220 49 political
735 1103 201 48 science,
970 1104 117 39 New
1118 1104 133 40 York
1281 1103 115 49 city,
1429 1104 272 40 November
1732 1104 69 48 18,
120 1104 2006 106 1927.—Foreign

278 1161 298 41 investment
622 1161 258 48 problems.
896 1184 60 5 —
973 1160 364 41 International
1386 1161 141 40 trade
1575 1160 252 42 relations.
1844 1184 59 6 —
120 1163 2003 96 International
301 1218 190 41 finance
519 1219 97 39 and
644 1218 152 40 world
824 1218 156 40 trade.

127 1284 51 52 ©
213 1289 110 40 Jan.
355 1288 71 49 30,
459 1288 143 47 1928;
635 1289 67 40 2c.
738 1288 110 41 Feb.
880 1288 55 46 3;
971 1287 84 42 aff.
1090 1288 111 41 Feb.
1237 1288 82 46 18;
1356 1288 41 39 A
1431 1288 231 47 1018885;
1699 1288 246 49 Academy
1979 1289 52 41 of
193 1299 1932 87 political
379 1346 202 41 science.
653 1344 254 49 (28-6830)

118 1454 264 63 Aldrich,
419 1454 262 53 Thomas
713 1453 226 65 Bailey,
978 1455 327 52 1836-1907.

191 1548 123 53 The
351 1553 160 63 story
548 1547 66 54 of
650 1566 33 34 a
718 1547 113 54 bad
868 1547 128 69 boy,
1033 1547 74 69 by
1145 1547 252 53 Thomas
1438 1546 206 71 Bailey
1680 1546 266 69 Aldrich,
118 1546 2001 134 illustrated

347 1627 76 68 by
464 1626 212 53 Edwin
716 1626 157 54 John
914 1626 228 52 Prittie.
1220 1625 433 69 Philadelphia,
1694 1625 255 70 Chicago
2014 1632 103 48 [etc.]

119 1706 121 53 The
272 1705 158 54 John
463 1704 63 55 C.
556 1704 272 55 Winston
859 1721 283 52 company
1223 1704 153 67 [ᶜ1927]

187 1787 1309 51 viii, 253 p. col. front., illus., col. plates. 22 ᶜᵐ .
189 1861 291 41 Illustrated
514 1859 368 50 lining-papers.

123 1928 51 52 ©
213 1932 113 40 Dec.
363 1931 70 48 28,
473 1930 141 47 1927;
654 1931 68 40 2c.
761 1931 123 40 Mar.
922 1931 40 46 2,
1001 1930 142 46 1928;
1185 1929 84 40 aff.
1310 1930 123 41 Mar.
1473 1930 53 46 6;
1566 1930 41 39 A
1646 1931 231 47 1069109;
1920 1932 129 40 John
2089 1931 52 42 C.

189 1989 226 41 Winston
448 2000 68 29 co.
580 1984 69 54 [©
684 1987 349 49 illustrations]
1107 1987 254 49 (28-6925)

122 2099 224 63 Alexis,
374 2099 222 64 Joseph
630 2098 289 53 Emanuel
951 2097 359 63 Alexander,
1340 2098 83 52 ed.

195 2193 269 68 [Editing
503 2192 142 52 with
688 2191 411 62 introduction,
1140 2196 179 61 notes,
1362 2190 274 53 exercises
1680 2191 113 52 and
119 2190 1993 148 vocabularies]

287 2272 77 67 by
400 2271 220 68 Joseph
658 2271 67 52 E.
764 2270 70 52 A.
873 2269 202 53 Alexis
1137 2270 60 51 [in
1234 2268 96 53 the
1367 2268 149 53 book
1554 2269 258 68 entitled]
1857 2270 283 67 Riverita,

118 2368 106 51 por
263 2350 133 53 Don
436 2349 301 54 Armando
778 2348 236 54 Palacio
1054 2347 233 56 Valdes.
1365 2347 262 69 Lincoln,
1668 2345 160 72 Neb.,
1867 2347 272 56 Midwest

117 2430 706 68 book company [ c 1928]
183 2509 1023 51 xiv, 269 p. front. (port.) illus. 19 ᶜᵐ .
120 2580 52 52 ©
204 2585 111 39 Jan.
345 2584 70 47 26,
448 2582 118 41 1928;
622 2584 67 40 2c.
722 2583 111 41 Feb.
867 2583 53 38 11;
984 2581 83 41 aff.
1100 2581 112 41 Feb.
1245 2582 56 40 27;
1363 2581 41 40 A
1435 2581 206 41 1068079;
1702 2581 44 41 J.
1781 2582 51 40 E.
1865 2580 55 42 A.
1954 2582 183 45 Alexis,

187 2642 216 48 Lincoln,
435 2641 116 41 Neb.

116 2750 319 54 American
459 2749 207 54 health
693 2765 301 48 congress,
1022 2748 266 54 Atlantic
1312 2747 153 69 City,
1493 2750 152 51 1926.

249 2840 1888 58 … Joint sessions. Relation of venereal diseases to vision
117 2923 388 68 impairment,
531 2921 311 54 American
869 2921 175 53 social
1071 2920 246 70 hygiene
1346 2919 343 54 association
1717 2919 115 54 and
1860 2919 276 55 National

117 3001 320 53 committee
475 3000 94 53 for
605 3001 96 53 the
736 2999 341 69 prevention
1115 2999 64 52 of
1214 2998 312 54 blindness.
1600 2998 283 55 Venereal
1920 2999 218 54 disease

116 3080 239 66 control,
398 3079 311 53 American
755 3078 174 54 social
977 3077 246 70 hygiene
1272 3077 344 54 association
1663 3077 115 54 and
1825 3077 311 55 American

115 3155 1997 149 public health association … [New York, National health council, 1926]
184 3316 1746 52 3 p. l., 73 p. 24 ᶜᵐ . (American health congress series, vol. IV)
185 3391 64 40 At
281 3391 126 39 head
440 3389 52 41 of
522 3389 110 40 title
650 3399 9 29 :
692 3388 261 40 American
984 3388 170 40 health
1187 3398 243 38 congress,
1465 3387 220 41 Atlantic
1720 3387 126 48 City,
1881 3389 117 39 New
117 3389 2003 106 Jersey,
240 3449 114 46 May
381 3446 162 48 17-22,
569 3446 130 41 1926.

118 3516 51 52 ©
199 3521 111 39 Jan.
337 3520 69 47 12,
436 3519 142 41 1927;
608 3518 68 41 2c.
706 3518 112 40 Feb.
847 3517 68 43 18,
946 3517 141 46 1928;
1120 3516 82 42 aff.
1233 3517 123 40 Mar.
1384 3516 53 47 2;
1469 3516 41 40 A
1538 3516 205 41 1068085;
1802 3517 131 41 Natl.
1964 3517 169 41 health

187 3577 203 40 council.
465 3574 253 51 (28-6952)

247 3682 1889 72 … Proceedings of the general sessions, with an index of the
118 3761 2018 71 published papers … [New York, National health council,
114 3849 18 21 ᶜ
138 3845 152 65 1926]

184 3920 1743 53 3 p. l., 105 p. 24 ᶜᵐ . (American health congress series, vol. I )
186 3997 64 40 At
279 3997 126 39 head
438 3996 53 41 of
523 3996 136 41 title:
694 3995 259 42 American
985 3995 171 40 health
1187 4003 243 41 congress,
1463 3992 221 43 Atlantic
1719 3992 126 55 City,
1879 3994 120 44 New
116 3994 2004 109 Jersey,
240 4055 114 47 May
380 4054 160 48 17-22,
567 4053 128 42 1926.
