2498 4384
1095 4074 133 50 1901

242 487 1753 55 253, [1] p., 1 l. incl. front., illus. 18½ ᶜᵐ . (Bibliothèque bleue)
174 557 1945 55 © Mar. 21, 1928; 1c. Apr. 20; A—Foreign 38522; Librairie Hachette.
253 620 281 48 (28-29533)

172 714 388 63 Richardson,
586 713 155 53 John
768 713 285 62 Emmett,
1083 715 173 51 1853-

245 792 121 53 The
396 798 163 64 great
592 790 425 71 psychological
1049 790 201 67 crime;
1284 789 97 54 the
1414 787 345 55 destructive
1793 787 286 70 principle
2114 786 64 55 of

174 866 1941 70 nature in individual life … Rev. ed. By J. E. Richardson …
173 942 1979 151 The great school of natural science. [Hollywood, Calif., Pioneer press, ᶜ192 8]
242 1105 1116 50 392 p. 21 ᶜᵐ . (Harmonic series, vol. II)
173 1175 2002 52 © Sept. 4, 1928; 2c. Sept. 4; aff. Sept. 26; A 336; J. E. Richardson,
242 1236 301 47 Hollywood,
575 1234 144 42 Calif.
787 1234 281 50 (28-25558)

170 1329 367 64 Rimington,
569 1329 224 53 Robert
827 1328 299 64 Critchell,
1159 1329 85 54 ed.

245 1407 265 70 [Editing
553 1408 76 67 by
673 1407 215 54 Robert
935 1406 276 55 Critchell
1259 1407 341 68 Rimington
1646 1406 61 53 in

1750 1407 96 52 the
1891 1405 148 54 book
169 1425 1985 128 entitled]
387 1487 153 52 Poor
567 1485 301 53 Richard’s
897 1484 329 68 almanack;
1255 1485 172 68 being
1453 1485 97 53 the
1578 1485 327 52 almanacks
1933 1484 64 53 of
2026 1483 153 69 1733,

172 1563 151 68 1749,
353 1565 152 65 1756,
534 1563 152 68 1757,
715 1563 152 67 1758,
894 1562 127 54 first
1046 1562 232 53 written
1305 1563 182 52 under
1514 1564 97 52 the
1637 1582 165 34 name
1830 1562 65 53 of
1921 1563 258 53 Richard

172 1640 1828 71 Saunders, by Benjamin Franklin … Garden City, N. Y.,
166 1642 1990 146 Doubleday,
420 1720 200 52 Doran
648 1722 47 49 &
723 1737 299 51 company,
1052 1719 128 68 inc.,
1214 1722 152 50 1928.

236 1800 1393 51 xxiii, 55, [58] p. incl. front. (port.) facsims. 24 ᶜᵐ .
172 1869 52 52 ©
255 1873 103 41 Oct.
387 1872 70 49 19,
487 1872 115 41 1928;
659 1873 68 40 2c.
758 1873 96 40 and
883 1872 83 42 aff.
995 1872 119 40 Nov.
1144 1872 82 47 14;
1260 1872 41 39 A
1330 1872 112 47 586;
1475 1872 284 49 Rimington
1789 1873 37 40 &
1855 1873 211 48 Hooper.

172 1983 263 64 Rodkey,
469 1982 222 53 Robert
726 1981 254 55 Gordon.

237 2060 1942 70 The banking process, by Robert G. Rodkey … New York,
166 2138 1011 69 The Macmillan company, 1928.
238 2220 1112 49 xii p., 1 l., 354 p. illus., fold. pl. 22½ᶜᵐ.
241 2291 249 41 “Selected
519 2291 302 41 references”
850 2294 55 38 at
930 2291 92 42 end
1051 2292 52 40 of
1130 2292 119 40 each
1278 2292 202 48 chapter
1509 2293 171 47 except
1708 2292 138 48 chap,
2006 2325 9 8 XVIII.

171 2359 1811 53 © July 10, 1928; 2c. and aff. July 11; A 1082463; Macmillan co.
248 2420 282 49 (28-17254)

166 2515 171 63 Rose,
372 2514 319 64 Augustus
725 2515 230 64 Foster,
991 2516 172 54 1873-

236 2592 113 53 Art
391 2594 174 52 metal
612 2594 186 67 work;
846 2613 32 33 a
922 2593 281 69 portfolio
1249 2593 65 54 of
1356 2594 248 70 designs,
1647 2594 76 69 by
1767 2594 303 70 Augustus
2113 2597 66 51 F.

165 2671 1990 71 Rose … Providence, R. I., Metal crafts publishing co. [ ᶜ192 8]
240 2754 689 49 [4] p., 20 pl. illus. 31 ᶜᵐ .
237 2826 56 38 In
322 2825 248 48 portfolio.

170 2891 2006 55 © Oct. l. 1928: 2c. Oct. 19: aff. Oct. 24; A 206; A. F. Rose, Providence,
237 2954 55 39 R.
323 2955 37 39 I.
428 2953 281 49 (28-25361)

164 3047 293 64 Salomon,
492 3047 174 56 Emil.

241 3125 122 53 The
391 3126 215 52 human
635 3127 382 67 replacement
1047 3127 194 67 value;
1275 3146 73 34 an
1378 3127 217 53 outline
1627 3126 64 54 of
1719 3126 107 54 life
1857 3127 319 67 insurance,

170 3202 1288 70 by Emil Salomon … Tulsa, Okl., ᶜ1928.
242 3283 26 41 5
295 3295 43 37 p.
400 3316 10 14 l.,
437 3285 118 40 3-68
580 3296 42 37 p.
683 3287 23 37 1
735 3285 130 41 illus.
925 3286 147 40 21½ᶜᵐ.

167 3338 52 52 ©
248 3343 118 40 Nov.
395 3343 69 45 13,
494 3342 140 47 1928;
665 3343 68 41 2c.
762 3343 119 40 Nov.
911 3344 82 47 15;
1025 3343 83 41 aff.
1138 3345 120 40 Nov.
1287 3345 84 47 24;
1403 3345 41 39 A
1473 3345 143 47 1894;
1649 3345 53 42 E.
1735 3345 241 44 Salomon.
2007 3346 166 43 Tulsa,

235 3398 106 42 Okl.
412 3399 280 49 (28-29549)

160 3493 185 64 Scott,
381 3492 256 66 Gabriel,
673 3495 173 54 1874-

235 3571 122 52 The
385 3572 209 67 golden
623 3573 225 68 gospel;
881 3593 31 33 a
941 3573 224 69 legend,
1191 3574 79 69 by
1298 3573 236 56 Gabriel
1568 3574 177 56 Scott.
1820 3575 141 54 New
1991 3576 184 69 York,

163 3647 437 70 Macy-Masius,
632 3650 122 53 The
785 3651 320 69 Vanguard
1138 3670 177 50 press,
1348 3655 152 51 1928.

232 3729 86 41 313
350 3741 44 36 p.
455 3729 129 42 illus.
644 3731 147 43 20½ᶜᵐ.

236 3786 146 40 “This
417 3786 202 49 English
650 3787 194 41 version
876 3789 42 41 is
950 3791 277 39 translated
1258 3791 130 39 from
1421 3792 82 40 the
1533 3791 293 49 Norwegian
1858 3793 62 48 by
1953 3793 218 43 William

163 3842 264 42 Worster.”

236 3899 128 40 “The
390 3899 333 41 illustrations
750 3912 83 30 are
858 3902 61 47 by
944 3902 186 41 Arnold
1156 3903 293 42 Thornam.”

163 3952 52 53 ©
245 3956 102 42 Oct.
373 3958 42 47 4,
443 3957 141 48 1928;
613 3958 67 42 2c.
709 3959 102 41 Oct.
839 3959 52 48 8;
923 3960 82 41 aff.
1035 3960 102 42 Oct.
1167 3962 82 47 12;
1280 3962 41 40 A
1348 3962 142 49 1300;
1522 3963 363 52 Macy-Masius,
1916 3965 92 43 inc.

240 4013 282 52 (28-27588)
