2498 4384
1328 4095 134 51 1212

368 439 561 68 Figarola-Caneda,
959 435 312 66 Domingo,
1304 437 328 52 1852-1926.

437 520 84 52 La
560 519 240 53 condesa
840 517 68 54 de
944 516 214 54 Merlin
1206 513 220 71 (María
1465 513 68 53 de
1567 513 57 52 la
1661 511 230 53 Merced
1930 508 181 57 Santa
2150 508 149 54 Cruz
2336 525 39 51 y

365 586 1988 143 Montalvo) estudio bibliogr á fico e iconogr á fico, escrito en presencia
592 675 68 52 de
697 673 365 54 documentos
1096 669 247 54 inéditos
1377 688 36 50 y
1448 669 68 52 de
1550 668 165 53 todas
1749 668 83 51 las
1867 664 142 55 edici
2017 683 132 35 ones
2183 666 69 52 de
2283 682 93 36 sus

368 741 2011 80 obras. Su correspondencia í ntima (1789-1852) obra p ó stuma
370 820 2008 81 de Domingo Figarola Caneda … publicada bajo la direcci ó n
370 899 2009 75 de su se ñ ora viuda. Con un bosquejo biogr á fico del autor por
373 987 226 56 Sancho
644 988 67 51 B.
755 986 188 52 Muro.
1017 983 185 67 Paris,
1246 980 264 55 Éditions
1552 980 313 68 Excelsior,
1908 980 151 52 1928.

441 1060 1938 61 3 p. l., [xi]-xxi, 391, [1] p. col. front. (coat of arms) plates (incl.
370 1119 1308 58 music) ports., facsims., fold, geneal. tab. 24 ᶜᵐ .
382 1180 54 53 ©
464 1185 123 41 Mar.
614 1183 70 48 10,
711 1182 141 47 1928;
942 1214 9 7 1c.
978 1180 114 47 Apr.
1120 1178 57 40 20;
1235 1178 103 39 A—
1338 1177 209 48 Foreign
1574 1175 172 47 38515;
1779 1174 224 42 Editions
2032 1174 265 41 Excelsior.

461 1237 281 53 (28-18232)

381 1333 295 64 Fletcher,
705 1332 156 54 John
893 1329 291 62 Madison,
1220 1328 173 55 1873-

512 1402 1874 78 … The problem of stuttering; a diagnosis and a plan of
377 1481 2006 78 treatment, by John Madison Fletcher … New York, London
402 1575 102 48 [etc.]
555 1568 348 68 Longmans,
931 1565 188 55 Green
1146 1565 114 53 and
1288 1582 99 49 co.,
1417 1565 150 51 1928.

451 1651 85 42 xiv
562 1662 58 38 p.,
646 1651 25 39 1
732 1681 9 15 l.,
765 1649 88 41 362
877 1659 44 39 p.
980 1648 182 49 diagrs.
1221 1646 149 42 20½ᶜᵐ.
1440 1645 314 49 (Longmans’
1778 1644 295 49 psychology
2097 1643 178 45 series)

385 1700 1999 59 © July 13, 1928; 2c. Aug. 10; aff. Aug. 9; A 1083564; Longmans, Green
452 1767 37 40 &
519 1776 68 32 co.
658 1762 282 51 (28-19941)

381 1861 311 61 Freeman,
724 1857 206 55 James
962 1857 275 60 Edward,
1273 1856 109 68 bp.,
1419 1858 172 49 1866-

455 1938 122 54 The
613 1937 197 54 Christ
846 1934 64 55 of
945 1935 95 53 the
1074 1934 254 70 byways,
1362 1934 116 52 and
1515 1932 164 54 other
1713 1932 151 53 little
1898 1949 339 52 newspaper
382 1950 1981 134 sermons,

601 2008 1785 76 by the Eight Reverend James E. Freeman … New
383 2087 1837 76 York, Chicago [etc.] Fleming H. Revell company [ ᶜ19 28]
455 2173 84 43 191
570 2185 45 38 p.
675 2173 146 41 19½ᶜᵐ.

388 2223 2000 59 © July 28, 1928; 2c. and aff. Aug. 15; A 1083738; Fleming H. Revell co.
469 2288 281 51 (28-19802)

387 2384 411 54 Freemasons.
872 2382 140 54 New
1045 2382 160 52 York
1245 2380 193 72 (City)
1523 2380 294 70 Publicity
1847 2380 184 71 lodge,
2057 2401 90 34 no.
2176 2382 156 53 1000.

462 2463 159 54 First
662 2481 163 51 years
869 2461 63 55 of
974 2460 294 70 Publicity
1310 2461 185 68 lodge,
1538 2478 88 35 no.
1675 2462 133 50 1000
1852 2461 47 51 F
1942 2461 46 52 &
2029 2459 56 53 A
2127 2461 82 63 M,
2252 2460 138 53 New

390 2540 179 54 York.
645 2541 139 52 New
814 2539 180 68 York,
1023 2539 120 52 The
1172 2538 187 70 lodge,
1391 2541 151 50 1928.

530 2618 1561 55 xv, 204, [1] p., 1 l. incl. front., illus., ports., facsims. 28½ᶜᵐ.
461 2680 184 41 “Three
671 2679 223 41 hundred
922 2677 203 50 copies.”

463 2737 184 49 George
674 2736 202 47 French,
903 2735 266 47 chairman,
1197 2734 290 42 Committee
1512 2746 60 29 on
1598 2735 314 48 publication,
2000 2735 33 47 cf.
2062 2734 276 42 Foreword.

393 2790 54 53 ©
471 2793 121 49 Aug.
618 2794 39 48 6,
681 2793 142 47 1928;
850 2792 68 43 2c.
944 2792 121 48 Aug.
1090 2792 81 47 15;
1201 2791 54 41 aff
1296 2792 120 48 Aug.
1443 2792 82 46 16;
1553 2793 41 38 A
1619 2791 231 47 1083758;
1880 2792 245 49 Publicity
2150 2794 143 46 lodge
2317 2803 74 31 no.

462 2850 128 49 1000,
623 2851 52 39 F.
705 2853 36 41 &
768 2850 55 40 A.
855 2850 76 49 M.,
962 2850 119 39 New
1110 2848 146 41 York.
1327 2848 282 50 (28-19913)

391 2927 217 67 Fuller,
641 2929 228 64 George
900 2927 416 66 Washington,
1353 2929 173 54 1876-

462 3008 121 55 The
618 3009 201 52 inland
858 3009 214 67 empire
1110 3007 64 53 of
1207 3008 99 53 the
1342 3007 213 53 Pacific
1592 3007 346 70 Northwest,
1977 3027 31 33 a
2044 3008 240 70 history,
2319 3009 75 69 by

391 3080 2003 82 George W. Fuller … Spokane, Denver, H. G. Linderman,
385 3169 153 50 1928.

457 3249 27 41 3
545 3280 9 8 v.
610 3249 171 47 plates,
810 3249 164 48 ports.,
1003 3258 136 37 maps
1168 3247 51 48 (2
1247 3247 144 48 fold.)
1459 3248 147 41 23½ᶜᵐ.

459 3304 129 42 “The
621 3304 109 41 first
763 3303 191 42 volume
986 3303 43 41 is
1062 3304 204 41 devoted
1301 3306 48 38 to
1383 3305 81 39 the
1497 3304 115 41 land
1646 3306 95 39 and
1773 3305 67 40 its
1873 3304 164 42 native
2071 3305 320 48 inhabitants,

387 3364 84 40 the
500 3360 333 50 explorations
862 3361 97 40 and
988 3361 81 39 the
1099 3360 83 39 fur
1210 3361 276 48 companies;
1546 3361 82 41 the
1656 3363 175 38 second
1861 3361 205 48 volume,
2097 3364 48 38 to
2177 3363 80 39 the
387 3361 1990 98 missionaries

655 3418 99 39 and
779 3416 214 48 settlers,
1024 3417 79 39 the
1131 3415 190 50 coming
1347 3417 54 38 of
1426 3416 260 42 American
1712 3420 316 46 government
2054 3419 95 39 and
2176 3419 84 39 the
2290 3418 104 42 first

387 3472 220 43 conflicts
638 3473 121 40 with
791 3473 82 40 the
906 3472 202 40 Indians;
1171 3472 94 41 and
1304 3473 78 40 the
1413 3475 97 39 last
1540 3474 204 48 volume,
1778 3476 49 38 to
1860 3475 81 40 the
1973 3474 211 40 decisive
2279 3474 114 42 Indian

386 3540 144 38 wars,
567 3531 82 39 the
684 3528 304 42 elaboration
1024 3528 52 41 of
1108 3531 316 46 government
1459 3531 95 39 and
1589 3529 83 42 the
1706 3531 189 47 growth
1928 3529 52 41 of
2014 3530 152 40 social
387 3529 1990 98 institutions.”—Foreword.

397 3639 53 51 ©
476 3642 116 49 July
615 3641 69 48 30,
708 3641 142 47 1928;
877 3641 68 42 2c.
970 3641 119 40 each
1113 3641 95 39 and
1235 3639 82 43 aff.
1342 3640 121 49 Aug.
1488 3641 52 47 6;
1569 3642 40 39 A
1635 3641 229 47 1083808;
1894 3642 53 41 G.
1974 3642 72 40 W.
2073 3641 180 48 Fuller,
465 3640 1910 107 Spokane,

630 3698 166 41 Wash.
866 3697 281 50 (28-19793)

395 3774 287 66 Gehrcke,
715 3776 153 54 Carl.

388 3849 1986 151 … Theodor Mommsen als Schleswig-Holsteinischer publizist,
541 3950 110 35 von
681 3931 135 56 Carl
843 3931 258 57 Gehrcke;
1157 3933 108 55 mit
1293 3934 182 54 einem
1500 3933 215 58 bikinis
1742 3935 267 55 Theodor
2033 3935 364 56 Mommsens.

390 4010 260 73 Breslau,
676 4012 65 53 F.
771 4011 161 70 Hirt,
961 4011 151 55 1927.
