2498 4384
1044 4091 103 53 723

100 439 321 63 Breuning,
460 439 326 62 Margaret.

166 518 327 68 Exploring
523 518 138 51 New
694 516 206 53 York’s
934 521 90 47 art
1054 514 282 69 galleries,
1365 514 75 67 by
1471 514 296 66 Margaret
1800 512 298 69 Breuning

157 593 1559 67 … New York, R. M. McBride & company, 1928.
196 674 1449 53 x p., 1 l., 13-241 p., 1 l. front., plates, ports. 19½ᶜᵐ.
97 733 52 52 ©
184 738 112 46 Apr.
331 737 58 39 28,
496 737 26 38 1928;
615 737 67 38 2c.
719 737 77 37 May
866 734 54 39 10;
1016 734 50 41 aff.
1103 735 75 38 May
1252 733 53 47 9;
1343 733 39 39 A
1416 731 198 41 1077191;
1685 732 181 40 Robert
1902 733 63 38 M.
168 732 1911 103 McBride

350 793 36 41 &
420 805 67 29 co.
558 792 280 50 (28-12771)

96 876 337 62 Brundage,
465 876 276 55 Frances,
772 874 149 52 illus.

169 952 203 68 [Cover
408 954 350 52 illustration
798 953 110 51 and
947 951 346 52 illustrations]
1388 950 35 52 by
1501 951 247 51 Frances
1787 950 310 67 Brundage

99 1032 78 66 [in
211 1031 97 53 the
341 1032 147 51 book
523 1031 256 65 entitled]
820 1030 178 52 Little
1035 1048 144 35 men,
1216 1028 105 53 life
1359 1035 58 46 at
1454 1026 307 54 Plumfield
1799 1028 139 51 with
1976 1027 122 53 Jo’s

91 1110 157 67 boys,
277 1110 76 67 by
383 1110 211 52 Louisa
625 1109 80 51 M.
737 1108 214 52 Alcott.
1021 1108 220 53 Akron,
1275 1106 87 67 O.,
1395 1108 138 51 New
1567 1106 179 58 York,
1780 1107 120 51 The
94 1104 1979 135 Saalfield

255 1186 873 69 publishing company [ ᶜ19 28]
91 1267 1987 107 405 p. incl. plates, illus., front. 19 ᶜᵐ . (Half-title: Every child’s library)
95 1379 52 52 ©
178 1384 113 47 May
318 1383 39 47 1,
387 1382 115 40 1928;
559 1382 67 40 2c.
656 1382 96 39 and
781 1381 81 42 aff.
894 1383 114 46 May
1037 1382 82 45 14;
1151 1382 40 38 A
1222 1380 230 47 1074475;
1489 1380 230 41 Saalfield
1749 1380 108 49 pub.
1888 1391 68 29 co.

169 1504 201 67 [Cover
406 1504 352 53 illustration
797 1505 111 52 and
947 1502 399 67 illustrations]
1388 1502 75 69 by
1500 1503 249 53 Frances
1786 1503 311 69 Brundage

99 1584 78 65 [in
203 1584 96 51 the
326 1583 149 52 book
503 1582 257 67 entitled]
794 1582 96 52 An
920 1581 429 53 old-fashioned
1379 1581 132 69 girl,
1539 1581 78 68 by
1643 1580 210 53 Louisa
1883 1582 79 51 M.
91 1581 1981 132 Alcott.

91 1658 1982 149 Akron, O., New York, The Saalfield publishing company [ ᶜ19 28]
91 1819 1988 106 401 p. incl. front., illus., plates. 19½ᶜᵐ. (Half-title: Every child’s library)
95 1931 52 52 ©
177 1936 113 47 May
319 1935 24 38 1,
387 1934 142 41 1928;
559 1934 67 40 2c.
656 1935 95 38 and
781 1933 82 40 aff.
893 1935 114 46 May
1036 1934 82 46 14;
1150 1934 40 38 A
1219 1933 231 47 1074476;
1486 1933 230 41 Saalfield
1746 1934 108 48 pub.
1886 1944 67 30 co.

93 2000 400 62 Brunsmann,
528 1999 321 62 Johannes,
886 2000 168 51 1870-

161 2079 55 52 A
266 2079 307 53 handbook
621 2078 64 53 of
736 2078 401 52 fundamental
1187 2077 288 69 theology,
1524 2078 76 68 by
1652 2078 95 52 the
1798 2078 297 53 Reverend

91 2156 1981 133 John Brunsmann, S. V. D., freely adapted and edited by Arthur
254 2238 224 51 Preuss.
543 2256 50 33 v.
625 2241 44 48 1.
699 2236 53 51 A
780 2237 228 67 general
1040 2235 391 53 introduction
1458 2240 58 47 to
1547 2234 400 54 fundamental
92 2236 1981 148 theology,

330 2315 230 52 natural
614 2314 259 68 religion.
982 2312 82 56 St.
1118 2313 193 60 Louis,
1363 2313 134 67 Mo.,
1550 2314 113 53 and
1716 2313 258 67 London,
2029 2316 66 51 B.

91 2394 226 53 Herder
346 2394 147 52 book
520 2412 79 34 co.,
650 2397 148 49 1928.

165 2477 63 46 ix,
264 2476 82 40 291
383 2487 44 37 p.
488 2475 145 42 19½ᶜᵐ.

163 2533 350 47 Bibliography:
582 2533 92 40 vol.
734 2564 8 12 I,
780 2543 43 38 p.
859 2532 146 41 48-72;
1074 2531 304 49 “Readings”
1417 2534 53 40 at
1506 2533 91 40 end
1635 2532 53 41 of
1724 2533 119 41 each
1878 2534 218 47 chapter.

95 2588 52 52 ©
174 2592 113 47 Apr.
314 2591 69 47 20,
413 2591 114 40 1928;
582 2593 67 39 2c.
678 2592 95 39 and
801 2591 82 41 aff.
910 2591 115 49 Apr.
1050 2591 56 41 23;
1164 2591 41 40 A
1233 2590 205 42 1074090;
1493 2592 55 41 B.
1577 2592 188 40 Herder
1794 2591 124 41 book
1946 2602 67 31 co.

176 2647 281 50 (28-12837)

97 2713 243 63 Chafee,
372 2713 346 64 Zechariah,
753 2717 171 50 1885-

167 2792 1930 72 The inquiring mind, by Zechariah Chafee, jr. … New York,
94 2872 1200 70 Harcourt, Brace and company [ ᶜ19 28]
194 2953 630 49 x p., 2 l., 3-276 p. 21½ᶜᵐ.
163 3011 265 41 Collection
462 3011 51 41 of
543 3022 168 35 essays
743 3023 60 29 on
835 3012 179 47 liberty
1048 3013 96 39 and
1178 3014 140 38 other
1349 3012 370 51 constitutional
1756 3013 240 49 problems

93 3013 1988 103 including
325 3070 464 46 contemporaneous
827 3068 203 41 reviews
1069 3069 51 40 of
1158 3069 205 48 judicial
1403 3069 239 42 decisions
1683 3081 59 29 on
1781 3070 105 40 free
1925 3071 173 47 speech

92 3125 241 47 problems
356 3126 96 39 and
477 3125 264 40 industrial
768 3125 248 41 relations.

96 3179 52 51 ©
173 3184 113 46 Apr.
313 3183 68 47 19,
408 3182 115 41 1928;
576 3183 67 40 2c.
670 3184 95 39 and
792 3183 81 41 aff.
900 3184 113 48 Apr.
1039 3184 82 47 25;
1151 3184 40 39 A
1218 3184 229 47 1074163;
1478 3185 260 48 Harcourt,
1768 3187 154 39 Brace
1949 3186 36 39 &
2012 3197 82 36 co.,

164 3239 90 41 inc.
329 3239 280 49 (28-12891)

97 3305 324 63 Chapman,
455 3304 189 54 Allen.

163 3384 195 67 Ralph
398 3384 113 53 and
551 3384 96 53 the
687 3385 153 52 train
882 3385 303 67 wreckers;
1229 3404 82 48 or,
1350 3386 121 54 The
1512 3391 177 49 secret
1728 3385 65 55 of
1832 3387 96 53 the
1967 3387 130 53 blue

94 3460 2005 72 freight cars, by Allen Chapman … New York, Grosset &
90 3539 461 68 Dunlap [ ᶜ19 28]
162 3620 61 47 iv,
248 3620 87 40 248
355 3630 43 38 p.
450 3621 150 41 front.
651 3621 146 42 19½ᶜᵐ.
860 3625 115 47 (His
1000 3625 100 39 The
1125 3624 217 41 railroad
1367 3625 176 48 series)

97 3674 52 52 ©
176 3679 114 47 May
314 3678 68 48 10,
409 3679 140 46 1928;
577 3680 67 40 2c.
671 3682 94 38 and
792 3681 81 40 aff.
902 3683 113 46 May
1040 3682 82 47 12;
1151 3683 40 39 A
1218 3683 230 46 1077230;
1479 3683 198 41 Grosset
1704 3684 35 40 &
1766 3685 208 47 Dunlap,
2004 3685 91 40 inc.

175 3734 281 50 (28-12808)

96 3807 192 65 Clark,
323 3810 260 54 Thomas
615 3811 220 64 Curtis,
872 3813 172 54 1877-
1225 3833 180 51 comp.

165 3885 283 63 Quotable
490 3906 218 50 poems:
754 3908 72 34 an
869 3891 314 68 anthology
1224 3891 66 53 of
1328 3893 233 52 modern
1608 3893 272 67 religious
1921 3912 176 38 verse,

95 3965 281 68 compiled
416 3965 75 69 by
532 3967 248 54 Thomas
823 3967 195 56 Curtis
1061 3969 179 55 Clark
1281 3971 113 53 and
1436 3971 211 55 Esther
1687 3971 53 55 A.
1801 3971 297 70 Gillespie,
