2547 4432
1390 4067 68 51 30

470 505 100 48 xix,
599 506 86 40 166
711 517 44 37 p.
815 507 171 47 plates,
1018 505 180 49 diagrs.
1258 506 148 40 23½ᶜᵐ.
1476 504 198 48 (School
1705 503 399 41 administration
2136 504 176 49 series)

472 576 379 49 Bibliography:
875 588 44 38 p.
945 577 98 41 157.

403 644 52 52 ©
484 648 119 42 Nov.
632 649 69 47 17,
731 648 143 48 1927;
904 649 68 41 2c.
1001 649 119 40 Nov.
1149 648 83 48 22;
1265 647 83 42 aff.
1378 648 114 40 Dec.
1521 646 53 48 3;
1605 646 42 39 A
1676 645 231 47 1018238;
1939 646 242 41 Teachers
2211 648 193 47 college,

474 704 253 41 Columbia
756 705 132 40 univ.
959 704 251 50 (28-1324)

403 827 170 63 Sade,
603 827 297 54 Donatien
930 827 301 64 Alphonse
1262 824 302 70 Francois,
1596 830 199 64 comte,
1823 824 183 55 called
2033 826 254 70 marquis
2316 826 91 63 de,

476 904 326 56 1740-1814.

473 984 286 70 Dialogue
787 984 253 53 between
1073 1003 32 34 a
1136 984 180 68 priest
1347 984 113 52 and
1491 1001 32 34 a
1553 982 182 69 dying
1763 1002 152 49 man,
1944 982 76 70 by
2049 983 261 70 Marquis
2339 984 70 53 de

407 1061 167 69 Sade,
620 1062 153 53 from
818 1082 73 33 an
934 1062 385 68 unpublished
1363 1060 375 69 manuscript,
1782 1061 191 54 edited
2019 1061 142 54 with
2205 1080 75 35 an
404 1062 1980 132 introduction

761 1142 113 52 and
904 1146 159 48 notes
1091 1141 77 68 by
1196 1140 257 53 Maurice
1482 1139 206 68 Heine,
1719 1140 319 53 translated
2068 1139 77 70 by
2180 1139 229 56 Samuel

404 1219 269 53 Putnam.
749 1218 272 70 Chicago,
1046 1220 67 52 P.
1143 1218 217 67 Covici,
1388 1217 151 54 1927.

474 1301 55 41 52
553 1312 44 39 p.
656 1302 150 41 26½ᶜᵐ.

477 1372 94 41 “Of
606 1373 99 40 this
740 1373 185 40 edition
961 1374 138 39 there
1133 1373 125 39 have
1293 1372 118 40 been
1449 1371 195 49 printed
1680 1371 80 41 for
1798 1372 174 40 Pascal
2009 1372 164 41 Covici
2209 1372 52 39 in
2298 1374 112 47 May

406 1429 128 49 1927,
568 1431 61 47 by
665 1431 83 39 the
782 1430 163 41 Cuneo
979 1440 150 38 press,
1164 1429 106 48 inc.,
1306 1428 78 41 six
1417 1429 223 40 hundred
1675 1430 97 39 and
1806 1429 115 48 fifty
1952 1430 265 40 numbered
2250 1430 161 48 copies

406 1488 112 47 only
556 1499 61 29 on
653 1488 189 40 French
878 1487 293 40 hand-made
1208 1496 150 39 paper
1394 1487 97 40 and
1527 1487 83 40 the
1648 1488 113 47 type
1798 1486 311 42 distributed.
406 1487 1988 106 Typography

525 1546 62 47 by
608 1546 218 47 Douglas
850 1545 49 41 C.
924 1544 303 41 McMurtrie.
1287 1543 120 41 This
1430 1544 42 41 is
1494 1555 76 30 no.
1593 1543 130 42 207.”

406 1612 52 52 ©
500 1617 128 42 June
668 1617 39 47 6,
750 1617 115 40 1927;
936 1617 68 40 2c.
1046 1617 113 40 Dec.
1199 1616 83 46 22;
1327 1615 84 41 aff.
1454 1616 111 40 Jan.
1608 1615 39 48 5,
1691 1615 142 48 1928;
1877 1616 42 39 A
1960 1616 230 47 1018221;
2237 1617 173 40 Pascal

475 1673 177 49 Covici,
689 1674 264 48 publisher,
989 1673 92 41 inc.
1151 1672 254 50 (28-1047)

406 1796 253 65 Sample,
691 1796 178 54 Anna
901 1796 183 54 Eliza.

477 1876 170 69 Fifty
688 1874 239 54 number
970 1893 192 51 games
1206 1873 94 54 for
1342 1875 261 68 primary
1647 1876 224 68 grades,
1911 1876 76 69 by
2030 1876 173 53 Anna
2249 1876 163 53 Eliza

410 1953 1754 70 Sample … Chicago, Beckley-Cardy company [ᶜ1927]
476 2037 87 40 126
588 2048 43 37 p.
692 2036 130 41 illus.
881 2037 147 40 18½ᶜᵐ.

409 2104 52 53 ©
501 2109 112 42 Dec.
652 2108 69 48 30,
760 2108 142 47 1927;
943 2109 68 40 2c.
1051 2109 111 40 Jan.
1200 2108 40 48 9,
1280 2108 143 47 1928;
1465 2107 84 42 aff.
1589 2108 110 41 Jan.
1740 2108 52 47 6;
1834 2109 43 39 A
1914 2108 231 48 1061103;
477 2109 1938 104 Beckley-Cardy

669 2177 67 29 co.
809 2165 252 49 (28-1325)

407 2286 280 64 Sánchez,
726 2286 323 65 Florencio,
1089 2288 327 54 1875-1910.

478 2366 85 52 La
598 2365 238 69 gringa;
877 2365 201 53 drama
1114 2384 69 35 en
1220 2370 198 49 cuatro
1455 2370 171 63 actos,
1663 2383 107 52 por
1806 2366 302 53 Florencio
2142 2366 278 68 Sánchez,

408 2442 191 55 edited
637 2441 142 55 with
817 2443 410 68 introduction,
1265 2443 292 68 exercises,
1592 2449 161 49 notes
1790 2444 116 54 and
1943 2444 364 70 vocabulary,
2342 2444 77 71 by

408 2521 2013 70 John Thomas Lister … and Ruth Richardson … New York,
408 2599 72 54 A.
506 2599 73 54 A.
607 2598 227 70 Knopf,
863 2599 151 54 1927.

478 2682 1940 53 xvii, 142 p. front. (port.) 19½ᶜᵐ. (Half-title: The Borzoi Spanish
409 2739 156 49 texts)

480 2811 204 41 “Works
715 2810 52 40 of
795 2810 254 41 Florencio
1081 2809 244 43 Sanchez”
1346 2821 9 29 :
1387 2822 44 38 p.
1458 2811 111 45 xvi;
1600 2811 382 49 Bibliography:
2012 2823 44 38 p.
2083 2811 118 43 xvii.

412 2877 52 52 ©
492 2882 113 39 Dec.
632 2880 70 47 24,
730 2879 143 48 1927;
902 2880 68 40 2c.
999 2880 113 41 Dec.
1139 2879 83 48 29;
1254 2880 82 41 aff.
1366 2881 113 41 Dec.
1508 2880 83 48 30;
1621 2881 42 39 A
1691 2881 231 46 1018057;
1952 2881 174 41 Alfred
2153 2883 55 41 A.
2238 2883 181 49 Knopf,

478 2937 92 41 inc.
638 2933 69 53 [©
743 2936 211 49 preface,
992 2937 334 40 introduction
1362 2939 97 39 and
1495 2937 254 49 exercises,
1787 2940 139 39 notes
1963 2939 37 40 &
2035 2940 264 49 questions]

490 2994 252 49 (28-1312)
2245 2993 88 44 198

411 3102 293 63 Sheehan,
739 3103 267 63 Murray.

486 3180 1940 72 Eden, by Murray Sheehan … New York, E. P. Dutton &
414 3277 281 51 company
726 3261 194 65 [ᶜ1928]

486 3339 616 49 6 p. l., 3-304 p. 19½ᶜᵐ.
415 3404 52 52 ©
498 3409 111 39 Jan.
639 3407 39 48 6,
710 3407 142 47 1928;
885 3408 68 40 2c.
984 3409 110 40 Jan.
1126 3408 53 47 9;
1213 3409 82 40 aff.
1327 3410 111 41 Jan.
1470 3412 53 45 7;
1556 3411 42 39 A
1628 3411 231 41 1061128;
1895 3412 52 40 E.
1980 3412 52 41 P.
2065 3412 188 40 Dutton
2285 3413 37 40 &
2352 3424 69 30 co.

492 3464 223 50 (28-971)

413 3572 190 64 Slade,
639 3572 257 55 William
931 3573 245 64 Adams,
1214 3574 174 55 1874-

487 3649 299 68 Stardust;
833 3656 228 49 sonnets
1100 3651 77 70 by
1218 3652 264 55 William
1524 3655 220 54 Adams
1790 3654 188 56 Slade.
2053 3655 372 69 Providence,

415 3729 243 53 Preston
688 3729 114 53 and
835 3729 237 53 Rounds
1103 3747 300 52 company,
1436 3734 151 51 1928.

483 3813 70 47 24,
586 3814 54 48 [1]
671 3823 43 38 p.
773 3812 149 42 23½ᶜᵐ.

485 3881 232 41 “Printed
743 3882 82 41 for
853 3884 82 38 the
962 3883 180 40 author
1169 3884 62 47 by
1257 3884 219 41 Norman
1502 3886 55 41 T.
1582 3886 56 42 A.
1668 3887 209 41 Munder
1903 3887 37 42 &
1967 3897 84 38 co.,
2079 3887 315 42 Baltimore.”

417 3947 52 52 ©
504 3952 113 40 Dec.
651 3953 69 46 22,
756 3952 117 40 1927;
934 3953 67 40 2c.
1037 3954 96 39 and
1167 3953 84 43 aff.
1285 3956 112 39 Jan.
1433 3956 69 48 11,
1538 3956 141 48 1928;
1717 3957 42 42 A
1793 3957 230 49 1061177;
2062 3959 72 41 W.
2170 3958 54 41 A.
2263 3958 158 48 Slade,

484 4009 337 50 Washington,
893 4009 250 53 (28-1313)
