2498 4384
1295 4122 105 51 230

326 556 29 50 1
396 552 245 68 planche
682 556 55 48 et
779 555 28 48 1
851 550 183 70 figure
1074 551 143 53 dans
1259 551 51 53 le
1349 555 169 49 texte.
1597 548 186 68 Paris,
1826 549 69 53 E.
1935 549 81 53 Le
2058 549 276 54 François

346 629 160 55 [ c 1927]
391 710 1879 52 219 p., 2 l. 1 illus., diagr. 18½ ᶜᵐ . (Les livres du mycologue. t. 1)
393 770 66 41 At
486 769 126 42 head
641 768 52 43 of
719 768 136 42 title:
888 768 119 42 E.-J.
1037 768 204 43 Gilbert.

396 822 1938 51 “J’ai restreint … mon etude a la spore des basidiomycètes.”—Introd.
326 879 1992 108 © Oct. 6, 1927; 1c. Jan. 12, 1928; A—Foreign 36569; Edouard Jean Gilbert, Paris. (28-6578)
322 1034 263 63 Hadsell,
614 1033 206 55 Sardis
849 1034 148 63 Roy,
1029 1034 83 52 ed.

459 1110 1877 70 … [Introduction, notes, glossary and teacher’s helps] by
331 1188 1999 69 S. R. Hadsell … and Geo. C. Wells … [in the book entitled]
327 1269 280 54 Treasure
634 1269 202 53 Island
864 1269 76 68 by
970 1268 218 53 Robert
1212 1268 176 53 Louis
1419 1266 330 56 Stevenson.
1826 1267 326 56 Oklahoma
2183 1267 154 69 City,

325 1349 244 52 Harlow
599 1347 338 69 publishing
966 1366 98 48 co.,
1096 1349 152 50 1926.

398 1429 1734 51 2 p. l., xxiii p., 1 l., 279, [1] p. front. (port.) illus., diagr. 17 ᶜᵐ .
331 1484 52 52 ©
416 1488 102 41 Oct.
548 1488 38 47 6,
615 1488 141 46 1926;
786 1488 68 40 2c.
882 1489 96 39 and
1006 1487 83 42 aff.
1120 1488 110 39 Feb.
1261 1487 68 47 20,
1357 1486 142 48 1928;
1529 1487 43 40 A
1597 1487 231 46 1061842;
1857 1487 205 40 Harlow
2088 1486 110 49 pub.
2225 1497 67 30 co.

328 1566 260 65 Harvey,
619 1566 176 56 Sallie
828 1566 315 63 Gertrude,
1176 1570 173 49 1866-

401 1648 124 51 The
553 1646 247 68 Raleigh
828 1645 338 67 Rainbows;
1200 1664 33 33 a
1263 1650 158 64 story
1451 1644 65 54 of
1546 1663 283 51 progress,
1857 1646 77 69 by
1967 1644 57 56 S.
2058 1644 288 56 Gertrude

332 1725 240 68 Harvey
610 1724 113 53 and
762 1724 68 52 E.
868 1724 71 52 D.
980 1723 278 54 Girrioer.
1333 1724 140 52 New
1515 1724 180 67 York,
1738 1722 254 71 Chicago
2057 1729 121 62 [etc.]
2223 1722 123 55 The

333 1801 197 70 Gregg
557 1801 337 69 publishing
922 1819 283 50 company
1239 1803 194 66 [ᶜ1928]

403 1883 626 48 xi p., 1 l., 146 p. 18 ᶜᵐ .
333 1937 52 52 ©
417 1942 112 40 Feb.
558 1942 39 46 7,
627 1941 142 47 1928;
800 1941 68 40 2c.
899 1941 111 40 Feb.
1043 1940 82 48 10;
1158 1940 83 41 aff.
1271 1942 113 40 Feb.
1413 1943 82 45 11;
1528 1942 41 39 A
1596 1942 231 47 1018742;
1859 1942 159 48 Gregg
2045 1943 110 47 pub.
2186 1953 68 30 co.

415 1998 252 49 (28-6188)

330 2077 177 63 Hind,
541 2077 246 54 Charles
816 2077 212 63 Lewis,
1059 2077 329 55 1862-1927.

407 2156 125 55 One
558 2157 265 52 hundred
850 2157 122 52 best
998 2156 194 68 books,
1221 2158 205 52 chosen
1454 2156 76 70 by
1559 2156 63 55 C.
1653 2156 185 55 Lewis
1866 2157 185 68 Hind,
2081 2157 142 53 with
2251 2159 98 52 the

336 2235 264 53 addition
638 2234 64 53 of
740 2253 32 34 a
813 2233 488 70 Supplementary
1339 2235 98 54 list
1475 2234 65 53 of
1576 2254 105 34 one
1717 2236 266 53 hundred
2022 2235 158 54 titles
336 2254 1989 127 suggested

559 2312 76 69 by
661 2313 97 52 the
786 2312 322 68 publishers
1138 2312 64 52 of
1230 2314 98 52 the
1355 2312 309 54 American
1695 2313 235 54 edition.
1995 2314 140 53 New
2168 2314 182 69 York,

337 2392 259 67 London,
624 2390 69 56 G.
721 2392 66 52 P.
818 2392 297 52 Putnam’s
1143 2410 148 49 sons,
1322 2394 151 51 1928.

407 2473 494 48 xxiv, 248 p. 19 ᶜᵐ .
409 2529 257 42 Classified
699 2529 86 41 list
818 2530 52 40 of
902 2529 316 49 inexpensive
1252 2524 225 47 editions.
1538 2530 177 50 Living
1748 2532 205 40 authors
1988 2534 86 39 not
2110 2532 241 42 included.

341 2586 284 48 Something
653 2587 150 39 about
832 2587 83 39 the
944 2587 180 39 author
1155 2588 97 39 and
1283 2597 63 30 an
1377 2589 193 39 extract
1601 2588 130 40 from
1762 2589 78 40 his
1872 2589 135 40 work
2038 2600 62 30 on
2133 2590 218 49 opposite

342 2653 159 38 pages.

337 2696 52 52 ©
420 2701 111 40 Feb.
559 2702 70 47 24,
658 2701 141 46 1928;
829 2701 66 39 2c.
922 2702 96 39 and
1044 2701 82 40 aff.
1156 2701 112 40 Feb.
1296 2701 82 48 27;
1407 2702 41 39 A
1473 2702 231 48 1018968;
1736 2703 53 41 G.
1816 2704 51 40 P.
1893 2704 254 41 Putnam’s
2173 2716 126 30 sons.

419 2758 253 49 (28-6189)

337 2837 235 64 Hinkle,
604 2838 263 54 Thomas
898 2838 196 63 Clark,
1130 2838 172 55 1876-

409 2918 294 66 Trueboy;
744 2918 97 52 the
878 2922 159 64 story
1075 2916 64 54 of
1178 2936 31 34 a
1248 2923 163 63 great
1451 2919 130 68 dog,
1619 2919 76 69 by
1733 2920 249 54 Thomas
2025 2920 64 55 C.
2130 2921 220 53 Hinkle

400 2996 1454 70 … New York, W. Morrow & company, 1928.
410 3078 745 48 ix p., 1 l., 13-236 p. 19½ᶜᵐ.
341 3131 52 52 ©
422 3135 112 41 Feb.
560 3136 69 47 23,
655 3135 142 49 1928;
824 3136 68 40 2c.
919 3138 93 38 and
1043 3136 82 40 aff.
1154 3137 111 39 Feb.
1291 3136 83 47 25;
1403 3137 41 39 A
1469 3137 230 49 1061939;
1727 3138 217 42 William
1969 3141 212 39 Morrow
2206 3141 36 39 &
2267 3151 84 38 co.,

412 3192 92 42 inc.
576 3192 250 49 (28-6116)

337 3271 248 64 Huegle,
618 3272 288 64 Gregory.

415 3349 323 56 Catechism
778 3350 64 54 of
880 3350 323 70 Gregorian
1241 3351 190 67 chant,
1467 3352 77 68 by
1580 3352 97 54 the
1714 3354 156 69 Very
1907 3355 139 53 Rev.
2089 3355 263 71 Gregory

342 3430 1700 70 Hügle … New York [etc.] J. Fischer & bro. [ c 1928]
413 3511 859 50 115 p. illus. (music) 16 × 9ᶜᵐ.
416 3569 229 40 “Fischer
672 3569 199 48 edition,
900 3579 76 31 no.
1004 3569 158 41 5945.”

344 3622 52 52 ©
426 3627 112 41 Feb.
565 3629 40 45 7,
634 3627 141 47 1928;
804 3628 68 40 2c.
898 3628 96 39 and
1020 3627 82 41 aff.
1132 3628 113 40 Feb.
1271 3628 53 46 9;
1353 3628 41 39 A
1420 3628 231 48 1018733;
1681 3630 44 40 J.
1753 3630 200 41 Fischer
1979 3631 36 41 &
2039 3633 101 40 bro.

425 3684 252 49 (28-6275)

343 3762 241 63 Joseph,
622 3763 220 63 Emrys
878 3762 335 66 Sibbering,
1251 3767 172 50 1880-

417 3841 313 53 Insurance
771 3860 215 50 agency
1028 3843 344 69 accounting
1412 3843 113 53 and
1566 3851 427 63 management;
2040 3846 315 68 principles

348 3919 1944 74 and application of the Joseph system, by Emrys S. Joseph …
348 3997 379 69 Harrisburg,
755 3999 121 66 Pa.,
905 4000 122 52 The
1055 4000 148 53 Unit
1233 4004 210 65 system
1472 4019 281 51 company
1831 4004 152 66 [ᶜ1928]
