2498 4384
1344 4073 135 50 1206

465 508 26 38 2
525 518 43 37 p.
639 538 9 16 l.,
700 507 163 49 [7]-254
897 518 43 37 p.
1000 507 129 41 illus.
1190 508 147 40 18½ᶜᵐ.
1408 507 202 47 (Contes
1643 511 47 37 et
1725 519 196 29 romans
1955 519 122 37 pour
2113 507 135 46 tous)

403 559 53 52 ©
492 563 119 41 Nov.
647 563 70 47 22,
753 563 141 46 1927;
933 564 67 39 1c.
1037 563 112 41 Feb.
1186 563 71 48 10,
1293 563 141 47 1928;
1473 564 313 48 A—Foreign
1821 565 172 46 37431;
2032 563 243 40 Librairie
471 564 1909 96 Larousse.

725 620 281 48 (28-18142)

400 698 258 63 Meeker,
694 699 245 54 Charles
973 700 74 52 H.

401 776 1978 135 Folk tales from the Far East, by Charles H. Meeker … illustrated
620 858 76 68 by
726 857 311 53 Frederick
1069 857 377 53 Richardson.
1513 857 428 68 Philadelphia,
1973 856 254 69 Chicago
2266 862 143 61 [etc.].

398 935 1231 68 The John C. Winston company [ ᶜ19 27]
466 1018 1904 49 xiii, 254 p. col. front., illus. 21 ᶜᵐ . (Lettered on cover: The Winston
395 1077 265 47 clear-type
691 1076 206 47 popular
927 1074 226 46 classics)

403 1128 53 52 ©
491 1133 112 40 Dec.
636 1132 71 47 28,
741 1131 140 46 1927;
917 1131 68 40 2c.
1021 1131 117 47 July
1171 1131 69 46 23,
1276 1130 141 41 1928:
1455 1130 84 41 aff.
1574 1131 116 48 July
1724 1131 82 45 20;
1843 1131 42 38 A
1919 1130 204 41 1082624;
2188 1130 129 40 John
2353 1129 49 41 C.

474 1189 226 41 Winston
730 1199 67 30 co.
869 1187 280 48 (28-19744)

397 1268 336 63 Merrihew,
768 1267 263 64 Stephen
1065 1267 223 54 Wallis.

472 1346 121 52 The
626 1351 162 63 quest
821 1345 64 53 of
917 1346 96 52 the
1046 1345 182 53 Davis
1264 1364 128 49 cup,
1424 1345 36 52 by
1536 1344 254 69 Stephen
1822 1345 209 54 Wallis
2065 1344 337 62 Merrihew;

401 1424 327 53 illustrated
758 1423 154 53 from
938 1424 398 68 photographs
1365 1423 269 69 covering
1661 1424 97 51 the
1785 1422 201 69 period
2017 1424 136 51 1900
2180 1427 60 48 to
2271 1425 133 50 1928

401 1503 115 52 and
548 1502 352 68 comprising
930 1505 67 49 48
1030 1520 174 50 pages
1236 1500 66 54 of
1332 1503 184 66 plates
1550 1501 59 52 in
1643 1501 263 53 addition
1936 1506 61 48 to
2029 1520 34 33 a
402 1502 1978 131 photogravure

580 1578 1826 70 frontispiece of Hon. Dwight F. Davis … New York,
400 1658 309 53 American
737 1659 152 51 lawn
916 1658 206 68 tennis,
1150 1658 128 67 inc.,
1310 1660 150 51 1928.

470 1739 1936 49 xiii, 377 p. front., plates, ports. 23½ᶜᵐ. (The lawn tennis library, VI)
474 1854 242 40 “Records
745 1853 52 41 of
826 1854 81 40 the
936 1854 353 39 international
1319 1852 276 41 matches”:
1628 1865 43 36 p.
1701 1853 231 48 313-362;
1969 1852 310 41 “Individual
403 1863 1987 89 records

542 1911 53 40 of
622 1912 82 39 the
732 1910 223 49 players”:
1013 1921 43 38 p.
1084 1910 220 41 363-369.

407 1965 53 52 ©
493 1970 117 47 July
642 1970 40 47 5,
714 1969 142 46 1928;
890 1969 68 41 2c.
992 1970 116 46 July
1140 1969 53 46 6;
1229 1968 84 41 aff.
1344 1969 122 47 Aug.
1499 1968 55 40 13;
1616 1969 42 38 A
1690 1967 231 48 1083649;
1960 1968 45 41 S.
2038 1969 74 40 W.
2145 1968 265 41 Merrihew

473 2027 97 39 and
602 2027 44 39 J.
679 2027 199 46 Parmly
911 2026 162 47 Paret,
1107 2026 119 39 New
1258 2025 146 40 York.
1475 2024 281 48 (28-19700)

402 2092 291 62 Miskella,
725 2091 258 55 William
1012 2091 222 53 James.

473 2166 1938 71 Practical color simplified, by William J. Miskella … A
405 2249 308 53 handbook
755 2266 73 35 on
872 2248 347 68 lacquering,
1265 2246 339 72 enameling,
1649 2247 275 69 coloring,
1967 2248 114 52 and
2127 2246 286 70 painting,

402 2328 141 52 with
605 2327 211 69 special
877 2325 281 54 attention
1220 2332 59 48 to
1338 2325 242 70 mixing,
1640 2326 289 69 choosing,
1990 2325 418 70 harmonizing,

402 2404 2003 74 matching, lighting, testing, and designation … Chicago,
403 2486 311 68 Finishing
743 2485 258 52 research
1031 2484 392 72 laboratories,
1452 2484 127 67 inc.,
1612 2486 151 51 1928.

470 2569 105 47 xiii,
601 2569 84 40 113
712 2579 43 37 p.
810 2567 143 47 illus.,
982 2568 158 47 plates
1168 2568 137 47 (part
1331 2567 102 47 col.,
1460 2567 25 39 1
1512 2566 145 48 fold.)
1692 2567 180 48 diagrs.
1926 2567 147 41 23½ᶜᵐ.
2140 2567 267 48 (Practical

398 2625 235 48 finishing
662 2624 165 47 series,
859 2625 93 40 vol.
1013 2623 13 48 I)

409 2678 53 52 ©
496 2683 126 39 June
654 2682 69 46 21,
757 2680 142 47 1928;
932 2680 68 40 2c.
1033 2681 97 38 and
1162 2679 84 41 aff.
1280 2680 117 47 July
1429 2680 83 46 14;
1547 2680 42 38 A
1620 2679 231 42 1082615;
1889 2678 260 49 Finishing
2180 2679 227 40 research

477 2738 337 48 laboratories,
846 2737 92 40 inc.
1008 2736 283 48 (28-19781)

404 2803 280 64 Murphy,
720 2802 291 54 Matthew
1048 2803 60 51 M
1404 2805 171 49 1858-

477 2883 121 53 The
623 2882 173 54 snake
822 2883 176 52 dance
1024 2882 201 66 people
1253 2881 112 52 and
1392 2880 150 52 their
1568 2885 240 63 country;
1866 2879 162 68 Hopi
2056 2879 356 67 ceremonies,

410 2961 74 69 by
509 2961 279 52 Matthew
814 2960 78 53 M.
922 2959 274 69 Murphy.
1266 2958 305 68 [Oakland,
1599 2957 197 69 Calif.,
1822 2958 121 52 The
1969 2957 244 53 Lincoln
2240 2975 175 50 press,

402 3043 153 64 1928]

473 3119 1423 50 cover-title, 1 p. l., 14 p., 3 l. 1 illus., plates. 17½ᶜᵐ.
412 3174 52 52 ©
499 3179 116 47 July
648 3178 70 48 20,
753 3177 118 40 1928;
931 3177 68 40 2c.
1032 3177 120 47 Aug.
1187 3176 53 42 7;
1278 3175 83 41 aff.
1395 3176 121 47 Aug.
1551 3175 52 47 6;
1639 3174 42 40 A
1714 3174 231 48 1083529;
1983 3175 64 40 M.
2083 3175 63 40 M.
2181 3174 223 49 Murphy,

480 3236 206 46 Carmel,
718 3234 146 41 Calif.
934 3232 281 49 (28-19796)

407 3300 330 63 Mussolini,
774 3299 230 62 Benito,
1045 3302 170 50 1883-

478 3381 122 51 The
634 3378 305 54 cardinal’s
972 3377 272 64 mistress,
1277 3377 77 67 by
1388 3375 206 54 Benito
1629 3376 322 67 Mussolini,
1986 3375 314 53 translated
2339 3373 73 69 by

409 3458 211 53 Hiram
651 3457 377 52 Motherwell.
1103 3455 139 53 New
1274 3454 180 68 York,
1485 3455 71 52 A.
1590 3456 45 50 &
1666 3453 62 55 C.
1760 3453 166 67 Boni,
1961 3456 150 50 1928.

474 3541 85 40 xiv
586 3553 58 36 p.,
675 3541 25 39 1
765 3571 8 15 l.,
803 3540 86 40 232
919 3551 43 36 p.
1022 3538 146 41 19½ᶜᵐ.

414 3594 51 51 ©
490 3598 121 47 Aug.
637 3596 70 48 20,
731 3596 115 39 1928;
899 3595 68 40 2c.
993 3595 120 47 Aug.
1139 3594 56 39 15;
1251 3593 83 41 aff.
1360 3593 121 48 Aug.
1506 3594 56 38 21;
1618 3594 42 38 A
1685 3592 203 41 1083878;
1943 3592 174 39 Albert
2141 3591 37 40 &
2205 3591 203 40 Charles

482 3653 137 48 Boni,
651 3653 91 40 inc.
814 3651 280 49 (28-19750)

412 3719 157 61 Neff,
600 3719 146 53 Curt
775 3716 165 63 Paul,
972 3720 172 49 1890-

475 3794 199 70 König
708 3796 100 51 der
840 3796 215 52 bunten
1090 3797 195 63 wüste,
1320 3792 302 54 erlebnisse
1658 3793 150 52 eines
1842 3789 569 67 Indianerfreundes,

405 3892 112 34 von
550 3872 144 55 Curt
723 3874 149 51 Paul
903 3872 132 61 Neff;
1095 3871 108 53 mit
1236 3874 65 49 14
1330 3870 440 53 Illustrationen.
1836 3868 259 69 Leipzig,
2126 3866 285 55 Deutsche

404 3951 538 67 buchwerkstätten,
977 3968 52 51 g.
1064 3968 72 34 m.
1171 3950 53 53 b.
1258 3948 74 70 h.,
1368 3948 150 54 1927.
