2498 4384
994 4114 133 50 1083

82 543 84 41 153
203 544 110 46 Md.,
350 555 44 37 p.
433 543 100 47 320,
572 543 50 39 in
659 544 83 39 the
777 541 219 42 Atlantic
1033 544 220 47 reporter
1290 553 64 38 up
1392 545 50 37 to
1479 541 86 41 140
1603 542 111 48 Atl.,
1753 552 44 39 p.
1834 541 86 41 664

81 543 1984 98 (Advance
267 601 163 40 sheets
467 600 52 40 of
555 601 123 40 Mar.
716 599 70 48 29,
823 598 140 48 1928)
1010 600 97 39 and
1145 599 51 40 in
1234 600 82 39 the
1355 599 146 48 Daily
1539 600 168 39 record
1754 598 320 50 (Baltimore)

81 667 64 39 up
181 659 49 39 to
266 657 139 49 April
443 658 40 47 1,
521 657 129 41 1928.
709 657 103 40 The
848 656 270 41 Baltimore
1155 657 156 40 traffic
1346 655 315 49 regulations,
1699 666 55 30 as
1791 655 203 42 codified
2031 656 52 40 in

79 714 172 41 article
278 715 27 39 4
330 714 53 40 of
406 715 83 40 the
513 713 329 49 forthcoming
867 713 270 41 Baltimore
1163 713 99 48 city
1288 714 116 40 code
1442 712 164 50 (1928)
1642 723 85 31 are
1751 712 334 42 included.”—

79 771 273 42 Foreword.

87 825 52 53 ©
166 829 116 48 July
306 829 70 49 11,
403 828 116 41 1928
535 840 9 36 ;
571 829 68 41 2c.
666 832 96 39 and
788 828 83 41 aff.
898 828 115 49 July
1039 828 83 48 18;
1150 827 43 40 A
1218 828 230 48 1083304;
1478 828 61 41 H.
1567 829 64 41 M.
1659 829 178 48 Brune,

1864 828 75 47 jr.,
154 828 1908 99 Baltimore.
412 884 280 50 (28-18215)

78 967 176 62 Cano,
286 967 176 53 Juan.

149 1041 1930 71 La vida de un picaro, by Juan Cano … edited with notes,
78 1122 441 53 direct-method
570 1121 291 68 exercises,
912 1121 113 53 and
1076 1121 364 68 vocabulary.
1528 1120 140 55 New
1721 1120 182 69 York,
1955 1121 123 53 The

411 1202 509 67 Macmillan company, 1928.
145 1279 1933 50 xi, 153 p. illus. 18 ᶜᵐ . (Lettered on cover: The Macmillan Hispanic
77 1336 176 49 series)

149 1394 130 41 “The
301 1393 108 42 first
436 1394 138 41 three
598 1395 227 48 chapters
852 1396 96 39 and
974 1396 84 39 the
1082 1394 180 48 ending
1286 1396 125 39 have
1437 1394 120 41 been
1582 1394 149 40 taken
1755 1394 131 40 from
77 1394 1982 97 ‘Lazarillo

219 1452 59 39 de
308 1450 242 49 Tormes’;
585 1452 83 39 the
698 1451 172 41 fourth
903 1451 51 40 in
986 1452 112 47 part
1129 1451 130 40 from
1295 1452 131 39 Juan
1459 1452 58 39 de
1551 1450 179 41 Luna’s
1764 1452 178 47 sequel,
1978 1453 97 39 and

76 1508 83 40 the
183 1507 115 41 fifth
324 1508 188 47 largely
538 1508 127 41 from
694 1508 265 48 Quevedo’s
986 1508 195 40 famous
1210 1507 140 41 ‘Vida
1379 1508 77 40 del
1484 1507 222 42 Buscón’.
1766 1508 156 41 These
1950 1508 126 41 have

76 1563 120 41 been
222 1566 186 39 welded
437 1566 223 47 together
686 1564 52 41 in
768 1565 81 40 the
877 1565 128 40 form
1037 1565 51 40 of
1117 1575 29 30 a
1177 1564 291 41 continuous
1496 1564 297 42 narrative.”

81 1618 1800 53 © July 10, 1928 ; 2c. and aff. July 11; A 1082461; Macmillan co.
156 1678 282 49 (28-18313)

74 1758 436 62 Chamberlain,
541 1758 236 55 Arthur
806 1760 224 63 Henry,
1063 1759 173 54 1870-

136 1836 203 53 Thrift
378 1837 318 68 education,
736 1855 194 36 course
969 1837 66 53 of
1071 1838 175 67 study
1285 1837 216 53 outline
1541 1836 95 54 for
1673 1856 98 34 use
1809 1837 61 53 in
1909 1856 165 50 years

65 1914 2010 70 one to eight inclusive, by Arthur H. Chamberlain … [New
67 1992 179 68 York]
283 1993 121 53 The
436 1991 308 55 American
776 1993 212 69 society
1020 1992 94 53 for
1144 1992 196 69 thrift,
1394 1996 151 50 ᶜ1928.

134 2076 56 41 96
221 2087 45 38 p.
325 2076 144 48 illus.,
504 2076 155 49 diagr.
716 2076 148 42 23½ᶜᵐ.

135 2133 296 41 “Reference
467 2132 142 42 list”:
648 2145 44 37 p.
729 2133 158 41 83-84.

76 2185 52 53 ©
161 2190 115 48 Apr.
308 2189 71 49 30,
413 2189 140 47 1928;
589 2189 68 42 2c.
691 2190 127 39 June
851 2190 51 46 8;
940 2188 83 41 aff.
1058 2189 116 48 July
1207 2188 83 48 10;
1327 2189 42 39 A
1401 2188 230 50 1077653;
1667 2190 161 42 Amer.
1863 2200 95 31 soc.
1990 2190 81 41 for

142 2246 162 42 thrift.
374 2245 282 51 (28-14809)

63 2337 357 64 Claremont,
457 2336 218 56 Claude
710 2335 229 55 Albert.

137 2412 374 70 Intelligence
541 2413 114 53 and
684 2414 215 52 mental
929 2412 243 70 growth,
1203 2412 77 71 by
1311 2412 63 56 C.
1406 2412 72 55 A.
1512 2412 348 56 Claremont.
1927 2414 142 55 New

67 2491 1436 69 York, W. W. Norton & company, inc. [ ᶜ192 8]
135 2572 1301 51 120 p. diagrs. 17 ᶜᵐ . [The new science series]
73 2627 51 52 ©
157 2631 111 41 Feb.
298 2631 70 49 23,
400 2631 119 41 1928
532 2642 9 36 ;
575 2631 68 41 2c.
674 2631 120 49 Aug.
826 2632 53 47 1;
913 2630 82 43 aff.
1027 2632 120 48 Aug.
1178 2632 55 47 2;
1266 2632 42 39 A
1338 2631 230 49 1083456;
1602 2633 73 41 W.
1707 2633 73 42 W.
1810 2633 188 41 Norton
2031 2635 38 42 &

137 2699 82 37 co.,
247 2688 91 42 inc.
408 2688 283 50 (28-26465)

63 2768 241 64 Cooper,
338 2768 206 53 James
577 2769 206 63 Fryer,
821 2771 170 51 1880-

130 2846 325 71 Technique
492 2846 64 54 of
591 2847 456 69 contraception;
1084 2847 97 54 the
1216 2847 314 70 principles
1567 2849 114 53 and
1716 2849 251 69 practice
2001 2850 66 54 of

61 2925 2008 70 anti-conceptional methods, by James F. Cooper … New York
59 3005 134 68 city,
223 3004 397 70 Day-Nichols
673 3007 152 65 [1928]

128 3087 97 47 xvi,
254 3087 85 41 271
368 3099 45 37 p.
472 3087 130 41 illus.
661 3087 147 41 23½ᶜᵐ.

129 3144 378 48 Bibliography:
539 3155 44 37 p.
615 3144 219 41 267-271.

68 3197 52 53 ©
147 3203 113 47 May
286 3202 38 44 8,
351 3202 117 41 1928
485 3213 8 36 ;
519 3202 68 41 2c.
613 3202 97 40 and
736 3201 82 42 aff.
845 3201 116 48 July
986 3201 83 48 19;
1096 3201 42 39 A
1163 3201 231 48 1083296;
1424 3201 342 49 Day-Nichols.

147 3258 280 49 (28-18208)

60 3338 327 63 Crawford,
424 3338 204 53 James
661 3337 143 64 Pyle
840 3337 431 63 Wickersham,
1309 3340 170 50 1882-
1693 3338 84 54 ed.

129 3416 112 53 Los
273 3415 441 69 Abencerrajes;
751 3421 114 48 two
898 3417 96 53 old
1032 3415 253 69 Spanish
1321 3415 201 55 stories
1558 3417 251 69 adapted
1845 3416 95 54 for

58 3417 1977 130 intermediate
428 3495 219 66 classes,
682 3494 190 54 edited
906 3495 140 52 with
1079 3500 179 62 notes,
1295 3494 440 54 direct-method
1769 3496 292 68 exercises,

61 3571 1999 70 and vocabulary, by J. P. Wickersham Crawford … New
58 3649 1215 70 York, The Macmillan company, 1928.
128 3729 1647 51 xi, 135 p. front., plates. 18 ᶜᵐ . (Lettered on cover: The Macmillan
59 3785 239 49 Hispanic
324 3787 177 49 series)

61 3843 1978 105 “The first story in this book is adapted from ‘La historia de Abinda rr á ez y la hermosa
600 3901 178 40 Jarifa’
809 3903 74 48 [by
909 3912 63 29 an
996 3902 179 40 author
1202 3903 164 40 whose
1391 3913 143 30 name
1559 3903 43 41 is
1627 3905 87 39 not
1737 3903 191 50 known]
1959 3906 98 39 and

59 3956 83 41 the
170 3958 176 40 second
373 3957 243 42 combines
644 3968 131 31 some
805 3958 53 41 of
886 3960 83 40 the
997 3961 127 39 most
1152 3959 294 49 interesting
1474 3959 219 50 episodes

1725 3960 52 43 of
1806 3962 84 41 the
59 3961 1980 93 ‘Guerras
196 4014 166 41 civiles
390 4016 59 39 de
478 4015 243 41 Granada’
754 4017 75 49 [by
860 4016 146 41 Ginés
1035 4017 149 40 Perez
1211 4018 59 39 de
1299 4017 168 50 Hita]”
