2498 4384
1220 4074 134 53 1720

342 513 1126 54 vi p., 2 l., 3-226 p. front. (port.) 20 ᶜᵐ .
281 586 51 52 ©
361 591 103 40 Oct.
490 589 69 48 19,
587 589 114 40 1928;
756 590 68 40 2c.
851 590 96 39 and
974 588 82 41 aff.
1085 588 103 40 Oct.
1212 588 85 46 27;
1325 587 41 39 A
1393 587 141 47 1372;
1565 587 54 41 G.
1646 587 55 42 B.
1728 586 257 49 Harrison,
2015 587 214 40 London.

359 646 282 49 (28-25386)

275 741 409 65 Hauptmann,
717 739 261 55 Gerhart
1007 738 236 54 Johann
1273 737 243 67 Robert,
1548 742 172 51 1862-

348 833 122 52 The
498 832 215 53 heretic
740 830 65 55 of
834 830 208 69 Soana,
1070 831 78 69 by
1177 830 255 55 Gerhart
1457 830 404 68 Hauptmann,
1891 830 392 53 introduction

278 907 2001 72 by Harry Salpeter … New York, The Modern library [ᶜ192 8]
349 1004 1936 49 xxxi p., 1 l., 5-192 p. 17 ᶜᵐ . (Half-title: The Modern library of the
279 1062 195 42 world’s
503 1063 106 40 best
637 1060 175 49 books)

283 1130 2003 52 © July 25, 1928; 2c. Oct. 18; aff. Oct. 16; A 1039; Modern library, inc.
352 1187 69 54 [©
452 1190 348 48 introduction]
870 1189 283 49 (28-23923)

275 1284 288 64 Hispanic
605 1284 228 63 society
873 1283 65 53 of
980 1283 298 54 America.

351 1363 306 53 Escalante
685 1363 61 52 in
772 1364 97 51 the
896 1362 298 53 collection
1222 1361 66 54 of
1316 1363 96 52 the
1438 1361 288 69 Hispanic
1752 1361 214 70 society
1993 1360 66 55 of
281 1361 1983 132 America.

444 1441 140 53 New
608 1439 182 70 York,
812 1440 245 53 Printed
1080 1441 77 68 by
1180 1440 169 53 order
1374 1438 65 55 of
1461 1440 96 53 the
1580 1445 259 63 trustees,
1866 1442 151 51 1928.

387 1534 1903 51 v, 8 p. illus. (facsim.) pl. 16½ ᶜᵐ . (Half-title: Hispanic notes &
281 1594 353 47 monographs;
669 1603 182 36 essays,
887 1592 201 47 studies,
1125 1592 96 40 and
1256 1591 130 40 brief
1418 1591 312 49 biographies
1764 1591 166 42 issued
1963 1593 62 47 by
2060 1593 84 40 the
281 1592 1991 107 Hispanic
453 1650 184 47 society
664 1649 52 40 of
744 1648 251 48 America)

353 1719 380 41 “References”:
769 1730 43 38 p.
844 1719 41 43 8.

695 1790 346 48 CONTENTS.—Biographical
1078 1790 378 49 preface.—The
1491 1790 595 43 annunciation.—Notes.

285 1861 51 52 ©
372 1865 117 47 July
520 1864 40 47 3,
594 1863 118 40 1928;
771 1864 68 39 2c.
873 1864 97 38 and
1003 1862 83 41 aff.
1123 1862 130 48 Sept.
1285 1862 84 47 24;
1405 1862 42 39 A
1479 1862 231 48 1053529;
1746 1863 239 49 Hispanic
2019 1863 184 48 society
2238 1863 51 41 of

352 1920 239 48 America,
624 1920 119 40 New
773 1919 145 41 York.
990 1918 284 50 (28-24033)

355 2014 596 69 Hispano-Moresque
979 2013 244 68 capitals
1252 2014 114 52 and
1394 2013 132 54 base
1556 2013 61 53 in
1645 2015 97 52 the
1772 2015 298 54 collection
2102 2014 65 55 of
2194 2016 97 53 the

283 2093 289 68 Hispanic
596 2092 214 69 society
835 2091 64 54 of
926 2091 284 53 America.
1276 2091 141 53 New
1445 2090 182 70 York,
1654 2092 245 54 Printed
1926 2092 78 71 by
2031 2094 170 53 order
2227 2093 65 54 of

282 2172 96 52 the
408 2176 258 63 trustees,
698 2172 151 51 1928.

389 2264 1901 53 v, 21 p. VII pl. 16½ᶜᵐ. (Half-title: Hispanic notes & monographs;
287 2334 182 37 essays,
499 2322 201 47 studies,
731 2322 96 40 and
856 2321 129 40 brief
1015 2321 311 48 biographies
1357 2321 165 41 issued
1554 2323 61 47 by
1645 2323 84 40 the
1758 2323 238 48 Hispanic
2028 2325 185 48 society
2242 2325 52 41 of

284 2379 251 49 America)

356 2450 352 42 “References”
728 2461 8 29 :
774 2461 44 38 p.
854 2450 160 41 19-21.

288 2520 51 52 ©
373 2524 130 48 Sept.
533 2522 68 49 15,
632 2522 141 46 1928;
805 2523 68 39 2c.
904 2523 96 38 and
1029 2521 82 41 aff.
1144 2521 130 49 Sept.
1304 2522 83 47 24;
1419 2522 41 39 A
1491 2522 232 49 1053530;
1755 2523 239 49 Hispanic
2025 2524 184 48 society
2242 2525 51 41 of

354 2579 240 49 America,
628 2580 118 39 New
778 2579 145 41 York.
994 2578 283 50 (28-24034)

353 2673 596 70 Hispano-Moresque
976 2673 217 53 marble
1219 2674 165 53 basin
1411 2674 61 53 in
1498 2675 96 53 the
1622 2674 297 55 collection

1945 2675 65 55 of
2035 2676 99 54 the
284 2676 1988 146 Hispanic
497 2753 214 68 society
751 2751 65 55 of
857 2751 284 55 America.
1217 2752 141 52 New
1399 2751 181 71 York,
1620 2752 245 56 Printed
1905 2754 77 70 by
2021 2756 170 53 order
2232 2753 65 56 of

282 2833 97 53 the
414 2836 259 67 trustees,
713 2833 150 51 1928.

385 2926 1909 52 v, 11 p. illus., pl. 16½ ᶜᵐ . (Half-title: Hispanic notes & monographs;
282 2995 182 37 essays,
497 2983 202 49 studies,
730 2984 96 39 and
859 2982 128 40 brief
1018 2982 311 50 biographies
1359 2983 165 41 issued
1555 2985 61 48 by
1646 2986 84 39 the
1760 2985 238 49 Hispanic
2030 2987 184 48 society
2245 2987 50 41 of

281 3041 251 48 America)

354 3111 207 41 “Notes”
581 3123 7 28 :
621 3122 43 37 p.
694 3110 129 42 9-10.
886 3110 350 41 “References”
1255 3121 11 31 :
1299 3123 43 37 p.
1371 3111 71 41 11.

292 3181 51 52 ©
377 3183 129 49 Sept.
534 3184 70 47 21,
635 3183 141 47 1928;
808 3183 67 39 2c.
906 3183 97 39 and
1033 3181 82 41 aff.
1149 3182 130 48 Sept.
1309 3182 81 47 24;
1425 3182 43 40 A
1495 3182 230 48 1053531;
1759 3183 237 50 Hispanic
2027 3184 185 48 society
2244 3185 51 40 of

359 3240 238 47 America,
627 3241 118 39 New
772 3239 145 41 York.
986 3238 282 50 (28-24150)

358 3334 213 69 Pareja
600 3335 60 52 in
688 3335 96 52 the
813 3334 296 53 collection
1138 3333 64 55 of
1229 3335 97 52 the
1352 3333 288 69 Hispanic
1667 3335 213 70 society
1907 3335 65 55 of
2000 3335 298 54 America:

283 3413 134 53 Don
438 3413 222 53 Martin
683 3414 68 52 de
772 3413 195 69 Leyva
990 3411 558 70 (attributed);Don
1568 3412 218 55 Alonso
1807 3414 167 54 Mora
1994 3433 38 51 y
2051 3413 246 56 Villalta

301 3490 372 71 (attributed)
760 3492 139 52 New
946 3490 180 69 York,
1170 3490 245 54 Printed
1458 3492 78 69 by
1581 3493 167 53 order
1793 3492 65 54 of
1900 3493 96 54 the
2040 3498 259 64 trustees,

290 3573 152 51 1928.

287 3663 1992 107 v, 12 p. illus., II port. 16½ᶜᵐ. (Half-title: Hispanic notes & monographs;
535 3732 181 36 essays,
754 3721 201 47 studies,
994 3722 96 39 and
1126 3720 130 41 brief
1292 3721 310 49 biographies
1638 3722 164 41 issued
1840 3723 61 48 by
1938 3724 84 40 the
2059 3724 238 48 Hispanic

287 3779 184 48 society
500 3778 51 40 of
579 3777 250 48 America)

359 3848 350 42 “References”
729 3860 8 28 :
769 3860 44 37 p.
842 3849 71 39 12.

296 3916 51 52 ©
379 3920 117 48 July
526 3921 69 47 17,
627 3920 142 47 1928;
801 3921 68 39 2c.
900 3921 96 38 and
1026 3919 84 41 aff.
1144 3919 129 48 Sept.
1304 3920 83 47 24;
1422 3920 40 38 A
1493 3920 230 47 1053528;
1759 3920 238 49 Hispanic
2029 3920 184 48 society
2246 3920 52 41 of

361 3977 239 48 America,
629 3977 119 41 New
774 3977 146 41 York.
988 3976 282 49 (28-24149)
