2498 4384
1322 4078 102 50 994

366 426 129 65 Boy
524 427 170 69 craft,
724 428 334 69 containing
1087 429 168 67 plans
1286 429 114 52 and
1429 428 262 70 working
1723 430 290 69 drawings
2043 431 141 51 with
2216 431 148 52 clear

436 507 114 52 and
586 507 217 52 concise
838 507 378 68 descriptions
1251 506 64 54 of
1347 506 191 54 useful
1573 507 244 69 articles,
1849 513 145 64 toys,
2028 509 114 53 and
2176 527 191 51 games

438 584 1930 71 for boys of 10 to 16 years to construct … Racine, Wis.,
434 663 1192 71 Whitman publishing company [ ᶜ19 28]
435 745 699 50 208 p. illus. 19½ × 15½ᶜᵐ.
438 804 131 41 “The
598 805 229 40 material
858 804 52 40 in
941 805 101 40 this
1070 805 139 48 hook,
1241 805 243 48 carefully
1515 806 211 41 selected
1754 805 80 42 for
1864 805 209 49 variety,
363 804 1987 99 entertainment

521 863 96 39 and
640 862 157 47 merit,
824 862 43 40 is
892 863 232 40 collected
1149 864 179 39 almost
1350 862 210 49 entirely
1581 863 130 40 from
1735 863 82 41 the
1839 872 148 40 pages
2011 862 54 42 of
2086 864 83 40 the
2192 862 176 42 Junior

364 920 141 40 home
532 919 264 48 magazine,
826 921 83 39 the
936 920 109 40 well
1071 920 179 40 known
1277 919 262 41 children’s
1564 919 345 49 publication.”

369 972 53 53 ©
450 978 114 46 May
589 978 69 46 31,
685 977 141 48 1928;
854 978 69 40 2c.
949 978 96 39 and
1072 976 83 42 aff.
1182 977 128 40 June
1337 978 52 38 11;
1447 978 43 38 A
1515 977 204 40 1077697;
1773 977 253 41 Whitman
2052 978 111 48 pub.
2191 988 68 30 co.

448 1033 281 50 (28-16706)

365 1129 308 63 Burleson,
706 1128 193 54 David
931 1128 268 55 Sinclair.

440 1207 256 69 Applied
738 1207 249 69 English
1026 1226 308 50 grammar.
1408 1207 138 53 Rev.
1590 1208 85 52 ed.
1750 1208 92 67 By
1881 1207 196 53 David
2121 1206 249 56 Sinclair

372 1284 1993 70 Burleson … Boston, New York [etc.] Allyn and Bacon [ ᶜ19 28]
442 1368 63 49 ix,
537 1369 40 48 [2]
599 1399 9 16 ,
636 1368 85 40 381
750 1378 44 37 p.
856 1367 25 39 1
911 1367 145 49 illus.,
1084 1368 173 47 plates,
1286 1369 151 46 ports.
1497 1367 147 42 19½ᶜᵐ.

370 1412 1949 61 © May 26, 1928; 2c. June 27; aff. June 26; A 1083050; A llyn & Bacon.
449 1481 279 50 (28-16410)

371 1563 339 54 Commerce
740 1562 263 64 clearing
1033 1562 205 53 house.

444 1644 135 50 1928
607 1640 221 55 United
860 1639 189 56 States
1080 1640 218 53 income
1331 1641 114 52 and
1476 1659 118 34 war
1625 1645 101 48 tax
1754 1639 189 70 guide.
2011 1640 75 54 2d
2120 1643 134 51 1928
371 1659 1975 113 revision.

634 1719 188 53 Based
846 1738 72 34 on
942 1719 266 53 Revenue
1233 1724 90 48 act
1347 1717 65 55 of
1437 1721 135 50 1928
1597 1720 114 52 and
1734 1718 372 70 regulations,
2130 1718 241 70 rulings,

373 1798 115 52 and
514 1796 279 54 decisions
818 1798 182 52 under
1026 1802 231 63 present
1283 1798 115 52 and
1423 1796 161 69 prior
1611 1798 158 67 laws,
1794 1815 79 50 up
1901 1802 59 48 to
1990 1799 153 51 1928.
2213 1798 158 67 [New

372 1874 1392 70 York] Commerce clearing house, inc., ᶜ19 28.
443 1956 336 49 159 p. 23 ᶜᵐ .
372 2011 53 52 ©
451 2016 129 40 June
602 2015 70 48 21,
698 2014 141 49 1928;
866 2016 68 40 2c.
960 2014 129 41 June
1111 2015 56 39 25;
1222 2014 84 42 aff.
1332 2015 127 40 June
1484 2015 56 40 23;
1595 2015 43 39 A
1661 2015 202 41 1083011;
1921 2014 278 43 Commerce
439 2016 1916 104 clearing

543 2072 163 49 house,
731 2072 92 41 inc.
884 2071 280 50 (28-16724)

372 2154 271 62 Cressey,
680 2153 228 63 George
940 2152 289 62 Babcock,
1266 2156 170 49 1896-

508 2230 1864 56 … The Indiana sand dunes and shore lines of the Lake
374 2310 300 68 Michigan
710 2309 184 68 basin,
929 2309 79 69 by
1045 2307 224 71 George
1308 2309 265 53 Babcock
1614 2309 251 70 Cressey.
1945 2309 272 70 Chicago,
2257 2310 115 69 Ill.,

374 2387 144 55 Pub.
547 2387 95 54 for
668 2388 96 53 the
792 2386 365 71 Geographic
1184 2387 215 71 society
1427 2386 65 56 of
1522 2387 253 71 Chicago
1802 2388 78 70 by
1905 2388 98 55 the
2030 2387 342 73 University

374 2465 66 54 of
466 2465 252 70 Chicago
745 2484 159 51 press
935 2469 173 65 [1928]

446 2547 1927 51 xii, 80 p. XX pl. (incl. fold, map in pocket) diagrs. 24½ᶜᵐ. (The
375 2605 302 48 Geographic
708 2605 183 48 society
920 2605 52 40 of
1002 2605 225 48 Chicago.
1288 2605 219 41 Bulletin
1536 2617 76 29 no.
1643 2604 51 49 8)

448 2662 147 41 “This
617 2664 147 46 study
787 2672 102 31 was
913 2664 228 47 accepted
1164 2663 62 47 by
1249 2663 82 40 the
1353 2663 193 47 faculty
1569 2663 52 41 of
1646 2664 83 40 the
1754 2663 165 49 Ogden
1945 2663 240 49 graduate
2209 2664 164 42 school

376 2720 53 40 of
456 2719 186 42 science
668 2720 53 40 of
747 2720 83 40 the
857 2719 285 49 University
1169 2719 53 41 of
1251 2719 210 49 Chicago
1489 2730 56 31 as
1573 2731 27 29 a
1631 2720 319 42 dissertation
1978 2719 83 43 for
2088 2721 83 41 the
2200 2721 173 49 degree

374 2776 54 41 of
456 2778 168 40 doctor
650 2777 52 40 of
730 2777 289 49 philosophy
1047 2777 51 40 in
1126 2777 83 41 the
1238 2778 310 48 department
1575 2776 53 42 of
1654 2776 441 50 geology.”—Pref.

445 2833 379 50 Bibliography:
854 2845 44 38 p.
926 2835 159 41 74-77.

373 2887 54 54 ©
452 2893 116 47 May
591 2894 39 45 1,
655 2892 115 41 1928;
823 2894 69 40 2c.
918 2893 127 39 June
1069 2892 54 40 11;
1179 2892 83 42 aff.
1289 2893 127 40 June
1437 2893 58 40 25;
1549 2893 43 39 A
1617 2893 203 41 1082303;
1876 2893 285 49 University
2188 2893 51 41 of
442 2892 1914 106 Chicago,

598 2949 225 49 Chicago.
885 2948 280 51 (28-16632)

370 3030 263 62 Elsbree,
665 3030 243 54 Willard
942 3030 392 64 Slingerland.

447 3109 251 53 Teacher
736 3114 274 48 turnover
1048 3108 60 53 in
1148 3109 99 53 the
1286 3109 160 53 cities
1486 3110 114 52 and
1641 3108 240 70 villages
1922 3107 66 55 of
2027 3110 142 53 New
2212 3107 164 56 York

374 3186 1976 147 state, by Willard S. Elsbree … New York city, Teachers college,
545 3264 301 55 Columbia
875 3265 337 68 university,
1248 3267 150 52 1928.

443 3348 27 40 3
498 3359 45 37 p.
608 3378 8 17 l.,
647 3347 54 41 88
732 3358 44 37 p.
804 3347 111 42 incl.
943 3348 170 40 forms.
1170 3348 148 40 23½ᶜᵐ.
1386 3349 265 48 (Teachers
1681 3350 191 47 college,
1903 3347 252 42 Columbia
377 3349 1979 101 university.

545 3403 368 41 Contributions
938 3406 50 39 to
1017 3404 273 44 education,
1317 3415 77 31 no.
1420 3404 111 49 300)

376 3457 52 52 ©
455 3462 115 47 May
595 3462 68 46 17,
691 3461 141 48 1928;
860 3462 68 40 2c.
955 3462 128 40 June
1107 3463 54 38 11:
1220 3462 83 41 aff.
1331 3463 114 47 May
1470 3463 54 40 31;
1582 3463 42 39 A
1649 3463 230 47 3074982;
1909 3463 243 40 Teachers
2179 3463 192 48 college,

444 3518 251 40 Columbia
721 3518 130 41 univ.
913 3518 280 49 (28-16544)

368 3607 240 63 Genest,
641 3598 208 71 Émile,
883 3628 178 49 comp.

441 3682 109 53 Les
576 3682 173 54 belles
778 3683 267 54 citations
1073 3685 68 52 de
1169 3685 56 52 la
1255 3684 323 54 littérature
1609 3684 295 70 étrangère
1935 3684 298 70 suggérées
2265 3702 106 51 par

373 3760 81 53 les
492 3765 147 48 mots
679 3766 54 48 et
771 3761 80 53 les
888 3761 170 65 idées,
1096 3762 210 53 suivies
1347 3762 134 53 d’un
1523 3762 173 54 index
1738 3762 403 68 alphabétique
2180 3762 81 54 les
2308 3761 57 69 [!]

367 3855 162 34 noms
557 3838 96 52 des
681 3843 229 48 auteurs
937 3839 152 53 cités.
1151 3839 57 53 A
1235 3840 213 66 l’usage
1476 3841 97 52 des
1598 3841 180 52 élèves
1804 3841 97 52 des
1927 3841 201 52 hautes
2154 3841 220 66 classes,

373 3915 1935 72 des journalistes, des gens du monde, etc., par Émile Genest …
373 3993 187 69 Paris,
585 3995 66 53 F.
678 3995 253 69 Nathan,
959 3998 151 52 1926.
