2498 4384
1256 4096 133 49 1582

315 433 124 51 The
479 430 217 64 college
742 430 294 56 Standard
1076 429 326 70 dictionary
1441 430 65 54 of
1545 432 97 52 the
1684 430 249 70 English
1971 432 359 68 language—

381 509 327 57 Continued

383 591 628 49 xvi, 1309 p. illus. 24 ᶜᵐ.
384 647 266 42 Published
687 647 131 42 1928.

321 701 1923 52 © Sept. 15, 1928; 2c. and aff. Oct. 16; A 1013; Funk & Wagnalls co.
399 759 282 52 (28-23941)

316 857 304 54 Colorado.
694 858 281 68 Supreme
1026 863 175 47 court.

391 932 1939 73 Cases argued and determined … terms of September, 1927,
320 1014 116 53 and
469 1014 264 68 January
768 1014 113 52 and
915 1012 194 68 April,
1145 1015 152 50 1928.
1368 1012 243 53 Newton
1648 1011 62 55 C.
1748 1011 271 69 Garbutt,
2054 1017 275 64 reporter.

361 1134 10 10 v.
402 1094 83 51 83.
553 1090 273 70 Chicago,
856 1090 325 69 Callaghan
1209 1092 49 50 &
1286 1108 99 50 co.,
1417 1093 150 51 1928.

387 1174 402 48 xvi, 650 p. 23 ᶜᵐ.
313 1226 2015 53 © Oct. 20, 1928; 2c. and aff. Oct. 24; A 209; State of Colorado, Denver.
317 1369 123 53 The
486 1367 230 54 concise
764 1367 294 56 Standard
1103 1367 327 68 dictionary
1474 1368 64 53 of
1580 1368 97 53 the
1721 1367 250 70 English
2013 1367 316 70 language;

386 1444 274 70 designed
689 1450 60 47 to
778 1444 131 70 give
936 1445 97 53 the
1062 1444 418 70 orthography,
1509 1444 463 70 pronunciation,
2000 1446 114 53 and
385 1463 1925 130 meaning
515 1523 65 53 of

608 1522 174 54 about
811 1525 190 66 38,000
1029 1523 187 53 words
1247 1523 113 53 and
1389 1523 235 68 phrases
1653 1522 61 53 in
1741 1523 98 53 the
1867 1523 203 69 speech
2098 1524 113 52 and
388 1523 1921 132 literature

642 1601 65 53 of
736 1601 96 53 the
863 1599 560 72 English-speaking
1450 1602 260 67 peoples;
1742 1601 103 54 780
1875 1601 270 69 pictorial
386 1602 1924 145 illustrations;
700 1680 278 69 abridged

1016 1679 154 53 from
1203 1680 97 53 the
1335 1680 172 52 Funk
1540 1682 51 50 &
1625 1680 302 69 Wagnalls
1961 1698 125 35 new
387 1679 1923 133 Standard
531 1759 326 68 dictionary

385 1757 1925 133 of the English language by James C. Fernald …
702 1835 1570 71 New ed., carefully rev. by Frank H. Vizetelly …
387 1916 140 53 New
567 1914 164 53 York
766 1914 114 53 and
918 1914 261 68 London,
1215 1913 173 53 Funk
1422 1916 46 50 &
1502 1914 302 69 Wagnalls
1841 1933 301 52 company,
2182 1919 151 51 1929.

422 1997 620 52 v, [1], 583 p. illus. 16½ ᶜᵐ.
389 2056 266 40 Published
692 2054 129 41 1928.

324 2109 1927 53 © Sept. 15, 1928; 2c. and aff. Oct. 16; A 1011; Funk & Wagnalls co.
401 2169 283 50 (28-23948)

318 2250 211 64 Crane,
562 2248 220 64 Frank,
816 2252 173 51 1861-

391 2328 124 53 The
542 2333 95 48 ten
665 2326 488 54 commandments
1183 2325 236 70 applied
1449 2331 59 48 to
1535 2326 237 53 modern
1801 2326 293 71 behavior,
2123 2327 75 71 by
2229 2329 103 52 Dr.

322 2406 202 54 Frank
552 2405 203 55 Crane.
830 2405 141 53 New
999 2403 181 70 York,
1205 2404 93 54 W.
1325 2404 78 53 H.
1430 2404 158 55 Wise
1615 2407 47 51 &
1688 2423 79 35 co.
1913 2409 85 65 [ᶜ1928]

391 2485 573 52 4 p. l., 13-118 p. 19½ ᶜᵐ.
324 2543 2009 52 © July 20, 1928; 2c. Oct. 15; aff. Sept. 1; A 1053964; Wm. H. Wise & co.
401 2601 285 52 (28-23927)

321 2682 326 64 Cromwell,
693 2681 212 56 Otelia.

457 2760 1880 69 … Thomas Heywood; a study in the Elizabethan drama of
323 2837 1988 151 everyday life, by Otelia Cromwell … New Haven, Yale university press;
805 2917 261 67 London,
1102 2917 78 52 H.
1219 2916 271 69 Milford,
1528 2917 232 55 Oxford
1799 2919 323 70 university
2160 2938 177 51 press,

325 3000 150 51 1928.

392 3077 1694 55 viii, 234 p. diagr. 23 ᶜᵐ. (Yale studies in English, LXXVIII)
392 3136 177 40 Thesis
610 3135 108 49 (PH.
782 3134 227 48 D.)—Yale
1041 3133 290 49 university.

325 3189 1992 109 © Oct. 13, 1928; 2c. Oct. 15; aff. Oct. 16; A 19; O. Cromwell, Washington. (28-24052)
320 3331 267 62 Darrow,
626 3329 185 63 Floyd
850 3328 252 65 Lavern,
1146 3334 173 49 1880-

397 3406 1938 72 St. Nicholas book of science, by Floyd L. Darrow … New
326 3485 1250 70 York, London, The Century co. [ ᶜ19 28]
394 3569 1526 51 xiii, 324 p. front., illus., plates, ports. 19-½ ᶜᵐ. $2,50
327 3621 1703 56 © Oct. 11, 1928; 2c. and aff. Oct. 15; A 1053970; Century co.
404 3681 283 51 (28-23983)

318 3761 294 65 Dearden,
659 3760 242 56 Harold.

395 3840 124 52 The
549 3840 560 68 perfect-mannered
1142 3842 312 53 murderer.

405 3921 83 48 (In
519 3918 203 44 London
754 3919 203 52 Sunday
989 3920 257 52 dispatch)

328 3973 52 53 ©
409 3979 69 41 1c.
505 3979 119 42 Nov.
653 3980 69 47 17,
750 3979 143 49 1928;
923 3980 40 40 A
991 3981 59 40 ad
1081 3980 87 43 int.
1198 3980 145 42 11929;
1402 3982 144 49 pubd.
1577 3982 129 50 Sept.
1735 3984 83 48 23;
1851 3984 61 42 H.
1942 3986 241 46 Dearden,
395 3987 1920 89 London.
