2498 4384
1084 4078 134 51 1519

175 421 327 63 Holzapfel,
531 420 220 53 Rudolf
779 420 210 64 Maria,
1021 423 170 51 1874-

175 497 1978 149 … Welterlebnis; das religiöse leben und seine neugestaltung … 1.
554 582 40 46 t.
659 576 165 66 Jena,
854 577 66 51 E.
950 574 357 68 Diederichs,
1337 577 149 51 1928.

274 657 703 50 v p., 1 l., 269, [1] p. 24 ½ᶜᵐ ·
178 725 1998 52 © Jan. 1, 1928; 1c. Apr. 23; A —Foreign 38643; Eugen Diederichs verlag.
254 785 282 49 (28-23215)

171 878 267 65 Hughes,
471 879 131 63 Ray
634 878 252 64 Osgood,
922 881 170 51 1879-

239 956 1939 69 Community civics, by R. O. Hughes … Boston, New York
173 1034 944 68 [etc.] Allyn and Bacon [ ᶜ1928]
236 1114 925 49 xxii, 641 p. illus., diagrs. 19 ½ᶜᵐ .
236 1173 228 40 Lettered
493 1183 60 28 on
580 1182 141 30 cover:
776 1172 119 39 New
923 1172 133 39 York
1083 1172 199 41 edition.

236 1229 379 48 Bibliography:
644 1240 43 37 p.
716 1228 217 40 620-622.

174 1283 1983 108 © Aug. 15, 1928; 2c. and aff. Oct. 8; A 1053792; R. O. Hughes, Pittsburgh.
466 1338 69 54 [©
560 1341 274 41 additional
856 1344 182 37 matter
1062 1343 96 38 and
1182 1342 211 48 changes
1417 1345 49 38 to
1490 1343 143 48 bring
1655 1343 123 40 book
1803 1344 141 40 down
1970 1346 48 37 to
2045 1344 128 49 date]

251 1399 281 49 (28-23207)

163 1490 1988 148 Elementary community civics, by R. O. Hughes … Boston, New
490 1570 164 53 York
715 1575 120 61 [etc.]
876 1568 183 70 Allyn
1094 1570 114 52 and
1247 1570 195 52 Bacon
1525 1572 152 64 [ᶜ1928]

233 1653 114 47 xvii,
379 1653 100 46 449,
510 1652 57 39 25
596 1663 44 37 p.
714 1652 165 46 front.,
911 1650 129 41 illus.
1101 1651 147 40 19½ᶜᵐ.

171 1706 52 52 ©
256 1711 121 47 Aug.
412 1710 40 48 4,
488 1709 141 46 1928;
665 1709 68 41 2c.
768 1710 96 38 and
899 1708 84 41 aff.
1018 1708 104 41 Oct.
1156 1707 51 47 8;
1245 1708 43 39 A
1323 1708 229 48 1053790;
1591 1709 56 41 R.
1685 1708 53 41 O.
1773 1709 216 48 Hughes,
235 1709 1921 106 Pittsburgh.

471 1762 69 53 [©
576 1765 272 41 additional
881 1767 196 47 matter]
1152 1764 282 49 (28-23206)

235 1857 1937 70 New community civics, by R. O. Hughes … Boston, New
166 1938 162 52 York
386 1942 120 62 [etc.]
545 1937 181 68 Allyn
761 1936 113 53 and
910 1936 194 53 Bacon
1145 1938 194 65 [ᶜ1928]

236 2017 1229 52 xxi, 462 p., 1 l., 33 p. illus., diagrs. 19½ᶜᵐ.
237 2076 352 49 Bibliography:
646 2088 43 37 p.
715 2076 145 40 22-23
889 2078 52 38 at
968 2076 92 39 end;
1120 2075 438 48 “Supplementary
1586 2074 304 42 references”
1920 2081 52 36 at
1999 2077 92 40 end
2120 2077 52 40 of

165 2133 118 41 each
319 2133 217 48 chapter.

166 2187 52 52 ©
251 2190 122 48 Aug.
407 2190 40 48 1,
484 2189 141 46 1928;
660 2190 68 40 2c.
762 2190 96 39 and
893 2188 84 42 aff.
1013 2188 104 41 Oct.
1151 2188 53 47 8;
1243 2189 42 38 A
1318 2188 229 48 1053796;
1587 2188 55 41 R.
1679 2188 54 42 O.
1768 2189 215 48 Hughes,
232 2190 1919 105 Pittsburgh.

460 2242 68 54 [©
555 2246 209 48 changes
789 2245 51 40 in
865 2248 105 37 text
996 2248 48 37 to
1069 2244 144 49 bring
1238 2248 181 37 matter
1445 2246 140 39 down
1612 2248 49 38 to
1687 2246 129 49 date]
245 2303 282 49 (28-23306)

166 2396 1980 148 Problems of American democracy, by R. O. Hughes … Boston,
313 2477 140 53 New
487 2476 163 53 York
706 2481 119 62 [etc.]
863 2475 182 69 Allyn
1079 2475 113 53 and
1225 2476 196 52 Bacon
1461 2478 194 64 [ᶜ1928]

301 2557 1317 51 xx p., 1 l., 616 p., 1 l., 30 p. illus., diagrs. 19½ᶜᵐ.
234 2616 236 42 Contains
512 2614 395 50 bibliographies.

166 2670 52 52 ©
251 2674 116 47 July
398 2673 70 47 23,
501 2672 117 41 1928;
678 2672 67 42 2c.
778 2674 97 38 and
907 2671 83 41 aff.
1025 2671 104 41 Oct.
1161 2671 26 41 8;
1249 2671 42 39 A
1323 2671 205 41 1053804;
1592 2671 56 41 R.
1683 2671 53 42 O.
1769 2672 216 48 Hughes,
232 2673 1919 105 Pittsburgh.

464 2725 69 53 [©
565 2728 274 41 additional
868 2731 196 47 matter]
1135 2728 283 49 (28-23307)

230 2824 56 52 A
339 2823 298 53 text-book
690 2823 60 51 in
804 2822 338 68 citizenship:
1231 2821 354 69 community
1639 2822 190 68 civics,
1885 2823 287 53 economic

160 2899 1984 147 civics, vocational civics. Rev. ed. By R. O. Hughes … Boston,
305 2980 138 52 New
474 2978 164 54 York
672 2984 138 61 [etc.]
845 2978 182 68 Allyn
1057 2978 114 52 and
1200 2978 197 52 Bacon
1473 2981 152 64 [ᶜ1928]

230 3060 1413 52 xxvi p., 1 l., 744 p., 1 l., 39 p. illus., diagrs. 19½ᶜᵐ.
233 3118 129 41 “The
385 3117 145 41 effort
555 3118 42 39 is
621 3119 142 39 made
786 3117 115 40 here
925 3120 48 38 to
999 3117 111 40 deal
1133 3117 123 40 with
1280 3127 146 38 every
1450 3117 129 49 topic
1606 3117 51 41 of
1681 3118 302 47 importance
2009 3118 159 41 which

161 3174 42 40 is
245 3175 191 39 treated
477 3174 51 39 in
570 3174 82 40 the
694 3173 219 41 author’s
955 3174 180 40 earlier
1179 3173 325 49 ‘Community
1546 3174 162 40 civics’
1754 3175 96 39 and
1896 3175 271 41 ‘Economic

159 3230 545 42 civics’.”—Foreword.

231 3287 304 49 “Readings”
576 3289 52 39 at
666 3288 92 39 end
798 3287 52 40 of
886 3287 122 41 each
1047 3287 203 49 chapter;
1321 3286 297 42 “Reference
1658 3288 150 40 books
1847 3287 80 41 for
1968 3289 197 41 teacher

160 3346 95 38 and
282 3343 164 49 pupil”:
506 3355 42 37 p.
577 3344 145 40 27-31
751 3346 52 38 at
831 3345 107 38 end.

166 3396 50 52 ©
241 3401 120 48 Aug.
386 3400 70 48 20,
482 3400 116 41 1928;
651 3401 67 40 2c.
745 3401 96 39 and
867 3400 83 40 aff.
978 3400 103 42 Oct.
1106 3400 27 40 8;
1188 3401 42 39 A
1256 3400 202 41 1053791;
1515 3401 147 47 Allyn
1688 3400 37 41 &
1750 3401 181 40 Bacon.
1988 3398 70 52 [©
231 3402 1917 95 additional
464 3460 180 37 matter

672 3458 96 39 and
795 3457 211 48 changes
1033 3457 302 49 throughout
1364 3461 119 46 text]
1552 3457 282 49 (28-23208)

160 3549 232 65 Hugon,
422 3550 149 54 Paul
598 3550 445 65 Desdemaines,
1078 3555 172 50 1882-

232 3627 122 55 Our
374 3629 190 53 minds
589 3628 112 53 and
724 3647 103 34 our
850 3629 240 53 motives;
1144 3648 31 34 a
1201 3629 326 68 dictionary
1551 3629 64 54 of
1638 3631 214 52 human
1875 3631 291 53 behavior,

160 3705 73 69 by
259 3707 146 51 Paul
432 3706 72 53 D.
531 3706 234 69 Hugon.
841 3707 139 53 New
1008 3707 181 68 York,
1213 3707 262 68 London,
1501 3707 69 55 G.
1598 3709 66 51 P.
1693 3708 299 54 Putnam’s
2019 3727 148 48 sons,

161 3786 149 50 1928.

225 3865 81 47 vii,
327 3867 87 39 475
435 3877 44 37 p.
538 3866 118 41 20ᶜᵐ.

165 3917 52 52 ©
249 3922 103 42 Oct.
382 3923 40 48 5,
454 3922 116 41 1928;
627 3924 68 39 2c.
728 3923 102 42 Oct.
863 3923 51 48 6;
949 3923 84 42 aff.
1066 3923 102 41 Oct.
1200 3924 54 47 8;
1288 3924 42 39 A
1361 3924 230 48 1053824;
1627 3924 52 41 P.
1710 3925 59 40 D.
1802 3925 190 47 Hugon,
2026 3926 136 39 West

232 3979 301 48 Hollywood.
567 3979 145 43 Calif.
781 3980 281 50 (28-23316)
