2498 4384
1306 4049 137 50 1364

440 489 448 48 4 p. l., 306 p. 19½ᶜᵐ.
376 540 53 52 ©
456 544 122 48 Aug.
604 545 71 48 24,
704 545 118 41 1928;
874 546 68 41 2c.
971 548 96 38 and
1095 546 83 41 aff.
1210 547 130 47 Sept.
1368 547 83 46 19;
1482 547 41 38 A
1550 546 231 48 1053379;
1813 548 301 50 Doubleday,
2145 550 168 40 Doran
2342 551 35 40 &

444 611 83 38 co.,
563 601 91 41 inc.
725 601 282 51 (28-21592)

373 693 279 66 Murphy,
683 695 243 54 Patrick
959 695 265 64 Charles,
1258 699 171 50 1883-

441 773 277 56 Shadows
754 773 65 54 of
853 775 95 52 the
982 775 256 68 gallows,
1273 774 76 69 by
1385 774 239 55 Patrick
1662 775 63 56 C.
1761 776 259 71 Murphy
2067 776 133 70 (life
367 778 1990 127 prisoner

548 852 61 53 in
654 853 97 52 the
795 853 185 52 Idaho
1026 859 145 46 state
1216 852 418 71 penitentiary)
1743 853 317 70 [Caldwell,
2105 856 110 68 Id.,
2259 857 121 53 The

369 929 877 70 Caxton printers, ltd., ᶜ1 928]
439 1012 1192 49 192 p. incl. front., illus., ports. plates. 24 ᶜᵐ.
441 1070 334 40 “Authorities
802 1069 281 41 consulted”:
1143 1070 276 41 Foreword.

375 1123 53 52 ©
462 1128 121 48 Aug.
616 1128 39 47 1,
690 1127 141 42 1928;
867 1128 68 40 2c.
969 1127 121 48 Aug.
1122 1127 84 47 22;
1245 1127 82 42 aff.
1359 1126 122 50 Aug.
1516 1128 82 47 13;
1634 1128 42 39 A
1710 1127 231 49 1054227;
1979 1130 50 41 P.
2068 1129 49 41 C,
2152 1130 224 48 Murphy,

443 1184 159 48 Boise,
635 1185 71 40 Id.
777 1182 282 50 (28-21539)

369 1276 283 55 National
683 1276 319 54 industrial
1033 1276 350 54 conference
1411 1277 203 54 board.

437 1356 122 53 The
605 1355 160 53 work
810 1355 66 52 of
922 1356 97 51 the
1067 1355 427 53 International
1540 1355 163 55 labor
1750 1356 416 69 organization.
2242 1358 140 53 New

367 1435 181 66 York,
585 1434 276 53 National
899 1434 311 52 industrial
1248 1432 333 54 conference
1617 1434 199 67 board,
1851 1435 127 67 inc.,
2018 1438 152 50 1928.

437 1516 84 48 xii,
550 1516 86 40 197
663 1527 43 37 p.
737 1515 111 41 incl.
880 1516 170 39 tables.
1110 1515 57 40 23½ᶜᵐ.

373 1570 53 52 ©
453 1575 121 47 Aug.
601 1574 70 47 31,
701 1573 118 41 1928;
872 1573 68 40 2c.
969 1574 96 39 and
1094 1572 83 41 aff.
1209 1573 130 48 Sept.
1368 1573 57 39 14;
1483 1574 41 38 A
1551 1572 205 42 1054304;
1814 1574 117 41 Natl.
1975 1574 268 41 industrial
439 1585 1923 86 conference

666 1631 165 47 board,
864 1630 91 40 inc.
1026 1629 258 49 (28-21540)

367 1724 221 53 Nelson
630 1725 298 53 loose-leaf
969 1730 227 63 system,
1239 1724 332 68 preventive
1609 1723 282 54 medicine
1931 1722 195 71 public
2165 1725 215 68 health,

442 1803 283 68 prepared
760 1803 182 52 under
975 1802 96 52 the
1105 1802 282 52 direction
1421 1801 65 54 of
1518 1802 96 52 the
1649 1802 89 52 De
1771 1802 215 53 Lamar
2017 1802 265 53 institute
2317 1801 65 54 of

441 1881 194 68 public
663 1881 214 67 health,
907 1879 302 55 Columbia
1239 1879 336 68 university.
1643 1880 500 68 Editor-in-chief,
2172 1880 208 53 Haven

442 1956 1939 72 Emerson … v. 2. Public health. New York, Edinburgh
448 2037 1149 68 [etc.] Thomas Nelson & sons [ ᶜ1 928]
439 2117 1107 51 xii, 427, 14 p. illus., tables, diagrs. 26 ᶜᵐ.
372 2174 53 52 ©
455 2178 129 47 Sept.
609 2176 70 49 29,
706 2176 114 40 1928;
874 2176 68 41 2c.
968 2177 97 38 and
1092 2175 83 41 aff.
1202 2175 104 41 Oct.
1331 2176 29 38 2;
1413 2175 42 39 A
1480 2173 207 42 1054757;
1741 2175 212 40 Thomas
1980 2176 182 39 Nelson
2187 2176 36 39 &
2251 2186 126 30 sons.

367 2285 315 64 Nordhoff,
712 2283 247 56 Charles
988 2284 289 63 Bernard,
1311 2283 169 55 1887-

443 2364 121 54 The
598 2362 254 69 derelict,
884 2361 230 54 further
1146 2363 343 53 adventures
1522 2360 66 56 of
1622 2360 240 58 Charles
1898 2360 209 58 Seiden
2142 2362 115 55 and
2289 2362 90 55 his

371 2440 1984 134 native friends in the South Seas, by Charles Nordhoff … illustrated
597 2520 76 62 by
710 2519 294 63 Courtney
1037 2518 191 53 Allen.
1302 2519 235 63 Boston,
1574 2519 199 63 Little,
1810 2520 233 62 Brown,
2080 2519 114 54 and
371 2538 1982 130 company,
580 2600 152 51 1928.

444 2678 1000 51 6 p. l. , [3]-242 p. front., plates. 21½ᶜᵐ.
373 2735 53 52 ©
461 2739 129 47 Sept.
624 2738 39 48 6,
697 2737 142 47 1928;
873 2737 68 40 2c.
976 2740 96 38 and
1105 2736 83 42 aff.
1226 2737 129 48 Sept.
1389 2737 82 47 12;
1507 2737 42 40 A
1582 2737 231 49 1054268;
1849 2738 165 48 Little,
2050 2739 193 48 Brown,
2280 2742 95 38 and

440 2804 249 39 company.
761 2793 281 50 (28-21223)

370 2888 269 54 Number
676 2890 87 52 six
799 2889 117 68 Joy
952 2892 199 60 street;
1194 2907 31 33 a
1263 2888 223 69 medley
1523 2887 65 54 of
1622 2907 166 49 prose
1825 2890 52 51 &
1915 2907 158 36 verse
2111 2889 95 53 for
2239 2889 140 69 boys

444 2968 113 52 and
581 2967 160 69 girls,
764 2966 76 69 by
862 2966 225 54 Walter
1112 2966 71 53 de
1204 2966 85 52 La
1312 2965 181 69 Mare,
1521 2965 287 70 Compton
1833 2966 351 70 Mackenzie,
441 2967 1911 131 Eleanor

570 3043 271 69 Farjeon,
866 3044 156 52 Lord
1048 3044 300 68 Dunsany,
1373 3044 128 69 Roy
1527 3044 309 68 Meldrum,
1861 3043 196 55 Mabel
2084 3045 294 69 Marlowe,

441 3123 182 69 Hugh
656 3122 391 67 Chesterman,
1078 3121 322 54 Madeleine
1434 3121 399 71 Nightingale,
1864 3122 292 55 Laurence
442 3123 1911 145 Housman,

628 3201 218 67 Valery
882 3199 259 69 Carrick,
1176 3200 233 52 Marian
1443 3199 192 70 Allen,
1672 3200 299 70 Algernon
2010 3201 366 69 Blackwood,

444 3279 208 53 Ianthe
694 3279 252 67 Jerrold,
988 3279 175 51 Flora
1206 3279 253 67 Forster,
1501 3278 109 53 Ian
1653 3278 279 54 Macnair.
2011 3279 141 54 New
2196 3280 180 69 York,

441 3357 72 53 D.
541 3355 298 69 Appleton
868 3357 112 52 and
1010 3373 301 51 company,
1339 3358 152 51 1928.

445 3438 82 48 vii,
570 3438 71 50 [3],
678 3437 100 49 219,
822 3437 54 50 [1]
917 3449 43 37 p.
1021 3439 86 39 col.
1146 3439 232 38 mounted
1415 3437 165 51 front.,
1619 3438 144 49 illus.,
1804 3440 87 40 col.
1930 3440 233 40 mounted
2203 3440 171 49 plates.

371 3495 60 40 25 ᶜᵐ.
373 3549 53 52 ©
457 3553 129 47 Sept.
614 3553 40 47 7,
683 3552 141 47 1928;
855 3553 68 41 2c.
952 3554 95 38 and
1077 3552 83 40 aff.
1192 3553 130 47 Sept.
1351 3552 82 47 19;
1465 3553 42 39 A
1535 3552 230 49 1054196;
1797 3554 59 40 D.
1887 3554 241 49 Appleton
2157 3554 35 40 &
2224 3565 67 30 co.

451 3609 283 49 (28-21183)

371 3689 200 64 Nunn,
603 3689 228 65 George
864 3690 202 64 Emra,
1100 3694 172 50 1882-

436 3768 204 54 World
675 3785 135 50 map
846 3768 65 52 of
944 3768 316 53 Francesco
1295 3768 216 53 Roselli
1545 3770 199 52 drawn
1778 3787 73 35 on
1885 3788 72 33 an
1992 3770 131 52 oval
367 3768 1985 130 projection

523 3846 113 52 and
670 3846 232 67 printed
937 3845 154 53 from
1123 3864 31 34 a
1188 3846 262 52 woodcut
1483 3846 466 69 supplementing
1979 3846 98 54 the
2109 3846 266 53 fifteenth

367 3927 239 65 century
646 3942 165 50 maps
850 3922 61 54 in
952 3923 96 53 the
1091 3924 204 53 second
1339 3923 217 53 edition
1597 3923 65 54 of
1702 3925 98 52 the
1839 3924 247 54 Isolario
2125 3924 67 53 of
2232 3926 141 52 Bar-
