2498 4384
0 0 0 0 1309
185 522 246 69 waukee,
456 523 162 67 Wis.,
644 522 337 52 Morehouse
1009 519 337 69 publishing
1373 536 79 35 co.;

182 517 1977 153 London, A. R. Mowbray & co. [ ᶜ19 28]
253 677 1059 54 X, 149, [1] p. front., plates, ports. 19 ᶜᵐ.
255 752 184 40 “These
470 752 227 48 chapters
730 761 125 29 were
889 750 245 40 delivered
1167 759 54 30 as
1256 759 28 30 a
1317 748 151 41 series
1502 747 52 41 of
1584 748 211 40 lectures
1828 747 51 39 in
1915 746 68 42 St.
2018 746 165 42 Paul’s

185 811 184 48 chapel,
396 809 194 48 Trinity
619 808 181 48 parish,
830 808 118 39 New
973 808 131 39 York
1131 807 114 47 city,
1274 805 135 49 daily
1436 808 53 38 at
1515 816 126 31 noon
1672 805 49 40 in
1750 806 83 40 the
1861 805 195 40 Advent
183 814 1981 93 season

300 868 52 39 of
379 865 353 42 1926.”—Pref.

183 935 52 52 ©
267 940 128 46 Sept.
425 940 38 41 1,
624 948 9 36 1928;
663 938 68 39 2c.
759 937 96 39 and
884 935 83 40 aff.
999 935 129 48 Sept.
1157 936 52 46 7;
1241 935 41 39 A
1310 933 230 48 1054119;
1573 934 288 40 Morehouse
1891 934 110 48 pub.
2032 943 68 30 co.

261 995 283 48 (28-21078)

178 1088 389 64 Engelhardt,
603 1086 318 63 Zephyrin.

184 1163 1979 134 … [“The earliest books in the New world] by Rev. Zephyrin
281 1245 361 69 Englehardt
684 1243 54 67 [!]
805 1242 62 55 [in
902 1243 98 52 the
1034 1242 148 53 book
1220 1242 257 66 entitled]
1521 1242 124 52 The
1680 1241 280 53 Doctrina
2000 1239 186 68 breve,

183 1324 56 51 in
282 1323 321 66 fac-simile,
642 1320 305 69 published
985 1320 62 52 in
1084 1320 95 52 the
1219 1320 120 67 city
1375 1319 65 53 of
1478 1319 424 67 Tenochtitlan,
1942 1318 243 67 Mexico,

182 1400 151 53 June
377 1403 150 64 1544,
567 1399 75 69 by
684 1398 182 69 Right
908 1398 138 52 Rev.
1090 1398 157 53 Juan
1290 1398 371 68 Zumárraga,
1704 1396 128 53 first
1871 1396 206 69 bishop
2121 1396 66 53 of

181 1475 2005 69 Mexico … Edited by Thomas F. Meehan. New York, The
178 1558 213 53 United
429 1555 188 56 States
650 1554 262 55 Catholic
944 1553 297 54 historical
1273 1554 229 68 society,
1538 1556 150 51 1928.

249 1637 494 50 27 p. facsim. 24½ ᶜᵐ.
185 1705 52 53 ©
274 1711 112 45 May
421 1708 69 47 15,
526 1707 140 47 1928;
704 1707 68 41 2c.
810 1708 114 46 May
959 1707 82 45 21;
1080 1706 82 42 aff.
1199 1706 128 40 June
1362 1706 53 46 9;
1454 1707 41 38 A
1531 1705 229 48 1077878;
1801 1705 179 42 United
2020 1706 165 41 States

254 1765 221 41 Catholic
503 1764 255 40 historical
789 1773 94 30 soc.

183 1860 300 53 Financial
512 1859 344 64 publishing
884 1875 308 48 company.

251 1939 270 67 Monthly
552 1937 153 53 bond
742 1938 212 66 values,
989 1937 261 70 showing
1285 1942 260 47 accurate
1581 1937 265 69 monthly
1881 1937 195 52 values
2112 1954 72 35 on

182 2016 177 53 bonds
399 2017 114 51 and
552 2016 163 52 other
756 2015 350 53 redeemable
1149 2016 291 53 securities
1481 2015 221 69 paying
1741 2014 239 54 interest
182 2014 1976 149 semiannually,

530 2094 204 69 giving
793 2094 192 53 values
1046 2099 261 48 accurate
1366 2098 60 49 to
1485 2095 98 52 the
1640 2098 224 48 nearest
1923 2099 128 47 cent
2111 2111 72 34 on

180 2171 331 68 $1,000,000,
551 2172 304 68 computed
898 2172 114 53 and
1055 2172 284 68 compiled
1380 2173 76 68 by
1499 2172 304 53 Financial
1846 2172 339 69 publishing

182 2249 2000 71 company … Boston, New York [etc.] Financial publishing
182 2327 1661 71 company; London, G. Routledge & sons, ltd. [ ᶜ19 28]
249 2410 786 49 viii, 1492 p. diagr. 36 x 19 ᶜᵐ.
181 2465 51 52 ©
258 2469 120 47 Aug.
402 2469 71 47 29,
498 2469 116 40 1928:
666 2469 68 41 2c.
759 2470 121 47 Aug.
905 2469 53 40 31;
1016 2469 83 41 aff.
1129 2469 129 48 Sept.
1285 2469 23 39 1;
1366 2470 40 38 A
1432 2468 231 48 1053150;
1694 2469 256 40 Financial
1977 2469 110 47 pub.
2115 2480 68 30 co.

259 2525 282 49 (28-21065)

179 2621 295 61 Forester,
509 2619 153 54 Cecil
696 2620 186 62 Scott,
919 2623 170 50 1899-

175 2697 1985 147 The daughter of the Hawk, by C. S. Forester … Indianapolis, The Bobbs-Merrill company [ᶜ1928]
242 2858 86 40 304
362 2869 42 38 p.
465 2858 58 41 19½ᶜᵐ.

245 2915 199 40 London
475 2915 185 41 edition
700 2915 153 48 (John
884 2915 157 46 Lane)
1080 2916 89 39 has
1200 2915 136 40 title:
1370 2916 101 39 The
1502 2916 200 39 shadow
1732 2915 52 40 of
1813 2916 81 39 the
1926 2916 174 40 Hawk.

179 2967 51 52 ©
258 2972 121 48 Aug.
407 2972 70 45 24,
508 2971 139 47 1928;
681 2972 67 40 2c.
779 2973 96 39 and
904 2971 83 41 aff.
1019 2971 128 48 Sept.
1178 2971 53 46 6;
1264 2973 41 38 A
1333 2971 202 41 1053211;
1599 2971 371 41 Bobbs-Merrill
2000 2982 69 30 co.

260 3028 281 49 (28-20923)

178 3123 307 62 Freeman,
518 3123 202 52 James
751 3122 274 63 Edward,
1093 3141 74 50 bp.,
1201 3126 173 50 1866-

250 3200 1872 69 Voices of assurance, by the Rt. Rev. James E. Freeman …
179 3278 1979 146 Milwaukee, Morehouse publishing co.; London, A. R. Mowbray & co. [ ᶜ19 28]
254 3438 1929 50 x p., 1 l., 71, [1] p. front. (port.) 18 ᶜᵐ. (Half-title: Washington
181 3496 254 39 cathedral
467 3495 176 47 series)

252 3552 170 40 “Brief
444 3563 232 37 synopses
702 3552 52 39 of
777 3563 218 29 sermons
1022 3553 240 47 preached
1289 3552 49 40 in
1367 3554 81 39 the
1475 3552 323 48 Washington
1823 3553 362 42 cathedral.”—

181 3608 130 40 Pref.

182 3661 1891 55 © Sept. 1. 1928; 2c. and aff. Sept. 7: A 1054118; Morehouse pub. co.
261 3723 282 48 (28-21077)

182 3816 226 62 Frisch,
444 3817 183 53 Felix.

315 3893 1867 70 … Das “vegetative system” der epileptiker, von dr. Felix
183 3971 1194 72 Frisch … Berlin, J. Springer, 1928.
