2498 4384
1099 4068 135 44 1483

266 480 226 40 Lettered
520 491 60 28 on
607 490 141 30 cover:
805 480 175 39 Edited
1008 480 59 47 by
1097 480 142 38 Mark
1265 479 105 39 Van
1397 479 176 40 Doren.

267 536 294 48 “Reprinted
594 536 127 40 from
756 538 79 38 the
865 536 106 41 first
1003 536 182 40 edition
1218 535 52 40 of
1301 535 128 46 1841,
1461 535 158 40 which
1650 537 94 38 had
1778 535 107 40 title
1915 536 101 40 The
194 538 2006 95 West-over

339 593 372 48 manuscripts.”
773 593 261 40 Published
1068 591 119 41 with
1220 591 248 41 additions
1504 592 47 39 in
1617 592 54 40 1866
1734 593 154 39 under
1919 592 109 41 title:
194 593 1989 105 History

339 649 1861 49 of the dividing line, and other tracts … (Historical documents
191 707 125 40 from
347 708 80 40 the
458 707 90 40 Old
581 707 272 42 Dominion,
881 717 76 31 no.
1027 706 116 47 II-III)

530 778 278 47 CONTENTS.—History
844 777 51 40 of
931 778 81 40 the
1047 776 221 49 dividing
1301 776 214 41 line.—A
1549 776 207 48 journey
1795 778 48 38 to
1880 777 82 39 the
1997 776 115 40 land
2148 776 51 41 of

192 835 252 40 Eden.—A
472 846 224 37 progress
725 838 48 37 to
803 835 80 40 the
914 835 166 40 mines.

195 902 51 52 ©
279 907 120 47 Aug.
431 907 56 38 24,
532 906 140 42 1928;
708 906 66 41 2c.
811 906 127 47 Sept.
972 906 81 42 21;
1089 905 82 41 aff.
1208 906 129 46 Sept.
1369 903 83 47 20;
1488 904 39 39 A
1562 903 229 48 1053767;
1828 903 366 48 Macy-Masius,

262 963 89 40 inc.
415 958 71 55 [©
516 962 346 49 introduction]
935 961 281 50 (28-23035)

188 1057 240 63 Chiray,
468 1056 282 64 Maurice,
795 1056 171 55 1877-

186 1133 1987 150 … La vésicule biliaire; anatomie — physiologie — sémiologie— pathologie — thérapeutique.
185 1212 1988 149 Avec un expose de radiologie vésiculaire par A. Lomon … Paris,
1580 1288 614 66 Masson et c ⁱᵉ , 1927.
255 1372 925 51 vii, 568 p. illus., IV col. pl. 25 ᶜᵐ .
255 1444 1095 48 At head of title: M. Chiray … I. Pavel.
257 1501 422 50 “Bibliographie”
706 1505 50 37 at
783 1502 92 39 end
902 1501 52 40 of
978 1502 116 39 each
1124 1501 216 47 chapter.

191 1570 1945 52 © Sept. 1, 1927; 1c. Mar. 16, 1928; A—Foreign 38164; Masson & cie.
267 1630 280 50 (28-23082)

186 1725 241 64 Corliss,
462 1724 155 54 John
654 1723 297 64 Blaisdell,
990 1723 170 54 1877-

259 1799 1932 71 Peace versus politics, by John B. Corliss, jr. … Detroit,
187 1882 121 53 The
334 1881 220 68 Utopia
581 1899 176 50 press,
786 1881 151 52 1928.

257 1960 489 50 xiv, 109 p. 19½ ᶜᵐ .
188 2016 52 53 ©
272 2021 128 48 Sept.
428 2020 56 40 27,
526 2019 117 41 1928;
698 2020 68 40 2c.
797 2020 128 47 Sept.
953 2019 56 39 29;
1067 2018 82 41 aff.
1179 2018 104 41 Oct.
1312 2018 52 46 1;
1394 2018 41 39 A
1464 2017 230 47 1054770;
1727 2019 44 41 J.
1803 2020 53 38 B.
1887 2019 197 45 Corliss,
2115 2020 75 48 jr.,

254 2077 207 41 Detroit.
531 2076 282 48 (28-22932)

184 2170 249 65 Cornell,
466 2170 257 55 William
756 2169 220 65 Bouck,
1014 2174 168 50 1883-

253 2249 324 54 Industrial
623 2248 397 69 organization
1068 2248 112 53 and
1227 2252 418 65 management,
1689 2248 76 69 by
1809 2248 264 54 William
2120 2250 67 51 B.

187 2326 1846 70 Cornell … New York, The Ronald press company [ᶜ 1928]
252 2409 1198 49 xiii, 653 p. incl. illus., forms, diagrs. 22 ᶜᵐ .
250 2481 352 48 Bibliography:
670 2492 43 37 p.
753 2480 218 41 635-643.

185 2548 51 52 ©
268 2552 128 48 Sept.
425 2551 70 48 25,
525 2551 113 41 1928;
695 2551 68 41 2c.
793 2550 102 42 Oct.
924 2552 26 38 4;
1011 2550 81 42 aff.
1126 2551 129 48 Sept.
1284 2551 59 39 28;
1399 2551 40 40 A
1469 2550 202 42 1053723;
1733 2552 189 40 Ronald
1953 2563 136 37 press
2120 2564 68 30 co.

262 2609 282 49 (28-22953)

180 2703 329 64 Crawford,
546 2703 211 55 Stuart
792 2703 65 55 L.

251 2782 121 53 The
401 2782 444 68 interpretation
875 2781 65 55 of
968 2782 155 54 cider
1153 2782 239 70 vinegar
1422 2783 277 68 analyses,
1730 2782 139 54 with
1904 2783 280 69 proposed

181 2861 231 52 method
450 2860 94 53 for
577 2861 94 52 the
709 2861 281 53 detection
1028 2860 64 53 of
1128 2861 347 67 evaporated
1514 2862 172 67 apple
1722 2862 272 67 products
181 2862 1981 145 vinegar,

328 2937 1857 70 by S. L. Crawford and J. M. Ward … Rochester, N. Y.,
180 3015 308 55 American
522 3017 154 53 cider
709 3017 239 69 vinegar
982 3016 480 54 manufacturers’
1498 3017 359 66 association,
1896 3021 149 50 1928.

246 3099 518 49 2 p. l., 3-60 p. 19 ½ᶜᵐ.
182 3152 51 52 ©
263 3156 119 48 Aug.
413 3156 69 46 24,
514 3155 140 46 1928;
686 3157 66 39 2c.
784 3157 94 39 and
910 3156 82 41 aff.
1025 3157 129 47 Sept.
1184 3157 83 41 24;
1300 3157 38 38 A
1371 3157 230 47 1054768;
1638 3156 43 42 S.
1715 3157 51 41 L.
1798 3156 256 42 Crawford
2088 3159 96 38 and

248 3213 167 39 James
445 3214 62 40 M.
539 3213 163 47 Ward,
736 3213 280 41 Rochester.
1087 3213 282 49 (28-22944)

171 3306 195 63 Cross,
402 3306 148 63 Roy.

243 3384 54 53 A
329 3385 308 53 handbook
671 3384 64 54 of
769 3385 334 68 petroleum,
1138 3385 231 68 asphalt
1405 3385 112 52 and
1554 3385 232 52 natural
1820 3404 129 50 gas;
173 3385 1987 129 physical

293 3463 112 52 and
442 3462 271 54 chemical
751 3464 337 67 properties,
1124 3463 436 68 specifications,
1593 3463 261 53 methods
1888 3462 65 54 of
171 3464 1988 141 analysis,

295 3541 314 52 economics
640 3541 113 52 and
786 3542 292 55 statistics,
1110 3540 248 70 refining
1390 3559 301 50 processes,
1725 3546 244 63 patents,
2001 3540 183 55 tables

171 3617 1988 131 and bibliography, by Roy Cross … (1928 revision) Kansas
296 3694 153 69 City,
481 3697 134 66 Mo.,
645 3697 229 53 Kansas
908 3696 137 70 City
1076 3697 216 69 testing
1322 3697 332 69 laboratory
1712 3699 152 65 [1928]

243 3777 85 41 832
365 3788 44 37 p.
470 3777 129 41 illus.
627 3777 134 49 (incl.
799 3778 163 49 maps)
1010 3779 178 47 diagrs.
1252 3779 116 40 21ᶜᵐ.
1439 3778 239 50 ([Kansas
1718 3778 111 49 City
1867 3778 181 48 testing
172 3778 1993 104 laboratory]
447 3834 218 41 Bulletin
690 3846 77 30 no.
793 3834 81 47 25)

241 3890 351 49 Bibliography:
648 3903 44 37 p.
721 3891 218 42 790-799.

180 3942 51 53 ©
262 3947 117 49 July
407 3949 40 46 1,
479 3947 140 48 1928;
652 3949 68 40 2c.
754 3949 128 48 Sept.
912 3949 83 47 28;
1030 3948 83 43 aff.
1145 3948 104 42 Oct.
1280 3948 52 48 8;
1366 3949 42 40 A
1437 3948 231 49 1054848;
1703 3949 54 43 R.
1791 3949 159 48 Cross,
1983 3948 198 40 Kansas

247 4003 123 49 City,
402 4006 95 41 Mo.
564 4005 281 50 (28-23027)
