2498 4384
1277 4086 136 49 1460

341 439 335 63 Marchant,
707 439 99 54 Sir
836 439 222 65 James,
1092 439 171 55 1867-

407 517 1939 70 Deeds done for Christ, by Sir James Marchant … New
338 596 165 52 York
537 597 114 51 and
684 596 260 67 London,
977 596 235 68 Harper
1246 598 46 50 &
1324 596 279 68 brothers,
1641 599 151 50 1928.

408 678 83 40 xvi
517 689 58 37 p.,
605 678 24 39 1
694 709 8 15 l.,
730 677 99 47 335,
905 697 11 30 [1]
946 689 45 38 p.
1050 678 147 41 19½ᶜᵐ.

409 735 162 40 “First
599 734 227 41 edition.”

345 788 51 53 ©
431 791 128 50 Sept.
590 792 69 48 13,
690 792 118 40 1928;
862 793 69 41 2c.
962 792 97 40 and
1088 791 83 42 aff.
1205 791 103 41 Oct.
1339 792 52 47 1;
1424 791 43 40 A
1496 790 230 49 1054680;
1760 792 194 49 Harper
1984 792 37 41 &
2050 793 126 40 bros.

423 850 282 48 (28-22584)

339 928 313 65 Mathews,
686 928 156 54 John
875 928 230 63 Mabry,
1143 932 173 49 1883-

414 1007 309 53 American
759 1006 229 69 foreign
1023 1006 301 66 relations;
1364 1006 245 52 conduct
1644 1005 113 53 and
1792 1007 252 66 policies,
2079 1005 77 70 by
2191 1005 159 56 John

342 1083 2005 71 Mabry Mathews … New York and London, The Century co.
424 1167 119 64 [ ᶜ1 928]
415 1246 103 47 xiii,
551 1245 87 42 700
667 1256 43 37 p.
769 1245 117 40 23ᶜᵐ.
955 1244 253 48 (Lettered
1241 1253 61 30 on
1333 1254 165 30 cover:
1528 1244 101 41 The
1662 1244 216 48 Century
1910 1243 221 50 political
2164 1244 187 41 science

341 1303 178 48 series)
643 1300 131 51 $4.00

410 1367 138 42 With
575 1366 189 41 certain
792 1366 210 48 changes
1030 1376 261 37 necessary
1319 1369 48 37 to
1396 1365 143 49 bring
1567 1366 85 41 the
1678 1365 220 42 author’s
1928 1366 150 48 work,
2108 1366 102 40 The
342 1376 1985 88 conduct

482 1423 53 41 of
556 1423 259 40 American
839 1422 192 48 foreign
1056 1422 252 48 relations,
1334 1433 65 37 up
1423 1425 47 37 to
1498 1423 126 46 date,
1652 1422 81 40 the
1759 1422 229 40 material
2014 1422 52 39 in
2090 1423 108 40 that
2223 1422 122 41 book

342 1478 1755 50 has been incorporated in pt. II of the present volume, cf. Pref.
416 1536 360 47 “References”,
794 1538 53 39 at
872 1537 92 39 end
990 1536 52 41 of
1068 1539 125 37 most
1220 1536 53 41 of
1299 1535 83 42 the
1408 1536 242 48 chapters.

346 1589 51 52 ©
430 1594 129 47 Sept.
585 1594 70 46 21,
683 1593 142 48 1928;
854 1594 68 40 2c.
950 1594 96 39 and
1075 1593 82 40 aff.
1189 1593 130 48 Sept.
1346 1593 83 48 25;
1460 1593 41 39 A
1528 1592 231 48 1054599;
1793 1592 216 49 Century
2036 1603 69 31 co.

424 1650 282 49 (28-22564)

338 1730 290 63 Maxwell,
659 1729 257 54 William
947 1729 360 63 Babington.

413 1807 1940 70 We forget because we must, by W. B. Maxwell … London.
343 1887 371 52 Hutchinson
743 1888 47 50 &
820 1904 97 49 co.,
949 1886 106 53 ltd.
1113 1888 153 64 [1928]

410 1970 87 40 288
517 1980 44 37 p.
622 1969 145 40 19½ᶜᵐ.

346 2022 2003 52 © 1c. Sept. 8, 1928; A ad int. 11623; pubd. July 13; W. B. Maxwell,
415 2084 213 40 London.
698 2081 281 50 (28-22881)

341 2165 219 62 Moore,
590 2164 249 54 Charles
864 2163 179 53 Irwin
1072 2162 283 65 Douglas,
1387 2167 172 49 1865-

417 2243 122 53 The
565 2242 212 54 Pacific
802 2242 223 53 mutual
1051 2240 106 54 life
1183 2242 301 52 insurance
1533 2258 283 51 company
1841 2240 64 54 of
1934 2240 357 68 California;
2319 2259 30 35 a

346 2321 225 69 history
603 2320 65 53 of
697 2320 97 53 the
826 2338 282 50 company
1142 2319 114 53 and
1287 2320 97 52 the
1418 2319 399 68 development
1849 2318 65 53 of
1946 2319 75 53 its
345 2319 1982 148 organization,

523 2400 96 53 the
655 2399 238 53 sixtieth
930 2399 377 67 anniversary
1347 2400 329 66 1868-1928,
1714 2397 77 70 by
1830 2396 62 56 C.
1933 2398 49 52 I.
2022 2399 74 52 D.
2136 2398 213 53 Moore.

370 2476 1977 70 [Los Angeles, Times-mirror printing and binding house, ᶜ1 928]
419 2561 28 39 2
470 2572 43 38 p.
560 2593 22 9 l.,
608 2560 156 39 iii-vii
789 2571 57 37 p.,
872 2561 26 37 1
924 2562 44 45 1.,
994 2560 87 39 304
1106 2570 43 38 p.
1209 2558 165 47 front.,
1401 2560 172 46 plates,
1600 2560 165 46 ports.,
1791 2558 218 40 facsims.
2070 2559 147 39 23½ᶜᵐ.

348 2614 52 51 ©
428 2618 117 47 July
572 2617 38 45 5,
639 2617 140 46 1928;
809 2617 67 41 2c.
904 2617 120 47 Aug.
1052 2617 53 46 2;
1137 2615 82 41 aff.
1249 2616 116 47 July
1393 2616 82 46 31;
1506 2616 41 38 A
1575 2615 231 47 1054640;
1837 2615 179 40 Pacific
2044 2617 191 39 mutual
2264 2615 88 41 life

416 2675 260 39 insurance
709 2685 67 29 co.
812 2673 51 40 of
898 2672 287 48 California,
1222 2673 95 39 Los
1351 2672 220 48 Angeles.
1647 2672 282 50 (28-22451)

342 2740 211 64 Nevill,
594 2740 155 53 John
794 2740 356 54 Cranstoun.

417 2818 123 52 The
571 2823 231 63 strange
836 2817 387 68 companions,
1256 2817 78 69 by
1366 2817 158 53 John
1560 2815 327 55 Cranstoun
1921 2817 211 53 Nevill.
346 2817 1983 145 London,
505 2895 285 67 Jarrolds,
816 2894 225 54 limited
1075 2897 173 64 [1928]

418 2977 365 48 288 p. 19½ ᶜᵐ .
349 3030 2004 56 © 1c. Oct. 3, 1928; A ad int. 11719; pubd. Aug. 10; Little, Brown, and
417 3101 249 38 company,
700 3091 198 40 Boston.
969 3090 283 49 (28-23672)

344 3157 307 62 Newman,
682 3155 255 54 Edward
966 3155 257 55 William
1253 3154 232 65 Poison,
1519 3155 171 55 1887-

421 3233 179 55 Great
635 3233 233 53 Britain
902 3233 62 53 in
998 3234 218 68 Egypt,
1252 3232 77 71 by
1362 3232 196 69 Major
1593 3233 67 53 E.
1696 3233 91 55 W.
1825 3234 214 53 Poison
2076 3234 274 53 Newman

413 3309 1877 71 … foreword by General the Rt. Hon. Sir J. G. Maxwell …
350 3389 142 52 with
526 3392 65 49 16
622 3387 289 54 half-tone
942 3389 185 67 plates
1158 3388 115 53 and
1306 3391 33 49 2
1371 3407 179 50 maps.
1619 3389 261 69 London,
1913 3390 256 53 Toronto
2228 3396 119 62 [etc.]

351 3465 217 55 Cassell
596 3467 113 52 and
737 3484 283 52 company
1046 3466 104 53 ltd.
1206 3468 153 65 [1928]

420 3547 1738 50 xvi, 303, [1] p. incl. front., illus. (maps) plates, ports. 22½ ᶜᵐ .
352 3601 2001 54 © 1c. Sept. 20, 1928; A ad int. 11669; pubd. July 26; E. W. P. Newman,
421 3663 274 46 Bracknell,
727 3662 169 47 Berks,
930 3663 237 47 England.
1239 3662 282 50 (28-23228)

347 3726 262 64 Nichols,
643 3726 228 55 Walter
903 3727 354 64 Hammond,
1297 3732 170 49 1866-

422 3804 55 53 A
506 3805 248 69 Morgan
784 3805 277 67 rifleman,
1093 3825 31 33 a
1154 3812 161 62 story
1345 3805 65 53 of
1439 3806 96 52 the
1567 3806 310 54 American
1907 3806 341 65 revolution,
2280 3806 74 68 by

352 3883 2002 69 Walter H. Nichols … illustrated by W. P. Couse. New York.
353 3960 1033 71 London, The Century co. [ ᶜ1 928]
