<alto xmlns="http://www.loc.gov/standards/alto/ns-v3#" xmlns:xlink="http://www.w3.org/1999/xlink" xmlns:xsi="http://www.w3.org/2001/XMLSchema-instance" xsi:schemaLocation="http://www.loc.gov/standards/alto/ns-v3# http://www.loc.gov/alto/v3/alto-3-0.xsd"><Description>
<MeasurementUnit>pixel</MeasurementUnit>
<sourceImageInformation>
<fileName>1928_v25_part001.pdf</fileName>
</sourceImageInformation>
<OCRProcessing ID="IdOcr">
<ocrProcessingStep>
<processingDateTime>2019-04-12</processingDateTime>
<processingSoftware>
<softwareCreator>ABBYY</softwareCreator>
<softwareName>ABBYY Recognition Server</softwareName>
<softwareVersion>4.0</softwareVersion>
</processingSoftware>
</ocrProcessingStep>
</OCRProcessing>
</Description>
<Styles>
<ParagraphStyle ID="StyleId-FFFFFFFF-FFFF-FFFF-FFFF-FFFFFFFFFFFF-" ALIGN="Left" LEFT="0." RIGHT="0." FIRSTLINE="0."/>
<ParagraphStyle ID="StyleId-0ECAC0CE-E1F0-4C69-A1B9-95E16886343B-" ALIGN="Left" LEFT="0." RIGHT="0." FIRSTLINE="0." LINESPACE="8.300000191"/>
<ParagraphStyle ID="StyleId-5C6F7A30-EC6F-4250-A8D3-0AE106DCDB5D-" ALIGN="Left" LEFT="0." RIGHT="0." FIRSTLINE="-13." LINESPACE="11.22999954"/>
<ParagraphStyle ID="StyleId-B258737E-7AF8-4B71-A0BF-0A1420B951F9-" ALIGN="Left" LEFT="0." RIGHT="0." FIRSTLINE="-13." LINESPACE="8.210000038"/>
<ParagraphStyle ID="StyleId-35C0EFA5-E89E-4731-B16E-5D3895F12270-" ALIGN="Block" LEFT="0." RIGHT="0." FIRSTLINE="-12." LINESPACE="11.22999954"/>
<ParagraphStyle ID="StyleId-7BD1F9B4-14BB-4AAF-864B-FED8FEA7DC43-" ALIGN="Left" LEFT="0." RIGHT="0." FIRSTLINE="0."/>
<ParagraphStyle ID="StyleId-CD2DA0E5-536D-42AE-AE16-8D9F5C008D5A-" ALIGN="Block" LEFT="0." RIGHT="0." FIRSTLINE="-12." LINESPACE="10."/>
<ParagraphStyle ID="StyleId-AF408F88-EED5-4CE2-A229-3F852C18D9BD-" ALIGN="Block" LEFT="0." RIGHT="0." FIRSTLINE="-14." LINESPACE="10."/>
<ParagraphStyle ID="StyleId-829CD741-943D-4B7B-9638-57AB73DE2567-" ALIGN="Center" LEFT="0." RIGHT="0." FIRSTLINE="0." LINESPACE="9.399999619"/>
<ParagraphStyle ID="StyleId-B271BDFA-6037-4875-BA99-885A067668E9-" ALIGN="Left" LEFT="0." RIGHT="0." FIRSTLINE="-14." LINESPACE="11.21000004"/>
<ParagraphStyle ID="StyleId-64F9C1D8-EA12-4F65-AD18-B72A4C6B556F-" ALIGN="Center" LEFT="0." RIGHT="0." FIRSTLINE="0." LINESPACE="11.60000038"/>
<ParagraphStyle ID="StyleId-44DA2756-E57B-4EF3-9BA4-FC1C14776DE3-" ALIGN="Left" LEFT="0." RIGHT="0." FIRSTLINE="-12." LINESPACE="12.19999981"/>
<ParagraphStyle ID="StyleId-D1D9AF19-8CA6-4F74-9AEC-1B4545205AD7-" ALIGN="Center" LEFT="0." RIGHT="0." FIRSTLINE="0." LINESPACE="11.60000038"/>
<ParagraphStyle ID="StyleId-3ADA1556-6D19-417D-8046-68449BF368BA-" ALIGN="Left" LEFT="0." RIGHT="0." FIRSTLINE="-13." LINESPACE="12.19999981"/>
<ParagraphStyle ID="StyleId-7443A930-B325-44B5-9AB8-B42B4EC78C89-" ALIGN="Block" LEFT="0." RIGHT="0." FIRSTLINE="13." LINESPACE="8.619999886"/>
<ParagraphStyle ID="StyleId-C9A9E480-E448-4934-9AF8-3D252792E396-" ALIGN="Left" LEFT="0." RIGHT="0." FIRSTLINE="-12." LINESPACE="11.38000011"/>
<ParagraphStyle ID="StyleId-73039842-464C-49B9-9440-4C0D0E749DFE-" ALIGN="Center" LEFT="0." RIGHT="0." FIRSTLINE="0." LINESPACE="11.10000038"/>
<ParagraphStyle ID="StyleId-C51F6AC2-80DA-4C65-849C-6E2D5F548EA4-" ALIGN="Left" LEFT="0." RIGHT="0." FIRSTLINE="0." LINESPACE="7.699999809"/>
<ParagraphStyle ID="StyleId-494190D9-BDDC-4834-A745-6AF520F91CD0-" ALIGN="Block" LEFT="0." RIGHT="0." FIRSTLINE="-12." LINESPACE="11.22999954"/>
<ParagraphStyle ID="StyleId-68D39D31-3386-4B28-8C90-DA9420961D78-" ALIGN="Left" LEFT="0." RIGHT="0." FIRSTLINE="0." LINESPACE="11.60000038"/>
<ParagraphStyle ID="StyleId-DF0CE7C7-E73E-44FE-8867-C904BD7F3F42-" ALIGN="Block" LEFT="0." RIGHT="0." FIRSTLINE="0." LINESPACE="12.19999981"/>
</Styles>
<Layout>
<Page ID="Page200" PHYSICAL_IMG_NR="200" HEIGHT="4384" WIDTH="2498">
<TopMargin HEIGHT="490" WIDTH="2498" VPOS="0" HPOS="0">
</TopMargin>
<LeftMargin HEIGHT="3724" WIDTH="240" VPOS="490" HPOS="0">
</LeftMargin>
<RightMargin HEIGHT="3724" WIDTH="220" VPOS="490" HPOS="2278">
</RightMargin>
<BottomMargin HEIGHT="170" WIDTH="2498" VPOS="4214" HPOS="0">
</BottomMargin>
<PrintSpace HEIGHT="3724" WIDTH="2038" VPOS="490" HPOS="240">
<TextBlock ID="Page200_Block1" HEIGHT="70" WIDTH="124" VPOS="4144" HPOS="1188" LANG="en-US" STYLEREFS="StyleId-A389FA73-2676-447D-AD32-4B555E17D933-">
<TextLine HEIGHT="49" WIDTH="104" VPOS="4155" HPOS="1198">
<String CONTENT="200" HEIGHT="49" WIDTH="104" VPOS="4155" HPOS="1198"/>
</TextLine>
</TextBlock>
<TextBlock ID="Page200_Block2" HEIGHT="3662" WIDTH="2038" VPOS="490" HPOS="240" LANG="en-US" CS="1" STYLEREFS="StyleId-F38666E2-F91E-4414-8C0F-04F262A91EF5-">
<TextLine HEIGHT="54" WIDTH="1740" VPOS="582" HPOS="320" CS="1">
<String LANG="fi" CONTENT="xiii," HEIGHT="48" WIDTH="104" VPOS="588" HPOS="320"/>
<SP HEIGHT="47" WIDTH="25" VPOS="589" HPOS="425"/>
<String LANG="de" CONTENT="89" HEIGHT="42" WIDTH="56" VPOS="587" HPOS="451"/>
<SP HEIGHT="49" WIDTH="25" VPOS="587" HPOS="508"/>
<String LANG="la" CONTENT="p." HEIGHT="37" WIDTH="43" VPOS="599" HPOS="534"/>
<SP HEIGHT="41" WIDTH="53" VPOS="587" HPOS="578"/>
<String LANG="la" CS="1" CONTENT="23&#189;&#7580;&#7504;." HEIGHT="40" WIDTH="148" VPOS="587" HPOS="632"/>
<SP HEIGHT="48" WIDTH="64" VPOS="586" HPOS="781"/>
<String LANG="fi" CONTENT="(Harvard" HEIGHT="49" WIDTH="256" VPOS="585" HPOS="846"/>
<SP HEIGHT="39" WIDTH="24" VPOS="585" HPOS="1103"/>
<String LANG="en-US" CONTENT="bulletins" HEIGHT="41" WIDTH="234" VPOS="583" HPOS="1128"/>
<SP HEIGHT="41" WIDTH="24" VPOS="583" HPOS="1363"/>
<String LANG="en-US" CONTENT="in" HEIGHT="40" WIDTH="51" VPOS="583" HPOS="1388"/>
<SP HEIGHT="29" WIDTH="24" VPOS="595" HPOS="1440"/>
<String LANG="en-US" CONTENT="education." HEIGHT="42" WIDTH="275" VPOS="582" HPOS="1465"/>
<SP HEIGHT="30" WIDTH="61" VPOS="601" HPOS="1741"/>
<String LANG="en-US" CS="1" CONTENT="[no." HEIGHT="30" WIDTH="75" VPOS="592" HPOS="1818"/>
<SP HEIGHT="30" WIDTH="25" VPOS="592" HPOS="1894"/>
<String LANG="en-US" CONTENT="XIII])" HEIGHT="48" WIDTH="140" VPOS="582" HPOS="1920"/>
</TextLine>
<TextLine HEIGHT="54" WIDTH="1372" VPOS="652" HPOS="256" CS="1">
<String CONTENT="&#169;" HEIGHT="53" WIDTH="52" VPOS="653" HPOS="256"/>
<SP HEIGHT="53" WIDTH="27" VPOS="653" HPOS="309"/>
<String CONTENT="Jan." HEIGHT="39" WIDTH="112" VPOS="659" HPOS="337"/>
<SP HEIGHT="40" WIDTH="24" VPOS="658" HPOS="450"/>
<String CONTENT="16," HEIGHT="47" WIDTH="69" VPOS="657" HPOS="475"/>
<SP HEIGHT="48" WIDTH="26" VPOS="656" HPOS="545"/>
<String CONTENT="1928;" HEIGHT="46" WIDTH="141" VPOS="656" HPOS="572"/>
<SP HEIGHT="47" WIDTH="28" VPOS="655" HPOS="714"/>
<String CONTENT="2c." HEIGHT="40" WIDTH="69" VPOS="655" HPOS="743"/>
<SP HEIGHT="30" WIDTH="26" VPOS="665" HPOS="813"/>
<String CONTENT="and" HEIGHT="39" WIDTH="96" VPOS="654" HPOS="840"/>
<SP HEIGHT="39" WIDTH="25" VPOS="654" HPOS="937"/>
<String CONTENT="aff." HEIGHT="41" WIDTH="82" VPOS="653" HPOS="963"/>
<SP HEIGHT="40" WIDTH="28" VPOS="654" HPOS="1046"/>
<String CONTENT="Jan." HEIGHT="40" WIDTH="110" VPOS="654" HPOS="1075"/>
<SP HEIGHT="41" WIDTH="26" VPOS="653" HPOS="1186"/>
<String CONTENT="31;" HEIGHT="47" WIDTH="85" VPOS="653" HPOS="1213"/>
<SP HEIGHT="46" WIDTH="27" VPOS="654" HPOS="1299"/>
<!-- cceid 16B3EF20-6CB2-1014-A20E-B9D6251C946A --><String CONTENT="A" HEIGHT="38" WIDTH="41" VPOS="654" HPOS="1327"/>
<SP HEIGHT="38" WIDTH="27" VPOS="654" HPOS="1369"/>
<String CONTENT="1018638;" HEIGHT="47" WIDTH="231" VPOS="652" HPOS="1397"/>
</TextLine>
<TextLine HEIGHT="41" WIDTH="603" VPOS="651" HPOS="1659">
<String CONTENT="President" HEIGHT="41" WIDTH="257" VPOS="651" HPOS="1659"/>
<SP HEIGHT="38" WIDTH="27" VPOS="654" HPOS="1917"/>
<String CONTENT="and" HEIGHT="39" WIDTH="97" VPOS="653" HPOS="1945"/>
<SP HEIGHT="40" WIDTH="27" VPOS="652" HPOS="2043"/>
<String CONTENT="fellows" HEIGHT="40" WIDTH="191" VPOS="652" HPOS="2071"/>
</TextLine>
<TextLine HEIGHT="51" WIDTH="1395" VPOS="708" HPOS="324">
<String CONTENT="of" HEIGHT="40" WIDTH="52" VPOS="715" HPOS="324"/>
<SP HEIGHT="39" WIDTH="31" VPOS="715" HPOS="377"/>
<String CONTENT="Harvard" HEIGHT="40" WIDTH="232" VPOS="714" HPOS="409"/>
<SP HEIGHT="38" WIDTH="33" VPOS="714" HPOS="642"/>
<String CONTENT="college," HEIGHT="46" WIDTH="193" VPOS="713" HPOS="676"/>
<SP HEIGHT="48" WIDTH="35" VPOS="710" HPOS="870"/>
<String CONTENT="Cambridge," HEIGHT="48" WIDTH="302" VPOS="710" HPOS="906"/>
<SP HEIGHT="47" WIDTH="38" VPOS="711" HPOS="1209"/>
<String CONTENT="Mass." HEIGHT="39" WIDTH="148" VPOS="711" HPOS="1248"/>
<SP HEIGHT="48" WIDTH="69" VPOS="710" HPOS="1397"/>
<String CONTENT="(28-5602)" HEIGHT="50" WIDTH="252" VPOS="708" HPOS="1467"/>
</TextLine>
<TextLine HEIGHT="66" WIDTH="1817" VPOS="804" HPOS="254" STYLEREFS="StyleId-EE2EB268-7CF9-4EEA-8E3D-F5ED6421D844-">
<String CONTENT="Knottnerus-Meyer," HEIGHT="61" WIDTH="627" VPOS="809" HPOS="254"/>
<SP HEIGHT="62" WIDTH="22" VPOS="807" HPOS="882"/>
<String CONTENT="Theodor" HEIGHT="53" WIDTH="271" VPOS="806" HPOS="905"/>
<SP HEIGHT="54" WIDTH="25" VPOS="806" HPOS="1177"/>
<String CONTENT="Christian" HEIGHT="55" WIDTH="308" VPOS="805" HPOS="1203"/>
<SP HEIGHT="52" WIDTH="23" VPOS="806" HPOS="1512"/>
<String CONTENT="Bernhard," HEIGHT="64" WIDTH="332" VPOS="804" HPOS="1536"/>
<SP HEIGHT="60" WIDTH="27" VPOS="808" HPOS="1869"/>
<String CONTENT="1876-" HEIGHT="55" WIDTH="174" VPOS="804" HPOS="1897"/>
</TextLine>
<TextLine HEIGHT="69" WIDTH="1941" VPOS="882" HPOS="322" STYLEREFS="StyleId-29B139C7-E602-46FC-A848-7F3046FCDA8B-">
<String CONTENT="Birds" HEIGHT="53" WIDTH="175" VPOS="888" HPOS="322"/>
<SP HEIGHT="35" WIDTH="29" VPOS="906" HPOS="498"/>
<String CONTENT="and" HEIGHT="53" WIDTH="113" VPOS="887" HPOS="528"/>
<SP HEIGHT="52" WIDTH="28" VPOS="887" HPOS="642"/>
<String CONTENT="beasts" HEIGHT="52" WIDTH="186" VPOS="887" HPOS="671"/>
<SP HEIGHT="35" WIDTH="29" VPOS="903" HPOS="858"/>
<String CONTENT="of" HEIGHT="54" WIDTH="64" VPOS="884" HPOS="888"/>
<SP HEIGHT="53" WIDTH="26" VPOS="884" HPOS="953"/>
<String CONTENT="the" HEIGHT="52" WIDTH="97" VPOS="885" HPOS="980"/>
<SP HEIGHT="53" WIDTH="29" VPOS="884" HPOS="1078"/>
<String CONTENT="Roman" HEIGHT="53" WIDTH="226" VPOS="884" HPOS="1108"/>
<SP HEIGHT="35" WIDTH="28" VPOS="902" HPOS="1335"/>
<String CONTENT="zoo;" HEIGHT="49" WIDTH="130" VPOS="902" HPOS="1364"/>
<SP HEIGHT="49" WIDTH="32" VPOS="902" HPOS="1495"/>
<String CONTENT="some" HEIGHT="36" WIDTH="152" VPOS="901" HPOS="1528"/>
<SP HEIGHT="35" WIDTH="29" VPOS="901" HPOS="1681"/>
<String CONTENT="observations" HEIGHT="54" WIDTH="393" VPOS="882" HPOS="1711"/>
<SP HEIGHT="35" WIDTH="29" VPOS="901" HPOS="2105"/>
<String CONTENT="of" HEIGHT="54" WIDTH="65" VPOS="882" HPOS="2135"/>
<SP HEIGHT="54" WIDTH="30" VPOS="882" HPOS="2201"/>
<String CONTENT="a" HEIGHT="34" WIDTH="31" VPOS="902" HPOS="2232"/>
</TextLine>
<TextLine HEIGHT="71" WIDTH="2015" VPOS="961" HPOS="250" STYLEREFS="StyleId-29B139C7-E602-46FC-A848-7F3046FCDA8B-" CS="1">
<String CONTENT="lover" HEIGHT="51" WIDTH="158" VPOS="968" HPOS="250"/>
<SP HEIGHT="33" WIDTH="34" VPOS="985" HPOS="409"/>
<String CONTENT="of" HEIGHT="53" WIDTH="65" VPOS="965" HPOS="444"/>
<SP HEIGHT="52" WIDTH="34" VPOS="965" HPOS="510"/>
<String CONTENT="animals," HEIGHT="66" WIDTH="261" VPOS="964" HPOS="545"/>
<SP HEIGHT="66" WIDTH="34" VPOS="964" HPOS="807"/>
<String CONTENT="by" HEIGHT="68" WIDTH="77" VPOS="964" HPOS="842"/>
<SP HEIGHT="68" WIDTH="35" VPOS="964" HPOS="920"/>
<String CONTENT="Th." HEIGHT="53" WIDTH="105" VPOS="962" HPOS="956"/>
<SP HEIGHT="53" WIDTH="38" VPOS="962" HPOS="1062"/>
<String CONTENT="Knottnerus-Meyer" HEIGHT="68" WIDTH="587" VPOS="962" HPOS="1101"/>
<SP HEIGHT="34" WIDTH="41" VPOS="980" HPOS="1689"/>
<String CS="1" CONTENT="&#8230;"/>
<SP HEIGHT="48" WIDTH="40" VPOS="966" HPOS="1789"/>
<String CONTENT="translated" HEIGHT="54" WIDTH="320" VPOS="961" HPOS="1830"/>
<SP HEIGHT="53" WIDTH="37" VPOS="962" HPOS="2151"/>
<String CONTENT="by" HEIGHT="69" WIDTH="76" VPOS="962" HPOS="2189"/>
</TextLine>
<TextLine HEIGHT="70" WIDTH="2007" VPOS="1038" HPOS="252" STYLEREFS="StyleId-29B139C7-E602-46FC-A848-7F3046FCDA8B-" CS="1">
<String CONTENT="Bernard" HEIGHT="53" WIDTH="263" VPOS="1044" HPOS="252"/>
<SP HEIGHT="53" WIDTH="26" VPOS="1043" HPOS="516"/>
<String CONTENT="Miall." HEIGHT="52" WIDTH="185" VPOS="1042" HPOS="543"/>
<SP HEIGHT="53" WIDTH="62" VPOS="1041" HPOS="729"/>
<String CONTENT="New" HEIGHT="53" WIDTH="140" VPOS="1041" HPOS="792"/>
<SP HEIGHT="52" WIDTH="27" VPOS="1041" HPOS="933"/>
<String CONTENT="York" HEIGHT="53" WIDTH="164" VPOS="1040" HPOS="961"/>
<SP HEIGHT="53" WIDTH="24" VPOS="1040" HPOS="1126"/>
<String CONTENT="&amp;" HEIGHT="51" WIDTH="46" VPOS="1042" HPOS="1151"/>
<SP HEIGHT="53" WIDTH="24" VPOS="1040" HPOS="1198"/>
<String CONTENT="London," HEIGHT="68" WIDTH="262" VPOS="1040" HPOS="1223"/>
<SP HEIGHT="68" WIDTH="26" VPOS="1040" HPOS="1486"/>
<String CONTENT="The" HEIGHT="53" WIDTH="121" VPOS="1040" HPOS="1513"/>
<SP HEIGHT="56" WIDTH="28" VPOS="1038" HPOS="1635"/>
<String CONTENT="Century" HEIGHT="70" WIDTH="257" VPOS="1038" HPOS="1664"/>
<SP HEIGHT="51" WIDTH="26" VPOS="1057" HPOS="1922"/>
<String CONTENT="co." HEIGHT="35" WIDTH="81" VPOS="1057" HPOS="1949"/>
<SP HEIGHT="34" WIDTH="34" VPOS="1072" HPOS="2031"/>
<String CS="1" CONTENT="[&#7580;1928]" HEIGHT="65" WIDTH="119" VPOS="1042" HPOS="2140"/>
</TextLine>
<TextLine HEIGHT="55" WIDTH="1549" VPOS="1120" HPOS="321" STYLEREFS="StyleId-29B139C7-E602-46FC-A848-7F3046FCDA8B-" CS="1">
<String CONTENT="vi" HEIGHT="40" WIDTH="48" VPOS="1127" HPOS="321"/>
<SP HEIGHT="48" WIDTH="26" VPOS="1127" HPOS="370"/>
<String CONTENT="p.," HEIGHT="38" WIDTH="59" VPOS="1137" HPOS="397"/>
<SP HEIGHT="48" WIDTH="28" VPOS="1126" HPOS="457"/>
<String CONTENT="2" HEIGHT="38" WIDTH="26" VPOS="1126" HPOS="486"/>
<SP/>
<String CS="1" CONTENT="l.," HEIGHT="16" WIDTH="9" VPOS="1156" HPOS="576"/>
<SP HEIGHT="48" WIDTH="28" VPOS="1124" HPOS="586"/>
<String CONTENT="3-378" HEIGHT="40" WIDTH="145" VPOS="1124" HPOS="615"/>
<SP HEIGHT="47" WIDTH="27" VPOS="1124" HPOS="761"/>
<String CONTENT="p." HEIGHT="37" WIDTH="42" VPOS="1134" HPOS="789"/>
<SP HEIGHT="41" WIDTH="58" VPOS="1123" HPOS="832"/>
<String CONTENT="front.," HEIGHT="47" WIDTH="165" VPOS="1123" HPOS="891"/>
<SP HEIGHT="37" WIDTH="29" VPOS="1134" HPOS="1057"/>
<String CONTENT="plates," HEIGHT="48" WIDTH="172" VPOS="1123" HPOS="1087"/>
<SP HEIGHT="38" WIDTH="30" VPOS="1132" HPOS="1260"/>
<String CONTENT="port." HEIGHT="46" WIDTH="125" VPOS="1124" HPOS="1291"/>
<SP HEIGHT="40" WIDTH="55" VPOS="1123" HPOS="1417"/>
<String CS="1" CONTENT="21&#189;" HEIGHT="39" WIDTH="55" VPOS="1123" HPOS="1473"/>
<String STYLE="superscript" CS="1" CONTENT="&#7580;&#7504;"/>
<String CONTENT="." HEIGHT="9" WIDTH="9" VPOS="1154" HPOS="1612"/>
<SP/>
<String CONTENT="$4.00" HEIGHT="50" WIDTH="133" VPOS="1120" HPOS="1737"/>
</TextLine>
<TextLine HEIGHT="53" WIDTH="1776" VPOS="1192" HPOS="257">
<String CONTENT="&#169;" HEIGHT="53" WIDTH="52" VPOS="1192" HPOS="257"/>
<SP HEIGHT="53" WIDTH="32" VPOS="1192" HPOS="310"/>
<String CONTENT="Feb." HEIGHT="40" WIDTH="114" VPOS="1197" HPOS="343"/>
<SP HEIGHT="40" WIDTH="30" VPOS="1197" HPOS="458"/>
<String CONTENT="17," HEIGHT="39" WIDTH="68" VPOS="1197" HPOS="489"/>
<SP HEIGHT="39" WIDTH="31" VPOS="1196" HPOS="558"/>
<String CONTENT="1928;" HEIGHT="41" WIDTH="140" VPOS="1195" HPOS="590"/>
<SP HEIGHT="41" WIDTH="33" VPOS="1195" HPOS="731"/>
<String CONTENT="2c." HEIGHT="40" WIDTH="68" VPOS="1195" HPOS="765"/>
<SP HEIGHT="31" WIDTH="32" VPOS="1204" HPOS="834"/>
<String CONTENT="and" HEIGHT="39" WIDTH="97" VPOS="1194" HPOS="867"/>
<SP HEIGHT="39" WIDTH="29" VPOS="1194" HPOS="965"/>
<String CONTENT="aff." HEIGHT="42" WIDTH="84" VPOS="1192" HPOS="995"/>
<SP HEIGHT="41" WIDTH="31" VPOS="1193" HPOS="1080"/>
<String CONTENT="Feb." HEIGHT="41" WIDTH="113" VPOS="1193" HPOS="1112"/>
<SP HEIGHT="40" WIDTH="30" VPOS="1194" HPOS="1226"/>
<String CONTENT="20;" HEIGHT="48" WIDTH="84" VPOS="1192" HPOS="1257"/>
<SP HEIGHT="46" WIDTH="33" VPOS="1194" HPOS="1342"/>
<!-- cceid 16B4B07D-6CB2-1014-A20E-B9D6251C946A --><String CONTENT="A" HEIGHT="38" WIDTH="41" VPOS="1194" HPOS="1376"/>
<SP HEIGHT="38" WIDTH="30" VPOS="1194" HPOS="1418"/>
<String CONTENT="1061813;" HEIGHT="48" WIDTH="230" VPOS="1192" HPOS="1449"/>
<SP HEIGHT="48" WIDTH="35" VPOS="1192" HPOS="1680"/>
<String CONTENT="Century" HEIGHT="48" WIDTH="217" VPOS="1192" HPOS="1716"/>
<SP HEIGHT="37" WIDTH="29" VPOS="1203" HPOS="1934"/>
<String CONTENT="co." HEIGHT="31" WIDTH="69" VPOS="1202" HPOS="1964"/>
</TextLine>
<TextLine HEIGHT="51" WIDTH="252" VPOS="1252" HPOS="335">
<String CONTENT="(28-5646)" HEIGHT="51" WIDTH="252" VPOS="1252" HPOS="335"/>
</TextLine>
<TextLine HEIGHT="65" WIDTH="600" VPOS="1344" HPOS="251" STYLEREFS="StyleId-EE2EB268-7CF9-4EEA-8E3D-F5ED6421D844-">
<String CONTENT="Laird," HEIGHT="63" WIDTH="199" VPOS="1346" HPOS="251"/>
<SP HEIGHT="62" WIDTH="33" VPOS="1347" HPOS="451"/>
<String CONTENT="Caroline" HEIGHT="56" WIDTH="269" VPOS="1345" HPOS="485"/>
<SP HEIGHT="54" WIDTH="30" VPOS="1344" HPOS="755"/>
<String CONTENT="L." HEIGHT="53" WIDTH="65" VPOS="1344" HPOS="786"/>
</TextLine>
<TextLine HEIGHT="72" WIDTH="1942" VPOS="1422" HPOS="322" STYLEREFS="StyleId-29B139C7-E602-46FC-A848-7F3046FCDA8B-" CS="1">
<String CONTENT="Everyday" HEIGHT="69" WIDTH="311" VPOS="1425" HPOS="322"/>
<SP HEIGHT="68" WIDTH="48" VPOS="1425" HPOS="634"/>
<String CONTENT="English" HEIGHT="70" WIDTH="248" VPOS="1423" HPOS="683"/>
<SP HEIGHT="66" WIDTH="55" VPOS="1424" HPOS="932"/>
<String CS="1" CONTENT="[by]" HEIGHT="66" WIDTH="94" VPOS="1424" HPOS="1004"/>
<SP HEIGHT="68" WIDTH="57" VPOS="1422" HPOS="1099"/>
<String CONTENT="Caroline" HEIGHT="55" WIDTH="268" VPOS="1422" HPOS="1157"/>
<SP HEIGHT="53" WIDTH="48" VPOS="1423" HPOS="1426"/>
<String CONTENT="L." HEIGHT="52" WIDTH="64" VPOS="1423" HPOS="1475"/>
<SP HEIGHT="52" WIDTH="50" VPOS="1423" HPOS="1540"/>
<String CONTENT="Laird" HEIGHT="53" WIDTH="181" VPOS="1422" HPOS="1591"/>
<SP HEIGHT="53" WIDTH="55" VPOS="1422" HPOS="1773"/>
<String CS="1" CONTENT="&#8230;"/>
<SP HEIGHT="53" WIDTH="53" VPOS="1422" HPOS="1887"/>
<String CONTENT="Hallie" HEIGHT="53" WIDTH="200" VPOS="1422" HPOS="1941"/>
<SP HEIGHT="53" WIDTH="49" VPOS="1422" HPOS="2142"/>
<String CONTENT="D." HEIGHT="53" WIDTH="72" VPOS="1422" HPOS="2192"/>
</TextLine>
<TextLine HEIGHT="68" WIDTH="2015" VPOS="1500" HPOS="252" STYLEREFS="StyleId-29B139C7-E602-46FC-A848-7F3046FCDA8B-" CS="1">
<String CONTENT="Walker" HEIGHT="55" WIDTH="236" VPOS="1503" HPOS="252"/>
<SP HEIGHT="32" WIDTH="43" VPOS="1523" HPOS="489"/>
<String CS="1" CONTENT="&#8230;"/>
<SP HEIGHT="54" WIDTH="45" VPOS="1501" HPOS="589"/>
<String CONTENT="Anna" HEIGHT="53" WIDTH="172" VPOS="1501" HPOS="635"/>
<SP HEIGHT="52" WIDTH="38" VPOS="1502" HPOS="808"/>
<String CONTENT="M." HEIGHT="52" WIDTH="80" VPOS="1502" HPOS="847"/>
<SP HEIGHT="52" WIDTH="39" VPOS="1502" HPOS="928"/>
<String CONTENT="Locke" HEIGHT="53" WIDTH="188" VPOS="1501" HPOS="968"/>
<SP HEIGHT="34" WIDTH="44" VPOS="1520" HPOS="1157"/>
<String CS="1" CONTENT="&#8230;"/>
<SP HEIGHT="51" WIDTH="80" VPOS="1502" HPOS="1261"/>
<String CONTENT="Evanston," HEIGHT="66" WIDTH="316" VPOS="1502" HPOS="1342"/>
<SP HEIGHT="67" WIDTH="38" VPOS="1501" HPOS="1659"/>
<String CONTENT="New" HEIGHT="53" WIDTH="140" VPOS="1501" HPOS="1698"/>
<SP HEIGHT="52" WIDTH="49" VPOS="1501" HPOS="1839"/>
<String CONTENT="York," HEIGHT="68" WIDTH="176" VPOS="1500" HPOS="1889"/>
<SP HEIGHT="68" WIDTH="39" VPOS="1500" HPOS="2066"/>
<String CONTENT="Row," HEIGHT="68" WIDTH="161" VPOS="1500" HPOS="2106"/>
</TextLine>
<TextLine HEIGHT="67" WIDTH="966" VPOS="1581" HPOS="251" STYLEREFS="StyleId-29B139C7-E602-46FC-A848-7F3046FCDA8B-" CS="1">
<String CONTENT="Peterson" HEIGHT="52" WIDTH="275" VPOS="1582" HPOS="251"/>
<SP HEIGHT="34" WIDTH="29" VPOS="1599" HPOS="527"/>
<String CONTENT="and" HEIGHT="52" WIDTH="114" VPOS="1581" HPOS="557"/>
<SP HEIGHT="52" WIDTH="31" VPOS="1581" HPOS="672"/>
<String CONTENT="company" HEIGHT="50" WIDTH="282" VPOS="1598" HPOS="704"/>
<SP HEIGHT="50" WIDTH="36" VPOS="1598" HPOS="987"/>
<String CS="1" CONTENT="[&#7580;1926]" HEIGHT="64" WIDTH="119" VPOS="1582" HPOS="1098"/>
</TextLine>
<TextLine HEIGHT="51" WIDTH="490" VPOS="1662" HPOS="352" CS="1">
<String CS="1" CONTENT="v," HEIGHT="17" WIDTH="8" VPOS="1695" HPOS="352"/>
<SP HEIGHT="30" WIDTH="34" VPOS="1683" HPOS="361"/>
<String CONTENT="[1]," HEIGHT="49" WIDTH="73" VPOS="1664" HPOS="396"/>
<SP HEIGHT="48" WIDTH="29" VPOS="1663" HPOS="470"/>
<String CONTENT="506" HEIGHT="40" WIDTH="87" VPOS="1663" HPOS="500"/>
<SP HEIGHT="48" WIDTH="28" VPOS="1663" HPOS="588"/>
<String CONTENT="p." HEIGHT="38" WIDTH="44" VPOS="1673" HPOS="617"/>
<SP HEIGHT="42" WIDTH="61" VPOS="1662" HPOS="662"/>
<String CS="1" CONTENT="19&#7580;&#7504;." HEIGHT="42" WIDTH="118" VPOS="1662" HPOS="724"/>
</TextLine>
<TextLine HEIGHT="49" WIDTH="510" VPOS="1718" HPOS="322">
<String CONTENT="&#8220;Second" HEIGHT="41" WIDTH="215" VPOS="1720" HPOS="322"/>
<SP HEIGHT="46" WIDTH="32" VPOS="1721" HPOS="538"/>
<String CONTENT="printing.&#8221;" HEIGHT="49" WIDTH="261" VPOS="1718" HPOS="571"/>
</TextLine>
<TextLine HEIGHT="53" WIDTH="2008" VPOS="1773" HPOS="257" CS="1">
<String CONTENT="&#169;" HEIGHT="53" WIDTH="52" VPOS="1773" HPOS="257"/>
<SP HEIGHT="53" WIDTH="26" VPOS="1773" HPOS="310"/>
<String CONTENT="Aug." HEIGHT="46" WIDTH="123" VPOS="1779" HPOS="337"/>
<SP HEIGHT="41" WIDTH="24" VPOS="1777" HPOS="461"/>
<String CONTENT="6," HEIGHT="48" WIDTH="40" VPOS="1777" HPOS="486"/>
<SP HEIGHT="47" WIDTH="26" VPOS="1778" HPOS="527"/>
<String CS="1" CONTENT="1926;" HEIGHT="40" WIDTH="118" VPOS="1776" HPOS="554"/>
<SP HEIGHT="46" WIDTH="27" VPOS="1777" HPOS="697"/>
<String CONTENT="2c." HEIGHT="40" WIDTH="67" VPOS="1777" HPOS="725"/>
<SP HEIGHT="30" WIDTH="28" VPOS="1787" HPOS="793"/>
<String CONTENT="and" HEIGHT="40" WIDTH="96" VPOS="1776" HPOS="822"/>
<SP HEIGHT="40" WIDTH="26" VPOS="1776" HPOS="919"/>
<String CONTENT="aff." HEIGHT="42" WIDTH="83" VPOS="1775" HPOS="946"/>
<SP HEIGHT="41" WIDTH="27" VPOS="1776" HPOS="1030"/>
<String CONTENT="Feb." HEIGHT="40" WIDTH="111" VPOS="1776" HPOS="1058"/>
<SP HEIGHT="40" WIDTH="28" VPOS="1776" HPOS="1170"/>
<String CONTENT="11," HEIGHT="47" WIDTH="70" VPOS="1776" HPOS="1199"/>
<SP HEIGHT="46" WIDTH="27" VPOS="1777" HPOS="1270"/>
<String CONTENT="1928;" HEIGHT="47" WIDTH="141" VPOS="1775" HPOS="1298"/>
<SP HEIGHT="45" WIDTH="29" VPOS="1777" HPOS="1440"/>
<!-- cceid 16B56580-6CB2-1014-A20E-B9D6251C946A --><String CONTENT="A" HEIGHT="38" WIDTH="41" VPOS="1777" HPOS="1470"/>
<SP HEIGHT="38" WIDTH="26" VPOS="1777" HPOS="1512"/>
<String CONTENT="1018767;" HEIGHT="48" WIDTH="231" VPOS="1775" HPOS="1539"/>
<SP HEIGHT="47" WIDTH="29" VPOS="1776" HPOS="1771"/>
<String CONTENT="Row," HEIGHT="48" WIDTH="132" VPOS="1776" HPOS="1801"/>
<SP HEIGHT="48" WIDTH="30" VPOS="1776" HPOS="1934"/>
<String CONTENT="Peterson" HEIGHT="39" WIDTH="235" VPOS="1776" HPOS="1965"/>
<SP HEIGHT="40" WIDTH="28" VPOS="1776" HPOS="2201"/>
<String CONTENT="&amp;" HEIGHT="40" WIDTH="35" VPOS="1776" HPOS="2230"/>
</TextLine>
<TextLine HEIGHT="50" WIDTH="393" VPOS="1833" HPOS="325">
<String CONTENT="co." HEIGHT="30" WIDTH="68" VPOS="1845" HPOS="325"/>
<SP HEIGHT="49" WIDTH="69" VPOS="1834" HPOS="394"/>
<String CONTENT="(28-5698)" HEIGHT="50" WIDTH="254" VPOS="1833" HPOS="464"/>
</TextLine>
<TextLine HEIGHT="62" WIDTH="922" VPOS="1927" HPOS="251" STYLEREFS="StyleId-EE2EB268-7CF9-4EEA-8E3D-F5ED6421D844-">
<String LANG="de" CONTENT="Lennes," HEIGHT="60" WIDTH="251" VPOS="1929" HPOS="251"/>
<SP HEIGHT="60" WIDTH="33" VPOS="1929" HPOS="503"/>
<String LANG="en-US" CONTENT="Nels" HEIGHT="53" WIDTH="143" VPOS="1928" HPOS="537"/>
<SP HEIGHT="53" WIDTH="29" VPOS="1928" HPOS="681"/>
<String LANG="en-US" CONTENT="Johann," HEIGHT="61" WIDTH="255" VPOS="1928" HPOS="711"/>
<SP HEIGHT="57" WIDTH="35" VPOS="1932" HPOS="967"/>
<String LANG="en-US" CONTENT="1874-" HEIGHT="54" WIDTH="170" VPOS="1927" HPOS="1003"/>
</TextLine>
<TextLine HEIGHT="71" WIDTH="1944" VPOS="2005" HPOS="321" STYLEREFS="StyleId-29B139C7-E602-46FC-A848-7F3046FCDA8B-" CS="1">
<String CONTENT="Plane" HEIGHT="52" WIDTH="183" VPOS="2008" HPOS="321"/>
<SP HEIGHT="47" WIDTH="32" VPOS="2013" HPOS="505"/>
<String CONTENT="trigonometry," HEIGHT="68" WIDTH="436" VPOS="2008" HPOS="538"/>
<SP HEIGHT="66" WIDTH="33" VPOS="2007" HPOS="975"/>
<String CONTENT="by" HEIGHT="68" WIDTH="76" VPOS="2007" HPOS="1009"/>
<SP HEIGHT="69" WIDTH="33" VPOS="2006" HPOS="1086"/>
<String CONTENT="N." HEIGHT="53" WIDTH="70" VPOS="2006" HPOS="1120"/>
<SP HEIGHT="55" WIDTH="35" VPOS="2006" HPOS="1191"/>
<String CONTENT="J." HEIGHT="55" WIDTH="56" VPOS="2006" HPOS="1227"/>
<SP HEIGHT="53" WIDTH="35" VPOS="2006" HPOS="1284"/>
<String LANG="de" CONTENT="Lennes" HEIGHT="53" WIDTH="221" VPOS="2006" HPOS="1320"/>
<SP HEIGHT="34" WIDTH="40" VPOS="2025" HPOS="1542"/>
<String CS="1" CONTENT="&#8230;"/>
<SP HEIGHT="35" WIDTH="39" VPOS="2024" HPOS="1640"/>
<String CONTENT="and" HEIGHT="53" WIDTH="114" VPOS="2006" HPOS="1680"/>
<SP HEIGHT="53" WIDTH="34" VPOS="2006" HPOS="1795"/>
<String CONTENT="A." HEIGHT="53" WIDTH="72" VPOS="2006" HPOS="1830"/>
<SP HEIGHT="56" WIDTH="38" VPOS="2005" HPOS="1903"/>
<String CONTENT="S." HEIGHT="56" WIDTH="56" VPOS="2005" HPOS="1942"/>
<SP HEIGHT="53" WIDTH="37" VPOS="2006" HPOS="1999"/>
<String CONTENT="Merrill" HEIGHT="53" WIDTH="228" VPOS="2006" HPOS="2037"/>
</TextLine>
<TextLine HEIGHT="70" WIDTH="1952" VPOS="2083" HPOS="313" STYLEREFS="StyleId-29B139C7-E602-46FC-A848-7F3046FCDA8B-" CS="1">
<String CS="1" CONTENT="&#8230;"/>
<SP HEIGHT="34" WIDTH="40" VPOS="2105" HPOS="313"/>
<String CONTENT="with" HEIGHT="52" WIDTH="141" VPOS="2086" HPOS="354"/>
<SP HEIGHT="52" WIDTH="34" VPOS="2086" HPOS="496"/>
<String CONTENT="the" HEIGHT="52" WIDTH="97" VPOS="2086" HPOS="531"/>
<SP HEIGHT="35" WIDTH="34" VPOS="2103" HPOS="629"/>
<String CONTENT="editorial" HEIGHT="52" WIDTH="269" VPOS="2085" HPOS="664"/>
<SP HEIGHT="52" WIDTH="34" VPOS="2085" HPOS="934"/>
<String CONTENT="cooperation" HEIGHT="68" WIDTH="366" VPOS="2084" HPOS="969"/>
<SP HEIGHT="35" WIDTH="36" VPOS="2102" HPOS="1336"/>
<String CONTENT="of" HEIGHT="54" WIDTH="65" VPOS="2083" HPOS="1373"/>
<SP HEIGHT="54" WIDTH="34" VPOS="2083" HPOS="1439"/>
<String LANG="fi" CONTENT="H." HEIGHT="52" WIDTH="76" VPOS="2085" HPOS="1474"/>
<SP HEIGHT="52" WIDTH="38" VPOS="2085" HPOS="1551"/>
<String CONTENT="E." HEIGHT="52" WIDTH="67" VPOS="2085" HPOS="1590"/>
<SP HEIGHT="55" WIDTH="40" VPOS="2084" HPOS="1658"/>
<String CONTENT="Slaught" HEIGHT="69" WIDTH="249" VPOS="2084" HPOS="1699"/>
<SP HEIGHT="48" WIDTH="41" VPOS="2089" HPOS="1949"/>
<String CS="1" CONTENT="&#8230;"/>
<SP HEIGHT="53" WIDTH="77" VPOS="2085" HPOS="2047"/>
<String CONTENT="New" HEIGHT="53" WIDTH="140" VPOS="2085" HPOS="2125"/>
</TextLine>
<TextLine HEIGHT="69" WIDTH="1420" VPOS="2162" HPOS="253" STYLEREFS="StyleId-29B139C7-E602-46FC-A848-7F3046FCDA8B-">
<String CONTENT="York" HEIGHT="54" WIDTH="164" VPOS="2162" HPOS="253"/>
<SP HEIGHT="52" WIDTH="25" VPOS="2164" HPOS="418"/>
<String CONTENT="and" HEIGHT="52" WIDTH="113" VPOS="2164" HPOS="444"/>
<SP HEIGHT="53" WIDTH="26" VPOS="2163" HPOS="558"/>
<String CONTENT="London," HEIGHT="66" WIDTH="260" VPOS="2163" HPOS="585"/>
<SP HEIGHT="66" WIDTH="27" VPOS="2163" HPOS="846"/>
<String CONTENT="Harper" HEIGHT="68" WIDTH="234" VPOS="2163" HPOS="874"/>
<SP HEIGHT="51" WIDTH="25" VPOS="2164" HPOS="1109"/>
<String CONTENT="&amp;" HEIGHT="51" WIDTH="47" VPOS="2164" HPOS="1135"/>
<SP HEIGHT="52" WIDTH="24" VPOS="2163" HPOS="1183"/>
<String CONTENT="brothers," HEIGHT="68" WIDTH="282" VPOS="2162" HPOS="1208"/>
<SP HEIGHT="64" WIDTH="30" VPOS="2166" HPOS="1491"/>
<String CONTENT="1928." HEIGHT="51" WIDTH="151" VPOS="2165" HPOS="1522"/>
</TextLine>
<TextLine HEIGHT="50" WIDTH="811" VPOS="2244" HPOS="352" CS="1">
<String CS="1" CONTENT="x"/>
<SP HEIGHT="37" WIDTH="24" VPOS="2257" HPOS="352"/>
<String CONTENT="p.," HEIGHT="37" WIDTH="59" VPOS="2257" HPOS="377"/>
<SP HEIGHT="47" WIDTH="25" VPOS="2247" HPOS="437"/>
<String CONTENT="1" HEIGHT="38" WIDTH="24" VPOS="2247" HPOS="463"/>
<SP/>
<String CS="1" CONTENT="l.," HEIGHT="16" WIDTH="9" VPOS="2277" HPOS="550"/>
<SP HEIGHT="46" WIDTH="25" VPOS="2247" HPOS="560"/>
<String CONTENT="179" HEIGHT="40" WIDTH="85" VPOS="2245" HPOS="586"/>
<SP HEIGHT="48" WIDTH="24" VPOS="2245" HPOS="672"/>
<String CONTENT="p." HEIGHT="37" WIDTH="44" VPOS="2256" HPOS="697"/>
<SP HEIGHT="40" WIDTH="59" VPOS="2245" HPOS="742"/>
<String CONTENT="diagrs." HEIGHT="49" WIDTH="180" VPOS="2244" HPOS="802"/>
<SP HEIGHT="40" WIDTH="60" VPOS="2245" HPOS="983"/>
<String CS="1" CONTENT="24&#7580;&#7504;." HEIGHT="40" WIDTH="119" VPOS="2245" HPOS="1044"/>
</TextLine>
<TextLine HEIGHT="107" WIDTH="1996" VPOS="2302" HPOS="252" CS="1">
<String CONTENT="With" HEIGHT="40" WIDTH="135" VPOS="2304" HPOS="348"/>
<SP HEIGHT="39" WIDTH="28" VPOS="2304" HPOS="484"/>
<String CONTENT="this" HEIGHT="40" WIDTH="99" VPOS="2303" HPOS="513"/>
<SP HEIGHT="39" WIDTH="26" VPOS="2303" HPOS="613"/>
<String CONTENT="is" HEIGHT="39" WIDTH="42" VPOS="2303" HPOS="640"/>
<SP HEIGHT="39" WIDTH="27" VPOS="2303" HPOS="683"/>
<String CONTENT="bound:" HEIGHT="39" WIDTH="187" VPOS="2303" HPOS="711"/>
<SP HEIGHT="38" WIDTH="32" VPOS="2303" HPOS="899"/>
<String CONTENT="Five-place" HEIGHT="47" WIDTH="273" VPOS="2302" HPOS="932"/>
<SP HEIGHT="37" WIDTH="30" VPOS="2305" HPOS="1206"/>
<String CONTENT="tables:" HEIGHT="40" WIDTH="183" VPOS="2302" HPOS="1237"/>
<SP HEIGHT="38" WIDTH="31" VPOS="2303" HPOS="1421"/>
<String CONTENT="logarithms," HEIGHT="48" WIDTH="303" VPOS="2302" HPOS="1453"/>
<SP HEIGHT="47" WIDTH="29" VPOS="2303" HPOS="1757"/>
<String CONTENT="logarithmic" HEIGHT="47" WIDTH="314" VPOS="2303" HPOS="1787"/>
<SP HEIGHT="41" WIDTH="26" VPOS="2303" HPOS="2102"/>
<String CONTENT="functions," HEIGHT="106" WIDTH="1996" VPOS="2303" HPOS="252"/>
</TextLine>
<TextLine HEIGHT="49" WIDTH="1789" VPOS="2359" HPOS="426" CS="1">
<String CONTENT="natural" HEIGHT="40" WIDTH="200" VPOS="2361" HPOS="426"/>
<SP HEIGHT="39" WIDTH="28" VPOS="2361" HPOS="627"/>
<String CONTENT="functions," HEIGHT="48" WIDTH="265" VPOS="2360" HPOS="656"/>
<SP HEIGHT="37" WIDTH="31" VPOS="2371" HPOS="922"/>
<String CONTENT="compiled" HEIGHT="49" WIDTH="237" VPOS="2359" HPOS="954"/>
<SP HEIGHT="40" WIDTH="27" VPOS="2360" HPOS="1192"/>
<String CONTENT="by" HEIGHT="48" WIDTH="62" VPOS="2360" HPOS="1220"/>
<SP HEIGHT="49" WIDTH="28" VPOS="2359" HPOS="1283"/>
<String CONTENT="N." HEIGHT="42" WIDTH="56" VPOS="2359" HPOS="1312"/>
<SP HEIGHT="41" WIDTH="30" VPOS="2360" HPOS="1369"/>
<String CONTENT="J." HEIGHT="41" WIDTH="45" VPOS="2360" HPOS="1400"/>
<SP HEIGHT="41" WIDTH="29" VPOS="2360" HPOS="1446"/>
<String LANG="de" CONTENT="Lennes" HEIGHT="41" WIDTH="188" VPOS="2360" HPOS="1476"/>
<SP HEIGHT="31" WIDTH="30" VPOS="2370" HPOS="1665"/>
<String CONTENT="and" HEIGHT="40" WIDTH="96" VPOS="2361" HPOS="1696"/>
<SP HEIGHT="40" WIDTH="28" VPOS="2361" HPOS="1793"/>
<String CONTENT="A." HEIGHT="41" WIDTH="56" VPOS="2361" HPOS="1822"/>
<SP HEIGHT="42" WIDTH="32" VPOS="2360" HPOS="1879"/>
<String CONTENT="S." HEIGHT="42" WIDTH="46" VPOS="2360" HPOS="1912"/>
<SP HEIGHT="41" WIDTH="30" VPOS="2361" HPOS="1959"/>
<String CONTENT="Merrill" HEIGHT="41" WIDTH="190" VPOS="2360" HPOS="1990"/>
<SP HEIGHT="40" WIDTH="34" VPOS="2362" HPOS="2181"/>
<String CS="1" CONTENT="&#8230;"/>
</TextLine>
<TextLine HEIGHT="48" WIDTH="1813" VPOS="2418" HPOS="251" CS="1">
<String CONTENT="New" HEIGHT="39" WIDTH="117" VPOS="2420" HPOS="251"/>
<SP HEIGHT="38" WIDTH="31" VPOS="2420" HPOS="369"/>
<String CONTENT="York" HEIGHT="39" WIDTH="133" VPOS="2419" HPOS="401"/>
<SP HEIGHT="39" WIDTH="31" VPOS="2419" HPOS="535"/>
<String CONTENT="and" HEIGHT="39" WIDTH="95" VPOS="2419" HPOS="567"/>
<SP HEIGHT="40" WIDTH="32" VPOS="2418" HPOS="663"/>
<String CONTENT="London," HEIGHT="48" WIDTH="213" VPOS="2418" HPOS="696"/>
<SP HEIGHT="48" WIDTH="33" VPOS="2418" HPOS="910"/>
<String CONTENT="Harper" HEIGHT="47" WIDTH="194" VPOS="2418" HPOS="944"/>
<SP HEIGHT="41" WIDTH="33" VPOS="2421" HPOS="1139"/>
<String CONTENT="&amp;" HEIGHT="41" WIDTH="37" VPOS="2421" HPOS="1173"/>
<SP HEIGHT="44" WIDTH="31" VPOS="2418" HPOS="1211"/>
<String CONTENT="brothers." HEIGHT="41" WIDTH="240" VPOS="2418" HPOS="1243"/>
<SP HEIGHT="41" WIDTH="60" VPOS="2418" HPOS="1484"/>
<String CONTENT="These" HEIGHT="41" WIDTH="158" VPOS="2418" HPOS="1545"/>
<SP HEIGHT="38" WIDTH="31" VPOS="2421" HPOS="1704"/>
<String CONTENT="tables," HEIGHT="47" WIDTH="170" VPOS="2419" HPOS="1736"/>
<SP HEIGHT="36" WIDTH="35" VPOS="2430" HPOS="1907"/>
<String CONTENT="with" HEIGHT="41" WIDTH="121" VPOS="2418" HPOS="1943"/>
</TextLine>
<TextLine HEIGHT="95" WIDTH="2014" VPOS="2429" HPOS="251" CS="1">
<String CONTENT="a" HEIGHT="27" WIDTH="28" VPOS="2431" HPOS="2099"/>
<SP HEIGHT="37" WIDTH="34" VPOS="2429" HPOS="2128"/>
<String CONTENT="preliminary" HEIGHT="94" WIDTH="1997" VPOS="2429" HPOS="251"/>
<SP HEIGHT="37" WIDTH="42" VPOS="2486" HPOS="484"/>
<String CONTENT="chapter," HEIGHT="47" WIDTH="216" VPOS="2476" HPOS="527"/>
<SP HEIGHT="37" WIDTH="43" VPOS="2486" HPOS="744"/>
<String CONTENT="are" HEIGHT="29" WIDTH="85" VPOS="2486" HPOS="788"/>
<SP HEIGHT="29" WIDTH="43" VPOS="2486" HPOS="874"/>
<String CONTENT="also" HEIGHT="39" WIDTH="104" VPOS="2476" HPOS="918"/>
<SP HEIGHT="40" WIDTH="43" VPOS="2475" HPOS="1023"/>
<String CONTENT="issued" HEIGHT="40" WIDTH="164" VPOS="2475" HPOS="1067"/>
<SP HEIGHT="39" WIDTH="44" VPOS="2476" HPOS="1232"/>
<String CONTENT="separately" HEIGHT="48" WIDTH="279" VPOS="2475" HPOS="1277"/>
<SP HEIGHT="37" WIDTH="45" VPOS="2486" HPOS="1557"/>
<String CONTENT="under" HEIGHT="39" WIDTH="154" VPOS="2476" HPOS="1603"/>
<SP HEIGHT="38" WIDTH="44" VPOS="2478" HPOS="1758"/>
<String CONTENT="title:" HEIGHT="41" WIDTH="137" VPOS="2475" HPOS="1803"/>
<SP HEIGHT="39" WIDTH="47" VPOS="2476" HPOS="1941"/>
<String CONTENT="Five-place" HEIGHT="49" WIDTH="276" VPOS="2475" HPOS="1989"/>
</TextLine>
<TextLine HEIGHT="49" WIDTH="1042" VPOS="2532" HPOS="252">
<String CONTENT="logarithmic" HEIGHT="48" WIDTH="311" VPOS="2533" HPOS="252"/>
<SP HEIGHT="30" WIDTH="28" VPOS="2543" HPOS="564"/>
<String CONTENT="and" HEIGHT="39" WIDTH="98" VPOS="2533" HPOS="593"/>
<SP HEIGHT="42" WIDTH="29" VPOS="2533" HPOS="692"/>
<String CONTENT="trigonometric" HEIGHT="48" WIDTH="368" VPOS="2532" HPOS="722"/>
<SP HEIGHT="39" WIDTH="30" VPOS="2534" HPOS="1091"/>
<String CONTENT="tables." HEIGHT="41" WIDTH="172" VPOS="2532" HPOS="1122"/>
</TextLine>
<TextLine HEIGHT="51" WIDTH="1811" VPOS="2587" HPOS="257" CS="1">
<String CONTENT="&#169;" HEIGHT="51" WIDTH="52" VPOS="2587" HPOS="257"/>
<SP HEIGHT="51" WIDTH="27" VPOS="2587" HPOS="310"/>
<String CONTENT="Feb." HEIGHT="40" WIDTH="113" VPOS="2591" HPOS="338"/>
<SP HEIGHT="40" WIDTH="23" VPOS="2591" HPOS="452"/>
<String CONTENT="16," HEIGHT="48" WIDTH="70" VPOS="2590" HPOS="476"/>
<SP HEIGHT="47" WIDTH="26" VPOS="2591" HPOS="547"/>
<String CONTENT="1928;" HEIGHT="47" WIDTH="141" VPOS="2590" HPOS="574"/>
<SP HEIGHT="46" WIDTH="26" VPOS="2591" HPOS="716"/>
<String CONTENT="2c." HEIGHT="40" WIDTH="67" VPOS="2591" HPOS="743"/>
<SP HEIGHT="30" WIDTH="26" VPOS="2601" HPOS="811"/>
<String CONTENT="and" HEIGHT="39" WIDTH="96" VPOS="2591" HPOS="838"/>
<SP HEIGHT="39" WIDTH="26" VPOS="2591" HPOS="935"/>
<String CONTENT="aff." HEIGHT="40" WIDTH="83" VPOS="2590" HPOS="962"/>
<SP HEIGHT="40" WIDTH="27" VPOS="2590" HPOS="1046"/>
<String CONTENT="Feb." HEIGHT="40" WIDTH="110" VPOS="2590" HPOS="1074"/>
<SP HEIGHT="40" WIDTH="26" VPOS="2590" HPOS="1185"/>
<String CONTENT="18;" HEIGHT="46" WIDTH="84" VPOS="2590" HPOS="1212"/>
<SP HEIGHT="47" WIDTH="28" VPOS="2589" HPOS="1297"/>
<!-- cceid 16B62010-6CB2-1014-A20E-B9D6251C946A --><String CONTENT="A" HEIGHT="39" WIDTH="40" VPOS="2589" HPOS="1326"/>
<SP HEIGHT="39" WIDTH="26" VPOS="2589" HPOS="1367"/>
<String CS="1" CONTENT="1018839;" HEIGHT="48" WIDTH="230" VPOS="2589" HPOS="1394"/>
<SP HEIGHT="46" WIDTH="29" VPOS="2591" HPOS="1625"/>
<String CONTENT="Harper" HEIGHT="47" WIDTH="194" VPOS="2591" HPOS="1655"/>
<SP HEIGHT="40" WIDTH="27" VPOS="2590" HPOS="1850"/>
<String CONTENT="&amp;" HEIGHT="40" WIDTH="36" VPOS="2590" HPOS="1878"/>
<SP HEIGHT="40" WIDTH="24" VPOS="2590" HPOS="1915"/>
<String CONTENT="bros." HEIGHT="41" WIDTH="128" VPOS="2591" HPOS="1940"/>
</TextLine>
<TextLine HEIGHT="49" WIDTH="254" VPOS="2647" HPOS="335">
<String CONTENT="(28-5648)" HEIGHT="49" WIDTH="254" VPOS="2647" HPOS="335"/>
</TextLine>
<TextLine HEIGHT="61" WIDTH="438" VPOS="2741" HPOS="255" STYLEREFS="StyleId-EE2EB268-7CF9-4EEA-8E3D-F5ED6421D844-">
<String CONTENT="Lewis," HEIGHT="61" WIDTH="210" VPOS="2741" HPOS="255"/>
<SP HEIGHT="61" WIDTH="28" VPOS="2741" HPOS="466"/>
<String CONTENT="Janet." HEIGHT="54" WIDTH="198" VPOS="2741" HPOS="495"/>
</TextLine>
<TextLine HEIGHT="64" WIDTH="1940" VPOS="2818" HPOS="325" STYLEREFS="StyleId-29B139C7-E602-46FC-A848-7F3046FCDA8B-">
<String CONTENT="The" HEIGHT="52" WIDTH="123" VPOS="2820" HPOS="325"/>
<SP HEIGHT="34" WIDTH="24" VPOS="2838" HPOS="449"/>
<String CONTENT="wheel" HEIGHT="52" WIDTH="178" VPOS="2820" HPOS="474"/>
<SP HEIGHT="52" WIDTH="23" VPOS="2820" HPOS="653"/>
<String CONTENT="in" HEIGHT="52" WIDTH="61" VPOS="2820" HPOS="677"/>
<SP HEIGHT="34" WIDTH="22" VPOS="2838" HPOS="739"/>
<String CONTENT="midsummer," HEIGHT="63" WIDTH="388" VPOS="2819" HPOS="762"/>
<SP HEIGHT="62" WIDTH="24" VPOS="2820" HPOS="1151"/>
<String CONTENT="by" HEIGHT="62" WIDTH="78" VPOS="2820" HPOS="1176"/>
<SP HEIGHT="63" WIDTH="23" VPOS="2819" HPOS="1255"/>
<String CONTENT="Janet" HEIGHT="54" WIDTH="175" VPOS="2819" HPOS="1279"/>
<SP HEIGHT="53" WIDTH="24" VPOS="2819" HPOS="1455"/>
<String CONTENT="Lewis." HEIGHT="54" WIDTH="203" VPOS="2818" HPOS="1480"/>
<SP HEIGHT="53" WIDTH="60" VPOS="2819" HPOS="1684"/>
<String CONTENT="Lynn," HEIGHT="63" WIDTH="189" VPOS="2819" HPOS="1745"/>
<SP HEIGHT="61" WIDTH="25" VPOS="2821" HPOS="1935"/>
<String CONTENT="The" HEIGHT="53" WIDTH="123" VPOS="2820" HPOS="1961"/>
<SP HEIGHT="52" WIDTH="24" VPOS="2821" HPOS="2085"/>
<String CONTENT="Lone" HEIGHT="53" WIDTH="155" VPOS="2821" HPOS="2110"/>
</TextLine>
<TextLine HEIGHT="69" WIDTH="320" VPOS="2897" HPOS="255" STYLEREFS="StyleId-29B139C7-E602-46FC-A848-7F3046FCDA8B-">
<String CONTENT="gull," HEIGHT="68" WIDTH="141" VPOS="2898" HPOS="255"/>
<SP HEIGHT="63" WIDTH="26" VPOS="2901" HPOS="397"/>
<String CONTENT="1927." HEIGHT="54" WIDTH="151" VPOS="2897" HPOS="424"/>
</TextLine>
<TextLine HEIGHT="50" WIDTH="561" VPOS="2978" HPOS="324" CS="1">
<String CONTENT="3" HEIGHT="40" WIDTH="27" VPOS="2979" HPOS="324"/>
<SP HEIGHT="48" WIDTH="26" VPOS="2979" HPOS="352"/>
<String CONTENT="p." HEIGHT="37" WIDTH="45" VPOS="2990" HPOS="379"/>
<SP/>
<String CS="1" CONTENT="l.," HEIGHT="18" WIDTH="9" VPOS="3010" HPOS="486"/>
<SP HEIGHT="49" WIDTH="26" VPOS="2979" HPOS="496"/>
<String CONTENT="5-25" HEIGHT="41" WIDTH="115" VPOS="2978" HPOS="523"/>
<SP HEIGHT="49" WIDTH="24" VPOS="2978" HPOS="639"/>
<String CONTENT="p." HEIGHT="37" WIDTH="44" VPOS="2990" HPOS="664"/>
<SP HEIGHT="40" WIDTH="58" VPOS="2980" HPOS="709"/>
<String CS="1" CONTENT="16&#7580;&#7504;." HEIGHT="41" WIDTH="117" VPOS="2979" HPOS="768"/>
</TextLine>
<TextLine HEIGHT="40" WIDTH="188" VPOS="3036" HPOS="327">
<String CONTENT="Poems." HEIGHT="40" WIDTH="188" VPOS="3036" HPOS="327"/>
</TextLine>
<TextLine HEIGHT="56" WIDTH="2007" VPOS="3087" HPOS="259" CS="1">
<String CONTENT="&#169;" HEIGHT="52" WIDTH="51" VPOS="3087" HPOS="259"/>
<SP HEIGHT="52" WIDTH="29" VPOS="3087" HPOS="311"/>
<String CONTENT="Dec." HEIGHT="40" WIDTH="114" VPOS="3093" HPOS="341"/>
<SP HEIGHT="40" WIDTH="27" VPOS="3093" HPOS="456"/>
<String CONTENT="20," HEIGHT="48" WIDTH="70" VPOS="3092" HPOS="484"/>
<SP HEIGHT="47" WIDTH="28" VPOS="3093" HPOS="555"/>
<String CONTENT="1927;" HEIGHT="48" WIDTH="142" VPOS="3092" HPOS="584"/>
<SP/>
<String CONTENT="2c." HEIGHT="40" WIDTH="68" VPOS="3093" HPOS="757"/>
<SP HEIGHT="40" WIDTH="28" VPOS="3093" HPOS="826"/>
<String CONTENT="Feb." HEIGHT="39" WIDTH="111" VPOS="3093" HPOS="855"/>
<SP HEIGHT="39" WIDTH="29" VPOS="3093" HPOS="967"/>
<String CONTENT="16," HEIGHT="47" WIDTH="69" VPOS="3093" HPOS="997"/>
<SP HEIGHT="47" WIDTH="31" VPOS="3093" HPOS="1067"/>
<String CONTENT="1928;" HEIGHT="48" WIDTH="143" VPOS="3092" HPOS="1099"/>
<SP HEIGHT="37" WIDTH="31" VPOS="3103" HPOS="1243"/>
<String CONTENT="aff." HEIGHT="42" WIDTH="82" VPOS="3092" HPOS="1275"/>
<SP HEIGHT="41" WIDTH="31" VPOS="3093" HPOS="1358"/>
<String CONTENT="Feb." HEIGHT="40" WIDTH="111" VPOS="3093" HPOS="1390"/>
<SP HEIGHT="39" WIDTH="32" VPOS="3094" HPOS="1502"/>
<String CONTENT="15;" HEIGHT="49" WIDTH="82" VPOS="3092" HPOS="1535"/>
<SP HEIGHT="47" WIDTH="33" VPOS="3094" HPOS="1618"/>
<!-- cceid 16B6E57E-6CB2-1014-A20E-B9D6251C946A --><String CONTENT="A" HEIGHT="38" WIDTH="41" VPOS="3094" HPOS="1652"/>
<SP HEIGHT="38" WIDTH="28" VPOS="3094" HPOS="1694"/>
<String CONTENT="1018815;" HEIGHT="49" WIDTH="231" VPOS="3093" HPOS="1723"/>
<SP HEIGHT="48" WIDTH="32" VPOS="3094" HPOS="1955"/>
<String CONTENT="Lone" HEIGHT="41" WIDTH="131" VPOS="3094" HPOS="1988"/>
<SP HEIGHT="37" WIDTH="29" VPOS="3106" HPOS="2120"/>
<String CONTENT="gull." HEIGHT="47" WIDTH="116" VPOS="3096" HPOS="2150"/>
</TextLine>
<TextLine HEIGHT="50" WIDTH="254" VPOS="3149" HPOS="335">
<String CONTENT="(28-5815)" HEIGHT="50" WIDTH="254" VPOS="3149" HPOS="335"/>
</TextLine>
<TextLine HEIGHT="64" WIDTH="776" VPOS="3243" HPOS="252" STYLEREFS="StyleId-EE2EB268-7CF9-4EEA-8E3D-F5ED6421D844-">
<String CONTENT="Lewis," HEIGHT="63" WIDTH="209" VPOS="3243" HPOS="252"/>
<SP HEIGHT="62" WIDTH="31" VPOS="3244" HPOS="462"/>
<String CONTENT="Mary" HEIGHT="63" WIDTH="174" VPOS="3244" HPOS="494"/>
<SP HEIGHT="63" WIDTH="27" VPOS="3244" HPOS="669"/>
<String CONTENT="Hammett." HEIGHT="53" WIDTH="331" VPOS="3244" HPOS="697"/>
</TextLine>
<TextLine HEIGHT="71" WIDTH="1942" VPOS="3320" HPOS="320" STYLEREFS="StyleId-29B139C7-E602-46FC-A848-7F3046FCDA8B-" CS="1">
<String CONTENT="An" HEIGHT="53" WIDTH="97" VPOS="3320" HPOS="320"/>
<SP HEIGHT="34" WIDTH="39" VPOS="3339" HPOS="418"/>
<String CONTENT="adventure" HEIGHT="52" WIDTH="314" VPOS="3322" HPOS="458"/>
<SP HEIGHT="34" WIDTH="40" VPOS="3340" HPOS="773"/>
<String CONTENT="with" HEIGHT="52" WIDTH="141" VPOS="3321" HPOS="814"/>
<SP HEIGHT="53" WIDTH="40" VPOS="3321" HPOS="956"/>
<String CONTENT="children," HEIGHT="68" WIDTH="278" VPOS="3321" HPOS="997"/>
<SP HEIGHT="68" WIDTH="37" VPOS="3321" HPOS="1276"/>
<String CS="1" CONTENT="by" HEIGHT="53" WIDTH="35" VPOS="3321" HPOS="1314"/>
<SP HEIGHT="52" WIDTH="36" VPOS="3322" HPOS="1390"/>
<String CONTENT="Mary" HEIGHT="69" WIDTH="172" VPOS="3322" HPOS="1427"/>
<SP HEIGHT="69" WIDTH="37" VPOS="3322" HPOS="1600"/>
<String CONTENT="H." HEIGHT="53" WIDTH="78" VPOS="3322" HPOS="1638"/>
<SP HEIGHT="52" WIDTH="38" VPOS="3323" HPOS="1717"/>
<String CONTENT="Lewis" HEIGHT="53" WIDTH="187" VPOS="3323" HPOS="1756"/>
<SP HEIGHT="33" WIDTH="43" VPOS="3343" HPOS="1944"/>
<String CS="1" CONTENT="&#8230;"/>
<SP HEIGHT="53" WIDTH="79" VPOS="3324" HPOS="2045"/>
<String CONTENT="New" HEIGHT="53" WIDTH="137" VPOS="3324" HPOS="2125"/>
</TextLine>
<TextLine HEIGHT="70" WIDTH="1212" VPOS="3398" HPOS="259" STYLEREFS="StyleId-29B139C7-E602-46FC-A848-7F3046FCDA8B-" CS="1">
<String CONTENT="York," HEIGHT="68" WIDTH="174" VPOS="3398" HPOS="259"/>
<SP HEIGHT="67" WIDTH="29" VPOS="3399" HPOS="434"/>
<String CONTENT="The" HEIGHT="52" WIDTH="121" VPOS="3399" HPOS="464"/>
<SP HEIGHT="53" WIDTH="30" VPOS="3398" HPOS="586"/>
<String CS="1" CONTENT="Macmillan" HEIGHT="53" WIDTH="337" VPOS="3398" HPOS="617"/>
<SP HEIGHT="34" WIDTH="29" VPOS="3417" HPOS="955"/>
<String CONTENT="company," HEIGHT="51" WIDTH="301" VPOS="3417" HPOS="985"/>
<SP HEIGHT="62" WIDTH="33" VPOS="3404" HPOS="1287"/>
<String CONTENT="1928." HEIGHT="51" WIDTH="150" VPOS="3401" HPOS="1321"/>
</TextLine>
<TextLine HEIGHT="48" WIDTH="1019" VPOS="3482" HPOS="321" STYLEREFS="StyleId-29B139C7-E602-46FC-A848-7F3046FCDA8B-" CS="1">
<String CONTENT="xii" HEIGHT="40" WIDTH="71" VPOS="3482" HPOS="321"/>
<SP HEIGHT="48" WIDTH="27" VPOS="3482" HPOS="393"/>
<String LANG="la" CONTENT="p.," HEIGHT="37" WIDTH="58" VPOS="3493" HPOS="421"/>
<SP HEIGHT="47" WIDTH="27" VPOS="3483" HPOS="480"/>
<String CONTENT="1" HEIGHT="38" WIDTH="25" VPOS="3483" HPOS="508"/>
<SP/>
<String CS="1" CONTENT="l.," HEIGHT="17" WIDTH="8" VPOS="3513" HPOS="598"/>
<SP HEIGHT="47" WIDTH="27" VPOS="3483" HPOS="607"/>
<String CONTENT="250" HEIGHT="40" WIDTH="89" VPOS="3482" HPOS="635"/>
<SP HEIGHT="48" WIDTH="24" VPOS="3482" HPOS="725"/>
<String CONTENT="p." HEIGHT="37" WIDTH="43" VPOS="3493" HPOS="750"/>
<SP HEIGHT="41" WIDTH="26" VPOS="3482" HPOS="794"/>
<String CONTENT="incl." HEIGHT="40" WIDTH="111" VPOS="3482" HPOS="821"/>
<SP HEIGHT="37" WIDTH="26" VPOS="3493" HPOS="933"/>
<String CONTENT="plates." HEIGHT="47" WIDTH="172" VPOS="3483" HPOS="960"/>
<SP HEIGHT="40" WIDTH="58" VPOS="3483" HPOS="1133"/>
<String CS="1" CONTENT="19&#189;&#7580;&#7504;." HEIGHT="41" WIDTH="148" VPOS="3482" HPOS="1192"/>
</TextLine>
<TextLine HEIGHT="47" WIDTH="1826" VPOS="3538" HPOS="322">
<String CONTENT="A" HEIGHT="38" WIDTH="41" VPOS="3540" HPOS="322"/>
<SP HEIGHT="39" WIDTH="26" VPOS="3539" HPOS="364"/>
<String CONTENT="history" HEIGHT="46" WIDTH="192" VPOS="3539" HPOS="391"/>
<SP HEIGHT="36" WIDTH="26" VPOS="3549" HPOS="584"/>
<String CONTENT="of" HEIGHT="39" WIDTH="52" VPOS="3539" HPOS="611"/>
<SP HEIGHT="39" WIDTH="27" VPOS="3539" HPOS="664"/>
<String CONTENT="the" HEIGHT="39" WIDTH="82" VPOS="3539" HPOS="692"/>
<SP HEIGHT="40" WIDTH="24" VPOS="3538" HPOS="775"/>
<String CONTENT="first" HEIGHT="40" WIDTH="110" VPOS="3538" HPOS="800"/>
<SP HEIGHT="38" WIDTH="26" VPOS="3540" HPOS="911"/>
<String CONTENT="twelve" HEIGHT="39" WIDTH="175" VPOS="3539" HPOS="938"/>
<SP HEIGHT="36" WIDTH="25" VPOS="3549" HPOS="1114"/>
<String CONTENT="years" HEIGHT="36" WIDTH="144" VPOS="3549" HPOS="1140"/>
<SP HEIGHT="30" WIDTH="26" VPOS="3549" HPOS="1285"/>
<String CONTENT="of" HEIGHT="41" WIDTH="52" VPOS="3538" HPOS="1312"/>
<SP HEIGHT="41" WIDTH="27" VPOS="3538" HPOS="1365"/>
<String CONTENT="the" HEIGHT="40" WIDTH="82" VPOS="3539" HPOS="1393"/>
<SP HEIGHT="39" WIDTH="26" VPOS="3540" HPOS="1476"/>
<String CONTENT="Park" HEIGHT="39" WIDTH="131" VPOS="3540" HPOS="1503"/>
<SP HEIGHT="40" WIDTH="27" VPOS="3540" HPOS="1635"/>
<String CONTENT="school" HEIGHT="39" WIDTH="164" VPOS="3541" HPOS="1663"/>
<SP HEIGHT="38" WIDTH="25" VPOS="3542" HPOS="1828"/>
<String CONTENT="of" HEIGHT="39" WIDTH="52" VPOS="3541" HPOS="1854"/>
<SP HEIGHT="40" WIDTH="27" VPOS="3541" HPOS="1907"/>
<String CONTENT="Buffalo." HEIGHT="42" WIDTH="213" VPOS="3541" HPOS="1935"/>
</TextLine>
<TextLine HEIGHT="53" WIDTH="1751" VPOS="3590" HPOS="257" CS="1">
<String CONTENT="&#169;" HEIGHT="52" WIDTH="51" VPOS="3590" HPOS="257"/>
<SP HEIGHT="52" WIDTH="29" VPOS="3590" HPOS="309"/>
<String CONTENT="Feb." HEIGHT="39" WIDTH="112" VPOS="3595" HPOS="339"/>
<SP HEIGHT="38" WIDTH="29" VPOS="3596" HPOS="452"/>
<String CONTENT="7," HEIGHT="46" WIDTH="40" VPOS="3596" HPOS="482"/>
<SP HEIGHT="47" WIDTH="28" VPOS="3595" HPOS="523"/>
<String CONTENT="1928;" HEIGHT="46" WIDTH="141" VPOS="3594" HPOS="552"/>
<SP HEIGHT="45" WIDTH="29" VPOS="3595" HPOS="694"/>
<String CONTENT="2c." HEIGHT="39" WIDTH="68" VPOS="3595" HPOS="724"/>
<SP HEIGHT="30" WIDTH="28" VPOS="3604" HPOS="793"/>
<String CONTENT="and" HEIGHT="38" WIDTH="96" VPOS="3595" HPOS="822"/>
<SP HEIGHT="38" WIDTH="29" VPOS="3595" HPOS="919"/>
<String CONTENT="aff." HEIGHT="40" WIDTH="82" VPOS="3594" HPOS="949"/>
<SP HEIGHT="40" WIDTH="30" VPOS="3594" HPOS="1032"/>
<String CONTENT="Feb." HEIGHT="40" WIDTH="110" VPOS="3594" HPOS="1063"/>
<SP HEIGHT="39" WIDTH="31" VPOS="3595" HPOS="1174"/>
<String CONTENT="8;" HEIGHT="45" WIDTH="53" VPOS="3595" HPOS="1206"/>
<SP HEIGHT="45" WIDTH="30" VPOS="3595" HPOS="1260"/>
<!-- cceid 16B7BC69-6CB2-1014-A20E-B9D6251C946A --><String CONTENT="A" HEIGHT="38" WIDTH="41" VPOS="3595" HPOS="1291"/>
<SP HEIGHT="38" WIDTH="27" VPOS="3595" HPOS="1333"/>
<String CONTENT="1061602;" HEIGHT="48" WIDTH="232" VPOS="3595" HPOS="1361"/>
<SP HEIGHT="47" WIDTH="32" VPOS="3596" HPOS="1594"/>
<String CS="1" CONTENT="Macmillan" HEIGHT="41" WIDTH="282" VPOS="3596" HPOS="1627"/>
<SP HEIGHT="29" WIDTH="29" VPOS="3609" HPOS="1910"/>
<String CONTENT="co." HEIGHT="31" WIDTH="68" VPOS="3609" HPOS="1940"/>
</TextLine>
<TextLine HEIGHT="50" WIDTH="253" VPOS="3650" HPOS="335">
<String CONTENT="(28-5604)" HEIGHT="50" WIDTH="253" VPOS="3650" HPOS="335"/>
</TextLine>
<TextLine HEIGHT="62" WIDTH="568" VPOS="3744" HPOS="249" STYLEREFS="StyleId-EE2EB268-7CF9-4EEA-8E3D-F5ED6421D844-">
<String CONTENT="Locard," HEIGHT="62" WIDTH="246" VPOS="3744" HPOS="249"/>
<SP HEIGHT="60" WIDTH="33" VPOS="3746" HPOS="496"/>
<String CONTENT="Edmond." HEIGHT="52" WIDTH="287" VPOS="3745" HPOS="530"/>
</TextLine>
<TextLine HEIGHT="72" WIDTH="1933" VPOS="3821" HPOS="325" STYLEREFS="StyleId-29B139C7-E602-46FC-A848-7F3046FCDA8B-">
<String CONTENT="Strange" HEIGHT="69" WIDTH="247" VPOS="3821" HPOS="325"/>
<SP HEIGHT="46" WIDTH="38" VPOS="3828" HPOS="573"/>
<String CONTENT="tales" HEIGHT="52" WIDTH="141" VPOS="3823" HPOS="612"/>
<SP HEIGHT="34" WIDTH="38" VPOS="3841" HPOS="754"/>
<String CONTENT="of" HEIGHT="52" WIDTH="64" VPOS="3822" HPOS="793"/>
<SP HEIGHT="52" WIDTH="35" VPOS="3822" HPOS="858"/>
<String CONTENT="French" HEIGHT="52" WIDTH="225" VPOS="3824" HPOS="894"/>
<SP HEIGHT="52" WIDTH="39" VPOS="3824" HPOS="1120"/>
<String CONTENT="crimes." HEIGHT="53" WIDTH="216" VPOS="3824" HPOS="1160"/>
<SP HEIGHT="50" WIDTH="76" VPOS="3826" HPOS="1377"/>
<String CONTENT="By" HEIGHT="66" WIDTH="88" VPOS="3827" HPOS="1455"/>
<SP HEIGHT="67" WIDTH="39" VPOS="3826" HPOS="1544"/>
<String CONTENT="Dr." HEIGHT="52" WIDTH="102" VPOS="3826" HPOS="1584"/>
<SP HEIGHT="52" WIDTH="41" VPOS="3826" HPOS="1687"/>
<String CONTENT="Edmond" HEIGHT="54" WIDTH="269" VPOS="3826" HPOS="1729"/>
<SP HEIGHT="52" WIDTH="36" VPOS="3828" HPOS="1999"/>
<String CONTENT="Locard" HEIGHT="53" WIDTH="222" VPOS="3828" HPOS="2036"/>
</TextLine>
<TextLine HEIGHT="70" WIDTH="1869" VPOS="3901" HPOS="253" STYLEREFS="StyleId-29B139C7-E602-46FC-A848-7F3046FCDA8B-">
<String CONTENT="&amp;" HEIGHT="48" WIDTH="45" VPOS="3904" HPOS="253"/>
<SP HEIGHT="52" WIDTH="30" VPOS="3901" HPOS="299"/>
<String CONTENT="H." HEIGHT="52" WIDTH="77" VPOS="3901" HPOS="330"/>
<SP HEIGHT="52" WIDTH="34" VPOS="3901" HPOS="408"/>
<String CONTENT="Ashton-Wolfe." HEIGHT="54" WIDTH="465" VPOS="3901" HPOS="443"/>
<SP HEIGHT="51" WIDTH="74" VPOS="3902" HPOS="909"/>
<String CONTENT="The" HEIGHT="52" WIDTH="124" VPOS="3902" HPOS="984"/>
<SP HEIGHT="33" WIDTH="30" VPOS="3921" HPOS="1109"/>
<String CONTENT="mystery" HEIGHT="64" WIDTH="254" VPOS="3907" HPOS="1140"/>
<SP HEIGHT="49" WIDTH="32" VPOS="3922" HPOS="1395"/>
<String CONTENT="of" HEIGHT="52" WIDTH="65" VPOS="3903" HPOS="1428"/>
<SP HEIGHT="53" WIDTH="31" VPOS="3903" HPOS="1494"/>
<String CONTENT="the" HEIGHT="53" WIDTH="97" VPOS="3903" HPOS="1526"/>
<SP HEIGHT="55" WIDTH="35" VPOS="3903" HPOS="1624"/>
<String CONTENT="Chinese" HEIGHT="55" WIDTH="242" VPOS="3903" HPOS="1660"/>
<SP HEIGHT="54" WIDTH="32" VPOS="3904" HPOS="1903"/>
<String CONTENT="boxes." HEIGHT="55" WIDTH="186" VPOS="3904" HPOS="1936"/>
</TextLine>
<TextLine HEIGHT="55" WIDTH="1055" VPOS="3979" HPOS="333" STYLEREFS="StyleId-5EF0A0D7-37BB-420C-A593-88355997F0DA-">
<String CONTENT="(In" HEIGHT="48" WIDTH="84" VPOS="3984" HPOS="333"/>
<SP HEIGHT="43" WIDTH="31" VPOS="3980" HPOS="418"/>
<String CONTENT="Pearson&#8217;s" HEIGHT="45" WIDTH="262" VPOS="3979" HPOS="450"/>
<SP HEIGHT="30" WIDTH="35" VPOS="3994" HPOS="713"/>
<String CONTENT="magazine," HEIGHT="54" WIDTH="278" VPOS="3979" HPOS="749"/>
<SP HEIGHT="52" WIDTH="33" VPOS="3981" HPOS="1028"/>
<String CONTENT="Mar.," HEIGHT="52" WIDTH="141" VPOS="3981" HPOS="1062"/>
<SP HEIGHT="50" WIDTH="39" VPOS="3983" HPOS="1204"/>
<String CONTENT="1928)" HEIGHT="52" WIDTH="144" VPOS="3982" HPOS="1244"/>
</TextLine>
<TextLine HEIGHT="58" WIDTH="2002" VPOS="4036" HPOS="257" CS="1">
<String CONTENT="&#169;" HEIGHT="51" WIDTH="52" VPOS="4036" HPOS="257"/>
<SP/>
<String CS="1" CONTENT="1c."/>
<SP HEIGHT="39" WIDTH="31" VPOS="4042" HPOS="409"/>
<String CONTENT="Mar." HEIGHT="40" WIDTH="123" VPOS="4042" HPOS="441"/>
<SP HEIGHT="41" WIDTH="29" VPOS="4041" HPOS="565"/>
<String CONTENT="15," HEIGHT="46" WIDTH="68" VPOS="4041" HPOS="595"/>
<SP HEIGHT="46" WIDTH="29" VPOS="4041" HPOS="664"/>
<String CONTENT="1928;" HEIGHT="48" WIDTH="141" VPOS="4040" HPOS="694"/>
<SP HEIGHT="47" WIDTH="32" VPOS="4041" HPOS="836"/>
<!-- cceid 16B886EA-6CB2-1014-A20E-B9D6251C946A --><String CONTENT="A" HEIGHT="39" WIDTH="40" VPOS="4041" HPOS="869"/>
<SP HEIGHT="40" WIDTH="30" VPOS="4041" HPOS="910"/>
<String CONTENT="ad" HEIGHT="38" WIDTH="62" VPOS="4043" HPOS="941"/>
<SP HEIGHT="39" WIDTH="30" VPOS="4042" HPOS="1004"/>
<String CONTENT="int." HEIGHT="41" WIDTH="86" VPOS="4042" HPOS="1035"/>
<SP HEIGHT="40" WIDTH="30" VPOS="4043" HPOS="1122"/>
<String CONTENT="10744;" HEIGHT="42" WIDTH="173" VPOS="4043" HPOS="1153"/>
<SP HEIGHT="37" WIDTH="32" VPOS="4054" HPOS="1327"/>
<String CONTENT="pubd." HEIGHT="47" WIDTH="143" VPOS="4044" HPOS="1360"/>
<SP HEIGHT="40" WIDTH="32" VPOS="4045" HPOS="1504"/>
<String CONTENT="Mar." HEIGHT="41" WIDTH="122" VPOS="4045" HPOS="1537"/>
<SP HEIGHT="41" WIDTH="31" VPOS="4045" HPOS="1660"/>
<String CONTENT="1;" HEIGHT="46" WIDTH="52" VPOS="4045" HPOS="1692"/>
<SP HEIGHT="47" WIDTH="34" VPOS="4044" HPOS="1745"/>
<String CONTENT="Christy" HEIGHT="49" WIDTH="198" VPOS="4044" HPOS="1780"/>
<SP HEIGHT="47" WIDTH="31" VPOS="4046" HPOS="1979"/>
<String CONTENT="&amp;" HEIGHT="40" WIDTH="36" VPOS="4046" HPOS="2011"/>
<SP HEIGHT="40" WIDTH="31" VPOS="4046" HPOS="2048"/>
<String CONTENT="Moore," HEIGHT="46" WIDTH="179" VPOS="4048" HPOS="2080"/>
</TextLine>
<TextLine HEIGHT="47" WIDTH="343" VPOS="4098" HPOS="326">
<String CONTENT="ltd.," HEIGHT="47" WIDTH="100" VPOS="4098" HPOS="326"/>
<SP HEIGHT="47" WIDTH="28" VPOS="4098" HPOS="427"/>
<String CONTENT="London." HEIGHT="41" WIDTH="213" VPOS="4098" HPOS="456"/>
</TextLine>
</TextBlock>
</PrintSpace>
</Page>
</Layout>
</alto>