2498 4384
1284 4056 138 51 1384

361 395 678 66 Winnington-Ingram,
1073 397 236 53 Arthur
1341 397 198 63 Foley,
1611 415 55 50 bp.
1701 397 65 68 of
1796 398 262 69 London,
2092 402 171 50 1858-

432 473 1931 70 Holiday recollections of a world tour, by the R t. R ev. and
360 551 1981 130 the R t. Hon. the Lord Bishop of London … London, T. Butterworth
671 629 224 54 limited
955 632 152 66 [1928]

435 709 26 40 2
492 721 43 37 p.
601 741 8 16 l.,
640 711 158 47 7-286,
834 712 54 47 [1]
921 722 43 37 p.
1022 711 165 46 front.,
1218 710 130 40 illus.
1377 708 135 48 (incl.
1543 710 217 47 facsim.)
1802 712 172 46 plates,
2007 713 150 45 ports.
2218 711 147 43 22½ᶜᵐ.

361 762 1985 112 © 1c. July 28, 1928; A ad int. 11580; pubd. July 5; Thornton Butterworth,
629 826 87 40 ltd.
785 826 282 50 (28-22201)

356 918 264 64 Winrod,
656 918 215 55 Gerald
906 919 66 53 B.

425 997 56 53 A
512 998 228 55 lecture,
772 998 75 69 by
879 998 216 54 Gerald
1128 999 68 51 B.
1225 997 264 55 Winrod.
1563 996 273 69 Wichita,
1869 998 171 68 Kan.,
2073 997 296 56 Defender

355 1076 551 67 publishers [ ᶜ19 28]
426 1158 24 39 1
479 1169 43 37 p.
585 1190 9 15 l.,
625 1157 146 50 [5]-62
799 1170 43 37 p.
872 1158 110 39 incl.
1009 1159 124 47 port.
1193 1157 149 41 19½ᶜᵐ.
1458 1156 130 50 $0.35

428 1215 284 41 Cover-title:
778 1214 259 41 Mussolini
1072 1216 96 38 and
1204 1216 84 38 the
1321 1216 175 39 second
1532 1214 191 47 coming
1757 1215 52 40 of
1845 1215 180 41 Christ.

360 1267 52 53 ©
448 1273 117 47 July
598 1273 39 47 1,
673 1272 141 47 1928;
851 1273 68 41 2c.
955 1273 117 47 July
1106 1273 82 46 17;
1226 1271 84 41 aff.
1346 1272 117 49 July
1498 1272 82 48 16;
1618 1273 42 39 A
1695 1272 231 48 1054303;
1965 1272 53 43 G.
2055 1274 55 40 B.
2146 1273 216 48 Winrod,

425 1329 228 49 Wichita,
682 1330 126 40 Kan.
879 1328 281 50 (28-21721)

355 1421 197 64 Wolff,
584 1422 187 54 Hans.

429 1500 110 53 Die
574 1500 423 70 lösungsmittel
1032 1502 100 52 der
1168 1500 160 68 fette,
1364 1502 103 67 öle,
1501 1501 219 53 wachse
1756 1502 119 52 und
1910 1502 189 67 harze,
2134 1520 111 34 von
2282 1503 85 52 dr.

356 1579 78 54 H.
460 1579 426 54 Wolff-Berlin.
948 1579 115 53 Mit
1090 1579 64 54 17
1181 1580 389 69 abbildungen
1595 1580 120 53 und
1743 1583 63 49 15
1833 1579 264 54 tabellen.
2159 1582 49 51 2.
2235 1579 130 54 aufl.

358 1657 311 70 Stuttgart,
696 1658 571 54 Wissenschaftliche
1334 1657 576 70 verlagsgesellschaft,
1936 1677 72 35 m.
2033 1659 54 53 b.
2113 1660 74 67 h.,
2215 1658 150 54 1927.

424 1741 1941 49 xvi, 276 p. incl. illus., tables, diagrs. 25 ᶜᵐ . ( Added t.-p.: Monographien
355 1799 1791 49 aus dem gebiete der fett-chemie, hrsg. von K. H. Bauer … bd. I)
425 1856 316 48 Advertising
761 1859 181 37 matter:
1002 1867 44 37 p.
1068 1856 220 41 271-276.

357 1909 2008 53 © Nov. 16, 1927; 1c. May 29, 1928; A —Foreign 38980; Wissenschaftliche
457 1970 482 49 verlagsgesellschaft
973 1982 61 30 m.
1069 1971 43 41 b.
1148 1971 46 40 h.
1266 1970 282 49 (28-21147)

352 2066 326 62 Youmans,
716 2065 271 54 Eleanor.

425 2142 1937 71 Skitter and Skeet, by Eleanor Youmans … illustrated by
406 2223 105 51 Ruth
568 2222 265 53 Bennett.
926 2221 421 69 Indianapolis,
1402 2222 122 53 The
1580 2221 447 54 Bobbs-Merrill
2082 2239 282 52 company

466 2303 85 64 [ ᶜ19 28 ]
422 2383 642 51 139, [1] p. illus. 20 ᶜᵐ .
355 2437 51 52 ©
433 2444 120 45 Aug.
578 2442 70 47 24,
675 2441 115 41 1928;
844 2442 67 40 2c.
939 2442 95 39 and
1059 2440 82 42 aff.
1171 2440 130 49 Sept.
1327 2440 26 40 6;
1408 2441 44 39 A
1474 2440 206 41 1053207;
1735 2441 372 40 Bobbs-Merrill
2134 2451 68 31 co.

434 2499 282 49 (28-21171)

345 2591 258 54 Youth’s
635 2591 367 65 companion.

429 2669 343 71 Stowaway,
816 2671 113 52 and
976 2670 163 54 other
1185 2670 202 53 stories
1431 2669 96 53 for
1571 2670 158 68 boys,
1774 2669 241 54 selected
2065 2668 153 56 from
2262 2670 98 53 the

355 2748 279 54 “Youth’s
664 2748 377 69 companion”
1068 2748 77 70 by
1171 2748 377 54 Wilhelmina
1577 2748 251 69 Harper.
1896 2748 238 69 Boston,
2162 2748 198 69 Little,

354 2828 233 66 Brown,
615 2827 114 53 and
757 2844 300 52 company,
1089 2829 153 51 1928.

452 2908 1027 49 x p., 1 l., 328 p. front., plates. 21½ᶜᵐ.
353 2963 51 52 ©
443 2968 128 47 Sept.
606 2967 39 48 6,
680 2967 117 41 1928;
858 2968 67 39 2c.
960 2968 96 39 and
1089 2966 83 41 aff.
1210 2966 130 48 Sept.
1374 2966 82 48 10;
1493 2967 42 39 A
1567 2966 231 48 1054176;
1835 2967 164 48 Little,
2034 2967 194 48 Brown,
2264 2968 96 40 and

422 3035 249 37 company.
742 3023 282 50 (28-21376)

348 3118 259 62 Zinsser,
639 3119 187 61 Hans,
860 3118 173 54 1878-

421 3197 56 52 A
517 3197 271 52 textbook
832 3195 65 54 of
935 3196 420 69 bacteriology;
1403 3215 29 33 a
1476 3196 235 53 treatise
1750 3215 73 34 on
1865 3198 99 52 the
2006 3197 353 69 application

350 3274 65 53 of
456 3274 391 70 bacteriology
892 3275 110 52 and
1050 3275 396 68 immunology
1490 3280 58 47 to
1593 3274 97 54 the
1735 3275 269 69 etiology,
2051 3275 309 68 diagnosis,

350 3353 226 68 specific
606 3354 247 68 therapy
885 3354 114 52 and
1032 3352 342 70 prevention
1403 3352 65 53 of
1499 3352 308 54 infectious
1841 3353 244 53 diseases
2118 3352 95 53 for
350 3358 1986 126 students

539 3433 113 51 and
676 3432 404 68 practitioners
1104 3430 65 54 of
1194 3431 282 53 medicine
1497 3432 114 52 and
1637 3431 195 69 public
1855 3431 218 67 health,
2094 3431 76 69 by
2195 3432 166 52 Hans

352 3508 2005 70 Zinsser … with a section on pathogenic protozoa by E. E.
352 3587 2008 70 Tyzzer … (rewritten, rev. and reset) with 181 illustrations
350 3666 59 52 in
455 3668 90 52 the
583 3673 137 47 text.
798 3668 97 52 6th
935 3668 84 52 ed.
1152 3685 83 34 New
1276 3665 181 70 York,
1495 3666 261 68 London,
1793 3667 73 53 D.
1906 3665 298 70 Appleton
2245 3668 112 52 and

347 3763 300 50 company,
678 3747 149 51 1928.

499 3827 598 49 xx, 1053 p. illus. 24½ᶜᵐ.
418 3885 417 48 Bibliographical
856 3886 278 40 foot-notes.

351 3937 51 53 ©
432 3943 120 48 Aug.
580 3942 69 49 30,
678 3942 141 49 1928;
849 3943 68 40 2c.
947 3943 96 39 and
1071 3941 82 43 aff.
1185 3942 129 49 Sept.
1342 3942 52 48 6;
1425 3942 42 39 A
1493 3941 205 41 1054117;
1757 3942 57 41 D.
1842 3943 242 48 Appleton
2112 3942 38 40 &
2177 3952 69 30 co.

430 3998 281 51 (28-21159)
