2498 4384
1100 4085 103 54 497

154 423 318 53 American
506 423 127 52 iron
666 422 114 53 and
812 421 149 54 steel
990 420 300 54 institute.

225 504 152 51 Year
418 502 146 52 book
603 501 63 53 of
705 502 93 52 the
840 501 307 53 American
1187 500 129 53 iron
1357 501 113 52 and
1509 500 139 53 steel
1688 499 282 68 institute,
2013 501 152 54 1927.

150 581 141 67 May
319 580 269 69 meeting,
622 581 138 51 New
795 579 188 55 York;
1021 578 249 55 October
1301 578 268 69 meeting,
1602 579 139 51 New
1776 578 179 53 York.
2026 580 141 52 New

152 656 1480 68 York, American iron and steel institute [ ᶜ19 28]
219 739 955 49 530 p. illus., plates, diagrs. 24 ᶜᵐ .
153 809 52 51 ©
235 813 111 40 Dec.
374 813 71 46 31,
476 812 140 46 1927;
647 812 68 40 2c.
743 812 114 48 Apr.
886 812 70 48 27,
987 811 139 46 1928;
1158 810 84 42 aff.
1272 811 114 48 Apr.
1414 811 84 46 26;
1531 811 40 39 A
1601 810 231 47 1069977;
1864 811 160 42 Amer.
2056 812 108 41 iron

219 870 37 39 &
287 870 121 40 steel
442 869 242 41 institute.

152 966 122 52 The
298 964 319 53 American
641 983 136 48 year
799 964 174 64 book;
1001 983 32 33 a
1058 963 198 53 record
1281 962 64 53 of
1367 968 195 48 events
1585 964 113 52 and
1722 982 283 51 progress,
2028 982 138 51 year

222 1043 149 54 1927.
439 1044 237 52 Editor:
705 1043 207 52 Albert
940 1043 279 52 Bushnell
1248 1043 173 54 Hart,
1522 1085 8 9 LL.
1600 1084 29 25 B.,
1659 1043 274 52 associate
1961 1044 205 67 editor,

218 1123 262 53 William
508 1122 79 51 M.
620 1121 295 68 Schuyler.
983 1122 107 51 Ed.
1121 1121 141 51 with
1293 1121 93 52 the
1417 1121 368 68 cooperation
1814 1121 65 53 of

1907 1140 32 34 a
218 1140 1922 129 supervisory
449 1199 178 54 board
666 1200 396 68 representing
1098 1200 262 51 national
1398 1200 232 52 learned
1669 1199 272 55 societies.

219 1200 1921 132 Garden
370 1278 153 69 City,
563 1279 139 52 New
744 1277 181 66 York,
964 1277 361 69 Doubleday,
1367 1279 199 52 Doran
1607 1280 46 50 &
1694 1297 300 50 company,
2036 1279 128 69 inc.,

219 1361 150 50 1928.

217 1438 733 49 xxvi p.. 1 l., 813 p. 20½ ᶜᵐ .
143 1507 53 53 ©
235 1513 122 39 Mar.
396 1511 72 45 30,
507 1510 141 42 1928:
688 1510 68 40 2c.
795 1512 97 38 and
930 1509 83 41 aff.
1052 1510 115 48 Apr.
1205 1510 83 44 28;
1331 1510 40 39 A
1411 1510 230 46 1069988;
1683 1511 160 41 Amer.
1882 1522 118 30 rear
2037 1514 125 40 book

217 1578 140 37 corp.,
389 1568 119 39 New
537 1566 144 41 York.

147 1672 201 63 Ames,
384 1671 223 64 Joseph
643 1670 304 63 Bushnell,
989 1670 171 54 1878-

216 1748 201 53 Flame
445 1746 65 55 of
539 1747 97 53 the
665 1748 204 66 desert,
899 1748 76 67 by
1007 1747 219 68 Joseph
1260 1747 66 52 B.

1362 1747 191 54 Ames.
1621 1748 141 53 New
1798 1749 180 65 York,
146 1750 1994 130 Duffield

309 1827 113 53 and
452 1844 301 51 company,
784 1828 151 51 1928.

216 1909 62 47 vi,
307 1908 99 49 308,
442 1909 55 50 [1]
531 1920 42 37 p.
635 1908 146 41 19½ᶜᵐ.

147 1979 52 51 ©
229 1983 121 39 Mar.
378 1982 72 41 31,
478 1981 141 45 1928;
649 1981 68 40 2c.
745 1980 114 48 Apr.
888 1981 81 43 11;
1001 1979 82 42 aff.
1112 1980 116 48 Apr.
1258 1982 53 43 7;
1343 1981 41 39 A
1413 1980 231 48 1068842;
1676 1983 210 41 Duffield
1916 1984 35 40 &
1979 1995 68 31 co.

225 2039 253 49 (28-9840)

142 2133 236 64 Barbey
415 2132 386 64 d’Aurevilly,
840 2132 165 53 Jules
1042 2131 280 65 Amédée,
1364 2136 328 52 1808-1889.

276 2210 1885 72 … Bewitched, by the author of Les diaboliques, translated
147 2292 150 53 from
326 2292 98 53 the
453 2291 224 52 French
705 2290 75 69 by
810 2290 207 53 Louise
1049 2289 217 55 Collier
1291 2291 270 67 Willcox,
1592 2292 142 53 with

1767 2312 73 34 an
146 2292 1992 133 introduction
311 2371 75 70 by
435 2371 211 53 Ernest
693 2369 184 70 Boyd.
960 2369 140 54 New
1149 2368 165 61 York
1360 2369 115 55 and
1522 2370 262 71 London,
1832 2372 238 72 Harper
2117 2377 46 52 &

143 2451 279 66 brothers,
449 2451 150 52 1928.

213 2532 523 49 6 p. l. , 276 p. 18 ᶜᵐ .
216 2591 61 39 At
302 2591 125 39 head
454 2590 51 40 of
531 2589 108 41 title
659 2600 7 28 :
697 2589 44 40 J.
769 2589 192 47 Barbey
989 2587 317 49 d’Aurevilly.

145 2645 52 51 ©
226 2649 115 47 Apr.
372 2649 40 46 5,
443 2647 140 46 1928;
616 2647 67 41 2c.
714 2647 115 47 Apr.
859 2647 53 44 5;
946 2645 83 42 aff.
1057 2647 116 47 Apr.
1203 2648 54 45 7;
1289 2648 41 39 A
1359 2647 233 47 1069651;
1626 2650 193 48 Harper
1852 2654 37 41 &
1919 2652 126 42 bros.

226 2705 253 49 (28-9735)

138 2799 197 62 Bebel,
371 2799 260 64 August,
672 2801 327 50 1840-1913.

271 2875 1886 71 … Speeches of August Bebel, with a critical introduction.
139 2954 1382 69 New York, International publishers [ ᶜ19 28 ]
208 3038 1296 51 vi, 7-96 p. 19 ᶜᵐ . (Voices of revolt, vol. VI)
209 3097 220 43 Portrait
458 3108 62 30 on
546 3107 157 31 cover.

145 3152 51 52 ©
226 3156 122 40 Mar.
377 3155 70 44 24,
477 3153 141 41 1928:
648 3153 68 40 2c.
746 3153 97 39 and
871 3151 83 42 aff.
984 3153 122 39 Mar.
1135 3152 84 45 27;
1251 3152 41 39 A
1323 3152 231 48 1068778;
1588 3155 226 41 Internatl.
1879 3158 278 48 publishers

212 3224 82 35 co.,
326 3212 92 40 inc.
492 3209 253 50 (28-9669)

137 3306 143 62 Bell,
315 3303 239 63 Archie,
591 3303 172 53 1877-

213 3381 1946 79 The spell of Ireland, by Archie Bell … Boston, L. C. Page
142 3467 46 49 &
217 3481 282 50 company
559 3463 153 65 [1928]

212 3542 1948 57 4 p. l. , vii-xiv, 15-317 p. col. front., plates, fold. maps. 20½ᶜᵐ. [The
144 3603 121 48 spell
295 3602 167 49 series]

146 3657 52 51 ©
229 3662 121 38 Mar.
379 3660 70 44 31,
480 3658 141 46 1928;
652 3658 68 40 2c.
751 3659 96 39 and
878 3657 83 40 aff.
991 3656 115 49 Apr.
1137 3658 52 43 7;
1221 3657 42 39 A
1293 3657 231 42 1069641;
1558 3660 50 40 L.
1641 3660 48 41 C.
1722 3662 128 48 Page
1882 3663 36 40 &
1948 3675 81 36 co.,
2063 3665 78 41 inc

223 3716 252 49 (28-9852)

146 3812 143 62 Bell,
322 3811 158 54 Clair
508 3810 270 63 Hayden,
810 3809 83 53 ed.

276 3888 1881 76 … [Introduction, notes and vocabulary] by Clair Hayden
146 3965 2010 75 Bell … t in the book entitled] Weh dem, der lügt! lustspiel in
