2498 4384
1071 4096 99 55 579

133 516 51 52 ©
221 521 121 39 Mar.
378 520 69 47 15,
484 519 141 47 1928;
662 520 68 40 2c.
766 520 114 48 Apr.
916 520 81 46 19;
1037 518 82 42 aff.
1155 519 116 48 Apr.
1308 519 81 43 18;
1428 519 41 39 A
1505 518 230 48 1074028;
1775 519 43 41 J.
1856 521 54 39 B.
1948 519 181 48 Cabell,

200 576 284 41 Richmond.
566 572 51 52 [©
646 587 105 31 new
780 576 188 40 revised
996 576 96 40 and
1121 575 250 42 definitive
1399 577 72 39 ed.
1500 576 120 40 with
1646 587 107 29 new
1780 575 349 52 introduction]

210 633 283 49 (28-10992)

191 713 264 67 Domnei,
496 713 121 53 The
657 714 179 52 music
880 713 152 53 from
1073 713 213 53 behind
1325 712 97 54 the
1463 731 195 47 moon;
1702 718 113 48 two
1853 713 279 54 comedies

121 790 66 55 of
238 790 521 71 woman-worship,
809 791 76 70 by
936 791 194 56 James
1183 791 230 54 Branch
1468 790 214 56 Cabell.
1758 791 140 54 New
1951 791 181 67 York,

122 871 67 53 R.
220 870 80 53 M.
330 870 278 53 McBride
638 872 46 51 &
711 888 299 50 company,
1044 872 150 51 1928.

190 953 1941 49 xxxi p., 2 l., 3-291 p., 1 L. 23½ ᶜᵐ . (Lettered on cover: The works of
120 1011 165 40 James
318 1011 197 40 Branch
546 1010 166 41 Cabell.
845 1011 14 47 IV)

191 1067 312 42 “Storisende
535 1065 228 43 edition.”

191 1122 1938 50 “Of this … volume … fifteen hundred and ninety copies have been
119 1179 1088 51 printed … This copy is number 1590.”
189 1237 379 49 Bibliography:
604 1248 43 37 p.
681 1236 219 48 239-242,
938 1235 248 50 [289]-291.

127 1290 51 52 ©
217 1296 122 39 Mar.
375 1294 70 48 15,
481 1293 141 47 1928;
659 1292 67 41 2c.
762 1292 115 48 Apr.
912 1292 82 47 19;
1033 1291 83 42 aff.
1153 1292 115 48 Apr.
1305 1292 81 47 18;
1425 1292 41 39 A
1503 1292 229 46 1074029;
1773 1293 43 41 J.
1854 1294 54 41 B.
1946 1293 181 49 Cabell,

196 1351 286 40 Richmond.
540 1346 68 54 [©
637 1360 106 29 new
772 1349 190 40 revised
990 1350 97 39 and
1116 1349 250 42 definitive
1394 1351 72 40 ed.
1496 1349 119 41 with
1644 1360 108 30 new
1778 1350 350 51 introduction]

205 1407 283 50 (28-10991)

188 1488 222 70 Jurgen;
468 1507 31 34 a
526 1488 234 69 comedy
786 1486 64 54 of
874 1486 221 70 justice,
1118 1486 76 70 by
1219 1487 197 54 James
1441 1488 230 52 Branch
1700 1488 214 55 Cabell.
1990 1490 141 53 New

118 1567 181 68 York,
326 1568 68 52 R.
425 1567 79 52 M.
534 1566 279 53 McBride
839 1568 46 50 &
912 1583 299 50 company,
1244 1567 150 51 1928.

185 1648 1942 52 xxix, 371 p., 1 l. 23½ ᶜᵐ . (Lettered on cover: The works of James
115 1708 197 40 Branch
342 1707 181 49 Cabell,
612 1708 14 47 VI)

187 1764 313 42 “Storisende
532 1763 228 42 edition.”

187 1819 1940 49 “Of this … volume … fifteen hundred and ninety copies have been
114 1876 1084 52 printed … This copy is number 1590.”
124 1932 51 52 ©
213 1937 123 39 Mar.
371 1935 69 47 15,
477 1935 140 45 1928;
654 1934 68 40 2c.
758 1933 115 48 Apr.
909 1932 82 43 19;
1030 1932 82 41 aff.
1148 1932 115 48 Apr.
1300 1932 56 40 18;
1421 1932 41 39 A
1498 1933 231 47 1074030;
1770 1934 43 40 J.
1851 1935 54 40 B.
1943 1934 182 50 Cabell,

194 1993 286 40 Richmond.
538 1987 68 54 [©
635 2001 106 30 new
769 1989 189 41 revised
988 1990 95 39 and
1111 1989 251 42 definitive
1391 1991 72 39 ed.
1492 1989 119 41 with
1640 2001 106 29 new
1776 1991 349 51 introduction]

205 2049 282 50 (28-10990)

114 2130 260 62 Calkins,
409 2130 260 52 Earnest
703 2128 187 63 Elmo,
930 2131 169 50 1868-

186 2208 289 67 Business,
512 2208 97 53 the
647 2206 273 68 civilizer,
957 2208 77 68 by
1075 2206 247 53 Earnest
1364 2207 170 53 Elmo
1576 2206 256 69 Calkins,
1873 2207 141 55 with
2057 2227 73 35 an

114 2287 393 53 introduction
542 2286 76 69 by
653 2286 158 55 John
850 2284 213 56 Cotton
1100 2286 171 52 Dana
1310 2286 114 53 and
1463 2285 358 56 decorations
1859 2287 76 69 by
1973 2288 157 54 René

115 2364 1719 72 Clarke … Boston, Little, Brown, and company, 1928.
183 2448 665 49 viii, 309 p. illus. 22½ ᶜᵐ .
121 2503 51 52 ©
206 2508 114 47 Apr.
352 2507 69 47 14,
455 2507 117 40 1928;
630 2507 67 41 2c.
731 2507 96 39 and
859 2505 83 42 aff.
974 2506 115 48 Apr.
1122 2506 82 47 19;
1241 2506 42 39 A
1314 2506 231 48 1074027;
1581 2509 53 39 E.
1670 2509 53 40 E.
1757 2507 215 48 Calkins,
2006 2510 119 40 New

189 2565 145 40 York.
405 2563 283 49 (28-10800)

119 2645 461 69 [Chambrelent,
611 2644 203 53 André
846 2643 277 65 Auguste
1153 2644 166 67 Paul]
1359 2647 170 50 1886-

113 2722 1989 155 … A qui sème le vent … roman. Paris, Éditions du capitole [ᶜ1927]
184 2891 467 50 251 p., 1 l. 19 ᶜᵐ .
184 2949 232 41 Author’s
440 2950 181 47 pseud.,
644 2948 166 40 André
834 2949 213 46 Florent,
1075 2950 52 39 at
1153 2949 126 40 head
1306 2948 53 41 of
1384 2950 122 41 title.

119 3003 2004 55 © Nov. 5, 1927; 1c. Dec. 30; A—Foreign 36781; A. Chambrelent, Paris.
198 3064 284 49 (28-10999)

114 3130 247 64 Chapin,
392 3131 210 63 Henry
629 3129 264 64 Dwight,
929 3128 170 55 1857-

187 3208 1877 74 Heredity and child culture, by Henry Dwight Chapin …
115 3289 139 53 with
291 3308 31 33 a
358 3288 288 53 foreword
676 3288 76 68 by
784 3287 305 54 Professor
1119 3287 206 69 Henry
1355 3288 278 54 Fairfield
1668 3289 242 56 Osborn.
1987 3293 139 53 New

120 3369 102 66 ed.,
250 3386 113 34 rev.
393 3367 115 53 and
536 3367 107 52 enl.
719 3366 140 53 New
888 3365 181 68 York,
1097 3367 66 52 E.
1195 3367 66 52 P.
1289 3368 226 53 Dutton
1543 3370 45 50 &
1613 3387 282 53 company
1969 3375 152 63 [ᶜ1928]

257 3449 916 51 xv, [2], 278 p. front., diagrs. 19½ ᶜᵐ .
189 3508 235 42 Contains
446 3506 394 49 bibliographies.

121 3562 51 52 ©
201 3566 113 48 Apr.
342 3567 68 46 17,
439 3565 142 46 1928;
610 3565 68 40 2c.
707 3565 95 39 and
830 3564 83 41 aff.
942 3564 114 48 Apr.
1085 3565 82 48 19;
1196 3565 42 39 A
1267 3565 231 48 1069799;
1529 3567 53 40 E.
1612 3567 50 40 P.
1691 3567 188 41 Dutton
1908 3569 36 40 &
1972 3581 68 30 co.

201 3622 282 49 (28-10965)

114 3688 218 63 Cohen,
361 3689 267 54 Octavus
657 3688 148 63 Roy,
839 3691 170 49 1891-

185 3767 239 54 Florian
455 3766 256 70 Slappey
738 3785 131 50 goes
899 3766 232 66 abroad,
1159 3766 77 69 by
1265 3765 254 55 Octavus
1548 3768 128 69 Roy
1704 3767 210 57 Cohen.
112 3773 1985 140 Boston,

255 3845 198 68 Little,
479 3847 230 64 Brown,
738 3844 114 53 and
881 3862 299 50 company,
1211 3847 150 50 1928.

183 3927 759 51 5 p. l., [3]-310, [1] p. 19½ ᶜᵐ .
121 3987 51 52 ©
208 3989 113 48 Apr.
357 3988 70 46 14,
462 3987 140 46 1928;
640 3987 69 41 2c.
745 3987 96 39 and
877 3986 83 41 aff.
995 3986 115 48 Apr.
1147 3986 83 46 23;
1269 3987 41 39 A
1346 3987 230 45 1074097;
1618 3988 52 44 O.
1707 3990 57 46 R,
1803 3991 175 47 Cohen,
187 3993 1918 102 Birmingham,
482 4045 106 41 Ala.
659 4043 282 50 (28-10863)
