2547 4432
1387 4129 100 51 102

473 566 1258 50 ix p., 1 l., 352 p. front., illus., plates. 24 ½ᶜᵐ .
474 625 228 40 Lettered
734 634 60 30 on
828 633 142 31 cover:
1034 623 288 39 Illustrated
1357 623 62 47 by
1451 622 51 41 L.
1534 624 55 39 A.
1622 623 278 40 Patterson.

409 676 52 52 ©
491 680 102 41 Oct.
620 680 71 48 28,
720 679 116 41 1927;
894 680 68 40 2c.
990 680 119 39 Nov.
1138 679 25 39 5;
1224 678 70 40 aff
1299 710 8 8 .
1336 678 112 40 Jan.
1476 678 69 48 20,
1576 677 116 41 1928;
1751 678 41 39 A
1822 676 206 41 1018530;
2087 677 155 48 Dodd,
2275 678 144 39 Mead

475 737 37 41 &
541 747 82 37 co.,
655 737 92 40 inc.
818 734 254 50 (28-3427)

404 817 398 64 Galsworthy,
835 817 174 62 John,
1046 816 170 54 1867-

475 896 139 53 Two
657 895 245 70 Forsyte
944 894 344 54 interludes:
1332 894 57 53 A
1431 894 173 55 silent
1645 894 246 70 wooing,
1932 894 234 53 Passers
2211 893 90 69 by,
2342 892 78 71 by

404 974 157 55 John
594 974 387 69 Galsworthy.
1057 973 138 53 New
1229 972 181 68 York,
1442 972 64 55 C.
1540 971 314 57 Scribner’s
1886 990 148 50 sons,
2065 974 152 51 1928.

475 1058 594 49 3 p. l., 3-60 p. 17½ᶜᵐ.
476 1116 41 39 A
547 1115 147 40 silent
723 1114 191 48 wooing
941 1114 42 40 is
1014 1114 83 40 the
1124 1114 247 39 interlude
1399 1113 218 40 between
1647 1114 103 40 The
1777 1113 151 41 white
1956 1113 207 47 monkey
2191 1112 97 40 and
2316 1112 104 40 The

406 1172 151 40 silver
597 1182 149 37 spoon;
821 1171 205 39 Passers
1069 1170 62 47 by
1173 1170 43 40 is
1259 1170 83 40 the
1385 1169 246 41 interlude
1673 1170 218 40 between
1933 1170 103 39 The
2078 1168 150 41 silver
2269 1178 151 39 spoon

406 1229 97 39 and
532 1228 83 40 the
646 1227 144 42 Swan
821 1237 131 38 song.

412 1280 52 52 ©
500 1284 110 40 Jan.
644 1283 70 47 20,
748 1283 143 46 1928;
927 1283 69 39 2c.
1032 1282 110 40 Jan.
1175 1282 85 47 27;
1296 1280 84 41 aff.
1414 1281 110 41 Jan.
1560 1281 83 48 26;
1680 1282 42 39 A
1754 1281 233 47 1061435;
2027 1280 204 41 Charles
479 1279 1926 102 Scribner’s
636 1350 126 30 sons.
834 1338 254 49 (28-3685)

409 1419 2012 70 Georgian stories, 1927 … Edited by Arthur Waugh … New
480 1499 164 54 York
667 1502 46 49 &
739 1499 261 66 London,
1027 1497 68 54 G.
1124 1498 65 52 P.
1218 1496 300 54 Putnam’s
1545 1516 148 48 sons,
1723 1500 150 51 1928.

481 1580 643 50 1 p. l., vii, 359 p. 21ᶜᵐ.
415 1634 51 53 ©
496 1639 111 40 Jan.
634 1639 70 47 27,
735 1636 142 49 1928;
911 1637 67 40 2c.
1009 1638 96 38 and
1136 1636 82 41 aff.
1250 1636 110 40 Jan.
1393 1635 82 48 28;
1508 1636 41 39 A
1578 1636 230 48 1018651;
1843 1636 55 41 G.
1930 1637 52 40 P.
2015 1635 253 41 Putnam’s
2299 1646 127 31 sons.

410 1719 279 62 Gibbons,
724 1717 230 54 Daniel.

413 1794 1988 134 God in us; the world faith of Quakerism, by Daniel Gibbons …
709 1874 140 53 New
880 1873 181 67 York,
1089 1872 122 55 The
1240 1873 338 53 Macmillan
1608 1890 301 53 company,
1941 1876 151 51 1928.

484 1956 86 41 100
599 1967 43 38 p.
703 1955 56 41 19½ᶜᵐ.

416 2009 1814 52 © Jan. 24, 1928; 2c. and aff. Jan. 25; A 1061393; Macmillan co.
494 2069 255 49 (28-3454)

413 2151 270 62 Gleason,
720 2151 132 52 Nell
885 2149 336 53 Katharine
1255 2149 216 63 Thora,
1510 2149 172 54 1897-

488 2229 265 69 Spelling
783 2247 222 51 games;
1038 2228 221 53 devices
1288 2233 59 48 to
1376 2228 69 53 be
1475 2228 137 53 used
1644 2228 60 52 in
1734 2228 269 70 teaching
2034 2229 250 70 spelling
2316 2230 113 53 and

417 2306 1951 70 a summary of procedure for teachers, by Nell K. Gleason …
416 2386 340 53 Illustrated
786 2384 77 70 by
895 2385 189 52 Leone
1119 2383 276 56 Schwem.
1467 2384 272 70 Chicago,
1773 2385 476 71 Beckley-Cardy
417 2404 1989 129 company
604 2463 194 68 [ᶜ1927]

487 2545 56 41 89
570 2556 44 37 p.
673 2544 132 41 illus.
865 2544 117 41 19ᶜᵐ.

421 2598 52 52 ©
502 2602 113 41 Feb.
642 2604 39 45 7,
711 2601 117 41 1927;
885 2603 67 39 2c.
983 2603 95 38 and
1108 2601 83 41 aff.
1221 2603 110 39 Jan.
1360 2603 40 46 3,
1431 2601 116 42 1928;
1605 2602 41 39 A
1676 2602 206 41 1018110;
1939 2605 396 48 Beckley-Cardy
2363 2615 69 31 co.

499 2658 253 50 (28-3659)

417 2727 293 63 Goddard,
749 2727 209 53 Edwin
998 2727 264 63 Charles,
1302 2731 171 49 1865-

491 2804 266 56 Outlines
786 2804 66 54 of
880 2806 98 52 the
1008 2807 110 50 law
1148 2805 66 53 of
1241 2805 307 54 bailments
1578 2806 114 53 and
1724 2807 261 68 carriers,
2014 2807 76 70 by
2123 2808 212 54 Edwin
2370 2808 63 55 C.

420 2883 1988 146 Goddard … 2d ed., by Charles E. Cullen … Chicago, Callaghan
661 2963 46 50 &
732 2979 301 50 company,
1061 2964 151 50 1928.

492 3042 96 47 xvi,
617 3041 84 41 504
727 3054 43 37 p.
832 3042 117 41 23ᶜᵐ.

426 3094 52 52 ©
505 3099 110 40 Jan.
643 3100 69 46 24,
742 3099 142 47 1928;
913 3100 67 39 2c.
1009 3101 95 38 and
1134 3099 82 41 aff.
1246 3101 96 39 Jan
1386 3100 55 40 27;
1498 3101 41 38 A
1568 3101 230 49 1061444;
1832 3102 274 49 Callaghan
2135 3103 36 41 &
2199 3115 68 30 co.

502 3155 253 49 (28-3724)

420 3222 245 62 Greene,
697 3222 241 63 Homer,
972 3226 173 50 1853-

495 3299 1939 70 Coal and the coal mines, by Homer Greene … Rev. ed.
424 3379 236 66 Boston,
691 3378 141 52 New
865 3379 165 52 York
1085 3385 120 61 [etc.]
1244 3379 323 70 Houghton
1601 3380 205 54 Mifflin
1840 3400 284 53 company
2207 3387 153 65 [ᶜ1928]

496 3459 1430 51 5 p. l., 225 p. illus. (incl. map, plans) plates. 18ᶜᵐ.
428 3512 52 52 ©
506 3516 110 40 Jan.
641 3516 71 48 25,
736 3516 117 40 1928;
908 3517 67 40 2c.
1003 3517 110 40 Jan.
1139 3518 56 40 28;
1245 3517 86 41 aff.
1360 3519 110 40 Jan.
1498 3519 57 40 27;
1610 3519 41 39 A
1674 3519 205 42 1018591;
1935 3522 61 40 H.
2027 3522 197 49 Greene,
495 3524 1925 97 Honesdale,
647 3573 84 40 Pa.
801 3573 255 49 (28-3573)

424 3639 256 63 Griffith,
720 3639 277 55 Coleman
1036 3640 274 64 Roberts,
1352 3645 172 50 1893-

496 3718 326 68 Psychology
895 3719 113 52 and
1043 3719 282 68 athletics,
1357 3738 31 34 a
1420 3721 232 68 general
1685 3740 206 51 survey
1924 3722 97 54 for
2052 3725 241 54 athletes
2324 3727 109 52 and

425 3794 2013 78 coaches [by] Coleman R. Griffith … New York, London, C.
427 3872 314 56 Scribner’s
772 3892 149 50 sons,
953 3877 153 51 1928.

496 3956 884 50 xix p., 1 l., 281 p. diagrs. 19 ᶜᵐ .
498 4012 129 40 “The
653 4017 197 44 present
876 4015 122 39 book
1023 4016 171 40 stands
1220 4016 228 48 logically
1473 4016 133 50 prior
1633 4020 48 38 to
1708 4020 81 39 the
1815 4019 220 41 author’s
2061 4021 301 49 Psychology
2385 4023 52 40 of

425 4070 234 48 coaching
682 4071 132 48 [New
836 4071 144 49 York,
1003 4072 358 43 1926]”—Pref.
