2547 4432
1427 4071 68 51 84

437 504 1984 149 M. Hollingsworth … Indianapolis, The Rough notes company, 1926.
510 667 84 47 xli,
624 665 86 41 316
738 676 44 38 p.
842 666 118 41 23ᶜᵐ.

443 733 52 52 ©
525 737 113 41 Dec.
666 737 70 48 20,
767 737 117 40 1927;
940 737 69 41 2c.
1039 737 97 39 and
1165 736 83 41 aff.
1279 736 113 41 Feb.
1422 736 41 48 3,
1493 735 115 41 1928;
1666 736 43 39 A
1738 735 204 40 1061525;
2003 735 173 48 Rough
2207 738 137 38 notes
2374 747 71 30 co.

437 846 146 63 Dell,
615 846 177 53 Ethel
822 847 159 64 May.

508 925 201 69 Peggy
741 924 78 70 by
852 930 251 63 request;
1137 925 96 52 the
1266 924 128 53 love
1426 929 159 64 story
1618 923 64 54 of
1715 924 143 54 Noel
1893 923 115 54 and
2040 924 219 69 Peggy,
2294 923 153 54 from

439 1002 156 54 “The
628 1002 207 69 keeper
870 1002 66 53 of
970 1003 96 52 the
1103 1002 193 67 door”,
1332 1001 231 54 written
1596 1001 77 70 by
1707 1006 224 64 request
1966 1000 66 55 of
2066 1019 151 36 some
2253 1001 65 53 of
2351 1020 98 49 my

438 1082 245 67 readers,
720 1080 77 70 by
838 1080 173 53 Ethel
1050 1080 80 53 M.
1170 1080 149 52 Dell.
1396 1079 141 53 New
1575 1079 181 68 York,
1793 1079 261 67 London,
2094 1078 69 56 G.
2201 1081 66 51 P.
437 1080 1987 132 Putnam’s
645 1177 148 50 sons,
826 1161 150 50 1928.

508 1242 82 49 vii,
622 1242 87 42 397
741 1253 43 38 p.
845 1241 148 43 19½ᶜᵐ.

510 1313 199 40 London
740 1312 188 41 edition
970 1311 77 49 (T.
1081 1312 53 39 F.
1168 1310 202 48 Unwin)
1410 1312 90 39 has
1533 1311 136 42 title:
1706 1312 74 47 By
1812 1313 210 47 request.

445 1380 52 52 ©
530 1384 110 40 Jan.
671 1384 70 47 27,
774 1382 142 47 1928;
948 1383 68 40 2c.
1049 1383 96 39 and
1177 1382 83 41 aff.
1293 1382 111 40 Jan.
1435 1382 83 46 28;
1553 1382 41 39 A
1625 1382 230 47 1018601;
1893 1384 142 39 Ethel
2070 1384 141 47 Mary
2247 1383 201 47 Savage,

515 1441 245 47 Ewhurst,
795 1440 195 47 Surrey,
1023 1440 238 47 England.
1333 1438 251 49 (28-3174)

439 1534 363 63 Dieudonne,
836 1535 262 63 Eugene.

512 1612 235 54 Fifteen
818 1631 123 34 years
970 1611 65 54 of
1063 1611 187 69 living
1279 1611 190 54 death.
1542 1611 392 68 [Instalments
1965 1616 117 63 1-4]

544 1697 61 38 (In
639 1692 145 43 Ideas
823 1690 290 53 magazine)

447 1762 2001 52 © 1c. each Jan. 12, 1928; A ad int. 10700; pubd. Dec. 3, 10, 17, 24, 1927;
519 1823 198 47 Christy
744 1822 38 41 &
809 1823 178 47 Moore,
1016 1823 101 47 ltd.,
1147 1822 215 40 London.

440 1918 320 61 Dorrance,
793 1916 206 53 James
1031 1916 249 63 French,
1318 1915 173 54 1879-

512 1992 1943 71 The Rio rustlers, by James French Dorrance … New York,
443 2071 997 70 The Macaulay company [ ᶜ 1928]
510 2156 102 48 viii,
640 2155 145 42 9-319
814 2166 44 39 p.
918 2155 59 41 19½
1006 2157 45 22 ᶜᵐ
1056 2188 9 9 .

449 2222 52 52 ©
532 2226 111 41 Jan.
671 2226 69 47 25,
772 2225 143 47 1928;
945 2225 69 42 2c.
1045 2225 110 42 Jan.
1185 2225 82 47 27;
1301 2224 84 42 aff.
1417 2225 111 41 Jan.
1557 2225 83 47 28;
1674 2225 41 39 A
1744 2225 231 48 1018575;
2010 2227 260 47 Macaulay
2301 2237 67 31 co.

526 2282 253 50 (28-3331)

445 2377 219 64 Drake,
696 2377 210 64 Henry
936 2378 285 63 Burgess.

516 2453 218 57 Cursed
762 2454 68 54 be
859 2455 96 53 the
984 2459 272 64 treasure,
1281 2454 78 69 by
1387 2455 78 53 H.
1498 2456 67 52 B.
1595 2455 211 53 Drake.
1883 2455 139 53 New
2051 2454 181 69 York,
2259 2455 196 70 Macy-

444 2533 236 68 Masius,
712 2536 152 51 1928.

513 2617 102 48 viii,
644 2616 88 42 310
760 2628 46 37 p.
865 2616 148 42 19½ᶜᵐ.

450 2683 52 53 ©
530 2688 112 41 Jan.
668 2689 70 47 27,
767 2688 119 41 1928;
940 2689 68 41 2c.
1038 2688 112 41 Feb.
1179 2688 53 47 1;
1263 2687 84 43 aff.
1377 2688 111 42 Jan.
1516 2687 84 49 30;
1631 2688 41 40 A
1701 2687 231 49 1061494;
1965 2688 364 49 Macy-Masius,
2361 2688 93 42 inc.

527 2745 252 49 (28-3435)

449 2839 2009 69 Dunsany, Edward John Moreton Drax Plunkett, 18th b aron,
516 2917 173 54 1878-

516 2996 123 53 The
671 2995 256 70 blessing
959 2996 65 53 of
1058 2997 145 67 Pan,
1238 2997 76 69 by
1349 2997 157 53 Lord
1542 2998 297 68 Dunsany.
1916 2996 140 53 New
2091 2995 181 69 York,
447 2996 1985 145 London,
609 3072 68 56 G.
707 3074 66 53 P.
805 3073 298 54 Putnam’s

1132 3092 148 49 sons,
1311 3077 152 51 1928.

516 3157 63 48 vi,
609 3157 87 41 277
724 3169 45 37 p.
829 3157 151 41 front.
1040 3157 56 41 19½ᶜᵐ.

452 3223 52 52 ©
536 3227 111 41 Jan.
678 3228 69 46 27,
780 3227 142 46 1928;
954 3228 68 40 2c.
1054 3230 96 38 and
1182 3227 82 40 aff.
1297 3228 113 40 Jan.
1440 3229 83 46 28;
1558 3228 39 40 A
1630 3228 230 47 1018602;
1897 3229 211 40 Edward
2142 3228 129 41 John
520 3230 1919 94 Moreton

634 3285 138 38 Drax
801 3285 238 40 Plunkett
1077 3284 151 49 (Lord
1260 3284 263 49 Dunsany)
1565 3285 190 48 County
1787 3285 181 48 Meath,
2001 3285 209 48 Dunree,
2243 3286 214 40 Ireland.

531 3340 251 49 (28-3170)

447 3434 210 64 Duval,
686 3434 223 64 Pierre,
945 3434 171 54 1874-

520 3514 121 52 The
674 3514 354 66 duodenum;
1063 3513 260 67 medical,
1356 3514 318 69 radiologic
1707 3516 113 52 and
1853 3513 252 70 surgical
2136 3514 216 54 studies
2383 3515 79 69 by

450 3590 1986 226 Pierre Duval, Jean Charles Roux and Henri Béclère … translated by E. P. Quain, M. D. St. Louis, The C. V. Mosby company, 1928.
520 3829 86 39 212
635 3839 43 38 p.
738 3828 131 41 illus.
928 3828 58 40 25½ᶜᵐ.

525 3897 351 43 “References”:
932 3910 45 37 p.
1005 3898 219 43 206-208.

458 3951 51 53 ©
540 3956 110 41 Jan.
678 3955 71 49 20,
780 3955 115 42 1928;
955 3958 68 40 2c.
1054 3956 110 42 Jan.
1195 3957 55 39 25;
1311 3957 83 41 aff.
1425 3957 111 41 Jan.
1566 3959 58 39 26;
1682 3959 41 39 A
1754 3958 207 42 1018549;
2020 3959 49 42 C.
2102 3960 53 41 V.
2188 3960 136 40 Mosby
2388 3971 69 30 co.

537 4012 252 51 (28-3216)
