2498 4384
999 4092 133 51 1121

55 436 404 62 Mendelsohn,
490 433 255 55 William
776 433 251 62 Arthur,
1059 449 178 50 comp.

125 513 289 54 Practical
462 513 170 68 guide
682 512 94 52 for
823 511 267 67 charting
1137 510 113 52 and
1300 507 384 70 interpreting
1729 508 98 53 the
1871 508 185 54 visual

56 594 153 51 color
243 591 178 56 fields,
455 590 281 68 compiled
768 589 75 68 by
875 589 104 53 Dr.
1013 589 150 53 Wm.
1198 587 225 52 Arthur
1457 587 392 53 Mendelsohn.

55 586 1976 153 Chicago,
242 671 167 51 Press
444 668 63 53 of
539 666 393 54 Professional
968 665 303 69 recording
1302 683 283 51 company
1623 698 13 34 [
1663 667 133 51 ᶜ1928
1803 698 12 34 ]

125 754 28 38 4
179 763 42 38 p.
286 783 7 17 l.,
323 751 87 39 11-81
496 760 42 39 p.
598 749 180 50 diagrs.
834 749 148 40 22½ᶜᵐ.

128 824 163 40 “First
318 822 228 43 edition.”

60 890 1996 52 © July 21, 1928; 2c. and aff. Aug. 3; A 1083644; W. A. Mendelsohn,
128 950 225 49 Chicago.

51 1058 230 63 Merlet,
317 1058 35 54 J
642 1058 45 52 F
978 1056 198 53 Louis.

183 1132 1872 81 … 13.904; roman d’un forçat. Paris, Éditions Baudinière
102 1221 153 68 [ ᶜ1927]
123 1303 342 49 255 p. 19 ᶜᵐ .
59 1371 2000 52 © Sept. 17, 1927; 1c. Dec. 27; A—Foreign 37705; Librairie Baudinière.
138 1430 282 50 (28-17451)

52 1541 146 52 New
228 1540 229 63 Jersey.
532 1540 184 67 Laws,
748 1546 257 61 statutes,
1035 1546 100 47 etc.

127 1618 253 56 Selected
417 1623 239 48 statutes
690 1618 65 53 of
788 1618 139 52 New
961 1618 203 69 Jersey
1208 1618 329 69 (including
1572 1618 389 53 amendments
1997 1617 64 54 of

59 1697 161 68 1927)
275 1698 113 52 and
436 1698 94 51 the
576 1696 393 55 Constitution
1012 1696 64 54 of
1119 1697 96 52 the
1262 1695 219 54 United
1527 1696 188 54 States
1762 1697 112 52 and
1920 1696 141 52 New

56 1775 216 69 Jersey.
346 1776 139 51 New
520 1775 201 68 Jersey
754 1775 105 52 bar
893 1775 221 52 review.
1194 1774 220 69 [Comp.
1449 1775 78 68 by]
1583 1775 117 68 Jay
1730 1775 116 52 Leo
56 1776 1980 146 Rothschild,

298 1854 230 55 Samuel
565 1853 317 53 Kaufman.
964 1853 283 68 [Newark,
1285 1853 70 54 N.
1395 1852 74 69 J.,
1506 1854 253 53 Lazarus
1796 1853 266 70 printing

50 1951 297 50 company,
384 1935 151 64 1928]

126 2014 565 50 2 p. l., 164 p. 22½ ᶜᵐ .
61 2082 1998 54 © June 29, 1928; 2c. and aff. Aug. 4; A 1083496; Jay Leo Rothschild,
126 2143 225 48 Newark,
378 2143 58 41 N.
465 2143 44 40 J.

55 2252 440 53 Northeastern
532 2254 288 61 reporter.

188 2330 1876 71 … Temporary North eastern reporter digest of volumes 156
57 2416 59 48 to
158 2415 97 49 160
296 2410 189 54 North
524 2416 222 48 eastern
785 2415 275 63 reporter,
1101 2409 141 53 with
1282 2409 250 54 Indiana
1574 2415 211 49 statute
57 2419 1978 125 annotations

245 2490 113 52 and
394 2489 251 53 Indiana
681 2489 152 53 table
870 2488 64 53 of
970 2507 166 35 cases.
1220 2488 267 67 [Indiana
1525 2490 103 66 ed.]
1708 2491 109 53 Ed.
1855 2491 76 68 by
1965 2493 97 51 the

57 2566 2005 72 editorial staff of the American digest system … St. Paul,
50 2646 162 54 West
240 2645 339 70 publishing
607 2664 98 51 co.,
739 2648 151 51 1928.

127 2729 336 48 346 p. 24 ᶜᵐ .
63 2796 52 52 ©
142 2799 116 48 July
282 2799 70 49 26,
378 2799 118 41 1928;
547 2799 69 41 2c.
641 2799 122 48 Aug.
787 2801 26 39 7;
869 2798 82 42 aff.
978 2800 121 48 Aug.
1126 2799 29 41 6;
1207 2800 42 38 A
1275 2799 207 41 1082954;
1534 2801 138 40 West
1696 2802 111 48 pub.
1834 2812 66 31 co.

59 2923 283 63 Osborne,
377 2922 197 55 Oliver
608 2924 277 62 Thomas,
923 2927 171 49 1862-

122 3000 1940 70 Handbook of therapy [by] Oliver T. Osborne … and Morris
53 3078 1984 147 Fishbein … 8th ed. Chicago, American medical association [ᶜ1928]
122 3240 847 51 2 p. l., [7]-660 p. diagr. 19 ᶜᵐ .
65 3307 52 52 ©
145 3311 116 48 July
287 3311 69 48 21,
385 3310 119 41 1928;
555 3311 70 41 2c.
652 3312 95 38 and
775 3310 82 42 aff.
886 3312 121 47 Aug.
1032 3312 55 46 2;
1118 3312 42 39 A
1187 3312 231 47 1083468;
1448 3314 146 38 Amer.
1638 3314 206 40 medical
1873 3325 130 30 assn.

143 3367 281 49 (28-18783)

59 3461 252 63 Oswald,
349 3462 155 53 John
547 3461 198 64 Clyde,
786 3462 171 54 1872-

129 3539 57 53 A
209 3539 225 69 history
458 3540 64 53 of
546 3540 281 69 printing,
854 3540 74 54 its
955 3541 399 69 development
1379 3543 253 69 through
1658 3543 111 55 five
1796 3545 263 54 hundred

59 3616 2000 76 years, by John Clyde Oswald … New York and London, D.
59 3693 297 69 Appleton
384 3696 113 52 and
527 3713 297 53 company,
855 3700 151 50 1928.

202 3807 9 17 xx,
243 3777 71 49 [1],
341 3776 101 48 403,
474 3777 55 49 [1]
559 3789 44 37 p.
662 3779 88 40 col.
777 3778 164 49 front.,
971 3779 143 49 illus.,
1212 3811 9 18 pl.,
1250 3780 217 42 facsims.
1496 3779 136 51 (part
1663 3783 101 48 col.,
1794 3784 25 39 1
1852 3784 198 48 double)

60 3832 118 42 24ᶜᵐ.

132 3902 351 50 Bibliography;
536 3915 44 37 p.
607 3904 235 51 389-[391]

67 3970 52 53 ©
145 3974 117 49 July
287 3975 70 48 27,
383 3975 119 41 1928;
554 3976 67 43 2c.
649 3978 96 40 and
772 3977 82 42 aff.
882 3978 116 49 July
1023 3979 56 41 31;
1135 3979 42 40 A
1202 3979 204 42 1083426;
1463 3981 57 41 D.
1549 3982 240 49 Appleton
1817 3983 36 41 &
1881 3994 68 31 co.

146 4032 280 49 (28-18760)
