2498 4384
1109 4065 140 52 2115

154 411 259 53 Fashion
449 409 297 63 institute,
784 406 269 69 Chicago.

226 489 125 52 Hat
375 486 241 70 making
642 483 339 70 simplified;
1011 482 97 54 the
1135 482 251 67 Nu-way
1414 496 197 37 course
1637 478 61 53 in
1726 476 293 70 millinery
2072 474 93 69 [by]

157 566 253 69 Carolyn
441 563 288 69 Countiss,
756 563 250 53 director
1034 559 65 55 of
1126 558 157 68 staff,
1311 559 98 52 the
1437 556 255 55 Fashion
1722 554 281 68 institute,

156 553 1991 161 Chicago, Illinois. Chicago, Ill , B. W. Cooke co., 1928.
227 717 1554 60 vii, [1], 324, ix-xii p. illus. (1 col. mounted) diagrs. 24 ᶜᵐ.
161 781 52 53 ©
242 786 79 39 May
382 785 41 43 3,
452 784 84 40 1928;
622 783 68 41 2c.
718 783 96 40 and
842 781 83 42 aff.
955 781 113 49 May
1095 780 54 47 9;
1178 779 41 40 A
1248 776 231 49 1074403;
1509 777 56 40 B.
1592 777 73 41 W.
1695 775 159 42 Cooke
1882 784 68 33 co.

238 842 283 51 (28-17726)

227 941 244 51 Pattern
509 937 240 69 making
788 933 340 70 simplified;
1172 934 100 52 the
1310 931 250 70 Nu-way
1602 949 193 35 course
1838 932 60 53 in
1941 933 233 65 pattern

156 1017 271 69 drafting
559 1048 13 35 [by]
612 1013 254 69 Carolyn
900 1012 289 68 Countiss,
1221 1011 249 53 director
1503 1009 67 53 of
1601 1008 155 68 staff,
1788 1010 98 51 the
1917 1007 257 54 Fashion

157 1085 2016 79 institute, Chicago, Illinois. Chicago, Ill , B. W. Cooke co.
162 1177 192 64 [ ᶜ19 28 ]
228 1252 881 54 vii, [1], 128, ix-xii p. illus. 24 ᶜᵐ.
161 1310 52 54 ©
243 1317 113 46 May
382 1315 41 44 3,
584 1323 9 37 1928;
623 1313 67 40 2c.
719 1313 96 39 and
844 1311 82 40 aff.
954 1311 115 48 May
1096 1310 26 40 9;
1179 1310 42 39 A
1249 1309 204 41 1074457;
1510 1309 56 40 B.
1658 1340 9 9 W.
1697 1306 159 42 Cooke
1884 1318 68 30 co.

239 1372 282 50 (28-17725)

154 1470 310 61 Freeman,
499 1467 198 53 Frank
730 1467 264 63 Nugent.

230 1545 363 70 Child-story
635 1544 244 53 readers.
957 1542 99 55 4th
1103 1543 216 52 reader.
1401 1542 93 69 By
1536 1541 201 53 Frank
1778 1542 70 53 N.
1894 1541 282 54 Freeman

158 1626 113 52 and
307 1624 251 53 Eleanor
594 1623 79 52 M.
710 1622 278 56 Johnson.
1061 1621 342 53 Illustrated
1437 1619 77 71 by
1549 1620 57 55 J.
1645 1619 261 55 Clemens
1942 1618 234 56 Gretter

158 1704 114 53 and
298 1702 304 53 Elizabeth
629 1701 323 69 Georgiena
981 1698 249 57 Selover.
1297 1697 271 71 Chicago,
1594 1698 193 69 Lyons
1817 1697 113 55 and
156 1697 1995 152 Carnahan,
322 1784 152 51 1928.

251 1866 78 39 1 v.
162 1917 53 54 ©
243 1922 104 41 Oct.
372 1922 71 47 25,
470 1920 115 43 1928;
640 1921 69 40 2c.
736 1921 97 39 and
859 1920 83 41 aff.
972 1919 103 43 Oct.
1102 1919 57 40 29;
1214 1919 44 39 A
1283 1918 89 41 440;
1425 1918 162 50 Lyons
1615 1922 37 41 &
1679 1916 278 44 Carnahan.

156 2035 168 64 Geer,
356 2033 246 56 Walter.

229 2114 300 67 Napoleon
572 2113 112 52 and
727 2112 90 53 his
861 2109 224 71 family.
1164 2110 126 52 The
1329 2114 159 65 story
1530 2109 65 54 of
1637 2129 31 33 a
1714 2108 274 56 Corsican
2032 2110 144 53 clan.

158 2190 544 68 Madrid-Moscow,
737 2191 327 52 1809-1813.
1135 2190 140 52 New
1311 2187 182 69 York,
1527 2187 359 68 Brentano’s,
1923 2190 152 51 1928.

0 0 0 0 1 v.
164 2327 52 53 ©
247 2332 130 48 Sept.
407 2331 70 45 15,
508 2330 141 50 1928;
678 2331 70 40 2c.
780 2330 131 48 Sept.
940 2330 82 47 18;
1055 2329 83 41 aff.
1172 2329 130 48 Sept.
1333 2329 55 40 19;
1449 2329 40 40 A
1520 2328 231 48 1054397;
1784 2330 72 40 W.
1889 2327 138 51 Geer,
2059 2330 120 40 New

230 2390 147 42 York.

160 2486 226 63 Gulick,
418 2488 138 54 Mrs.
592 2484 309 56 Charlotte
934 2484 198 65 Emily
1170 2485 277 64 (Vetter)

230 2563 420 70 Emergencies,
672 2563 77 69 by
775 2562 298 55 Charlotte
1098 2563 204 53 Vetter
1327 2560 227 57 Gulick.
1617 2564 237 66 Boston,
1879 2561 157 57 Ginn
2065 2564 114 52 and

159 2661 300 49 company,
493 2644 150 53 1928.

329 2721 1321 53 1 v. (Half-title: The Gulick hygiene series, bk. 2)
164 2778 53 53 ©
247 2783 130 49 Sept.
401 2784 72 46 13,
501 2782 115 41 1928;
671 2783 69 40 2c.
767 2783 114 41 Dec.
908 2783 29 39 5:
990 2781 83 42 aff.
1102 2783 113 41 Dec.
1242 2782 27 40 3;
1329 2782 39 39 A
1394 2781 87 42 974;
1540 2781 127 41 Ginn
1695 2782 36 40 &
1759 2793 68 30 co.
1887 2776 70 57 [©
1988 2782 191 41 revised

231 2843 109 39 text
364 2843 98 38 and
490 2852 107 31 new
622 2841 347 50 illustrations]

157 2937 259 63 Hallum,
450 2936 174 56 John.

231 3015 259 53 Address
518 3019 58 48 to
604 3015 97 52 the
726 3013 154 70 jury,
907 3015 34 52 by
1012 3013 121 56 Col.
1164 3014 159 54 John
1352 3014 245 53 Hallum
1625 3015 61 52 in
1716 3013 113 55 self
1856 3014 236 55 defense
2120 3015 60 53 in

163 3093 95 53 the
286 3112 123 34 case
438 3092 65 53 of
531 3092 96 54 the
654 3098 146 48 state
829 3092 65 53 of
921 3092 185 55 Texas
1136 3093 229 68 against
1394 3092 138 53 him.
1598 3092 142 54 Also
1770 3093 263 69 speeches
2065 3094 114 53 and

162 3189 187 53 essays
377 3171 76 69 by
482 3171 349 68 Watterson,
860 3170 244 69 Wilson,
1134 3171 274 68 Phillips,
1437 3170 431 71 Witherspoon,
1899 3171 282 70 Johnson,

163 3248 312 69 Cumback,
502 3250 145 68 Pon,
676 3249 305 68 Edwards,
1009 3250 287 53 Houston.
1365 3248 303 71 Compiled
1698 3251 78 67 by
1804 3248 197 57 James
162 3251 1996 146 Hervey

297 3328 272 68 Phillips.
637 3327 331 68 Cleveland,
999 3326 87 70 O.,
1117 3327 57 54 J.
1205 3328 79 53 H.
1316 3327 273 70 Phillips,
1624 3331 151 51 1928.

0 0 0 0 1 v.
168 3462 52 54 ©
254 3469 115 48 Apr.
402 3469 72 47 24,
510 3468 141 48 1928;
687 3469 68 41 2c.
791 3469 113 49 Apr.
940 3469 83 48 28;
1060 3469 84 41 aff.
1179 3470 129 40 June
1342 3469 53 47 8;
1433 3469 41 40 A
1508 3469 231 48 1077663;
1779 3469 43 42 J.
1859 3469 62 43 H.
1956 3469 223 49 Phillips,

221 3527 282 41 Louisville.

161 3609 218 64 Harry,
421 3609 278 66 Myriam,
740 3611 196 67 pseud.

297 3684 1879 78 … La nuit de Jérusalem; lithographies de Drouart. [Paris]
166 3763 704 72 E. Flammarion [19 28]
236 3845 914 54 65, [1] p., 1 l. front., plates. 24 ᶜᵐ.
170 3894 1898 62 © Oct. 11, 1928; 1c. Oct. 19; A—Foreign 260; Ernest Flammarion.
241 3957 71 56 [©
342 3964 107 40 text
478 3965 95 39 and
604 3963 347 53 illustrations]
1023 3964 252 51 (29-1105)
