2498 4384
1091 4165 101 49 311

112 477 332 53 Hildreth’s
482 478 448 52 Massachusetts
965 475 185 69 digest.
1245 492 50 33 v.
1337 478 45 48 5.
1469 472 192 69 (With
1699 472 429 70 chronological

183 557 318 52 references
544 556 270 67 covering
855 556 98 51 the
995 559 129 62 past
1166 552 305 68 thirty-six
1514 551 193 69 years)
183 550 1921 138 Massachusetts

347 633 279 69 Supreme
650 640 163 46 court
837 637 241 63 reports,
1103 631 253 52 volumes
1382 629 245 54 252-257
1652 629 296 67 inclusive,
1977 631 152 51 1928.

183 708 1504 73 By Walter Alexander Ladd … Boston, 1928.
180 795 281 49 224 p. 26 ᶜᵐ.
115 850 52 52 ©
199 855 123 39 Mar.
353 853 40 41 6,
426 852 115 40 1928;
600 852 68 40 2c.
699 852 96 39 and
826 850 83 41 aff.
942 851 123 39 Mar.
1097 850 56 39 16;
1214 850 42 38 A
1287 848 204 42 1068362;
1553 849 189 40 Walter
1774 848 54 41 A.
1861 848 137 39 Ladd
2031 849 98 39 and

183 912 196 46 Eugene
414 911 70 40 W.
518 909 245 48 Hildreth,
799 909 197 39 Boston.

110 976 272 63 Hiscock,
415 977 98 52 Ira
544 974 315 64 Vaughan,
898 976 171 51 1892-
1249 973 85 54 ed.

184 1055 372 68 Community
594 1054 196 53 health
827 1052 421 70 organization,
1283 1052 223 53 revised
1543 1052 169 68 plans
1749 1051 95 53 for
111 1069 1995 119 communities

308 1133 65 54 of
403 1136 224 64 100,000
654 1132 115 53 and
800 1135 188 64 50,000
1018 1132 113 52 and
1162 1150 31 33 a
1220 1150 125 33 new
1375 1131 139 68 plan
1543 1130 95 52 for
1667 1133 191 64 30,000
111 1130 1995 155 population,

279 1208 1849 73 edited by Ira V. Hiscock … with the assistance of Haven
114 1292 298 67 Emerson,
502 1334 9 9 M.
586 1333 31 25 D.,
652 1289 160 55 C.-E.
847 1289 73 53 A.
954 1289 300 67 Winslow,
1361 1331 10 10 DR.
1447 1332 10 9 P.
1548 1331 31 25 H.,
1614 1287 225 70 George
1873 1289 260 52 Truman

112 1366 2019 71 Palmer … [and others] and the cooperation of city and county
113 1445 1995 151 health officers … [New York, American public health association, ᶜ1 927]
185 1590 1940 69 viii, 122 p. 23½ ᶜᵐ. (American health congress series, vol . II , pt. IV)
185 1669 229 40 Lettered
449 1679 59 29 on
544 1678 141 30 cover:
752 1667 258 40 American
1046 1666 163 49 public
1244 1667 169 40 health
1449 1666 314 41 association.

186 1726 175 41 Edited
389 1725 316 49 proceedings
733 1726 95 39 and
857 1734 176 39 papers
1060 1724 261 49 presented
1351 1727 52 37 at
1431 1725 82 39 the
1541 1724 259 41 American
1829 1725 169 40 health
116 1735 2001 98 congress

289 1785 111 39 held
439 1784 49 39 in
528 1784 128 47 May,
698 1782 128 48 1926,
869 1784 51 39 at
962 1783 82 39 the
1083 1782 189 40 session
1311 1783 203 39 devoted
1557 1787 50 35 to
1646 1783 82 39 the
1768 1782 274 40 discussion
2084 1782 52 40 of

116 1843 161 47 public
309 1842 169 40 health
508 1840 339 49 organization.
923 1840 62 48 cf.
1019 1840 132 41 Pref.

121 1896 51 53 ©
209 1902 78 38 May
356 1900 70 41 31,
462 1899 116 40 1927;
641 1899 68 40 2c.
745 1899 97 39 and
876 1898 83 41 aff.
995 1898 112 40 Feb.
1143 1898 69 48 18,
1248 1897 144 48 1928;
1429 1898 44 39 A
1505 1897 233 48 1069044;
1776 1899 146 39 Amer.
1972 1897 166 49 public

188 1958 168 39 health
387 1967 130 30 assn.
590 1956 251 48 (28-7384)

114 2023 380 65 Hoisington,
523 2025 138 51 Mrs.
693 2024 142 62 May
864 2021 255 66 Folwell,
1152 2022 174 54 1874-
1496 2039 181 52 comp.

190 2103 187 53 Beads
416 2102 114 53 and
567 2102 254 67 charms;
862 2120 193 50 poems
1094 2102 285 68 compiled
1417 2101 77 70 by
1532 2102 140 70 May
1711 2102 242 53 Folwell
117 2101 1996 149 Hoisington.

432 2180 1052 68 New York, W. A. Broder [ ᶜ1 927]
190 2263 58 40 54
273 2274 44 37 p.
377 2263 60 41 18½ᶜᵐ.

123 2317 52 52 ©
210 2322 124 40 Mar.
368 2321 70 47 15,
473 2321 142 47 1927;
651 2321 68 42 2c.
754 2321 112 41 Feb.
900 2321 70 48 27,
1006 2321 142 46 1928;
1186 2320 84 42 aff.
1305 2321 113 40 Feb.
1453 2321 82 43 23;
1575 2320 40 39 A
1649 2320 208 40 1069000;
1920 2320 219 41 William

189 2379 170 41 Albert
395 2379 202 47 Broder,
635 2377 298 50 Gloucester,
971 2380 148 39 Mass.
1191 2378 254 50 (28-7184)

115 2445 311 64 Horwath,
461 2446 221 52 Ernest
714 2446 67 53 B.

187 2524 179 52 Hotel
428 2524 360 69 accounting,
849 2523 302 71 including
1212 2525 426 67 departmental
1699 2526 240 66 control,
2002 2524 136 54 food

118 2601 2025 70 costing, and auditing, by Ernest B. Horwath … and Louis
120 2680 1856 71 Toth … New York, The Ronald press company [ ᶜ1 928]
189 2764 942 48 ix, 508 p. incl. diagrs., forms. 22 ᶜᵐ.
127 2815 52 54 ©
212 2821 111 40 Feb.
353 2820 71 48 29,
456 2820 116 42 1928;
631 2821 67 41 2c.
730 2822 125 40 Mar.
886 2821 53 47 5;
974 2820 84 42 aff.
1091 2822 124 40 Mar.
1248 2821 54 48 3;
1336 2822 41 38 A
1409 2821 197 40 1068091;
1677 2822 192 39 Ronald
1903 2833 136 37 press
2073 2833 69 31 co.

205 2877 252 49 (28-7151)

122 2943 272 63 Howells,
427 2945 139 52 Mrs.
603 2943 175 54 Flora
818 2944 364 65 (Robinson)

192 3021 58 52 A
297 3021 115 69 girl
461 3021 65 53 of
574 3040 73 34 an
696 3022 216 53 Indian
962 3023 248 69 garden;
1262 3024 195 53 letters
1508 3024 66 53 of
1622 3025 176 52 Flora
1848 3025 297 53 Robinson

123 3099 258 53 Howells
412 3104 59 48 to
505 3100 101 52 her
642 3100 241 69 friends,
917 3101 190 53 edited
1139 3101 77 69 by
1248 3102 160 52 Ruth
1444 3103 68 52 E.
1547 3103 314 66 Robinson,
1894 3104 140 52 with
2071 3122 72 34 an

124 3177 394 53 introduction
557 3177 77 70 by
674 3179 222 68 Bishop
936 3178 264 55 William
1243 3180 210 53 Fraser
1492 3181 323 53 McDowell
1856 3182 114 52 and
126 3182 1993 127 Clotilda

304 3256 339 53 McDowell.
714 3257 141 52 New
891 3257 181 69 York,
1107 3257 255 71 Chicago
1423 3265 120 61 [etc.]
1582 3259 269 70 Fleming
1883 3261 79 53 H.
125 3261 1997 126 Revell

230 3337 498 66 company [ ᶜ1 928]
195 3417 673 50 91 p. front. (port.) 19½ᶜᵐ.
131 3470 52 52 ©
213 3475 111 41 Feb.
353 3476 70 45 18,
453 3473 117 41 1928;
624 3475 69 41 2c.
723 3475 95 39 and
849 3475 81 41 aff.
961 3477 123 39 Mar.
1115 3476 25 40 6;
1198 3477 43 39 A
1268 3477 204 41 1069123;
1533 3478 222 49 Fleming
1784 3480 61 40 H.
1878 3480 167 39 Revell
2077 3491 68 30 co.

212 3532 253 48 (28-7295)

131 3596 122 52 The
285 3596 316 54 Humorist.
696 3617 51 32 v.
784 3601 81 64 12,
898 3617 89 34 no.
1022 3602 120 64 296,
1175 3599 146 69 Apr.
1355 3600 48 67 7,
1438 3603 151 51 1928.
1666 3603 205 53 Easter
1905 3604 240 68 holiday

198 3693 89 34 no.

134 3753 54 53 ©
248 3769 38 29 1c.
318 3759 115 47 Apr.
465 3758 69 48 10,
570 3759 116 41 1928;
747 3760 41 38 A
821 3761 62 39 ad
916 3760 88 42 int.
1037 3761 145 41 10885;
1247 3762 144 48 pubd.
1427 3764 122 40 Mar.
1584 3763 54 40 31;
1705 3763 184 48 George
1925 3765 220 41 Newnes.

201 3815 101 47 ltd.,
333 3815 214 41 London.

129 3876 199 64 Jacks,
360 3878 319 56 Lawrence
711 3881 284 63 Pearsall,
1029 3886 173 51 1860-

200 3953 1949 82 Constructive citizenship, by L. P. Jacks … Garden City,
131 4033 68 53 N.
239 4035 92 68 Y.,
365 4036 362 71 Doubleday,
761 4039 201 53 Doran
998 4042 46 51 &
1078 4059 302 51 company,
1417 4043 127 67 inc.,
1583 4046 151 51 1928.
