2498 4384
1304 4059 102 50 982

444 523 128 39 “The
606 525 195 46 present
833 523 135 40 work
1001 524 289 48 reproduces
1325 523 50 39 in
1409 525 111 47 part
1556 524 82 40 the
1671 525 216 40 doctoral
1923 524 153 41 thesis
2113 525 254 48 presented

372 580 62 47 by
460 580 81 39 the
568 579 168 40 writer
764 582 52 37 at
843 580 231 40 Harvard
1101 579 274 49 university
1404 582 53 38 at
1485 581 81 39 the
1594 581 92 39 end
1716 580 51 41 of
1796 581 354 42 1925.”—Pref.

443 635 234 41 “Sources
703 636 52 40 of
782 636 302 41 references”:
1142 647 43 38 p.
1218 635 251 51 [449]-460.

369 703 52 52 ©
454 708 125 40 June
610 707 69 46 15,
710 708 114 40 1928;
883 708 68 40 2c.
983 708 128 39 June
1138 708 84 47 22;
1257 707 82 41 aff.
1372 708 128 40 June
1528 708 83 47 25;
1645 709 41 39 A
1717 708 229 48 1083029;
1981 708 259 41 President
2269 712 96 39 and

436 765 189 41 fellows
653 765 51 41 of
729 766 231 39 Harvard
986 766 192 47 college,
1206 764 304 51 Cambridge,
1538 767 147 40 Mass.
1751 766 281 51 (28-16295)

363 874 271 64 Persing,
664 875 145 52 Ellis
841 875 62 53 C.

438 954 369 67 Elementary
845 953 212 52 science
1093 953 76 68 by
1206 953 219 67 grades,
1500 953 92 52 bk.
1633 956 46 49 3.
1716 952 56 51 A
1806 957 203 48 nature
2046 953 172 68 study
2254 954 113 52 and

366 1030 2001 69 science reader, by Ellis C. Persing … and Elizabeth K. Peeples
428 1108 1938 69 … colored illustrations by E. Bruce Horsfall. New York, D.
361 1188 298 67 Appleton
688 1187 114 52 and
832 1204 282 51 company
1149 1189 173 63 [1928]

434 1269 1413 50 xiii, 204 p. col. front., illus., col. plates, diagrs. 19½ ᶜᵐ.
365 1338 52 52 ©
448 1342 130 39 June
603 1342 70 47 29,
704 1341 141 47 1928;
877 1341 68 41 2c.
976 1342 96 39 and
1102 1340 82 41 aff.
1216 1341 117 47 July
1364 1340 52 47 5;
1450 1341 41 39 A
1520 1340 230 49 1083135;
1785 1342 57 40 D.
1872 1341 242 49 Appleton
2144 1343 37 39 &
2210 1353 69 31 co.

356 1465 172 63 Pujo,
561 1465 169 52 Mme.
766 1463 181 54 Alice.

498 1541 1865 70 … La Huttière, roman. Paris, Gautier-Languereau, 1927.
436 1622 1834 51 3 p. l., [7]-316 p., 1 l. 19 ᶜᵐ. (Half-title: Bibliothèque de ma fille)
364 1693 1999 52 © Nov. 15, 1927; 1c. Feb. 10, 1928; A— Foreign 37472; Éditions Gautier-
431 1754 333 48 Languereau.
836 1752 280 49 (28-16920)

358 1862 224 53 Punch,
657 1881 88 34 no.
780 1862 210 52 4532A.
1069 1861 263 54 Summer
1363 1862 255 65 number,
1652 1864 149 49 1928.

363 1941 1998 52 © 1c. July 18, 1928; A ad int. 11423; pubd. May 21; Herbert Heather,
431 2002 213 42 London.

361 2114 390 61 Richardson,
783 2112 159 53 Leon
977 2112 174 63 Burr,
1189 2112 169 53 1878-

431 2191 57 52 A
510 2190 331 70 laboratory
863 2190 234 53 manual
1119 2189 65 54 of
1207 2190 232 70 general
1464 2188 327 70 chemistry,
1813 2190 76 69 by
1914 2190 158 53 Leon
2097 2191 68 52 B.
362 2190 1976 132 Richardson

609 2267 1756 70 and Andrew J. Scarlett, jr. … New York, H. Holt
359 2348 649 69 and company [ ᶜ19 28]
430 2429 769 49 vi p., 57 numb. 1. illus. 21 ᶜᵐ.
432 2499 202 41 Printed
663 2510 61 30 on
752 2510 89 30 one
870 2499 105 41 side
1003 2499 52 41 of
1082 2499 102 41 leaf
1211 2500 128 47 only.

360 2568 52 52 ©
441 2572 129 40 June
594 2573 38 46 6,
660 2572 114 40 1928;
830 2572 67 40 2c.
925 2573 96 39 and
1047 2571 83 41 aff.
1158 2573 127 39 June
1312 2571 26 40 9;
1393 2572 43 38 A
1462 2571 229 48 1074930;
1722 2571 170 48 Henry
1918 2572 123 40 Holt
2065 2571 38 41 &
2128 2582 69 30 co.

438 2629 281 48 (28-16208)

358 2739 277 63 Rickard,
667 2739 64 53 L.

432 2816 1764 69 The scarlet sin, by Mrs. Victor Rickard, chap. 1-20. [19
356 2896 377 66 instalments]

436 2980 83 47 (In
544 2975 202 43 London
770 2974 148 53 Daily
942 2973 274 52 chronicle)

359 3045 1996 52 © 1c. each July 21, 1928; A ad int. 11430; pubd. May 24-26, 28-31, June
426 3108 39 46 1,
490 3107 39 47 2,
553 3106 99 48 4-9,
678 3107 157 46 11-14,
861 3107 140 45 1928;
1030 3106 159 40 Jessie
1212 3105 177 41 Louise
1414 3106 228 47 Rickard,
1670 3107 29 40 i.
1725 3116 38 30 e.
1790 3106 116 40 Mrs.
1933 3105 169 40 Victor
2126 3104 228 48 Rickard,

426 3163 266 49 Englefield
719 3163 170 49 Green,
918 3164 193 48 Surrey,
1138 3163 238 48 England.

356 3258 222 63 Rister,
617 3258 134 54 Carl
789 3258 173 54 Coke.

422 3335 122 53 The
597 3335 412 53 southwestern
1064 3335 661 66 frontier—1865-1881;
1783 3353 31 34 a
1867 3334 224 68 history
2143 3333 65 51 of
2260 3333 96 53 the

347 3411 229 70 coming
622 3412 65 53 of
731 3413 97 53 the
871 3412 240 68 settlers,
1157 3413 214 53 Indian
1420 3413 403 68 depredations
1871 3411 112 53 and
2030 3429 326 49 massacres,

347 3490 282 69 ranching
691 3490 301 68 activities,
1054 3490 328 68 operations
1443 3490 65 53 of
1569 3490 173 53 white
1804 3489 373 69 desperadoes
2240 3489 115 52 and

346 3568 236 68 thieves,
615 3574 371 63 government
1022 3568 337 68 protection,
1392 3568 268 69 building
1692 3567 65 54 of
1791 3567 287 68 railways,
2112 3567 112 52 and
2258 3566 96 53 the

347 3643 1982 148 disappearance of the frontier, by Carl Coke Rister … Cleveland, The
684 3724 225 52 Arthur
941 3723 76 53 H.
1054 3722 177 55 Clark
1263 3741 298 50 company,
1596 3725 149 51 1928.

416 3804 1345 50 336 p. incl. double front., plates, fold. maps. 25 ᶜᵐ.
419 3876 349 49 Bibliography:
830 3887 42 37 p.
910 3875 250 51 [311]-320.

356 3942 51 53 ©
438 3947 129 41 June
593 3946 68 49 18,
691 3946 140 47 1928;
862 3946 67 41 2c.
959 3946 96 40 and
1084 3945 82 42 aff.
1196 3946 127 40 June
1351 3945 83 48 19;
1465 3945 41 39 A
1535 3945 229 48 1082138;
1795 3945 185 39 Arthur
2011 3945 61 42 H.
2103 3944 149 42 Clark
2280 3953 69 31 co.

434 4004 280 49 (28-16221)
