<alto xmlns="http://www.loc.gov/standards/alto/ns-v3#" xmlns:xlink="http://www.w3.org/1999/xlink" xmlns:xsi="http://www.w3.org/2001/XMLSchema-instance" xsi:schemaLocation="http://www.loc.gov/standards/alto/ns-v3# http://www.loc.gov/alto/v3/alto-3-0.xsd"><Description>
<MeasurementUnit>pixel</MeasurementUnit>
<sourceImageInformation>
<fileName>1928_v25_part001.pdf</fileName>
</sourceImageInformation>
<OCRProcessing ID="IdOcr">
<ocrProcessingStep>
<processingDateTime>2019-04-12</processingDateTime>
<processingSoftware>
<softwareCreator>ABBYY</softwareCreator>
<softwareName>ABBYY Recognition Server</softwareName>
<softwareVersion>4.0</softwareVersion>
</processingSoftware>
</ocrProcessingStep>
</OCRProcessing>
</Description>
<Styles>
<ParagraphStyle ID="StyleId-FFFFFFFF-FFFF-FFFF-FFFF-FFFFFFFFFFFF-" ALIGN="Left" LEFT="0." RIGHT="0." FIRSTLINE="0."/>
<ParagraphStyle ID="StyleId-0ECAC0CE-E1F0-4C69-A1B9-95E16886343B-" ALIGN="Left" LEFT="0." RIGHT="0." FIRSTLINE="0." LINESPACE="8.300000191"/>
<ParagraphStyle ID="StyleId-5C6F7A30-EC6F-4250-A8D3-0AE106DCDB5D-" ALIGN="Left" LEFT="0." RIGHT="0." FIRSTLINE="-13." LINESPACE="11.22999954"/>
<ParagraphStyle ID="StyleId-B258737E-7AF8-4B71-A0BF-0A1420B951F9-" ALIGN="Left" LEFT="0." RIGHT="0." FIRSTLINE="-13." LINESPACE="8.210000038"/>
<ParagraphStyle ID="StyleId-35C0EFA5-E89E-4731-B16E-5D3895F12270-" ALIGN="Block" LEFT="0." RIGHT="0." FIRSTLINE="-12." LINESPACE="11.22999954"/>
<ParagraphStyle ID="StyleId-7BD1F9B4-14BB-4AAF-864B-FED8FEA7DC43-" ALIGN="Left" LEFT="0." RIGHT="0." FIRSTLINE="0."/>
<ParagraphStyle ID="StyleId-CD2DA0E5-536D-42AE-AE16-8D9F5C008D5A-" ALIGN="Block" LEFT="0." RIGHT="0." FIRSTLINE="-12." LINESPACE="10."/>
<ParagraphStyle ID="StyleId-AF408F88-EED5-4CE2-A229-3F852C18D9BD-" ALIGN="Block" LEFT="0." RIGHT="0." FIRSTLINE="-14." LINESPACE="10."/>
<ParagraphStyle ID="StyleId-829CD741-943D-4B7B-9638-57AB73DE2567-" ALIGN="Center" LEFT="0." RIGHT="0." FIRSTLINE="0." LINESPACE="9.399999619"/>
<ParagraphStyle ID="StyleId-B271BDFA-6037-4875-BA99-885A067668E9-" ALIGN="Left" LEFT="0." RIGHT="0." FIRSTLINE="-14." LINESPACE="11.21000004"/>
<ParagraphStyle ID="StyleId-64F9C1D8-EA12-4F65-AD18-B72A4C6B556F-" ALIGN="Center" LEFT="0." RIGHT="0." FIRSTLINE="0." LINESPACE="11.60000038"/>
<ParagraphStyle ID="StyleId-44DA2756-E57B-4EF3-9BA4-FC1C14776DE3-" ALIGN="Left" LEFT="0." RIGHT="0." FIRSTLINE="-12." LINESPACE="12.19999981"/>
<ParagraphStyle ID="StyleId-D1D9AF19-8CA6-4F74-9AEC-1B4545205AD7-" ALIGN="Center" LEFT="0." RIGHT="0." FIRSTLINE="0." LINESPACE="11.60000038"/>
<ParagraphStyle ID="StyleId-3ADA1556-6D19-417D-8046-68449BF368BA-" ALIGN="Left" LEFT="0." RIGHT="0." FIRSTLINE="-13." LINESPACE="12.19999981"/>
<ParagraphStyle ID="StyleId-7443A930-B325-44B5-9AB8-B42B4EC78C89-" ALIGN="Block" LEFT="0." RIGHT="0." FIRSTLINE="13." LINESPACE="8.619999886"/>
<ParagraphStyle ID="StyleId-C9A9E480-E448-4934-9AF8-3D252792E396-" ALIGN="Left" LEFT="0." RIGHT="0." FIRSTLINE="-12." LINESPACE="11.38000011"/>
<ParagraphStyle ID="StyleId-73039842-464C-49B9-9440-4C0D0E749DFE-" ALIGN="Center" LEFT="0." RIGHT="0." FIRSTLINE="0." LINESPACE="11.10000038"/>
<ParagraphStyle ID="StyleId-C51F6AC2-80DA-4C65-849C-6E2D5F548EA4-" ALIGN="Left" LEFT="0." RIGHT="0." FIRSTLINE="0." LINESPACE="7.699999809"/>
<ParagraphStyle ID="StyleId-494190D9-BDDC-4834-A745-6AF520F91CD0-" ALIGN="Block" LEFT="0." RIGHT="0." FIRSTLINE="-12." LINESPACE="11.22999954"/>
<ParagraphStyle ID="StyleId-68D39D31-3386-4B28-8C90-DA9420961D78-" ALIGN="Left" LEFT="0." RIGHT="0." FIRSTLINE="0." LINESPACE="11.60000038"/>
<ParagraphStyle ID="StyleId-DF0CE7C7-E73E-44FE-8867-C904BD7F3F42-" ALIGN="Block" LEFT="0." RIGHT="0." FIRSTLINE="0." LINESPACE="12.19999981"/>
</Styles>
<Layout>
<Page ID="Page138" PHYSICAL_IMG_NR="138" HEIGHT="4384" WIDTH="2498">
<TopMargin HEIGHT="440" WIDTH="2498" VPOS="0" HPOS="0">
</TopMargin>
<LeftMargin HEIGHT="3774" WIDTH="360" VPOS="440" HPOS="0">
</LeftMargin>
<BottomMargin HEIGHT="170" WIDTH="2498" VPOS="4214" HPOS="0">
</BottomMargin>
<PrintSpace HEIGHT="3774" WIDTH="2138" VPOS="440" HPOS="360">
<TextBlock ID="Page138_Block1" HEIGHT="149" WIDTH="296" VPOS="4065" HPOS="1289" LANG="en-US" STYLEREFS="StyleId-10B7347C-A530-4E3C-953B-B7215B21C3BC-">
<TextLine HEIGHT="50" WIDTH="99" VPOS="4100" HPOS="1329">
<String CONTENT="138" HEIGHT="50" WIDTH="99" VPOS="4100" HPOS="1329"/>
</TextLine>
</TextBlock>
<TextBlock ID="Page138_Block2" HEIGHT="3720" WIDTH="2138" VPOS="440" HPOS="360" LANG="en-US" CS="1" STYLEREFS="StyleId-41F1CFDC-DFF5-446E-BCC3-C8A310858BD9-">
<Shape>
<Polygon POINTS="360,440 2498,440 2498,4160 360,4160 360,440"/>
</Shape>
<TextLine HEIGHT="65" WIDTH="613" VPOS="450" HPOS="377" STYLEREFS="StyleId-AF5E7032-DC02-4E09-A156-4EAE1CBDBB1D-">
<String LANG="fr" CONTENT="M&#233;ras," HEIGHT="64" WIDTH="218" VPOS="451" HPOS="377"/>
<SP HEIGHT="64" WIDTH="25" VPOS="451" HPOS="596"/>
<String LANG="en-US" CONTENT="Edmond" HEIGHT="53" WIDTH="268" VPOS="451" HPOS="622"/>
<SP HEIGHT="54" WIDTH="26" VPOS="450" HPOS="891"/>
<String LANG="en-US" CONTENT="A." HEIGHT="54" WIDTH="72" VPOS="450" HPOS="918"/>
</TextLine>
<TextLine HEIGHT="69" WIDTH="1865" VPOS="529" HPOS="511" CS="1">
<String CS="1" CONTENT="&#8230;"/>
<SP HEIGHT="35" WIDTH="43" VPOS="563" HPOS="511"/>
<String CONTENT="[Introduction," HEIGHT="69" WIDTH="440" VPOS="529" HPOS="555"/>
<SP HEIGHT="50" WIDTH="30" VPOS="548" HPOS="996"/>
<String CONTENT="notes," HEIGHT="62" WIDTH="177" VPOS="534" HPOS="1027"/>
<SP HEIGHT="47" WIDTH="34" VPOS="549" HPOS="1205"/>
<String CONTENT="exercises" HEIGHT="53" WIDTH="270" VPOS="529" HPOS="1240"/>
<SP HEIGHT="33" WIDTH="32" VPOS="549" HPOS="1511"/>
<String CONTENT="and" HEIGHT="53" WIDTH="114" VPOS="529" HPOS="1544"/>
<SP HEIGHT="53" WIDTH="31" VPOS="529" HPOS="1659"/>
<String CONTENT="vocabulary]" HEIGHT="69" WIDTH="364" VPOS="529" HPOS="1691"/>
<SP HEIGHT="67" WIDTH="35" VPOS="529" HPOS="2056"/>
<String CONTENT="by" HEIGHT="69" WIDTH="77" VPOS="529" HPOS="2092"/>
<SP HEIGHT="69" WIDTH="32" VPOS="529" HPOS="2170"/>
<String CONTENT="E." HEIGHT="53" WIDTH="69" VPOS="529" HPOS="2203"/>
<SP HEIGHT="53" WIDTH="31" VPOS="529" HPOS="2273"/>
<String CONTENT="A." HEIGHT="53" WIDTH="71" VPOS="529" HPOS="2305"/>
</TextLine>
<TextLine HEIGHT="68" WIDTH="2000" VPOS="606" HPOS="379" CS="1">
<String LANG="fr" CONTENT="M&#233;ras" HEIGHT="53" WIDTH="190" VPOS="608" HPOS="379"/>
<SP HEIGHT="33" WIDTH="42" VPOS="628" HPOS="570"/>
<String LANG="en-US" CS="1" CONTENT="&#8230;"/>
<SP HEIGHT="33" WIDTH="43" VPOS="626" HPOS="670"/>
<String LANG="en-US" CONTENT="and" HEIGHT="52" WIDTH="113" VPOS="607" HPOS="714"/>
<SP HEIGHT="52" WIDTH="36" VPOS="607" HPOS="828"/>
<String LANG="en-US" CONTENT="Leslie" HEIGHT="52" WIDTH="185" VPOS="607" HPOS="865"/>
<SP HEIGHT="52" WIDTH="35" VPOS="607" HPOS="1051"/>
<String LANG="fr" CONTENT="Ross" HEIGHT="53" WIDTH="144" VPOS="607" HPOS="1087"/>
<SP HEIGHT="53" WIDTH="37" VPOS="607" HPOS="1232"/>
<String LANG="fr" CONTENT="M&#233;ras" HEIGHT="53" WIDTH="191" VPOS="607" HPOS="1270"/>
<SP HEIGHT="47" WIDTH="44" VPOS="627" HPOS="1462"/>
<String STYLE="subscript" LANG="en-US" CONTENT="t" HEIGHT="33" WIDTH="12" VPOS="641" HPOS="1507"/>
<String LANG="en-US" CONTENT="in" HEIGHT="54" WIDTH="60" VPOS="606" HPOS="1524"/>
<SP HEIGHT="48" WIDTH="34" VPOS="612" HPOS="1585"/>
<String LANG="en-US" CONTENT="the" HEIGHT="52" WIDTH="97" VPOS="608" HPOS="1620"/>
<SP HEIGHT="53" WIDTH="34" VPOS="607" HPOS="1718"/>
<String LANG="en-US" CONTENT="book" HEIGHT="53" WIDTH="150" VPOS="606" HPOS="1753"/>
<SP HEIGHT="52" WIDTH="34" VPOS="606" HPOS="1904"/>
<String LANG="en-US" CONTENT="entitled]" HEIGHT="66" WIDTH="258" VPOS="608" HPOS="1939"/>
<SP HEIGHT="67" WIDTH="39" VPOS="607" HPOS="2198"/>
<String LANG="en-US" CONTENT="Mon" HEIGHT="53" WIDTH="141" VPOS="607" HPOS="2238"/>
</TextLine>
<TextLine HEIGHT="70" WIDTH="2002" VPOS="684" HPOS="378">
<String LANG="fr" CONTENT="oncle" HEIGHT="53" WIDTH="159" VPOS="686" HPOS="378"/>
<SP HEIGHT="53" WIDTH="25" VPOS="686" HPOS="538"/>
<String CONTENT="Flo," HEIGHT="67" WIDTH="126" VPOS="686" HPOS="564"/>
<SP HEIGHT="49" WIDTH="24" VPOS="704" HPOS="691"/>
<String CONTENT="par" HEIGHT="50" WIDTH="107" VPOS="703" HPOS="716"/>
<SP HEIGHT="53" WIDTH="23" VPOS="684" HPOS="824"/>
<String LANG="fr" CONTENT="Andr&#233;" HEIGHT="53" WIDTH="199" VPOS="684" HPOS="848"/>
<SP HEIGHT="52" WIDTH="27" VPOS="685" HPOS="1048"/>
<String CONTENT="Theuriet." HEIGHT="54" WIDTH="291" VPOS="684" HPOS="1076"/>
<SP HEIGHT="52" WIDTH="60" VPOS="686" HPOS="1368"/>
<String CONTENT="Illus." HEIGHT="52" WIDTH="163" VPOS="686" HPOS="1429"/>
<SP HEIGHT="52" WIDTH="26" VPOS="686" HPOS="1593"/>
<String CONTENT="by" HEIGHT="68" WIDTH="75" VPOS="686" HPOS="1620"/>
<SP HEIGHT="69" WIDTH="26" VPOS="685" HPOS="1696"/>
<String CONTENT="Albert" HEIGHT="53" WIDTH="205" VPOS="685" HPOS="1723"/>
<SP HEIGHT="52" WIDTH="25" VPOS="686" HPOS="1929"/>
<String CONTENT="P." HEIGHT="52" WIDTH="66" VPOS="686" HPOS="1955"/>
<SP HEIGHT="52" WIDTH="28" VPOS="686" HPOS="2022"/>
<String CONTENT="D&#8217;Andrea." HEIGHT="54" WIDTH="329" VPOS="684" HPOS="2051"/>
</TextLine>
<TextLine HEIGHT="71" WIDTH="1865" VPOS="761" HPOS="377" CS="1">
<String CONTENT="Boston," HEIGHT="67" WIDTH="237" VPOS="765" HPOS="377"/>
<SP HEIGHT="70" WIDTH="22" VPOS="762" HPOS="615"/>
<String CONTENT="New" HEIGHT="54" WIDTH="140" VPOS="762" HPOS="638"/>
<SP HEIGHT="52" WIDTH="26" VPOS="763" HPOS="779"/>
<String CONTENT="York" HEIGHT="53" WIDTH="165" VPOS="762" HPOS="806"/>
<SP HEIGHT="68" WIDTH="30" VPOS="762" HPOS="972"/>
<String CS="1" CONTENT="[etc.]" HEIGHT="62" WIDTH="119" VPOS="767" HPOS="1021"/>
<SP HEIGHT="67" WIDTH="32" VPOS="762" HPOS="1141"/>
<String LANG="fr" CONTENT="D." HEIGHT="53" WIDTH="73" VPOS="762" HPOS="1174"/>
<SP HEIGHT="56" WIDTH="29" VPOS="761" HPOS="1248"/>
<String CONTENT="C." HEIGHT="56" WIDTH="63" VPOS="761" HPOS="1278"/>
<SP HEIGHT="53" WIDTH="26" VPOS="762" HPOS="1342"/>
<String CONTENT="Heath" HEIGHT="54" WIDTH="196" VPOS="762" HPOS="1369"/>
<SP HEIGHT="53" WIDTH="25" VPOS="763" HPOS="1566"/>
<String CONTENT="and" HEIGHT="53" WIDTH="113" VPOS="763" HPOS="1592"/>
<SP HEIGHT="53" WIDTH="26" VPOS="763" HPOS="1706"/>
<String CONTENT="company" HEIGHT="52" WIDTH="281" VPOS="780" HPOS="1733"/>
<SP HEIGHT="52" WIDTH="32" VPOS="780" HPOS="2015"/>
<String CS="1" CONTENT="[&#7580;1927]" HEIGHT="70" WIDTH="152" VPOS="761" HPOS="2090"/>
</TextLine>
<TextLine HEIGHT="51" WIDTH="1932" VPOS="844" HPOS="447" STYLEREFS="StyleId-0892F4F6-3419-4C49-86E2-5D0718321F54-" CS="1">
<String CONTENT="3" HEIGHT="40" WIDTH="27" VPOS="848" HPOS="447"/>
<SP/>
<String CS="1" CONTENT="p."/>
<SP/>
<String CS="1" CONTENT="l.," HEIGHT="18" WIDTH="9" VPOS="877" HPOS="624"/>
<SP HEIGHT="38" WIDTH="34" VPOS="857" HPOS="634"/>
<String CONTENT="v-xiv," HEIGHT="47" WIDTH="159" VPOS="846" HPOS="669"/>
<SP HEIGHT="47" WIDTH="35" VPOS="846" HPOS="829"/>
<String CONTENT="303" HEIGHT="41" WIDTH="86" VPOS="845" HPOS="865"/>
<SP HEIGHT="49" WIDTH="34" VPOS="845" HPOS="952"/>
<String CONTENT="p." HEIGHT="38" WIDTH="45" VPOS="856" HPOS="987"/>
<SP HEIGHT="43" WIDTH="62" VPOS="844" HPOS="1033"/>
<String CS="1" CONTENT="front."/>
<SP HEIGHT="48" WIDTH="27" VPOS="845" HPOS="1248"/>
<String CONTENT="(port.)" HEIGHT="50" WIDTH="173" VPOS="845" HPOS="1276"/>
<SP HEIGHT="49" WIDTH="71" VPOS="846" HPOS="1450"/>
<String CONTENT="illus." HEIGHT="41" WIDTH="130" VPOS="846" HPOS="1522"/>
<SP HEIGHT="40" WIDTH="64" VPOS="847" HPOS="1653"/>
<String CS="1" CONTENT="17&#7580;&#7504;." HEIGHT="40" WIDTH="117" VPOS="847" HPOS="1718"/>
<SP HEIGHT="49" WIDTH="74" VPOS="846" HPOS="1836"/>
<String CONTENT="(Heath&#8217;s" HEIGHT="51" WIDTH="231" VPOS="844" HPOS="1911"/>
<SP HEIGHT="29" WIDTH="35" VPOS="856" HPOS="2143"/>
<String CONTENT="modern" HEIGHT="41" WIDTH="200" VPOS="846" HPOS="2179"/>
</TextLine>
<TextLine HEIGHT="49" WIDTH="446" VPOS="903" HPOS="375" STYLEREFS="StyleId-0892F4F6-3419-4C49-86E2-5D0718321F54-">
<String CONTENT="language" HEIGHT="48" WIDTH="243" VPOS="904" HPOS="375"/>
<SP HEIGHT="29" WIDTH="25" VPOS="914" HPOS="619"/>
<String CONTENT="series)" HEIGHT="49" WIDTH="176" VPOS="903" HPOS="645"/>
</TextLine>
<TextLine HEIGHT="53" WIDTH="1998" VPOS="970" HPOS="381" STYLEREFS="StyleId-0892F4F6-3419-4C49-86E2-5D0718321F54-" CS="1">
<String CONTENT="&#169;" HEIGHT="52" WIDTH="52" VPOS="970" HPOS="381"/>
<SP HEIGHT="52" WIDTH="29" VPOS="970" HPOS="434"/>
<String CONTENT="Dec." HEIGHT="41" WIDTH="113" VPOS="974" HPOS="464"/>
<SP HEIGHT="41" WIDTH="27" VPOS="974" HPOS="578"/>
<String CONTENT="30," HEIGHT="50" WIDTH="71" VPOS="973" HPOS="606"/>
<SP HEIGHT="48" WIDTH="28" VPOS="975" HPOS="678"/>
<String CONTENT="1927;" HEIGHT="48" WIDTH="142" VPOS="973" HPOS="707"/>
<SP HEIGHT="49" WIDTH="30" VPOS="972" HPOS="850"/>
<String CONTENT="2c." HEIGHT="42" WIDTH="67" VPOS="972" HPOS="881"/>
<SP HEIGHT="41" WIDTH="29" VPOS="973" HPOS="949"/>
<String CONTENT="Jan." HEIGHT="40" WIDTH="111" VPOS="973" HPOS="979"/>
<SP HEIGHT="41" WIDTH="28" VPOS="972" HPOS="1091"/>
<String CONTENT="6," HEIGHT="49" WIDTH="39" VPOS="972" HPOS="1120"/>
<SP HEIGHT="48" WIDTH="29" VPOS="973" HPOS="1160"/>
<String CONTENT="1928;" HEIGHT="47" WIDTH="143" VPOS="972" HPOS="1190"/>
<SP HEIGHT="36" WIDTH="31" VPOS="983" HPOS="1334"/>
<String CS="1" CONTENT="aff." HEIGHT="42" WIDTH="82" VPOS="972" HPOS="1366"/>
<SP HEIGHT="40" WIDTH="30" VPOS="974" HPOS="1449"/>
<String CONTENT="Jan." HEIGHT="40" WIDTH="110" VPOS="974" HPOS="1480"/>
<SP HEIGHT="41" WIDTH="29" VPOS="973" HPOS="1591"/>
<String CONTENT="5;" HEIGHT="48" WIDTH="53" VPOS="973" HPOS="1621"/>
<SP HEIGHT="49" WIDTH="30" VPOS="972" HPOS="1675"/>
<!-- cceid 15754C90-6CB2-1014-A20E-B9D6251C946A --><String CONTENT="A" HEIGHT="41" WIDTH="43" VPOS="972" HPOS="1706"/>
<SP HEIGHT="41" WIDTH="27" VPOS="972" HPOS="1750"/>
<String CONTENT="1061089;" HEIGHT="48" WIDTH="230" VPOS="972" HPOS="1778"/>
<SP HEIGHT="47" WIDTH="32" VPOS="973" HPOS="2009"/>
<String LANG="fr" CONTENT="D." HEIGHT="41" WIDTH="59" VPOS="973" HPOS="2042"/>
<SP HEIGHT="42" WIDTH="30" VPOS="972" HPOS="2102"/>
<String CONTENT="C." HEIGHT="42" WIDTH="50" VPOS="972" HPOS="2133"/>
<SP HEIGHT="41" WIDTH="28" VPOS="973" HPOS="2184"/>
<String CONTENT="Heath" HEIGHT="40" WIDTH="166" VPOS="973" HPOS="2213"/>
</TextLine>
<TextLine HEIGHT="41" WIDTH="129" VPOS="1031" HPOS="451" STYLEREFS="StyleId-0892F4F6-3419-4C49-86E2-5D0718321F54-">
<String CONTENT="&amp;" HEIGHT="41" WIDTH="38" VPOS="1031" HPOS="451"/>
<SP HEIGHT="41" WIDTH="21" VPOS="1031" HPOS="490"/>
<String CONTENT="co." HEIGHT="31" WIDTH="68" VPOS="1041" HPOS="512"/>
</TextLine>
<TextLine HEIGHT="64" WIDTH="1084" VPOS="1122" HPOS="373" STYLEREFS="StyleId-AF5E7032-DC02-4E09-A156-4EAE1CBDBB1D-">
<String LANG="en-US" CONTENT="Moncado," HEIGHT="63" WIDTH="303" VPOS="1123" HPOS="373"/>
<SP HEIGHT="62" WIDTH="36" VPOS="1124" HPOS="677"/>
<String LANG="en-US" CONTENT="Hilario" HEIGHT="53" WIDTH="231" VPOS="1123" HPOS="714"/>
<SP HEIGHT="53" WIDTH="34" VPOS="1124" HPOS="946"/>
<String LANG="la" CONTENT="Camino," HEIGHT="64" WIDTH="264" VPOS="1122" HPOS="981"/>
<SP HEIGHT="59" WIDTH="40" VPOS="1127" HPOS="1246"/>
<String LANG="en-US" CONTENT="1898-" HEIGHT="50" WIDTH="170" VPOS="1127" HPOS="1287"/>
</TextLine>
<TextLine HEIGHT="71" WIDTH="1936" VPOS="1200" HPOS="444">
<String CONTENT="Divinity" HEIGHT="68" WIDTH="270" VPOS="1202" HPOS="444"/>
<SP HEIGHT="50" WIDTH="37" VPOS="1220" HPOS="715"/>
<String CONTENT="of" HEIGHT="53" WIDTH="64" VPOS="1202" HPOS="753"/>
<SP HEIGHT="52" WIDTH="38" VPOS="1202" HPOS="818"/>
<String CONTENT="woman," HEIGHT="49" WIDTH="241" VPOS="1220" HPOS="857"/>
<SP HEIGHT="67" WIDTH="37" VPOS="1202" HPOS="1099"/>
<String CONTENT="her" HEIGHT="53" WIDTH="102" VPOS="1202" HPOS="1137"/>
<SP HEIGHT="33" WIDTH="37" VPOS="1222" HPOS="1240"/>
<String CONTENT="superiority" HEIGHT="68" WIDTH="349" VPOS="1202" HPOS="1278"/>
<SP HEIGHT="50" WIDTH="37" VPOS="1220" HPOS="1628"/>
<String CONTENT="over" HEIGHT="35" WIDTH="134" VPOS="1220" HPOS="1666"/>
<SP HEIGHT="33" WIDTH="38" VPOS="1222" HPOS="1801"/>
<String CONTENT="man," HEIGHT="49" WIDTH="151" VPOS="1220" HPOS="1840"/>
<SP HEIGHT="67" WIDTH="37" VPOS="1202" HPOS="1992"/>
<String CONTENT="by" HEIGHT="69" WIDTH="78" VPOS="1202" HPOS="2030"/>
<SP HEIGHT="69" WIDTH="38" VPOS="1202" HPOS="2109"/>
<String CONTENT="Hilario" HEIGHT="55" WIDTH="232" VPOS="1200" HPOS="2148"/>
</TextLine>
<TextLine HEIGHT="71" WIDTH="2006" VPOS="1278" HPOS="374" CS="1">
<String LANG="la" CONTENT="Camino" HEIGHT="55" WIDTH="242" VPOS="1279" HPOS="374"/>
<SP HEIGHT="53" WIDTH="39" VPOS="1280" HPOS="617"/>
<String CONTENT="Moncado" HEIGHT="53" WIDTH="284" VPOS="1280" HPOS="657"/>
<SP HEIGHT="35" WIDTH="46" VPOS="1298" HPOS="942"/>
<String CS="1" CONTENT="&#8230;"/>
<SP HEIGHT="52" WIDTH="82" VPOS="1280" HPOS="1045"/>
<String CONTENT="Illustrations" HEIGHT="53" WIDTH="395" VPOS="1280" HPOS="1128"/>
<SP HEIGHT="53" WIDTH="39" VPOS="1280" HPOS="1524"/>
<String CONTENT="by" HEIGHT="69" WIDTH="76" VPOS="1280" HPOS="1564"/>
<SP HEIGHT="69" WIDTH="40" VPOS="1280" HPOS="1641"/>
<String CONTENT="Duke" HEIGHT="53" WIDTH="167" VPOS="1280" HPOS="1682"/>
<SP HEIGHT="55" WIDTH="44" VPOS="1279" HPOS="1850"/>
<String CONTENT="Schaefle." HEIGHT="55" WIDTH="269" VPOS="1279" HPOS="1895"/>
<SP HEIGHT="35" WIDTH="86" VPOS="1312" HPOS="2165"/>
<String CS="1" CONTENT="[Los" HEIGHT="55" WIDTH="111" VPOS="1278" HPOS="2269"/>
</TextLine>
<TextLine HEIGHT="70" WIDTH="1513" VPOS="1357" HPOS="372">
<String CONTENT="Angeles," HEIGHT="68" WIDTH="268" VPOS="1359" HPOS="372"/>
<SP HEIGHT="67" WIDTH="29" VPOS="1358" HPOS="641"/>
<String CONTENT="Filipino" HEIGHT="68" WIDTH="260" VPOS="1358" HPOS="671"/>
<SP HEIGHT="53" WIDTH="31" VPOS="1357" HPOS="932"/>
<String CONTENT="federation" HEIGHT="53" WIDTH="324" VPOS="1357" HPOS="964"/>
<SP HEIGHT="34" WIDTH="29" VPOS="1376" HPOS="1289"/>
<String CONTENT="of" HEIGHT="53" WIDTH="65" VPOS="1357" HPOS="1319"/>
<SP HEIGHT="53" WIDTH="28" VPOS="1357" HPOS="1385"/>
<String CONTENT="America," HEIGHT="69" WIDTH="285" VPOS="1357" HPOS="1414"/>
<SP HEIGHT="64" WIDTH="32" VPOS="1362" HPOS="1700"/>
<String CONTENT="1927]" HEIGHT="68" WIDTH="152" VPOS="1357" HPOS="1733"/>
</TextLine>
<TextLine HEIGHT="51" WIDTH="978" VPOS="1439" HPOS="447" STYLEREFS="StyleId-0892F4F6-3419-4C49-86E2-5D0718321F54-" CS="1">
<String CONTENT="[5]-76" HEIGHT="50" WIDTH="148" VPOS="1440" HPOS="447"/>
<SP HEIGHT="48" WIDTH="26" VPOS="1440" HPOS="596"/>
<String CONTENT="p." HEIGHT="38" WIDTH="43" VPOS="1450" HPOS="623"/>
<SP HEIGHT="42" WIDTH="58" VPOS="1439" HPOS="667"/>
<String CS="1" CONTENT="front."/>
<SP HEIGHT="49" WIDTH="25" VPOS="1439" HPOS="878"/>
<String CONTENT="(port.)" HEIGHT="49" WIDTH="173" VPOS="1439" HPOS="904"/>
<SP HEIGHT="48" WIDTH="39" VPOS="1439" HPOS="1078"/>
<String CONTENT="illus." HEIGHT="42" WIDTH="131" VPOS="1439" HPOS="1118"/>
<SP HEIGHT="42" WIDTH="57" VPOS="1439" HPOS="1250"/>
<String CS="1" CONTENT="16&#7580;&#7504;." HEIGHT="42" WIDTH="117" VPOS="1439" HPOS="1308"/>
</TextLine>
<TextLine HEIGHT="42" WIDTH="630" VPOS="1509" HPOS="448" STYLEREFS="StyleId-0892F4F6-3419-4C49-86E2-5D0718321F54-" CS="1">
<String CONTENT="&#8220;Third" HEIGHT="41" WIDTH="180" VPOS="1510" HPOS="448"/>
<SP HEIGHT="39" WIDTH="28" VPOS="1512" HPOS="629"/>
<String CONTENT="edition" HEIGHT="41" WIDTH="185" VPOS="1510" HPOS="658"/>
<SP HEIGHT="30" WIDTH="28" VPOS="1521" HPOS="844"/>
<String CS="1" CONTENT="revised.&#8221;" HEIGHT="42" WIDTH="205" VPOS="1509" HPOS="873"/>
</TextLine>
<TextLine HEIGHT="49" WIDTH="1800" VPOS="1567" HPOS="448" STYLEREFS="StyleId-0892F4F6-3419-4C49-86E2-5D0718321F54-">
<String CONTENT="&#8220;Biographical" HEIGHT="48" WIDTH="374" VPOS="1567" HPOS="448"/>
<SP HEIGHT="39" WIDTH="24" VPOS="1568" HPOS="823"/>
<String CONTENT="sketch" HEIGHT="39" WIDTH="169" VPOS="1568" HPOS="848"/>
<SP HEIGHT="39" WIDTH="22" VPOS="1568" HPOS="1018"/>
<String CONTENT="of" HEIGHT="39" WIDTH="52" VPOS="1568" HPOS="1041"/>
<SP HEIGHT="39" WIDTH="23" VPOS="1568" HPOS="1094"/>
<String CONTENT="the" HEIGHT="39" WIDTH="82" VPOS="1568" HPOS="1118"/>
<SP HEIGHT="29" WIDTH="22" VPOS="1578" HPOS="1201"/>
<String CONTENT="author," HEIGHT="47" WIDTH="192" VPOS="1568" HPOS="1224"/>
<SP HEIGHT="47" WIDTH="23" VPOS="1568" HPOS="1417"/>
<String CONTENT="by" HEIGHT="48" WIDTH="60" VPOS="1568" HPOS="1441"/>
<SP HEIGHT="47" WIDTH="22" VPOS="1569" HPOS="1502"/>
<String CONTENT="Wm." HEIGHT="40" WIDTH="122" VPOS="1569" HPOS="1525"/>
<SP HEIGHT="40" WIDTH="22" VPOS="1569" HPOS="1648"/>
<String CONTENT="J." HEIGHT="40" WIDTH="44" VPOS="1569" HPOS="1671"/>
<SP HEIGHT="41" WIDTH="26" VPOS="1568" HPOS="1716"/>
<String CONTENT="Schaefle&#8221;" HEIGHT="42" WIDTH="244" VPOS="1567" HPOS="1743"/>
<SP HEIGHT="41" WIDTH="18" VPOS="1567" HPOS="1988"/>
<String CONTENT=":" HEIGHT="30" WIDTH="10" VPOS="1578" HPOS="2007"/>
<SP HEIGHT="38" WIDTH="31" VPOS="1578" HPOS="2018"/>
<String CONTENT="p." HEIGHT="38" WIDTH="46" VPOS="1578" HPOS="2050"/>
<SP HEIGHT="40" WIDTH="22" VPOS="1568" HPOS="2097"/>
<String CONTENT="8-14." HEIGHT="41" WIDTH="128" VPOS="1568" HPOS="2120"/>
</TextLine>
<TextLine HEIGHT="53" WIDTH="1999" VPOS="1634" HPOS="379" STYLEREFS="StyleId-0892F4F6-3419-4C49-86E2-5D0718321F54-" CS="1">
<String CONTENT="&#169;" HEIGHT="53" WIDTH="53" VPOS="1634" HPOS="379"/>
<SP HEIGHT="53" WIDTH="28" VPOS="1634" HPOS="433"/>
<String CONTENT="Nov." HEIGHT="41" WIDTH="119" VPOS="1640" HPOS="462"/>
<SP HEIGHT="41" WIDTH="29" VPOS="1640" HPOS="582"/>
<String CONTENT="1," HEIGHT="47" WIDTH="40" VPOS="1640" HPOS="612"/>
<SP HEIGHT="47" WIDTH="29" VPOS="1640" HPOS="653"/>
<String CS="1" CONTENT="1927;" HEIGHT="42" WIDTH="114" VPOS="1638" HPOS="683"/>
<SP HEIGHT="47" WIDTH="29" VPOS="1640" HPOS="826"/>
<String CONTENT="2c." HEIGHT="40" WIDTH="69" VPOS="1640" HPOS="856"/>
<SP HEIGHT="31" WIDTH="28" VPOS="1649" HPOS="926"/>
<String CONTENT="and" HEIGHT="39" WIDTH="96" VPOS="1639" HPOS="955"/>
<SP HEIGHT="39" WIDTH="29" VPOS="1639" HPOS="1052"/>
<String LANG="de" CONTENT="aff." HEIGHT="41" WIDTH="83" VPOS="1638" HPOS="1082"/>
<SP HEIGHT="40" WIDTH="29" VPOS="1639" HPOS="1166"/>
<String CONTENT="Jan." HEIGHT="40" WIDTH="112" VPOS="1639" HPOS="1196"/>
<SP HEIGHT="39" WIDTH="28" VPOS="1640" HPOS="1309"/>
<String CONTENT="17," HEIGHT="48" WIDTH="70" VPOS="1639" HPOS="1338"/>
<SP HEIGHT="48" WIDTH="29" VPOS="1639" HPOS="1409"/>
<String CS="1" CONTENT="1928;" HEIGHT="41" WIDTH="118" VPOS="1638" HPOS="1439"/>
<SP HEIGHT="47" WIDTH="31" VPOS="1639" HPOS="1581"/>
<!-- cceid 15760A96-6CB2-1014-A20E-B9D6251C946A --><String CONTENT="A" HEIGHT="39" WIDTH="42" VPOS="1639" HPOS="1613"/>
<SP HEIGHT="39" WIDTH="28" VPOS="1639" HPOS="1656"/>
<String CS="1" CONTENT="1018441;" HEIGHT="41" WIDTH="202" VPOS="1638" HPOS="1685"/>
<SP HEIGHT="47" WIDTH="31" VPOS="1640" HPOS="1917"/>
<String LANG="fr" CONTENT="H." HEIGHT="40" WIDTH="63" VPOS="1640" HPOS="1949"/>
<SP HEIGHT="42" WIDTH="29" VPOS="1638" HPOS="2013"/>
<String CONTENT="C." HEIGHT="42" WIDTH="52" VPOS="1638" HPOS="2043"/>
<SP HEIGHT="39" WIDTH="31" VPOS="1640" HPOS="2096"/>
<String CONTENT="Moncado," HEIGHT="48" WIDTH="250" VPOS="1639" HPOS="2128"/>
</TextLine>
<TextLine HEIGHT="50" WIDTH="666" VPOS="1695" HPOS="446" STYLEREFS="StyleId-0892F4F6-3419-4C49-86E2-5D0718321F54-" CS="1">
<String CONTENT="Los" HEIGHT="41" WIDTH="93" VPOS="1696" HPOS="446"/>
<SP HEIGHT="41" WIDTH="26" VPOS="1696" HPOS="540"/>
<String CONTENT="Angeles." HEIGHT="48" WIDTH="222" VPOS="1696" HPOS="567"/>
<SP HEIGHT="49" WIDTH="68" VPOS="1695" HPOS="790"/>
<String CS="1" CONTENT="(28-4391)" HEIGHT="50" WIDTH="253" VPOS="1695" HPOS="859"/>
</TextLine>
<TextLine HEIGHT="64" WIDTH="526" VPOS="1788" HPOS="374" STYLEREFS="StyleId-AF5E7032-DC02-4E09-A156-4EAE1CBDBB1D-">
<String CONTENT="Munn," HEIGHT="63" WIDTH="204" VPOS="1789" HPOS="374"/>
<SP HEIGHT="63" WIDTH="32" VPOS="1789" HPOS="579"/>
<String CONTENT="Glenn" HEIGHT="55" WIDTH="187" VPOS="1788" HPOS="612"/>
<SP HEIGHT="55" WIDTH="32" VPOS="1789" HPOS="800"/>
<String CONTENT="G." HEIGHT="55" WIDTH="67" VPOS="1789" HPOS="833"/>
</TextLine>
<TextLine HEIGHT="149" WIDTH="1984" VPOS="1865" HPOS="373" CS="1">
<String CONTENT="Encyclopedia" HEIGHT="69" WIDTH="425" VPOS="1867" HPOS="444"/>
<SP HEIGHT="34" WIDTH="25" VPOS="1886" HPOS="870"/>
<String CONTENT="of" HEIGHT="53" WIDTH="65" VPOS="1867" HPOS="896"/>
<SP HEIGHT="53" WIDTH="23" VPOS="1867" HPOS="962"/>
<String CONTENT="banking" HEIGHT="69" WIDTH="260" VPOS="1867" HPOS="986"/>
<SP HEIGHT="50" WIDTH="23" VPOS="1886" HPOS="1247"/>
<String CONTENT="and" HEIGHT="52" WIDTH="112" VPOS="1869" HPOS="1271"/>
<SP HEIGHT="55" WIDTH="27" VPOS="1866" HPOS="1384"/>
<String CONTENT="finance;" HEIGHT="68" WIDTH="246" VPOS="1866" HPOS="1412"/>
<SP HEIGHT="49" WIDTH="27" VPOS="1885" HPOS="1659"/>
<String CONTENT="a" HEIGHT="34" WIDTH="31" VPOS="1886" HPOS="1687"/>
<SP HEIGHT="34" WIDTH="26" VPOS="1886" HPOS="1719"/>
<String CONTENT="reference" HEIGHT="53" WIDTH="286" VPOS="1867" HPOS="1746"/>
<SP HEIGHT="53" WIDTH="26" VPOS="1867" HPOS="2033"/>
<String CONTENT="book" HEIGHT="55" WIDTH="148" VPOS="1865" HPOS="2060"/>
<SP HEIGHT="55" WIDTH="24" VPOS="1865" HPOS="2209"/>
<String CONTENT="comprising" HEIGHT="130" WIDTH="1984" VPOS="1884" HPOS="373"/>
</TextLine>
<TextLine HEIGHT="73" WIDTH="1744" VPOS="1942" HPOS="637">
<String CONTENT="over" HEIGHT="35" WIDTH="134" VPOS="1963" HPOS="637"/>
<SP HEIGHT="49" WIDTH="36" VPOS="1949" HPOS="772"/>
<String CONTENT="3,200" HEIGHT="65" WIDTH="154" VPOS="1948" HPOS="809"/>
<SP HEIGHT="50" WIDTH="35" VPOS="1948" HPOS="964"/>
<String CONTENT="terms" HEIGHT="48" WIDTH="174" VPOS="1951" HPOS="1000"/>
<SP HEIGHT="34" WIDTH="37" VPOS="1965" HPOS="1175"/>
<String CONTENT="relating" HEIGHT="69" WIDTH="252" VPOS="1945" HPOS="1213"/>
<SP HEIGHT="64" WIDTH="34" VPOS="1950" HPOS="1466"/>
<String CONTENT="to" HEIGHT="48" WIDTH="60" VPOS="1950" HPOS="1501"/>
<SP HEIGHT="35" WIDTH="35" VPOS="1963" HPOS="1562"/>
<String CONTENT="money;" HEIGHT="50" WIDTH="231" VPOS="1963" HPOS="1598"/>
<SP HEIGHT="50" WIDTH="41" VPOS="1963" HPOS="1830"/>
<String CONTENT="credit;" HEIGHT="68" WIDTH="211" VPOS="1944" HPOS="1872"/>
<SP HEIGHT="68" WIDTH="37" VPOS="1944" HPOS="2084"/>
<String CONTENT="banking" HEIGHT="73" WIDTH="259" VPOS="1942" HPOS="2122"/>
</TextLine>
<TextLine HEIGHT="71" WIDTH="2005" VPOS="2021" HPOS="372">
<String CONTENT="practice," HEIGHT="68" WIDTH="266" VPOS="2024" HPOS="372"/>
<SP HEIGHT="67" WIDTH="37" VPOS="2024" HPOS="639"/>
<String CONTENT="history," HEIGHT="68" WIDTH="240" VPOS="2023" HPOS="677"/>
<SP HEIGHT="67" WIDTH="36" VPOS="2024" HPOS="918"/>
<String CONTENT="law," HEIGHT="67" WIDTH="130" VPOS="2024" HPOS="955"/>
<SP HEIGHT="50" WIDTH="36" VPOS="2041" HPOS="1086"/>
<String CONTENT="accounting" HEIGHT="69" WIDTH="343" VPOS="2023" HPOS="1123"/>
<SP HEIGHT="51" WIDTH="38" VPOS="2041" HPOS="1467"/>
<String CONTENT="and" HEIGHT="53" WIDTH="113" VPOS="2023" HPOS="1506"/>
<SP HEIGHT="53" WIDTH="38" VPOS="2023" HPOS="1620"/>
<String CONTENT="organization;" HEIGHT="70" WIDTH="427" VPOS="2022" HPOS="1659"/>
<SP HEIGHT="68" WIDTH="42" VPOS="2021" HPOS="2087"/>
<String CONTENT="finance;" HEIGHT="69" WIDTH="247" VPOS="2021" HPOS="2130"/>
</TextLine>
<TextLine HEIGHT="70" WIDTH="1978" VPOS="2101" HPOS="373" CS="1">
<String CONTENT="foreign" HEIGHT="70" WIDTH="229" VPOS="2101" HPOS="373"/>
<SP HEIGHT="33" WIDTH="25" VPOS="2121" HPOS="603"/>
<String CS="1" CONTENT="exchange;" HEIGHT="68" WIDTH="290" VPOS="2102" HPOS="629"/>
<SP HEIGHT="62" WIDTH="26" VPOS="2107" HPOS="945"/>
<String CS="1" CONTENT="trusts;" HEIGHT="49" WIDTH="177" VPOS="2106" HPOS="972"/>
<SP HEIGHT="66" WIDTH="28" VPOS="2102" HPOS="1178"/>
<String CS="1" CONTENT="investments;" HEIGHT="52" WIDTH="371" VPOS="2102" HPOS="1207"/>
<SP HEIGHT="49" WIDTH="27" VPOS="2120" HPOS="1608"/>
<String CS="1" CONTENT="speculation;" HEIGHT="68" WIDTH="357" VPOS="2101" HPOS="1636"/>
<SP HEIGHT="68" WIDTH="28" VPOS="2101" HPOS="2021"/>
<String CS="1" CONTENT="insurance;" HEIGHT="54" WIDTH="301" VPOS="2101" HPOS="2050"/>
</TextLine>
<TextLine HEIGHT="70" WIDTH="2011" VPOS="2178" HPOS="370" CS="1">
<String CONTENT="markets;" HEIGHT="69" WIDTH="280" VPOS="2179" HPOS="370"/>
<SP HEIGHT="69" WIDTH="36" VPOS="2179" HPOS="651"/>
<String CONTENT="brokerage," HEIGHT="70" WIDTH="331" VPOS="2178" HPOS="688"/>
<SP HEIGHT="67" WIDTH="33" VPOS="2180" HPOS="1020"/>
<String CONTENT="by" HEIGHT="68" WIDTH="77" VPOS="2180" HPOS="1054"/>
<SP HEIGHT="69" WIDTH="34" VPOS="2179" HPOS="1132"/>
<String CONTENT="Glenn" HEIGHT="55" WIDTH="189" VPOS="2179" HPOS="1167"/>
<SP HEIGHT="56" WIDTH="36" VPOS="2178" HPOS="1357"/>
<String CONTENT="G." HEIGHT="56" WIDTH="70" VPOS="2178" HPOS="1394"/>
<SP HEIGHT="54" WIDTH="34" VPOS="2179" HPOS="1465"/>
<String CONTENT="Munn" HEIGHT="53" WIDTH="185" VPOS="2179" HPOS="1500"/>
<SP HEIGHT="34" WIDTH="41" VPOS="2199" HPOS="1686"/>
<String CS="1" CONTENT="&#8230;"/>
<SP HEIGHT="54" WIDTH="75" VPOS="2179" HPOS="1786"/>
<String CONTENT="New" HEIGHT="54" WIDTH="140" VPOS="2179" HPOS="1862"/>
<SP HEIGHT="53" WIDTH="36" VPOS="2179" HPOS="2003"/>
<String CONTENT="York," HEIGHT="70" WIDTH="183" VPOS="2178" HPOS="2040"/>
<SP HEIGHT="69" WIDTH="35" VPOS="2179" HPOS="2224"/>
<String CONTENT="The" HEIGHT="54" WIDTH="121" VPOS="2178" HPOS="2260"/>
</TextLine>
<TextLine HEIGHT="71" WIDTH="1150" VPOS="2256" HPOS="372">
<String CONTENT="Bankers" HEIGHT="54" WIDTH="259" VPOS="2257" HPOS="372"/>
<SP HEIGHT="50" WIDTH="31" VPOS="2276" HPOS="632"/>
<String CONTENT="publishing" HEIGHT="70" WIDTH="338" VPOS="2257" HPOS="664"/>
<SP HEIGHT="51" WIDTH="31" VPOS="2276" HPOS="1003"/>
<String CONTENT="company," HEIGHT="52" WIDTH="299" VPOS="2274" HPOS="1035"/>
<SP HEIGHT="64" WIDTH="35" VPOS="2261" HPOS="1335"/>
<String CONTENT="1927." HEIGHT="56" WIDTH="151" VPOS="2256" HPOS="1371"/>
</TextLine>
<TextLine HEIGHT="50" WIDTH="1305" VPOS="2339" HPOS="441" STYLEREFS="StyleId-0892F4F6-3419-4C49-86E2-5D0718321F54-" CS="1">
<String CONTENT="viii," HEIGHT="48" WIDTH="101" VPOS="2340" HPOS="441"/>
<SP HEIGHT="48" WIDTH="29" VPOS="2340" HPOS="543"/>
<String CONTENT="675" HEIGHT="42" WIDTH="86" VPOS="2339" HPOS="573"/>
<SP HEIGHT="49" WIDTH="26" VPOS="2339" HPOS="660"/>
<String CONTENT="p." HEIGHT="38" WIDTH="44" VPOS="2350" HPOS="687"/>
<SP HEIGHT="41" WIDTH="58" VPOS="2340" HPOS="732"/>
<String CONTENT="illus.," HEIGHT="48" WIDTH="144" VPOS="2340" HPOS="791"/>
<SP HEIGHT="46" WIDTH="29" VPOS="2342" HPOS="936"/>
<String CONTENT="tables" HEIGHT="40" WIDTH="156" VPOS="2340" HPOS="966"/>
<SP HEIGHT="49" WIDTH="26" VPOS="2340" HPOS="1123"/>
<String CONTENT="(1" HEIGHT="50" WIDTH="49" VPOS="2339" HPOS="1150"/>
<SP HEIGHT="41" WIDTH="28" VPOS="2339" HPOS="1200"/>
<String CONTENT="fold.)" HEIGHT="50" WIDTH="146" VPOS="2339" HPOS="1229"/>
<SP HEIGHT="49" WIDTH="38" VPOS="2340" HPOS="1376"/>
<String CONTENT="diagr." HEIGHT="49" WIDTH="155" VPOS="2339" HPOS="1415"/>
<SP HEIGHT="41" WIDTH="55" VPOS="2340" HPOS="1571"/>
<String CS="1" CONTENT="27&#7580;&#7504;." HEIGHT="41" WIDTH="119" VPOS="2340" HPOS="1627"/>
</TextLine>
<TextLine HEIGHT="49" WIDTH="664" VPOS="2411" HPOS="442" STYLEREFS="StyleId-0892F4F6-3419-4C49-86E2-5D0718321F54-">
<String CONTENT="Contains" HEIGHT="41" WIDTH="235" VPOS="2411" HPOS="442"/>
<SP HEIGHT="41" WIDTH="31" VPOS="2411" HPOS="678"/>
<String CONTENT="bibliographies." HEIGHT="49" WIDTH="396" VPOS="2411" HPOS="710"/>
</TextLine>
<TextLine HEIGHT="54" WIDTH="1889" VPOS="2477" HPOS="377" STYLEREFS="StyleId-0892F4F6-3419-4C49-86E2-5D0718321F54-" CS="1">
<String CONTENT="&#169;" HEIGHT="53" WIDTH="53" VPOS="2477" HPOS="377"/>
<SP HEIGHT="53" WIDTH="29" VPOS="2477" HPOS="431"/>
<String CONTENT="Jan." HEIGHT="41" WIDTH="110" VPOS="2483" HPOS="461"/>
<SP HEIGHT="41" WIDTH="27" VPOS="2483" HPOS="572"/>
<String CONTENT="20," HEIGHT="50" WIDTH="71" VPOS="2481" HPOS="600"/>
<SP HEIGHT="48" WIDTH="28" VPOS="2483" HPOS="672"/>
<String CONTENT="1928;" HEIGHT="48" WIDTH="142" VPOS="2482" HPOS="701"/>
<SP HEIGHT="46" WIDTH="29" VPOS="2484" HPOS="844"/>
<String CONTENT="2c." HEIGHT="40" WIDTH="68" VPOS="2484" HPOS="874"/>
<SP HEIGHT="31" WIDTH="28" VPOS="2493" HPOS="943"/>
<String CONTENT="and" HEIGHT="38" WIDTH="96" VPOS="2484" HPOS="972"/>
<SP HEIGHT="38" WIDTH="29" VPOS="2484" HPOS="1069"/>
<String LANG="de" CONTENT="aff." HEIGHT="42" WIDTH="83" VPOS="2482" HPOS="1099"/>
<SP HEIGHT="40" WIDTH="29" VPOS="2484" HPOS="1183"/>
<String CONTENT="Jan." HEIGHT="39" WIDTH="112" VPOS="2484" HPOS="1213"/>
<SP HEIGHT="39" WIDTH="27" VPOS="2484" HPOS="1326"/>
<String CS="1" CONTENT="25;" HEIGHT="40" WIDTH="56" VPOS="2482" HPOS="1354"/>
<SP HEIGHT="47" WIDTH="30" VPOS="2482" HPOS="1438"/>
<!-- cceid 1576C840-6CB2-1014-A20E-B9D6251C946A --><String CONTENT="A" HEIGHT="40" WIDTH="41" VPOS="2482" HPOS="1469"/>
<SP HEIGHT="40" WIDTH="27" VPOS="2482" HPOS="1511"/>
<String CONTENT="1018649;" HEIGHT="49" WIDTH="231" VPOS="2481" HPOS="1539"/>
<SP HEIGHT="47" WIDTH="31" VPOS="2483" HPOS="1771"/>
<String CONTENT="Bankers" HEIGHT="40" WIDTH="222" VPOS="2482" HPOS="1803"/>
<SP HEIGHT="38" WIDTH="31" VPOS="2492" HPOS="2026"/>
<String CONTENT="pub." HEIGHT="48" WIDTH="108" VPOS="2482" HPOS="2058"/>
<SP HEIGHT="30" WIDTH="30" VPOS="2493" HPOS="2167"/>
<String CONTENT="co." HEIGHT="31" WIDTH="68" VPOS="2493" HPOS="2198"/>
</TextLine>
<TextLine HEIGHT="54" WIDTH="1098" VPOS="2535" HPOS="451" STYLEREFS="StyleId-0892F4F6-3419-4C49-86E2-5D0718321F54-">
<String CONTENT="[&#169;" HEIGHT="53" WIDTH="68" VPOS="2535" HPOS="451"/>
<SP HEIGHT="52" WIDTH="28" VPOS="2535" HPOS="520"/>
<String CONTENT="new" HEIGHT="30" WIDTH="107" VPOS="2550" HPOS="549"/>
<SP HEIGHT="30" WIDTH="27" VPOS="2550" HPOS="657"/>
<String CONTENT="and" HEIGHT="39" WIDTH="95" VPOS="2540" HPOS="685"/>
<SP HEIGHT="39" WIDTH="28" VPOS="2540" HPOS="781"/>
<String CONTENT="revised" HEIGHT="41" WIDTH="190" VPOS="2539" HPOS="810"/>
<SP HEIGHT="38" WIDTH="27" VPOS="2542" HPOS="1001"/>
<String CONTENT="matter]" HEIGHT="48" WIDTH="195" VPOS="2541" HPOS="1029"/>
<SP HEIGHT="50" WIDTH="72" VPOS="2539" HPOS="1225"/>
<String CONTENT="(28-4386)" HEIGHT="50" WIDTH="251" VPOS="2538" HPOS="1298"/>
</TextLine>
<TextLine HEIGHT="55" WIDTH="1501" VPOS="2632" HPOS="370" STYLEREFS="StyleId-AF5E7032-DC02-4E09-A156-4EAE1CBDBB1D-">
<String CONTENT="National" HEIGHT="53" WIDTH="283" VPOS="2633" HPOS="370"/>
<SP HEIGHT="54" WIDTH="31" VPOS="2633" HPOS="654"/>
<String CONTENT="conference" HEIGHT="54" WIDTH="348" VPOS="2633" HPOS="686"/>
<SP HEIGHT="36" WIDTH="30" VPOS="2650" HPOS="1035"/>
<String CONTENT="of" HEIGHT="53" WIDTH="64" VPOS="2633" HPOS="1066"/>
<SP HEIGHT="53" WIDTH="27" VPOS="2633" HPOS="1131"/>
<String CONTENT="Jewish" HEIGHT="53" WIDTH="224" VPOS="2633" HPOS="1159"/>
<SP HEIGHT="52" WIDTH="30" VPOS="2633" HPOS="1384"/>
<String CONTENT="social" HEIGHT="54" WIDTH="179" VPOS="2632" HPOS="1415"/>
<SP HEIGHT="54" WIDTH="30" VPOS="2632" HPOS="1595"/>
<String CONTENT="service." HEIGHT="53" WIDTH="245" VPOS="2633" HPOS="1626"/>
</TextLine>
<TextLine HEIGHT="70" WIDTH="1933" VPOS="2710" HPOS="445">
<String CONTENT="Proceedings" HEIGHT="69" WIDTH="383" VPOS="2711" HPOS="445"/>
<SP HEIGHT="34" WIDTH="46" VPOS="2731" HPOS="829"/>
<String CONTENT="of" HEIGHT="53" WIDTH="64" VPOS="2711" HPOS="876"/>
<SP HEIGHT="53" WIDTH="44" VPOS="2711" HPOS="941"/>
<String CONTENT="the" HEIGHT="52" WIDTH="98" VPOS="2712" HPOS="986"/>
<SP HEIGHT="53" WIDTH="42" VPOS="2711" HPOS="1085"/>
<String CONTENT="National" HEIGHT="53" WIDTH="276" VPOS="2711" HPOS="1128"/>
<SP HEIGHT="51" WIDTH="45" VPOS="2712" HPOS="1405"/>
<String CONTENT="conference" HEIGHT="54" WIDTH="330" VPOS="2710" HPOS="1451"/>
<SP HEIGHT="35" WIDTH="46" VPOS="2729" HPOS="1782"/>
<String CONTENT="of" HEIGHT="53" WIDTH="64" VPOS="2711" HPOS="1829"/>
<SP HEIGHT="54" WIDTH="43" VPOS="2711" HPOS="1894"/>
<String CONTENT="Jewish" HEIGHT="54" WIDTH="218" VPOS="2711" HPOS="1938"/>
<SP HEIGHT="53" WIDTH="46" VPOS="2712" HPOS="2157"/>
<String CONTENT="social" HEIGHT="55" WIDTH="174" VPOS="2710" HPOS="2204"/>
</TextLine>
<TextLine HEIGHT="70" WIDTH="2005" VPOS="2789" HPOS="373">
<String CONTENT="service" HEIGHT="53" WIDTH="214" VPOS="2790" HPOS="373"/>
<SP HEIGHT="34" WIDTH="31" VPOS="2809" HPOS="588"/>
<String CONTENT="at" HEIGHT="48" WIDTH="61" VPOS="2795" HPOS="620"/>
<SP HEIGHT="47" WIDTH="29" VPOS="2795" HPOS="682"/>
<String CONTENT="the" HEIGHT="51" WIDTH="95" VPOS="2791" HPOS="712"/>
<SP HEIGHT="34" WIDTH="35" VPOS="2808" HPOS="808"/>
<String CONTENT="annual" HEIGHT="51" WIDTH="212" VPOS="2791" HPOS="844"/>
<SP HEIGHT="52" WIDTH="34" VPOS="2791" HPOS="1057"/>
<String CONTENT="session" HEIGHT="54" WIDTH="212" VPOS="2789" HPOS="1092"/>
<SP HEIGHT="52" WIDTH="30" VPOS="2790" HPOS="1305"/>
<String CONTENT="held" HEIGHT="53" WIDTH="135" VPOS="2789" HPOS="1336"/>
<SP HEIGHT="52" WIDTH="32" VPOS="2790" HPOS="1472"/>
<String CONTENT="in" HEIGHT="52" WIDTH="61" VPOS="2790" HPOS="1505"/>
<SP HEIGHT="53" WIDTH="32" VPOS="2789" HPOS="1567"/>
<String LANG="fr" CONTENT="Des" HEIGHT="53" WIDTH="115" VPOS="2789" HPOS="1600"/>
<SP HEIGHT="53" WIDTH="34" VPOS="2789" HPOS="1716"/>
<String CONTENT="Moines," HEIGHT="68" WIDTH="239" VPOS="2789" HPOS="1751"/>
<SP HEIGHT="67" WIDTH="32" VPOS="2790" HPOS="1991"/>
<String CONTENT="Iowa," HEIGHT="67" WIDTH="179" VPOS="2790" HPOS="2024"/>
<SP HEIGHT="67" WIDTH="31" VPOS="2790" HPOS="2204"/>
<String CONTENT="May" HEIGHT="69" WIDTH="142" VPOS="2790" HPOS="2236"/>
</TextLine>
<TextLine HEIGHT="69" WIDTH="2002" VPOS="2866" HPOS="375" CS="1">
<String CONTENT="8-11," HEIGHT="64" WIDTH="155" VPOS="2871" HPOS="375"/>
<SP/>
<String CONTENT="1927" HEIGHT="55" WIDTH="135" VPOS="2867" HPOS="556"/>
<SP HEIGHT="55" WIDTH="29" VPOS="2867" HPOS="692"/>
<String CS="1" CONTENT="&#8230;"/>
<SP HEIGHT="34" WIDTH="84" VPOS="2901" HPOS="779"/>
<String CONTENT="[New" HEIGHT="67" WIDTH="157" VPOS="2868" HPOS="864"/>
<SP HEIGHT="52" WIDTH="26" VPOS="2868" HPOS="1022"/>
<String CONTENT="York]" HEIGHT="67" WIDTH="180" VPOS="2867" HPOS="1049"/>
<SP HEIGHT="66" WIDTH="32" VPOS="2868" HPOS="1230"/>
<String CONTENT="The" HEIGHT="52" WIDTH="123" VPOS="2868" HPOS="1263"/>
<SP HEIGHT="53" WIDTH="21" VPOS="2867" HPOS="1387"/>
<String CONTENT="National" HEIGHT="53" WIDTH="275" VPOS="2867" HPOS="1409"/>
<SP HEIGHT="53" WIDTH="25" VPOS="2867" HPOS="1685"/>
<String CONTENT="conference" HEIGHT="54" WIDTH="332" VPOS="2866" HPOS="1711"/>
<SP HEIGHT="35" WIDTH="25" VPOS="2886" HPOS="2044"/>
<String CONTENT="of" HEIGHT="53" WIDTH="65" VPOS="2868" HPOS="2070"/>
<SP HEIGHT="55" WIDTH="23" VPOS="2868" HPOS="2136"/>
<String CONTENT="Jewish" HEIGHT="56" WIDTH="217" VPOS="2867" HPOS="2160"/>
</TextLine>
<TextLine HEIGHT="69" WIDTH="611" VPOS="2945" HPOS="370">
<String CONTENT="social" HEIGHT="53" WIDTH="174" VPOS="2947" HPOS="370"/>
<SP HEIGHT="53" WIDTH="26" VPOS="2947" HPOS="545"/>
<String CONTENT="service," HEIGHT="67" WIDTH="229" VPOS="2947" HPOS="572"/>
<SP HEIGHT="64" WIDTH="28" VPOS="2950" HPOS="802"/>
<String CONTENT="1927." HEIGHT="55" WIDTH="150" VPOS="2945" HPOS="831"/>
</TextLine>
<TextLine HEIGHT="49" WIDTH="369" VPOS="3029" HPOS="479" STYLEREFS="StyleId-0892F4F6-3419-4C49-86E2-5D0718321F54-" CS="1">
<String CS="1" CONTENT="v," HEIGHT="17" WIDTH="9" VPOS="3060" HPOS="479"/>
<SP HEIGHT="48" WIDTH="25" VPOS="3029" HPOS="489"/>
<String CONTENT="262" HEIGHT="40" WIDTH="85" VPOS="3029" HPOS="515"/>
<SP HEIGHT="48" WIDTH="26" VPOS="3030" HPOS="601"/>
<String CONTENT="p." HEIGHT="39" WIDTH="44" VPOS="3039" HPOS="628"/>
<SP HEIGHT="41" WIDTH="56" VPOS="3029" HPOS="673"/>
<String CS="1" CONTENT="23&#7580;&#7504;." HEIGHT="41" WIDTH="118" VPOS="3029" HPOS="730"/>
</TextLine>
<TextLine HEIGHT="53" WIDTH="2001" VPOS="3095" HPOS="377" STYLEREFS="StyleId-0892F4F6-3419-4C49-86E2-5D0718321F54-" CS="1">
<String CONTENT="&#169;" HEIGHT="52" WIDTH="52" VPOS="3095" HPOS="377"/>
<SP HEIGHT="52" WIDTH="27" VPOS="3095" HPOS="430"/>
<String CONTENT="Jan." HEIGHT="40" WIDTH="111" VPOS="3100" HPOS="458"/>
<SP HEIGHT="40" WIDTH="24" VPOS="3100" HPOS="570"/>
<String CONTENT="28," HEIGHT="48" WIDTH="70" VPOS="3100" HPOS="595"/>
<SP HEIGHT="47" WIDTH="26" VPOS="3101" HPOS="666"/>
<String CONTENT="1928;" HEIGHT="47" WIDTH="141" VPOS="3099" HPOS="693"/>
<SP HEIGHT="45" WIDTH="27" VPOS="3101" HPOS="835"/>
<String CONTENT="2c." HEIGHT="39" WIDTH="70" VPOS="3101" HPOS="863"/>
<SP HEIGHT="31" WIDTH="25" VPOS="3109" HPOS="934"/>
<String CONTENT="and" HEIGHT="39" WIDTH="97" VPOS="3100" HPOS="960"/>
<SP HEIGHT="39" WIDTH="25" VPOS="3100" HPOS="1058"/>
<String CONTENT="aff." HEIGHT="42" WIDTH="83" VPOS="3098" HPOS="1084"/>
<SP HEIGHT="41" WIDTH="27" VPOS="3099" HPOS="1168"/>
<String CONTENT="Feb." HEIGHT="42" WIDTH="112" VPOS="3098" HPOS="1196"/>
<SP HEIGHT="41" WIDTH="27" VPOS="3099" HPOS="1309"/>
<String CONTENT="8;" HEIGHT="46" WIDTH="52" VPOS="3099" HPOS="1337"/>
<SP HEIGHT="47" WIDTH="29" VPOS="3098" HPOS="1390"/>
<!-- cceid 15778581-6CB2-1014-A20E-B9D6251C946A --><String CONTENT="A" HEIGHT="39" WIDTH="41" VPOS="3098" HPOS="1420"/>
<SP HEIGHT="39" WIDTH="25" VPOS="3098" HPOS="1462"/>
<String CS="1" CONTENT="1061606;" HEIGHT="48" WIDTH="230" VPOS="3097" HPOS="1488"/>
<SP HEIGHT="47" WIDTH="29" VPOS="3098" HPOS="1719"/>
<String CONTENT="National" HEIGHT="41" WIDTH="232" VPOS="3097" HPOS="1749"/>
<SP HEIGHT="40" WIDTH="28" VPOS="3099" HPOS="1982"/>
<String CONTENT="conference" HEIGHT="42" WIDTH="289" VPOS="3097" HPOS="2011"/>
<SP HEIGHT="31" WIDTH="24" VPOS="3108" HPOS="2301"/>
<String CONTENT="of" HEIGHT="41" WIDTH="52" VPOS="3098" HPOS="2326"/>
</TextLine>
<TextLine HEIGHT="41" WIDTH="592" VPOS="3156" HPOS="446" STYLEREFS="StyleId-0892F4F6-3419-4C49-86E2-5D0718321F54-">
<String CONTENT="Jewish" HEIGHT="41" WIDTH="185" VPOS="3156" HPOS="446"/>
<SP HEIGHT="39" WIDTH="26" VPOS="3157" HPOS="632"/>
<String CONTENT="social" HEIGHT="41" WIDTH="150" VPOS="3156" HPOS="659"/>
<SP HEIGHT="38" WIDTH="29" VPOS="3158" HPOS="810"/>
<String CONTENT="service." HEIGHT="41" WIDTH="198" VPOS="3156" HPOS="840"/>
</TextLine>
<TextLine HEIGHT="63" WIDTH="676" VPOS="3250" HPOS="370" STYLEREFS="StyleId-AF5E7032-DC02-4E09-A156-4EAE1CBDBB1D-">
<String CONTENT="Nevins," HEIGHT="63" WIDTH="245" VPOS="3250" HPOS="370"/>
<SP HEIGHT="63" WIDTH="32" VPOS="3250" HPOS="616"/>
<String CONTENT="Allan," HEIGHT="63" WIDTH="191" VPOS="3250" HPOS="649"/>
<SP HEIGHT="59" WIDTH="34" VPOS="3254" HPOS="841"/>
<String CONTENT="1890-" HEIGHT="50" WIDTH="170" VPOS="3253" HPOS="876"/>
</TextLine>
<TextLine HEIGHT="71" WIDTH="1933" VPOS="3327" HPOS="444">
<String LANG="fr" CONTENT="Fr&#233;mont," HEIGHT="67" WIDTH="292" VPOS="3329" HPOS="444"/>
<SP HEIGHT="62" WIDTH="25" VPOS="3334" HPOS="737"/>
<String CONTENT="the" HEIGHT="52" WIDTH="96" VPOS="3330" HPOS="763"/>
<SP HEIGHT="54" WIDTH="25" VPOS="3329" HPOS="860"/>
<String CONTENT="West&#8217;s" HEIGHT="55" WIDTH="206" VPOS="3328" HPOS="886"/>
<SP HEIGHT="50" WIDTH="25" VPOS="3347" HPOS="1093"/>
<String CONTENT="greatest" HEIGHT="64" WIDTH="251" VPOS="3333" HPOS="1119"/>
<SP HEIGHT="47" WIDTH="23" VPOS="3333" HPOS="1371"/>
<String CONTENT="adventurer;" HEIGHT="67" WIDTH="373" VPOS="3328" HPOS="1395"/>
<SP HEIGHT="68" WIDTH="26" VPOS="3327" HPOS="1769"/>
<String CONTENT="being" HEIGHT="70" WIDTH="172" VPOS="3327" HPOS="1796"/>
<SP HEIGHT="50" WIDTH="24" VPOS="3347" HPOS="1969"/>
<String CONTENT="a" HEIGHT="34" WIDTH="32" VPOS="3347" HPOS="1994"/>
<SP HEIGHT="52" WIDTH="26" VPOS="3329" HPOS="2027"/>
<String CONTENT="biography" HEIGHT="70" WIDTH="323" VPOS="3328" HPOS="2054"/>
</TextLine>
<TextLine HEIGHT="69" WIDTH="2002" VPOS="3405" HPOS="375">
<String CONTENT="from" HEIGHT="53" WIDTH="154" VPOS="3406" HPOS="375"/>
<SP HEIGHT="35" WIDTH="27" VPOS="3425" HPOS="530"/>
<String CONTENT="certain" HEIGHT="53" WIDTH="217" VPOS="3407" HPOS="558"/>
<SP HEIGHT="51" WIDTH="28" VPOS="3408" HPOS="776"/>
<String CONTENT="hitherto" HEIGHT="53" WIDTH="255" VPOS="3407" HPOS="805"/>
<SP HEIGHT="35" WIDTH="26" VPOS="3425" HPOS="1061"/>
<String CONTENT="unpublished" HEIGHT="69" WIDTH="387" VPOS="3405" HPOS="1088"/>
<SP HEIGHT="52" WIDTH="29" VPOS="3406" HPOS="1476"/>
<String CONTENT="sources" HEIGHT="35" WIDTH="221" VPOS="3423" HPOS="1506"/>
<SP HEIGHT="33" WIDTH="29" VPOS="3425" HPOS="1728"/>
<String CONTENT="of" HEIGHT="53" WIDTH="67" VPOS="3405" HPOS="1758"/>
<SP HEIGHT="55" WIDTH="24" VPOS="3405" HPOS="1826"/>
<String CONTENT="General" HEIGHT="55" WIDTH="247" VPOS="3405" HPOS="1851"/>
<SP HEIGHT="54" WIDTH="26" VPOS="3407" HPOS="2099"/>
<String CONTENT="John" HEIGHT="54" WIDTH="158" VPOS="3407" HPOS="2126"/>
<SP HEIGHT="55" WIDTH="29" VPOS="3406" HPOS="2285"/>
<String CONTENT="C." HEIGHT="55" WIDTH="62" VPOS="3406" HPOS="2315"/>
</TextLine>
<TextLine HEIGHT="71" WIDTH="2003" VPOS="3483" HPOS="373">
<String LANG="fr" CONTENT="Fr&#233;mont," HEIGHT="66" WIDTH="293" VPOS="3486" HPOS="373"/>
<SP HEIGHT="62" WIDTH="28" VPOS="3490" HPOS="667"/>
<String LANG="en-US" CONTENT="together" HEIGHT="69" WIDTH="262" VPOS="3485" HPOS="696"/>
<SP HEIGHT="34" WIDTH="30" VPOS="3503" HPOS="959"/>
<String LANG="en-US" CONTENT="with" HEIGHT="53" WIDTH="141" VPOS="3485" HPOS="990"/>
<SP HEIGHT="53" WIDTH="30" VPOS="3485" HPOS="1132"/>
<String LANG="en-US" CONTENT="his" HEIGHT="53" WIDTH="90" VPOS="3484" HPOS="1163"/>
<SP HEIGHT="34" WIDTH="31" VPOS="3503" HPOS="1254"/>
<String LANG="en-US" CONTENT="wife," HEIGHT="68" WIDTH="154" VPOS="3483" HPOS="1286"/>
<SP HEIGHT="67" WIDTH="29" VPOS="3484" HPOS="1441"/>
<String LANG="en-US" CONTENT="Jessie" HEIGHT="55" WIDTH="184" VPOS="3483" HPOS="1471"/>
<SP HEIGHT="51" WIDTH="28" VPOS="3485" HPOS="1656"/>
<String LANG="en-US" CONTENT="Benton" HEIGHT="51" WIDTH="225" VPOS="3485" HPOS="1685"/>
<SP HEIGHT="52" WIDTH="29" VPOS="3484" HPOS="1911"/>
<String LANG="fr" CONTENT="Fr&#233;mont," HEIGHT="68" WIDTH="294" VPOS="3484" HPOS="1941"/>
<SP HEIGHT="48" WIDTH="28" VPOS="3504" HPOS="2236"/>
<String LANG="en-US" CONTENT="and" HEIGHT="53" WIDTH="111" VPOS="3485" HPOS="2265"/>
</TextLine>
<TextLine HEIGHT="134" WIDTH="1980" VPOS="3561" HPOS="373" CS="1">
<String CONTENT="some" HEIGHT="33" WIDTH="152" VPOS="3583" HPOS="373"/>
<SP HEIGHT="34" WIDTH="32" VPOS="3582" HPOS="526"/>
<String CONTENT="account" HEIGHT="47" WIDTH="242" VPOS="3569" HPOS="559"/>
<SP HEIGHT="47" WIDTH="25" VPOS="3569" HPOS="802"/>
<String CONTENT="of" HEIGHT="53" WIDTH="65" VPOS="3563" HPOS="828"/>
<SP HEIGHT="53" WIDTH="30" VPOS="3563" HPOS="894"/>
<String CONTENT="the" HEIGHT="52" WIDTH="100" VPOS="3564" HPOS="925"/>
<SP HEIGHT="50" WIDTH="30" VPOS="3581" HPOS="1026"/>
<String CONTENT="period" HEIGHT="68" WIDTH="201" VPOS="3563" HPOS="1057"/>
<SP HEIGHT="52" WIDTH="31" VPOS="3563" HPOS="1259"/>
<String CONTENT="of" HEIGHT="53" WIDTH="65" VPOS="3561" HPOS="1291"/>
<SP HEIGHT="53" WIDTH="31" VPOS="3561" HPOS="1357"/>
<String CONTENT="expansion" HEIGHT="68" WIDTH="313" VPOS="3562" HPOS="1389"/>
<SP HEIGHT="33" WIDTH="31" VPOS="3581" HPOS="1703"/>
<String CONTENT="which" HEIGHT="53" WIDTH="187" VPOS="3562" HPOS="1735"/>
<SP HEIGHT="52" WIDTH="32" VPOS="3562" HPOS="1923"/>
<String CONTENT="found" HEIGHT="54" WIDTH="185" VPOS="3562" HPOS="1956"/>
<SP HEIGHT="52" WIDTH="33" VPOS="3564" HPOS="2142"/>
<String CONTENT="a" HEIGHT="35" WIDTH="31" VPOS="3581" HPOS="2176"/>
<SP HEIGHT="53" WIDTH="31" VPOS="3563" HPOS="2208"/>
<String CONTENT="brilliant" HEIGHT="132" WIDTH="1980" VPOS="3563" HPOS="373"/>
</TextLine>
<TextLine HEIGHT="71" WIDTH="1830" VPOS="3639" HPOS="547" CS="1">
<String CONTENT="leader" HEIGHT="53" WIDTH="191" VPOS="3642" HPOS="547"/>
<SP HEIGHT="52" WIDTH="23" VPOS="3642" HPOS="739"/>
<String CONTENT="in" HEIGHT="52" WIDTH="61" VPOS="3642" HPOS="763"/>
<SP HEIGHT="48" WIDTH="24" VPOS="3646" HPOS="825"/>
<String CONTENT="the" HEIGHT="52" WIDTH="96" VPOS="3642" HPOS="850"/>
<SP HEIGHT="52" WIDTH="25" VPOS="3642" HPOS="947"/>
<String CONTENT="Pathfinder," HEIGHT="70" WIDTH="358" VPOS="3639" HPOS="973"/>
<SP HEIGHT="68" WIDTH="24" VPOS="3641" HPOS="1332"/>
<String CONTENT="by" HEIGHT="69" WIDTH="76" VPOS="3641" HPOS="1357"/>
<SP HEIGHT="70" WIDTH="23" VPOS="3640" HPOS="1434"/>
<String CONTENT="Allan" HEIGHT="53" WIDTH="179" VPOS="3640" HPOS="1458"/>
<SP HEIGHT="53" WIDTH="25" VPOS="3641" HPOS="1638"/>
<String CONTENT="Nevins" HEIGHT="54" WIDTH="215" VPOS="3640" HPOS="1664"/>
<SP HEIGHT="33" WIDTH="31" VPOS="3660" HPOS="1880"/>
<String CS="1" CONTENT="&#8230;"/>
<SP HEIGHT="52" WIDTH="79" VPOS="3642" HPOS="1968"/>
<String CONTENT="New" HEIGHT="53" WIDTH="140" VPOS="3642" HPOS="2048"/>
<SP HEIGHT="53" WIDTH="25" VPOS="3641" HPOS="2189"/>
<String CONTENT="York" HEIGHT="53" WIDTH="162" VPOS="3641" HPOS="2215"/>
</TextLine>
<TextLine HEIGHT="68" WIDTH="1231" VPOS="3719" HPOS="374">
<String CONTENT="and" HEIGHT="52" WIDTH="114" VPOS="3721" HPOS="374"/>
<SP HEIGHT="53" WIDTH="27" VPOS="3720" HPOS="489"/>
<String CONTENT="London," HEIGHT="64" WIDTH="261" VPOS="3720" HPOS="517"/>
<SP HEIGHT="64" WIDTH="28" VPOS="3720" HPOS="779"/>
<String CONTENT="Harper" HEIGHT="67" WIDTH="234" VPOS="3720" HPOS="808"/>
<SP HEIGHT="50" WIDTH="27" VPOS="3721" HPOS="1043"/>
<String CONTENT="&amp;" HEIGHT="50" WIDTH="46" VPOS="3721" HPOS="1071"/>
<SP HEIGHT="52" WIDTH="23" VPOS="3719" HPOS="1118"/>
<String CONTENT="brothers," HEIGHT="67" WIDTH="281" VPOS="3719" HPOS="1142"/>
<SP HEIGHT="63" WIDTH="31" VPOS="3723" HPOS="1424"/>
<String CONTENT="1928." HEIGHT="50" WIDTH="149" VPOS="3721" HPOS="1456"/>
</TextLine>
<TextLine HEIGHT="50" WIDTH="1653" VPOS="3800" HPOS="440" STYLEREFS="StyleId-0892F4F6-3419-4C49-86E2-5D0718321F54-" CS="1">
<String CONTENT="2" HEIGHT="40" WIDTH="28" VPOS="3802" HPOS="440"/>
<SP HEIGHT="41" WIDTH="23" VPOS="3802" HPOS="469"/>
<String CS="1" CONTENT="v." HEIGHT="10" WIDTH="9" VPOS="3834" HPOS="528"/>
<SP HEIGHT="42" WIDTH="57" VPOS="3802" HPOS="538"/>
<String CONTENT="fronts.," HEIGHT="47" WIDTH="190" VPOS="3802" HPOS="596"/>
<SP HEIGHT="38" WIDTH="25" VPOS="3812" HPOS="787"/>
<String CONTENT="plates," HEIGHT="47" WIDTH="172" VPOS="3803" HPOS="813"/>
<SP HEIGHT="38" WIDTH="23" VPOS="3812" HPOS="986"/>
<String CONTENT="ports.," HEIGHT="47" WIDTH="164" VPOS="3803" HPOS="1010"/>
<SP HEIGHT="38" WIDTH="24" VPOS="3812" HPOS="1175"/>
<String CONTENT="maps" HEIGHT="39" WIDTH="138" VPOS="3811" HPOS="1200"/>
<SP HEIGHT="49" WIDTH="27" VPOS="3801" HPOS="1339"/>
<String CONTENT="(1" HEIGHT="49" WIDTH="48" VPOS="3801" HPOS="1367"/>
<SP HEIGHT="39" WIDTH="26" VPOS="3802" HPOS="1416"/>
<String CONTENT="double)" HEIGHT="48" WIDTH="197" VPOS="3801" HPOS="1443"/>
<SP HEIGHT="48" WIDTH="25" VPOS="3801" HPOS="1641"/>
<String CONTENT="facsims." HEIGHT="42" WIDTH="217" VPOS="3800" HPOS="1667"/>
<SP HEIGHT="41" WIDTH="58" VPOS="3801" HPOS="1885"/>
<String CS="1" CONTENT="24&#189;&#7580;&#7504;." HEIGHT="41" WIDTH="149" VPOS="3801" HPOS="1944"/>
</TextLine>
<TextLine HEIGHT="49" WIDTH="538" VPOS="3873" HPOS="441" STYLEREFS="StyleId-0892F4F6-3419-4C49-86E2-5D0718321F54-">
<String CONTENT="Paged" HEIGHT="48" WIDTH="161" VPOS="3874" HPOS="441"/>
<SP HEIGHT="40" WIDTH="20" VPOS="3874" HPOS="603"/>
<String CONTENT="continuously." HEIGHT="47" WIDTH="355" VPOS="3873" HPOS="624"/>
</TextLine>
<TextLine HEIGHT="50" WIDTH="819" VPOS="3929" HPOS="442" STYLEREFS="StyleId-0892F4F6-3419-4C49-86E2-5D0718321F54-">
<String CONTENT="Bibliography" HEIGHT="48" WIDTH="349" VPOS="3931" HPOS="442"/>
<SP HEIGHT="38" WIDTH="15" VPOS="3940" HPOS="792"/>
<String CONTENT=":" HEIGHT="30" WIDTH="10" VPOS="3940" HPOS="808"/>
<SP HEIGHT="30" WIDTH="31" VPOS="3940" HPOS="819"/>
<String CONTENT="v." HEIGHT="30" WIDTH="43" VPOS="3941" HPOS="851"/>
<SP HEIGHT="42" WIDTH="19" VPOS="3929" HPOS="895"/>
<String CONTENT="2," HEIGHT="49" WIDTH="41" VPOS="3929" HPOS="915"/>
<SP HEIGHT="38" WIDTH="19" VPOS="3940" HPOS="957"/>
<String CONTENT="p." HEIGHT="38" WIDTH="44" VPOS="3940" HPOS="977"/>
<SP HEIGHT="39" WIDTH="19" VPOS="3931" HPOS="1022"/>
<String CONTENT="715-723." HEIGHT="42" WIDTH="219" VPOS="3929" HPOS="1042"/>
</TextLine>
<TextLine HEIGHT="54" WIDTH="1994" VPOS="3983" HPOS="377" STYLEREFS="StyleId-0892F4F6-3419-4C49-86E2-5D0718321F54-">
<String CONTENT="&#169;" HEIGHT="53" WIDTH="52" VPOS="3984" HPOS="377"/>
<SP HEIGHT="53" WIDTH="39" VPOS="3984" HPOS="430"/>
<String CONTENT="Feb." HEIGHT="40" WIDTH="111" VPOS="3990" HPOS="470"/>
<SP HEIGHT="40" WIDTH="34" VPOS="3990" HPOS="582"/>
<String CONTENT="2," HEIGHT="47" WIDTH="41" VPOS="3990" HPOS="617"/>
<SP HEIGHT="47" WIDTH="36" VPOS="3990" HPOS="659"/>
<String CONTENT="1928;" HEIGHT="47" WIDTH="142" VPOS="3988" HPOS="696"/>
<SP HEIGHT="46" WIDTH="36" VPOS="3989" HPOS="839"/>
<String CONTENT="2c." HEIGHT="39" WIDTH="69" VPOS="3989" HPOS="876"/>
<SP HEIGHT="30" WIDTH="35" VPOS="3998" HPOS="946"/>
<String CONTENT="each" HEIGHT="39" WIDTH="120" VPOS="3988" HPOS="982"/>
<SP HEIGHT="39" WIDTH="36" VPOS="3988" HPOS="1103"/>
<String CONTENT="Jan." HEIGHT="40" WIDTH="111" VPOS="3988" HPOS="1140"/>
<SP HEIGHT="41" WIDTH="36" VPOS="3987" HPOS="1252"/>
<String CONTENT="31;" HEIGHT="49" WIDTH="83" VPOS="3986" HPOS="1289"/>
<SP HEIGHT="39" WIDTH="39" VPOS="3996" HPOS="1373"/>
<String CONTENT="affs." HEIGHT="42" WIDTH="108" VPOS="3986" HPOS="1413"/>
<SP HEIGHT="42" WIDTH="38" VPOS="3986" HPOS="1522"/>
<String CONTENT="Feb." HEIGHT="42" WIDTH="111" VPOS="3986" HPOS="1561"/>
<SP HEIGHT="41" WIDTH="36" VPOS="3987" HPOS="1673"/>
<String CONTENT="4;" HEIGHT="46" WIDTH="54" VPOS="3987" HPOS="1710"/>
<SP HEIGHT="47" WIDTH="40" VPOS="3986" HPOS="1765"/>
<!-- cceid 1578440F-6CB2-1014-A20E-B9D6251C946A --><String CONTENT="A" HEIGHT="39" WIDTH="39" VPOS="3986" HPOS="1806"/>
<SP HEIGHT="39" WIDTH="38" VPOS="3986" HPOS="1846"/>
<String CONTENT="1038681," HEIGHT="51" WIDTH="217" VPOS="3983" HPOS="1885"/>
<SP HEIGHT="47" WIDTH="37" VPOS="3987" HPOS="2103"/>
<String CONTENT="3018682;" HEIGHT="49" WIDTH="230" VPOS="3983" HPOS="2141"/>
</TextLine>
<TextLine HEIGHT="51" WIDTH="735" VPOS="4043" HPOS="446" STYLEREFS="StyleId-0892F4F6-3419-4C49-86E2-5D0718321F54-" CS="1">
<String CONTENT="Harper" HEIGHT="47" WIDTH="195" VPOS="4047" HPOS="446"/>
<SP HEIGHT="40" WIDTH="25" VPOS="4049" HPOS="642"/>
<String CONTENT="&amp;" HEIGHT="40" WIDTH="36" VPOS="4049" HPOS="668"/>
<SP HEIGHT="43" WIDTH="26" VPOS="4046" HPOS="705"/>
<String CONTENT="bros." HEIGHT="39" WIDTH="125" VPOS="4046" HPOS="732"/>
<SP HEIGHT="49" WIDTH="71" VPOS="4044" HPOS="858"/>
<String CS="1" CONTENT="(28-4231)" HEIGHT="50" WIDTH="251" VPOS="4043" HPOS="930"/>
</TextLine>
</TextBlock>
</PrintSpace>
</Page>
</Layout>
</alto>