2498 4384
1299 4104 101 50 816

338 436 321 64 Masefield,
688 436 175 54 John.

405 516 123 52 The
557 515 226 68 coming
814 514 65 53 of
910 514 214 66 Christ,
1154 514 74 68 by
1260 514 156 54 John
1447 511 312 54 Masefield.
1835 513 139 51 New
2007 511 181 67 York,
2219 512 119 52 The

335 593 334 53 Macmillan
703 611 298 50 company,
1036 595 149 49 1928.

401 675 441 49 4 p. l., 57 p. 24½ ᶜᵐ.
406 744 1931 48 “This edition … is limited to three hundred and fifty copies, of which
335 807 98 39 this
461 806 42 40 is
528 806 203 39 number
756 805 128 40 249.”
950 805 176 48 Signed
1156 806 60 46 by
1247 806 81 39 the
1356 805 192 41 author.

403 864 42 39 A
476 865 167 38 drama

344 932 51 52 ©
429 938 114 45 May
573 936 68 47 10,
674 935 140 47 1928;
847 935 68 40 2c.
947 935 96 39 and
1074 933 83 40 aff.
1190 935 114 46 May
1336 934 81 45 11;
1452 933 41 39 A
1524 932 230 47 1074454;
1789 933 129 39 John
1950 932 264 46 Masefield,
409 932 1915 108 Oxford,
575 993 236 47 England.
885 991 281 48 (28-13852)

336 1087 234 63 Maury,
599 1086 261 53 Reuben.

402 1161 1938 71 The wars of the godly, by Reuben Maury … New York,
332 1243 67 52 R.
432 1242 79 54 M.
542 1242 277 53 McBride
849 1244 46 50 &
923 1260 298 49 company,
1255 1244 150 49 1928.

401 1324 1205 50 viii p., 2 l., 3-318 p. front., plates, ports. 22½ ᶜᵐ.
403 1396 377 48 Bibliography:
816 1406 42 37 p.
889 1394 218 41 313-318.

344 1463 1996 51 © May 12, 1928; 1c. and aff. May 19; 1c. May 25; A 1077472; Robert M.
416 1523 229 40 McBride
682 1523 36 40 &
755 1533 68 30 co.
894 1521 281 49 (28-13684)

336 1618 215 62 Mootz,
581 1618 265 51 Herman
878 1616 227 53 Edwin.

412 1696 276 52 “Pawnee
718 1694 173 68 Bill”,
920 1714 30 33 a
980 1714 263 33 romance
1271 1694 65 53 of
1366 1694 341 67 Oklahoma,
1736 1695 75 67 by
1840 1695 261 52 Herman
2133 1694 209 53 Edwin

337 1772 2005 70 Mootz … Los Angeles, Calif., Excelsior publishing company
421 1855 118 64 [ ᶜ1 928 ]
408 1933 977 49 7 p. l., 17-285 p. illus., 2 port. 20½ ᶜᵐ.
346 1987 51 52 ©
432 1993 113 45 May
577 1991 69 47 26,
681 1991 114 40 1928;
857 1993 68 38 2c.
959 1993 95 38 and
1088 1990 81 41 aff.
1205 1992 128 39 June
1365 1990 52 44 2;
1454 1991 41 39 A
1529 1991 229 46 1077550;
1795 1992 61 39 H.
1891 1992 53 39 E.
1979 1992 174 46 Mootz,
412 1992 1915 104 Inglewood,
594 2048 144 40 Calif.
809 2048 282 48 (28-14001)

341 2144 284 62 Nerman,
661 2144 199 62 Einar,
895 2144 149 53 illus.

422 2221 429 67 [Illustrations]
920 2222 75 68 by
1042 2222 184 52 Einar
1291 2222 252 52 Nerman
1613 2221 76 67 [in
1735 2223 96 51 the
1875 2222 149 52 book
2086 2220 257 67 entitled]

343 2300 399 57 Thumbelina,
781 2301 76 68 by
895 2302 166 51 Hans
1100 2300 297 54 Christian
1436 2300 315 53 Andersen.
1828 2301 138 51 New
2008 2300 180 66 York,
2227 2300 120 51 The

343 2379 336 53 Macmillan
716 2398 297 50 company,
1052 2382 149 50 1928.

412 2463 1454 48 4 p. l., 3-79 p., 1 l. incl. illus., plates, col. front. 17 ᶜᵐ.
346 2516 51 52 ©
435 2521 114 47 May
582 2519 69 49 29,
688 2520 140 46 1928;
865 2521 69 40 2c.
970 2522 96 38 and
1102 2520 82 42 aff.
1220 2522 115 46 May
1370 2520 82 47 31;
1492 2521 40 38 A
1569 2520 229 48 1079605;
1839 2521 283 40 Macmillan
2158 2531 68 31 co.

340 2671 147 53 New
520 2672 162 52 York
752 2673 166 52 (State)
1034 2673 312 65 Governor,
1379 2676 314 50 1919-1920
1763 2672 214 68 (Alfred
2008 2673 69 52 E.
2112 2670 222 69 Smith)

405 2750 369 68 Progressive
815 2751 361 69 democracy;
1221 2751 293 53 addresses
1555 2752 112 52 and
1709 2757 144 47 state
1893 2770 208 49 papers
2140 2750 65 53 of
337 2750 1984 131 Alfred
512 2827 67 53 E.
629 2828 208 66 Smith,
883 2829 139 52 with
1068 2848 70 33 an
1186 2829 392 53 introduction
1622 2830 77 68 by
1739 2830 204 68 Henry
1988 2829 356 54 Moskowitz.

336 2906 1649 70 New York, Harcourt, Brace and company [ ᶜ1 928]
405 2990 412 49 xiii, 392 p. 22½ ᶜᵐ.
347 3043 50 51 ©
426 3049 115 46 May
564 3047 69 46 10,
659 3047 114 40 1928;
826 3047 69 40 2c.
922 3048 95 38 and
1043 3046 82 41 aff.
1152 3047 116 47 May
1291 3047 57 39 24;
1403 3047 41 38 A
1469 3046 229 48 1077426;
1728 3048 261 47 Harcourt,
2018 3048 156 39 Brace
2201 3047 35 41 &
2262 3058 81 37 co.,

414 3104 91 40 inc.
577 3103 279 49 (28-13918)

342 3196 146 54 New
518 3198 162 52 York
750 3197 192 69 (State)
1028 3199 182 66 Laws,
1243 3204 257 62 statutes,
1532 3205 101 46 etc.

475 3275 1848 69 … Parsons’ practice manual of the state of New York, con
344 3354 228 68 taining
607 3355 96 52 the
738 3354 201 52 official
978 3354 216 53 edition
1233 3354 64 52 of
1332 3355 97 52 the
1467 3354 154 55 Civil
1661 3355 249 69 practice
1949 3361 108 61 act,
2096 3356 149 52 rules
2286 3355 63 54 of

343 3432 136 52 civil
507 3432 266 68 practice,
805 3431 357 70 Surrogate’s
1192 3438 162 47 court
1383 3439 107 62 act,
1520 3433 139 53 New
1689 3433 165 53 York
1886 3432 134 70 City
2051 3439 162 47 court
2243 3439 89 48 act,

343 3509 140 55 New
514 3510 164 52 York
708 3511 116 68 city
854 3511 324 68 Municipal
1207 3517 163 47 court
1401 3512 152 66 code,
1585 3511 219 55 Justice
1836 3517 161 47 court
2029 3517 108 61 act,
2170 3511 179 55 Court

345 3587 65 53 of
442 3588 197 53 claims
672 3594 90 47 act
795 3590 113 52 and
943 3595 126 47 rent
1101 3590 167 65 laws;
1307 3590 112 52 and
1454 3595 163 47 court
1650 3590 149 52 rules
1836 3589 64 53 of
1936 3589 182 55 Court
2151 3590 65 52 of
344 3609 1979 124 appeals,
542 3667 287 66 appellate
853 3666 295 68 divisions,
1173 3667 288 68 appellate
1485 3673 191 62 terms,
1705 3667 275 69 Supreme
2005 3674 180 61 court,
348 3668 1979 144 Surrogates’
618 3749 206 63 courts,
843 3745 113 52 and
984 3745 139 53 New
1152 3745 164 53 York
1335 3745 137 69 City
1498 3752 162 46 court
1688 3747 112 52 and
1819 3746 322 68 Municipal
2172 3751 177 63 court,

347 3840 60 34 as
440 3822 274 52 amended
746 3827 58 48 to
835 3823 96 53 the
962 3824 110 52 end
1104 3823 64 53 of
1197 3824 97 52 the
1326 3823 320 69 legislative
1679 3824 211 53 session
1924 3823 64 54 of
2023 3827 152 65 1928,
2208 3825 139 52 with

347 3904 160 48 notes
541 3899 64 52 of
639 3919 150 34 cases
823 3900 150 53 since
1010 3900 153 55 Civil
1200 3902 250 67 practice
1486 3908 90 46 act
1610 3903 59 51 in
1706 3901 164 54 effect
1906 3922 72 33 on
2016 3902 247 55 October
2302 3908 47 49 1.

351 3979 150 52 1921.
565 3978 96 53 5th
690 3978 83 54 ed.
840 3979 212 54 Edited
1081 3979 112 54 and
1224 3981 310 53 annotated
1561 3980 75 70 by
1663 3980 212 54 Austin
1906 3982 66 53 B.
2004 3980 202 57 Griffin
2236 3982 113 53 and
