2542 4417
1142 4090 63 53 51

253 519 1940 49 “Originally begun by the late S. W. Charles … as a syllabus for use
184 578 47 39 in
270 577 80 40 the
386 587 171 30 course
595 576 51 40 in
686 575 288 43 ‘California
1014 575 229 50 practice’
1283 575 51 40 in
1374 576 81 40 the
1498 576 116 40 Law
1654 576 164 41 school
1859 576 53 41 of
1954 577 235 41 Stanford

183 633 480 47 university.—Pref.

184 687 51 53 ©
265 692 110 40 Jan.
405 691 38 47 6,
476 690 140 47 1928;
648 691 68 41 2c.
746 691 118 40 each
895 691 95 39 and
1021 689 82 41 aff.
1135 690 110 40 Jan.
1275 689 83 47 16;
1391 690 41 39 A
1462 689 231 48 1061225;

1730 689 237 42 Stanford
252 691 1919 105 university
380 758 151 38 press.
602 747 253 49 (28-2251)

178 843 277 63 Chassee,
485 843 120 54 Leo
631 843 277 54 Jeannot.

245 934 1658 70 Management of personal income, by L. J. Chassee …
177 935 1986 134 assisted
277 1015 76 68 by
386 1015 174 53 Ethel
596 1014 61 55 C.
694 1014 244 56 O’Neill.
1017 1013 254 70 Chicago
1305 1015 46 51 &
1384 1014 141 53 New
1561 1014 182 67 York,
1778 1014 73 53 A.
1886 1014 90 55 W.
2015 1013 172 56 Shaw

175 1111 308 51 company;
521 1093 260 67 London,
819 1092 70 54 A.
926 1093 88 54 W.
1056 1090 172 57 Shaw
1264 1093 113 52 and
1414 1109 301 51 company,
1752 1092 244 68 limited,
2034 1094 152 53 1927.

244 1176 61 47 vi,
333 1174 86 41 154
445 1187 44 37 p.
549 1175 183 49 diagrs.
791 1175 118 41 21ᶜᵐ.

179 1230 51 52 ©
257 1235 117 39 Nov.
399 1234 70 47 26,
495 1233 142 47 1927;
665 1234 68 40 2c.
760 1233 114 41 Dec.
900 1234 82 45 14;
1011 1232 83 41 aff.
1120 1233 111 40 Jan.
1258 1233 69 42 14,
1356 1233 141 47 1928;
1526 1233 42 39 A
1593 1233 233 47 1061211;
1855 1233 56 41 A.
1939 1235 73 39 W.
2042 1233 147 41 Shaw

245 1291 35 40 &
309 1301 69 30 co.
449 1290 252 48 (28-2103)

176 1385 375 64 Chesterton,
587 1385 230 55 Gilbert
851 1384 203 65 Keith,
1089 1385 173 54 1874-

243 1477 217 53 Robert
504 1477 176 53 Louis
731 1475 332 69 Stevenson,
1110 1477 75 69 by
1233 1476 69 55 G.
1350 1477 75 53 K.
1478 1476 358 55 Chesterton.
1934 1478 256 52 London.

171 1556 241 53 Hodder
443 1556 115 52 and
592 1554 329 71 Stoughton
952 1555 225 54 limited
1236 1557 152 66 ᶜ1927]

241 1638 1021 50 2 p. l., vii-viii p., 1 l., 11-259 p. 19ᶜᵐ.
177 1695 51 52 ©
315 1731 9 8 1c.
353 1698 111 40 Jan.
493 1697 40 48 5,
562 1697 142 47 1928;
735 1697 42 39 A
805 1697 63 40 ad
895 1695 88 43 int.
1012 1695 172 47 10517;
1216 1697 144 47 pubd.
1391 1697 119 39 Nov.
1541 1696 39 48 8,
1612 1696 141 46 1927;
1790 1696 152 47 Dodd,
1976 1697 142 39 Mead
2150 1697 36 39 &

243 1767 81 36 co.,
355 1755 106 49 inc.,
492 1755 119 39 New
641 1754 146 40 York.
858 1753 253 49 (28-2696)

172 1850 228 63 Clarke,
434 1849 193 54 Isabel
662 1850 350 54 Constance.

242 1942 287 53 Haworth
575 1960 349 51 parsonage;
971 1960 32 34 a
1049 1941 225 69 picture
1318 1939 66 55 of
1428 1942 98 52 the
1572 1942 220 52 Bronte
1838 1939 229 71 family,
2112 1940 74 71 by

173 2021 187 53 Isabel
398 2019 63 57 C.
502 2019 228 69 Clarke,
766 2020 142 53 with
949 2019 133 53 four
1119 2019 401 54 illustrations.
1594 2019 264 68 London,
171 2018 1992 134 Hutchinson
295 2100 46 51 &
365 2117 98 50 co.,
489 2099 105 53 ltd.
626 2101 175 65 [1927]

242 2181 86 41 287
355 2192 44 38 p.
458 2180 166 49 front.,
721 2212 10 17 pl.,
760 2184 150 45 ports.
970 2180 148 41 22½ᶜᵐ.

174 2234 51 52 ©
286 2249 38 30 1c.
355 2239 112 41 Jan.
497 2238 40 48 5,
569 2238 142 46 1928;
745 2239 41 38 A
817 2239 59 39 ad
911 2238 87 41 int.
1030 2237 172 47 10500;
1237 2238 143 48 pubd.
1412 2238 119 41 Nov.
1565 2238 82 46 11;
1683 2239 38 40 I.
1756 2237 49 41 C.
1840 2237 191 49 Clarke,
240 2239 1925 97 London.

419 2295 252 49 (28-1863)

173 2392 356 69 [Commerce
564 2391 263 64 clearing
859 2390 203 63 house,
1097 2390 132 68 inc.]

242 2482 372 57 Conditional
652 2485 145 53 sales
832 2484 139 53 laws
1008 2484 77 70 by
1121 2489 191 49 states,
1389 2503 50 34 v.
1478 2487 49 49 2.
1601 2485 268 68 January
1909 2487 83 64 10,
2034 2485 150 52 1928.

175 2564 130 66 [Des
336 2563 242 69 Moines,
646 2581 67 49 Ia.,
743 2563 124 53 The
895 2563 353 53 Homestead
1279 2581 301 51 company,
1613 2566 154 64 1928]

243 2645 1932 51 1 p. l., 1007-1219 p. 24ᶜᵐ. (Current business law reference service)
173 2700 51 52 ©
253 2704 111 40 Jan.
392 2703 70 49 10,
491 2703 143 47 1928;
664 2704 69 40 2c.
762 2704 111 40 Jan.
903 2704 82 46 12;
1017 2703 84 41 aff.
1132 2703 111 41 Jan.
1272 2703 84 47 20;
1389 2704 41 38 A
1459 2703 232 47 1018513;
1725 2703 279 40 Commerce
240 2704 1925 105 clearing
351 2761 166 48 house,
549 2760 107 49 inc.,
689 2760 227 49 Chicago.

171 2855 218 64 Coriat,
420 2855 208 54 Isador
659 2856 225 63 Henry,
919 2855 172 55 1875-

299 2947 1883 71 … Stammering; a psychoanalytic interpretation, by Isador
169 3028 75 52 H.
288 3027 217 68 Coriat,
601 3070 10 10 M.
691 3070 10 10 D.
777 3027 140 53 New
957 3027 165 53 York
1162 3029 114 52 and
1314 3026 408 71 Washington,
1763 3027 262 54 Nervous
2066 3029 114 53 and

172 3107 207 52 mental
403 3107 216 53 disease
641 3106 338 70 publishing
1003 3124 301 52 company,
1330 3109 150 50 1928.

238 3189 101 48 viii,
379 3188 56 42 68
473 3200 44 38 p.
577 3189 149 42 23½ᶜᵐ.
796 3189 245 47 (Nervous
1084 3190 96 40 and
1218 3191 186 38 mental
1443 3189 192 41 disease
1674 3190 300 48 monograph
2014 3190 167 49 series,

167 3256 75 31 no.
269 3246 83 48 47)

238 3303 377 50 Bibliography:
640 3315 44 38 p.
707 3304 160 42 67-68.

173 3357 51 52 ©
251 3362 112 40 Dec.
390 3363 70 47 31,
487 3362 142 47 1927;
660 3363 68 39 2c.
756 3363 96 39 and
881 3362 82 41 aff.
993 3363 111 40 Jan.
1133 3363 68 47 17,
1232 3362 141 47 1928;
1405 3362 42 40 A
1475 3362 231 48 1018444;
1738 3363 222 40 Nervous
1990 3363 36 40 &
240 3374 1924 85 mental
343 3419 190 41 disease
566 3419 111 48 pub.
710 3430 69 31 co.
850 3419 252 49 (28-2287)

170 3512 184 64 Dana,
389 3513 246 55 Charles
667 3513 256 65 Loomis,
958 3517 174 51 1852-

239 3592 120 53 The
398 3593 174 67 peaks
610 3592 64 54 of
711 3593 243 53 medical
991 3593 254 69 history;
1284 3612 74 34 an
1395 3593 219 53 outline
1651 3592 65 54 of
1753 3593 97 53 the
1887 3593 294 54 evolution

169 3668 64 53 of
268 3671 278 53 medicine
587 3671 95 53 for
720 3673 98 52 the
854 3691 98 34 use
988 3672 65 53 of
1090 3672 243 53 medical
1373 3673 261 53 students
1671 3675 47 50 &
1756 3672 425 69 practitioners,

167 3747 2012 73 by Charles L. Dana … illustrated with 43 full-page plates and
173 3829 63 50 16
271 3833 120 48 text
426 3829 400 54 illustrations.
902 3831 72 52 2d
1013 3830 85 53 ed.
1174 3830 140 52 New
1352 3830 181 67 York,
1572 3831 66 52 P.
1679 3831 67 51 B.
1785 3829 231 54 Hoeber
2053 3829 109 54 inc.,

172 3907 147 53 1928.

238 3988 1598 54 3 p. l., 5-105 p. front., illus., plates, ports., facsjms, 22½ᶜᵐ.
