2498 4384
1308 4113 133 50 1198

367 463 210 62 Sands,
608 462 170 52 Irene
808 460 226 64 Blight.

440 540 123 53 The
595 558 124 34 rose
752 538 63 54 of
852 537 345 69 California,
1233 538 113 52 and
1382 538 163 52 other
1578 537 242 67 ballads,
1853 536 76 69 by
1963 537 169 53 Irene
2168 536 205 70 Blight

370 614 1521 70 Sands. Boston, The Four seas company [ ᶜ192 7]
439 697 515 50 47 p. front. 20 ᶜᵐ .
373 767 52 53 ©
452 771 111 41 Dec.
590 770 69 49 28,
685 770 142 49 1927;
854 771 69 41 2c.
950 771 126 40 June
1102 770 40 49 2,
1170 769 143 48 1928;
1343 769 83 42 aff.
1453 769 117 49 July
1595 770 55 47 2;
1679 769 42 40 A
1746 769 230 48 1082744;
2008 769 131 41 Four
2166 780 108 30 seas
2302 780 69 32 co.

452 828 282 50 (28-18317)

365 922 159 53 Saxo
555 922 438 65 Grammaticus,
1021 922 59 66 ft.
1112 924 150 49 1200.

437 1000 122 53 The
590 1001 216 52 swords
841 999 64 53 of
937 1000 97 53 the
1067 998 250 70 vikings,
1350 999 202 53 stories
1587 999 154 52 from
1772 999 98 52 the
1903 998 188 54 works
2124 997 64 54 of
2224 998 151 55 Saxo

365 1077 442 68 Grammaticus,
847 1078 184 52 retold
1068 1077 105 70 by:
1212 1077 162 54 Julia
1413 1077 182 53 Davis
1632 1076 239 69 Adams,
1907 1077 327 52 illustrated
2270 1076 105 68 by:

367 1155 1985 69 Suzanne Lassen. New York, E. P. Dutton & company [ᶜ192 8]
432 1239 28 40 2
495 1251 44 37 p.
608 1271 9 15 l.,
651 1239 178 48 vii-xv,
862 1239 87 40 225
982 1250 43 37 p.
1086 1240 87 39 col.
1206 1238 167 47 front.,
1407 1239 87 40 col.
1528 1239 172 48 plates,
1735 1239 185 48 geneal.
1955 1239 99 40 tab.
2112 1239 149 41 22½ᶜᵐ.

435 1297 140 47 Maps
603 1307 61 30 on
691 1296 367 48 lining-papers.

374 1348 53 53 ©
460 1354 116 47 July
606 1353 69 47 12,
707 1352 142 46 1928;
882 1352 69 40 2c.
982 1352 96 39 and
1110 1350 83 41 aff.
1227 1351 118 48 July
1375 1350 83 48 19;
1492 1351 42 39 A
1565 1350 231 48 1083276;
1831 1352 54 39 E.
1916 1352 52 40 P.
2001 1351 190 40 Dutton
2223 1356 36 39 &
2290 1362 82 39 co.,

438 1410 91 41 inc.
600 1409 283 49 (28-18231)

367 1502 289 64 Schmalz,
690 1503 136 54 Carl
858 1502 240 53 Nelson.

503 1579 1874 70 … Standards of departmental performance in department
369 1658 2008 71 stores, 1927, by Carl N. Schmalz … Ann Arbor, University of
367 1738 318 70 Michigan,
721 1738 207 55 School
962 1737 65 54 of
1057 1737 258 54 business
1348 1736 486 70 administration,
1866 1739 231 52 Bureau
2128 1738 65 53 of

367 1738 1981 133 business
521 1817 275 67 research,
827 1819 151 50 1928.

441 1899 1789 49 iv p., 1 l., 26 p. 23 ᶜᵐ . (Michigan business studies, vol. I, no. 8)
375 1953 52 52 ©
459 1957 117 47 July
606 1957 69 47 23,
707 1956 141 47 1928;
881 1957 67 39 2c.
982 1957 96 39 and
1110 1956 82 41 aff.
1224 1956 122 48 Aug.
1379 1956 53 45 9;
1467 1956 42 39 A
1539 1956 231 48 1083548;
1805 1956 286 49 University

2124 1958 52 40 of
442 1958 1917 104 Michigan.
622 2013 282 49 (28-19613)

365 2107 269 63 Schwab,
668 2107 196 64 Georg
893 2106 210 64 Maria,
1139 2111 172 49 1899-

436 2186 749 69 Physikalisch-chemische
1240 2186 363 69 grundlagen
1658 2187 101 52 der
1814 2186 355 54 chemischen
364 2189 1989 144 technologie,

364 2264 1989 148 von dr. Georg-Maria Schwab … Mit 32 abbildungen
501 2343 79 53 im
604 2348 137 49 text.
816 2342 259 70 Leipzig,
1104 2342 68 56 O.
1202 2342 261 69 Spamer,
1491 2342 151 55 1927.

439 2425 1938 51 viii, 130 p. illus., diagrs. 24 ᶜᵐ . (Half-title: Chemische technologie
366 2482 1740 50 in einzeldarstellungen … Allgemeine chemische technologie)
373 2537 1919 52 © Nov. 15, 1927; 1c. Apr. 11, 1928; A—Foreign 38342; Otto Spamer.
454 2597 282 48 (28-18003)

372 2693 187 62 Scott,
590 2692 257 54 William
878 2691 218 63 Rufus,
1131 2695 173 50 1886-

443 2770 216 54 Kernel
686 2771 152 54 Com
865 2770 64 54 of
952 2770 326 68 Kentucky,
1302 2771 78 69 by
1402 2771 263 54 William
1691 2770 193 54 Rufus
1911 2771 178 55 Scott.
370 2769 1981 148 [Washington,
620 2849 71 52 D.

722 2847 1158 69 C., Press of Byron S. Adams, ᶜ192 8]
439 2931 306 49 61 p. 19 ᶜᵐ .
444 2988 146 40 “This
626 2989 245 39 novelette
906 2986 159 42 shows
1103 2987 81 40 the
1221 2987 224 41 methods
1481 2989 252 47 employed
1771 2989 50 39 in
1859 2989 164 48 trying
2061 2990 49 39 to
2146 2988 123 42 head
2309 2988 68 41 off

369 3043 683 50 prohibition.”—Foreword.

374 3097 52 52 ©
456 3101 122 49 Aug.
606 3102 39 47 6,
674 3101 142 46 1928;
846 3102 69 40 2c.
944 3102 96 39 and
1069 3100 83 42 aff.
1182 3101 121 49 Aug.
1333 3103 53 45 7;
1418 3101 41 40 A
1487 3101 231 49 1083534;
1749 3103 73 40 W.
1853 3103 55 39 R.

1940 3102 148 48 Scott,
446 3102 1911 97 Washington.
613 3158 257 48 (28-19549)

374 3254 186 60 Scott,
592 3253 189 53 Zenos
811 3253 68 53 E.

506 3331 1871 70 … The open door language series.. 3d-7th grades … By
373 3408 1997 71 Zenos E. Scott … Randolph T. Congdon … Harriet E. Peet .,.
374 3486 2003 70 and Laura Frazee … Boston, New York [etc.] Houghton
373 3564 203 54 Mifflin
614 3582 280 51 company
935 3598 12 33 [ᶜ1
1010 3567 100 51 928
1115 3598 13 34 ]

443 3645 799 50 5 v. illus. (part col.) 19 ᶜᵐ .
438 3703 62 40 At
537 3704 125 38 head
696 3703 54 40 of
786 3703 136 41 title:
961 3704 158 40 North
1155 3703 230 41 Carolina
1422 3704 399 42 edition—series
1857 3706 63 47 by
1952 3706 192 47 grades.

378 3755 54 51 ©
465 3760 122 39 Mar.
620 3759 69 47 16,
722 3758 142 47 1928;
898 3759 67 41 2c.
1000 3759 117 41 each
1151 3761 116 47 May
1299 3761 84 46 21;
1420 3760 108 41 affs.
1564 3761 114 48 May
1711 3761 83 47 19;
1831 3761 41 39 A
1904 3760 467 47 1074617-1074621;

448 3815 265 48 Houghton
739 3815 169 39 Mifflin
936 3827 67 29 co.
1073 3816 282 49 (28-13596)

440 3908 297 53 Teachers’
772 3909 172 68 guide
982 3908 93 54 for
1110 3909 97 54 the
1240 3928 98 35 use
1373 3909 64 53 of
1471 3910 96 53 the
1603 3911 167 68 Open
1804 3911 141 53 door
1976 3912 285 67 language
371 3929 1981 125 series,
535 3987 61 52 in

632 3986 1681 73 school systems of seven grades, by Zenos E. Scott …
