2498 4384
1084 4097 101 54 837

101 456 333 58 Lawrence,
468 450 337 65 Josephine.

171 533 1931 81 Perry and Polly’s pictures, by Josephine Lawrence … New
107 616 1445 74 York, N. Y., Newark, N. J., Parse & co. [ ᶜ1 928]
171 713 967 55 62 p. incl. col. front., col. illus. 21 ᶜᵐ.
106 788 52 53 ©
193 793 45 39 May
337 790 69 43 31,
442 789 114 40 1928;
616 790 68 40 2c.
717 788 96 40 and
846 786 82 42 aff.
962 786 97 39 June
1122 786 24 38 1;
1209 784 43 39 A
1285 783 202 40 1074817;
1552 782 157 40 Barse
1738 780 36 40 &
1807 790 68 31 co.
183 847 280 50 (28-14232)

99 943 174 54 Love,
309 940 275 54 William.
624 939 171 52 1857-

175 1033 346 54 Excursions
581 1033 56 51 in
693 1031 253 65 Ireland,
1000 1030 75 68 by
1130 1029 262 51 William
1449 1027 170 53 Love.
1696 1026 236 65 Boston,
1987 1024 120 52 The

103 1107 1147 74 Christopher publishing house [ ᶜ1 928]
173 1207 242 51 155 p. 20½ ᶜᵐ.
108 1269 2002 60 © May 1, 1928; 2c. May 17; aff. May 15; A 1074566; Christopher pub.
174 1338 163 39 house.
409 1335 282 49 (28-14029)

104 1432 235 62 McCoy,
371 1430 206 64 Neely.

178 1524 175 67 Jupie
383 1522 227 54 follows
638 1522 89 51 his
756 1522 132 58 tale,
918 1521 229 52 written
1179 1519 114 52 and
1324 1517 328 53 illustrated
1679 1516 77 69 by
1787 1516 179 69 Neety
110 1516 1981 155 McCoy.
310 1601 138 54 New
476 1600 179 58 York,
682 1600 121 52 The
828 1597 337 55 Macmillan
1192 1614 300 51 company,
1523 1598 150 51 1928.

183 1690 1709 55 5 p. l., 106 p.. 1 1. incl. plates, illus. col. front., col. plates. 22½ ᶜᵐ.
114 1766 52 53 ©
202 1772 115 46 May
351 1769 71 49 29,
458 1769 141 46 1928;
635 1769 69 39 2c.
740 1768 95 39 and
871 1767 84 41 aff.
990 1767 115 46 May
1140 1766 56 39 31;
1263 1766 41 38 A
1339 1763 231 48 1079619;
1611 1763 283 40 Macmillan
1930 1773 67 30 co.

193 1826 283 51 (28-14277)

110 1921 334 62 McQuillin,
482 1922 260 61 Eugene.

181 2007 1878 74 The law of municipal corporations, by Eugene McQuillin …
109 2085 2010 73 2d ed. … v. 5. Chicago, New York. Callaghan and company,
111 2175 149 49 1928.

183 2266 439 50 xiv, 1027 p. 26 ᶜᵐ.
117 2335 52 52 ©
204 2340 129 40 June
366 2338 70 46 12,
471 2337 114 41 1928;
651 2338 67 40 2c.
753 2338 97 39 and
886 2335 83 43 aff.
1005 2335 130 41 June
1169 2335 54 40 15;
1291 2335 41 38 A
1367 2333 204 43 1077817;
1637 2336 53 39 E.
1730 2334 279 48 McQuillin,
2051 2334 68 42 St.

186 2397 162 42 Louis.

116 2492 218 63 Manly,
368 2491 223 53 Harold
622 2489 267 63 Phillips,
927 2491 171 52 1887-

189 2583 448 71 Oxy-acetylene
662 2582 252 68 welding
941 2581 113 54 and
1082 2581 254 69 cutting;
1367 2580 243 69 electric,
1639 2581 165 70 forge
1833 2582 112 53 and
119 2582 1983 133 thermit
248 2661 269 70 welding,
540 2659 261 70 together
827 2660 140 51 with
995 2660 218 52 related
1240 2660 261 53 methods
1530 2660 114 54 and
1670 2660 293 54 materials
1989 2660 137 54 used

118 2736 1987 152 in metal working and the oxygen process for removal of carbon, by Harold P. Manly … Chicago, F. J. Drake & co. [ ᶜ1 928]
193 2911 734 52 1 p. l., 5-209, [15] p. illus. 17½ᶜᵐ.
123 2981 53 53 ©
215 2987 113 46 May
364 2985 70 48 10,
470 2985 117 39 1928;
650 2986 70 39 2c.
756 2986 115 46 May
906 2985 50 40 31;
1030 2984 83 42 aff.
1151 2986 117 46 May
1305 2985 55 39 12;
1426 2986 40 38 A
1505 2984 204 42 1074775;
1777 2986 264 40 Frederick
2081 2987 42 40 J.

198 3043 166 40 Drake
389 3042 38 40 &
452 3052 69 30 co.
583 3037 75 53 [©
682 3052 106 29 new
816 3043 194 48 matter]
1083 3042 283 46 (28-14126)

119 3136 335 62 Markham,
487 3137 225 60 Edwin,
744 3137 83 52 ed.

193 3229 120 52 The
338 3229 148 53 book
510 3228 63 53 of
599 3236 199 61 poetry;
856 3229 268 53 collected
1153 3229 153 53 from
1329 3231 95 51 the
1451 3230 180 52 whole
1656 3229 132 53 field
1815 3229 63 52 of
1906 3229 223 54 British

123 3309 112 51 and
270 3307 305 54 American
614 3316 216 60 poetry.
906 3309 141 51 Also
1081 3308 375 53 translations
1489 3308 64 54 of
1587 3309 317 66 important
1938 3325 192 51 poems

125 3381 2006 156 from foreign languages. Selected and annotated with an introduction by Edwin Markham … vols. 4-10. New York,
123 3544 149 52 Win.
303 3544 74 51 H.
409 3543 158 53 Wise
598 3546 45 48 &
674 3562 95 35 co.,
805 3544 147 52 1927.

200 3641 26 39 7
289 3672 10 9 v.
362 3640 147 41 17½ᶜᵐ.

134 3704 52 53 ©
224 3711 116 46 July
378 3711 38 42 1,
455 3709 115 41 1928;
634 3710 68 40 2c.
739 3711 117 39 each
896 3710 127 43 June
1059 3711 54 38 11;
1182 3711 84 41 aff.
1304 3712 127 40 June
1467 3711 53 45 9;
1561 3711 40 39 A
1639 3712 229 48 1077705;
1908 3715 121 38 Wm.
2070 3714 60 40 H.

202 3767 132 40 Wise
371 3766 36 41 &
445 3776 66 30 co.

130 3858 289 64 Meherin,
455 3859 266 53 Elenore.

137 3934 1974 150 Jerry, by Elenore Meherin … New York, Grosset & Dunlap [ ᶜ1 928]
