2498 4384
1291 4096 104 54 270

410 527 87 40 312
536 538 44 36 p.
640 526 56 40 19½ᶜᵐ.

342 594 52 52 ©
429 599 112 39 Feb.
571 598 70 48 21,
673 598 141 47 1928;
848 598 68 40 2c.
948 599 97 38 and
1076 597 83 41 aff.
1193 599 123 40 Mar.
1348 599 53 45 3;
1435 598 43 39 A
1508 597 230 47 1069067;
1775 598 300 47 Doubleday,
2109 599 168 39 Doran
2309 603 38 40 &

409 666 83 34 co.,
522 655 91 40 inc.
684 655 252 47 (28-6524)

335 749 188 64 Stein,
550 749 207 64 Henri,
788 753 171 50 1862-

337 826 1986 148 Versailles; introduction de Henri Stein … Paris, Vizzavona, 1927.
410 990 694 50 [18] p. plates, ports. 24½ ᶜᵐ.
407 1060 190 40 French
629 1060 97 40 and
757 1059 219 49 English.

343 1126 1700 52 © Sept. 10, 1927; 1c. Nov. 21; A—Foreign 36200; Vizzavona.
422 1186 253 49 (28-6930)

333 1281 295 63 Terhune,
662 1280 209 54 Albert
906 1281 257 65 Payson,
1199 1280 171 54 1872-

408 1359 1936 70 Water! By Albert Payson Terhune … New York and
338 1440 263 67 London,
625 1439 236 68 Harper
887 1440 48 50 &
958 1437 281 68 brothers,
1271 1440 151 51 1928.

445 1520 505 49 x p., 1 l., 318 p. 19½ᶜᵐ.
343 1590 52 52 ©
432 1594 123 40 Mar.
589 1594 39 46 1,
664 1593 118 40 1928;
842 1592 68 40 2c.
946 1592 112 41 Feb.
1093 1591 82 45 29;
1214 1591 84 41 aff.
1335 1593 122 39 Mar.
1492 1592 53 46 3;
1584 1592 41 39 A
1660 1591 229 48 1069049;
1928 1592 55 41 A.
2020 1594 51 40 P.
2108 1594 238 47 Terhune,

412 1651 237 47 Pompton
680 1650 171 47 Lakes,
883 1650 57 40 N.
972 1650 44 39 J.
1087 1648 253 49 (28-6522)

337 1746 245 62 Treacy,
617 1744 214 54 Gerald
868 1745 80 61 C.,
980 1745 83 52 ed.

415 1824 217 52 Father
678 1822 316 69 Shealy—a
1039 1821 231 67 tribute,
1313 1822 84 52 ed.
1443 1822 76 68 by
1563 1821 216 54 Gerald
1823 1821 62 55 C.
1930 1823 237 69 Treacy,
2245 1867 9 10 S.
2337 1867 9 10 J.

343 1904 145 51 Fort
524 1902 387 55 Wadsworth,
951 1902 69 51 N.
1062 1902 91 66 Y.,
1192 1901 209 52 Mount
1439 1901 286 68 Manresa,
1767 1901 151 54 1927.

408 1983 834 50 viii, 134 p. plates, ports. 20 ᶜᵐ.
344 2053 52 52 ©
432 2058 119 39 Nov.
585 2056 69 48 19,
688 2056 115 40 1927;
865 2056 69 40 2c.
968 2056 119 40 Nov.
1120 2055 83 46 25;
1241 2054 83 41 aff.
1359 2055 112 41 Dec.
1507 2055 82 47 12;
1627 2055 41 39 A
1701 2055 231 47 1010846;
1972 2056 53 41 G.
2063 2056 49 41 C.
2148 2056 199 48 Treacy,

418 2113 173 42 Staten
617 2114 183 47 Island,
828 2113 56 40 N.
912 2114 53 40 Y.

341 2208 266 62 Ubertis,
642 2208 258 55 Corinna
930 2208 237 52 Teresa.

414 2284 1932 72 Il glicine, par Térésah [ pseud.] Firenze, Italy, Società
341 2366 268 54 anonimo
636 2366 67 53 R.
733 2366 328 68 Bemporad
1088 2367 46 51 &
1158 2364 180 70 figlio,
1367 2367 150 51 1826.

409 2452 27 38 1
506 2483 8 9 v.

345 2517 2004 53 © Nov. 7, 1926; 1c. Feb. 8, 1927; A—Foreign 33965; Società anonimo
415 2579 56 40 R.
502 2579 275 47 Bemporad
807 2577 36 41 &
871 2577 147 48 figlio.

341 2673 74 53 U.
446 2672 59 54 S.
579 2673 185 57 Laws,
794 2677 257 61 statutes,
1082 2676 100 47 etc.

414 2751 214 53 United
662 2749 189 55 States
882 2748 156 54 Code
1064 2749 326 52 annotated.
1466 2748 122 52 The
1616 2748 136 53 code
1779 2747 65 54 of
1869 2748 97 53 the
1992 2750 141 52 laws
2160 2748 65 56 of
2251 2750 97 53 the

345 2825 2003 227 United States in force December 7, 1925, as enacted by Congress June 28 and approved June 30, 1926 … Title 28. Judicial code and judiciary. §§ 241 to 450. St. Paul, Minn.,
342 3063 160 54 West
550 3062 336 69 publishing
928 3080 310 50 company;
1286 3061 343 69 Northport,
1671 3062 166 69 Long
1878 3063 221 67 Island,
2140 3062 70 54 N.
2257 3063 91 67 Y.,

344 3143 256 52 Edward
630 3141 330 63 Thompson
992 3158 299 46 company,
1323 3142 149 50 1928.

414 3224 228 42 2 v. 24½ ᶜᵐ.
348 3296 141 48 §§241
518 3297 49 39 to
594 3295 99 47 370,
725 3291 52 52 ©
806 3295 111 40 Jan.
945 3295 40 46 3,
1014 3293 142 47 1928;
1190 3292 141 50 §§371
1360 3296 50 38 to
1437 3293 100 49 450,
1570 3290 52 52 ©
1652 3294 111 41 Jan.
1793 3295 51 45 7;
1876 3294 68 41 2c.
1973 3293 120 41 each
2124 3295 111 40 Feb.
2265 3295 82 46 18;

418 3353 109 40 affs.
560 3352 112 41 Feb.
703 3353 55 39 17;
819 3351 40 40 A
889 3351 217 47 1018854,
1138 3349 205 42 1018856;
1404 3351 139 41 West
1572 3351 110 48 pub.
1715 3361 82 38 co.,
1832 3351 37 40 &
1900 3352 214 40 Edward
416 3351 1920 99 Thompson
532 3420 68 30 co.

0 0 0 0 United States Code annotated. The code of the laws of the
486 3501 1858 70 United States in force December 7, 1925, as enacted by Congress June 28 and approved June 30, 1926 … Title 28. Judicial code and judiciary. §§ 451 to 720.
351 3581 384 69 [Cumulative
766 3583 211 51 annual
1006 3581 203 68 pocket
1240 3585 150 64 part,
1422 3579 150 55 1927.
1651 3579 82 56 St.
1762 3582 166 57 Paul,
1956 3581 205 68 Minn.,
2186 3581 163 55 West

343 3662 471 68 pub. co.] ᶜ19 28.
413 3745 27 39 7
476 3755 44 37 p.
579 3743 57 39 24½ᶜᵐ.

419 3814 119 40 This
562 3812 251 50 pamphlet
837 3813 42 40 is
904 3813 161 40 bound
1090 3813 52 40 in
1166 3813 84 41 the
1274 3812 123 41 back
1423 3812 52 41 of
1500 3812 82 42 the
1607 3813 192 40 volume
1826 3813 53 41 of
1904 3813 84 43 the
2013 3815 76 38 set
2114 3815 50 38 to
2191 3811 159 41 which

342 3873 40 39 it
415 3872 212 47 belongs.

348 3938 52 53 ©
433 3943 112 39 Feb.
576 3942 69 48 24,
679 3942 114 40 1928;
854 3942 68 41 2c.
954 3943 124 39 Mar.
1108 3942 55 39 12;
1226 3941 83 42 aff.
1343 3942 122 40 Mar.
1498 3940 57 41 10;
1616 3941 42 39 A
1688 3940 205 41 1068214;
1953 3942 139 39 West
2122 3940 110 49 pub.
2265 3950 83 38 co.,

419 4001 68 44 St.
514 4000 137 53 Paul,
680 4000 94 45 and
804 4001 212 44 Edward
1043 4000 279 49 Thompson
1348 4010 82 39 co.,
1458 3999 284 54 Northport,
1771 3999 51 46 L.
1852 4000 52 49 I.,
1933 3999 58 42 N.
2017 3999 43 42 Y.
