2498 4384
1060 4077 134 50 1955

132 415 573 64 Granville-Barker,
736 415 226 62 Harley
993 412 318 65 Granville,
1346 412 173 55 1877-

200 496 112 52 His
357 494 280 68 Majesty:
684 512 30 33 a
763 494 138 67 play
946 493 60 52 in
1054 491 134 53 four
1235 496 136 61 acts,
1417 490 75 68 by
1538 490 223 67 Harley
133 488 2000 137 Granville-Barker.
434 573 259 65 London,
724 570 294 70 Sidgwick
1046 572 46 50 &
1120 569 271 65 Jackson,
1420 567 123 67 ltd.,
1574 569 150 51 1928.

198 653 466 49 viii, 131 p. 19 ᶜᵐ .
132 704 2005 110 © 1c. Nov. 20, 1928; A ad int. 11978; pubd. Nov. 15; H. Granville-Barker,
440 766 216 48 Colyton,
697 765 316 49 Devonshire,
1052 764 237 49 England.
1367 761 281 51 (28-30547)

123 833 327 63 Hatschek,
484 832 174 64 Emil,
694 837 171 50 1868-

198 906 1938 75 The viscosity of liquids, by Emil Hatschek … London, G.
129 992 128 52 Bell
286 992 112 52 and
429 1009 146 50 sons,
603 991 124 68 ltd.,
757 992 151 51 1928.

133 1066 1985 103 xii, 239 p. illus., diagrs. 22½ ᶜᵐ . (Half-title: International textbooks
308 1128 52 40 of
387 1129 144 38 exact
558 1126 212 47 science)

202 1184 352 47 Bibliography
584 1185 51 38 at
665 1183 92 39 end
789 1182 51 40 of
871 1182 118 40 each
1021 1182 218 47 chapter.

131 1237 1987 109 © 1c. Nov. 30, 1928; A ad int. 11993; pubd. Oct. 2; E. Hatschek, London. (28-30427)
126 1362 319 65 Hayward,
482 1362 227 54 Walter
746 1362 272 64 Sumner,
1058 1366 171 50 1894-

198 1442 187 56 Chain
423 1448 207 62 stores;
670 1441 151 54 their
859 1447 402 63 management
1298 1442 113 52 and
1451 1440 316 69 operation,
1801 1440 77 70 by
1914 1439 224 54 Walter

130 1517 2008 73 S. Hayward … and Perci val White … with chapters by John
124 1596 1990 151 S. Fleek … 3d ed. New York [etc.] McGraw-Hill book company, inc., 1928.
197 1755 1139 51 xiii. 583 p. illus., diagrs. 21 ᶜᵐ . $5.00
128 1812 52 53 ©
205 1816 118 40 Nov.
348 1816 70 47 23,
444 1814 116 41 1928;
611 1815 68 40 2c.
704 1815 119 40 Nov.
848 1814 56 40 26;
960 1813 82 41 aff.
1068 1815 112 40 Dec.
1206 1814 27 38 5;
1287 1814 42 39 A
1350 1814 114 40 2041;
1522 1814 353 41 McGraw-Hill
1901 1815 126 40 book
2052 1826 83 37 co.,

195 1872 91 42 inc.
352 1871 282 50 (28-30422)

127 1937 434 53 International
593 1936 224 53 council
851 1936 64 52 of
946 1936 283 64 religious
1262 1935 332 55 education.

194 2016 120 52 The
340 2016 397 67 development
765 2014 64 53 of
855 2033 31 34 a
913 2014 348 53 curriculum
1285 2013 67 54 of
1377 2014 273 69 religious
1677 2016 302 51 education;
2038 2015 98 53 the

122 2095 208 68 origin,
367 2094 242 67 history,
647 2093 113 52 and
800 2111 247 50 purpose
1086 2092 64 53 of
1186 2093 97 52 the
1321 2093 425 52 International
1788 2093 348 53 curriculum

122 2171 66 54 of
224 2173 272 68 religious
536 2172 319 66 education,
893 2172 97 51 the
1030 2171 362 52 educational
1433 2171 313 68 principles
1786 2171 351 70 underlying

122 2251 64 66 it,
214 2251 113 52 and
356 2250 99 52 the
482 2268 272 50 program
783 2248 65 52 of
875 2249 160 52 work
1063 2249 251 67 adopted
1346 2248 93 53 for
1469 2249 74 52 its
1572 2249 405 66 construction,
122 2268 1989 130 prepared
327 2328 76 69 by

431 2328 96 53 the
554 2329 380 67 Department
965 2326 65 53 of
1056 2327 259 52 research
1346 2327 112 52 and
1488 2327 213 52 service
1730 2327 65 53 of
1822 2328 96 51 the
121 2328 1991 132 International
414 2407 220 52 council

669 2406 65 53 of
767 2406 272 69 religious
1075 2406 321 67 education,
1429 2407 149 51 Paul
1613 2406 77 52 H.
1726 2406 195 67 Vieth,
121 2407 1990 131 director.
306 2485 272 69 Chicago,

619 2485 122 52 The
781 2484 425 53 International
1249 2484 221 52 council
1510 2483 67 53 of
1617 2485 273 69 religious
120 2485 1990 146 education,
292 2566 151 51 1928.

194 2644 1623 52 58, [2] p., 1 l. 23 ᶜᵐ . (Its Research service bulletin no. 5)
192 2702 352 49 Bibliography:
606 2712 44 38 p.
702 2700 71 51 [60]

127 2755 52 53 ©
209 2761 127 39 June
362 2759 71 47 23,
464 2758 141 46 1928;
638 2759 67 40 2c.
737 2759 116 47 July
881 2758 54 47 3;
969 2758 82 42 aff.
1083 2759 117 47 July
1230 2759 54 46 2;
1317 2759 41 39 A
1389 2758 230 47 1083594;
1656 2759 242 39 Internati.
1946 2760 194 40 council

194 2816 52 40 of
274 2816 233 48 religious
536 2816 273 40 education.
879 2815 282 49 (28-30465)

119 2881 238 65 Jensen,
400 2882 163 52 Arne
604 2881 237 64 Sigurd.

190 2959 1885 71 The rural schools of Norway, by Arne Sigurd Jensen …
121 3039 235 66 Boston,
385 3039 194 67 Mass.,
610 3039 121 52 The
764 3037 302 56 Stratford
1099 3056 283 51 company
1464 3041 151 64 [ᶜ1928]

191 3121 624 48 5 p. l., 3-280 p. 20½ ᶜᵐ .
193 3179 189 40 “Norsk
445 3178 296 48 pedagogisk
804 3177 268 49 litteratur,
1140 3178 279 41 utarbeidet
1484 3189 61 29 av
1609 3179 294 40 bibliotekar
1968 3179 169 49 Ingrid

121 3235 1560 49 Heum … 1925”: p. 251-275; Bibliography: p. 276-280.
127 3289 52 53 ©
213 3294 118 40 Nov.
365 3293 70 42 26,
471 3293 114 41 1928;
648 3294 68 39 2c.
751 3294 118 39 Nov.
904 3294 57 40 27;
1025 3293 82 41 aff.
1145 3295 114 39 Dec.
1293 3295 27 38 4;
1386 3295 41 38 A
1461 3294 85 40 963;
1615 3293 251 42 Stratford
1902 3306 67 28 co.,
193 3295 1924 95 publishers.
453 3349 281 49 (28-30229)

121 3416 256 64 Kinyon,
405 3418 140 52 Mrs.
576 3416 156 53 Kate
761 3417 263 53 Pamelia
1061 3416 355 65 (Woodard)
1458 3421 171 50 1881-

194 3495 1939 71 Junior food and clothing, by Kate W. Kinyon … and L.
122 3573 1988 149 Thomas Hopkins … drawings by Dorothy Kittenhouse Morgan.
331 3652 272 70 Chicago,
636 3653 139 53 New
810 3653 164 53 York
1030 3659 120 61 [etc.]
1191 3655 70 53 B.
1292 3653 78 54 H.
1407 3652 263 56 Sanborn
1703 3655 47 51 &
1779 3672 99 51 co.,
1911 3656 151 52 1928.

190 3734 1190 49 xiii, 137 p. illus., col. plates, diagrs. 18 ᶜᵐ .
195 3791 272 48 “Designed
499 3791 80 39 for
608 3794 196 45 general
835 3802 85 30 use
951 3802 54 30 as
1037 3803 27 29 a
1099 3792 250 40 text-book
1377 3792 51 40 in
1457 3792 166 48 junior
1652 3793 117 48 high
1801 3794 162 40 school
1995 3795 142 39 home

121 3847 507 42 economics.”—Pref.

194 3905 248 41 “Selected
471 3905 303 41 references”
804 3908 52 37 at
883 3907 92 39 end
1004 3905 52 41 of
1082 3907 120 39 each
1230 3905 123 41 unit.

128 3957 52 54 ©
209 3963 113 42 Dec.
350 3963 40 49 3,
420 3962 116 43 1928;
592 3963 68 42 2c.
690 3965 96 39 and
815 3963 83 42 aff.
928 3964 113 41 Dec.
1071 3964 26 40 5;
1156 3964 40 39 A
1224 3963 118 42 2039;
1400 3964 141 49 Benj.
1571 3965 61 41 H.
1667 3965 220 42 Sanborn
1916 3965 36 41 &
1983 3975 67 31 co.

204 4020 282 49 (28-30445)
