2498 4384
1327 4130 135 52 1082

370 552 273 68 designed
685 552 114 53 and
840 551 327 54 illustrated
1206 551 79 69 by
1324 550 258 69 Maginel
1622 550 238 69 Wright
1902 551 249 69 Barney.
2230 549 139 55 New

370 628 166 54 York
560 629 113 53 and
698 628 261 69 London,
984 629 235 69 Harper
1245 631 46 51 &
1315 629 280 68 brothers,
1622 631 150 51 1928.

440 710 669 49 4-61 p. col. illus. 26 ᶜᵐ .
442 768 290 41 Illustrated
758 767 366 51 lining-papers.

444 825 235 42 Contains
704 825 170 41 music.

442 881 347 50 Biographical
817 883 169 40 record
1013 882 137 43 book.

378 935 53 53 ©
458 941 116 46 July
598 940 70 48 20,
695 940 118 40 1928
828 951 8 36 ;
864 941 69 39 2c.
961 941 115 47 July
1101 940 83 47 20;
1215 940 83 41 aff.
1325 941 116 47 July
1466 941 84 48 28;
1579 940 42 40 A
1647 940 229 48 1082647;
1907 941 196 48 Harper
2129 940 37 41 &
2191 940 127 40 bros.

456 996 282 49 (28-18025)

373 1075 197 64 Bedel,
604 1075 281 64 Maurice,
922 1080 172 50 1884-

437 1155 257 67 Jerome;
737 1172 81 51 or,
856 1155 122 54 The
1014 1155 246 54 latitude
1299 1154 66 54 of
1399 1156 143 67 love,
1578 1155 77 69 by
1692 1155 258 53 Maurice
1987 1154 197 69 Bedel,
367 1153 1986 134 Goncourt

574 1233 158 68 prize
774 1231 185 71 novel,
1001 1233 321 54 translated
1363 1233 77 70 by
1480 1234 304 53 Lawrence
1831 1232 57 56 S.
1932 1233 230 54 Morris.
2238 1233 138 53 New

368 1311 182 69 York,
579 1312 121 53 The
727 1311 223 70 Viking
978 1329 176 51 press,
1184 1314 152 51 1928.

437 1395 530 48 4 p. l., 264 p. 20 ᶜᵐ .
379 1448 53 53 ©
462 1453 127 39 June
616 1452 69 47 25,
716 1451 116 40 1928
848 1463 8 36 ;
887 1452 68 41 2c.
983 1452 96 39 and
1109 1450 83 42 aff.
1221 1452 118 47 July
1368 1451 52 48 6;
1451 1451 43 40 A
1521 1451 231 48 1082395;
1784 1451 182 49 Viking
1992 1463 151 37 press,
2172 1452 92 40 inc.

459 1505 282 53 (28-18285)

370 1589 271 64 Billings,
672 1589 313 54 Sherrard.

442 1667 179 56 Talks
652 1673 61 47 to
747 1668 139 67 boys
921 1667 61 53 in
1017 1668 98 52 the
1147 1668 202 67 chapel
1383 1666 66 54 of
1481 1667 224 55 Groton
1738 1667 210 68 school,
1979 1667 77 69 by
2096 1666 284 57 Sherrard

370 1745 1985 148 Billings … Boston and New York, Houghton Mifflin company, 1928.
444 1906 661 49 5 p. l., 175, [ 1] p. 18½ ᶜᵐ .
383 1959 53 53 ©
470 1965 116 47 July
616 1964 69 47 13,
718 1963 141 47 1928;
893 1964 69 41 2c.
994 1965 96 39 and
1122 1963 82 42 aff.
1239 1965 116 46 July
1387 1963 81 47 16;
1503 1963 43 40 A
1576 1963 230 48 1082522;
1845 1963 45 41 S.
1923 1962 224 49 Billings,
2182 1963 197 48 Groton,

452 2022 147 40 Mass.
670 2020 256 49 (28-18163
937 2023 15 48 )

377 2101 203 64 Blake,
615 2102 235 64 Stacey.

373 2177 1985 148 City of conflict, by Stacey Blake … London, J. Long, limited [ ᶜ192 8]
443 2339 1011 50 2 p. l., ix-xi p., 1 l., 15-286 p. 19½ ᶜᵐ .
385 2394 1994 52 © 1c. June 22, 1928; A ad int. 11304; pubd. Apr. 27; John Long, ltd.,
453 2455 213 41 London.
736 2454 255 49 (28-18577
1001 2453 15 48 )

375 2534 235 63 Brown,
642 2533 257 55 William
928 2533 286 63 Norman,
1250 2536 169 50 1892-

447 2612 120 53 The
596 2611 214 53 Indian
840 2612 112 52 and
982 2610 298 55 Christian
1307 2611 261 53 miracles
1595 2609 66 55 of
1685 2610 255 70 walking
1965 2630 73 33 on
2065 2611 98 52 the
2189 2616 195 62 water,

374 2687 2009 72 by William Norman Brown … Chicago, London, The Open
376 2773 163 48 court
565 2767 337 69 publishing
933 2785 297 51 company,
1263 2769 150 51 1928.

448 2850 808 51 6 p. l., [3]-76 p. front. 23 ᶜᵐ .
388 2904 53 53 ©
468 2910 128 39 June
620 2908 69 47 12,
716 2907 141 47 1928;
885 2908 68 40 2c.
980 2908 127 39 June
1132 2907 83 47 18;
1245 2905 83 42 aff.
1354 2907 130 39 June
1505 2905 85 49 20;
1619 2906 42 40 A
1687 2906 229 49 1077921;
1948 2907 135 49 Open
2108 2909 141 39 court
2274 2908 109 48 pub.

457 2975 67 31 co.
595 2965 258 49 (28-18228
862 2965 14 49 )

379 3031 209 63 Bruce,
622 3030 231 54 Gustav
883 3028 247 54 Marius.

455 3106 1928 70 Luther as an educator, by Gustav Marius Bruce … with an
384 3184 2000 72 introduction by Hans Gerhard Stub … Minneapolis, Minn.,
383 3264 315 69 Augsburg
723 3262 336 70 publishing
1085 3264 193 68 house,
1307 3266 152 51 1928.

456 3344 1011 49 2 p. l., 9-318 p. front, (port.) 20 ᶜᵐ .
457 3401 351 48 Bibliography:
864 3413 44 37 p.
935 3400 218 42 300-312.

391 3455 53 53 ©
472 3460 117 47 July
615 3460 68 46 12,
712 3458 141 48 1928;
882 3460 68 40 2c.
978 3459 95 39 and
1100 3458 82 42 aff.
1212 3459 116 48 July
1355 3459 82 47 16;
1467 3459 44 39 A
1536 3459 229 48 1083254;
1796 3461 259 48 Augsburg
2082 3462 108 48 pub.
2220 3462 164 41 house.

470 3515 281 49 (28-18100)

382 3580 219 62 Brune,
633 3580 260 54 Herbert
925 3581 289 63 Maxwell,
1248 3582 70 69 jr.

453 3658 194 53 Motor
683 3659 217 53 vehicle
936 3660 110 52 law
1084 3659 65 53 of
1183 3660 331 69 Maryland,
1548 3662 77 66 by
1659 3661 252 53 Herbert
1947 3662 79 52 M.
2066 3663 212 67 Brune,
2313 3662 71 70 jr.

448 3737 1939 69 … including all reported cases and latest revised text of
384 3819 258 63 statutes,
698 3814 335 54 ordinances
1088 3816 112 52 and
1257 3816 367 68 regulations.
1717 3817 335 68 Baltimore,
2106 3817 81 54 M.
383 3816 1979 143 Curlander,

632 3895 150 50 1928.

456 3974 733 51 1 p. l., v-xiii, 439 p. 22 ᶜᵐ .
458 4032 254 40 “Includes
748 4034 258 46 Maryland
1041 4033 240 40 decisions
1314 4032 255 49 published
1605 4033 51 40 in
1691 4035 83 39 the
1805 4034 174 40 official
2015 4036 191 46 reports
2239 4045 64 38 up
2336 4036 51 38 to
