2498 4384
1273 4094 103 55 222

311 445 322 64 Schickele,
668 448 179 62 René,
886 451 172 49 1883-

383 525 190 53 Maria
617 525 283 68 Capponi,
939 526 125 52 René
1138 525 311 69 Schickele,
1487 525 318 53 translated
1847 524 154 54 from
2039 525 98 54 the
313 525 1979 131 German

475 603 75 69 by
579 604 256 52 Hannah
861 604 235 54 Waller.
1172 604 139 52 New
1341 604 164 53 York
1531 606 44 50 &
1602 604 260 67 London,
1891 603 70 53 A.
1989 603 72 53 A.
2090 603 228 69 Knopf,

315 685 151 50 1928.

384 765 769 49 4 p. l., 3-332 p., 1 l. 21½ᶜᵐ.
385 837 252 49 “Original
666 837 136 41 title:
834 838 103 39 Das
965 838 111 40 erbe
1107 848 78 29 am
1214 837 174 40 Rhein,
1472 871 7 8 I.
1512 837 159 40 Maria
1705 834 260 51 Capponi.”

317 890 52 52 ©
399 894 112 42 Feb.
539 896 68 47 17,
636 893 141 48 1928;
806 895 69 41 2c.
904 895 110 41 Feb.
1042 894 83 41 23:
1156 893 83 42 aff.
1269 894 111 41 Feb.
1408 895 84 47 25;
1524 895 39 38 A
1591 893 231 47 1061928;
1855 893 171 40 Alfred
2057 894 54 40 A.
2140 893 180 48 Knopf,

384 952 93 41 inc.
548 951 252 49 (28-6082)

310 1060 224 63 Scholz,
566 1061 193 64 Hugo,
792 1064 172 49 1896-

385 1139 112 53 Die
540 1138 237 67 dörfler;
824 1138 301 54 menschen
1170 1139 119 53 und
1335 1138 247 53 brauche
1628 1157 100 35 aus
1775 1139 128 52 dem
1950 1136 376 55 schlesischen

314 1215 2005 71 bergland, von Hugo Scholz. Breslau, Bergstadtverlag [ c 1926]
384 1297 336 50 205 p. 19 ᶜᵐ .
317 1367 2005 52 © Dec. 31, 1926; 1c. Nov. 8, 1927; A —Foreign 36455; Bergstadtverlag.
397 1427 253 49 (28-6348)

311 1520 431 66 Shakespeare,
775 1522 275 64 William,
1087 1526 326 50 1564-1616.

446 1598 1879 72 … The life and death of King John; edited by Stanley T.
313 1678 305 55 Williams.
695 1679 139 53 New
878 1678 226 68 Haven,
1151 1679 147 53 Yale
1342 1678 320 70 university
1708 1697 185 50 press;
1941 1678 263 66 London,
2247 1677 76 52 H.

313 1756 268 68 Milford,
611 1756 232 55 Oxford
871 1756 321 70 university
1220 1775 177 50 press,
1427 1757 152 54 1927.

382 1838 1821 51 4 p. l., 144 p. illus. (facsim.) 17½ᶜᵐ. (The Yale Shakespeare)
383 1911 135 40 With
549 1910 244 41 facsimile
824 1911 51 40 of
906 1912 82 39 the
1021 1913 98 46 t.-p.
1151 1910 52 41 of
1234 1912 82 39 the
1347 1910 323 41 Elizabethan
1700 1910 110 41 club
1841 1920 119 39 copy
1992 1909 52 42 of
2076 1911 83 40 the
2192 1910 130 40 third

312 1967 201 42 edition.

385 2024 348 49 “Suggestions
761 2024 81 40 for
871 2024 255 40 collateral
1157 2023 260 49 reading”:
1449 2034 30 38 p.
1524 2024 115 49 [132]

319 2089 52 52 ©
399 2094 120 39 Nov.
545 2095 69 45 11,
642 2093 141 47 1927;
813 2093 66 41 2c.
906 2094 119 44 Nov.
1052 2094 83 46 18;
1165 2092 85 42 aff.
1277 2093 119 41 Nov.
1423 2093 83 47 15;
1535 2093 41 39 A
1603 2092 231 48 1018160;
1865 2094 119 39 Yale
2013 2092 132 41 univ.
2174 2103 151 38 press.

391 2147 70 53 [©
493 2150 199 49 editing,
726 2153 151 45 notes,
912 2150 291 48 appendices
1236 2151 96 39 and
1364 2150 162 50 index]
1599 2149 223 50 (28-938)

449 2243 1875 70 … Venus and Adonis, Lucrece, and the minor poems, edited
314 2322 76 71 by
440 2323 207 53 Albert
697 2323 333 58 Feuillerat.
1105 2323 142 52 New
1295 2323 227 67 Haven,
1571 2322 147 54 Yale
1766 2322 322 70 university
2141 2342 184 50 press;

316 2402 260 68 London,
604 2402 78 53 H.
711 2402 269 68 Milford,
1009 2401 232 55 Oxford
1270 2401 321 69 university
1618 2420 175 50 press,
1823 2401 151 55 1927.

385 2484 1606 52 3 p. l., 198 p. facsim. 17½ᶜᵐ. (The Yale Shakespeare)
385 2557 139 44 With
553 2556 246 41 facsimile
832 2557 51 40 of
915 2559 98 46 t.-p.
1044 2556 52 40 of
1126 2557 82 40 the
1243 2555 323 41 Elizabethan
1595 2556 110 40 club
1737 2567 118 37 copy
1888 2556 53 40 of
1973 2557 83 39 the
2088 2566 112 30 rare
316 2567 1993 88 second
439 2614 199 41 edition.

389 2670 348 50 “Suggestions
768 2670 81 40 for
880 2671 254 39 collateral
1168 2668 259 50 reading”:
1461 2680 44 38 p.
1540 2668 249 50 [191]-192.

322 2737 52 52 ©
401 2741 120 40 Nov.
548 2742 67 46 11,
644 2740 140 47 1927;
814 2741 68 39 2c.
908 2741 120 39 Nov.
1055 2739 81 47 18;
1166 2738 84 41 aff.
1278 2739 118 40 Nov.
1424 2739 82 46 15;
1536 2739 41 39 A
1605 2739 230 47 1018161;
1866 2740 120 40 Yale
2015 2740 131 41 univ.
2174 2751 151 37 press.

396 2794 70 54 [©
502 2798 198 47 editing,
736 2800 153 45 notes,
926 2797 290 47 appendices
1255 2796 36 40 &
1326 2796 161 48 index]
1563 2796 252 49 (28-1159)

315 2892 209 63 Silver,
554 2890 289 55 Maxwell.

388 2970 222 54 Justice
634 2971 115 52 and
772 2970 268 54 Judaism
1066 2970 60 51 in
1149 2969 98 53 the
1270 2969 152 68 light
1446 2968 65 53 of
1532 2970 193 67 today,
1748 2969 76 69 by
1844 2970 273 53 Maxwell
2143 2969 188 54 Silver

381 3046 1320 70 … New York, Bloch publishing co., 1928.
388 3132 508 48 3 p. l., 73 p. 21½ ᶜᵐ .
325 3200 52 52 ©
412 3204 110 40 Jan.
555 3204 70 40 24,
659 3202 141 42 1928;
837 3203 67 40 2c.
940 3203 111 40 Feb.
1086 3204 82 45 11;
1205 3201 82 41 aff.
1324 3202 111 40 Feb.
1470 3201 26 40 9
1514 3212 9 36 ;
1560 3202 40 39 A
1635 3200 229 48 1061824;
1903 3203 62 40 M.
2004 3202 171 42 Silver.
2210 3203 118 39 New

391 3261 146 39 York.
608 3259 252 49 (28-5994)

316 3354 216 63 Smith,
566 3354 259 53 Thomas
857 3354 241 62 Robert,
1134 3357 172 49 1880-
1484 3354 82 52 ed.

392 3433 234 53 Poetica
669 3433 239 64 erotica;
954 3451 31 33 a
1027 3431 299 53 collection
1367 3430 65 53 of
1474 3449 127 34 rare
1643 3431 114 52 and
1799 3431 226 54 curious
2070 3437 261 63 amatory

322 3508 1982 134 verse, edited by T. R. Smith … New York, Pub. for subscribers
588 3588 135 68 only
748 3588 75 68 by
853 3587 149 53 Boni
1031 3588 114 52 and
1170 3587 323 69 Liveright,
1521 3586 152 55 1927.

393 3671 27 39 2
484 3703 9 9 v.
552 3669 56 41 23
611 3672 45 21 ᶜᵐ
661 3701 9 10 .

396 3741 163 46 Paged
587 3739 356 47 continuously.

397 3797 147 40 “This
568 3797 136 40 work
729 3796 42 40 is
795 3796 190 40 limited
1009 3798 50 38 to
1084 3797 175 39 twelve
1284 3796 223 40 hundred
1534 3797 96 39 and
1655 3796 112 47 fifty
1793 3798 114 46 sets,
1935 3798 265 40 numbered
2228 3798 26 39 1
2282 3800 48 38 to

324 3852 144 49 1,250,
495 3854 95 39 and
615 3853 112 47 fifty
752 3855 99 38 sets
876 3855 86 38 not
984 3853 80 39 for
1089 3854 116 39 sale.
1266 3863 76 30 no.
1368 3852 130 42 973.”

326 3920 50 52 ©
409 3925 111 40 Dec.
550 3925 69 46 28,
651 3924 140 46 1927;
823 3924 68 40 2c.
922 3924 118 40 each
1071 3924 110 40 Jan.
1211 3923 70 49 12,
1313 3923 141 47 1928;
1488 3923 81 40 aff.
1602 3924 112 40 Dec.
1745 3925 68 46 31,
1846 3924 141 47 1927;
2021 3925 42 39 A
2094 3925 230 46 1018338;

394 3981 125 41 Boni
545 3981 36 41 &
607 3981 265 49 Liveright,
901 3981 90 40 inc.
1068 3977 52 53 [©
1149 3980 274 42 additional
1452 3980 225 43 material
1707 3981 96 43 and
1832 3981 238 47 revisions
393 3981 1915 101 throughout
510 4039 137 52 book]
720 4038 252 50 (28-6014)
