2498 4384
1299 4046 136 51 1812

372 383 371 64 Crittenden,
777 382 212 54 Albert
1022 382 322 64 Robinson,
1383 381 172 55 1867-
1770 381 84 54 ed.

447 462 293 68 Readings
768 461 61 52 in
858 461 225 52 Roman
1110 461 130 66 law,
1270 460 191 53 edited
1490 459 143 52 with
1663 478 73 33 an
1764 457 412 68 introduction,

377 462 2006 146 notes, and glossary, by Albert R. Crittenden … Yellow Springs,
376 615 943 70 O., The Antioch press [ ᶜ19 28]
447 697 661 50 5 p. l., [3]-130, [8] p. 23½ᶜᵐ.
448 755 122 39 Part
629 785 8 17 I,
674 754 254 48 composed
966 753 210 48 entirely
1212 753 53 40 of
1301 752 259 41 selections
1596 752 128 40 from
1764 753 81 39 the
1884 751 264 41 Institutes
2185 751 52 40 of
378 752 1989 99 Justinian;

376 809 1991 98 pt. II includes a complete presentation of the subject of contracts in
637 867 190 40 Roman
850 868 111 40 law.
1022 868 62 48 cf.
1114 866 134 41 Pref.

450 923 134 41 “List
609 924 52 40 of
685 924 206 40 authors
914 924 97 39 and
1037 924 163 40 works
1223 922 158 42 cited”:
1438 934 44 37 p.
1509 922 101 42 125.

379 977 53 52 ©
463 981 129 48 Sept.
619 982 69 47 17,
716 981 116 41 1928;
887 982 69 40 2c.
987 981 129 48 Sept.
1144 981 59 40 20;
1259 980 83 42 aff.
1371 980 104 42 Oct.
1504 981 54 39 12;
1615 981 42 39 A
1685 980 114 40 1212;
1858 980 211 41 Antioch
2097 991 138 38 press
2264 990 69 31 co.

458 1037 282 50 (28-28383)

368 1132 297 64 Crowder,
702 1131 276 66 William,
1019 1136 172 50 1882-

442 1209 56 52 A
540 1208 311 54 naturalist
893 1214 61 47 at
995 1209 97 53 the
1135 1209 280 68 seashore,
1455 1210 78 69 by
1572 1209 262 55 William
1881 1208 301 69 Crowder;
372 1208 1991 132 illustrated

600 1287 76 69 by
714 1287 95 53 the
849 1287 223 53 author.
1148 1287 141 53 New
1330 1287 181 69 York,
1548 1288 262 68 London,
1848 1288 122 52 The
2009 1286 259 60 Century
2307 1305 79 36 co.

377 1367 196 66 [ ᶜ19 28 ]
440 1447 1639 49 xiii, 384 p. col. front., plates (part col.) 24½ ᶜᵐ. $10.00
442 1505 204 41 Colored
681 1506 160 47 plates
876 1504 344 48 accompanied
1255 1506 63 47 by
1350 1506 157 47 guard
1542 1506 164 39 sheets
1739 1505 121 40 with
1894 1505 294 48 descriptive
2222 1506 163 40 letter-

369 1572 152 38 press.

443 1618 129 40 “The
605 1618 157 40 entire
795 1617 165 41 action
992 1618 52 40 of
1075 1617 100 41 this
1204 1618 126 40 book
1360 1617 142 40 takes
1533 1618 136 47 place
1702 1618 146 47 along
1878 1619 85 39 the
1994 1618 144 40 shore
2171 1618 52 41 of
2253 1618 134 48 Long

371 1674 169 40 Island
574 1674 178 47 Sound,
782 1674 51 39 in
862 1675 82 39 the
974 1674 208 48 vicinity
1210 1674 53 40 of
1293 1674 122 40 Glen
1445 1673 140 48 Cove,
1617 1673 51 41 L.
1699 1673 410 42 I.”—Foreword.

377 1727 54 52 ©
460 1730 102 42 Oct.
589 1731 70 47 26,
687 1731 115 40 1928;
857 1732 69 40 2c.
954 1732 96 39 and
1078 1730 83 41 aff.
1188 1731 122 40 Nov.
1337 1730 28 40 6;
1420 1730 42 39 A
1488 1730 114 40 1531;
1663 1729 217 49 Century
1906 1740 69 31 co.

457 1787 282 49 (28-27881)

367 1881 294 64 Dearden,
697 1881 243 55 Harold.

443 1959 83 53 At
555 1960 98 53 the
680 1960 250 69 banquet
959 1960 65 53 of
1053 1964 278 49 nature—

455 2042 83 50 (In
571 2038 203 45 London
809 2039 204 53 Sunday
1047 2038 258 54 dispatch)

377 2095 1857 53 © 1c. Dec. 11, 1928; A ad int. 12050; pubd. Oct. 14; H. Dearden,
446 2101 1924 96 London.

370 2249 288 66 Deeping,
690 2251 314 56 Warwick.

438 2330 240 71 Roper’s
711 2350 135 35 row.
928 2331 367 69 [Instalment
1323 2334 51 66 4]

455 2413 84 49 (In
567 2410 253 44 Woman’s
852 2410 201 52 journal
1084 2411 280 53 magazine,
1397 2411 142 53 Nov.,
1573 2411 145 52 1928)

377 2467 1507 54 © 1c. Dec. 12, 1928; A ad int. 12058; pubd. Oct. 15;
1921 2472 186 51 George
2140 2474 247 41 Warwick

446 2528 231 49 Deeping,
707 2528 305 50 Weybridge,
1044 2528 196 50 Surrey,
1271 2530 239 49 England.

373 2607 264 70 [Dicken,
665 2609 142 55 Mrs.
835 2609 165 55 Alice
1026 2610 193 69 Mary]
1256 2615 172 51 1885-

441 2688 1948 74 The desert flower, by Thora Sto well [pseud.] … New York,
370 2766 70 56 G.
472 2767 79 53 H.
582 2767 182 68 Watt,
798 2770 152 51 1928.

436 2850 90 41 318
544 2861 59 38 p.,
625 2850 78 41 11.
763 2850 56 41 19½ᶜᵐ.

376 2903 54 52 ©
459 2907 119 48 July
603 2907 70 48 15,
701 2907 143 48 1928;
873 2909 68 40 2c.
972 2908 102 42 Oct.
1102 2909 83 47 26;
1218 2908 83 42 aff.
1331 2909 103 41 Oct.
1463 2909 83 48 25;
1577 2911 42 39 A
1647 2911 112 47 593;
1792 2911 54 42 G.
1875 2912 219 40 Howard
2124 2913 151 41 Watt.

455 2963 283 50 (28-27812)

369 3041 215 65 Digest
612 3044 64 54 of
701 3045 97 53 the
824 3045 219 54 United
1074 3046 192 55 States
1295 3047 278 70 Supreme
1599 3055 164 48 court
1786 3055 242 69 reports,
2052 3051 77 56 U.
2159 3051 57 57 S.
2244 3052 140 53 vols.

442 3121 187 55 1-274.
705 3124 64 54 L.
799 3125 85 53 ed.
912 3124 177 55 books
1120 3125 150 53 1-71.
1351 3126 138 69 Sup.
1519 3133 70 49 ct.
1619 3147 117 50 rep.
1767 3128 151 55 1-47.
1982 3149 51 34 v.
2066 3133 46 50 6.
2141 3130 244 55 Indians

440 3204 61 48 to
527 3200 218 53 Notice.
809 3201 328 68 Rochester,
1163 3203 71 53 N.
1265 3204 91 68 Y.,
1383 3205 123 53 The
1531 3205 271 69 Lawyers
1829 3208 386 67 co-operative
441 3206 1919 141 publishing
690 3296 301 52 company,
1026 3282 150 52 1928.

442 3360 1004 52 1 l., 3687-4618 p. front. (port.) 24½ᶜᵐ.
375 3412 54 52 ©
454 3417 120 40 Nov.
599 3418 41 47 7,
666 3416 142 47 1928;
835 3418 70 40 2c.
930 3418 121 42 Nov.
1076 3419 83 47 10;
1188 3420 84 42 aff.
1299 3421 119 42 Nov.
1445 3422 55 40 15;
1557 3423 42 39 A
1625 3424 141 47 1789;
1796 3424 233 48 Lawyers
2057 3426 325 47 co-operative

443 3473 112 48 pub.
582 3484 69 30 co.

367 3551 246 65 Draffin,
641 3552 216 65 Jasper
883 3555 199 64 Owen,
1113 3562 173 49 1884-

440 3628 1941 78 Strength of materials, by Jasper Owen Draffin … New
367 3706 182 69 York,
584 3707 57 54 J.
677 3708 192 70 Wiley
902 3712 47 51 &
983 3729 148 50 sons,
1164 3713 109 53 inc.;
1342 3715 260 69 London,
1640 3717 304 69 Chapman
1977 3722 46 50 &
2058 3720 163 68 Hall,
365 3722 1992 131 limited,
542 3788 151 51 1928.

435 3869 1858 59 2 p. l., iii-vii, 275 p. front. (port.) illus., diagrs. 23½ ᶜᵐ. $3.00
374 3920 54 52 ©
455 3924 103 42 Oct.
583 3925 70 47 31,
680 3926 141 48 1928;
848 3929 69 40 2c.
944 3929 119 41 Nov.
1089 3930 83 48 10;
1202 3931 84 41 aff.
1312 3933 119 41 Nov.
1459 3934 53 47 8;
1540 3935 42 39 A
1608 3935 142 48 1611;
1781 3936 43 41 J.
1854 3937 54 40 O.
1935 3937 201 49 Draffin,
2165 3940 213 46 Urbana,

443 3981 77 42 Ill.
587 3982 283 52 (28-27889)
