2498 4384
0 0 0 0 399
107 496 198 51 unteer
330 498 322 47 movement
679 491 94 54 for
799 491 229 69 foreign
1055 488 238 55 mission
1317 489 77 70 by
1422 489 95 54 the
1543 488 351 70 Missionary

107 485 1986 142 education
258 574 322 49 movement
610 568 64 54 of
703 570 94 53 the
828 569 220 55 United
1081 567 191 55 States
1303 568 113 52 and
1450 566 238 56 Canada
1835 565 66 56 [ᶜ1927]

178 643 1775 60 xviii p., 1 l., 149 p. 19½ ᶜᵐ. (Christian voices around the world)
111 703 2010 59 © Nov. 11, 1927; 2c. and aff. Mar. 8, 1928; A 1069169; John A. Murray,
178 767 75 48 jr.,
284 767 118 40 New
432 766 146 42 York.
652 764 252 52 (28-8086)

107 841 1993 141 … Voices from the Near East; chapters by a group of nationals
360 925 388 69 interpreting
788 925 94 52 the
927 923 299 57 Christian
1268 929 340 63 movement,
1651 924 314 55 assembled
2011 925 113 54 and

107 998 1994 140 edited by Milton Stauffer … New York, Pub. for the Student
272 1080 296 54 volunteer
595 1085 321 49 movement
946 1080 94 53 for
1072 1080 230 70 foreign
1333 1080 265 55 missions
1626 1082 76 69 by
1731 1082 97 53 the
108 1076 1994 156 Missionary

257 1158 302 54 education
603 1163 321 49 movement
968 1158 65 54 of
1076 1159 97 54 the
1217 1159 220 54 United
1486 1158 190 57 States
1724 1159 115 56 and
1888 1160 238 55 Canada

222 1235 85 68 [ᶜ19 27 ]
178 1317 104 50 xiii,
312 1318 84 40 141
426 1329 43 38 p.
530 1318 56 41 19½ᶜᵐ.
747 1318 278 48 (Christian
1057 1318 160 42 voices
1248 1321 188 40 around
1467 1321 82 42 the
1578 1321 179 47 world)

111 1371 2012 57 © Oct. 10, 1927; 2c. and aff. Mar. 8, 1928; A 1069168; John A. Murray,
179 1434 75 47 jr.,
286 1434 120 40 New
438 1434 144 40 York.
655 1433 254 50 (28-8085)

105 1512 279 65 Stewart,
422 1514 245 65 George,
707 1518 171 49 1892-

109 1590 1991 155 The resurrection in our street, by George Stewart … Garden City, N. Y., Doubleday, Doran & company, inc., 1928.
179 1752 406 49 viii, 124 p. 20 ᶜᵐ.
112 1806 52 53 ©
197 1811 110 41 Feb.
337 1811 69 48 30,
437 1811 142 42 1928;
610 1811 68 43 2c.
708 1813 96 40 and
835 1812 82 42 aff.
948 1813 124 43 Mar.
1103 1814 82 47 12;
1218 1814 43 39 A
1291 1814 230 48 1068418;
1555 1816 302 50 Doubleday,
1891 1818 167 40 Doran
2089 1822 38 41 &

181 1879 82 37 co.,
292 1868 92 41 inc.
456 1868 252 50 (28-8153)

108 1932 235 64 Stuber,
375 1934 248 64 Stanley
652 1935 224 65 Irving,
911 1940 173 50 1903-

179 2012 120 54 The
329 2012 188 71 living
546 2017 178 51 water;
786 2033 72 34 an
889 2015 443 68 interpretation
1366 2015 64 54 of
1459 2018 96 53 the
1587 2018 244 70 religion
1863 2019 65 53 of
1956 2021 169 54 Jesus

113 2090 2009 77 in modern terms [by] Stanley Irving Stuber … New York,
110 2168 362 56 Association
503 2189 176 51 press,
711 2174 153 51 1928.

180 2252 439 50 6 p. l., 71 p. 19 ᶜᵐ.
180 2311 186 41 Poems.

113 2364 52 53 ©
197 2368 111 42 Feb.
337 2368 69 49 28,
438 2368 142 48 1928;
611 2370 68 42 2c.
708 2371 96 40 and
835 2370 83 42 aff.
950 2371 112 42 Feb.
1092 2373 83 40 29:
1208 2373 41 39 A
1279 2373 205 42 1068065;
1547 2375 44 42 S.
1626 2377 35 40 I.
1696 2376 190 43 Stuber.
185 2373 1924 106 Rochester,
301 2427 56 41 N.
388 2427 54 40 Y.
514 2427 253 49 (28-8156)

108 2492 210 64 Tracy,
345 2494 140 53 Mrs.
516 2493 149 55 Jane
694 2494 177 64 Allyn
909 2495 245 66 (Foote)
1194 2496 173 54 1857-

186 2571 102 56 See
320 2571 176 54 India
527 2573 142 53 with
700 2592 106 49 me,
837 2573 78 69 by
946 2575 151 54 Jane
1127 2575 71 53 A.
1234 2577 205 69 Tracy.
1511 2579 237 68 Boston,
1779 2579 194 69 Mass.,
2006 2580 125 55 The

115 2647 301 58 Stratford
452 2668 299 52 company,
789 2655 151 51 1928.

182 2732 1012 52 5 p. l., 238 p. plates, fold. map. 20½ ᶜᵐ.
114 2785 52 52 ©
194 2789 111 42 Feb.
330 2789 70 48 28,
428 2791 55 39 1928;
598 2792 67 40 2c.
694 2792 110 40 Feb.
832 2792 82 43 29;
944 2791 82 42 aff.
1056 2794 122 41 Mar.
1205 2795 55 46 3;
1289 2795 41 39 A
1357 2794 231 48 1069053;
1621 2797 253 42 Stratford
1903 2812 81 30 co.,
184 2796 1926 96 publishers.
448 2847 253 51 (28-8147)

109 2912 279 64 Traeger,
421 2913 63 52 L.

182 2990 508 72 Anlassvorgänge
723 2994 59 52 in
816 2995 477 70 abgeschreckten
1325 2998 592 56 kohlenstoffstählen.
114 2998 1993 139 Berlin,

239 3069 71 55 V.
340 3071 70 51 D.
440 3070 48 52 I.
517 3070 216 71 verlag,
760 3091 53 50 g.
842 3092 73 34 m.
942 3073 52 53 b.
1023 3073 74 70 h.,
1127 3074 153 55 1927.

180 3151 449 50 2 p. l., 20 p. 19½ ᶜᵐ.
117 3203 2012 65 © Apr. 14, 1927; 1c. July 14; A—Foreign 35671; V. D. I. verlag, g. m.
183 3265 43 41 b.
256 3266 45 40 h.

110 3331 316 65 Trautner,
461 3334 259 54 Eduard.

170 3409 159 61 Gott,
353 3418 331 63 geffenwart
708 3416 118 51 und
852 3416 229 54 kokain.
1146 3418 220 59 Berlin,
1451 3421 159 69 Verlag
1621 3420 144 54 “Die
1792 3421 338 71 schmiede”,

118 3487 149 55 1927.

183 3571 24 38 1
273 3603 9 9 v.

117 3622 2013 68 © Apr. 21, 1927; 1c. July 14; A—Foreign 35621; Verlag “Die schmiede".
112 3748 194 54 Union
339 3752 236 54 carbide
612 3754 156 54 sales
802 3773 307 49 company.

183 3826 1946 72 Union carbide sales manual. Ed. of 1928 … New York.
117 3902 253 72 Chicago
524 3942 29 33 [etc.]
599 3909 195 56 Union
835 3912 230 56 carbide
1102 3915 144 54 sales
1285 3935 284 53 company
1722 3923 85 66 [ᶜ1928]

184 3988 133 50 xxvi,
343 3991 86 40 401
458 4003 44 38 p.
530 3993 112 42 incl.
668 3994 165 50 front.,
863 3996 145 50 illus.,
1036 3999 172 42 forms.
1267 4001 57 41 23½ᶜᵐ.
