2498 4384
1338 4048 134 51 1810

393 481 53 52 ©
480 485 119 40 Nov.
632 484 69 47 15,
736 484 141 46 1928;
914 484 68 40 2c.
1017 485 96 39 and
1147 482 83 42 aff.
1265 484 120 39 Nov.
1419 483 83 47 17;
1539 483 41 39 A
1613 482 114 41 1719;
1796 483 220 48 Shepard
2051 483 38 41 &
2122 483 274 48 Lawrence,

462 541 91 41 inc.

386 607 217 63 Bowie,
636 607 228 53 Walter
896 606 253 63 Russell,
1185 609 173 50 1882-

459 686 188 54 When
692 685 167 54 Jesus
904 703 115 35 was
1062 684 174 68 born;
1284 684 98 53 the
1425 689 159 63 story
1628 683 65 53 of
1739 682 322 56 Christmas
2109 683 96 53 for
2249 683 150 54 little

390 763 277 68 children,
718 764 185 53 retold
952 763 76 69 by
1076 763 225 54 Walter
1350 762 227 53 Russell
1627 761 225 67 Bowie;
1905 761 383 54 illustrations
2339 760 61 54 in

390 843 156 52 color
573 842 76 69 by
679 841 237 55 Charles
948 843 67 51 B.
1046 842 177 52 Falls.
1291 842 139 52 New
1462 840 164 53 York
1656 841 113 52 and
1800 840 261 68 London,
2091 840 236 68 Harper
2356 842 44 50 &

389 920 280 67 brothers,
702 923 151 50 1928.

462 1000 1150 52 2 p. l., 20, [2] p. col. front., col. illus. 16 ᶜᵐ.
464 1060 101 39 The
593 1059 331 40 illustrations
951 1069 84 32 are
1062 1061 85 38 not
1174 1058 228 41 included
1431 1058 50 39 in
1510 1058 82 40 the
1621 1057 193 49 paging.

397 1113 53 52 ©
480 1116 119 41 Nov.
628 1117 39 39 7.
696 1116 142 47 1928;
869 1117 68 39 2c.
967 1117 97 38 and
1093 1114 83 42 aff.
1204 1116 121 40 Nov.
1355 1114 25 41 9;
1440 1115 41 39 A
1511 1115 111 47 519;
1654 1115 196 48 Harper
1879 1114 37 41 &
1944 1115 127 40 bros.

476 1172 282 49 (28-27874)

386 1241 268 62 Broster,
684 1239 274 64 Dorothy
986 1238 317 54 Kathleen.

459 1321 121 52 The
613 1320 165 54 heart
813 1324 59 48 at
903 1338 134 33 war.
1114 1318 163 68 chap.
1311 1320 48 52 4.

475 1402 83 48 (In
587 1397 193 44 British
809 1396 217 52 weekly)

398 1454 1989 102 © 1c. Sept. 29, 1928; A ad int. 12043; pubd. Aug. 2; D. K. Broster, London.
562 1582 396 67 The heart at war. chap. 14, 15.
478 1664 82 48 (In
588 1659 194 43 British
811 1657 217 53 weekly)

400 1716 1989 109 © 1c. each Dec. 8, 1928; A ad int. 12040; pubd. Oct. 11, 18; D. K. Broster, London.
392 1842 321 63 Buranelli,
747 1842 275 63 Prosper,
1057 1844 83 51 ed.

468 1921 123 52 The
619 1938 152 35 cross
801 1920 159 52 word
990 1921 200 67 puzzle
1218 1919 165 53 book.
1451 1920 283 52 Eleventh
1766 1920 186 53 series.
2020 1919 97 54 An
2148 1920 260 53 eleventh

398 1999 316 68 anthology
745 1997 64 54 of
839 1997 272 70 fifty-five
1141 2017 126 33 new
1298 2016 151 35 cross
1481 1998 159 53 word
1672 1998 245 68 puzzles,

1947 1998 243 53 selected
2222 2018 60 33 as
2312 1998 98 53 the

398 2077 122 54 best
547 2077 64 53 of
637 2077 96 52 the
760 2075 316 54 thousands
1104 2076 312 53 submitted
1443 2081 60 48 to
1530 2076 99 53 the
1655 2076 140 53 New
1824 2075 165 54 York
2015 2076 226 67 World,
397 2076 1988 133 published
615 2156 134 51 here

779 2154 348 69 exclusively
1158 2154 95 53 for
1285 2154 96 53 the
1413 2153 129 54 first
1570 2154 157 68 time,
1760 2154 114 53 and
1907 2154 192 53 edited
2130 2154 77 69 by
397 2155 1988 147 Prosper

528 2233 319 67 Buranelli,
876 2233 65 51 F.
973 2232 265 69 Gregory
1266 2232 352 62 Hartswick,
1646 2233 299 69 Margaret
1974 2233 434 69 Petherbridge.

399 2312 140 53 New
567 2311 182 67 York,
780 2310 199 55 Simon
1009 2311 114 53 and
1155 2309 291 69 Schuster,
1474 2311 128 68 inc.,
1633 2313 150 52 1928.

470 2393 802 50 6 p. l., 15-129 p. diagrs. 20 ᶜᵐ.
404 2442 2006 58 © Nov. 1 , 1928; 2c. Nov. 12; aff. Nov. 10; A 572; Simon & Schuster,
473 2509 91 40 inc.
634 2508 282 48 (28-27745)

397 2573 227 63 Butler,
654 2573 207 53 James
886 2573 267 63 Ramsay
1179 2573 310 64 Montagu,
1521 2578 172 50 1889-

471 2650 1878 71 A history of England, 1815-1918, by J. R. M. Butler …
400 2730 1988 146 New York, H. Holt & company; London, T. Butterworth, limited [ ᶜ19 28]
401 2891 1997 105 252 p. 17 ᶜᵐ. (Half-title: Home university library of modern knowledge, no. 128)
472 3005 352 48 Bibliography:
886 3015 44 38 p.
962 3005 220 41 243-246.

408 3058 53 52 ©
488 3063 119 39 Nov.
634 3062 39 41 5.
700 3061 141 47 1928;
870 3062 68 40 2c.
965 3063 97 38 and
1088 3060 83 42 aff.
1199 3062 120 41 Nov.
1348 3062 52 47 6;
1429 3062 42 40 A
1498 3063 141 47 1520;
1669 3063 170 48 Henry
1865 3064 121 40 Holt
2013 3063 37 41 &
2076 3075 68 30 co.

486 3118 283 49 (28-27949)

403 3171 346 63 Carpenter,
780 3171 203 63 Harry
1012 3170 191 55 Allen.

537 3248 1877 73 … Our environment, how we adapt ourselves to it, by Harry
408 3326 2007 147 A. Carpenter … and George C. Wood … Boston, New York [etc.] Allyn and Bacon [ ᶜ19 28]
408 3486 1989 110 xvii p., 1 l., 391, 44 p. col. front., illus., col. pl., diagrs. 19½ ᶜᵐ. (Modern science series for junior high schools, ed. by J. M. Glass, bk. n)
478 3599 352 48 Bibliography:
888 3611 45 37 p.
961 3601 146 40 31-34
1136 3603 53 39 at
1218 3602 108 40 end.

412 3652 52 52 ©
495 3656 128 48 Sept.
651 3657 69 47 11,
749 3657 114 40 1928;
920 3658 68 40 2c.
1017 3659 96 39 and
1143 3658 82 42 aff.
1257 3658 103 42 Oct.
1390 3660 25 40 8;
1473 3660 41 39 A
1542 3660 204 41 1053793;
1803 3661 146 48 Allyn
1977 3661 37 41 &
2043 3662 180 40 Bacon.

490 3712 283 49 (28-27753)

405 3764 255 62 Carrier,
692 3765 281 56 Blanche.

475 3840 283 70 Building
787 3861 31 34 a
848 3842 297 55 Christian
1175 3845 322 66 character;
1529 3864 194 36 course
1753 3847 59 53 in
1843 3847 245 68 religion
2119 3847 94 53 for
2241 3847 196 70 grade.;

406 3917 2012 77 four or five in the church schools, by Blanche Carrier … and
