2498 4384
1272 4070 135 50 1556

328 428 754 65 Pereyra, Di ó medes de.
405 505 1931 73 The land of the golden scarabs, by Di ó medes de Pereyra.
334 583 1596 72 Indianapolis, The Bobbs-Merrill company [ ᶜ19 28 ]
405 665 786 49 4 p. l., 11-308 p., 1 l. 19½ ᶜᵐ .
408 735 294 40 “Published
734 735 48 39 in
814 737 81 38 the
926 736 184 40 Golden
1142 736 123 40 book
1298 736 251 47 magazine
1582 747 54 30 as
1667 740 96 37 two
1796 737 425 41 narratives—the
2252 749 90 30 one

338 804 27 29 a
402 793 167 48 sequel
601 795 48 38 to
686 793 81 40 the
802 793 358 40 other—under
1198 793 78 40 the
1313 804 142 29 name
1493 794 53 39 ‘A
1582 794 115 40 land
1734 794 52 40 of
1822 794 229 48 mystery’
2092 795 96 41 and
2226 795 115 43 ‘Sun

335 849 170 48 gold’.”

335 918 51 52 ©
418 922 102 40 Oct.
548 921 39 49 5,
615 921 115 41 1928;
786 923 68 39 2c.
882 925 96 38 and
1006 921 82 41 aff.
1118 922 102 41 Oct.
1249 923 56 39 15;
1361 922 42 39 A
1430 923 26 39 3;
1514 922 373 41 Bobbs-Merrill
1914 934 69 31 co.

415 979 282 49 (28-23662)

328 1073 313 65 Peuckert,
673 1073 135 54 Will
840 1073 199 65 Erich,
1076 1079 172 49 1891-

463 1150 1819 70 … Die Rosenkreuzer; zur geschichte einer reformation …
328 1228 167 69 Jena,
528 1228 68 53 E.
631 1228 357 69 Diederichs,
1026 1231 150 51 1928.

402 1312 1941 50 vii, [1], 452, [1] p. incl. front. plates (1 double) ports., diagrs. 22 ᶜᵐ .
403 1382 314 41 “Nachweise
750 1384 98 38 und
881 1382 394 48 anmerkungen”:
1338 1394 43 37 p.
1413 1384 219 39 385-443.

337 1449 1989 109 © Jan. 20, 1928; 1c. Apr. 23; A— Foreign 38646; Eugen Diederichs verlag.
570 1509 281 50 (28-23570)

331 1605 135 63 Poe,
500 1604 204 64 Edgar
734 1604 196 65 Allan,
964 1608 328 50 1809-1849.

407 1682 256 55 Selected
700 1700 192 50 poems
930 1681 65 54 of
1030 1682 201 69 Edgar
1267 1683 177 52 Allan
1481 1684 135 66 Poe,
1654 1684 189 52 edited
1880 1684 140 53 with
2061 1703 71 34 an
334 1685 1989 129 introduction

333 1760 1991 132 by Thomas Olli ve Mabbott … New York, The Macmillan
568 1857 299 50 company,
902 1842 149 50 1928.

470 1922 1401 49 xv p., 1 l. , 131 p. 19 ᶜᵐ . (The modern readers’ series)
338 1989 51 52 ©
419 1994 102 40 Oct.
547 1993 39 49 9,
612 1993 115 40 1928;
780 1993 69 40 2c.
874 1994 97 38 and
996 1992 83 41 aff.
1106 1993 103 40 Oct.
1236 1992 55 40 10;
1346 1992 42 39 A
1412 1992 208 40 1054889;
1673 1992 284 41 Macmillan
1983 2003 68 30 co.
2111 1987 69 55 [©
2206 1994 140 40 notes

407 2051 96 39 and
533 2050 349 49 introduction]
954 2049 283 50 (28-23323)

330 2144 283 64 Pulsifer,
648 2144 257 54 William
942 2145 289 63 Edmond,
1270 2149 172 49 1852-
1660 2163 180 50 comp.

402 2221 286 69 Ancestry
716 2222 113 53 and
856 2222 373 53 descendants
1256 2222 64 53 of
1346 2223 298 53 Jonathan
1669 2222 259 53 Pulsifer
1956 2223 115 52 and
2098 2222 89 54 his
2212 2221 135 54 wife

334 2300 202 69 Nancy
567 2300 259 67 Ryerson
859 2299 259 54 Pulsifer
1149 2300 64 52 of
1245 2301 225 52 Poland
1501 2300 114 53 and
1650 2300 260 67 Sumner,
1943 2300 224 67 Maine;
334 2318 1990 129 compiled

522 2377 1827 72 by William E. Pulsifer … [New York] Priv. print, by
334 2457 97 53 the
471 2457 225 67 author,
742 2460 150 50 1928.

406 2541 55 40 71
490 2551 43 38 p.
562 2541 110 41 incl.
701 2541 164 46 front.,
895 2551 77 37 pl.,
1001 2542 165 46 ports.,
1194 2543 110 38 coat
1333 2540 53 41 of
1413 2550 146 30 arms.
1619 2541 147 41 23½ᶜᵐ.

340 2607 51 52 ©
424 2612 128 47 Sept.
580 2612 69 48 18,
677 2611 118 40 1928;
847 2612 68 38 2c.
945 2611 129 47 Sept.
1101 2611 83 46 24;
1214 2609 84 43 aff.
1329 2610 129 48 Sept.
1486 2611 83 40 25;
1599 2610 42 39 A
1668 2610 231 48 1053756;
1929 2611 73 41 W,
2032 2612 54 40 E.
2116 2610 231 49 Pulsifer,

408 2669 119 39 New
558 2669 146 39 York.
775 2668 283 49 (28-23775)

333 2761 226 55 Punch.
634 2782 51 34 V.
719 2763 117 67 175,
865 2782 89 33 no.
984 2765 155 66 4549,
1173 2761 157 69 Sept,
1365 2765 83 66 12,
1482 2765 150 50 1928.

340 2841 2006 52 © 1c. Nov. 10, 1928; A ad int. 11876; pubd. Sept. 12; Herbert Heather,
409 2902 214 40 London.

328 2995 540 65 Renger-Patzsch,
904 2995 231 54 Albert.

467 3072 1884 70 … Die Halligen; geleitwort von Johann Johannsen; unter
333 3151 1993 148 mitwirkung von dr. Karl Häberlin … Berlin, Albertus-verlag [ ᶜ19 27]
337 3312 1994 106 xxi, 144 p. incl. illus., map. 30 ᶜᵐ . (Half-title: Das gesicht der landschaft)
409 3428 366 40 Illustrations:
810 3428 85 38 144
928 3438 43 36 p.
1004 3429 51 37 at
1087 3427 106 39 end.

343 3480 2004 52 © Dec. 31, 1927; 1c. June 13, 1928; A—Foreign 39125; Albertus-verlag,
412 3551 42 38 g.
484 3552 61 29 m.
574 3541 42 39 b.
646 3541 45 39 h.
760 3540 282 49 (28-23579)

334 3636 321 62 Robinson,
689 3635 314 64 Gertrude,
1038 3635 172 54 1876-

414 3715 121 51 The
564 3719 307 47 treatment
903 3712 64 54 of
994 3713 255 56 narcotic
1280 3712 301 53 education
1613 3712 59 52 in
1704 3711 191 53 school
1924 3716 123 48 text
2077 3710 176 54 books;
2317 3729 31 33 a

342 3810 207 49 survey
575 3791 76 68 by
680 3791 285 54 Gertrude
996 3791 295 52 Robinson;
1353 3790 165 52 made
1548 3808 72 34 on
1647 3788 202 54 behalf
1879 3788 65 54 of
1973 3789 97 53 the
342 3789 1983 132 Department

531 3867 65 54 of
628 3868 302 53 education
966 3867 64 54 of
1062 3867 95 54 the
1191 3868 207 54 World
1431 3867 255 53 narcotic
1723 3866 231 54 defense
1991 3865 359 68 association,

342 3945 1337 69 to date of June, 1928. [New York, ᶜ19 28]
