2542 4417
1091 4081 66 54 97

146 400 315 54 American
502 399 279 54 institute
819 400 63 53 of
921 400 230 63 mining
1188 400 114 52 and
1345 398 435 65 metallurgical
1818 399 332 65 engineers,

213 480 110 52 inc.

216 555 1936 70 Transactions … v. 75. Containing papers and discussions
145 636 296 67 presented
490 641 57 46 at
596 635 277 69 meetings
922 635 130 52 held
1102 635 61 51 in
1210 634 140 52 New
1399 633 181 55 York,
1629 632 316 70 February,
1998 635 152 53 1927.

143 714 111 51 and
295 711 329 55 Cleveland.
667 711 168 56 Ohio.
875 712 192 68 April,
1112 712 149 53 1927.
1341 711 140 54 New
1524 711 181 67 York,
1748 712 70 53 N.
1866 713 90 66 Y.,
141 713 1985 130 Published
348 791 74 69 by
451 791 95 53 the
575 791 294 67 Institute,
900 790 149 53 1927.

209 885 978 49 928 p. illus., tables, diagrs. 23½ ᶜᵐ .
143 954 51 52 ©
224 959 112 39 Dec.
366 956 69 49 24,
469 957 114 41 1927;
642 957 69 41 2c.
742 958 112 40 Feb.
884 958 40 46 3,
955 957 115 41 1928;
1133 957 82 41 aff.
1249 958 112 40 Feb.
1394 958 26 38 2:
1481 958 43 38 A
1554 957 205 41 1061532;
1820 958 161 41 Amer,
210 958 1923 97 institute
344 1015 52 40 of

423 1015 186 46 mining
639 1016 95 39 and
765 1015 359 48 metallurgical
1156 1015 267 47 engineers,
1457 1015 91 40 inc.

137 1124 314 54 American
478 1125 151 52 rank
656 1126 114 51 and
798 1124 91 53 file
915 1124 165 54 labor
1106 1124 335 65 delegation
1470 1128 61 50 to
1556 1125 193 53 soviet
1775 1126 238 53 Russia.

206 1204 220 68 Report
466 1203 64 53 of
567 1204 96 52 the
705 1203 123 54 first
869 1204 307 53 American
1219 1204 145 52 rank
1403 1207 46 49 &
1488 1204 93 53 file
1620 1204 162 53 labor
1823 1205 323 69 delegation

137 1291 56 44 to
232 1282 181 54 soviet
451 1283 223 53 Russia.
751 1283 139 52 New
930 1283 179 67 York,
1147 1283 428 53 International
1614 1283 341 69 publishers,
1998 1288 149 50 1928.

201 1380 58 40 48
278 1391 43 37 p.
382 1380 129 40 illus.
572 1380 57 41 19
630 1382 45 21 ᶜᵐ
681 1413 8 9 .

202 1452 215 41 William
440 1453 241 48 Watkins,
705 1454 267 40 chairman.

136 1520 52 53 ©
219 1525 111 40 Jan.
360 1524 69 47 18,
463 1523 141 42 1928:
638 1524 68 40 2c.
739 1525 96 39 and
869 1524 83 40 aff.
985 1525 110 39 Jan.
1127 1524 83 42 20:
1245 1524 39 39 A
1317 1523 231 47 1061314;
1587 1523 359 41 International
1983 1524 163 47 pubrs.

204 1591 81 36 co.,
318 1582 92 40 inc.
481 1581 253 49 (28-3550)

130 1690 314 54 American
475 1691 227 63 society
732 1691 97 52 for
860 1690 230 64 testing
1119 1690 327 53 materials.

261 1768 1884 70 … Proceedings of the 30th annual meeting, held at French
130 1846 1992 148 Lick, Indiana, June 20-24, 1927. v. 27, pt. 1. 2 … Philadelphia,
312 1927 120 66 Pa.,
460 1926 310 53 American
800 1927 210 68 society
1041 1925 94 54 for
1163 1927 215 68 testing
1407 1926 294 53 materials
1737 1929 172 64 [1928]

198 2022 26 39 2
250 2033 44 29 v.
354 2022 144 48 illus.,
526 2033 76 37 pl.,
634 2023 155 39 tables
818 2022 135 48 (part
983 2021 144 48 fold.)
1167 2022 180 48 diagrs.
1408 2022 56 41 23
1467 2024 45 22 ᶜᵐ
1518 2054 8 8 .

542 2094 68 48 CONTENTS.—pt.
637 2092 40 42 1.
703 2092 287 41 Committee
1016 2095 203 47 reports,
1245 2104 107 30 new
1378 2094 95 39 and
1500 2093 189 40 revised
1715 2092 240 41 tentative
128 2093 1999 107 standards.—pt.
419 2150 42 41 2.
489 2151 261 40 Technical
779 2153 204 46 reports.

134 2216 2010 53 © Jan. 6, 1928; 1c. each Jan. 25: 1c. each Feb. 3; aff. Jan. 24: A
201 2277 205 41 1061540;
466 2278 161 40 Amer.
661 2288 93 30 soc.
788 2279 79 39 for
901 2279 182 47 testing
1113 2277 270 41 materials.

129 2388 445 53 Architectural
603 2388 209 64 league
842 2389 64 52 of
935 2389 145 52 New
1110 2388 183 53 York.

198 2465 1942 70 Year book … and catalogue of the 43d annual exhibition.
128 2545 2013 70 Building of the American fine arts society … February 4th
126 2629 58 47 to
212 2624 203 53 March
442 2625 118 67 4th,
589 2625 293 53 inclusive.
916 2627 149 50 1928.
1139 2625 157 67 [New
1327 2624 181 68 York,
1537 2625 169 52 Press
1738 2623 64 54 of
1829 2624 97 53 the
125 2624 1992 131 Kalkhoff
270 2721 300 50 company,
601 2705 151 65 1928]

197 2799 129 49 [162],
355 2798 204 42 197-338
587 2811 43 37 p.
691 2799 165 48 front.,
886 2800 142 47 illus.,
1060 2801 172 47 plates.
1293 2800 56 41 33
1352 2803 44 21 ᶜᵐ
1402 2833 9 8 .

194 2871 164 40 Plates
386 2871 195 48 printed
611 2882 60 28 on
699 2872 117 40 both
845 2871 143 41 sides.

129 2937 51 52 ©
207 2942 112 40 Feb.
348 2941 39 49 2,
419 2941 140 41 1928:
591 2942 67 40 2c.
688 2943 96 39 and
814 2942 82 40 aff.
927 2942 110 40 Feb.
1068 2942 26 40 8;
1154 2942 41 38 A
1223 2941 206 41 1061600;
1489 2942 365 40 Architectural
1886 2944 171 45 league
2087 2943 53 40 of

194 2999 117 40 New
342 3000 145 48 York,
521 3001 118 39 New
670 2998 146 42 York.

122 3094 288 63 Arneson,
443 3095 124 53 Ben
599 3094 231 63 Albert,
866 3099 172 49 1883-

192 3171 1881 70 Elements of constitutional law, by Ben Albert Arneson …
123 3250 137 54 New
294 3251 164 53 York
490 3251 114 53 and
637 3251 261 68 London,
931 3251 236 68 Harper
1201 3253 46 50 &
1278 3251 281 68 brothers,
1597 3254 152 50 1928.

221 3349 571 49 x p., 1 l., 371 p. 21 ᶜᵐ .
125 3411 52 53 ©
206 3417 109 40 Jan.
343 3417 69 47 20,
444 3417 142 48 1928;
618 3417 67 41 2c.
716 3417 110 40 Jan.
858 3417 82 41 26:
973 3417 81 39 aff.
1085 3417 111 40 Jan.
1226 3416 83 42 30:
1342 3417 41 39 A
1414 3417 232 47 1061455;
1681 3418 195 48 Harper
1909 3419 35 40 &
192 3419 1926 96 brothers.
353 3474 254 49 (28-3684)

122 3570 473 63 Ashton-Wolfe,
627 3571 73 51 H.

194 3647 244 68 Strange
476 3649 142 51 tales
657 3647 64 53 of
759 3648 222 51 French
1023 3647 217 53 crimes.
1318 3647 287 53 Narrated
1646 3648 76 69 by
1761 3649 78 52 H.
119 3649 2013 133 Ashton-Wolfe,
360 3727 59 51 in

449 3726 414 53 collaboration
895 3725 140 53 with
1066 3726 104 52 Dr.
1206 3726 268 52 Edmond
1509 3726 240 53 Locard.
1821 3728 123 53 The
1975 3734 159 64 story

121 3803 64 52 of
218 3803 250 69 Chiffon,
502 3806 96 52 the
631 3805 116 69 girl
779 3804 220 54 bandit.

200 3900 84 48 (In
315 3898 262 43 Pearson’s
613 3897 278 53 magazine,
928 3897 115 44 Feb.
1082 3897 145 51 1928)

125 3965 2003 59 © 1c. Mar. 15, 1928; A ad int. 10743; pubd. Feb. 1; Christy & Moore,
187 4027 102 47 ltd.,
321 4028 213 40 London.
