2498 4384
1249 4094 135 51 1566

385 533 276 48 204 p. 23 ᶜᵐ.
385 603 134 38 Each
544 603 192 39 volume
764 603 89 39 has
880 604 105 38 also
1014 603 179 47 special
1223 604 99 46 t.-p.

387 659 362 47 “Erläuterung
788 660 85 39 der
916 659 407 49 [medizinischen]
1365 657 395 41 fachausdrücke:
1827 670 44 29 v.
1911 659 41 48 1,
1990 669 44 38 p.
2078 659 248 49 [176]-187.

386 715 236 41 Contains
652 716 395 48 bibliographies.

320 783 1841 52 © Apr. 25, 1928; 1c. June 26; A— Foreign 39440; Friedrich Bahn.
398 845 283 48 (28-23620)

314 938 231 65 Fisher,
640 939 180 54 Vardis.

391 1016 223 53 Toilers
654 1016 64 53 of
759 1017 95 52 the
896 1016 152 66 hills,
1092 1017 74 68 by
1208 1016 215 54 Vardis
1465 1016 222 53 Fisher.
1765 1017 219 51 Boston
2027 1016 114 53 and
2186 1016 140 53 New

323 1094 178 67 York,
528 1094 322 68 Houghton
878 1094 202 51 Mifflin
1111 1112 300 50 company,
1441 1096 150 50 1928.

391 1175 565 48 3 p. l., 361 p. 19½ᶜᵐ.
322 1242 2004 53 © Oct. 13, 1928; 2c Oct. 15; aff. Oct. 16; A 52; V. Fisher, Salt Lake
390 1302 126 48 City.
586 1302 281 49 (28-23667)

310 1397 162 64 Fisk,
511 1398 214 52 Emma
758 1396 222 55 Luella.

388 1475 57 52 A
476 1475 334 69 laboratory
839 1477 233 50 manual
1105 1475 64 53 of
1201 1476 232 68 general
1468 1476 231 68 botany,
1731 1476 76 69 by
1843 1476 206 52 Emma
2086 1477 65 51 L.
2187 1476 141 54 Fisk

321 1553 1819 69 and Ruth M. Addoms … New York, The Macmillan
318 1572 1985 127 company,
530 1634 149 49 1928.

389 1712 65 48 ix,
486 1712 85 40 103
602 1723 43 38 p.
705 1712 147 41 22½ᶜᵐ.

394 1785 241 40 “Written
666 1788 49 37 to
744 1796 295 37 accompany
1069 1787 82 39 the
1183 1786 191 40 revised
1405 1786 185 40 edition
1621 1786 52 40 of
1705 1786 54 39 ‘A
1792 1786 228 40 textbook
2051 1786 53 41 of
2132 1788 197 46 general

321 1842 210 47 botany’,
555 1843 60 46 by
642 1842 172 46 Smith,
841 1843 226 45 Overton,
1094 1842 202 47 Gilbert,
1322 1843 287 47 Denniston,
1633 1844 167 46 Bryan
1825 1844 96 39 and
1948 1843 381 41 Allen.”—Pref.

321 1911 1736 51 © Oct. 9, 1928; 2c. and aff. Oct. 10; A 1054890; Macmillan co.
399 1970 281 49 (28-23507)

316 2065 230 66 Foster,
582 2066 248 53 Bernice
866 2067 77 52 M.

385 2143 301 69 Michigan
735 2144 291 67 novelists,
1076 2144 74 58 by
1202 2144 240 53 Bernice
1492 2145 80 52 M.
1624 2145 219 53 Foster.
1935 2145 140 52 Ann
2122 2144 209 68 Arbor,

317 2221 195 68 Mich.,
545 2221 70 55 G.
646 2222 201 67 Wahr,
883 2225 151 50 1928.

385 2306 550 48 2 p. l., 30 p. 21½ᶜᵐ.
322 2374 51 52 ©
405 2377 129 49 Sept.
561 2377 70 48 28,
660 2377 114 41 1928;
831 2377 69 41 2c.
929 2377 102 41 Oct.
1060 2377 55 39 12;
1174 2376 82 42 aff.
1287 2377 102 41 Oct.
1419 2377 55 39 11;
1532 2377 42 39 A
1601 2376 203 42 1064923;
1866 2377 184 50 George
2080 2377 166 43 Wahr.

399 2434 282 49 (28-23681)

317 2528 311 64 Freeman,
658 2528 206 54 James
893 2529 275 63 Edward,
1239 2548 73 50 bp.,
1345 2532 172 51 1866-

385 2606 122 52 The
538 2605 395 67 ambassador;
966 2606 97 53 the
1092 2607 226 68 Lyman
1347 2607 250 52 Beecher
1627 2608 239 52 lectures
1896 2626 73 33 on
1999 2607 333 69 preaching,

317 2684 288 53 delivered
655 2690 59 46 at
762 2684 147 52 Yale
955 2684 321 69 university
1324 2684 61 52 in
1432 2685 96 52 the
1574 2685 203 52 month
1824 2685 65 53 of
1935 2685 194 68 April,
2180 2688 150 51 1928.

315 2761 139 55 “We
498 2781 95 34 are
634 2762 395 53 ambassadors
1075 2761 95 54 for
1213 2761 252 55 Christ.”
1540 2764 92 67 By
1673 2763 97 53 the
1812 2764 95 53 Rt.
1951 2764 140 52 Rev.
2136 2764 194 53 James

314 2839 2016 73 Edward Freeman … New York, The Macmillan company,
317 2921 152 51 1928.

386 3004 27 39 3
446 3014 42 37 p.
521 3004 30 39 l.,
598 3003 143 39 5-212
775 3014 41 36 p.
878 3003 146 40 19½ᶜᵐ.

323 3056 51 51 ©
404 3059 103 40 Oct.
534 3060 39 46 9,
602 3058 140 47 1928;
772 3060 67 39 2c.
868 3060 95 38 and
991 3058 70 40 aff
1103 3058 103 41 Oct.
1235 3059 81 41 10:
1347 3059 38 38 A
1414 3059 229 47 1054888;
1675 3059 283 40 Macmillan
1985 3070 70 30 co.

400 3116 282 49 (28-23573)

318 3212 233 63 Froom,
584 3211 81 52 Le
697 3211 130 63 Roy
861 3210 227 54 Edwin.

393 3290 124 51 The
552 3289 228 68 coming
816 3287 64 53 of
917 3288 95 53 the
1050 3287 359 67 Comforter;
1449 3289 215 53 studies
1703 3307 73 34 on
1813 3289 97 53 the
1948 3289 229 69 coming
2214 3290 113 52 and

323 3367 160 52 work
515 3366 64 53 of
610 3367 97 52 the
738 3367 161 52 third
932 3384 206 49 person
1172 3365 65 53 of
1269 3367 96 52 the
1400 3366 296 68 Godhead,
1730 3367 77 69 by
1839 3368 80 52 Le
1953 3367 130 69 Roy
2118 3368 211 53 Edwin

323 3445 229 52 Froom.
624 3443 257 53 Takoma
916 3442 175 68 Park,
1127 3444 406 69 Washington,
1570 3446 71 51 D.
1681 3444 81 67 C.,
1799 3445 309 69 Peekskill,
2145 3446 70 53 N.
2255 3447 72 52 Y.
456 3555 12 33 [etc.]
501 3522 232 52 Review

758 3522 114 52 and
896 3522 202 52 herald
1126 3522 339 69 publishing
1493 3523 341 53 association
1977 3527 85 64 [ᶜ1928]

391 3603 87 40 208
512 3614 43 37 p.
616 3603 117 39 20ᶜᵐ.

323 3657 51 51 ©
406 3660 103 41 Oct.
537 3661 69 47 12,
635 3660 141 47 1928;
807 3661 68 40 2c.
905 3662 96 38 and
1030 3661 82 41 aff.
1143 3661 103 41 Oct.
1276 3662 83 47 13;
1389 3661 41 39 A
1459 3662 232 48 1054934;
1723 3663 199 40 Review
1950 3664 36 40 &
2015 3664 173 40 herald
2217 3665 110 47 pub.

391 3727 131 30 assn.
587 3717 281 49 (28-23811)

319 3812 202 64 Gates,
559 3812 244 54 Clifford
840 3812 256 65 Elwood,
1131 3817 84 51 ed.

398 3890 284 69 [Editing,
708 3891 140 51 with
876 3891 614 68 introduction, notes,
1518 3894 271 52 exercises
1817 3894 113 52 and
1958 3893 365 69 vocabulary]

319 3967 77 70 by
426 3968 247 55 Clifford
703 3970 66 53 E.
800 3969 175 56 Gates
1011 3971 77 66 [in
1116 3971 97 52 the
1240 3970 148 54 book
1417 3971 256 67 entitled]
1709 3972 112 52 Die
1847 3971 482 69 kapitalistinnen
