2498 4384
1092 4083 134 53 1379

150 433 174 63 Mills,
358 431 179 54 Janet
570 429 251 54 Melanie
853 428 186 64 Ailsa,
1075 432 171 50 1894-

217 510 200 53 Marsh
450 509 147 66 fires,
627 508 76 69 by
736 507 55 55 J.
824 507 81 52 M.
938 507 70 51 A.
1044 506 178 52 Mills.
1297 505 261 66 London,
1591 504 156 54 John
1784 504 155 52 Lane
1980 536 172 34 [1928]

217 590 447 51 4 p. l. , 386 p. 19½ᶜᵐ.
152 654 2002 58 © 1c. Aug. 25, 1928; A ad int. 11552; pubd. June 29; J. M. A. Mills,
219 720 212 40 London.
501 716 281 50 (28-22780)

148 827 190 64 Neild,
369 827 248 52 Horace.

216 904 329 68 Dissecting
589 904 114 51 and
746 900 349 71 calculating
1136 901 113 54 silk
1293 899 243 68 fabrics;
1583 918 32 33 a
1657 898 277 69 practical
147 898 1983 137 handbook

328 999 72 34 on
435 979 475 70 manufacturing
944 979 180 53 broad
1161 980 114 51 and
1308 996 227 34 narrow
1570 976 232 68 fabrics,
1840 975 93 53 for
1967 993 98 35 use
2099 975 61 52 in

147 1060 96 53 the
279 1059 145 67 mill,
461 1059 97 52 the
596 1057 168 68 office,
803 1059 114 51 and
955 1058 97 52 the
1090 1057 192 53 school
1322 1074 174 35 room.
1572 1054 304 53 Formulas
1914 1055 115 51 and
148 1071 1988 134 examples

393 1136 94 53 for
517 1136 96 53 the
644 1136 251 67 analysis
924 1136 114 51 and
1067 1135 390 52 construction
1486 1132 64 54 of
1578 1150 175 52 yarns
1782 1132 114 53 and
1928 1130 233 68 fabrics,

148 1215 139 53 with
313 1220 120 48 cost
454 1213 344 54 calculation
823 1212 182 53 forms
1031 1211 94 53 for
1149 1211 161 54 skein
1336 1212 113 52 and
1475 1211 155 68 piece
1655 1212 149 67 dyed
1828 1210 129 68 silk,
1982 1228 179 51 rayon

148 1288 2012 72 and mixed yarn fabrics. By Horace Neild … 2d ed., rev.
149 1366 1942 70 and enl. … New York, The American silk journal, 1928.
218 1452 837 51 196 p. illus., fold. forms. 22 ᶜᵐ.
219 1524 285 42 Cover-title:
568 1522 279 47 Dissecting
880 1522 96 39 and
1011 1520 300 48 calculating
1344 1520 96 40 silk
1473 1521 96 39 and
1604 1531 153 37 rayon
1789 1520 201 40 fabrics.

154 1590 51 52 ©
234 1594 112 40 Feb.
374 1593 70 47 20,
473 1592 115 40 1928;
645 1592 68 39 2c.
740 1591 121 48 Aug.
890 1591 56 39 27;
1006 1589 82 40 aff.
1118 1589 122 48 Aug.
1267 1589 57 40 29;
1384 1590 41 38 A
1454 1589 205 40 1054314;
1717 1590 61 41 H.
1808 1590 159 41 Neild.
221 1591 1925 107 Paterson,

353 1650 56 41 N.
442 1650 44 40 J.
557 1647 282 50 (28-21529)

150 1762 146 51 New
325 1759 231 62 Jersey.
632 1758 182 67 Laws,
844 1762 258 63 statutes,
1135 1762 101 47 etc.

222 1834 1881 70 The New Jersey statutory cumulative index, 1925 to 1928 …
150 1911 1286 72 Newark, N. J., Soney & Sage co. [ ᶜ1 928]
219 1997 276 50 117 p. 24 ᶜᵐ.
155 2064 51 52 ©
241 2068 129 47 Sept.
398 2066 71 48 26,
501 2065 117 41 1928;
674 2066 68 40 2c.
775 2064 129 49 Sept.
935 2064 59 41 28;
1051 2063 70 40 aff.
1167 2063 130 49 Sept.
1327 2064 57 40 27;
1444 2064 42 39 A
1516 2064 207 41 1054636;
1784 2064 156 49 Soney
1971 2066 37 40 &
2041 2066 124 49 Sage

223 2135 66 31 co.

152 2217 230 63 Norris,
413 2217 138 54 Mrs.
584 2215 297 54 Kathleen
920 2214 400 65 (Thompson)
1362 2219 171 50 1880-

223 2296 121 53 The
368 2295 213 53 foolish
603 2294 212 69 virgin,
836 2295 76 66 by
933 2294 289 52 Kathleen
1246 2294 221 53 Norris.
1544 2292 235 56 Garden
1804 2293 154 70 City,
1982 2296 68 51 N.
2080 2297 88 65 Y.,

153 2374 357 69 Doubleday,
542 2374 201 53 Doran
775 2374 114 52 and
922 2388 298 53 company,
1254 2372 127 68 inc.,
1416 2375 150 52 1928.

221 2456 636 49 4 p. l. , 356 p. illus. 19½ ᶜᵐ.
157 2525 51 51 ©
235 2529 120 47 Aug.
383 2529 70 47 17,
482 2527 141 47 1928;
653 2527 69 41 2c.
752 2527 95 40 and
876 2526 82 40 aff.
991 2526 130 48 Sept.
1149 2526 55 39 19;
1265 2525 41 39 A
1335 2525 232 49 1053383;
1599 2527 60 41 K.
1689 2526 187 50 Norris,
1909 2527 256 50 Saratoga,

225 2585 144 41 Calif.
441 2582 281 52 (28-21582)

154 2678 205 64 Orczy,
393 2676 348 65 Emmuska,
775 2678 280 53 baroness.

224 2757 146 52 Blue
396 2774 128 50 eyes
550 2756 113 52 and
690 2774 157 50 grey,
871 2755 77 69 by
974 2756 286 52 Baroness
1289 2755 202 69 Orczy.
1556 2756 304 69 Prologue.
1925 2755 166 53 Book
2121 2761 45 48 1.

156 2835 159 68 chap.
349 2837 116 49 1-3.
531 2833 165 53 Book
724 2837 47 48 2.
836 2833 163 68 chap.
1034 2837 115 48 1-4.
1222 2837 50 63 [6
1301 2833 381 68 instalments]

232 2918 82 48 (In
345 2913 203 43 London
576 2913 237 53 Morning
846 2913 139 53 post)

158 2983 2006 53 © 1c. each Sept. 21, 1928; A ad int. 11740-11745; pubd. July 25-28, 30,
223 3045 55 39 31;
338 3044 266 39 Emmuska
634 3044 239 47 Barstow,
903 3044 30 40 i.
964 3055 37 30 e.
1032 3044 116 39 Mrs.
1180 3044 236 48 Montagu
1447 3044 241 48 Barstow,
1721 3045 245 39 Baroness
1998 3044 167 48 Orczy,

227 3102 164 40 Monte
423 3100 157 48 Carlo,
614 3101 218 41 Monaco.

158 3195 278 63 Pearson,
468 3195 208 63 Henry
709 3195 165 63 Carr,
912 3196 172 52 1871-

225 3272 139 54 New
408 3271 294 55 essentials
746 3272 65 53 of
854 3273 267 68 English,
1165 3273 173 53 lower
1384 3274 222 69 grades,
1650 3274 77 68 by
1771 3274 165 53 Henry
2023 3273 146 55 Carr

156 3350 2014 72 Pearson … and Mary Frederika Kirchwey … New York,
159 3427 1560 71 Cincinnati [etc.] American book company [ ᶜ1 928]
225 3512 1321 49 xii, 264 p. incl. col. front., illus. (part col.) 19 ᶜᵐ.
226 3582 264 40 Published
522 3583 113 40 1921
667 3583 154 40 under
851 3583 110 40 title:
1022 3583 275 40 Essentials
1328 3584 52 40 of
1410 3583 217 49 English,
1658 3585 150 39 lower
1836 3586 190 47 grades.

163 3648 51 52 ©
246 3653 127 48 Sept.
401 3653 40 47 5,
470 3653 118 41 1928;
641 3653 68 41 2c.
741 3653 128 48 Sept.
898 3653 29 40 6;
982 3653 83 41 aff.
1097 3653 129 48 Sept.
1257 3655 25 39 7;
1342 3654 41 39 A
1412 3654 203 40 1054125;
1674 3655 147 40 Amer.
1864 3656 124 40 book
2017 3666 69 31 co.

241 3709 280 49 (28-21162)

229 3803 139 52 New
406 3803 294 53 essentials
739 3803 66 53 of
843 3803 266 69 English,
1147 3804 219 54 middle
1402 3806 222 68 grades,
1662 3806 76 68 by
1777 3806 204 69 Henry
2022 3806 146 55 Carr

161 3879 2007 73 Pearson … and Mary Frederika Kirchwey … New York,
163 3955 328 57 Cincinnati
544 3965 120 62 [etc.]
697 3959 308 54 American
1031 3959 149 54 book
1206 3978 283 53 company
1596 3964 119 66 [ᶜ1928]
