2498 4384
1258 4045 134 50 1528

327 399 273 66 Wallace,
638 401 220 64 Edgar,
899 401 171 54 1875-

406 494 122 52 The
569 494 184 52 clever
794 511 121 49 one,
954 493 77 69 by
1073 493 202 68 Edgar
1314 491 272 53 Wallace.
1664 490 234 55 Garden
1940 491 155 70 City,
2135 491 70 54 N.
2249 491 91 69 Y.,

336 571 143 53 Pub.
520 571 94 53 for
651 572 96 52 the
784 570 193 55 Crime
1015 569 146 70 club,
1199 570 127 69 inc.,
1363 570 76 68 by
1476 569 358 69 Doubleday,
1872 570 201 53 Doran
2112 571 45 51 &

330 587 1988 131 company,
534 649 126 67 inc.,
696 652 150 51 1928.

398 732 27 38 2
452 743 44 36 p.
560 763 8 15 l.,
598 730 86 41 300
711 742 43 36 p.
814 730 146 41 19½ᶜᵐ.

400 804 25 17 “…
520 803 194 48 Sample
751 803 51 39 of
838 804 89 39 Mr.
965 801 257 41 Wallace’s
1260 803 116 38 next
1410 802 137 41 book,
1588 801 114 40 ‘The
1739 801 262 41 double’”:
2039 813 44 36 p.
2122 802 218 42 296-300.

337 871 51 52 ©
421 875 128 48 Sept.
576 875 71 41 14,
674 874 141 42 1928:
846 875 67 40 2c.
942 875 96 38 and
1066 872 82 42 aff.
1180 873 130 48 Sept.
1337 873 82 46 24;
1450 872 42 39 A
1520 872 230 47 1053846;
1783 874 53 39 E.
1865 873 235 47 Wallace,
2125 874 214 40 London.

414 931 282 49 (28-23108)

329 1040 244 64 Walter,
604 1039 256 55 William
894 1038 271 63 Wilfred,
1201 1043 174 49 1869-

401 1132 124 52 The
564 1132 175 67 sharp
779 1130 200 67 sickle;
1023 1136 122 47 text
1184 1130 149 53 book
1372 1130 64 53 of
1475 1131 381 68 eschatology.
1939 1131 248 66 Aurora,
2228 1131 113 67 Ill.,

328 1211 700 65 W. W. Walter [ ᶜ192 8 ]
397 1294 87 40 568
505 1304 43 38 p.
609 1294 146 39 15½ᶜᵐ.

336 1361 51 52 ©
432 1366 129 47 Sept.
599 1365 69 45 21,
710 1364 140 42 1928:
892 1365 69 40 2c.
1002 1365 95 38 and
1136 1364 82 39 aff.
1264 1364 128 48 Sept.
1431 1364 83 46 22;
1556 1362 42 40 A
1637 1362 230 48 1053506;
1910 1364 73 40 W.
2023 1364 73 40 W.
2136 1364 203 43 Walter,

402 1422 207 46 Aurora,
644 1423 75 38 Ill.
790 1421 282 49 (28-23125)

324 1532 394 61 Wentworth,
755 1531 201 53 Elmer
989 1532 87 63 E.,
1110 1532 83 54 ed.

407 1625 212 66 [Notes,
667 1625 368 67 chronology,
1083 1624 183 67 topics
1317 1623 94 53 for
1457 1623 396 68 composition,
1900 1623 75 68 by
2025 1623 196 52 Elmer
2273 1623 66 52 E.

329 1703 362 53 Wentworth
725 1703 59 52 in
818 1703 95 52 the
945 1702 150 53 book
1126 1702 258 67 entitled]
1424 1702 121 52 The
1579 1701 371 53 sketch-book
2004 1701 94 69 [by]

330 1701 1983 149 Washington
578 1781 222 68 Irving.
884 1782 236 66 Boston,
1165 1781 140 52 New
1351 1781 165 52 York
1585 1785 99 48 [etc.]

1755 1779 182 69 Allyn
1983 1780 114 52 and
2145 1780 195 52 Bacon

482 1864 47 62 [ ᶜ192 8]
398 1940 1551 50 viii, 582 p. front., illus. 17 ᶜᵐ . (The academy classics)
334 2009 51 52 ©
417 2014 128 47 Sept.
571 2012 68 43 14,
667 2012 141 42 1928;
836 2013 68 40 2c.
932 2014 96 38 and
1055 2012 82 41 aff.
1166 2012 104 41 Oct.
1297 2013 53 47 8;
1378 2012 41 39 A
1445 2012 231 43 1053803;
1706 2012 147 49 Allyn
1880 2016 37 41 &
1943 2013 179 40 Bacon.

331 2135 207 64 Willis,
567 2136 182 64 Hugh
780 2136 295 63 Evander,
1109 2135 173 56 1875-
1525 2138 84 53 ed.

401 2228 170 55 Cases
603 2247 72 33 on
705 2228 305 53 bailments
1044 2229 112 52 and
1192 2229 193 66 public
1419 2228 260 69 callings,
1712 2228 140 53 with
1887 2228 244 68 especial

329 2227 1988 148 reference to common carriers, selected by Hugh Evander Willis …
328 2385 1851 70 2d ed. Indianapolis, The Bobbs-Merrill company [ ᶜ192 8]
396 2470 66 42 xi.
484 2469 116 42 1088
620 2481 44 37 p.
724 2471 147 39 23½ᶜᵐ.

333 2538 51 52 ©
418 2542 102 41 Oct.
552 2543 39 42 1,
622 2542 118 40 1928
755 2552 9 36 ;
796 2542 68 40 2c.
896 2543 95 38 and
1023 2541 82 41 aff.
1138 2541 104 41 Oct.
1272 2541 53 47 5;
1360 2541 83 41 aff.
1475 2540 103 41 Oct.
1608 2540 55 40 4:
1696 2541 41 39 A
1767 2540 231 47 1053761;

401 2540 1920 98 Bobbs-Merrill
510 2610 68 30 co.
646 2597 282 51 (28-23121)

325 2692 323 62 Wisehart,
687 2693 231 53 Marion
957 2692 164 64 Karl,
1162 2697 172 50 1889-

400 2784 253 54 Marvels
687 2784 65 54 of
784 2785 242 67 science;
1062 2785 238 53 modern
1336 2784 341 54 discoveries
1711 2784 114 54 and
1860 2783 328 55 inventions
2224 2783 111 54 and

332 2862 1942 71 the part they play in our everyday life, by Μ. K. Wisehart …
331 2940 1412 70 New York, London, The Century co. [ ᶜ192 8]
400 3021 1421 50 xiii p.. 2 l., 3-254 p. front., plates. 19½ ᶜᵐ . $2.50
331 3091 52 51 ©
417 3095 129 48 Sept.
574 3096 70 47 28,
675 3095 140 42 1928:
848 3096 68 40 2c.
947 3096 96 39 and
1073 3095 84 41 aff.
1188 3095 104 41 Oct.
1322 3097 52 46 1;
1408 3096 44 38 A
1479 3096 229 47 1054726;
1744 3096 215 48 Century
1990 3107 69 31 co.

409 3151 282 49 (28-23013)

327 3245 342 64 Woodring,
698 3245 198 53 Maxie
925 3246 187 63 Nave,
1146 3251 171 49 1888-

397 3335 293 54 Enriched
734 3337 269 69 teaching
1049 3337 64 53 of
1158 3338 398 53 mathematics
1603 3339 57 51 in
1709 3339 95 52 the
1849 3338 142 68 high
2039 3337 219 57 school;
2308 3356 31 33 a

325 3432 195 35 source
559 3415 148 52 book
748 3414 94 53 for
880 3416 254 67 teachers
1174 3415 66 53 of
1277 3417 415 67 mathematics,
1731 3417 202 69 listing
1972 3416 207 68 chiefly
2218 3415 122 54 free

325 3493 115 52 and
490 3493 111 52 low
651 3499 118 47 cost
819 3493 349 54 illustrative
1220 3495 114 52 and
1384 3496 471 68 supplementary
1903 3494 311 57 materials,
2263 3493 76 67 by

325 3570 2015 71 Maxie Nave Woodring … and Vera Sanford … New York
325 3649 135 68 city,
490 3649 280 53 Teachers
798 3648 230 70 college,
1060 3649 302 55 Columbia
1391 3651 338 68 university,
1759 3654 151 49 1928.

393 3733 65 47 ix,
488 3733 85 40 128
602 3743 43 37 p.
705 3733 147 40 23½ᶜᵐ.
917 3733 258 49 [Enriched
1205 3734 229 46 teaching
1462 3735 165 46 series,
1659 3746 73 29 no.
1762 3736 40 47 2]

396 3803 161 39 Blank
587 3814 146 37 pages
765 3813 84 30 are
878 3804 233 47 provided
1141 3806 52 38 at
1223 3805 82 39 the
1333 3805 92 39 end
1455 3805 52 40 of
1536 3805 118 39 each
1683 3805 183 40 section
1895 3805 79 40 for
2003 3805 171 48 listing
325 3805 1992 94 additional
512 3870 210 30 sources.

333 3925 51 52 ©
409 3930 122 47 Aug.
555 3930 68 47 14,
649 3930 141 47 1928;
815 3931 68 40 2c.
912 3929 128 49 Sept.
1065 3930 82 47 10;
1174 3931 85 41 aff.
1286 3931 128 48 Sept.
1439 3931 83 47 19;
1550 3932 41 39 A
1615 3931 230 48 1053601;
1873 3932 242 40 Teachers
2142 3933 192 46 college,

401 3986 252 41 Columbia
686 3988 131 41 univ.
885 3988 282 49 (28-22697)
