2498 4384
1352 4027 98 55 178

384 377 268 62 Atwood,
682 375 256 55 William
970 375 225 64 Henry.

515 453 1743 70 … Educational biology, by William H. Atwood … and
384 455 1982 146 Elwood D. Heiss … 259 illustrations and a glossary.
382 532 1984 146 Philadelphia,
567 610 66 52 P.
664 609 349 53 Blakiston’s
1044 627 101 35 son
1172 610 48 51 &
1249 626 80 36 co.
1367 612 193 65 [ᶜ1928]

453 690 1938 51 xi, 469 p. illus. (incl. ports.) diagrs. 23 ᶜᵐ . (Text books in science
381 749 80 40 for
490 749 189 39 normal
708 748 190 40 schools
928 750 96 39 and
1055 746 237 42 teachers’
1323 749 232 50 colleges)

455 820 234 41 Contains
724 819 395 48 bibliographies.

390 887 52 52 ©
477 891 111 40 Feb.
622 891 68 47 11,
725 890 142 47 1928;
900 891 69 40 2c.
1002 891 96 39 and
1132 889 83 43 aff.
1251 890 112 42 Feb.
1397 891 82 47 13;
1515 891 42 40 A
1589 890 231 49 1061689;
1857 892 51 40 P.
1944 890 301 42 Blakiston’s
2280 902 112 31 sons

458 952 37 40 &
524 958 67 30 co.
662 946 253 50 (28-5650)

384 1041 228 63 Aubry,
649 1042 242 54 Octave.

458 1121 121 52 The
620 1137 260 51 emperor
920 1119 138 54 falls
1098 1120 61 52 in
1198 1120 144 67 love,
1382 1120 96 53 the
1519 1138 262 35 romance
1821 1119 65 54 of
1924 1119 315 69 Josephine
2281 1121 113 52 and

387 1199 318 68 Napoleon,
742 1199 75 68 by
857 1198 215 55 Octave
1109 1197 224 69 Aubry,
1371 1199 317 52 translated
1731 1198 153 53 from
1921 1199 96 54 the
2057 1198 224 53 French
2319 1197 77 70 by

387 1277 206 69 Henry
635 1276 242 70 Longan
922 1275 218 56 Stuart.
1216 1276 140 53 New
1403 1276 164 53 York
1610 1278 113 52 and
1767 1277 260 66 London,
2072 1277 236 68 Harper
2350 1279 47 50 &

387 1355 280 67 brothers,
698 1358 149 49 1928.

458 1436 626 50 4 p. l., 3-304 p. 19½ᶜᵐ.
393 1505 52 52 ©
475 1509 112 41 Feb.
615 1509 69 48 16,
711 1508 116 41 1928;
882 1509 68 40 2c.
978 1510 95 39 and
1101 1508 82 41 aff.
1213 1508 113 41 Feb.
1354 1508 82 46 18;
1466 1508 42 39 A
1534 1508 229 47 1018835;
1794 1510 195 47 Harper
2016 1509 36 41 &
2081 1510 126 41 bros.

472 1566 253 49 (28-5536)

385 1660 219 63 Avent,
637 1659 156 55 John
827 1661 98 62 M.,
958 1661 84 52 ed.

469 1740 423 68 [Explanatory
937 1744 188 61 notes;
1175 1739 99 54 list
1321 1739 65 52 of
1429 1738 176 54 books
1653 1737 95 54 for
1793 1738 270 70 reading;
2111 1738 289 69 questions

395 1817 95 53 for
527 1818 343 64 discussion;
912 1817 214 54 studies
1164 1817 60 52 in
1263 1816 374 70 vocabulary;
1678 1816 137 54 Life
1851 1816 65 54 of
1954 1816 224 70 George
2215 1816 180 68 Eliot]

389 1896 77 68 by
506 1895 158 55 John
704 1896 79 51 M.
826 1894 196 53 Avent
1084 1895 61 52 [in
1186 1895 97 52 the
1321 1894 149 54 book
1508 1895 257 66 entitled]
1817 1893 150 56 Silas
2009 1895 254 67 Marner,
2302 1896 95 52 the

388 1993 220 33 weaver
659 1973 64 53 of
768 1973 248 54 Raveloe
1087 1973 94 70 [by]
1238 1972 221 70 George
1510 1972 175 54 Eliot.
1762 1975 236 66 Boston,
2044 1974 141 52 New
2234 1973 165 54 York

394 2051 946 69 [etc.] Allyn and Bacon [ ᶜ 1928]
463 2134 1057 50 vii, 301 p. front., plates, port. 17½ ᶜᵐ .
396 2203 53 53 ©
481 2208 111 40 Jan.
621 2207 70 47 29,
722 2206 115 41 1928;
896 2207 69 40 2c.
997 2207 96 39 and
1124 2205 83 42 aff.
1240 2205 112 42 Feb.
1383 2206 82 46 15;
1499 2205 42 40 A
1571 2205 230 47 1061718;
1835 2205 147 49 Allyn
2013 2206 37 41 &
2081 2207 179 40 Bacon.

391 2316 181 63 Bach,
602 2316 325 53 Hermann.

465 2396 109 53 Die
625 2394 593 70 abwasserreinigung;
1300 2393 359 70 einführung
1710 2412 128 34 zum
1889 2394 366 54 Verständnis
2306 2396 101 52 der

393 2474 378 68 kläranlagen
804 2472 99 54 für
936 2473 310 53 städtische
1280 2474 119 52 und
1432 2472 373 70 gewerbliche
1839 2473 299 67 abwässer,
2174 2491 111 35 von
2320 2473 84 54 dr.

395 2551 2010 69 H. Bach … Mit 64 abbildungen. München und Berlin, R.
395 2629 394 70 Oldenbourg,
819 2629 150 54 1927.

467 2711 826 49 ix, 183 p. illus., diagrs. 22 ᶜᵐ .
470 2781 353 43 “Schrifttum”
843 2793 9 30 :
886 2793 43 38 p.
959 2782 218 42 171-176.

400 2851 1804 53 © Aug. 23, 1927; 1c. Nov. 8; A —Foreign 36469; R. Oldenbourg.
479 2911 252 50 (28-5660)

394 3005 224 64 Bailey,
655 3005 255 64 Carolyn
943 3005 290 55 Sherwin.

465 3083 187 55 When
684 3082 387 70 grandfather
1102 3101 114 35 was
1251 3101 32 35 a
1316 3082 128 70 boy,
1475 3082 76 69 by
1585 3082 252 69 Carolyn
1872 3080 264 57 Sherwin
2170 3083 234 68 Bailey;

396 3161 328 54 illustrated
768 3161 76 68 by
890 3160 223 70 George
1159 3160 208 55 Gillett
1408 3159 293 70 Whitney.
1777 3161 236 67 Boston,
2058 3161 140 53 New
2243 3160 164 54 York

422 3245 119 62 [etc.]
576 3238 158 56 Ginn
764 3240 114 52 and
905 3256 283 51 company
1221 3241 193 64 [ᶜ1928]

466 3321 919 50 x, 164 p. incl. front., illus. 19 ᶜᵐ .
403 3390 52 52 ©
484 3393 111 40 Jan.
622 3393 69 47 16,
720 3391 141 48 1928;
891 3393 68 39 2c.
987 3391 113 40 Feb.
1127 3391 82 47 16;
1242 3389 82 42 aff.
1353 3391 123 40 Mar.
1504 3390 53 46 9;
1587 3390 41 39 A
1653 3390 231 47 1018818;
1916 3391 50 42 C.
1997 3391 45 41 S.
2073 3392 185 48 Bailey,
2289 3393 117 40 New

474 3450 144 40 York.
683 3444 68 54 [©
778 3449 210 47 changes
1013 3449 51 38 in
1089 3451 106 39 text
1220 3448 96 40 and
1342 3457 106 31 new
1473 3447 345 49 illustrations]
1885 3448 253 50 (28-5560)

399 3543 212 63 Baker,
646 3543 174 55 Clara
851 3542 178 54 Belle.

535 3618 1808 72 … Fifty flags, and other stories … by Clara B. Baker …
403 3696 1980 149 and Edna D. Baker … illustrated by Vera Stone. bk. 1. Indianapolis,
780 3776 1159 68 The Bobbs-Merrill company [ ᶜ 1928]
472 3858 1252 50 196 p. col. illus. 19 ᶜᵐ . (True story series)
405 3914 54 53 ©
491 3918 110 40 Jan.
633 3916 69 43 10,
734 3916 141 46 1928;
909 3917 67 41 2c.
1009 3917 95 40 and
1136 3915 82 42 aff.
1251 3916 111 41 Jan.
1393 3915 81 47 16;
1508 3915 41 40 A
1580 3915 230 47 1061227;
1846 3915 371 43 Bobbs-Merrill
2250 3927 67 31 co.

485 3973 250 59 (28-5419)
