2498 4384
1287 4106 135 50 1970

357 445 322 64 Masefield,
717 443 175 56 John.

430 521 259 69 Preface,
725 523 75 68 by
836 524 158 54 John
1028 524 297 53 Masefield
1368 522 78 68 [in
1480 524 97 52 the
1609 524 149 52 book
1793 523 258 67 entitled]
2092 523 121 53 The
359 522 1982 132 Oxford

530 602 348 66 recitations,
914 602 364 68 containing:
1315 603 155 51 Love
1504 603 61 51 in
1598 603 97 51 the
1730 603 203 66 desert,
1965 602 76 69 by
2075 602 291 53 Laurence

359 681 231 69 Binyon
611 699 9 33 :
660 680 56 52 A
754 681 255 69 parting,
1049 682 113 51 and
1201 681 123 52 The
1361 685 217 62 return,
1616 679 76 70 by
1730 679 238 55 Gordon
2007 682 330 67 Bottomley
2355 698 11 34 :

357 759 342 68 Polyxena’s
761 760 201 68 speech
1006 760 113 53 and
1182 759 122 53 The
1364 758 365 70 messenger’s
1792 759 220 68 speech,
2058 757 153 55 from
2270 760 97 53 the

356 836 2010 70 Hecuba of Euripides, translated by John Masefield … New
353 916 181 68 York,
566 917 121 52 The
716 916 338 53 Macmillan
1086 934 300 50 company,
1420 918 150 51 1928.

422 1000 336 47 53 p. 22½ ᶜᵐ .
356 1065 51 52 ©
440 1069 102 41 Oct.
570 1070 70 47 30,
669 1070 142 46 1928;
841 1070 68 41 2c.
939 1071 96 38 and
1065 1069 83 42 aff.
1179 1069 104 41 Oct.
1312 1070 53 38 31;
1428 1070 40 38 A
1497 1070 141 46 1658;
1672 1070 44 41 J.
1748 1070 264 47 Masefield,
2045 1070 172 39 Boar’s
2248 1070 119 48 Hill,

424 1126 201 48 Oxford,
658 1128 238 47 England.

352 1236 217 64 Mayol,
609 1235 241 54 Lurline
890 1236 247 55 Bowles.

424 1314 113 69 Jiji
573 1315 142 66 Lou,
751 1320 159 63 story
946 1316 232 51 written
1212 1314 76 69 by
1326 1314 237 53 Lurline
1600 1315 225 55 Bowles
1860 1314 217 69 Mayol,
2115 1314 250 69 pictures

354 1394 76 69 by
475 1394 154 52 Fern
673 1394 156 53 Bisel
873 1394 159 52 Peat.
1112 1393 140 52 New
1296 1393 182 67 York,
1521 1392 222 69 Akron,
1787 1392 88 68 O.,
1919 1394 122 52 The
2088 1392 273 56 Saalfield

348 1472 339 69 publishing
723 1491 283 50 company
1089 1475 153 64 [ᶜ1928]

422 1554 1449 49 5 p. l., 13-142 p. col. front., illus., col. plates. 26 ᶜᵐ .
420 1626 42 40 A
488 1627 97 40 doll
614 1628 150 45 story.

421 1683 290 40 Illustrated
746 1682 366 49 lining-papers.

354 1750 51 52 ©
438 1754 128 48 Sept.
595 1754 69 47 28,
694 1753 115 41 1928;
867 1754 67 39 2c.
964 1754 96 39 and
1088 1753 84 40 aff.
1201 1753 114 40 Dec.
1345 1752 56 40 10;
1459 1753 41 38 A
1528 1753 142 46 2153;
1706 1752 231 41 Saalfield
1967 1754 109 47 pub.
2107 1765 68 29 co.

432 1810 283 49 (28-30111)

349 1919 232 65 Mellen,
616 1920 229 63 George
880 1920 83 63 F.,
1000 1924 172 49 1894-

354 1996 1989 151 … F oreman training, prepared for Department of engineering
497 2077 312 67 extension,
849 2077 96 52 the
988 2076 430 68 Pennsylvania
1461 2081 145 48 state
1648 2077 230 68 college,
1917 2077 78 71 by
2033 2075 224 71 George
2298 2078 67 52 F.

347 2154 2022 67 Mellen … 1st ed. v. 1. New York [etc.] McGraw-Hill book
348 2255 301 52 company,
689 2236 126 67 inc.,
858 2238 149 49 1928.

418 2316 1542 53 ix, 150 p. illus. 19 ᶜᵐ . (Engineering extension series)
351 2375 51 53 ©
437 2379 112 41 Dec.
582 2378 68 48 13,
683 2376 114 41 1928;
859 2376 68 40 2c.
960 2375 112 41 Dec.
1106 2374 54 40 15;
1222 2373 84 41 aff.
1339 2374 113 40 Dec.
1487 2375 54 40 17;
1603 2374 41 40 A
1676 2373 119 42 2286;
1856 2374 354 42 McGraw-Hill
2242 2376 125 41 book

419 2447 83 37 co.,
529 2436 92 41 inc.

348 2528 346 65 Michelson,
734 2527 339 53 Aleksandr
1112 2525 446 55 Mikhaǐlovich.

421 2608 251 54 Russian
712 2606 195 70 public
947 2605 218 53 finance
1207 2605 215 69 during
1461 2605 96 53 the
1600 2623 135 35 war.
1812 2606 267 53 Revenue
2119 2608 115 52 and
350 2625 1994 132 expenditure,

711 2683 1657 70 by Alexander M. Michelson … with introduction
349 2760 2017 76 by Count Y. N. Kokovzov … Credit operations, by Paul N.
354 2840 1951 73 Apostol … Monetary policy, by Michael W. Bernatzky …
349 2923 142 53 New
521 2922 226 66 Haven,
781 2921 148 52 Yale
960 2918 320 69 university
1315 2937 187 50 press;
1538 2919 262 68 London,
1833 2920 79 52 H.
1945 2919 271 70 Milford,
351 2919 1992 135 Oxford

521 2999 322 68 university
880 3016 157 50 press
1075 2996 94 53 for
1205 2998 99 52 the
1342 2995 282 71 Carnegie
1661 2998 362 54 endowment
2059 2997 94 54 for
347 2999 1996 133 international

638 3095 170 50 peace
826 3095 10 33 :
864 3075 270 54 Division
1164 3074 64 54 of
1258 3075 313 53 economics
1601 3077 115 52 and
1745 3076 241 70 history,
2019 3079 153 52 1928.

349 3157 1998 102 xxiii, 461 p. tables (part fold.) 25 ᶜᵐ . [Carnegie endowment for international
686 3226 159 39 peace.
911 3215 225 41 Division
1172 3214 53 41 of
1260 3215 270 40 economics
1568 3216 97 40 and
1700 3215 206 49 history.
1971 3216 261 42 Economic
2268 3218 94 40 and

347 3272 1424 51 social history of the world war … Russian series]
349 3341 51 52 ©
435 3345 128 48 Sept.
591 3346 39 47 7,
659 3344 141 46 1928;
830 3344 69 41 2c.
930 3344 129 47 Sept.
1086 3344 83 45 22;
1201 3342 83 42 aff.
1314 3344 119 40 Nov.
1462 3344 53 46 3;
1547 3343 41 39 A
1616 3343 142 48 1516;
1791 3344 241 49 Carnegie
2057 3347 305 39 endowment

415 3402 79 40 for
527 3402 218 40 internatl.
814 3410 158 39 peace,
1008 3400 339 48 Washington.
1422 3400 281 48 (28-25443)

342 3495 311 63 Muraoka,
689 3496 205 54 Suezo.

414 3573 1886 70 The Muraoka systems on cutting … by Suezo Muraoka …
349 3653 130 66 [Los
505 3652 268 68 Angeles,
804 3651 57 55 S.
889 3652 302 66 Muraoka]
1228 3655 150 49 1928.

414 3734 1134 49 4 p. l., 179 p., 1 l. illus., port. 24 × 32ᶜᵐ.
415 3806 130 40 Title
579 3805 50 40 in
664 3806 205 47 English
904 3807 96 39 and
1034 3806 272 48 Japanese;
1342 3808 106 38 text
1479 3806 51 39 in
1563 3806 259 49 Japanese.

418 3863 129 39 “The
580 3863 309 48 proportions
922 3863 81 40 for
1035 3863 98 40 this
1168 3865 183 46 system
1385 3874 85 29 are
1503 3864 212 48 adapted
1747 3864 80 40 for
1862 3865 83 40 the
1978 3865 244 48 Japanese
343 3876 2001 91 people.”—2d

617 3920 173 48 prelim.
832 3919 118 42 leaf.

349 3986 51 52 ©
438 3992 121 47 Aug.
594 3992 69 47 30,
701 3992 114 40 1928;
880 3993 68 39 2c.
984 3993 118 39 Nov.
1139 3993 56 38 14;
1261 3991 83 42 aff.
1380 3993 118 39 Nov.
1536 3993 55 40 13;
1657 3993 41 38 A
1735 3993 86 40 980;
1890 3993 45 40 S.
1972 3993 256 47 Muraoka,
2266 3994 93 40 Los

416 4048 222 48 Angeles.
707 4049 281 48 (28-30244)
