2498 4384
1239 4086 102 50 884

280 431 357 61 Charasson,
667 429 333 53 Henriette.

407 503 1865 72 … Deux petits hommes et leur mère. Paris, E. Flammariou
282 591 171 63 [1928]

341 670 101 46 221,
475 669 55 48 [1]
561 679 43 37 p.
664 667 117 41 18ᶜᵐ.

616 738 212 40 CONTENTS.—Deux
857 737 149 48 petits
1036 737 216 39 hommes
1284 737 48 39 et
1362 737 107 38 leur
1499 736 399 46 mere.—Images
1929 736 58 39 de
2019 734 142 49 piété.

282 807 1994 52 © Mar. 22, 1928; 1c. Apr. 6; A—Foreign 37644; Ernest Flammarion.
364 866 281 49 (28-15044)

281 960 139 64 City
447 961 130 53 club
608 961 64 52 of
701 961 253 52 Denver.

346 1039 114 53 Art
492 1040 62 52 in
582 1040 247 65 Denver,
861 1038 282 68 compiled
1173 1039 77 67 by
1280 1038 96 52 the
1408 1037 147 52 Fine
1586 1042 116 47 arts
1735 1037 320 52 committee
2088 1035 65 54 of
2184 1038 96 51 the

278 1117 135 69 City
448 1118 128 52 club
610 1116 63 53 of
704 1117 247 66 Denver,
985 1115 224 70 George
1239 1116 91 53 W.
1364 1115 254 67 Kassler,
1653 1115 294 52 chairman
1982 1114 145 53 Fine
2162 1119 118 48 arts

276 1192 1980 147 committee, Samuel Sergeant Newbury, chairman on this publication … Denver, 1928.
347 1356 55 40 59
442 1367 44 37 p.
552 1357 160 46 plates
738 1356 48 48 (1
828 1356 198 48 double)
1102 1355 148 40 23½ᶜᵐ.
1329 1354 135 49 (City
1505 1356 107 39 club
1654 1354 52 41 of
1746 1354 192 40 Denver
1980 1354 300 48 publication

276 1414 205 39 number
509 1413 81 48 14)

349 1470 293 40 “Published
687 1470 342 47 concurrently
1074 1479 55 30 as
1176 1470 84 40 the
1306 1470 221 42 Lookout
1572 1469 130 40 from
1749 1470 82 41 the
1878 1469 194 39 Denver
2120 1469 160 48 public

277 1528 200 47 library,
506 1528 192 39 volume
726 1528 38 46 1,
794 1528 203 39 number
1025 1525 70 42 2.”

286 1580 51 52 ©
363 1585 115 47 Apr.
504 1584 69 48 30,
600 1584 141 46 1928;
769 1584 69 40 2c.
864 1585 115 46 May
1004 1583 82 47 19;
1116 1583 82 40 aff.
1225 1585 115 46 May
1367 1584 82 46 18;
1479 1584 41 39 A
1546 1583 229 47 1077316;
1807 1582 111 49 City
1944 1584 110 39 club
2082 1583 52 40 of
353 1583 1912 105 Denver,
484 1642 207 39 Denver.
765 1640 280 49 (28-14903)

285 1734 262 63 Classen,
580 1734 354 62 Alexander,
972 1738 171 49 1843-

351 1813 402 63 Quantitative
824 1814 229 67 analyse
1124 1814 180 51 durch
1376 1813 355 67 elektrolyse,
1783 1812 320 69 begründet
2173 1830 112 33 von

274 1891 332 53 Alexander
642 1890 248 54 Classen.
967 1891 46 53 7.
1051 1891 128 52 aufl.
1214 1891 290 67 umgearb.
1541 1909 110 34 von
1685 1891 329 52 Alexander
2051 1890 232 55 Classen

337 1968 1718 69 … und Heinrich Danneel … Mit 78 textabbildungen
2105 1969 59 69 (2
278 1974 1982 141 tafeln)
471 2048 118 51 und
622 2046 356 53 zahlreichen
1014 2046 262 53 tabeilen.
1354 2047 218 66 Berlin,
1603 2047 54 54 J.
1695 2046 298 69 Springer,
2028 2047 150 52 1927.

345 2130 1252 49 ix, 399, [1] p. illus., 2 fold. pl., diagrs. 22 ᶜᵐ .
288 2182 1996 53 © Oct. 11, 1927; 1c. Mar. 2, 1928; A —Foreign 37791; Julius Snringer.
363 2242 281 49 (28-14818)

290 2337 307 69 [Clemens,
629 2337 237 55 Samuel
897 2336 375 68 Langhorne]
1314 2340 324 49 1835-1910.

351 2415 1934 71 The adventures of Thomas Jefferson Snodgrass [ by] Mark
281 2495 204 52 Twain
524 2528 20 34 L
544 2495 177 67 pseud
726 2537 9 9 .
743 2529 12 33 3
794 2494 189 53 edited
1015 2496 76 67 by
1126 2493 237 55 Charles
1397 2495 217 67 Honce,
1647 2495 141 53 with
1823 2514 31 34 a
1891 2495 285 54 foreword
2210 2497 74 68 by

281 2573 248 54 Vincent
568 2572 268 67 Starrett,
873 2573 114 51 and
1024 2591 32 34 a
1092 2577 132 48 note
1262 2591 72 34 on
1371 2571 91 53 “A
1499 2572 315 54 celebrated
1853 2574 212 68 village
2104 2574 180 53 idiot”

281 2651 75 69 by
389 2651 193 54 James
618 2650 321 55 O’Donnell
974 2651 264 52 Bennett.
1311 2650 271 69 Chicago,
1617 2652 64 51 P.
1720 2650 214 68 Covici,
1969 2652 127 66 inc.,
2134 2656 149 50 1928.

353 2732 139 49 xxiii,
526 2734 69 48 [1],
626 2731 58 41 59
711 2743 43 37 p.
812 2732 119 42 24ᶜᵐ.

353 2790 148 40 “This
537 2789 184 42 edition
758 2789 51 40 of
844 2789 102 40 The
982 2790 296 40 adventures
1316 2790 51 40 of
1402 2790 211 41 Thomas
1651 2791 243 41 Jefferson
1934 2791 273 49 Snodgrass
2245 2793 40 40 is

281 2846 190 40 limited
511 2848 48 38 to
600 2847 137 40 three
776 2847 221 40 hundred
1039 2847 96 39 and
1174 2847 314 47 seventy-five
1528 2850 263 38 numbered
1832 2849 159 48 copies
2033 2849 53 41 of
2127 2849 157 41 which

281 2903 100 40 this
410 2903 44 40 is
484 2914 75 30 no.
589 2902 128 43 136.”

357 2960 135 43 First
522 2960 256 49 published
811 2961 49 39 in
891 2961 82 40 the
1005 2960 208 42 Keokuk
1247 2961 247 49 Saturday
1525 2963 110 48 post
1667 2965 95 38 and
1797 2964 80 39 the
1912 2964 207 40 Keokuk
2153 2964 132 48 daily

282 3019 122 47 post,
435 3017 218 42 1856-57.
712 3018 62 49 cf.
806 3018 186 41 Introd.

351 3075 103 41 The
485 3075 302 41 “celebrated
816 3075 181 49 village
1024 3075 150 42 idiot”
1205 3076 43 41 is
1279 3076 150 42 Orion
1460 3076 235 43 Clemens.

291 3128 51 54 ©
375 3134 123 40 Mar.
529 3133 69 48 24,
631 3133 117 42 1928;
805 3135 67 41 2c.
904 3135 96 39 and
1031 3133 82 42 aff.
1145 3134 128 41 June
1305 3136 52 47 7;
1391 3135 41 40 A
1464 3135 229 49 1074919;
1728 3137 174 41 Pascal
1936 3136 165 42 Covici
2134 3138 150 48 pubr.,

358 3189 91 43 inc.
520 3191 281 49 (28—14836)

286 3285 315 63 Courcelle,
642 3285 197 54 Louis.

357 3363 167 52 Traité
596 3363 422 54 administratif
1058 3366 94 52 des
1190 3370 246 47 travaux
1476 3365 239 71 publics,
1753 3385 104 49 par
1896 3367 174 52 Louis
287 3366 1978 127 Courcelle

521 3442 1765 70 … Nouv. éd. complètement remaniée … Complément.
286 3518 52 52 A
371 3518 128 68 jour
531 3538 68 33 au
633 3523 61 48 15
727 3521 223 52 octobre
986 3520 147 53 1927.
1211 3522 184 54 Paris,
1426 3524 228 65 Dunod,
1689 3527 149 49 1928.

358 3601 131 47 xxiv,
523 3602 99 42 475.
660 3603 54 48 [1]
751 3613 42 37 p.
855 3604 169 40 tables.
1084 3604 146 41 25½ᶜᵐ.

291 3653 1563 56 © Mar. 10, 1928; 1c. Apr. 20; A—Foreign 38536; Dunod.
289 3750 331 64 Davignon,
654 3752 203 62 Henri,
895 3753 168 54 1879-

415 3829 1317 73 … Le vieux Bon Dieu. Paris, Plon [1927]
355 3911 639 49 3 p. l., 242 p., 1 l. 19ᶜᵐ.
293 3964 1991 59 © Oct. 17, 1927; 1c. Jan. 27, 1928; A—Foreign 37276; Librairie Plon.
369 4025 281 51 (28-15206)
