2498 4384
1277 4087 136 55 1570

360 514 170 49 signed
561 516 96 38 and
688 515 232 48 specially
952 516 174 48 bound,
1158 527 85 28 are
1273 527 61 28 on
1364 516 232 48 Ronneby
1627 517 293 40 hand-made
1951 528 152 38 paper
2132 518 239 48 imported

359 571 130 41 from
541 573 214 46 Sweden,
806 574 96 38 and
950 572 86 41 750
1086 583 60 29 on
1193 573 284 47 Normandy
1525 573 179 39 vellum
1754 584 150 38 paper
1954 574 241 48 imported
2243 575 128 39 from

361 629 200 40 France.
622 629 213 39 Number
866 629 128 41 737.”

365 682 52 52 ©
445 686 120 48 Aug.
591 686 70 47 22,
690 686 115 39 1928;
860 686 68 40 2c.
956 687 95 38 and
1079 685 83 41 aff.
1193 685 130 48 Sept.
1351 687 54 37 11;
1462 686 42 38 A
1531 686 204 40 1054586;
1793 686 177 49 Covici,
2002 687 188 47 Friede,
2220 687 92 41 inc.

444 742 281 49 (28-22484)

359 823 215 64 Leach,
611 823 257 54 William
905 824 285 63 Herman,
1234 828 172 49 1888-

437 900 230 55 Church
695 901 218 53 finance;
972 900 237 69 raising,
1237 901 302 69 spending,
1568 901 360 69 accounting,
1954 902 77 69 by
2060 903 136 53 Rev.
364 903 1979 128 William
528 978 77 53 H.

634 978 1638 70 Leach … Nashville, Tenn., Cokesbury press, 1928.
434 1060 87 39 224
550 1072 43 36 p.
625 1060 110 40 incl.
767 1060 168 45 forms,
968 1059 154 46 dingr.
1184 1060 147 39 20½ᶜᵐ.

363 1114 52 52 ©
450 1118 128 48 Sept.
609 1118 68 47 13,
708 1117 115 40 1928;
880 1118 68 40 2c.
978 1118 96 39 and
1105 1117 82 41 aff.
1220 1117 104 41 Oct.
1354 1118 56 39 13;
1470 1117 40 39 A
1540 1118 204 41 1053949;
1805 1119 182 39 Lamar
2016 1119 38 40 &
2083 1119 284 50 Whitmore,

430 1174 267 41 Nashville.
763 1174 281 48 (28-23816)

358 1254 83 52 Le
477 1254 210 63 Franc,
722 1253 208 53 Marie.

433 1330 1937 71 The whisper of a name < Grand-Louis l'I nnocent)> by Marie
358 1408 1986 147 Le Franc, translated by George & Hilda Shively. Indianapolis, The Bobbs-Merrill company [ ᶜ19 28 ]
429 1569 99 46 243,
561 1570 54 47 [1]
649 1579 43 37 p.
752 1569 118 39 20ᶜᵐ.

361 1622 52 52 ©
442 1627 102 40 Oct.
574 1626 38 48 5,
642 1626 118 41 1928;
813 1627 69 39 2c.
911 1627 95 38 and
1036 1626 82 40 aff.
1149 1626 104 41 Oct.
1282 1626 55 39 10;
1397 1627 41 38 A
1465 1626 205 41 1053877;
1729 1626 373 41 Bobbs-Merrill
2132 1639 68 30 co.

439 1683 281 48 (28-23922)

358 1763 218 64 Louÿs,
606 1763 223 63 Pierre,
861 1763 328 53 1870-1925.

428 1842 238 68 Psyche,
706 1842 75 68 by
821 1839 198 55 Pierre
1059 1841 210 68 Louÿs,
1312 1840 141 53 with
1497 1861 31 33 a
1570 1842 326 53 conclusion
1938 1841 113 54 and
2092 1848 160 48 notes
2293 1842 77 70 by

360 1919 219 56 Claude
608 1920 243 52 Farrère
886 1951 20 36 [;
906 1920 191 67 pseud.]
1151 1920 383 53 illustrations
1561 1920 77 69 by
1665 1919 279 68 Majeska.
2019 1920 140 53 New
2191 1920 181 68 York,

358 1999 217 69 Covici,
602 1998 225 69 Friede,
860 2001 150 50 1928.

429 2079 1390 49 4 p. l., 3-199 p., 1 l. col. front., col. plates. 25½ᶜᵐ.
432 2136 23 18 “…
536 2137 101 39 The
662 2136 185 40 edition
873 2135 208 40 consists
1107 2136 52 40 of
1184 2136 217 40 thirteen
1428 2136 160 47 copies
1616 2148 61 28 on
1705 2138 106 38 Van
1840 2137 176 40 Gelder
2042 2147 163 38 paper,
359 2149 1991 85 numbered
537 2194 24 39 1
597 2196 49 37 to
679 2194 54 39 13;
799 2194 96 38 and
928 2194 174 38 twelve

1136 2193 225 39 hundred
1395 2193 155 47 thirty
1585 2204 146 29 seven
1764 2193 161 48 copies
1959 2204 62 30 on
2060 2194 307 42 Strathmore

360 2252 218 45 saxonet,
607 2250 51 40 of
683 2249 160 40 which
868 2249 138 40 three
1031 2250 238 47 hundred,
1295 2250 265 39 numbered
1587 2250 56 39 14
1671 2252 48 38 to
1744 2251 99 47 313,
1871 2261 84 29 are
1982 2250 81 41 for
2090 2252 82 39 the
2200 2250 167 42 Pierre

357 2307 162 47 Louÿs
547 2307 198 46 society.
806 2306 118 40 This
954 2306 42 40 is
1025 2306 204 39 number
1259 2306 128 40 603.”

357 2361 51 53 ©
437 2366 120 48 Aug.
584 2364 69 49 22,
682 2364 114 42 1928;
852 2365 67 41 2c.
948 2365 96 39 and
1073 2363 82 43 aff.
1186 2364 130 48 Sept.
1344 2365 54 38 11;
1457 2365 41 39 A
1526 2364 206 41 1054589;
1789 2365 177 50 Covici,
1997 2366 189 48 Friede,
2215 2366 91 42 inc.

436 2422 281 50 (28-22361)

353 2503 269 64 Ludwig,
656 2502 174 64 Emil,
867 2506 170 49 1881-

428 2581 246 67 Goethe;
712 2581 95 53 the
841 2581 224 67 history
1098 2581 65 52 of
1197 2598 30 34 a
1264 2598 151 50 man,
1452 2579 329 69 1749-1832,
1815 2581 76 68 by
1927 2581 158 52 Emil
2118 2581 248 68 Ludwig

419 2658 1884 69 … translated from the German by Ethel Colburn Mayne …
357 2738 138 54 New
526 2738 180 67 York,
734 2738 259 66 London,
1021 2736 68 55 G.
1120 2737 64 52 P.
1215 2735 300 54 Putnam’s
1543 2754 147 50 sons,
1723 2739 151 51 1928.

460 2853 8 15 x,
498 2821 85 40 647
610 2831 43 38 p.
713 2820 164 47 front.,
907 2832 75 36 pl.,
1013 2821 149 46 ports.
1222 2819 149 41 24½ᶜᵐ.

426 2878 163 40 “First
618 2877 198 48 edition,
849 2876 120 41 with
999 2875 212 49 portrait
1243 2875 51 39 in
1325 2875 404 49 photogravure.”

427 2936 52 38 “I
508 2935 125 39 have
662 2934 233 48 abridged
925 2933 82 41 the
1038 2933 213 40 German
1279 2933 187 40 edition
1495 2933 61 48 by
1586 2933 417 49 half.”—Introd.,

2034 2933 170 48 signed
2236 2933 127 39 Emil

354 2991 217 49 Ludwig.

354 3045 52 51 ©
434 3049 121 47 Aug.
582 3049 70 47 24,
680 3048 115 40 1928;
851 3048 69 40 2c.
949 3049 96 38 and
1073 3046 83 42 aff.
1184 3048 123 46 Aug.
1335 3046 59 40 28;
1450 3047 41 38 A
1519 3047 205 39 1054024;
1783 3046 54 41 G.
1867 3047 52 40 P.
1948 3047 254 39 Putnam’s
2232 3057 128 31 sons.

431 3105 283 49 (28-20579)

347 3183 346 65 McGuckin,
723 3183 250 53 Mildred
1005 3182 183 55 Criss.

422 3262 179 52 Little
631 3261 294 68 cabbages,
957 3261 75 68 by
1064 3260 256 53 Mildred
1355 3260 157 54 Criss
1543 3259 347 68 McGuckin,
1923 3259 328 54 illustrated
2285 3260 75 68 by

353 3340 202 68 Nancy
591 3339 312 51 Barnhart.
976 3336 234 55 Garden
1251 3337 153 69 City,
1442 3338 71 52 N.
1552 3338 91 67 Y.,
1679 3337 360 70 Doubleday,
2077 3338 200 52 Doran
2314 3340 46 50 &

350 3434 300 51 company,
679 3416 127 67 inc.,
838 3418 151 50 1928.

425 3497 1482 49 viii p., 2 l., 313 p. incl. illus., plates, col. front. 21ᶜᵐ.
425 3556 113 46 Map
566 3566 60 28 on
655 3553 366 48 lining-papers.

352 3609 52 51 ©
434 3613 102 40 Oct.
563 3612 39 48 5,
630 3612 114 40 1928;
800 3612 68 39 2c.
897 3613 96 38 and
1021 3611 83 41 aff.
1134 3611 103 40 Oct.
1265 3611 55 39 15;
1377 3611 41 38 A
1445 3612 56 39 31;
1560 3612 300 47 Doubleday,
1891 3611 169 40 Doran
2087 3610 38 40 &
2151 3621 81 37 co.,
2264 3610 91 41 inc.

430 3668 282 50 (28-23668)

347 3733 292 64 Maguire,
675 3733 156 53 John
868 3733 390 64 MacArthur,
1301 3738 170 49 1888-

418 3811 121 52 The
570 3811 159 52 lance
760 3811 64 52 of
854 3810 232 69 justice;
1122 3830 30 33 a
1184 3811 489 52 semi-centennial
1704 3811 223 68 history
1957 3811 65 52 of
2052 3811 97 52 the
2180 3808 177 69 Legal

346 3886 1988 150 aid society, 1876-1926, by John Arthur Maguire … Cambridge, Harvard university press, 1928.
