2498 4384
1337 4086 101 52 674

462 526 179 40 “Third
671 525 197 47 edition,
896 525 109 39 first
1033 523 261 49 printing.”

393 579 52 52 ©
476 584 110 38 Feb.
615 582 38 47 9,
683 581 114 41 1928;
853 582 68 39 2c.
951 582 95 38 and
1076 579 82 42 aff.
1186 582 124 38 Mar.
1339 580 54 39 21;
1453 581 41 37 A
1524 578 201 41 1068459;
1786 579 222 39 Babcock
2038 579 37 39 &
2102 578 187 40 Wilcox
2320 588 67 30 co.

474 639 279 49 (28-12357)

390 733 244 57 Barber,
663 732 251 52 Arthur.

460 812 122 51 The
617 811 284 67 everyday
937 809 348 68 philosophy
1321 808 64 53 of
1421 809 166 53 Jesus
1623 808 114 52 and
1771 808 90 52 his
1895 808 235 52 brother
2164 808 222 65 James;

389 895 58 46 to
473 889 168 51 know
666 889 167 67 good,
859 893 57 46 to
945 888 71 51 do
1043 887 165 68 good,
1235 892 58 47 to
1317 886 69 53 be
1410 886 166 69 good,
1599 886 76 68 by
1699 885 225 53 Arthur
1951 885 236 52 Barber.
393 887 1972 146 Boston,

535 966 67 52 R.
634 965 68 54 G.
735 966 230 67 Badger
1042 965 152 65 [ᶜ1927]

459 1050 365 47 132 p. 21½ ᶜᵐ .
393 1101 52 52 ©
470 1107 110 38 Jan.
603 1106 68 46 11,
695 1105 114 40 1928;
862 1105 67 40 2c.
953 1104 114 47 Apr.
1090 1103 82 46 30;
1199 1102 82 41 aff.
1306 1103 113 47 Apr.
1444 1103 56 39 27;
1553 1102 41 39 A
1617 1102 204 40 1074224;
1876 1101 216 41 Richard
2111 1102 53 39 G.
2183 1102 205 48 Badger.

472 1162 280 49 (28-12032)

393 1244 223 67 [Barse,
649 1243 230 52 Horace
911 1243 54 52 H]
1275 1245 170 49 1895-
1626 1257 179 52 comp.

462 1322 139 53 New
646 1326 176 48 toasts
868 1322 111 51 and
1026 1320 151 53 after
1223 1320 205 53 dinner
1472 1319 216 53 stories.
1770 1320 138 51 New
1956 1318 180 67 York,
2183 1319 68 51 N.
2307 1319 85 66 Y.,

391 1399 265 67 Newark,
683 1400 69 51 N.
780 1399 76 67 J.,
885 1400 177 51 Barse
1090 1400 45 50 &
1162 1416 79 34 co.
1278 1401 192 63 [1928]

459 1480 590 49 3 p. l., 11-95 p. 16 ᶜᵐ .
393 1534 52 52 ©
472 1539 114 47 Apr.
611 1538 69 46 20,
708 1538 114 39 1928;
876 1538 67 40 2c.
971 1538 96 39 and
1094 1536 81 42 aff.
1202 1536 114 49 Apr.
1341 1537 55 39 21;
1453 1538 42 37 A
1520 1536 203 41 1069873;
1780 1537 154 39 Barse
1961 1536 37 40 &
2023 1546 70 31 co.

471 1595 279 49 (28-12119)

389 1676 282 62 Bartlett,
703 1676 226 53 Josiah.

461 1755 253 68 Algebra
747 1754 204 52 review
985 1754 290 66 exercises,
1307 1754 304 67 especially
1643 1753 250 68 adapted
1926 1758 59 47 to
2018 1753 373 68 preparation

393 1831 1935 70 for college-entrance examinations, by Josiah Bartlett …
392 1909 1938 70 George W. Creelman … Ernest E. Rich … Cecil A. Ewing …
392 1986 2000 71 George R. Wilson … under the editorial supervision of Islay
392 2064 1999 70 F. McCormick … Boston, New York [etc.] Ginn and company
438 2147 150 63 [ᶜ1928]

458 2225 431 49 vi, 151 p. 19 ᶜᵐ .
393 2278 52 52 ©
472 2284 122 40 Mar.
620 2283 68 47 31,
716 2282 113 40 1928;
883 2283 68 40 2c.
978 2283 116 48 May
1116 2284 28 38 4;
1200 2282 84 41 aff.
1311 2284 114 46 May
1450 2283 26 40 3;
1531 2283 43 39 A
1597 2282 203 41 1074341;
1859 2283 126 40 Ginn
2013 2282 36 41 &
2076 2294 68 29 co.

470 2340 280 48 (28-12525)

387 2421 277 63 Berman,
691 2421 197 63 Louis,
917 2424 171 50 1893-

460 2500 119 52 The
609 2500 205 68 glands
843 2500 328 68 regulating
1201 2501 382 67 personality;
1615 2519 31 33 a
1673 2501 172 66 study
1874 2498 64 54 of
1966 2501 96 52 the
2092 2502 205 67 glands
2326 2501 64 52 of

389 2577 249 53 internal
678 2578 276 52 secretion
994 2579 60 51 in
1097 2579 243 51 relation
1379 2583 58 48 to
1476 2579 96 51 the
1610 2585 165 62 types
1814 2578 64 53 of
1916 2579 216 52 human
2169 2585 220 61 nature,

387 2657 1946 130 by Louis Berman … 2d ed., rev. … New York, The Macmillan
618 2753 297 49 company,
945 2737 149 50 1928.

457 2817 666 49 viii p., 1 l., 341 p. 22 ᶜᵐ .
391 2869 52 53 ©
475 2876 113 45 May
617 2876 37 45 1,
687 2874 113 40 1928;
859 2875 68 43 2c.
957 2878 96 38 and
1082 2874 82 41 aff.
1194 2876 114 46 May
1338 2875 25 38 2;
1424 2875 40 38 A
1493 2875 204 40 1074306;
1756 2876 51 40 L.
1838 2877 226 46 Berman,
2095 2876 118 40 New
2243 2877 145 41 York.

470 2931 279 48 (28-12003)

389 3011 185 53 Bible.
653 3013 64 51 O.
751 3013 62 51 T.
889 3013 158 67 Song
1081 3013 62 67 of
1173 3013 287 51 Solomon.
1541 3013 262 52 German.

458 3090 119 52 Das
606 3090 144 52 hohe
781 3090 113 52 lied;
956 3091 282 52 übersetzt
1270 3091 117 51 und
1419 3091 215 52 erklärt
1665 3109 111 34 von
1806 3091 355 53 Athanasius
2193 3092 195 52 Miller

450 3167 869 68 … Bonn, P. Hanstein, 1927.
457 3250 100 47 viii,
586 3250 56 39 76
669 3260 43 37 p.
774 3250 146 40 25½ᶜᵐ.

389 3301 1995 55 © Sept. 25, 1927; 1c. Mar. 2, 1928; A —Foreign 37897; Pefer Hanstein.
388 3442 326 64 Bierstadt,
746 3445 251 52 Edward
1031 3446 165 60 Hale,
1228 3447 83 50 ed.

519 3522 1865 70 … [Introduction and notes] by Edward Hale Bierstadt [in
385 3599 98 51 the
518 3600 147 51 book
702 3601 255 65 entitled]
1004 3601 336 53 Celebrated
1379 3602 164 52 trials
1583 3603 113 51 and
1735 3602 355 53 remarkable
2130 3621 149 35 cases
2320 3603 64 52 of

386 3676 264 52 criminal
688 3677 434 68 jurisprudence
1162 3678 152 52 from
1353 3679 96 52 the
1488 3679 225 53 earliest
1753 3681 225 52 records
2016 3685 58 47 to
2114 3681 95 52 the
2248 3699 136 49 year

389 3755 1993 71 1825. First compiled and edited by George Borrow … New
386 3831 181 65 York,
595 3832 229 68 Payson
851 3835 45 49 &
927 3832 209 54 Clarke
1163 3834 123 66 ltd.,
1319 3837 149 51 1928.

456 3913 835 49 2 v. plates, ports., map. 23 ᶜᵐ .
389 3965 52 53 ©
479 3971 121 40 Mar.
634 3970 69 48 31,
740 3970 113 42 1928;
918 3972 68 41 2c.
1021 3972 118 41 each
1172 3972 116 49 Apr.
1322 3973 26 40 2;
1414 3973 83 42 aff.
1534 3975 112 49 May
1682 3974 25 41 1;
1773 3974 42 40 A
1850 3975 202 40 1074284;
2118 3976 192 46 Payson
2347 3980 36 40 &

457 4026 176 48 Clarke
657 4029 72 39 ltd.
