2498 4384
1264 4074 136 51 1410

413 499 1182 49 viii, 141 p. incl. illus., tables, diagrs. 23 ᶜᵐ .
339 552 1989 102 © Dec. 22, 1927; 1c. Apr. 23, 1928; A— Foreign 38636; Johann Ambrosius
538 614 172 40 Barth.
782 614 281 50 (28-22239)

339 707 304 64 Lemmon,
677 708 223 53 Robert
934 707 163 65 Stell,
1135 712 173 49 1885-

403 784 1946 72 About your dog, by Robert Stell Lemmon … with nineteen
335 864 2014 69 black-and-white illustrations from photographs … New
335 943 181 68 York,
545 943 311 53 Frederick
884 944 70 51 A.
988 943 203 55 Stokes
1219 961 301 50 company,
1551 946 151 50 1928.

442 1057 8 16 x,
481 1025 86 40 245
598 1037 43 37 p.
701 1026 165 48 front.,
899 1027 172 47 plates.
1132 1024 149 42 19½ᶜᵐ.

405 1083 353 48 Bibliography:
813 1094 43 37 p.
885 1083 220 40 237-241.

338 1135 52 52 ©
426 1140 129 48 Sept.
588 1141 69 47 13,
691 1140 141 47 1928;
867 1140 68 41 2c.
971 1139 129 48 Sept.
1133 1141 82 45 17;
1253 1138 82 42 aff.
1372 1139 129 48 Sept.
1535 1139 82 48 15;
1653 1139 40 39 A
1726 1139 231 47 1054353;
1994 1138 265 40 Frederick
2292 1138 54 41 A.

408 1196 174 41 Stokes
612 1207 69 30 co.
752 1196 281 49 (28-21710)

327 1289 88 64 Li,
451 1289 128 55 Chi.

412 1367 123 53 The
575 1366 317 53 formation
932 1366 65 53 of
1034 1367 96 52 the
1172 1366 245 55 Chinese
1455 1366 231 69 people;
1732 1384 73 35 an
1846 1366 498 69 anthropological

340 1443 2008 71 inquiry, by Chi Li … Cambridge, Harvard university press,
341 1525 152 51 1928.

413 1603 1879 50 6 p. l., [3]-283 p., 1 l. incl. maps, tables, geneal. tab., diagrs. 26½ᶜᵐ.
412 1660 1758 49 “Books and articles consulted” at end of chapter II (p. 49-51)
338 1715 51 52 ©
424 1719 128 48 Sept.
582 1719 40 47 1,
653 1719 114 40 1928;
826 1718 68 41 2c.
928 1718 129 48 Sept.
1086 1720 27 37 4;
1174 1718 83 40 aff.
1291 1718 129 48 Sept.
1451 1719 58 40 10;
1567 1719 42 40 A
1639 1719 207 40 1054189;
1905 1719 259 41 President
2195 1720 36 40 &
404 1719 1926 96 fellows

554 1775 52 40 of
636 1775 232 40 Harvard
898 1776 193 47 college,
1124 1774 303 50 Cambridge,
1460 1777 149 41 Mass.
1678 1775 283 50 (28-22008)

329 1868 185 53 Little
545 1868 271 69 journeys
837 1874 58 48 to
916 1869 219 52 Alaska
1158 1870 115 51 and
1296 1868 237 55 Canada;
1585 1869 237 68 Alaska,
1844 1870 76 69 by
1960 1870 185 53 Edith
400 1869 1929 129 Kingman

570 1946 180 67 Kern,
787 1944 255 71 Canada,
1076 1946 75 70 by
1184 1946 234 53 Marian
1451 1947 81 54 M.
1568 1946 239 70 George.
1879 1948 139 53 Rev.
2054 1949 86 52 ed.
401 1946 1918 147 Chicago,

592 2024 73 53 A.
698 2023 304 70 Flanagan
1036 2042 300 51 company,
1373 2027 152 51 1928.

400 2108 101 47 167,
535 2109 53 48 [1]
622 2118 43 38 p.
726 2107 130 41 illus.
913 2107 146 41 19½ᶜᵐ.
1128 2107 254 48 (Lettered
1413 2118 60 29 on
1503 2118 165 31 cover:
1697 2108 207 48 Library
1934 2108 53 41 of
2015 2108 184 49 travel)

404 2164 285 41 “Canadian
718 2165 115 40 boat
863 2164 145 48 song”
1041 2164 120 41 with
1190 2164 155 40 music
1385 2165 46 47 (1
1463 2175 43 38 p.
1536 2168 52 37 at
1617 2166 117 44 end)

337 2217 51 52 ©
417 2222 129 47 Sept.
573 2223 68 45 11,
668 2221 115 40 1928;
836 2221 69 41 2c.
934 2221 129 48 Sept.
1090 2221 55 39 15;
1202 2220 84 42 aff.
1315 2220 130 49 Sept.
1471 2222 56 39 13;
1584 2222 42 38 A
1651 2221 205 41 1053324;
1911 2223 56 38 A.
1996 2222 255 47 Flanagan
2278 2233 68 29 co.

415 2277 282 49 (28-22069)

333 2370 188 66 Lufft,
554 2371 327 55 Hermann.

405 2448 232 56 Samuel
676 2448 309 69 Gompers;
1029 2449 443 53 arbeiterschaft
1509 2451 120 52 und
1667 2449 586 70 Volksgemeinschaft
2289 2450 60 54 in

331 2528 112 53 den
467 2527 376 69 Vereinigten
870 2526 240 56 Staaten
1134 2545 113 35 von
1272 2527 295 69 Amerika,
1592 2546 114 35 von
1730 2529 85 53 dr.
1841 2529 304 52 Hermann
2168 2529 179 53 Lufft.

331 2606 222 68 Berlin,
584 2606 69 53 R.
685 2605 296 70 Hobbing,
1015 2608 152 51 1928.

400 2690 87 40 213
519 2701 44 37 p.
622 2690 148 40 23½ᶜᵐ.

336 2742 1871 52 © Jan. 31, 1928; 1c. June 13; A —Foreign 39192; Reimar Hobbing.
414 2802 283 49 (28-22293)

333 2895 389 65 Macfarlane,
757 2896 156 53 John
946 2896 222 64 James,
1206 2900 172 49 1846-

403 2968 355 61 Conversion
796 2975 181 52 tables
1018 2974 65 53 of
1126 2973 230 70 foreign
1398 2975 112 52 and
1552 2975 274 53 domestic
1867 2975 261 69 weights,
329 2994 1994 112 measures

487 3054 113 52 and
629 3071 250 50 moneys,
908 3053 141 52 with
1080 3053 389 67 comparisons
1499 3052 65 52 of
1591 3053 185 67 prices
1807 3072 102 49 per
1938 3054 215 67 pound,
2184 3055 162 67 yard,

331 3133 196 67 gallon
557 3151 64 33 or
650 3132 199 52 bushel
880 3132 62 52 in
972 3131 220 54 United
1227 3130 190 55 States
1447 3149 205 50 money
1684 3131 141 52 with
1858 3131 185 68 prices
2075 3149 102 50 per
2209 3130 137 67 kilo,

329 3215 196 62 meter,
564 3210 132 52 liter
733 3229 63 33 or
832 3209 300 53 hectoliter
1171 3209 62 52 in
1271 3208 230 69 foreign
1536 3210 444 67 money—trade
2017 3214 177 48 terms
2231 3210 114 52 and

330 3285 1991 135 abbreviations, by John J. Macfarlane … 9th ed., with revisions
512 3367 112 52 and
652 3365 307 54 additions.
1036 3364 430 69 Philadelphia,
1493 3366 122 66 Pa.,
1642 3365 254 69 Foreign
1921 3365 166 53 trade
2113 3364 232 67 bureau,

329 3444 123 53 The
480 3443 358 54 commercial
864 3462 274 49 museum,
1168 3445 151 51 1928.

401 3527 340 48 105 p. 23 ᶜᵐ .
335 3579 51 52 ©
416 3583 129 48 Sept.
571 3583 69 47 15,
666 3582 118 40 1928;
834 3583 68 41 2c.
929 3583 96 39 and
1052 3581 83 42 aff.
1164 3581 130 49 Sept.
1321 3581 81 47 18;
1432 3582 42 38 A
1499 3581 231 47 1053323;
1760 3580 321 42 Commercial
2107 3590 234 30 museum.

414 3639 282 49 (28-21879)

333 3718 272 61 Meehan,
637 3719 139 53 Mrs.
809 3718 319 53 Jeannette
1170 3718 272 63 (Porter)

401 3795 125 53 The
561 3796 166 69 Lady
766 3794 65 54 of
868 3795 97 54 the
1002 3795 376 63 Limberlost;
1419 3795 97 53 the
1553 3794 108 53 life
1698 3794 115 53 and
1851 3795 194 51 letters
2084 3791 65 54 of
2187 3792 157 53 Gene

333 3872 517 69 Stratton-Porter,
887 3873 76 68 by
1000 3873 306 53 Jeannette
1341 3873 206 53 Porter
1583 3872 260 53 Meehan.
1918 3871 235 55 Garden
2191 3869 153 70 City,

332 3951 70 54 N.
435 3951 92 70 Y.,
556 3951 358 70 Doubleday,
943 3950 202 54 Doran
1172 3953 46 51 &
1248 3967 298 53 company,
1575 3950 128 69 inc.,
1734 3952 151 52 1928.
