2498 4384
1086 4091 99 54 781

107 447 392 59 Pollatschek,
533 444 163 52 Paul.

106 513 1976 145 Die raffination der öle und fett e, v ο n direkton Paul Pollatschek.
392 602 113 52 Mit
554 604 67 49 86
668 598 404 69 abbildungen.
1178 594 312 70 Stuttgart.
1540 590 568 58 Wissenschaftliche

148 676 558 73 verlagsgesellschaft
733 696 71 33 m.
833 675 51 54 b.
913 676 73 66 h.,
1016 673 152 54 1927.

179 764 86 40 112
303 774 42 37 p.
413 760 143 45 illus.,
596 760 118 40 fold.
754 770 62 37 pl.
845 757 189 51 (plans)
1082 755 181 51 diagrs.
1330 756 147 39 24½ᶜᵐ.
1577 753 171 41 (Added
1789 755 119 46 t.-p.:
109 753 1984 117 Monographien

386 830 90 30 aus
515 819 108 39 dem
662 817 186 47 gebiete
887 816 87 39 der
1011 812 316 50 fett-chemie,
1402 823 95 38 hrsg.
1538 822 93 30 von
1672 811 124 48 prof.
1836 812 72 39 dr.
1949 811 59 41 K.
2049 811 61 40 H.

109 873 486 50 Bauer … bd. IX)
181 947 318 48 Advertising
524 947 208 39 matter:
763 955 43 38 p.
836 942 203 42 100-112.

115 1006 1998 62 © Oct. 15, 1927; 1c. Jan. 25, 1928; A —Foreign 37049; Wissenschaftliche
218 1072 480 51 verlagsgesellschaft
727 1083 60 29 m.
817 1072 43 41 b.
890 1072 45 39 h.
1009 1069 282 50 (28-13667)

110 1171 231 62 Poteat,
376 1167 208 54 Edwin
616 1165 270 64 McNeill,
922 1168 172 50 1861-

175 1248 124 52 The
329 1246 235 53 scandal
597 1246 67 51 of
695 1245 96 52 the
825 1261 180 50 cross;
1041 1240 217 56 studies
1292 1241 62 52 in
1386 1242 97 52 the
1516 1239 174 55 death
1724 1239 65 53 of
1822 1239 187 67 Jesus,
2041 1239 75 67 by

106 1325 210 54 Edwin
346 1323 253 54 McNeill
631 1324 224 64 Poteat,
886 1327 58 47 to
975 1320 184 53 which
1194 1320 48 53 is
1272 1320 187 52 added
1488 1319 95 52 the
1616 1318 253 53 author’s
1900 1335 188 51 essays:

107 1402 272 70 “Tolstoy:
435 1401 269 70 Religion
731 1399 244 54 without
1002 1396 394 69 redemption”
1424 1398 113 52 and
1564 1395 299 71 “Religion
1894 1396 113 53 and
107 1414 1988 136 redemption”.

530 1480 140 52 New
700 1478 163 52 York
892 1477 112 52 and
1034 1476 259 68 London,
1322 1476 234 67 Harper
1584 1476 46 52 &
1656 1475 280 67 brothers,
1967 1477 151 51 1928.

176 1563 642 51 vii p., 1 l., 189 p. 20 ᶜᵐ .
119 1630 53 55 ©
201 1637 80 38 May
342 1635 71 45 17,
441 1632 115 42 1928;
611 1633 69 40 2c.
707 1634 96 39 and
830 1629 86 43 aff.
943 1631 116 47 May
1086 1629 56 40 19;
1199 1629 44 39 A
1269 1628 206 40 1077327;
1532 1629 196 49 Harper
1756 1628 39 40 &
1821 1629 127 41 bros.

198 1690 282 51 (28-13393)

115 1786 179 64 Rath,
326 1786 67 52 E.
425 1785 72 62 J.,
527 1784 194 69 pseud.

187 1858 1935 76 Something for nothing, by E. J. Rath … New York, G. H.
112 1944 183 68 Watt,
328 1946 150 50 1928.

183 2038 31 30 v
242 2038 57 37 p.,
330 2027 25 39 1
420 2056 8 16 l.,
456 2024 145 42 9-288
628 2035 44 37 p.
732 2023 146 42 19½ᶜᵐ.

124 2094 51 54 ©
206 2099 110 40 Jan.
345 2098 70 40 26,
447 2096 117 41 1928;
619 2096 68 40 2c.
719 2097 114 46 May
861 2094 57 41 24;
977 2094 83 41 aff.
1092 2096 114 45 May
1235 2093 60 41 22;
1350 2094 44 38 A
1422 2092 203 42 1077429;
1689 2093 184 48 George
1906 2093 215 41 Howard

192 2156 150 40 Watt.
416 2152 282 50 (28-13497)

118 2250 292 61 Reardon,
440 2248 120 53 Leo
585 2246 265 61 Francis,
883 2249 172 50 1892-

190 2328 122 52 The
335 2325 346 71 unbeliever,
702 2326 75 70 by
799 2324 115 54 Leo
940 2326 65 52 F.
1031 2323 287 54 Reardon.
1404 2324 145 53 [Fort
1572 2323 228 70 Worth,
1824 2323 124 54 The
118 2324 1985 137 Bunker
247 2425 176 50 press]

459 2407 150 53 1928.

191 2490 25 39 1
241 2501 43 37 p.
341 2520 9 17 l.,
373 2488 88 42 355
484 2498 43 39 p.
587 2487 148 43 20½ᶜᵐ.

195 2557 332 44 “Submission
555 2557 162 50 copy.”

129 2614 51 53 ©
213 2620 122 38 Mar.
366 2618 39 47 1,
438 2616 114 42 1928;
611 2617 68 39 2c.
712 2616 96 39 and
839 2614 83 43 aff.
952 2615 124 41 Mar.
1107 2615 56 39 12;
1224 2613 42 41 A
1296 2613 203 41 1068251;
1562 2615 50 40 L.
1647 2613 51 42 F.
1732 2614 241 48 Reardon,
2009 2614 118 41 Fort

196 2675 185 47 Worth,
420 2674 114 40 Tex.
606 2672 281 50 (28-13452)

127 2770 146 63 Roy,
304 2770 140 52 Mrs.
477 2766 212 55 Lillian
724 2765 309 54 Elizabeth
1073 2765 287 65 (Becker)
1402 2769 171 49 1868-

196 2847 123 53 The
354 2846 341 54 adventures
732 2844 65 53 of
835 2843 217 57 Snooki
1089 2845 114 52 and
1243 2842 177 70 Snak,
1455 2844 77 69 by
1569 2843 218 54 Lillian
1827 2843 305 55 Elizabeth

126 2918 2008 79 Roy … with thirty illustrations by Hale Merritt. New York,
124 2999 783 73 Grosset & Dunlap [ ᶜ19 28 ]
197 3082 849 51 127 p. incl. front., plates. 21 ᶜᵐ .
200 3143 101 39 The
327 3145 137 44 story
491 3141 50 40 of
568 3151 28 30 a
624 3152 87 37 rag
736 3142 98 39 doll
862 3142 96 40 and
985 3152 27 28 a
1042 3141 201 40 wooden
1269 3139 370 50 jumping-jack.

134 3195 51 55 ©
211 3201 115 47 May
350 3201 69 47 15,
446 3198 115 43 1928;
613 3200 68 40 2c.
706 3201 95 37 and
827 3198 82 43 aff.
936 3200 113 47 May
1074 3199 55 41 18;
1184 3196 84 45 aff.
1294 3200 114 47 May
1432 3200 55 39 17;
1542 3199 40 39 A
1609 3199 203 41 1074594;
1870 3199 200 42 Grosset
2097 3199 36 41 &

202 3258 211 47 Dunlap,
445 3256 92 41 inc.
607 3255 281 51 (28-13322)

201 3352 121 52 The
348 3350 341 55 adventures
717 3349 64 54 of
809 3348 197 73 Sonny
1033 3352 112 52 and
1174 3348 131 71 Sue,
1329 3350 76 69 by
1431 3348 219 55 Lillian
1677 3349 304 54 Elizabeth
2007 3350 130 69 Roy

128 3424 1985 153 … with thirty illustrations by Hale Merritt. New York, Grosset & Dunlap [ ᶜ19 28]
203 3589 85 41 128
313 3600 42 37 p.
381 3589 109 43 incl.
516 3588 164 49 front.,
708 3589 172 48 plates.
941 3589 146 41 21½ᶜᵐ.

205 3647 101 39 The
333 3648 136 46 story
495 3644 52 42 of
573 3657 28 28 a
629 3657 87 37 rag
741 3647 97 39 doll
867 3647 96 40 and
990 3656 28 30 a
1047 3647 200 39 wooden
1272 3644 370 50 jumping-jack.

139 3698 51 55 ©
222 3705 114 47 May
365 3704 69 47 15,
465 3702 116 42 1928;
638 3704 68 40 2c.
737 3705 114 48 May
880 3703 56 42 18;
995 3703 83 42 aff.
1108 3705 114 47 May
1254 3703 55 40 17;
1369 3704 41 38 A
1440 3702 205 42 1074595;
1706 3704 200 41 Grosset
1937 3704 36 41 &
206 3705 1912 103 Dunlap,
329 3760 92 41 inc.

492 3760 280 50 (28-13321)

202 3854 178 53 Little
418 3853 428 55 woodcrafters’
880 3853 107 54 fun
1023 3873 72 34 on
1130 3855 96 52 the
1264 3852 171 70 farm,
1468 3855 75 68 by
1578 3855 217 53 Lillian
1833 3854 303 56 Elizabeth

133 3927 2003 81 Roy … illustrated by Walter S. Rogers. New York, Grosset
133 4011 540 70 & Dunlap [ ᶜ19 28]
