2498 4384
1295 4112 102 50 810

339 457 347 63 Greenfield,
724 455 308 54 Abraham
1068 453 262 54 Lincoln.

399 527 1875 76 Interpretation of dental radiographs, by A. L. Greenfield …
329 614 325 65 Rochester,
684 611 70 54 N.
787 611 91 67 Y.,
908 610 191 52 Ritter
1129 610 196 52 dental
1353 607 145 69 mfg.
1530 624 298 51 company,
1859 607 125 66 inc.,
2016 608 152 50 1928.

399 698 30 38 4
457 708 43 37 p.
564 727 10 17 l.,
604 696 68 47 81,
706 695 55 49 [1]
793 705 44 37 p.
897 693 130 40 illus.
1086 694 148 40 23½ᶜᵐ.

403 753 215 41 “Second
649 750 227 42 edition.”

342 807 52 52 ©
425 811 114 47 Apr.
568 810 70 47 25,
669 808 141 47 1928;
840 808 70 40 2c.
938 807 116 48 Apr.
1082 806 84 47 30;
1199 805 85 41 aff.
1315 806 114 47 May
1459 804 52 48 8;
1544 804 42 39 A
1615 803 230 46 1074640;
1878 803 56 41 A.
1965 803 52 41 L.
2049 802 285 48 Greenfield,

414 868 119 39 New
558 866 146 40 York.
767 860 69 54 [©
865 863 213 41 revision
1104 863 96 40 and
1227 872 108 30 new
1361 863 195 46 matter]
1629 859 281 49 (28-13997)

340 947 212 62 Grove,
578 946 247 53 Harriet
853 946 183 63 Pyne.

412 1019 1927 72 The secret of Steeple rocks, by Harriet Pyne Grove … New
341 1102 1094 68 York, A. L. Burt company [ ᶜ 1928]
409 1187 89 38 242
533 1196 44 37 p.
641 1185 165 41 front.,
844 1184 131 41 illus.
1003 1184 159 48 (map)
1238 1182 147 42 19½ᶜᵐ.
1462 1183 243 48 (Mystery
1744 1182 96 39 and
1879 1181 270 40 adventure
2189 1180 151 41 series

339 1243 80 40 for
448 1242 145 48 girls)

344 1296 52 52 ©
429 1301 115 46 May
575 1299 68 48 18,
675 1298 142 47 1928;
850 1299 68 39 2c.
949 1299 96 39 and
1076 1297 83 41 aff.
1192 1298 128 39 June
1350 1298 53 45 1;
1437 1297 42 39 A
1509 1295 229 48 1074811;
1773 1295 56 41 A.
1860 1295 51 39 L.
1944 1296 127 38 Burt
2102 1305 69 30 co.

424 1355 280 50 (28-14004)

340 1436 255 63 Gushée,
632 1436 255 54 Edward
924 1435 253 63 Tisdale,
1217 1437 172 50 1896-

415 1511 1926 72 Scientific purchasing, by Edward T. Gushée … and L. F.
343 1591 2000 72 Boffey … with a foreword by Alex Dow … 1st ed. New
343 1672 165 53 York
562 1678 120 61 [etc.]
720 1671 431 55 McGraw-Hill
1182 1671 150 52 book
1362 1688 298 51 company,
1694 1670 127 66 inc.,
1856 1672 150 50 1928.

410 1756 65 46 ix,
507 1755 86 40 196
622 1766 44 37 p.
696 1754 110 41 incl.
837 1754 143 48 illus.,
1013 1755 195 47 diagrs.,
1240 1754 169 39 forms.
1472 1753 148 41 23½ᶜᵐ.
1735 1751 132 48 $3.00

347 1808 51 53 ©
424 1814 114 47 May
562 1813 68 48 18,
655 1812 114 40 1928;
822 1813 68 40 2c.
915 1813 115 47 May
1051 1813 56 38 21;
1162 1811 84 42 aff.
1271 1813 115 47 May
1408 1812 60 39 22;
1518 1812 42 39 A
1583 1811 206 40 1077359;
1842 1810 353 41 McGraw-Hill
2222 1811 122 39 book

416 1880 82 38 co.,
533 1869 92 42 inc.
696 1869 281 50 (28-13937)

340 1949 168 64 Hair,
539 1949 147 64 Dell,
722 1948 171 55 1871-

472 2027 1873 70 … Nature beautiful, a collection of poems by Dell Hair,
337 2109 98 51 the
461 2108 320 68 policeman
807 2114 149 61 poet,
983 2108 328 52 illustrated
1336 2108 77 68 by
1440 2109 226 50 Burton
1693 2108 68 51 E.
1789 2107 247 68 Huntly.
2113 2107 233 66 Toledo,

339 2186 89 68 O.,
459 2188 122 52 The
614 2187 292 54 Goodrich
936 2187 266 68 printing
1233 2203 280 51 company
1550 2219 13 33 [
1567 2191 18 22 ᶜ
1591 2189 133 49 1928
1730 2219 12 33 ]

408 2269 29 40 2
464 2280 43 37 p.
570 2301 9 16 l.,
611 2269 189 50 [7]-269,
832 2271 54 48 [3]
918 2281 44 37 p.
1021 2269 130 41 illus.
1210 2268 149 42 19½ᶜᵐ.

414 2328 173 41 “Sixth
619 2327 228 41 edition.”

349 2381 52 53 ©
431 2387 122 40 Mar.
579 2386 70 48 28,
678 2385 115 42 1928;
848 2385 70 42 2c.
944 2385 114 49 Apr.
1085 2385 56 41 23;
1199 2384 84 44 aff.
1311 2386 115 48 May
1452 2385 56 41 23;
1566 2385 42 40 A
1633 2384 207 42 1077442;
1894 2385 59 41 D.
1982 2384 140 49 Hair,
2151 2384 193 49 Toledo,

419 2443 51 41 O.
542 2443 280 49 (28-13809)

342 2523 170 63 Hale,
539 2525 139 52 Mrs.
707 2523 213 54 Mabel.

409 2600 218 55 Stories
667 2601 65 52 of
770 2601 164 53 home
976 2601 181 68 folks;
1203 2603 189 51 actual
1432 2601 282 53 incidents
1757 2601 154 52 from
1950 2603 119 51 real
2109 2600 124 69 life,
2269 2601 77 69 by

337 2678 2009 70 Mabel Hale … Anderson, Ind., Gospel trumpet company
344 2790 12 34 [
363 2764 17 21 ᶜ
385 2760 136 50 1928
525 2791 12 33 ]

407 2841 102 48 viii,
545 2842 145 40 9-256
724 2851 45 38 p.
828 2843 173 47 plates.
1061 2841 147 41 19½ᶜᵐ.

351 2893 51 53 ©
439 2899 114 47 May
583 2899 70 46 21,
687 2898 114 41 1928;
863 2898 69 41 2c.
964 2900 96 38 and
1093 2897 83 41 aff.
1210 2899 116 47 May
1358 2897 57 40 26;
1476 2897 42 40 A
1551 2898 205 41 1077484;
1819 2898 175 49 Gospel
2028 2900 217 45 trumpet
2278 2908 68 32 co.

429 2955 280 49 (28-13794)

343 3035 237 63 Handy,
614 3035 207 64 Henry
850 3035 273 64 Brantly,
1155 3035 86 54 ed.

417 3113 121 53 The
574 3113 174 53 social
784 3114 262 52 recorder
1083 3113 64 54 of
1184 3113 292 70 Virginia,
1516 3114 189 53 edited
1743 3114 75 69 by
1855 3114 206 70 Henry
2100 3115 249 69 Brantly

344 3190 249 70 Handy;
633 3191 141 53 with
814 3211 73 33 an
924 3191 297 54 historical
1260 3192 393 54 introduction
1690 3193 77 68 by
1806 3191 308 55 Hamilton
2154 3193 194 54 James

346 3268 2002 72 Eckenrode, PH. D. Richmond, The Social recorder of Virginia
391 3350 152 64 [ᶜ1928]

415 3428 648 50 xiv p., 1 l., 212 p. 24 ᶜᵐ .
352 3482 52 52 ©
442 3487 115 47 May
593 3487 39 47 5,
669 3487 141 47 1928;
849 3488 68 40 2c.
956 3490 95 38 and
1088 3488 83 39 aff.
1208 3489 116 47 May
1361 3488 81 47 19;
1482 3489 42 39 A
1560 3489 229 46 1074659;
1834 3489 159 41 Social
2031 3491 226 38 recorder
2294 3490 52 40 of

420 3543 234 48 Virginia,
685 3544 284 41 Richmond.
1040 3544 281 49 (28-13506)

344 3623 254 63 Harper,
631 3623 396 63 Wilhelmina,
1064 3643 179 50 comp.

478 3701 1871 73 … Pleasant pathways, by Wilhelmina Harper … and Aymer
346 3778 2000 72 Jay Hamilton … illustrated by Maud and Miska Petersham.
345 3854 139 54 New
510 3857 179 58 York,
712 3858 121 52 The
856 3858 337 53 Macmillan
1216 3876 299 53 company,
1543 3862 151 51 1928.

416 3937 1376 52 ix, [1], 262 p. col. illus. 19 ᶜᵐ . (Treasure trails)
353 3991 52 52 ©
435 3996 115 47 Apr.
580 3997 69 46 24,
681 3997 118 41 1928;
855 3999 68 40 2c.
955 4001 96 38 and
1082 3998 83 42 aff.
1194 4000 116 47 Apr.
1341 4000 56 39 25;
1457 4000 42 39 A
1529 4000 202 41 1074153;
1794 4002 283 39 Macmillan
2107 4013 69 30 co.

432 4052 281 51 (28-13516)
