2498 4384
1352 4094 139 50 2060

456 525 757 52 vii, 96 p. 17 ᶜᵐ. (Vol. 1 of ספרׅיָה למׅתלַמדׅים)
458 610 415 42 Transliteration:
938 609 247 49 Sippurim
1216 607 267 43 weshirim.

391 673 2007 57 © Oct. 5, 1928; 2c. Nov. 28; aff. Dec. 8; A 2200; Bloch pub. co., inc.,
459 739 119 40 New
606 736 146 42 York.
819 736 224 49 (29-163)

393 832 253 64 Gilman,
681 832 139 52 Mrs.
855 831 252 53 Mildred
1145 831 221 53 Evans.

463 910 114 69 Fig
604 911 205 66 leaves,
836 909 77 68 by
940 908 256 53 Mildred
1227 908 196 52 Evans
1455 906 254 55 Gilman.
1783 907 74 52 3d
1888 906 87 53 ed.
2049 905 141 54 New
2221 904 182 69 York,

391 987 888 68 The Avondale press [ ᶜ1 928]
462 1069 88 41 328
581 1080 43 37 p.
685 1068 27 40 21ᶜᵐ.

395 1137 52 52 ©
478 1141 113 40 Dec.
620 1140 70 49 28,
720 1140 115 41 1928;
893 1140 69 40 2c.
992 1142 97 39 and
1120 1138 83 41 aff.
1234 1138 113 41 Dec.
1375 1138 59 40 29;
1492 1138 42 39 A
1562 1138 119 40 3406;
1736 1138 252 40 Avondale
2019 1148 151 38 press,
2202 1137 91 41 inc.

474 1197 224 49 (29-146)

394 1292 328 64 Hamilton,
756 1291 281 55 Clarence
1070 1290 211 65 Grant,
1317 1295 172 50 1865-

466 1370 180 54 What
679 1388 171 50 every
883 1368 174 69 piano
1089 1368 169 68 pupil
1292 1368 207 53 should
1531 1368 198 67 know;
1767 1386 31 35 a
1833 1368 235 52 manual
2105 1367 94 53 for
2233 1367 173 69 piano

396 1445 2013 71 students, by Clarence G. Hamilton … Philadelphia, Pa.,
395 1525 923 67 Theodore Presser co. [ ᶜ1 928]
464 1604 1858 51 3 p. l. , 5-160 p. front., illus. (incl. music) plates, ports., diagrs. 20½ ᶜᵐ.
398 1675 52 52 ©
480 1679 119 40 Nov.
627 1678 70 48 28,
726 1678 142 47 1928;
898 1678 69 40 2c.
996 1679 97 38 and
1122 1677 82 42 aff.
1235 1677 119 42 Nov.
1383 1677 85 47 30;
1501 1678 41 39 A
1569 1677 143 48 3169;
1745 1678 254 43 Theodore
2027 1679 202 40 Presser
2259 1689 68 30 co.

478 1735 223 49 (29-152)

399 1830 220 65 Heller,
656 1830 332 65 Nachman,
1026 1835 172 50 1864-

396 1908 1992 133 The coming of Shiloh; reflections on Zionism … by Nachman
556 1986 1666 70 Heller. New York [Pinski-Massel press, inc., ᶜ1 928]
467 2070 385 50 425, [7] p. 23 ᶜᵐ.
402 2138 53 53 ©
484 2143 115 39 Dec.
625 2142 72 48 20,
726 2141 142 47 1928;
898 2142 69 41 2c.
997 2141 96 40 and
1123 2140 83 42 aff.
1238 2142 112 40 Dec.
1379 2141 84 47 22;
1495 2141 42 39 A
1564 2141 143 48 3293;
1738 2142 57 41 N.
1825 2142 183 49 Heller,
2039 2142 265 48 Brooklyn.

480 2199 224 49 (29-230)

407 2294 433 69 [Hemingway,
876 2294 139 53 Mrs.
1051 2293 182 65 Beryl
1268 2294 436 63 Montgomerie
1747 2292 313 71 (Aitken)]
2102 2295 173 56 1878-

470 2376 123 52 The
624 2394 192 49 merry
849 2374 286 69 pilgrims,
1167 2373 77 72 by
1275 2374 68 53 B.
1376 2374 81 54 M.
1490 2373 219 55 Aitken
1754 2373 205 71 (Beryl
1992 2374 416 72 Hemingway)

398 2455 263 69 London,
687 2454 68 52 E.
783 2454 159 53 Nash
969 2456 46 50 &
1040 2452 267 70 Grayson
1333 2453 244 70 limited,
1605 2456 150 51 1928.

472 2535 86 42 288
586 2547 43 37 p.
689 2534 57 41 19½ᶜᵐ.

406 2604 2012 53 © 1c. Nov. 23, 1928; A ad int. 11956; pubd. Sept. 27; B. M. Hemingway,
474 2662 382 49 Bournemouth,
888 2664 239 47 England.
1194 2662 226 50 (29-804)

409 2760 316 68 [Kearney,
756 2758 166 53 Luke
954 2757 326 69 Sylvester]

474 2838 123 52 The
630 2837 211 68 hodag,
875 2837 113 52 and
1024 2837 163 52 other
1222 2838 143 52 tales
1401 2836 65 53 of
1498 2838 98 52 the
1630 2838 242 69 logging
1908 2857 213 51 camps,
2154 2839 77 69 by
2265 2840 159 54 Lake

405 2915 183 56 Shore
618 2916 269 67 Kearney
940 2916 195 66 [pseud.]
1227 2915 275 68 Wausau,
1532 2915 161 69 Wis.,
1725 2920 151 50 1928.

475 2999 87 41 158
593 3010 44 37 p.
699 2998 59 40 19½ᶜᵐ.

479 3069 69 40 “A
575 3080 156 37 group
758 3069 51 40 of
837 3069 125 39 tales
993 3068 51 41 of
1074 3069 82 40 the
1184 3069 178 47 golden
1387 3069 278 49 lumbering
1691 3070 165 48 days.”

480 3127 130 39 “The
634 3136 165 38 poems
825 3125 52 40 in
902 3126 101 40 this
1029 3126 124 39 book
1179 3126 125 40 have
1332 3127 67 39 all
1425 3127 121 40 been
1573 3128 310 40 contributed
1910 3129 62 48 by
1999 3130 92 40 Mr.
2119 3129 220 42 William
2366 3131 56 41 N.

404 3183 187 41 Allen.”

412 3250 51 52 ©
491 3255 119 39 Nov.
637 3254 70 48 20,
736 3254 115 40 1928;
907 3254 68 40 2c.
1003 3254 119 41 Nov.
1149 3253 58 40 24;
1265 3254 83 41 aff.
1376 3255 119 41 Nov.
1523 3255 56 41 23;
1637 3256 44 39 A
1707 3256 86 41 817;
1850 3257 52 41 L.
1934 3257 46 41 S.
2008 3258 243 47 Kearney,
481 3259 1925 101 Wausau,
616 3311 119 41 Wis.
803 3310 284 50 (29-29374)

412 3406 263 64 Kipling,
704 3407 305 64 Rudyard,
1043 3411 170 50 1865-

480 3483 123 53 The
632 3502 174 34 nerve
835 3483 130 53 that
995 3502 273 51 conquers;
1332 3485 160 52 work
1521 3485 65 53 of
1617 3486 225 54 British
1875 3486 220 54 sailors.
2169 3488 258 54 Address

408 3561 78 69 by
526 3562 281 69 Rudyard
849 3562 253 69 Kipling
1142 3568 60 47 at
1239 3563 97 52 the
1376 3566 214 50 annual
1630 3565 205 53 dinner
1876 3564 65 54 of
1979 3566 98 53 the
2117 3566 310 69 Liverpool

410 3639 389 69 shipbrokers’
847 3639 339 55 benevolent
1233 3641 231 69 society,
1512 3642 135 53 held
1695 3649 61 47 at
1802 3643 330 69 Liverpool,
2182 3644 246 55 October

410 3720 87 66 26,
550 3720 150 52 1928.
777 3717 235 55 Garden
1062 3717 155 71 City,
1266 3720 70 52 N.
1390 3721 90 67 Y.,
1529 3721 360 69 Doubleday,
1936 3722 202 52 Doran
2187 3725 46 50 &
412 3742 1992 123 company,
618 3797 127 67 inc.,
780 3799 151 51 1928.

484 3880 222 48 6 p. 20½ ᶜᵐ.
418 3932 51 52 ©
496 3937 112 41 Dec.
635 3936 40 50 5,
701 3936 115 41 1928;
868 3937 69 39 2c.
964 3938 96 39 and
1086 3937 82 41 aff.
1195 3938 114 44 Dec.
1336 3938 26 40 8:
1417 3938 41 39 A
1482 3938 120 40 2169;
1656 3939 56 40 R.
1738 3939 216 51 Kipling,
1982 3940 296 49 Bateman’s,
486 3941 1923 101 Burwash,

672 3994 195 49 Sussex,
902 3996 238 47 England.
1211 3995 224 49 (29-168)
