2498 4384
1329 4131 100 50 902

424 555 133 39 Each
589 555 131 48 plate
752 553 339 48 accompanied
1128 554 61 47 by
1220 553 157 47 guard
1409 553 136 39 sheet
1578 552 121 41 with
1732 551 291 49 descriptive
2056 552 300 48 letterpress.

424 611 348 48 Bibliography:
832 622 43 36 p.
908 610 248 50 [389]-400.

361 665 1909 53 © May 29, 1928; 2c. June 5; aff. June 6; A 1074879; Marshall Jones.
441 724 280 50 (28-14539)

358 819 292 62 Fletcher,
682 818 220 63 Joseph
934 816 215 63 Smith,
1185 820 172 49 1863-

487 893 1593 70 … Cobweb castle. New York, A. A. Knopf, 1928.
424 981 28 38 4
479 990 46 38 p.
585 1010 9 16 l.,
622 979 159 46 3-306,
857 997 10 30 [1]
899 989 42 37 p.
1001 977 148 42 19½ᶜᵐ.

426 1038 64 39 At
516 1037 124 39 head
668 1036 51 40 of
746 1036 108 40 title:
911 1036 46 40 J.
986 1035 44 40 S.
1059 1035 239 40 Fletcher.

365 1090 52 52 ©
448 1095 129 40 June
603 1093 68 47 15,
699 1092 142 46 1928;
872 1092 69 41 2c.
970 1092 95 39 and
1095 1091 83 42 aff.
1209 1092 131 39 June
1366 1091 83 46 18;
1481 1091 41 38 A
1552 1090 229 47 1077851;
1816 1091 44 40 J.
1893 1091 45 40 S.
1969 1089 238 48 Fletcher,
434 1090 1907 109 Dorking,

592 1151 192 46 Surrey,
811 1149 238 47 England.
1119 1148 282 49 (28-15158)

362 1244 215 62 Fuller,
611 1244 239 61 Hector,
884 1245 169 49 1865-

431 1322 238 52 Abroad
695 1320 141 53 with
865 1319 206 70 Mayor
1097 1318 256 69 Walker,
1380 1319 78 69 by
1484 1319 218 53 Hector
1732 1319 215 53 Fuller.
2012 1318 140 54 New
2182 1318 182 67 York,

364 1397 1091 70 Shields publishing co., inc. [ ᶜ19 28]
434 1478 1318 50 264 p. incl. front. plates, ports., facsim. 24½ᶜᵐ.
435 1536 253 41 Half-title:
747 1536 196 40 Abroad
973 1536 121 40 with
1125 1537 172 46 Mayor
1327 1536 212 47 Walker,
1573 1535 142 48 being
1747 1547 28 28 a
1807 1535 237 40 veritable
2078 1537 204 38 account
2314 1535 53 41 of

365 1595 83 39 the
486 1604 196 37 voyage,
723 1604 55 29 as
818 1592 243 41 unofficial
1100 1593 332 47 ambassador,
1474 1592 52 40 of
1565 1593 82 39 the
1689 1593 126 39 Hon.
1856 1592 166 40 James
2066 1593 44 40 J.
2153 1592 213 45 Walker,

364 1661 170 37 mayor
558 1650 53 41 of
634 1651 118 39 New
777 1650 145 47 York,
949 1660 61 30 on
1034 1649 77 41 his
1135 1648 349 49 hardworking
1507 1648 227 41 vacation
1761 1651 49 38 to
1838 1650 82 39 the
1947 1648 255 48 charming
2226 1648 140 41 cities

366 1708 53 39 of
448 1708 212 46 London,
694 1707 195 47 Dublin,
925 1706 340 48 Castlecomer,
1301 1706 181 48 Berlin,
1519 1706 212 47 Munich,
1767 1706 373 47 Baden-Baden,
2176 1705 189 48 Venice,

364 1765 103 40 The
494 1764 133 48 Lido,
657 1764 149 40 Rome
834 1765 96 38 and
959 1763 156 42 Paris.

369 1818 1994 52 © May 5, 1928; 2c. May 21; aff. May 23; A 1074656; Shields pub. co.,
438 1879 90 40 inc.
599 1878 280 49 (28-15181)

369 1973 292 62 Goddard,
701 1973 206 62 Henry
944 1971 276 63 Herbert,
1264 1974 171 50 1866-

368 2048 1976 147 School training of gifted children, by Henry Herbert Goddard … Yonkers-on-Hudson,
1363 2128 70 53 N.
1465 2128 73 52 Y.
1571 2128 114 53 and
1717 2127 272 70 Chicago,
2018 2127 116 68 Ill.,
2163 2128 206 54 World

368 2206 679 69 book company [ ᶜ19 28]
466 2288 1013 50 x p., 1 l., 226 p. illus., diagrs. 20½ᶜᵐ.
433 2347 42 40 A
500 2346 297 49 description
822 2346 52 39 of
901 2346 82 40 the
1008 2346 162 49 public
1195 2346 164 39 school
1385 2347 181 39 classes
1593 2346 78 40 for
1697 2346 156 49 gifted
1881 2346 220 40 children
2129 2346 49 39 in
371 2346 1980 99 Cleveland.

434 2462 350 48 Bibliography:
845 2472 43 37 p.
920 2461 217 40 217-219.

374 2516 1910 52 © May 17, 1928; 2c. May 23; aff. June 5; A 1074856; World book co.
449 2576 279 49 (28-14567)

376 2671 270 68 [Hamon,
679 2669 198 68 Louis]

445 2747 254 55 Cheiro’s
724 2747 182 53 world
930 2746 350 69 predictions;
1336 2748 97 52 the
1457 2745 121 54 fate
1602 2745 64 54 of
1691 2747 249 68 Europe,
1964 2746 98 54 the
2088 2746 196 53 future
2308 2745 65 54 of

373 2828 97 52 the
495 2827 73 53 U.
600 2825 56 55 S.
684 2825 92 67 A.,
800 2825 97 52 the
925 2824 225 70 coming
1178 2843 119 34 war
1325 2823 64 54 of
1416 2825 247 67 nations,
1689 2825 96 53 the
1812 2824 345 54 restoration
2185 2823 64 54 of
2276 2825 97 53 the

372 2901 1977 150 Jews … Los Angeles, Calif., The London publishing company
671 2984 85 64 [ᶜ1928]

514 3062 993 50 xx, 240 p. front. (port.) plates. 20 ᶜᵐ .
375 3116 1797 53 © June 5, 1928; 2c. and aff. June 8; A 1077654; London pub. co.
457 3178 280 49 (28-14564)

375 3271 248 63 Hardin,
653 3271 199 53 Laura
878 3270 231 54 Lillian.

449 3348 1927 70 Studies in Oklahoma, by Laura L. Hardin … Muskogee,
377 3426 1134 69 Okl., The Star printery, inc. [ ᶜ19 28]
447 3507 1454 50 3 p. l., [9]-32, [32] p. illus. (incl. maps) diagr. 25 ᶜᵐ .
450 3565 119 40 Part
598 3565 52 40 of
677 3575 146 38 pages
852 3566 149 39 blank
1029 3565 80 40 for
1140 3565 312 40 “Remarks”.

382 3618 52 52 ©
460 3624 114 46 May
598 3623 69 46 16,
692 3622 115 40 1928;
860 3623 67 40 2c.
954 3623 129 41 June
1106 3623 26 39 8;
1186 3622 82 41 aff.
1296 3623 126 39 June
1448 3624 26 39 7;
1528 3624 41 38 A
1594 3624 204 41 1077667;
1853 3624 51 41 L.
1931 3624 51 40 L.
2011 3624 207 47 Hardin,
446 3625 1911 102 Muskogee,

634 3679 106 41 Okl.
810 3679 280 50 (28-15179)

377 3758 327 61 Hazeltine,
737 3759 174 63 Mary
945 3759 316 63 Emogene,
1299 3762 168 49 1868-

451 3835 437 54 Anniversaries
920 3837 112 51 and
1068 3836 279 68 holidays,
1382 3855 31 33 a
1447 3838 267 51 calendar
1747 3837 63 53 of
1842 3839 140 67 days
2015 3838 113 52 and
2160 3838 127 51 how
2317 3843 58 46 to

381 3913 1994 71 observe them, by Mary Emogene Hazeltine … Chicago,
378 3992 307 53 American
714 3993 220 68 library
964 3993 355 67 association,
1354 3996 150 50 1928.

517 4073 373 49 xx, 288 p. 26 ᶜᵐ .
