2498 4384
1372 4093 99 54 788

405 429 251 61 Connor,
687 427 186 54 Glenn
904 427 53 53 A.

474 519 414 68 Thunderbolt,
914 520 76 68 by
1019 518 188 55 Glenn
1235 522 72 50 A.
1338 519 246 54 Connor.
1647 519 140 52 New
1813 519 183 67 York,
2023 520 69 54 G.
2119 520 77 52 H.
2223 521 182 65 Watt,

407 601 152 49 1928.

468 693 49 42 vi
544 705 57 37 p.,
630 694 26 39 1
720 725 9 17 l.,
760 694 145 40 9-317
933 705 44 37 p.
1036 694 147 40 19½ᶜᵐ.

469 764 101 40 The
597 765 135 47 story
760 764 52 40 of
838 774 27 30 a
893 763 214 42 stallion.

412 831 51 52 ©
491 836 109 39 Jan.
625 835 70 46 26,
722 834 115 41 1928;
890 835 69 40 2c.
987 835 115 46 May
1126 835 57 38 24;
1240 834 82 41 aff.
1351 836 113 46 May
1489 835 55 38 22;
1602 834 42 39 A
1670 835 202 40 1077433;
1931 835 52 41 G.
2012 836 217 40 Howard
2257 837 149 41 Watt.

490 891 280 49 (28-13595)

408 984 211 63 Cooke,
647 984 66 53 L.
743 985 85 63 L.,
858 984 198 54 school
1087 984 64 53 of
1179 984 350 64 electricity.

474 1077 288 52 Practical
794 1083 133 46 auto
959 1076 210 70 wiring
1200 1077 321 68 diagrams;
1555 1077 226 67 layouts
1816 1078 112 52 and
1962 1079 278 67 complete
402 1080 1985 128 electrical

599 1156 360 52 connections
989 1156 64 52 of
1080 1156 270 69 starting,
1376 1155 256 70 lighting
1663 1156 113 52 and
1804 1156 250 69 ignition
2083 1157 328 68 equipment

404 1252 74 35 on
516 1238 97 48 113
652 1234 192 54 makes
882 1235 113 52 and
1034 1238 98 48 993
1170 1235 199 68 yearly
1405 1235 215 53 models
1657 1235 65 52 of
1757 1235 309 52 American
2105 1254 306 51 passenger

404 1331 142 49 cars,
592 1313 194 53 trucks
832 1314 113 52 and
991 1314 191 52 busses
1228 1312 155 53 from
1430 1316 135 49 1920
1609 1318 59 47 to
1717 1316 161 65 1928;
1927 1314 284 67 prepared
2258 1315 152 52 from

406 1392 249 69 original
701 1410 222 35 sources
967 1392 112 53 and
1125 1392 306 68 especially
1477 1393 283 67 arranged
1807 1392 93 52 for
1947 1392 278 68 practical
2269 1393 142 69 shop

407 1472 159 52 work
606 1471 60 52 in
706 1472 96 52 the
841 1472 184 52 hands
1068 1471 64 52 of
1172 1490 214 50 garage
1429 1471 111 52 and
1583 1471 210 53 service
1835 1471 213 53 station
2090 1472 323 67 repairmen

405 1550 115 53 and
546 1550 480 52 troubleshooters
1060 1549 109 69 [by]
1202 1549 396 69 Engineering
1624 1550 381 67 department,
2033 1550 65 53 L.
2127 1550 65 53 L.
2226 1549 187 55 Cooke

405 1629 192 52 school
624 1629 63 52 of
715 1628 329 69 electricity.
1123 1631 135 50 1928
1286 1629 84 52 ed.
1447 1628 272 72 Chicago,
1747 1629 122 52 The
1898 1628 191 55 Cooke
2116 1647 298 51 company,

408 1709 150 50 1928.

476 1802 562 49 190 l. diagrs. 29 ᶜᵐ .
479 1876 172 38 Issued
679 1876 102 38 also
808 1875 60 47 by
895 1875 83 39 the
1006 1874 209 48 Chicago
1245 1876 156 38 motor
1430 1873 218 49 training
1674 1874 309 49 corporation
2012 1875 154 39 under
2193 1876 83 38 the
2305 1875 110 40 title

413 1933 222 47 Job-way
668 1934 116 38 auto
818 1932 175 48 wiring
1027 1932 263 48 diagrams.

418 1998 51 53 ©
497 2003 113 48 Apr.
636 2003 70 48 24,
735 2003 140 46 1928;
904 2003 68 40 2c.
1000 2003 113 48 Apr.
1140 2003 56 40 27;
1255 2002 82 41 aff.
1365 2004 114 46 May
1508 2004 26 39 7;
1589 2003 41 38 A
1656 2002 231 48 1077204;
1918 2004 54 39 B.
2001 2004 72 40 W.
2104 2002 158 41 Cooke
2290 2013 67 30 co.

495 2060 282 48 (28-13500)

412 2156 169 62 Coty,
615 2154 300 68 François,
951 2154 171 54 1874-

546 2244 1631 69 … Contre le communisme. Paris, B. Grasset, 1927.
485 2342 757 51 2 p. l., [7]-363 p., 1 l. 19 ᶜᵐ .
420 2411 51 52 ©
499 2416 111 40 Dec.
636 2416 70 46 21,
734 2416 140 46 1927;
961 2447 8 8 1c.
998 2415 111 40 Feb.
1137 2415 68 47 10,
1234 2415 141 46 1928;
1405 2415 100 38 A—
1509 2413 207 49 Foreign
1743 2414 172 47 37406;
1946 2415 223 39 Bernard
2198 2413 217 42 Grasset.

499 2472 280 48 (28-13770)

417 2567 346 63 Crumpton,
798 2565 244 55 Claudia
1077 2567 67 51 E.

420 2655 1973 134 Junior high school English, bk. 3. By Claudia E. Crumpton … and
786 2734 1627 70 James Fleming Hosic … New York, Boston [etc.]
416 2815 1033 68 American book company [ ᶜ19 28 ]
571 2897 535 49 x, 374 p. illus. 19 ᶜᵐ .
423 2950 51 52 ©
503 2956 127 40 June
655 2955 40 48 2,
724 2955 114 40 1928;
894 2955 67 40 2c.
990 2955 96 39 and
1114 2954 82 40 aff.
1225 2955 129 39 June
1380 2954 25 39 5;
1462 2954 41 38 A
1530 2953 202 41 1074843;
1791 2953 146 40 Amer.
1980 2953 124 40 book
2131 2965 67 30 co.

421 3065 396 64 Dahlsgaard,
845 3064 248 53 Marius.

548 3141 1866 72 … Umulig. Illustreret af Axel Mathiesen. [ København]
418 3222 56 55 S.
505 3223 395 66 Hasselbalch,
932 3225 148 51 1926.

486 3304 629 51 139, [1] p. illus. 20 ᶜᵐ .
488 3363 311 48 “Fortælling
825 3363 80 39 for
935 3360 365 50 ungdommen.”

425 3417 1993 51 © Sept. 8, 1926; 1c. Jan. 4, 1928; A—Foreign 36833; Marius Dahlsgaard,
548 3471 1088 54 ℅ Hasselbalch, Copenhagen. (28-13819)
422 3571 227 63 Daniel,
679 3572 155 52 John
866 3570 302 63 Franklin,
1205 3569 172 54 1873-

488 3648 1933 69 The elasmobranch fishes, by J. Frank Daniel … Berkeley,
421 3729 195 66 Calif.,
641 3729 339 68 University
1010 3728 64 53 of
1104 3727 325 55 California
1460 3746 174 49 press,
1667 3730 149 49 1928.

490 3809 1452 50 xi, 332 p. illus., plates (part col., part fold.) 27 ᶜᵐ .
491 3869 213 40 “Second
734 3868 226 41 edition.”

491 3926 349 48 Bibliography
868 3927 52 38 at
950 3927 89 38 end
1070 3925 51 40 of
1148 3926 119 39 each
1297 3926 215 46 chapter.

430 3980 51 53 ©
517 3984 114 39 Apr.
667 3984 68 46 30,
772 3983 141 46 1928;
950 3984 67 41 2c.
1055 3986 113 45 May
1204 3984 82 46 11;
1325 3983 82 41 aff.
1445 3984 112 48 May
1593 3983 82 47 21;
1714 3983 41 40 A
1791 3983 228 47 1077400;
2060 3983 43 41 J.
2141 3982 51 41 F.
2229 3980 189 49 Daniel,

497 4042 250 48 Berkeley,
784 4041 144 41 Calif.
1001 4040 281 49 (28-13541)
