<alto xmlns="http://www.loc.gov/standards/alto/ns-v3#" xmlns:xlink="http://www.w3.org/1999/xlink" xmlns:xsi="http://www.w3.org/2001/XMLSchema-instance" xsi:schemaLocation="http://www.loc.gov/standards/alto/ns-v3# http://www.loc.gov/alto/v3/alto-3-0.xsd"><Description>
<MeasurementUnit>pixel</MeasurementUnit>
<sourceImageInformation>
<fileName>1928_v25_part001.pdf</fileName>
</sourceImageInformation>
<OCRProcessing ID="IdOcr">
<ocrProcessingStep>
<processingDateTime>2019-04-12</processingDateTime>
<processingSoftware>
<softwareCreator>ABBYY</softwareCreator>
<softwareName>ABBYY Recognition Server</softwareName>
<softwareVersion>4.0</softwareVersion>
</processingSoftware>
</ocrProcessingStep>
</OCRProcessing>
</Description>
<Styles>
<ParagraphStyle ID="StyleId-FFFFFFFF-FFFF-FFFF-FFFF-FFFFFFFFFFFF-" ALIGN="Left" LEFT="0." RIGHT="0." FIRSTLINE="0."/>
<ParagraphStyle ID="StyleId-0ECAC0CE-E1F0-4C69-A1B9-95E16886343B-" ALIGN="Left" LEFT="0." RIGHT="0." FIRSTLINE="0." LINESPACE="8.300000191"/>
<ParagraphStyle ID="StyleId-5C6F7A30-EC6F-4250-A8D3-0AE106DCDB5D-" ALIGN="Left" LEFT="0." RIGHT="0." FIRSTLINE="-13." LINESPACE="11.22999954"/>
<ParagraphStyle ID="StyleId-B258737E-7AF8-4B71-A0BF-0A1420B951F9-" ALIGN="Left" LEFT="0." RIGHT="0." FIRSTLINE="-13." LINESPACE="8.210000038"/>
<ParagraphStyle ID="StyleId-35C0EFA5-E89E-4731-B16E-5D3895F12270-" ALIGN="Block" LEFT="0." RIGHT="0." FIRSTLINE="-12." LINESPACE="11.22999954"/>
<ParagraphStyle ID="StyleId-7BD1F9B4-14BB-4AAF-864B-FED8FEA7DC43-" ALIGN="Left" LEFT="0." RIGHT="0." FIRSTLINE="0."/>
<ParagraphStyle ID="StyleId-CD2DA0E5-536D-42AE-AE16-8D9F5C008D5A-" ALIGN="Block" LEFT="0." RIGHT="0." FIRSTLINE="-12." LINESPACE="10."/>
<ParagraphStyle ID="StyleId-AF408F88-EED5-4CE2-A229-3F852C18D9BD-" ALIGN="Block" LEFT="0." RIGHT="0." FIRSTLINE="-14." LINESPACE="10."/>
<ParagraphStyle ID="StyleId-829CD741-943D-4B7B-9638-57AB73DE2567-" ALIGN="Center" LEFT="0." RIGHT="0." FIRSTLINE="0." LINESPACE="9.399999619"/>
<ParagraphStyle ID="StyleId-B271BDFA-6037-4875-BA99-885A067668E9-" ALIGN="Left" LEFT="0." RIGHT="0." FIRSTLINE="-14." LINESPACE="11.21000004"/>
<ParagraphStyle ID="StyleId-64F9C1D8-EA12-4F65-AD18-B72A4C6B556F-" ALIGN="Center" LEFT="0." RIGHT="0." FIRSTLINE="0." LINESPACE="11.60000038"/>
<ParagraphStyle ID="StyleId-44DA2756-E57B-4EF3-9BA4-FC1C14776DE3-" ALIGN="Left" LEFT="0." RIGHT="0." FIRSTLINE="-12." LINESPACE="12.19999981"/>
<ParagraphStyle ID="StyleId-D1D9AF19-8CA6-4F74-9AEC-1B4545205AD7-" ALIGN="Center" LEFT="0." RIGHT="0." FIRSTLINE="0." LINESPACE="11.60000038"/>
<ParagraphStyle ID="StyleId-3ADA1556-6D19-417D-8046-68449BF368BA-" ALIGN="Left" LEFT="0." RIGHT="0." FIRSTLINE="-13." LINESPACE="12.19999981"/>
<ParagraphStyle ID="StyleId-7443A930-B325-44B5-9AB8-B42B4EC78C89-" ALIGN="Block" LEFT="0." RIGHT="0." FIRSTLINE="13." LINESPACE="8.619999886"/>
<ParagraphStyle ID="StyleId-C9A9E480-E448-4934-9AF8-3D252792E396-" ALIGN="Left" LEFT="0." RIGHT="0." FIRSTLINE="-12." LINESPACE="11.38000011"/>
<ParagraphStyle ID="StyleId-73039842-464C-49B9-9440-4C0D0E749DFE-" ALIGN="Center" LEFT="0." RIGHT="0." FIRSTLINE="0." LINESPACE="11.10000038"/>
<ParagraphStyle ID="StyleId-C51F6AC2-80DA-4C65-849C-6E2D5F548EA4-" ALIGN="Left" LEFT="0." RIGHT="0." FIRSTLINE="0." LINESPACE="7.699999809"/>
<ParagraphStyle ID="StyleId-494190D9-BDDC-4834-A745-6AF520F91CD0-" ALIGN="Block" LEFT="0." RIGHT="0." FIRSTLINE="-12." LINESPACE="11.22999954"/>
<ParagraphStyle ID="StyleId-68D39D31-3386-4B28-8C90-DA9420961D78-" ALIGN="Left" LEFT="0." RIGHT="0." FIRSTLINE="0." LINESPACE="11.60000038"/>
<ParagraphStyle ID="StyleId-DF0CE7C7-E73E-44FE-8867-C904BD7F3F42-" ALIGN="Block" LEFT="0." RIGHT="0." FIRSTLINE="0." LINESPACE="12.19999981"/>
</Styles>
<Layout>
<Page ID="Page304" PHYSICAL_IMG_NR="304" HEIGHT="4384" WIDTH="2498">
<TopMargin HEIGHT="426" WIDTH="2498" VPOS="0" HPOS="0">
</TopMargin>
<LeftMargin HEIGHT="3846" WIDTH="336" VPOS="426" HPOS="0">
</LeftMargin>
<RightMargin HEIGHT="3846" WIDTH="128" VPOS="426" HPOS="2370">
</RightMargin>
<BottomMargin HEIGHT="112" WIDTH="2498" VPOS="4272" HPOS="0">
</BottomMargin>
<PrintSpace HEIGHT="3846" WIDTH="2034" VPOS="426" HPOS="336">
<TextBlock ID="Page304_Block1" HEIGHT="187" WIDTH="219" VPOS="4085" HPOS="1276" LANG="en-US" STYLEREFS="StyleId-9F437702-A65B-4429-BD2B-68CC53117D1C-">
<TextLine HEIGHT="53" WIDTH="103" VPOS="4087" HPOS="1313">
<String CONTENT="304" HEIGHT="53" WIDTH="103" VPOS="4087" HPOS="1313"/>
</TextLine>
</TextBlock>
<TextBlock ID="Page304_Block2" HEIGHT="3724" WIDTH="2034" VPOS="426" HPOS="336" LANG="en-US" CS="1" STYLEREFS="StyleId-33CC7CDC-D845-4E29-934F-F32DC42E35C1-">
<Shape>
<Polygon POINTS="336,426 2370,426 2370,4150 336,4150 336,426"/>
</Shape>
<TextLine HEIGHT="64" WIDTH="1126" VPOS="437" HPOS="350" STYLEREFS="StyleId-ED2D5FC4-F21E-4ED7-866A-9D8650A2C9BB-">
<String CONTENT="Weaver," HEIGHT="61" WIDTH="267" VPOS="440" HPOS="350"/>
<SP HEIGHT="63" WIDTH="29" VPOS="438" HPOS="618"/>
<String CONTENT="John" HEIGHT="53" WIDTH="155" VPOS="438" HPOS="648"/>
<SP HEIGHT="53" WIDTH="30" VPOS="437" HPOS="804"/>
<String CONTENT="Van" HEIGHT="53" WIDTH="130" VPOS="437" HPOS="835"/>
<SP HEIGHT="53" WIDTH="30" VPOS="437" HPOS="966"/>
<String CONTENT="Alstyne," HEIGHT="63" WIDTH="272" VPOS="437" HPOS="997"/>
<SP HEIGHT="58" WIDTH="34" VPOS="441" HPOS="1270"/>
<String CONTENT="1893-" HEIGHT="50" WIDTH="171" VPOS="440" HPOS="1305"/>
</TextLine>
<TextLine HEIGHT="71" WIDTH="1423" VPOS="513" HPOS="487" STYLEREFS="StyleId-ED2D5FC4-F21E-4ED7-866A-9D8650A2C9BB-" CS="1">
<String CS="1" CONTENT="&#8230;"/>
<SP HEIGHT="52" WIDTH="37" VPOS="518" HPOS="487"/>
<String CONTENT="To" HEIGHT="52" WIDTH="84" VPOS="518" HPOS="525"/>
<SP HEIGHT="49" WIDTH="28" VPOS="535" HPOS="610"/>
<String CONTENT="youth." HEIGHT="67" WIDTH="195" VPOS="517" HPOS="639"/>
<SP HEIGHT="51" WIDTH="75" VPOS="517" HPOS="835"/>
<String CONTENT="New" HEIGHT="51" WIDTH="139" VPOS="517" HPOS="911"/>
<SP HEIGHT="52" WIDTH="30" VPOS="516" HPOS="1051"/>
<String CONTENT="York," HEIGHT="67" WIDTH="182" VPOS="515" HPOS="1082"/>
<SP HEIGHT="66" WIDTH="29" VPOS="516" HPOS="1265"/>
<String CONTENT="A." HEIGHT="52" WIDTH="71" VPOS="516" HPOS="1295"/>
<SP HEIGHT="53" WIDTH="29" VPOS="515" HPOS="1367"/>
<String CONTENT="A." HEIGHT="52" WIDTH="71" VPOS="515" HPOS="1397"/>
<SP HEIGHT="52" WIDTH="31" VPOS="515" HPOS="1469"/>
<String CONTENT="Knopf," HEIGHT="69" WIDTH="228" VPOS="513" HPOS="1501"/>
<SP HEIGHT="64" WIDTH="32" VPOS="518" HPOS="1730"/>
<String CONTENT="1928." HEIGHT="50" WIDTH="147" VPOS="516" HPOS="1763"/>
</TextLine>
<TextLine HEIGHT="50" WIDTH="562" VPOS="598" HPOS="424" CS="1">
<String LANG="en-US" CONTENT="5" HEIGHT="40" WIDTH="26" VPOS="600" HPOS="424"/>
<SP HEIGHT="48" WIDTH="24" VPOS="600" HPOS="451"/>
<String LANG="fr" CS="1" CONTENT="p."/>
<SP/>
<String LANG="fr" CS="1" CONTENT="l."/>
<String LANG="en-US" CONTENT="," HEIGHT="15" WIDTH="8" VPOS="631" HPOS="583"/>
<SP HEIGHT="45" WIDTH="26" VPOS="601" HPOS="592"/>
<String LANG="en-US" CONTENT="78" HEIGHT="40" WIDTH="55" VPOS="600" HPOS="619"/>
<SP HEIGHT="47" WIDTH="27" VPOS="600" HPOS="675"/>
<String LANG="fr" CONTENT="p.," HEIGHT="37" WIDTH="58" VPOS="610" HPOS="703"/>
<SP HEIGHT="47" WIDTH="25" VPOS="599" HPOS="762"/>
<String LANG="en-US" CS="1" CONTENT="1"/>
<SP/>
<String LANG="en-US" CS="1" CONTENT="l."/>
<SP HEIGHT="40" WIDTH="59" VPOS="599" HPOS="870"/>
<String LANG="en-US" CONTENT="20" HEIGHT="40" WIDTH="56" VPOS="598" HPOS="930"/>
<String STYLE="superscript" LANG="en-US" CS="1" CONTENT="&#7580;&#7504;."/>
</TextLine>
<TextLine HEIGHT="38" WIDTH="185" VPOS="673" HPOS="424">
<String CONTENT="Poems." HEIGHT="38" WIDTH="185" VPOS="673" HPOS="424"/>
</TextLine>
<TextLine HEIGHT="42" WIDTH="1001" VPOS="726" HPOS="424" CS="1">
<String CONTENT="At" HEIGHT="38" WIDTH="62" VPOS="730" HPOS="424"/>
<SP HEIGHT="39" WIDTH="22" VPOS="729" HPOS="487"/>
<String CONTENT="head" HEIGHT="39" WIDTH="125" VPOS="729" HPOS="510"/>
<SP HEIGHT="39" WIDTH="22" VPOS="729" HPOS="636"/>
<String CONTENT="of" HEIGHT="41" WIDTH="51" VPOS="727" HPOS="659"/>
<SP HEIGHT="40" WIDTH="20" VPOS="727" HPOS="711"/>
<String CS="1" CONTENT="title;" HEIGHT="40" WIDTH="109" VPOS="727" HPOS="732"/>
<SP HEIGHT="39" WIDTH="25" VPOS="727" HPOS="868"/>
<String CONTENT="John" HEIGHT="39" WIDTH="129" VPOS="727" HPOS="894"/>
<SP HEIGHT="39" WIDTH="21" VPOS="727" HPOS="1024"/>
<String CONTENT="V." HEIGHT="40" WIDTH="54" VPOS="727" HPOS="1046"/>
<SP HEIGHT="40" WIDTH="23" VPOS="727" HPOS="1101"/>
<String CONTENT="A." HEIGHT="39" WIDTH="54" VPOS="727" HPOS="1125"/>
<SP HEIGHT="40" WIDTH="22" VPOS="726" HPOS="1180"/>
<String CONTENT="Weaver." HEIGHT="40" WIDTH="222" VPOS="726" HPOS="1203"/>
</TextLine>
<TextLine HEIGHT="54" WIDTH="1920" VPOS="796" HPOS="357">
<String CONTENT="&#169;" HEIGHT="52" WIDTH="51" VPOS="798" HPOS="357"/>
<SP HEIGHT="52" WIDTH="28" VPOS="798" HPOS="409"/>
<String CONTENT="Feb." HEIGHT="40" WIDTH="110" VPOS="802" HPOS="438"/>
<SP HEIGHT="41" WIDTH="25" VPOS="801" HPOS="549"/>
<String CONTENT="3," HEIGHT="42" WIDTH="40" VPOS="801" HPOS="575"/>
<SP HEIGHT="42" WIDTH="26" VPOS="801" HPOS="616"/>
<String CONTENT="1928;" HEIGHT="41" WIDTH="140" VPOS="800" HPOS="643"/>
<SP HEIGHT="41" WIDTH="27" VPOS="800" HPOS="784"/>
<String CONTENT="2c." HEIGHT="41" WIDTH="68" VPOS="800" HPOS="812"/>
<SP HEIGHT="30" WIDTH="26" VPOS="811" HPOS="881"/>
<String CONTENT="and" HEIGHT="39" WIDTH="95" VPOS="800" HPOS="908"/>
<SP HEIGHT="39" WIDTH="26" VPOS="800" HPOS="1004"/>
<String CONTENT="aff." HEIGHT="40" WIDTH="82" VPOS="799" HPOS="1031"/>
<SP HEIGHT="40" WIDTH="27" VPOS="799" HPOS="1114"/>
<String CONTENT="Feb." HEIGHT="40" WIDTH="111" VPOS="799" HPOS="1142"/>
<SP HEIGHT="40" WIDTH="26" VPOS="799" HPOS="1254"/>
<String CONTENT="9;" HEIGHT="46" WIDTH="53" VPOS="799" HPOS="1281"/>
<SP HEIGHT="46" WIDTH="27" VPOS="799" HPOS="1335"/>
<!-- cceid 18AA54D9-6CB2-1014-A20E-B9D6251C946A --><String CONTENT="A" HEIGHT="38" WIDTH="43" VPOS="799" HPOS="1363"/>
<SP HEIGHT="38" WIDTH="23" VPOS="799" HPOS="1407"/>
<String CONTENT="1018724;" HEIGHT="43" WIDTH="230" VPOS="796" HPOS="1431"/>
<SP HEIGHT="41" WIDTH="29" VPOS="798" HPOS="1662"/>
<String CONTENT="Alfred" HEIGHT="41" WIDTH="172" VPOS="796" HPOS="1692"/>
<SP HEIGHT="39" WIDTH="29" VPOS="798" HPOS="1865"/>
<String CONTENT="A." HEIGHT="40" WIDTH="52" VPOS="798" HPOS="1895"/>
<SP HEIGHT="40" WIDTH="28" VPOS="798" HPOS="1948"/>
<String CONTENT="Knopf," HEIGHT="49" WIDTH="180" VPOS="796" HPOS="1977"/>
<SP HEIGHT="41" WIDTH="27" VPOS="798" HPOS="2158"/>
<String CONTENT="inc." HEIGHT="41" WIDTH="91" VPOS="798" HPOS="2186"/>
</TextLine>
<TextLine HEIGHT="50" WIDTH="253" VPOS="858" HPOS="434">
<String CONTENT="(28-4621)" HEIGHT="50" WIDTH="253" VPOS="858" HPOS="434"/>
</TextLine>
<TextLine HEIGHT="65" WIDTH="1057" VPOS="950" HPOS="349" STYLEREFS="StyleId-DA03E276-204A-44E9-9AB1-F38CD6585EE9-">
<String CONTENT="Webster," HEIGHT="63" WIDTH="291" VPOS="951" HPOS="349"/>
<SP HEIGHT="62" WIDTH="35" VPOS="952" HPOS="641"/>
<String CONTENT="Henry" HEIGHT="63" WIDTH="208" VPOS="952" HPOS="677"/>
<SP HEIGHT="63" WIDTH="32" VPOS="952" HPOS="886"/>
<String CONTENT="Kitchell," HEIGHT="63" WIDTH="276" VPOS="950" HPOS="919"/>
<SP HEIGHT="58" WIDTH="40" VPOS="955" HPOS="1196"/>
<String CONTENT="1875-" HEIGHT="53" WIDTH="169" VPOS="951" HPOS="1237"/>
</TextLine>
<TextLine HEIGHT="150" WIDTH="1983" VPOS="1026" HPOS="351" STYLEREFS="StyleId-ED2D5FC4-F21E-4ED7-866A-9D8650A2C9BB-" CS="1">
<String CONTENT="The" HEIGHT="53" WIDTH="122" VPOS="1030" HPOS="422"/>
<SP HEIGHT="35" WIDTH="26" VPOS="1048" HPOS="545"/>
<String CONTENT="clock" HEIGHT="53" WIDTH="158" VPOS="1030" HPOS="572"/>
<SP HEIGHT="53" WIDTH="26" VPOS="1030" HPOS="731"/>
<String CONTENT="strikes" HEIGHT="54" WIDTH="207" VPOS="1029" HPOS="758"/>
<SP HEIGHT="47" WIDTH="25" VPOS="1035" HPOS="966"/>
<String CONTENT="two," HEIGHT="61" WIDTH="131" VPOS="1035" HPOS="992"/>
<SP HEIGHT="68" WIDTH="26" VPOS="1028" HPOS="1124"/>
<String CONTENT="by" HEIGHT="69" WIDTH="78" VPOS="1028" HPOS="1151"/>
<SP HEIGHT="69" WIDTH="26" VPOS="1028" HPOS="1230"/>
<String CONTENT="Henry" HEIGHT="69" WIDTH="206" VPOS="1028" HPOS="1257"/>
<SP HEIGHT="68" WIDTH="25" VPOS="1029" HPOS="1464"/>
<String CONTENT="Kitchell" HEIGHT="53" WIDTH="258" VPOS="1028" HPOS="1490"/>
<SP HEIGHT="53" WIDTH="26" VPOS="1028" HPOS="1749"/>
<String CONTENT="Webster." HEIGHT="55" WIDTH="278" VPOS="1026" HPOS="1776"/>
<SP HEIGHT="52" WIDTH="66" VPOS="1027" HPOS="2055"/>
<String CONTENT="Indianapolis," HEIGHT="150" WIDTH="1983" VPOS="1026" HPOS="351"/>
</TextLine>
<TextLine HEIGHT="69" WIDTH="1153" VPOS="1106" HPOS="588" STYLEREFS="StyleId-ED2D5FC4-F21E-4ED7-866A-9D8650A2C9BB-" CS="1">
<String CONTENT="The" HEIGHT="53" WIDTH="124" VPOS="1108" HPOS="588"/>
<SP HEIGHT="53" WIDTH="30" VPOS="1108" HPOS="713"/>
<String CONTENT="Bobbs-Merrill" HEIGHT="54" WIDTH="446" VPOS="1106" HPOS="744"/>
<SP HEIGHT="51" WIDTH="33" VPOS="1108" HPOS="1191"/>
<String CONTENT="company" HEIGHT="52" WIDTH="283" VPOS="1123" HPOS="1225"/>
<SP HEIGHT="51" WIDTH="37" VPOS="1124" HPOS="1509"/>
<String CS="1" CONTENT="["/>
<String STYLE="superscript" CS="1" CONTENT="&#7580;1"/>
<String CONTENT="928]" HEIGHT="65" WIDTH="118" VPOS="1108" HPOS="1623"/>
</TextLine>
<TextLine HEIGHT="50" WIDTH="567" VPOS="1190" HPOS="420" CS="1">
<String CONTENT="4" HEIGHT="38" WIDTH="27" VPOS="1193" HPOS="420"/>
<SP HEIGHT="47" WIDTH="28" VPOS="1193" HPOS="448"/>
<String LANG="fr" CS="1" CONTENT="p."/>
<SP/>
<String LANG="fr" CS="1" CONTENT="l."/>
<String CONTENT="," HEIGHT="16" WIDTH="8" VPOS="1223" HPOS="586"/>
<SP HEIGHT="47" WIDTH="29" VPOS="1192" HPOS="595"/>
<String CONTENT="11-322" HEIGHT="41" WIDTH="173" VPOS="1191" HPOS="625"/>
<SP HEIGHT="47" WIDTH="27" VPOS="1192" HPOS="799"/>
<String CONTENT="p." HEIGHT="37" WIDTH="43" VPOS="1202" HPOS="827"/>
<SP HEIGHT="41" WIDTH="58" VPOS="1191" HPOS="871"/>
<String CS="1" CONTENT="19&#189;&#7580;&#7504;." HEIGHT="41" WIDTH="57" VPOS="1190" HPOS="930"/>
</TextLine>
<TextLine HEIGHT="52" WIDTH="1889" VPOS="1259" HPOS="356" CS="1">
<String CONTENT="&#169;" HEIGHT="52" WIDTH="50" VPOS="1259" HPOS="356"/>
<SP HEIGHT="52" WIDTH="34" VPOS="1259" HPOS="407"/>
<String CONTENT="Jan." HEIGHT="39" WIDTH="110" VPOS="1264" HPOS="442"/>
<SP HEIGHT="40" WIDTH="29" VPOS="1263" HPOS="553"/>
<String CONTENT="28," HEIGHT="43" WIDTH="69" VPOS="1262" HPOS="583"/>
<SP HEIGHT="42" WIDTH="31" VPOS="1263" HPOS="653"/>
<String CS="1" CONTENT="1928;" HEIGHT="39" WIDTH="114" VPOS="1262" HPOS="685"/>
<SP HEIGHT="41" WIDTH="32" VPOS="1261" HPOS="827"/>
<String CONTENT="2c." HEIGHT="41" WIDTH="67" VPOS="1261" HPOS="860"/>
<SP HEIGHT="30" WIDTH="31" VPOS="1272" HPOS="928"/>
<String CONTENT="and" HEIGHT="39" WIDTH="96" VPOS="1262" HPOS="960"/>
<SP HEIGHT="39" WIDTH="30" VPOS="1262" HPOS="1057"/>
<String CONTENT="aff." HEIGHT="41" WIDTH="82" VPOS="1260" HPOS="1088"/>
<SP HEIGHT="40" WIDTH="32" VPOS="1261" HPOS="1171"/>
<String CONTENT="Feb." HEIGHT="41" WIDTH="112" VPOS="1261" HPOS="1204"/>
<SP HEIGHT="42" WIDTH="31" VPOS="1260" HPOS="1317"/>
<String CS="1" CONTENT="8;" HEIGHT="41" WIDTH="25" VPOS="1260" HPOS="1349"/>
<SP HEIGHT="47" WIDTH="33" VPOS="1260" HPOS="1402"/>
<!-- cceid 18AB0CA1-6CB2-1014-A20E-B9D6251C946A --><String CONTENT="A" HEIGHT="39" WIDTH="41" VPOS="1260" HPOS="1436"/>
<SP HEIGHT="39" WIDTH="29" VPOS="1260" HPOS="1478"/>
<String CS="1" CONTENT="1061595;" HEIGHT="41" WIDTH="204" VPOS="1259" HPOS="1508"/>
<SP HEIGHT="45" WIDTH="33" VPOS="1261" HPOS="1739"/>
<String CONTENT="Bobbs-Merrill" HEIGHT="41" WIDTH="371" VPOS="1259" HPOS="1773"/>
<SP HEIGHT="38" WIDTH="32" VPOS="1261" HPOS="2145"/>
<String CONTENT="co." HEIGHT="30" WIDTH="67" VPOS="1270" HPOS="2178"/>
</TextLine>
<TextLine HEIGHT="48" WIDTH="251" VPOS="1319" HPOS="435">
<String CONTENT="(28-4240)" HEIGHT="48" WIDTH="251" VPOS="1319" HPOS="435"/>
</TextLine>
<TextLine HEIGHT="70" WIDTH="1083" VPOS="1411" HPOS="355" STYLEREFS="StyleId-ED2D5FC4-F21E-4ED7-866A-9D8650A2C9BB-">
<String CONTENT="[Weems," HEIGHT="67" WIDTH="272" VPOS="1414" HPOS="355"/>
<SP HEIGHT="63" WIDTH="27" VPOS="1412" HPOS="628"/>
<String CONTENT="Philip" HEIGHT="64" WIDTH="194" VPOS="1411" HPOS="656"/>
<SP HEIGHT="64" WIDTH="28" VPOS="1411" HPOS="851"/>
<String CONTENT="Van" HEIGHT="53" WIDTH="130" VPOS="1411" HPOS="880"/>
<SP HEIGHT="52" WIDTH="31" VPOS="1411" HPOS="1011"/>
<String CONTENT="Horn]" HEIGHT="67" WIDTH="184" VPOS="1411" HPOS="1043"/>
<SP HEIGHT="64" WIDTH="38" VPOS="1414" HPOS="1228"/>
<String CONTENT="1889-" HEIGHT="50" WIDTH="171" VPOS="1414" HPOS="1267"/>
</TextLine>
<TextLine HEIGHT="135" WIDTH="1980" VPOS="1487" HPOS="353" STYLEREFS="StyleId-ED2D5FC4-F21E-4ED7-866A-9D8650A2C9BB-" CS="1">
<String CONTENT="Line" HEIGHT="53" WIDTH="143" VPOS="1491" HPOS="423"/>
<SP HEIGHT="35" WIDTH="29" VPOS="1509" HPOS="567"/>
<String CONTENT="of" HEIGHT="53" WIDTH="65" VPOS="1490" HPOS="597"/>
<SP HEIGHT="68" WIDTH="29" VPOS="1490" HPOS="663"/>
<String CONTENT="position" HEIGHT="68" WIDTH="251" VPOS="1490" HPOS="693"/>
<SP HEIGHT="52" WIDTH="28" VPOS="1490" HPOS="945"/>
<String CONTENT="book;" HEIGHT="68" WIDTH="175" VPOS="1489" HPOS="974"/>
<SP HEIGHT="49" WIDTH="35" VPOS="1508" HPOS="1150"/>
<String CONTENT="a" HEIGHT="34" WIDTH="32" VPOS="1508" HPOS="1186"/>
<SP HEIGHT="35" WIDTH="31" VPOS="1508" HPOS="1219"/>
<String CONTENT="short" HEIGHT="53" WIDTH="160" VPOS="1490" HPOS="1251"/>
<SP HEIGHT="48" WIDTH="31" VPOS="1494" HPOS="1412"/>
<String CONTENT="accurate" HEIGHT="48" WIDTH="261" VPOS="1494" HPOS="1444"/>
<SP HEIGHT="34" WIDTH="29" VPOS="1508" HPOS="1706"/>
<String CONTENT="method" HEIGHT="54" WIDTH="231" VPOS="1488" HPOS="1736"/>
<SP HEIGHT="53" WIDTH="32" VPOS="1489" HPOS="1968"/>
<String CONTENT="using" HEIGHT="71" WIDTH="171" VPOS="1487" HPOS="2001"/>
<SP HEIGHT="70" WIDTH="32" VPOS="1488" HPOS="2173"/>
<String CONTENT="Ogura&#8217;s" HEIGHT="134" WIDTH="1980" VPOS="1488" HPOS="353"/>
</TextLine>
<TextLine HEIGHT="69" WIDTH="1800" VPOS="1567" HPOS="500" STYLEREFS="StyleId-ED2D5FC4-F21E-4ED7-866A-9D8650A2C9BB-" CS="1">
<String CONTENT="altitude" HEIGHT="53" WIDTH="245" VPOS="1568" HPOS="500"/>
<SP HEIGHT="47" WIDTH="34" VPOS="1574" HPOS="746"/>
<String CONTENT="tables" HEIGHT="53" WIDTH="181" VPOS="1568" HPOS="781"/>
<SP HEIGHT="34" WIDTH="36" VPOS="1587" HPOS="963"/>
<String CONTENT="and" HEIGHT="52" WIDTH="113" VPOS="1569" HPOS="1000"/>
<SP HEIGHT="53" WIDTH="38" VPOS="1568" HPOS="1114"/>
<String CONTENT="Rust&#8217;s" HEIGHT="54" WIDTH="195" VPOS="1567" HPOS="1153"/>
<SP HEIGHT="34" WIDTH="35" VPOS="1587" HPOS="1349"/>
<String CONTENT="modified" HEIGHT="54" WIDTH="271" VPOS="1567" HPOS="1385"/>
<SP HEIGHT="53" WIDTH="38" VPOS="1568" HPOS="1657"/>
<String CONTENT="azimuth" HEIGHT="53" WIDTH="253" VPOS="1567" HPOS="1696"/>
<SP HEIGHT="53" WIDTH="40" VPOS="1567" HPOS="1950"/>
<String CONTENT="diagram" HEIGHT="69" WIDTH="263" VPOS="1567" HPOS="1991"/>
<SP HEIGHT="33" WIDTH="45" VPOS="1586" HPOS="2255"/>
<String CS="1" CONTENT="&#8230;"/>
</TextLine>
<TextLine HEIGHT="69" WIDTH="1446" VPOS="1645" HPOS="357" STYLEREFS="StyleId-ED2D5FC4-F21E-4ED7-866A-9D8650A2C9BB-" CS="1">
<String CONTENT="[Annapolis," HEIGHT="68" WIDTH="361" VPOS="1646" HPOS="357"/>
<SP HEIGHT="68" WIDTH="23" VPOS="1646" HPOS="719"/>
<String LANG="fr" CONTENT="Md.," HEIGHT="67" WIDTH="141" VPOS="1646" HPOS="743"/>
<SP HEIGHT="67" WIDTH="23" VPOS="1646" HPOS="885"/>
<String LANG="fr" CONTENT="U." HEIGHT="54" WIDTH="72" VPOS="1646" HPOS="909"/>
<SP HEIGHT="56" WIDTH="31" VPOS="1645" HPOS="982"/>
<String CONTENT="S." HEIGHT="56" WIDTH="57" VPOS="1645" HPOS="1014"/>
<SP HEIGHT="53" WIDTH="25" VPOS="1646" HPOS="1072"/>
<String CONTENT="Naval" HEIGHT="53" WIDTH="190" VPOS="1646" HPOS="1098"/>
<SP HEIGHT="52" WIDTH="24" VPOS="1646" HPOS="1289"/>
<String CONTENT="institute]" HEIGHT="67" WIDTH="280" VPOS="1646" HPOS="1314"/>
<SP HEIGHT="61" WIDTH="32" VPOS="1652" HPOS="1595"/>
<String STYLE="superscript" CS="1" CONTENT="&#7580;1"/>
<String CONTENT="927." HEIGHT="54" WIDTH="119" VPOS="1645" HPOS="1684"/>
</TextLine>
<TextLine HEIGHT="50" WIDTH="1043" VPOS="1727" HPOS="422" CS="1">
<String CONTENT="42" HEIGHT="38" WIDTH="58" VPOS="1730" HPOS="422"/>
<SP HEIGHT="47" WIDTH="22" VPOS="1730" HPOS="481"/>
<String CONTENT="p." HEIGHT="38" WIDTH="44" VPOS="1739" HPOS="504"/>
<SP HEIGHT="41" WIDTH="23" VPOS="1728" HPOS="549"/>
<String CONTENT="incl." HEIGHT="41" WIDTH="111" VPOS="1728" HPOS="573"/>
<SP HEIGHT="39" WIDTH="26" VPOS="1730" HPOS="685"/>
<String CONTENT="tables," HEIGHT="47" WIDTH="170" VPOS="1728" HPOS="712"/>
<SP HEIGHT="46" WIDTH="25" VPOS="1729" HPOS="883"/>
<String CONTENT="diagrs." HEIGHT="48" WIDTH="181" VPOS="1728" HPOS="909"/>
<SP HEIGHT="48" WIDTH="25" VPOS="1727" HPOS="1091"/>
<String CONTENT="(1" HEIGHT="48" WIDTH="50" VPOS="1727" HPOS="1117"/>
<SP HEIGHT="39" WIDTH="24" VPOS="1728" HPOS="1168"/>
<String CONTENT="fold.)" HEIGHT="48" WIDTH="146" VPOS="1727" HPOS="1193"/>
<SP HEIGHT="48" WIDTH="66" VPOS="1727" HPOS="1340"/>
<String CS="1" CONTENT="24&#189;&#7580;&#7504;." HEIGHT="39" WIDTH="58" VPOS="1728" HPOS="1407"/>
</TextLine>
<TextLine HEIGHT="50" WIDTH="1034" VPOS="1796" HPOS="423">
<String CONTENT="Tables" HEIGHT="39" WIDTH="175" VPOS="1798" HPOS="423"/>
<SP HEIGHT="30" WIDTH="26" VPOS="1807" HPOS="599"/>
<String CONTENT="and" HEIGHT="39" WIDTH="97" VPOS="1798" HPOS="626"/>
<SP HEIGHT="39" WIDTH="25" VPOS="1798" HPOS="724"/>
<String CONTENT="diagram" HEIGHT="47" WIDTH="222" VPOS="1797" HPOS="750"/>
<SP HEIGHT="29" WIDTH="26" VPOS="1808" HPOS="973"/>
<String CONTENT="on" HEIGHT="29" WIDTH="60" VPOS="1808" HPOS="1000"/>
<SP HEIGHT="39" WIDTH="28" VPOS="1798" HPOS="1061"/>
<String CONTENT="lining-papers." HEIGHT="50" WIDTH="367" VPOS="1796" HPOS="1090"/>
</TextLine>
<TextLine HEIGHT="40" WIDTH="744" VPOS="1855" HPOS="425" CS="1">
<String CONTENT="Lettered" HEIGHT="40" WIDTH="228" VPOS="1855" HPOS="425"/>
<SP HEIGHT="39" WIDTH="25" VPOS="1855" HPOS="654"/>
<String CONTENT="on" HEIGHT="30" WIDTH="60" VPOS="1864" HPOS="680"/>
<SP HEIGHT="30" WIDTH="24" VPOS="1864" HPOS="741"/>
<String CS="1" CONTENT="cover:" HEIGHT="30" WIDTH="142" VPOS="1864" HPOS="766"/>
<SP HEIGHT="39" WIDTH="27" VPOS="1855" HPOS="936"/>
<String CONTENT="Weems." HEIGHT="40" WIDTH="205" VPOS="1855" HPOS="964"/>
</TextLine>
<TextLine HEIGHT="110" WIDTH="1990" VPOS="1922" HPOS="353" CS="1">
<String CONTENT="&#169;" HEIGHT="52" WIDTH="51" VPOS="1922" HPOS="353"/>
<SP HEIGHT="52" WIDTH="29" VPOS="1922" HPOS="405"/>
<String CONTENT="Dec." HEIGHT="39" WIDTH="112" VPOS="1927" HPOS="435"/>
<SP HEIGHT="39" WIDTH="25" VPOS="1927" HPOS="548"/>
<String CONTENT="31," HEIGHT="45" WIDTH="70" VPOS="1927" HPOS="574"/>
<SP HEIGHT="45" WIDTH="28" VPOS="1927" HPOS="645"/>
<String CS="1" CONTENT="1927;" HEIGHT="40" WIDTH="113" VPOS="1925" HPOS="674"/>
<SP HEIGHT="43" WIDTH="27" VPOS="1925" HPOS="816"/>
<String CONTENT="2c." HEIGHT="40" WIDTH="67" VPOS="1925" HPOS="844"/>
<SP HEIGHT="28" WIDTH="28" VPOS="1937" HPOS="912"/>
<String CONTENT="and" HEIGHT="39" WIDTH="95" VPOS="1926" HPOS="941"/>
<SP HEIGHT="39" WIDTH="26" VPOS="1926" HPOS="1037"/>
<String LANG="de" CONTENT="aff." HEIGHT="41" WIDTH="82" VPOS="1925" HPOS="1064"/>
<SP HEIGHT="40" WIDTH="27" VPOS="1926" HPOS="1147"/>
<String CONTENT="Jan." HEIGHT="40" WIDTH="110" VPOS="1926" HPOS="1175"/>
<SP HEIGHT="41" WIDTH="27" VPOS="1925" HPOS="1286"/>
<String CONTENT="9," HEIGHT="48" WIDTH="40" VPOS="1925" HPOS="1314"/>
<SP HEIGHT="47" WIDTH="25" VPOS="1926" HPOS="1355"/>
<String CONTENT="1928;" HEIGHT="47" WIDTH="141" VPOS="1925" HPOS="1381"/>
<SP HEIGHT="46" WIDTH="29" VPOS="1926" HPOS="1523"/>
<!-- cceid 18ABB8FA-6CB2-1014-A20E-B9D6251C946A --><String CONTENT="A" HEIGHT="39" WIDTH="41" VPOS="1926" HPOS="1553"/>
<SP HEIGHT="39" WIDTH="24" VPOS="1926" HPOS="1595"/>
<String CONTENT="1018386;" HEIGHT="46" WIDTH="229" VPOS="1926" HPOS="1620"/>
<SP HEIGHT="46" WIDTH="32" VPOS="1926" HPOS="1850"/>
<String LANG="fr" CONTENT="U." HEIGHT="41" WIDTH="54" VPOS="1926" HPOS="1883"/>
<SP HEIGHT="41" WIDTH="29" VPOS="1926" HPOS="1938"/>
<String CONTENT="S." HEIGHT="40" WIDTH="43" VPOS="1926" HPOS="1968"/>
<SP HEIGHT="40" WIDTH="26" VPOS="1926" HPOS="2012"/>
<String CONTENT="Naval" HEIGHT="39" WIDTH="155" VPOS="1926" HPOS="2039"/>
<SP HEIGHT="39" WIDTH="29" VPOS="1925" HPOS="2195"/>
<String CONTENT="institute." HEIGHT="99" WIDTH="1917" VPOS="1925" HPOS="426"/>
<SP HEIGHT="48" WIDTH="68" VPOS="1983" HPOS="545"/>
<String CONTENT="(28-3973)" HEIGHT="50" WIDTH="253" VPOS="1982" HPOS="614"/>
</TextLine>
<TextLine HEIGHT="63" WIDTH="752" VPOS="2078" HPOS="348" STYLEREFS="StyleId-DA03E276-204A-44E9-9AB1-F38CD6585EE9-">
<String CONTENT="Welles," HEIGHT="63" WIDTH="230" VPOS="2078" HPOS="348"/>
<SP HEIGHT="62" WIDTH="33" VPOS="2079" HPOS="579"/>
<String CONTENT="Lemuel" HEIGHT="53" WIDTH="240" VPOS="2079" HPOS="613"/>
<SP HEIGHT="53" WIDTH="33" VPOS="2078" HPOS="854"/>
<String CONTENT="Aiken." HEIGHT="54" WIDTH="212" VPOS="2078" HPOS="888"/>
</TextLine>
<TextLine HEIGHT="70" WIDTH="1937" VPOS="2156" HPOS="422" STYLEREFS="StyleId-ED2D5FC4-F21E-4ED7-866A-9D8650A2C9BB-">
<String CONTENT="The" HEIGHT="53" WIDTH="122" VPOS="2157" HPOS="422"/>
<SP HEIGHT="53" WIDTH="23" VPOS="2157" HPOS="545"/>
<String CONTENT="history" HEIGHT="68" WIDTH="224" VPOS="2157" HPOS="569"/>
<SP HEIGHT="50" WIDTH="25" VPOS="2175" HPOS="794"/>
<String CONTENT="of" HEIGHT="53" WIDTH="65" VPOS="2156" HPOS="820"/>
<SP HEIGHT="53" WIDTH="25" VPOS="2156" HPOS="886"/>
<String CONTENT="the" HEIGHT="53" WIDTH="97" VPOS="2156" HPOS="912"/>
<SP HEIGHT="34" WIDTH="27" VPOS="2175" HPOS="1010"/>
<String CONTENT="regicides" HEIGHT="70" WIDTH="278" VPOS="2156" HPOS="1038"/>
<SP HEIGHT="54" WIDTH="27" VPOS="2156" HPOS="1317"/>
<String CONTENT="in" HEIGHT="53" WIDTH="60" VPOS="2156" HPOS="1345"/>
<SP HEIGHT="52" WIDTH="28" VPOS="2157" HPOS="1406"/>
<String CONTENT="New" HEIGHT="52" WIDTH="139" VPOS="2157" HPOS="1435"/>
<SP HEIGHT="52" WIDTH="28" VPOS="2157" HPOS="1575"/>
<String CONTENT="England," HEIGHT="70" WIDTH="291" VPOS="2156" HPOS="1604"/>
<SP HEIGHT="68" WIDTH="25" VPOS="2156" HPOS="1896"/>
<String CONTENT="by" HEIGHT="69" WIDTH="76" VPOS="2156" HPOS="1922"/>
<SP HEIGHT="68" WIDTH="26" VPOS="2157" HPOS="1999"/>
<String CONTENT="Lemuel" HEIGHT="53" WIDTH="228" VPOS="2156" HPOS="2026"/>
<SP HEIGHT="52" WIDTH="32" VPOS="2156" HPOS="2255"/>
<String CONTENT="A." HEIGHT="52" WIDTH="71" VPOS="2156" HPOS="2288"/>
</TextLine>
<TextLine HEIGHT="69" WIDTH="1503" VPOS="2234" HPOS="351" STYLEREFS="StyleId-ED2D5FC4-F21E-4ED7-866A-9D8650A2C9BB-" CS="1">
<String CONTENT="Welles." HEIGHT="54" WIDTH="224" VPOS="2235" HPOS="351"/>
<SP HEIGHT="53" WIDTH="75" VPOS="2235" HPOS="576"/>
<String CONTENT="New" HEIGHT="53" WIDTH="140" VPOS="2235" HPOS="652"/>
<SP HEIGHT="52" WIDTH="27" VPOS="2235" HPOS="793"/>
<String CONTENT="York," HEIGHT="67" WIDTH="181" VPOS="2235" HPOS="821"/>
<SP HEIGHT="67" WIDTH="27" VPOS="2235" HPOS="1003"/>
<String CONTENT="The" HEIGHT="53" WIDTH="124" VPOS="2235" HPOS="1031"/>
<SP HEIGHT="55" WIDTH="26" VPOS="2234" HPOS="1156"/>
<String CONTENT="Grafton" HEIGHT="55" WIDTH="255" VPOS="2234" HPOS="1183"/>
<SP HEIGHT="50" WIDTH="28" VPOS="2253" HPOS="1439"/>
<String CONTENT="press" HEIGHT="50" WIDTH="158" VPOS="2253" HPOS="1468"/>
<SP HEIGHT="47" WIDTH="33" VPOS="2254" HPOS="1627"/>
<String CONTENT="[" HEIGHT="33" WIDTH="13" VPOS="2268" HPOS="1661"/>
<String STYLE="superscript" CS="1" CONTENT="&#7580;1"/>
<String CONTENT="927]" HEIGHT="67" WIDTH="119" VPOS="2234" HPOS="1735"/>
</TextLine>
<TextLine HEIGHT="51" WIDTH="1937" VPOS="2317" HPOS="420" CS="1">
<String CONTENT="139" HEIGHT="41" WIDTH="85" VPOS="2319" HPOS="420"/>
<SP HEIGHT="49" WIDTH="25" VPOS="2319" HPOS="506"/>
<String CONTENT="p." HEIGHT="38" WIDTH="43" VPOS="2330" HPOS="532"/>
<SP HEIGHT="41" WIDTH="58" VPOS="2319" HPOS="576"/>
<String CS="1" CONTENT="front."/>
<SP HEIGHT="48" WIDTH="26" VPOS="2319" HPOS="787"/>
<String CONTENT="(port.)" HEIGHT="49" WIDTH="174" VPOS="2318" HPOS="814"/>
<SP HEIGHT="48" WIDTH="66" VPOS="2318" HPOS="989"/>
<String CS="1" CONTENT="21&#189;&#7580;&#7504;." HEIGHT="39" WIDTH="55" VPOS="2319" HPOS="1056"/>
<SP HEIGHT="49" WIDTH="69" VPOS="2318" HPOS="1205"/>
<String CONTENT="(Half-title:" HEIGHT="49" WIDTH="302" VPOS="2318" HPOS="1275"/>
<SP HEIGHT="40" WIDTH="24" VPOS="2319" HPOS="1578"/>
<String CONTENT="The" HEIGHT="41" WIDTH="102" VPOS="2318" HPOS="1603"/>
<SP HEIGHT="30" WIDTH="22" VPOS="2329" HPOS="1706"/>
<String CONTENT="new" HEIGHT="29" WIDTH="107" VPOS="2329" HPOS="1729"/>
<SP HEIGHT="41" WIDTH="27" VPOS="2318" HPOS="1837"/>
<String CONTENT="Grafton" HEIGHT="41" WIDTH="212" VPOS="2318" HPOS="1865"/>
<SP HEIGHT="39" WIDTH="25" VPOS="2318" HPOS="2078"/>
<String CONTENT="historical" HEIGHT="42" WIDTH="253" VPOS="2317" HPOS="2104"/>
</TextLine>
<TextLine HEIGHT="49" WIDTH="178" VPOS="2375" HPOS="349">
<String CONTENT="series)" HEIGHT="49" WIDTH="178" VPOS="2375" HPOS="349"/>
</TextLine>
<TextLine HEIGHT="49" WIDTH="1936" VPOS="2445" HPOS="422">
<String CONTENT="Frontispiece" HEIGHT="48" WIDTH="334" VPOS="2446" HPOS="422"/>
<SP HEIGHT="30" WIDTH="26" VPOS="2456" HPOS="757"/>
<String CONTENT="accompanied" HEIGHT="49" WIDTH="344" VPOS="2445" HPOS="784"/>
<SP HEIGHT="41" WIDTH="26" VPOS="2445" HPOS="1129"/>
<String CONTENT="by" HEIGHT="47" WIDTH="61" VPOS="2445" HPOS="1156"/>
<SP HEIGHT="37" WIDTH="24" VPOS="2456" HPOS="1218"/>
<String CONTENT="guard" HEIGHT="47" WIDTH="156" VPOS="2446" HPOS="1243"/>
<SP HEIGHT="39" WIDTH="25" VPOS="2446" HPOS="1400"/>
<String CONTENT="sheet" HEIGHT="40" WIDTH="138" VPOS="2446" HPOS="1426"/>
<SP HEIGHT="39" WIDTH="25" VPOS="2447" HPOS="1565"/>
<String CONTENT="with" HEIGHT="41" WIDTH="120" VPOS="2445" HPOS="1591"/>
<SP HEIGHT="40" WIDTH="25" VPOS="2446" HPOS="1712"/>
<String CONTENT="descriptive" HEIGHT="49" WIDTH="293" VPOS="2445" HPOS="1738"/>
<SP HEIGHT="40" WIDTH="25" VPOS="2446" HPOS="2032"/>
<String CONTENT="letterpress." HEIGHT="48" WIDTH="300" VPOS="2446" HPOS="2058"/>
</TextLine>
<TextLine HEIGHT="50" WIDTH="1639" VPOS="2501" HPOS="422">
<String CONTENT="&#8220;Only" HEIGHT="47" WIDTH="152" VPOS="2503" HPOS="422"/>
<SP HEIGHT="47" WIDTH="26" VPOS="2503" HPOS="575"/>
<String CONTENT="five" HEIGHT="40" WIDTH="93" VPOS="2503" HPOS="602"/>
<SP HEIGHT="40" WIDTH="26" VPOS="2503" HPOS="696"/>
<String CONTENT="hundred" HEIGHT="40" WIDTH="224" VPOS="2503" HPOS="723"/>
<SP HEIGHT="39" WIDTH="25" VPOS="2503" HPOS="948"/>
<String CONTENT="copies" HEIGHT="48" WIDTH="160" VPOS="2502" HPOS="974"/>
<SP HEIGHT="29" WIDTH="27" VPOS="2513" HPOS="1135"/>
<String CONTENT="of" HEIGHT="40" WIDTH="53" VPOS="2502" HPOS="1163"/>
<SP HEIGHT="40" WIDTH="26" VPOS="2502" HPOS="1217"/>
<String CONTENT="this" HEIGHT="41" WIDTH="99" VPOS="2501" HPOS="1244"/>
<SP HEIGHT="40" WIDTH="26" VPOS="2502" HPOS="1344"/>
<String CONTENT="book" HEIGHT="40" WIDTH="123" VPOS="2502" HPOS="1371"/>
<SP HEIGHT="40" WIDTH="28" VPOS="2502" HPOS="1495"/>
<String CONTENT="have" HEIGHT="38" WIDTH="124" VPOS="2504" HPOS="1524"/>
<SP HEIGHT="39" WIDTH="24" VPOS="2503" HPOS="1649"/>
<String CONTENT="been" HEIGHT="40" WIDTH="119" VPOS="2503" HPOS="1674"/>
<SP HEIGHT="38" WIDTH="27" VPOS="2513" HPOS="1794"/>
<String CONTENT="printed.&#8221;" HEIGHT="49" WIDTH="239" VPOS="2502" HPOS="1822"/>
</TextLine>
<TextLine HEIGHT="50" WIDTH="713" VPOS="2558" HPOS="422" CS="1">
<String CS="1" CONTENT="&#8220;Authorities&#8221;:" HEIGHT="41" WIDTH="365" VPOS="2559" HPOS="422"/>
<SP HEIGHT="37" WIDTH="30" VPOS="2571" HPOS="815"/>
<String CONTENT="p." HEIGHT="37" WIDTH="42" VPOS="2571" HPOS="846"/>
<SP HEIGHT="40" WIDTH="28" VPOS="2560" HPOS="889"/>
<String CONTENT="124-132." HEIGHT="42" WIDTH="217" VPOS="2558" HPOS="918"/>
</TextLine>
<TextLine HEIGHT="53" WIDTH="2004" VPOS="2625" HPOS="354" CS="1">
<String CONTENT="&#169;" HEIGHT="53" WIDTH="52" VPOS="2625" HPOS="354"/>
<SP HEIGHT="53" WIDTH="35" VPOS="2625" HPOS="407"/>
<String CONTENT="Dec." HEIGHT="39" WIDTH="112" VPOS="2631" HPOS="443"/>
<SP HEIGHT="40" WIDTH="31" VPOS="2630" HPOS="556"/>
<String CONTENT="26," HEIGHT="48" WIDTH="70" VPOS="2629" HPOS="588"/>
<SP HEIGHT="46" WIDTH="34" VPOS="2631" HPOS="659"/>
<String CS="1" CONTENT="1927;" HEIGHT="40" WIDTH="115" VPOS="2629" HPOS="694"/>
<SP HEIGHT="40" WIDTH="36" VPOS="2629" HPOS="835"/>
<String CONTENT="2c." HEIGHT="40" WIDTH="67" VPOS="2629" HPOS="872"/>
<SP HEIGHT="30" WIDTH="34" VPOS="2639" HPOS="940"/>
<String CONTENT="and" HEIGHT="40" WIDTH="97" VPOS="2628" HPOS="975"/>
<SP HEIGHT="39" WIDTH="32" VPOS="2628" HPOS="1073"/>
<String CONTENT="aff." HEIGHT="41" WIDTH="82" VPOS="2627" HPOS="1106"/>
<SP HEIGHT="40" WIDTH="34" VPOS="2628" HPOS="1189"/>
<String CONTENT="Jan." HEIGHT="41" WIDTH="111" VPOS="2628" HPOS="1224"/>
<SP HEIGHT="41" WIDTH="32" VPOS="2628" HPOS="1336"/>
<String CONTENT="31," HEIGHT="48" WIDTH="70" VPOS="2628" HPOS="1369"/>
<SP HEIGHT="47" WIDTH="35" VPOS="2629" HPOS="1440"/>
<String CONTENT="1928;" HEIGHT="49" WIDTH="141" VPOS="2626" HPOS="1476"/>
<SP HEIGHT="46" WIDTH="36" VPOS="2629" HPOS="1618"/>
<!-- cceid 18AC782D-6CB2-1014-A20E-B9D6251C946A --><String CONTENT="A" HEIGHT="38" WIDTH="39" VPOS="2629" HPOS="1655"/>
<SP HEIGHT="38" WIDTH="35" VPOS="2629" HPOS="1695"/>
<String CS="1" CONTENT="1018632;" HEIGHT="41" WIDTH="202" VPOS="2628" HPOS="1731"/>
<SP HEIGHT="46" WIDTH="38" VPOS="2629" HPOS="1961"/>
<String CONTENT="Frederick" HEIGHT="41" WIDTH="263" VPOS="2628" HPOS="2000"/>
<SP HEIGHT="38" WIDTH="33" VPOS="2630" HPOS="2264"/>
<String CONTENT="H." HEIGHT="40" WIDTH="60" VPOS="2630" HPOS="2298"/>
</TextLine>
<TextLine HEIGHT="50" WIDTH="940" VPOS="2684" HPOS="424">
<String CONTENT="Hitchcock," HEIGHT="47" WIDTH="282" VPOS="2687" HPOS="424"/>
<SP HEIGHT="47" WIDTH="33" VPOS="2687" HPOS="707"/>
<String CONTENT="New" HEIGHT="39" WIDTH="118" VPOS="2687" HPOS="741"/>
<SP HEIGHT="40" WIDTH="31" VPOS="2686" HPOS="860"/>
<String CONTENT="York." HEIGHT="39" WIDTH="144" VPOS="2686" HPOS="892"/>
<SP HEIGHT="48" WIDTH="73" VPOS="2685" HPOS="1037"/>
<String CONTENT="(28-4079)" HEIGHT="49" WIDTH="253" VPOS="2684" HPOS="1111"/>
</TextLine>
<TextLine HEIGHT="64" WIDTH="879" VPOS="2779" HPOS="347" STYLEREFS="StyleId-DA03E276-204A-44E9-9AB1-F38CD6585EE9-">
<String CONTENT="Wells," HEIGHT="64" WIDTH="197" VPOS="2779" HPOS="347"/>
<SP HEIGHT="62" WIDTH="28" VPOS="2781" HPOS="545"/>
<String CONTENT="Webster," HEIGHT="63" WIDTH="293" VPOS="2780" HPOS="574"/>
<SP HEIGHT="59" WIDTH="33" VPOS="2784" HPOS="868"/>
<String CONTENT="1851-1916." HEIGHT="50" WIDTH="324" VPOS="2783" HPOS="902"/>
</TextLine>
<TextLine HEIGHT="70" WIDTH="1878" VPOS="2858" HPOS="421" STYLEREFS="StyleId-ED2D5FC4-F21E-4ED7-866A-9D8650A2C9BB-" CS="1">
<String CONTENT="Modern" HEIGHT="53" WIDTH="244" VPOS="2859" HPOS="421"/>
<SP HEIGHT="52" WIDTH="35" VPOS="2859" HPOS="666"/>
<String CONTENT="high" HEIGHT="69" WIDTH="141" VPOS="2859" HPOS="702"/>
<SP HEIGHT="53" WIDTH="36" VPOS="2859" HPOS="844"/>
<String CONTENT="school" HEIGHT="53" WIDTH="192" VPOS="2859" HPOS="881"/>
<SP HEIGHT="51" WIDTH="36" VPOS="2859" HPOS="1074"/>
<String CONTENT="algebra." HEIGHT="69" WIDTH="248" VPOS="2858" HPOS="1111"/>
<SP HEIGHT="52" WIDTH="74" VPOS="2859" HPOS="1360"/>
<String CONTENT="Rev." HEIGHT="52" WIDTH="137" VPOS="2859" HPOS="1435"/>
<SP HEIGHT="51" WIDTH="76" VPOS="2860" HPOS="1573"/>
<String CONTENT="By" HEIGHT="67" WIDTH="89" VPOS="2860" HPOS="1650"/>
<SP HEIGHT="66" WIDTH="36" VPOS="2861" HPOS="1740"/>
<String CONTENT="Webster" HEIGHT="54" WIDTH="260" VPOS="2859" HPOS="1777"/>
<SP HEIGHT="53" WIDTH="36" VPOS="2860" HPOS="2038"/>
<String CONTENT="Wells" HEIGHT="54" WIDTH="180" VPOS="2859" HPOS="2075"/>
<SP HEIGHT="34" WIDTH="43" VPOS="2879" HPOS="2256"/>
<String CS="1" CONTENT="&#8230;"/>
</TextLine>
<TextLine HEIGHT="68" WIDTH="2005" VPOS="2936" HPOS="351" STYLEREFS="StyleId-ED2D5FC4-F21E-4ED7-866A-9D8650A2C9BB-" CS="1">
<String CONTENT="and" HEIGHT="52" WIDTH="114" VPOS="2938" HPOS="351"/>
<SP HEIGHT="54" WIDTH="24" VPOS="2937" HPOS="466"/>
<String CONTENT="Walter" HEIGHT="54" WIDTH="222" VPOS="2937" HPOS="491"/>
<SP HEIGHT="54" WIDTH="23" VPOS="2937" HPOS="714"/>
<String CONTENT="W." HEIGHT="54" WIDTH="91" VPOS="2937" HPOS="738"/>
<SP HEIGHT="52" WIDTH="25" VPOS="2937" HPOS="830"/>
<String CONTENT="Hart" HEIGHT="52" WIDTH="156" VPOS="2937" HPOS="856"/>
<SP HEIGHT="47" WIDTH="30" VPOS="2942" HPOS="1013"/>
<String CS="1" CONTENT="&#8230;"/>
<SP HEIGHT="51" WIDTH="68" VPOS="2937" HPOS="1100"/>
<String CONTENT="Boston," HEIGHT="67" WIDTH="237" VPOS="2937" HPOS="1169"/>
<SP HEIGHT="67" WIDTH="25" VPOS="2937" HPOS="1407"/>
<String CONTENT="New" HEIGHT="52" WIDTH="137" VPOS="2937" HPOS="1433"/>
<SP HEIGHT="51" WIDTH="29" VPOS="2937" HPOS="1571"/>
<String CONTENT="York" HEIGHT="53" WIDTH="163" VPOS="2936" HPOS="1601"/>
<SP HEIGHT="67" WIDTH="32" VPOS="2936" HPOS="1765"/>
<String CS="1" CONTENT="[etc.]" HEIGHT="62" WIDTH="119" VPOS="2942" HPOS="1817"/>
<SP HEIGHT="66" WIDTH="30" VPOS="2938" HPOS="1937"/>
<String LANG="fr" CONTENT="D." HEIGHT="52" WIDTH="73" VPOS="2938" HPOS="1968"/>
<SP HEIGHT="54" WIDTH="30" VPOS="2937" HPOS="2042"/>
<String CONTENT="C." HEIGHT="54" WIDTH="62" VPOS="2937" HPOS="2073"/>
<SP HEIGHT="52" WIDTH="28" VPOS="2938" HPOS="2136"/>
<String CONTENT="Heath" HEIGHT="52" WIDTH="191" VPOS="2938" HPOS="2165"/>
</TextLine>
<TextLine HEIGHT="68" WIDTH="656" VPOS="3015" HPOS="350" STYLEREFS="StyleId-ED2D5FC4-F21E-4ED7-866A-9D8650A2C9BB-" CS="1">
<String CONTENT="and" HEIGHT="52" WIDTH="115" VPOS="3015" HPOS="350"/>
<SP HEIGHT="52" WIDTH="28" VPOS="3015" HPOS="466"/>
<String CONTENT="company" HEIGHT="51" WIDTH="282" VPOS="3032" HPOS="495"/>
<SP HEIGHT="50" WIDTH="34" VPOS="3033" HPOS="778"/>
<String CS="1" CONTENT="["/>
<String STYLE="superscript" CS="1" CONTENT="&#7580;1"/>
<String CONTENT="928]" HEIGHT="65" WIDTH="118" VPOS="3016" HPOS="888"/>
</TextLine>
<TextLine HEIGHT="50" WIDTH="727" VPOS="3095" HPOS="460" CS="1">
<String CS="1" CONTENT="x," HEIGHT="15" WIDTH="8" VPOS="3129" HPOS="460"/>
<SP HEIGHT="46" WIDTH="27" VPOS="3098" HPOS="469"/>
<String CONTENT="451" HEIGHT="39" WIDTH="85" VPOS="3097" HPOS="497"/>
<SP HEIGHT="48" WIDTH="28" VPOS="3097" HPOS="583"/>
<String CONTENT="p." HEIGHT="37" WIDTH="43" VPOS="3108" HPOS="612"/>
<SP HEIGHT="40" WIDTH="59" VPOS="3097" HPOS="656"/>
<String CONTENT="illus.," HEIGHT="47" WIDTH="143" VPOS="3097" HPOS="716"/>
<SP HEIGHT="47" WIDTH="29" VPOS="3097" HPOS="860"/>
<String CONTENT="diagrs." HEIGHT="48" WIDTH="181" VPOS="3096" HPOS="890"/>
<SP HEIGHT="40" WIDTH="58" VPOS="3098" HPOS="1072"/>
<String CS="1" CONTENT="19&#189;&#7580;&#7504;." HEIGHT="41" WIDTH="56" VPOS="3095" HPOS="1131"/>
</TextLine>
<TextLine HEIGHT="52" WIDTH="2002" VPOS="3163" HPOS="357" CS="1">
<String CONTENT="&#169;" HEIGHT="52" WIDTH="52" VPOS="3163" HPOS="357"/>
<SP HEIGHT="52" WIDTH="28" VPOS="3163" HPOS="410"/>
<String CONTENT="Jan." HEIGHT="40" WIDTH="109" VPOS="3168" HPOS="439"/>
<SP HEIGHT="39" WIDTH="26" VPOS="3169" HPOS="549"/>
<String CONTENT="7," HEIGHT="45" WIDTH="40" VPOS="3169" HPOS="576"/>
<SP HEIGHT="45" WIDTH="27" VPOS="3169" HPOS="617"/>
<String CONTENT="1928;" HEIGHT="48" WIDTH="140" VPOS="3166" HPOS="645"/>
<SP HEIGHT="46" WIDTH="29" VPOS="3168" HPOS="786"/>
<String CONTENT="2c." HEIGHT="40" WIDTH="67" VPOS="3168" HPOS="816"/>
<SP HEIGHT="40" WIDTH="27" VPOS="3168" HPOS="884"/>
<String CONTENT="Jan." HEIGHT="41" WIDTH="110" VPOS="3168" HPOS="912"/>
<SP HEIGHT="40" WIDTH="27" VPOS="3169" HPOS="1023"/>
<String CONTENT="14;" HEIGHT="46" WIDTH="82" VPOS="3168" HPOS="1051"/>
<SP HEIGHT="37" WIDTH="29" VPOS="3177" HPOS="1134"/>
<String CONTENT="aff." HEIGHT="41" WIDTH="84" VPOS="3167" HPOS="1164"/>
<SP HEIGHT="41" WIDTH="28" VPOS="3167" HPOS="1249"/>
<String CONTENT="Jan." HEIGHT="41" WIDTH="110" VPOS="3167" HPOS="1278"/>
<SP HEIGHT="39" WIDTH="27" VPOS="3169" HPOS="1389"/>
<String CONTENT="13;" HEIGHT="45" WIDTH="82" VPOS="3168" HPOS="1417"/>
<SP HEIGHT="45" WIDTH="29" VPOS="3168" HPOS="1500"/>
<!-- cceid 18AD3A8C-6CB2-1014-A20E-B9D6251C946A --><String CONTENT="A" HEIGHT="39" WIDTH="40" VPOS="3168" HPOS="1530"/>
<SP HEIGHT="39" WIDTH="28" VPOS="3168" HPOS="1571"/>
<String CS="1" CONTENT="1018366;" HEIGHT="41" WIDTH="203" VPOS="3167" HPOS="1600"/>
<SP HEIGHT="39" WIDTH="32" VPOS="3169" HPOS="1830"/>
<String LANG="fr" CONTENT="D." HEIGHT="40" WIDTH="56" VPOS="3169" HPOS="1863"/>
<SP HEIGHT="41" WIDTH="30" VPOS="3168" HPOS="1920"/>
<String CONTENT="C." HEIGHT="42" WIDTH="50" VPOS="3168" HPOS="1951"/>
<SP HEIGHT="41" WIDTH="29" VPOS="3169" HPOS="2002"/>
<String CONTENT="Heath" HEIGHT="39" WIDTH="165" VPOS="3169" HPOS="2032"/>
<SP HEIGHT="40" WIDTH="28" VPOS="3169" HPOS="2198"/>
<String CONTENT="&amp;" HEIGHT="39" WIDTH="36" VPOS="3170" HPOS="2227"/>
<SP HEIGHT="39" WIDTH="27" VPOS="3170" HPOS="2264"/>
<String CONTENT="co." HEIGHT="31" WIDTH="67" VPOS="3179" HPOS="2292"/>
</TextLine>
<TextLine HEIGHT="49" WIDTH="252" VPOS="3224" HPOS="435">
<String CONTENT="(28-5653)" HEIGHT="49" WIDTH="252" VPOS="3224" HPOS="435"/>
</TextLine>
<TextLine HEIGHT="65" WIDTH="849" VPOS="3317" HPOS="349" STYLEREFS="StyleId-DA03E276-204A-44E9-9AB1-F38CD6585EE9-">
<String LANG="de" CONTENT="Westenberger," HEIGHT="65" WIDTH="477" VPOS="3317" HPOS="349"/>
<SP HEIGHT="61" WIDTH="31" VPOS="3319" HPOS="827"/>
<String LANG="en-US" CONTENT="Edward" HEIGHT="53" WIDTH="254" VPOS="3319" HPOS="859"/>
<SP HEIGHT="53" WIDTH="30" VPOS="3319" HPOS="1114"/>
<String LANG="en-US" CONTENT="J." HEIGHT="53" WIDTH="53" VPOS="3319" HPOS="1145"/>
</TextLine>
<TextLine HEIGHT="147" WIDTH="1979" VPOS="3395" HPOS="351" STYLEREFS="StyleId-ED2D5FC4-F21E-4ED7-866A-9D8650A2C9BB-" CS="1">
<String CS="1" CONTENT="&#8230;"/>
<SP HEIGHT="53" WIDTH="33" VPOS="3395" HPOS="484"/>
<String CONTENT="A" HEIGHT="53" WIDTH="55" VPOS="3395" HPOS="518"/>
<SP HEIGHT="54" WIDTH="27" VPOS="3395" HPOS="574"/>
<String CONTENT="study" HEIGHT="69" WIDTH="173" VPOS="3396" HPOS="602"/>
<SP HEIGHT="51" WIDTH="27" VPOS="3414" HPOS="776"/>
<String CONTENT="of" HEIGHT="52" WIDTH="65" VPOS="3396" HPOS="804"/>
<SP HEIGHT="53" WIDTH="26" VPOS="3396" HPOS="870"/>
<String CONTENT="the" HEIGHT="54" WIDTH="97" VPOS="3396" HPOS="897"/>
<SP HEIGHT="53" WIDTH="29" VPOS="3397" HPOS="995"/>
<String CONTENT="influence" HEIGHT="54" WIDTH="278" VPOS="3396" HPOS="1025"/>
<SP HEIGHT="35" WIDTH="27" VPOS="3415" HPOS="1304"/>
<String CONTENT="of" HEIGHT="53" WIDTH="64" VPOS="3396" HPOS="1332"/>
<SP HEIGHT="68" WIDTH="27" VPOS="3396" HPOS="1397"/>
<String CONTENT="physical" HEIGHT="69" WIDTH="260" VPOS="3397" HPOS="1425"/>
<SP HEIGHT="52" WIDTH="29" VPOS="3398" HPOS="1686"/>
<String CONTENT="defects" HEIGHT="53" WIDTH="218" VPOS="3397" HPOS="1716"/>
<SP HEIGHT="33" WIDTH="29" VPOS="3417" HPOS="1935"/>
<String CONTENT="upon" HEIGHT="50" WIDTH="154" VPOS="3416" HPOS="1965"/>
<SP HEIGHT="52" WIDTH="30" VPOS="3398" HPOS="2120"/>
<String CONTENT="intelligence" HEIGHT="145" WIDTH="1979" VPOS="3397" HPOS="351"/>
</TextLine>
<TextLine HEIGHT="147" WIDTH="1981" VPOS="3473" HPOS="353" STYLEREFS="StyleId-ED2D5FC4-F21E-4ED7-866A-9D8650A2C9BB-" CS="1">
<String LANG="en-US" CONTENT="and" HEIGHT="53" WIDTH="113" VPOS="3474" HPOS="554"/>
<SP HEIGHT="53" WIDTH="28" VPOS="3474" HPOS="668"/>
<String LANG="en-US" CONTENT="achievement" HEIGHT="54" WIDTH="388" VPOS="3473" HPOS="697"/>
<SP HEIGHT="62" WIDTH="33" VPOS="3480" HPOS="1086"/>
<String LANG="en-US" CS="1" CONTENT="[by]" HEIGHT="69" WIDTH="93" VPOS="3474" HPOS="1137"/>
<SP HEIGHT="66" WIDTH="35" VPOS="3475" HPOS="1231"/>
<String LANG="en-US" CONTENT="Edward" HEIGHT="53" WIDTH="254" VPOS="3475" HPOS="1267"/>
<SP HEIGHT="55" WIDTH="28" VPOS="3475" HPOS="1522"/>
<String LANG="en-US" CONTENT="J." HEIGHT="55" WIDTH="56" VPOS="3475" HPOS="1551"/>
<SP HEIGHT="52" WIDTH="30" VPOS="3477" HPOS="1608"/>
<String LANG="de" CONTENT="Westenberger." HEIGHT="68" WIDTH="451" VPOS="3476" HPOS="1639"/>
<SP HEIGHT="53" WIDTH="66" VPOS="3477" HPOS="2091"/>
<String LANG="en-US" CONTENT="Washington," HEIGHT="144" WIDTH="1981" VPOS="3476" HPOS="353"/>
</TextLine>
<TextLine HEIGHT="71" WIDTH="1371" VPOS="3550" HPOS="603" STYLEREFS="StyleId-ED2D5FC4-F21E-4ED7-866A-9D8650A2C9BB-" CS="1">
<String LANG="fr" CONTENT="D." HEIGHT="52" WIDTH="71" VPOS="3552" HPOS="603"/>
<SP HEIGHT="56" WIDTH="33" VPOS="3550" HPOS="675"/>
<String CONTENT="C.," HEIGHT="67" WIDTH="82" VPOS="3550" HPOS="709"/>
<SP HEIGHT="65" WIDTH="29" VPOS="3552" HPOS="792"/>
<String CONTENT="The" HEIGHT="54" WIDTH="122" VPOS="3551" HPOS="822"/>
<SP HEIGHT="56" WIDTH="31" VPOS="3550" HPOS="945"/>
<String CONTENT="Catholic" HEIGHT="56" WIDTH="263" VPOS="3550" HPOS="977"/>
<SP HEIGHT="34" WIDTH="29" VPOS="3571" HPOS="1241"/>
<String CONTENT="education" HEIGHT="54" WIDTH="302" VPOS="3551" HPOS="1271"/>
<SP HEIGHT="51" WIDTH="29" VPOS="3570" HPOS="1574"/>
<String CONTENT="press" HEIGHT="50" WIDTH="158" VPOS="3571" HPOS="1604"/>
<SP HEIGHT="47" WIDTH="34" VPOS="3573" HPOS="1763"/>
<String CS="1" CONTENT="["/>
<String STYLE="superscript" CS="1" CONTENT="&#7580;1"/>
<String CS="1" CONTENT="927]" HEIGHT="51" WIDTH="101" VPOS="3555" HPOS="1873"/>
</TextLine>
<TextLine HEIGHT="97" WIDTH="1989" VPOS="3635" HPOS="351" CS="1">
<String CONTENT="cover-title," HEIGHT="44" WIDTH="285" VPOS="3635" HPOS="422"/>
<SP HEIGHT="44" WIDTH="34" VPOS="3635" HPOS="708"/>
<String CONTENT="53" HEIGHT="41" WIDTH="54" VPOS="3635" HPOS="743"/>
<SP HEIGHT="47" WIDTH="33" VPOS="3636" HPOS="798"/>
<String CONTENT="p." HEIGHT="37" WIDTH="43" VPOS="3646" HPOS="832"/>
<SP HEIGHT="38" WIDTH="59" VPOS="3637" HPOS="876"/>
<String CONTENT="23" HEIGHT="40" WIDTH="56" VPOS="3636" HPOS="936"/>
<String STYLE="superscript" CS="1" CONTENT="&#7580;&#7504;."/>
<SP HEIGHT="47" WIDTH="70" VPOS="3635" HPOS="1054"/>
<String CONTENT="(The" HEIGHT="47" WIDTH="127" VPOS="3635" HPOS="1125"/>
<SP HEIGHT="41" WIDTH="32" VPOS="3635" HPOS="1253"/>
<String CONTENT="Catholic" HEIGHT="41" WIDTH="223" VPOS="3635" HPOS="1286"/>
<SP HEIGHT="29" WIDTH="31" VPOS="3647" HPOS="1510"/>
<String CONTENT="university" HEIGHT="48" WIDTH="273" VPOS="3636" HPOS="1542"/>
<SP HEIGHT="37" WIDTH="29" VPOS="3647" HPOS="1816"/>
<String CONTENT="of" HEIGHT="39" WIDTH="51" VPOS="3637" HPOS="1846"/>
<SP HEIGHT="39" WIDTH="33" VPOS="3637" HPOS="1898"/>
<String CONTENT="America." HEIGHT="40" WIDTH="240" VPOS="3637" HPOS="1932"/>
<SP HEIGHT="37" WIDTH="62" VPOS="3639" HPOS="2173"/>
<String CONTENT="Educational" HEIGHT="94" WIDTH="1989" VPOS="3638" HPOS="351"/>
</TextLine>
<TextLine HEIGHT="50" WIDTH="1760" VPOS="3691" HPOS="598" CS="1">
<String CONTENT="research" HEIGHT="39" WIDTH="225" VPOS="3692" HPOS="598"/>
<SP HEIGHT="39" WIDTH="29" VPOS="3692" HPOS="824"/>
<String CONTENT="bulletins," HEIGHT="49" WIDTH="245" VPOS="3691" HPOS="854"/>
<SP HEIGHT="37" WIDTH="30" VPOS="3703" HPOS="1100"/>
<String CONTENT="ed." HEIGHT="39" WIDTH="73" VPOS="3693" HPOS="1131"/>
<SP HEIGHT="40" WIDTH="30" VPOS="3692" HPOS="1205"/>
<String CONTENT="by" HEIGHT="47" WIDTH="61" VPOS="3692" HPOS="1236"/>
<SP HEIGHT="44" WIDTH="28" VPOS="3695" HPOS="1298"/>
<String CONTENT="the" HEIGHT="40" WIDTH="83" VPOS="3692" HPOS="1327"/>
<SP HEIGHT="40" WIDTH="29" VPOS="3692" HPOS="1411"/>
<String CONTENT="Department" HEIGHT="48" WIDTH="323" VPOS="3692" HPOS="1441"/>
<SP HEIGHT="38" WIDTH="28" VPOS="3695" HPOS="1765"/>
<String CONTENT="of" HEIGHT="40" WIDTH="52" VPOS="3693" HPOS="1794"/>
<SP HEIGHT="41" WIDTH="27" VPOS="3693" HPOS="1847"/>
<String CONTENT="education," HEIGHT="48" WIDTH="276" VPOS="3693" HPOS="1875"/>
<SP HEIGHT="36" WIDTH="31" VPOS="3705" HPOS="2152"/>
<String CONTENT="vol." HEIGHT="38" WIDTH="91" VPOS="3695" HPOS="2184"/>
<SP HEIGHT="29" WIDTH="29" VPOS="3704" HPOS="2276"/>
<String CS="1" CONTENT="II," HEIGHT="15" WIDTH="8" VPOS="3725" HPOS="2350"/>
</TextLine>
<TextLine HEIGHT="47" WIDTH="153" VPOS="3747" HPOS="352">
<String CONTENT="no." HEIGHT="30" WIDTH="75" VPOS="3759" HPOS="352"/>
<SP HEIGHT="42" WIDTH="25" VPOS="3747" HPOS="428"/>
<String CONTENT="9)" HEIGHT="47" WIDTH="51" VPOS="3747" HPOS="454"/>
</TextLine>
<TextLine HEIGHT="49" WIDTH="1935" VPOS="3804" HPOS="423">
<String CONTENT="The" HEIGHT="40" WIDTH="102" VPOS="3804" HPOS="423"/>
<SP HEIGHT="40" WIDTH="36" VPOS="3804" HPOS="526"/>
<String CONTENT="data" HEIGHT="40" WIDTH="116" VPOS="3804" HPOS="563"/>
<SP HEIGHT="30" WIDTH="37" VPOS="3814" HPOS="680"/>
<String CONTENT="was" HEIGHT="30" WIDTH="102" VPOS="3814" HPOS="718"/>
<SP HEIGHT="37" WIDTH="34" VPOS="3815" HPOS="821"/>
<String CONTENT="gathered" HEIGHT="47" WIDTH="236" VPOS="3805" HPOS="856"/>
<SP HEIGHT="40" WIDTH="33" VPOS="3804" HPOS="1093"/>
<String CONTENT="from" HEIGHT="40" WIDTH="129" VPOS="3804" HPOS="1127"/>
<SP HEIGHT="30" WIDTH="35" VPOS="3814" HPOS="1257"/>
<String CONTENT="one" HEIGHT="30" WIDTH="89" VPOS="3814" HPOS="1293"/>
<SP HEIGHT="30" WIDTH="35" VPOS="3814" HPOS="1383"/>
<String CONTENT="school" HEIGHT="40" WIDTH="162" VPOS="3804" HPOS="1419"/>
<SP HEIGHT="40" WIDTH="35" VPOS="3805" HPOS="1582"/>
<String CONTENT="of" HEIGHT="40" WIDTH="53" VPOS="3805" HPOS="1618"/>
<SP HEIGHT="40" WIDTH="35" VPOS="3805" HPOS="1672"/>
<String CONTENT="the" HEIGHT="40" WIDTH="81" VPOS="3805" HPOS="1708"/>
<SP HEIGHT="30" WIDTH="34" VPOS="3816" HPOS="1790"/>
<String CONTENT="city" HEIGHT="48" WIDTH="99" VPOS="3805" HPOS="1825"/>
<SP HEIGHT="36" WIDTH="34" VPOS="3817" HPOS="1925"/>
<String CONTENT="of" HEIGHT="41" WIDTH="52" VPOS="3805" HPOS="1960"/>
<SP HEIGHT="40" WIDTH="35" VPOS="3805" HPOS="2013"/>
<String CONTENT="Manitowac," HEIGHT="48" WIDTH="309" VPOS="3805" HPOS="2049"/>
</TextLine>
<TextLine HEIGHT="50" WIDTH="1473" VPOS="3859" HPOS="353">
<String CONTENT="Wisconsin," HEIGHT="48" WIDTH="288" VPOS="3859" HPOS="353"/>
<SP HEIGHT="46" WIDTH="31" VPOS="3861" HPOS="642"/>
<String CONTENT="during" HEIGHT="49" WIDTH="179" VPOS="3859" HPOS="674"/>
<SP HEIGHT="46" WIDTH="27" VPOS="3862" HPOS="854"/>
<String CONTENT="the" HEIGHT="40" WIDTH="83" VPOS="3861" HPOS="882"/>
<SP HEIGHT="37" WIDTH="31" VPOS="3871" HPOS="966"/>
<String CONTENT="years" HEIGHT="37" WIDTH="141" VPOS="3871" HPOS="998"/>
<SP HEIGHT="40" WIDTH="30" VPOS="3861" HPOS="1140"/>
<String CONTENT="1926-1927." HEIGHT="42" WIDTH="279" VPOS="3859" HPOS="1171"/>
<SP HEIGHT="30" WIDTH="57" VPOS="3871" HPOS="1451"/>
<String CONTENT="cf." HEIGHT="48" WIDTH="62" VPOS="3860" HPOS="1509"/>
<SP HEIGHT="41" WIDTH="30" VPOS="3861" HPOS="1572"/>
<String CONTENT="Chap." HEIGHT="48" WIDTH="150" VPOS="3861" HPOS="1603"/>
<SP HEIGHT="38" WIDTH="28" VPOS="3863" HPOS="1754"/>
<String CONTENT="4." HEIGHT="41" WIDTH="43" VPOS="3863" HPOS="1783"/>
</TextLine>
<TextLine HEIGHT="49" WIDTH="646" VPOS="3915" HPOS="423" CS="1">
<String CS="1" CONTENT="Bibliography:" HEIGHT="49" WIDTH="351" VPOS="3915" HPOS="423"/>
<SP HEIGHT="37" WIDTH="32" VPOS="3927" HPOS="802"/>
<String CONTENT="p." HEIGHT="37" WIDTH="43" VPOS="3927" HPOS="835"/>
<SP HEIGHT="40" WIDTH="30" VPOS="3917" HPOS="879"/>
<String CONTENT="50-53." HEIGHT="42" WIDTH="159" VPOS="3916" HPOS="910"/>
</TextLine>
<TextLine HEIGHT="55" WIDTH="1999" VPOS="3967" HPOS="359" CS="1">
<String CONTENT="&#169;" HEIGHT="54" WIDTH="51" VPOS="3967" HPOS="359"/>
<SP HEIGHT="54" WIDTH="30" VPOS="3967" HPOS="411"/>
<String CONTENT="Jan." HEIGHT="41" WIDTH="109" VPOS="3973" HPOS="442"/>
<SP HEIGHT="42" WIDTH="27" VPOS="3972" HPOS="552"/>
<String CONTENT="31," HEIGHT="48" WIDTH="69" VPOS="3972" HPOS="580"/>
<SP HEIGHT="47" WIDTH="29" VPOS="3973" HPOS="650"/>
<String CS="1" CONTENT="1928;" HEIGHT="42" WIDTH="114" VPOS="3972" HPOS="680"/>
<SP HEIGHT="40" WIDTH="31" VPOS="3973" HPOS="820"/>
<String CONTENT="2c." HEIGHT="40" WIDTH="67" VPOS="3973" HPOS="852"/>
<SP HEIGHT="40" WIDTH="29" VPOS="3973" HPOS="920"/>
<String CONTENT="Feb." HEIGHT="42" WIDTH="111" VPOS="3973" HPOS="950"/>
<SP HEIGHT="42" WIDTH="28" VPOS="3973" HPOS="1062"/>
<String CONTENT="1;" HEIGHT="43" WIDTH="52" VPOS="3973" HPOS="1091"/>
<SP HEIGHT="33" WIDTH="31" VPOS="3983" HPOS="1144"/>
<String CONTENT="aff." HEIGHT="43" WIDTH="83" VPOS="3972" HPOS="1176"/>
<SP HEIGHT="42" WIDTH="29" VPOS="3973" HPOS="1260"/>
<String CONTENT="Feb." HEIGHT="40" WIDTH="110" VPOS="3973" HPOS="1290"/>
<SP HEIGHT="39" WIDTH="28" VPOS="3974" HPOS="1401"/>
<String CONTENT="2;" HEIGHT="47" WIDTH="53" VPOS="3974" HPOS="1430"/>
<SP HEIGHT="49" WIDTH="29" VPOS="3972" HPOS="1484"/>
<!-- cceid 18AE3165-6CB2-1014-A20E-B9D6251C946A --><String CONTENT="A" HEIGHT="41" WIDTH="41" VPOS="3972" HPOS="1514"/>
<SP HEIGHT="41" WIDTH="28" VPOS="3972" HPOS="1556"/>
<String CS="1" CONTENT="1018658;" HEIGHT="43" WIDTH="173" VPOS="3972" HPOS="1585"/>
<SP HEIGHT="48" WIDTH="32" VPOS="3974" HPOS="1815"/>
<String CONTENT="Catholic" HEIGHT="43" WIDTH="222" VPOS="3974" HPOS="1848"/>
<SP HEIGHT="29" WIDTH="29" VPOS="3986" HPOS="2071"/>
<String CONTENT="education" HEIGHT="41" WIDTH="257" VPOS="3974" HPOS="2101"/>
</TextLine>
<TextLine HEIGHT="51" WIDTH="472" VPOS="4030" HPOS="430">
<String CONTENT="press." HEIGHT="41" WIDTH="151" VPOS="4040" HPOS="430"/>
<SP HEIGHT="51" WIDTH="69" VPOS="4030" HPOS="582"/>
<String CONTENT="(28-4628)" HEIGHT="51" WIDTH="250" VPOS="4030" HPOS="652"/>
</TextLine>
</TextBlock>
</PrintSpace>
</Page>
</Layout>
</alto>