2498 4384
1052 4108 99 51 591

101 436 176 63 Weir,
308 437 219 53 Lebert
561 437 277 61 Howard,
871 436 84 54 ed.

174 515 203 66 Parks,
418 534 32 34 a
489 515 231 52 manual
758 513 64 55 of
859 513 314 68 municipal
1213 513 113 54 and
1364 518 210 64 county
1614 513 174 70 parks
1828 514 280 70 compiled

105 612 60 34 as
203 613 31 33 a
274 594 177 52 result
491 593 65 53 of
594 611 31 34 a
663 592 375 55 nation-wide
1076 592 174 69 study
1289 591 64 53 of
1392 590 315 71 municipal
1747 593 113 53 and
1901 597 210 66 county

105 670 173 69 parks
321 671 315 54 conducted
678 672 75 67 by
795 672 95 53 the
932 670 377 71 Playground
1354 671 113 52 and
1513 670 316 54 recreation
104 665 1984 144 association
260 749 64 54 of
355 748 286 70 America,
675 750 61 53 in
769 748 391 72 co-operation
1196 747 142 56 with
1376 748 96 57 the
1505 748 310 56 American
1849 749 265 55 institute

104 827 64 53 of
206 828 147 69 park
386 827 320 56 executives
743 834 58 47 at
837 828 97 55 the
970 833 224 64 request
1229 826 69 56 of
1331 828 98 53 the
1464 828 277 54 National
1777 829 337 54 conference

104 924 72 35 on
205 907 243 53 outdoor
474 906 330 54 recreation.
881 907 140 53 This
1048 908 173 68 study
1250 925 114 35 was
1391 907 165 52 made
1585 906 248 70 possible
1860 907 250 70 through

106 984 174 54 funds
318 985 245 70 granted
602 985 76 68 by
717 986 95 52 the
850 986 192 52 Laura
1083 984 275 70 Spelman
1397 985 363 54 Rockefeller
1799 986 312 54 memorial.

105 1058 2008 80 Edited by L. H. Weir, director of the study … New York,
104 1140 69 55 A.
206 1140 56 57 S.
293 1143 219 53 Barnes
542 1142 112 53 and
684 1159 298 52 company,
1014 1145 150 50 1928.

172 1221 1941 56 2 v . fronts., illus. (incl. maps, plans, facsims.) forms, diagrs. 27½ᶜᵐ.
172 1283 162 47 Paged
364 1281 358 49 continuously.

173 1339 234 41 Contains
440 1338 394 50 bibliographies.

110 1393 52 53 ©
194 1397 111 41 Feb.
334 1398 70 48 29,
436 1397 83 41 1928;
609 1398 67 40 2c.
708 1398 123 41 Mar.
862 1396 25 42 5;
948 1397 83 42 aff.
1063 1398 124 41 Mar.
1218 1398 55 40 17;
1335 1398 41 39 A
1406 1398 206 41 1069540;
1671 1400 312 48 Playground
2016 1401 97 39 and

177 1454 275 41 recreation
485 1464 114 32 assn.
649 1455 52 40 of
734 1454 238 49 America,
1008 1455 107 48 inc.,
1151 1456 119 40 New
1308 1457 143 39 York.
1522 1455 252 51 (28-9302)

97 1518 195 64 Wells,
333 1520 188 53 Amos
557 1521 232 62 Russel,
831 1523 169 51 1862-

172 1598 190 53 Know
388 1616 147 52 your
562 1599 201 52 Bible?
844 1601 136 51 1500
1006 1600 290 69 questions
1326 1600 113 53 and
1469 1618 247 36 answers
1745 1602 114 53 and
1889 1605 66 49 21
102 1601 1987 133 topical

258 1676 222 69 quizzes
528 1677 270 70 covering
844 1677 95 54 the
990 1678 179 53 entire
1219 1678 185 69 Bible,
1450 1680 74 69 by
1572 1680 178 53 Amos
1798 1681 68 52 R.
1914 1681 197 54 Wells.

103 1755 234 68 Boston,
362 1755 90 54 W.
479 1755 71 54 A.
579 1756 192 54 Wilde
799 1775 282 50 company
1113 1791 13 34 [
1155 1759 100 51 ᶜ1927
1295 1791 13 34 ]

172 1838 363 49 135 p. 19½ ᶜᵐ .
109 1891 52 53 ©
187 1897 127 39 June
337 1897 70 47 27,
435 1895 114 42 1927;
602 1898 69 40 2c.
696 1898 96 39 and
819 1896 83 44 aff.
928 1899 125 40 Mar.
1077 1898 69 48 26,
1174 1897 117 42 1928;
1345 1899 43 39 A
1413 1899 203 41 1068525;
1674 1901 72 40 W.
1773 1901 55 40 A.
1856 1901 159 41 Wilde
2042 1913 69 30 co.

185 1953 255 50 (28-9269)

104 2017 325 65 Whitehill,
461 2019 290 65 Dorothy.

176 2096 1938 77 Joy and her chums, by Dorothy Whitehill … illustrated by
105 2175 157 54 John
297 2177 79 52 M.
414 2178 219 53 Foster.
707 2178 138 51 New
882 2178 181 68 York,
1098 2178 70 54 N.
1207 2179 92 69 Y.,
1334 2180 265 68 Newark,
1635 2181 70 53 N.
1742 2180 75 68 J.,
1854 2182 178 54 Barse
2068 2185 47 50 &

104 2270 77 37 co.
262 2257 152 64 [ᶜ1928]

100 2336 1996 111 3 p. l., 11-214 p. incl. plates. front. 39½ ᶜᵐ . (Her Joyce Payton series)
107 2449 52 53 ©
188 2453 115 49 Apr.
331 2454 70 48 20,
433 2454 115 41 1928;
606 2455 68 41 2c.
704 2457 96 39 and
830 2454 83 44 aff.
942 2456 115 49 Apr.
1086 2457 55 39 21;
1202 2457 42 39 A
1272 2457 206 42 1069870;
1537 2460 155 41 Barse
1722 2460 37 40 &
1788 2471 68 30 co.

184 2510 284 50 (28-10878)

97 2576 241 64 Wilson,
375 2579 341 54 Ellsworth.

168 2655 1944 77 Rhyme and humor, by Major Ellsworth Wilson … Dayton,
99 2732 86 69 O.,
219 2733 275 55 National
527 2736 297 53 memorial
856 2735 321 72 university
1208 2756 179 51 press,
1441 2742 152 51 ᶜ1928.

166 2817 369 50 128 p. 20½ ᶜᵐ .
106 2869 52 54 ©
186 2874 113 48 Apr.
328 2874 39 49 8,
397 2875 118 41 1928;
569 2876 68 41 2c.
666 2878 95 38 and
823 2876 51 42 aff.
902 2878 116 48 Apr.
1047 2877 58 41 16;
1160 2879 42 39 A
1230 2878 203 41 1068921;
1495 2881 53 40 E.
1579 2879 201 50 Wilson,
1811 2882 210 47 Dayton,
2056 2883 53 41 O.

183 2931 282 49 (28-10885)

102 2995 241 65 Wilson,
375 2998 221 54 Ernest
626 2999 225 63 Henry,
883 3000 172 54 1876-

166 3076 1881 76 More aristocrats of the garden, by Ernest H. Wilson …
97 3154 139 54 with
273 3155 347 72 forty-three
655 3157 383 55 illustrations
1070 3159 212 70 mostly
1318 3159 154 54 from
1505 3162 397 69 photographs
1936 3163 175 54 taken

95 3232 75 71 by
203 3233 96 54 the
332 3235 223 53 author.
632 3237 235 66 Boston,
899 3238 192 68 Mass.,
1126 3239 122 54 The
1283 3239 302 55 Stratford
1620 3259 299 52 company,
1957 3246 151 51 1928.

165 3317 1129 52 xiv p., 1 l., 288 p. front., plates. 24½ ᶜᵐ .
103 3370 53 53 ©
190 3376 122 40 Mar.
345 3376 69 47 10,
448 3375 141 48 1928;
624 3378 68 40 2c.
726 3378 122 40 Mar.
882 3378 82 48 15;
1000 3379 83 41 aff.
1117 3380 124 41 Mar.
1275 3381 83 47 14;
1392 3381 41 39 A
1465 3381 232 49 1069285;
1737 3383 252 42 Stratford
2023 3395 84 39 co.,

173 3433 293 47 publishers.
536 3433 282 51 (28-10789)

90 3497 241 65 Wilson,
366 3500 201 52 Frank
598 3501 359 65 Thompson.

163 3576 295 71 Learning
488 3578 66 54 of
584 3579 202 68 bright
818 3581 109 53 and
967 3581 123 53 dull
1124 3582 278 68 children,
1434 3584 76 68 by
1543 3585 200 54 Frank
1775 3587 330 70 Thompson

92 3653 1987 154 Wilson … New York city, Teachers college, Columbia university, 1928.
89 3814 2002 112 3 p. l., 56 p. illus., diagrs. 23½ ᶜᵐ . (Teachers college, Columbia university.
350 3873 372 44 Contributions
747 3879 51 38 to
824 3877 275 46 education,
1125 3889 77 32 no.
1228 3879 114 51 292)

168 3930 306 41 “Annotated
499 3931 368 51 bibliography”
886 3945 9 29 :
923 3946 44 37 p.
993 3935 157 42 50-56.

102 3984 52 54 ©
185 3989 111 41 Feb.
326 3989 69 48 23,
428 3989 118 42 1928;
602 3992 68 41 2c.
701 3993 124 41 Mar.
855 3992 28 41 6;
941 3994 83 41 aff.
1055 3996 123 41 Mar.
1210 3995 28 42 8;
1297 3996 41 40 A
1369 3996 203 42 1069177;
1633 3999 244 43 Teachers
1908 4000 195 50 college,

170 4045 253 43 Columbia
456 4046 131 44 univ.
657 4048 252 51 (28-9446)
