2498 4384
1031 4121 134 56 1047

77 449 331 63 Sophocles.

147 525 324 68 Sophocles’
511 524 163 70 King
711 523 275 67 Oedipus,
1025 542 31 34 a
1095 522 226 54 version
1362 521 94 53 for
1494 522 97 53 the
1629 521 236 53 modern
1903 526 177 63 stage,

74 605 74 67 by
181 604 88 54 W.
307 603 66 53 B.
410 603 196 52 Yeats.
680 602 139 52 New
854 600 180 67 York,
1067 601 123 52 The
1222 599 337 54 Macmillan
1594 617 298 51 company,
1928 601 134 50 1928.

144 684 630 51 vi p., 1 l., 61 p. 19½ᶜᵐ.
147 743 128 39 “The
304 742 156 40 music
488 741 80 41 for
597 742 82 40 the
709 740 233 41 chorus”:
973 751 43 37 p.
1045 740 159 40 55-61.

87 794 52 54 ©
169 800 116 47 July
312 800 40 46 3,
382 798 142 48 1928;
554 799 69 40 2c.
653 799 96 39 and
778 796 83 43 aff.
891 798 116 47 July
1035 795 52 48 5;
1119 798 41 38 A
1189 795 230 48 1083140;
1453 795 282 41 Macmillan
1767 807 67 30 co.

163 856 282 48 (28-17284)

79 950 297 62 Stebbins,
406 951 140 52 Mrs.
576 949 163 63 Lucy
769 949 201 52 Poate.

147 1027 115 56 Old
295 1027 237 53 Adam’s
564 1027 260 64 likeness,
854 1026 77 69 by
961 1027 160 68 Lucy
1150 1026 182 53 Poate
1367 1026 283 55 Stebbins.
1720 1027 217 51 Boston
1971 1026 110 53 and

76 1106 139 53 New
246 1106 180 67 York,
456 1105 319 69 Houghton
806 1104 205 53 Mifflin
1044 1122 299 51 company,
1376 1106 151 51 1928.

178 1187 706 51 x p., 1 l., [3]-302 p. 19½ᶜᵐ.
89 1241 52 53 ©
170 1246 116 48 July
315 1246 69 47 13,
414 1245 141 46 1928;
586 1245 68 40 2c.
682 1245 96 39 and
807 1244 82 41 aff.
919 1244 116 47 July
1065 1243 82 47 16;
1180 1244 41 39 A
1251 1243 230 41 1082525;
1513 1244 51 40 L.
1596 1244 50 40 P.
1680 1244 238 43 Stebbins.
155 1244 1913 99 Newton
271 1302 190 48 Centre,
494 1303 147 39 Mass.
712 1300 282 50 (28-17201)

82 1397 342 62 Steinbuck,
457 1395 213 64 Philip.

77 1472 1985 149 A guide to Biblical Hebrew, by Philip Steinbuck … Albany,
275 1553 69 53 N.
376 1552 91 67 Y.,
499 1553 150 51 1928.

148 1634 668 51 5 p. l., 129 p., 1 l. 26ᶜᵐ.
90 1688 52 53 ©
171 1693 128 39 June
324 1692 69 44 30,
423 1691 115 41 1928;
596 1692 66 40 2c.
692 1692 95 39 and
817 1690 81 41 aff.
929 1690 116 48 July
1074 1690 53 45 3;
1159 1689 41 40 A
1228 1690 231 46 1082385;
1490 1690 51 41 P.
1573 1690 279 49 Steinbuck,
1883 1692 204 49 Albany.

157 1750 57 40 N.
244 1750 54 40 Y.
368 1748 282 49 (28-17433)

83 1843 283 63 Stephan,
398 1843 164 52 Karl.

154 1921 112 54 Die
289 1921 390 54 lackierkunst
706 1922 100 52 der
831 1920 198 53 Völker
1052 1921 61 52 in
1142 1921 102 52 der
1267 1920 453 69 Vergangenheit
1743 1921 118 54 und
87 1940 1980 124 gegenwart;

303 2000 323 53 technische
668 2000 440 68 erläuterungen
1151 1998 101 53 für
1291 2000 180 52 maler
1508 2000 119 52 und
1667 1999 295 66 lackierer,
88 2000 1981 132 bearbeitet

86 2077 1911 148 und zusammengestellt von Karl Stephan … bd. l. München, Südd. malerzeitung, 1927.
159 2238 1411 51 5 p. l., 3-213, [1] p. illus., plates (part col.) 25 ᶜᵐ .
93 2293 1999 53 © Dec. 1, 1927; 1c. Apr. 11, 1928: A—Foreign 38334; Schriftleitung der
163 2354 369 42 Süddeutschen
567 2354 366 48 malerzeitung.
1004 2352 283 51 (28-17609)

86 2448 298 64 Tharaud,
415 2449 253 62 Jerome,
704 2448 169 54 1874-

225 2526 1462 68 … Mes annees chez Barres. Paris, Plon [ 1928]
162 2609 533 50 4 p. l., 303 p. 19™.
161 2668 64 41 At
251 2668 125 40 head
403 2667 53 41 of
484 2667 137 41 title;
651 2666 194 42 Jerome
870 2668 53 39 et
948 2667 126 41 Jean
1102 2666 249 42 Tharaud.

96 2721 1827 53 © Feb. 15, 1928; 1c. Mar. 30; A—Foreign 38377; Librairie Plon.
174 2782 281 49 (28-17454)

87 2877 355 64 Thompson,
477 2876 152 54 John
665 2875 215 63 Smith,
915 2875 172 54 1872-

162 2957 122 53 The
319 2956 349 54 mechanism
705 2955 65 54 of
806 2957 98 52 the
940 2955 287 70 linotype;
1273 2974 31 34 a
1345 2956 278 68 complete
1662 2956 114 54 and
1814 2956 279 69 practical

92 3035 232 53 treatise
349 3053 73 34 on
447 3035 97 53 the
570 3053 127 35 care
724 3034 112 53 and
863 3034 300 68 operation
1190 3033 66 54 of
1281 3034 98 54 the
1405 3034 277 70 linotype,
1712 3033 94 55 for
1833 3035 97 54 the
93 3054 1978 112 novice
206 3132 60 34 as
298 3113 130 53 well
459 3131 60 35 as
551 3113 97 53 the
681 3112 369 68 experienced
1085 3117 285 64 operator,
1405 3112 315 71 originally
1753 3113 231 55 written
2017 3114 77 70 by

94 3190 2002 73 John S. Thompson … completely revised and amplified by
95 3268 2002 72 E. M. Keating … Rev. 10th ed. Chicago, The Inland printer
94 3365 296 51 company,
424 3349 150 51 1928.

163 3439 46 37 X,
239 3427 87 42 230
355 3439 42 37 p.
458 3428 143 48 illus.,
632 3428 181 49 diagrs.
872 3430 118 40 17ᶜᵐ.

101 3481 52 53 ©
182 3487 113 47 May
321 3486 70 47 31,
420 3485 117 41 1928;
589 3487 68 40 2c.
685 3487 128 41 June
839 3487 51 46 5;
922 3486 83 42 aff.
1032 3487 128 40 June
1186 3487 54 47 4;
1272 3488 41 38 A
1341 3487 203 42 1074863;
1604 3490 177 42 Inland
1810 3490 190 48 printer
2027 3502 69 31 co.

180 3542 280 49 (28-17185)

96 3637 246 61 Turner,
374 3636 158 55 Clair
562 3637 284 61 Elsmere,
882 3641 171 49 1890-

232 3714 1864 75 … Community health, by C. E. Turner … and Georgie B.
101 3791 1997 76 Collins … Boston, New York [etc.] D. C. Heath and company
176 3874 118 65 [ ᶜ1 928 ]
205 3986 9 13 v,
241 3954 88 41 258
353 3965 44 38 p.
426 3954 111 42 incl.
564 3955 143 48 illus.,
735 3955 194 49 diagrs.,
954 3955 171 42 forms.
1178 3955 119 43 19ᶜᵐ.
1362 3957 221 49 (Malden
1608 3959 169 41 health
1804 3960 176 49 series)

107 4006 51 53 ©
188 4012 127 39 June
342 4013 68 47 12,
440 4012 141 47 1928;
610 4014 69 40 2c.
708 4014 116 47 July
850 4014 52 47 5;
933 4013 83 41 aff.
1045 4014 117 47 July
1188 4014 54 48 6;
1272 4016 43 38 A
1341 4014 230 49 1082394;
1603 4017 57 40 D.
1690 4017 50 42 C.
1769 4018 165 40 Heath
1964 4020 35 39 &
2029 4030 68 30 co.

184 4068 282 50 (28-17619)
