2498 4384
1035 4103 99 50 145

93 424 313 54 American
439 423 225 53 council
693 422 63 54 of
785 422 239 53 learned
1054 421 277 53 societies
1361 421 250 53 devoted
1642 424 63 51 to
1734 421 367 56 humanistic

160 502 247 53 studies.

225 578 1877 70 … Research in the humanistic and social sciences; report
93 659 64 53 of
184 679 30 33 a
243 677 206 50 survey
478 659 313 52 conducted
823 657 94 53 for
944 657 97 53 the
1071 657 310 53 American
1409 657 222 53 council
1662 657 65 53 of
1754 658 232 54 learned
92 677 1983 123 societies,

329 735 1773 65 by Frederic Austin Ogg … New York, London, The
93 817 255 69 Century
370 835 100 49 co.,
494 820 151 50 1928.

158 897 712 50 viii, 454 p. 23 ᶜᵐ. $2.50
158 959 64 38 At
255 957 124 40 head
416 956 53 41 of
502 956 135 41 title:
675 955 259 42 American
968 954 189 41 council
1192 954 54 41 of
1280 956 201 39 learned
1516 954 239 42 societies.

160 1014 379 48 “Bibliography
574 1013 51 40 of
658 1012 299 41 humanistic
990 1012 97 40 and
1122 1011 151 41 social
1309 1011 256 42 research”:
1631 1024 43 37 p.
1707 1012 221 41 429-445.

91 1068 2010 53 © Feb. 4, 1928; 2c. and aff. Feb. 7; A 1018702; American council of
157 1130 196 39 learned
387 1129 238 46 societies,
658 1128 274 48 Princeton,
964 1128 57 41 N.
1053 1127 45 42 J.
1168 1127 254 49 (28-4617)

86 1222 306 63 Andrews,
427 1222 259 53 Andrew
719 1220 224 66 Irving,
981 1224 170 50 1895-

159 1301 1939 69 Ceramic tests and calculations, by A. I. Andrews … New
90 1382 177 66 York,
300 1382 56 53 J.
390 1381 194 68 Wiley
617 1382 46 51 &
698 1398 147 48 sons,
880 1380 138 67 inc.;
1056 1380 262 65 London,
1357 1379 302 69 Chapman
1695 1382 45 50 &
1773 1380 163 67 Hall,
89 1380 1985 147 limited,
251 1462 150 51 1928.

155 1541 636 50 viii, 172 p. diagrs. 20 ᶜᵐ.
89 1597 51 52 ©
170 1601 110 41 Feb.
309 1600 39 48 6,
377 1600 118 41 1928;
550 1600 67 40 2c.
646 1600 96 40 and
772 1598 83 41 aff.
886 1599 111 41 Feb.
1026 1599 26 39 9;
1111 1599 40 39 A
1181 1598 205 42 1018712;
1446 1599 53 41 A.
1532 1600 37 40 I.
1600 1599 250 49 Andrews,
1883 1600 214 48 Urbana,

158 1659 76 40 Ill.
304 1657 254 49 (28-4766)

83 1738 376 54 Aristoteles.

212 1816 1885 70 … Selections, edited by W. D. Ross … New York, Chicago
104 1902 118 61 [etc.]
265 1895 61 56 C.
362 1894 316 57 Scribner’s
712 1914 129 35 sons
923 1895 136 53 [ᶜ1927]

150 1978 154 48 xxxii,
334 1978 88 41 348
451 1990 44 37 p.
554 1979 55 40 17ᶜᵐ.
739 1977 303 50 (Half-title:
1070 1977 103 40 The
1204 1978 200 40 modern
1435 1977 241 42 student’s
1707 1978 201 47 library.
79 1979 1998 106 [Philosophy

310 2036 196 50 series])

146 2094 64 40 At
237 2094 126 40 head
392 2093 53 41 of
471 2093 137 41 title:
638 2092 252 43 Aristotle.

85 2146 51 53 ©
176 2151 103 41 Oct.
317 2151 70 47 14,
427 2150 142 47 1927;
611 2151 67 40 2c.
719 2150 111 41 Feb.
871 2150 68 43 10,
980 2150 115 41 1928;
1165 2150 82 41 aff.
1288 2150 112 42 Feb.
1442 2152 52 46 7;
1536 2150 41 40 A
1616 2150 231 48 1061620;
1891 2151 205 42 Charles

154 2208 267 41 Scribner’s
451 2218 127 31 sons.
649 2208 253 48 (28-4794)

78 2288 281 65 Asquith,
400 2290 166 68 Lady
608 2288 262 64 Cynthia
909 2290 176 62 Mary
1127 2288 228 64 Evelyn
1398 2288 331 55 Charteris.

147 2368 78 54 H.
254 2368 69 54 R.
353 2368 78 54 H.
461 2368 100 54 the
586 2368 256 54 Duchess
872 2367 65 54 of
967 2367 180 54 York.
1229 2367 367 69 [Instalment
1624 2370 50 66 4]

159 2453 83 48 (In
271 2448 255 44 Woman’s
559 2448 200 52 journal
791 2448 279 53 magazine,
1103 2448 134 51 Feb.,
1272 2449 145 51 1928)

83 2505 1994 110 © 1c. Mar. 9, 1928; A ad int. 10723; pubd. Jan. 14; Lady Cynthia Asquith,
330 2567 215 41 London.

77 2646 283 64 Baldwin,
391 2646 257 55 William
682 2647 274 63 Edward,
992 2650 172 50 1883-
1343 2647 85 53 ed.

146 2725 140 54 New
320 2724 166 54 York
518 2723 302 55 insurance
850 2725 111 53 law
994 2725 230 67 service,
1258 2724 338 70 containing
1627 2725 98 53 the
1756 2726 140 54 New
1932 2725 162 53 York

78 2802 299 54 insurance
416 2803 112 53 law
571 2803 114 53 and
727 2803 432 54 miscellaneous
1200 2803 140 53 laws
1383 2803 252 70 relating
1675 2809 59 48 to
1775 2804 320 69 insurance,

78 2881 138 54 with
264 2881 79 54 all
391 2882 391 53 amendments
830 2888 59 47 to
939 2882 282 69 January,
1273 2881 618 55 1928.—Annotations
1940 2883 151 53 from

77 2959 95 54 the
203 2960 279 54 decisions
514 2959 66 54 of
610 2959 97 54 the
739 2959 532 70 courts.—Rulings
1304 2959 66 54 of
1400 2959 97 54 the
1530 2960 302 54 insurance
76 2962 1995 145 department.—Opinions

644 3037 66 54 of
740 3038 98 53 the
870 3038 839 69 attorney-general.—Forms.
1779 3040 312 68 Perpetual

78 3115 2012 71 revision ed. … Edited by William Edward Baldwin … and
76 3194 235 55 Miriam
344 3195 227 67 Keeler,
660 3237 10 11 M.
746 3236 10 10 A.
832 3194 141 53 New
1006 3193 182 69 York,
1221 3193 125 54 The
1379 3194 197 54 Banks
1609 3195 112 53 law
1755 3196 338 72 publishing

77 3292 296 51 company,
403 3275 154 51 1928.

143 3358 215 41 6 v. 23½ ᶜᵐ.
146 3414 227 42 Lettered
399 3425 61 30 on
486 3424 169 30 cover:
684 3412 268 41 Baldwin’s
976 3412 263 41 insurance
1262 3414 96 39 law
1382 3413 200 48 service,
1608 3414 118 41 New
1750 3415 146 42 York.

146 3472 129 48 Kept
304 3482 66 38 up
395 3473 50 38 to
475 3472 115 39 date
619 3470 61 48 by
709 3469 298 41 cumulative
1037 3470 333 47 supplements.
1447 3469 61 49 cf.
1538 3470 131 41 Pref.

81 3523 51 53 ©
168 3528 110 41 Feb.
312 3528 40 48 2,
386 3527 142 41 1928:
564 3527 68 40 2c.
667 3527 96 39 and
798 3525 83 42 aff.
917 3525 111 41 Feb.
1062 3526 53 45 4;
1154 3524 41 40 A
1229 3525 176 41 1018688;
1499 3527 70 40 W.
1607 3528 52 40 E.
1697 3528 239 45 Baldwin,
1973 3529 118 41 New

147 3585 144 41 York.
362 3583 255 51 (28-4526)

74 3664 602 63 Bancroft-Whitney
712 3679 308 47 company,
1056 3663 124 53 San
1209 3663 327 53 Francisco.

147 3744 154 54 Code
330 3743 251 69 practice
609 3743 114 53 and
752 3742 275 53 remedies
1054 3741 60 52 in
1141 3746 191 48 courts
1361 3740 65 55 of
1455 3743 199 53 record
1681 3743 61 53 in
1771 3743 136 54 civil
1935 3763 153 37 cases

76 3820 59 53 in
159 3822 96 53 the
278 3827 241 47 western
543 3826 191 62 states,
759 3820 141 52 with
929 3819 198 68 forms,
1152 3819 286 68 compiled
1466 3819 96 54 for
1586 3839 98 35 use
1708 3821 61 53 in
1791 3823 98 53 the
1913 3829 175 49 states

76 3899 63 53 of
182 3900 272 62 Arizona,
502 3899 345 55 California.
897 3897 302 55 Colorado.
1247 3898 203 54 Idaho.
1497 3898 247 70 Kansas,
1789 3901 299 70 Montana,

77 3977 310 58 Nebraska,
435 3979 256 58 Nevada,
738 3978 139 53 New
922 3977 243 57 Mexico,
1210 3977 191 53 North
1448 3977 250 63 Dakota,
1746 3978 343 62 Oklahoma,
