2498 4384
1054 4028 98 56 179

79 387 141 61 Ball,
256 387 258 51 Eustace
548 384 167 53 Hale.

147 466 155 52 “The
343 462 290 58 Gaucho”,
673 462 75 68 by
789 463 245 51 Eustace
1076 459 152 52 Hale
1269 458 151 66 Ball,
1459 456 295 53 novelized
1797 456 154 52 from
1990 456 97 52 the

78 562 187 36 screen
303 544 139 66 play
479 542 75 67 by
594 542 176 52 Elton
809 539 268 66 Thomas,
1116 537 114 52 and
1269 536 96 53 the
1403 535 161 54 short
1601 541 159 63 story
1798 535 75 69 by
1912 534 175 53 Lotta

80 622 229 65 Woods,
365 619 326 54 illustrated
749 618 140 52 with
943 634 188 36 scenes
1187 614 154 53 from
1395 613 97 54 the
1546 619 164 63 great
1763 613 321 69 photoplay

79 699 289 69 “Douglas
406 697 325 53 Fairbanks
768 715 60 33 as
865 696 97 54 the
1001 694 290 55 Gaucho”.
1368 693 139 52 New
1547 691 183 69 York,
1767 691 237 55 Grosset
2042 693 47 50 &

78 779 465 67 Dunlap [ ᶜ 1928 ]
147 856 1084 54 4 p. l., 235, [1] p. front., plates. 19½ ᶜᵐ .
82 930 52 52 ©
165 934 111 40 Feb.
307 933 69 47 15,
408 933 89 40 1928;
583 932 68 39 2c.
682 930 112 41 Feb.
825 929 82 47 18;
941 928 83 41 aff.
1056 928 112 41 Feb.
1200 929 84 45 17;
1318 928 42 39 A
1390 927 232 46 1018866;
1659 927 200 40 Grosset
1891 926 37 39 &
149 926 1924 113 Dunlap,
273 990 91 41 inc.
437 987 252 51 (28-5530)

75 1098 286 61 Barbour,
398 1096 191 64 Ralph
629 1096 224 63 Henry,
894 1095 173 53 1870-

146 1175 365 54 Adventures
537 1174 66 53 of
627 1174 145 52 Tom
796 1172 243 67 Marvel,
1064 1172 76 69 by
1167 1171 196 68 Ralph
1389 1171 205 69 Henry
1624 1170 282 58 Barbour,
81 1169 1988 139 illustrated

298 1253 77 70 by
406 1252 72 53 A.
512 1251 69 56 G.
616 1251 168 54 Peck.
860 1251 141 53 New
1034 1250 180 67 York,
1247 1250 261 66 London,
1540 1250 72 52 D.
1646 1248 294 69 Appleton
1979 1248 112 53 and

78 1350 297 51 company,
409 1332 152 52 1928.

146 1412 1049 52 4 p. l., 162, [1] p. front., illus. 19½ ᶜᵐ .
85 1482 51 53 ©
164 1486 110 40 Jan.
301 1485 70 47 20,
399 1484 144 46 1928;
573 1483 68 42 2c.
670 1484 96 39 and
795 1482 83 41 aff.
906 1483 112 40 Jan.
1046 1482 56 39 24;
1161 1481 39 39 A
1228 1481 204 40 1018808;
1492 1481 57 41 D.
1581 1481 239 48 Appleton
1850 1481 37 40 &
1915 1493 67 28 co.

164 1540 253 51 (28-5400)

79 1650 244 62 Barker,
353 1650 103 53 Sir
481 1648 261 54 Herbert
774 1646 318 64 Atkinson,
1126 1650 172 50 1869-

149 1729 213 53 Leaves
399 1728 153 52 from
588 1745 97 50 my
720 1726 125 68 life,
879 1726 76 69 by
994 1725 95 56 Sir
1125 1725 253 53 Herbert
1416 1724 71 53 A.
1527 1725 241 67 Barker,
1805 1725 139 52 with
81 1725 1991 136 sixteen

245 1807 113 52 full
399 1824 148 51 page
587 1804 400 54 illustrations.
1066 1804 261 67 London,
1369 1803 370 54 Hutchinson
1780 1805 48 51 &
1868 1821 80 36 co.
1991 1804 105 52 ltd.

85 1885 172 68 [1927]

148 1968 86 41 319
262 1978 44 38 p.
367 1966 166 48 front.,
565 1967 172 48 plates,
768 1967 151 48 ports.
978 1965 119 42 24ᶜᵐ.

149 2038 41 41 A
224 2037 275 43 discussion
534 2037 51 40 of
620 2037 81 40 the
737 2036 220 41 author’s
993 2036 136 40 work
1162 2036 50 40 in
1250 2036 356 49 manipulative
1642 2047 218 37 surgery.

88 2103 2010 53 © 1c. Feb. 4, 1928; A ad int. 10654; pubd. Dec. 9, 1927; Sir H. A.
157 2166 203 47 Barker,
391 2165 210 48 Alassio,
636 2166 146 47 Italy.
856 2164 254 49 (28-5623)

84 2260 305 64 Brigham,
421 2259 287 55 Johnson.

153 2337 122 55 The
305 2336 280 58 Sinclairs
613 2337 66 53 of
705 2338 97 54 old
831 2338 145 52 Fort
1004 2339 115 53 Des
1147 2338 253 68 Moines;
1431 2357 33 35 a
1491 2337 299 55 historical
1819 2356 283 51 romance,

83 2417 75 69 by
197 2417 264 54 Johnson
502 2417 300 69 Brigham.
880 2416 188 55 Cedar
1107 2417 245 69 Rapids,
1427 2435 69 50 Ia.,
1534 2417 123 53 The
1695 2417 189 53 Torch
1925 2436 176 50 press.

87 2495 151 55 1927.

153 2578 661 51 3 p. l., [5]-245 p. 19½ ᶜᵐ .
91 2644 51 53 ©
173 2649 103 40 Oct.
306 2649 68 47 15,
404 2648 142 47 1927;
578 2649 68 40 2c.
675 2649 119 40 Nov.
824 2648 52 47 8;
910 2648 82 41 aff.
1023 2648 112 41 Feb.
1167 2649 69 47 13,
1268 2648 141 47 1928;
1441 2649 41 39 A
1512 2649 231 48 1018782;
1776 2650 44 41 J.
1850 2649 251 48 Brigham.

157 2707 96 39 Des
286 2706 202 43 Moines,
550 2717 42 29 Ia.
663 2705 254 50 (28-5404)

83 2799 263 63 Buchan,
381 2799 195 53 Anna.

156 2878 163 53 Eliza
355 2878 94 53 for
480 2897 276 37 common,
788 2878 76 70 by
898 2879 67 52 O.
1000 2880 260 68 Douglas
1358 2881 173 67 [pseud.]
1570 2881 162 68 chap.
1768 2885 82 63 15,
1884 2884 79 50 16.

190 2963 61 39 (In
281 2958 137 44 Good
447 2958 374 54 housekeeping
852 2959 279 53 magazine,
1161 2959 129 52 Jan.,
1325 2960 145 50 1928)

95 3027 2009 56 © 1c. Feb. 24, 1928; A ad int. 10819; pubd. Dec. 29, 1927; A. Buchan,
161 3090 211 48 Peebles,
407 3089 247 42 Scotland.

86 3183 435 65 Buckingham,
557 3185 292 53 Burdette
885 3186 171 53 Ross.

156 3262 271 54 Answers
454 3269 57 47 to
538 3264 96 52 the
662 3264 666 69 Buckingham-Osburn
1354 3266 354 70 searchlight
1732 3265 372 56 arithmetics.

93 3341 1951 71 Book 4. By B. R. Buckingham … and W. J. Osburn …
91 3419 235 67 Boston,
357 3420 140 52 New
531 3420 165 52 York
732 3426 139 65 [etc.]
911 3420 157 55 Ginn
1101 3422 112 53 and
1246 3441 283 51 company
1607 3427 152 65 [ᶜ1928]

163 3502 538 49 1 p. l., 26 p. 19½ᶜᵐ.
99 3567 51 53 ©
181 3573 111 41 Feb.
323 3574 39 47 7,
394 3573 118 41 1928;
569 3574 68 40 2c.
670 3574 111 42 Feb.
813 3575 55 40 23;
930 3575 83 41 aff.
1045 3575 111 42 Feb.
1186 3577 55 39 21;
1304 3577 40 39 A
1375 3577 204 41 1061866;
1642 3578 127 41 Ginn
1800 3579 37 40 &
1866 3590 69 30 co.

95 3680 259 68 [Chanel,
390 3682 294 54 Gabrielle]

164 3759 292 55 Woman’s
496 3762 198 52 world.
769 3762 137 54 Life
942 3769 60 47 at
1036 3764 185 54 Paris.
1297 3765 147 53 Mar.
1486 3769 82 64 10,
1609 3769 149 51 1928.

198 3843 60 39 (In
291 3839 218 45 Outlook
542 3841 291 53 magazine)

101 3907 2008 60 © 1c. Mar. 22, 1928; A ad int. 10789; pubd. Mar. 8; New outlook co.,
168 3969 102 49 ltd.,
300 3970 215 45 London.
