2498 4384
1320 4110 139 50 2056

413 433 208 66 Silver,
652 435 318 64 Benjamin
1001 436 75 55 H.

479 512 360 69 Philosophy
866 512 66 53 of
957 512 171 70 faith,
1153 514 150 68 hope
1330 516 113 52 and
1470 516 126 51 love
1643 515 77 70 [by]
1771 515 310 58 Beniamin
2107 517 77 53 H.
2216 515 204 57 Silver.

415 590 129 67 [Los
574 590 267 70 Angeles,
874 591 266 54 Fletcher
1172 593 158 53 Ford
1361 611 98 49 co.,
1493 597 152 64 1928]

483 673 912 51 101, [1] p. incl. port, plates. 18 ᶜᵐ.
482 745 186 40 Poems.

412 812 52 53 ©
498 818 119 40 Nov.
651 817 39 48 9,
724 816 117 41 1928;
903 818 68 41 2c.
1004 819 120 40 Nov.
1157 818 56 41 28;
1280 818 82 41 aff.
1397 819 120 40 Nov.
1550 819 59 40 27;
1671 819 42 39 A
1745 819 118 41 3229;
1926 821 55 40 B.
2017 821 63 41 H.
2117 821 170 48 Silver,
2323 822 94 41 Los

478 874 222 49 Angeles.
768 874 282 50 (28-31122)

407 983 296 65 Stratton,
735 983 297 66 Clarence,
1067 990 173 49 1880-

479 1062 293 53 Theatron;
864 1081 73 35 an
996 1064 330 53 illustrated
1383 1064 217 68 record,
1658 1065 78 69 by
1797 1064 273 55 Clarence
2135 1064 280 56 Stratton.

407 1140 1317 72 New York, H. Holt and company [ ᶜ1 928]
477 1222 1123 50 xvi, 303 p. incl. front., illus., plates. 24 ᶜᵐ.
407 1292 53 52 ©
486 1296 113 40 Dec.
626 1296 70 48 12,
723 1296 116 41 1928;
894 1296 70 41 2c.
991 1296 113 42 Dec.
1130 1296 57 40 20;
1246 1296 83 41 aff.
1357 1297 114 41 Dec.
1499 1296 57 41 18;
1612 1297 41 39 A
1680 1297 116 41 3267;
1854 1298 169 49 Henry
2052 1300 121 39 Holt
2202 1300 36 39 &
2265 1311 68 29 co.

484 1352 283 50 (28-31214)

399 1462 298 65 Thiollier,
727 1463 241 65 Joseph,
1003 1468 171 51 1869-

538 1542 1817 70 … Pour comprendre l’arbre et la forêt, par J. Thiollier …
402 1624 67 49 49
512 1621 217 54 dessins
771 1626 54 48 et
866 1621 210 70 figures
1116 1622 391 68 explicatives,
1550 1622 99 54 171
1692 1623 470 69 photographies.
2239 1628 49 49 2.
2330 1626 85 52 éd.

400 1700 187 68 Paris,
614 1700 303 68 Hachette,
950 1703 150 52 1928.

473 1783 1934 51 2 p. l., 279, [1] p. illus., fold. map. 18 ᶜᵐ. (Bibliothèque du tourisme)
471 1855 177 41 “Notes
680 1855 476 49 bibliographiques”:
1218 1868 45 37 p.
1293 1857 102 40 3-4.

473 1912 1524 50 “Les arbres de nos forêts … par M. Aubert”: p. 62-132.
400 1980 1849 53 © May 30, 1928; 1c. Oct. 19; A— Foreign 325; Librairie Hachette.
478 2041 283 49 (28-31080)

391 2136 74 55 U.
500 2136 58 55 S.
632 2137 168 54 Laws
807 2180 11 25 ,
852 2144 241 50 statutes
1100 2180 11 26 ,
1147 2145 102 48 etc.

527 2215 1882 70 … United States Code annotated. Constitution. pt. 1-3.
399 2293 386 67 [Cumulative
823 2296 213 51 annual
1075 2295 202 68 pocket
1318 2301 151 63 part,
1510 2299 151 50 1928.
1740 2294 83 56 St.
1863 2296 167 67 Paul,
2070 2294 161 55 West
391 2292 1993 151 publishing
642 2392 301 52 company,
978 2377 153 65 1928]

462 2458 218 40 3 v. 24 ᶜᵐ.
744 2529 132 49 CONTENTS.—pt.
911 2526 39 43 1.
985 2529 186 40 Article
1202 2530 24 38 1
1261 2531 49 39 to
1342 2529 187 41 Article
1561 2530 39 46 1,
1638 2528 200 50 §9-—pt.
1872 2528 42 41 2.
1948 2529 187 41 Article
2166 2529 40 47 1,
2244 2528 87 49 §10
2359 2530 48 39 to

390 2586 324 40 Amendment
743 2586 203 49 13.—pt.
978 2585 40 41 3.
1048 2586 324 41 Amendment
1401 2587 57 39 14
1485 2588 49 39 to
1565 2587 323 40 Amendment
1917 2586 70 42 19.

463 2644 157 40 These
650 2644 276 48 pamphlets
956 2655 86 29 are
1072 2645 49 39 to
1150 2645 58 39 be
1239 2643 144 41 fitted
1411 2644 103 40 into
1546 2644 83 40 the
1658 2644 199 48 pockets
1889 2646 53 38 at
1972 2644 84 40 the
2087 2643 124 40 back
2242 2644 52 40 of
2324 2643 83 40 the

389 2702 220 39 volumes
639 2701 52 40 of
719 2701 82 40 the
831 2704 75 37 set
934 2703 49 38 to
1013 2701 159 40 which
1203 2701 117 47 they
1349 2702 186 47 belong.

394 2766 53 53 ©
478 2772 119 41 Nov.
627 2773 40 46 2,
698 2772 115 40 1928;
873 2773 67 39 2c.
972 2772 118 40 each
1122 2773 115 39 Dec.
1270 2772 26 40 8;
1356 2772 109 40 affs.
1497 2773 114 40 Dec.
1642 2773 27 39 7;
1729 2772 41 39 A
1801 2771 265 41 3032-3034;
2128 2772 137 40 West
2295 2771 110 48 pub.

463 2840 82 37 co.,
578 2828 69 42 St.
675 2830 124 39 Paul
828 2829 97 40 and
953 2830 214 39 Edward
1195 2829 279 48 Thompson
1503 2840 82 37 co.,
1615 2829 286 48 Northport,
1932 2829 52 40 L.
2015 2830 53 45 I.,
2098 2829 58 41 N.
2186 2829 53 40 Y.

386 2938 330 63 Wickman,
753 2939 48 52 E
1094 2939 241 65 Koster,
1374 2944 172 50 1895-

385 3014 1998 133 Children’s behavior and teachers’ attitudes, by E. K. Wickman …
705 3096 141 52 New
889 3095 181 68 York,
1114 3095 123 54 The
1282 3094 490 55 Commonwealth
1818 3094 166 68 fund,
2027 3094 271 53 Division
2342 3093 65 53 of

386 3173 405 69 publications,
827 3175 152 52 1928.

458 3256 1295 50 5 p. l., 247 p. incl. tables, diagrs., forms. 23½ ᶜᵐ.
389 3324 54 52 ©
478 3329 119 39 Nov.
632 3328 70 49 24,
739 3328 143 47 1928;
917 3329 69 39 2c.
1023 3329 97 39 and
1153 3327 84 42 aff.
1273 3328 119 40 Nov.
1429 3327 84 47 26;
1550 3327 41 39 A
1626 3327 142 47 3181;
1809 3326 416 41 Commonwealth
2261 3327 139 47 fund,

458 3385 225 41 Division
710 3385 51 40 of
786 3385 343 49 publications.
1195 3384 194 49 (29-22)

384 3481 198 63 Wren,
619 3480 291 55 Lassiter.

464 3556 1873 70 The baffle book, by Lassiter Wren and Randle McKay …
392 3635 236 55 Garden
659 3635 154 68 City,
840 3636 70 52 N.
940 3636 93 68 Y.,
1060 3636 145 53 Pub.
1237 3635 94 53 for
1359 3635 97 54 the
1487 3634 193 56 Crime
1710 3634 147 67 club,
1888 3635 126 66 inc.,
2042 3635 77 69 by
391 3634 1983 147 Doubleday,

548 3714 201 52 Doran
773 3716 46 49 &
844 3732 302 50 company,
1172 3713 130 68 inc.,
1331 3716 153 51 1928.

463 3794 978 49 5 p. l., 201, 85 p. illus., diagrs. 19½ ᶜᵐ.
462 3865 178 48 Thirty
663 3866 258 48 mysteries
946 3868 96 39 and
1067 3867 241 40 detective
1331 3868 242 48 problems
1598 3869 49 38 to
1673 3868 58 39 be
1755 3867 165 40 solved
1944 3866 131 40 from
2099 3865 142 49 given
2266 3866 133 40 data.

463 3923 232 40 “Answer
721 3923 229 47 section”,
978 3924 223 40 inverted:
1260 3924 57 40 85
1344 3935 44 37 p.
1415 3926 54 39 at
1495 3925 108 39 end.

386 3992 53 52 ©
468 3996 119 40 Nov.
616 3996 40 47 2,
687 3996 142 46 1928;
862 3997 68 40 2c.
960 3998 95 39 and
1087 3996 83 42 aff.
1200 3998 120 39 Nov.
1350 3997 84 46 24;
1467 3997 41 39 A
1537 3997 142 47 1880;
1712 3997 302 48 Doubleday,
2045 3997 170 40 Doran
2246 3996 36 39 &
2313 4006 82 31 co.,

454 4052 92 42 inc.
614 4053 284 50 (28-29558)
