2498 4384
1073 4108 101 51 751

200 523 188 39 “Books
422 524 46 38 to
499 522 112 47 help
642 519 156 42 sales”
818 531 8 28 :
860 531 43 37 p.
940 519 207 50 [71]-[79]

204 579 286 40 Loose-leaf.

133 618 1999 66 © Feb. 21, 1928; 2c. Apr. 5; aff. Apr. 18; A 1069954; R . P. Stoddard.
202 693 276 41 Cleveland.
549 692 280 48 (28-13093)

132 773 228 62 Stuart,
394 771 262 55 Graham
687 772 224 62 Henry,
946 771 169 52 1887-

198 852 172 52 Latin
400 850 267 53 America
697 850 112 53 and
840 850 96 52 the
966 849 218 54 United
1217 847 209 68 States,
1442 848 74 69 by
1548 846 256 56 Graham
1836 847 76 52 H.
1935 846 202 56 Stuart

126 924 1985 152 … 2d ed., thoroughly rev. New York & London, The Century co. [ ᶜ1 928]
198 1085 1940 53 viii p., 3 l., 3-465 p. maps. 23 ᶜᵐ. [The Century political science
128 1147 165 49 series]
414 1146 129 49 $3.75

200 1203 435 48 “Supplementary
659 1201 256 47 readings”
940 1204 52 38 at
1015 1202 89 39 end
1131 1200 53 41 of
1206 1201 119 40 each
1349 1202 215 47 chapter.

133 1258 51 51 ©
215 1263 75 39 May
356 1263 38 46 8,
424 1261 83 39 1928;
595 1262 66 39 2c.
692 1262 95 38 and
816 1260 82 41 aff.
930 1261 111 46 May
1071 1260 81 46 10;
1185 1258 40 39 A
1255 1259 228 46 1077201;
1517 1259 215 47 Century
1761 1269 68 30 co.
211 1318 280 45 (28-12815)

130 1399 229 61 Stuart,
392 1398 120 51 Hix
549 1397 175 61 Cook,
764 1399 164 50 1878-

201 1477 121 51 The
355 1476 294 53 notorious
684 1476 216 66 Ashley
938 1493 181 51 gang;
1159 1494 31 33 a
1227 1493 137 50 saga
1401 1473 64 54 of
1500 1474 97 53 the
1631 1474 142 69 king
1809 1474 112 53 and
1957 1492 178 51 queen

129 1554 64 53 of
223 1555 97 52 the
354 1555 368 68 Everglades,
758 1555 69 67 by
862 1554 121 51 Hix
1019 1552 61 55 C.
1118 1552 220 55 Stuart.
1410 1552 219 67 Stuart,
1664 1553 143 66 Fla.,
1844 1551 82 56 St.
1962 1552 172 53 Lucie

129 1633 756 68 printing co., inc. [ ᶜ1 928 ]
258 1712 1132 51 80 p. front., plates, ports. 19½ᶜᵐ. $1.50
132 1768 51 53 ©
210 1773 113 47 Apr.
350 1772 70 46 25,
449 1772 140 43 1928;
618 1772 67 40 2c.
714 1773 94 38 and
837 1771 82 41 aff.
948 1773 113 46 May
1090 1772 16 37 1;
1173 1771 40 39 A
1242 1771 229 47 1077039;
1504 1772 59 40 H.
1593 1770 49 41 C.
1674 1770 170 41 Stuart
1874 1772 96 39 and
1998 1771 54 41 A.
2084 1772 50 38 P.

199 1830 234 47 Krueger,
470 1829 183 46 Stuart,
689 1829 103 39 Fla.
863 1828 280 48 (28-13091)

132 1893 128 54 Van
290 1895 188 62 Hook,
507 1894 230 62 Weller,
772 1898 167 49 1862-

200 1975 120 52 The
373 1973 194 52 future
619 1992 124 49 way
816 1974 72 60 [by]
964 1974 211 53 Weller
1226 1974 128 52 Van
1409 1973 186 52 Hook.
1692 1972 272 70 Chicago,
2014 1974 122 51 The

128 2051 643 69 Rajput press [ ᶜ1 928]
196 2135 472 48 3 p. l., 220 p. 20 ᶜᵐ.
133 2188 51 53 ©
214 2194 112 47 Apr.
356 2194 38 41 7,
426 2193 140 41 1928:
597 2193 68 40 2c.
694 2193 113 47 Apr.
836 2193 82 45 28;
950 2192 82 41 aff.
1062 2193 114 47 Apr.
1207 2192 82 45 14;
1322 2192 41 39 A
1392 2192 230 47 1074302;
1656 2192 186 49 Rajput
1875 2203 149 38 press.

210 2250 281 48 (28-12839)

131 2314 232 63 Vesme,
396 2316 183 53 César
608 2316 88 52 de.

259 2395 1877 68 … Histoire du spiritualisme expérimental … teil 1. Paris,
126 2474 55 51 J.
218 2474 215 68 Meyer,
472 2477 148 49 1928.

198 2555 750 49 2 p. l., xxviii, 684 p. 23 ᶜᵐ .
193 2613 62 38 At
287 2614 122 38 head
441 2614 51 38 of
522 2613 133 39 title:
689 2613 49 40 C.
770 2614 57 38 de
858 2614 184 38 Vesme.

131 2665 1890 52 © Dec. 20, 1927; 1c. Feb. 10, 1928; A— Foreign 37491; Jean Meyer.
209 2726 280 48 (28-13397)

128 2791 221 62 Walsh,
383 2792 274 52 Edmund
690 2791 300 64 Aloysius,
1024 2795 169 49 1885-

196 2869 120 53 The
347 2869 108 53 fall
486 2869 64 53 of
580 2870 96 53 the
706 2870 246 53 Russian
983 2871 214 67 empire;
1262 2870 95 53 the
1389 2877 159 63 story
1579 2869 64 54 of
1674 2870 95 54 the
1802 2871 111 53 last
1944 2870 65 53 of
2040 2871 95 53 the

126 2948 326 53 Romanovs
485 2949 113 53 and
632 2949 95 53 the
762 2949 227 69 coming
1023 2948 64 54 of
1120 2949 96 53 the
1254 2949 352 67 Bolsheviki,
1642 2949 74 69 by
1753 2949 272 54 Edmund
2063 2950 70 52 A.

124 3026 1715 71 Walsh … Boston, Little, Brown, and company, 1928.
195 3109 1025 49 xviii, 357 p. front., plates, ports. 23 ᶜᵐ.
196 3166 350 49 Bibliography
565 3178 8 29 :
602 3178 43 37 p.
674 3167 246 50 [319]–331.

129 3220 51 53 ©
211 3226 113 47 May
352 3225 69 48 12,
451 3225 114 41 1928;
622 3225 67 42 2c.
719 3227 95 39 and
843 3225 83 41 aff.
956 3226 114 48 May
1099 3225 54 40 15;
1211 3225 41 39 A
1282 3225 203 41 1077242;
1545 3227 53 40 E.
1628 3226 54 41 A.
1713 3227 184 48 Walsh,
198 3226 1915 104 Georgetown,
374 3283 58 41 D.
464 3281 48 42 C.
584 3282 281 49 (28-13121)

124 3347 307 65 Weigand,
466 3348 293 61 Wilhelm,
800 3351 169 49 1862-

124 3427 1983 151 … Die ewige schölle, ein roman. Berlin-Grunewald, Horen-verlag, 1927.
195 3591 485 49 627, [1] p., 2 l. 19 ᶜᵐ.
197 3648 68 40 “1.
290 3648 73 40 bis
387 3647 41 41 3.
455 3648 250 40 tausend.”

127 3701 52 52 ©
219 3705 101 41 Oct.
358 3705 69 47 28,
468 3705 140 47 1927;
648 3706 66 40 1c.
754 3706 110 40 Jan.
903 3706 68 47 25,
1011 3705 141 47 1928;
1194 3706 312 47 A—Foreign
1545 3705 171 43 37040;
1760 3708 366 47 Horen-verlag,

195 3771 41 39 g.
266 3772 60 30 m.
355 3762 43 40 b.
429 3762 45 40 h.
548 3762 280 49 (28-13247)

127 3821 264 67 Wernerj
424 3827 261 64 Sigvart,
718 3827 169 54 1872-

194 3906 363 67 Dyrehaven,
594 3907 434 52 halvhundrede
1062 3907 241 53 billeder
1342 3905 65 54 af
1447 3905 237 71 Sigvart
1719 3908 241 53 Werner
1999 3909 123 52 med

125 3983 341 70 indledning
504 3984 63 53 af
604 3986 292 52 Johannes
938 3987 66 52 V.
1044 3987 229 53 Jensen.
1349 3984 240 71 Omslag
1627 4005 73 50 og
1739 3987 286 69 vignetter
2064 3987 64 53 af
