<alto xmlns="http://www.loc.gov/standards/alto/ns-v3#" xmlns:xlink="http://www.w3.org/1999/xlink" xmlns:xsi="http://www.w3.org/2001/XMLSchema-instance" xsi:schemaLocation="http://www.loc.gov/standards/alto/ns-v3# http://www.loc.gov/alto/v3/alto-3-0.xsd"><Description>
<MeasurementUnit>pixel</MeasurementUnit>
<sourceImageInformation>
<fileName>1928_v25_part001.pdf</fileName>
</sourceImageInformation>
<OCRProcessing ID="IdOcr">
<ocrProcessingStep>
<processingDateTime>2019-04-12</processingDateTime>
<processingSoftware>
<softwareCreator>ABBYY</softwareCreator>
<softwareName>ABBYY Recognition Server</softwareName>
<softwareVersion>4.0</softwareVersion>
</processingSoftware>
</ocrProcessingStep>
</OCRProcessing>
</Description>
<Styles>
<ParagraphStyle ID="StyleId-FFFFFFFF-FFFF-FFFF-FFFF-FFFFFFFFFFFF-" ALIGN="Left" LEFT="0." RIGHT="0." FIRSTLINE="0."/>
<ParagraphStyle ID="StyleId-0ECAC0CE-E1F0-4C69-A1B9-95E16886343B-" ALIGN="Left" LEFT="0." RIGHT="0." FIRSTLINE="0." LINESPACE="8.300000191"/>
<ParagraphStyle ID="StyleId-5C6F7A30-EC6F-4250-A8D3-0AE106DCDB5D-" ALIGN="Left" LEFT="0." RIGHT="0." FIRSTLINE="-13." LINESPACE="11.22999954"/>
<ParagraphStyle ID="StyleId-B258737E-7AF8-4B71-A0BF-0A1420B951F9-" ALIGN="Left" LEFT="0." RIGHT="0." FIRSTLINE="-13." LINESPACE="8.210000038"/>
<ParagraphStyle ID="StyleId-35C0EFA5-E89E-4731-B16E-5D3895F12270-" ALIGN="Block" LEFT="0." RIGHT="0." FIRSTLINE="-12." LINESPACE="11.22999954"/>
<ParagraphStyle ID="StyleId-7BD1F9B4-14BB-4AAF-864B-FED8FEA7DC43-" ALIGN="Left" LEFT="0." RIGHT="0." FIRSTLINE="0."/>
<ParagraphStyle ID="StyleId-CD2DA0E5-536D-42AE-AE16-8D9F5C008D5A-" ALIGN="Block" LEFT="0." RIGHT="0." FIRSTLINE="-12." LINESPACE="10."/>
<ParagraphStyle ID="StyleId-AF408F88-EED5-4CE2-A229-3F852C18D9BD-" ALIGN="Block" LEFT="0." RIGHT="0." FIRSTLINE="-14." LINESPACE="10."/>
<ParagraphStyle ID="StyleId-829CD741-943D-4B7B-9638-57AB73DE2567-" ALIGN="Center" LEFT="0." RIGHT="0." FIRSTLINE="0." LINESPACE="9.399999619"/>
<ParagraphStyle ID="StyleId-B271BDFA-6037-4875-BA99-885A067668E9-" ALIGN="Left" LEFT="0." RIGHT="0." FIRSTLINE="-14." LINESPACE="11.21000004"/>
<ParagraphStyle ID="StyleId-64F9C1D8-EA12-4F65-AD18-B72A4C6B556F-" ALIGN="Center" LEFT="0." RIGHT="0." FIRSTLINE="0." LINESPACE="11.60000038"/>
<ParagraphStyle ID="StyleId-44DA2756-E57B-4EF3-9BA4-FC1C14776DE3-" ALIGN="Left" LEFT="0." RIGHT="0." FIRSTLINE="-12." LINESPACE="12.19999981"/>
<ParagraphStyle ID="StyleId-D1D9AF19-8CA6-4F74-9AEC-1B4545205AD7-" ALIGN="Center" LEFT="0." RIGHT="0." FIRSTLINE="0." LINESPACE="11.60000038"/>
<ParagraphStyle ID="StyleId-3ADA1556-6D19-417D-8046-68449BF368BA-" ALIGN="Left" LEFT="0." RIGHT="0." FIRSTLINE="-13." LINESPACE="12.19999981"/>
<ParagraphStyle ID="StyleId-7443A930-B325-44B5-9AB8-B42B4EC78C89-" ALIGN="Block" LEFT="0." RIGHT="0." FIRSTLINE="13." LINESPACE="8.619999886"/>
<ParagraphStyle ID="StyleId-C9A9E480-E448-4934-9AF8-3D252792E396-" ALIGN="Left" LEFT="0." RIGHT="0." FIRSTLINE="-12." LINESPACE="11.38000011"/>
<ParagraphStyle ID="StyleId-73039842-464C-49B9-9440-4C0D0E749DFE-" ALIGN="Center" LEFT="0." RIGHT="0." FIRSTLINE="0." LINESPACE="11.10000038"/>
<ParagraphStyle ID="StyleId-C51F6AC2-80DA-4C65-849C-6E2D5F548EA4-" ALIGN="Left" LEFT="0." RIGHT="0." FIRSTLINE="0." LINESPACE="7.699999809"/>
<ParagraphStyle ID="StyleId-494190D9-BDDC-4834-A745-6AF520F91CD0-" ALIGN="Block" LEFT="0." RIGHT="0." FIRSTLINE="-12." LINESPACE="11.22999954"/>
<ParagraphStyle ID="StyleId-68D39D31-3386-4B28-8C90-DA9420961D78-" ALIGN="Left" LEFT="0." RIGHT="0." FIRSTLINE="0." LINESPACE="11.60000038"/>
<ParagraphStyle ID="StyleId-DF0CE7C7-E73E-44FE-8867-C904BD7F3F42-" ALIGN="Block" LEFT="0." RIGHT="0." FIRSTLINE="0." LINESPACE="12.19999981"/>
</Styles>
<Layout>
<Page ID="Page547" PHYSICAL_IMG_NR="547" HEIGHT="4384" WIDTH="2498">
<TopMargin HEIGHT="470" WIDTH="2498" VPOS="0" HPOS="0">
</TopMargin>
<LeftMargin HEIGHT="3685" WIDTH="46" VPOS="470" HPOS="0">
</LeftMargin>
<RightMargin HEIGHT="3685" WIDTH="326" VPOS="470" HPOS="2172">
</RightMargin>
<BottomMargin HEIGHT="229" WIDTH="2498" VPOS="4155" HPOS="0">
</BottomMargin>
<PrintSpace HEIGHT="3685" WIDTH="2126" VPOS="470" HPOS="46">
<TextBlock ID="Page547_Block1" HEIGHT="130" WIDTH="268" VPOS="4025" HPOS="998" LANG="en-US" CS="1" STYLEREFS="StyleId-075B12AA-C4AF-49ED-84C4-81DE734F21DE-">
<TextLine HEIGHT="55" WIDTH="65" VPOS="4060" HPOS="1068" CS="1">
<String CS="1" CONTENT="547" HEIGHT="55" WIDTH="65" VPOS="4060" HPOS="1068"/>
</TextLine>
</TextBlock>
<TextBlock ID="Page547_Block2" HEIGHT="3656" WIDTH="2126" VPOS="470" HPOS="46" LANG="en-US" CS="1" STYLEREFS="StyleId-9CC83DE3-1D08-4401-8CA1-79D597F078E0-">
<Shape>
<Polygon POINTS="46,470 2172,470 2172,4005 698,4005 698,4126 46,4126 46,470"/>
</Shape>
<TextLine HEIGHT="50" WIDTH="762" VPOS="492" HPOS="176" CS="1">
<String LANG="la" CONTENT="[25]" HEIGHT="50" WIDTH="84" VPOS="492" HPOS="176"/>
<SP HEIGHT="38" WIDTH="35" VPOS="503" HPOS="261"/>
<String LANG="la" CONTENT="p." HEIGHT="38" WIDTH="43" VPOS="503" HPOS="297"/>
<SP HEIGHT="37" WIDTH="58" VPOS="503" HPOS="341"/>
<String LANG="en-US" CONTENT="plates," HEIGHT="47" WIDTH="173" VPOS="493" HPOS="400"/>
<SP HEIGHT="47" WIDTH="32" VPOS="493" HPOS="574"/>
<String LANG="la" CONTENT="diagr." HEIGHT="49" WIDTH="155" VPOS="492" HPOS="607"/>
<SP HEIGHT="40" WIDTH="57" VPOS="493" HPOS="763"/>
<String LANG="la" CONTENT="21" HEIGHT="38" WIDTH="55" VPOS="493" HPOS="821"/>
<String LANG="en-US" CS="1" CONTENT="&#7580;&#7504;"/>
<String LANG="la" CONTENT="." HEIGHT="8" WIDTH="8" VPOS="524" HPOS="930"/>
</TextLine>
<TextLine HEIGHT="43" WIDTH="504" VPOS="547" HPOS="174">
<String LANG="la" CONTENT="&#8220;Limited" HEIGHT="40" WIDTH="238" VPOS="549" HPOS="174"/>
<SP HEIGHT="39" WIDTH="36" VPOS="550" HPOS="413"/>
<String LANG="en-US" CONTENT="edition.&#8221;" HEIGHT="43" WIDTH="228" VPOS="547" HPOS="450"/>
</TextLine>
<TextLine HEIGHT="100" WIDTH="1990" VPOS="603" HPOS="102" CS="1">
<String CONTENT="&#8220;One" HEIGHT="41" WIDTH="128" VPOS="605" HPOS="175"/>
<SP HEIGHT="40" WIDTH="32" VPOS="606" HPOS="304"/>
<String CONTENT="hundred" HEIGHT="39" WIDTH="222" VPOS="606" HPOS="337"/>
<SP HEIGHT="40" WIDTH="33" VPOS="606" HPOS="560"/>
<String CONTENT="copies" HEIGHT="49" WIDTH="160" VPOS="604" HPOS="594"/>
<SP HEIGHT="30" WIDTH="31" VPOS="616" HPOS="755"/>
<String CONTENT="of" HEIGHT="40" WIDTH="51" VPOS="605" HPOS="787"/>
<SP HEIGHT="39" WIDTH="29" VPOS="605" HPOS="839"/>
<String CONTENT="this" HEIGHT="40" WIDTH="99" VPOS="604" HPOS="869"/>
<SP HEIGHT="29" WIDTH="31" VPOS="615" HPOS="969"/>
<String CONTENT="edition" HEIGHT="41" WIDTH="184" VPOS="603" HPOS="1001"/>
<SP HEIGHT="39" WIDTH="31" VPOS="604" HPOS="1186"/>
<String CONTENT="have" HEIGHT="40" WIDTH="124" VPOS="604" HPOS="1218"/>
<SP HEIGHT="39" WIDTH="29" VPOS="604" HPOS="1343"/>
<String CONTENT="been" HEIGHT="40" WIDTH="120" VPOS="604" HPOS="1373"/>
<SP HEIGHT="37" WIDTH="31" VPOS="615" HPOS="1494"/>
<String CONTENT="printed" HEIGHT="49" WIDTH="193" VPOS="603" HPOS="1526"/>
<SP HEIGHT="40" WIDTH="32" VPOS="603" HPOS="1720"/>
<String CONTENT="for" HEIGHT="41" WIDTH="79" VPOS="603" HPOS="1753"/>
<SP HEIGHT="38" WIDTH="30" VPOS="614" HPOS="1833"/>
<String CONTENT="presentation.&#8221;" HEIGHT="98" WIDTH="1990" VPOS="605" HPOS="102"/>
</TextLine>
<TextLine HEIGHT="51" WIDTH="1338" VPOS="715" HPOS="171">
<String CONTENT="Various" HEIGHT="40" WIDTH="209" VPOS="718" HPOS="171"/>
<SP HEIGHT="38" WIDTH="30" VPOS="728" HPOS="381"/>
<String CONTENT="problems" HEIGHT="48" WIDTH="241" VPOS="718" HPOS="412"/>
<SP HEIGHT="30" WIDTH="29" VPOS="728" HPOS="654"/>
<String CONTENT="and" HEIGHT="39" WIDTH="95" VPOS="718" HPOS="684"/>
<SP HEIGHT="47" WIDTH="28" VPOS="718" HPOS="780"/>
<String CONTENT="phases" HEIGHT="48" WIDTH="177" VPOS="717" HPOS="809"/>
<SP HEIGHT="30" WIDTH="26" VPOS="727" HPOS="987"/>
<String CONTENT="of" HEIGHT="41" WIDTH="51" VPOS="715" HPOS="1014"/>
<SP HEIGHT="49" WIDTH="27" VPOS="715" HPOS="1066"/>
<String CONTENT="publicity" HEIGHT="49" WIDTH="240" VPOS="715" HPOS="1094"/>
<SP HEIGHT="36" WIDTH="25" VPOS="727" HPOS="1335"/>
<String CONTENT="work." HEIGHT="40" WIDTH="148" VPOS="716" HPOS="1361"/>
</TextLine>
<TextLine HEIGHT="53" WIDTH="2002" VPOS="770" HPOS="111">
<String CONTENT="&#169;" HEIGHT="53" WIDTH="53" VPOS="770" HPOS="111"/>
<SP HEIGHT="53" WIDTH="32" VPOS="770" HPOS="165"/>
<String CONTENT="Mar." HEIGHT="40" WIDTH="122" VPOS="776" HPOS="198"/>
<SP HEIGHT="41" WIDTH="29" VPOS="775" HPOS="321"/>
<String CONTENT="27," HEIGHT="47" WIDTH="71" VPOS="775" HPOS="351"/>
<SP HEIGHT="47" WIDTH="31" VPOS="775" HPOS="423"/>
<String CONTENT="1928;" HEIGHT="48" WIDTH="141" VPOS="773" HPOS="455"/>
<SP HEIGHT="47" WIDTH="33" VPOS="774" HPOS="597"/>
<String CONTENT="2c." HEIGHT="41" WIDTH="69" VPOS="774" HPOS="631"/>
<SP HEIGHT="31" WIDTH="29" VPOS="784" HPOS="701"/>
<String CONTENT="and" HEIGHT="40" WIDTH="96" VPOS="775" HPOS="731"/>
<SP HEIGHT="40" WIDTH="31" VPOS="775" HPOS="828"/>
<String CONTENT="aff." HEIGHT="42" WIDTH="83" VPOS="772" HPOS="860"/>
<SP HEIGHT="41" WIDTH="32" VPOS="773" HPOS="944"/>
<String CONTENT="Mar." HEIGHT="40" WIDTH="123" VPOS="773" HPOS="977"/>
<SP HEIGHT="40" WIDTH="29" VPOS="773" HPOS="1101"/>
<String CONTENT="28;" HEIGHT="48" WIDTH="84" VPOS="771" HPOS="1131"/>
<SP HEIGHT="47" WIDTH="34" VPOS="772" HPOS="1216"/>
<!-- cceid 1D122479-6CB2-1014-A20E-B9D6251C946A --><String CONTENT="A" HEIGHT="40" WIDTH="41" VPOS="772" HPOS="1251"/>
<SP HEIGHT="40" WIDTH="30" VPOS="772" HPOS="1293"/>
<String CONTENT="1068647;" HEIGHT="43" WIDTH="231" VPOS="770" HPOS="1324"/>
<SP HEIGHT="41" WIDTH="35" VPOS="772" HPOS="1556"/>
<String LANG="la" CONTENT="H." HEIGHT="41" WIDTH="61" VPOS="772" HPOS="1592"/>
<SP HEIGHT="42" WIDTH="32" VPOS="771" HPOS="1654"/>
<String CONTENT="A." HEIGHT="43" WIDTH="56" VPOS="771" HPOS="1687"/>
<SP HEIGHT="41" WIDTH="31" VPOS="773" HPOS="1744"/>
<String CONTENT="Bruno-R." HEIGHT="41" WIDTH="245" VPOS="772" HPOS="1776"/>
<SP HEIGHT="41" WIDTH="34" VPOS="772" HPOS="2022"/>
<String CONTENT="R." HEIGHT="43" WIDTH="56" VPOS="772" HPOS="2057"/>
</TextLine>
<TextLine HEIGHT="51" WIDTH="1326" VPOS="829" HPOS="179">
<String CONTENT="Blythe" HEIGHT="47" WIDTH="177" VPOS="833" HPOS="179"/>
<SP HEIGHT="30" WIDTH="35" VPOS="842" HPOS="357"/>
<String CONTENT="and" HEIGHT="39" WIDTH="97" VPOS="833" HPOS="393"/>
<SP HEIGHT="39" WIDTH="37" VPOS="833" HPOS="491"/>
<String CONTENT="associates," HEIGHT="46" WIDTH="281" VPOS="832" HPOS="529"/>
<SP HEIGHT="46" WIDTH="38" VPOS="832" HPOS="811"/>
<String CONTENT="New" HEIGHT="39" WIDTH="117" VPOS="832" HPOS="850"/>
<SP HEIGHT="39" WIDTH="37" VPOS="831" HPOS="968"/>
<String CONTENT="York." HEIGHT="40" WIDTH="145" VPOS="830" HPOS="1006"/>
<SP HEIGHT="49" WIDTH="69" VPOS="829" HPOS="1152"/>
<String CONTENT="(28-10280)" HEIGHT="49" WIDTH="283" VPOS="829" HPOS="1222"/>
</TextLine>
<TextLine HEIGHT="63" WIDTH="1497" VPOS="896" HPOS="102" STYLEREFS="StyleId-FC3295BE-320B-4B97-ACFB-A5F9ECE677FB-">
<String CONTENT="Bureau" HEIGHT="53" WIDTH="236" VPOS="898" HPOS="102"/>
<SP HEIGHT="37" WIDTH="28" VPOS="914" HPOS="339"/>
<String CONTENT="of" HEIGHT="53" WIDTH="65" VPOS="898" HPOS="368"/>
<SP HEIGHT="53" WIDTH="26" VPOS="898" HPOS="434"/>
<String CONTENT="Jewish" HEIGHT="54" WIDTH="223" VPOS="897" HPOS="461"/>
<SP HEIGHT="51" WIDTH="28" VPOS="898" HPOS="685"/>
<String CONTENT="social" HEIGHT="54" WIDTH="179" VPOS="896" HPOS="714"/>
<SP HEIGHT="52" WIDTH="27" VPOS="896" HPOS="894"/>
<String CONTENT="research," HEIGHT="62" WIDTH="298" VPOS="897" HPOS="922"/>
<SP HEIGHT="63" WIDTH="27" VPOS="896" HPOS="1221"/>
<String CONTENT="New" HEIGHT="52" WIDTH="140" VPOS="896" HPOS="1249"/>
<SP HEIGHT="52" WIDTH="31" VPOS="896" HPOS="1390"/>
<String CONTENT="York." HEIGHT="52" WIDTH="177" VPOS="896" HPOS="1422"/>
</TextLine>
<TextLine HEIGHT="148" WIDTH="1982" VPOS="973" HPOS="108" STYLEREFS="StyleId-5080DEB3-3642-4B9E-8227-311E3742B6CB-" CS="1">
<String CONTENT="Jewish" HEIGHT="55" WIDTH="216" VPOS="976" HPOS="179"/>
<SP HEIGHT="51" WIDTH="31" VPOS="978" HPOS="396"/>
<String CONTENT="communal" HEIGHT="53" WIDTH="322" VPOS="976" HPOS="428"/>
<SP HEIGHT="52" WIDTH="28" VPOS="976" HPOS="751"/>
<String CONTENT="survey" HEIGHT="49" WIDTH="205" VPOS="994" HPOS="780"/>
<SP HEIGHT="49" WIDTH="30" VPOS="994" HPOS="986"/>
<String CONTENT="of" HEIGHT="53" WIDTH="65" VPOS="974" HPOS="1017"/>
<SP HEIGHT="55" WIDTH="27" VPOS="974" HPOS="1083"/>
<String CONTENT="Greater" HEIGHT="55" WIDTH="243" VPOS="974" HPOS="1111"/>
<SP HEIGHT="52" WIDTH="28" VPOS="974" HPOS="1355"/>
<String CONTENT="New" HEIGHT="52" WIDTH="140" VPOS="974" HPOS="1384"/>
<SP HEIGHT="52" WIDTH="30" VPOS="974" HPOS="1525"/>
<String CONTENT="York" HEIGHT="53" WIDTH="165" VPOS="973" HPOS="1556"/>
<SP HEIGHT="52" WIDTH="33" VPOS="973" HPOS="1722"/>
<String CS="1" CONTENT="&#8230;"/>
<SP HEIGHT="50" WIDTH="73" VPOS="977" HPOS="1814"/>
<String CONTENT="1st" HEIGHT="50" WIDTH="86" VPOS="977" HPOS="1888"/>
<SP HEIGHT="49" WIDTH="26" VPOS="978" HPOS="1975"/>
<String CONTENT="section;" HEIGHT="129" WIDTH="1982" VPOS="992" HPOS="108"/>
</TextLine>
<TextLine HEIGHT="71" WIDTH="1811" VPOS="1049" HPOS="304" STYLEREFS="StyleId-5080DEB3-3642-4B9E-8227-311E3742B6CB-">
<String CONTENT="Studies" HEIGHT="56" WIDTH="232" VPOS="1053" HPOS="304"/>
<SP HEIGHT="53" WIDTH="41" VPOS="1054" HPOS="537"/>
<String CONTENT="in" HEIGHT="52" WIDTH="57" VPOS="1054" HPOS="579"/>
<SP HEIGHT="47" WIDTH="41" VPOS="1059" HPOS="637"/>
<String CONTENT="the" HEIGHT="52" WIDTH="97" VPOS="1054" HPOS="679"/>
<SP HEIGHT="52" WIDTH="38" VPOS="1054" HPOS="777"/>
<String LANG="la" CONTENT="N." HEIGHT="52" WIDTH="69" VPOS="1054" HPOS="816"/>
<SP HEIGHT="51" WIDTH="44" VPOS="1054" HPOS="886"/>
<String CONTENT="Y." HEIGHT="51" WIDTH="72" VPOS="1054" HPOS="931"/>
<SP HEIGHT="55" WIDTH="41" VPOS="1052" HPOS="1004"/>
<String CONTENT="Jewish" HEIGHT="55" WIDTH="218" VPOS="1052" HPOS="1046"/>
<SP HEIGHT="67" WIDTH="44" VPOS="1053" HPOS="1265"/>
<String CONTENT="population." HEIGHT="68" WIDTH="357" VPOS="1052" HPOS="1310"/>
<SP HEIGHT="52" WIDTH="79" VPOS="1052" HPOS="1668"/>
<String CONTENT="New" HEIGHT="52" WIDTH="139" VPOS="1052" HPOS="1748"/>
<SP HEIGHT="52" WIDTH="44" VPOS="1052" HPOS="1888"/>
<String CONTENT="York," HEIGHT="70" WIDTH="182" VPOS="1049" HPOS="1933"/>
</TextLine>
<TextLine HEIGHT="67" WIDTH="1259" VPOS="1131" HPOS="109" STYLEREFS="StyleId-5080DEB3-3642-4B9E-8227-311E3742B6CB-">
<String CONTENT="Bureau" HEIGHT="51" WIDTH="229" VPOS="1134" HPOS="109"/>
<SP HEIGHT="34" WIDTH="26" VPOS="1151" HPOS="339"/>
<String CONTENT="of" HEIGHT="54" WIDTH="67" VPOS="1131" HPOS="366"/>
<SP HEIGHT="55" WIDTH="25" VPOS="1131" HPOS="434"/>
<String CONTENT="Jewish" HEIGHT="55" WIDTH="216" VPOS="1131" HPOS="460"/>
<SP HEIGHT="52" WIDTH="27" VPOS="1132" HPOS="677"/>
<String CONTENT="social" HEIGHT="53" WIDTH="175" VPOS="1131" HPOS="705"/>
<SP HEIGHT="51" WIDTH="28" VPOS="1132" HPOS="881"/>
<String CONTENT="research," HEIGHT="67" WIDTH="275" VPOS="1131" HPOS="910"/>
<SP HEIGHT="64" WIDTH="31" VPOS="1134" HPOS="1186"/>
<String CONTENT="1928." HEIGHT="50" WIDTH="150" VPOS="1134" HPOS="1218"/>
</TextLine>
<TextLine HEIGHT="52" WIDTH="1628" VPOS="1211" HPOS="179" CS="1">
<String CONTENT="1" HEIGHT="38" WIDTH="24" VPOS="1216" HPOS="179"/>
<SP/>
<String CS="1" CONTENT="l.,"/>
<SP HEIGHT="35" WIDTH="27" VPOS="1226" HPOS="277"/>
<String LANG="la" CONTENT="v," HEIGHT="37" WIDTH="42" VPOS="1226" HPOS="305"/>
<SP HEIGHT="48" WIDTH="24" VPOS="1215" HPOS="348"/>
<String CONTENT="45" HEIGHT="40" WIDTH="59" VPOS="1214" HPOS="373"/>
<SP HEIGHT="48" WIDTH="26" VPOS="1214" HPOS="433"/>
<String CONTENT="p." HEIGHT="37" WIDTH="43" VPOS="1225" HPOS="460"/>
<SP HEIGHT="41" WIDTH="53" VPOS="1213" HPOS="504"/>
<String CS="1" CONTENT="fold." HEIGHT="41" WIDTH="106" VPOS="1213" HPOS="558"/>
<SP HEIGHT="30" WIDTH="27" VPOS="1224" HPOS="679"/>
<String CONTENT="maps," HEIGHT="37" WIDTH="152" VPOS="1224" HPOS="707"/>
<SP HEIGHT="46" WIDTH="27" VPOS="1214" HPOS="860"/>
<String CONTENT="tables" HEIGHT="40" WIDTH="156" VPOS="1213" HPOS="888"/>
<SP HEIGHT="49" WIDTH="27" VPOS="1211" HPOS="1045"/>
<String CONTENT="(part" HEIGHT="50" WIDTH="136" VPOS="1211" HPOS="1073"/>
<SP HEIGHT="40" WIDTH="26" VPOS="1213" HPOS="1210"/>
<String CONTENT="fold.)" HEIGHT="47" WIDTH="146" VPOS="1213" HPOS="1237"/>
<SP HEIGHT="46" WIDTH="36" VPOS="1214" HPOS="1384"/>
<String CONTENT="diagrs." HEIGHT="48" WIDTH="180" VPOS="1213" HPOS="1421"/>
<SP HEIGHT="38" WIDTH="56" VPOS="1214" HPOS="1602"/>
<String CS="1" CONTENT="23&#189;&#7580;&#7504;." HEIGHT="40" WIDTH="148" VPOS="1212" HPOS="1659"/>
</TextLine>
<TextLine HEIGHT="52" WIDTH="2004" VPOS="1268" HPOS="111">
<String CONTENT="&#169;" HEIGHT="52" WIDTH="51" VPOS="1268" HPOS="111"/>
<SP HEIGHT="52" WIDTH="34" VPOS="1268" HPOS="163"/>
<String CONTENT="Mar." HEIGHT="38" WIDTH="123" VPOS="1273" HPOS="198"/>
<SP HEIGHT="39" WIDTH="30" VPOS="1272" HPOS="322"/>
<String CONTENT="21," HEIGHT="46" WIDTH="71" VPOS="1272" HPOS="353"/>
<SP HEIGHT="46" WIDTH="32" VPOS="1272" HPOS="425"/>
<String CONTENT="1928;" HEIGHT="47" WIDTH="142" VPOS="1271" HPOS="458"/>
<SP HEIGHT="47" WIDTH="34" VPOS="1271" HPOS="601"/>
<String CONTENT="2c." HEIGHT="40" WIDTH="68" VPOS="1271" HPOS="636"/>
<SP HEIGHT="29" WIDTH="32" VPOS="1282" HPOS="705"/>
<String CONTENT="and" HEIGHT="39" WIDTH="96" VPOS="1271" HPOS="738"/>
<SP HEIGHT="39" WIDTH="34" VPOS="1271" HPOS="835"/>
<String CONTENT="aff." HEIGHT="40" WIDTH="82" VPOS="1270" HPOS="870"/>
<SP HEIGHT="39" WIDTH="33" VPOS="1271" HPOS="953"/>
<String CONTENT="Mar." HEIGHT="40" WIDTH="123" VPOS="1271" HPOS="987"/>
<SP HEIGHT="41" WIDTH="32" VPOS="1270" HPOS="1111"/>
<String CONTENT="22;" HEIGHT="46" WIDTH="83" VPOS="1270" HPOS="1144"/>
<SP HEIGHT="46" WIDTH="35" VPOS="1270" HPOS="1228"/>
<!-- cceid 1D12BA73-6CB2-1014-A20E-B9D6251C946A --><String CONTENT="A" HEIGHT="39" WIDTH="41" VPOS="1270" HPOS="1264"/>
<SP HEIGHT="39" WIDTH="32" VPOS="1270" HPOS="1306"/>
<String CONTENT="1068511;" HEIGHT="46" WIDTH="232" VPOS="1270" HPOS="1339"/>
<SP HEIGHT="46" WIDTH="36" VPOS="1270" HPOS="1572"/>
<String CONTENT="Bureau" HEIGHT="39" WIDTH="197" VPOS="1270" HPOS="1609"/>
<SP HEIGHT="31" WIDTH="35" VPOS="1280" HPOS="1807"/>
<String CONTENT="of" HEIGHT="42" WIDTH="51" VPOS="1269" HPOS="1843"/>
<SP HEIGHT="40" WIDTH="33" VPOS="1269" HPOS="1895"/>
<String CONTENT="Jewish" HEIGHT="42" WIDTH="186" VPOS="1269" HPOS="1929"/>
</TextLine>
<TextLine HEIGHT="49" WIDTH="781" VPOS="1327" HPOS="178">
<String CONTENT="social" HEIGHT="40" WIDTH="151" VPOS="1329" HPOS="178"/>
<SP HEIGHT="38" WIDTH="33" VPOS="1330" HPOS="330"/>
<String CONTENT="research." HEIGHT="41" WIDTH="241" VPOS="1328" HPOS="364"/>
<SP HEIGHT="48" WIDTH="69" VPOS="1328" HPOS="606"/>
<String CONTENT="(28-10387)" HEIGHT="49" WIDTH="283" VPOS="1327" HPOS="676"/>
</TextLine>
<TextLine HEIGHT="65" WIDTH="953" VPOS="1392" HPOS="102" STYLEREFS="StyleId-FC3295BE-320B-4B97-ACFB-A5F9ECE677FB-">
<String CONTENT="Burton-Opitz," HEIGHT="63" WIDTH="452" VPOS="1394" HPOS="102"/>
<SP HEIGHT="63" WIDTH="34" VPOS="1394" HPOS="555"/>
<String CONTENT="Russell," HEIGHT="64" WIDTH="252" VPOS="1392" HPOS="590"/>
<SP HEIGHT="60" WIDTH="39" VPOS="1396" HPOS="843"/>
<String CONTENT="1875-" HEIGHT="51" WIDTH="172" VPOS="1395" HPOS="883"/>
</TextLine>
<TextLine HEIGHT="71" WIDTH="1941" VPOS="1469" HPOS="174" STYLEREFS="StyleId-5080DEB3-3642-4B9E-8227-311E3742B6CB-">
<String CONTENT="An" HEIGHT="52" WIDTH="96" VPOS="1473" HPOS="174"/>
<SP HEIGHT="34" WIDTH="24" VPOS="1491" HPOS="271"/>
<String CONTENT="elementary" HEIGHT="67" WIDTH="349" VPOS="1473" HPOS="296"/>
<SP HEIGHT="50" WIDTH="22" VPOS="1490" HPOS="646"/>
<String CONTENT="manual" HEIGHT="52" WIDTH="233" VPOS="1472" HPOS="669"/>
<SP HEIGHT="52" WIDTH="25" VPOS="1472" HPOS="903"/>
<String CONTENT="of" HEIGHT="53" WIDTH="65" VPOS="1471" HPOS="929"/>
<SP HEIGHT="68" WIDTH="23" VPOS="1471" HPOS="995"/>
<String CONTENT="physiology" HEIGHT="70" WIDTH="347" VPOS="1470" HPOS="1019"/>
<SP HEIGHT="69" WIDTH="28" VPOS="1470" HPOS="1367"/>
<String CONTENT="for" HEIGHT="53" WIDTH="94" VPOS="1470" HPOS="1396"/>
<SP HEIGHT="34" WIDTH="24" VPOS="1490" HPOS="1491"/>
<String CONTENT="colleges," HEIGHT="68" WIDTH="258" VPOS="1472" HPOS="1516"/>
<SP HEIGHT="47" WIDTH="25" VPOS="1492" HPOS="1775"/>
<String CONTENT="schools" HEIGHT="54" WIDTH="221" VPOS="1471" HPOS="1801"/>
<SP HEIGHT="36" WIDTH="24" VPOS="1489" HPOS="2023"/>
<String CONTENT="of" HEIGHT="56" WIDTH="67" VPOS="1469" HPOS="2048"/>
</TextLine>
<TextLine HEIGHT="73" WIDTH="2011" VPOS="1548" HPOS="103" STYLEREFS="StyleId-5080DEB3-3642-4B9E-8227-311E3742B6CB-">
<String CONTENT="nursing," HEIGHT="71" WIDTH="260" VPOS="1550" HPOS="103"/>
<SP HEIGHT="51" WIDTH="36" VPOS="1570" HPOS="364"/>
<String CONTENT="of" HEIGHT="54" WIDTH="66" VPOS="1550" HPOS="401"/>
<SP HEIGHT="69" WIDTH="36" VPOS="1550" HPOS="468"/>
<String CONTENT="physical" HEIGHT="70" WIDTH="261" VPOS="1549" HPOS="505"/>
<SP HEIGHT="52" WIDTH="35" VPOS="1551" HPOS="767"/>
<String CONTENT="education," HEIGHT="67" WIDTH="319" VPOS="1550" HPOS="803"/>
<SP HEIGHT="48" WIDTH="36" VPOS="1569" HPOS="1123"/>
<String CONTENT="and" HEIGHT="52" WIDTH="115" VPOS="1550" HPOS="1160"/>
<SP HEIGHT="52" WIDTH="36" VPOS="1550" HPOS="1276"/>
<String CONTENT="of" HEIGHT="54" WIDTH="65" VPOS="1548" HPOS="1313"/>
<SP HEIGHT="54" WIDTH="33" VPOS="1548" HPOS="1379"/>
<String CONTENT="the" HEIGHT="52" WIDTH="95" VPOS="1550" HPOS="1413"/>
<SP HEIGHT="49" WIDTH="38" VPOS="1568" HPOS="1509"/>
<String CONTENT="practical" HEIGHT="68" WIDTH="279" VPOS="1549" HPOS="1548"/>
<SP HEIGHT="53" WIDTH="36" VPOS="1550" HPOS="1828"/>
<String CONTENT="arts," HEIGHT="63" WIDTH="136" VPOS="1554" HPOS="1865"/>
<SP HEIGHT="68" WIDTH="33" VPOS="1549" HPOS="2002"/>
<String CONTENT="by" HEIGHT="70" WIDTH="78" VPOS="1549" HPOS="2036"/>
</TextLine>
<TextLine HEIGHT="149" WIDTH="1987" VPOS="1627" HPOS="102" STYLEREFS="StyleId-5080DEB3-3642-4B9E-8227-311E3742B6CB-" CS="1">
<String CONTENT="Russell" HEIGHT="53" WIDTH="226" VPOS="1631" HPOS="102"/>
<SP HEIGHT="51" WIDTH="26" VPOS="1631" HPOS="329"/>
<String CONTENT="Burton-Opitz" HEIGHT="69" WIDTH="433" VPOS="1628" HPOS="356"/>
<SP HEIGHT="33" WIDTH="30" VPOS="1648" HPOS="790"/>
<String CS="1" CONTENT="&#8230;"/>
<SP HEIGHT="48" WIDTH="78" VPOS="1633" HPOS="877"/>
<String CONTENT="3d" HEIGHT="52" WIDTH="72" VPOS="1629" HPOS="956"/>
<SP HEIGHT="52" WIDTH="27" VPOS="1629" HPOS="1029"/>
<String CONTENT="ed.," HEIGHT="66" WIDTH="104" VPOS="1629" HPOS="1057"/>
<SP HEIGHT="47" WIDTH="26" VPOS="1648" HPOS="1162"/>
<String CONTENT="rev." HEIGHT="34" WIDTH="114" VPOS="1647" HPOS="1189"/>
<SP HEIGHT="52" WIDTH="75" VPOS="1629" HPOS="1304"/>
<String CONTENT="Philadelphia" HEIGHT="70" WIDTH="412" VPOS="1627" HPOS="1380"/>
<SP HEIGHT="35" WIDTH="27" VPOS="1646" HPOS="1793"/>
<String CONTENT="and" HEIGHT="53" WIDTH="114" VPOS="1628" HPOS="1821"/>
<SP HEIGHT="53" WIDTH="25" VPOS="1628" HPOS="1936"/>
<String CONTENT="London," HEIGHT="148" WIDTH="1985" VPOS="1628" HPOS="104"/>
</TextLine>
<TextLine HEIGHT="69" WIDTH="1021" VPOS="1707" HPOS="262" STYLEREFS="StyleId-5080DEB3-3642-4B9E-8227-311E3742B6CB-">
<String CONTENT="W." HEIGHT="54" WIDTH="90" VPOS="1709" HPOS="262"/>
<SP HEIGHT="51" WIDTH="28" VPOS="1710" HPOS="353"/>
<String CONTENT="B." HEIGHT="51" WIDTH="67" VPOS="1710" HPOS="382"/>
<SP HEIGHT="56" WIDTH="31" VPOS="1707" HPOS="450"/>
<String CONTENT="Saunders" HEIGHT="56" WIDTH="290" VPOS="1707" HPOS="482"/>
<SP HEIGHT="34" WIDTH="27" VPOS="1727" HPOS="773"/>
<String CONTENT="company," HEIGHT="52" WIDTH="301" VPOS="1724" HPOS="801"/>
<SP HEIGHT="64" WIDTH="28" VPOS="1711" HPOS="1103"/>
<String CONTENT="1928." HEIGHT="50" WIDTH="151" VPOS="1710" HPOS="1132"/>
</TextLine>
<TextLine HEIGHT="51" WIDTH="1377" VPOS="1789" HPOS="173" CS="1">
<String CONTENT="1" HEIGHT="38" WIDTH="20" VPOS="1793" HPOS="173"/>
<SP HEIGHT="47" WIDTH="34" VPOS="1793" HPOS="194"/>
<String LANG="la" CONTENT="p." HEIGHT="37" WIDTH="44" VPOS="1803" HPOS="229"/>
<SP/>
<String LANG="la" CS="1" CONTENT="l.,"/>
<SP HEIGHT="43" WIDTH="31" VPOS="1791" HPOS="349"/>
<String CONTENT="9-419" HEIGHT="41" WIDTH="147" VPOS="1790" HPOS="381"/>
<SP HEIGHT="49" WIDTH="31" VPOS="1790" HPOS="529"/>
<String CONTENT="p." HEIGHT="37" WIDTH="43" VPOS="1802" HPOS="561"/>
<SP HEIGHT="41" WIDTH="73" VPOS="1790" HPOS="605"/>
<String CONTENT="illus." HEIGHT="41" WIDTH="129" VPOS="1790" HPOS="679"/>
<SP HEIGHT="46" WIDTH="27" VPOS="1790" HPOS="809"/>
<String CONTENT="(part" HEIGHT="49" WIDTH="136" VPOS="1790" HPOS="837"/>
<SP HEIGHT="38" WIDTH="31" VPOS="1793" HPOS="974"/>
<String CONTENT="col.)" HEIGHT="46" WIDTH="113" VPOS="1790" HPOS="1006"/>
<SP HEIGHT="46" WIDTH="38" VPOS="1790" HPOS="1120"/>
<String CONTENT="diagrs." HEIGHT="49" WIDTH="182" VPOS="1789" HPOS="1159"/>
<SP HEIGHT="40" WIDTH="59" VPOS="1791" HPOS="1342"/>
<String CS="1" CONTENT="20&#189;&#7580;&#7504;." HEIGHT="41" WIDTH="148" VPOS="1790" HPOS="1402"/>
</TextLine>
<TextLine HEIGHT="52" WIDTH="2004" VPOS="1847" HPOS="112" CS="1">
<String CONTENT="&#169;" HEIGHT="52" WIDTH="51" VPOS="1847" HPOS="112"/>
<SP HEIGHT="52" WIDTH="26" VPOS="1847" HPOS="164"/>
<String CONTENT="Apr." HEIGHT="48" WIDTH="114" VPOS="1850" HPOS="191"/>
<SP HEIGHT="40" WIDTH="24" VPOS="1850" HPOS="306"/>
<String CONTENT="4," HEIGHT="46" WIDTH="41" VPOS="1850" HPOS="331"/>
<SP HEIGHT="46" WIDTH="24" VPOS="1850" HPOS="373"/>
<String CONTENT="1928;" HEIGHT="46" WIDTH="143" VPOS="1849" HPOS="398"/>
<SP HEIGHT="45" WIDTH="27" VPOS="1850" HPOS="542"/>
<String CONTENT="2c." HEIGHT="40" WIDTH="68" VPOS="1850" HPOS="570"/>
<SP HEIGHT="41" WIDTH="25" VPOS="1849" HPOS="639"/>
<String CONTENT="Apr." HEIGHT="48" WIDTH="115" VPOS="1849" HPOS="665"/>
<SP HEIGHT="40" WIDTH="24" VPOS="1850" HPOS="781"/>
<String CONTENT="7;" HEIGHT="46" WIDTH="54" VPOS="1850" HPOS="806"/>
<SP HEIGHT="37" WIDTH="27" VPOS="1859" HPOS="861"/>
<String CONTENT="aff." HEIGHT="41" WIDTH="83" VPOS="1848" HPOS="889"/>
<SP HEIGHT="40" WIDTH="25" VPOS="1849" HPOS="973"/>
<String CONTENT="Apr." HEIGHT="48" WIDTH="115" VPOS="1849" HPOS="999"/>
<SP HEIGHT="40" WIDTH="26" VPOS="1849" HPOS="1115"/>
<String CONTENT="10;" HEIGHT="47" WIDTH="83" VPOS="1848" HPOS="1142"/>
<SP HEIGHT="47" WIDTH="27" VPOS="1848" HPOS="1226"/>
<!-- cceid 1D1352B0-6CB2-1014-A20E-B9D6251C946A --><String CONTENT="A" HEIGHT="40" WIDTH="41" VPOS="1848" HPOS="1254"/>
<SP HEIGHT="40" WIDTH="25" VPOS="1848" HPOS="1296"/>
<String CONTENT="1069673;" HEIGHT="47" WIDTH="231" VPOS="1848" HPOS="1322"/>
<SP HEIGHT="45" WIDTH="29" VPOS="1850" HPOS="1554"/>
<String CONTENT="W." HEIGHT="39" WIDTH="71" VPOS="1850" HPOS="1584"/>
<SP HEIGHT="39" WIDTH="27" VPOS="1850" HPOS="1656"/>
<String CONTENT="B." HEIGHT="40" WIDTH="55" VPOS="1850" HPOS="1684"/>
<SP HEIGHT="42" WIDTH="29" VPOS="1848" HPOS="1740"/>
<String CONTENT="Saunders" HEIGHT="41" WIDTH="247" VPOS="1848" HPOS="1770"/>
<SP HEIGHT="30" WIDTH="28" VPOS="1859" HPOS="2018"/>
<String CONTENT="co." HEIGHT="30" WIDTH="69" VPOS="1860" HPOS="2047"/>
</TextLine>
<TextLine HEIGHT="51" WIDTH="283" VPOS="1906" HPOS="190">
<String CONTENT="(28-10256)" HEIGHT="51" WIDTH="283" VPOS="1906" HPOS="190"/>
</TextLine>
<TextLine HEIGHT="65" WIDTH="968" VPOS="1971" HPOS="101" STYLEREFS="StyleId-FC3295BE-320B-4B97-ACFB-A5F9ECE677FB-">
<String CONTENT="Bye," HEIGHT="63" WIDTH="144" VPOS="1973" HPOS="101"/>
<SP HEIGHT="62" WIDTH="31" VPOS="1973" HPOS="246"/>
<String CONTENT="Raymond" HEIGHT="64" WIDTH="311" VPOS="1972" HPOS="278"/>
<SP HEIGHT="53" WIDTH="34" VPOS="1972" HPOS="590"/>
<String CONTENT="Taylor," HEIGHT="64" WIDTH="235" VPOS="1971" HPOS="625"/>
<SP HEIGHT="59" WIDTH="36" VPOS="1976" HPOS="861"/>
<String CONTENT="1892-" HEIGHT="50" WIDTH="171" VPOS="1975" HPOS="898"/>
</TextLine>
<TextLine HEIGHT="72" WIDTH="1946" VPOS="2048" HPOS="174" STYLEREFS="StyleId-5080DEB3-3642-4B9E-8227-311E3742B6CB-">
<String CONTENT="Applied" HEIGHT="69" WIDTH="258" VPOS="2051" HPOS="174"/>
<SP HEIGHT="52" WIDTH="38" VPOS="2053" HPOS="433"/>
<String CONTENT="economics;" HEIGHT="67" WIDTH="341" VPOS="2050" HPOS="472"/>
<SP HEIGHT="61" WIDTH="37" VPOS="2056" HPOS="814"/>
<String CONTENT="the" HEIGHT="52" WIDTH="95" VPOS="2051" HPOS="852"/>
<SP HEIGHT="34" WIDTH="35" VPOS="2069" HPOS="948"/>
<String CONTENT="application" HEIGHT="69" WIDTH="358" VPOS="2050" HPOS="984"/>
<SP HEIGHT="34" WIDTH="37" VPOS="2069" HPOS="1343"/>
<String CONTENT="of" HEIGHT="55" WIDTH="64" VPOS="2048" HPOS="1381"/>
<SP HEIGHT="55" WIDTH="34" VPOS="2048" HPOS="1446"/>
<String CONTENT="economic" HEIGHT="56" WIDTH="285" VPOS="2048" HPOS="1481"/>
<SP HEIGHT="52" WIDTH="35" VPOS="2067" HPOS="1767"/>
<String CONTENT="principles" HEIGHT="71" WIDTH="317" VPOS="2048" HPOS="1803"/>
</TextLine>
<TextLine HEIGHT="71" WIDTH="2009" VPOS="2128" HPOS="105" STYLEREFS="StyleId-5080DEB3-3642-4B9E-8227-311E3742B6CB-" CS="1">
<String CONTENT="to" HEIGHT="47" WIDTH="58" VPOS="2135" HPOS="105"/>
<SP HEIGHT="48" WIDTH="28" VPOS="2135" HPOS="164"/>
<String CONTENT="the" HEIGHT="52" WIDTH="95" VPOS="2131" HPOS="193"/>
<SP HEIGHT="50" WIDTH="30" VPOS="2148" HPOS="289"/>
<String CONTENT="problems" HEIGHT="69" WIDTH="287" VPOS="2129" HPOS="320"/>
<SP HEIGHT="34" WIDTH="27" VPOS="2148" HPOS="608"/>
<String CONTENT="of" HEIGHT="53" WIDTH="65" VPOS="2129" HPOS="636"/>
<SP HEIGHT="53" WIDTH="29" VPOS="2129" HPOS="702"/>
<String CONTENT="economic" HEIGHT="54" WIDTH="284" VPOS="2128" HPOS="732"/>
<SP HEIGHT="52" WIDTH="28" VPOS="2130" HPOS="1017"/>
<String CONTENT="life," HEIGHT="69" WIDTH="124" VPOS="2128" HPOS="1046"/>
<SP HEIGHT="69" WIDTH="28" VPOS="2128" HPOS="1171"/>
<String CONTENT="by" HEIGHT="71" WIDTH="79" VPOS="2128" HPOS="1200"/>
<SP HEIGHT="69" WIDTH="30" VPOS="2130" HPOS="1280"/>
<String CONTENT="Raymond" HEIGHT="70" WIDTH="307" VPOS="2128" HPOS="1311"/>
<SP HEIGHT="54" WIDTH="29" VPOS="2128" HPOS="1619"/>
<String CONTENT="T." HEIGHT="53" WIDTH="67" VPOS="2129" HPOS="1649"/>
<SP HEIGHT="53" WIDTH="31" VPOS="2129" HPOS="1717"/>
<String CONTENT="Bye" HEIGHT="70" WIDTH="125" VPOS="2129" HPOS="1749"/>
<SP HEIGHT="35" WIDTH="33" VPOS="2147" HPOS="1875"/>
<String CS="1" CONTENT="&#8230;"/>
<SP HEIGHT="33" WIDTH="37" VPOS="2148" HPOS="1966"/>
<String CONTENT="and" HEIGHT="54" WIDTH="110" VPOS="2128" HPOS="2004"/>
</TextLine>
<TextLine HEIGHT="71" WIDTH="1776" VPOS="2205" HPOS="104" STYLEREFS="StyleId-5080DEB3-3642-4B9E-8227-311E3742B6CB-" CS="1">
<String CONTENT="William" HEIGHT="53" WIDTH="261" VPOS="2208" HPOS="104"/>
<SP HEIGHT="53" WIDTH="26" VPOS="2208" HPOS="366"/>
<String CONTENT="H." HEIGHT="53" WIDTH="77" VPOS="2208" HPOS="393"/>
<SP HEIGHT="52" WIDTH="27" VPOS="2208" HPOS="471"/>
<String CONTENT="Hewett" HEIGHT="53" WIDTH="234" VPOS="2208" HPOS="499"/>
<SP HEIGHT="47" WIDTH="29" VPOS="2213" HPOS="734"/>
<String CS="1" CONTENT="&#8230;"/>
<SP HEIGHT="52" WIDTH="67" VPOS="2208" HPOS="820"/>
<String CONTENT="New" HEIGHT="53" WIDTH="140" VPOS="2208" HPOS="888"/>
<SP HEIGHT="52" WIDTH="27" VPOS="2208" HPOS="1029"/>
<String CONTENT="York," HEIGHT="69" WIDTH="183" VPOS="2206" HPOS="1057"/>
<SP HEIGHT="68" WIDTH="26" VPOS="2207" HPOS="1241"/>
<String CONTENT="A." HEIGHT="53" WIDTH="71" VPOS="2207" HPOS="1268"/>
<SP HEIGHT="53" WIDTH="28" VPOS="2207" HPOS="1340"/>
<String CONTENT="A." HEIGHT="53" WIDTH="72" VPOS="2207" HPOS="1369"/>
<SP HEIGHT="53" WIDTH="27" VPOS="2207" HPOS="1442"/>
<String CONTENT="Knopf," HEIGHT="71" WIDTH="228" VPOS="2205" HPOS="1470"/>
<SP HEIGHT="65" WIDTH="28" VPOS="2210" HPOS="1699"/>
<String CONTENT="1928." HEIGHT="52" WIDTH="152" VPOS="2209" HPOS="1728"/>
</TextLine>
<TextLine HEIGHT="50" WIDTH="933" VPOS="2289" HPOS="176" CS="1">
<String CONTENT="vi" HEIGHT="40" WIDTH="48" VPOS="2289" HPOS="176"/>
<SP HEIGHT="50" WIDTH="23" VPOS="2289" HPOS="225"/>
<String CONTENT="p.," HEIGHT="37" WIDTH="58" VPOS="2302" HPOS="249"/>
<SP HEIGHT="47" WIDTH="22" VPOS="2290" HPOS="308"/>
<String CONTENT="3" HEIGHT="40" WIDTH="25" VPOS="2290" HPOS="331"/>
<SP/>
<String CS="1" CONTENT="l.,"/>
<SP HEIGHT="30" WIDTH="27" VPOS="2309" HPOS="428"/>
<String CONTENT="[3]-655" HEIGHT="50" WIDTH="177" VPOS="2289" HPOS="456"/>
<SP HEIGHT="49" WIDTH="22" VPOS="2289" HPOS="634"/>
<String CONTENT="p." HEIGHT="37" WIDTH="44" VPOS="2301" HPOS="657"/>
<SP HEIGHT="39" WIDTH="53" VPOS="2291" HPOS="702"/>
<String CONTENT="diagrs." HEIGHT="48" WIDTH="181" VPOS="2290" HPOS="756"/>
<SP HEIGHT="40" WIDTH="51" VPOS="2291" HPOS="938"/>
<String CS="1" CONTENT="24&#7580;&#7504;." HEIGHT="40" WIDTH="119" VPOS="2290" HPOS="990"/>
</TextLine>
<TextLine HEIGHT="50" WIDTH="1613" VPOS="2346" HPOS="175">
<String CONTENT="&#8220;Suggestions" HEIGHT="49" WIDTH="346" VPOS="2347" HPOS="175"/>
<SP HEIGHT="40" WIDTH="25" VPOS="2347" HPOS="522"/>
<String CONTENT="for" HEIGHT="40" WIDTH="81" VPOS="2347" HPOS="548"/>
<SP HEIGHT="39" WIDTH="23" VPOS="2347" HPOS="630"/>
<String CONTENT="further" HEIGHT="40" WIDTH="198" VPOS="2347" HPOS="654"/>
<SP HEIGHT="28" WIDTH="26" VPOS="2358" HPOS="853"/>
<String CONTENT="reading&#8221;" HEIGHT="50" WIDTH="231" VPOS="2346" HPOS="880"/>
<SP HEIGHT="41" WIDTH="28" VPOS="2346" HPOS="1112"/>
<String CONTENT="at" HEIGHT="38" WIDTH="53" VPOS="2349" HPOS="1141"/>
<SP HEIGHT="38" WIDTH="24" VPOS="2349" HPOS="1195"/>
<String CONTENT="end" HEIGHT="39" WIDTH="92" VPOS="2348" HPOS="1220"/>
<SP HEIGHT="39" WIDTH="28" VPOS="2348" HPOS="1313"/>
<String CONTENT="of" HEIGHT="41" WIDTH="52" VPOS="2346" HPOS="1342"/>
<SP HEIGHT="41" WIDTH="26" VPOS="2346" HPOS="1395"/>
<String CONTENT="each" HEIGHT="40" WIDTH="120" VPOS="2347" HPOS="1422"/>
<SP HEIGHT="40" WIDTH="27" VPOS="2347" HPOS="1543"/>
<String CONTENT="chapter." HEIGHT="49" WIDTH="217" VPOS="2347" HPOS="1571"/>
</TextLine>
<TextLine HEIGHT="99" WIDTH="1999" VPOS="2404" HPOS="105" CS="1">
<String CS="1" CONTENT="CONTENTS." HEIGHT="9" WIDTH="9" VPOS="2437" HPOS="446"/>
<SP HEIGHT="18" WIDTH="12" VPOS="2428" HPOS="456"/>
<String CONTENT="&#8212;" HEIGHT="6" WIDTH="62" VPOS="2428" HPOS="469"/>
<SP HEIGHT="38" WIDTH="14" VPOS="2406" HPOS="532"/>
<String CONTENT="Introduction." HEIGHT="40" WIDTH="353" VPOS="2405" HPOS="547"/>
<SP HEIGHT="16" WIDTH="15" VPOS="2428" HPOS="901"/>
<String CONTENT="&#8212;" HEIGHT="5" WIDTH="61" VPOS="2428" HPOS="917"/>
<SP HEIGHT="39" WIDTH="13" VPOS="2405" HPOS="979"/>
<String CONTENT="The" HEIGHT="41" WIDTH="101" VPOS="2405" HPOS="993"/>
<SP HEIGHT="38" WIDTH="39" VPOS="2416" HPOS="1095"/>
<String CONTENT="promotion" HEIGHT="49" WIDTH="274" VPOS="2405" HPOS="1135"/>
<SP HEIGHT="29" WIDTH="40" VPOS="2417" HPOS="1410"/>
<String CONTENT="of" HEIGHT="42" WIDTH="52" VPOS="2404" HPOS="1451"/>
<SP HEIGHT="42" WIDTH="38" VPOS="2404" HPOS="1504"/>
<String CONTENT="efficiency" HEIGHT="49" WIDTH="244" VPOS="2404" HPOS="1543"/>
<SP HEIGHT="49" WIDTH="39" VPOS="2404" HPOS="1788"/>
<String CONTENT="in" HEIGHT="41" WIDTH="50" VPOS="2404" HPOS="1828"/>
<SP HEIGHT="38" WIDTH="40" VPOS="2416" HPOS="1879"/>
<String CONTENT="production." HEIGHT="98" WIDTH="1999" VPOS="2405" HPOS="105"/>
</TextLine>
<TextLine HEIGHT="50" WIDTH="1897" VPOS="2461" HPOS="224">
<String CONTENT="&#8212;The" HEIGHT="39" WIDTH="163" VPOS="2463" HPOS="224"/>
<SP HEIGHT="38" WIDTH="38" VPOS="2473" HPOS="388"/>
<String CONTENT="promotion" HEIGHT="49" WIDTH="273" VPOS="2462" HPOS="427"/>
<SP HEIGHT="29" WIDTH="39" VPOS="2474" HPOS="701"/>
<String CONTENT="of" HEIGHT="40" WIDTH="51" VPOS="2463" HPOS="741"/>
<SP HEIGHT="39" WIDTH="36" VPOS="2463" HPOS="793"/>
<String CONTENT="efficiency" HEIGHT="48" WIDTH="244" VPOS="2462" HPOS="830"/>
<SP HEIGHT="49" WIDTH="36" VPOS="2461" HPOS="1075"/>
<String CONTENT="in" HEIGHT="41" WIDTH="50" VPOS="2461" HPOS="1112"/>
<SP HEIGHT="39" WIDTH="38" VPOS="2464" HPOS="1163"/>
<String CONTENT="the" HEIGHT="40" WIDTH="83" VPOS="2463" HPOS="1202"/>
<SP HEIGHT="30" WIDTH="38" VPOS="2473" HPOS="1286"/>
<String CONTENT="organization" HEIGHT="50" WIDTH="340" VPOS="2461" HPOS="1325"/>
<SP HEIGHT="30" WIDTH="38" VPOS="2473" HPOS="1666"/>
<String CONTENT="of" HEIGHT="41" WIDTH="52" VPOS="2462" HPOS="1705"/>
<SP HEIGHT="42" WIDTH="38" VPOS="2462" HPOS="1758"/>
<String CONTENT="exchange.&#8212;" HEIGHT="49" WIDTH="324" VPOS="2461" HPOS="1797"/>
</TextLine>
<TextLine HEIGHT="107" WIDTH="1998" VPOS="2519" HPOS="105" CS="1">
<String CONTENT="Economic" HEIGHT="41" WIDTH="259" VPOS="2519" HPOS="106"/>
<SP HEIGHT="30" WIDTH="36" VPOS="2530" HPOS="366"/>
<String CONTENT="aspects" HEIGHT="46" WIDTH="194" VPOS="2522" HPOS="403"/>
<SP HEIGHT="29" WIDTH="37" VPOS="2531" HPOS="598"/>
<String CONTENT="of" HEIGHT="40" WIDTH="52" VPOS="2520" HPOS="636"/>
<SP HEIGHT="46" WIDTH="38" VPOS="2520" HPOS="689"/>
<String CONTENT="government.&#8212;The" HEIGHT="45" WIDTH="497" VPOS="2521" HPOS="728"/>
<SP HEIGHT="40" WIDTH="39" VPOS="2520" HPOS="1226"/>
<String CONTENT="diffusion" HEIGHT="41" WIDTH="234" VPOS="2519" HPOS="1266"/>
<SP HEIGHT="29" WIDTH="40" VPOS="2531" HPOS="1501"/>
<String CONTENT="of" HEIGHT="41" WIDTH="51" VPOS="2519" HPOS="1542"/>
<SP HEIGHT="40" WIDTH="38" VPOS="2519" HPOS="1594"/>
<String CONTENT="income.&#8212;Comprehensive" HEIGHT="98" WIDTH="1998" VPOS="2519" HPOS="105"/>
<SP HEIGHT="38" WIDTH="22" VPOS="2587" HPOS="306"/>
<String CONTENT="programs" HEIGHT="39" WIDTH="254" VPOS="2586" HPOS="329"/>
<SP HEIGHT="29" WIDTH="24" VPOS="2588" HPOS="584"/>
<String CONTENT="of" HEIGHT="40" WIDTH="51" VPOS="2577" HPOS="609"/>
<SP HEIGHT="40" WIDTH="22" VPOS="2577" HPOS="661"/>
<String CONTENT="economic" HEIGHT="41" WIDTH="245" VPOS="2577" HPOS="684"/>
<SP HEIGHT="38" WIDTH="24" VPOS="2588" HPOS="930"/>
<String CONTENT="policy." HEIGHT="50" WIDTH="173" VPOS="2576" HPOS="955"/>
</TextLine>
<TextLine HEIGHT="54" WIDTH="2002" VPOS="2630" HPOS="113" CS="1">
<String CONTENT="&#169;" HEIGHT="52" WIDTH="51" VPOS="2630" HPOS="113"/>
<SP HEIGHT="52" WIDTH="25" VPOS="2630" HPOS="165"/>
<String CONTENT="Mar." HEIGHT="39" WIDTH="123" VPOS="2636" HPOS="191"/>
<SP HEIGHT="39" WIDTH="24" VPOS="2636" HPOS="315"/>
<String CONTENT="12," HEIGHT="47" WIDTH="68" VPOS="2636" HPOS="340"/>
<SP HEIGHT="47" WIDTH="25" VPOS="2636" HPOS="409"/>
<String CS="1" CONTENT="1928;" HEIGHT="40" WIDTH="118" VPOS="2635" HPOS="435"/>
<SP HEIGHT="45" WIDTH="24" VPOS="2636" HPOS="578"/>
<String CONTENT="2c." HEIGHT="41" WIDTH="69" VPOS="2636" HPOS="603"/>
<SP HEIGHT="41" WIDTH="24" VPOS="2636" HPOS="673"/>
<String CONTENT="Mar." HEIGHT="40" WIDTH="122" VPOS="2636" HPOS="698"/>
<SP HEIGHT="39" WIDTH="25" VPOS="2637" HPOS="821"/>
<String CONTENT="19;" HEIGHT="46" WIDTH="83" VPOS="2636" HPOS="847"/>
<SP HEIGHT="36" WIDTH="27" VPOS="2646" HPOS="931"/>
<String CONTENT="aff." HEIGHT="42" WIDTH="84" VPOS="2635" HPOS="959"/>
<SP HEIGHT="41" WIDTH="23" VPOS="2636" HPOS="1044"/>
<String CONTENT="Apr." HEIGHT="48" WIDTH="115" VPOS="2636" HPOS="1068"/>
<SP HEIGHT="41" WIDTH="24" VPOS="2636" HPOS="1184"/>
<String CONTENT="13;" HEIGHT="46" WIDTH="84" VPOS="2636" HPOS="1209"/>
<SP HEIGHT="47" WIDTH="26" VPOS="2635" HPOS="1294"/>
<!-- cceid 1D13ED04-6CB2-1014-A20E-B9D6251C946A --><String CONTENT="A" HEIGHT="39" WIDTH="41" VPOS="2635" HPOS="1321"/>
<SP HEIGHT="40" WIDTH="25" VPOS="2635" HPOS="1363"/>
<String CONTENT="1068908;" HEIGHT="48" WIDTH="231" VPOS="2635" HPOS="1389"/>
<SP HEIGHT="48" WIDTH="27" VPOS="2635" HPOS="1621"/>
<String CONTENT="Alfred" HEIGHT="41" WIDTH="174" VPOS="2635" HPOS="1649"/>
<SP HEIGHT="41" WIDTH="26" VPOS="2635" HPOS="1824"/>
<String CONTENT="A." HEIGHT="42" WIDTH="55" VPOS="2635" HPOS="1851"/>
<SP HEIGHT="41" WIDTH="26" VPOS="2636" HPOS="1907"/>
<String CONTENT="Knopf," HEIGHT="49" WIDTH="181" VPOS="2635" HPOS="1934"/>
</TextLine>
<TextLine HEIGHT="50" WIDTH="445" VPOS="2691" HPOS="180">
<String CONTENT="inc." HEIGHT="42" WIDTH="91" VPOS="2691" HPOS="180"/>
<SP HEIGHT="49" WIDTH="69" VPOS="2692" HPOS="272"/>
<String CONTENT="(28-10378)" HEIGHT="49" WIDTH="283" VPOS="2692" HPOS="342"/>
</TextLine>
<TextLine HEIGHT="70" WIDTH="1238" VPOS="2758" HPOS="108" STYLEREFS="StyleId-F84FCED9-9BE2-4D0A-B958-ADB644A1E64A-">
<String CONTENT="California." HEIGHT="54" WIDTH="347" VPOS="2758" HPOS="108"/>
<SP HEIGHT="52" WIDTH="73" VPOS="2760" HPOS="456"/>
<String CONTENT="District" HEIGHT="53" WIDTH="247" VPOS="2759" HPOS="530"/>
<SP HEIGHT="47" WIDTH="29" VPOS="2765" HPOS="778"/>
<String CONTENT="courts" HEIGHT="48" WIDTH="189" VPOS="2765" HPOS="808"/>
<SP HEIGHT="34" WIDTH="29" VPOS="2779" HPOS="998"/>
<String CONTENT="of" HEIGHT="69" WIDTH="64" VPOS="2759" HPOS="1028"/>
<SP HEIGHT="69" WIDTH="28" VPOS="2759" HPOS="1093"/>
<String CONTENT="appeal." HEIGHT="69" WIDTH="224" VPOS="2759" HPOS="1122"/>
</TextLine>
<TextLine HEIGHT="69" WIDTH="1938" VPOS="2838" HPOS="181" STYLEREFS="StyleId-5080DEB3-3642-4B9E-8227-311E3742B6CB-" CS="1">
<String CONTENT="Reports" HEIGHT="68" WIDTH="249" VPOS="2838" HPOS="181"/>
<SP HEIGHT="34" WIDTH="28" VPOS="2857" HPOS="431"/>
<String CONTENT="of" HEIGHT="53" WIDTH="65" VPOS="2838" HPOS="460"/>
<SP HEIGHT="53" WIDTH="26" VPOS="2838" HPOS="526"/>
<String CONTENT="cases" HEIGHT="35" WIDTH="154" VPOS="2857" HPOS="553"/>
<SP HEIGHT="53" WIDTH="26" VPOS="2839" HPOS="708"/>
<String CONTENT="determined" HEIGHT="53" WIDTH="354" VPOS="2839" HPOS="735"/>
<SP HEIGHT="53" WIDTH="35" VPOS="2839" HPOS="1090"/>
<String CS="1" CONTENT="&#8230;"/>
<SP HEIGHT="53" WIDTH="36" VPOS="2838" HPOS="1182"/>
<String CONTENT="from" HEIGHT="53" WIDTH="156" VPOS="2838" HPOS="1219"/>
<SP HEIGHT="52" WIDTH="28" VPOS="2839" HPOS="1376"/>
<String CONTENT="November" HEIGHT="54" WIDTH="321" VPOS="2838" HPOS="1405"/>
<SP HEIGHT="48" WIDTH="29" VPOS="2843" HPOS="1727"/>
<String CONTENT="25," HEIGHT="63" WIDTH="85" VPOS="2843" HPOS="1757"/>
<SP HEIGHT="63" WIDTH="31" VPOS="2843" HPOS="1843"/>
<String CONTENT="1926," HEIGHT="65" WIDTH="153" VPOS="2842" HPOS="1875"/>
<SP HEIGHT="63" WIDTH="29" VPOS="2844" HPOS="2029"/>
<String CONTENT="to" HEIGHT="48" WIDTH="60" VPOS="2844" HPOS="2059"/>
</TextLine>
<TextLine HEIGHT="71" WIDTH="2007" VPOS="2915" HPOS="110" STYLEREFS="StyleId-5080DEB3-3642-4B9E-8227-311E3742B6CB-">
<String CONTENT="January" HEIGHT="69" WIDTH="264" VPOS="2915" HPOS="110"/>
<SP HEIGHT="65" WIDTH="23" VPOS="2919" HPOS="375"/>
<String CONTENT="24," HEIGHT="65" WIDTH="86" VPOS="2919" HPOS="399"/>
<SP HEIGHT="64" WIDTH="26" VPOS="2920" HPOS="486"/>
<String CONTENT="1927." HEIGHT="54" WIDTH="151" VPOS="2916" HPOS="513"/>
<SP HEIGHT="52" WIDTH="61" VPOS="2917" HPOS="665"/>
<String CONTENT="Randolph" HEIGHT="68" WIDTH="311" VPOS="2917" HPOS="727"/>
<SP HEIGHT="53" WIDTH="25" VPOS="2918" HPOS="1039"/>
<String CONTENT="Y." HEIGHT="53" WIDTH="70" VPOS="2918" HPOS="1065"/>
<SP HEIGHT="54" WIDTH="25" VPOS="2917" HPOS="1136"/>
<String CONTENT="Whiting," HEIGHT="69" WIDTH="290" VPOS="2917" HPOS="1162"/>
<SP HEIGHT="48" WIDTH="25" VPOS="2937" HPOS="1453"/>
<String CONTENT="reporter." HEIGHT="63" WIDTH="275" VPOS="2922" HPOS="1479"/>
<SP HEIGHT="53" WIDTH="62" VPOS="2917" HPOS="1755"/>
<String CONTENT="Henry" HEIGHT="69" WIDTH="205" VPOS="2917" HPOS="1818"/>
<SP HEIGHT="69" WIDTH="26" VPOS="2917" HPOS="2024"/>
<String CONTENT="F." HEIGHT="53" WIDTH="66" VPOS="2917" HPOS="2051"/>
</TextLine>
<TextLine HEIGHT="147" WIDTH="1986" VPOS="2993" HPOS="109" STYLEREFS="StyleId-5080DEB3-3642-4B9E-8227-311E3742B6CB-" CS="1">
<String CONTENT="Wrigley," HEIGHT="70" WIDTH="280" VPOS="2993" HPOS="109"/>
<SP HEIGHT="68" WIDTH="37" VPOS="2994" HPOS="390"/>
<String CONTENT="William" HEIGHT="54" WIDTH="263" VPOS="2994" HPOS="428"/>
<SP HEIGHT="52" WIDTH="39" VPOS="2995" HPOS="692"/>
<String CONTENT="F." HEIGHT="52" WIDTH="65" VPOS="2995" HPOS="732"/>
<SP HEIGHT="52" WIDTH="41" VPOS="2995" HPOS="798"/>
<String CONTENT="Traverso," HEIGHT="67" WIDTH="300" VPOS="2995" HPOS="840"/>
<SP HEIGHT="68" WIDTH="40" VPOS="2994" HPOS="1141"/>
<String CONTENT="Seth" HEIGHT="56" WIDTH="140" VPOS="2994" HPOS="1182"/>
<SP HEIGHT="51" WIDTH="41" VPOS="2996" HPOS="1323"/>
<String CONTENT="E." HEIGHT="51" WIDTH="67" VPOS="2996" HPOS="1365"/>
<SP HEIGHT="51" WIDTH="41" VPOS="2996" HPOS="1433"/>
<String CONTENT="Tracy," HEIGHT="68" WIDTH="206" VPOS="2996" HPOS="1475"/>
<SP HEIGHT="48" WIDTH="39" VPOS="3015" HPOS="1682"/>
<String CONTENT="assistant" HEIGHT="54" WIDTH="272" VPOS="2995" HPOS="1722"/>
<SP HEIGHT="47" WIDTH="37" VPOS="3002" HPOS="1995"/>
<String CONTENT="reporters." HEIGHT="126" WIDTH="1984" VPOS="3014" HPOS="111"/>
</TextLine>
<TextLine HEIGHT="72" WIDTH="1696" VPOS="3072" HPOS="424" STYLEREFS="StyleId-5080DEB3-3642-4B9E-8227-311E3742B6CB-">
<String LANG="la" CONTENT="v." HEIGHT="33" WIDTH="50" VPOS="3092" HPOS="424"/>
<SP HEIGHT="50" WIDTH="38" VPOS="3076" HPOS="475"/>
<String CONTENT="80." HEIGHT="50" WIDTH="81" VPOS="3076" HPOS="514"/>
<SP HEIGHT="55" WIDTH="75" VPOS="3072" HPOS="596"/>
<String CONTENT="San" HEIGHT="55" WIDTH="117" VPOS="3072" HPOS="672"/>
<SP HEIGHT="52" WIDTH="35" VPOS="3073" HPOS="790"/>
<String CONTENT="Francisco," HEIGHT="68" WIDTH="326" VPOS="3073" HPOS="826"/>
<SP HEIGHT="66" WIDTH="35" VPOS="3075" HPOS="1153"/>
<String CONTENT="Bancroft-Whitney" HEIGHT="72" WIDTH="593" VPOS="3072" HPOS="1189"/>
<SP HEIGHT="51" WIDTH="34" VPOS="3093" HPOS="1783"/>
<String CONTENT="company," HEIGHT="51" WIDTH="302" VPOS="3093" HPOS="1818"/>
</TextLine>
<TextLine HEIGHT="50" WIDTH="149" VPOS="3153" HPOS="112" STYLEREFS="StyleId-5080DEB3-3642-4B9E-8227-311E3742B6CB-">
<String CONTENT="1928." HEIGHT="50" WIDTH="149" VPOS="3153" HPOS="112"/>
</TextLine>
<TextLine HEIGHT="48" WIDTH="505" VPOS="3232" HPOS="181" CS="1">
<String CONTENT="xxxi," HEIGHT="48" WIDTH="134" VPOS="3232" HPOS="181"/>
<SP HEIGHT="48" WIDTH="32" VPOS="3232" HPOS="316"/>
<String CONTENT="917" HEIGHT="41" WIDTH="87" VPOS="3232" HPOS="349"/>
<SP HEIGHT="47" WIDTH="29" VPOS="3233" HPOS="437"/>
<String CONTENT="p." HEIGHT="37" WIDTH="43" VPOS="3243" HPOS="467"/>
<SP HEIGHT="38" WIDTH="57" VPOS="3234" HPOS="511"/>
<String CS="1" CONTENT="23&#7580;&#7504;." HEIGHT="41" WIDTH="117" VPOS="3233" HPOS="569"/>
</TextLine>
<TextLine HEIGHT="57" WIDTH="2005" VPOS="3285" HPOS="113">
<String CONTENT="&#169;" HEIGHT="52" WIDTH="53" VPOS="3285" HPOS="113"/>
<SP HEIGHT="52" WIDTH="26" VPOS="3285" HPOS="167"/>
<String CONTENT="Apr." HEIGHT="48" WIDTH="116" VPOS="3289" HPOS="194"/>
<SP HEIGHT="40" WIDTH="26" VPOS="3290" HPOS="311"/>
<String CONTENT="25," HEIGHT="48" WIDTH="70" VPOS="3289" HPOS="338"/>
<SP HEIGHT="47" WIDTH="30" VPOS="3290" HPOS="409"/>
<String CONTENT="1928;" HEIGHT="47" WIDTH="142" VPOS="3289" HPOS="440"/>
<SP HEIGHT="45" WIDTH="30" VPOS="3291" HPOS="583"/>
<String CONTENT="2c." HEIGHT="41" WIDTH="68" VPOS="3291" HPOS="614"/>
<SP HEIGHT="41" WIDTH="28" VPOS="3291" HPOS="683"/>
<String CONTENT="May" HEIGHT="48" WIDTH="116" VPOS="3291" HPOS="712"/>
<SP HEIGHT="48" WIDTH="26" VPOS="3291" HPOS="829"/>
<String CONTENT="3;" HEIGHT="46" WIDTH="53" VPOS="3291" HPOS="856"/>
<SP HEIGHT="36" WIDTH="31" VPOS="3301" HPOS="910"/>
<String CONTENT="aff." HEIGHT="41" WIDTH="83" VPOS="3291" HPOS="942"/>
<SP HEIGHT="40" WIDTH="30" VPOS="3292" HPOS="1026"/>
<String CONTENT="May" HEIGHT="48" WIDTH="115" VPOS="3292" HPOS="1057"/>
<SP HEIGHT="47" WIDTH="28" VPOS="3293" HPOS="1173"/>
<String CONTENT="1;" HEIGHT="46" WIDTH="54" VPOS="3293" HPOS="1202"/>
<SP HEIGHT="47" WIDTH="30" VPOS="3292" HPOS="1257"/>
<!-- cceid 1D148A7B-6CB2-1014-A20E-B9D6251C946A --><String CONTENT="A" HEIGHT="40" WIDTH="44" VPOS="3292" HPOS="1288"/>
<SP HEIGHT="40" WIDTH="26" VPOS="3292" HPOS="1333"/>
<String CONTENT="1077056;" HEIGHT="46" WIDTH="231" VPOS="3292" HPOS="1360"/>
<SP HEIGHT="45" WIDTH="32" VPOS="3293" HPOS="1592"/>
<String CONTENT="Bancroft-Whitney" HEIGHT="50" WIDTH="493" VPOS="3292" HPOS="1625"/>
</TextLine>
<TextLine HEIGHT="29" WIDTH="66" VPOS="3358" HPOS="182">
<String CONTENT="co." HEIGHT="29" WIDTH="66" VPOS="3358" HPOS="182"/>
</TextLine>
<TextLine HEIGHT="66" WIDTH="723" VPOS="3411" HPOS="110" STYLEREFS="StyleId-FC3295BE-320B-4B97-ACFB-A5F9ECE677FB-">
<String CONTENT="Chicago." HEIGHT="65" WIDTH="276" VPOS="3411" HPOS="110"/>
<SP HEIGHT="54" WIDTH="74" VPOS="3413" HPOS="387"/>
<String CONTENT="University." HEIGHT="64" WIDTH="371" VPOS="3413" HPOS="462"/>
</TextLine>
<TextLine HEIGHT="71" WIDTH="1938" VPOS="3490" HPOS="181" STYLEREFS="StyleId-5080DEB3-3642-4B9E-8227-311E3742B6CB-" CS="1">
<String CONTENT="Abstracts" HEIGHT="55" WIDTH="303" VPOS="3490" HPOS="181"/>
<SP HEIGHT="35" WIDTH="36" VPOS="3510" HPOS="485"/>
<String CONTENT="of" HEIGHT="52" WIDTH="66" VPOS="3492" HPOS="522"/>
<SP HEIGHT="53" WIDTH="34" VPOS="3492" HPOS="589"/>
<String CONTENT="theses," HEIGHT="68" WIDTH="202" VPOS="3493" HPOS="624"/>
<SP HEIGHT="48" WIDTH="37" VPOS="3513" HPOS="827"/>
<String CONTENT="science" HEIGHT="53" WIDTH="214" VPOS="3494" HPOS="865"/>
<SP HEIGHT="34" WIDTH="36" VPOS="3513" HPOS="1080"/>
<String CONTENT="series," HEIGHT="54" WIDTH="187" VPOS="3494" HPOS="1117"/>
<SP HEIGHT="31" WIDTH="76" VPOS="3516" HPOS="1305"/>
<String CONTENT="v." HEIGHT="31" WIDTH="50" VPOS="3516" HPOS="1382"/>
<SP HEIGHT="49" WIDTH="41" VPOS="3498" HPOS="1433"/>
<String CONTENT="3" HEIGHT="49" WIDTH="30" VPOS="3498" HPOS="1475"/>
<SP HEIGHT="50" WIDTH="44" VPOS="3498" HPOS="1506"/>
<String CS="1" CONTENT="&#8230;"/>
<SP HEIGHT="56" WIDTH="81" VPOS="3494" HPOS="1609"/>
<String CONTENT="Submitted" HEIGHT="57" WIDTH="329" VPOS="3493" HPOS="1691"/>
<SP HEIGHT="53" WIDTH="37" VPOS="3496" HPOS="2021"/>
<String CONTENT="to" HEIGHT="48" WIDTH="60" VPOS="3501" HPOS="2059"/>
</TextLine>
<TextLine HEIGHT="148" WIDTH="1980" VPOS="3567" HPOS="113" STYLEREFS="StyleId-5080DEB3-3642-4B9E-8227-311E3742B6CB-" CS="1">
<String CONTENT="the" HEIGHT="53" WIDTH="96" VPOS="3567" HPOS="113"/>
<SP HEIGHT="52" WIDTH="26" VPOS="3568" HPOS="210"/>
<String CONTENT="faculties" HEIGHT="55" WIDTH="267" VPOS="3568" HPOS="237"/>
<SP HEIGHT="34" WIDTH="24" VPOS="3589" HPOS="505"/>
<String CONTENT="of" HEIGHT="53" WIDTH="64" VPOS="3570" HPOS="530"/>
<SP HEIGHT="53" WIDTH="24" VPOS="3570" HPOS="595"/>
<String CONTENT="the" HEIGHT="53" WIDTH="95" VPOS="3571" HPOS="620"/>
<SP HEIGHT="50" WIDTH="27" VPOS="3590" HPOS="716"/>
<String CONTENT="graduate" HEIGHT="68" WIDTH="279" VPOS="3572" HPOS="744"/>
<SP HEIGHT="34" WIDTH="27" VPOS="3591" HPOS="1024"/>
<String CONTENT="schools" HEIGHT="53" WIDTH="220" VPOS="3573" HPOS="1052"/>
<SP HEIGHT="34" WIDTH="27" VPOS="3592" HPOS="1273"/>
<String CONTENT="of" HEIGHT="53" WIDTH="66" VPOS="3572" HPOS="1301"/>
<SP HEIGHT="53" WIDTH="24" VPOS="3572" HPOS="1368"/>
<String CONTENT="the" HEIGHT="52" WIDTH="96" VPOS="3574" HPOS="1393"/>
<SP HEIGHT="54" WIDTH="28" VPOS="3574" HPOS="1490"/>
<String CONTENT="University" HEIGHT="69" WIDTH="342" VPOS="3573" HPOS="1519"/>
<SP HEIGHT="50" WIDTH="24" VPOS="3592" HPOS="1862"/>
<String CONTENT="of" HEIGHT="52" WIDTH="66" VPOS="3574" HPOS="1887"/>
<SP HEIGHT="55" WIDTH="29" VPOS="3573" HPOS="1954"/>
<String CONTENT="Chicago" HEIGHT="142" WIDTH="1980" VPOS="3573" HPOS="113"/>
</TextLine>
<TextLine HEIGHT="75" WIDTH="1829" VPOS="3646" HPOS="294" STYLEREFS="StyleId-5080DEB3-3642-4B9E-8227-311E3742B6CB-">
<String CONTENT="for" HEIGHT="54" WIDTH="94" VPOS="3646" HPOS="294"/>
<SP HEIGHT="48" WIDTH="38" VPOS="3652" HPOS="389"/>
<String CONTENT="the" HEIGHT="53" WIDTH="95" VPOS="3647" HPOS="428"/>
<SP HEIGHT="52" WIDTH="41" VPOS="3649" HPOS="524"/>
<String CONTENT="degree" HEIGHT="68" WIDTH="204" VPOS="3649" HPOS="566"/>
<SP HEIGHT="35" WIDTH="39" VPOS="3667" HPOS="771"/>
<String CONTENT="of" HEIGHT="54" WIDTH="64" VPOS="3648" HPOS="811"/>
<SP HEIGHT="54" WIDTH="39" VPOS="3648" HPOS="876"/>
<String CONTENT="doctor" HEIGHT="52" WIDTH="199" VPOS="3650" HPOS="916"/>
<SP HEIGHT="33" WIDTH="39" VPOS="3669" HPOS="1116"/>
<String CONTENT="of" HEIGHT="53" WIDTH="65" VPOS="3649" HPOS="1156"/>
<SP HEIGHT="70" WIDTH="39" VPOS="3649" HPOS="1222"/>
<String CONTENT="philosophy," HEIGHT="68" WIDTH="368" VPOS="3651" HPOS="1262"/>
<SP HEIGHT="64" WIDTH="40" VPOS="3651" HPOS="1631"/>
<String CONTENT="August" HEIGHT="70" WIDTH="234" VPOS="3651" HPOS="1672"/>
<SP HEIGHT="49" WIDTH="40" VPOS="3656" HPOS="1907"/>
<String CONTENT="1924-" HEIGHT="50" WIDTH="175" VPOS="3655" HPOS="1948"/>
</TextLine>
<TextLine HEIGHT="76" WIDTH="2008" VPOS="3723" HPOS="113" STYLEREFS="StyleId-5080DEB3-3642-4B9E-8227-311E3742B6CB-">
<String CONTENT="June" HEIGHT="53" WIDTH="153" VPOS="3723" HPOS="113"/>
<SP HEIGHT="48" WIDTH="39" VPOS="3728" HPOS="267"/>
<String CONTENT="1925." HEIGHT="49" WIDTH="150" VPOS="3728" HPOS="307"/>
<SP HEIGHT="55" WIDTH="79" VPOS="3725" HPOS="458"/>
<String CONTENT="Chicago," HEIGHT="70" WIDTH="271" VPOS="3725" HPOS="538"/>
<SP HEIGHT="67" WIDTH="40" VPOS="3727" HPOS="810"/>
<String CONTENT="Ill.," HEIGHT="69" WIDTH="114" VPOS="3727" HPOS="851"/>
<SP HEIGHT="67" WIDTH="40" VPOS="3729" HPOS="966"/>
<String CONTENT="The" HEIGHT="52" WIDTH="123" VPOS="3729" HPOS="1007"/>
<SP HEIGHT="53" WIDTH="35" VPOS="3729" HPOS="1131"/>
<String CONTENT="University" HEIGHT="69" WIDTH="346" VPOS="3729" HPOS="1167"/>
<SP HEIGHT="50" WIDTH="39" VPOS="3748" HPOS="1514"/>
<String CONTENT="of" HEIGHT="53" WIDTH="65" VPOS="3729" HPOS="1554"/>
<SP HEIGHT="55" WIDTH="42" VPOS="3729" HPOS="1620"/>
<String CONTENT="Chicago" HEIGHT="70" WIDTH="254" VPOS="3729" HPOS="1663"/>
<SP HEIGHT="50" WIDTH="41" VPOS="3749" HPOS="1918"/>
<String CONTENT="press" HEIGHT="50" WIDTH="161" VPOS="3749" HPOS="1960"/>
</TextLine>
<TextLine HEIGHT="68" WIDTH="193" VPOS="3800" HPOS="119" STYLEREFS="StyleId-5080DEB3-3642-4B9E-8227-311E3742B6CB-" CS="1">
<String STYLE="subscript" CONTENT="[" HEIGHT="34" WIDTH="13" VPOS="3834" HPOS="119"/>
<String CS="1" CONTENT="&#7580;1927" HEIGHT="55" WIDTH="135" VPOS="3800" HPOS="160"/>
<String STYLE="subscript" CONTENT="]" HEIGHT="34" WIDTH="14" VPOS="3834" HPOS="298"/>
</TextLine>
<TextLine HEIGHT="52" WIDTH="1026" VPOS="3883" HPOS="181" CS="1">
<String CONTENT="ix," HEIGHT="48" WIDTH="65" VPOS="3883" HPOS="181"/>
<SP HEIGHT="47" WIDTH="25" VPOS="3884" HPOS="247"/>
<String CONTENT="351" HEIGHT="39" WIDTH="85" VPOS="3884" HPOS="273"/>
<SP HEIGHT="48" WIDTH="26" VPOS="3884" HPOS="359"/>
<String CONTENT="p.," HEIGHT="38" WIDTH="59" VPOS="3894" HPOS="386"/>
<SP HEIGHT="48" WIDTH="25" VPOS="3884" HPOS="446"/>
<String CONTENT="2" HEIGHT="39" WIDTH="28" VPOS="3884" HPOS="472"/>
<SP/>
<String CS="1" CONTENT="l."/>
<SP/>
<String CONTENT="tables," HEIGHT="50" WIDTH="170" VPOS="3885" HPOS="618"/>
<SP HEIGHT="48" WIDTH="28" VPOS="3887" HPOS="789"/>
<String CONTENT="diagrs." HEIGHT="48" WIDTH="180" VPOS="3887" HPOS="818"/>
<SP HEIGHT="39" WIDTH="58" VPOS="3889" HPOS="999"/>
<String CS="1" CONTENT="23&#189;&#7580;&#7504;." HEIGHT="42" WIDTH="149" VPOS="3888" HPOS="1058"/>
</TextLine>
<TextLine HEIGHT="61" WIDTH="2003" VPOS="3936" HPOS="117" CS="1">
<String CONTENT="&#169;" HEIGHT="53" WIDTH="51" VPOS="3936" HPOS="117"/>
<SP HEIGHT="53" WIDTH="24" VPOS="3936" HPOS="169"/>
<String CONTENT="Apr." HEIGHT="49" WIDTH="115" VPOS="3940" HPOS="194"/>
<SP HEIGHT="40" WIDTH="25" VPOS="3941" HPOS="310"/>
<String CONTENT="29," HEIGHT="50" WIDTH="70" VPOS="3940" HPOS="336"/>
<SP HEIGHT="48" WIDTH="27" VPOS="3942" HPOS="407"/>
<String CS="1" CONTENT="1927;" HEIGHT="40" WIDTH="115" VPOS="3941" HPOS="435"/>
<SP HEIGHT="46" WIDTH="27" VPOS="3943" HPOS="577"/>
<String CONTENT="2c." HEIGHT="40" WIDTH="67" VPOS="3943" HPOS="605"/>
<SP HEIGHT="39" WIDTH="26" VPOS="3944" HPOS="673"/>
<String CONTENT="May" HEIGHT="53" WIDTH="115" VPOS="3944" HPOS="700"/>
<SP HEIGHT="52" WIDTH="24" VPOS="3945" HPOS="816"/>
<String CONTENT="7," HEIGHT="49" WIDTH="40" VPOS="3945" HPOS="841"/>
<SP HEIGHT="49" WIDTH="26" VPOS="3945" HPOS="882"/>
<String CONTENT="1928;" HEIGHT="48" WIDTH="141" VPOS="3945" HPOS="909"/>
<SP HEIGHT="37" WIDTH="30" VPOS="3956" HPOS="1051"/>
<String CONTENT="aff." HEIGHT="42" WIDTH="83" VPOS="3945" HPOS="1082"/>
<SP HEIGHT="40" WIDTH="28" VPOS="3947" HPOS="1166"/>
<String CONTENT="May" HEIGHT="48" WIDTH="115" VPOS="3947" HPOS="1195"/>
<SP HEIGHT="48" WIDTH="24" VPOS="3947" HPOS="1311"/>
<String CONTENT="4;" HEIGHT="48" WIDTH="55" VPOS="3947" HPOS="1336"/>
<SP HEIGHT="48" WIDTH="28" VPOS="3947" HPOS="1392"/>
<!-- cceid 1D15204E-6CB2-1014-A20E-B9D6251C946A --><String CONTENT="A" HEIGHT="40" WIDTH="41" VPOS="3947" HPOS="1421"/>
<SP HEIGHT="40" WIDTH="27" VPOS="3947" HPOS="1463"/>
<String CONTENT="1074362;" HEIGHT="49" WIDTH="230" VPOS="3947" HPOS="1491"/>
<SP HEIGHT="47" WIDTH="30" VPOS="3949" HPOS="1722"/>
<String CONTENT="University" HEIGHT="50" WIDTH="286" VPOS="3947" HPOS="1753"/>
<SP HEIGHT="38" WIDTH="28" VPOS="3959" HPOS="2040"/>
<String CONTENT="of" HEIGHT="41" WIDTH="51" VPOS="3948" HPOS="2069"/>
</TextLine>
<TextLine HEIGHT="56" WIDTH="479" VPOS="3997" HPOS="186">
<String CONTENT="Chicago," HEIGHT="51" WIDTH="224" VPOS="3997" HPOS="186"/>
<SP HEIGHT="50" WIDTH="29" VPOS="3998" HPOS="411"/>
<String CONTENT="Chicago," HEIGHT="55" WIDTH="224" VPOS="3998" HPOS="441"/>
</TextLine>
</TextBlock>
</PrintSpace>
</Page>
</Layout>
</alto>