2498 4384
1294 4081 136 51 1126

429 530 121 40 This
577 530 251 49 pamphlet
855 530 42 40 is
927 530 140 40 fitted
1096 530 103 40 into
1230 530 83 41 the
1341 530 173 48 pocket
1544 531 54 40 at
1625 531 83 39 the
1736 531 124 40 back
1890 530 52 41 of
1971 530 87 41 the
2083 531 192 40 volume
2305 532 52 41 of

357 588 84 39 the
468 589 73 38 set
568 590 54 37 to
645 587 159 40 which
831 587 39 40 it
898 588 212 47 belongs.

362 654 53 52 ©
444 657 117 49 July
588 658 69 48 17,
686 658 117 40 1928;
857 658 68 42 2c.
952 658 121 48 Aug.
1102 659 27 39 7;
1186 658 84 41 aff.
1298 658 120 48 Aug.
1446 658 30 40 6;
1529 657 43 40 A
1597 657 208 41 1082956;
1859 659 137 40 West
2023 659 112 48 pub.
2164 669 68 30 co.
2261 659 97 40 and

430 716 213 39 Edward
674 715 277 48 Thompson
982 726 67 30 co.,
1097 715 284 48 Northport,
1414 715 52 39 L.
1499 715 53 49 I.,
1583 715 57 41 N.
1672 715 54 41 Y.

488 825 1871 69 … United States Code annotated. Title 33. Navigation and
356 904 307 69 navigable
691 909 219 48 waters.
983 903 386 69 [Cumulative
1397 904 213 52 annual
1638 903 208 69 pocket
1871 910 151 62 part,
2055 903 150 55 1927.
2274 903 84 56 St.

352 983 167 72 Paul,
547 982 203 68 Minn.,
778 982 161 54 West
968 981 339 70 publishing
1335 1000 298 51 company,
1664 985 151 64 1928]

426 1065 310 48 26 p. 24 ᶜᵐ .
429 1136 118 40 This
577 1136 249 48 pamphlet
855 1135 42 40 is
927 1136 141 39 fitted
1096 1135 103 40 into
1230 1135 83 40 the
1342 1136 174 48 pocket
1544 1137 54 39 at
1627 1136 85 40 the
1739 1136 124 40 back
1892 1136 52 40 of
1973 1136 86 41 the
2085 1137 192 40 volume
2307 1136 52 41 of

358 1193 83 40 the
467 1195 73 39 set
567 1196 49 37 to
643 1192 159 41 which
826 1192 44 41 it
892 1193 212 47 belongs.

361 1260 53 52 ©
443 1264 117 47 July
587 1265 68 46 12,
685 1263 140 47 1928;
856 1264 68 40 2c.
953 1263 120 48 Aug.
1102 1264 53 46 7;
1186 1263 84 40 aff.
1298 1263 122 48 Aug.
1448 1263 52 47 6;
1531 1262 43 40 A
1601 1262 229 48 1082958;
1861 1264 139 40 West
2024 1264 112 48 pub.
2165 1274 68 30 co.
2263 1265 96 38 and

430 1322 213 41 Edward
669 1321 278 48 Thompson
973 1331 82 38 co.,
1081 1320 285 49 Northport,
1394 1320 50 42 L.
1473 1321 52 48 I.,
1553 1320 57 41 N.
1637 1321 54 39 Y.

357 1429 1981 134 … United States Code annotated. Title 34. Navy. [Cumulative
570 1511 212 52 annual
818 1509 205 69 pocket
1054 1515 152 64 part,
1243 1509 151 54 1927.
1473 1509 82 55 St.
1591 1508 167 70 Paul,
1790 1509 205 69 Minn.,
2025 1509 164 55 West
350 1509 1988 148 publishing

598 1606 299 51 company,
930 1590 153 65 1928]

427 1671 306 49 18 p. 24 ᶜᵐ .
429 1743 120 40 This
576 1743 250 48 pamphlet
855 1742 44 40 is
927 1742 141 40 fitted
1097 1742 102 40 into
1230 1742 85 40 the
1343 1742 174 48 pocket
1545 1744 52 39 at
1627 1742 83 40 the
1739 1743 124 40 back
1893 1743 52 40 of
1974 1743 86 40 the
2087 1743 192 40 volume
2308 1744 52 40 of

353 1800 87 40 the
467 1803 73 37 set
566 1803 50 37 to
642 1799 158 41 which
827 1799 43 40 it
892 1800 213 47 belongs.

361 1867 53 52 ©
443 1871 118 47 July
586 1870 70 48 20,
685 1870 118 41 1928;
855 1871 67 40 2c.
952 1870 121 48 Aug.
1100 1871 27 39 7;
1185 1869 83 42 aff.
1297 1870 120 48 Aug.
1446 1870 53 47 6;
1530 1869 43 40 A
1600 1869 230 47 1082960;
1861 1871 138 40 West
2025 1871 111 48 pub.
2166 1881 67 30 co.
2263 1872 97 38 and

430 1929 213 39 Edward
671 1928 278 47 Thompson
977 1938 81 37 co.,
1087 1927 286 48 Northport,
1403 1929 51 39 L.
1485 1928 53 47 I.,
1568 1928 57 40 N.
1654 1928 55 41 Y.

490 2036 1871 70 … United States Code annotated. Title 46. Shipping. §§
357 2120 29 48 1
427 2121 59 48 to
527 2119 115 50 540.
724 2116 384 67 [Cumulative
1147 2118 213 50 annual
1400 2115 204 68 pocket
1644 2121 150 63 part,
1836 2115 152 67 1927]
2071 2115 84 55 St.
2195 2116 166 69 Paul,

347 2194 204 69 Minn.,
581 2194 162 54 West
772 2194 337 69 publishing
1141 2213 100 49 co.,
1276 2196 151 65 1928]

427 2277 275 49 5 p. 24 ᶜᵐ .
429 2348 118 40 This
576 2348 249 49 pamphlet
855 2348 42 40 is
927 2347 140 41 fitted
1096 2347 103 41 into
1229 2348 84 40 the
1343 2348 173 49 pocket
1545 2350 53 39 at
1627 2348 84 41 the
1739 2348 124 41 back
1893 2348 51 40 of
1974 2348 84 41 the
2086 2349 191 40 volume
2307 2349 52 40 of

357 2407 84 39 the
466 2408 73 38 set
566 2409 49 37 to
642 2406 158 41 which
827 2405 42 41 it
892 2406 213 48 belongs.

361 2473 52 53 ©
447 2477 127 40 June
605 2477 71 47 26,
709 2476 141 47 1928;
886 2477 68 40 2c.
988 2477 96 39 and
1118 2476 82 41 aff.
1236 2477 118 47 July
1386 2476 83 48 14;
1504 2476 43 40 A
1578 2476 230 48 1082530;
1845 2477 139 41 West
2014 2478 111 47 pub.
2159 2487 68 31 co.
2262 2478 97 39 and

430 2535 213 41 Edward
674 2534 277 47 Thompson
983 2544 81 37 co.,
1097 2533 286 48 Northport,
1415 2534 52 40 L.
1499 2534 52 49 I.,
1583 2534 58 41 N.
1672 2534 54 40 Y.

491 2641 1870 71 … United States Code annotated. Title 46. Shipping. §§
359 2725 99 49 541
484 2727 58 48 to
570 2725 152 49 1014.
803 2721 385 67 [Cumulative
1214 2724 212 50 annual
1452 2722 204 68 pocket
1681 2728 151 63 part,
1858 2721 150 55 1927.
2087 2722 83 55 St.
2197 2723 166 67 Paul,

350 2799 205 73 Minn.,
582 2801 161 53 West
773 2799 338 70 publishing
1140 2818 300 51 company,
1471 2803 152 64 1918]

426 2883 275 48 7 p. 24 ᶜᵐ .
430 2953 119 40 This
576 2953 252 48 pamphlet
855 2953 42 40 is
926 2953 141 40 fitted
1096 2953 107 40 into
1228 2953 84 40 the
1341 2953 175 49 pocket
1545 2955 53 39 at
1627 2954 84 40 the
1739 2954 124 40 back
1892 2954 52 40 of
1973 2954 86 41 the
2085 2955 192 39 volume
2306 2953 52 42 of

358 3010 84 39 the
467 3012 73 38 set
566 3013 50 37 to
642 3009 160 41 which
827 3010 42 40 it
892 3010 213 48 belongs.

361 3076 53 52 ©
444 3081 118 47 July
591 3080 40 48 5,
661 3080 118 41 1928;
834 3081 69 41 2c.
933 3081 122 48 Aug.
1084 3081 53 46 7;
1170 3080 83 42 aff.
1283 3081 120 48 Aug.
1435 3081 53 47 6;
1519 3081 41 39 A
1591 3081 229 48 1082962;
1853 3082 138 40 West
2019 3082 112 48 pub.
2161 3092 69 30 co.
2260 3082 97 40 and

429 3139 213 39 Edward
669 3138 278 48 Thompson
975 3148 82 38 co.,
1087 3138 285 48 Northport,
1402 3138 51 41 L.
1484 3139 52 47 I.,
1565 3138 59 41 N.
1653 3139 56 40 Y.

357 3246 1977 133 … United States Code annotated. Title 50. War. [Cumulative annual
817 3327 206 66 pocket
1053 3331 150 63 part,
1241 3325 150 54 1927.
1470 3325 82 55 St.
1587 3327 168 67 Paul,
1789 3326 203 70 Minn.,
2024 3327 162 53 West
350 3325 1985 148 publishing
597 3422 297 50 company,
928 3407 151 63 1928]

426 3486 278 49 4 p. 24 ᶜᵐ .
430 3557 119 41 This
576 3557 249 48 pamphlet
854 3557 45 40 is
926 3557 141 40 fitted
1095 3557 103 41 into
1228 3558 85 40 the
1341 3558 174 48 pocket
1543 3559 54 39 at
1625 3558 83 40 the
1737 3559 124 39 back
1890 3559 52 39 of
1971 3559 86 41 the
2084 3560 189 39 volume
2305 3560 51 40 of

357 3615 83 40 the
468 3616 75 38 set
566 3617 50 38 to
642 3614 159 40 which
827 3614 41 40 it
891 3614 213 48 belongs.

362 3680 53 52 ©
443 3685 117 47 July
584 3685 71 47 24,
684 3685 141 47 1928;
855 3685 67 41 2c.
951 3685 121 48 Aug.
1100 3687 26 39 7;
1184 3685 83 41 aff.
1295 3685 121 49 Aug.
1445 3685 53 48 6;
1528 3685 43 40 A
1597 3685 229 49 1082964;
1858 3687 135 39 West
2022 3687 109 47 pub.
2162 3697 67 30 co.
2259 3687 97 40 and

431 3742 213 40 Edward
672 3742 278 48 Thompson
978 3753 81 37 co.,
1089 3742 284 49 Northport,
1403 3742 51 41 L.
1485 3743 52 46 I.,
1567 3743 56 39 N.
1652 3743 55 41 Y.

355 3847 212 64 Veber,
601 3848 206 54 Pierre
839 3849 261 64 Eugène,
1138 3853 173 50 1869-

492 3941 1787 71 … En bordée, roman gai. Paris, J. Ferenczi et fils [ ᶜ 1928]
426 4024 714 50 3 p. l., 5-280 p., 1 l. 19 ᶜᵐ .
