2498 4384
1125 4109 104 50 221

162 436 231 62 Powell,
427 434 260 54 Richard
719 436 130 61 Roy
879 433 239 61 Beiden,
1154 435 171 49 1890-
1505 430 85 54 ed.

235 508 1946 71 Cases on future interests, by Richard R. Powell … assisted
162 587 2022 75 by Lewis M. Simes … St. Paul, West publishing company,
163 674 151 51 1928.

234 752 172 43 xxviii,
442 752 89 41 968
561 763 44 39 p.
667 751 118 41 26ᶜᵐ.
858 750 285 51 (American
1178 749 240 41 casebook
1452 748 167 50 series,
1657 749 71 41 W.
1766 749 56 41 R.
1860 749 176 49 Vance,
162 759 2002 94 general
293 811 185 49 editor)

169 879 51 53 ©
250 883 111 41 Jan.
389 883 71 47 21,
489 881 141 48 1928;
662 882 68 40 2c.
760 880 112 41 Feb.
902 880 82 47 18;
1016 878 83 43 aff.
1129 879 114 42 Feb.
1272 879 83 46 17;
1387 879 41 39 A
1458 878 231 47 1018847;
1723 879 136 40 West
1889 878 109 49 pub.
2030 890 69 30 co.

247 939 255 50 (28-5931)

160 1034 280 63 Putnam,
473 1033 230 64 George
731 1031 254 58 Palmer,
1022 1030 331 64 1814-1872,
1385 1048 182 50 comp.

236 1113 301 54 Putnam’s
563 1110 308 55 handbook
898 1110 65 55 of
989 1110 292 53 universal
1307 1109 254 69 history;
1593 1128 32 34 a
1653 1109 171 54 series
1853 1108 66 55 of
166 1109 1993 152 chronological

408 1191 181 54 tables
622 1189 351 70 presenting,
1006 1189 61 53 in
1100 1189 246 68 parallel
1380 1189 274 67 columns,
1688 1207 32 34 a
1755 1188 200 54 record
1989 1187 68 54 of
2089 1188 100 55 the

167 1289 155 34 more
352 1268 364 69 noteworthy
748 1273 194 48 events
975 1268 61 53 in
1068 1268 96 53 the
1196 1268 227 69 history
1454 1266 67 55 of
1551 1267 97 54 the
1682 1267 184 53 world
1900 1266 156 54 from
2089 1267 98 55 the

167 1348 229 54 earliest
420 1348 166 53 times
611 1347 169 54 down
804 1352 59 48 to
888 1347 97 53 the
1011 1350 232 65 present
1268 1346 132 69 day,
1424 1345 265 70 together
1714 1345 142 54 with
1883 1365 74 34 an
165 1345 1996 135 alphabetical

417 1426 173 53 index
632 1425 66 54 of
739 1424 267 69 subjects,
1050 1424 284 69 compiled
1379 1424 75 70 by
1497 1424 224 70 George
1766 1424 233 54 Palmer
166 1424 1996 149 Putnam,

166 1502 1997 135 A. M . and continued to date under the editorial supervision
400 1582 1786 70 of George Haven Putnam … with historical chart,
166 1681 182 50 maps,
378 1662 114 53 and
523 1661 390 70 genealogical
944 1660 199 55 tables.
1208 1661 141 53 New
1381 1661 166 53 York
1577 1661 114 54 and
1721 1661 263 69 London,
2016 1660 71 57 G.
2120 1661 67 55 P.

167 1740 642 68 Putnam’s sons [ c 1927]
237 1822 1182 50 vi p., 1 l., 592 p. incl. tables, maps. 19ᶜᵐ.
171 1876 51 53 ©
253 1881 119 40 Nov.
403 1880 70 47 31,
505 1880 141 47 1927;
678 1880 69 42 2c.
778 1882 96 39 and
906 1879 82 43 aff.
1021 1882 122 40 Mar.
1175 1881 39 47 6,
1248 1880 142 46 1928;
1426 1881 40 39 A
1496 1880 231 48 1069142;
1762 1881 54 41 G.
1848 1882 51 41 F.
1932 1882 255 41 Putnam’s

241 1948 128 31 sons.
434 1933 68 55 [©
542 1938 275 40 additional
855 1938 245 49 material]
1177 1938 285 49 (27-27820)

167 2033 250 53 Ralston
448 2032 206 54 health
687 2033 150 54 club.

238 2113 83 53 Be
355 2130 145 51 your
535 2130 126 35 own
696 2112 227 65 doctor;
962 2131 31 34 a
1028 2112 262 69 drugless
1324 2117 211 63 system
1571 2112 65 54 of
1670 2113 213 69 special
1919 2115 113 52 and
167 2114 1992 130 private
334 2196 355 63 treatments,

729 2192 302 69 including
1066 2191 96 54 the
1200 2197 165 63 great
1403 2191 176 69 triple
1615 2192 234 54 method
1887 2192 66 53 of
1989 2192 197 55 health

168 2270 113 54 and
305 2289 149 34 cure.
529 2271 201 53 Issued
754 2271 62 52 in
841 2271 97 53 the
961 2270 372 70 fifty-second
1356 2290 137 50 year
1517 2270 66 55 of
1605 2272 98 52 the
1720 2272 245 53 Ralston
1990 2272 197 53 health

166 2349 145 55 club.
387 2350 283 68 Meriden,
709 2348 200 71 Conn.,
947 2350 123 54 The
1106 2350 244 55 Ralston
1387 2350 323 71 university
1747 2370 178 51 press,
1964 2355 153 51 1928.

238 2433 88 41 600
350 2445 45 37 p.
455 2433 131 41 illus.
646 2433 119 41 25ᶜᵐ.

171 2487 51 53 ©
260 2493 111 41 Jan.
405 2492 71 48 24,
512 2491 141 48 1928;
691 2493 68 40 2c.
795 2493 97 39 and
928 2492 83 42 aff.
1048 2493 112 41 Feb.
1195 2492 84 48 20;
1317 2493 42 39 A
1393 2492 232 49 1061913;
1665 2494 207 41 Ralston
1911 2506 82 30 co.,
240 2495 1949 102 Hope-well,

393 2550 59 40 N.
482 2549 43 42 J.
597 2548 253 50 (28-6070)

164 2642 276 65 Roberts,
480 2644 188 53 Helen
707 2644 284 63 Lefferts,
1032 2644 172 55 1875-

237 2721 121 54 The
401 2722 370 68 cyclopaedia
814 2721 66 55 of
921 2722 174 54 social
1136 2741 193 52 usage,
1369 2742 267 36 manners
1679 2725 115 53 and
1837 2730 248 49 customs
2125 2726 65 52 of

166 2799 96 54 the
303 2800 302 54 twentieth
646 2805 256 65 century,
942 2801 77 70 by
1058 2801 191 54 Helen
1288 2802 67 53 L.
1396 2802 262 54 Roberts.
1735 2803 142 53 New
1919 2804 113 53 and
2073 2823 114 34 rev.

167 2878 84 54 ed.
327 2878 142 54 New
507 2878 182 69 York,
724 2879 261 69 London,
1022 2879 70 55 G.
1129 2880 67 52 P.
1233 2881 301 53 Putnam’s
1570 2900 148 50 sons,
1758 2881 152 55 1927.

236 2973 47 35 X,
315 2962 85 41 554
433 2973 46 39 p.
537 2962 56 41 21
596 2965 46 22 ᶜᵐ
645 2994 11 11 .

174 3014 52 52 ©
258 3019 127 40 June
414 3019 69 47 17,
515 3019 143 46 1927;
688 3019 68 41 2c.
786 3020 97 40 and
913 3019 83 41 aff.
1027 3021 123 39 Mar.
1181 3020 39 48 6,
1253 3019 142 49 1928;
1427 3021 42 39 A
1499 3020 232 49 1069143;
1766 3022 54 42 G.
1851 3023 51 41 P.
1935 3023 254 42 Putnam’s

242 3087 128 30 sons.
441 3076 284 49 (27-27814)
1984 3078 120 44 1523

168 3171 256 64 Rodger,
457 3172 155 53 Esca
644 3171 67 55 G.

241 3248 256 69 Careers;
521 3250 77 69 by
623 3250 148 53 Esca
797 3249 70 55 G.
894 3251 249 69 Rodger.
1207 3251 141 53 New
1375 3250 182 69 York,
1583 3252 262 70 London,
1871 3254 72 53 D.
1971 3254 219 70 Appleton

296 3328 114 53 and
441 3346 301 50 company,
773 3331 152 51 1928.

238 3409 689 50 5 p. l., 3-186, 1 p. 19½ ᶜᵐ .
175 3463 51 53 ©
257 3468 111 40 Feb.
396 3468 69 46 17,
493 3467 142 48 1928;
665 3467 68 41 2c.
762 3469 96 39 and
886 3468 83 42 aff.
999 3468 112 42 Feb.
1138 3468 84 48 20;
1253 3469 41 40 A
1321 3469 232 49 1061798;
1585 3472 57 41 D.
1672 3472 241 49 Appleton
1943 3474 36 40 &
2007 3485 69 30 co.

253 3523 256 51 (28-5922)
1982 3529 120 43 1524

169 3615 87 55 St.
288 3615 157 54 John
477 3617 387 54 Berchmans’
899 3622 329 61 sanctuary
1260 3620 246 65 society.

240 3693 242 55 Manual
513 3695 66 53 of
609 3696 97 54 the
739 3695 85 56 St.
856 3697 157 54 John
1046 3699 371 54 Berchmans’
1446 3705 310 65 sanctuary
1786 3702 231 70 society,
2049 3704 137 53 with

171 3772 2020 79 a sketch of the saint’s life … New York, N. Y., Apostleship
171 3849 66 53 of
264 3868 211 51 prayer
509 3885 13 34 [
526 3857 19 23 ᶜ
550 3852 154 68 1927]

240 3935 571 51 4 p. l., 146 p. 12½ᶜᵐ.
179 3986 51 53 ©
269 3992 112 40 Jan.
419 3993 70 45 17,
527 3992 142 48 1928;
707 3994 68 41 2c.
815 3994 112 42 Feb.
967 3994 52 48 6;
1061 3995 82 42 aff.
1184 3996 114 42 Feb.
1335 3998 55 47 4;
1431 3998 40 39 A
1510 3998 232 49 1061580;
1784 4000 317 50 Apostleship
2140 4002 52 41 of

246 4058 192 40 prayer,
470 4049 92 42 inc.
633 4050 252 49 (28-4629)
