2498 4384
1075 4087 100 51 159

166 516 247 50 80 p. 19½ ᶜᵐ
106 585 51 53 ©
188 589 112 39 Dec.
330 587 69 48 31,
431 586 115 41 1927;
607 586 67 41 2c.
706 585 96 40 and
833 583 82 42 aff.
947 583 111 41 Feb.
1089 583 42 48 4,
1162 582 119 40 1928;
1339 582 41 40 A
1412 581 204 42 1018687;

1678 582 164 40 Board
1874 581 52 41 of
172 581 1920 105 publication
363 644 53 40 of
443 644 82 40 the
555 642 180 42 United
765 641 251 41 Lutheran
1045 639 183 42 church
1258 639 52 40 in
1338 638 239 41 America.

183 700 252 51 (28-4796)

99 795 310 66 Symonds,
446 793 268 55 Percival
749 792 237 64 Mallon,
1026 794 172 52 1893-

170 875 230 68 Ability
431 874 307 54 standards
771 872 94 53 for
895 870 409 55 standardized
1336 870 390 53 achievement
1756 875 139 48 tests
1928 869 60 53 in
2019 870 99 53 the

103 947 2015 75 high school, by Percival M. Symonds … New York city,
103 1030 277 53 Teachers
405 1030 230 69 college,
662 1027 302 56 Columbia
990 1028 340 69 university,
1360 1027 152 54 1927.

209 1125 587 50 x, 91 p. diagr. 23½ ᶜᵐ .
108 1195 51 52 ©
191 1199 109 40 Jan.
332 1199 39 47 7,
404 1198 143 46 1928;
579 1198 68 40 2c.
680 1198 97 39 and
808 1196 82 42 aff.
925 1197 110 41 Jan.
1067 1196 83 47 13;
1185 1195 41 40 A
1259 1195 232 48 1018661;
1525 1195 244 42 Teachers

1802 1197 194 46 college,
173 1196 1924 99 Columbia
388 1255 131 41 univ.
594 1254 253 50 (28-4409)

99 1349 232 64 Taylor,
367 1349 185 54 Edith
588 1349 270 52 Everett.

175 1425 1946 72 Not Magnolia, by Edith Everett Taylor … New York,
108 1507 1016 68 E. P. Dutton & company [ ᶜ 1928]
177 1600 623 51 4 p. l., 3-242 p. 19½ ᶜᵐ .
109 1670 52 52 ©
191 1674 112 41 Feb.
334 1673 70 49 10,
436 1673 115 41 1928;
611 1674 68 41 2c.
711 1674 113 41 Feb.
854 1673 55 40 11;
972 1672 84 43 aff.
1088 1672 113 43 Feb.
1233 1672 55 41 13;
1350 1673 41 40 A
1422 1672 207 42 1061678;
1689 1674 55 40 E.
1776 1674 52 41 P.
1859 1673 191 41 Dutton
2082 1673 37 41 &

175 1742 67 30 co.
313 1730 254 49 (28-4882)

102 1824 328 65 Underhill,
465 1824 247 65 Evelyn,
747 1824 171 55 1875-

178 1903 1945 70 Man and the supernatural, by Evelyn Underhill … New
110 1982 1220 70 York, E. P. Dutton & company [ ᶜ 1928]
179 2064 648 49 xi p., 1 l., 252 p. 19½ ᶜᵐ .
180 2121 353 49 Bibliography
550 2132 10 30 :
587 2132 44 38 p.
656 2122 220 41 243-247.

111 2176 51 51 ©
195 2179 111 41 Feb.
338 2180 39 47 8,
409 2180 144 46 1928;
585 2180 68 40 2c.
686 2180 97 40 and
814 2179 83 41 aff.
931 2180 112 41 Feb.
1075 2180 83 46 10;
1191 2179 43 40 A
1266 2180 231 47 1061632;
1534 2181 52 40 E.
1621 2181 50 40 P.
1704 2181 189 40 Dutton
1926 2181 38 40 &
1995 2192 71 32 co.

187 2236 254 50 (28-4891)

104 2331 388 64 Underwood,
524 2331 257 54 William
813 2332 250 64 Lyman,
1098 2334 172 51 1864-

177 2411 354 55 Wilderness
584 2412 360 68 adventures,
997 2411 76 69 by
1126 2411 265 56 William
1443 2412 226 70 Lyman
1722 2413 398 67 Underwood;

110 2491 139 53 with
288 2491 385 53 illustrations
711 2489 154 54 from
902 2491 400 69 photographs
1336 2491 77 69 by
1450 2491 97 53 the
1585 2491 224 53 author.
1885 2494 239 66 Boston,

108 2569 139 53 New
274 2569 166 54 York
469 2575 138 62 [etc.]
638 2568 158 56 Ginn
823 2570 113 52 and
961 2587 286 52 company
1319 2568 153 69 [ᶜ1927]

179 2651 1022 50 vii, [1], 244 p. incl. front., illus. 19 ᶜᵐ .
113 2705 51 53 ©
195 2711 113 40 Dec.
337 2710 70 47 17,
438 2710 143 48 1927;
612 2710 68 41 2c.
711 2710 111 41 Jan.
854 2711 69 48 13,
954 2709 143 48 1928;
1131 2709 82 42 aff.
1246 2711 112 42 Jan.
1388 2711 57 39 14;
1505 2712 40 39 A
1575 2711 232 47 1018379;
1841 2712 72 41 W.
1945 2712 51 41 L.

183 2713 1923 102 Underwood,
455 2768 239 48 Belmont,
726 2768 149 41 Mass.
945 2767 255 49 (28-4346)

106 2861 250 63 Undset,
387 2860 220 65 Sigrid,
641 2864 173 51 1882-

180 2940 122 53 The
334 2958 122 50 axe,
486 2939 77 69 by
597 2938 199 71 Sigrid
829 2941 244 67 Undset,
1105 2940 321 54 translated
1462 2939 154 55 from
1648 2941 98 54 the
1779 2941 348 71 Norwegian

111 3017 35 53 by
230 3017 229 54 Arthur
504 3017 70 56 G.
623 3017 230 56 Chater.
935 3019 141 53 New
1123 3019 184 69 York,
1351 3019 263 68 London,
1661 3018 73 54 A.
1781 3019 71 53 A.
1901 3020 230 70 Knopf,

114 3098 150 51 1928.

181 3178 665 50 4 p. l., 341, [1] p. 21½ᶜᵐ.
184 3235 255 41 Half-title
456 3246 10 30 :
494 3235 102 41 The
621 3237 186 40 master
830 3236 53 41 of
907 3236 288 49 Hestviken,
1224 3237 103 41 The
1353 3247 106 31 axe.

117 3287 51 53 ©
197 3292 113 42 Feb.
337 3293 40 48 3,
407 3293 116 41 1928;
580 3294 68 41 2c.
678 3294 96 40 and
802 3294 84 42 aff.
916 3294 112 42 Feb.
1057 3295 26 40 9
1102 3305 8 29 :
1142 3295 41 39 A
1212 3295 205 41 1018725;
1476 3296 174 41 Alfred
1680 3296 54 43 A.
1765 3296 182 50 Knopf,
1976 3297 94 42 inc.

197 3348 254 51 (28-4666)

111 3485 220 54 United
363 3486 333 64 daughters
726 3487 64 53 of
819 3487 104 54 the
954 3488 415 65 confederacy.

185 3565 121 53 The
338 3564 171 57 Cross
538 3565 65 54 of
629 3567 262 69 military
920 3568 213 53 service
1174 3567 129 71 (“C.
1333 3569 81 53 M.
1449 3567 122 71 S.”)
1612 3569 226 71 history
1867 3572 114 52 and
116 3589 1987 108 records
282 3641 66 56 of

381 3663 131 34 men
547 3644 65 54 of
644 3645 175 53 lineal
854 3645 367 55 confederate
1257 3649 229 52 descent
1522 3648 128 54 who
1685 3651 199 52 served
117 3650 1987 141 honorably

279 3722 60 53 in
371 3723 98 53 the
501 3742 181 50 army,
711 3742 171 51 navy,
913 3743 64 35 or
1006 3725 222 54 marine
1259 3743 167 52 corps
1459 3726 65 54 of
1554 3727 97 53 the
1682 3727 220 55 United
1938 3727 191 57 States

118 3817 63 35 or
222 3801 75 53 its
340 3802 162 53 allies
544 3802 214 70 during
798 3803 97 53 the
938 3804 203 68 period
1184 3803 66 55 of
1293 3805 96 53 the
1433 3805 183 55 world
1659 3825 119 34 war
1832 3805 204 71 (April
2079 3811 50 64 6,

121 3877 493 57 1917-November
673 3885 82 63 11,
813 3881 190 71 1918).
1098 3883 215 54 Edited
1371 3885 113 53 and
1539 3885 286 69 compiled
1883 3884 94 55 for
2032 3886 99 53 the

119 3956 217 57 United
367 3959 314 71 daughters
712 3960 65 55 of
806 3961 96 54 the
934 3961 381 72 confederacy
1345 3963 77 71 by
1454 3963 141 55 Mrs.
1627 3964 57 56 J.
1716 3963 73 55 A.
1821 3965 308 69 Rountree,
