2498 4384
1277 4073 101 54 728

379 515 130 40 “The
545 517 135 44 story
716 515 53 39 of
804 525 27 29 a
870 513 184 41 Jewish
1092 514 163 40 school
1293 514 163 40 whose
1493 514 308 48 atmosphere
1840 523 102 30 was
1981 513 332 48 undoubtedly

306 571 598 40 old-fashioned.”—Pref.

310 625 52 52 ©
389 630 115 46 May
527 629 41 47 4,
595 628 140 47 1928;
764 629 67 40 2c.
859 629 114 47 May
999 628 81 47 10;
1110 627 83 42 aff.
1219 630 115 46 May
1361 629 25 39 9;
1443 628 40 39 A
1509 627 230 48 1074437;
1769 627 184 41 Jewish
1980 628 129 48 publ.
2139 638 93 30 soc.
2260 627 51 40 of

376 685 239 41 America.
687 684 280 49 (28-12812)

303 760 309 64 Jackman,
646 759 152 55 Rilla
831 761 244 64 Evelyn.

376 838 1936 69 American arts, by Rilla Evelyn Jackman … illustrated with
309 917 132 52 four
477 918 260 52 hundred
774 918 153 68 sixty
963 917 290 54 halftones
1291 918 147 51 from
1479 918 394 68 photographs
1909 918 109 51 and
2059 916 106 53 five
2202 916 111 52 line

307 994 1981 147 drawings. Chicago, New York [etc.] Rand, M c Nally & company [ ᶜ19 28 ]
376 1156 1269 48 xxxiii, 561. [1] p. CCXLVIII pl. on 128 l. 20 ᶜᵐ .
379 1214 70 39 “A
479 1212 367 49 bibliography”:
909 1224 41 36 p.
983 1213 216 40 527-530.

313 1265 51 52 ©
392 1270 115 47 May
532 1270 40 47 2,
599 1269 115 40 1928;
767 1270 67 39 2c.
862 1270 78 39 May
1002 1270 25 39 9;
1084 1268 82 42 aff.
1194 1270 115 47 May
1335 1269 25 39 5;
1416 1269 42 39 A
1484 1268 203 41 1077186;
1745 1270 154 47 Rand,
1930 1270 192 39 McNally
2184 1269 36 40 &
2247 1280 67 29 co.

391 1325 281 50 (28-12622)

312 1406 232 62 Jacobs,
580 1407 276 52 Frederic
887 1406 328 63 Burnham,
1254 1410 171 49 1880-

379 1487 124 52 The
530 1486 259 53 abrasive
815 1486 333 61 handbook;
1184 1505 30 33 a
1246 1486 277 66 complete
1551 1484 286 54 reference
1867 1486 158 51 work
2052 1504 72 34 on
311 1486 1980 132 abrasives

498 1565 113 52 and
653 1564 277 67 grinding
972 1565 246 66 practice
1261 1563 93 53 for
1395 1564 97 53 the
1531 1583 289 50 manager,
1863 1564 259 53 abrasive
311 1564 1980 146 engineer,

487 1642 489 68 superintendent,
1006 1642 279 67 foreman,
1313 1642 278 69 grinding
1619 1642 259 53 machine
1907 1649 269 61 operator
2206 1644 112 52 and

311 1719 2008 70 student, compiled by Fred B. Jacobs … 1st ed. Cleveland,
314 1800 86 63 O.,
448 1801 120 52 The
613 1802 225 51 Penton
883 1800 336 69 publishing
1264 1817 310 52 company;
1622 1799 260 68 London,
1926 1800 121 52 The
2095 1801 224 52 Penton

317 1879 333 68 publishing
676 1896 98 49 co.,
800 1879 121 66 ltd.,
952 1881 149 49 1928.

383 1960 1206 51 1 p. l., [vii]-xiv, 547 p. illus., diagrs. 24 ᶜᵐ .
317 2016 51 52 ©
398 2020 115 47 Apr.
541 2019 69 47 26,
640 2020 115 40 1928;
811 2020 67 39 2c.
909 2020 113 46 May
1051 2019 26 40 8;
1135 2018 82 41 aff.
1248 2020 115 47 May
1391 2020 26 39 3;
1476 2019 42 38 A
1545 2018 206 41 1077132;
1807 2020 187 39 Penton
2024 2019 111 48 pub.
2166 2029 67 31 co.

395 2076 282 49 (28-12719)

317 2157 219 62 James,
567 2157 201 62 Harry
798 2155 343 55 Clebourne.

385 2236 122 52 The
552 2239 253 48 treasure
850 2232 65 55 of
958 2234 97 53 the
1099 2234 248 67 Hopitu,
1392 2234 75 69 by
1513 2234 201 69 Harry
1763 2233 319 56 Clebourne
2129 2235 194 54 James

326 2311 494 71 (Honauwayma)
913 2311 56 53 A
1015 2317 158 64 story
1222 2311 65 53 of
1333 2312 97 53 the
1477 2311 254 54 Arizona
1782 2312 189 54 desert
2017 2311 66 55 of
2129 2314 195 68 today,

319 2390 1898 71 illustrations by Don Louis Percival. [Los Angeles, ᶜ19 27]
386 2473 982 49 2 p. l., 99, [1] p. front., illus. 20½ᶜᵐ.
321 2527 51 53 ©
408 2533 115 46 May
554 2531 70 48 28,
658 2532 141 45 1927;
835 2532 67 39 2c.
937 2532 95 38 and
1067 2530 82 42 aff.
1185 2532 114 46 May
1333 2531 69 47 12,
1437 2531 141 47 1928;
1614 2531 42 39 A
1689 2531 229 48 1077231;
1956 2532 60 40 H.
2056 2531 48 42 C.
2141 2533 179 47 James,

390 2589 94 39 Los
515 2588 220 48 Angeles.
807 2587 280 49 (28-12811)

317 2653 280 64 Jeffreys,
633 2654 245 62 George,
915 2652 325 53 1678-1755.

388 2733 121 51 The
552 2733 236 66 Merope
829 2731 65 53 of
936 2731 224 69 George
1200 2731 249 67 Jeffreys
1494 2751 59 33 as
1598 2750 31 34 a
1672 2750 193 34 source
1909 2731 65 53 of
2016 2733 308 54 Voltaire’s

318 2810 253 68 Mérope,
607 2811 75 67 by
720 2810 249 52 Thomas
1008 2810 255 52 Edward
1304 2809 214 54 Oliver.
1616 2811 256 66 [Urbana]
1917 2811 121 53 The
317 2812 1983 145 University

471 2887 64 53 of
572 2887 246 67 Illinois,
859 2886 150 54 1927.

390 2968 1933 51 Ill p. 27 ᶜᵐ . (Half-title: University of Illinois studies in language
321 3028 96 39 and
448 3027 272 39 literature,
784 3027 91 39 vol.
987 3058 7 15 XII,
1029 3036 75 30 no.
1136 3027 52 47 4)

394 3083 226 48 Jeffrey’s
650 3084 194 46 Merope:
903 3093 42 37 p.
980 3083 117 48 [33]-111;
1247 3083 350 48 Bibliography:
1657 3095 42 37 p.
1730 3084 159 41 31-32.

325 3136 51 52 ©
407 3141 123 40 Mar.
559 3140 40 46 3,
628 3140 141 46 1928;
800 3140 68 40 2c.
898 3141 95 38 and
1023 3139 82 41 aff.
1137 3141 122 39 Mar.
1288 3139 83 47 29;
1403 3140 40 38 A
1472 3140 229 47 1069681;
1736 3140 283 48 University
2050 3141 53 40 of
2133 3142 190 40 Illinois

390 3207 151 37 press,
572 3196 212 48 Urbana,
817 3197 74 39 Ill.
963 3196 281 47 (28-12898)

329 3261 277 69 [Jeffries,
645 3261 261 53 Graham
944 3263 342 65 Montague]
1330 3265 169 49 1900-

391 3341 155 52 Hate
575 3341 148 67 ship,
752 3341 74 67 by
861 3342 183 50 Bruce
1074 3339 242 55 Graeme
1371 3341 214 67 [pseud.]
1665 3342 259 67 London,
1957 3343 367 53 Hutchinson

322 3421 44 50 &
400 3437 79 34 co.
515 3419 102 52 ltd.
658 3421 170 64 [1928]

393 3501 86 41 286
508 3512 43 37 p.
611 3500 146 41 19½ᶜᵐ.

327 3554 1995 55 © 1c. Apr. 21, 1928; A ad int. 10942; pubd. Feb. 24; Dodd, Mead & co.,
395 3616 105 46 inc.,
530 3616 117 39 New
675 3615 144 40 York.
890 3615 280 49 (28-13491)

327 3679 343 63 Kauffman,
703 3680 227 62 Daniel,
962 3681 83 53 ed.

394 3758 303 55 Doctrines
733 3758 64 53 of
834 3760 95 51 the
968 3760 182 62 Bible,
1189 3779 30 32 a
1255 3759 155 52 brief
1446 3760 314 53 discussion
1797 3759 65 54 of
1897 3761 96 51 the
2029 3761 295 69 teachings

325 3836 65 52 of
424 3836 175 55 God’s
633 3838 199 65 Word,
867 3838 208 52 Daniel
1114 3837 335 68 Kauffman,
1487 3839 201 67 editor,
1725 3839 237 55 assisted
1996 3838 78 69 by
2110 3857 32 34 a
326 3858 1973 108 committee

327 3914 1972 131 of twenty-one brethren … Scottdale, Penna., Mennonite
432 3994 335 69 publishing
791 3994 191 67 house,
1012 3998 149 49 1928.
