2547 4432
1396 4087 68 53 46

498 526 272 48 “Designed
805 528 49 38 to
885 536 295 38 accompany
1212 527 81 40 the
1329 525 237 41 Stanford
1596 525 285 47 laboratory
1911 523 169 49 guides
2112 535 61 30 on
2206 524 82 41 the
426 526 1986 104 dogfish,

562 583 129 47 toad,
721 582 97 40 and
848 581 444 43 turtle.”—Introd.

499 638 134 41 “List
659 638 52 41 of
736 639 149 40 books
913 638 219 41 referred
1159 641 49 38 to
1233 638 51 40 in
1311 639 82 39 the
1422 637 161 41 text”:
1613 648 45 37 p.
1681 637 42 40 4.

432 690 52 52 ©
514 695 110 40 Jan.
654 695 40 47 3,
723 694 119 40 1928
856 705 9 37 ;
896 695 68 41 2c.
995 695 96 39 and
1120 693 82 42 aff.
1233 694 112 41 Jan.
1374 693 53 48 9;
1458 693 43 39 A
1529 691 231 48 1061136;
1796 691 236 42 Stanford
2063 693 130 41 univ.
2223 703 151 38 press.

509 749 252 51 (28-1845)

425 845 390 65 Tarkington,
850 846 212 63 Booth,
1100 849 172 50 1869-

498 923 191 55 Claire
718 924 257 59 Ambler,
1005 926 75 67 by
1112 925 189 52 Booth
1330 923 380 68 Tarkington.
1787 921 233 55 Garden
2052 921 154 72 City,
2235 922 68 53 N.
2337 923 93 68 Y.,

424 1002 358 69 Doubleday,
809 1003 200 53 Doran
1036 1005 46 50 &
1109 1020 299 50 company,
1436 1001 127 67 inc.,
1592 1003 150 50 1928.

498 1085 568 49 5 p. l., 253 p. 19½ᶜᵐ.
431 1138 52 52 ©
516 1142 110 41 Jan.
658 1142 41 48 3,
732 1142 143 47 1928;
909 1142 68 41 2c.
1009 1142 97 40 and
1139 1141 83 41 aff.
1255 1141 112 40 Jan.
1399 1141 83 46 27;
1518 1141 41 38 A
1591 1139 230 47 1061433;
1858 1140 300 47 Doubleday,
2195 1141 165 40 Doran
2396 1141 36 41 &

498 1210 81 37 co.,
612 1199 91 40 inc.

423 1294 211 53 Texas.
713 1294 179 53 Court
926 1295 64 67 of
1023 1292 264 54 criminal
1320 1292 251 68 appeals.

496 1369 1871 70 The Texas criminal reports; cases argued and adjudged …
426 1450 215 69 during
663 1450 264 67 October,
953 1449 364 68 1926-April,
1344 1448 149 53 1927.
1569 1448 292 68 Reported
1885 1448 77 69 by
1984 1449 91 53 W.
2099 1449 90 54 W.
2216 1448 212 54 Nelms,

426 1547 50 34 v.
507 1531 116 64 105,
654 1531 114 50 106.
846 1530 144 50 Fort
1015 1528 225 66 Worth,
1268 1528 156 65 Tex.,
1452 1527 121 51 The
1601 1526 234 53 Bunker
1863 1526 267 70 printing
2155 1527 275 68 products

428 1606 384 68 corporation,
845 1605 149 54 1927.

493 1690 29 39 2
551 1701 43 30 v.
652 1689 148 40 23½ᶜᵐ.

427 1758 42 29 v.
499 1745 100 49 105,
632 1742 52 52 ©
712 1746 116 48 Apr.
857 1746 40 47 1,
926 1745 142 47 1927;
1098 1745 69 40 2c.
1195 1744 115 49 Apr.
1342 1744 52 46 5;
1427 1755 42 30 v.
1501 1744 98 48 106,
1634 1740 52 52 ©
1716 1745 121 47 Aug.
1867 1745 55 47 3;
1955 1745 67 40 2c.
2053 1745 122 47 Aug.
2205 1744 83 47 10;
2322 1744 110 42 affs.

496 1804 119 39 Nov.
648 1803 83 47 21;
767 1801 42 40 A
843 1802 216 48 1061214,
1093 1801 231 48 1061215;
1361 1801 219 41 William
1613 1801 223 40 Webster
1870 1802 181 47 Nelms,
2087 1801 191 47 Austin,
2316 1801 117 42 Tex.

422 1912 72 54 U.
524 1912 58 54 S.
656 1913 184 66 Laws,
869 1917 256 62 statutes,
1156 1918 100 47 etc.

559 1988 1609 70 … Mason’s code, continuing the Citer-digest federal
429 1994 1978 127 annotation
586 2068 211 53 service
829 2068 113 53 and
974 2068 249 53 Mason’s
1255 2067 222 55 United
1512 2067 189 55 States
1733 2068 136 52 code
1901 2067 329 68 annotated,
2260 2068 174 53 based

424 2165 73 33 on
535 2151 122 48 text
696 2147 114 52 and
849 2146 374 54 distribution
1261 2144 64 55 of
1362 2164 124 34 new
1525 2146 137 52 code
1699 2144 65 54 of
1798 2145 141 54 laws
1976 2144 65 55 of
2076 2145 96 54 the
2209 2146 220 55 United

431 2223 2004 70 States … Giving text of all new acts of Congress of general
429 2303 373 70 application,
845 2303 150 53 Wm.
1043 2303 77 52 H.
1165 2303 223 68 Mason,
1434 2301 472 54 editor-in-chief.
1982 2303 68 52 R.
2098 2301 68 56 O.
2211 2303 224 68 Mason,

427 2380 2005 70 M. S. Chandler, assistant editors … [Quarterly pamphlet,
425 2478 51 33 v.
512 2461 49 55 4,
596 2478 89 33 no.
724 2463 47 51 5,
807 2459 281 68 January,
1124 2462 150 49 1928.
1354 2458 83 54 St.
1474 2459 168 66 Paul,
1676 2457 206 69 Minn.,
1920 2458 374 69 Citer-digest
2330 2478 100 48 co.,

429 2540 151 63 1928]

496 2619 484 49 2 p. l., 137 p. 25½ᶜᵐ.
428 2672 52 53 ©
513 2676 109 41 Jan.
654 2676 69 48 13,
755 2676 143 48 1928;
931 2677 68 41 2c.
1031 2677 96 40 and
1159 2676 82 42 aff.
1275 2677 111 42 Jan.
1419 2677 82 47 16;
1536 2677 41 40 A
1609 2676 229 49 1018428;
1875 2676 314 50 Citer-digest
2221 2688 68 31 co.

423 2785 131 54 Van
592 2785 275 64 Yoorhis,
907 2786 156 53 John
1103 2786 40 55 S
1368 2790 173 50 1882-

495 2865 56 53 A
581 2865 203 68 pocket
817 2865 188 69 digest
1036 2864 65 54 of
1131 2866 200 53 crimes
1365 2867 113 52 and
1510 2866 265 53 criminal
1806 2866 313 68 procedure
2149 2866 61 53 in
424 2867 1982 145 Pennsylvania,

739 2944 77 68 by
850 2944 158 54 John
1047 2943 55 55 S.
1197 2963 73 33 Van
1305 2944 266 54 Yoorhis.
1650 2944 131 54 17th
1817 2945 86 53 ed.
1984 2944 448 69 [Philadelphia,

424 3021 205 67 Leary,
657 3021 203 55 Stuart
884 3023 46 50 &
955 3039 99 49 co.]
1091 3023 149 51 1928.

530 3135 9 15 x,
564 3103 85 40 122
674 3114 43 37 p.
777 3103 148 41 15½ᶜᵐ.

429 3156 52 53 ©
510 3161 110 40 Jan.
647 3161 40 47 3,
716 3161 143 47 1928;
888 3161 68 40 2c.
984 3161 97 40 and
1109 3161 82 41 aff.
1220 3162 110 42 Jan.
1359 3163 54 46 4;
1444 3162 41 40 A
1513 3162 230 48 1018142;
1776 3163 44 41 J.
1851 3163 47 40 S.
1927 3163 106 39 Van
2062 3162 222 48 Voorhis,
2314 3162 119 41 New

494 3217 145 41 York.
710 3217 252 48 (28-1689)

424 3310 319 64 Voorhees,
778 3311 270 54 Gardner
1079 3312 200 55 Tufts.

494 3387 122 54 The
648 3388 384 68 compression
1065 3389 417 71 refrigerating
1511 3391 280 68 machine,
1824 3390 310 70 analyzing
2163 3409 174 51 many
2368 3390 66 53 of

424 3465 96 53 the
551 3465 280 69 practical
864 3467 112 53 and
1010 3467 335 54 theoretical
1376 3469 216 54 studies
1622 3469 270 54 involved
1925 3469 60 53 in
2015 3468 99 54 the
2146 3468 188 54 action
2367 3467 66 54 of

425 3544 95 53 the
554 3544 385 68 compression
976 3543 416 72 refrigerating
1427 3546 279 68 machine,
1740 3546 302 70 including
2075 3546 74 54 its
424 3547 1984 143 thermodynamics

750 3621 115 53 and
897 3622 74 53 its
1003 3621 286 54 indicator
1318 3623 283 70 diagram,
1630 3624 140 53 with
1803 3644 31 33 a
1864 3624 174 70 study
2067 3623 66 54 of
2161 3624 84 53 ice
425 3623 1982 145 making

558 3699 1811 72 and its application thereto. By Gardner T. Voorhees …
427 3776 271 70 Chicago,
724 3777 316 53 Nickerson
1065 3779 47 51 &
1138 3777 222 55 Collins
1386 3796 79 36 co.
1501 3781 194 67 [ᶜ1927]

494 3859 97 49 xvi,
633 3860 86 40 608
758 3871 45 37 p.
873 3860 143 48 illus.,
1057 3860 105 41 fold.
1285 3892 9 17 pl.,
1335 3862 158 40 tables
1521 3861 138 50 (part
1697 3863 146 48 fold.)
1891 3863 181 49 diagrs.
2099 3863 139 49 (part
2275 3863 147 49 fold.)

423 3916 147 41 20½ᶜᵐ.

430 3967 52 53 ©
511 3972 112 41 Dec.
650 3971 70 49 31,
748 3972 143 46 1927;
920 3973 68 39 2c.
1017 3973 95 40 and
1141 3973 82 41 aff.
1252 3974 111 40 Jan.
1391 3973 40 48 6,
1461 3974 141 48 1928;
1632 3975 42 41 A
1701 3975 232 49 1061037;
1964 3976 266 42 Nickerson
2262 3977 37 39 &
495 3975 1917 95 Collins
624 4040 68 31 co.
765 4028 252 52 (28-1288)
