2498 4384
1326 4068 137 53 1370

458 494 140 47 Maps
628 504 60 29 on
716 492 341 49 lining-paper.

383 561 53 52 ©
463 565 120 47 Aug.
609 563 69 49 29,
706 563 114 41 1928;
876 564 68 40 2c.
971 564 97 39 and
1094 562 83 40 aff.
1207 562 130 48 Sept.
1364 562 30 40 7;
1446 561 41 39 A
1515 559 231 47 1054140;
1777 559 161 49 Reilly
1966 561 97 39 and
2089 560 95 40 Lee
2211 570 68 30 co.

462 620 281 50 (28-21062)

380 715 281 64 Bennett,
697 714 245 54 Arnold.

454 793 453 54 Train-de-luxe.
980 792 392 68 [Instalments
1406 795 118 64 1-5]

483 878 61 39 (In
575 874 203 43 London
809 872 149 53 Daily
990 871 234 54 express)

385 930 2004 52 © 1c. each Sept. 14, 1928; A ad int. 11759; pubd. July 16-20; Enoch
454 991 184 39 Arnold
668 991 224 46 Bennett,
926 990 214 41 London.

524 1085 575 67 Train-de-luxe. [Instalments 6-8]
486 1168 61 39 (In
577 1164 204 43 London
812 1162 149 53 Daily
993 1162 234 53 express)

386 1220 2006 53 © 1c. each Sept. 17, 1928; A ad int. 11760; pubd. July 21, 23, 24: Enoch
455 1281 185 40 Arnold
670 1281 224 47 Bennett,
928 1279 214 41 London.

385 1374 272 64 Binkley,
688 1373 252 55 Wilfred
971 1372 342 64 Ellsworth,
1345 1377 173 50 1883-

452 1452 298 54 Problems
786 1452 114 52 and
936 1451 273 55 exercises
1246 1451 61 53 in
1344 1451 309 53 American
1692 1456 391 64 government,
2120 1451 278 68 national,

381 1529 2015 70 state, municipal and local, by W. E. Binkley … 3d ed., rev.
381 1610 152 67 Ada,
561 1609 88 68 O.,
674 1610 91 53 W.
794 1609 67 52 E.
889 1608 268 69 Binkley,
1186 1611 151 50 1928.

454 1691 275 49 112 p. 23 ᶜᵐ.
386 1745 53 53 ©
469 1749 128 48 Sept.
623 1749 40 48 3,
690 1749 115 40 1928;
861 1749 68 40 2c.
955 1749 97 39 and
1079 1748 82 41 aff.
1191 1748 130 48 Sept.
1348 1748 26 40 5;
1430 1748 41 39 A
1497 1747 206 41 1054100;
1758 1749 72 40 W.
1857 1748 54 40 E.
1939 1747 223 49 Binkley,
2191 1747 120 47 Ada,
2341 1748 53 40 O.

466 1805 281 49 (28-21538)

385 1900 243 63 Biegen,
659 1899 135 54 Carl
822 1898 279 56 William.

455 1977 311 70 Zygouries;
828 1997 31 33 a
889 1976 345 69 prehistoric
1260 1977 323 53 settlement
1610 1977 62 53 in
1698 1977 96 54 the
1823 1977 190 68 valley
2041 1976 67 55 of
2136 1977 263 68 Cleonae,

382 2054 2016 73 by Carl W. Biegen, PH . D. Cambridge, Mass., Pub. for the
382 2134 312 54 American
726 2133 192 54 school
953 2133 65 54 of
1052 2134 257 53 classical
1343 2133 216 54 studies
1593 2139 60 48 at
1686 2134 241 68 Athens,
1961 2134 278 54 Harvard
383 2135 1991 147 university

633 2231 177 50 press,
846 2214 151 51 1928.

455 2296 1942 49 xviii p., 1 l., 227 p., 1 l. illus. (incl. plans) XXII pl. (1 double: 20
384 2353 238 49 col.) 31 ᶜᵐ.
385 2410 1996 100 “The excavations … were conducted by the American school of classical
489 2467 188 41 studies
704 2468 50 39 in
783 2469 95 39 two
907 2467 295 49 campaigns,
1230 2467 52 39 in
1310 2468 82 40 the
1420 2466 170 50 spring
1615 2467 53 41 of
1693 2467 114 40 1921
1836 2469 97 39 and
1959 2468 51 40 in
2037 2469 84 39 the
2145 2469 102 39 late
384 2479 1996 86 summer
517 2525 52 40 of
597 2523 354 42 1922.”—Pref.

390 2577 53 53 ©
478 2581 128 48 Sept.
638 2581 38 48 1,
709 2581 141 47 1928;
882 2581 68 40 2c.
984 2580 129 48 Sept.
1143 2580 55 47 4;
1233 2579 82 42 aff.
1351 2579 128 49 Sept.
1511 2580 82 47 10;
1629 2579 41 40 A
1700 2580 231 48 1054190;
1966 2581 233 40 Trustees
2232 2581 52 40 of
2316 2581 82 40 the

458 2638 146 39 Amer.
645 2638 164 40 school
836 2637 52 40 of
915 2637 226 41 classical
1170 2636 188 41 studies
1387 2639 52 37 at
1467 2637 200 48 Athens,
1698 2637 302 49 Cambridge,
2032 2638 149 40 Mass.

468 2695 282 48 (28-21653)

393 2787 420 69 [Blumenthal,
852 2787 265 67 Charles]

457 2865 153 55 Gold
652 2870 120 48 star
816 2865 221 66 album;
1086 2883 73 35 an
1203 2864 513 55 Alsace-Lorraine
1757 2866 299 53 memorial
2100 2867 299 54 dedicated

385 2949 59 47 to
475 2943 97 54 the
602 2943 252 53 mothers
884 2942 65 54 of
978 2943 96 53 the
1106 2943 311 58 American
1447 2943 239 54 soldiers
1717 2944 127 53 who
1878 2944 213 70 fought
2122 2946 113 56 and
2267 2945 132 54 died

386 3040 74 35 on
488 3022 97 53 the
616 3021 107 54 soil
752 3020 67 54 of
846 3021 236 53 France.
1164 3021 159 67 [New
1354 3021 181 68 York,
1565 3022 71 53 N.
1669 3021 92 69 Y.,
1791 3022 284 70 Republic
2102 3023 297 54 memorial

386 3098 833 72 publishing co., inc., ᶜ1 928]
458 3182 1590 51 1 p. l. , [5]-829 p. incl. plates, ports., maps, facsims. 32 ᶜᵐ.
458 3241 292 40 Illustrated
782 3239 380 49 lining-papers;
1200 3241 106 39 text
1340 3239 174 41 within
1549 3243 307 39 ornamental
1890 3242 191 41 border.

460 3298 130 40 “The
624 3298 138 40 short
796 3296 190 48 history
1022 3297 112 40 tells
1169 3297 135 39 what
1339 3298 83 39 the
1456 3297 261 41 American
1752 3298 205 41 soldiers
1993 3298 85 40 did
2112 3298 52 40 in
2196 3299 201 41 France.

388 3354 248 42 Histories
674 3353 54 42 of
763 3354 84 40 the
884 3353 237 41 divisions
1160 3353 52 40 of
1249 3354 83 39 the
1369 3353 54 41 A.
1461 3354 53 40 E.
1553 3353 52 42 F.
1643 3355 111 40 that
1791 3365 101 30 saw
1929 3355 161 41 active
2126 3355 184 41 service
2346 3356 49 40 in

388 3409 2009 44 France … An honor list of those who fell in action in Alsace-Lorraine
438 3466 1959 50 … Over four hundred carefully selected war pictures …”—Foreword,
387 3525 170 49 signed:
628 3524 203 42 Charles
872 3524 332 42 Blumenthal.

457 3582 158 40 Helen
644 3582 192 39 Merton
867 3581 201 48 Hoyem,
1100 3579 269 42 co-author.

391 3633 53 53 ©
474 3638 120 48 Aug.
622 3638 69 47 23,
721 3637 115 41 1928;
893 3638 69 40 2c.
992 3639 97 39 and
1118 3637 83 41 aff.
1234 3637 128 48 Sept.
1391 3637 56 39 12;
1505 3637 41 39 A
1575 3637 205 41 1054277;
1839 3637 49 43 C.
1918 3638 331 47 Blumenthal,
2280 3639 117 41 New

460 3695 145 40 York.
676 3694 282 49 (28-21654)

397 3785 204 69 [Bond,
630 3786 146 53 Paul
808 3786 265 69 Stanley]
1112 3788 170 54 1879-

459 3861 172 55 Basic
654 3864 261 70 military
940 3865 261 69 training;
1258 3884 32 34 a
1314 3871 123 48 text
1459 3866 150 53 book
1633 3866 95 54 for
1751 3868 98 53 the
1873 3868 69 53 R.
1969 3867 69 55 O.
2063 3869 50 51 T.
2159 3867 61 55 C.
2245 3868 156 53 basic

387 3958 214 52 course,
651 3943 283 68 prepared
982 3944 184 57 under
1214 3944 96 57 the
1361 3944 281 55 direction
1691 3945 65 54 of
1803 3946 220 56 United
2076 3945 190 57 States
2315 3946 82 54 in-
