2498 4384
1289 4115 100 50 822

338 515 292 53 dezember
681 518 160 62 1922;
889 516 144 52 nach
1082 516 155 52 einer
1284 535 127 33 vom
1460 517 419 67 Vortragenden
1924 517 162 52 nicht
340 517 1969 146 durchgesehenen
703 594 373 53 nachschrift.
1153 595 289 65 Dornach,
340 594 1975 146 Philosophisch-anthroposophischer
636 673 197 67 vertag
862 672 412 68 Goetheanum,
1304 672 150 54 1927.

409 754 410 50 56 p. 28 ½ x 22 ½ ᶜᵐ.
414 814 60 39 At
517 814 124 39 head
687 814 51 39 of
781 814 109 39 title
908 824 8 29 :
950 814 85 39 Als
1078 814 311 48 mamiskript
1432 814 84 39 für
1560 814 78 40 die
1681 813 325 48 allgehörigen
2050 815 85 38 der
2177 814 157 39 freien

340 870 1890 48 Hochschule für geistes Wissenschaft·, Goetheanum, Masse i, gedruckt …
344 924 1976 111 © Nov. 19, 1927; 1c. Dec. 1; A —Foreign 36493; Philosophischanthroposophischer vertag. (28-14025)
336 1065 296 63 Strecker,
666 1066 254 53 Edward
953 1065 211 64 Adam,
1200 1069 172 50 1886-

339 1143 1976 148 Practical clinical psychiatry for students and practitioners, by Edward A. Strecker … and Franklin G. Ebaugh …
340 1299 1999 70 2d ed., enl. and rev. … Philadelphia, P. Blakiston’s son & co.
343 1380 194 65 [ ᶜ1 928 ]
406 1459 853 49 xviii, 458 p. illus., diagrs. 21½ ᶜᵐ.
412 1516 348 42 “References”
787 1518 52 39 at
862 1519 92 39 end
981 1518 52 40 of
1054 1519 127 39 most
1206 1517 53 41 of
1283 1519 83 39 the
1390 1518 241 48 chapters.

342 1571 51 51 ©
429 1576 114 47 May
575 1575 69 48 22,
679 1575 115 40 1928;
855 1576 68 40 2c.
958 1577 114 46 May
1105 1576 82 47 23;
1224 1575 84 41 aff.
1343 1577 113 46 May
1489 1576 83 46 24;
1608 1576 42 39 A
1683 1575 229 47 1077427;
1950 1576 52 40 P.
2037 1575 300 42 Blakiston’s

412 1642 86 30 son
538 1632 36 40 &
612 1643 67 29 co.
750 1632 280 49 (28-13767)

337 1713 234 63 Strube,
606 1714 247 63 Gustav,
888 1715 171 52 1867-

412 1792 119 52 The
563 1793 203 68 theory
799 1793 114 52 and
945 1811 97 34 use
1074 1792 63 53 of
1170 1794 233 66 chords;
1441 1812 31 33 a
1506 1793 296 52 text-book
1836 1792 63 53 of
1932 1793 300 68 harmony,
2264 1792 75 68 by

341 1868 1995 71 Gustav Strube … Boston, Oliver Ditson company; New
342 1947 1332 69 York, C. H. Ditson & co.; [etc., etc., ᶜ1 928]
407 2030 1921 49 4 p. l., 197 p. illus. (music) 20½ ᶜᵐ. (The music students library)
341 2083 52 52 ©
433 2087 114 48 Apr.
586 2090 41 45 4,
667 2088 114 41 1928;
850 2089 67 40 2c.
958 2090 95 39 and
1094 2088 82 42 aff.
1215 2088 114 49 Apr.
1370 2089 55 40 16;
1494 2089 40 39 A
1574 2088 203 41 1069790;
1848 2088 165 41 Oliver
2052 2088 178 40 Ditson
2268 2099 67 30 co.

422 2145 278 47 (28-13833)

337 2224 254 64 Thayer,
627 2226 176 53 Clark
837 2226 287 63 Leonard,
1162 2230 171 49 1890-

405 2301 221 71 Spring
664 2304 295 69 flowering
997 2305 182 66 bulbs,
1219 2305 187 68 hardy
1444 2305 112 52 and
1598 2304 279 53 desirable
1915 2304 293 53 materials
2252 2303 88 53 for

334 2381 2005 71 use in the home garden, by Clark L. Thayer … New York,
334 2458 232 71 Orange
614 2460 161 53 Judd
824 2461 337 69 publishing
1208 2479 300 50 company,
1556 2460 107 54 inc.;
1743 2461 259 67 London,
2050 2461 75 52 K.
2174 2461 166 63 Paul,

333 2538 241 67 Trench,
604 2538 261 52 Trubner
894 2541 46 50 &
969 2557 299 50 company,
1296 2539 123 67 ltd.,
1452 2542 149 50 1928.

331 2622 2004 104 123 p. front., plates, diagr. 19 ᶜᵐ. (Lettered on cover: Farm and garden library)
342 2731 52 52 ©
422 2736 113 47 Apr.
563 2735 67 47 12,
659 2735 117 40 1928;
828 2736 67 40 2c.
923 2737 96 38 and
1046 2735 82 42 aff.
1156 2736 116 47 May
1298 2735 82 47 25;
1410 2735 40 39 A
1477 2735 230 47 1074686;
1739 2735 191 48 Orange
1958 2735 132 41 Judd
2118 2735 109 49 pub.
2253 2746 83 38 co.,

410 2792 91 41 inc.
572 2792 281 49 (28-13921)

336 2872 357 64 Thompson,
724 2872 204 54 James
958 2872 294 64 Westfall,
1289 2876 170 50 1869-

337 2950 2004 146 … An economic and social history of the middle ages (300-1300) by James Westfall Thompson … New York, London,
334 3105 750 70 The Century co. [ ᶜ1 928]
402 3189 64 48 ix,
508 3190 85 40 900
633 3201 44 37 p.
736 3189 144 49 illus.,
921 3200 137 38 maps
1086 3189 135 49 (part
1260 3189 144 47 fold.)
1473 3190 117 40 23ᶜᵐ.
1661 3191 124 47 (The
1826 3189 214 49 Century
2082 3189 252 41 historical

331 3246 178 47 series)
633 3245 133 49 $5.00

405 3302 449 48 “Bibliographies”
872 3313 9 29 :
916 3314 42 36 p.
990 3302 217 41 809-850.

344 3355 52 52 ©
432 3361 113 46 May
577 3360 69 44 22,
681 3358 140 42 1928;
857 3359 68 40 2c.
959 3360 95 38 and
1089 3357 82 42 aff.
1207 3360 114 46 May
1354 3359 83 46 25;
1473 3359 41 39 A
1549 3358 228 48 1074689;
1816 3359 214 48 Century
2065 3370 69 29 co.

423 3416 279 48 (28-13688)

338 3495 355 64 Thompson,
724 3496 164 52 Ruth
919 3495 251 64 Plumly,
1207 3499 171 49 1893-

404 3574 123 51 The
552 3573 162 68 giant
738 3573 165 53 horse
928 3572 65 53 of
1020 3573 101 68 Oz,
1146 3574 76 68 by
1248 3574 160 52 Ruth
1433 3574 235 68 Plumly
1693 3575 332 67 Thompson;
2084 3573 253 53 founded

334 3669 72 33 on
443 3651 112 52 and
591 3651 338 69 continuing
963 3652 96 51 the
1095 3651 227 52 famous
1357 3650 83 55 Oz
1477 3652 200 52 stories
1709 3652 76 68 by
1818 3652 63 52 L.
1919 3652 199 51 Frank
2152 3652 181 52 Baum

396 3728 1941 70 … illustrated by John R. Neill. Chicago, New York, The
334 3805 757 69 Reilly & Lee co. [ ᶜ1 928]
403 3889 1413 49 5 p. l., [15]-283 p. col. front., illus., col. plates. 23½ ᶜᵐ.
404 3946 289 41 Illustrated
726 3945 364 50 lining-papers.

345 3999 51 51 ©
438 4004 114 46 May
587 4002 69 48 25,
696 4002 140 47 1928;
876 4003 68 40 2c.
983 4004 96 38 and
1117 4002 81 41 aff.
1240 4004 113 45 May
1391 4004 81 46 31;
1513 4003 41 39 A
1591 4002 229 48 1074759;
1863 4002 159 49 Reilly
2062 4003 36 39 &
2137 4002 91 41 Lee
2266 4014 68 30 co.

422 4059 279 48 (28-13881)
