2542 4417
1194 4133 65 54 15

265 539 483 50 8 p. l., 75 p. 21ᶜᵐ.
265 615 185 39 Poems.

266 667 341 44 Introduction
642 667 196 48 signed;
874 665 217 40 Blanche
1128 663 298 42 Shoemaker
1458 662 259 49 Wagstaff.

197 739 52 52 ©
279 742 112 40 Dec.
418 740 71 47 21,
519 739 115 40 1927;
692 739 69 39 2c.
790 737 97 39 and
916 735 83 41 aff.
1029 736 114 40 Dec.
1172 735 84 47 31;
1288 735 41 39 A
1358 733 231 48 1018066;
1623 735 190 40 Harold
1845 734 158 48 Vinal,
2034 734 88 40 ltd.

275 796 221 52 (28-745)

196 892 351 62 Robertson,
581 889 201 55 Frank
816 889 63 55 C.

267 964 1946 72 The man branders, by Frank C. Robertson … New York.
199 1050 70 53 N.
297 1049 92 68 Y.,
417 1047 266 67 Newark,
710 1047 71 53 N.
809 1046 76 68 J.,
912 1047 180 52 Barse
1117 1047 47 51 &
1189 1063 80 35 co.
1303 1077 13 35 [
1321 1050 18 22 c
1344 1047 153 64 1928]

264 1133 89 41 319
371 1143 44 38 p.
475 1131 130 41 illus.
665 1130 148 41 19½ᶜᵐ.

199 1201 52 53 ©
281 1205 110 40 Jan.
421 1203 38 47 5,
490 1202 142 47 1928;
664 1203 68 40 2c.
762 1201 112 40 Jan.
903 1200 52 47 6;
988 1199 83 41 aff.
1102 1200 113 41 Jan.
1244 1200 54 46 7;
1330 1199 41 39 A
1401 1198 233 41 1018261;
1667 1200 156 38 Barse
1853 1198 37 40 &
1919 1209 69 30 co.

279 1260 223 50 (28-678)

199 1357 306 63 Sangster,
531 1355 141 53 Mrs.
701 1354 309 64 Margaret
1038 1351 312 54 Elizabeth
1386 1350 318 66 (Munson)
1742 1353 329 52 1838-1912.

267 1428 1950 74 Happy school days, by Margaret E. Sangster … St. Louis,
200 1514 132 65 Mo.,
365 1511 322 55 Concordia
719 1510 339 70 publishing
1087 1510 193 68 house,
1314 1509 152 54 1927.

267 1598 85 39 271
374 1607 44 38 p.
477 1595 149 41 18½ᶜᵐ.

269 1668 134 40 First
424 1667 257 49 published
703 1666 51 40 in
774 1665 130 42 1909.

201 1735 52 53 ©
283 1739 120 41 Nov.
435 1737 70 49 30,
537 1737 143 47 1927;
713 1738 69 39 2c.
815 1737 97 40 and
945 1736 82 41 aff.
1060 1736 113 40 Jan.
1204 1737 41 47 7,
1279 1734 142 48 1928;
1457 1736 41 39 A
1530 1735 233 47 1018270;
1800 1735 271 41 Concordia
2104 1735 113 48 pub.

268 1797 166 40 house.
505 1794 223 50 (28-914)

199 1892 276 63 Sargent,
514 1890 229 64 George
779 1890 225 63 Henry,
1045 1887 172 55 1867-

270 1970 121 53 The
438 1969 266 69 writings
750 1967 65 54 of
858 1967 73 54 A.
976 1967 259 54 Edward
1281 1967 273 67 Newton;
1604 1985 33 34 a
1682 1966 415 70 bibliography
2142 1966 78 70 by

204 2048 219 70 George
461 2047 78 53 H.
582 2046 267 70 Sargent,
888 2046 142 53 with
1068 2045 346 70 cogitations
1453 2045 76 70 by
1571 2044 384 70 Christopher
1994 2045 224 70 Morley

264 2123 1546 71 … Philadelphia, The Rosenbach company, 1927.
341 2241 9 17 xx,
379 2209 56 41 52
463 2220 45 37 p.
567 2208 166 48 front.,
763 2210 165 46 ports.,
957 2207 194 41 facsim.
1210 2207 119 41 26ᶜᵐ.

273 2268 133 40 Each
438 2267 133 48 plate
603 2265 346 49 accompanied
980 2266 63 47 by
1075 2266 158 48 guard
1265 2266 139 40 sheet
1436 2265 121 41 with
1591 2264 296 50 descriptive
1920 2267 302 47 letterpress.

274 2324 94 41 “Of
394 2324 100 40 this
521 2323 187 41 edition
735 2323 333 41 one-hundred
1096 2323 97 39 and
1222 2326 82 38 ten
1332 2322 161 49 copies
1521 2323 127 42 have
1676 2323 120 40 been
1824 2322 197 50 printed
2050 2323 61 48 by
2140 2324 83 40 the

204 2381 241 43 Rumford
474 2391 151 38 press,
657 2380 232 49 Concord,
919 2380 120 40 New
1066 2379 345 49 Hampshire.”
1469 2379 120 41 This
1619 2391 122 38 copy
1770 2382 85 39 not
1884 2380 282 41 numbered.

206 2435 52 53 ©
291 2439 113 41 Dec.
435 2439 70 48 26,
539 2438 142 46 1927;
714 2440 70 39 2c.
817 2438 114 41 Dec.
963 2438 83 47 23;
1082 2437 83 42 aff.
1200 2438 114 40 Dec.
1347 2438 84 47 31;
1467 2438 42 39 A
1540 2437 233 47 1018096;
1812 2437 53 42 G.
1900 2439 63 40 H.
1999 2438 222 48 Sargent,

273 2497 219 47 Warner,
529 2495 57 43 N.
620 2496 62 40 H.
753 2494 223 50 (28-483)

209 2589 287 70 [Sinclair,
530 2591 141 53 Mrs.
706 2589 230 55 Bertha
978 2589 300 69 (Muzzy)]
1322 2589 173 55 1874-

276 2670 205 54 Points
533 2674 156 64 west,
741 2669 76 70 by
871 2671 69 52 B.
993 2669 81 53 M.
1131 2670 206 53 Bower
1416 2669 218 69 [pseud.]
1733 2671 237 67 Boston,
2027 2670 197 69 Little,

207 2750 230 66 Brown,
460 2749 115 53 and
597 2766 301 52 company,
924 2751 151 51 1928.

276 2832 62 48 vi,
363 2832 100 48 325,
492 2834 55 48 [1]
575 2843 44 38 p.
679 2831 150 43 19½ᶜᵐ.

209 2886 52 53 ©
300 2891 111 41 Jan.
449 2891 40 47 3,
529 2890 143 47 1928;
713 2890 69 41 2c.
822 2891 97 40 and
957 2889 84 43 aff.
1081 2891 112 41 Jan.
1233 2890 53 47 6;
1329 2890 43 40 A
1409 2890 234 48 1061031;
1686 2891 165 48 Little,
1893 2892 193 46 Brown,
2129 2893 97 39 and

276 2959 250 37 company.
597 2947 224 50 (28-562)

207 3040 298 65 Slouschz,
541 3041 262 64 Nahum,
840 3042 172 55 1872-

278 3121 239 54 Travels
560 3121 61 53 in
664 3121 191 54 North
896 3121 228 68 Africa,
1165 3121 78 70 by
1284 3121 233 53 Nahum
1565 3120 292 56 Slouschz.
211 3122 1992 146 Philadelphia,
400 3200 121 54 The

555 3200 221 55 Jewish
808 3200 357 69 publication
1198 3200 214 70 society
1444 3199 66 55 of
1542 3199 290 71 America,
1867 3201 153 55 1927.

315 3314 8 16 x,
347 3283 86 41 488
456 3294 44 38 p.
560 3283 118 41 20ᶜᵐ.

283 3340 129 41 “The
450 3343 198 46 present
685 3341 193 41 volume
916 3341 42 41 is
997 3342 207 40 devoted
1243 3343 50 39 to
1332 3352 30 29 a
1402 3341 301 49 description
1742 3342 53 41 of
1833 3344 84 40 the
1955 3345 182 39 results
2177 3344 52 40 of

212 3408 78 37 my
316 3398 200 41 various
544 3409 210 38 voyages
785 3399 97 40 and
911 3400 83 40 the
1021 3398 307 42 conclusions
1358 3400 24 39 I
1414 3399 196 41 arrived
1640 3402 54 38 at
1722 3402 214 47 through
1967 3402 84 40 the
2082 3402 147 48 study

213 3455 51 39 of
291 3458 82 38 the
401 3457 284 40 documents
712 3457 214 47 relating
953 3459 47 38 to
1028 3458 84 39 the
1140 3457 132 40 Jews
1301 3457 52 40 of
1380 3457 560 47 Africa.”—Foreword,
1970 3470 44 37 p.
2042 3458 188 42 viii-ix.

213 3508 53 53 ©
298 3514 119 41 Nov.
449 3515 70 47 22,
553 3514 143 47 1927;
731 3515 69 40 2c.
835 3515 97 40 and
965 3514 84 42 aff.
1082 3515 120 41 Nov.
1237 3515 83 47 25;
1357 3515 44 39 A
1434 3514 233 49 1018154;
1705 3515 185 42 Jewish
1927 3515 303 51 publication

281 3581 94 32 soc.
405 3572 52 40 of
484 3572 242 41 America.
799 3571 222 50 (28-924)

212 3664 215 65 Smith,
459 3666 148 53 Paul
642 3666 268 64 Jordan-,
949 3670 172 51 1885-

281 3742 58 54 A
361 3742 109 71 key
496 3749 59 48 to
578 3744 95 54 the
699 3745 237 69 Ulysses
959 3744 66 54 of
1049 3746 196 54 James
1269 3746 198 69 Joyce,
1490 3746 77 69 by
1592 3747 151 52 Paul
1767 3747 227 55 Jordan
2022 3746 209 57 Smith.

215 3817 271 74 Chicago,
513 3822 66 54 P.
609 3821 217 68 Covici,
855 3822 152 55 1927.

285 3904 1110 52 6 p. l., 15-89 p. incl. double map. 21½ᶜᵐ.
288 3960 145 42 “This
469 3962 109 40 first
613 3962 187 41 edition
835 3963 209 42 consists
1080 3964 53 40 of
1167 3963 113 41 nine
1317 3965 224 40 hundred
1578 3966 97 40 and
1712 3965 135 49 sixty
1879 3967 206 49 copies.”

218 4011 52 53 ©
299 4017 103 41 Oct.
428 4017 41 48 4,
498 4018 142 47 1927;
670 4018 69 42 2c.
769 4019 113 41 Dec.
911 4021 83 45 27;
1025 4019 84 42 aff.
1139 4020 112 41 Jan.
1281 4020 40 50 5,
1350 4021 143 49 1928;
1525 4021 43 43 A
1596 4021 231 53 1018216;
1861 4024 176 42 Pascal
2067 4024 167 42 Covici

285 4074 263 50 publisher,
579 4075 92 43 inc.
742 4076 223 52 (28-942)
