2498 4384
1021 4102 100 49 815

75 431 239 63 Lionell,
348 430 315 64 Vaughan.

71 504 1979 153 … Selections from manuscripts of Vaughan Lionell. Boston,
216 585 993 68 The Stratford company [ ᶜ1 928]
140 665 976 55 31 p. 25 ᶜᵐ. (The Stratford poets)
142 729 73 41 On
243 738 140 31 cover
401 738 11 29 :
442 728 102 39 The
574 727 249 41 Stratford
851 726 232 39 booklets.

79 783 51 53 ©
170 787 114 48 Apr.
322 785 70 48 26,
462 785 111 47 1928;
614 785 67 41 2c.
722 785 115 47 May
874 783 54 47 2;
970 781 84 43 aff.
1094 783 113 47 May
1248 782 52 46 1;
1344 782 40 39 A
1423 780 230 48 1077042;
1698 781 251 42 Stratford
1990 792 82 37 co.,

149 844 289 48 publishers.
509 840 281 51 (28-13849)

74 938 280 63 Literary
377 936 163 65 guild
568 936 63 53 of
656 933 295 55 America.

139 1010 1939 70 The Guild annual … New York, The Literary guild of
67 1093 286 68 America,
387 1096 149 49 1928.

136 1178 87 39 217
259 1188 42 37 p.
362 1176 129 41 illus.
522 1175 198 49 (ports.)
789 1174 146 40 18½ᶜᵐ.

79 1229 51 52 ©
166 1234 121 40 Mar.
323 1234 40 46 1,
398 1232 116 40 1928;
575 1233 69 39 2c.
678 1233 115 46 May
826 1233 28 38 21;
947 1231 81 41 aff.
1065 1234 114 46 May
1213 1232 56 39 24;
1335 1231 40 38 A
1409 1230 203 40 1077403;
1678 1229 227 48 Literary
1941 1229 131 47 guild

149 1290 51 40 of
234 1290 237 46 America,
508 1289 90 40 inc.
670 1288 281 50 (28-13527)

73 1383 223 65 Lynch,
329 1383 154 54 John
518 1383 227 54 Gilbert
775 1382 229 63 Bohun,
1042 1384 170 51 1884-

204 1460 1872 68 … The Italian Riviera; its scenery, customs, and food, with
67 1547 161 48 notes
270 1560 157 49 upon
471 1542 97 52 the
610 1541 295 52 Maritime
952 1541 162 67 Alps,
1158 1541 77 68 by
1279 1540 208 52 Bohun
1532 1540 216 68 Lynch.
1842 1539 234 55 Garden

73 1620 151 68 City,
257 1621 70 52 N.
361 1621 73 52 Y.,
485 1620 357 68 Doubleday,
877 1620 197 51 Doran
1109 1621 46 50 &
1186 1636 299 51 company,
1520 1618 127 68 inc.,
1683 1621 150 50 1928.

141 1703 97 46 xiv,
271 1702 84 41 271
388 1714 43 37 p.
493 1704 87 39 col.
611 1702 164 47 front.,
807 1704 173 46 plates.
1040 1703 146 38 17½ᶜᵐ.
1257 1700 126 48 (The
1417 1701 74 41 kit
1525 1702 93 47 bag
1648 1702 158 39 travel
1837 1702 175 44 books)

142 1760 352 48 Bibliography
512 1771 9 28 :
553 1771 41 37 p.
625 1759 100 41 266.

79 1815 51 52 ©
160 1818 114 49 Apr.
305 1818 68 47 16,
405 1817 115 41 1928;
578 1818 67 39 2c.
676 1818 97 39 and
802 1816 82 41 aff.
915 1818 115 46 May
1059 1817 55 38 21;
1175 1817 41 39 A
1246 1816 203 41 1074625;
1510 1817 300 47 Doubleday,
1842 1817 167 39 Doran
2041 1820 37 40 &

147 1886 82 37 co.,
260 1875 90 41 inc.
422 1874 282 49 (28-13557)

76 1968 316 64 McCurdy,
429 1969 273 62 Edward,
739 1968 172 54 1871-

141 2047 122 53 The
293 2046 162 53 mind
491 2046 65 53 of
587 2047 300 53 Leonardo
922 2048 69 52 da
1027 2047 172 53 Vinci
1243 2047 108 68 [by]
1392 2047 255 52 Edward
1681 2045 297 70 McCurdy

68 2124 139 53 New
236 2125 179 66 York,
442 2125 190 67 Dodd,
659 2125 171 52 Mead
860 2127 44 50 &
932 2143 299 50 company,
1263 2128 150 49 1928.

139 2208 1193 48 3 p. l., 5-360 p. front., plates, facsims. 21 ᶜᵐ.
141 2265 251 40 “Editions
435 2266 51 39 of
526 2266 82 39 the
650 2264 356 49 manuscripts”
1027 2277 7 27 :
1079 2276 43 37 p.
1162 2266 87 39 343;
1320 2264 296 41 “Selections
1656 2265 128 39 from
1824 2266 82 38 the
70 2276 1989 93 manuscripts”
328 2333 7 28 :
368 2333 42 37 p.
442 2324 99 39 344.

80 2373 53 54 ©
168 2380 113 47 May
313 2379 70 48 25,
419 2378 141 48 1928;
595 2379 68 41 2c.
697 2380 95 39 and
827 2378 81 43 aff.
944 2380 114 48 May
1091 2378 83 47 29;
1210 2378 43 40 A
1287 2378 230 48 1077525;
1555 2379 154 48 Dodd,
1746 2380 141 39 Mead
1925 2378 36 41 &
1994 2388 83 33 co..

145 2436 91 42 inc.
307 2436 282 49 (28-13983)

76 2516 321 64 MacKaye,
429 2517 205 63 Percy,
671 2518 171 51 1875-

144 2596 122 53 The
297 2596 234 69 gobbler
565 2595 65 54 of
662 2595 147 59 God,
842 2616 30 33 a
905 2615 164 49 poem
1101 2595 65 54 of
1195 2597 99 52 the
1325 2597 269 53 southern
1627 2596 455 68 Appalachians,

73 2675 76 68 by
189 2676 184 68 Percy
418 2675 316 69 MacKaye,
776 2676 382 54 illustrations
1200 2676 78 67 by
1319 2675 185 53 Arvia
1549 2676 316 68 MacKaye.
1941 2676 140 52 New

75 2753 164 53 York
293 2760 120 60 [etc.]
451 2755 347 69 Longmans,
831 2754 186 55 Green
1051 2755 113 52 and
1198 2773 99 48 co.,
1332 2757 149 50 1928.

142 2837 837 49 XV, 91 p. incl. front., illus. 21 ᶜᵐ.
81 2890 53 53 ©
172 2897 114 46 May
324 2896 40 47 9,
403 2896 115 41 1928;
585 2896 68 40 2c.
693 2897 114 46 May
845 2896 59 40 26;
968 2896 83 41 aff.
1091 2897 116 47 May
1244 2897 57 40 25;
1370 2896 41 39 A
1449 2896 206 41 1077506;
1721 2897 50 41 P.
1813 2897 266 48 MacKaye,

147 2953 242 47 Windsor,
474 2956 32 37 Vt.
578 2953 281 49 (28-13850)

75 3033 1939 70 Major golf trophies, The history of golf, by Joe G. Davis …
150 3109 291 71 [Chicago]
481 3115 151 51 1928.

149 3193 472 49 [52] p. illus. 24 ᶜᵐ.
151 3250 181 40 “Other
359 3251 231 48 trophies,
618 3251 62 48 by
710 3251 186 41 Soden”
914 3263 9 29 :
955 3264 43 36 p.
1044 3252 196 51 [39]-[52]

80 3302 51 52 ©
167 3308 115 47 May
315 3308 68 40 22,
421 3307 114 41 1928;
598 3309 67 40 2c.
702 3310 96 39 and
834 3309 81 41 aff.
952 3311 115 46 May
1100 3310 83 46 28;
1221 3311 41 38 A
1298 3310 230 42 1074713;
1567 3312 164 38 Elmer
1768 3312 53 38 E.
1858 3311 217 41 Buchan.

147 3363 223 49 Chicago.
443 3364 280 50 (28-14012)

72 3444 302 63 Maroney,
409 3445 318 54 Frederick
756 3446 275 64 William,
1065 3450 174 50 1884-

137 3521 270 67 Physical
444 3523 299 53 education
779 3523 94 53 for
907 3524 193 68 public
1134 3526 248 65 schools;
1420 3525 267 70 teaching
1719 3526 251 67 manual,
2000 3527 77 68 by

67 3597 2010 77 Frederick William Maroney … Chicago, New York, Lyons
68 3676 687 70 and Carnahan [ ᶜ1 928]
136 3761 995 50 viii, 397, xxiii p. front., plates. 19½ ᶜᵐ.
138 3817 72 41 On
240 3828 140 29 cover
398 3829 8 28 :
441 3818 325 48 Elementary,
798 3830 247 37 grammar
1073 3821 95 39 and
1198 3820 166 47 junior
1392 3821 116 48 high
1538 3822 177 40 school.

137 3874 133 40 First
318 3874 270 47 published.
638 3875 126 46 1926,
814 3877 155 39 under
1015 3876 109 40 title
1143 3888 7 28 :
1202 3877 229 47 Physical
1479 3878 259 40 education
1784 3878 80 40 for
1911 3879 162 48 public

66 3931 202 45 schools,
302 3931 299 47 elementary
633 3933 96 38 and
762 3942 246 36 grammar
1040 3935 188 44 grades.

79 3981 51 53 ©
158 3988 113 47 Apr.
301 3987 69 46 25,
400 3988 117 39 1928;
573 3988 67 40 2c.
671 3990 115 46 May
813 3989 55 39 24;
929 3989 81 40 aff.
1043 3991 114 46 May
1186 3990 58 39 25;
1302 3991 42 39 A
1373 3990 203 41 1074697;
1636 3993 159 47 Lyons
1827 3992 37 40 &
144 3992 1911 92 Carnahan.
327 4044 281 48 (28-13674)
