10052 13152
5336 12272 108 84 62
5456 12272 52 84 0

872 828 492 96 WENCK,
1432 824 372 100 PAUL,
1868 828 300 84 illus.

988 948 204 76 The
1252 948 236 76 real
1536 948 56 76 b
1608 972 52 52 o
1672 948 124 76 ok
1852 948 120 76 ab
1988 972 52 52 o
2052 948 96 76 ut
2208 948 336 84 stars.
2696 944 228 80 SEE

1048 1068 512 92 Goodwin,
1624 1068 120 80 H.
1812 1068 108 80 L.

880 1280 456 84 WENDE
1352 1288 68 80 R
1440 1352 28 32 ,
1540 1284 284 84 LEO.

984 1400 404 84 Animal
1444 1404 852 104 encyclopaedia;
2352 1400 612 88 mammals.
3068 1400 264 80 With

1072 1520 300 80 Latin
1420 1520 340 88 index.
1916 1520 204 100 [1st
2176 1520 568 84 American
2804 1516 208 104 ed.]
3164 1520 232 80 New

1072 1640 308 96 York,
1452 1640 288 84 1949.
1896 1640 180 76 266
2136 1664 92 76 p.
2380 1640 32 76 i
2424 1640 32 76 l
2472 1640 32 76 l
2508 1664 168 60 us.
2820 1632 76 80 ©
2952 1636 400 80 Oxford

1064 1756 616 104 University
1740 1756 372 96 Press,
2180 1760 244 92 inc.;
2492 1756 516 96 20Nov47;
3068 1752 444 80 A59726.

884 1992 944 100 WENGENROTH,
1880 1996 392 80 EDITH
2328 2000 516 100 (FLACK)
2904 2000 528 84 ACKLEY

968 2112 236 80 SEE
1264 2116 428 100 Ackley,
1752 2116 296 80 Edith
2104 2120 356 84 Flack.

896 2360 572 96 WENGER,
1540 2360 320 80 JOHN
1920 2360 712 88 CHRISTIAN.

988 2476 312 80 Basic
1368 2480 360 76 issues
1780 2480 104 76 in
1940 2476 864 104 nonconformity;
2868 2500 56 52 a
2984 2476 612 80 discussion

1072 2596 108 76 of
1228 2596 208 76 how
1492 2596 236 76 best
1780 2600 104 72 to
1944 2596 448 100 produce
2448 2616 56 56 a
2564 2596 496 100 spiritual
3116 2616 452 80 congre-

1068 2708 352 104 gation
1468 2708 332 84 which
1852 2712 92 80 is
2004 2712 564 100 separated
2620 2716 244 76 unto
2920 2708 208 84 God
3184 2712 192 80 and

1064 2832 172 76 not
1292 2828 612 84 conformed
1952 2832 108 76 to
2112 2828 168 80 the
2332 2828 364 84 world.
2852 2828 116 84 19
3024 2852 100 80 p.

1060 2936 76 80 ©
1204 2944 588 84 Mennonite
1852 2948 248 84 Pub.
2156 2948 380 96 House,
2600 2948 564 96 Scottdale,
3224 2948 228 96 Pa.;

1076 3040 40 80 1
1124 3052 372 108 Oct51;
1560 3064 448 88 A62079.

892 3276 456 84 WENGE
1368 3276 68 84 R
1448 3340 28 32 ,
1544 3276 320 84 JOHN
1924 3276 716 88 CHRISTIAN.

988 3392 572 104 Separated
1604 3404 244 72 unto
1900 3392 252 100 God;
2212 3420 60 56 a
2324 3416 52 80 p
2388 3400 36 76 l
2436 3420 120 56 ea
2612 3396 164 80 for
2840 3392 544 84 Christian

1072 3516 592 108 simplicity
1724 3516 104 80 of
1876 3516 188 84 life
2128 3516 188 80 and
2364 3516 172 80 for
2592 3540 56 56 a
2700 3512 592 104 Scriptural

1064 3632 852 112 nonconformity
1956 3640 112 76 to
2120 3632 164 84 the
2340 3632 368 88 world.
2808 3632 448 84 Written
3308 3640 96 72 at

1064 3748 176 84 the
1300 3756 432 100 request
1788 3752 108 80 of
1944 3752 164 84 the
2160 3748 464 88 General
2680 3752 568 80 Problems

1068 3868 640 84 Committee
1768 3872 100 84 of
1920 3872 592 84 Mennonite
2568 3872 460 84 General
3084 3872 272 80 Con-

1064 3988 440 84 ference
1564 3988 192 80 and
1808 3992 108 80 of
1956 3992 176 80 the
2188 3988 616 108 Publishing
2856 3988 636 84 Committee

1072 4108 108 80 of
1232 4108 592 84 Mennonite
1880 4108 656 84 Publication
2584 4108 388 88 Board.
3132 4108 116 80 35
3264 4108 48 76 0
3376 4132 84 76 p.

1068 4228 84 80 il
1160 4228 208 88 lus.
1512 4228 80 80 ©
1652 4228 588 84 Mennonite
2304 4232 240 84 Pub.
2612 4232 384 92 House,
3060 4228 544 84 Scottdale,

1072 4348 228 96 Pa.;
1368 4336 512 116 20Aug51;
1940 4348 84 76 A
2036 4348 48 76 6
2104 4348 288 88 1977.

888 4576 668 96 WENGRAF,
1624 4572 376 100 PAUL,
2064 4572 156 84 ed.
2288 4568 188 84 and
2524 4576 136 76 tr.

980 4700 212 80 The
1244 4696 524 84 chemical
1816 4692 616 104 technology
2488 4688 104 80 of
2640 4684 372 108 dyeing
3068 4684 188 80 and

1068 4820 492 100 printing.
1712 4812 228 84 SEE
2000 4812 556 96 Diserens,
2624 4808 444 100 Ludwig.

896 5076 576 84 WENHAM
1532 5080 768 84 HISTORICAL
2352 5076 880 100 ASSOCIATION,
3292 5076 344 88 WEN-

992 5192 308 100 HAM,
1372 5192 360 92 MASS.
1844 5196 408 84 DOLLS
2312 5196 580 88 MUSEUM.

992 5308 320 84 Notes
1372 5336 120 60 on
1548 5316 168 80 the
1780 5316 564 84 collection
2404 5312 104 84 of
2556 5316 272 80 dolls
2884 5316 200 80 and

1080 5428 524 104 figurines
1660 5436 100 76 at
1812 5432 172 80 the
2040 5432 480 84 Wenham
2576 5432 512 96 Museum,
3160 5432 452 84 Claflin-

1076 5544 528 84 Richards
1660 5548 380 96 House,
2104 5548 512 96 Wenham,
2684 5548 344 88 Mass.
3140 5548 312 84 Com-

1080 5668 284 100 piled
1416 5668 124 108 by
1592 5664 432 88 Adeline
2088 5668 112 88 P.
2264 5668 292 88 Cole.
2664 5672 368 80 Edited
3092 5668 192 84 and

1080 5788 552 100 published
1680 5788 128 108 by
1860 5792 164 80 the
2084 5788 480 84 Wenham
2616 5792 596 84 Historical
3260 5788 352 88 Asso-

1080 5904 428 84 ciation.
1660 5904 560 104 [Wenham]
2312 5904 292 88 1951.
2760 5904 172 84 171
3000 5928 92 80 p.
3244 5904 300 88 illus.

1068 6016 80 80 ©
1212 6024 484 80 Wenham
1748 6024 596 84 Historical
2392 6024 724 96 Association;

1084 6140 492 100 14Sep51;
1632 6140 76 76 A
1732 6144 48 80 5
1796 6144 120 76 89
1928 6144 112 76 09
2052 6168 28 52 .

912 6392 884 96 WENTWORTH,
1852 6384 560 88 GEORGE.

1016 6516 316 80 Plane
1388 6512 772 104 trigonometry
2212 6504 188 84 and
2456 6504 384 96 tables,
2896 6504 136 104 by
3084 6500 412 100 George

1100 6628 616 84 Wentworth
1772 6628 192 80 and
2016 6624 328 80 David
2396 6624 408 104 Eugene
2860 6620 372 84 Smith.

1104 6744 432 100 [Author
1600 6744 100 84 of
1752 6768 212 56 new
2016 6748 432 76 matter:
2504 6740 568 80 Geraldine
3136 6740 116 80 D.

1096 6864 372 100 Smith]
1616 6864 424 96 Boston,
2108 6860 292 84 Ginn.
2556 6864 36 76 1
2664 6884 92 60 v.
2908 6856 300 84 illus.

1112 6984 1056 104 (Wentworth-Smith
2216 6976 796 84 mathematical
3068 6968 408 108 series)

1092 7104 88 80 ©
1244 7128 120 56 on
1420 7128 212 56 new
1684 7104 432 96 matter;
2176 7100 368 80 Maude
2600 7096 480 104 Simpson
3132 7092 344 84 Went-

1104 7224 332 76 worth
1480 7224 72 72 &
1624 7224 212 76 Eva
1892 7220 236 104 May
2180 7220 272 76 Luse
2512 7212 364 96 Smith;
2940 7208 512 108 10Aug51;

1100 7340 80 76 A
1204 7344 48 76 5
1276 7344 288 84 8991.

920 7568 864 96 WENTWORTH,
1860 7568 444 84 MAUDE
2364 7568 544 84 SIMPSON

1016 7692 316 80 Plane
1384 7692 772 104 trigonometry
2212 7688 184 84 and
2448 7688 384 84 tables.
2984 7684 228 84 SEE

1096 7808 648 96 Wentworth,
1808 7812 452 100 George.

936 8036 192 76 WE
1140 8036 64 76 R
1228 8032 404 100 KMAN,
1692 8032 580 80 CHESTER
2340 8024 536 100 HAMLIN,
2940 8028 164 84 ed.

1028 8148 552 84 Bacterial
1636 8148 644 104 physiology,
2344 8144 344 84 edited
2732 8144 136 108 by
2916 8140 120 88 C.
3096 8144 120 84 H.
3272 8140 372 84 Werk-

1116 8288 236 60 man
1412 8268 188 80 and
1656 8264 116 88 P.
1824 8264 144 88 W.
2024 8264 436 84 Wilson.
2612 8264 176 80 707
2856 8284 92 80 p.
3100 8260 296 80 illus.

1108 8376 76 80 ©
1252 8384 564 84 Academic
1876 8384 380 96 Press,
2324 8384 244 92 inc.,
2628 8380 236 84 New
2916 8380 324 92 York;

1120 8500 496 96 23Oct51;
1672 8496 456 92 A60613.

936 8736 488 92 WERLE,
1492 8736 424 92 FRITZ,
1980 8732 160 88 ed.

1028 8856 188 80 Die
1276 8852 516 84 Deutsche
1848 8852 740 100 Ephemeride.
2732 8852 228 80 SEE

1120 8972 184 80 Die
1360 8972 520 80 Deutsche
1936 8972 736 96 Ephemeride.

936 9180 592 96 WERNER,
1592 9176 436 84 HAZEN
2088 9168 468 92 GRAFF.

1044 9300 248 80 Live
1348 9300 240 80 with
1640 9320 252 84 your
1952 9296 564 84 emotions.
2660 9288 232 80 New
2948 9284 320 96 York,

1124 9412 1224 112 Abingdon-Cokesbury
2400 9408 380 84 Press.
2932 9408 40 76 1
3000 9404 116 76 86
3176 9428 100 76 p.

1120 9524 80 80 ©
1268 9532 388 80 Pierce
1704 9528 72 80 &
1840 9528 368 96 Smith;
2276 9524 416 96 1Oct51;
2748 9520 460 88 A59851.

944 9764 576 96 WERNER,
1584 9764 428 92 HEINZ,
2072 9760 256 100 joint
2380 9756 164 88 ed.

1032 9880 212 80 The
1292 9876 436 80 world's
1784 9880 232 76 best
2076 9876 360 80 doctor
2496 9876 440 76 stories.

1124 10000 228 76 SEE
1408 10000 608 92 Fabricant,
2076 10000 116 80 N.
2256 9996 152 96 D.,
2472 9992 164 84 ed.

948 10208 588 96 WERNER,
1600 10204 364 88 JANE.

1044 10320 480 88 Albert's
1580 10348 228 72 zoo;
1868 10344 56 60 a
1988 10320 384 84 stencil
2416 10320 304 88 book.
2828 10316 492 84 Pictures
3376 10316 124 104 by

1132 10440 460 84 Richard
1648 10436 424 108 Scarry.
2216 10436 236 84 New
2512 10436 316 92 York,
2892 10432 344 84 Simon
3288 10432 196 80 and

1132 10552 548 92 Schuster.
1836 10560 40 76 1
1936 10580 100 64 v.
2188 10552 244 104 (The
2496 10552 308 84 Little
2872 10552 364 104 golden

1132 10676 456 104 library,
1660 10672 216 104 112)
2016 10668 76 80 ©
2160 10672 344 84 Simon
2556 10672 196 84 and
2804 10672 532 96 Schuster,
3404 10672 212 84 inc.

1128 10792 72 76 &
1272 10792 412 84 Artists
1740 10792 184 80 and
1980 10792 452 84 Writers
2492 10792 336 96 Guild,
2896 10792 244 92 inc.;

1136 10912 476 96 6Mar51;
1668 10908 456 88 A60626.

964 11128 576 96 WERNER,
1608 11128 316 80 JANE

1056 11248 268 100 Bugs
1388 11248 344 100 Bunny
1784 11248 184 76 and
2024 11248 164 76 the
2248 11248 444 80 Indians.
2844 11248 228 76 SEE
3132 11248 432 76 Warner

1144 11368 516 80 Brothers
1716 11368 556 100 Cartoons,
2336 11372 204 84 inc.

980 11584 576 100 WERNER,
1620 11588 324 84 JANE

1072 11708 268 104 Bugs
1404 11712 448 104 Bunny's
1904 11716 296 84 book.
2352 11716 228 84 SEE
2640 11724 428 76 Warner
3128 11724 516 80 Brothers

1156 11828 556 100 Cartoons,
1776 11836 160 80 inc
1944 11856 28 48 .

3992 824 580 96 WERNER,
4644 820 360 84 JANE.

4092 936 396 108 Frosty
4524 932 176 84 the
4756 928 280 84 Snow
5088 928 272 96 Man,
5424 924 436 104 adapted
5920 924 276 80 from
6252 924 168 76 the
6480 940 256 84 song

4172 1048 112 84 of
4332 1052 168 80 the
4556 1072 300 60 same
4908 1060 348 72 name;
5316 1044 348 84 retold
5708 1044 132 104 by
5892 1040 328 80 Annie
6276 1040 324 80 North

4168 1168 468 80 Bedford
4696 1160 448 108 [pseud.]
5248 1164 500 84 Pictures
5796 1160 136 104 by
5984 1160 460 80 Corinne

4168 1284 528 88 Malvern.
4844 1280 232 88 New
5136 1280 316 96 York,
5516 1280 344 80 Simon
5916 1276 196 80 and
6164 1276 536 80 Schuster.

4180 1404 40 80 1
4292 1424 88 64 v.
4540 1400 248 104 (The
4852 1400 316 84 Little
5232 1400 368 104 golden
5648 1396 452 104 library,
6172 1388 224 108 142)

4168 1520 72 80 ©
4312 1524 216 80 Hill
4576 1524 192 80 and
4828 1520 340 104 Range
5228 1520 364 100 Songs,
5652 1520 252 88 inc.;
5976 1508 512 108 13Aug51;

4172 1640 84 76 A
4268 1640 48 80 5
4344 1640 288 84 8967.

3996 1852 968 100 WERNER,JANE

4080 1972 256 80 Walt
4396 1976 496 100 Disney's
4956 1976 288 84 Alice
5312 1980 96 80 in
5460 1980 680 88 Wonderland
6196 1988 276 80 finds
6532 1992 164 80 the

4176 2100 392 104 garden
4616 2100 108 80 of
4776 2100 208 84 live
5040 2100 476 92 flowers.
5672 2104 236 80 SEE
5960 2108 396 104 Disney
6416 2112 332 104 (Walt)

4212 2216 736 84 Productions.

4004 2432 592 96 WERNER,
4644 2432 328 84 JANE

4096 2552 256 80 Walt
4404 2552 500 104 Disney's
4968 2552 296 84 Alice
5320 2556 100 80 in
5476 2556 672 84 Wonderland
6216 2568 340 72 meets

4184 2684 164 76 the
4404 2680 324 84 White
4788 2684 404 84 Rabbit.
5336 2684 240 80 SEE
5624 2688 400 104 Disney
6080 2688 340 104 (Walt)

4192 2800 728 88 Productions.

4008 3036 588 96 WERNER,
4660 3032 320 84 JANE

4100 3152 260 84 Walt
4416 3152 500 104 Disney's
4976 3152 388 84 Donald
5416 3156 280 80 Duck
5752 3152 192 84 and
5992 3152 172 84 the
6216 3152 376 84 hidden

4192 3272 276 104 gold.
4620 3272 228 84 SEE
4908 3276 392 104 Disney
5356 3272 332 108 (Walt)
5752 3276 732 80 Productions.

4016 3524 596 96 WERNER,
4664 3528 324 76 JANE

4108 3644 252 80 Walt
4416 3644 500 104 Disney's
4976 3648 480 100 Grandpa
5508 3648 388 100 Bunny.
6024 3648 232 80 SEE
6308 3652 392 100 Disney

4204 3772 336 108 (Walt)
4600 3772 740 88 Productions.

4016 4024 404 96 WERR,
4492 4024 600 84 THEODOR

4108 4144 544 84 Leitfaden
4708 4148 184 80 der
4952 4148 892 88 Elektrotechnik.

4196 4272 232 76 SEE
4484 4272 492 96 Moeller,
5040 4276 380 96 Franz,
5484 4276 164 84 ed.

4024 4512 496 96 WERTH,
4584 4508 344 80 KURT
4980 4508 164 96 R.,
5200 4508 304 84 illus.

4120 4632 456 76 Norman
4628 4632 388 92 Bones,
5072 4624 564 84 detective.
5788 4624 224 80 SEE

4204 4748 424 84 Wilson,
4692 4744 120 84 A.
4876 4744 108 84 C.

4024 4984 920 100 WERTMILLER,
5004 4988 396 80 JOSEF
5452 4992 160 96 G.,
5672 4992 356 100 pseud.

4120 5100 232 84 SEE
4408 5104 536 108 Bückling,
5004 5104 512 84 Gerhard.

4024 5336 364 88 WERT
4400 5336 76 84 Z
4492 5400 24 32 ,
4584 5336 440 84 VIRGIL
5072 5336 84 84 R
5160 5368 28 52 .

4116 5452 564 84 Economic
4740 5456 360 80 trends
5160 5456 104 80 in
5316 5456 692 104 agriculture.
6168 5452 124 80 2d
6348 5452 160 88 ed.

4204 5568 608 100 Columbus,
4872 5572 396 84 Horton
5320 5572 340 88 Print.
5720 5572 476 84 Service.
6344 5568 188 80 402
6592 5592 96 80 p.

4200 5688 300 84 illus.
4648 5680 76 80 ©
4784 5712 128 56 on
4964 5692 540 80 revisions
5568 5688 72 80 &
5696 5688 572 100 additions;

4204 5808 116 84 V.
4384 5808 116 88 R.
4568 5812 380 96 Wertz;
5008 5808 52 80 2
5076 5808 120 84 9S
5208 5832 124 80 ep
5344 5808 48 84 5
5416 5808 88 100 1;
5560 5808 452 84 A59888.

4028 6036 652 96 WESCOTT,
4748 6040 636 80 GLENWAY

4120 6156 304 80 Short
4476 6160 368 80 novels
4900 6156 104 84 of
5056 6160 448 84 Colette.
5652 6160 236 80 SEE
5940 6164 448 96 Colette,
6456 6164 96 84 S.
6612 6164 116 84 G.

4040 6384 584 96 WESMAN,
4688 6384 788 80 ALEXANDER
5528 6384 652 96 GREGORY,

4172 6504 260 104 joint
4492 6504 360 80 author

4088 6624 636 100 Counseling
4776 6624 276 76 from
5116 6624 476 96 profiles.
5756 6620 224 80 SEE

4180 6744 464 96 Bennett,
4708 6740 120 84 G.
4884 6744 120 80 K.

4040 6968 388 96 WEST,
4492 6960 652 84 ANTHONY.

4144 7088 116 88 D.
4316 7088 120 84 H.
4500 7084 608 80 Lawrence.
5260 7072 440 92 London,
5760 7064 120 88 A.
5936 7060 456 88 Barker.

4236 7204 184 84 152
4480 7224 96 80 p.
4732 7196 248 104 (The
5028 7192 448 104 English
5520 7176 560 108 novelists)

4220 7320 76 80 ©
4364 7320 464 104 Anthony
4876 7316 320 92 West;
5264 7312 48 80 2
5324 7308 48 80 6
5392 7304 384 100 Feb51;
5836 7312 120 76 1c
6016 7296 472 96 16Jul51;

4228 7440 508 84 AI-3185.

4032 7656 392 92 WEST,
4492 7652 692 84 CLARENCE
5244 7648 276 84 JAY.

4140 7772 500 104 Deinking
4692 7768 104 80 of
4848 7792 360 76 paper.
5332 7760 388 88 Introd.
5776 7760 132 108 by
5960 7756 372 108 Sidney
6388 7756 112 84 D.

4216 7892 376 88 Wells.
4720 7888 116 80 2d
4896 7888 160 88 ed.
5208 7880 580 108 [Appleton,
5844 7876 304 104 Wis.]
6240 7872 288 88 1951.

4228 8012 184 80 113
4472 8032 100 76 p.
4724 8004 576 104 (Appleton,
5360 8004 256 84 Wis.
5720 8000 476 84 Institute
6260 7992 104 84 of
6412 7996 348 100 Paper

4224 8132 660 100 Chemistry.
4980 8124 792 104 Bibliographic
5832 8120 404 88 series,
6300 8136 164 64 no.

4232 8244 492 104 151–153)
4864 8244 84 76 ©
5012 8268 124 56 on
5188 8244 564 92 additions;
5812 8236 208 84 The
6076 8236 484 80 Institute
6620 8228 104 80 of

4228 8372 344 96 Paper
4632 8364 656 104 Chemistry;
5344 8356 516 108 27Aug51;
5916 8352 280 84 A583
6216 8352 48 80 6
6288 8352 92 88 9.

4044 8596 384 96 WEST,
4488 8596 704 84 CLARENCE
5244 8596 312 96 JAY.,
5624 8596 160 88 ed.

4136 8716 212 80 The
4404 8716 596 104 dictionary
5048 8712 104 84 of
5196 8732 364 84 paper.
5712 8712 232 84 SEE
6000 8708 572 84 American

4228 8840 340 100 Paper
4628 8840 188 76 and
4872 8836 256 100 Pulp
5180 8836 712 80 Association.

4056 9064 380 100 WEST,
4500 9064 700 80 CLARENCE
5252 9064 276 96 JAY,
5588 9060 164 84 ed.

4144 9188 392 80 Nature
4592 9184 104 80 of
4744 9180 164 84 the
4972 9180 524 84 chemical
5548 9180 672 104 components
6276 9172 112 84 of
6424 9168 324 88 wood.

4240 9304 228 80 SEE
4524 9300 572 84 Technical
5144 9296 680 84 Association
5880 9296 100 84 of
6028 9296 168 84 the
6252 9292 256 100 Pulp

4240 9424 188 80 and
4484 9424 340 100 Paper
4880 9420 520 104 Industry.

4048 9656 388 100 WEST,
4500 9652 548 88 EASTON.

4120 9772 952 108 Brains:thinking
5124 9796 124 60 or
5304 9772 336 84 robot.
5800 9772 108 80 51
5976 9792 88 80 p.
6212 9760 76 80 ©
6356 9764 212 80 The

4232 9888 460 88 Schauer
4752 9892 476 104 Printing
5284 9888 384 100 Studio,
5728 9888 248 92 inc.,
6036 9880 308 84 Santa

4228 10012 528 96 Barbara,
4812 10008 364 100 Calif.;
5240 10008 448 96 7Feb51;
5744 10004 620 88 AA176867.

4068 10224 372 100 WEST,
4504 10224 552 84 EDWARD
5108 10220 720 92 STAUNTON.

4152 10344 524 80 Textbook
4732 10344 104 80 of
4880 10344 780 108 biochemistry
5712 10336 204 112 [by]
5976 10336 440 84 Edward

4236 10460 488 84 Staunton
4768 10460 284 84 West
5116 10456 268 104 [and]
5436 10460 440 84 Wilbert
5932 10456 68 80 R
6028 10528 20 20 .
6108 10456 324 84 Todd.

4240 10576 304 104 [Part
4596 10580 112 84 of
4752 10580 168 80 the
4972 10580 508 80 material
5532 10576 616 108 previously
6196 10568 528 108 appeared

4236 10700 104 80 in
4400 10696 120 92 E.
4576 10696 96 96 S.
4728 10696 392 84 West's
5176 10696 500 104 Physical
5736 10696 592 100 chemistry
6376 10692 168 76 for

4240 10812 480 80 students
4772 10812 112 76 of
4932 10812 772 100 biochemistry
5756 10808 188 80 and
6000 10800 568 104 medicine]

4244 10928 248 80 1345
4556 10952 88 76 p.
4796 10928 300 88 illus.
5236 10920 80 80 ©
5380 10928 208 80 The
5644 10924 612 84 Macmillan
6316 10916 212 84 Co.,

4236 11048 240 80 New
4528 11044 316 96 York;
4916 11044 492 100 25Sep51;
5464 11040 452 88 A59322.

4064 11272 388 96 WEST,
4524 11272 652 84 FRANKLIN
5236 11264 600 92 LORENZO
5892 11268 684 88 RICHARDS.

4168 11392 696 104 Discovering
4916 11392 168 80 the
5132 11392 200 80 Old
5384 11392 616 80 Testament
6004 11416 28 52 .
6188 11388 212 80 Salt

4248 11508 276 80 Lake
4584 11508 268 108 City,
4924 11512 244 92 L.D.
5180 11512 60 76 S
5260 11580 20 20 .
5336 11512 296 100 Dept.
5696 11512 104 76 of
5848 11508 576 80 Education
6428 11528 28 52 .

4248 11628 188 76 645
4500 11652 88 76 p.
4740 11632 40 72 i
4776 11628 40 76 l
4824 11632 212 84 lus.
5172 11620 84 80 ©
5320 11628 496 80 Franklin
5876 11628 116 84 L.
6044 11624 328 100 West;

4256 11744 492 104 15Sep50;
4800 11740 460 92 A61327.

7080 812 380 100 WEST,
7528 816 232 84 JOE
7820 816 460 96 YOUNG,
8344 824 260 100 joint
8656 824 360 76 author

7172 932 584 84 Teacher's
7816 936 572 104 guidebook
8432 940 164 80 for
8656 940 432 84 Science
9140 948 572 96 problems.

7260 1056 232 80 SEE
7556 1064 680 100 Beauchamp,
8300 1068 140 84 W.
8504 1068 112 80 L.

7100 1316 384 100 WEST,
7548 1316 328 84 JOHN
7936 1316 580 88 FOSTER.

7196 1432 144 104 Up
7392 1428 228 112 ego!
7732 1428 460 108 [Poems]
8356 1444 160 80 1st
8572 1444 160 84 ed.
8884 1448 236 76 New
9172 1448 304 80 York,

7280 1552 428 108 Payton,
7776 1552 252 88 Paul
8084 1560 252 84 Pub.
8392 1560 184 88 Co.
8728 1564 120 76 26
8908 1592 96 72 p.
9152 1568 280 80 illus.

7268 1664 76 84 ©
7420 1672 420 108 Payton,
7912 1676 252 84 Paul
8220 1680 248 88 Pub.
8528 1680 188 88 Co.
8780 1680 448 104 (Owner:
9288 1688 256 80 Paul
9600 1688 76 76 F
9664 1664 32 80 .

7272 1788 376 112 Ader);
7716 1796 440 100 1Dec51;
8212 1796 404 84 A61641
8652 1872 16 20 .

7104 2024 388 100 WEST,
7556 2024 368 88 JULIA
7988 2024 440 112 (DAVIS)

7200 2144 232 80 SEE
7488 2144 356 100 Davis,
7912 2148 316 88 Julia.

7108 2360 388 100 WEST,
7564 2364 516 84 LUTHER
8144 2364 584 92 SHIRLEY.

7204 2476 212 80 The
7468 2480 524 108 housefly:
8056 2484 144 80 its
8252 2484 416 80 natural
8720 2484 448 108 history,
9232 2488 460 84 medical

7292 2600 700 96 importance,
8052 2600 192 80 and
8300 2604 452 88 control.
8896 2600 192 84 584
9148 2624 88 84 p.
9392 2608 296 88 illus.

7280 2708 84 84 ©
7432 2712 568 80 Comstock
8056 2716 252 88 Pub.
8364 2720 224 96 Co.,
8656 2720 252 96 inc.,
8964 2720 384 100 Ithaca,

7288 2828 124 84 N.
7472 2832 164 92 Y.;
7704 2832 472 100 10Jul51;
8224 2832 464 92 A57150.

7120 3056 392 96 WEST,
7568 3056 324 96 TOM,
7944 3056 364 100 pseud.

7212 3176 232 80 SEE
7508 3176 296 96 East,
7856 3176 308 80 Fred.

7112 3404 344 80 WEST
7512 3404 776 80 PUBLISHING
8332 3408 196 80 CO.

7204 3520 856 84 Massachusetts
8112 3524 344 104 digest
8512 3528 576 92 annotated,
9164 3528 232 76 1761
9460 3532 108 72 to

7296 3648 268 84 date.
7712 3648 232 76 SEE
8008 3652 844 76 Massachusetts
8912 3652 340 100 digest
9308 3676 312 56 anno-

7292 3768 312 96 tated,
7680 3768 236 76 1761
7976 3772 104 72 to
8136 3772 272 84 date.

7120 3992 340 80 WEST
7520 3992 768 88 PUBLISHING
8336 4000 208 84 CO.

7212 4108 512 84 Purdon's
7788 4112 764 108 Pennsylvania
8608 4124 448 80 statutes
9112 4128 584 84 annotated.

7296 4236 236 80 SEE
7604 4236 808 112 Pennsylvania.
8560 4248 332 96 Laws,
8960 4252 488 96 statutes,
9516 4256 200 80 etc.

7112 4444 348 84 WEST
7520 4452 760 88 PUBLISHING
8336 4456 668 104 COMPANY,
9068 4460 184 88 ST.
9312 4464 348 80 PAUL

7200 4568 408 104 Corpus
7668 4572 276 104 juris
8008 4576 600 88 secundum.
8760 4580 228 80 SEE
9044 4584 408 100 Corpus

7288 4688 284 104 juris
7628 4692 592 80 secundum.

7136 4928 344 84 WEST
7536 4932 768 84 PUBLISHING
8360 4932 664 104 COMPANY,
9084 4936 188 84 ST.
9328 4936 352 84 PAUL

7224 5048 640 104 Cyclopedia
7916 5052 104 80 of
8072 5056 632 80 automobile
8752 5056 188 80 law
9000 5056 188 80 and
9240 5060 516 96 practice.

7316 5176 228 80 SEE
7604 5176 620 100 Blashfield,
8288 5180 120 84 D.
8468 5180 116 84 C.

7128 5404 348 84 WEST
7532 5404 764 80 PUBLISHING
8348 5404 668 96 COMPANY,
9084 5404 180 88 ST.
9328 5404 344 80 PAUL

7224 5524 456 80 Federal
7732 5520 380 108 digest,
8184 5520 244 84 1754
8480 5528 108 76 to
8640 5520 272 88 date.
9060 5520 224 84 SEE

7312 5644 460 80 Federal
7820 5644 380 104 digest,
8272 5640 240 84 1754
8572 5648 108 76 to
8728 5644 264 80 date.

7128 5876 344 76 WEST
7528 5872 548 80 PUBLISH
8084 5872 36 80 I
8128 5872 168 80 NG
8344 5868 668 96 COMPANY,
9080 5868 184 84 ST.
9324 5864 344 84 PAUL

7224 5996 452 80 Federal
7724 6000 480 96 practice
8264 5996 184 76 and
8504 5996 628 100 procedure.

7308 6120 232 76 SEE
7604 6120 440 96 Barron,
8104 6120 140 80 W.
8304 6116 140 80 W.

7136 6344 348 84 WEST
7544 6340 764 88 PUBLISHING
8364 6340 664 96 COMPANY,
9092 6340 180 88 ST.
9332 6336 348 84 PAUL

7224 6464 464 80 General
7744 6460 376 108 digest,
8184 6460 388 84 second
8628 6460 400 84 series.
9180 6456 228 80 SEE

7316 6580 460 88 General
7832 6580 380 104 digest,
8272 6576 392 84 second
8716 6580 404 84 series.

7136 6820 348 84 WEST
7536 6820 772 84 PUBLISHING
8356 6820 668 100 COMPANY,
9084 6824 184 84 ST.
9328 6824 348 84 PAUL

7224 6944 408 80 Kansas
7692 6944 380 104 digest,
8148 6944 240 80 1858
8440 6952 104 76 to
8604 6948 260 80 date.
9020 6944 232 84 SEE
9308 6948 408 80 Kansas

7320 7068 376 104 digest,
7772 7064 240 84 1858
8064 7076 104 72 to
8224 7072 272 80 date.

7128 7296 348 84 WEST
7532 7304 768 84 PUBLISHING
8352 7308 664 100 COMPANY,
9084 7312 184 84 ST.
9328 7312 348 80 PAUL

7220 7416 528 108 Kentucky
7796 7420 380 104 digest,
8248 7420 244 84 1785
8548 7432 104 76 to
8704 7428 272 84 date.

7308 7540 232 84 SEE
7596 7544 532 108 Kentucky
8176 7548 376 104 digest,
8628 7548 240 84 1785
8920 7560 108 72 to
9084 7556 268 84 date.

7128 7784 352 80 WEST
7532 7780 764 84 PUBLISHING
8360 7776 672 96 COMPANY,
9084 7780 188 84 ST.
9332 7772 348 84 PAUL

7232 7900 516 84 Missouri
7800 7900 388 104 digest.
8332 7900 236 80 SEE
8628 7900 512 80 Missouri
9196 7896 388 104 digest.

7140 8132 344 84 WEST
7544 8132 768 84 PUBLISHING
8364 8128 664 100 COMPANY,
9092 8128 184 84 ST.
9332 8128 352 80 PAUL

7228 8252 576 80 Oklahoma
7856 8252 380 104 digest,
8304 8252 248 72 1890
8604 8252 100 76 to
8760 8252 272 80 date.

7320 8376 236 84 SEE
7604 8376 572 84 Oklahoma
8228 8376 384 104 digest,
8680 8376 248 80 1890
8976 8384 108 76 to
9136 8380 272 84 date.

7128 8596 344 84 WEST
7528 8592 768 88 PUBLISHING
8344 8588 668 96 COMPANY,
9076 8588 184 84 ST.
9316 8588 356 80 PAUL

7216 8720 572 84 Oklahoma
7844 8720 484 88 statutes,
8404 8712 280 84 1951.
8832 8708 232 84 SEE
9120 8708 604 84 Oklahoma.

7308 8840 332 92 Laws,
7708 8840 492 88 statutes,
8260 8836 204 80 etc.

7144 9056 344 84 WEST
7548 9060 764 80 PUBLISHING
8364 9060 668 104 COMPANY,
9092 9064 176 80 ST.
9340 9068 344 76 PAUL

7232 9180 420 104 Oregon
7700 9180 344 104 digest
8104 9184 576 96 annotated,
8752 9184 240 80 1853
9048 9188 104 76 to
9204 9188 260 76 date.

7320 9300 236 80 SEE
7612 9300 412 104 Oregon
8076 9304 344 100 digest
8476 9308 576 92 annotated,
9128 9304 240 80 1853
9420 9308 104 76 to

7324 9420 272 84 date.

7144 9620 348 80 WEST
7556 9616 756 80 PUBLISHING
8368 9616 676 96 COMPANY,
9092 9616 192 84 ST.
9348 9612 340 80 PAUL

7240 9732 676 84 Smith-Hurd
7968 9736 408 76 Illinois
8432 9732 540 80 annotated
9032 9736 492 76 statutes.

7324 9856 232 76 SEE
7616 9852 440 80 Illinois.
8176 9856 328 72 Laws,
8568 9856 496 84 statutes,
9120 9852 204 80 etc.

7144 10076 340 80 WEST
7540 10072 772 84 PUBLISHING
8364 10072 664 96 COMPANY,
9088 10072 188 84 ST.
9332 10072 348 80 PAUL

7232 10192 508 84 Southern
7788 10192 380 104 digest,
8244 10192 240 76 1809
8536 10196 108 76 to
8692 10192 264 80 date.

7320 10320 236 80 SEE
7608 10316 508 84 Southern
8164 10316 376 104 digest,
8612 10312 244 80 1809
8912 10320 104 76 to
9068 10316 272 84 date.

7152 10532 348 80 WEST
7556 10528 768 84 PUBLISHING
8368 10524 668 96 COMPANY,
9100 10524 184 80 ST.
9348 10520 344 80 PAUL

7248 10652 340 80 Texas
7644 10648 380 104 digest,
8096 10648 244 76 1840
8392 10648 104 76 to
8552 10648 268 80 date.
8968 10644 236 76 SEE
9264 10644 332 76 Texas

7336 10768 380 104 digest,
7788 10768 244 76 1840
8084 10768 104 76 to
8240 10768 236 76 date
8472 10788 28 52 .

7152 10988 348 84 WEST
7556 10984 764 84 PUBLISHING
8372 10984 664 100 COMPANY,
9100 10984 184 84 ST.
9348 10984 340 80 PAUL

7200 11104 372 88 United
7620 11104 340 84 States
8016 11104 256 84 code
8332 11104 576 84 annotated.
9060 11100 224 80 SEE

7292 11220 96 88 U.
7464 11224 100 88 S.
7624 11224 332 96 Laws,
8020 11224 488 96 statutes,
8576 11224 192 80 etc.

7152 11464 344 84 WEST
7552 11464 768 88 PUBLISHING
8368 11456 668 96 COMPANY,
9100 11456 180 80 ST.
9344 11448 344 84 PAUL

7244 11584 660 104 Washington
7952 11584 344 104 digest
8348 11580 580 80 annotated.

7332 11704 232 84 SEE
7640 11704 656 104 Washington
8348 11704 344 96 digest
8748 11696 576 80 annotated.
