<?xml version="1.0"?>
<alto xmlns="http://www.loc.gov/standards/alto/ns-v2#" xmlns:xlink="http://www.w3.org/1999/xlink" xmlns:xsi="http://www.w3.org/2001/XMLSchema-instance" xsi:schemaLocation="http://www.loc.gov/standards/alto/ns-v2# http://www.loc.gov/standards/alto/alto-v2.0.xsd">
	<Description>
		<MeasurementUnit>inch1200</MeasurementUnit>
		<sourceImageInformation>
			<fileIdentifier>catalogofcopyri351libr_Page_148.jpgf</fileIdentifier>
		</sourceImageInformation>
		<OCRProcessing ID="OCR1">
			<ocrProcessingStep>
				<processingDateTime>2018-02-26T14:46:51</processingDateTime>
				<processingAgency>Data Conversion Laboratory</processingAgency>
				<processingSoftware>
					<softwareCreator>Prime</softwareCreator>
					<softwareName>Prime OCR</softwareName>
					<softwareVersion>4.40</softwareVersion>
				</processingSoftware>
			</ocrProcessingStep>
			<postProcessingStep>
				<processingDateTime>2018-03-06T11:29:01</processingDateTime>
				<processingAgency>Data Conversion Laboratory</processingAgency>
				<processingStepDescription>PRO -&gt; ALTO</processingStepDescription>
				<processingSoftware>
					<softwareCreator>Data Conversion Laboratory</softwareCreator>
					<softwareName>pro2alto.2018.02.27</softwareName>
					<softwareVersion>2.0</softwareVersion>
				</processingSoftware>
			</postProcessingStep>
		</OCRProcessing>
	</Description>
<Styles>
		<TextStyle ID="Style_1" FONTSIZE="7" FONTTYPE="serif" FONTWIDTH="proportional"/>
		<TextStyle ID="Style_2" FONTSIZE="8" FONTTYPE="serif" FONTWIDTH="proportional"/>
		<TextStyle ID="Style_3" FONTSIZE="7" FONTTYPE="serif" FONTWIDTH="proportional" FONTSTYLE="bold"/>
		<TextStyle ID="Style_4" FONTSIZE="9" FONTTYPE="serif" FONTWIDTH="proportional"/>
		<TextStyle ID="Style_5" FONTSIZE="6" FONTTYPE="serif" FONTWIDTH="proportional"/>
		<TextStyle ID="Style_6" FONTSIZE="9" FONTTYPE="serif" FONTWIDTH="fixed"/>
		<TextStyle ID="Style_7" FONTSIZE="7" FONTTYPE="serif" FONTWIDTH="fixed"/>
		<TextStyle ID="Style_8" FONTSIZE="7" FONTTYPE="sans-serif" FONTWIDTH="proportional"/>
		<TextStyle ID="Style_9" FONTSIZE="10" FONTTYPE="serif" FONTWIDTH="proportional"/>
		<TextStyle ID="Style_10" FONTSIZE="8" FONTTYPE="serif" FONTWIDTH="proportional" FONTSTYLE="bold"/>
	</Styles>
	<Layout>
		<Page ID="Page_1" PHYSICAL_IMG_NR="1" HEIGHT="13152" WIDTH="10052">
			<PrintSpace ID="PS_1" HPOS="0" VPOS="0" HEIGHT="13152" WIDTH="10052">
				<TextBlock ID="TB_1.1" HPOS="4952" VPOS="12452" WIDTH="540" HEIGHT="364">
					<TextLine ID="TL_1.1.1" HPOS="5048" VPOS="12568" HEIGHT="92" WIDTH="168">
						<String CONTENT="14" ID="St_1.1.1.1" HPOS="5048" VPOS="12568" HEIGHT="92" WIDTH="112" STYLEREFS="Style_1" WC="0.888888888888889" CC="11"/>
						<String CONTENT="8" ID="St_1.1.1.2" HPOS="5160" VPOS="12568" HEIGHT="84" WIDTH="56" STYLEREFS="Style_2" WC="0.74" CC="5"/>
					</TextLine>
				</TextBlock>
				<TextBlock ID="TB_1.2" HPOS="256" VPOS="668" WIDTH="3028" HEIGHT="2516">
					<TextLine ID="TL_1.2.1" HPOS="368" VPOS="868" HEIGHT="96" WIDTH="1064">
						<String CONTENT="MEYER," ID="St_1.2.1.1" HPOS="368" VPOS="876" HEIGHT="88" WIDTH="508" STYLEREFS="Style_2" WC="0.944444444444444" CC="000003"/>
						<SP ID="SP_1.2.1.2" HPOS="816" VPOS="876" WIDTH="64"/>
						<String CONTENT="ADOLF." ID="St_1.2.1.3" HPOS="940" VPOS="868" HEIGHT="92" WIDTH="492" STYLEREFS="Style_2" WC="0.922222222222222" CC="000005"/>
					</TextLine>
					<TextLine ID="TL_1.2.2" HPOS="464" VPOS="980" HEIGHT="116" WIDTH="2284">
						<String CONTENT="The" ID="St_1.2.2.1" HPOS="464" VPOS="996" HEIGHT="80" WIDTH="216" STYLEREFS="Style_2" WC="1" CC="000"/>
						<SP ID="SP_1.2.2.2" HPOS="648" VPOS="1004" WIDTH="60"/>
						<String CONTENT="collected" ID="St_1.2.2.3" HPOS="736" VPOS="992" HEIGHT="88" WIDTH="544" STYLEREFS="Style_2" WC="1" CC="000000000"/>
						<SP ID="SP_1.2.2.4" HPOS="1244" VPOS="988" WIDTH="60"/>
						<String CONTENT="papers" ID="St_1.2.2.5" HPOS="1336" VPOS="1012" HEIGHT="84" WIDTH="396" STYLEREFS="Style_2" WC="1" CC="000000"/>
						<SP ID="SP_1.2.2.6" HPOS="1700" VPOS="1000" WIDTH="60"/>
						<String CONTENT="of" ID="St_1.2.2.7" HPOS="1796" VPOS="988" HEIGHT="80" WIDTH="108" STYLEREFS="Style_2" WC="1" CC="00"/>
						<SP ID="SP_1.2.2.8" HPOS="1876" VPOS="988" WIDTH="48"/>
						<String CONTENT="Adolf" ID="St_1.2.2.9" HPOS="1948" VPOS="984" HEIGHT="84" WIDTH="324" STYLEREFS="Style_2" WC="1" CC="00000"/>
						<SP ID="SP_1.2.2.10" HPOS="2244" VPOS="984" WIDTH="48"/>
						<String CONTENT="Meyer." ID="St_1.2.2.11" HPOS="2316" VPOS="980" HEIGHT="112" WIDTH="432" STYLEREFS="Style_2" WC="1" CC="000000"/>
					</TextLine>
					<TextLine ID="TL_1.2.3" HPOS="552" VPOS="1100" HEIGHT="112" WIDTH="2624">
						<String CONTENT="General" ID="St_1.2.3.1" HPOS="552" VPOS="1112" HEIGHT="88" WIDTH="480" STYLEREFS="Style_2" WC="1" CC="0000000"/>
						<SP ID="SP_1.2.3.2" HPOS="1008" VPOS="1112" WIDTH="52"/>
						<String CONTENT="editor," ID="St_1.2.3.3" HPOS="1088" VPOS="1116" HEIGHT="96" WIDTH="392" STYLEREFS="Style_2" WC="1" CC="0000000"/>
						<SP ID="SP_1.2.3.4" HPOS="1460" VPOS="1140" WIDTH="48"/>
						<String CONTENT="Eunice" ID="St_1.2.3.5" HPOS="1540" VPOS="1112" HEIGHT="84" WIDTH="400" STYLEREFS="Style_2" WC="1" CC="000000"/>
						<SP ID="SP_1.2.3.6" HPOS="1908" VPOS="1120" WIDTH="60"/>
						<String CONTENT="E." ID="St_1.2.3.7" HPOS="1996" VPOS="1108" HEIGHT="96" WIDTH="136" STYLEREFS="Style_3" WC="0.968888888888889" CC="34"/>
						<SP ID="SP_1.2.3.8" HPOS="2108" VPOS="1140" WIDTH="44"/>
						<String CONTENT="Winters." ID="St_1.2.3.9" HPOS="2180" VPOS="1104" HEIGHT="88" WIDTH="520" STYLEREFS="Style_3" WC="0.976666666666667" CC="00000000"/>
						<SP ID="SP_1.2.3.10" HPOS="2684" VPOS="1140" WIDTH="68"/>
						<String CONTENT="Vol.1:" ID="St_1.2.3.11" HPOS="2804" VPOS="1100" HEIGHT="88" WIDTH="372" STYLEREFS="Style_3" WC="0.961111111111111" CC="000511"/>
					</TextLine>
					<TextLine ID="TL_1.2.4" HPOS="552" VPOS="1172" HEIGHT="160" WIDTH="2260">
						<String CONTENT="Neurology." ID="St_1.2.4.1" HPOS="552" VPOS="1236" HEIGHT="96" WIDTH="656" STYLEREFS="Style_3" WC="0.666666666666667" CC="3333333333"/>
						<SP ID="SP_1.2.4.2" HPOS="928" VPOS="1248" WIDTH="88"/>
						<String CONTENT="With" ID="St_1.2.4.3" HPOS="1328" VPOS="1236" HEIGHT="80" WIDTH="276" STYLEREFS="Style_3" WC="0.747777777777778" CC="3000"/>
						<SP ID="SP_1.2.4.4" HPOS="1568" VPOS="1172" WIDTH="60"/>
						<String CONTENT="an" ID="St_1.2.4.5" HPOS="1656" VPOS="1240" HEIGHT="76" WIDTH="124" STYLEREFS="Style_3" WC="0.79" CC="00"/>
						<SP ID="SP_1.2.4.6" HPOS="1744" VPOS="1184" WIDTH="60"/>
						<String CONTENT="introd." ID="St_1.2.4.7" HPOS="1836" VPOS="1204" HEIGHT="112" WIDTH="396" STYLEREFS="Style_3" WC="0.768888888888889" CC="4413314"/>
						<SP ID="SP_1.2.4.8" HPOS="2220" VPOS="1204" WIDTH="44"/>
						<String CONTENT="by" ID="St_1.2.4.9" HPOS="2292" VPOS="1232" HEIGHT="84" WIDTH="140" STYLEREFS="Style_3" WC="0.792222222222222" CC="00"/>
						<SP ID="SP_1.2.4.10" HPOS="2392" VPOS="1184" WIDTH="64"/>
						<String CONTENT="Louis" ID="St_1.2.4.11" HPOS="2484" VPOS="1228" HEIGHT="84" WIDTH="328" STYLEREFS="Style_3" WC="0.827777777777778" CC="00000"/>
					</TextLine>
					<TextLine ID="TL_1.2.5" HPOS="552" VPOS="1352" HEIGHT="104" WIDTH="2436">
						<String CONTENT="Hausmann" ID="St_1.2.5.1" HPOS="552" VPOS="1360" HEIGHT="96" WIDTH="536" STYLEREFS="Style_3" WC="0.722222222222222" CC="11070227"/>
						<SP ID="SP_1.2.5.2" HPOS="1128" VPOS="1360" WIDTH="156"/>
						<String CONTENT="693" ID="St_1.2.5.3" HPOS="1292" VPOS="1360" HEIGHT="80" WIDTH="180" STYLEREFS="Style_3" WC="0.794444444444444" CC="000"/>
						<SP ID="SP_1.2.5.4" HPOS="1468" VPOS="1360" WIDTH="68"/>
						<String CONTENT="p." ID="St_1.2.5.5" HPOS="1540" VPOS="1360" HEIGHT="92" WIDTH="100" STYLEREFS="Style_3" WC="0.777777777777778" CC="08"/>
						<SP ID="SP_1.2.5.6" HPOS="1640" VPOS="1360" WIDTH="152"/>
						<String CONTENT="illus." ID="St_1.2.5.7" HPOS="1796" VPOS="1352" HEIGHT="92" WIDTH="304" STYLEREFS="Style_3" WC="0.811111111111111" CC="007000"/>
						<SP ID="SP_1.2.5.8" HPOS="2096" VPOS="1360" WIDTH="144"/>
						<String CONTENT="&#169;" ID="St_1.2.5.9" HPOS="2240" VPOS="1356" HEIGHT="84" WIDTH="84" STYLEREFS="Style_3" WC="0.826666666666667" CC="0"/>
						<SP ID="SP_1.2.5.10" HPOS="2320" VPOS="1360" WIDTH="64"/>
						<String CONTENT="The" ID="St_1.2.5.11" HPOS="2388" VPOS="1356" HEIGHT="80" WIDTH="212" STYLEREFS="Style_3" WC="0.85" CC="000"/>
						<SP ID="SP_1.2.5.12" HPOS="2596" VPOS="1360" WIDTH="64"/>
						<String CONTENT="Johns" ID="St_1.2.5.13" HPOS="2664" VPOS="1356" HEIGHT="80" WIDTH="324" STYLEREFS="Style_3" WC="0.875555555555556" CC="00000"/>
					</TextLine>
					<TextLine ID="TL_1.2.6" HPOS="552" VPOS="1472" HEIGHT="120" WIDTH="2240">
						<String CONTENT="Hopkins" ID="St_1.2.6.1" HPOS="552" VPOS="1484" HEIGHT="108" WIDTH="476" STYLEREFS="Style_3" WC="1" CC="0000000"/>
						<SP ID="SP_1.2.6.2" HPOS="996" VPOS="1496" WIDTH="60"/>
						<String CONTENT="Press," ID="St_1.2.6.3" HPOS="1088" VPOS="1480" HEIGHT="100" WIDTH="392" STYLEREFS="Style_3" WC="1" CC="000000"/>
						<SP ID="SP_1.2.6.4" HPOS="1460" VPOS="1516" WIDTH="48"/>
						<String CONTENT="Baltimore;" ID="St_1.2.6.5" HPOS="1540" VPOS="1476" HEIGHT="100" WIDTH="656" STYLEREFS="Style_3" WC="1" CC="0000000000"/>
						<SP ID="SP_1.2.6.6" HPOS="2172" VPOS="1492" WIDTH="52"/>
						<String CONTENT="28Dec50;" ID="St_1.2.6.7" HPOS="2256" VPOS="1472" HEIGHT="96" WIDTH="536" STYLEREFS="Style_3" WC="1" CC="00000000"/>
					</TextLine>
					<TextLine ID="TL_1.2.7" HPOS="552" VPOS="1604" HEIGHT="104" WIDTH="480">
						<String CONTENT="A" ID="St_1.2.7.1" HPOS="552" VPOS="1604" HEIGHT="84" WIDTH="92" STYLEREFS="Style_3" WC="0.888888888888889" CC="1"/>
						<String CONTENT="5" ID="St_1.2.7.2" HPOS="656" VPOS="1608" HEIGHT="80" WIDTH="48" STYLEREFS="Style_4" WC="0.777777777777778" CC="3"/>
						<String CONTENT="1127." ID="St_1.2.7.3" HPOS="728" VPOS="1612" HEIGHT="96" WIDTH="304" STYLEREFS="Style_4" WC="0.824444444444444" CC="00007"/>
					</TextLine>
					<TextLine ID="TL_1.2.8" HPOS="352" VPOS="1812" HEIGHT="100" WIDTH="1052">
						<String CONTENT="MEYER," ID="St_1.2.8.1" HPOS="352" VPOS="1812" HEIGHT="100" WIDTH="504" STYLEREFS="Style_4" WC="1" CC="000000"/>
						<SP ID="SP_1.2.8.2" HPOS="840" VPOS="1844" WIDTH="44"/>
						<String CONTENT="ADOLF." ID="St_1.2.8.3" HPOS="920" VPOS="1812" HEIGHT="88" WIDTH="484" STYLEREFS="Style_4" WC="1" CC="000000"/>
					</TextLine>
					<TextLine ID="TL_1.2.9" HPOS="444" VPOS="1932" HEIGHT="112" WIDTH="2264">
						<String CONTENT="The" ID="St_1.2.9.1" HPOS="444" VPOS="1940" HEIGHT="84" WIDTH="216" STYLEREFS="Style_4" WC="1" CC="000"/>
						<SP ID="SP_1.2.9.2" HPOS="628" VPOS="1948" WIDTH="60"/>
						<String CONTENT="collected" ID="St_1.2.9.3" HPOS="720" VPOS="1940" HEIGHT="84" WIDTH="532" STYLEREFS="Style_4" WC="1" CC="000000000"/>
						<SP ID="SP_1.2.9.4" HPOS="1220" VPOS="1940" WIDTH="56"/>
						<String CONTENT="papers" ID="St_1.2.9.5" HPOS="1308" VPOS="1960" HEIGHT="84" WIDTH="396" STYLEREFS="Style_4" WC="1" CC="000000"/>
						<SP ID="SP_1.2.9.6" HPOS="1672" VPOS="1948" WIDTH="60"/>
						<String CONTENT="of" ID="St_1.2.9.7" HPOS="1764" VPOS="1936" HEIGHT="84" WIDTH="112" STYLEREFS="Style_4" WC="1" CC="00"/>
						<SP ID="SP_1.2.9.8" HPOS="1848" VPOS="1936" WIDTH="44"/>
						<String CONTENT="Adolf" ID="St_1.2.9.9" HPOS="1920" VPOS="1932" HEIGHT="84" WIDTH="320" STYLEREFS="Style_4" WC="1" CC="00000"/>
						<SP ID="SP_1.2.9.10" HPOS="2216" VPOS="1936" WIDTH="44"/>
						<String CONTENT="Meyer." ID="St_1.2.9.11" HPOS="2288" VPOS="1936" HEIGHT="104" WIDTH="420" STYLEREFS="Style_4" WC="1" CC="000000"/>
					</TextLine>
					<TextLine ID="TL_1.2.10" HPOS="536" VPOS="2052" HEIGHT="120" WIDTH="2500">
						<String CONTENT="Vol." ID="St_1.2.10.1" HPOS="536" VPOS="2068" HEIGHT="84" WIDTH="236" STYLEREFS="Style_4" WC="1" CC="0000"/>
						<SP ID="SP_1.2.10.2" HPOS="756" VPOS="2092" WIDTH="44"/>
						<String CONTENT="2:" ID="St_1.2.10.3" HPOS="836" VPOS="2068" HEIGHT="84" WIDTH="84" STYLEREFS="Style_4" WC="1" CC="00"/>
						<SP ID="SP_1.2.10.4" HPOS="904" VPOS="2076" WIDTH="48"/>
						<String CONTENT="Psychiatry," ID="St_1.2.10.5" HPOS="992" VPOS="2064" HEIGHT="108" WIDTH="684" STYLEREFS="Style_4" WC="1" CC="00000000000"/>
						<SP ID="SP_1.2.10.6" HPOS="1660" VPOS="2092" WIDTH="44"/>
						<String CONTENT="with" ID="St_1.2.10.7" HPOS="1740" VPOS="2060" HEIGHT="84" WIDTH="248" STYLEREFS="Style_4" WC="1" CC="0000"/>
						<SP ID="SP_1.2.10.8" HPOS="1952" VPOS="2060" WIDTH="56"/>
						<String CONTENT="an" ID="St_1.2.10.9" HPOS="2036" VPOS="2080" HEIGHT="64" WIDTH="132" STYLEREFS="Style_4" WC="1" CC="00"/>
						<SP ID="SP_1.2.10.10" HPOS="2132" VPOS="2072" WIDTH="60"/>
						<String CONTENT="introd." ID="St_1.2.10.11" HPOS="2224" VPOS="2060" HEIGHT="84" WIDTH="392" STYLEREFS="Style_4" WC="1" CC="0000000"/>
						<SP ID="SP_1.2.10.12" HPOS="2600" VPOS="2088" WIDTH="44"/>
						<String CONTENT="by" ID="St_1.2.10.13" HPOS="2676" VPOS="2056" HEIGHT="108" WIDTH="128" STYLEREFS="Style_4" WC="1" CC="00"/>
						<SP ID="SP_1.2.10.14" HPOS="2768" VPOS="2068" WIDTH="60"/>
						<String CONTENT="Sir" ID="St_1.2.10.15" HPOS="2860" VPOS="2052" HEIGHT="88" WIDTH="176" STYLEREFS="Style_4" WC="1" CC="000"/>
					</TextLine>
					<TextLine ID="TL_1.2.11" HPOS="536" VPOS="2180" HEIGHT="96" WIDTH="2256">
						<String CONTENT="David" ID="St_1.2.11.1" HPOS="536" VPOS="2192" HEIGHT="76" WIDTH="332" STYLEREFS="Style_4" WC="1" CC="00000"/>
						<SP ID="SP_1.2.11.2" HPOS="836" VPOS="2188" WIDTH="56"/>
						<String CONTENT="K." ID="St_1.2.11.3" HPOS="920" VPOS="2188" HEIGHT="80" WIDTH="124" STYLEREFS="Style_4" WC="1" CC="00"/>
						<SP ID="SP_1.2.11.4" HPOS="1028" VPOS="2216" WIDTH="44"/>
						<String CONTENT="Henderson." ID="St_1.2.11.5" HPOS="1108" VPOS="2188" HEIGHT="80" WIDTH="664" STYLEREFS="Style_4" WC="1" CC="0000000000"/>
						<SP ID="SP_1.2.11.6" HPOS="1756" VPOS="2212" WIDTH="68"/>
						<String CONTENT="General" ID="St_1.2.11.7" HPOS="1884" VPOS="2180" HEIGHT="84" WIDTH="468" STYLEREFS="Style_4" WC="0.974444444444444" CC="0000033"/>
						<SP ID="SP_1.2.11.8" HPOS="2328" VPOS="2180" WIDTH="44"/>
						<String CONTENT="editor," ID="St_1.2.11.9" HPOS="2400" VPOS="2180" HEIGHT="96" WIDTH="392" STYLEREFS="Style_4" WC="0.98" CC="0000000"/>
					</TextLine>
					<TextLine ID="TL_1.2.12" HPOS="528" VPOS="2300" HEIGHT="108" WIDTH="2112">
						<String CONTENT="Eunice" ID="St_1.2.12.1" HPOS="528" VPOS="2316" HEIGHT="80" WIDTH="408" STYLEREFS="Style_4" WC="1" CC="000000"/>
						<SP ID="SP_1.2.12.2" HPOS="904" VPOS="2324" WIDTH="56"/>
						<String CONTENT="E." ID="St_1.2.12.3" HPOS="988" VPOS="2312" HEIGHT="88" WIDTH="124" STYLEREFS="Style_4" WC="1" CC="00"/>
						<SP ID="SP_1.2.12.4" HPOS="1096" VPOS="2344" WIDTH="44"/>
						<String CONTENT="Winters." ID="St_1.2.12.5" HPOS="1176" VPOS="2312" HEIGHT="80" WIDTH="504" STYLEREFS="Style_4" WC="1" CC="00000000"/>
						<SP ID="SP_1.2.12.6" HPOS="1664" VPOS="2340" WIDTH="92"/>
						<String CONTENT="674" ID="St_1.2.12.7" HPOS="1840" VPOS="2308" HEIGHT="84" WIDTH="188" STYLEREFS="Style_4" WC="1" CC="000"/>
						<SP ID="SP_1.2.12.8" HPOS="1992" VPOS="2308" WIDTH="60"/>
						<String CONTENT="p." ID="St_1.2.12.9" HPOS="2084" VPOS="2332" HEIGHT="76" WIDTH="100" STYLEREFS="Style_4" WC="1" CC="00"/>
						<SP ID="SP_1.2.12.10" HPOS="2164" VPOS="2340" WIDTH="92"/>
						<String CONTENT="illus." ID="St_1.2.12.11" HPOS="2340" VPOS="2300" HEIGHT="88" WIDTH="300" STYLEREFS="Style_4" WC="0.964444444444444" CC="113311"/>
					</TextLine>
					<TextLine ID="TL_1.2.13" HPOS="536" VPOS="2428" HEIGHT="108" WIDTH="2416">
						<String CONTENT="&#169;" ID="St_1.2.13.1" HPOS="536" VPOS="2436" HEIGHT="84" WIDTH="84" STYLEREFS="Style_4" WC="0.555555555555556" CC="4"/>
						<SP ID="SP_1.2.13.2" HPOS="576" VPOS="2436" WIDTH="72"/>
						<String CONTENT="The" ID="St_1.2.13.3" HPOS="676" VPOS="2436" HEIGHT="84" WIDTH="216" STYLEREFS="Style_4" WC="0.911111111111111" CC="000"/>
						<SP ID="SP_1.2.13.4" HPOS="860" VPOS="2448" WIDTH="56"/>
						<String CONTENT="Johns" ID="St_1.2.13.5" HPOS="944" VPOS="2436" HEIGHT="80" WIDTH="332" STYLEREFS="Style_4" WC="0.958888888888889" CC="00000"/>
						<SP ID="SP_1.2.13.6" HPOS="1244" VPOS="2448" WIDTH="56"/>
						<String CONTENT="Hopkins" ID="St_1.2.13.7" HPOS="1332" VPOS="2432" HEIGHT="104" WIDTH="468" STYLEREFS="Style_4" WC="0.975555555555556" CC="0000000"/>
						<SP ID="SP_1.2.13.8" HPOS="1768" VPOS="2448" WIDTH="56"/>
						<String CONTENT="Press," ID="St_1.2.13.9" HPOS="1856" VPOS="2432" HEIGHT="92" WIDTH="392" STYLEREFS="Style_4" WC="0.982222222222222" CC="000000"/>
						<SP ID="SP_1.2.13.10" HPOS="2232" VPOS="2464" WIDTH="44"/>
						<String CONTENT="Baltimore;" ID="St_1.2.13.11" HPOS="2316" VPOS="2428" HEIGHT="88" WIDTH="636" STYLEREFS="Style_4" WC="0.987777777777778" CC="0000000000"/>
					</TextLine>
					<TextLine ID="TL_1.2.14" HPOS="540" VPOS="2552" HEIGHT="100" WIDTH="1072">
						<String CONTENT="3" ID="St_1.2.14.1" HPOS="540" VPOS="2564" HEIGHT="84" WIDTH="52" STYLEREFS="Style_4" WC="1" CC="0"/>
						<String CONTENT="0" ID="St_1.2.14.2" HPOS="608" VPOS="2560" HEIGHT="80" WIDTH="56" STYLEREFS="Style_4" WC="1" CC="0"/>
						<String CONTENT="Mar" ID="St_1.2.14.3" HPOS="676" VPOS="2560" HEIGHT="84" WIDTH="244" STYLEREFS="Style_4" WC="1" CC="000"/>
						<String CONTENT="5" ID="St_1.2.14.4" HPOS="932" VPOS="2560" HEIGHT="80" WIDTH="48" STYLEREFS="Style_4" WC="1" CC="0"/>
						<String CONTENT="1;" ID="St_1.2.14.5" HPOS="984" VPOS="2564" HEIGHT="88" WIDTH="104" STYLEREFS="Style_4" WC="0.944444444444444" CC="40"/>
						<SP ID="SP_1.2.14.6" HPOS="1072" VPOS="2572" WIDTH="44"/>
						<String CONTENT="A" ID="St_1.2.14.7" HPOS="1152" VPOS="2556" HEIGHT="80" WIDTH="84" STYLEREFS="Style_5" WC="0.955555555555556" CC="0"/>
						<String CONTENT="5" ID="St_1.2.14.8" HPOS="1252" VPOS="2556" HEIGHT="80" WIDTH="48" STYLEREFS="Style_5" WC="0.958888888888889" CC="0"/>
						<String CONTENT="43" ID="St_1.2.14.9" HPOS="1316" VPOS="2556" HEIGHT="84" WIDTH="116" STYLEREFS="Style_5" WC="0.965555555555556" CC="00"/>
						<String CONTENT="0" ID="St_1.2.14.10" HPOS="1452" VPOS="2556" HEIGHT="80" WIDTH="52" STYLEREFS="Style_5" WC="0.967777777777778" CC="0"/>
						<String CONTENT="4." ID="St_1.2.14.11" HPOS="1520" VPOS="2552" HEIGHT="88" WIDTH="92" STYLEREFS="Style_5" WC="0.972222222222222" CC="00"/>
					</TextLine>
					<TextLine ID="TL_1.2.15" HPOS="344" VPOS="2776" HEIGHT="112" WIDTH="2076">
						<String CONTENT="MEYER," ID="St_1.2.15.1" HPOS="344" VPOS="2792" HEIGHT="96" WIDTH="500" STYLEREFS="Style_5" WC="1" CC="000000"/>
						<SP ID="SP_1.2.15.2" HPOS="828" VPOS="2820" WIDTH="48"/>
						<String CONTENT="FLORENCE" ID="St_1.2.15.3" HPOS="912" VPOS="2788" HEIGHT="84" WIDTH="712" STYLEREFS="Style_5" WC="1" CC="00000000"/>
						<SP ID="SP_1.2.15.4" HPOS="1580" VPOS="2788" WIDTH="72"/>
						<String CONTENT="M.," ID="St_1.2.15.5" HPOS="1688" VPOS="2788" HEIGHT="92" WIDTH="180" STYLEREFS="Style_5" WC="1" CC="000"/>
						<SP ID="SP_1.2.15.6" HPOS="1852" VPOS="2816" WIDTH="44"/>
						<String CONTENT="jo" ID="St_1.2.15.7" HPOS="1932" VPOS="2788" HEIGHT="100" WIDTH="104" STYLEREFS="Style_5" WC="1" CC="00"/>
						<String CONTENT="int" ID="St_1.2.15.8" HPOS="2044" VPOS="2784" HEIGHT="80" WIDTH="152" STYLEREFS="Style_5" WC="1" CC="000"/>
						<SP ID="SP_1.2.15.9" HPOS="2172" VPOS="2784" WIDTH="52"/>
						<String CONTENT="ed." ID="St_1.2.15.10" HPOS="2256" VPOS="2776" HEIGHT="88" WIDTH="164" STYLEREFS="Style_5" WC="0.984444444444444" CC="000"/>
					</TextLine>
					<TextLine ID="TL_1.2.16" HPOS="428" VPOS="2904" HEIGHT="112" WIDTH="1788">
						<String CONTENT="Interpreting" ID="St_1.2.16.1" HPOS="428" VPOS="2912" HEIGHT="104" WIDTH="724" STYLEREFS="Style_5" WC="1" CC="000000000000"/>
						<SP ID="SP_1.2.16.2" HPOS="1116" VPOS="2924" WIDTH="60"/>
						<String CONTENT="literature." ID="St_1.2.16.3" HPOS="1204" VPOS="2912" HEIGHT="84" WIDTH="624" STYLEREFS="Style_5" WC="1" CC="00000000000"/>
						<SP ID="SP_1.2.16.4" HPOS="1812" VPOS="2944" WIDTH="88"/>
						<String CONTENT="SEE" ID="St_1.2.16.5" HPOS="1980" VPOS="2904" HEIGHT="80" WIDTH="236" STYLEREFS="Style_5" WC="1" CC="000"/>
					</TextLine>
					<TextLine ID="TL_1.2.17" HPOS="520" VPOS="3032" HEIGHT="104" WIDTH="1036">
						<String CONTENT="Cross," ID="St_1.2.17.1" HPOS="520" VPOS="3044" HEIGHT="92" WIDTH="388" STYLEREFS="Style_5" WC="1" CC="000000"/>
						<SP ID="SP_1.2.17.2" HPOS="892" VPOS="3072" WIDTH="44"/>
						<String CONTENT="E." ID="St_1.2.17.3" HPOS="976" VPOS="3040" HEIGHT="84" WIDTH="120" STYLEREFS="Style_5" WC="0.95" CC="40"/>
						<SP ID="SP_1.2.17.4" HPOS="1080" VPOS="3072" WIDTH="44"/>
						<String CONTENT="A.," ID="St_1.2.17.5" HPOS="1156" VPOS="3032" HEIGHT="100" WIDTH="164" STYLEREFS="Style_5" WC="0.931111111111111" CC="004"/>
						<SP ID="SP_1.2.17.6" HPOS="1304" VPOS="3072" WIDTH="48"/>
						<String CONTENT="ed." ID="St_1.2.17.7" HPOS="1392" VPOS="3036" HEIGHT="88" WIDTH="164" STYLEREFS="Style_5" WC="0.946666666666667" CC="000"/>
					</TextLine>
				</TextBlock>
				<TextBlock ID="TB_1.3" HPOS="288" VPOS="3248" WIDTH="3056" HEIGHT="9188">
					<TextLine ID="TL_1.3.1" HPOS="368" VPOS="3308" HEIGHT="104" WIDTH="1252">
						<String CONTENT="MEYER," ID="St_1.3.1.1" HPOS="368" VPOS="3312" HEIGHT="100" WIDTH="508" STYLEREFS="Style_5" WC="1" CC="000000"/>
						<SP ID="SP_1.3.1.2" HPOS="860" VPOS="3344" WIDTH="48"/>
						<String CONTENT="GERTRUD." ID="St_1.3.1.3" HPOS="940" VPOS="3308" HEIGHT="100" WIDTH="680" STYLEREFS="Style_5" WC="0.925555555555556" CC="00000118"/>
					</TextLine>
					<TextLine ID="TL_1.3.2" HPOS="468" VPOS="3424" HEIGHT="108" WIDTH="2420">
						<String CONTENT="Fa" ID="St_1.3.2.1" HPOS="468" VPOS="3436" HEIGHT="80" WIDTH="144" STYLEREFS="Style_5" WC="0.888888888888889" CC="11"/>
						<String CONTENT="c" ID="St_1.3.2.2" HPOS="628" VPOS="3460" HEIGHT="56" WIDTH="52" STYLEREFS="Style_5" WC="0.777777777777778" CC="4"/>
						<String CONTENT="hbuch" ID="St_1.3.2.3" HPOS="688" VPOS="3432" HEIGHT="84" WIDTH="340" STYLEREFS="Style_5" WC="0.916666666666667" CC="00000"/>
						<SP ID="SP_1.3.2.4" HPOS="992" VPOS="3428" WIDTH="64"/>
						<String CONTENT="f" ID="St_1.3.2.5" HPOS="1088" VPOS="3428" HEIGHT="76" WIDTH="40" STYLEREFS="Style_6" WC="0.877777777777778" CC="5"/>
						<String CONTENT="&#252;" ID="St_1.3.2.6" HPOS="1084" VPOS="3432" HEIGHT="80" WIDTH="96" STYLEREFS="Style_6" WC="0.888888888888889" CC="0"/>
						<String CONTENT="r" ID="St_1.3.2.7" HPOS="1196" VPOS="3456" HEIGHT="56" WIDTH="56" STYLEREFS="Style_7" WC="0.897777777777778" CC="0"/>
						<SP ID="SP_1.3.2.8" HPOS="1220" VPOS="3440" WIDTH="60"/>
						<String CONTENT="die" ID="St_1.3.2.9" HPOS="1312" VPOS="3432" HEIGHT="80" WIDTH="172" STYLEREFS="Style_7" WC="0.923333333333333" CC="000"/>
						<SP ID="SP_1.3.2.10" HPOS="1452" VPOS="3440" WIDTH="60"/>
						<String CONTENT="Schneiderin;" ID="St_1.3.2.11" HPOS="1540" VPOS="3428" HEIGHT="100" WIDTH="740" STYLEREFS="Style_7" WC="0.957777777777778" CC="000000000000"/>
						<SP ID="SP_1.3.2.12" HPOS="2264" VPOS="3436" WIDTH="48"/>
						<String CONTENT="R&#252;stzeug" ID="St_1.3.2.13" HPOS="2340" VPOS="3424" HEIGHT="108" WIDTH="548" STYLEREFS="Style_7" WC="0.967777777777778" CC="00000000"/>
					</TextLine>
					<TextLine ID="TL_1.3.3" HPOS="552" VPOS="3540" HEIGHT="112" WIDTH="2588">
						<String CONTENT="f&#252;r" ID="St_1.3.3.1" HPOS="552" VPOS="3552" HEIGHT="96" WIDTH="172" STYLEREFS="Style_7" WC="0.962222222222222" CC="100"/>
						<SP ID="SP_1.3.3.2" HPOS="692" VPOS="3564" WIDTH="60"/>
						<String CONTENT="Meisterin," ID="St_1.3.3.3" HPOS="784" VPOS="3552" HEIGHT="100" WIDTH="620" STYLEREFS="Style_7" WC="0.991111111111111" CC="0000000000"/>
						<SP ID="SP_1.3.3.4" HPOS="1388" VPOS="3584" WIDTH="44"/>
						<String CONTENT="Gesellin" ID="St_1.3.3.5" HPOS="1468" VPOS="3548" HEIGHT="84" WIDTH="500" STYLEREFS="Style_7" WC="0.994444444444444" CC="00000000"/>
						<SP ID="SP_1.3.3.6" HPOS="1932" VPOS="3560" WIDTH="56"/>
						<String CONTENT="und" ID="St_1.3.3.7" HPOS="2016" VPOS="3548" HEIGHT="80" WIDTH="204" STYLEREFS="Style_7" WC="0.995555555555556" CC="000"/>
						<SP ID="SP_1.3.3.8" HPOS="2188" VPOS="3548" WIDTH="60"/>
						<String CONTENT="Lehrm&#228;d" ID="St_1.3.3.9" HPOS="2280" VPOS="3544" HEIGHT="84" WIDTH="536" STYLEREFS="Style_7" WC="0.996666666666667" CC="0000000"/>
						<String CONTENT="c" ID="St_1.3.3.10" HPOS="2828" VPOS="3568" HEIGHT="60" WIDTH="48" STYLEREFS="Style_7" WC="0.996666666666667" CC="0"/>
						<String CONTENT="hen." ID="St_1.3.3.11" HPOS="2892" VPOS="3540" HEIGHT="100" WIDTH="248" STYLEREFS="Style_7" WC="0.996666666666667" CC="0000"/>
					</TextLine>
					<TextLine ID="TL_1.3.4" HPOS="560" VPOS="3664" HEIGHT="112" WIDTH="2344">
						<String CONTENT="167" ID="St_1.3.4.1" HPOS="560" VPOS="3672" HEIGHT="84" WIDTH="188" STYLEREFS="Style_7" WC="1" CC="000"/>
						<SP ID="SP_1.3.4.2" HPOS="720" VPOS="3668" WIDTH="56"/>
						<String CONTENT="p." ID="St_1.3.4.3" HPOS="808" VPOS="3696" HEIGHT="80" WIDTH="104" STYLEREFS="Style_7" WC="0.925555555555556" CC="04"/>
						<SP ID="SP_1.3.4.4" HPOS="892" VPOS="3704" WIDTH="96"/>
						<String CONTENT="(Gewerblich-technis" ID="St_1.3.4.5" HPOS="1064" VPOS="3668" HEIGHT="108" WIDTH="1216" STYLEREFS="Style_7" WC="0.965555555555556" CC="0000000003100000000"/>
						<String CONTENT="c" ID="St_1.3.4.6" HPOS="2300" VPOS="3692" HEIGHT="56" WIDTH="52" STYLEREFS="Style_7" WC="0.95" CC="4"/>
						<String CONTENT="he" ID="St_1.3.4.7" HPOS="2364" VPOS="3668" HEIGHT="80" WIDTH="124" STYLEREFS="Style_7" WC="0.953333333333333" CC="00"/>
						<SP ID="SP_1.3.4.8" HPOS="2456" VPOS="3676" WIDTH="60"/>
						<String CONTENT="Lehr" ID="St_1.3.4.9" HPOS="2552" VPOS="3664" HEIGHT="84" WIDTH="280" STYLEREFS="Style_7" WC="0.96" CC="0000"/>
						<String CONTENT="-" ID="St_1.3.4.10" HPOS="2860" VPOS="3700" HEIGHT="16" WIDTH="44" STYLEREFS="Style_8" WC="0.957777777777778" CC="1"/>
					</TextLine>
					<TextLine ID="TL_1.3.5" HPOS="544" VPOS="3780" HEIGHT="116" WIDTH="2476">
						<String CONTENT="b&#252;cher)" ID="St_1.3.5.1" HPOS="544" VPOS="3788" HEIGHT="108" WIDTH="452" STYLEREFS="Style_8" WC="0.904444444444445" CC="1050000"/>
						<SP ID="SP_1.3.5.2" HPOS="980" VPOS="3788" WIDTH="88"/>
						<String CONTENT="&#169;" ID="St_1.3.5.3" HPOS="1140" VPOS="3788" HEIGHT="84" WIDTH="84" STYLEREFS="Style_8" WC="0.875555555555556" CC="4"/>
						<SP ID="SP_1.3.5.4" HPOS="1180" VPOS="3788" WIDTH="76"/>
						<String CONTENT="Verlag" ID="St_1.3.5.5" HPOS="1284" VPOS="3792" HEIGHT="104" WIDTH="408" STYLEREFS="Style_8" WC="0.93" CC="000000"/>
						<SP ID="SP_1.3.5.6" HPOS="1660" VPOS="3800" WIDTH="60"/>
						<String CONTENT="C." ID="St_1.3.5.7" HPOS="1748" VPOS="3788" HEIGHT="96" WIDTH="124" STYLEREFS="Style_8" WC="0.941111111111111" CC="00"/>
						<SP ID="SP_1.3.5.8" HPOS="1852" VPOS="3820" WIDTH="48"/>
						<String CONTENT="F." ID="St_1.3.5.9" HPOS="1932" VPOS="3788" HEIGHT="96" WIDTH="124" STYLEREFS="Style_8" WC="0.928888888888889" CC="04"/>
						<SP ID="SP_1.3.5.10" HPOS="2036" VPOS="3824" WIDTH="48"/>
						<String CONTENT="M&#252;ller," ID="St_1.3.5.11" HPOS="2112" VPOS="3784" HEIGHT="104" WIDTH="440" STYLEREFS="Style_8" WC="0.94" CC="1000000"/>
						<SP ID="SP_1.3.5.12" HPOS="2532" VPOS="3820" WIDTH="48"/>
						<String CONTENT="Karls-" ID="St_1.3.5.13" HPOS="2616" VPOS="3780" HEIGHT="88" WIDTH="404" STYLEREFS="Style_8" WC="0.951111111111111" CC="000000"/>
					</TextLine>
					<TextLine ID="TL_1.3.6" HPOS="556" VPOS="3908" HEIGHT="112" WIDTH="1572">
						<String CONTENT="ruhe;" ID="St_1.3.6.1" HPOS="556" VPOS="3916" HEIGHT="100" WIDTH="308" STYLEREFS="Style_8" WC="0.866666666666667" CC="11400"/>
						<SP ID="SP_1.3.6.2" HPOS="844" VPOS="3928" WIDTH="48"/>
						<String CONTENT="15Sep50;" ID="St_1.3.6.3" HPOS="924" VPOS="3912" HEIGHT="108" WIDTH="512" STYLEREFS="Style_8" WC="0.952222222222222" CC="00000000"/>
						<SP ID="SP_1.3.6.4" HPOS="1416" VPOS="3928" WIDTH="44"/>
						<String CONTENT="AF0-3498." ID="St_1.3.6.5" HPOS="1488" VPOS="3908" HEIGHT="100" WIDTH="640" STYLEREFS="Style_8" WC="0.953333333333333" CC="000000004"/>
					</TextLine>
					<TextLine ID="TL_1.3.7" HPOS="384" VPOS="4132" HEIGHT="100" WIDTH="1732">
						<String CONTENT="MEYER," ID="St_1.3.7.1" HPOS="384" VPOS="4132" HEIGHT="100" WIDTH="500" STYLEREFS="Style_8" WC="1" CC="000000"/>
						<SP ID="SP_1.3.7.2" HPOS="868" VPOS="4164" WIDTH="48"/>
						<String CONTENT="HERBERT" ID="St_1.3.7.3" HPOS="952" VPOS="4132" HEIGHT="84" WIDTH="624" STYLEREFS="Style_8" WC="1" CC="0000000"/>
						<SP ID="SP_1.3.7.4" HPOS="1532" VPOS="4132" WIDTH="76"/>
						<String CONTENT="HENRY." ID="St_1.3.7.5" HPOS="1636" VPOS="4132" HEIGHT="84" WIDTH="480" STYLEREFS="Style_8" WC="1" CC="000000"/>
					</TextLine>
					<TextLine ID="TL_1.3.8" HPOS="468" VPOS="4252" HEIGHT="88" WIDTH="2460">
						<String CONTENT="Factors" ID="St_1.3.8.1" HPOS="468" VPOS="4256" HEIGHT="84" WIDTH="472" STYLEREFS="Style_8" WC="1" CC="0000000"/>
						<SP ID="SP_1.3.8.2" HPOS="912" VPOS="4264" WIDTH="60"/>
						<String CONTENT="related" ID="St_1.3.8.3" HPOS="1008" VPOS="4256" HEIGHT="84" WIDTH="412" STYLEREFS="Style_8" WC="1" CC="0000000"/>
						<SP ID="SP_1.3.8.4" HPOS="1388" VPOS="4252" WIDTH="56"/>
						<String CONTENT="to" ID="St_1.3.8.5" HPOS="1472" VPOS="4260" HEIGHT="80" WIDTH="108" STYLEREFS="Style_8" WC="1" CC="00"/>
						<SP ID="SP_1.3.8.6" HPOS="1548" VPOS="4264" WIDTH="64"/>
						<String CONTENT="success" ID="St_1.3.8.7" HPOS="1640" VPOS="4280" HEIGHT="60" WIDTH="464" STYLEREFS="Style_8" WC="1" CC="0000000"/>
						<SP ID="SP_1.3.8.8" HPOS="2076" VPOS="4264" WIDTH="56"/>
						<String CONTENT="in" ID="St_1.3.8.9" HPOS="2160" VPOS="4260" HEIGHT="80" WIDTH="104" STYLEREFS="Style_8" WC="1" CC="00"/>
						<SP ID="SP_1.3.8.10" HPOS="2232" VPOS="4264" WIDTH="56"/>
						<String CONTENT="the" ID="St_1.3.8.11" HPOS="2320" VPOS="4256" HEIGHT="84" WIDTH="172" STYLEREFS="Style_8" WC="1" CC="000"/>
						<SP ID="SP_1.3.8.12" HPOS="2460" VPOS="4264" WIDTH="56"/>
						<String CONTENT="human" ID="St_1.3.8.13" HPOS="2544" VPOS="4260" HEIGHT="80" WIDTH="384" STYLEREFS="Style_8" WC="1" CC="00000"/>
					</TextLine>
					<TextLine ID="TL_1.3.9" HPOS="564" VPOS="4376" HEIGHT="116" WIDTH="2604">
						<String CONTENT="relations" ID="St_1.3.9.1" HPOS="564" VPOS="4384" HEIGHT="84" WIDTH="536" STYLEREFS="Style_8" WC="1" CC="000000000"/>
						<SP ID="SP_1.3.9.2" HPOS="1072" VPOS="4388" WIDTH="56"/>
						<String CONTENT="aspect" ID="St_1.3.9.3" HPOS="1160" VPOS="4392" HEIGHT="96" WIDTH="376" STYLEREFS="Style_8" WC="1" CC="000000"/>
						<SP ID="SP_1.3.9.4" HPOS="1512" VPOS="4380" WIDTH="52"/>
						<String CONTENT="of" ID="St_1.3.9.5" HPOS="1592" VPOS="4384" HEIGHT="80" WIDTH="108" STYLEREFS="Style_8" WC="1" CC="00"/>
						<SP ID="SP_1.3.9.6" HPOS="1676" VPOS="4376" WIDTH="48"/>
						<String CONTENT="work-group" ID="St_1.3.9.7" HPOS="1748" VPOS="4388" HEIGHT="104" WIDTH="700" STYLEREFS="Style_8" WC="1" CC="0000000000"/>
						<SP ID="SP_1.3.9.8" HPOS="2412" VPOS="4392" WIDTH="60"/>
						<String CONTENT="leadership." ID="St_1.3.9.9" HPOS="2500" VPOS="4384" HEIGHT="108" WIDTH="668" STYLEREFS="Style_8" WC="0.988888888888889" CC="00000000004"/>
					</TextLine>
					<TextLine ID="TL_1.3.10" HPOS="564" VPOS="4500" HEIGHT="112" WIDTH="2576">
						<String CONTENT="29" ID="St_1.3.10.1" HPOS="564" VPOS="4504" HEIGHT="84" WIDTH="120" STYLEREFS="Style_8" WC="1" CC="00"/>
						<SP ID="SP_1.3.10.2" HPOS="656" VPOS="4500" WIDTH="60"/>
						<String CONTENT="p." ID="St_1.3.10.3" HPOS="744" VPOS="4528" HEIGHT="80" WIDTH="100" STYLEREFS="Style_8" WC="1" CC="00"/>
						<SP ID="SP_1.3.10.4" HPOS="832" VPOS="4532" WIDTH="92"/>
						<String CONTENT="illus." ID="St_1.3.10.5" HPOS="1004" VPOS="4504" HEIGHT="84" WIDTH="296" STYLEREFS="Style_8" WC="1" CC="000000"/>
						<SP ID="SP_1.3.10.6" HPOS="1284" VPOS="4532" WIDTH="92"/>
						<String CONTENT="(Psychological" ID="St_1.3.10.7" HPOS="1456" VPOS="4504" HEIGHT="108" WIDTH="880" STYLEREFS="Style_8" WC="1" CC="00000000000000"/>
						<SP ID="SP_1.3.10.8" HPOS="2316" VPOS="4500" WIDTH="44"/>
						<String CONTENT="monographs:" ID="St_1.3.10.9" HPOS="2384" VPOS="4508" HEIGHT="104" WIDTH="756" STYLEREFS="Style_8" WC="0.987777777777778" CC="00000040000"/>
					</TextLine>
					<TextLine ID="TL_1.3.11" HPOS="564" VPOS="4628" HEIGHT="108" WIDTH="2416">
						<String CONTENT="general" ID="St_1.3.11.1" HPOS="564" VPOS="4632" HEIGHT="104" WIDTH="452" STYLEREFS="Style_8" WC="1" CC="0000000"/>
						<SP ID="SP_1.3.11.2" HPOS="992" VPOS="4628" WIDTH="44"/>
						<String CONTENT="and" ID="St_1.3.11.3" HPOS="1064" VPOS="4632" HEIGHT="76" WIDTH="196" STYLEREFS="Style_8" WC="1" CC="000"/>
						<SP ID="SP_1.3.11.4" HPOS="1228" VPOS="4628" WIDTH="56"/>
						<String CONTENT="applied," ID="St_1.3.11.5" HPOS="1312" VPOS="4632" HEIGHT="100" WIDTH="464" STYLEREFS="Style_8" WC="1" CC="00000000"/>
						<SP ID="SP_1.3.11.6" HPOS="1760" VPOS="4660" WIDTH="44"/>
						<String CONTENT="Herbert" ID="St_1.3.11.7" HPOS="1840" VPOS="4632" HEIGHT="80" WIDTH="468" STYLEREFS="Style_8" WC="1" CC="0000000"/>
						<SP ID="SP_1.3.11.8" HPOS="2288" VPOS="4628" WIDTH="48"/>
						<String CONTENT="S." ID="St_1.3.11.9" HPOS="2368" VPOS="4628" HEIGHT="88" WIDTH="92" STYLEREFS="Style_8" WC="1" CC="00"/>
						<SP ID="SP_1.3.11.10" HPOS="2448" VPOS="4656" WIDTH="44"/>
						<String CONTENT="Conrad," ID="St_1.3.11.11" HPOS="2528" VPOS="4632" HEIGHT="96" WIDTH="452" STYLEREFS="Style_8" WC="1" CC="0000000"/>
					</TextLine>
					<TextLine ID="TL_1.3.12" HPOS="560" VPOS="4752" HEIGHT="104" WIDTH="1900">
						<String CONTENT="ed.," ID="St_1.3.12.1" HPOS="560" VPOS="4756" HEIGHT="92" WIDTH="212" STYLEREFS="Style_8" WC="1" CC="0000"/>
						<SP ID="SP_1.3.12.2" HPOS="756" VPOS="4780" WIDTH="48"/>
						<String CONTENT="v." ID="St_1.3.12.3" HPOS="840" VPOS="4776" HEIGHT="60" WIDTH="96" STYLEREFS="Style_8" WC="1" CC="00"/>
						<SP ID="SP_1.3.12.4" HPOS="924" VPOS="4780" WIDTH="44"/>
						<String CONTENT="65," ID="St_1.3.12.5" HPOS="1004" VPOS="4756" HEIGHT="96" WIDTH="156" STYLEREFS="Style_8" WC="1" CC="000"/>
						<SP ID="SP_1.3.12.6" HPOS="1144" VPOS="4780" WIDTH="48"/>
						<String CONTENT="no." ID="St_1.3.12.7" HPOS="1224" VPOS="4776" HEIGHT="60" WIDTH="168" STYLEREFS="Style_8" WC="1" CC="000"/>
						<SP ID="SP_1.3.12.8" HPOS="1380" VPOS="4780" WIDTH="48"/>
						<String CONTENT="3;" ID="St_1.3.12.9" HPOS="1456" VPOS="4756" HEIGHT="92" WIDTH="92" STYLEREFS="Style_8" WC="0.974444444444444" CC="40"/>
						<SP ID="SP_1.3.12.10" HPOS="1532" VPOS="4764" WIDTH="44"/>
						<String CONTENT="whole" ID="St_1.3.12.11" HPOS="1612" VPOS="4752" HEIGHT="80" WIDTH="332" STYLEREFS="Style_8" WC="0.981111111111111" CC="00000"/>
						<SP ID="SP_1.3.12.12" HPOS="1912" VPOS="4760" WIDTH="60"/>
						<String CONTENT="no." ID="St_1.3.12.13" HPOS="2000" VPOS="4776" HEIGHT="56" WIDTH="160" STYLEREFS="Style_8" WC="0.983333333333333" CC="000"/>
						<SP ID="SP_1.3.12.14" HPOS="2148" VPOS="4780" WIDTH="44"/>
						<String CONTENT="320)" ID="St_1.3.12.15" HPOS="2232" VPOS="4752" HEIGHT="104" WIDTH="228" STYLEREFS="Style_8" WC="0.985555555555556" CC="0000"/>
					</TextLine>
					<TextLine ID="TL_1.3.13" HPOS="560" VPOS="4868" HEIGHT="116" WIDTH="2400">
						<String CONTENT="&#169;" ID="St_1.3.13.1" HPOS="560" VPOS="4868" HEIGHT="80" WIDTH="84" STYLEREFS="Style_8" WC="0.444444444444444" CC="5"/>
						<SP ID="SP_1.3.13.2" HPOS="600" VPOS="4868" WIDTH="68"/>
						<String CONTENT="American" ID="St_1.3.13.3" HPOS="696" VPOS="4876" HEIGHT="84" WIDTH="588" STYLEREFS="Style_8" WC="0.944444444444444" CC="00000000"/>
						<SP ID="SP_1.3.13.4" HPOS="1252" VPOS="4880" WIDTH="60"/>
						<String CONTENT="Psychological" ID="St_1.3.13.5" HPOS="1340" VPOS="4876" HEIGHT="108" WIDTH="832" STYLEREFS="Style_8" WC="0.976666666666667" CC="0000000000000"/>
						<SP ID="SP_1.3.13.6" HPOS="2152" VPOS="4868" WIDTH="44"/>
						<String CONTENT="Association," ID="St_1.3.13.7" HPOS="2224" VPOS="4876" HEIGHT="96" WIDTH="736" STYLEREFS="Style_8" WC="0.984444444444444" CC="000000000000"/>
					</TextLine>
					<TextLine ID="TL_1.3.14" HPOS="556" VPOS="4996" HEIGHT="112" WIDTH="1856">
						<String CONTENT="Washington;" ID="St_1.3.14.1" HPOS="556" VPOS="5000" HEIGHT="108" WIDTH="716" STYLEREFS="Style_8" WC="1" CC="00000000000"/>
						<SP ID="SP_1.3.14.2" HPOS="1256" VPOS="5004" WIDTH="48"/>
						<String CONTENT="30Mar51;" ID="St_1.3.14.3" HPOS="1344" VPOS="4996" HEIGHT="96" WIDTH="540" STYLEREFS="Style_8" WC="1" CC="00000000"/>
						<SP ID="SP_1.3.14.4" HPOS="1868" VPOS="5004" WIDTH="44"/>
						<String CONTENT="A54277." ID="St_1.3.14.5" HPOS="1948" VPOS="4996" HEIGHT="88" WIDTH="464" STYLEREFS="Style_8" WC="1" CC="0000000"/>
					</TextLine>
					<TextLine ID="TL_1.3.15" HPOS="384" VPOS="5200" HEIGHT="88" WIDTH="1740">
						<String CONTENT="MEYER," ID="St_1.3.15.1" HPOS="384" VPOS="5208" HEIGHT="80" WIDTH="500" STYLEREFS="Style_8" WC="0.944444444444444" CC="000003"/>
						<SP ID="SP_1.3.15.2" HPOS="828" VPOS="5200" WIDTH="68"/>
						<String CONTENT="HERBERT" ID="St_1.3.15.3" HPOS="956" VPOS="5208" HEIGHT="80" WIDTH="624" STYLEREFS="Style_8" WC="0.967777777777778" CC="0000000"/>
						<SP ID="SP_1.3.15.4" HPOS="1540" VPOS="5204" WIDTH="72"/>
						<String CONTENT="HENRY." ID="St_1.3.15.5" HPOS="1644" VPOS="5212" HEIGHT="76" WIDTH="480" STYLEREFS="Style_8" WC="0.956666666666667" CC="000004"/>
					</TextLine>
					<TextLine ID="TL_1.3.16" HPOS="476" VPOS="5324" HEIGHT="116" WIDTH="2620">
						<String CONTENT="Practical" ID="St_1.3.16.1" HPOS="476" VPOS="5328" HEIGHT="84" WIDTH="560" STYLEREFS="Style_8" WC="1" CC="000000000"/>
						<SP ID="SP_1.3.16.2" HPOS="1012" VPOS="5324" WIDTH="48"/>
						<String CONTENT="methods" ID="St_1.3.16.3" HPOS="1088" VPOS="5332" HEIGHT="84" WIDTH="492" STYLEREFS="Style_8" WC="1" CC="0000000"/>
						<SP ID="SP_1.3.16.4" HPOS="1552" VPOS="5336" WIDTH="60"/>
						<String CONTENT="of" ID="St_1.3.16.5" HPOS="1640" VPOS="5332" HEIGHT="80" WIDTH="108" STYLEREFS="Style_8" WC="1" CC="00"/>
						<SP ID="SP_1.3.16.6" HPOS="1724" VPOS="5324" WIDTH="44"/>
						<String CONTENT="management" ID="St_1.3.16.7" HPOS="1796" VPOS="5340" HEIGHT="100" WIDTH="744" STYLEREFS="Style_8" WC="1" CC="0000000000"/>
						<SP ID="SP_1.3.16.8" HPOS="2516" VPOS="5328" WIDTH="52"/>
						<String CONTENT="develop-" ID="St_1.3.16.9" HPOS="2596" VPOS="5336" HEIGHT="100" WIDTH="500" STYLEREFS="Style_8" WC="0.988888888888889" CC="00000004"/>
					</TextLine>
					<TextLine ID="TL_1.3.17" HPOS="564" VPOS="5452" HEIGHT="116" WIDTH="2556">
						<String CONTENT="ment." ID="St_1.3.17.1" HPOS="564" VPOS="5460" HEIGHT="84" WIDTH="328" STYLEREFS="Style_8" WC="1" CC="00000"/>
						<SP ID="SP_1.3.17.2" HPOS="880" VPOS="5488" WIDTH="72"/>
						<String CONTENT="SEE" ID="St_1.3.17.3" HPOS="1016" VPOS="5452" HEIGHT="84" WIDTH="244" STYLEREFS="Style_8" WC="1" CC="000"/>
						<SP ID="SP_1.3.17.4" HPOS="1216" VPOS="5456" WIDTH="80"/>
						<String CONTENT="American" ID="St_1.3.17.5" HPOS="1336" VPOS="5452" HEIGHT="92" WIDTH="588" STYLEREFS="Style_8" WC="1" CC="00000000"/>
						<SP ID="SP_1.3.17.6" HPOS="1888" VPOS="5468" WIDTH="60"/>
						<String CONTENT="Management" ID="St_1.3.17.7" HPOS="1976" VPOS="5456" HEIGHT="112" WIDTH="740" STYLEREFS="Style_8" WC="1" CC="0000000000"/>
						<SP ID="SP_1.3.17.8" HPOS="2692" VPOS="5460" WIDTH="52"/>
						<String CONTENT="Asso-" ID="St_1.3.17.9" HPOS="2776" VPOS="5456" HEIGHT="88" WIDTH="344" STYLEREFS="Style_8" WC="0.986666666666667" CC="00004"/>
					</TextLine>
					<TextLine ID="TL_1.3.18" HPOS="564" VPOS="5584" HEIGHT="88" WIDTH="444">
						<String CONTENT="ciation." ID="St_1.3.18.1" HPOS="564" VPOS="5584" HEIGHT="88" WIDTH="444" STYLEREFS="Style_8" WC="1" CC="00000000"/>
					</TextLine>
					<TextLine ID="TL_1.3.19" HPOS="388" VPOS="5764" HEIGHT="104" WIDTH="1592">
						<String CONTENT="MEYER," ID="St_1.3.19.1" HPOS="388" VPOS="5768" HEIGHT="100" WIDTH="508" STYLEREFS="Style_8" WC="1" CC="000000"/>
						<SP ID="SP_1.3.19.2" HPOS="880" VPOS="5796" WIDTH="44"/>
						<String CONTENT="JACOB" ID="St_1.3.19.3" HPOS="956" VPOS="5768" HEIGHT="88" WIDTH="420" STYLEREFS="Style_8" WC="1" CC="00000"/>
						<SP ID="SP_1.3.19.4" HPOS="1332" VPOS="5764" WIDTH="76"/>
						<String CONTENT="GIBBLE." ID="St_1.3.19.5" HPOS="1444" VPOS="5768" HEIGHT="88" WIDTH="536" STYLEREFS="Style_8" WC="1" CC="0000000"/>
					</TextLine>
					<TextLine ID="TL_1.3.20" HPOS="464" VPOS="5880" HEIGHT="120" WIDTH="2744">
						<String CONTENT="The" ID="St_1.3.20.1" HPOS="464" VPOS="5888" HEIGHT="84" WIDTH="212" STYLEREFS="Style_8" WC="1" CC="000"/>
						<SP ID="SP_1.3.20.2" HPOS="644" VPOS="5896" WIDTH="56"/>
						<String CONTENT="Old" ID="St_1.3.20.3" HPOS="728" VPOS="5884" HEIGHT="92" WIDTH="204" STYLEREFS="Style_8" WC="1" CC="000"/>
						<SP ID="SP_1.3.20.4" HPOS="896" VPOS="5888" WIDTH="56"/>
						<String CONTENT="World" ID="St_1.3.20.5" HPOS="976" VPOS="5888" HEIGHT="88" WIDTH="372" STYLEREFS="Style_8" WC="1" CC="00000"/>
						<SP ID="SP_1.3.20.6" HPOS="1312" VPOS="5888" WIDTH="56"/>
						<String CONTENT="and" ID="St_1.3.20.7" HPOS="1396" VPOS="5888" HEIGHT="84" WIDTH="196" STYLEREFS="Style_8" WC="1" CC="000"/>
						<SP ID="SP_1.3.20.8" HPOS="1560" VPOS="5884" WIDTH="60"/>
						<String CONTENT="its" ID="St_1.3.20.9" HPOS="1648" VPOS="5888" HEIGHT="84" WIDTH="148" STYLEREFS="Style_8" WC="1" CC="000"/>
						<SP ID="SP_1.3.20.10" HPOS="1764" VPOS="5896" WIDTH="56"/>
						<String CONTENT="gifts" ID="St_1.3.20.11" HPOS="1852" VPOS="5884" HEIGHT="116" WIDTH="260" STYLEREFS="Style_8" WC="1" CC="00000"/>
						<SP ID="SP_1.3.20.12" HPOS="2084" VPOS="5896" WIDTH="60"/>
						<String CONTENT="[by]" ID="St_1.3.20.13" HPOS="2180" VPOS="5880" HEIGHT="120" WIDTH="208" STYLEREFS="Style_8" WC="1" CC="0000"/>
						<SP ID="SP_1.3.20.14" HPOS="2372" VPOS="5884" WIDTH="44"/>
						<String CONTENT="J." ID="St_1.3.20.15" HPOS="2448" VPOS="5884" HEIGHT="92" WIDTH="100" STYLEREFS="Style_8" WC="1" CC="00"/>
						<SP ID="SP_1.3.20.16" HPOS="2536" VPOS="5920" WIDTH="40"/>
						<String CONTENT="G." ID="St_1.3.20.17" HPOS="2612" VPOS="5884" HEIGHT="92" WIDTH="120" STYLEREFS="Style_8" WC="1" CC="00"/>
						<SP ID="SP_1.3.20.18" HPOS="2720" VPOS="5920" WIDTH="40"/>
						<String CONTENT="Meyer," ID="St_1.3.20.19" HPOS="2792" VPOS="5884" HEIGHT="116" WIDTH="416" STYLEREFS="Style_8" WC="1" CC="000000"/>
					</TextLine>
					<TextLine ID="TL_1.3.21" HPOS="560" VPOS="6008" HEIGHT="108" WIDTH="2316">
						<String CONTENT="O." ID="St_1.3.21.1" HPOS="560" VPOS="6008" HEIGHT="92" WIDTH="136" STYLEREFS="Style_8" WC="1" CC="00"/>
						<SP ID="SP_1.3.21.2" HPOS="680" VPOS="6040" WIDTH="40"/>
						<String CONTENT="Stuart" ID="St_1.3.21.3" HPOS="752" VPOS="6008" HEIGHT="88" WIDTH="360" STYLEREFS="Style_8" WC="0.95" CC="000400"/>
						<SP ID="SP_1.3.21.4" HPOS="1088" VPOS="6012" WIDTH="48"/>
						<String CONTENT="H" ID="St_1.3.21.5" HPOS="1160" VPOS="6012" HEIGHT="84" WIDTH="88" STYLEREFS="Style_9" WC="0.928888888888889" CC="3"/>
						<String CONTENT="amer" ID="St_1.3.21.6" HPOS="1256" VPOS="6036" HEIGHT="60" WIDTH="308" STYLEREFS="Style_9" WC="0.917777777777778" CC="1300"/>
						<SP ID="SP_1.3.21.7" HPOS="1532" VPOS="6020" WIDTH="60"/>
						<String CONTENT="[and]" ID="St_1.3.21.8" HPOS="1628" VPOS="6008" HEIGHT="108" WIDTH="272" STYLEREFS="Style_9" WC="0.941111111111111" CC="00000"/>
						<SP ID="SP_1.3.21.9" HPOS="1884" VPOS="6008" WIDTH="48"/>
						<String CONTENT="Lillian" ID="St_1.3.21.10" HPOS="1972" VPOS="6012" HEIGHT="84" WIDTH="400" STYLEREFS="Style_9" WC="0.957777777777778" CC="0000000"/>
						<SP ID="SP_1.3.21.11" HPOS="2336" VPOS="6020" WIDTH="60"/>
						<String CONTENT="Grisso." ID="St_1.3.21.12" HPOS="2424" VPOS="6008" HEIGHT="92" WIDTH="452" STYLEREFS="Style_9" WC="0.966666666666667" CC="0000000"/>
					</TextLine>
					<TextLine ID="TL_1.3.22" HPOS="568" VPOS="6124" HEIGHT="116" WIDTH="2564">
						<String CONTENT="[18th" ID="St_1.3.22.1" HPOS="568" VPOS="6124" HEIGHT="112" WIDTH="292" STYLEREFS="Style_9" WC="1" CC="00000"/>
						<SP ID="SP_1.3.22.2" HPOS="824" VPOS="6128" WIDTH="64"/>
						<String CONTENT="ed.]" ID="St_1.3.22.3" HPOS="920" VPOS="6128" HEIGHT="112" WIDTH="212" STYLEREFS="Style_9" WC="1" CC="0000"/>
						<SP ID="SP_1.3.22.4" HPOS="1116" VPOS="6128" WIDTH="92"/>
						<String CONTENT="552" ID="St_1.3.22.5" HPOS="1288" VPOS="6132" HEIGHT="84" WIDTH="184" STYLEREFS="Style_9" WC="1" CC="000"/>
						<SP ID="SP_1.3.22.6" HPOS="1444" VPOS="6128" WIDTH="56"/>
						<String CONTENT="p." ID="St_1.3.22.7" HPOS="1532" VPOS="6156" HEIGHT="80" WIDTH="104" STYLEREFS="Style_9" WC="1" CC="00"/>
						<SP ID="SP_1.3.22.8" HPOS="1620" VPOS="6164" WIDTH="88"/>
						<String CONTENT="illus." ID="St_1.3.22.9" HPOS="1784" VPOS="6132" HEIGHT="84" WIDTH="304" STYLEREFS="Style_9" WC="1" CC="000000"/>
						<SP ID="SP_1.3.22.10" HPOS="2072" VPOS="6164" WIDTH="96"/>
						<String CONTENT="(Unified" ID="St_1.3.22.11" HPOS="2252" VPOS="6128" HEIGHT="112" WIDTH="472" STYLEREFS="Style_9" WC="1" CC="00000000"/>
						<SP ID="SP_1.3.22.12" HPOS="2692" VPOS="6128" WIDTH="56"/>
						<String CONTENT="social" ID="St_1.3.22.13" HPOS="2776" VPOS="6132" HEIGHT="84" WIDTH="356" STYLEREFS="Style_9" WC="1" CC="000000"/>
					</TextLine>
					<TextLine ID="TL_1.3.23" HPOS="572" VPOS="6248" HEIGHT="112" WIDTH="2276">
						<String CONTENT="studies)" ID="St_1.3.23.1" HPOS="572" VPOS="6248" HEIGHT="112" WIDTH="468" STYLEREFS="Style_9" WC="1" CC="00000000"/>
						<SP ID="SP_1.3.23.2" HPOS="1020" VPOS="6248" WIDTH="84"/>
						<String CONTENT="&#169;" ID="St_1.3.23.3" HPOS="1180" VPOS="6248" HEIGHT="80" WIDTH="84" STYLEREFS="Style_9" WC="0.955555555555556" CC="4"/>
						<SP ID="SP_1.3.23.4" HPOS="1220" VPOS="6248" WIDTH="76"/>
						<String CONTENT="on" ID="St_1.3.23.5" HPOS="1324" VPOS="6276" HEIGHT="60" WIDTH="132" STYLEREFS="Style_9" WC="0.965555555555556" CC="00"/>
						<SP ID="SP_1.3.23.6" HPOS="1420" VPOS="6260" WIDTH="60"/>
						<String CONTENT="additions" ID="St_1.3.23.7" HPOS="1508" VPOS="6252" HEIGHT="84" WIDTH="536" STYLEREFS="Style_9" WC="0.98" CC="000000000"/>
						<SP ID="SP_1.3.23.8" HPOS="2016" VPOS="6260" WIDTH="56"/>
						<String CONTENT="&amp;" ID="St_1.3.23.9" HPOS="2100" VPOS="6252" HEIGHT="84" WIDTH="76" STYLEREFS="Style_9" WC="0.982222222222222" CC="0"/>
						<SP ID="SP_1.3.23.10" HPOS="2136" VPOS="6248" WIDTH="68"/>
						<String CONTENT="revisions;" ID="St_1.3.23.11" HPOS="2240" VPOS="6256" HEIGHT="96" WIDTH="608" STYLEREFS="Style_9" WC="0.986666666666667" CC="0000000000"/>
					</TextLine>
					<TextLine ID="TL_1.3.24" HPOS="572" VPOS="6372" HEIGHT="116" WIDTH="2208">
						<String CONTENT="Follett" ID="St_1.3.24.1" HPOS="572" VPOS="6372" HEIGHT="84" WIDTH="396" STYLEREFS="Style_9" WC="1" CC="0000000"/>
						<SP ID="SP_1.3.24.2" HPOS="948" VPOS="6372" WIDTH="48"/>
						<String CONTENT="Pub." ID="St_1.3.24.3" HPOS="1028" VPOS="6376" HEIGHT="88" WIDTH="268" STYLEREFS="Style_9" WC="1" CC="0000"/>
						<SP ID="SP_1.3.24.4" HPOS="1280" VPOS="6404" WIDTH="40"/>
						<String CONTENT="Co.," ID="St_1.3.24.5" HPOS="1348" VPOS="6376" HEIGHT="100" WIDTH="240" STYLEREFS="Style_9" WC="1" CC="0000"/>
						<SP ID="SP_1.3.24.6" HPOS="1568" VPOS="6400" WIDTH="48"/>
						<String CONTENT="Chicago;" ID="St_1.3.24.7" HPOS="1648" VPOS="6376" HEIGHT="112" WIDTH="512" STYLEREFS="Style_9" WC="1" CC="00000000"/>
						<SP ID="SP_1.3.24.8" HPOS="2140" VPOS="6384" WIDTH="48"/>
						<String CONTENT="23May51;" ID="St_1.3.24.9" HPOS="2220" VPOS="6376" HEIGHT="112" WIDTH="560" STYLEREFS="Style_9" WC="1" CC="00000000"/>
					</TextLine>
					<TextLine ID="TL_1.3.25" HPOS="560" VPOS="6492" HEIGHT="88" WIDTH="472">
						<String CONTENT="A56129." ID="St_1.3.25.1" HPOS="560" VPOS="6492" HEIGHT="88" WIDTH="472" STYLEREFS="Style_9" WC="0.935555555555556" CC="0000004"/>
					</TextLine>
					<TextLine ID="TL_1.3.26" HPOS="392" VPOS="6668" HEIGHT="100" WIDTH="1724">
						<String CONTENT="MEYER," ID="St_1.3.26.1" HPOS="392" VPOS="6672" HEIGHT="96" WIDTH="504" STYLEREFS="Style_9" WC="1" CC="000000"/>
						<SP ID="SP_1.3.26.2" HPOS="880" VPOS="6700" WIDTH="52"/>
						<String CONTENT="JEROME" ID="St_1.3.26.3" HPOS="968" VPOS="6672" HEIGHT="84" WIDTH="532" STYLEREFS="Style_9" WC="1" CC="000000"/>
						<SP ID="SP_1.3.26.4" HPOS="1456" VPOS="6668" WIDTH="72"/>
						<String CONTENT="SYDNEY." ID="St_1.3.26.5" HPOS="1564" VPOS="6672" HEIGHT="88" WIDTH="552" STYLEREFS="Style_9" WC="0.977777777777778" CC="0000004"/>
					</TextLine>
					<TextLine ID="TL_1.3.27" HPOS="488" VPOS="6792" HEIGHT="116" WIDTH="2516">
						<String CONTENT="The" ID="St_1.3.27.1" HPOS="488" VPOS="6792" HEIGHT="88" WIDTH="216" STYLEREFS="Style_9" WC="1" CC="000"/>
						<SP ID="SP_1.3.27.2" HPOS="668" VPOS="6804" WIDTH="60"/>
						<String CONTENT="book" ID="St_1.3.27.3" HPOS="756" VPOS="6792" HEIGHT="88" WIDTH="272" STYLEREFS="Style_9" WC="1" CC="0000"/>
						<SP ID="SP_1.3.27.4" HPOS="992" VPOS="6792" WIDTH="60"/>
						<String CONTENT="of" ID="St_1.3.27.5" HPOS="1080" VPOS="6792" HEIGHT="88" WIDTH="108" STYLEREFS="Style_9" WC="1" CC="00"/>
						<SP ID="SP_1.3.27.6" HPOS="1164" VPOS="6792" WIDTH="48"/>
						<String CONTENT="amazing" ID="St_1.3.27.7" HPOS="1236" VPOS="6796" HEIGHT="112" WIDTH="500" STYLEREFS="Style_9" WC="1" CC="0000000"/>
						<SP ID="SP_1.3.27.8" HPOS="1704" VPOS="6804" WIDTH="56"/>
						<String CONTENT="facts;" ID="St_1.3.27.9" HPOS="1784" VPOS="6792" HEIGHT="108" WIDTH="336" STYLEREFS="Style_9" WC="1" CC="000000"/>
						<SP ID="SP_1.3.27.10" HPOS="2100" VPOS="6804" WIDTH="48"/>
						<String CONTENT="illustrated" ID="St_1.3.27.11" HPOS="2184" VPOS="6792" HEIGHT="88" WIDTH="632" STYLEREFS="Style_9" WC="1" CC="00000000000"/>
						<SP ID="SP_1.3.27.12" HPOS="2780" VPOS="6792" WIDTH="60"/>
						<String CONTENT="by" ID="St_1.3.27.13" HPOS="2868" VPOS="6792" HEIGHT="112" WIDTH="136" STYLEREFS="Style_9" WC="1" CC="00"/>
					</TextLine>
					<TextLine ID="TL_1.3.28" HPOS="580" VPOS="6912" HEIGHT="112" WIDTH="2232">
						<String CONTENT="William" ID="St_1.3.28.1" HPOS="580" VPOS="6912" HEIGHT="92" WIDTH="460" STYLEREFS="Style_9" WC="1" CC="0000000"/>
						<SP ID="SP_1.3.28.2" HPOS="988" VPOS="6924" WIDTH="80"/>
						<String CONTENT="G." ID="St_1.3.28.3" HPOS="1104" VPOS="6920" HEIGHT="88" WIDTH="120" STYLEREFS="Style_9" WC="1" CC="00"/>
						<SP ID="SP_1.3.28.4" HPOS="1208" VPOS="6948" WIDTH="48"/>
						<String CONTENT="Johnson." ID="St_1.3.28.5" HPOS="1292" VPOS="6916" HEIGHT="92" WIDTH="508" STYLEREFS="Style_9" WC="1" CC="00000000"/>
						<SP ID="SP_1.3.28.6" HPOS="1784" VPOS="6948" WIDTH="96"/>
						<String CONTENT="186" ID="St_1.3.28.7" HPOS="1964" VPOS="6912" HEIGHT="88" WIDTH="180" STYLEREFS="Style_9" WC="1" CC="000"/>
						<SP ID="SP_1.3.28.8" HPOS="2112" VPOS="6912" WIDTH="60"/>
						<String CONTENT="p." ID="St_1.3.28.9" HPOS="2204" VPOS="6940" HEIGHT="84" WIDTH="104" STYLEREFS="Style_9" WC="1" CC="00"/>
						<SP ID="SP_1.3.28.10" HPOS="2292" VPOS="6948" WIDTH="88"/>
						<String CONTENT="&#169;" ID="St_1.3.28.11" HPOS="2460" VPOS="6912" HEIGHT="84" WIDTH="84" STYLEREFS="Style_9" WC="0.983333333333333" CC="4"/>
						<SP ID="SP_1.3.28.12" HPOS="2500" VPOS="6912" WIDTH="72"/>
						<String CONTENT="The" ID="St_1.3.28.13" HPOS="2600" VPOS="6912" HEIGHT="88" WIDTH="212" STYLEREFS="Style_9" WC="0.985555555555556" CC="000"/>
					</TextLine>
					<TextLine ID="TL_1.3.29" HPOS="576" VPOS="7032" HEIGHT="112" WIDTH="2188">
						<String CONTENT="World" ID="St_1.3.29.1" HPOS="576" VPOS="7036" HEIGHT="88" WIDTH="356" STYLEREFS="Style_9" WC="1" CC="00000"/>
						<SP ID="SP_1.3.29.2" HPOS="896" VPOS="7032" WIDTH="60"/>
						<String CONTENT="Pub." ID="St_1.3.29.3" HPOS="984" VPOS="7036" HEIGHT="92" WIDTH="264" STYLEREFS="Style_9" WC="1" CC="0000"/>
						<SP ID="SP_1.3.29.4" HPOS="1232" VPOS="7068" WIDTH="40"/>
						<String CONTENT="Co.," ID="St_1.3.29.5" HPOS="1304" VPOS="7036" HEIGHT="104" WIDTH="236" STYLEREFS="Style_9" WC="1" CC="0000"/>
						<SP ID="SP_1.3.29.6" HPOS="1524" VPOS="7068" WIDTH="44"/>
						<String CONTENT="Cleveland;" ID="St_1.3.29.7" HPOS="1604" VPOS="7036" HEIGHT="108" WIDTH="628" STYLEREFS="Style_9" WC="1" CC="0000000000"/>
						<SP ID="SP_1.3.29.8" HPOS="2216" VPOS="7048" WIDTH="48"/>
						<String CONTENT="1Nov50;" ID="St_1.3.29.9" HPOS="2304" VPOS="7032" HEIGHT="112" WIDTH="460" STYLEREFS="Style_9" WC="1" CC="0000000"/>
					</TextLine>
					<TextLine ID="TL_1.3.30" HPOS="568" VPOS="7160" HEIGHT="92" WIDTH="472">
						<String CONTENT="A52354." ID="St_1.3.30.1" HPOS="568" VPOS="7160" HEIGHT="92" WIDTH="472" STYLEREFS="Style_9" WC="1" CC="0000000"/>
					</TextLine>
					<TextLine ID="TL_1.3.31" HPOS="408" VPOS="7340" HEIGHT="108" WIDTH="1680">
						<String CONTENT="MEYER," ID="St_1.3.31.1" HPOS="408" VPOS="7344" HEIGHT="104" WIDTH="516" STYLEREFS="Style_9" WC="1" CC="000000"/>
						<SP ID="SP_1.3.31.2" HPOS="908" VPOS="7372" WIDTH="56"/>
						<String CONTENT="KURT" ID="St_1.3.31.3" HPOS="1008" VPOS="7344" HEIGHT="84" WIDTH="356" STYLEREFS="Style_9" WC="1" CC="0000"/>
						<SP ID="SP_1.3.31.4" HPOS="1320" VPOS="7340" WIDTH="72"/>
						<String CONTENT="HEINRICH." ID="St_1.3.31.5" HPOS="1420" VPOS="7340" HEIGHT="84" WIDTH="668" STYLEREFS="Style_9" WC="0.977777777777778" CC="000000004"/>
					</TextLine>
					<TextLine ID="TL_1.3.32" HPOS="504" VPOS="7456" HEIGHT="116" WIDTH="2380">
						<String CONTENT="Natural" ID="St_1.3.32.1" HPOS="504" VPOS="7464" HEIGHT="88" WIDTH="456" STYLEREFS="Style_9" WC="1" CC="0000000"/>
						<SP ID="SP_1.3.32.2" HPOS="936" VPOS="7460" WIDTH="48"/>
						<String CONTENT="and" ID="St_1.3.32.3" HPOS="1016" VPOS="7464" HEIGHT="84" WIDTH="188" STYLEREFS="Style_9" WC="1" CC="000"/>
						<SP ID="SP_1.3.32.4" HPOS="1172" VPOS="7460" WIDTH="60"/>
						<String CONTENT="synthetic" ID="St_1.3.32.5" HPOS="1268" VPOS="7464" HEIGHT="108" WIDTH="532" STYLEREFS="Style_9" WC="1" CC="000000000"/>
						<SP ID="SP_1.3.32.6" HPOS="1768" VPOS="7472" WIDTH="56"/>
						<String CONTENT="high" ID="St_1.3.32.7" HPOS="1856" VPOS="7460" HEIGHT="108" WIDTH="248" STYLEREFS="Style_9" WC="1" CC="0000"/>
						<SP ID="SP_1.3.32.8" HPOS="2068" VPOS="7456" WIDTH="64"/>
						<String CONTENT="polymers;" ID="St_1.3.32.9" HPOS="2160" VPOS="7460" HEIGHT="108" WIDTH="604" STYLEREFS="Style_9" WC="1" CC="000000000"/>
						<SP ID="SP_1.3.32.10" HPOS="2744" VPOS="7468" WIDTH="48"/>
						<String CONTENT="a" ID="St_1.3.32.11" HPOS="2824" VPOS="7480" HEIGHT="56" WIDTH="60" STYLEREFS="Style_9" WC="1" CC="0"/>
					</TextLine>
					<TextLine ID="TL_1.3.33" HPOS="592" VPOS="7576" HEIGHT="96" WIDTH="2540">
						<String CONTENT="textbook" ID="St_1.3.33.1" HPOS="592" VPOS="7584" HEIGHT="88" WIDTH="508" STYLEREFS="Style_9" WC="1" CC="00000000"/>
						<SP ID="SP_1.3.33.2" HPOS="1064" VPOS="7580" WIDTH="56"/>
						<String CONTENT="and" ID="St_1.3.33.3" HPOS="1148" VPOS="7584" HEIGHT="84" WIDTH="200" STYLEREFS="Style_9" WC="1" CC="000"/>
						<SP ID="SP_1.3.33.4" HPOS="1312" VPOS="7580" WIDTH="60"/>
						<String CONTENT="reference" ID="St_1.3.33.5" HPOS="1400" VPOS="7584" HEIGHT="84" WIDTH="584" STYLEREFS="Style_9" WC="1" CC="000000000"/>
						<SP ID="SP_1.3.33.6" HPOS="1952" VPOS="7592" WIDTH="56"/>
						<String CONTENT="book" ID="St_1.3.33.7" HPOS="2040" VPOS="7580" HEIGHT="84" WIDTH="268" STYLEREFS="Style_9" WC="1" CC="0000"/>
						<SP ID="SP_1.3.33.8" HPOS="2272" VPOS="7580" WIDTH="60"/>
						<String CONTENT="for" ID="St_1.3.33.9" HPOS="2360" VPOS="7580" HEIGHT="80" WIDTH="176" STYLEREFS="Style_9" WC="1" CC="000"/>
						<SP ID="SP_1.3.33.10" HPOS="2500" VPOS="7592" WIDTH="60"/>
						<String CONTENT="chemists" ID="St_1.3.33.11" HPOS="2592" VPOS="7576" HEIGHT="84" WIDTH="540" STYLEREFS="Style_9" WC="1" CC="00000000"/>
					</TextLine>
					<TextLine ID="TL_1.3.34" HPOS="596" VPOS="7700" HEIGHT="96" WIDTH="2444">
						<String CONTENT="and" ID="St_1.3.34.1" HPOS="596" VPOS="7704" HEIGHT="80" WIDTH="196" STYLEREFS="Style_9" WC="1" CC="000"/>
						<SP ID="SP_1.3.34.2" HPOS="792" VPOS="7700" WIDTH="48"/>
						<String CONTENT="biologists." ID="St_1.3.34.3" HPOS="848" VPOS="7704" HEIGHT="92" WIDTH="628" STYLEREFS="Style_9" WC="1" CC="00000000000"/>
						<SP ID="SP_1.3.34.4" HPOS="1476" VPOS="7700" WIDTH="148"/>
						<String CONTENT="2d" ID="St_1.3.34.5" HPOS="1632" VPOS="7700" HEIGHT="84" WIDTH="124" STYLEREFS="Style_9" WC="1" CC="00"/>
						<SP ID="SP_1.3.34.6" HPOS="1752" VPOS="7700" WIDTH="64"/>
						<String CONTENT="completely" ID="St_1.3.34.7" HPOS="1816" VPOS="7700" HEIGHT="96" WIDTH="652" STYLEREFS="Style_9" WC="1" CC="0000000000"/>
						<SP ID="SP_1.3.34.8" HPOS="2464" VPOS="7700" WIDTH="52"/>
						<String CONTENT="rev," ID="St_1.3.34.9" HPOS="2524" VPOS="7712" HEIGHT="76" WIDTH="236" STYLEREFS="Style_9" WC="1" CC="0000"/>
						<SP ID="SP_1.3.34.10" HPOS="2760" VPOS="7700" WIDTH="84"/>
						<String CONTENT="and" ID="St_1.3.34.11" HPOS="2848" VPOS="7700" HEIGHT="80" WIDTH="192" STYLEREFS="Style_9" WC="1" CC="000"/>
					</TextLine>
					<TextLine ID="TL_1.3.35" HPOS="600" VPOS="7820" HEIGHT="120" WIDTH="2236">
						<String CONTENT="augmented" ID="St_1.3.35.1" HPOS="600" VPOS="7828" HEIGHT="112" WIDTH="632" STYLEREFS="Style_9" WC="0.925555555555556" CC="330000000"/>
						<SP ID="SP_1.3.35.2" HPOS="1200" VPOS="7828" WIDTH="60"/>
						<String CONTENT="ed." ID="St_1.3.35.3" HPOS="1292" VPOS="7828" HEIGHT="96" WIDTH="168" STYLEREFS="Style_9" WC="0.947777777777778" CC="000"/>
						<SP ID="SP_1.3.35.4" HPOS="1440" VPOS="7860" WIDTH="92"/>
						<String CONTENT="[A" ID="St_1.3.35.5" HPOS="1608" VPOS="7824" HEIGHT="108" WIDTH="128" STYLEREFS="Style_9" WC="0.957777777777778" CC="00"/>
						<SP ID="SP_1.3.35.6" HPOS="1688" VPOS="7824" WIDTH="68"/>
						<String CONTENT="tr" ID="St_1.3.35.7" HPOS="1784" VPOS="7832" HEIGHT="80" WIDTH="108" STYLEREFS="Style_9" WC="0.964444444444444" CC="00"/>
						<String CONTENT="an" ID="St_1.3.35.8" HPOS="1904" VPOS="7852" HEIGHT="60" WIDTH="128" STYLEREFS="Style_9" WC="0.967777777777778" CC="00"/>
						<String CONTENT="slation" ID="St_1.3.35.9" HPOS="2048" VPOS="7824" HEIGHT="88" WIDTH="400" STYLEREFS="Style_9" WC="0.975555555555556" CC="0000000"/>
						<SP ID="SP_1.3.35.10" HPOS="2412" VPOS="7836" WIDTH="60"/>
						<String CONTENT="of" ID="St_1.3.35.11" HPOS="2504" VPOS="7820" HEIGHT="88" WIDTH="112" STYLEREFS="Style_9" WC="0.977777777777778" CC="00"/>
						<SP ID="SP_1.3.35.12" HPOS="2588" VPOS="7824" WIDTH="44"/>
						<String CONTENT="the" ID="St_1.3.35.13" HPOS="2656" VPOS="7824" HEIGHT="84" WIDTH="180" STYLEREFS="Style_9" WC="0.967777777777778" CC="031"/>
					</TextLine>
					<TextLine ID="TL_1.3.36" HPOS="600" VPOS="7944" HEIGHT="116" WIDTH="2464">
						<String CONTENT="second" ID="St_1.3.36.1" HPOS="600" VPOS="7952" HEIGHT="84" WIDTH="404" STYLEREFS="Style_9" WC="1" CC="000000"/>
						<SP ID="SP_1.3.36.2" HPOS="972" VPOS="7944" WIDTH="60"/>
						<String CONTENT="volume" ID="St_1.3.36.3" HPOS="1060" VPOS="7952" HEIGHT="84" WIDTH="420" STYLEREFS="Style_9" WC="1" CC="000000"/>
						<SP ID="SP_1.3.36.4" HPOS="1444" VPOS="7960" WIDTH="64"/>
						<String CONTENT="of" ID="St_1.3.36.5" HPOS="1540" VPOS="7948" HEIGHT="88" WIDTH="108" STYLEREFS="Style_9" WC="1" CC="00"/>
						<SP ID="SP_1.3.36.6" HPOS="1620" VPOS="7944" WIDTH="48"/>
						<String CONTENT="Hochpolymere" ID="St_1.3.36.7" HPOS="1692" VPOS="7948" HEIGHT="112" WIDTH="868" STYLEREFS="Style_9" WC="1" CC="000000000000"/>
						<SP ID="SP_1.3.36.8" HPOS="2524" VPOS="7956" WIDTH="60"/>
						<String CONTENT="Chemie" ID="St_1.3.36.9" HPOS="2616" VPOS="7944" HEIGHT="88" WIDTH="448" STYLEREFS="Style_9" WC="1" CC="000000"/>
					</TextLine>
					<TextLine ID="TL_1.3.37" HPOS="584" VPOS="8060" HEIGHT="120" WIDTH="2568">
						<String CONTENT="(originally" ID="St_1.3.37.1" HPOS="584" VPOS="8072" HEIGHT="108" WIDTH="628" STYLEREFS="Style_9" WC="1" CC="00000000000"/>
						<SP ID="SP_1.3.37.2" HPOS="1176" VPOS="8080" WIDTH="60"/>
						<String CONTENT="published" ID="St_1.3.37.3" HPOS="1264" VPOS="8072" HEIGHT="108" WIDTH="564" STYLEREFS="Style_9" WC="1" CC="000000000"/>
						<SP ID="SP_1.3.37.4" HPOS="1792" VPOS="8068" WIDTH="60"/>
						<String CONTENT="with" ID="St_1.3.37.5" HPOS="1880" VPOS="8068" HEIGHT="88" WIDTH="244" STYLEREFS="Style_9" WC="1" CC="0000"/>
						<SP ID="SP_1.3.37.6" HPOS="2088" VPOS="8064" WIDTH="60"/>
						<String CONTENT="title" ID="St_1.3.37.7" HPOS="2176" VPOS="8068" HEIGHT="88" WIDTH="248" STYLEREFS="Style_9" WC="1" CC="00000"/>
						<SP ID="SP_1.3.37.8" HPOS="2388" VPOS="8076" WIDTH="60"/>
						<String CONTENT="Der" ID="St_1.3.37.9" HPOS="2476" VPOS="8068" HEIGHT="84" WIDTH="220" STYLEREFS="Style_9" WC="1" CC="000"/>
						<SP ID="SP_1.3.37.10" HPOS="2664" VPOS="8076" WIDTH="56"/>
						<String CONTENT="Aufbau" ID="St_1.3.37.11" HPOS="2752" VPOS="8060" HEIGHT="92" WIDTH="400" STYLEREFS="Style_9" WC="0.988888888888889" CC="000031"/>
					</TextLine>
					<TextLine ID="TL_1.3.38" HPOS="600" VPOS="8188" HEIGHT="116" WIDTH="2396">
						<String CONTENT="der" ID="St_1.3.38.1" HPOS="600" VPOS="8196" HEIGHT="84" WIDTH="196" STYLEREFS="Style_9" WC="1" CC="000"/>
						<SP ID="SP_1.3.38.2" HPOS="764" VPOS="8204" WIDTH="56"/>
						<String CONTENT="hochpolymeren" ID="St_1.3.38.3" HPOS="848" VPOS="8196" HEIGHT="108" WIDTH="908" STYLEREFS="Style_9" WC="1" CC="0000000000000"/>
						<SP ID="SP_1.3.38.4" HPOS="1720" VPOS="8200" WIDTH="64"/>
						<String CONTENT="organischen" ID="St_1.3.38.5" HPOS="1816" VPOS="8192" HEIGHT="108" WIDTH="720" STYLEREFS="Style_9" WC="0.984444444444444" CC="00000040000"/>
						<SP ID="SP_1.3.38.6" HPOS="2500" VPOS="8200" WIDTH="60"/>
						<String CONTENT="Natur-" ID="St_1.3.38.7" HPOS="2592" VPOS="8188" HEIGHT="88" WIDTH="404" STYLEREFS="Style_9" WC="0.986666666666667" CC="000000"/>
					</TextLine>
					<TextLine ID="TL_1.3.39" HPOS="604" VPOS="8304" HEIGHT="124" WIDTH="2340">
						<String CONTENT="stoffe," ID="St_1.3.39.1" HPOS="604" VPOS="8320" HEIGHT="100" WIDTH="372" STYLEREFS="Style_9" WC="1" CC="0000000"/>
						<SP ID="SP_1.3.39.2" HPOS="956" VPOS="8348" WIDTH="56"/>
						<String CONTENT="by" ID="St_1.3.39.3" HPOS="1052" VPOS="8320" HEIGHT="108" WIDTH="140" STYLEREFS="Style_9" WC="1" CC="00"/>
						<SP ID="SP_1.3.39.4" HPOS="1156" VPOS="8332" WIDTH="52"/>
						<String CONTENT="K." ID="St_1.3.39.5" HPOS="1236" VPOS="8316" HEIGHT="96" WIDTH="128" STYLEREFS="Style_9" WC="0.965555555555556" CC="04"/>
						<SP ID="SP_1.3.39.6" HPOS="1344" VPOS="8348" WIDTH="56"/>
						<String CONTENT="H." ID="St_1.3.39.7" HPOS="1444" VPOS="8320" HEIGHT="92" WIDTH="128" STYLEREFS="Style_9" WC="0.972222222222222" CC="00"/>
						<SP ID="SP_1.3.39.8" HPOS="1552" VPOS="8348" WIDTH="56"/>
						<String CONTENT="Meyer" ID="St_1.3.39.9" HPOS="1652" VPOS="8316" HEIGHT="104" WIDTH="376" STYLEREFS="Style_9" WC="0.978888888888889" CC="00000"/>
						<SP ID="SP_1.3.39.10" HPOS="1996" VPOS="8324" WIDTH="60"/>
						<String CONTENT="and" ID="St_1.3.39.11" HPOS="2088" VPOS="8316" HEIGHT="80" WIDTH="200" STYLEREFS="Style_9" WC="0.982222222222222" CC="000"/>
						<SP ID="SP_1.3.39.12" HPOS="2252" VPOS="8316" WIDTH="56"/>
						<String CONTENT="H" ID="St_1.3.39.13" HPOS="2340" VPOS="8312" HEIGHT="84" WIDTH="84" STYLEREFS="Style_9" WC="0.967777777777778" CC="4"/>
						<String CONTENT="." ID="St_1.3.39.14" HPOS="2436" VPOS="8376" HEIGHT="28" WIDTH="32" STYLEREFS="Style_9" WC="0.968888888888889" CC="0"/>
						<SP ID="SP_1.3.39.15" HPOS="2448" VPOS="8344" WIDTH="56"/>
						<String CONTENT="Mark)]" ID="St_1.3.39.16" HPOS="2544" VPOS="8304" HEIGHT="112" WIDTH="400" STYLEREFS="Style_9" WC="0.974444444444444" CC="000000"/>
					</TextLine>
					<TextLine ID="TL_1.3.40" HPOS="604" VPOS="8432" HEIGHT="116" WIDTH="2528">
						<String CONTENT="891" ID="St_1.3.40.1" HPOS="604" VPOS="8440" HEIGHT="80" WIDTH="184" STYLEREFS="Style_9" WC="1" CC="000"/>
						<SP ID="SP_1.3.40.2" HPOS="764" VPOS="8436" WIDTH="52"/>
						<String CONTENT="p." ID="St_1.3.40.3" HPOS="852" VPOS="8468" HEIGHT="80" WIDTH="100" STYLEREFS="Style_9" WC="0.925555555555556" CC="04"/>
						<SP ID="SP_1.3.40.4" HPOS="940" VPOS="8440" WIDTH="188"/>
						<String CONTENT="illus." ID="St_1.3.40.5" HPOS="1136" VPOS="8440" HEIGHT="96" WIDTH="304" STYLEREFS="Style_9" WC="0.904444444444445" CC="000004"/>
						<SP ID="SP_1.3.40.6" HPOS="1420" VPOS="8464" WIDTH="104"/>
						<String CONTENT="(High" ID="St_1.3.40.7" HPOS="1612" VPOS="8436" HEIGHT="108" WIDTH="312" STYLEREFS="Style_9" WC="0.933333333333333" CC="00000"/>
						<SP ID="SP_1.3.40.8" HPOS="1884" VPOS="8432" WIDTH="60"/>
						<String CONTENT="polymers;" ID="St_1.3.40.9" HPOS="1972" VPOS="8436" HEIGHT="108" WIDTH="612" STYLEREFS="Style_9" WC="0.955555555555556" CC="000000000"/>
						<SP ID="SP_1.3.40.10" HPOS="2564" VPOS="8440" WIDTH="44"/>
						<String CONTENT="a" ID="St_1.3.40.11" HPOS="2640" VPOS="8456" HEIGHT="60" WIDTH="64" STYLEREFS="Style_9" WC="0.957777777777778" CC="0"/>
						<SP ID="SP_1.3.40.12" HPOS="2668" VPOS="8440" WIDTH="64"/>
						<String CONTENT="series" ID="St_1.3.40.13" HPOS="2760" VPOS="8432" HEIGHT="84" WIDTH="372" STYLEREFS="Style_9" WC="0.965555555555556" CC="000000"/>
					</TextLine>
					<TextLine ID="TL_1.3.41" HPOS="616" VPOS="8556" HEIGHT="116" WIDTH="2572">
						<String CONTENT="of" ID="St_1.3.41.1" HPOS="616" VPOS="8560" HEIGHT="80" WIDTH="112" STYLEREFS="Style_9" WC="1" CC="00"/>
						<SP ID="SP_1.3.41.2" HPOS="700" VPOS="8556" WIDTH="48"/>
						<String CONTENT="monographs" ID="St_1.3.41.3" HPOS="776" VPOS="8564" HEIGHT="108" WIDTH="716" STYLEREFS="Style_9" WC="1" CC="0000000000"/>
						<SP ID="SP_1.3.41.4" HPOS="1464" VPOS="8568" WIDTH="56"/>
						<String CONTENT="on" ID="St_1.3.41.5" HPOS="1556" VPOS="8588" HEIGHT="60" WIDTH="128" STYLEREFS="Style_9" WC="1" CC="00"/>
						<SP ID="SP_1.3.41.6" HPOS="1648" VPOS="8568" WIDTH="56"/>
						<String CONTENT="the" ID="St_1.3.41.7" HPOS="1732" VPOS="8564" HEIGHT="80" WIDTH="180" STYLEREFS="Style_9" WC="1" CC="000"/>
						<SP ID="SP_1.3.41.8" HPOS="1880" VPOS="8568" WIDTH="56"/>
						<String CONTENT="chemistry," ID="St_1.3.41.9" HPOS="1968" VPOS="8564" HEIGHT="108" WIDTH="648" STYLEREFS="Style_9" WC="1" CC="0000000000"/>
						<SP ID="SP_1.3.41.10" HPOS="2596" VPOS="8588" WIDTH="60"/>
						<String CONTENT="physics," ID="St_1.3.41.11" HPOS="2708" VPOS="8560" HEIGHT="112" WIDTH="480" STYLEREFS="Style_9" WC="1" CC="00000000"/>
					</TextLine>
					<TextLine ID="TL_1.3.42" HPOS="596" VPOS="8676" HEIGHT="116" WIDTH="2324">
						<String CONTENT="and" ID="St_1.3.42.1" HPOS="596" VPOS="8684" HEIGHT="80" WIDTH="196" STYLEREFS="Style_9" WC="1" CC="000"/>
						<SP ID="SP_1.3.42.2" HPOS="756" VPOS="8676" WIDTH="56"/>
						<String CONTENT="technology" ID="St_1.3.42.3" HPOS="840" VPOS="8684" HEIGHT="108" WIDTH="644" STYLEREFS="Style_9" WC="1" CC="0000000000"/>
						<SP ID="SP_1.3.42.4" HPOS="1448" VPOS="8688" WIDTH="60"/>
						<String CONTENT="of" ID="St_1.3.42.5" HPOS="1536" VPOS="8684" HEIGHT="84" WIDTH="112" STYLEREFS="Style_9" WC="1" CC="00"/>
						<SP ID="SP_1.3.42.6" HPOS="1620" VPOS="8676" WIDTH="48"/>
						<String CONTENT="high" ID="St_1.3.42.7" HPOS="1692" VPOS="8684" HEIGHT="108" WIDTH="248" STYLEREFS="Style_9" WC="1" CC="0000"/>
						<SP ID="SP_1.3.42.8" HPOS="1904" VPOS="8676" WIDTH="60"/>
						<String CONTENT="polymeric" ID="St_1.3.42.9" HPOS="1992" VPOS="8684" HEIGHT="108" WIDTH="600" STYLEREFS="Style_9" WC="1" CC="000000000"/>
						<SP ID="SP_1.3.42.10" HPOS="2564" VPOS="8688" WIDTH="60"/>
						<String CONTENT="sub-" ID="St_1.3.42.11" HPOS="2664" VPOS="8684" HEIGHT="80" WIDTH="256" STYLEREFS="Style_9" WC="1" CC="0000"/>
					</TextLine>
					<TextLine ID="TL_1.3.43" HPOS="620" VPOS="8800" HEIGHT="112" WIDTH="2368">
						<String CONTENT="stances," ID="St_1.3.43.1" HPOS="620" VPOS="8808" HEIGHT="96" WIDTH="480" STYLEREFS="Style_9" WC="1" CC="00000000"/>
						<SP ID="SP_1.3.43.2" HPOS="1080" VPOS="8832" WIDTH="60"/>
						<String CONTENT="v." ID="St_1.3.43.3" HPOS="1188" VPOS="8828" HEIGHT="72" WIDTH="104" STYLEREFS="Style_9" WC="1" CC="00"/>
						<SP ID="SP_1.3.43.4" HPOS="1276" VPOS="8836" WIDTH="56"/>
						<String CONTENT="4)" ID="St_1.3.43.5" HPOS="1372" VPOS="8804" HEIGHT="108" WIDTH="100" STYLEREFS="Style_9" WC="1" CC="00"/>
						<SP ID="SP_1.3.43.6" HPOS="1452" VPOS="8800" WIDTH="88"/>
						<String CONTENT="&#169;" ID="St_1.3.43.7" HPOS="1612" VPOS="8800" HEIGHT="84" WIDTH="84" STYLEREFS="Style_9" WC="0.964444444444444" CC="5"/>
						<SP ID="SP_1.3.43.8" HPOS="1652" VPOS="8800" WIDTH="76"/>
						<String CONTENT="on" ID="St_1.3.43.9" HPOS="1764" VPOS="8832" HEIGHT="60" WIDTH="128" STYLEREFS="Style_9" WC="0.97" CC="00"/>
						<SP ID="SP_1.3.43.10" HPOS="1856" VPOS="8812" WIDTH="60"/>
						<String CONTENT="additions" ID="St_1.3.43.11" HPOS="1944" VPOS="8804" HEIGHT="88" WIDTH="540" STYLEREFS="Style_9" WC="0.98" CC="000000000"/>
						<SP ID="SP_1.3.43.12" HPOS="2452" VPOS="8812" WIDTH="56"/>
						<String CONTENT="&amp;" ID="St_1.3.43.13" HPOS="2536" VPOS="8804" HEIGHT="84" WIDTH="76" STYLEREFS="Style_9" WC="0.981111111111111" CC="0"/>
						<SP ID="SP_1.3.43.14" HPOS="2568" VPOS="8800" WIDTH="76"/>
						<String CONTENT="revi-" ID="St_1.3.43.15" HPOS="2684" VPOS="8804" HEIGHT="84" WIDTH="304" STYLEREFS="Style_9" WC="0.984444444444444" CC="00000"/>
					</TextLine>
					<TextLine ID="TL_1.3.44" HPOS="600" VPOS="8928" HEIGHT="104" WIDTH="2600">
						<String CONTENT="sions;" ID="St_1.3.44.1" HPOS="600" VPOS="8928" HEIGHT="104" WIDTH="344" STYLEREFS="Style_9" WC="1" CC="000000"/>
						<SP ID="SP_1.3.44.2" HPOS="924" VPOS="8936" WIDTH="48"/>
						<String CONTENT="Interscience" ID="St_1.3.44.3" HPOS="1004" VPOS="8928" HEIGHT="88" WIDTH="748" STYLEREFS="Style_9" WC="0.975555555555556" CC="000004000000"/>
						<SP ID="SP_1.3.44.4" HPOS="1720" VPOS="8936" WIDTH="56"/>
						<String CONTENT="Publishers," ID="St_1.3.44.5" HPOS="1804" VPOS="8928" HEIGHT="100" WIDTH="692" STYLEREFS="Style_9" WC="0.985555555555556" CC="00000000000"/>
						<SP ID="SP_1.3.44.6" HPOS="2476" VPOS="8956" WIDTH="60"/>
						<String CONTENT="inc.," ID="St_1.3.44.7" HPOS="2588" VPOS="8928" HEIGHT="100" WIDTH="276" STYLEREFS="Style_9" WC="0.987777777777778" CC="00000"/>
						<SP ID="SP_1.3.44.8" HPOS="2844" VPOS="8956" WIDTH="60"/>
						<String CONTENT="New" ID="St_1.3.44.9" HPOS="2952" VPOS="8928" HEIGHT="84" WIDTH="248" STYLEREFS="Style_9" WC="0.988888888888889" CC="000"/>
					</TextLine>
					<TextLine ID="TL_1.3.45" HPOS="592" VPOS="9052" HEIGHT="104" WIDTH="1456">
						<String CONTENT="York;" ID="St_1.3.45.1" HPOS="592" VPOS="9052" HEIGHT="100" WIDTH="332" STYLEREFS="Style_9" WC="1" CC="00000"/>
						<SP ID="SP_1.3.45.2" HPOS="904" VPOS="9056" WIDTH="48"/>
						<String CONTENT="30Nov50;" ID="St_1.3.45.3" HPOS="984" VPOS="9052" HEIGHT="104" WIDTH="536" STYLEREFS="Style_9" WC="1" CC="00000000"/>
						<SP ID="SP_1.3.45.4" HPOS="1500" VPOS="9056" WIDTH="44"/>
						<String CONTENT="A50847." ID="St_1.3.45.5" HPOS="1572" VPOS="9052" HEIGHT="92" WIDTH="476" STYLEREFS="Style_9" WC="1" CC="0000000"/>
					</TextLine>
					<TextLine ID="TL_1.3.46" HPOS="424" VPOS="9272" HEIGHT="112" WIDTH="1992">
						<String CONTENT="MEYER," ID="St_1.3.46.1" HPOS="424" VPOS="9280" HEIGHT="84" WIDTH="516" STYLEREFS="Style_9" WC="0.944444444444444" CC="000003"/>
						<SP ID="SP_1.3.46.2" HPOS="876" VPOS="9276" WIDTH="76"/>
						<String CONTENT="LILLIAN" ID="St_1.3.46.3" HPOS="1012" VPOS="9276" HEIGHT="88" WIDTH="536" STYLEREFS="Style_9" WC="0.967777777777778" CC="0000000"/>
						<SP ID="SP_1.3.46.4" HPOS="1500" VPOS="9276" WIDTH="76"/>
						<String CONTENT="(HOAGLAND)" ID="St_1.3.46.5" HPOS="1612" VPOS="9272" HEIGHT="112" WIDTH="804" STYLEREFS="Style_9" WC="0.942222222222222" CC="3330000000"/>
					</TextLine>
					<TextLine ID="TL_1.3.47" HPOS="524" VPOS="9396" HEIGHT="116" WIDTH="2416">
						<String CONTENT="Introductory" ID="St_1.3.47.1" HPOS="524" VPOS="9404" HEIGHT="108" WIDTH="752" STYLEREFS="Style_9" WC="1" CC="000000000000"/>
						<SP ID="SP_1.3.47.2" HPOS="1236" VPOS="9412" WIDTH="64"/>
						<String CONTENT="chemistry," ID="St_1.3.47.3" HPOS="1332" VPOS="9404" HEIGHT="104" WIDTH="640" STYLEREFS="Style_9" WC="1" CC="0000000000"/>
						<SP ID="SP_1.3.47.4" HPOS="1956" VPOS="9428" WIDTH="48"/>
						<String CONTENT="for" ID="St_1.3.47.5" HPOS="2040" VPOS="9400" HEIGHT="80" WIDTH="168" STYLEREFS="Style_9" WC="1" CC="000"/>
						<SP ID="SP_1.3.47.6" HPOS="2176" VPOS="9412" WIDTH="60"/>
						<String CONTENT="students" ID="St_1.3.47.7" HPOS="2272" VPOS="9400" HEIGHT="84" WIDTH="492" STYLEREFS="Style_9" WC="1" CC="00000000"/>
						<SP ID="SP_1.3.47.8" HPOS="2732" VPOS="9408" WIDTH="60"/>
						<String CONTENT="of" ID="St_1.3.47.9" HPOS="2824" VPOS="9396" HEIGHT="80" WIDTH="116" STYLEREFS="Style_9" WC="1" CC="00"/>
					</TextLine>
					<TextLine ID="TL_1.3.48" HPOS="608" VPOS="9456" HEIGHT="148" WIDTH="2392">
						<String CONTENT="home" ID="St_1.3.48.1" HPOS="608" VPOS="9512" HEIGHT="88" WIDTH="320" STYLEREFS="Style_9" WC="0.722222222222222" CC="3331"/>
						<SP ID="SP_1.3.48.2" HPOS="920" VPOS="9512" WIDTH="64"/>
						<String CONTENT="economics" ID="St_1.3.48.3" HPOS="988" VPOS="9512" HEIGHT="92" WIDTH="624" STYLEREFS="Style_9" WC="0.896666666666667" CC="000000000"/>
						<SP ID="SP_1.3.48.4" HPOS="1580" VPOS="9468" WIDTH="60"/>
						<String CONTENT="and" ID="St_1.3.48.5" HPOS="1676" VPOS="9512" HEIGHT="76" WIDTH="196" STYLEREFS="Style_9" WC="0.918888888888889" CC="000"/>
						<SP ID="SP_1.3.48.6" HPOS="1836" VPOS="9456" WIDTH="56"/>
						<String CONTENT="applied" ID="St_1.3.48.7" HPOS="1924" VPOS="9512" HEIGHT="84" WIDTH="416" STYLEREFS="Style_9" WC="0.926666666666667" CC="0000004"/>
						<SP ID="SP_1.3.48.8" HPOS="2284" VPOS="9468" WIDTH="52"/>
						<String CONTENT="biological" ID="St_1.3.48.9" HPOS="2400" VPOS="9512" HEIGHT="84" WIDTH="600" STYLEREFS="Style_9" WC="0.906666666666667" CC="1330001311"/>
					</TextLine>
					<TextLine ID="TL_1.3.49" HPOS="612" VPOS="9636" HEIGHT="92" WIDTH="2604">
						<String CONTENT="sciences." ID="St_1.3.49.1" HPOS="612" VPOS="9640" HEIGHT="80" WIDTH="560" STYLEREFS="Style_9" WC="1" CC="000000000"/>
						<SP ID="SP_1.3.49.2" HPOS="1172" VPOS="9636" WIDTH="160"/>
						<String CONTENT="532" ID="St_1.3.49.3" HPOS="1336" VPOS="9640" HEIGHT="80" WIDTH="180" STYLEREFS="Style_9" WC="1" CC="000"/>
						<SP ID="SP_1.3.49.4" HPOS="1512" VPOS="9636" WIDTH="64"/>
						<String CONTENT="p." ID="St_1.3.49.5" HPOS="1580" VPOS="9652" HEIGHT="76" WIDTH="100" STYLEREFS="Style_9" WC="1" CC="00"/>
						<SP ID="SP_1.3.49.6" HPOS="1676" VPOS="9636" WIDTH="152"/>
						<String CONTENT="illus." ID="St_1.3.49.7" HPOS="1832" VPOS="9640" HEIGHT="80" WIDTH="296" STYLEREFS="Style_9" WC="1" CC="000000"/>
						<SP ID="SP_1.3.49.8" HPOS="2124" VPOS="9636" WIDTH="148"/>
						<String CONTENT="&#169;" ID="St_1.3.49.9" HPOS="2276" VPOS="9636" HEIGHT="84" WIDTH="84" STYLEREFS="Style_9" WC="1" CC="0"/>
						<SP ID="SP_1.3.49.10" HPOS="2356" VPOS="9636" WIDTH="64"/>
						<String CONTENT="The" ID="St_1.3.49.11" HPOS="2428" VPOS="9636" HEIGHT="80" WIDTH="216" STYLEREFS="Style_9" WC="1" CC="000"/>
						<SP ID="SP_1.3.49.12" HPOS="2640" VPOS="9636" WIDTH="64"/>
						<String CONTENT="Macmil-" ID="St_1.3.49.13" HPOS="2708" VPOS="9636" HEIGHT="84" WIDTH="508" STYLEREFS="Style_9" WC="1" CC="0000000"/>
					</TextLine>
					<TextLine ID="TL_1.3.50" HPOS="608" VPOS="9764" HEIGHT="100" WIDTH="2200">
						<String CONTENT="la" ID="St_1.3.50.1" HPOS="608" VPOS="9768" HEIGHT="84" WIDTH="116" STYLEREFS="Style_9" WC="1" CC="00"/>
						<String CONTENT="n" ID="St_1.3.50.2" HPOS="728" VPOS="9792" HEIGHT="60" WIDTH="64" STYLEREFS="Style_9" WC="1" CC="0"/>
						<SP ID="SP_1.3.50.3" HPOS="756" VPOS="9776" WIDTH="64"/>
						<String CONTENT="Co.," ID="St_1.3.50.4" HPOS="848" VPOS="9764" HEIGHT="92" WIDTH="232" STYLEREFS="Style_9" WC="1" CC="0000"/>
						<SP ID="SP_1.3.50.5" HPOS="1068" VPOS="9796" WIDTH="44"/>
						<String CONTENT="New" ID="St_1.3.50.6" HPOS="1144" VPOS="9768" HEIGHT="84" WIDTH="244" STYLEREFS="Style_9" WC="1" CC="000"/>
						<SP ID="SP_1.3.50.7" HPOS="1340" VPOS="9776" WIDTH="72"/>
						<String CONTENT="York;" ID="St_1.3.50.8" HPOS="1444" VPOS="9764" HEIGHT="100" WIDTH="324" STYLEREFS="Style_9" WC="1" CC="00000"/>
						<SP ID="SP_1.3.50.9" HPOS="1748" VPOS="9776" WIDTH="48"/>
						<String CONTENT="5Jun51;" ID="St_1.3.50.10" HPOS="1836" VPOS="9764" HEIGHT="100" WIDTH="440" STYLEREFS="Style_9" WC="1" CC="0000000"/>
						<SP ID="SP_1.3.50.11" HPOS="2260" VPOS="9776" WIDTH="44"/>
						<String CONTENT="A55935." ID="St_1.3.50.12" HPOS="2336" VPOS="9764" HEIGHT="88" WIDTH="472" STYLEREFS="Style_9" WC="1" CC="0000000"/>
					</TextLine>
					<TextLine ID="TL_1.3.51" HPOS="444" VPOS="9992" HEIGHT="104" WIDTH="1976">
						<String CONTENT="MEYER," ID="St_1.3.51.1" HPOS="444" VPOS="9996" HEIGHT="100" WIDTH="508" STYLEREFS="Style_9" WC="1" CC="000000"/>
						<SP ID="SP_1.3.51.2" HPOS="932" VPOS="10020" WIDTH="48"/>
						<String CONTENT="MICHAEL" ID="St_1.3.51.3" HPOS="1016" VPOS="9996" HEIGHT="84" WIDTH="604" STYLEREFS="Style_9" WC="1" CC="0000000"/>
						<SP ID="SP_1.3.51.4" HPOS="1576" VPOS="9992" WIDTH="72"/>
						<String CONTENT="LEVERSON." ID="St_1.3.51.5" HPOS="1684" VPOS="9996" HEIGHT="88" WIDTH="736" STYLEREFS="Style_9" WC="1" CC="000000000"/>
					</TextLine>
					<TextLine ID="TL_1.3.52" HPOS="536" VPOS="10112" HEIGHT="104" WIDTH="2620">
						<String CONTENT="The" ID="St_1.3.52.1" HPOS="536" VPOS="10120" HEIGHT="84" WIDTH="216" STYLEREFS="Style_9" WC="1" CC="000"/>
						<SP ID="SP_1.3.52.2" HPOS="724" VPOS="10124" WIDTH="56"/>
						<String CONTENT="end" ID="St_1.3.52.3" HPOS="808" VPOS="10120" HEIGHT="84" WIDTH="200" STYLEREFS="Style_9" WC="1" CC="000"/>
						<SP ID="SP_1.3.52.4" HPOS="976" VPOS="10112" WIDTH="60"/>
						<String CONTENT="of" ID="St_1.3.52.5" HPOS="1064" VPOS="10120" HEIGHT="84" WIDTH="112" STYLEREFS="Style_9" WC="1" CC="00"/>
						<SP ID="SP_1.3.52.6" HPOS="1152" VPOS="10112" WIDTH="40"/>
						<String CONTENT="the" ID="St_1.3.52.7" HPOS="1216" VPOS="10120" HEIGHT="84" WIDTH="180" STYLEREFS="Style_9" WC="1" CC="000"/>
						<SP ID="SP_1.3.52.8" HPOS="1364" VPOS="10124" WIDTH="56"/>
						<String CONTENT="corridor." ID="St_1.3.52.9" HPOS="1448" VPOS="10120" HEIGHT="88" WIDTH="560" STYLEREFS="Style_9" WC="1" CC="000000000"/>
						<SP ID="SP_1.3.52.10" HPOS="1996" VPOS="10144" WIDTH="84"/>
						<String CONTENT="London," ID="St_1.3.52.11" HPOS="2160" VPOS="10120" HEIGHT="96" WIDTH="460" STYLEREFS="Style_9" WC="1" CC="0000000"/>
						<SP ID="SP_1.3.52.12" HPOS="2604" VPOS="10144" WIDTH="48"/>
						<String CONTENT="Collins." ID="St_1.3.52.13" HPOS="2688" VPOS="10120" HEIGHT="88" WIDTH="468" STYLEREFS="Style_9" WC="1" CC="00000000"/>
					</TextLine>
					<TextLine ID="TL_1.3.53" HPOS="632" VPOS="10236" HEIGHT="116" WIDTH="2200">
						<String CONTENT="223" ID="St_1.3.53.1" HPOS="632" VPOS="10240" HEIGHT="84" WIDTH="192" STYLEREFS="Style_9" WC="1" CC="000"/>
						<SP ID="SP_1.3.53.2" HPOS="796" VPOS="10236" WIDTH="56"/>
						<String CONTENT="p." ID="St_1.3.53.3" HPOS="880" VPOS="10264" HEIGHT="84" WIDTH="100" STYLEREFS="Style_9" WC="1" CC="00"/>
						<SP ID="SP_1.3.53.4" HPOS="972" VPOS="10272" WIDTH="80"/>
						<String CONTENT="&#169;" ID="St_1.3.53.5" HPOS="1124" VPOS="10236" HEIGHT="80" WIDTH="80" STYLEREFS="Style_9" WC="0.944444444444444" CC="4"/>
						<SP ID="SP_1.3.53.6" HPOS="1164" VPOS="10236" WIDTH="76"/>
						<String CONTENT="Michael" ID="St_1.3.53.7" HPOS="1268" VPOS="10240" HEIGHT="88" WIDTH="472" STYLEREFS="Style_9" WC="0.972222222222222" CC="0000000"/>
						<SP ID="SP_1.3.53.8" HPOS="1716" VPOS="10236" WIDTH="52"/>
						<String CONTENT="Leverson" ID="St_1.3.53.9" HPOS="1796" VPOS="10240" HEIGHT="88" WIDTH="556" STYLEREFS="Style_9" WC="0.982222222222222" CC="00000000"/>
						<SP ID="SP_1.3.53.10" HPOS="2320" VPOS="10248" WIDTH="60"/>
						<String CONTENT="Meyer;" ID="St_1.3.53.11" HPOS="2408" VPOS="10240" HEIGHT="112" WIDTH="424" STYLEREFS="Style_9" WC="0.985555555555556" CC="000000"/>
					</TextLine>
					<TextLine ID="TL_1.3.54" HPOS="632" VPOS="10360" HEIGHT="112" WIDTH="1836">
						<String CONTENT="5" ID="St_1.3.54.1" HPOS="632" VPOS="10364" HEIGHT="84" WIDTH="48" STYLEREFS="Style_10" WC="1" CC="0"/>
						<String CONTENT="Mar" ID="St_1.3.54.2" HPOS="696" VPOS="10364" HEIGHT="84" WIDTH="240" STYLEREFS="Style_10" WC="1" CC="000"/>
						<String CONTENT="5" ID="St_1.3.54.3" HPOS="952" VPOS="10364" HEIGHT="84" WIDTH="48" STYLEREFS="Style_10" WC="1" CC="0"/>
						<String CONTENT="1;" ID="St_1.3.54.4" HPOS="1024" VPOS="10364" HEIGHT="100" WIDTH="88" STYLEREFS="Style_10" WC="1" CC="00"/>
						<SP ID="SP_1.3.54.5" HPOS="1100" VPOS="10376" WIDTH="44"/>
						<String CONTENT="2c" ID="St_1.3.54.6" HPOS="1180" VPOS="10368" HEIGHT="84" WIDTH="120" STYLEREFS="Style_10" WC="1" CC="00"/>
						<SP ID="SP_1.3.54.7" HPOS="1272" VPOS="10376" WIDTH="56"/>
						<String CONTENT="5Apr51;" ID="St_1.3.54.8" HPOS="1360" VPOS="10360" HEIGHT="112" WIDTH="464" STYLEREFS="Style_10" WC="1" CC="0000000"/>
						<SP ID="SP_1.3.54.9" HPOS="1808" VPOS="10376" WIDTH="44"/>
						<String CONTENT="AI0-1084." ID="St_1.3.54.10" HPOS="1880" VPOS="10360" HEIGHT="96" WIDTH="588" STYLEREFS="Style_10" WC="1" CC="000000000"/>
					</TextLine>
					<TextLine ID="TL_1.3.55" HPOS="464" VPOS="10600" HEIGHT="120" WIDTH="2020">
						<String CONTENT="MEYER," ID="St_1.3.55.1" HPOS="464" VPOS="10620" HEIGHT="100" WIDTH="516" STYLEREFS="Style_10" WC="1" CC="000000"/>
						<SP ID="SP_1.3.55.2" HPOS="964" VPOS="10644" WIDTH="48"/>
						<String CONTENT="MILFORD" ID="St_1.3.55.3" HPOS="1040" VPOS="10608" HEIGHT="88" WIDTH="620" STYLEREFS="Style_10" WC="1" CC="0000000"/>
						<SP ID="SP_1.3.55.4" HPOS="1612" VPOS="10612" WIDTH="72"/>
						<String CONTENT="JOSEPH," ID="St_1.3.55.5" HPOS="1712" VPOS="10604" HEIGHT="100" WIDTH="532" STYLEREFS="Style_10" WC="1" CC="0000000"/>
						<SP ID="SP_1.3.55.6" HPOS="2228" VPOS="10640" WIDTH="48"/>
						<String CONTENT="ed." ID="St_1.3.55.7" HPOS="2312" VPOS="10600" HEIGHT="92" WIDTH="172" STYLEREFS="Style_10" WC="1" CC="000"/>
					</TextLine>
					<TextLine ID="TL_1.3.56" HPOS="568" VPOS="10712" HEIGHT="132" WIDTH="2692">
						<String CONTENT="Dunlap-Hanna" ID="St_1.3.56.1" HPOS="568" VPOS="10740" HEIGHT="104" WIDTH="844" STYLEREFS="Style_10" WC="1" CC="000000000000"/>
						<SP ID="SP_1.3.56.2" HPOS="1376" VPOS="10744" WIDTH="60"/>
						<String CONTENT="Pennsylvania" ID="St_1.3.56.3" HPOS="1464" VPOS="10728" HEIGHT="112" WIDTH="796" STYLEREFS="Style_10" WC="1" CC="000000000000"/>
						<SP ID="SP_1.3.56.4" HPOS="2228" VPOS="10740" WIDTH="56"/>
						<String CONTENT="forms." ID="St_1.3.56.5" HPOS="2308" VPOS="10720" HEIGHT="92" WIDTH="404" STYLEREFS="Style_10" WC="1" CC="000000"/>
						<SP ID="SP_1.3.56.6" HPOS="2696" VPOS="10760" WIDTH="84"/>
						<String CONTENT="Editor:" ID="St_1.3.56.7" HPOS="2848" VPOS="10712" HEIGHT="84" WIDTH="412" STYLEREFS="Style_10" WC="1" CC="0000000"/>
					</TextLine>
					<TextLine ID="TL_1.3.57" HPOS="656" VPOS="10836" HEIGHT="124" WIDTH="2632">
						<String CONTENT="Milford" ID="St_1.3.57.1" HPOS="656" VPOS="10860" HEIGHT="84" WIDTH="456" STYLEREFS="Style_10" WC="1" CC="0000000"/>
						<SP ID="SP_1.3.57.2" HPOS="1080" VPOS="10852" WIDTH="56"/>
						<String CONTENT="J." ID="St_1.3.57.3" HPOS="1164" VPOS="10856" HEIGHT="92" WIDTH="104" STYLEREFS="Style_10" WC="1" CC="00"/>
						<SP ID="SP_1.3.57.4" HPOS="1252" VPOS="10884" WIDTH="44"/>
						<String CONTENT="Meyer;" ID="St_1.3.57.5" HPOS="1324" VPOS="10856" HEIGHT="104" WIDTH="428" STYLEREFS="Style_10" WC="1" CC="000000"/>
						<SP ID="SP_1.3.57.6" HPOS="1736" VPOS="10860" WIDTH="44"/>
						<String CONTENT="associate" ID="St_1.3.57.7" HPOS="1808" VPOS="10844" HEIGHT="92" WIDTH="564" STYLEREFS="Style_10" WC="1" CC="000000000"/>
						<SP ID="SP_1.3.57.8" HPOS="2340" VPOS="10856" WIDTH="60"/>
						<String CONTENT="editor:" ID="St_1.3.57.9" HPOS="2432" VPOS="10840" HEIGHT="84" WIDTH="396" STYLEREFS="Style_10" WC="1" CC="0000000"/>
						<SP ID="SP_1.3.57.10" HPOS="2812" VPOS="10856" WIDTH="44"/>
						<String CONTENT="Barnet" ID="St_1.3.57.11" HPOS="2884" VPOS="10836" HEIGHT="80" WIDTH="404" STYLEREFS="Style_10" WC="1" CC="000000"/>
					</TextLine>
					<TextLine ID="TL_1.3.58" HPOS="664" VPOS="10960" HEIGHT="120" WIDTH="2332">
						<String CONTENT="Lieberman." ID="St_1.3.58.1" HPOS="664" VPOS="10984" HEIGHT="84" WIDTH="700" STYLEREFS="Style_10" WC="1" CC="0000000000"/>
						<SP ID="SP_1.3.58.2" HPOS="1348" VPOS="11008" WIDTH="80"/>
						<String CONTENT="[Based" ID="St_1.3.58.3" HPOS="1492" VPOS="10972" HEIGHT="108" WIDTH="404" STYLEREFS="Style_10" WC="1" CC="000000"/>
						<SP ID="SP_1.3.58.4" HPOS="1860" VPOS="10972" WIDTH="60"/>
						<String CONTENT="on" ID="St_1.3.58.5" HPOS="1952" VPOS="10992" HEIGHT="60" WIDTH="128" STYLEREFS="Style_10" WC="1" CC="00"/>
						<SP ID="SP_1.3.58.6" HPOS="2044" VPOS="10980" WIDTH="56"/>
						<String CONTENT="J." ID="St_1.3.58.7" HPOS="2128" VPOS="10964" HEIGHT="92" WIDTH="108" STYLEREFS="Style_10" WC="0.98" CC="40"/>
						<SP ID="SP_1.3.58.8" HPOS="2216" VPOS="11000" WIDTH="48"/>
						<String CONTENT="D." ID="St_1.3.58.9" HPOS="2300" VPOS="10964" HEIGHT="92" WIDTH="124" STYLEREFS="Style_10" WC="0.982222222222222" CC="00"/>
						<SP ID="SP_1.3.58.10" HPOS="2404" VPOS="11000" WIDTH="48"/>
						<String CONTENT="Dunlap&apos;s" ID="St_1.3.58.11" HPOS="2480" VPOS="10960" HEIGHT="104" WIDTH="516" STYLEREFS="Style_10" WC="0.986666666666667" CC="00000000"/>
					</TextLine>
					<TextLine ID="TL_1.3.59" HPOS="656" VPOS="11080" HEIGHT="120" WIDTH="2596">
						<String CONTENT="A" ID="St_1.3.59.1" HPOS="656" VPOS="11104" HEIGHT="84" WIDTH="92" STYLEREFS="Style_10" WC="1" CC="0"/>
						<SP ID="SP_1.3.59.2" HPOS="696" VPOS="11100" WIDTH="76"/>
						<String CONTENT="book" ID="St_1.3.59.3" HPOS="800" VPOS="11104" HEIGHT="84" WIDTH="276" STYLEREFS="Style_10" WC="1" CC="0000"/>
						<SP ID="SP_1.3.59.4" HPOS="1040" VPOS="11100" WIDTH="60"/>
						<String CONTENT="of" ID="St_1.3.59.5" HPOS="1124" VPOS="11104" HEIGHT="80" WIDTH="116" STYLEREFS="Style_10" WC="1" CC="00"/>
						<SP ID="SP_1.3.59.6" HPOS="1216" VPOS="11100" WIDTH="44"/>
						<String CONTENT="forms" ID="St_1.3.59.7" HPOS="1284" VPOS="11100" HEIGHT="84" WIDTH="352" STYLEREFS="Style_10" WC="1" CC="00000"/>
						<SP ID="SP_1.3.59.8" HPOS="1604" VPOS="11108" WIDTH="60"/>
						<String CONTENT="for" ID="St_1.3.59.9" HPOS="1700" VPOS="11096" HEIGHT="80" WIDTH="172" STYLEREFS="Style_10" WC="1" CC="000"/>
						<SP ID="SP_1.3.59.10" HPOS="1840" VPOS="11108" WIDTH="60"/>
						<String CONTENT="practice" ID="St_1.3.59.11" HPOS="1932" VPOS="11088" HEIGHT="112" WIDTH="492" STYLEREFS="Style_10" WC="1" CC="00000000"/>
						<SP ID="SP_1.3.59.12" HPOS="2388" VPOS="11100" WIDTH="64"/>
						<String CONTENT="in" ID="St_1.3.59.13" HPOS="2484" VPOS="11084" HEIGHT="84" WIDTH="100" STYLEREFS="Style_10" WC="1" CC="00"/>
						<SP ID="SP_1.3.59.14" HPOS="2548" VPOS="11100" WIDTH="64"/>
						<String CONTENT="the" ID="St_1.3.59.15" HPOS="2640" VPOS="11080" HEIGHT="88" WIDTH="176" STYLEREFS="Style_10" WC="1" CC="000"/>
						<SP ID="SP_1.3.59.16" HPOS="2784" VPOS="11100" WIDTH="60"/>
						<String CONTENT="courts" ID="St_1.3.59.17" HPOS="2872" VPOS="11092" HEIGHT="72" WIDTH="380" STYLEREFS="Style_10" WC="1" CC="000000"/>
					</TextLine>
					<TextLine ID="TL_1.3.60" HPOS="664" VPOS="11200" HEIGHT="128" WIDTH="2180">
						<String CONTENT="and" ID="St_1.3.60.1" HPOS="664" VPOS="11228" HEIGHT="84" WIDTH="208" STYLEREFS="Style_10" WC="1" CC="000"/>
						<SP ID="SP_1.3.60.2" HPOS="836" VPOS="11224" WIDTH="60"/>
						<String CONTENT="for" ID="St_1.3.60.3" HPOS="920" VPOS="11224" HEIGHT="84" WIDTH="168" STYLEREFS="Style_10" WC="1" CC="000"/>
						<SP ID="SP_1.3.60.4" HPOS="1056" VPOS="11236" WIDTH="60"/>
						<String CONTENT="conveyan" ID="St_1.3.60.5" HPOS="1152" VPOS="11244" HEIGHT="84" WIDTH="536" STYLEREFS="Style_10" WC="0.951111111111111" CC="00000034"/>
						<String CONTENT="c" ID="St_1.3.60.6" HPOS="1704" VPOS="11248" HEIGHT="56" WIDTH="52" STYLEREFS="Style_10" WC="0.934444444444444" CC="3"/>
						<String CONTENT="ing," ID="St_1.3.60.7" HPOS="1764" VPOS="11216" HEIGHT="104" WIDTH="212" STYLEREFS="Style_10" WC="0.946666666666667" CC="0000"/>
						<SP ID="SP_1.3.60.8" HPOS="1956" VPOS="11248" WIDTH="52"/>
						<String CONTENT="and" ID="St_1.3.60.9" HPOS="2044" VPOS="11208" HEIGHT="88" WIDTH="196" STYLEREFS="Style_10" WC="0.955555555555556" CC="000"/>
						<SP ID="SP_1.3.60.10" HPOS="2208" VPOS="11216" WIDTH="60"/>
						<String CONTENT="Meredith" ID="St_1.3.60.11" HPOS="2300" VPOS="11200" HEIGHT="92" WIDTH="544" STYLEREFS="Style_10" WC="0.966666666666667" CC="00000000"/>
					</TextLine>
					<TextLine ID="TL_1.3.61" HPOS="664" VPOS="11320" HEIGHT="120" WIDTH="2540">
						<String CONTENT="Hanna&apos;s" ID="St_1.3.61.1" HPOS="664" VPOS="11348" HEIGHT="88" WIDTH="472" STYLEREFS="Style_10" WC="1" CC="0000000"/>
						<SP ID="SP_1.3.61.2" HPOS="1108" VPOS="11356" WIDTH="60"/>
						<String CONTENT="Forms" ID="St_1.3.61.3" HPOS="1204" VPOS="11344" HEIGHT="84" WIDTH="392" STYLEREFS="Style_10" WC="1" CC="00000"/>
						<SP ID="SP_1.3.61.4" HPOS="1568" VPOS="11356" WIDTH="56"/>
						<String CONTENT="of" ID="St_1.3.61.5" HPOS="1660" VPOS="11340" HEIGHT="84" WIDTH="112" STYLEREFS="Style_10" WC="1" CC="00"/>
						<SP ID="SP_1.3.61.6" HPOS="1744" VPOS="11340" WIDTH="48"/>
						<String CONTENT="civil" ID="St_1.3.61.7" HPOS="1816" VPOS="11336" HEIGHT="84" WIDTH="272" STYLEREFS="Style_10" WC="1" CC="00000"/>
						<SP ID="SP_1.3.61.8" HPOS="2064" VPOS="11340" WIDTH="44"/>
						<String CONTENT="practice" ID="St_1.3.61.9" HPOS="2136" VPOS="11328" HEIGHT="112" WIDTH="496" STYLEREFS="Style_10" WC="1" CC="00000000"/>
						<SP ID="SP_1.3.61.10" HPOS="2600" VPOS="11344" WIDTH="56"/>
						<String CONTENT="in" ID="St_1.3.61.11" HPOS="2688" VPOS="11324" HEIGHT="84" WIDTH="112" STYLEREFS="Style_10" WC="1" CC="00"/>
						<SP ID="SP_1.3.61.12" HPOS="2764" VPOS="11344" WIDTH="60"/>
						<String CONTENT="Penn-" ID="St_1.3.61.13" HPOS="2852" VPOS="11320" HEIGHT="88" WIDTH="352" STYLEREFS="Style_10" WC="1" CC="00000"/>
					</TextLine>
					<TextLine ID="TL_1.3.62" HPOS="668" VPOS="11444" HEIGHT="140" WIDTH="2428">
						<String CONTENT="sylvania]" ID="St_1.3.62.1" HPOS="668" VPOS="11464" HEIGHT="120" WIDTH="536" STYLEREFS="Style_10" WC="1" CC="000000000"/>
						<SP ID="SP_1.3.62.2" HPOS="1188" VPOS="11464" WIDTH="80"/>
						<String CONTENT="Vol." ID="St_1.3.62.3" HPOS="1336" VPOS="11464" HEIGHT="96" WIDTH="240" STYLEREFS="Style_10" WC="1" CC="0000"/>
						<SP ID="SP_1.3.62.4" HPOS="1560" VPOS="11500" WIDTH="48"/>
						<String CONTENT="7" ID="St_1.3.62.5" HPOS="1636" VPOS="11464" HEIGHT="80" WIDTH="48" STYLEREFS="Style_10" WC="1" CC="0"/>
						<SP ID="SP_1.3.62.6" HPOS="1716" VPOS="11480" WIDTH="52"/>
						<String CONTENT="[General" ID="St_1.3.62.7" HPOS="1816" VPOS="11456" HEIGHT="108" WIDTH="524" STYLEREFS="Style_10" WC="1" CC="00000000"/>
						<SP ID="SP_1.3.62.8" HPOS="2316" VPOS="11460" WIDTH="48"/>
						<String CONTENT="forms," ID="St_1.3.62.9" HPOS="2396" VPOS="11452" HEIGHT="96" WIDTH="392" STYLEREFS="Style_10" WC="1" CC="000000"/>
						<SP ID="SP_1.3.62.10" HPOS="2768" VPOS="11488" WIDTH="52"/>
						<String CONTENT="real" ID="St_1.3.62.11" HPOS="2856" VPOS="11444" HEIGHT="88" WIDTH="240" STYLEREFS="Style_10" WC="1" CC="0000"/>
					</TextLine>
					<TextLine ID="TL_1.3.63" HPOS="668" VPOS="11568" HEIGHT="132" WIDTH="2052">
						<String CONTENT="property" ID="St_1.3.63.1" HPOS="668" VPOS="11596" HEIGHT="104" WIDTH="528" STYLEREFS="Style_10" WC="1" CC="00000000"/>
						<SP ID="SP_1.3.63.2" HPOS="1156" VPOS="11600" WIDTH="60"/>
						<String CONTENT="to" ID="St_1.3.63.3" HPOS="1240" VPOS="11596" HEIGHT="76" WIDTH="112" STYLEREFS="Style_10" WC="1" CC="00"/>
						<SP ID="SP_1.3.63.4" HPOS="1320" VPOS="11596" WIDTH="60"/>
						<String CONTENT="secured" ID="St_1.3.63.5" HPOS="1408" VPOS="11584" HEIGHT="88" WIDTH="472" STYLEREFS="Style_10" WC="1" CC="0000000"/>
						<SP ID="SP_1.3.63.6" HPOS="1848" VPOS="11584" WIDTH="60"/>
						<String CONTENT="transactions]" ID="St_1.3.63.7" HPOS="1936" VPOS="11568" HEIGHT="108" WIDTH="784" STYLEREFS="Style_10" WC="1" CC="0000000000000"/>
					</TextLine>
					<TextLine ID="TL_1.3.64" HPOS="668" VPOS="11688" HEIGHT="128" WIDTH="2284">
						<String CONTENT="Philadelphia," ID="St_1.3.64.1" HPOS="668" VPOS="11708" HEIGHT="108" WIDTH="784" STYLEREFS="Style_10" WC="1" CC="0000000000000"/>
						<SP ID="SP_1.3.64.2" HPOS="1436" VPOS="11740" WIDTH="48"/>
						<String CONTENT="G." ID="St_1.3.64.3" HPOS="1520" VPOS="11704" HEIGHT="92" WIDTH="124" STYLEREFS="Style_10" WC="1" CC="00"/>
						<SP ID="SP_1.3.64.4" HPOS="1628" VPOS="11740" WIDTH="44"/>
						<String CONTENT="T." ID="St_1.3.64.5" HPOS="1704" VPOS="11704" HEIGHT="92" WIDTH="124" STYLEREFS="Style_10" WC="1" CC="00"/>
						<SP ID="SP_1.3.64.6" HPOS="1812" VPOS="11740" WIDTH="44"/>
						<String CONTENT="Bisel" ID="St_1.3.64.7" HPOS="1884" VPOS="11700" HEIGHT="84" WIDTH="312" STYLEREFS="Style_10" WC="0.982222222222222" CC="00004"/>
						<SP ID="SP_1.3.64.8" HPOS="2176" VPOS="11704" WIDTH="52"/>
						<String CONTENT="Co." ID="St_1.3.64.9" HPOS="2260" VPOS="11696" HEIGHT="88" WIDTH="192" STYLEREFS="Style_10" WC="0.984444444444444" CC="000"/>
						<SP ID="SP_1.3.64.10" HPOS="2432" VPOS="11732" WIDTH="92"/>
						<String CONTENT="760" ID="St_1.3.64.11" HPOS="2604" VPOS="11688" HEIGHT="88" WIDTH="192" STYLEREFS="Style_10" WC="0.985555555555556" CC="000"/>
						<SP ID="SP_1.3.64.12" HPOS="2764" VPOS="11696" WIDTH="60"/>
						<String CONTENT="p." ID="St_1.3.64.13" HPOS="2860" VPOS="11712" HEIGHT="80" WIDTH="92" STYLEREFS="Style_10" WC="0.974444444444444" CC="04"/>
					</TextLine>
					<TextLine ID="TL_1.3.65" HPOS="680" VPOS="11828" HEIGHT="104" WIDTH="2324">
						<String CONTENT="&#169;" ID="St_1.3.65.1" HPOS="680" VPOS="11840" HEIGHT="80" WIDTH="84" STYLEREFS="Style_10" WC="0.444444444444444" CC="5"/>
						<SP ID="SP_1.3.65.2" HPOS="720" VPOS="11840" WIDTH="80"/>
						<String CONTENT="on" ID="St_1.3.65.3" HPOS="832" VPOS="11868" HEIGHT="60" WIDTH="128" STYLEREFS="Style_10" WC="0.861111111111111" CC="00"/>
						<SP ID="SP_1.3.65.4" HPOS="924" VPOS="11852" WIDTH="64"/>
						<String CONTENT="additions" ID="St_1.3.65.5" HPOS="1016" VPOS="11844" HEIGHT="80" WIDTH="540" STYLEREFS="Style_10" WC="0.96" CC="000000000"/>
						<SP ID="SP_1.3.65.6" HPOS="1528" VPOS="11852" WIDTH="52"/>
						<String CONTENT="&amp;" ID="St_1.3.65.7" HPOS="1604" VPOS="11840" HEIGHT="80" WIDTH="80" STYLEREFS="Style_10" WC="0.964444444444444" CC="0"/>
						<SP ID="SP_1.3.65.8" HPOS="1640" VPOS="11840" WIDTH="76"/>
						<String CONTENT="corrections;" ID="St_1.3.65.9" HPOS="1752" VPOS="11836" HEIGHT="96" WIDTH="744" STYLEREFS="Style_10" WC="0.98" CC="000000000000"/>
						<SP ID="SP_1.3.65.10" HPOS="2476" VPOS="11848" WIDTH="44"/>
						<String CONTENT="Geo." ID="St_1.3.65.11" HPOS="2552" VPOS="11828" HEIGHT="96" WIDTH="272" STYLEREFS="Style_10" WC="0.983333333333333" CC="0000"/>
						<SP ID="SP_1.3.65.12" HPOS="2804" VPOS="11868" WIDTH="48"/>
						<String CONTENT="T." ID="St_1.3.65.13" HPOS="2880" VPOS="11828" HEIGHT="96" WIDTH="124" STYLEREFS="Style_10" WC="0.972222222222222" CC="04"/>
					</TextLine>
					<TextLine ID="TL_1.3.66" HPOS="684" VPOS="11948" HEIGHT="116" WIDTH="2360">
						<String CONTENT="Bisel" ID="St_1.3.66.1" HPOS="684" VPOS="11968" HEIGHT="84" WIDTH="324" STYLEREFS="Style_10" WC="1" CC="00000"/>
						<SP ID="SP_1.3.66.2" HPOS="984" VPOS="11964" WIDTH="52"/>
						<String CONTENT="Co.," ID="St_1.3.66.3" HPOS="1064" VPOS="11964" HEIGHT="100" WIDTH="232" STYLEREFS="Style_10" WC="1" CC="0000"/>
						<SP ID="SP_1.3.66.4" HPOS="1276" VPOS="11992" WIDTH="48"/>
						<String CONTENT="Clark" ID="St_1.3.66.5" HPOS="1360" VPOS="11964" HEIGHT="80" WIDTH="336" STYLEREFS="Style_10" WC="1" CC="00000"/>
						<SP ID="SP_1.3.66.6" HPOS="1660" VPOS="11960" WIDTH="56"/>
						<String CONTENT="Boardman" ID="St_1.3.66.7" HPOS="1744" VPOS="11960" HEIGHT="84" WIDTH="620" STYLEREFS="Style_10" WC="1" CC="00000000"/>
						<SP ID="SP_1.3.66.8" HPOS="2328" VPOS="11968" WIDTH="68"/>
						<String CONTENT="Co.," ID="St_1.3.66.9" HPOS="2424" VPOS="11952" HEIGHT="104" WIDTH="232" STYLEREFS="Style_10" WC="1" CC="0000"/>
						<SP ID="SP_1.3.66.10" HPOS="2632" VPOS="11988" WIDTH="52"/>
						<String CONTENT="ltd." ID="St_1.3.66.11" HPOS="2716" VPOS="11952" HEIGHT="92" WIDTH="200" STYLEREFS="Style_10" WC="1" CC="0000"/>
						<SP ID="SP_1.3.66.12" HPOS="2896" VPOS="11988" WIDTH="44"/>
						<String CONTENT="&amp;" ID="St_1.3.66.13" HPOS="2968" VPOS="11948" HEIGHT="84" WIDTH="76" STYLEREFS="Style_10" WC="1" CC="0"/>
					</TextLine>
					<TextLine ID="TL_1.3.67" HPOS="692" VPOS="12068" HEIGHT="112" WIDTH="2316">
						<String CONTENT="Matthew" ID="St_1.3.67.1" HPOS="692" VPOS="12084" HEIGHT="88" WIDTH="504" STYLEREFS="Style_10" WC="1" CC="0000000"/>
						<SP ID="SP_1.3.67.2" HPOS="1148" VPOS="12088" WIDTH="68"/>
						<String CONTENT="Bender" ID="St_1.3.67.3" HPOS="1240" VPOS="12084" HEIGHT="84" WIDTH="428" STYLEREFS="Style_10" WC="1" CC="000000"/>
						<SP ID="SP_1.3.67.4" HPOS="1636" VPOS="12088" WIDTH="60"/>
						<String CONTENT="&amp;" ID="St_1.3.67.5" HPOS="1724" VPOS="12080" HEIGHT="80" WIDTH="80" STYLEREFS="Style_10" WC="1" CC="0"/>
						<SP ID="SP_1.3.67.6" HPOS="1760" VPOS="12076" WIDTH="76"/>
						<String CONTENT="Co.," ID="St_1.3.67.7" HPOS="1872" VPOS="12076" HEIGHT="104" WIDTH="232" STYLEREFS="Style_10" WC="1" CC="0000"/>
						<SP ID="SP_1.3.67.8" HPOS="2084" VPOS="12104" WIDTH="52"/>
						<String CONTENT="inc.;" ID="St_1.3.67.9" HPOS="2164" VPOS="12076" HEIGHT="100" WIDTH="264" STYLEREFS="Style_10" WC="1" CC="00000"/>
						<SP ID="SP_1.3.67.10" HPOS="2408" VPOS="12084" WIDTH="52"/>
						<String CONTENT="15Jan51;" ID="St_1.3.67.11" HPOS="2496" VPOS="12068" HEIGHT="104" WIDTH="512" STYLEREFS="Style_10" WC="1" CC="00000000"/>
					</TextLine>
					<TextLine ID="TL_1.3.68" HPOS="692" VPOS="12204" HEIGHT="96" WIDTH="476">
						<String CONTENT="A51821." ID="St_1.3.68.1" HPOS="692" VPOS="12204" HEIGHT="96" WIDTH="476" STYLEREFS="Style_10" WC="1" CC="0000000"/>
					</TextLine>
				</TextBlock>
				<TextBlock ID="TB_1.4" HPOS="3468" VPOS="684" WIDTH="3056" HEIGHT="6084">
					<TextLine ID="TL_1.4.1" HPOS="3556" VPOS="836" HEIGHT="100" WIDTH="1188">
						<String CONTENT="MEYER," ID="St_1.4.1.1" HPOS="3556" VPOS="840" HEIGHT="96" WIDTH="496" STYLEREFS="Style_10" WC="1" CC="000000"/>
						<SP ID="SP_1.4.1.2" HPOS="4036" VPOS="872" WIDTH="44"/>
						<String CONTENT="WILHELM" ID="St_1.4.1.3" HPOS="4120" VPOS="836" HEIGHT="88" WIDTH="624" STYLEREFS="Style_10" WC="1" CC="0000000"/>
					</TextLine>
					<TextLine ID="TL_1.4.2" HPOS="3640" VPOS="960" HEIGHT="92" WIDTH="2148">
						<String CONTENT="Lehrbuch" ID="St_1.4.2.1" HPOS="3640" VPOS="960" HEIGHT="84" WIDTH="568" STYLEREFS="Style_10" WC="1" CC="00000000"/>
						<SP ID="SP_1.4.2.2" HPOS="4172" VPOS="960" WIDTH="60"/>
						<String CONTENT="der" ID="St_1.4.2.3" HPOS="4260" VPOS="960" HEIGHT="84" WIDTH="192" STYLEREFS="Style_10" WC="1" CC="000"/>
						<SP ID="SP_1.4.2.4" HPOS="4416" VPOS="972" WIDTH="60"/>
						<String CONTENT="Zahnheilkunde." ID="St_1.4.2.5" HPOS="4508" VPOS="960" HEIGHT="92" WIDTH="884" STYLEREFS="Style_10" WC="1" CC="00000000000000"/>
						<SP ID="SP_1.4.2.6" HPOS="5376" VPOS="996" WIDTH="88"/>
						<String CONTENT="SEE" ID="St_1.4.2.7" HPOS="5548" VPOS="960" HEIGHT="84" WIDTH="240" STYLEREFS="Style_10" WC="1" CC="000"/>
					</TextLine>
					<TextLine ID="TL_1.4.3" HPOS="3732" VPOS="1092" HEIGHT="92" WIDTH="864">
						<String CONTENT="Port," ID="St_1.4.3.1" HPOS="3732" VPOS="1092" HEIGHT="92" WIDTH="296" STYLEREFS="Style_10" WC="1" CC="00000"/>
						<SP ID="SP_1.4.3.2" HPOS="4016" VPOS="1124" WIDTH="40"/>
						<String CONTENT="Gottlieb." ID="St_1.4.3.3" HPOS="4096" VPOS="1092" HEIGHT="88" WIDTH="500" STYLEREFS="Style_10" WC="1" CC="000000000"/>
					</TextLine>
					<TextLine ID="TL_1.4.4" HPOS="3568" VPOS="1320" HEIGHT="104" WIDTH="1984">
						<String CONTENT="MEYERRIECKS," ID="St_1.4.4.1" HPOS="3568" VPOS="1320" HEIGHT="100" WIDTH="980" STYLEREFS="Style_10" WC="1" CC="000000000000"/>
						<SP ID="SP_1.4.4.2" HPOS="4532" VPOS="1352" WIDTH="44"/>
						<String CONTENT="GEORGE," ID="St_1.4.4.3" HPOS="4616" VPOS="1324" HEIGHT="100" WIDTH="572" STYLEREFS="Style_10" WC="1" CC="0000000"/>
						<SP ID="SP_1.4.4.4" HPOS="5168" VPOS="1352" WIDTH="52"/>
						<String CONTENT="illus." ID="St_1.4.4.5" HPOS="5260" VPOS="1328" HEIGHT="84" WIDTH="292" STYLEREFS="Style_10" WC="1" CC="000000"/>
					</TextLine>
					<TextLine ID="TL_1.4.5" HPOS="3660" VPOS="1440" HEIGHT="104" WIDTH="2120">
						<String CONTENT="Pivot" ID="St_1.4.5.1" HPOS="3660" VPOS="1440" HEIGHT="80" WIDTH="308" STYLEREFS="Style_10" WC="1" CC="00000"/>
						<SP ID="SP_1.4.5.2" HPOS="3944" VPOS="1440" WIDTH="48"/>
						<String CONTENT="man." ID="St_1.4.5.3" HPOS="4024" VPOS="1464" HEIGHT="60" WIDTH="280" STYLEREFS="Style_10" WC="1" CC="0000"/>
						<SP ID="SP_1.4.5.4" HPOS="4288" VPOS="1472" WIDTH="88"/>
						<String CONTENT="SEE" ID="St_1.4.5.5" HPOS="4456" VPOS="1444" HEIGHT="80" WIDTH="232" STYLEREFS="Style_10" WC="1" CC="000"/>
						<SP ID="SP_1.4.5.6" HPOS="4640" VPOS="1440" WIDTH="72"/>
						<String CONTENT="Friendlich," ID="St_1.4.5.7" HPOS="4752" VPOS="1448" HEIGHT="96" WIDTH="660" STYLEREFS="Style_10" WC="1" CC="00000000000"/>
						<SP ID="SP_1.4.5.8" HPOS="5396" VPOS="1476" WIDTH="44"/>
						<String CONTENT="Dick." ID="St_1.4.5.9" HPOS="5480" VPOS="1448" HEIGHT="84" WIDTH="300" STYLEREFS="Style_10" WC="1" CC="00000"/>
					</TextLine>
					<TextLine ID="TL_1.4.6" HPOS="3560" VPOS="1676" HEIGHT="100" WIDTH="1304">
						<String CONTENT="MEYERS," ID="St_1.4.6.1" HPOS="3560" VPOS="1676" HEIGHT="100" WIDTH="572" STYLEREFS="Style_10" WC="1" CC="0000000"/>
						<SP ID="SP_1.4.6.2" HPOS="4116" VPOS="1712" WIDTH="44"/>
						<String CONTENT="BOB," ID="St_1.4.6.3" HPOS="4196" VPOS="1680" HEIGHT="96" WIDTH="300" STYLEREFS="Style_10" WC="1" CC="0000"/>
						<SP ID="SP_1.4.6.4" HPOS="4480" VPOS="1712" WIDTH="44"/>
						<String CONTENT="illus." ID="St_1.4.6.5" HPOS="4564" VPOS="1684" HEIGHT="80" WIDTH="300" STYLEREFS="Style_10" WC="0.941111111111111" CC="311311"/>
					</TextLine>
					<TextLine ID="TL_1.4.7" HPOS="3652" VPOS="1796" HEIGHT="112" WIDTH="2412">
						<String CONTENT="Jimmy" ID="St_1.4.7.1" HPOS="3652" VPOS="1800" HEIGHT="108" WIDTH="404" STYLEREFS="Style_10" WC="1" CC="00000"/>
						<SP ID="SP_1.4.7.2" HPOS="4020" VPOS="1808" WIDTH="60"/>
						<String CONTENT="and" ID="St_1.4.7.3" HPOS="4112" VPOS="1804" HEIGHT="80" WIDTH="188" STYLEREFS="Style_10" WC="1" CC="000"/>
						<SP ID="SP_1.4.7.4" HPOS="4264" VPOS="1796" WIDTH="64"/>
						<String CONTENT="the" ID="St_1.4.7.5" HPOS="4364" VPOS="1804" HEIGHT="80" WIDTH="160" STYLEREFS="Style_10" WC="1" CC="000"/>
						<SP ID="SP_1.4.7.6" HPOS="4492" VPOS="1808" WIDTH="60"/>
						<String CONTENT="spy." ID="St_1.4.7.7" HPOS="4592" VPOS="1824" HEIGHT="84" WIDTH="224" STYLEREFS="Style_10" WC="1" CC="0000"/>
						<SP ID="SP_1.4.7.8" HPOS="4800" VPOS="1832" WIDTH="92"/>
						<String CONTENT="SEE" ID="St_1.4.7.9" HPOS="4972" VPOS="1800" HEIGHT="80" WIDTH="236" STYLEREFS="Style_10" WC="1" CC="000"/>
						<SP ID="SP_1.4.7.10" HPOS="5164" VPOS="1800" WIDTH="68"/>
						<String CONTENT="Lineaweaver," ID="St_1.4.7.11" HPOS="5264" VPOS="1804" HEIGHT="92" WIDTH="800" STYLEREFS="Style_10" WC="1" CC="000000000000"/>
					</TextLine>
					<TextLine ID="TL_1.4.8" HPOS="3740" VPOS="1928" HEIGHT="84" WIDTH="468">
						<String CONTENT="Marion." ID="St_1.4.8.1" HPOS="3740" VPOS="1928" HEIGHT="84" WIDTH="468" STYLEREFS="Style_10" WC="1" CC="0000000"/>
					</TextLine>
					<TextLine ID="TL_1.4.9" HPOS="3564" VPOS="2156" HEIGHT="108" WIDTH="1368">
						<String CONTENT="MEYERS," ID="St_1.4.9.1" HPOS="3564" VPOS="2160" HEIGHT="104" WIDTH="584" STYLEREFS="Style_10" WC="1" CC="0000000"/>
						<SP ID="SP_1.4.9.2" HPOS="4128" VPOS="2192" WIDTH="48"/>
						<String CONTENT="FREDERIC." ID="St_1.4.9.3" HPOS="4216" VPOS="2156" HEIGHT="100" WIDTH="716" STYLEREFS="Style_10" WC="0.973333333333333" CC="000000004"/>
					</TextLine>
					<TextLine ID="TL_1.4.10" HPOS="3664" VPOS="2268" HEIGHT="108" WIDTH="2316">
						<String CONTENT="Economics" ID="St_1.4.10.1" HPOS="3664" VPOS="2284" HEIGHT="88" WIDTH="652" STYLEREFS="Style_10" WC="1" CC="000000000"/>
						<SP ID="SP_1.4.10.2" HPOS="4284" VPOS="2296" WIDTH="60"/>
						<String CONTENT="of" ID="St_1.4.10.3" HPOS="4376" VPOS="2284" HEIGHT="80" WIDTH="112" STYLEREFS="Style_10" WC="1" CC="00"/>
						<SP ID="SP_1.4.10.4" HPOS="4460" VPOS="2284" WIDTH="48"/>
						<String CONTENT="labor" ID="St_1.4.10.5" HPOS="4536" VPOS="2284" HEIGHT="84" WIDTH="304" STYLEREFS="Style_10" WC="1" CC="00000"/>
						<SP ID="SP_1.4.10.6" HPOS="4808" VPOS="2292" WIDTH="56"/>
						<String CONTENT="relations." ID="St_1.4.10.7" HPOS="4896" VPOS="2276" HEIGHT="92" WIDTH="588" STYLEREFS="Style_10" WC="1" CC="0000000000"/>
						<SP ID="SP_1.4.10.8" HPOS="5460" VPOS="2308" WIDTH="92"/>
						<String CONTENT="435" ID="St_1.4.10.9" HPOS="5632" VPOS="2268" HEIGHT="88" WIDTH="192" STYLEREFS="Style_10" WC="1" CC="000"/>
						<SP ID="SP_1.4.10.10" HPOS="5792" VPOS="2276" WIDTH="60"/>
						<String CONTENT="p." ID="St_1.4.10.11" HPOS="5888" VPOS="2292" HEIGHT="84" WIDTH="92" STYLEREFS="Style_10" WC="1" CC="00"/>
					</TextLine>
					<TextLine ID="TL_1.4.11" HPOS="3736" VPOS="2388" HEIGHT="132" WIDTH="2412">
						<String CONTENT="illus." ID="St_1.4.11.1" HPOS="3736" VPOS="2408" HEIGHT="100" WIDTH="312" STYLEREFS="Style_10" WC="1" CC="000000"/>
						<SP ID="SP_1.4.11.2" HPOS="4024" VPOS="2444" WIDTH="96"/>
						<String CONTENT="(The" ID="St_1.4.11.3" HPOS="4200" VPOS="2408" HEIGHT="112" WIDTH="252" STYLEREFS="Style_10" WC="1" CC="0000"/>
						<SP ID="SP_1.4.11.4" HPOS="4416" VPOS="2420" WIDTH="60"/>
						<String CONTENT="Irwin" ID="St_1.4.11.5" HPOS="4508" VPOS="2408" HEIGHT="88" WIDTH="316" STYLEREFS="Style_10" WC="1" CC="00000"/>
						<SP ID="SP_1.4.11.6" HPOS="4784" VPOS="2420" WIDTH="64"/>
						<String CONTENT="series" ID="St_1.4.11.7" HPOS="4880" VPOS="2408" HEIGHT="84" WIDTH="376" STYLEREFS="Style_10" WC="1" CC="000000"/>
						<SP ID="SP_1.4.11.8" HPOS="5224" VPOS="2420" WIDTH="56"/>
						<String CONTENT="in" ID="St_1.4.11.9" HPOS="5312" VPOS="2404" HEIGHT="84" WIDTH="108" STYLEREFS="Style_10" WC="1" CC="00"/>
						<SP ID="SP_1.4.11.10" HPOS="5380" VPOS="2420" WIDTH="64"/>
						<String CONTENT="economics)" ID="St_1.4.11.11" HPOS="5476" VPOS="2388" HEIGHT="116" WIDTH="672" STYLEREFS="Style_10" WC="1" CC="0000000000"/>
					</TextLine>
					<TextLine ID="TL_1.4.12" HPOS="3728" VPOS="2512" HEIGHT="116" WIDTH="2612">
						<String CONTENT="&#169;" ID="St_1.4.12.1" HPOS="3728" VPOS="2536" HEIGHT="84" WIDTH="84" STYLEREFS="Style_10" WC="0.444444444444444" CC="5"/>
						<SP ID="SP_1.4.12.2" HPOS="3768" VPOS="2536" WIDTH="72"/>
						<String CONTENT="Richard" ID="St_1.4.12.3" HPOS="3872" VPOS="2528" HEIGHT="92" WIDTH="480" STYLEREFS="Style_10" WC="0.937777777777778" CC="0000000"/>
						<SP ID="SP_1.4.12.4" HPOS="4312" VPOS="2536" WIDTH="60"/>
						<String CONTENT="D." ID="St_1.4.12.5" HPOS="4400" VPOS="2528" HEIGHT="96" WIDTH="124" STYLEREFS="Style_10" WC="0.953333333333333" CC="00"/>
						<SP ID="SP_1.4.12.6" HPOS="4504" VPOS="2568" WIDTH="44"/>
						<String CONTENT="Irwin," ID="St_1.4.12.7" HPOS="4580" VPOS="2528" HEIGHT="100" WIDTH="352" STYLEREFS="Style_10" WC="0.97" CC="000000"/>
						<SP ID="SP_1.4.12.8" HPOS="4908" VPOS="2564" WIDTH="52"/>
						<String CONTENT="i" ID="St_1.4.12.9" HPOS="4996" VPOS="2528" HEIGHT="80" WIDTH="32" STYLEREFS="Style_10" WC="0.973333333333333" CC="0"/>
						<String CONTENT="n" ID="St_1.4.12.10" HPOS="5032" VPOS="2552" HEIGHT="56" WIDTH="64" STYLEREFS="Style_10" WC="0.974444444444444" CC="0"/>
						<String CONTENT="c" ID="St_1.4.12.11" HPOS="5108" VPOS="2552" HEIGHT="56" WIDTH="52" STYLEREFS="Style_10" WC="0.975555555555556" CC="0"/>
						<String CONTENT=".," ID="St_1.4.12.12" HPOS="5184" VPOS="2584" HEIGHT="40" WIDTH="64" STYLEREFS="Style_10" WC="0.977777777777778" CC="00"/>
						<SP ID="SP_1.4.12.13" HPOS="5228" VPOS="2564" WIDTH="48"/>
						<String CONTENT="Chicago;" ID="St_1.4.12.14" HPOS="5312" VPOS="2520" HEIGHT="104" WIDTH="520" STYLEREFS="Style_10" WC="0.983333333333333" CC="00000000"/>
						<SP ID="SP_1.4.12.15" HPOS="5808" VPOS="2540" WIDTH="52"/>
						<String CONTENT="2Jan51;" ID="St_1.4.12.16" HPOS="5892" VPOS="2512" HEIGHT="104" WIDTH="448" STYLEREFS="Style_10" WC="0.986666666666667" CC="0000000"/>
					</TextLine>
					<TextLine ID="TL_1.4.13" HPOS="3752" VPOS="2652" HEIGHT="104" WIDTH="484">
						<String CONTENT="A" ID="St_1.4.13.1" HPOS="3752" VPOS="2652" HEIGHT="88" WIDTH="88" STYLEREFS="Style_10" WC="0.888888888888889" CC="1"/>
						<String CONTENT="5" ID="St_1.4.13.2" HPOS="3856" VPOS="2656" HEIGHT="84" WIDTH="48" STYLEREFS="Style_10" WC="0.777777777777778" CC="3"/>
						<String CONTENT="1527." ID="St_1.4.13.3" HPOS="3932" VPOS="2656" HEIGHT="100" WIDTH="304" STYLEREFS="Style_10" WC="0.935555555555556" CC="00000"/>
					</TextLine>
					<TextLine ID="TL_1.4.14" HPOS="3564" VPOS="2904" HEIGHT="104" WIDTH="1576">
						<String CONTENT="MEYERS," ID="St_1.4.14.1" HPOS="3564" VPOS="2908" HEIGHT="96" WIDTH="572" STYLEREFS="Style_10" WC="1" CC="0000000"/>
						<SP ID="SP_1.4.14.2" HPOS="4120" VPOS="2936" WIDTH="44"/>
						<String CONTENT="ROBERT," ID="St_1.4.14.3" HPOS="4200" VPOS="2904" HEIGHT="104" WIDTH="572" STYLEREFS="Style_10" WC="1" CC="0000000"/>
						<SP ID="SP_1.4.14.4" HPOS="4752" VPOS="2936" WIDTH="52"/>
						<String CONTENT="ill" ID="St_1.4.14.5" HPOS="4848" VPOS="2908" HEIGHT="80" WIDTH="120" STYLEREFS="Style_10" WC="0.97" CC="113"/>
						<String CONTENT="u" ID="St_1.4.14.6" HPOS="4976" VPOS="2936" HEIGHT="52" WIDTH="60" STYLEREFS="Style_10" WC="0.955555555555556" CC="3"/>
						<String CONTENT="s." ID="St_1.4.14.7" HPOS="5048" VPOS="2932" HEIGHT="60" WIDTH="92" STYLEREFS="Style_10" WC="0.948888888888889" CC="11"/>
					</TextLine>
					<TextLine ID="TL_1.4.15" HPOS="3656" VPOS="3024" HEIGHT="104" WIDTH="2372">
						<String CONTENT="The" ID="St_1.4.15.1" HPOS="3656" VPOS="3028" HEIGHT="80" WIDTH="216" STYLEREFS="Style_10" WC="1" CC="000"/>
						<SP ID="SP_1.4.15.2" HPOS="3840" VPOS="3036" WIDTH="56"/>
						<String CONTENT="base-stealer." ID="St_1.4.15.3" HPOS="3928" VPOS="3028" HEIGHT="88" WIDTH="804" STYLEREFS="Style_10" WC="1" CC="0000000000000"/>
						<SP ID="SP_1.4.15.4" HPOS="4716" VPOS="3056" WIDTH="88"/>
						<String CONTENT="SEE" ID="St_1.4.15.5" HPOS="4884" VPOS="3028" HEIGHT="84" WIDTH="236" STYLEREFS="Style_10" WC="1" CC="000"/>
						<SP ID="SP_1.4.15.6" HPOS="5072" VPOS="3024" WIDTH="76"/>
						<String CONTENT="Bonner," ID="St_1.4.15.7" HPOS="5184" VPOS="3032" HEIGHT="96" WIDTH="456" STYLEREFS="Style_10" WC="1" CC="0000000"/>
						<SP ID="SP_1.4.15.8" HPOS="5620" VPOS="3056" WIDTH="48"/>
						<String CONTENT="M." ID="St_1.4.15.9" HPOS="5708" VPOS="3032" HEIGHT="84" WIDTH="140" STYLEREFS="Style_10" WC="1" CC="00"/>
						<SP ID="SP_1.4.15.10" HPOS="5832" VPOS="3056" WIDTH="40"/>
						<String CONTENT="G." ID="St_1.4.15.11" HPOS="5912" VPOS="3032" HEIGHT="80" WIDTH="116" STYLEREFS="Style_10" WC="1" CC="00"/>
					</TextLine>
					<TextLine ID="TL_1.4.16" HPOS="3576" VPOS="3276" HEIGHT="104" WIDTH="1156">
						<String CONTENT="MG" ID="St_1.4.16.1" HPOS="3576" VPOS="3280" HEIGHT="84" WIDTH="196" STYLEREFS="Style_10" WC="1" CC="00"/>
						<String CONTENT="OO" ID="St_1.4.16.2" HPOS="3780" VPOS="3280" HEIGHT="84" WIDTH="172" STYLEREFS="Style_10" WC="1" CC="00"/>
						<String CONTENT="NT," ID="St_1.4.16.3" HPOS="3960" VPOS="3280" HEIGHT="100" WIDTH="212" STYLEREFS="Style_10" WC="1" CC="000"/>
						<SP ID="SP_1.4.16.4" HPOS="4152" VPOS="3312" WIDTH="48"/>
						<String CONTENT="DIKRAN" ID="St_1.4.16.5" HPOS="4240" VPOS="3276" HEIGHT="84" WIDTH="492" STYLEREFS="Style_10" WC="0.952222222222222" CC="033000"/>
					</TextLine>
					<TextLine ID="TL_1.4.17" HPOS="3668" VPOS="3400" HEIGHT="108" WIDTH="1168">
						<String CONTENT="SEE" ID="St_1.4.17.1" HPOS="3668" VPOS="3404" HEIGHT="80" WIDTH="236" STYLEREFS="Style_10" WC="1" CC="000"/>
						<SP ID="SP_1.4.17.2" HPOS="3864" VPOS="3400" WIDTH="72"/>
						<String CONTENT="Spear," ID="St_1.4.17.3" HPOS="3972" VPOS="3400" HEIGHT="108" WIDTH="360" STYLEREFS="Style_10" WC="1" CC="000000"/>
						<SP ID="SP_1.4.17.4" HPOS="4316" VPOS="3432" WIDTH="44"/>
						<String CONTENT="Dikran." ID="St_1.4.17.5" HPOS="4396" VPOS="3400" HEIGHT="84" WIDTH="440" STYLEREFS="Style_10" WC="1" CC="0000000"/>
					</TextLine>
					<TextLine ID="TL_1.4.18" HPOS="3572" VPOS="3620" HEIGHT="104" WIDTH="1852">
						<String CONTENT="MIALL," ID="St_1.4.18.1" HPOS="3572" VPOS="3624" HEIGHT="100" WIDTH="476" STYLEREFS="Style_10" WC="0.925555555555556" CC="000400"/>
						<SP ID="SP_1.4.18.2" HPOS="4028" VPOS="3656" WIDTH="48"/>
						<String CONTENT="AGNES" ID="St_1.4.18.3" HPOS="4104" VPOS="3624" HEIGHT="84" WIDTH="432" STYLEREFS="Style_10" WC="0.962222222222222" CC="00000"/>
						<SP ID="SP_1.4.18.4" HPOS="4500" VPOS="3620" WIDTH="60"/>
						<String CONTENT="MACKENZIE." ID="St_1.4.18.5" HPOS="4588" VPOS="3620" HEIGHT="92" WIDTH="836" STYLEREFS="Style_10" WC="0.98" CC="0000000000"/>
					</TextLine>
					<TextLine ID="TL_1.4.19" HPOS="3672" VPOS="3740" HEIGHT="112" WIDTH="2488">
						<String CONTENT="Complete" ID="St_1.4.19.1" HPOS="3672" VPOS="3748" HEIGHT="104" WIDTH="564" STYLEREFS="Style_10" WC="1" CC="00000000"/>
						<SP ID="SP_1.4.19.2" HPOS="4204" VPOS="3760" WIDTH="60"/>
						<String CONTENT="fortune" ID="St_1.4.19.3" HPOS="4292" VPOS="3748" HEIGHT="84" WIDTH="424" STYLEREFS="Style_10" WC="1" CC="0000000"/>
						<SP ID="SP_1.4.19.4" HPOS="4684" VPOS="3760" WIDTH="56"/>
						<String CONTENT="telling." ID="St_1.4.19.5" HPOS="4768" VPOS="3748" HEIGHT="104" WIDTH="424" STYLEREFS="Style_10" WC="1" CC="00000000"/>
						<SP ID="SP_1.4.19.6" HPOS="5176" VPOS="3780" WIDTH="92"/>
						<String CONTENT="334" ID="St_1.4.19.7" HPOS="5348" VPOS="3744" HEIGHT="84" WIDTH="192" STYLEREFS="Style_10" WC="1" CC="000"/>
						<SP ID="SP_1.4.19.8" HPOS="5504" VPOS="3744" WIDTH="64"/>
						<String CONTENT="p." ID="St_1.4.19.9" HPOS="5600" VPOS="3768" HEIGHT="76" WIDTH="96" STYLEREFS="Style_10" WC="1" CC="00"/>
						<SP ID="SP_1.4.19.10" HPOS="5680" VPOS="3776" WIDTH="92"/>
						<String CONTENT="ill" ID="St_1.4.19.11" HPOS="5856" VPOS="3740" HEIGHT="84" WIDTH="124" STYLEREFS="Style_10" WC="0.977777777777778" CC="133"/>
						<String CONTENT="us." ID="St_1.4.19.12" HPOS="5988" VPOS="3764" HEIGHT="64" WIDTH="172" STYLEREFS="Style_10" WC="0.965555555555556" CC="311"/>
					</TextLine>
					<TextLine ID="TL_1.4.20" HPOS="3752" VPOS="3864" HEIGHT="108" WIDTH="2104">
						<String CONTENT="&#169;" ID="St_1.4.20.1" HPOS="3752" VPOS="3868" HEIGHT="92" WIDTH="88" STYLEREFS="Style_10" WC="0.222222222222222" CC="7"/>
						<SP ID="SP_1.4.20.2" HPOS="3792" VPOS="3872" WIDTH="76"/>
						<String CONTENT="C." ID="St_1.4.20.3" HPOS="3904" VPOS="3868" HEIGHT="92" WIDTH="124" STYLEREFS="Style_10" WC="0.805555555555556" CC="00"/>
						<SP ID="SP_1.4.20.4" HPOS="4016" VPOS="3908" WIDTH="40"/>
						<String CONTENT="Arthur" ID="St_1.4.20.5" HPOS="4084" VPOS="3864" HEIGHT="92" WIDTH="400" STYLEREFS="Style_10" WC="0.928888888888889" CC="000000"/>
						<SP ID="SP_1.4.20.6" HPOS="4452" VPOS="3884" WIDTH="60"/>
						<String CONTENT="Pearson" ID="St_1.4.20.7" HPOS="4544" VPOS="3868" HEIGHT="84" WIDTH="492" STYLEREFS="Style_10" WC="0.958888888888889" CC="0000000"/>
						<SP ID="SP_1.4.20.8" HPOS="5000" VPOS="3884" WIDTH="60"/>
						<String CONTENT="lt" ID="St_1.4.20.9" HPOS="5064" VPOS="3868" HEIGHT="104" WIDTH="108" STYLEREFS="Style_10" WC="0.944444444444444" CC="04"/>
						<String CONTENT="d.," ID="St_1.4.20.10" HPOS="5188" VPOS="3868" HEIGHT="96" WIDTH="140" STYLEREFS="Style_10" WC="0.951111111111111" CC="000"/>
						<SP ID="SP_1.4.20.11" HPOS="5308" VPOS="3900" WIDTH="52"/>
						<String CONTENT="London;" ID="St_1.4.20.12" HPOS="5396" VPOS="3864" HEIGHT="100" WIDTH="460" STYLEREFS="Style_10" WC="0.962222222222222" CC="0000000"/>
					</TextLine>
					<TextLine ID="TL_1.4.21" HPOS="3764" VPOS="3988" HEIGHT="104" WIDTH="1972">
						<String CONTENT="30Nov50;" ID="St_1.4.21.1" HPOS="3764" VPOS="3992" HEIGHT="100" WIDTH="536" STYLEREFS="Style_10" WC="1" CC="00000000"/>
						<SP ID="SP_1.4.21.2" HPOS="4284" VPOS="4012" WIDTH="44"/>
						<String CONTENT="2c" ID="St_1.4.21.3" HPOS="4364" VPOS="3992" HEIGHT="84" WIDTH="116" STYLEREFS="Style_10" WC="1" CC="00"/>
						<SP ID="SP_1.4.21.4" HPOS="4448" VPOS="4008" WIDTH="60"/>
						<String CONTENT="16Mar51;" ID="St_1.4.21.5" HPOS="4548" VPOS="3988" HEIGHT="100" WIDTH="548" STYLEREFS="Style_10" WC="1" CC="00000000"/>
						<SP ID="SP_1.4.21.6" HPOS="5080" VPOS="4012" WIDTH="44"/>
						<String CONTENT="AI" ID="St_1.4.21.7" HPOS="5160" VPOS="3988" HEIGHT="84" WIDTH="132" STYLEREFS="Style_10" WC="0.98" CC="04"/>
						<String CONTENT="0" ID="St_1.4.21.8" HPOS="5312" VPOS="3996" HEIGHT="80" WIDTH="60" STYLEREFS="Style_10" WC="0.957777777777778" CC="5"/>
						<String CONTENT="-1040." ID="St_1.4.21.9" HPOS="5376" VPOS="3988" HEIGHT="88" WIDTH="360" STYLEREFS="Style_10" WC="0.951111111111111" CC="000004"/>
					</TextLine>
					<TextLine ID="TL_1.4.22" HPOS="3572" VPOS="4192" HEIGHT="104" WIDTH="1400">
						<String CONTENT="MIALL," ID="St_1.4.22.1" HPOS="3572" VPOS="4192" HEIGHT="104" WIDTH="468" STYLEREFS="Style_10" WC="1" CC="000000"/>
						<SP ID="SP_1.4.22.2" HPOS="4020" VPOS="4224" WIDTH="48"/>
						<String CONTENT="BERNARD," ID="St_1.4.22.3" HPOS="4104" VPOS="4192" HEIGHT="104" WIDTH="660" STYLEREFS="Style_10" WC="1" CC="00000000"/>
						<SP ID="SP_1.4.22.4" HPOS="4748" VPOS="4224" WIDTH="44"/>
						<String CONTENT="tr." ID="St_1.4.22.5" HPOS="4824" VPOS="4200" HEIGHT="80" WIDTH="148" STYLEREFS="Style_10" WC="1" CC="000"/>
					</TextLine>
					<TextLine ID="TL_1.4.23" HPOS="3664" VPOS="4316" HEIGHT="104" WIDTH="2168">
						<String CONTENT="Dogma" ID="St_1.4.23.1" HPOS="3664" VPOS="4316" HEIGHT="104" WIDTH="408" STYLEREFS="Style_10" WC="1" CC="00000"/>
						<SP ID="SP_1.4.23.2" HPOS="4036" VPOS="4324" WIDTH="56"/>
						<String CONTENT="and" ID="St_1.4.23.3" HPOS="4120" VPOS="4316" HEIGHT="80" WIDTH="204" STYLEREFS="Style_10" WC="1" CC="000"/>
						<SP ID="SP_1.4.23.4" HPOS="4288" VPOS="4316" WIDTH="60"/>
						<String CONTENT="compulsion." ID="St_1.4.23.5" HPOS="4380" VPOS="4320" HEIGHT="100" WIDTH="704" STYLEREFS="Style_10" WC="1" CC="00000000000"/>
						<SP ID="SP_1.4.23.6" HPOS="5068" VPOS="4348" WIDTH="92"/>
						<String CONTENT="SEE" ID="St_1.4.23.7" HPOS="5240" VPOS="4320" HEIGHT="80" WIDTH="240" STYLEREFS="Style_10" WC="1" CC="000"/>
						<SP ID="SP_1.4.23.8" HPOS="5436" VPOS="4320" WIDTH="68"/>
						<String CONTENT="Reik," ID="St_1.4.23.9" HPOS="5532" VPOS="4320" HEIGHT="84" WIDTH="300" STYLEREFS="Style_10" WC="0.985555555555556" CC="00004"/>
					</TextLine>
					<TextLine ID="TL_1.4.24" HPOS="3760" VPOS="4440" HEIGHT="88" WIDTH="532">
						<String CONTENT="Theodor." ID="St_1.4.24.1" HPOS="3760" VPOS="4440" HEIGHT="88" WIDTH="532" STYLEREFS="Style_10" WC="1" CC="00000000"/>
					</TextLine>
					<TextLine ID="TL_1.4.25" HPOS="3592" VPOS="4656" HEIGHT="100" WIDTH="1388">
						<String CONTENT="MIALL," ID="St_1.4.25.1" HPOS="3592" VPOS="4656" HEIGHT="100" WIDTH="456" STYLEREFS="Style_10" WC="1" CC="000000"/>
						<SP ID="SP_1.4.25.2" HPOS="4032" VPOS="4684" WIDTH="48"/>
						<String CONTENT="BERNARD," ID="St_1.4.25.3" HPOS="4116" VPOS="4660" HEIGHT="96" WIDTH="660" STYLEREFS="Style_10" WC="1" CC="00000000"/>
						<SP ID="SP_1.4.25.4" HPOS="4756" VPOS="4684" WIDTH="48"/>
						<String CONTENT="tr." ID="St_1.4.25.5" HPOS="4836" VPOS="4660" HEIGHT="84" WIDTH="144" STYLEREFS="Style_10" WC="0.964444444444444" CC="411"/>
					</TextLine>
					<TextLine ID="TL_1.4.26" HPOS="3676" VPOS="4772" HEIGHT="112" WIDTH="2088">
						<String CONTENT="General" ID="St_1.4.26.1" HPOS="3676" VPOS="4776" HEIGHT="84" WIDTH="472" STYLEREFS="Style_10" WC="1" CC="0000000"/>
						<SP ID="SP_1.4.26.2" HPOS="4128" VPOS="4772" WIDTH="40"/>
						<String CONTENT="theory" ID="St_1.4.26.3" HPOS="4196" VPOS="4780" HEIGHT="104" WIDTH="380" STYLEREFS="Style_10" WC="1" CC="000000"/>
						<SP ID="SP_1.4.26.4" HPOS="4544" VPOS="4784" WIDTH="60"/>
						<String CONTENT="of" ID="St_1.4.26.5" HPOS="4636" VPOS="4780" HEIGHT="76" WIDTH="108" STYLEREFS="Style_10" WC="1" CC="00"/>
						<SP ID="SP_1.4.26.6" HPOS="4716" VPOS="4772" WIDTH="48"/>
						<String CONTENT="neuroses." ID="St_1.4.26.7" HPOS="4792" VPOS="4804" HEIGHT="64" WIDTH="580" STYLEREFS="Style_10" WC="1" CC="000000000"/>
						<SP ID="SP_1.4.26.8" HPOS="5356" VPOS="4804" WIDTH="88"/>
						<String CONTENT="SEE" ID="St_1.4.26.9" HPOS="5524" VPOS="4780" HEIGHT="80" WIDTH="240" STYLEREFS="Style_10" WC="1" CC="000"/>
					</TextLine>
					<TextLine ID="TL_1.4.27" HPOS="3768" VPOS="4900" HEIGHT="96" WIDTH="804">
						<String CONTENT="Brun," ID="St_1.4.27.1" HPOS="3768" VPOS="4904" HEIGHT="92" WIDTH="324" STYLEREFS="Style_10" WC="0.911111111111111" CC="40000"/>
						<SP ID="SP_1.4.27.2" HPOS="4076" VPOS="4932" WIDTH="44"/>
						<String CONTENT="Rudolf." ID="St_1.4.27.3" HPOS="4156" VPOS="4900" HEIGHT="88" WIDTH="416" STYLEREFS="Style_10" WC="0.965555555555556" CC="0000000"/>
					</TextLine>
					<TextLine ID="TL_1.4.28" HPOS="3588" VPOS="5160" HEIGHT="100" WIDTH="2668">
						<String CONTENT="MIAMI" ID="St_1.4.28.1" HPOS="3588" VPOS="5160" HEIGHT="84" WIDTH="404" STYLEREFS="Style_10" WC="1" CC="00000"/>
						<SP ID="SP_1.4.28.2" HPOS="3968" VPOS="5160" WIDTH="48"/>
						<String CONTENT="BEACH," ID="St_1.4.28.3" HPOS="4048" VPOS="5160" HEIGHT="100" WIDTH="484" STYLEREFS="Style_10" WC="1" CC="000000"/>
						<SP ID="SP_1.4.28.4" HPOS="4512" VPOS="5192" WIDTH="48"/>
						<String CONTENT="FLA." ID="St_1.4.28.5" HPOS="4600" VPOS="5160" HEIGHT="96" WIDTH="304" STYLEREFS="Style_10" WC="1" CC="0000"/>
						<SP ID="SP_1.4.28.6" HPOS="4888" VPOS="5192" WIDTH="60"/>
						<String CONTENT="ORD" ID="St_1.4.28.7" HPOS="5004" VPOS="5160" HEIGHT="84" WIDTH="280" STYLEREFS="Style_10" WC="1" CC="000"/>
						<String CONTENT="I" ID="St_1.4.28.8" HPOS="5284" VPOS="5164" HEIGHT="80" WIDTH="40" STYLEREFS="Style_10" WC="0.978888888888889" CC="4"/>
						<String CONTENT="NANCES," ID="St_1.4.28.9" HPOS="5328" VPOS="5160" HEIGHT="100" WIDTH="560" STYLEREFS="Style_10" WC="0.984444444444444" CC="0000000"/>
						<SP ID="SP_1.4.28.10" HPOS="5868" VPOS="5188" WIDTH="48"/>
						<String CONTENT="ETC." ID="St_1.4.28.11" HPOS="5956" VPOS="5160" HEIGHT="88" WIDTH="300" STYLEREFS="Style_10" WC="0.986666666666667" CC="0000"/>
					</TextLine>
					<TextLine ID="TL_1.4.29" HPOS="3664" VPOS="5276" HEIGHT="116" WIDTH="2268">
						<String CONTENT="The" ID="St_1.4.29.1" HPOS="3664" VPOS="5284" HEIGHT="80" WIDTH="212" STYLEREFS="Style_10" WC="1" CC="000"/>
						<SP ID="SP_1.4.29.2" HPOS="3844" VPOS="5288" WIDTH="60"/>
						<String CONTENT="Code" ID="St_1.4.29.3" HPOS="3940" VPOS="5284" HEIGHT="80" WIDTH="280" STYLEREFS="Style_10" WC="1" CC="0000"/>
						<SP ID="SP_1.4.29.4" HPOS="4188" VPOS="5288" WIDTH="60"/>
						<String CONTENT="of" ID="St_1.4.29.5" HPOS="4284" VPOS="5284" HEIGHT="80" WIDTH="104" STYLEREFS="Style_10" WC="1" CC="00"/>
						<SP ID="SP_1.4.29.6" HPOS="4360" VPOS="5276" WIDTH="48"/>
						<String CONTENT="the" ID="St_1.4.29.7" HPOS="4432" VPOS="5284" HEIGHT="84" WIDTH="176" STYLEREFS="Style_10" WC="1" CC="000"/>
						<SP ID="SP_1.4.29.8" HPOS="4576" VPOS="5288" WIDTH="60"/>
						<String CONTENT="city" ID="St_1.4.29.9" HPOS="4668" VPOS="5284" HEIGHT="108" WIDTH="224" STYLEREFS="Style_10" WC="1" CC="0000"/>
						<SP ID="SP_1.4.29.10" HPOS="4852" VPOS="5288" WIDTH="64"/>
						<String CONTENT="of" ID="St_1.4.29.11" HPOS="4944" VPOS="5284" HEIGHT="80" WIDTH="108" STYLEREFS="Style_10" WC="1" CC="00"/>
						<SP ID="SP_1.4.29.12" HPOS="5024" VPOS="5276" WIDTH="48"/>
						<String CONTENT="Miami" ID="St_1.4.29.13" HPOS="5100" VPOS="5280" HEIGHT="84" WIDTH="384" STYLEREFS="Style_10" WC="1" CC="00000"/>
						<SP ID="SP_1.4.29.14" HPOS="5460" VPOS="5276" WIDTH="44"/>
						<String CONTENT="Beach," ID="St_1.4.29.15" HPOS="5532" VPOS="5280" HEIGHT="100" WIDTH="400" STYLEREFS="Style_10" WC="1" CC="000000"/>
					</TextLine>
					<TextLine ID="TL_1.4.30" HPOS="3776" VPOS="5404" HEIGHT="100" WIDTH="2464">
						<String CONTENT="Florida," ID="St_1.4.30.1" HPOS="3776" VPOS="5404" HEIGHT="100" WIDTH="484" STYLEREFS="Style_10" WC="1" CC="00000000"/>
						<SP ID="SP_1.4.30.2" HPOS="4244" VPOS="5436" WIDTH="48"/>
						<String CONTENT="1950." ID="St_1.4.30.3" HPOS="4332" VPOS="5404" HEIGHT="96" WIDTH="300" STYLEREFS="Style_10" WC="1" CC="00000"/>
						<SP ID="SP_1.4.30.4" HPOS="4616" VPOS="5436" WIDTH="68"/>
						<String CONTENT="The" ID="St_1.4.30.5" HPOS="4740" VPOS="5404" HEIGHT="88" WIDTH="212" STYLEREFS="Style_10" WC="1" CC="000"/>
						<SP ID="SP_1.4.30.6" HPOS="4916" VPOS="5416" WIDTH="64"/>
						<String CONTENT="Charter," ID="St_1.4.30.7" HPOS="5012" VPOS="5404" HEIGHT="96" WIDTH="508" STYLEREFS="Style_10" WC="1" CC="00000000"/>
						<SP ID="SP_1.4.30.8" HPOS="5504" VPOS="5432" WIDTH="44"/>
						<String CONTENT="the" ID="St_1.4.30.9" HPOS="5580" VPOS="5404" HEIGHT="84" WIDTH="176" STYLEREFS="Style_10" WC="1" CC="000"/>
						<SP ID="SP_1.4.30.10" HPOS="5720" VPOS="5412" WIDTH="64"/>
						<String CONTENT="related" ID="St_1.4.30.11" HPOS="5816" VPOS="5404" HEIGHT="84" WIDTH="424" STYLEREFS="Style_10" WC="1" CC="0000000"/>
					</TextLine>
					<TextLine ID="TL_1.4.31" HPOS="3768" VPOS="5524" HEIGHT="116" WIDTH="2404">
						<String CONTENT="laws," ID="St_1.4.31.1" HPOS="3768" VPOS="5528" HEIGHT="100" WIDTH="308" STYLEREFS="Style_10" WC="1" CC="00000"/>
						<SP ID="SP_1.4.31.2" HPOS="4056" VPOS="5556" WIDTH="52"/>
						<String CONTENT="and" ID="St_1.4.31.3" HPOS="4144" VPOS="5528" HEIGHT="88" WIDTH="200" STYLEREFS="Style_10" WC="1" CC="000"/>
						<SP ID="SP_1.4.31.4" HPOS="4308" VPOS="5524" WIDTH="56"/>
						<String CONTENT="the" ID="St_1.4.31.5" HPOS="4388" VPOS="5528" HEIGHT="88" WIDTH="176" STYLEREFS="Style_10" WC="1" CC="000"/>
						<SP ID="SP_1.4.31.6" HPOS="4532" VPOS="5536" WIDTH="56"/>
						<String CONTENT="general" ID="St_1.4.31.7" HPOS="4620" VPOS="5528" HEIGHT="112" WIDTH="452" STYLEREFS="Style_10" WC="0.946666666666667" CC="0041140"/>
						<SP ID="SP_1.4.31.8" HPOS="5048" VPOS="5524" WIDTH="48"/>
						<String CONTENT="ordinances" ID="St_1.4.31.9" HPOS="5128" VPOS="5528" HEIGHT="88" WIDTH="648" STYLEREFS="Style_10" WC="0.964444444444444" CC="0000000000"/>
						<SP ID="SP_1.4.31.10" HPOS="5744" VPOS="5536" WIDTH="60"/>
						<String CONTENT="of" ID="St_1.4.31.11" HPOS="5836" VPOS="5524" HEIGHT="88" WIDTH="112" STYLEREFS="Style_10" WC="0.967777777777778" CC="00"/>
						<SP ID="SP_1.4.31.12" HPOS="5920" VPOS="5524" WIDTH="44"/>
						<String CONTENT="the" ID="St_1.4.31.13" HPOS="5992" VPOS="5528" HEIGHT="84" WIDTH="180" STYLEREFS="Style_10" WC="0.971111111111111" CC="000"/>
					</TextLine>
					<TextLine ID="TL_1.4.32" HPOS="3772" VPOS="5644" HEIGHT="116" WIDTH="2388">
						<String CONTENT="city," ID="St_1.4.32.1" HPOS="3772" VPOS="5652" HEIGHT="108" WIDTH="260" STYLEREFS="Style_10" WC="1" CC="00000"/>
						<SP ID="SP_1.4.32.2" HPOS="4012" VPOS="5676" WIDTH="52"/>
						<String CONTENT="enacted" ID="St_1.4.32.3" HPOS="4100" VPOS="5652" HEIGHT="84" WIDTH="448" STYLEREFS="Style_10" WC="1" CC="0000000"/>
						<SP ID="SP_1.4.32.4" HPOS="4512" VPOS="5648" WIDTH="56"/>
						<String CONTENT="as" ID="St_1.4.32.5" HPOS="4596" VPOS="5676" HEIGHT="60" WIDTH="128" STYLEREFS="Style_10" WC="1" CC="00"/>
						<SP ID="SP_1.4.32.6" HPOS="4692" VPOS="5660" WIDTH="60"/>
						<String CONTENT="a" ID="St_1.4.32.7" HPOS="4788" VPOS="5676" HEIGHT="60" WIDTH="56" STYLEREFS="Style_10" WC="1" CC="0"/>
						<SP ID="SP_1.4.32.8" HPOS="4808" VPOS="5660" WIDTH="56"/>
						<String CONTENT="whole," ID="St_1.4.32.9" HPOS="4896" VPOS="5652" HEIGHT="96" WIDTH="368" STYLEREFS="Style_10" WC="1" CC="000000"/>
						<SP ID="SP_1.4.32.10" HPOS="5244" VPOS="5676" WIDTH="48"/>
						<String CONTENT="April" ID="St_1.4.32.11" HPOS="5328" VPOS="5644" HEIGHT="112" WIDTH="316" STYLEREFS="Style_10" WC="1" CC="00000"/>
						<SP ID="SP_1.4.32.12" HPOS="5620" VPOS="5644" WIDTH="48"/>
						<String CONTENT="4," ID="St_1.4.32.13" HPOS="5700" VPOS="5648" HEIGHT="100" WIDTH="96" STYLEREFS="Style_10" WC="1" CC="00"/>
						<SP ID="SP_1.4.32.14" HPOS="5776" VPOS="5676" WIDTH="52"/>
						<String CONTENT="1951," ID="St_1.4.32.15" HPOS="5868" VPOS="5644" HEIGHT="88" WIDTH="292" STYLEREFS="Style_10" WC="0.988888888888889" CC="00004"/>
					</TextLine>
					<TextLine ID="TL_1.4.33" HPOS="3772" VPOS="5764" HEIGHT="112" WIDTH="2608">
						<String CONTENT="effective" ID="St_1.4.33.1" HPOS="3772" VPOS="5772" HEIGHT="84" WIDTH="520" STYLEREFS="Style_10" WC="1" CC="000000000"/>
						<SP ID="SP_1.4.33.2" HPOS="4260" VPOS="5780" WIDTH="56"/>
						<String CONTENT="June" ID="St_1.4.33.3" HPOS="4344" VPOS="5776" HEIGHT="80" WIDTH="268" STYLEREFS="Style_10" WC="1" CC="0000"/>
						<SP ID="SP_1.4.33.4" HPOS="4576" VPOS="5780" WIDTH="64"/>
						<String CONTENT="1," ID="St_1.4.33.5" HPOS="4680" VPOS="5776" HEIGHT="96" WIDTH="84" STYLEREFS="Style_10" WC="1" CC="00"/>
						<SP ID="SP_1.4.33.6" HPOS="4744" VPOS="5800" WIDTH="52"/>
						<String CONTENT="1951." ID="St_1.4.33.7" HPOS="4836" VPOS="5772" HEIGHT="88" WIDTH="300" STYLEREFS="Style_10" WC="1" CC="00000"/>
						<SP ID="SP_1.4.33.8" HPOS="5120" VPOS="5804" WIDTH="64"/>
						<String CONTENT="[The" ID="St_1.4.33.9" HPOS="5240" VPOS="5764" HEIGHT="112" WIDTH="264" STYLEREFS="Style_10" WC="1" CC="0000"/>
						<SP ID="SP_1.4.33.10" HPOS="5468" VPOS="5780" WIDTH="60"/>
						<String CONTENT="first" ID="St_1.4.33.11" HPOS="5560" VPOS="5768" HEIGHT="88" WIDTH="268" STYLEREFS="Style_10" WC="1" CC="00000"/>
						<SP ID="SP_1.4.33.12" HPOS="5804" VPOS="5772" WIDTH="48"/>
						<String CONTENT="revision" ID="St_1.4.33.13" HPOS="5884" VPOS="5768" HEIGHT="84" WIDTH="496" STYLEREFS="Style_10" WC="1" CC="00000000"/>
					</TextLine>
					<TextLine ID="TL_1.4.34" HPOS="3768" VPOS="5892" HEIGHT="112" WIDTH="2600">
						<String CONTENT="and" ID="St_1.4.34.1" HPOS="3768" VPOS="5900" HEIGHT="80" WIDTH="208" STYLEREFS="Style_10" WC="1" CC="000"/>
						<SP ID="SP_1.4.34.2" HPOS="3940" VPOS="5896" WIDTH="64"/>
						<String CONTENT="codification" ID="St_1.4.34.3" HPOS="4032" VPOS="5900" HEIGHT="80" WIDTH="700" STYLEREFS="Style_10" WC="1" CC="000000000000"/>
						<SP ID="SP_1.4.34.4" HPOS="4696" VPOS="5908" WIDTH="60"/>
						<String CONTENT="of" ID="St_1.4.34.5" HPOS="4788" VPOS="5896" HEIGHT="84" WIDTH="108" STYLEREFS="Style_10" WC="1" CC="00"/>
						<SP ID="SP_1.4.34.6" HPOS="4868" VPOS="5892" WIDTH="48"/>
						<String CONTENT="the" ID="St_1.4.34.7" HPOS="4944" VPOS="5896" HEIGHT="84" WIDTH="168" STYLEREFS="Style_10" WC="1" CC="000"/>
						<SP ID="SP_1.4.34.8" HPOS="5076" VPOS="5904" WIDTH="64"/>
						<String CONTENT="general" ID="St_1.4.34.9" HPOS="5172" VPOS="5896" HEIGHT="108" WIDTH="452" STYLEREFS="Style_10" WC="1" CC="0000000"/>
						<SP ID="SP_1.4.34.10" HPOS="5600" VPOS="5892" WIDTH="48"/>
						<String CONTENT="ordinances;" ID="St_1.4.34.11" HPOS="5676" VPOS="5896" HEIGHT="96" WIDTH="692" STYLEREFS="Style_10" WC="1" CC="00000000000"/>
					</TextLine>
					<TextLine ID="TL_1.4.35" HPOS="3772" VPOS="6016" HEIGHT="112" WIDTH="2400">
						<String CONTENT="codified," ID="St_1.4.35.1" HPOS="3772" VPOS="6020" HEIGHT="100" WIDTH="512" STYLEREFS="Style_10" WC="1" CC="000000000"/>
						<SP ID="SP_1.4.35.2" HPOS="4268" VPOS="6048" WIDTH="44"/>
						<String CONTENT="edited" ID="St_1.4.35.3" HPOS="4352" VPOS="6024" HEIGHT="80" WIDTH="356" STYLEREFS="Style_10" WC="1" CC="000000"/>
						<SP ID="SP_1.4.35.4" HPOS="4672" VPOS="6016" WIDTH="60"/>
						<String CONTENT="and" ID="St_1.4.35.5" HPOS="4764" VPOS="6024" HEIGHT="80" WIDTH="192" STYLEREFS="Style_10" WC="1" CC="000"/>
						<SP ID="SP_1.4.35.6" HPOS="4924" VPOS="6016" WIDTH="56"/>
						<String CONTENT="indexed" ID="St_1.4.35.7" HPOS="5012" VPOS="6020" HEIGHT="84" WIDTH="452" STYLEREFS="Style_10" WC="1" CC="0000000"/>
						<SP ID="SP_1.4.35.8" HPOS="5432" VPOS="6016" WIDTH="48"/>
						<String CONTENT="by" ID="St_1.4.35.9" HPOS="5504" VPOS="6020" HEIGHT="108" WIDTH="148" STYLEREFS="Style_10" WC="1" CC="00"/>
						<SP ID="SP_1.4.35.10" HPOS="5612" VPOS="6032" WIDTH="56"/>
						<String CONTENT="the" ID="St_1.4.35.11" HPOS="5696" VPOS="6020" HEIGHT="80" WIDTH="176" STYLEREFS="Style_10" WC="1" CC="000"/>
						<SP ID="SP_1.4.35.12" HPOS="5836" VPOS="6028" WIDTH="64"/>
						<String CONTENT="edi-" ID="St_1.4.35.13" HPOS="5932" VPOS="6016" HEIGHT="84" WIDTH="240" STYLEREFS="Style_10" WC="1" CC="0000"/>
					</TextLine>
					<TextLine ID="TL_1.4.36" HPOS="3764" VPOS="6140" HEIGHT="116" WIDTH="2384">
						<String CONTENT="torial" ID="St_1.4.36.1" HPOS="3764" VPOS="6144" HEIGHT="84" WIDTH="348" STYLEREFS="Style_10" WC="1" CC="000000"/>
						<SP ID="SP_1.4.36.2" HPOS="4088" VPOS="6140" WIDTH="52"/>
						<String CONTENT="staff" ID="St_1.4.36.3" HPOS="4168" VPOS="6144" HEIGHT="84" WIDTH="272" STYLEREFS="Style_10" WC="1" CC="00000"/>
						<SP ID="SP_1.4.36.4" HPOS="4412" VPOS="6140" WIDTH="52"/>
						<String CONTENT="of" ID="St_1.4.36.5" HPOS="4492" VPOS="6144" HEIGHT="88" WIDTH="104" STYLEREFS="Style_10" WC="1" CC="00"/>
						<SP ID="SP_1.4.36.6" HPOS="4568" VPOS="6140" WIDTH="48"/>
						<String CONTENT="Michie" ID="St_1.4.36.7" HPOS="4644" VPOS="6144" HEIGHT="88" WIDTH="404" STYLEREFS="Style_10" WC="1" CC="000000"/>
						<SP ID="SP_1.4.36.8" HPOS="5016" VPOS="6152" WIDTH="56"/>
						<String CONTENT="City" ID="St_1.4.36.9" HPOS="5104" VPOS="6144" HEIGHT="112" WIDTH="248" STYLEREFS="Style_10" WC="1" CC="0000"/>
						<SP ID="SP_1.4.36.10" HPOS="5312" VPOS="6156" WIDTH="60"/>
						<String CONTENT="Publications" ID="St_1.4.36.11" HPOS="5400" VPOS="6144" HEIGHT="84" WIDTH="748" STYLEREFS="Style_10" WC="1" CC="000000000000"/>
					</TextLine>
					<TextLine ID="TL_1.4.37" HPOS="3772" VPOS="6260" HEIGHT="116" WIDTH="2544">
						<String CONTENT="Company]" ID="St_1.4.37.1" HPOS="3772" VPOS="6264" HEIGHT="112" WIDTH="584" STYLEREFS="Style_10" WC="1" CC="00000000"/>
						<SP ID="SP_1.4.37.2" HPOS="4336" VPOS="6260" WIDTH="68"/>
						<String CONTENT="Published" ID="St_1.4.37.3" HPOS="4460" VPOS="6264" HEIGHT="88" WIDTH="588" STYLEREFS="Style_10" WC="1" CC="000000000"/>
						<SP ID="SP_1.4.37.4" HPOS="5016" VPOS="6264" WIDTH="52"/>
						<String CONTENT="by" ID="St_1.4.37.5" HPOS="5096" VPOS="6264" HEIGHT="112" WIDTH="144" STYLEREFS="Style_10" WC="1" CC="00"/>
						<SP ID="SP_1.4.37.6" HPOS="5196" VPOS="6276" WIDTH="64"/>
						<String CONTENT="order" ID="St_1.4.37.7" HPOS="5288" VPOS="6264" HEIGHT="88" WIDTH="332" STYLEREFS="Style_10" WC="1" CC="00000"/>
						<SP ID="SP_1.4.37.8" HPOS="5588" VPOS="6272" WIDTH="60"/>
						<String CONTENT="of" ID="St_1.4.37.9" HPOS="5680" VPOS="6264" HEIGHT="84" WIDTH="108" STYLEREFS="Style_10" WC="1" CC="00"/>
						<SP ID="SP_1.4.37.10" HPOS="5760" VPOS="6260" WIDTH="48"/>
						<String CONTENT="the" ID="St_1.4.37.11" HPOS="5836" VPOS="6264" HEIGHT="84" WIDTH="172" STYLEREFS="Style_10" WC="1" CC="000"/>
						<SP ID="SP_1.4.37.12" HPOS="5976" VPOS="6272" WIDTH="60"/>
						<String CONTENT="City" ID="St_1.4.37.13" HPOS="6068" VPOS="6264" HEIGHT="108" WIDTH="248" STYLEREFS="Style_10" WC="1" CC="0000"/>
					</TextLine>
					<TextLine ID="TL_1.4.38" HPOS="3784" VPOS="6388" HEIGHT="116" WIDTH="2524">
						<String CONTENT="Council." ID="St_1.4.38.1" HPOS="3784" VPOS="6400" HEIGHT="92" WIDTH="496" STYLEREFS="Style_10" WC="1" CC="00000000"/>
						<SP ID="SP_1.4.38.2" HPOS="4264" VPOS="6436" WIDTH="84"/>
						<String CONTENT="648" ID="St_1.4.38.3" HPOS="4428" VPOS="6400" HEIGHT="80" WIDTH="192" STYLEREFS="Style_10" WC="1" CC="000"/>
						<SP ID="SP_1.4.38.4" HPOS="4588" VPOS="6400" WIDTH="60"/>
						<String CONTENT="p." ID="St_1.4.38.5" HPOS="4680" VPOS="6424" HEIGHT="80" WIDTH="96" STYLEREFS="Style_10" WC="1" CC="00"/>
						<SP ID="SP_1.4.38.6" HPOS="4764" VPOS="6436" WIDTH="80"/>
						<String CONTENT="&#169;" ID="St_1.4.38.7" HPOS="4916" VPOS="6396" HEIGHT="80" WIDTH="84" STYLEREFS="Style_10" WC="0.966666666666667" CC="5"/>
						<SP ID="SP_1.4.38.8" HPOS="4956" VPOS="6396" WIDTH="80"/>
						<String CONTENT="on" ID="St_1.4.38.9" HPOS="5072" VPOS="6424" HEIGHT="56" WIDTH="124" STYLEREFS="Style_10" WC="0.972222222222222" CC="00"/>
						<SP ID="SP_1.4.38.10" HPOS="5160" VPOS="6412" WIDTH="60"/>
						<String CONTENT="revisions" ID="St_1.4.38.11" HPOS="5248" VPOS="6396" HEIGHT="84" WIDTH="564" STYLEREFS="Style_10" WC="0.981111111111111" CC="000000000"/>
						<SP ID="SP_1.4.38.12" HPOS="5780" VPOS="6408" WIDTH="52"/>
						<String CONTENT="&amp;" ID="St_1.4.38.13" HPOS="5864" VPOS="6388" HEIGHT="84" WIDTH="80" STYLEREFS="Style_10" WC="0.982222222222222" CC="0"/>
						<SP ID="SP_1.4.38.14" HPOS="5896" VPOS="6392" WIDTH="76"/>
						<String CONTENT="codi-" ID="St_1.4.38.15" HPOS="6008" VPOS="6392" HEIGHT="88" WIDTH="300" STYLEREFS="Style_10" WC="0.973333333333333" CC="00004"/>
					</TextLine>
					<TextLine ID="TL_1.4.39" HPOS="3780" VPOS="6512" HEIGHT="116" WIDTH="2348">
						<String CONTENT="fication;" ID="St_1.4.39.1" HPOS="3780" VPOS="6524" HEIGHT="96" WIDTH="496" STYLEREFS="Style_10" WC="1" CC="000000000"/>
						<SP ID="SP_1.4.39.2" HPOS="4256" VPOS="6528" WIDTH="44"/>
						<String CONTENT="Michie" ID="St_1.4.39.3" HPOS="4332" VPOS="6524" HEIGHT="80" WIDTH="408" STYLEREFS="Style_10" WC="1" CC="000000"/>
						<SP ID="SP_1.4.39.4" HPOS="4704" VPOS="6532" WIDTH="60"/>
						<String CONTENT="City" ID="St_1.4.39.5" HPOS="4796" VPOS="6520" HEIGHT="108" WIDTH="244" STYLEREFS="Style_10" WC="1" CC="0000"/>
						<SP ID="SP_1.4.39.6" HPOS="5004" VPOS="6532" WIDTH="60"/>
						<String CONTENT="Publications" ID="St_1.4.39.7" HPOS="5092" VPOS="6516" HEIGHT="88" WIDTH="744" STYLEREFS="Style_10" WC="1" CC="000000000000"/>
						<SP ID="SP_1.4.39.8" HPOS="5804" VPOS="6524" WIDTH="56"/>
						<String CONTENT="C" ID="St_1.4.39.9" HPOS="5896" VPOS="6512" HEIGHT="88" WIDTH="80" STYLEREFS="Style_10" WC="1" CC="0"/>
						<String CONTENT="o" ID="St_1.4.39.10" HPOS="5988" VPOS="6536" HEIGHT="64" WIDTH="60" STYLEREFS="Style_10" WC="1" CC="0"/>
						<String CONTENT=".," ID="St_1.4.39.11" HPOS="6072" VPOS="6576" HEIGHT="32" WIDTH="56" STYLEREFS="Style_10" WC="1" CC="00"/>
					</TextLine>
					<TextLine ID="TL_1.4.40" HPOS="3784" VPOS="6632" HEIGHT="116" WIDTH="2396">
						<String CONTENT="Charlottesville," ID="St_1.4.40.1" HPOS="3784" VPOS="6644" HEIGHT="96" WIDTH="944" STYLEREFS="Style_10" WC="1" CC="0000000000000000"/>
						<SP ID="SP_1.4.40.2" HPOS="4708" VPOS="6672" WIDTH="48"/>
						<String CONTENT="Va.;" ID="St_1.4.40.3" HPOS="4796" VPOS="6640" HEIGHT="100" WIDTH="232" STYLEREFS="Style_10" WC="1" CC="0000"/>
						<SP ID="SP_1.4.40.4" HPOS="5008" VPOS="6652" WIDTH="48"/>
						<String CONTENT="16May51;" ID="St_1.4.40.5" HPOS="5096" VPOS="6636" HEIGHT="112" WIDTH="552" STYLEREFS="Style_10" WC="1" CC="00000000"/>
						<SP ID="SP_1.4.40.6" HPOS="5632" VPOS="6648" WIDTH="40"/>
						<String CONTENT="A55536." ID="St_1.4.40.7" HPOS="5704" VPOS="6632" HEIGHT="88" WIDTH="476" STYLEREFS="Style_10" WC="1" CC="0000000"/>
					</TextLine>
				</TextBlock>
				<TextBlock ID="TB_1.5" HPOS="3488" VPOS="6832" WIDTH="3040" HEIGHT="5460">
					<TextLine ID="TL_1.5.1" HPOS="3596" VPOS="6904" HEIGHT="104" WIDTH="1572">
						<String CONTENT="MICEK," ID="St_1.5.1.1" HPOS="3596" VPOS="6908" HEIGHT="100" WIDTH="472" STYLEREFS="Style_10" WC="1" CC="000000"/>
						<SP ID="SP_1.5.1.2" HPOS="4048" VPOS="6936" WIDTH="48"/>
						<String CONTENT="ADAM" ID="St_1.5.1.3" HPOS="4128" VPOS="6908" HEIGHT="84" WIDTH="380" STYLEREFS="Style_10" WC="1" CC="0000"/>
						<SP ID="SP_1.5.1.4" HPOS="4448" VPOS="6904" WIDTH="80"/>
						<String CONTENT="ANDREW." ID="St_1.5.1.5" HPOS="4556" VPOS="6904" HEIGHT="92" WIDTH="612" STYLEREFS="Style_10" WC="1" CC="0000000"/>
					</TextLine>
					<TextLine ID="TL_1.5.2" HPOS="3672" VPOS="7024" HEIGHT="116" WIDTH="2488">
						<String CONTENT="The" ID="St_1.5.2.1" HPOS="3672" VPOS="7032" HEIGHT="84" WIDTH="216" STYLEREFS="Style_10" WC="1" CC="000"/>
						<SP ID="SP_1.5.2.2" HPOS="3856" VPOS="7040" WIDTH="60"/>
						<String CONTENT="apologetics" ID="St_1.5.2.3" HPOS="3952" VPOS="7028" HEIGHT="112" WIDTH="668" STYLEREFS="Style_10" WC="0.97" CC="00000000040"/>
						<SP ID="SP_1.5.2.4" HPOS="4588" VPOS="7040" WIDTH="60"/>
						<String CONTENT="of" ID="St_1.5.2.5" HPOS="4684" VPOS="7028" HEIGHT="84" WIDTH="104" STYLEREFS="Style_10" WC="0.974444444444444" CC="00"/>
						<SP ID="SP_1.5.2.6" HPOS="4760" VPOS="7028" WIDTH="52"/>
						<String CONTENT="Martin" ID="St_1.5.2.7" HPOS="4840" VPOS="7028" HEIGHT="84" WIDTH="404" STYLEREFS="Style_10" WC="0.982222222222222" CC="000000"/>
						<SP ID="SP_1.5.2.8" HPOS="5204" VPOS="7036" WIDTH="60"/>
						<String CONTENT="John" ID="St_1.5.2.9" HPOS="5292" VPOS="7028" HEIGHT="84" WIDTH="272" STYLEREFS="Style_10" WC="0.984444444444444" CC="0000"/>
						<SP ID="SP_1.5.2.10" HPOS="5528" VPOS="7040" WIDTH="60"/>
						<String CONTENT="Spalding." ID="St_1.5.2.11" HPOS="5616" VPOS="7024" HEIGHT="108" WIDTH="544" STYLEREFS="Style_10" WC="0.988888888888889" CC="000000000"/>
					</TextLine>
					<TextLine ID="TL_1.5.3" HPOS="3780" VPOS="7148" HEIGHT="116" WIDTH="2492">
						<String CONTENT="[Thesis]" ID="St_1.5.3.1" HPOS="3780" VPOS="7152" HEIGHT="112" WIDTH="496" STYLEREFS="Style_10" WC="1" CC="00000000"/>
						<SP ID="SP_1.5.3.2" HPOS="4252" VPOS="7152" WIDTH="96"/>
						<String CONTENT="130" ID="St_1.5.3.3" HPOS="4432" VPOS="7152" HEIGHT="84" WIDTH="188" STYLEREFS="Style_10" WC="1" CC="000"/>
						<SP ID="SP_1.5.3.4" HPOS="4592" VPOS="7152" WIDTH="56"/>
						<String CONTENT="p." ID="St_1.5.3.5" HPOS="4680" VPOS="7176" HEIGHT="84" WIDTH="100" STYLEREFS="Style_10" WC="1" CC="00"/>
						<SP ID="SP_1.5.3.6" HPOS="4764" VPOS="7188" WIDTH="92"/>
						<String CONTENT="(The" ID="St_1.5.3.7" HPOS="4936" VPOS="7148" HEIGHT="112" WIDTH="256" STYLEREFS="Style_10" WC="1" CC="0000"/>
						<SP ID="SP_1.5.3.8" HPOS="5160" VPOS="7164" WIDTH="56"/>
						<String CONTENT="Catholic" ID="St_1.5.3.9" HPOS="5248" VPOS="7152" HEIGHT="84" WIDTH="496" STYLEREFS="Style_10" WC="1" CC="00000000"/>
						<SP ID="SP_1.5.3.10" HPOS="5712" VPOS="7164" WIDTH="60"/>
						<String CONTENT="Univer-" ID="St_1.5.3.11" HPOS="5804" VPOS="7152" HEIGHT="84" WIDTH="468" STYLEREFS="Style_10" WC="1" CC="0000000"/>
					</TextLine>
					<TextLine ID="TL_1.5.4" HPOS="3784" VPOS="7268" HEIGHT="120" WIDTH="2152">
						<String CONTENT="sity" ID="St_1.5.4.1" HPOS="3784" VPOS="7276" HEIGHT="112" WIDTH="232" STYLEREFS="Style_10" WC="1" CC="0000"/>
						<SP ID="SP_1.5.4.2" HPOS="3976" VPOS="7284" WIDTH="60"/>
						<String CONTENT="of" ID="St_1.5.4.3" HPOS="4064" VPOS="7272" HEIGHT="88" WIDTH="112" STYLEREFS="Style_10" WC="1" CC="00"/>
						<SP ID="SP_1.5.4.4" HPOS="4148" VPOS="7268" WIDTH="44"/>
						<String CONTENT="America." ID="St_1.5.4.5" HPOS="4220" VPOS="7272" HEIGHT="92" WIDTH="560" STYLEREFS="Style_10" WC="1" CC="00000000"/>
						<SP ID="SP_1.5.4.6" HPOS="4764" VPOS="7304" WIDTH="64"/>
						<String CONTENT="Studies" ID="St_1.5.4.7" HPOS="4884" VPOS="7272" HEIGHT="84" WIDTH="424" STYLEREFS="Style_10" WC="1" CC="0000000"/>
						<SP ID="SP_1.5.4.8" HPOS="5276" VPOS="7280" WIDTH="60"/>
						<String CONTENT="in" ID="St_1.5.4.9" HPOS="5368" VPOS="7272" HEIGHT="84" WIDTH="112" STYLEREFS="Style_10" WC="1" CC="00"/>
						<SP ID="SP_1.5.4.10" HPOS="5440" VPOS="7280" WIDTH="60"/>
						<String CONTENT="sacred" ID="St_1.5.4.11" HPOS="5532" VPOS="7272" HEIGHT="84" WIDTH="404" STYLEREFS="Style_10" WC="1" CC="000000"/>
					</TextLine>
					<TextLine ID="TL_1.5.5" HPOS="3780" VPOS="7384" HEIGHT="120" WIDTH="2584">
						<String CONTENT="theology," ID="St_1.5.5.1" HPOS="3780" VPOS="7392" HEIGHT="112" WIDTH="540" STYLEREFS="Style_10" WC="1" CC="000000000"/>
						<SP ID="SP_1.5.5.2" HPOS="4300" VPOS="7424" WIDTH="52"/>
						<String CONTENT="2d" ID="St_1.5.5.3" HPOS="4388" VPOS="7392" HEIGHT="84" WIDTH="124" STYLEREFS="Style_10" WC="1" CC="00"/>
						<SP ID="SP_1.5.5.4" HPOS="4476" VPOS="7392" WIDTH="60"/>
						<String CONTENT="ser.," ID="St_1.5.5.5" HPOS="4568" VPOS="7416" HEIGHT="72" WIDTH="276" STYLEREFS="Style_10" WC="1" CC="00000"/>
						<SP ID="SP_1.5.5.6" HPOS="4824" VPOS="7424" WIDTH="44"/>
						<String CONTENT="no." ID="St_1.5.5.7" HPOS="4904" VPOS="7416" HEIGHT="64" WIDTH="176" STYLEREFS="Style_10" WC="1" CC="000"/>
						<SP ID="SP_1.5.5.8" HPOS="5064" VPOS="7424" WIDTH="40"/>
						<String CONTENT="51)" ID="St_1.5.5.9" HPOS="5144" VPOS="7384" HEIGHT="116" WIDTH="168" STYLEREFS="Style_10" WC="1" CC="000"/>
						<SP ID="SP_1.5.5.10" HPOS="5284" VPOS="7388" WIDTH="92"/>
						<String CONTENT="&#169;" ID="St_1.5.5.11" HPOS="5448" VPOS="7388" HEIGHT="84" WIDTH="80" STYLEREFS="Style_10" WC="0.983333333333333" CC="4"/>
						<SP ID="SP_1.5.5.12" HPOS="5484" VPOS="7388" WIDTH="80"/>
						<String CONTENT="The" ID="St_1.5.5.13" HPOS="5600" VPOS="7388" HEIGHT="84" WIDTH="216" STYLEREFS="Style_10" WC="0.985555555555556" CC="000"/>
						<SP ID="SP_1.5.5.14" HPOS="5780" VPOS="7400" WIDTH="64"/>
						<String CONTENT="Catholic" ID="St_1.5.5.15" HPOS="5876" VPOS="7388" HEIGHT="84" WIDTH="488" STYLEREFS="Style_10" WC="0.988888888888889" CC="00000000"/>
					</TextLine>
					<TextLine ID="TL_1.5.6" HPOS="3784" VPOS="7508" HEIGHT="116" WIDTH="2580">
						<String CONTENT="University" ID="St_1.5.6.1" HPOS="3784" VPOS="7512" HEIGHT="112" WIDTH="640" STYLEREFS="Style_10" WC="1" CC="0000000000"/>
						<SP ID="SP_1.5.6.2" HPOS="4384" VPOS="7528" WIDTH="64"/>
						<String CONTENT="of" ID="St_1.5.6.3" HPOS="4476" VPOS="7512" HEIGHT="88" WIDTH="108" STYLEREFS="Style_10" WC="1" CC="00"/>
						<SP ID="SP_1.5.6.4" HPOS="4556" VPOS="7512" WIDTH="44"/>
						<String CONTENT="America" ID="St_1.5.6.5" HPOS="4628" VPOS="7508" HEIGHT="92" WIDTH="524" STYLEREFS="Style_10" WC="1" CC="0000000"/>
						<SP ID="SP_1.5.6.6" HPOS="5116" VPOS="7524" WIDTH="60"/>
						<String CONTENT="Press," ID="St_1.5.6.7" HPOS="5208" VPOS="7512" HEIGHT="96" WIDTH="392" STYLEREFS="Style_10" WC="1" CC="000000"/>
						<SP ID="SP_1.5.6.8" HPOS="5580" VPOS="7544" WIDTH="44"/>
						<String CONTENT="inc.," ID="St_1.5.6.9" HPOS="5664" VPOS="7512" HEIGHT="96" WIDTH="260" STYLEREFS="Style_10" WC="1" CC="00000"/>
						<SP ID="SP_1.5.6.10" HPOS="5904" VPOS="7544" WIDTH="44"/>
						<String CONTENT="Wash-" ID="St_1.5.6.11" HPOS="5980" VPOS="7508" HEIGHT="84" WIDTH="384" STYLEREFS="Style_10" WC="1" CC="00000"/>
					</TextLine>
					<TextLine ID="TL_1.5.7" HPOS="3784" VPOS="7632" HEIGHT="116" WIDTH="1548">
						<String CONTENT="ington;" ID="St_1.5.7.1" HPOS="3784" VPOS="7636" HEIGHT="112" WIDTH="396" STYLEREFS="Style_10" WC="1" CC="0000000"/>
						<SP ID="SP_1.5.7.2" HPOS="4164" VPOS="7648" WIDTH="52"/>
						<String CONTENT="16May51;" ID="St_1.5.7.3" HPOS="4256" VPOS="7636" HEIGHT="112" WIDTH="548" STYLEREFS="Style_10" WC="1" CC="00000000"/>
						<SP ID="SP_1.5.7.4" HPOS="4780" VPOS="7648" WIDTH="48"/>
						<String CONTENT="A56123." ID="St_1.5.7.5" HPOS="4860" VPOS="7632" HEIGHT="92" WIDTH="472" STYLEREFS="Style_10" WC="1" CC="0000000"/>
					</TextLine>
					<TextLine ID="TL_1.5.8" HPOS="3604" VPOS="7912" HEIGHT="100" WIDTH="1492">
						<String CONTENT="MICHAEL," ID="St_1.5.8.1" HPOS="3604" VPOS="7916" HEIGHT="96" WIDTH="656" STYLEREFS="Style_10" WC="1" CC="00000000"/>
						<SP ID="SP_1.5.8.2" HPOS="4240" VPOS="7944" WIDTH="44"/>
						<String CONTENT="WILLIAM" ID="St_1.5.8.3" HPOS="4316" VPOS="7912" HEIGHT="88" WIDTH="584" STYLEREFS="Style_10" WC="1" CC="0000000"/>
						<SP ID="SP_1.5.8.4" HPOS="4840" VPOS="7912" WIDTH="80"/>
						<String CONTENT="W." ID="St_1.5.8.5" HPOS="4952" VPOS="7916" HEIGHT="92" WIDTH="144" STYLEREFS="Style_10" WC="1" CC="00"/>
					</TextLine>
					<TextLine ID="TL_1.5.9" HPOS="3680" VPOS="8032" HEIGHT="116" WIDTH="2252">
						<String CONTENT="Dry-fly" ID="St_1.5.9.1" HPOS="3680" VPOS="8036" HEIGHT="112" WIDTH="452" STYLEREFS="Style_10" WC="1" CC="0000000"/>
						<SP ID="SP_1.5.9.2" HPOS="4092" VPOS="8044" WIDTH="60"/>
						<String CONTENT="trout" ID="St_1.5.9.3" HPOS="4176" VPOS="8036" HEIGHT="88" WIDTH="292" STYLEREFS="Style_10" WC="1" CC="00000"/>
						<SP ID="SP_1.5.9.4" HPOS="4440" VPOS="8032" WIDTH="52"/>
						<String CONTENT="fishing." ID="St_1.5.9.5" HPOS="4520" VPOS="8036" HEIGHT="108" WIDTH="448" STYLEREFS="Style_10" WC="1" CC="00000000"/>
						<SP ID="SP_1.5.9.6" HPOS="4952" VPOS="8068" WIDTH="88"/>
						<String CONTENT="191" ID="St_1.5.9.7" HPOS="5120" VPOS="8036" HEIGHT="84" WIDTH="180" STYLEREFS="Style_10" WC="1" CC="000"/>
						<SP ID="SP_1.5.9.8" HPOS="5272" VPOS="8032" WIDTH="56"/>
						<String CONTENT="p." ID="St_1.5.9.9" HPOS="5364" VPOS="8060" HEIGHT="80" WIDTH="100" STYLEREFS="Style_10" WC="1" CC="00"/>
						<SP ID="SP_1.5.9.10" HPOS="5448" VPOS="8064" WIDTH="88"/>
						<String CONTENT="ill" ID="St_1.5.9.11" HPOS="5616" VPOS="8036" HEIGHT="80" WIDTH="132" STYLEREFS="Style_10" WC="0.968888888888889" CC="333"/>
						<String CONTENT="us." ID="St_1.5.9.12" HPOS="5752" VPOS="8060" HEIGHT="60" WIDTH="180" STYLEREFS="Style_10" WC="0.972222222222222" CC="000"/>
					</TextLine>
					<TextLine ID="TL_1.5.10" HPOS="3760" VPOS="8156" HEIGHT="100" WIDTH="2576">
						<String CONTENT="&#169;" ID="St_1.5.10.1" HPOS="3760" VPOS="8160" HEIGHT="88" WIDTH="92" STYLEREFS="Style_10" WC="0.222222222222222" CC="7"/>
						<SP ID="SP_1.5.10.2" HPOS="3800" VPOS="8156" WIDTH="72"/>
						<String CONTENT="McGraw-Hill" ID="St_1.5.10.3" HPOS="3904" VPOS="8160" HEIGHT="88" WIDTH="796" STYLEREFS="Style_10" WC="0.94" CC="00000000000"/>
						<SP ID="SP_1.5.10.4" HPOS="4672" VPOS="8156" WIDTH="44"/>
						<String CONTENT="Book" ID="St_1.5.10.5" HPOS="4744" VPOS="8160" HEIGHT="84" WIDTH="300" STYLEREFS="Style_10" WC="0.956666666666667" CC="0000"/>
						<SP ID="SP_1.5.10.6" HPOS="5008" VPOS="8156" WIDTH="56"/>
						<String CONTENT="Co.," ID="St_1.5.10.7" HPOS="5092" VPOS="8156" HEIGHT="100" WIDTH="232" STYLEREFS="Style_10" WC="0.965555555555556" CC="0000"/>
						<SP ID="SP_1.5.10.8" HPOS="5304" VPOS="8188" WIDTH="48"/>
						<String CONTENT="inc.," ID="St_1.5.10.9" HPOS="5392" VPOS="8156" HEIGHT="100" WIDTH="256" STYLEREFS="Style_10" WC="0.972222222222222" CC="00000"/>
						<SP ID="SP_1.5.10.10" HPOS="5628" VPOS="8188" WIDTH="44"/>
						<String CONTENT="New" ID="St_1.5.10.11" HPOS="5704" VPOS="8156" HEIGHT="84" WIDTH="252" STYLEREFS="Style_10" WC="0.975555555555556" CC="000"/>
						<SP ID="SP_1.5.10.12" HPOS="5908" VPOS="8168" WIDTH="68"/>
						<String CONTENT="York;" ID="St_1.5.10.13" HPOS="6004" VPOS="8156" HEIGHT="96" WIDTH="332" STYLEREFS="Style_10" WC="0.98" CC="00000"/>
					</TextLine>
					<TextLine ID="TL_1.5.11" HPOS="3796" VPOS="8276" HEIGHT="116" WIDTH="1060">
						<String CONTENT="23Apr" ID="St_1.5.11.1" HPOS="3796" VPOS="8276" HEIGHT="116" WIDTH="352" STYLEREFS="Style_10" WC="1" CC="00000"/>
						<String CONTENT="5" ID="St_1.5.11.2" HPOS="4164" VPOS="8284" HEIGHT="80" WIDTH="48" STYLEREFS="Style_10" WC="1" CC="0"/>
						<String CONTENT="1;" ID="St_1.5.11.3" HPOS="4240" VPOS="8284" HEIGHT="96" WIDTH="92" STYLEREFS="Style_10" WC="1" CC="00"/>
						<SP ID="SP_1.5.11.4" HPOS="4312" VPOS="8296" WIDTH="40"/>
						<String CONTENT="A" ID="St_1.5.11.5" HPOS="4384" VPOS="8276" HEIGHT="88" WIDTH="88" STYLEREFS="Style_10" WC="1" CC="0"/>
						<String CONTENT="5509" ID="St_1.5.11.6" HPOS="4480" VPOS="8280" HEIGHT="88" WIDTH="260" STYLEREFS="Style_10" WC="1" CC="0000"/>
						<String CONTENT="9." ID="St_1.5.11.7" HPOS="4756" VPOS="8280" HEIGHT="92" WIDTH="100" STYLEREFS="Style_10" WC="1" CC="00"/>
					</TextLine>
					<TextLine ID="TL_1.5.12" HPOS="3624" VPOS="8572" HEIGHT="100" WIDTH="1196">
						<String CONTENT="MICHAUX," ID="St_1.5.12.1" HPOS="3624" VPOS="8572" HEIGHT="100" WIDTH="644" STYLEREFS="Style_10" WC="1" CC="00000000"/>
						<SP ID="SP_1.5.12.2" HPOS="4252" VPOS="8604" WIDTH="44"/>
						<String CONTENT="HENRY." ID="St_1.5.12.3" HPOS="4332" VPOS="8576" HEIGHT="84" WIDTH="488" STYLEREFS="Style_10" WC="1" CC="000000"/>
					</TextLine>
					<TextLine ID="TL_1.5.13" HPOS="3716" VPOS="8696" HEIGHT="108" WIDTH="2192">
						<String CONTENT="Passages" ID="St_1.5.13.1" HPOS="3716" VPOS="8700" HEIGHT="104" WIDTH="560" STYLEREFS="Style_10" WC="1" CC="00000000"/>
						<SP ID="SP_1.5.13.2" HPOS="4244" VPOS="8708" WIDTH="60"/>
						<String CONTENT="(1937&#150;1950)" ID="St_1.5.13.3" HPOS="4340" VPOS="8696" HEIGHT="108" WIDTH="684" STYLEREFS="Style_10" WC="1" CC="00000000000"/>
						<SP ID="SP_1.5.13.4" HPOS="5004" VPOS="8696" WIDTH="68"/>
						<String CONTENT="[Paris," ID="St_1.5.13.5" HPOS="5128" VPOS="8696" HEIGHT="108" WIDTH="412" STYLEREFS="Style_10" WC="1" CC="0000000"/>
						<SP ID="SP_1.5.13.6" HPOS="5524" VPOS="8728" WIDTH="48"/>
						<String CONTENT="1950]" ID="St_1.5.13.7" HPOS="5616" VPOS="8696" HEIGHT="104" WIDTH="292" STYLEREFS="Style_10" WC="1" CC="00000"/>
					</TextLine>
					<TextLine ID="TL_1.5.14" HPOS="3816" VPOS="8816" HEIGHT="116" WIDTH="2416">
						<String CONTENT="171" ID="St_1.5.14.1" HPOS="3816" VPOS="8828" HEIGHT="76" WIDTH="180" STYLEREFS="Style_10" WC="1" CC="000"/>
						<SP ID="SP_1.5.14.2" HPOS="3968" VPOS="8820" WIDTH="60"/>
						<String CONTENT="p." ID="St_1.5.14.3" HPOS="4068" VPOS="8848" HEIGHT="80" WIDTH="92" STYLEREFS="Style_10" WC="1" CC="00"/>
						<SP ID="SP_1.5.14.4" HPOS="4144" VPOS="8848" WIDTH="92"/>
						<String CONTENT="(Le" ID="St_1.5.14.5" HPOS="4316" VPOS="8828" HEIGHT="104" WIDTH="184" STYLEREFS="Style_10" WC="1" CC="000"/>
						<SP ID="SP_1.5.14.6" HPOS="4472" VPOS="8832" WIDTH="56"/>
						<String CONTENT="Point" ID="St_1.5.14.7" HPOS="4560" VPOS="8824" HEIGHT="80" WIDTH="308" STYLEREFS="Style_10" WC="1" CC="00000"/>
						<SP ID="SP_1.5.14.8" HPOS="4848" VPOS="8820" WIDTH="48"/>
						<String CONTENT="du" ID="St_1.5.14.9" HPOS="4928" VPOS="8824" HEIGHT="80" WIDTH="124" STYLEREFS="Style_10" WC="1" CC="00"/>
						<SP ID="SP_1.5.14.10" HPOS="5016" VPOS="8832" WIDTH="56"/>
						<String CONTENT="jour)" ID="St_1.5.14.11" HPOS="5104" VPOS="8824" HEIGHT="104" WIDTH="280" STYLEREFS="Style_10" WC="1" CC="00000"/>
						<SP ID="SP_1.5.14.12" HPOS="5364" VPOS="8820" WIDTH="92"/>
						<String CONTENT="&#169;" ID="St_1.5.14.13" HPOS="5536" VPOS="8816" HEIGHT="84" WIDTH="84" STYLEREFS="Style_10" WC="0.983333333333333" CC="4"/>
						<SP ID="SP_1.5.14.14" HPOS="5576" VPOS="8816" WIDTH="72"/>
						<String CONTENT="Librairie" ID="St_1.5.14.15" HPOS="5676" VPOS="8824" HEIGHT="76" WIDTH="556" STYLEREFS="Style_10" WC="0.975555555555556" CC="004000000"/>
					</TextLine>
					<TextLine ID="TL_1.5.15" HPOS="3808" VPOS="8940" HEIGHT="100" WIDTH="1916">
						<String CONTENT="Gallimard;" ID="St_1.5.15.1" HPOS="3808" VPOS="8944" HEIGHT="96" WIDTH="644" STYLEREFS="Style_10" WC="0.955555555555556" CC="0000040000"/>
						<SP ID="SP_1.5.15.2" HPOS="4432" VPOS="8956" WIDTH="48"/>
						<String CONTENT="20Dec5" ID="St_1.5.15.3" HPOS="4520" VPOS="8944" HEIGHT="80" WIDTH="412" STYLEREFS="Style_10" WC="0.973333333333333" CC="000000"/>
						<String CONTENT="0" ID="St_1.5.15.4" HPOS="4936" VPOS="8940" HEIGHT="76" WIDTH="60" STYLEREFS="Style_10" WC="0.95" CC="4"/>
						<String CONTENT=";" ID="St_1.5.15.5" HPOS="5016" VPOS="8972" HEIGHT="68" WIDTH="24" STYLEREFS="Style_10" WC="0.952222222222222" CC="0"/>
						<SP ID="SP_1.5.15.6" HPOS="5020" VPOS="8956" WIDTH="48"/>
						<String CONTENT="AF0-4097." ID="St_1.5.15.7" HPOS="5100" VPOS="8940" HEIGHT="84" WIDTH="624" STYLEREFS="Style_10" WC="0.968888888888889" CC="000000000"/>
					</TextLine>
					<TextLine ID="TL_1.5.16" HPOS="3636" VPOS="9204" HEIGHT="104" WIDTH="1080">
						<String CONTENT="MICHEL," ID="St_1.5.16.1" HPOS="3636" VPOS="9204" HEIGHT="104" WIDTH="560" STYLEREFS="Style_10" WC="1" CC="0000000"/>
						<SP ID="SP_1.5.16.2" HPOS="4176" VPOS="9232" WIDTH="48"/>
						<String CONTENT="ERNST." ID="St_1.5.16.3" HPOS="4264" VPOS="9204" HEIGHT="84" WIDTH="452" STYLEREFS="Style_10" WC="0.967777777777778" CC="000004"/>
					</TextLine>
					<TextLine ID="TL_1.5.17" HPOS="3732" VPOS="9320" HEIGHT="116" WIDTH="2700">
						<String CONTENT="Ebe;" ID="St_1.5.17.1" HPOS="3732" VPOS="9320" HEIGHT="108" WIDTH="260" STYLEREFS="Style_10" WC="0.888888888888889" CC="1300"/>
						<SP ID="SP_1.5.17.2" HPOS="3972" VPOS="9332" WIDTH="48"/>
						<String CONTENT="eine" ID="St_1.5.17.3" HPOS="4056" VPOS="9324" HEIGHT="80" WIDTH="236" STYLEREFS="Style_10" WC="0.95" CC="0000"/>
						<SP ID="SP_1.5.17.4" HPOS="4260" VPOS="9332" WIDTH="60"/>
						<String CONTENT="Anthropologie" ID="St_1.5.17.5" HPOS="4352" VPOS="9324" HEIGHT="108" WIDTH="832" STYLEREFS="Style_10" WC="0.98" CC="0000000000000"/>
						<SP ID="SP_1.5.17.6" HPOS="5148" VPOS="9332" WIDTH="60"/>
						<String CONTENT="der" ID="St_1.5.17.7" HPOS="5244" VPOS="9328" HEIGHT="80" WIDTH="188" STYLEREFS="Style_10" WC="0.983333333333333" CC="000"/>
						<SP ID="SP_1.5.17.8" HPOS="5400" VPOS="9336" WIDTH="60"/>
						<String CONTENT="Geschlecht" ID="St_1.5.17.9" HPOS="5496" VPOS="9328" HEIGHT="80" WIDTH="652" STYLEREFS="Style_10" WC="0.987777777777778" CC="0000000000"/>
						<String CONTENT="s" ID="St_1.5.17.10" HPOS="6160" VPOS="9352" HEIGHT="56" WIDTH="56" STYLEREFS="Style_10" WC="0.973333333333333" CC="5"/>
						<String CONTENT="ge-" ID="St_1.5.17.11" HPOS="6228" VPOS="9324" HEIGHT="112" WIDTH="204" STYLEREFS="Style_10" WC="0.97" CC="110"/>
					</TextLine>
					<TextLine ID="TL_1.5.18" HPOS="3824" VPOS="9440" HEIGHT="112" WIDTH="2460">
						<String CONTENT="meinschaft." ID="St_1.5.18.1" HPOS="3824" VPOS="9444" HEIGHT="92" WIDTH="696" STYLEREFS="Style_10" WC="0.958888888888889" CC="00004000000"/>
						<SP ID="SP_1.5.18.2" HPOS="4496" VPOS="9468" WIDTH="84"/>
						<String CONTENT="2." ID="St_1.5.18.3" HPOS="4648" VPOS="9444" HEIGHT="80" WIDTH="88" STYLEREFS="Style_10" WC="0.967777777777778" CC="00"/>
						<SP ID="SP_1.5.18.4" HPOS="4724" VPOS="9472" WIDTH="44"/>
						<String CONTENT="erweiterte" ID="St_1.5.18.5" HPOS="4808" VPOS="9448" HEIGHT="84" WIDTH="628" STYLEREFS="Style_10" WC="0.982222222222222" CC="0000000000"/>
						<SP ID="SP_1.5.18.6" HPOS="5400" VPOS="9452" WIDTH="60"/>
						<String CONTENT="Auf" ID="St_1.5.18.7" HPOS="5492" VPOS="9448" HEIGHT="80" WIDTH="204" STYLEREFS="Style_10" WC="0.984444444444444" CC="000"/>
						<String CONTENT="l" ID="St_1.5.18.8" HPOS="5704" VPOS="9448" HEIGHT="80" WIDTH="40" STYLEREFS="Style_10" WC="0.97" CC="4"/>
						<String CONTENT="." ID="St_1.5.18.9" HPOS="5752" VPOS="9512" HEIGHT="28" WIDTH="28" STYLEREFS="Style_10" WC="0.971111111111111" CC="0"/>
						<SP ID="SP_1.5.18.10" HPOS="5760" VPOS="9472" WIDTH="92"/>
						<String CONTENT="241" ID="St_1.5.18.11" HPOS="5932" VPOS="9444" HEIGHT="84" WIDTH="184" STYLEREFS="Style_10" WC="0.974444444444444" CC="000"/>
						<SP ID="SP_1.5.18.12" HPOS="6088" VPOS="9440" WIDTH="56"/>
						<String CONTENT="p." ID="St_1.5.18.13" HPOS="6176" VPOS="9476" HEIGHT="76" WIDTH="108" STYLEREFS="Style_10" WC="0.975555555555556" CC="00"/>
					</TextLine>
					<TextLine ID="TL_1.5.19" HPOS="3820" VPOS="9556" HEIGHT="116" WIDTH="2400">
						<String CONTENT="&#169;" ID="St_1.5.19.1" HPOS="3820" VPOS="9556" HEIGHT="80" WIDTH="80" STYLEREFS="Style_10" WC="0.444444444444444" CC="5"/>
						<SP ID="SP_1.5.19.2" HPOS="3856" VPOS="9556" WIDTH="72"/>
						<String CONTENT="on" ID="St_1.5.19.3" HPOS="3956" VPOS="9584" HEIGHT="60" WIDTH="132" STYLEREFS="Style_10" WC="0.861111111111111" CC="00"/>
						<SP ID="SP_1.5.19.4" HPOS="4048" VPOS="9568" WIDTH="64"/>
						<String CONTENT="additions" ID="St_1.5.19.5" HPOS="4144" VPOS="9564" HEIGHT="84" WIDTH="532" STYLEREFS="Style_10" WC="0.96" CC="000000000"/>
						<SP ID="SP_1.5.19.6" HPOS="4640" VPOS="9568" WIDTH="64"/>
						<String CONTENT="&amp;" ID="St_1.5.19.7" HPOS="4740" VPOS="9564" HEIGHT="80" WIDTH="76" STYLEREFS="Style_10" WC="0.964444444444444" CC="0"/>
						<SP ID="SP_1.5.19.8" HPOS="4772" VPOS="9556" WIDTH="68"/>
						<String CONTENT="revisions;" ID="St_1.5.19.9" HPOS="4872" VPOS="9568" HEIGHT="104" WIDTH="608" STYLEREFS="Style_10" WC="0.978888888888889" CC="0000000000"/>
						<SP ID="SP_1.5.19.10" HPOS="5460" VPOS="9576" WIDTH="44"/>
						<String CONTENT="Ernst" ID="St_1.5.19.11" HPOS="5540" VPOS="9572" HEIGHT="80" WIDTH="332" STYLEREFS="Style_10" WC="0.982222222222222" CC="00000"/>
						<SP ID="SP_1.5.19.12" HPOS="5848" VPOS="9564" WIDTH="48"/>
						<String CONTENT="K" ID="St_1.5.19.13" HPOS="5936" VPOS="9572" HEIGHT="80" WIDTH="88" STYLEREFS="Style_10" WC="0.974444444444444" CC="3"/>
						<String CONTENT="l" ID="St_1.5.19.14" HPOS="6024" VPOS="9572" HEIGHT="80" WIDTH="40" STYLEREFS="Style_10" WC="0.962222222222222" CC="4"/>
						<String CONTENT="ett" ID="St_1.5.19.15" HPOS="6068" VPOS="9572" HEIGHT="80" WIDTH="152" STYLEREFS="Style_10" WC="0.947777777777778" CC="411"/>
					</TextLine>
					<TextLine ID="TL_1.5.20" HPOS="3824" VPOS="9684" HEIGHT="120" WIDTH="2272">
						<String CONTENT="Verlag," ID="St_1.5.20.1" HPOS="3824" VPOS="9684" HEIGHT="112" WIDTH="436" STYLEREFS="Style_10" WC="0.935555555555556" CC="0004000"/>
						<SP ID="SP_1.5.20.2" HPOS="4240" VPOS="9716" WIDTH="48"/>
						<String CONTENT="Stuttgart;" ID="St_1.5.20.3" HPOS="4324" VPOS="9692" HEIGHT="108" WIDTH="556" STYLEREFS="Style_10" WC="0.974444444444444" CC="0000000000"/>
						<SP ID="SP_1.5.20.4" HPOS="4856" VPOS="9696" WIDTH="56"/>
						<String CONTENT="18Dec50" ID="St_1.5.20.5" HPOS="4952" VPOS="9692" HEIGHT="88" WIDTH="484" STYLEREFS="Style_10" WC="0.982222222222222" CC="0000000"/>
						<SP ID="SP_1.5.20.6" HPOS="5404" VPOS="9684" WIDTH="60"/>
						<String CONTENT="(in" ID="St_1.5.20.7" HPOS="5496" VPOS="9684" HEIGHT="120" WIDTH="144" STYLEREFS="Style_10" WC="0.962222222222222" CC="033"/>
						<SP ID="SP_1.5.20.8" HPOS="5588" VPOS="9696" WIDTH="80"/>
						<String CONTENT="notice:" ID="St_1.5.20.9" HPOS="5696" VPOS="9692" HEIGHT="96" WIDTH="400" STYLEREFS="Style_10" WC="0.967777777777778" CC="0000000"/>
					</TextLine>
					<TextLine ID="TL_1.5.21" HPOS="3832" VPOS="9808" HEIGHT="112" WIDTH="1020">
						<String CONTENT="1948);" ID="St_1.5.21.1" HPOS="3832" VPOS="9808" HEIGHT="112" WIDTH="340" STYLEREFS="Style_10" WC="1" CC="000000"/>
						<SP ID="SP_1.5.21.2" HPOS="4152" VPOS="9820" WIDTH="44"/>
						<String CONTENT="AF0-3" ID="St_1.5.21.3" HPOS="4232" VPOS="9808" HEIGHT="88" WIDTH="372" STYLEREFS="Style_10" WC="0.944444444444444" CC="00033"/>
						<String CONTENT="69" ID="St_1.5.21.4" HPOS="4620" VPOS="9812" HEIGHT="80" WIDTH="120" STYLEREFS="Style_10" WC="0.904444444444445" CC="33"/>
						<String CONTENT="5." ID="St_1.5.21.5" HPOS="4760" VPOS="9812" HEIGHT="84" WIDTH="92" STYLEREFS="Style_10" WC="0.867777777777778" CC="34"/>
					</TextLine>
					<TextLine ID="TL_1.5.22" HPOS="3656" VPOS="10076" HEIGHT="100" WIDTH="2596">
						<String CONTENT="MICHEL-TYL," ID="St_1.5.22.1" HPOS="3656" VPOS="10076" HEIGHT="100" WIDTH="888" STYLEREFS="Style_10" WC="1" CC="00000000000"/>
						<SP ID="SP_1.5.22.2" HPOS="4528" VPOS="10108" WIDTH="48"/>
						<String CONTENT="MADELEINE" ID="St_1.5.22.3" HPOS="4612" VPOS="10076" HEIGHT="88" WIDTH="776" STYLEREFS="Style_10" WC="1" CC="000000000"/>
						<SP ID="SP_1.5.22.4" HPOS="5348" VPOS="10076" WIDTH="68"/>
						<String CONTENT="EDMOND," ID="St_1.5.22.5" HPOS="5448" VPOS="10080" HEIGHT="96" WIDTH="596" STYLEREFS="Style_10" WC="1" CC="0000000"/>
						<SP ID="SP_1.5.22.6" HPOS="6024" VPOS="10088" WIDTH="48"/>
						<String CONTENT="tr." ID="St_1.5.22.7" HPOS="6112" VPOS="10088" HEIGHT="80" WIDTH="140" STYLEREFS="Style_10" WC="1" CC="000"/>
					</TextLine>
					<TextLine ID="TL_1.5.23" HPOS="3748" VPOS="10196" HEIGHT="108" WIDTH="2412">
						<String CONTENT="La" ID="St_1.5.23.1" HPOS="3748" VPOS="10204" HEIGHT="80" WIDTH="148" STYLEREFS="Style_10" WC="1" CC="00"/>
						<SP ID="SP_1.5.23.2" HPOS="3864" VPOS="10208" WIDTH="60"/>
						<String CONTENT="loi" ID="St_1.5.23.3" HPOS="3952" VPOS="10204" HEIGHT="80" WIDTH="152" STYLEREFS="Style_10" WC="0.925555555555556" CC="004"/>
						<SP ID="SP_1.5.23.4" HPOS="4084" VPOS="10196" WIDTH="44"/>
						<String CONTENT="du" ID="St_1.5.23.5" HPOS="4156" VPOS="10204" HEIGHT="80" WIDTH="128" STYLEREFS="Style_10" WC="0.95" CC="00"/>
						<SP ID="SP_1.5.23.6" HPOS="4252" VPOS="10208" WIDTH="60"/>
						<String CONTENT="Saint." ID="St_1.5.23.7" HPOS="4340" VPOS="10204" HEIGHT="84" WIDTH="320" STYLEREFS="Style_10" WC="0.972222222222222" CC="000000"/>
						<SP ID="SP_1.5.23.8" HPOS="4648" VPOS="10228" WIDTH="68"/>
						<String CONTENT="SEE" ID="St_1.5.23.9" HPOS="4772" VPOS="10200" HEIGHT="84" WIDTH="228" STYLEREFS="Style_10" WC="0.977777777777778" CC="000"/>
						<SP ID="SP_1.5.23.10" HPOS="4956" VPOS="10196" WIDTH="72"/>
						<String CONTENT="Charteris," ID="St_1.5.23.11" HPOS="5064" VPOS="10204" HEIGHT="100" WIDTH="616" STYLEREFS="Style_10" WC="0.985555555555556" CC="0000000000"/>
						<SP ID="SP_1.5.23.12" HPOS="5660" VPOS="10228" WIDTH="48"/>
						<String CONTENT="Leslie." ID="St_1.5.23.13" HPOS="5748" VPOS="10204" HEIGHT="84" WIDTH="412" STYLEREFS="Style_10" WC="0.987777777777778" CC="0000000"/>
					</TextLine>
					<TextLine ID="TL_1.5.24" HPOS="3664" VPOS="10464" HEIGHT="100" WIDTH="2604">
						<String CONTENT="MICHEL-TYL," ID="St_1.5.24.1" HPOS="3664" VPOS="10468" HEIGHT="96" WIDTH="896" STYLEREFS="Style_10" WC="1" CC="00000000000"/>
						<SP ID="SP_1.5.24.2" HPOS="4544" VPOS="10496" WIDTH="44"/>
						<String CONTENT="MADELEINE" ID="St_1.5.24.3" HPOS="4620" VPOS="10464" HEIGHT="88" WIDTH="784" STYLEREFS="Style_10" WC="1" CC="000000000"/>
						<SP ID="SP_1.5.24.4" HPOS="5360" VPOS="10464" WIDTH="72"/>
						<String CONTENT="ED" ID="St_1.5.24.5" HPOS="5468" VPOS="10468" HEIGHT="76" WIDTH="176" STYLEREFS="Style_10" WC="1" CC="00"/>
						<String CONTENT="M" ID="St_1.5.24.6" HPOS="5648" VPOS="10468" HEIGHT="80" WIDTH="100" STYLEREFS="Style_10" WC="0.982222222222222" CC="4"/>
						<String CONTENT="OND," ID="St_1.5.24.7" HPOS="5756" VPOS="10464" HEIGHT="100" WIDTH="304" STYLEREFS="Style_10" WC="0.984444444444444" CC="0000"/>
						<SP ID="SP_1.5.24.8" HPOS="6044" VPOS="10492" WIDTH="44"/>
						<String CONTENT="tr." ID="St_1.5.24.9" HPOS="6124" VPOS="10472" HEIGHT="80" WIDTH="144" STYLEREFS="Style_10" WC="0.985555555555556" CC="000"/>
					</TextLine>
					<TextLine ID="TL_1.5.25" HPOS="3744" VPOS="10584" HEIGHT="100" WIDTH="2480">
						<String CONTENT="La" ID="St_1.5.25.1" HPOS="3744" VPOS="10596" HEIGHT="76" WIDTH="144" STYLEREFS="Style_10" WC="1" CC="00"/>
						<SP ID="SP_1.5.25.2" HPOS="3856" VPOS="10596" WIDTH="60"/>
						<String CONTENT="seconde" ID="St_1.5.25.3" HPOS="3948" VPOS="10596" HEIGHT="80" WIDTH="460" STYLEREFS="Style_10" WC="1" CC="0000000"/>
						<SP ID="SP_1.5.25.4" HPOS="4376" VPOS="10596" WIDTH="56"/>
						<String CONTENT="confession." ID="St_1.5.25.5" HPOS="4464" VPOS="10592" HEIGHT="80" WIDTH="668" STYLEREFS="Style_10" WC="0.928888888888889" CC="00000000077"/>
						<SP ID="SP_1.5.25.6" HPOS="5056" VPOS="10600" WIDTH="148"/>
						<String CONTENT="SEE" ID="St_1.5.25.7" HPOS="5284" VPOS="10588" HEIGHT="84" WIDTH="240" STYLEREFS="Style_10" WC="0.94" CC="000"/>
						<SP ID="SP_1.5.25.8" HPOS="5476" VPOS="10584" WIDTH="68"/>
						<String CONTENT="Stout," ID="St_1.5.25.9" HPOS="5576" VPOS="10588" HEIGHT="96" WIDTH="324" STYLEREFS="Style_10" WC="0.952222222222222" CC="000000"/>
						<SP ID="SP_1.5.25.10" HPOS="5884" VPOS="10616" WIDTH="48"/>
						<String CONTENT="R" ID="St_1.5.25.11" HPOS="5972" VPOS="10588" HEIGHT="84" WIDTH="68" STYLEREFS="Style_10" WC="0.942222222222222" CC="4"/>
						<String CONTENT="ex." ID="St_1.5.25.12" HPOS="6056" VPOS="10612" HEIGHT="60" WIDTH="168" STYLEREFS="Style_10" WC="0.946666666666667" CC="000"/>
					</TextLine>
					<TextLine ID="TL_1.5.26" HPOS="3688" VPOS="10860" HEIGHT="104" WIDTH="2584">
						<String CONTENT="MICHEL-TYL," ID="St_1.5.26.1" HPOS="3688" VPOS="10864" HEIGHT="96" WIDTH="876" STYLEREFS="Style_10" WC="1" CC="00000000000"/>
						<SP ID="SP_1.5.26.2" HPOS="4548" VPOS="10888" WIDTH="48"/>
						<String CONTENT="MADELEINE" ID="St_1.5.26.3" HPOS="4636" VPOS="10864" HEIGHT="84" WIDTH="776" STYLEREFS="Style_10" WC="1" CC="000000000"/>
						<SP ID="SP_1.5.26.4" HPOS="5368" VPOS="10860" WIDTH="72"/>
						<String CONTENT="EDM" ID="St_1.5.26.5" HPOS="5472" VPOS="10864" HEIGHT="84" WIDTH="292" STYLEREFS="Style_10" WC="1" CC="000"/>
						<String CONTENT="O" ID="St_1.5.26.6" HPOS="5768" VPOS="10864" HEIGHT="84" WIDTH="84" STYLEREFS="Style_10" WC="1" CC="0"/>
						<String CONTENT="ND," ID="St_1.5.26.7" HPOS="5860" VPOS="10868" HEIGHT="96" WIDTH="204" STYLEREFS="Style_10" WC="1" CC="000"/>
						<SP ID="SP_1.5.26.8" HPOS="6048" VPOS="10892" WIDTH="44"/>
						<String CONTENT="tr." ID="St_1.5.26.9" HPOS="6128" VPOS="10872" HEIGHT="80" WIDTH="144" STYLEREFS="Style_10" WC="1" CC="000"/>
					</TextLine>
					<TextLine ID="TL_1.5.27" HPOS="3768" VPOS="10984" HEIGHT="108" WIDTH="2208">
						<String CONTENT="Sept" ID="St_1.5.27.1" HPOS="3768" VPOS="10984" HEIGHT="108" WIDTH="240" STYLEREFS="Style_10" WC="1" CC="0000"/>
						<SP ID="SP_1.5.27.2" HPOS="3988" VPOS="10984" WIDTH="48"/>
						<String CONTENT="millions" ID="St_1.5.27.3" HPOS="4072" VPOS="10988" HEIGHT="84" WIDTH="476" STYLEREFS="Style_10" WC="1" CC="00000000"/>
						<SP ID="SP_1.5.27.4" HPOS="4516" VPOS="10992" WIDTH="64"/>
						<String CONTENT="de" ID="St_1.5.27.5" HPOS="4616" VPOS="10988" HEIGHT="84" WIDTH="116" STYLEREFS="Style_10" WC="1" CC="00"/>
						<SP ID="SP_1.5.27.6" HPOS="4700" VPOS="10996" WIDTH="60"/>
						<String CONTENT="dollars." ID="St_1.5.27.7" HPOS="4796" VPOS="10988" HEIGHT="92" WIDTH="456" STYLEREFS="Style_10" WC="1" CC="00000000"/>
						<SP ID="SP_1.5.27.8" HPOS="5236" VPOS="11016" WIDTH="68"/>
						<String CONTENT="SEE" ID="St_1.5.27.9" HPOS="5360" VPOS="10988" HEIGHT="84" WIDTH="236" STYLEREFS="Style_10" WC="1" CC="000"/>
						<SP ID="SP_1.5.27.10" HPOS="5552" VPOS="10984" WIDTH="72"/>
						<String CONTENT="Stout," ID="St_1.5.27.11" HPOS="5656" VPOS="10988" HEIGHT="100" WIDTH="320" STYLEREFS="Style_10" WC="1" CC="000000"/>
					</TextLine>
					<TextLine ID="TL_1.5.28" HPOS="3856" VPOS="11120" HEIGHT="80" WIDTH="264">
						<String CONTENT="Rex." ID="St_1.5.28.1" HPOS="3856" VPOS="11120" HEIGHT="80" WIDTH="264" STYLEREFS="Style_10" WC="1" CC="0000"/>
					</TextLine>
					<TextLine ID="TL_1.5.29" HPOS="3692" VPOS="11396" HEIGHT="104" WIDTH="2592">
						<String CONTENT="MICHEL-TYL," ID="St_1.5.29.1" HPOS="3692" VPOS="11400" HEIGHT="100" WIDTH="884" STYLEREFS="Style_10" WC="1" CC="00000000000"/>
						<SP ID="SP_1.5.29.2" HPOS="4556" VPOS="11424" WIDTH="52"/>
						<String CONTENT="MADELE" ID="St_1.5.29.3" HPOS="4648" VPOS="11400" HEIGHT="84" WIDTH="552" STYLEREFS="Style_10" WC="1" CC="000000"/>
						<String CONTENT="IN" ID="St_1.5.29.4" HPOS="5216" VPOS="11404" HEIGHT="80" WIDTH="120" STYLEREFS="Style_10" WC="0.972222222222222" CC="14"/>
						<String CONTENT="E" ID="St_1.5.29.5" HPOS="5352" VPOS="11404" HEIGHT="80" WIDTH="76" STYLEREFS="Style_10" WC="0.973333333333333" CC="0"/>
						<SP ID="SP_1.5.29.6" HPOS="5384" VPOS="11396" WIDTH="72"/>
						<String CONTENT="EDMOND," ID="St_1.5.29.7" HPOS="5492" VPOS="11400" HEIGHT="88" WIDTH="580" STYLEREFS="Style_10" WC="0.964444444444444" CC="0000004"/>
						<SP ID="SP_1.5.29.8" HPOS="6016" VPOS="11396" WIDTH="76"/>
						<String CONTENT="tr." ID="St_1.5.29.9" HPOS="6144" VPOS="11412" HEIGHT="72" WIDTH="140" STYLEREFS="Style_10" WC="0.945555555555556" CC="114"/>
					</TextLine>
					<TextLine ID="TL_1.5.30" HPOS="3788" VPOS="11516" HEIGHT="108" WIDTH="2092">
						<String CONTENT="La" ID="St_1.5.30.1" HPOS="3788" VPOS="11524" HEIGHT="84" WIDTH="144" STYLEREFS="Style_10" WC="1" CC="00"/>
						<SP ID="SP_1.5.30.2" HPOS="3900" VPOS="11528" WIDTH="60"/>
						<String CONTENT="voix" ID="St_1.5.30.3" HPOS="3992" VPOS="11528" HEIGHT="80" WIDTH="232" STYLEREFS="Style_10" WC="1" CC="0000"/>
						<SP ID="SP_1.5.30.4" HPOS="4192" VPOS="11528" WIDTH="60"/>
						<String CONTENT="du" ID="St_1.5.30.5" HPOS="4284" VPOS="11524" HEIGHT="84" WIDTH="120" STYLEREFS="Style_10" WC="1" CC="00"/>
						<SP ID="SP_1.5.30.6" HPOS="4372" VPOS="11528" WIDTH="60"/>
						<String CONTENT="mort." ID="St_1.5.30.7" HPOS="4468" VPOS="11532" HEIGHT="80" WIDTH="320" STYLEREFS="Style_10" WC="1" CC="00000"/>
						<SP ID="SP_1.5.30.8" HPOS="4776" VPOS="11548" WIDTH="72"/>
						<String CONTENT="SEE" ID="St_1.5.30.9" HPOS="4916" VPOS="11524" HEIGHT="84" WIDTH="232" STYLEREFS="Style_10" WC="1" CC="000"/>
						<SP ID="SP_1.5.30.10" HPOS="5104" VPOS="11516" WIDTH="84"/>
						<String CONTENT="Stout," ID="St_1.5.30.11" HPOS="5232" VPOS="11524" HEIGHT="100" WIDTH="328" STYLEREFS="Style_10" WC="1" CC="000000"/>
						<SP ID="SP_1.5.30.12" HPOS="5540" VPOS="11548" WIDTH="48"/>
						<String CONTENT="R" ID="St_1.5.30.13" HPOS="5624" VPOS="11524" HEIGHT="84" WIDTH="68" STYLEREFS="Style_10" WC="0.984444444444444" CC="4"/>
						<String CONTENT="ex." ID="St_1.5.30.14" HPOS="5716" VPOS="11548" HEIGHT="64" WIDTH="164" STYLEREFS="Style_10" WC="0.985555555555556" CC="000"/>
					</TextLine>
					<TextLine ID="TL_1.5.31" HPOS="3712" VPOS="11812" HEIGHT="116" WIDTH="2232">
						<String CONTENT="MICHELL," ID="St_1.5.31.1" HPOS="3712" VPOS="11824" HEIGHT="96" WIDTH="640" STYLEREFS="Style_10" WC="1" CC="00000000"/>
						<SP ID="SP_1.5.31.2" HPOS="4336" VPOS="11844" WIDTH="44"/>
						<String CONTENT="ROBERT" ID="St_1.5.31.3" HPOS="4416" VPOS="11824" HEIGHT="80" WIDTH="536" STYLEREFS="Style_10" WC="1" CC="000000"/>
						<SP ID="SP_1.5.31.4" HPOS="4904" VPOS="11812" WIDTH="72"/>
						<String CONTENT="BELL," ID="St_1.5.31.5" HPOS="5008" VPOS="11824" HEIGHT="96" WIDTH="388" STYLEREFS="Style_10" WC="1" CC="00000"/>
						<SP ID="SP_1.5.31.6" HPOS="5380" VPOS="11848" WIDTH="44"/>
						<String CONTENT="joint" ID="St_1.5.31.7" HPOS="5460" VPOS="11824" HEIGHT="104" WIDTH="264" STYLEREFS="Style_10" WC="1" CC="00000"/>
						<SP ID="SP_1.5.31.8" HPOS="5704" VPOS="11816" WIDTH="48"/>
						<String CONTENT="ed." ID="St_1.5.31.9" HPOS="5784" VPOS="11824" HEIGHT="88" WIDTH="160" STYLEREFS="Style_10" WC="1" CC="000"/>
					</TextLine>
					<TextLine ID="TL_1.5.32" HPOS="3800" VPOS="11936" HEIGHT="116" WIDTH="2236">
						<String CONTENT="Eight" ID="St_1.5.32.1" HPOS="3800" VPOS="11944" HEIGHT="108" WIDTH="316" STYLEREFS="Style_10" WC="1" CC="00000"/>
						<SP ID="SP_1.5.32.2" HPOS="4092" VPOS="11936" WIDTH="48"/>
						<String CONTENT="centuries" ID="St_1.5.32.3" HPOS="4168" VPOS="11944" HEIGHT="84" WIDTH="552" STYLEREFS="Style_10" WC="1" CC="000000000"/>
						<SP ID="SP_1.5.32.4" HPOS="4688" VPOS="11948" WIDTH="60"/>
						<String CONTENT="of" ID="St_1.5.32.5" HPOS="4784" VPOS="11944" HEIGHT="84" WIDTH="108" STYLEREFS="Style_10" WC="1" CC="00"/>
						<SP ID="SP_1.5.32.6" HPOS="4868" VPOS="11936" WIDTH="44"/>
						<String CONTENT="French" ID="St_1.5.32.7" HPOS="4940" VPOS="11944" HEIGHT="84" WIDTH="428" STYLEREFS="Style_10" WC="1" CC="000000"/>
						<SP ID="SP_1.5.32.8" HPOS="5328" VPOS="11936" WIDTH="60"/>
						<String CONTENT="literature." ID="St_1.5.32.9" HPOS="5420" VPOS="11944" HEIGHT="88" WIDTH="616" STYLEREFS="Style_10" WC="1" CC="00000000000"/>
					</TextLine>
					<TextLine ID="TL_1.5.33" HPOS="3892" VPOS="12064" HEIGHT="116" WIDTH="1164">
						<String CONTENT="SEE" ID="St_1.5.33.1" HPOS="3892" VPOS="12068" HEIGHT="84" WIDTH="236" STYLEREFS="Style_10" WC="1" CC="000"/>
						<SP ID="SP_1.5.33.2" HPOS="4084" VPOS="12064" WIDTH="72"/>
						<String CONTENT="Bradley," ID="St_1.5.33.3" HPOS="4192" VPOS="12068" HEIGHT="112" WIDTH="500" STYLEREFS="Style_10" WC="1" CC="00000000"/>
						<SP ID="SP_1.5.33.4" HPOS="4676" VPOS="12096" WIDTH="44"/>
						<String CONTENT="R." ID="St_1.5.33.5" HPOS="4756" VPOS="12072" HEIGHT="84" WIDTH="120" STYLEREFS="Style_10" WC="1" CC="00"/>
						<SP ID="SP_1.5.33.6" HPOS="4864" VPOS="12096" WIDTH="40"/>
						<String CONTENT="F." ID="St_1.5.33.7" HPOS="4940" VPOS="12072" HEIGHT="84" WIDTH="116" STYLEREFS="Style_10" WC="1" CC="00"/>
					</TextLine>
				</TextBlock>
				<TextBlock ID="TB_1.6" HPOS="6656" VPOS="684" WIDTH="3216" HEIGHT="11512">
					<TextLine ID="TL_1.6.1" HPOS="6752" VPOS="796" HEIGHT="104" WIDTH="2048">
						<String CONTENT="MICHELS," ID="St_1.6.1.1" HPOS="6752" VPOS="796" HEIGHT="104" WIDTH="624" STYLEREFS="Style_10" WC="1" CC="00000000"/>
						<SP ID="SP_1.6.1.2" HPOS="7356" VPOS="832" WIDTH="44"/>
						<String CONTENT="WALTER" ID="St_1.6.1.3" HPOS="7440" VPOS="800" HEIGHT="88" WIDTH="564" STYLEREFS="Style_10" WC="1" CC="000000"/>
						<SP ID="SP_1.6.1.4" HPOS="7956" VPOS="800" WIDTH="72"/>
						<String CONTENT="CHRISTIAN." ID="St_1.6.1.5" HPOS="8060" VPOS="800" HEIGHT="92" WIDTH="740" STYLEREFS="Style_10" WC="1" CC="0000000000"/>
					</TextLine>
					<TextLine ID="TL_1.6.2" HPOS="6852" VPOS="920" HEIGHT="116" WIDTH="2588">
						<String CONTENT="Elements" ID="St_1.6.2.1" HPOS="6852" VPOS="920" HEIGHT="84" WIDTH="556" STYLEREFS="Style_10" WC="1" CC="00000000"/>
						<SP ID="SP_1.6.2.2" HPOS="7372" VPOS="936" WIDTH="60"/>
						<String CONTENT="of" ID="St_1.6.2.3" HPOS="7472" VPOS="924" HEIGHT="84" WIDTH="108" STYLEREFS="Style_10" WC="1" CC="00"/>
						<SP ID="SP_1.6.2.4" HPOS="7548" VPOS="924" WIDTH="48"/>
						<String CONTENT="modern" ID="St_1.6.2.5" HPOS="7624" VPOS="924" HEIGHT="84" WIDTH="452" STYLEREFS="Style_10" WC="1" CC="000000"/>
						<SP ID="SP_1.6.2.6" HPOS="8036" VPOS="936" WIDTH="60"/>
						<String CONTENT="physics," ID="St_1.6.2.7" HPOS="8128" VPOS="924" HEIGHT="112" WIDTH="480" STYLEREFS="Style_10" WC="1" CC="00000000"/>
						<SP ID="SP_1.6.2.8" HPOS="8588" VPOS="956" WIDTH="44"/>
						<String CONTENT="by" ID="St_1.6.2.9" HPOS="8672" VPOS="924" HEIGHT="112" WIDTH="140" STYLEREFS="Style_10" WC="1" CC="00"/>
						<SP ID="SP_1.6.2.10" HPOS="8768" VPOS="936" WIDTH="56"/>
						<String CONTENT="Walter" ID="St_1.6.2.11" HPOS="8852" VPOS="924" HEIGHT="84" WIDTH="404" STYLEREFS="Style_10" WC="1" CC="000000"/>
						<SP ID="SP_1.6.2.12" HPOS="9220" VPOS="936" WIDTH="56"/>
						<String CONTENT="C." ID="St_1.6.2.13" HPOS="9312" VPOS="920" HEIGHT="96" WIDTH="128" STYLEREFS="Style_10" WC="1" CC="00"/>
					</TextLine>
					<TextLine ID="TL_1.6.3" HPOS="6936" VPOS="1036" HEIGHT="124" WIDTH="2424">
						<String CONTENT="Michels" ID="St_1.6.3.1" HPOS="6936" VPOS="1036" HEIGHT="88" WIDTH="468" STYLEREFS="Style_10" WC="1" CC="0000000"/>
						<SP ID="SP_1.6.3.2" HPOS="7368" VPOS="1048" WIDTH="60"/>
						<String CONTENT="and" ID="St_1.6.3.3" HPOS="7468" VPOS="1044" HEIGHT="80" WIDTH="196" STYLEREFS="Style_10" WC="1" CC="000"/>
						<SP ID="SP_1.6.3.4" HPOS="7624" VPOS="1040" WIDTH="56"/>
						<String CONTENT="A." ID="St_1.6.3.5" HPOS="7712" VPOS="1036" HEIGHT="96" WIDTH="132" STYLEREFS="Style_10" WC="1" CC="00"/>
						<SP ID="SP_1.6.3.6" HPOS="7824" VPOS="1076" WIDTH="44"/>
						<String CONTENT="L." ID="St_1.6.3.7" HPOS="7904" VPOS="1044" HEIGHT="88" WIDTH="124" STYLEREFS="Style_10" WC="1" CC="00"/>
						<SP ID="SP_1.6.3.8" HPOS="8008" VPOS="1076" WIDTH="40"/>
						<String CONTENT="Patterson." ID="St_1.6.3.9" HPOS="8084" VPOS="1040" HEIGHT="92" WIDTH="620" STYLEREFS="Style_10" WC="1" CC="0000000000"/>
						<SP ID="SP_1.6.3.10" HPOS="8688" VPOS="1076" WIDTH="88"/>
						<String CONTENT="Illus." ID="St_1.6.3.11" HPOS="8856" VPOS="1044" HEIGHT="92" WIDTH="308" STYLEREFS="Style_10" WC="1" CC="000000"/>
						<SP ID="SP_1.6.3.12" HPOS="9148" VPOS="1076" WIDTH="40"/>
						<String CONTENT="by" ID="St_1.6.3.13" HPOS="9220" VPOS="1044" HEIGHT="116" WIDTH="140" STYLEREFS="Style_10" WC="1" CC="00"/>
					</TextLine>
					<TextLine ID="TL_1.6.4" HPOS="6936" VPOS="1156" HEIGHT="120" WIDTH="2140">
						<String CONTENT="Richard" ID="St_1.6.4.1" HPOS="6936" VPOS="1156" HEIGHT="88" WIDTH="476" STYLEREFS="Style_10" WC="1" CC="0000000"/>
						<SP ID="SP_1.6.4.2" HPOS="7376" VPOS="1160" WIDTH="60"/>
						<String CONTENT="Barbera" ID="St_1.6.4.3" HPOS="7468" VPOS="1160" HEIGHT="88" WIDTH="496" STYLEREFS="Style_10" WC="1" CC="0000000"/>
						<SP ID="SP_1.6.4.4" HPOS="7924" VPOS="1172" WIDTH="60"/>
						<String CONTENT="and" ID="St_1.6.4.5" HPOS="8016" VPOS="1160" HEIGHT="88" WIDTH="196" STYLEREFS="Style_10" WC="1" CC="000"/>
						<SP ID="SP_1.6.4.6" HPOS="8172" VPOS="1160" WIDTH="60"/>
						<String CONTENT="George" ID="St_1.6.4.7" HPOS="8264" VPOS="1160" HEIGHT="116" WIDTH="420" STYLEREFS="Style_10" WC="1" CC="000000"/>
						<SP ID="SP_1.6.4.8" HPOS="8648" VPOS="1172" WIDTH="60"/>
						<String CONTENT="Berk." ID="St_1.6.4.9" HPOS="8744" VPOS="1160" HEIGHT="96" WIDTH="332" STYLEREFS="Style_10" WC="1" CC="00000"/>
					</TextLine>
					<TextLine ID="TL_1.6.5" HPOS="6940" VPOS="1276" HEIGHT="148" WIDTH="2240">
						<String CONTENT="659" ID="St_1.6.5.1" HPOS="6940" VPOS="1280" HEIGHT="84" WIDTH="192" STYLEREFS="Style_10" WC="1" CC="000"/>
						<SP ID="SP_1.6.5.2" HPOS="7100" VPOS="1276" WIDTH="60"/>
						<String CONTENT="p." ID="St_1.6.5.3" HPOS="7196" VPOS="1304" HEIGHT="80" WIDTH="92" STYLEREFS="Style_10" WC="0.944444444444444" CC="03"/>
						<SP ID="SP_1.6.5.4" HPOS="7280" VPOS="1276" WIDTH="140"/>
						<String CONTENT="&#169;" ID="St_1.6.5.5" HPOS="7460" VPOS="1400" HEIGHT="0" WIDTH="72" STYLEREFS="Style_10" WC="0.916666666666667" CC="0"/>
						<SP ID="SP_1.6.5.6" HPOS="7520" VPOS="1352" WIDTH="44"/>
						<String CONTENT="D." ID="St_1.6.5.7" HPOS="7580" VPOS="1276" HEIGHT="84" WIDTH="112" STYLEREFS="Style_10" WC="0.867777777777778" CC="33"/>
						<SP ID="SP_1.6.5.8" HPOS="7688" VPOS="1336" WIDTH="72"/>
						<String CONTENT="Van" ID="St_1.6.5.9" HPOS="7760" VPOS="1276" HEIGHT="84" WIDTH="216" STYLEREFS="Style_10" WC="0.828888888888889" CC="333"/>
						<SP ID="SP_1.6.5.10" HPOS="7908" VPOS="1340" WIDTH="56"/>
						<String CONTENT="Nostrand" ID="St_1.6.5.11" HPOS="8032" VPOS="1280" HEIGHT="88" WIDTH="536" STYLEREFS="Style_10" WC="0.833333333333333" CC="00003333"/>
						<SP ID="SP_1.6.5.12" HPOS="8412" VPOS="1280" WIDTH="48"/>
						<String CONTENT="Co.," ID="St_1.6.5.13" HPOS="8632" VPOS="1280" HEIGHT="108" WIDTH="232" STYLEREFS="Style_10" WC="0.857777777777778" CC="0000"/>
						<SP ID="SP_1.6.5.14" HPOS="8840" VPOS="1312" WIDTH="48"/>
						<String CONTENT="inc.," ID="St_1.6.5.15" HPOS="8928" VPOS="1288" HEIGHT="100" WIDTH="252" STYLEREFS="Style_10" WC="0.863333333333333" CC="33000"/>
					</TextLine>
					<TextLine ID="TL_1.6.6" HPOS="6936" VPOS="1392" HEIGHT="96" WIDTH="1664">
						<String CONTENT="New" ID="St_1.6.6.1" HPOS="6936" VPOS="1396" HEIGHT="80" WIDTH="244" STYLEREFS="Style_10" WC="0.666666666666667" CC="333"/>
						<SP ID="SP_1.6.6.2" HPOS="7176" VPOS="1392" WIDTH="52"/>
						<String CONTENT="York;" ID="St_1.6.6.3" HPOS="7232" VPOS="1396" HEIGHT="88" WIDTH="316" STYLEREFS="Style_10" WC="0.666666666666667" CC="33333"/>
						<SP ID="SP_1.6.6.4" HPOS="7544" VPOS="1392" WIDTH="72"/>
						<String CONTENT="7Feb51;" ID="St_1.6.6.5" HPOS="7624" VPOS="1396" HEIGHT="92" WIDTH="448" STYLEREFS="Style_10" WC="0.666666666666667" CC="3333333"/>
						<SP ID="SP_1.6.6.6" HPOS="8068" VPOS="1396" WIDTH="68"/>
						<String CONTENT="A53041." ID="St_1.6.6.7" HPOS="8140" VPOS="1396" HEIGHT="88" WIDTH="460" STYLEREFS="Style_10" WC="0.666666666666667" CC="3333333"/>
					</TextLine>
					<TextLine ID="TL_1.6.7" HPOS="6736" VPOS="1692" HEIGHT="104" WIDTH="1848">
						<String CONTENT="MICHENER," ID="St_1.6.7.1" HPOS="6736" VPOS="1692" HEIGHT="104" WIDTH="728" STYLEREFS="Style_10" WC="1" CC="000000000"/>
						<SP ID="SP_1.6.7.2" HPOS="7444" VPOS="1728" WIDTH="48"/>
						<String CONTENT="JAMES" ID="St_1.6.7.3" HPOS="7532" VPOS="1696" HEIGHT="84" WIDTH="424" STYLEREFS="Style_10" WC="1" CC="00000"/>
						<SP ID="SP_1.6.7.4" HPOS="7916" VPOS="1696" WIDTH="56"/>
						<String CONTENT="ALBERT." ID="St_1.6.7.5" HPOS="8004" VPOS="1700" HEIGHT="84" WIDTH="580" STYLEREFS="Style_10" WC="1" CC="0000000"/>
					</TextLine>
					<TextLine ID="TL_1.6.8" HPOS="6828" VPOS="1820" HEIGHT="120" WIDTH="2504">
						<String CONTENT="Return" ID="St_1.6.8.1" HPOS="6828" VPOS="1820" HEIGHT="80" WIDTH="400" STYLEREFS="Style_10" WC="1" CC="000000"/>
						<SP ID="SP_1.6.8.2" HPOS="7192" VPOS="1832" WIDTH="56"/>
						<String CONTENT="to" ID="St_1.6.8.3" HPOS="7280" VPOS="1828" HEIGHT="76" WIDTH="108" STYLEREFS="Style_10" WC="1" CC="00"/>
						<SP ID="SP_1.6.8.4" HPOS="7352" VPOS="1832" WIDTH="60"/>
						<String CONTENT="paradise." ID="St_1.6.8.5" HPOS="7444" VPOS="1824" HEIGHT="104" WIDTH="548" STYLEREFS="Style_10" WC="1" CC="000000000"/>
						<SP ID="SP_1.6.8.6" HPOS="7976" VPOS="1852" WIDTH="68"/>
						<String CONTENT="[Essays" ID="St_1.6.8.7" HPOS="8100" VPOS="1820" HEIGHT="112" WIDTH="464" STYLEREFS="Style_10" WC="0.983333333333333" CC="4000000"/>
						<SP ID="SP_1.6.8.8" HPOS="8532" VPOS="1836" WIDTH="56"/>
						<String CONTENT="and" ID="St_1.6.8.9" HPOS="8624" VPOS="1832" HEIGHT="76" WIDTH="188" STYLEREFS="Style_10" WC="0.985555555555556" CC="000"/>
						<SP ID="SP_1.6.8.10" HPOS="8776" VPOS="1824" WIDTH="60"/>
						<String CONTENT="stories]" ID="St_1.6.8.11" HPOS="8876" VPOS="1832" HEIGHT="108" WIDTH="456" STYLEREFS="Style_10" WC="0.988888888888889" CC="00000000"/>
					</TextLine>
					<TextLine ID="TL_1.6.9" HPOS="6916" VPOS="1948" HEIGHT="120" WIDTH="2584">
						<String CONTENT="[Ten" ID="St_1.6.9.1" HPOS="6916" VPOS="1948" HEIGHT="104" WIDTH="264" STYLEREFS="Style_10" WC="1" CC="0000"/>
						<SP ID="SP_1.6.9.2" HPOS="7144" VPOS="1960" WIDTH="60"/>
						<String CONTENT="of" ID="St_1.6.9.3" HPOS="7236" VPOS="1948" HEIGHT="80" WIDTH="108" STYLEREFS="Style_10" WC="1" CC="00"/>
						<SP ID="SP_1.6.9.4" HPOS="7316" VPOS="1948" WIDTH="48"/>
						<String CONTENT="the" ID="St_1.6.9.5" HPOS="7396" VPOS="1952" HEIGHT="80" WIDTH="168" STYLEREFS="Style_10" WC="1" CC="000"/>
						<SP ID="SP_1.6.9.6" HPOS="7528" VPOS="1960" WIDTH="60"/>
						<String CONTENT="stories" ID="St_1.6.9.7" HPOS="7628" VPOS="1952" HEIGHT="84" WIDTH="412" STYLEREFS="Style_10" WC="1" CC="0000000"/>
						<SP ID="SP_1.6.9.8" HPOS="8008" VPOS="1960" WIDTH="56"/>
						<String CONTENT="originally" ID="St_1.6.9.9" HPOS="8104" VPOS="1952" HEIGHT="112" WIDTH="580" STYLEREFS="Style_10" WC="1" CC="0000000000"/>
						<SP ID="SP_1.6.9.10" HPOS="8644" VPOS="1964" WIDTH="56"/>
						<String CONTENT="pub." ID="St_1.6.9.11" HPOS="8732" VPOS="1956" HEIGHT="104" WIDTH="236" STYLEREFS="Style_10" WC="1" CC="0000"/>
						<SP ID="SP_1.6.9.12" HPOS="8948" VPOS="1984" WIDTH="44"/>
						<String CONTENT="serially" ID="St_1.6.9.13" HPOS="9036" VPOS="1960" HEIGHT="108" WIDTH="464" STYLEREFS="Style_10" WC="1" CC="00000000"/>
					</TextLine>
					<TextLine ID="TL_1.6.10" HPOS="6920" VPOS="2064" HEIGHT="112" WIDTH="2092">
						<String CONTENT="in" ID="St_1.6.10.1" HPOS="6920" VPOS="2072" HEIGHT="72" WIDTH="104" STYLEREFS="Style_10" WC="1" CC="00"/>
						<SP ID="SP_1.6.10.2" HPOS="6988" VPOS="2076" WIDTH="60"/>
						<String CONTENT="various" ID="St_1.6.10.3" HPOS="7080" VPOS="2072" HEIGHT="80" WIDTH="440" STYLEREFS="Style_10" WC="1" CC="0000000"/>
						<SP ID="SP_1.6.10.4" HPOS="7488" VPOS="2076" WIDTH="56"/>
						<String CONTENT="magazines]" ID="St_1.6.10.5" HPOS="7576" VPOS="2072" HEIGHT="104" WIDTH="668" STYLEREFS="Style_10" WC="1" CC="0000000000"/>
						<SP ID="SP_1.6.10.6" HPOS="8224" VPOS="2064" WIDTH="88"/>
						<String CONTENT="New" ID="St_1.6.10.7" HPOS="8392" VPOS="2072" HEIGHT="84" WIDTH="240" STYLEREFS="Style_10" WC="1" CC="000"/>
						<SP ID="SP_1.6.10.8" HPOS="8584" VPOS="2076" WIDTH="68"/>
						<String CONTENT="York," ID="St_1.6.10.9" HPOS="8684" VPOS="2072" HEIGHT="100" WIDTH="328" STYLEREFS="Style_10" WC="1" CC="00000"/>
					</TextLine>
					<TextLine ID="TL_1.6.11" HPOS="6920" VPOS="2192" HEIGHT="120" WIDTH="2512">
						<String CONTENT="Random" ID="St_1.6.11.1" HPOS="6920" VPOS="2192" HEIGHT="84" WIDTH="464" STYLEREFS="Style_10" WC="1" CC="000000"/>
						<SP ID="SP_1.6.11.2" HPOS="7324" VPOS="2200" WIDTH="84"/>
						<String CONTENT="House." ID="St_1.6.11.3" HPOS="7440" VPOS="2192" HEIGHT="88" WIDTH="392" STYLEREFS="Style_10" WC="1" CC="000000"/>
						<SP ID="SP_1.6.11.4" HPOS="7816" VPOS="2224" WIDTH="88"/>
						<String CONTENT="437" ID="St_1.6.11.5" HPOS="7988" VPOS="2192" HEIGHT="88" WIDTH="188" STYLEREFS="Style_10" WC="1" CC="000"/>
						<SP ID="SP_1.6.11.6" HPOS="8144" VPOS="2192" WIDTH="56"/>
						<String CONTENT="p." ID="St_1.6.11.7" HPOS="8236" VPOS="2220" HEIGHT="80" WIDTH="100" STYLEREFS="Style_10" WC="1" CC="00"/>
						<SP ID="SP_1.6.11.8" HPOS="8316" VPOS="2224" WIDTH="92"/>
						<String CONTENT="&#169;" ID="St_1.6.11.9" HPOS="8484" VPOS="2192" HEIGHT="80" WIDTH="80" STYLEREFS="Style_10" WC="0.978888888888889" CC="4"/>
						<SP ID="SP_1.6.11.10" HPOS="8524" VPOS="2192" WIDTH="68"/>
						<String CONTENT="on" ID="St_1.6.11.11" HPOS="8624" VPOS="2220" HEIGHT="64" WIDTH="128" STYLEREFS="Style_10" WC="0.982222222222222" CC="00"/>
						<SP ID="SP_1.6.11.12" HPOS="8712" VPOS="2204" WIDTH="56"/>
						<String CONTENT="full-length" ID="St_1.6.11.13" HPOS="8800" VPOS="2196" HEIGHT="116" WIDTH="632" STYLEREFS="Style_10" WC="0.987777777777778" CC="00000000000"/>
					</TextLine>
					<TextLine ID="TL_1.6.12" HPOS="6916" VPOS="2312" HEIGHT="104" WIDTH="2072">
						<String CONTENT="book" ID="St_1.6.12.1" HPOS="6916" VPOS="2312" HEIGHT="84" WIDTH="260" STYLEREFS="Style_10" WC="0.888888888888889" CC="4000"/>
						<SP ID="SP_1.6.12.2" HPOS="7140" VPOS="2312" WIDTH="60"/>
						<String CONTENT="version;" ID="St_1.6.12.3" HPOS="7236" VPOS="2316" HEIGHT="96" WIDTH="480" STYLEREFS="Style_10" WC="0.965555555555556" CC="00000000"/>
						<SP ID="SP_1.6.12.4" HPOS="7696" VPOS="2328" WIDTH="44"/>
						<String CONTENT="James" ID="St_1.6.12.5" HPOS="7780" VPOS="2316" HEIGHT="84" WIDTH="372" STYLEREFS="Style_10" WC="0.975555555555556" CC="00000"/>
						<SP ID="SP_1.6.12.6" HPOS="8120" VPOS="2328" WIDTH="56"/>
						<String CONTENT="A." ID="St_1.6.12.7" HPOS="8208" VPOS="2316" HEIGHT="88" WIDTH="124" STYLEREFS="Style_10" WC="0.978888888888889" CC="00"/>
						<SP ID="SP_1.6.12.8" HPOS="8316" VPOS="2348" WIDTH="40"/>
						<String CONTENT="Michener;" ID="St_1.6.12.9" HPOS="8392" VPOS="2320" HEIGHT="96" WIDTH="596" STYLEREFS="Style_10" WC="0.985555555555556" CC="000000000"/>
					</TextLine>
					<TextLine ID="TL_1.6.13" HPOS="6920" VPOS="2436" HEIGHT="96" WIDTH="1072">
						<String CONTENT="20Mar5" ID="St_1.6.13.1" HPOS="6920" VPOS="2436" HEIGHT="84" WIDTH="440" STYLEREFS="Style_10" WC="1" CC="000000"/>
						<String CONTENT="1" ID="St_1.6.13.2" HPOS="7364" VPOS="2444" HEIGHT="76" WIDTH="52" STYLEREFS="Style_10" WC="0.935555555555556" CC="4"/>
						<String CONTENT=";" ID="St_1.6.13.3" HPOS="7444" VPOS="2464" HEIGHT="68" WIDTH="24" STYLEREFS="Style_10" WC="0.944444444444444" CC="0"/>
						<SP ID="SP_1.6.13.4" HPOS="7448" VPOS="2452" WIDTH="44"/>
						<String CONTENT="A53900." ID="St_1.6.13.5" HPOS="7532" VPOS="2436" HEIGHT="92" WIDTH="460" STYLEREFS="Style_10" WC="0.972222222222222" CC="0000000"/>
					</TextLine>
					<TextLine ID="TL_1.6.14" HPOS="6732" VPOS="2704" HEIGHT="108" WIDTH="2104">
						<String CONTENT="MICHIE." ID="St_1.6.14.1" HPOS="6732" VPOS="2704" HEIGHT="92" WIDTH="516" STYLEREFS="Style_10" WC="1" CC="0000000"/>
						<SP ID="SP_1.6.14.2" HPOS="7228" VPOS="2736" WIDTH="40"/>
						<String CONTENT="ADD" ID="St_1.6.14.3" HPOS="7300" VPOS="2708" HEIGHT="84" WIDTH="264" STYLEREFS="Style_10" WC="1" CC="000"/>
						<String CONTENT="I" ID="St_1.6.14.4" HPOS="7576" VPOS="2712" HEIGHT="80" WIDTH="36" STYLEREFS="Style_10" WC="0.962222222222222" CC="4"/>
						<String CONTENT="NELL" ID="St_1.6.14.5" HPOS="7624" VPOS="2712" HEIGHT="80" WIDTH="356" STYLEREFS="Style_10" WC="0.972222222222222" CC="0000"/>
						<SP ID="SP_1.6.14.6" HPOS="7932" VPOS="2708" WIDTH="68"/>
						<String CONTENT="HEWSON," ID="St_1.6.14.7" HPOS="8032" VPOS="2712" HEIGHT="100" WIDTH="584" STYLEREFS="Style_10" WC="0.981111111111111" CC="0000000"/>
						<SP ID="SP_1.6.14.8" HPOS="8596" VPOS="2740" WIDTH="40"/>
						<String CONTENT="ed." ID="St_1.6.14.9" HPOS="8668" VPOS="2720" HEIGHT="84" WIDTH="168" STYLEREFS="Style_10" WC="0.983333333333333" CC="000"/>
					</TextLine>
					<TextLine ID="TL_1.6.15" HPOS="6824" VPOS="2824" HEIGHT="124" WIDTH="2596">
						<String CONTENT="Banks" ID="St_1.6.15.1" HPOS="6824" VPOS="2824" HEIGHT="88" WIDTH="352" STYLEREFS="Style_10" WC="1" CC="00000"/>
						<SP ID="SP_1.6.15.2" HPOS="7144" VPOS="2840" WIDTH="56"/>
						<String CONTENT="and" ID="St_1.6.15.3" HPOS="7232" VPOS="2828" HEIGHT="84" WIDTH="196" STYLEREFS="Style_10" WC="1" CC="000"/>
						<SP ID="SP_1.6.15.4" HPOS="7388" VPOS="2828" WIDTH="60"/>
						<String CONTENT="banking." ID="St_1.6.15.5" HPOS="7484" VPOS="2828" HEIGHT="112" WIDTH="484" STYLEREFS="Style_10" WC="1" CC="00000000"/>
						<SP ID="SP_1.6.15.6" HPOS="7948" VPOS="2860" WIDTH="92"/>
						<String CONTENT="SEE" ID="St_1.6.15.7" HPOS="8124" VPOS="2836" HEIGHT="80" WIDTH="236" STYLEREFS="Style_10" WC="1" CC="000"/>
						<SP ID="SP_1.6.15.8" HPOS="8316" VPOS="2832" WIDTH="72"/>
						<String CONTENT="Michie" ID="St_1.6.15.9" HPOS="8428" VPOS="2840" HEIGHT="84" WIDTH="388" STYLEREFS="Style_10" WC="1" CC="000000"/>
						<SP ID="SP_1.6.15.10" HPOS="8780" VPOS="2848" WIDTH="60"/>
						<String CONTENT="Company" ID="St_1.6.15.11" HPOS="8876" VPOS="2840" HEIGHT="108" WIDTH="544" STYLEREFS="Style_10" WC="1" CC="0000000"/>
					</TextLine>
					<TextLine ID="TL_1.6.16" HPOS="6916" VPOS="2956" HEIGHT="92" WIDTH="1184">
						<String CONTENT="Charlottesville." ID="St_1.6.16.1" HPOS="6916" VPOS="2956" HEIGHT="92" WIDTH="936" STYLEREFS="Style_10" WC="0.964444444444444" CC="0000000000000005"/>
						<SP ID="SP_1.6.16.2" HPOS="7844" VPOS="2996" WIDTH="40"/>
						<String CONTENT="V" ID="St_1.6.16.3" HPOS="7916" VPOS="2960" HEIGHT="84" WIDTH="80" STYLEREFS="Style_10" WC="0.956666666666667" CC="1"/>
						<String CONTENT="a" ID="St_1.6.16.4" HPOS="8008" VPOS="2984" HEIGHT="60" WIDTH="56" STYLEREFS="Style_10" WC="0.935555555555556" CC="4"/>
						<String CONTENT="." ID="St_1.6.16.5" HPOS="8072" VPOS="2996" HEIGHT="48" WIDTH="28" STYLEREFS="Style_10" WC="0.916666666666667" CC="4"/>
					</TextLine>
					<TextLine ID="TL_1.6.17" HPOS="6744" VPOS="3236" HEIGHT="112" WIDTH="2104">
						<String CONTENT="MICHIE," ID="St_1.6.17.1" HPOS="6744" VPOS="3236" HEIGHT="104" WIDTH="504" STYLEREFS="Style_10" WC="1" CC="0000000"/>
						<SP ID="SP_1.6.17.2" HPOS="7228" VPOS="3268" WIDTH="48"/>
						<String CONTENT="ADDINELL" ID="St_1.6.17.3" HPOS="7316" VPOS="3240" HEIGHT="84" WIDTH="672" STYLEREFS="Style_10" WC="1" CC="00000000"/>
						<SP ID="SP_1.6.17.4" HPOS="7936" VPOS="3240" WIDTH="76"/>
						<String CONTENT="HEWSON," ID="St_1.6.17.5" HPOS="8044" VPOS="3248" HEIGHT="100" WIDTH="568" STYLEREFS="Style_10" WC="1" CC="0000000"/>
						<SP ID="SP_1.6.17.6" HPOS="8592" VPOS="3276" WIDTH="48"/>
						<String CONTENT="ed." ID="St_1.6.17.7" HPOS="8680" VPOS="3252" HEIGHT="88" WIDTH="168" STYLEREFS="Style_10" WC="1" CC="000"/>
					</TextLine>
					<TextLine ID="TL_1.6.18" HPOS="6832" VPOS="3356" HEIGHT="124" WIDTH="2396">
						<String CONTENT="Encyclopedic" ID="St_1.6.18.1" HPOS="6832" VPOS="3360" HEIGHT="108" WIDTH="792" STYLEREFS="Style_10" WC="1" CC="000000000000"/>
						<SP ID="SP_1.6.18.2" HPOS="7592" VPOS="3368" WIDTH="60"/>
						<String CONTENT="digest" ID="St_1.6.18.3" HPOS="7684" VPOS="3364" HEIGHT="108" WIDTH="352" STYLEREFS="Style_10" WC="1" CC="000000"/>
						<SP ID="SP_1.6.18.4" HPOS="8008" VPOS="3360" WIDTH="52"/>
						<String CONTENT="of" ID="St_1.6.18.5" HPOS="8092" VPOS="3368" HEIGHT="84" WIDTH="108" STYLEREFS="Style_10" WC="1" CC="00"/>
						<SP ID="SP_1.6.18.6" HPOS="8172" VPOS="3356" WIDTH="48"/>
						<String CONTENT="Florida" ID="St_1.6.18.7" HPOS="8248" VPOS="3368" HEIGHT="88" WIDTH="448" STYLEREFS="Style_10" WC="1" CC="0000000"/>
						<SP ID="SP_1.6.18.8" HPOS="8660" VPOS="3372" WIDTH="60"/>
						<String CONTENT="reports." ID="St_1.6.18.9" HPOS="8752" VPOS="3380" HEIGHT="100" WIDTH="476" STYLEREFS="Style_10" WC="1" CC="00000000"/>
					</TextLine>
					<TextLine ID="TL_1.6.19" HPOS="6928" VPOS="3484" HEIGHT="120" WIDTH="2152">
						<String CONTENT="SEE" ID="St_1.6.19.1" HPOS="6928" VPOS="3484" HEIGHT="84" WIDTH="232" STYLEREFS="Style_10" WC="1" CC="000"/>
						<SP ID="SP_1.6.19.2" HPOS="7116" VPOS="3484" WIDTH="72"/>
						<String CONTENT="Encyclopedic" ID="St_1.6.19.3" HPOS="7220" VPOS="3488" HEIGHT="112" WIDTH="792" STYLEREFS="Style_10" WC="1" CC="000000000000"/>
						<SP ID="SP_1.6.19.4" HPOS="7976" VPOS="3496" WIDTH="64"/>
						<String CONTENT="digest" ID="St_1.6.19.5" HPOS="8072" VPOS="3496" HEIGHT="108" WIDTH="344" STYLEREFS="Style_10" WC="1" CC="000000"/>
						<SP ID="SP_1.6.19.6" HPOS="8396" VPOS="3492" WIDTH="48"/>
						<String CONTENT="of" ID="St_1.6.19.7" HPOS="8480" VPOS="3500" HEIGHT="80" WIDTH="108" STYLEREFS="Style_10" WC="1" CC="00"/>
						<SP ID="SP_1.6.19.8" HPOS="8560" VPOS="3488" WIDTH="44"/>
						<String CONTENT="Florida" ID="St_1.6.19.9" HPOS="8632" VPOS="3500" HEIGHT="84" WIDTH="448" STYLEREFS="Style_10" WC="1" CC="0000000"/>
					</TextLine>
					<TextLine ID="TL_1.6.20" HPOS="6928" VPOS="3616" HEIGHT="96" WIDTH="472">
						<String CONTENT="reports." ID="St_1.6.20.1" HPOS="6928" VPOS="3616" HEIGHT="96" WIDTH="472" STYLEREFS="Style_10" WC="0.944444444444444" CC="00000004"/>
					</TextLine>
					<TextLine ID="TL_1.6.21" HPOS="6744" VPOS="3916" HEIGHT="96" WIDTH="1840">
						<String CONTENT="MICHIE," ID="St_1.6.21.1" HPOS="6744" VPOS="3916" HEIGHT="96" WIDTH="504" STYLEREFS="Style_10" WC="1" CC="0000000"/>
						<SP ID="SP_1.6.21.2" HPOS="7228" VPOS="3948" WIDTH="48"/>
						<String CONTENT="ADDINELL" ID="St_1.6.21.3" HPOS="7316" VPOS="3916" HEIGHT="88" WIDTH="672" STYLEREFS="Style_10" WC="1" CC="00000000"/>
						<SP ID="SP_1.6.21.4" HPOS="7940" VPOS="3916" WIDTH="72"/>
						<String CONTENT="H" ID="St_1.6.21.5" HPOS="8044" VPOS="3924" HEIGHT="84" WIDTH="88" STYLEREFS="Style_10" WC="0.981111111111111" CC="3"/>
						<String CONTENT="EWSON" ID="St_1.6.21.6" HPOS="8136" VPOS="3924" HEIGHT="88" WIDTH="448" STYLEREFS="Style_10" WC="0.98" CC="10000"/>
					</TextLine>
					<TextLine ID="TL_1.6.22" HPOS="6840" VPOS="4036" HEIGHT="112" WIDTH="2392">
						<String CONTENT="The" ID="St_1.6.22.1" HPOS="6840" VPOS="4036" HEIGHT="88" WIDTH="216" STYLEREFS="Style_10" WC="1" CC="000"/>
						<SP ID="SP_1.6.22.2" HPOS="7024" VPOS="4044" WIDTH="60"/>
						<String CONTENT="general" ID="St_1.6.22.3" HPOS="7116" VPOS="4040" HEIGHT="108" WIDTH="440" STYLEREFS="Style_10" WC="1" CC="0000000"/>
						<SP ID="SP_1.6.22.4" HPOS="7532" VPOS="4036" WIDTH="52"/>
						<String CONTENT="statutes" ID="St_1.6.22.5" HPOS="7616" VPOS="4048" HEIGHT="80" WIDTH="464" STYLEREFS="Style_10" WC="1" CC="00000000"/>
						<SP ID="SP_1.6.22.6" HPOS="8044" VPOS="4048" WIDTH="60"/>
						<String CONTENT="of" ID="St_1.6.22.7" HPOS="8136" VPOS="4048" HEIGHT="80" WIDTH="112" STYLEREFS="Style_10" WC="1" CC="00"/>
						<SP ID="SP_1.6.22.8" HPOS="8216" VPOS="4040" WIDTH="48"/>
						<String CONTENT="North" ID="St_1.6.22.9" HPOS="8292" VPOS="4048" HEIGHT="84" WIDTH="340" STYLEREFS="Style_10" WC="1" CC="00000"/>
						<SP ID="SP_1.6.22.10" HPOS="8592" VPOS="4040" WIDTH="60"/>
						<String CONTENT="Carolina." ID="St_1.6.22.11" HPOS="8684" VPOS="4048" HEIGHT="88" WIDTH="548" STYLEREFS="Style_10" WC="1" CC="000000000"/>
					</TextLine>
					<TextLine ID="TL_1.6.23" HPOS="6928" VPOS="4164" HEIGHT="112" WIDTH="2528">
						<String CONTENT="SEE" ID="St_1.6.23.1" HPOS="6928" VPOS="4164" HEIGHT="84" WIDTH="232" STYLEREFS="Style_10" WC="1" CC="000"/>
						<SP ID="SP_1.6.23.2" HPOS="7116" VPOS="4164" WIDTH="72"/>
						<String CONTENT="North" ID="St_1.6.23.3" HPOS="7224" VPOS="4168" HEIGHT="84" WIDTH="336" STYLEREFS="Style_10" WC="1" CC="00000"/>
						<SP ID="SP_1.6.23.4" HPOS="7524" VPOS="4164" WIDTH="56"/>
						<String CONTENT="Carolina." ID="St_1.6.23.5" HPOS="7612" VPOS="4168" HEIGHT="88" WIDTH="548" STYLEREFS="Style_10" WC="1" CC="000000000"/>
						<SP ID="SP_1.6.23.6" HPOS="8144" VPOS="4196" WIDTH="68"/>
						<String CONTENT="Laws," ID="St_1.6.23.7" HPOS="8272" VPOS="4176" HEIGHT="96" WIDTH="340" STYLEREFS="Style_10" WC="1" CC="00000"/>
						<SP ID="SP_1.6.23.8" HPOS="8592" VPOS="4200" WIDTH="52"/>
						<String CONTENT="statutes," ID="St_1.6.23.9" HPOS="8684" VPOS="4180" HEIGHT="96" WIDTH="496" STYLEREFS="Style_10" WC="1" CC="000000000"/>
						<SP ID="SP_1.6.23.10" HPOS="9160" VPOS="4200" WIDTH="48"/>
						<String CONTENT="etc." ID="St_1.6.23.11" HPOS="9252" VPOS="4184" HEIGHT="80" WIDTH="204" STYLEREFS="Style_10" WC="1" CC="0000"/>
					</TextLine>
					<TextLine ID="TL_1.6.24" HPOS="6748" VPOS="4456" HEIGHT="100" WIDTH="2092">
						<String CONTENT="MICHIE," ID="St_1.6.24.1" HPOS="6748" VPOS="4456" HEIGHT="100" WIDTH="500" STYLEREFS="Style_10" WC="1" CC="0000000"/>
						<SP ID="SP_1.6.24.2" HPOS="7228" VPOS="4488" WIDTH="48"/>
						<String CONTENT="ADDINELL" ID="St_1.6.24.3" HPOS="7312" VPOS="4460" HEIGHT="84" WIDTH="676" STYLEREFS="Style_10" WC="1" CC="00000000"/>
						<SP ID="SP_1.6.24.4" HPOS="7940" VPOS="4456" WIDTH="76"/>
						<String CONTENT="HEWSON," ID="St_1.6.24.5" HPOS="8048" VPOS="4468" HEIGHT="80" WIDTH="556" STYLEREFS="Style_10" WC="0.962222222222222" CC="4000004"/>
						<SP ID="SP_1.6.24.6" HPOS="8544" VPOS="4460" WIDTH="84"/>
						<String CONTENT="ed." ID="St_1.6.24.7" HPOS="8684" VPOS="4468" HEIGHT="84" WIDTH="156" STYLEREFS="Style_10" WC="0.932222222222222" CC="314"/>
					</TextLine>
					<TextLine ID="TL_1.6.25" HPOS="6840" VPOS="4580" HEIGHT="116" WIDTH="2144">
						<String CONTENT="Michie" ID="St_1.6.25.1" HPOS="6840" VPOS="4580" HEIGHT="84" WIDTH="400" STYLEREFS="Style_10" WC="0.925555555555556" CC="000004"/>
						<SP ID="SP_1.6.25.2" HPOS="7208" VPOS="4592" WIDTH="56"/>
						<String CONTENT="on" ID="St_1.6.25.3" HPOS="7296" VPOS="4604" HEIGHT="60" WIDTH="128" STYLEREFS="Style_10" WC="0.95" CC="00"/>
						<SP ID="SP_1.6.25.4" HPOS="7388" VPOS="4592" WIDTH="60"/>
						<String CONTENT="banks" ID="St_1.6.25.5" HPOS="7480" VPOS="4584" HEIGHT="84" WIDTH="324" STYLEREFS="Style_10" WC="0.97" CC="00000"/>
						<SP ID="SP_1.6.25.6" HPOS="7772" VPOS="4592" WIDTH="60"/>
						<String CONTENT="and" ID="St_1.6.25.7" HPOS="7864" VPOS="4588" HEIGHT="80" WIDTH="196" STYLEREFS="Style_10" WC="0.975555555555556" CC="000"/>
						<SP ID="SP_1.6.25.8" HPOS="8024" VPOS="4584" WIDTH="56"/>
						<String CONTENT="banking." ID="St_1.6.25.9" HPOS="8112" VPOS="4588" HEIGHT="108" WIDTH="488" STYLEREFS="Style_10" WC="0.983333333333333" CC="00000000"/>
						<SP ID="SP_1.6.25.10" HPOS="8580" VPOS="4616" WIDTH="88"/>
						<String CONTENT="SEE" ID="St_1.6.25.11" HPOS="8752" VPOS="4588" HEIGHT="84" WIDTH="232" STYLEREFS="Style_10" WC="0.985555555555556" CC="000"/>
					</TextLine>
					<TextLine ID="TL_1.6.26" HPOS="6936" VPOS="4708" HEIGHT="112" WIDTH="2276">
						<String CONTENT="Michie" ID="St_1.6.26.1" HPOS="6936" VPOS="4708" HEIGHT="84" WIDTH="392" STYLEREFS="Style_10" WC="0.888888888888889" CC="114000"/>
						<SP ID="SP_1.6.26.2" HPOS="7292" VPOS="4720" WIDTH="64"/>
						<String CONTENT="Company," ID="St_1.6.26.3" HPOS="7388" VPOS="4708" HEIGHT="112" WIDTH="564" STYLEREFS="Style_10" WC="0.955555555555556" CC="00000000"/>
						<SP ID="SP_1.6.26.4" HPOS="7932" VPOS="4740" WIDTH="52"/>
						<String CONTENT="Charlottesville," ID="St_1.6.26.5" HPOS="8024" VPOS="4708" HEIGHT="104" WIDTH="932" STYLEREFS="Style_10" WC="0.978888888888889" CC="0000000000000000"/>
						<SP ID="SP_1.6.26.6" HPOS="8936" VPOS="4744" WIDTH="48"/>
						<String CONTENT="Va." ID="St_1.6.26.7" HPOS="9024" VPOS="4716" HEIGHT="84" WIDTH="188" STYLEREFS="Style_10" WC="0.981111111111111" CC="000"/>
					</TextLine>
					<TextLine ID="TL_1.6.27" HPOS="6756" VPOS="4996" HEIGHT="96" WIDTH="2104">
						<String CONTENT="MICHIE," ID="St_1.6.27.1" HPOS="6756" VPOS="4996" HEIGHT="96" WIDTH="504" STYLEREFS="Style_10" WC="1" CC="0000000"/>
						<SP ID="SP_1.6.27.2" HPOS="7244" VPOS="5028" WIDTH="44"/>
						<String CONTENT="ADDINELL" ID="St_1.6.27.3" HPOS="7324" VPOS="4996" HEIGHT="84" WIDTH="672" STYLEREFS="Style_10" WC="1" CC="00000000"/>
						<SP ID="SP_1.6.27.4" HPOS="7952" VPOS="4996" WIDTH="72"/>
						<String CONTENT="HEWSON," ID="St_1.6.27.5" HPOS="8060" VPOS="4996" HEIGHT="96" WIDTH="568" STYLEREFS="Style_10" WC="0.962222222222222" CC="3100004"/>
						<SP ID="SP_1.6.27.6" HPOS="8612" VPOS="5028" WIDTH="44"/>
						<String CONTENT="ed." ID="St_1.6.27.7" HPOS="8696" VPOS="5000" HEIGHT="84" WIDTH="164" STYLEREFS="Style_10" WC="0.967777777777778" CC="000"/>
					</TextLine>
					<TextLine ID="TL_1.6.28" HPOS="6864" VPOS="5116" HEIGHT="88" WIDTH="2384">
						<String CONTENT="1950" ID="St_1.6.28.1" HPOS="6864" VPOS="5116" HEIGHT="84" WIDTH="248" STYLEREFS="Style_10" WC="1" CC="0000"/>
						<SP ID="SP_1.6.28.2" HPOS="7080" VPOS="5116" WIDTH="60"/>
						<String CONTENT="insurance" ID="St_1.6.28.3" HPOS="7172" VPOS="5120" HEIGHT="84" WIDTH="576" STYLEREFS="Style_10" WC="1" CC="000000000"/>
						<SP ID="SP_1.6.28.4" HPOS="7712" VPOS="5128" WIDTH="64"/>
						<String CONTENT="code" ID="St_1.6.28.5" HPOS="7808" VPOS="5120" HEIGHT="84" WIDTH="260" STYLEREFS="Style_10" WC="1" CC="0000"/>
						<SP ID="SP_1.6.28.6" HPOS="8032" VPOS="5128" WIDTH="60"/>
						<String CONTENT="of" ID="St_1.6.28.7" HPOS="8124" VPOS="5120" HEIGHT="80" WIDTH="112" STYLEREFS="Style_10" WC="1" CC="00"/>
						<SP ID="SP_1.6.28.8" HPOS="8208" VPOS="5116" WIDTH="48"/>
						<String CONTENT="Colorado." ID="St_1.6.28.9" HPOS="8288" VPOS="5116" HEIGHT="88" WIDTH="572" STYLEREFS="Style_10" WC="0.985555555555556" CC="000040000"/>
						<SP ID="SP_1.6.28.10" HPOS="8844" VPOS="5148" WIDTH="88"/>
						<String CONTENT="SEE" ID="St_1.6.28.11" HPOS="9012" VPOS="5116" HEIGHT="88" WIDTH="236" STYLEREFS="Style_10" WC="0.986666666666667" CC="000"/>
					</TextLine>
					<TextLine ID="TL_1.6.29" HPOS="6944" VPOS="5248" HEIGHT="100" WIDTH="1868">
						<String CONTENT="Colorado." ID="St_1.6.29.1" HPOS="6944" VPOS="5248" HEIGHT="84" WIDTH="568" STYLEREFS="Style_10" WC="1" CC="000000000"/>
						<SP ID="SP_1.6.29.2" HPOS="7496" VPOS="5280" WIDTH="64"/>
						<String CONTENT="Laws," ID="St_1.6.29.3" HPOS="7620" VPOS="5248" HEIGHT="100" WIDTH="344" STYLEREFS="Style_10" WC="1" CC="00000"/>
						<SP ID="SP_1.6.29.4" HPOS="7944" VPOS="5280" WIDTH="52"/>
						<String CONTENT="statutes," ID="St_1.6.29.5" HPOS="8036" VPOS="5252" HEIGHT="92" WIDTH="500" STYLEREFS="Style_10" WC="1" CC="000000000"/>
						<SP ID="SP_1.6.29.6" HPOS="8516" VPOS="5280" WIDTH="52"/>
						<String CONTENT="etc." ID="St_1.6.29.7" HPOS="8608" VPOS="5252" HEIGHT="80" WIDTH="204" STYLEREFS="Style_10" WC="1" CC="0000"/>
					</TextLine>
					<TextLine ID="TL_1.6.30" HPOS="6760" VPOS="5576" HEIGHT="100" WIDTH="2096">
						<String CONTENT="MICHIE," ID="St_1.6.30.1" HPOS="6760" VPOS="5580" HEIGHT="96" WIDTH="500" STYLEREFS="Style_10" WC="0.935555555555556" CC="0000004"/>
						<SP ID="SP_1.6.30.2" HPOS="7240" VPOS="5608" WIDTH="48"/>
						<String CONTENT="ADDINELL" ID="St_1.6.30.3" HPOS="7320" VPOS="5580" HEIGHT="84" WIDTH="680" STYLEREFS="Style_10" WC="0.972222222222222" CC="00000000"/>
						<SP ID="SP_1.6.30.4" HPOS="7952" VPOS="5580" WIDTH="68"/>
						<String CONTENT="HEWSON," ID="St_1.6.30.5" HPOS="8052" VPOS="5576" HEIGHT="100" WIDTH="572" STYLEREFS="Style_10" WC="0.981111111111111" CC="0000000"/>
						<SP ID="SP_1.6.30.6" HPOS="8608" VPOS="5608" WIDTH="44"/>
						<String CONTENT="ed." ID="St_1.6.30.7" HPOS="8692" VPOS="5580" HEIGHT="84" WIDTH="164" STYLEREFS="Style_10" WC="0.983333333333333" CC="000"/>
					</TextLine>
					<TextLine ID="TL_1.6.31" HPOS="6864" VPOS="5700" HEIGHT="108" WIDTH="2592">
						<String CONTENT="1951" ID="St_1.6.31.1" HPOS="6864" VPOS="5704" HEIGHT="80" WIDTH="240" STYLEREFS="Style_10" WC="1" CC="0000"/>
						<SP ID="SP_1.6.31.2" HPOS="7076" VPOS="5704" WIDTH="56"/>
						<String CONTENT="supplement" ID="St_1.6.31.3" HPOS="7168" VPOS="5708" HEIGHT="100" WIDTH="672" STYLEREFS="Style_10" WC="1" CC="0000000000"/>
						<SP ID="SP_1.6.31.4" HPOS="7816" VPOS="5704" WIDTH="48"/>
						<String CONTENT="to" ID="St_1.6.31.5" HPOS="7892" VPOS="5712" HEIGHT="72" WIDTH="112" STYLEREFS="Style_10" WC="1" CC="00"/>
						<SP ID="SP_1.6.31.6" HPOS="7968" VPOS="5712" WIDTH="52"/>
						<String CONTENT="the" ID="St_1.6.31.7" HPOS="8048" VPOS="5704" HEIGHT="80" WIDTH="176" STYLEREFS="Style_10" WC="1" CC="000"/>
						<SP ID="SP_1.6.31.8" HPOS="8192" VPOS="5712" WIDTH="52"/>
						<String CONTENT="West" ID="St_1.6.31.9" HPOS="8272" VPOS="5704" HEIGHT="80" WIDTH="296" STYLEREFS="Style_10" WC="1" CC="0000"/>
						<SP ID="SP_1.6.31.10" HPOS="8544" VPOS="5704" WIDTH="48"/>
						<String CONTENT="Virginia" ID="St_1.6.31.11" HPOS="8624" VPOS="5704" HEIGHT="104" WIDTH="492" STYLEREFS="Style_10" WC="1" CC="00000000"/>
						<SP ID="SP_1.6.31.12" HPOS="9080" VPOS="5712" WIDTH="60"/>
						<String CONTENT="Code" ID="St_1.6.31.13" HPOS="9172" VPOS="5700" HEIGHT="84" WIDTH="284" STYLEREFS="Style_10" WC="1" CC="0000"/>
					</TextLine>
					<TextLine ID="TL_1.6.32" HPOS="6960" VPOS="5768" HEIGHT="168" WIDTH="2236">
						<String CONTENT="of" ID="St_1.6.32.1" HPOS="6960" VPOS="5832" HEIGHT="76" WIDTH="112" STYLEREFS="Style_10" WC="0.666666666666667" CC="33"/>
						<SP ID="SP_1.6.32.2" HPOS="7068" VPOS="5832" WIDTH="64"/>
						<String CONTENT="1949." ID="St_1.6.32.3" HPOS="7136" VPOS="5828" HEIGHT="88" WIDTH="292" STYLEREFS="Style_10" WC="0.722222222222222" CC="33131"/>
						<SP ID="SP_1.6.32.4" HPOS="7412" VPOS="5804" WIDTH="84"/>
						<String CONTENT="SEE" ID="St_1.6.32.5" HPOS="7576" VPOS="5828" HEIGHT="80" WIDTH="240" STYLEREFS="Style_10" WC="0.75" CC="330"/>
						<SP ID="SP_1.6.32.6" HPOS="7772" VPOS="5768" WIDTH="68"/>
						<String CONTENT="West" ID="St_1.6.32.7" HPOS="7868" VPOS="5832" HEIGHT="80" WIDTH="288" STYLEREFS="Style_10" WC="0.823333333333333" CC="0000"/>
						<SP ID="SP_1.6.32.8" HPOS="8132" VPOS="5772" WIDTH="52"/>
						<String CONTENT="Virginia." ID="St_1.6.32.9" HPOS="8220" VPOS="5832" HEIGHT="104" WIDTH="528" STYLEREFS="Style_10" WC="0.888888888888889" CC="000000000"/>
						<SP ID="SP_1.6.32.10" HPOS="8732" VPOS="5804" WIDTH="64"/>
						<String CONTENT="Laws," ID="St_1.6.32.11" HPOS="8856" VPOS="5832" HEIGHT="96" WIDTH="340" STYLEREFS="Style_10" WC="0.908888888888889" CC="00000"/>
					</TextLine>
					<TextLine ID="TL_1.6.33" HPOS="6956" VPOS="5956" HEIGHT="84" WIDTH="780">
						<String CONTENT="statutes," ID="St_1.6.33.1" HPOS="6956" VPOS="5956" HEIGHT="84" WIDTH="500" STYLEREFS="Style_10" WC="1" CC="000000000"/>
						<SP ID="SP_1.6.33.2" HPOS="7452" VPOS="5964" WIDTH="68"/>
						<String CONTENT="etc." ID="St_1.6.33.3" HPOS="7528" VPOS="5956" HEIGHT="80" WIDTH="208" STYLEREFS="Style_10" WC="1" CC="0000"/>
					</TextLine>
					<TextLine ID="TL_1.6.34" HPOS="6764" VPOS="6228" HEIGHT="108" WIDTH="2636">
						<String CONTENT="MICH" ID="St_1.6.34.1" HPOS="6764" VPOS="6232" HEIGHT="84" WIDTH="324" STYLEREFS="Style_10" WC="1" CC="0000"/>
						<String CONTENT="I" ID="St_1.6.34.2" HPOS="7104" VPOS="6236" HEIGHT="76" WIDTH="36" STYLEREFS="Style_10" WC="0.911111111111111" CC="4"/>
						<String CONTENT="E" ID="St_1.6.34.3" HPOS="7144" VPOS="6236" HEIGHT="76" WIDTH="80" STYLEREFS="Style_10" WC="0.925555555555556" CC="0"/>
						<SP ID="SP_1.6.34.4" HPOS="7176" VPOS="6228" WIDTH="72"/>
						<String CONTENT="CITY" ID="St_1.6.34.5" HPOS="7284" VPOS="6236" HEIGHT="80" WIDTH="308" STYLEREFS="Style_10" WC="0.958888888888889" CC="0000"/>
						<SP ID="SP_1.6.34.6" HPOS="7544" VPOS="6228" WIDTH="72"/>
						<String CONTENT="PUBLICATIONS," ID="St_1.6.34.7" HPOS="7652" VPOS="6232" HEIGHT="100" WIDTH="996" STYLEREFS="Style_10" WC="0.982222222222222" CC="0000000000000"/>
						<SP ID="SP_1.6.34.8" HPOS="8632" VPOS="6260" WIDTH="44"/>
						<String CONTENT="COMPANY," ID="St_1.6.34.9" HPOS="8716" VPOS="6232" HEIGHT="104" WIDTH="684" STYLEREFS="Style_10" WC="0.986666666666667" CC="00000000"/>
					</TextLine>
					<TextLine ID="TL_1.6.35" HPOS="6940" VPOS="6352" HEIGHT="104" WIDTH="1600">
						<String CONTENT="CHARLOTTESVILLE," ID="St_1.6.35.1" HPOS="6940" VPOS="6352" HEIGHT="104" WIDTH="1320" STYLEREFS="Style_10" WC="1" CC="0000000000000000"/>
						<SP ID="SP_1.6.35.2" HPOS="8240" VPOS="6388" WIDTH="48"/>
						<String CONTENT="VA." ID="St_1.6.35.3" HPOS="8328" VPOS="6356" HEIGHT="88" WIDTH="212" STYLEREFS="Style_10" WC="1" CC="000"/>
					</TextLine>
					<TextLine ID="TL_1.6.36" HPOS="6876" VPOS="6472" HEIGHT="88" WIDTH="2360">
						<String CONTENT="The" ID="St_1.6.36.1" HPOS="6876" VPOS="6476" HEIGHT="84" WIDTH="212" STYLEREFS="Style_10" WC="1" CC="000"/>
						<SP ID="SP_1.6.36.2" HPOS="7052" VPOS="6484" WIDTH="60"/>
						<String CONTENT="Charter" ID="St_1.6.36.3" HPOS="7148" VPOS="6476" HEIGHT="84" WIDTH="460" STYLEREFS="Style_10" WC="1" CC="0000000"/>
						<SP ID="SP_1.6.36.4" HPOS="7576" VPOS="6484" WIDTH="60"/>
						<String CONTENT="and" ID="St_1.6.36.5" HPOS="7672" VPOS="6480" HEIGHT="80" WIDTH="192" STYLEREFS="Style_10" WC="1" CC="000"/>
						<SP ID="SP_1.6.36.6" HPOS="7828" VPOS="6472" WIDTH="56"/>
						<String CONTENT="Code" ID="St_1.6.36.7" HPOS="7916" VPOS="6480" HEIGHT="80" WIDTH="284" STYLEREFS="Style_10" WC="1" CC="0000"/>
						<SP ID="SP_1.6.36.8" HPOS="8168" VPOS="6484" WIDTH="60"/>
						<String CONTENT="of" ID="St_1.6.36.9" HPOS="8260" VPOS="6480" HEIGHT="80" WIDTH="108" STYLEREFS="Style_10" WC="1" CC="00"/>
						<SP ID="SP_1.6.36.10" HPOS="8336" VPOS="6472" WIDTH="48"/>
						<String CONTENT="ordinances" ID="St_1.6.36.11" HPOS="8416" VPOS="6480" HEIGHT="80" WIDTH="644" STYLEREFS="Style_10" WC="1" CC="0000000000"/>
						<SP ID="SP_1.6.36.12" HPOS="9028" VPOS="6484" WIDTH="56"/>
						<String CONTENT="of" ID="St_1.6.36.13" HPOS="9124" VPOS="6480" HEIGHT="80" WIDTH="112" STYLEREFS="Style_10" WC="1" CC="00"/>
					</TextLine>
					<TextLine ID="TL_1.6.37" HPOS="6936" VPOS="6596" HEIGHT="104" WIDTH="2216">
						<String CONTENT="the" ID="St_1.6.37.1" HPOS="6936" VPOS="6600" HEIGHT="80" WIDTH="176" STYLEREFS="Style_10" WC="1" CC="000"/>
						<SP ID="SP_1.6.37.2" HPOS="7080" VPOS="6608" WIDTH="56"/>
						<String CONTENT="city" ID="St_1.6.37.3" HPOS="7168" VPOS="6600" HEIGHT="100" WIDTH="216" STYLEREFS="Style_10" WC="1" CC="0000"/>
						<SP ID="SP_1.6.37.4" HPOS="7348" VPOS="6608" WIDTH="60"/>
						<String CONTENT="of" ID="St_1.6.37.5" HPOS="7444" VPOS="6600" HEIGHT="80" WIDTH="104" STYLEREFS="Style_10" WC="1" CC="00"/>
						<SP ID="SP_1.6.37.6" HPOS="7520" VPOS="6596" WIDTH="52"/>
						<String CONTENT="Pensacola," ID="St_1.6.37.7" HPOS="7604" VPOS="6600" HEIGHT="96" WIDTH="632" STYLEREFS="Style_10" WC="1" CC="0000000000"/>
						<SP ID="SP_1.6.37.8" HPOS="8216" VPOS="6632" WIDTH="48"/>
						<String CONTENT="Florida," ID="St_1.6.37.9" HPOS="8304" VPOS="6600" HEIGHT="100" WIDTH="480" STYLEREFS="Style_10" WC="1" CC="00000000"/>
						<SP ID="SP_1.6.37.10" HPOS="8760" VPOS="6632" WIDTH="56"/>
						<String CONTENT="1950." ID="St_1.6.37.11" HPOS="8860" VPOS="6600" HEIGHT="88" WIDTH="292" STYLEREFS="Style_10" WC="1" CC="00000"/>
					</TextLine>
					<TextLine ID="TL_1.6.38" HPOS="6940" VPOS="6720" HEIGHT="96" WIDTH="1920">
						<String CONTENT="SEE" ID="St_1.6.38.1" HPOS="6940" VPOS="6720" HEIGHT="80" WIDTH="240" STYLEREFS="Style_10" WC="1" CC="000"/>
						<SP ID="SP_1.6.38.2" HPOS="7136" VPOS="6720" WIDTH="68"/>
						<String CONTENT="Pensacola," ID="St_1.6.38.3" HPOS="7236" VPOS="6720" HEIGHT="96" WIDTH="636" STYLEREFS="Style_10" WC="1" CC="0000000000"/>
						<SP ID="SP_1.6.38.4" HPOS="7848" VPOS="6756" WIDTH="52"/>
						<String CONTENT="Fla." ID="St_1.6.38.5" HPOS="7940" VPOS="6720" HEIGHT="88" WIDTH="232" STYLEREFS="Style_10" WC="1" CC="0000"/>
						<SP ID="SP_1.6.38.6" HPOS="8156" VPOS="6756" WIDTH="64"/>
						<String CONTENT="Charters." ID="St_1.6.38.7" HPOS="8280" VPOS="6720" HEIGHT="88" WIDTH="580" STYLEREFS="Style_10" WC="1" CC="000000000"/>
					</TextLine>
					<TextLine ID="TL_1.6.39" HPOS="6780" VPOS="7004" HEIGHT="104" WIDTH="2596">
						<String CONTENT="MICHIE" ID="St_1.6.39.1" HPOS="6780" VPOS="7008" HEIGHT="84" WIDTH="464" STYLEREFS="Style_10" WC="1" CC="000000"/>
						<SP ID="SP_1.6.39.2" HPOS="7196" VPOS="7008" WIDTH="72"/>
						<String CONTENT="CITY" ID="St_1.6.39.3" HPOS="7308" VPOS="7008" HEIGHT="84" WIDTH="308" STYLEREFS="Style_10" WC="1" CC="0000"/>
						<SP ID="SP_1.6.39.4" HPOS="7568" VPOS="7004" WIDTH="72"/>
						<String CONTENT="PUBLICATIONS" ID="St_1.6.39.5" HPOS="7672" VPOS="7008" HEIGHT="84" WIDTH="964" STYLEREFS="Style_10" WC="1" CC="000000000000"/>
						<SP ID="SP_1.6.39.6" HPOS="8600" VPOS="7004" WIDTH="60"/>
						<String CONTENT="COMPANY," ID="St_1.6.39.7" HPOS="8692" VPOS="7008" HEIGHT="100" WIDTH="684" STYLEREFS="Style_10" WC="1" CC="00000000"/>
					</TextLine>
					<TextLine ID="TL_1.6.40" HPOS="6960" VPOS="7128" HEIGHT="104" WIDTH="1600">
						<String CONTENT="CHARLOTTESVILLE," ID="St_1.6.40.1" HPOS="6960" VPOS="7128" HEIGHT="104" WIDTH="1324" STYLEREFS="Style_10" WC="1" CC="0000000000000000"/>
						<SP ID="SP_1.6.40.2" HPOS="8264" VPOS="7164" WIDTH="48"/>
						<String CONTENT="VA." ID="St_1.6.40.3" HPOS="8352" VPOS="7132" HEIGHT="84" WIDTH="208" STYLEREFS="Style_10" WC="1" CC="000"/>
					</TextLine>
					<TextLine ID="TL_1.6.41" HPOS="6872" VPOS="7252" HEIGHT="116" WIDTH="2308">
						<String CONTENT="The" ID="St_1.6.41.1" HPOS="6872" VPOS="7260" HEIGHT="84" WIDTH="216" STYLEREFS="Style_10" WC="1" CC="000"/>
						<SP ID="SP_1.6.41.2" HPOS="7052" VPOS="7268" WIDTH="60"/>
						<String CONTENT="Code" ID="St_1.6.41.3" HPOS="7148" VPOS="7256" HEIGHT="88" WIDTH="284" STYLEREFS="Style_10" WC="1" CC="0000"/>
						<SP ID="SP_1.6.41.4" HPOS="7396" VPOS="7268" WIDTH="60"/>
						<String CONTENT="of" ID="St_1.6.41.5" HPOS="7488" VPOS="7256" HEIGHT="84" WIDTH="108" STYLEREFS="Style_10" WC="1" CC="00"/>
						<SP ID="SP_1.6.41.6" HPOS="7568" VPOS="7252" WIDTH="52"/>
						<String CONTENT="general" ID="St_1.6.41.7" HPOS="7652" VPOS="7260" HEIGHT="108" WIDTH="436" STYLEREFS="Style_10" WC="1" CC="0000000"/>
						<SP ID="SP_1.6.41.8" HPOS="8064" VPOS="7256" WIDTH="48"/>
						<String CONTENT="ordinances" ID="St_1.6.41.9" HPOS="8148" VPOS="7260" HEIGHT="80" WIDTH="644" STYLEREFS="Style_10" WC="1" CC="0000000000"/>
						<SP ID="SP_1.6.41.10" HPOS="8756" VPOS="7264" WIDTH="60"/>
						<String CONTENT="of" ID="St_1.6.41.11" HPOS="8856" VPOS="7256" HEIGHT="84" WIDTH="104" STYLEREFS="Style_10" WC="1" CC="00"/>
						<SP ID="SP_1.6.41.12" HPOS="8932" VPOS="7252" WIDTH="48"/>
						<String CONTENT="the" ID="St_1.6.41.13" HPOS="9012" VPOS="7256" HEIGHT="84" WIDTH="168" STYLEREFS="Style_10" WC="1" CC="000"/>
					</TextLine>
					<TextLine ID="TL_1.6.42" HPOS="6964" VPOS="7376" HEIGHT="112" WIDTH="2164">
						<String CONTENT="city" ID="St_1.6.42.1" HPOS="6964" VPOS="7384" HEIGHT="104" WIDTH="220" STYLEREFS="Style_10" WC="1" CC="0000"/>
						<SP ID="SP_1.6.42.2" HPOS="7144" VPOS="7392" WIDTH="60"/>
						<String CONTENT="of" ID="St_1.6.42.3" HPOS="7236" VPOS="7380" HEIGHT="84" WIDTH="108" STYLEREFS="Style_10" WC="1" CC="00"/>
						<SP ID="SP_1.6.42.4" HPOS="7316" VPOS="7376" WIDTH="48"/>
						<String CONTENT="Stamford," ID="St_1.6.42.5" HPOS="7396" VPOS="7376" HEIGHT="100" WIDTH="572" STYLEREFS="Style_10" WC="1" CC="000000000"/>
						<SP ID="SP_1.6.42.6" HPOS="7948" VPOS="7408" WIDTH="48"/>
						<String CONTENT="Connecticut," ID="St_1.6.42.7" HPOS="8036" VPOS="7376" HEIGHT="96" WIDTH="728" STYLEREFS="Style_10" WC="1" CC="000000000000"/>
						<SP ID="SP_1.6.42.8" HPOS="8744" VPOS="7408" WIDTH="52"/>
						<String CONTENT="1950." ID="St_1.6.42.9" HPOS="8844" VPOS="7376" HEIGHT="88" WIDTH="284" STYLEREFS="Style_10" WC="1" CC="00000"/>
					</TextLine>
					<TextLine ID="TL_1.6.43" HPOS="6960" VPOS="7500" HEIGHT="100" WIDTH="2352">
						<String CONTENT="SEE" ID="St_1.6.43.1" HPOS="6960" VPOS="7504" HEIGHT="80" WIDTH="236" STYLEREFS="Style_10" WC="1" CC="000"/>
						<SP ID="SP_1.6.43.2" HPOS="7152" VPOS="7500" WIDTH="68"/>
						<String CONTENT="Stamford," ID="St_1.6.43.3" HPOS="7260" VPOS="7504" HEIGHT="96" WIDTH="568" STYLEREFS="Style_10" WC="1" CC="000000000"/>
						<SP ID="SP_1.6.43.4" HPOS="7812" VPOS="7532" WIDTH="44"/>
						<String CONTENT="Conn." ID="St_1.6.43.5" HPOS="7900" VPOS="7500" HEIGHT="84" WIDTH="320" STYLEREFS="Style_10" WC="1" CC="00000"/>
						<SP ID="SP_1.6.43.6" HPOS="8204" VPOS="7532" WIDTH="64"/>
						<String CONTENT="Ordinances," ID="St_1.6.43.7" HPOS="8324" VPOS="7500" HEIGHT="96" WIDTH="712" STYLEREFS="Style_10" WC="1" CC="00000000000"/>
						<SP ID="SP_1.6.43.8" HPOS="9016" VPOS="7532" WIDTH="48"/>
						<String CONTENT="etc." ID="St_1.6.43.9" HPOS="9104" VPOS="7504" HEIGHT="80" WIDTH="208" STYLEREFS="Style_10" WC="1" CC="0000"/>
					</TextLine>
					<TextLine ID="TL_1.6.44" HPOS="6772" VPOS="7772" HEIGHT="100" WIDTH="2592">
						<String CONTENT="MICHIE" ID="St_1.6.44.1" HPOS="6772" VPOS="7784" HEIGHT="84" WIDTH="464" STYLEREFS="Style_10" WC="0.925555555555556" CC="000400"/>
						<SP ID="SP_1.6.44.2" HPOS="7188" VPOS="7780" WIDTH="76"/>
						<String CONTENT="CITY" ID="St_1.6.44.3" HPOS="7296" VPOS="7780" HEIGHT="88" WIDTH="308" STYLEREFS="Style_10" WC="0.958888888888889" CC="0000"/>
						<SP ID="SP_1.6.44.4" HPOS="7552" VPOS="7780" WIDTH="72"/>
						<String CONTENT="PUBLICATIONS" ID="St_1.6.44.5" HPOS="7652" VPOS="7772" HEIGHT="92" WIDTH="968" STYLEREFS="Style_10" WC="0.981111111111111" CC="000000000000"/>
						<SP ID="SP_1.6.44.6" HPOS="8584" VPOS="7776" WIDTH="60"/>
						<String CONTENT="COMPANY," ID="St_1.6.44.7" HPOS="8680" VPOS="7772" HEIGHT="100" WIDTH="684" STYLEREFS="Style_10" WC="0.985555555555556" CC="00000000"/>
					</TextLine>
					<TextLine ID="TL_1.6.45" HPOS="6952" VPOS="7900" HEIGHT="100" WIDTH="1596">
						<String CONTENT="CHARLOTTESVILLE," ID="St_1.6.45.1" HPOS="6952" VPOS="7900" HEIGHT="100" WIDTH="1320" STYLEREFS="Style_10" WC="1" CC="0000000000000000"/>
						<SP ID="SP_1.6.45.2" HPOS="8252" VPOS="7932" WIDTH="44"/>
						<String CONTENT="VA." ID="St_1.6.45.3" HPOS="8336" VPOS="7900" HEIGHT="88" WIDTH="212" STYLEREFS="Style_10" WC="1" CC="000"/>
					</TextLine>
					<TextLine ID="TL_1.6.46" HPOS="6864" VPOS="8016" HEIGHT="112" WIDTH="2588">
						<String CONTENT="The" ID="St_1.6.46.1" HPOS="6864" VPOS="8028" HEIGHT="80" WIDTH="216" STYLEREFS="Style_10" WC="1" CC="000"/>
						<SP ID="SP_1.6.46.2" HPOS="7048" VPOS="8036" WIDTH="52"/>
						<String CONTENT="Code" ID="St_1.6.46.3" HPOS="7132" VPOS="8024" HEIGHT="88" WIDTH="284" STYLEREFS="Style_10" WC="1" CC="0000"/>
						<SP ID="SP_1.6.46.4" HPOS="7384" VPOS="8032" WIDTH="56"/>
						<String CONTENT="of" ID="St_1.6.46.5" HPOS="7472" VPOS="8024" HEIGHT="84" WIDTH="112" STYLEREFS="Style_10" WC="1" CC="00"/>
						<SP ID="SP_1.6.46.6" HPOS="7552" VPOS="8020" WIDTH="48"/>
						<String CONTENT="the" ID="St_1.6.46.7" HPOS="7628" VPOS="8024" HEIGHT="80" WIDTH="176" STYLEREFS="Style_10" WC="1" CC="000"/>
						<SP ID="SP_1.6.46.8" HPOS="7772" VPOS="8032" WIDTH="56"/>
						<String CONTENT="city" ID="St_1.6.46.9" HPOS="7864" VPOS="8024" HEIGHT="104" WIDTH="220" STYLEREFS="Style_10" WC="1" CC="0000"/>
						<SP ID="SP_1.6.46.10" HPOS="8040" VPOS="8032" WIDTH="60"/>
						<String CONTENT="of" ID="St_1.6.46.11" HPOS="8132" VPOS="8016" HEIGHT="88" WIDTH="112" STYLEREFS="Style_10" WC="1" CC="00"/>
						<SP ID="SP_1.6.46.12" HPOS="8212" VPOS="8020" WIDTH="48"/>
						<String CONTENT="Canton," ID="St_1.6.46.13" HPOS="8292" VPOS="8020" HEIGHT="100" WIDTH="436" STYLEREFS="Style_10" WC="1" CC="0000000"/>
						<SP ID="SP_1.6.46.14" HPOS="8708" VPOS="8056" WIDTH="44"/>
						<String CONTENT="Ohio," ID="St_1.6.46.15" HPOS="8788" VPOS="8016" HEIGHT="100" WIDTH="300" STYLEREFS="Style_10" WC="1" CC="00000"/>
						<SP ID="SP_1.6.46.16" HPOS="9068" VPOS="8052" WIDTH="56"/>
						<String CONTENT="1950." ID="St_1.6.46.17" HPOS="9168" VPOS="8016" HEIGHT="92" WIDTH="284" STYLEREFS="Style_10" WC="1" CC="00000"/>
					</TextLine>
					<TextLine ID="TL_1.6.47" HPOS="6948" VPOS="8140" HEIGHT="108" WIDTH="2184">
						<String CONTENT="SEE" ID="St_1.6.47.1" HPOS="6948" VPOS="8148" HEIGHT="84" WIDTH="244" STYLEREFS="Style_10" WC="1" CC="000"/>
						<SP ID="SP_1.6.47.2" HPOS="7144" VPOS="8144" WIDTH="72"/>
						<String CONTENT="Canton," ID="St_1.6.47.3" HPOS="7248" VPOS="8148" HEIGHT="100" WIDTH="432" STYLEREFS="Style_10" WC="1" CC="0000000"/>
						<SP ID="SP_1.6.47.4" HPOS="7660" VPOS="8176" WIDTH="44"/>
						<String CONTENT="Ohio." ID="St_1.6.47.5" HPOS="7744" VPOS="8144" HEIGHT="88" WIDTH="300" STYLEREFS="Style_10" WC="1" CC="00000"/>
						<SP ID="SP_1.6.47.6" HPOS="8028" VPOS="8176" WIDTH="64"/>
						<String CONTENT="Ordinances," ID="St_1.6.47.7" HPOS="8152" VPOS="8140" HEIGHT="100" WIDTH="712" STYLEREFS="Style_10" WC="1" CC="00000000000"/>
						<SP ID="SP_1.6.47.8" HPOS="8844" VPOS="8172" WIDTH="44"/>
						<String CONTENT="etc." ID="St_1.6.47.9" HPOS="8932" VPOS="8140" HEIGHT="88" WIDTH="200" STYLEREFS="Style_10" WC="1" CC="0000"/>
					</TextLine>
					<TextLine ID="TL_1.6.48" HPOS="6792" VPOS="8452" HEIGHT="108" WIDTH="2596">
						<String CONTENT="MI" ID="St_1.6.48.1" HPOS="6792" VPOS="8452" HEIGHT="84" WIDTH="148" STYLEREFS="Style_10" WC="0.666666666666667" CC="51"/>
						<String CONTENT="C" ID="St_1.6.48.2" HPOS="6960" VPOS="8452" HEIGHT="84" WIDTH="72" STYLEREFS="Style_10" WC="0.74" CC="1"/>
						<String CONTENT="H" ID="St_1.6.48.3" HPOS="7044" VPOS="8456" HEIGHT="84" WIDTH="84" STYLEREFS="Style_10" WC="0.722222222222222" CC="3"/>
						<String CONTENT="IE" ID="St_1.6.48.4" HPOS="7128" VPOS="8456" HEIGHT="84" WIDTH="128" STYLEREFS="Style_10" WC="0.795555555555556" CC="10"/>
						<SP ID="SP_1.6.48.5" HPOS="7212" VPOS="8452" WIDTH="68"/>
						<String CONTENT="CITY" ID="St_1.6.48.6" HPOS="7320" VPOS="8452" HEIGHT="88" WIDTH="308" STYLEREFS="Style_10" WC="0.888888888888889" CC="0000"/>
						<SP ID="SP_1.6.48.7" HPOS="7576" VPOS="8452" WIDTH="76"/>
						<String CONTENT="PUBLICATIONS" ID="St_1.6.48.8" HPOS="7684" VPOS="8456" HEIGHT="84" WIDTH="968" STYLEREFS="Style_10" WC="0.948888888888889" CC="000000000000"/>
						<SP ID="SP_1.6.48.9" HPOS="8612" VPOS="8456" WIDTH="60"/>
						<String CONTENT="COMPANY," ID="St_1.6.48.10" HPOS="8704" VPOS="8460" HEIGHT="100" WIDTH="684" STYLEREFS="Style_10" WC="0.962222222222222" CC="00000000"/>
					</TextLine>
					<TextLine ID="TL_1.6.49" HPOS="6976" VPOS="8576" HEIGHT="104" WIDTH="1596">
						<String CONTENT="CHARLOTTESVILLE," ID="St_1.6.49.1" HPOS="6976" VPOS="8576" HEIGHT="104" WIDTH="1320" STYLEREFS="Style_10" WC="1" CC="0000000000000000"/>
						<SP ID="SP_1.6.49.2" HPOS="8276" VPOS="8608" WIDTH="48"/>
						<String CONTENT="VA." ID="St_1.6.49.3" HPOS="8368" VPOS="8580" HEIGHT="88" WIDTH="204" STYLEREFS="Style_10" WC="1" CC="000"/>
					</TextLine>
					<TextLine ID="TL_1.6.50" HPOS="6884" VPOS="8696" HEIGHT="116" WIDTH="2276">
						<String CONTENT="The" ID="St_1.6.50.1" HPOS="6884" VPOS="8700" HEIGHT="84" WIDTH="216" STYLEREFS="Style_10" WC="1" CC="000"/>
						<SP ID="SP_1.6.50.2" HPOS="7064" VPOS="8708" WIDTH="60"/>
						<String CONTENT="Code" ID="St_1.6.50.3" HPOS="7160" VPOS="8700" HEIGHT="84" WIDTH="276" STYLEREFS="Style_10" WC="1" CC="0000"/>
						<SP ID="SP_1.6.50.4" HPOS="7404" VPOS="8708" WIDTH="60"/>
						<String CONTENT="of" ID="St_1.6.50.5" HPOS="7504" VPOS="8704" HEIGHT="80" WIDTH="104" STYLEREFS="Style_10" WC="1" CC="00"/>
						<SP ID="SP_1.6.50.6" HPOS="7580" VPOS="8696" WIDTH="48"/>
						<String CONTENT="the" ID="St_1.6.50.7" HPOS="7656" VPOS="8704" HEIGHT="80" WIDTH="172" STYLEREFS="Style_10" WC="1" CC="000"/>
						<SP ID="SP_1.6.50.8" HPOS="7792" VPOS="8708" WIDTH="60"/>
						<String CONTENT="city" ID="St_1.6.50.9" HPOS="7888" VPOS="8708" HEIGHT="104" WIDTH="224" STYLEREFS="Style_10" WC="1" CC="0000"/>
						<SP ID="SP_1.6.50.10" HPOS="8068" VPOS="8712" WIDTH="60"/>
						<String CONTENT="of" ID="St_1.6.50.11" HPOS="8156" VPOS="8708" HEIGHT="80" WIDTH="116" STYLEREFS="Style_10" WC="1" CC="00"/>
						<SP ID="SP_1.6.50.12" HPOS="8240" VPOS="8700" WIDTH="48"/>
						<String CONTENT="Winter" ID="St_1.6.50.13" HPOS="8320" VPOS="8704" HEIGHT="84" WIDTH="396" STYLEREFS="Style_10" WC="1" CC="000000"/>
						<SP ID="SP_1.6.50.14" HPOS="8680" VPOS="8712" WIDTH="60"/>
						<String CONTENT="Haven," ID="St_1.6.50.15" HPOS="8772" VPOS="8708" HEIGHT="96" WIDTH="388" STYLEREFS="Style_10" WC="0.987777777777778" CC="400000"/>
					</TextLine>
					<TextLine ID="TL_1.6.51" HPOS="6968" VPOS="8820" HEIGHT="104" WIDTH="2144">
						<String CONTENT="Florida," ID="St_1.6.51.1" HPOS="6968" VPOS="8824" HEIGHT="96" WIDTH="484" STYLEREFS="Style_10" WC="1" CC="00000000"/>
						<SP ID="SP_1.6.51.2" HPOS="7432" VPOS="8848" WIDTH="52"/>
						<String CONTENT="1950." ID="St_1.6.51.3" HPOS="7532" VPOS="8824" HEIGHT="80" WIDTH="288" STYLEREFS="Style_10" WC="1" CC="00000"/>
						<SP ID="SP_1.6.51.4" HPOS="7800" VPOS="8848" WIDTH="92"/>
						<String CONTENT="SEE" ID="St_1.6.51.5" HPOS="7976" VPOS="8824" HEIGHT="80" WIDTH="232" STYLEREFS="Style_10" WC="1" CC="000"/>
						<SP ID="SP_1.6.51.6" HPOS="8160" VPOS="8820" WIDTH="76"/>
						<String CONTENT="Winter" ID="St_1.6.51.7" HPOS="8272" VPOS="8828" HEIGHT="80" WIDTH="396" STYLEREFS="Style_10" WC="1" CC="000000"/>
						<SP ID="SP_1.6.51.8" HPOS="8632" VPOS="8832" WIDTH="60"/>
						<String CONTENT="Haven," ID="St_1.6.51.9" HPOS="8728" VPOS="8828" HEIGHT="96" WIDTH="384" STYLEREFS="Style_10" WC="0.985555555555556" CC="000004"/>
					</TextLine>
					<TextLine ID="TL_1.6.52" HPOS="6964" VPOS="8944" HEIGHT="100" WIDTH="1336">
						<String CONTENT="Fla." ID="St_1.6.52.1" HPOS="6964" VPOS="8944" HEIGHT="84" WIDTH="236" STYLEREFS="Style_10" WC="1" CC="0000"/>
						<SP ID="SP_1.6.52.2" HPOS="7184" VPOS="8968" WIDTH="68"/>
						<String CONTENT="Ordinances," ID="St_1.6.52.3" HPOS="7312" VPOS="8944" HEIGHT="100" WIDTH="708" STYLEREFS="Style_10" WC="1" CC="00000000000"/>
						<SP ID="SP_1.6.52.4" HPOS="8000" VPOS="8968" WIDTH="52"/>
						<String CONTENT="etc." ID="St_1.6.52.5" HPOS="8092" VPOS="8952" HEIGHT="80" WIDTH="208" STYLEREFS="Style_10" WC="1" CC="0000"/>
					</TextLine>
					<TextLine ID="TL_1.6.53" HPOS="6804" VPOS="9236" HEIGHT="104" WIDTH="2604">
						<String CONTENT="MICHIE" ID="St_1.6.53.1" HPOS="6804" VPOS="9240" HEIGHT="92" WIDTH="468" STYLEREFS="Style_10" WC="0.925555555555556" CC="000400"/>
						<SP ID="SP_1.6.53.2" HPOS="7224" VPOS="9240" WIDTH="72"/>
						<String CONTENT="COMPANY," ID="St_1.6.53.3" HPOS="7336" VPOS="9236" HEIGHT="104" WIDTH="680" STYLEREFS="Style_10" WC="0.97" CC="00000000"/>
						<SP ID="SP_1.6.53.4" HPOS="7996" VPOS="9276" WIDTH="48"/>
						<String CONTENT="CHARLOTTESVILLE," ID="St_1.6.53.5" HPOS="8084" VPOS="9236" HEIGHT="100" WIDTH="1324" STYLEREFS="Style_10" WC="0.985555555555556" CC="0000000000000000"/>
					</TextLine>
					<TextLine ID="TL_1.6.54" HPOS="6900" VPOS="9356" HEIGHT="88" WIDTH="204">
						<String CONTENT="VA." ID="St_1.6.54.1" HPOS="6900" VPOS="9356" HEIGHT="88" WIDTH="204" STYLEREFS="Style_10" WC="0.74" CC="115"/>
					</TextLine>
					<TextLine ID="TL_1.6.55" HPOS="6912" VPOS="9472" HEIGHT="120" WIDTH="2572">
						<String CONTENT="Banks" ID="St_1.6.55.1" HPOS="6912" VPOS="9476" HEIGHT="84" WIDTH="360" STYLEREFS="Style_10" WC="1" CC="00000"/>
						<SP ID="SP_1.6.55.2" HPOS="7236" VPOS="9484" WIDTH="60"/>
						<String CONTENT="and" ID="St_1.6.55.3" HPOS="7336" VPOS="9476" HEIGHT="88" WIDTH="196" STYLEREFS="Style_10" WC="1" CC="000"/>
						<SP ID="SP_1.6.55.4" HPOS="7492" VPOS="9472" WIDTH="52"/>
						<String CONTENT="banking." ID="St_1.6.55.5" HPOS="7572" VPOS="9476" HEIGHT="116" WIDTH="484" STYLEREFS="Style_10" WC="0.974444444444444" CC="00000004"/>
						<SP ID="SP_1.6.55.6" HPOS="8012" VPOS="9484" WIDTH="92"/>
						<String CONTENT="Vol." ID="St_1.6.55.7" HPOS="8192" VPOS="9476" HEIGHT="96" WIDTH="244" STYLEREFS="Style_10" WC="0.98" CC="0000"/>
						<SP ID="SP_1.6.55.8" HPOS="8416" VPOS="9508" WIDTH="44"/>
						<String CONTENT="5" ID="St_1.6.55.9" HPOS="8492" VPOS="9480" HEIGHT="84" WIDTH="52" STYLEREFS="Style_10" WC="0.964444444444444" CC="4"/>
						<String CONTENT="B." ID="St_1.6.55.10" HPOS="8560" VPOS="9480" HEIGHT="92" WIDTH="120" STYLEREFS="Style_10" WC="0.966666666666667" CC="00"/>
						<SP ID="SP_1.6.55.11" HPOS="8660" VPOS="9508" WIDTH="76"/>
						<String CONTENT="By" ID="St_1.6.55.12" HPOS="8808" VPOS="9476" HEIGHT="116" WIDTH="156" STYLEREFS="Style_10" WC="0.97" CC="00"/>
						<SP ID="SP_1.6.55.13" HPOS="8924" VPOS="9484" WIDTH="56"/>
						<String CONTENT="the" ID="St_1.6.55.14" HPOS="9012" VPOS="9476" HEIGHT="88" WIDTH="176" STYLEREFS="Style_10" WC="0.973333333333333" CC="000"/>
						<SP ID="SP_1.6.55.15" HPOS="9152" VPOS="9484" WIDTH="60"/>
						<String CONTENT="edi-" ID="St_1.6.55.16" HPOS="9252" VPOS="9476" HEIGHT="88" WIDTH="232" STYLEREFS="Style_10" WC="0.976666666666667" CC="0000"/>
					</TextLine>
					<TextLine ID="TL_1.6.56" HPOS="6980" VPOS="9596" HEIGHT="116" WIDTH="2272">
						<String CONTENT="torial" ID="St_1.6.56.1" HPOS="6980" VPOS="9600" HEIGHT="84" WIDTH="340" STYLEREFS="Style_10" WC="1" CC="000000"/>
						<SP ID="SP_1.6.56.2" HPOS="7296" VPOS="9596" WIDTH="48"/>
						<String CONTENT="staff" ID="St_1.6.56.3" HPOS="7376" VPOS="9600" HEIGHT="88" WIDTH="272" STYLEREFS="Style_10" WC="1" CC="00000"/>
						<SP ID="SP_1.6.56.4" HPOS="7616" VPOS="9596" WIDTH="52"/>
						<String CONTENT="of" ID="St_1.6.56.5" HPOS="7700" VPOS="9600" HEIGHT="88" WIDTH="104" STYLEREFS="Style_10" WC="1" CC="00"/>
						<SP ID="SP_1.6.56.6" HPOS="7772" VPOS="9596" WIDTH="48"/>
						<String CONTENT="the" ID="St_1.6.56.7" HPOS="7848" VPOS="9604" HEIGHT="84" WIDTH="176" STYLEREFS="Style_10" WC="1" CC="000"/>
						<SP ID="SP_1.6.56.8" HPOS="7988" VPOS="9608" WIDTH="60"/>
						<String CONTENT="publisher" ID="St_1.6.56.9" HPOS="8080" VPOS="9604" HEIGHT="108" WIDTH="556" STYLEREFS="Style_10" WC="1" CC="000000000"/>
						<SP ID="SP_1.6.56.10" HPOS="8600" VPOS="9612" WIDTH="56"/>
						<String CONTENT="under" ID="St_1.6.56.11" HPOS="8692" VPOS="9604" HEIGHT="84" WIDTH="332" STYLEREFS="Style_10" WC="1" CC="00000"/>
						<SP ID="SP_1.6.56.12" HPOS="8988" VPOS="9612" WIDTH="56"/>
						<String CONTENT="the" ID="St_1.6.56.13" HPOS="9080" VPOS="9604" HEIGHT="84" WIDTH="172" STYLEREFS="Style_10" WC="1" CC="000"/>
					</TextLine>
					<TextLine ID="TL_1.6.57" HPOS="6984" VPOS="9720" HEIGHT="112" WIDTH="2388">
						<String CONTENT="supervision" ID="St_1.6.57.1" HPOS="6984" VPOS="9724" HEIGHT="108" WIDTH="696" STYLEREFS="Style_10" WC="1" CC="00000000000"/>
						<SP ID="SP_1.6.57.2" HPOS="7644" VPOS="9732" WIDTH="60"/>
						<String CONTENT="of" ID="St_1.6.57.3" HPOS="7740" VPOS="9724" HEIGHT="88" WIDTH="108" STYLEREFS="Style_10" WC="1" CC="00"/>
						<SP ID="SP_1.6.57.4" HPOS="7820" VPOS="9720" WIDTH="44"/>
						<String CONTENT="A." ID="St_1.6.57.5" HPOS="7892" VPOS="9720" HEIGHT="96" WIDTH="128" STYLEREFS="Style_10" WC="1" CC="00"/>
						<SP ID="SP_1.6.57.6" HPOS="8000" VPOS="9752" WIDTH="44"/>
						<String CONTENT="Hewson" ID="St_1.6.57.7" HPOS="8076" VPOS="9724" HEIGHT="88" WIDTH="448" STYLEREFS="Style_10" WC="1" CC="000000"/>
						<SP ID="SP_1.6.57.8" HPOS="8484" VPOS="9732" WIDTH="64"/>
						<String CONTENT="Michie," ID="St_1.6.57.9" HPOS="8584" VPOS="9724" HEIGHT="104" WIDTH="432" STYLEREFS="Style_10" WC="1" CC="0000000"/>
						<SP ID="SP_1.6.57.10" HPOS="8996" VPOS="9752" WIDTH="48"/>
						<String CONTENT="S." ID="St_1.6.57.11" HPOS="9084" VPOS="9724" HEIGHT="92" WIDTH="108" STYLEREFS="Style_10" WC="1" CC="00"/>
						<SP ID="SP_1.6.57.12" HPOS="9168" VPOS="9752" WIDTH="40"/>
						<String CONTENT="G." ID="St_1.6.57.13" HPOS="9240" VPOS="9724" HEIGHT="92" WIDTH="132" STYLEREFS="Style_10" WC="1" CC="00"/>
					</TextLine>
					<TextLine ID="TL_1.6.58" HPOS="6976" VPOS="9840" HEIGHT="108" WIDTH="2420">
						<String CONTENT="Alrich," ID="St_1.6.58.1" HPOS="6976" VPOS="9840" HEIGHT="108" WIDTH="420" STYLEREFS="Style_10" WC="1" CC="0000000"/>
						<SP ID="SP_1.6.58.2" HPOS="7376" VPOS="9872" WIDTH="44"/>
						<String CONTENT="W." ID="St_1.6.58.3" HPOS="7460" VPOS="9844" HEIGHT="92" WIDTH="144" STYLEREFS="Style_10" WC="1" CC="00"/>
						<SP ID="SP_1.6.58.4" HPOS="7588" VPOS="9876" WIDTH="40"/>
						<String CONTENT="M." ID="St_1.6.58.5" HPOS="7668" VPOS="9848" HEIGHT="88" WIDTH="152" STYLEREFS="Style_10" WC="1" CC="00"/>
						<SP ID="SP_1.6.58.6" HPOS="7800" VPOS="9876" WIDTH="36"/>
						<String CONTENT="Wil" ID="St_1.6.58.7" HPOS="7868" VPOS="9844" HEIGHT="88" WIDTH="200" STYLEREFS="Style_10" WC="1" CC="000"/>
						<String CONTENT="l" ID="St_1.6.58.8" HPOS="8068" VPOS="9852" HEIGHT="80" WIDTH="44" STYLEREFS="Style_10" WC="1" CC="0"/>
						<String CONTENT="son" ID="St_1.6.58.9" HPOS="8128" VPOS="9872" HEIGHT="64" WIDTH="192" STYLEREFS="Style_10" WC="1" CC="000"/>
						<SP ID="SP_1.6.58.10" HPOS="8280" VPOS="9856" WIDTH="60"/>
						<String CONTENT="and" ID="St_1.6.58.11" HPOS="8376" VPOS="9848" HEIGHT="84" WIDTH="200" STYLEREFS="Style_10" WC="1" CC="000"/>
						<SP ID="SP_1.6.58.12" HPOS="8536" VPOS="9844" WIDTH="56"/>
						<String CONTENT="Be" ID="St_1.6.58.13" HPOS="8624" VPOS="9848" HEIGHT="80" WIDTH="152" STYLEREFS="Style_10" WC="0.983333333333333" CC="31"/>
						<String CONTENT="i" ID="St_1.6.58.14" HPOS="8792" VPOS="9848" HEIGHT="84" WIDTH="36" STYLEREFS="Style_10" WC="0.98" CC="1"/>
						<String CONTENT="rne" ID="St_1.6.58.15" HPOS="8832" VPOS="9872" HEIGHT="60" WIDTH="196" STYLEREFS="Style_10" WC="0.972222222222222" CC="300"/>
						<SP ID="SP_1.6.58.16" HPOS="8992" VPOS="9856" WIDTH="56"/>
						<String CONTENT="Sted-" ID="St_1.6.58.17" HPOS="9084" VPOS="9844" HEIGHT="88" WIDTH="312" STYLEREFS="Style_10" WC="0.975555555555556" CC="00000"/>
					</TextLine>
					<TextLine ID="TL_1.6.59" HPOS="6980" VPOS="9968" HEIGHT="104" WIDTH="2160">
						<String CONTENT="man." ID="St_1.6.59.1" HPOS="6980" VPOS="9992" HEIGHT="68" WIDTH="292" STYLEREFS="Style_10" WC="1" CC="0000"/>
						<SP ID="SP_1.6.59.2" HPOS="7252" VPOS="10000" WIDTH="72"/>
						<String CONTENT="Permanent" ID="St_1.6.59.3" HPOS="7392" VPOS="9968" HEIGHT="88" WIDTH="652" STYLEREFS="Style_10" WC="1" CC="000000000"/>
						<SP ID="SP_1.6.59.4" HPOS="8020" VPOS="9972" WIDTH="48"/>
						<String CONTENT="ed.," ID="St_1.6.59.5" HPOS="8104" VPOS="9976" HEIGHT="96" WIDTH="204" STYLEREFS="Style_10" WC="1" CC="0000"/>
						<SP ID="SP_1.6.59.6" HPOS="8288" VPOS="10000" WIDTH="48"/>
						<String CONTENT="rev." ID="St_1.6.59.7" HPOS="8376" VPOS="9992" HEIGHT="68" WIDTH="236" STYLEREFS="Style_10" WC="0.981111111111111" CC="0004"/>
						<SP ID="SP_1.6.59.8" HPOS="8592" VPOS="10004" WIDTH="44"/>
						<String CONTENT="and" ID="St_1.6.59.9" HPOS="8672" VPOS="9972" HEIGHT="80" WIDTH="196" STYLEREFS="Style_10" WC="0.983333333333333" CC="000"/>
						<SP ID="SP_1.6.59.10" HPOS="8828" VPOS="9968" WIDTH="60"/>
						<String CONTENT="enl." ID="St_1.6.59.11" HPOS="8924" VPOS="9972" HEIGHT="88" WIDTH="216" STYLEREFS="Style_10" WC="0.985555555555556" CC="0000"/>
					</TextLine>
					<TextLine ID="TL_1.6.60" HPOS="6984" VPOS="10084" HEIGHT="112" WIDTH="2604">
						<String CONTENT="456" ID="St_1.6.60.1" HPOS="6984" VPOS="10092" HEIGHT="80" WIDTH="192" STYLEREFS="Style_10" WC="1" CC="000"/>
						<SP ID="SP_1.6.60.2" HPOS="7148" VPOS="10084" WIDTH="56"/>
						<String CONTENT="p." ID="St_1.6.60.3" HPOS="7240" VPOS="10116" HEIGHT="80" WIDTH="96" STYLEREFS="Style_10" WC="1" CC="00"/>
						<SP ID="SP_1.6.60.4" HPOS="7320" VPOS="10120" WIDTH="80"/>
						<String CONTENT="&#169;" ID="St_1.6.60.5" HPOS="7472" VPOS="10084" HEIGHT="80" WIDTH="84" STYLEREFS="Style_10" WC="0.944444444444444" CC="4"/>
						<SP ID="SP_1.6.60.6" HPOS="7512" VPOS="10084" WIDTH="80"/>
						<String CONTENT="The" ID="St_1.6.60.7" HPOS="7624" VPOS="10096" HEIGHT="80" WIDTH="216" STYLEREFS="Style_10" WC="0.962222222222222" CC="000"/>
						<SP ID="SP_1.6.60.8" HPOS="7808" VPOS="10096" WIDTH="56"/>
						<String CONTENT="Michie" ID="St_1.6.60.9" HPOS="7896" VPOS="10096" HEIGHT="80" WIDTH="400" STYLEREFS="Style_10" WC="0.952222222222222" CC="000004"/>
						<SP ID="SP_1.6.60.10" HPOS="8264" VPOS="10096" WIDTH="52"/>
						<String CONTENT="Co.," ID="St_1.6.60.11" HPOS="8348" VPOS="10092" HEIGHT="100" WIDTH="240" STYLEREFS="Style_10" WC="0.962222222222222" CC="0000"/>
						<SP ID="SP_1.6.60.12" HPOS="8564" VPOS="10116" WIDTH="52"/>
						<String CONTENT="Charlottesville," ID="St_1.6.60.13" HPOS="8648" VPOS="10092" HEIGHT="96" WIDTH="940" STYLEREFS="Style_10" WC="0.977777777777778" CC="0000000000000000"/>
					</TextLine>
					<TextLine ID="TL_1.6.61" HPOS="6984" VPOS="10212" HEIGHT="100" WIDTH="1356">
						<String CONTENT="Va.;" ID="St_1.6.61.1" HPOS="6984" VPOS="10212" HEIGHT="100" WIDTH="236" STYLEREFS="Style_10" WC="0.888888888888889" CC="1300"/>
						<SP ID="SP_1.6.61.2" HPOS="7200" VPOS="10216" WIDTH="48"/>
						<String CONTENT="22Feb51;" ID="St_1.6.61.3" HPOS="7280" VPOS="10216" HEIGHT="96" WIDTH="532" STYLEREFS="Style_10" WC="0.965555555555556" CC="00000000"/>
						<SP ID="SP_1.6.61.4" HPOS="7796" VPOS="10216" WIDTH="40"/>
						<String CONTENT="A54411." ID="St_1.6.61.5" HPOS="7868" VPOS="10212" HEIGHT="96" WIDTH="472" STYLEREFS="Style_10" WC="0.977777777777778" CC="0000000"/>
					</TextLine>
					<TextLine ID="TL_1.6.62" HPOS="6836" VPOS="10472" HEIGHT="108" WIDTH="2608">
						<String CONTENT="MICHIE" ID="St_1.6.62.1" HPOS="6836" VPOS="10476" HEIGHT="84" WIDTH="464" STYLEREFS="Style_10" WC="1" CC="000000"/>
						<SP ID="SP_1.6.62.2" HPOS="7256" VPOS="10472" WIDTH="72"/>
						<String CONTENT="COMPANY," ID="St_1.6.62.3" HPOS="7364" VPOS="10476" HEIGHT="100" WIDTH="684" STYLEREFS="Style_10" WC="1" CC="00000000"/>
						<SP ID="SP_1.6.62.4" HPOS="8032" VPOS="10504" WIDTH="44"/>
						<String CONTENT="CHARLOTTESVILLE," ID="St_1.6.62.5" HPOS="8112" VPOS="10476" HEIGHT="104" WIDTH="1332" STYLEREFS="Style_10" WC="1" CC="0000000000000000"/>
					</TextLine>
					<TextLine ID="TL_1.6.63" HPOS="6916" VPOS="10600" HEIGHT="80" WIDTH="212">
						<String CONTENT="VA." ID="St_1.6.63.1" HPOS="6916" VPOS="10600" HEIGHT="80" WIDTH="212" STYLEREFS="Style_10" WC="0.777777777777778" CC="114"/>
					</TextLine>
					<TextLine ID="TL_1.6.64" HPOS="6916" VPOS="10720" HEIGHT="120" WIDTH="2480">
						<String CONTENT="Jurisprudence" ID="St_1.6.64.1" HPOS="6916" VPOS="10724" HEIGHT="108" WIDTH="856" STYLEREFS="Style_10" WC="1" CC="0000000000000"/>
						<SP ID="SP_1.6.64.2" HPOS="7740" VPOS="10736" WIDTH="60"/>
						<String CONTENT="of" ID="St_1.6.64.3" HPOS="7832" VPOS="10724" HEIGHT="88" WIDTH="112" STYLEREFS="Style_10" WC="1" CC="00"/>
						<SP ID="SP_1.6.64.4" HPOS="7916" VPOS="10720" WIDTH="48"/>
						<String CONTENT="Virginia" ID="St_1.6.64.5" HPOS="7992" VPOS="10728" HEIGHT="112" WIDTH="496" STYLEREFS="Style_10" WC="1" CC="00000000"/>
						<SP ID="SP_1.6.64.6" HPOS="8452" VPOS="10736" WIDTH="60"/>
						<String CONTENT="and" ID="St_1.6.64.7" HPOS="8540" VPOS="10732" HEIGHT="84" WIDTH="192" STYLEREFS="Style_10" WC="1" CC="000"/>
						<SP ID="SP_1.6.64.8" HPOS="8696" VPOS="10728" WIDTH="60"/>
						<String CONTENT="West" ID="St_1.6.64.9" HPOS="8788" VPOS="10732" HEIGHT="84" WIDTH="292" STYLEREFS="Style_10" WC="1" CC="0000"/>
						<SP ID="SP_1.6.64.10" HPOS="9052" VPOS="10732" WIDTH="52"/>
						<String CONTENT="Vir-" ID="St_1.6.64.11" HPOS="9136" VPOS="10732" HEIGHT="84" WIDTH="260" STYLEREFS="Style_10" WC="1" CC="0000"/>
					</TextLine>
					<TextLine ID="TL_1.6.65" HPOS="6988" VPOS="10844" HEIGHT="108" WIDTH="2588">
						<String CONTENT="ginia;" ID="St_1.6.65.1" HPOS="6988" VPOS="10844" HEIGHT="108" WIDTH="324" STYLEREFS="Style_10" WC="1" CC="000000"/>
						<SP ID="SP_1.6.65.2" HPOS="7296" VPOS="10852" WIDTH="44"/>
						<String CONTENT="a" ID="St_1.6.65.3" HPOS="7372" VPOS="10868" HEIGHT="60" WIDTH="64" STYLEREFS="Style_10" WC="1" CC="0"/>
						<SP ID="SP_1.6.65.4" HPOS="7396" VPOS="10852" WIDTH="60"/>
						<String CONTENT="complete" ID="St_1.6.65.5" HPOS="7488" VPOS="10848" HEIGHT="100" WIDTH="532" STYLEREFS="Style_10" WC="1" CC="00000000"/>
						<SP ID="SP_1.6.65.6" HPOS="7988" VPOS="10852" WIDTH="60"/>
						<String CONTENT="treatise," ID="St_1.6.65.7" HPOS="8080" VPOS="10848" HEIGHT="96" WIDTH="504" STYLEREFS="Style_10" WC="1" CC="000000000"/>
						<SP ID="SP_1.6.65.8" HPOS="8564" VPOS="10872" WIDTH="48"/>
						<String CONTENT="in" ID="St_1.6.65.9" HPOS="8652" VPOS="10852" HEIGHT="80" WIDTH="100" STYLEREFS="Style_10" WC="1" CC="00"/>
						<SP ID="SP_1.6.65.10" HPOS="8716" VPOS="10852" WIDTH="60"/>
						<String CONTENT="text" ID="St_1.6.65.11" HPOS="8808" VPOS="10856" HEIGHT="80" WIDTH="224" STYLEREFS="Style_10" WC="1" CC="0000"/>
						<SP ID="SP_1.6.65.12" HPOS="9008" VPOS="10844" WIDTH="48"/>
						<String CONTENT="and" ID="St_1.6.65.13" HPOS="9088" VPOS="10852" HEIGHT="84" WIDTH="196" STYLEREFS="Style_10" WC="1" CC="000"/>
						<SP ID="SP_1.6.65.14" HPOS="9248" VPOS="10844" WIDTH="60"/>
						<String CONTENT="note" ID="St_1.6.65.15" HPOS="9340" VPOS="10860" HEIGHT="76" WIDTH="236" STYLEREFS="Style_10" WC="1" CC="0000"/>
					</TextLine>
					<TextLine ID="TL_1.6.66" HPOS="7004" VPOS="10960" HEIGHT="116" WIDTH="2276">
						<String CONTENT="form," ID="St_1.6.66.1" HPOS="7004" VPOS="10960" HEIGHT="100" WIDTH="324" STYLEREFS="Style_10" WC="1" CC="00000"/>
						<SP ID="SP_1.6.66.2" HPOS="7312" VPOS="10996" WIDTH="44"/>
						<String CONTENT="of" ID="St_1.6.66.3" HPOS="7396" VPOS="10964" HEIGHT="84" WIDTH="112" STYLEREFS="Style_10" WC="1" CC="00"/>
						<SP ID="SP_1.6.66.4" HPOS="7480" VPOS="10964" WIDTH="44"/>
						<String CONTENT="the" ID="St_1.6.66.5" HPOS="7552" VPOS="10964" HEIGHT="84" WIDTH="172" STYLEREFS="Style_10" WC="1" CC="000"/>
						<SP ID="SP_1.6.66.6" HPOS="7692" VPOS="10976" WIDTH="56"/>
						<String CONTENT="law" ID="St_1.6.66.7" HPOS="7780" VPOS="10964" HEIGHT="88" WIDTH="204" STYLEREFS="Style_10" WC="1" CC="000"/>
						<SP ID="SP_1.6.66.8" HPOS="7932" VPOS="10976" WIDTH="72"/>
						<String CONTENT="in" ID="St_1.6.66.9" HPOS="8036" VPOS="10964" HEIGHT="84" WIDTH="104" STYLEREFS="Style_10" WC="1" CC="00"/>
						<SP ID="SP_1.6.66.10" HPOS="8104" VPOS="10976" WIDTH="60"/>
						<String CONTENT="Virginia" ID="St_1.6.66.11" HPOS="8196" VPOS="10964" HEIGHT="112" WIDTH="492" STYLEREFS="Style_10" WC="1" CC="00000000"/>
						<SP ID="SP_1.6.66.12" HPOS="8652" VPOS="10976" WIDTH="56"/>
						<String CONTENT="and" ID="St_1.6.66.13" HPOS="8740" VPOS="10972" HEIGHT="84" WIDTH="200" STYLEREFS="Style_10" WC="1" CC="000"/>
						<SP ID="SP_1.6.66.14" HPOS="8904" VPOS="10968" WIDTH="52"/>
						<String CONTENT="West" ID="St_1.6.66.15" HPOS="8988" VPOS="10972" HEIGHT="84" WIDTH="292" STYLEREFS="Style_10" WC="1" CC="0000"/>
					</TextLine>
					<TextLine ID="TL_1.6.67" HPOS="6988" VPOS="11076" HEIGHT="116" WIDTH="2416">
						<String CONTENT="Virginia" ID="St_1.6.67.1" HPOS="6988" VPOS="11080" HEIGHT="112" WIDTH="488" STYLEREFS="Style_10" WC="1" CC="00000000"/>
						<SP ID="SP_1.6.67.2" HPOS="7440" VPOS="11088" WIDTH="64"/>
						<String CONTENT="as" ID="St_1.6.67.3" HPOS="7536" VPOS="11108" HEIGHT="60" WIDTH="116" STYLEREFS="Style_10" WC="1" CC="00"/>
						<SP ID="SP_1.6.67.4" HPOS="7624" VPOS="11088" WIDTH="56"/>
						<String CONTENT="found" ID="St_1.6.67.5" HPOS="7720" VPOS="11080" HEIGHT="88" WIDTH="304" STYLEREFS="Style_10" WC="1" CC="00000"/>
						<SP ID="SP_1.6.67.6" HPOS="7988" VPOS="11076" WIDTH="60"/>
						<String CONTENT="in" ID="St_1.6.67.7" HPOS="8080" VPOS="11084" HEIGHT="84" WIDTH="96" STYLEREFS="Style_10" WC="1" CC="00"/>
						<SP ID="SP_1.6.67.8" HPOS="8144" VPOS="11088" WIDTH="60"/>
						<String CONTENT="the" ID="St_1.6.67.9" HPOS="8240" VPOS="11084" HEIGHT="84" WIDTH="172" STYLEREFS="Style_10" WC="1" CC="000"/>
						<SP ID="SP_1.6.67.10" HPOS="8380" VPOS="11088" WIDTH="56"/>
						<String CONTENT="cases," ID="St_1.6.67.11" HPOS="8464" VPOS="11112" HEIGHT="76" WIDTH="376" STYLEREFS="Style_10" WC="1" CC="000000"/>
						<SP ID="SP_1.6.67.12" HPOS="8820" VPOS="11112" WIDTH="44"/>
						<String CONTENT="statutes," ID="St_1.6.67.13" HPOS="8904" VPOS="11096" HEIGHT="92" WIDTH="500" STYLEREFS="Style_10" WC="1" CC="000000000"/>
					</TextLine>
					<TextLine ID="TL_1.6.68" HPOS="7008" VPOS="11200" HEIGHT="120" WIDTH="2472">
						<String CONTENT="and" ID="St_1.6.68.1" HPOS="7008" VPOS="11200" HEIGHT="88" WIDTH="196" STYLEREFS="Style_10" WC="1" CC="000"/>
						<SP ID="SP_1.6.68.2" HPOS="7168" VPOS="11200" WIDTH="60"/>
						<String CONTENT="other" ID="St_1.6.68.3" HPOS="7260" VPOS="11204" HEIGHT="84" WIDTH="308" STYLEREFS="Style_10" WC="1" CC="00000"/>
						<SP ID="SP_1.6.68.4" HPOS="7532" VPOS="11212" WIDTH="60"/>
						<String CONTENT="sources." ID="St_1.6.68.5" HPOS="7624" VPOS="11224" HEIGHT="72" WIDTH="504" STYLEREFS="Style_10" WC="1" CC="00000000"/>
						<SP ID="SP_1.6.68.6" HPOS="8112" VPOS="11236" WIDTH="68"/>
						<String CONTENT="Vol." ID="St_1.6.68.7" HPOS="8240" VPOS="11204" HEIGHT="92" WIDTH="236" STYLEREFS="Style_10" WC="1" CC="0000"/>
						<SP ID="SP_1.6.68.8" HPOS="8460" VPOS="11236" WIDTH="44"/>
						<String CONTENT="13." ID="St_1.6.68.9" HPOS="8544" VPOS="11208" HEIGHT="88" WIDTH="160" STYLEREFS="Style_10" WC="1" CC="000"/>
						<SP ID="SP_1.6.68.10" HPOS="8688" VPOS="11236" WIDTH="60"/>
						<String CONTENT="By" ID="St_1.6.68.11" HPOS="8804" VPOS="11208" HEIGHT="112" WIDTH="160" STYLEREFS="Style_10" WC="1" CC="00"/>
						<SP ID="SP_1.6.68.12" HPOS="8924" VPOS="11216" WIDTH="60"/>
						<String CONTENT="the" ID="St_1.6.68.13" HPOS="9012" VPOS="11212" HEIGHT="84" WIDTH="172" STYLEREFS="Style_10" WC="1" CC="000"/>
						<SP ID="SP_1.6.68.14" HPOS="9152" VPOS="11216" WIDTH="56"/>
						<String CONTENT="edi-" ID="St_1.6.68.15" HPOS="9240" VPOS="11212" HEIGHT="84" WIDTH="240" STYLEREFS="Style_10" WC="1" CC="0000"/>
					</TextLine>
					<TextLine ID="TL_1.6.69" HPOS="7004" VPOS="11320" HEIGHT="112" WIDTH="2340">
						<String CONTENT="torial" ID="St_1.6.69.1" HPOS="7004" VPOS="11324" HEIGHT="80" WIDTH="332" STYLEREFS="Style_10" WC="1" CC="000000"/>
						<SP ID="SP_1.6.69.2" HPOS="7312" VPOS="11320" WIDTH="48"/>
						<String CONTENT="staff" ID="St_1.6.69.3" HPOS="7392" VPOS="11324" HEIGHT="84" WIDTH="272" STYLEREFS="Style_10" WC="1" CC="00000"/>
						<SP ID="SP_1.6.69.4" HPOS="7692" VPOS="11328" WIDTH="16"/>
						<String CONTENT="of" ID="St_1.6.69.5" HPOS="7716" VPOS="11324" HEIGHT="84" WIDTH="104" STYLEREFS="Style_10" WC="1" CC="00"/>
						<SP ID="SP_1.6.69.6" HPOS="7792" VPOS="11320" WIDTH="48"/>
						<String CONTENT="the" ID="St_1.6.69.7" HPOS="7868" VPOS="11324" HEIGHT="84" WIDTH="172" STYLEREFS="Style_10" WC="1" CC="000"/>
						<SP ID="SP_1.6.69.8" HPOS="8008" VPOS="11332" WIDTH="60"/>
						<String CONTENT="publishers" ID="St_1.6.69.9" HPOS="8100" VPOS="11328" HEIGHT="104" WIDTH="624" STYLEREFS="Style_10" WC="1" CC="0000000000"/>
						<SP ID="SP_1.6.69.10" HPOS="8692" VPOS="11332" WIDTH="56"/>
						<String CONTENT="under" ID="St_1.6.69.11" HPOS="8780" VPOS="11332" HEIGHT="84" WIDTH="332" STYLEREFS="Style_10" WC="1" CC="00000"/>
						<SP ID="SP_1.6.69.12" HPOS="9080" VPOS="11336" WIDTH="60"/>
						<String CONTENT="the" ID="St_1.6.69.13" HPOS="9172" VPOS="11332" HEIGHT="84" WIDTH="172" STYLEREFS="Style_10" WC="1" CC="000"/>
					</TextLine>
					<TextLine ID="TL_1.6.70" HPOS="7004" VPOS="11440" HEIGHT="120" WIDTH="2512">
						<String CONTENT="editorial" ID="St_1.6.70.1" HPOS="7004" VPOS="11444" HEIGHT="84" WIDTH="512" STYLEREFS="Style_10" WC="0.986666666666667" CC="100000000"/>
						<SP ID="SP_1.6.70.2" HPOS="7492" VPOS="11440" WIDTH="52"/>
						<String CONTENT="supervision" ID="St_1.6.70.3" HPOS="7576" VPOS="11448" HEIGHT="104" WIDTH="696" STYLEREFS="Style_10" WC="0.994444444444444" CC="00000000000"/>
						<SP ID="SP_1.6.70.4" HPOS="8232" VPOS="11452" WIDTH="64"/>
						<String CONTENT="of" ID="St_1.6.70.5" HPOS="8328" VPOS="11448" HEIGHT="84" WIDTH="112" STYLEREFS="Style_10" WC="0.994444444444444" CC="00"/>
						<SP ID="SP_1.6.70.6" HPOS="8412" VPOS="11440" WIDTH="44"/>
						<String CONTENT="George" ID="St_1.6.70.7" HPOS="8484" VPOS="11444" HEIGHT="116" WIDTH="420" STYLEREFS="Style_10" WC="0.995555555555556" CC="000000"/>
						<SP ID="SP_1.6.70.8" HPOS="8868" VPOS="11452" WIDTH="64"/>
						<String CONTENT="P." ID="St_1.6.70.9" HPOS="8964" VPOS="11448" HEIGHT="88" WIDTH="120" STYLEREFS="Style_10" WC="0.996666666666667" CC="00"/>
						<SP ID="SP_1.6.70.10" HPOS="9068" VPOS="11476" WIDTH="44"/>
						<String CONTENT="Smith," ID="St_1.6.70.11" HPOS="9148" VPOS="11448" HEIGHT="104" WIDTH="368" STYLEREFS="Style_10" WC="0.996666666666667" CC="000000"/>
					</TextLine>
					<TextLine ID="TL_1.6.71" HPOS="6984" VPOS="11560" HEIGHT="116" WIDTH="2340">
						<String CONTENT="Jr.;" ID="St_1.6.71.1" HPOS="6984" VPOS="11560" HEIGHT="100" WIDTH="212" STYLEREFS="Style_10" WC="1" CC="0000"/>
						<SP ID="SP_1.6.71.2" HPOS="7176" VPOS="11568" WIDTH="48"/>
						<String CONTENT="consulting" ID="St_1.6.71.3" HPOS="7256" VPOS="11564" HEIGHT="112" WIDTH="608" STYLEREFS="Style_10" WC="1" CC="0000000000"/>
						<SP ID="SP_1.6.71.4" HPOS="7828" VPOS="11568" WIDTH="60"/>
						<String CONTENT="editors:" ID="St_1.6.71.5" HPOS="7916" VPOS="11564" HEIGHT="92" WIDTH="456" STYLEREFS="Style_10" WC="1" CC="00000000"/>
						<SP ID="SP_1.6.71.6" HPOS="8356" VPOS="11568" WIDTH="44"/>
						<String CONTENT="Garrard" ID="St_1.6.71.7" HPOS="8440" VPOS="11564" HEIGHT="92" WIDTH="492" STYLEREFS="Style_10" WC="1" CC="0000000"/>
						<SP ID="SP_1.6.71.8" HPOS="8896" VPOS="11560" WIDTH="60"/>
						<String CONTENT="Glenn" ID="St_1.6.71.9" HPOS="8988" VPOS="11564" HEIGHT="92" WIDTH="336" STYLEREFS="Style_10" WC="1" CC="00000"/>
					</TextLine>
					<TextLine ID="TL_1.6.72" HPOS="7008" VPOS="11696" HEIGHT="124" WIDTH="2340">
						<String CONTENT="[and]" ID="St_1.6.72.1" HPOS="7008" VPOS="11708" HEIGHT="112" WIDTH="284" STYLEREFS="Style_10" WC="1" CC="00000"/>
						<SP ID="SP_1.6.72.2" HPOS="7276" VPOS="11712" WIDTH="44"/>
						<String CONTENT="Kenneth" ID="St_1.6.72.3" HPOS="7352" VPOS="11712" HEIGHT="84" WIDTH="472" STYLEREFS="Style_10" WC="1" CC="0000000"/>
						<SP ID="SP_1.6.72.4" HPOS="7784" VPOS="11712" WIDTH="60"/>
						<String CONTENT="Redden." ID="St_1.6.72.5" HPOS="7876" VPOS="11708" HEIGHT="88" WIDTH="464" STYLEREFS="Style_10" WC="1" CC="0000000"/>
						<SP ID="SP_1.6.72.6" HPOS="8324" VPOS="11744" WIDTH="88"/>
						<String CONTENT="712" ID="St_1.6.72.7" HPOS="8496" VPOS="11708" HEIGHT="84" WIDTH="188" STYLEREFS="Style_10" WC="1" CC="000"/>
						<SP ID="SP_1.6.72.8" HPOS="8652" VPOS="11712" WIDTH="56"/>
						<String CONTENT="p." ID="St_1.6.72.9" HPOS="8744" VPOS="11728" HEIGHT="80" WIDTH="100" STYLEREFS="Style_10" WC="1" CC="00"/>
						<SP ID="SP_1.6.72.10" HPOS="8828" VPOS="11748" WIDTH="76"/>
						<String CONTENT="&#169;" ID="St_1.6.72.11" HPOS="8976" VPOS="11696" HEIGHT="92" WIDTH="96" STYLEREFS="Style_10" WC="0.97" CC="8"/>
						<SP ID="SP_1.6.72.12" HPOS="9016" VPOS="11708" WIDTH="80"/>
						<String CONTENT="The" ID="St_1.6.72.13" HPOS="9132" VPOS="11700" HEIGHT="84" WIDTH="216" STYLEREFS="Style_10" WC="0.973333333333333" CC="000"/>
					</TextLine>
					<TextLine ID="TL_1.6.73" HPOS="7008" VPOS="11816" HEIGHT="108" WIDTH="2564">
						<String CONTENT="Michie" ID="St_1.6.73.1" HPOS="7008" VPOS="11828" HEIGHT="88" WIDTH="404" STYLEREFS="Style_10" WC="1" CC="000000"/>
						<SP ID="SP_1.6.73.2" HPOS="7376" VPOS="11840" WIDTH="56"/>
						<String CONTENT="Co.," ID="St_1.6.73.3" HPOS="7464" VPOS="11824" HEIGHT="100" WIDTH="236" STYLEREFS="Style_10" WC="1" CC="0000"/>
						<SP ID="SP_1.6.73.4" HPOS="7680" VPOS="11860" WIDTH="48"/>
						<String CONTENT="Charlottesville," ID="St_1.6.73.5" HPOS="7764" VPOS="11824" HEIGHT="96" WIDTH="936" STYLEREFS="Style_10" WC="1" CC="0000000000000000"/>
						<SP ID="SP_1.6.73.6" HPOS="8680" VPOS="11856" WIDTH="48"/>
						<String CONTENT="V" ID="St_1.6.73.7" HPOS="8768" VPOS="11820" HEIGHT="84" WIDTH="80" STYLEREFS="Style_10" WC="1" CC="0"/>
						<String CONTENT="a" ID="St_1.6.73.8" HPOS="8856" VPOS="11844" HEIGHT="64" WIDTH="56" STYLEREFS="Style_10" WC="0.985555555555556" CC="4"/>
						<String CONTENT="." ID="St_1.6.73.9" HPOS="8932" VPOS="11856" HEIGHT="48" WIDTH="28" STYLEREFS="Style_10" WC="0.972222222222222" CC="4"/>
						<SP ID="SP_1.6.73.10" HPOS="9000" VPOS="11824" WIDTH="68"/>
						<String CONTENT="8Jan51;" ID="St_1.6.73.11" HPOS="9136" VPOS="11816" HEIGHT="100" WIDTH="436" STYLEREFS="Style_10" WC="0.966666666666667" CC="1300000"/>
					</TextLine>
					<TextLine ID="TL_1.6.74" HPOS="7008" VPOS="11944" HEIGHT="96" WIDTH="476">
						<String CONTENT="A" ID="St_1.6.74.1" HPOS="7008" VPOS="11944" HEIGHT="88" WIDTH="88" STYLEREFS="Style_10" WC="0.888888888888889" CC="1"/>
						<String CONTENT="5" ID="St_1.6.74.2" HPOS="7104" VPOS="11952" HEIGHT="84" WIDTH="52" STYLEREFS="Style_10" WC="0.777777777777778" CC="3"/>
						<String CONTENT="2726." ID="St_1.6.74.3" HPOS="7176" VPOS="11948" HEIGHT="92" WIDTH="308" STYLEREFS="Style_10" WC="0.808888888888889" CC="11114"/>
					</TextLine>
				</TextBlock>
			</PrintSpace>
		</Page>
	</Layout>
</alto>
