9984 13120
4648 12124 52 84 5
4704 12124 108 80 41

244 740 1012 88 METROPOLITAN
1320 736 536 84 MUSEUM
1904 732 164 84 OF
2120 732 256 80 ART

324 864 232 80 SEE
608 860 228 80 New
900 856 312 88 York.
1320 852 728 100 Metropolitan
2108 852 472 76 Museum
2628 848 108 76 of

416 984 220 80 Art.

228 1196 1020 84 METROPOLITAN
1296 1196 540 84 MUSEUM
1888 1196 168 84 OF
2112 1200 252 80 ART
2388 1260 24 32 .
2464 1200 276 80 NEW

412 1312 328 88 YORK

308 1440 228 80 SEE
596 1444 224 76 New
888 1440 308 84 York.
1344 1440 736 100 Metropolitan
2140 1444 468 76 Museum
2660 1440 108 80 of

400 1560 224 80 Art.

252 1772 1020 84 METROPOLITAN
1320 1772 500 84 SCHOOL
1868 1772 420 80 STUDY
2332 1772 600 92 COUNCIL,

428 1892 272 80 NEW
756 1892 336 84 YORK

336 2008 868 84 Administration
1256 2012 160 80 for
1476 2012 708 104 adaptability.

420 2128 232 80 SEE
732 2132 64 76 R
820 2152 220 72 oss,
1104 2132 112 84 D.
1280 2132 152 96 H.,
1496 2132 152 80 ed.

252 2328 1028 84 METROPOLITAN
1332 2332 500 80 SCHOOL
1884 2332 408 80 STUDY
2352 2332 596 96 COUNCIL,

344 2448 272 76 NEW
676 2448 380 84 YORK.

344 2560 628 108 Developing
1024 2564 296 80 basic
1380 2564 348 92 skills,
1792 2564 128 104 by
1972 2588 60 56 a
2084 2568 612 76 committee
2752 2560 108 84 of

420 2676 500 84 teachers
976 2680 196 80 and
1220 2680 580 100 principals
1860 2680 272 84 from
2188 2680 172 80 the
2416 2680 432 80 Council

424 2788 468 88 schools.
1040 2788 236 84 New
1328 2792 312 92 York,
1712 2792 280 96 1951,
2056 2788 360 88 c1949.
2572 2792 116 80 57
2752 2792 68 84 1.

424 2908 296 84 illus.
876 2908 176 100 (Its
1108 2908 448 104 Reports
1620 2912 564 104 surveying
2232 2932 348 60 newer
2636 2908 240 80 edu-

420 3028 460 80 cational
940 3028 568 100 practices,
1572 3052 160 60 no.
1804 3028 84 104 1)
2028 3024 72 80 ©
2172 3028 744 100 Metropolitan

420 3140 376 84 School
844 3140 308 108 Study
1200 3144 464 92 Council,
1724 3144 236 80 New
2012 3148 316 92 York;
2392 3144 384 80 3Jan50

428 3256 140 104 (in
620 3260 380 80 notice:
1076 3256 324 108 1949);
1460 3256 448 88 A59349.
2020 3260 160 104 (3d
2232 3264 360 100 print.,
2656 3264 228 100 pub.

428 3372 284 96 1951,
776 3376 544 104 deposited
1376 3380 100 76 in
1524 3380 208 80 lieu
1796 3380 100 80 of
1956 3380 244 80 1950
2256 3376 340 104 issue)

252 3600 1028 80 METROPOLITAN
1324 3596 504 84 SCHOOL
1880 3596 412 80 STUDY
2348 3592 600 96 COUNCIL,

336 3716 276 80 NEW
672 3716 380 84 YORK.

340 3832 560 84 Education
952 3832 164 84 for
1172 3832 372 108 family
1592 3832 360 104 living,
2004 3828 140 108 by
2188 3852 60 56 a
2304 3828 608 84 committee

424 3952 112 80 of
580 3952 496 84 teachers
1128 3952 192 80 and
1376 3952 584 100 principals
2012 3948 276 80 from
2344 3948 168 80 the
2572 3944 340 84 Coun-

420 4072 148 80 cil
628 4068 468 88 schools.
1240 4068 232 80 New
1524 4068 320 92 York,
1912 4064 288 88 1951.
2352 4064 108 80 51
2528 4064 68 84 1.

428 4180 184 108 (Its
668 4184 452 100 Reports
1176 4184 564 104 surveying
1796 4204 336 60 newer
2188 4176 660 84 educational

420 4300 576 100 practices,
1060 4320 164 68 no.
1288 4296 92 104 7)
1516 4296 88 84 ©
1656 4296 748 100 Metropolitan
2460 4296 364 80 School

416 4412 312 104 Study
776 4412 472 96 Council,
1300 4412 236 80 New
1592 4412 316 96 York;
1980 4408 504 104 17Aug50;

416 4524 460 92 A59350.
1004 4532 164 100 (2d
1224 4536 352 96 print.,
1640 4532 224 100 pub.
1936 4532 276 96 1951,
2280 4528 540 100 deposited

420 4672 104 56 in
580 4652 212 76 lieu
844 4652 104 76 of
1008 4640 244 88 1950
1304 4644 344 108 issue)

248 4852 664 88 METZLER.
976 4848 276 80 MAY
1304 4844 540 84 SOWLES.

348 4968 376 80 Desert
780 4964 616 92 memories,
1460 4960 192 80 and
1704 4960 296 80 other
2056 4976 356 60 verse.

428 5080 624 100 [Pasadena,
1112 5076 352 92 Calif.,
1532 5072 316 104 Login
1908 5072 328 80 Print,
2300 5068 192 80 and

424 5196 440 100 Binding
916 5192 228 104 Co.]
1296 5188 108 84 82
1464 5212 92 80 p.
1708 5188 292 84 illus.
2136 5188 84 80 ©
2276 5184 240 104 May

424 5312 392 80 Sowles
868 5308 212 84 Met
1092 5332 52 56 z
1152 5308 204 92 ler;
1424 5304 484 100 20Oct51;
1968 5300 448 84 A61402.

248 5524 624 92 MEUNIER,
924 5520 492 96 DENISE,
1472 5528 136 76 tr.

340 5648 140 76 La
536 5644 332 80 rafale
928 5664 356 56 amour
1296 5664 48 52 e
1372 5664 216 56 use.
1736 5640 232 72 SEE
2024 5640 512 80 Merrick,

420 5764 448 84 Gordon.

264 6000 312 92 MEY,
640 5996 444 88 HORST.

352 6120 716 84 Fliessarbeit
1128 6140 60 60 u
1192 6116 120 80 nd
1368 6112 612 104 Förderung
2032 6136 188 56 von
2272 6116 496 72 Massen-

440 6232 404 112 gütern:
908 6236 484 104 Planung,
1460 6232 772 92 Konstruktion,
2292 6224 476 84 Berech-

444 6376 292 80 nung.
892 6352 176 76 294
1128 6376 96 76 p.
1368 6352 292 80 illus.
1876 6352 64 88 ©
1940 6348 212 80 Ver
2172 6348 28 80 l
2208 6364 128 88 ag
2388 6340 476 84 Wilhelm

448 6480 372 100 Knapp,
888 6476 296 84 Halle
1244 6476 228 104 (Saa
1488 6476 32 76 l
1528 6476 140 100 e);
1736 6472 508 100 10Aug51;
2292 6456 608 96 AF0-5888.

252 6720 484 92 MEYER,
796 6716 476 80 ADOLF.

344 6840 212 80 The
604 6832 520 88 collected
1180 6844 380 88 papers
1624 6820 100 80 of
1772 6812 308 88 Adolf
2128 6812 404 104 Meyer.

432 6956 224 84 Vol.
724 6956 80 76 3:
872 6944 452 84 Medical
1380 6940 508 100 teaching,
1952 6932 236 80 with
2240 6952 124 56 an
2416 6920 376 92 introd.

428 7072 136 104 by
612 7064 492 84 Franklin
1156 7056 116 88 G.
1336 7052 448 104 Ebaugh.
1884 7044 456 84 General
2400 7040 372 88 editor,

436 7188 388 80 Eunice
876 7184 112 84 E.
1048 7180 492 80 Winters.
1696 7172 184 76 577
1936 7192 96 76 p.
2176 7164 296 80 illus.
2596 7184 68 88 ©
2752 7148 212 80 The

432 7308 320 80 Johns
808 7300 456 104 Hopkins
1320 7296 372 88 Press,
1760 7288 628 88 Baltimore;
2452 7272 472 92 20Jul51;

436 7424 80 80 A
532 7428 48 76 5
600 7420 292 84 7593.

276 7648 496 96 MEYER,
824 7644 392 80 ANNIE
1280 7632 596 112 (NATHAN)

372 7768 188 76 It's
608 7768 256 76 been
920 7764 204 92 fun;
1184 7784 120 56 an
1360 7752 848 108 autobiography.
2360 7748 180 80 302
2596 7768 92 80 p.

460 7884 300 80 illus;
896 7876 72 76 ©
1032 7880 348 104 Henry
1428 7872 532 96 Schuman,
2028 7872 240 92 inc.,
2328 7864 236 80 New
2616 7860 324 96 York;

452 8000 412 92 1Oct51;
920 7996 448 84 A59576.

272 8252 476 96 MEYER,
816 8252 356 100 JEAN,
1228 8256 256 104 joint
1544 8260 356 80 author

360 8368 204 84 Les
620 8372 312 80 ondes
992 8396 120 60 co
1128 8396 48 56 u
1192 8380 224 76 rtes
1476 8400 124 60 en
1648 8376 812 104 thérapeutique.

444 8488 228 80 SEE
728 8488 508 100 Saidman,
1296 8496 296 88 Jean.

284 8728 496 96 MEYER,
840 8728 516 80 JEROME
1416 8728 536 92 SYDNEY.

388 8836 424 84 Picture
860 8844 264 76 book
1176 8844 108 80 of
1332 8848 296 76 radio
1684 8848 188 80 and
1920 8848 572 80 television
2552 8848 184 80 and

464 8948 212 80 how
732 8948 236 112 they
1012 8956 320 92 work;
1392 8956 612 80 illustrated
2048 8960 136 100 by
2228 8960 460 80 Richard

464 9056 472 88 Floethe.
1080 9068 128 84 40
1260 9096 100 76 p.
1496 9052 80 80 ©
1640 9076 76 76 L
1724 9068 64 64 o
1788 9076 336 104 throp,
2196 9080 240 92 Lee,
2504 9080 188 76 and

464 9172 452 104 Shepard
976 9180 224 96 Co.,
1260 9184 248 92 inc.,
1564 9184 232 84 New
1856 9188 316 92 York;
2232 9188 492 96 29Oct51;

460 9288 496 88 A61470.

272 9540 484 80 MEYER,
808 9544 324 80 JOHN
1188 9548 408 96 LOUIS,
1648 9556 120 76 II.
1824 9556 160 84 ed.

360 9660 460 80 Reviews
876 9660 112 84 of
1032 9664 292 80 films
1384 9668 100 80 in
1536 9668 520 84 medicine
2104 9672 188 80 and
2360 9676 400 80 related

440 9780 532 88 sciences.
1120 9784 228 80 SEE
1404 9784 672 84 Association
2128 9792 108 80 of
2280 9788 568 88 American

444 9896 448 80 Medical
948 9900 532 104 Colleges.
1588 9904 444 84 Medical
2092 9908 276 80 Film
2416 9912 512 84 Institute.

288 10152 476 84 MEYER,
828 10156 544 80 TORBEN,
1440 10164 132 72 tr.

372 10272 396 84 Muren.
916 10272 228 84 SEE
1200 10276 440 104 Hersey,
1700 10280 96 84 J.
1860 10280 112 84 R.

300 10500 904 116 MEYEROWITZ,
1272 10520 256 80 EVA
1588 10524 1076 96 LEWIN-RICHTER.

396 10620 212 92 The
660 10636 384 80 sacred
1100 10644 272 76 state
1432 10644 104 76 of
1576 10644 172 80 the
1796 10644 316 88 Akan.
2268 10648 428 84 London,

480 10724 340 108 Faber
876 10724 184 108 and
1124 10724 372 116 Faber.
1648 10724 184 116 222
1888 10724 96 140 p.
2132 10728 76 120 il
2216 10728 200 124 lus.

560 10856 68 96 ©
616 10852 204 80 Eva
880 10844 380 108 Leonie
1320 10844 836 120 Lewin-Richter
2220 10844 712 148 Meyerowitz;

484 10968 460 88 17Jul51;
1012 10972 112 80 2c
1184 10960 416 100 5Oct51;
1664 10976 560 108 AI0-1506.

300 11236 544 100 MEYERS,
908 11240 288 100 BOB,
1256 11244 300 92 illus.

384 11356 224 80 Colt
668 11360 104 76 of
820 11360 164 80 the
1036 11360 328 84 Alcan
1416 11368 300 80 Road.
1872 11368 228 84 SEE

468 11472 128 80 Sh
608 11496 44 56 u
668 11476 332 100 rtleff,
1064 11480 112 84 B.
1248 11480 100 80 L.

3316 732 564 100 MEYERS,
3944 732 560 84 HAROLD.

3392 852 208 84 Can
3660 872 184 64 can
3896 848 676 96 Americana,
4636 844 428 100 patched
5120 840 192 80 and
5360 836 500 84 threaded

3492 968 528 108 together.
4172 968 176 80 192
4408 992 96 72 p.
4652 964 292 84 illus.
5104 956 312 104 (Avon
5476 980 56 76 p
5540 972 56 64 o
5612 956 292 80 cket-

3500 1088 228 80 size
3784 1088 364 96 books,
4216 1080 220 104 359)
4572 1080 84 80 ©
4720 1080 276 80 Avon
5060 1076 244 84 Pub.
5364 1072 232 96 Co.,
5652 1072 252 96 inc.,

3496 1208 244 80 New
3788 1208 316 96 York;
4176 1200 508 104 14Aug51;
4740 1196 456 84 A61681.

3320 1400 864 92 MEYERSTEIN,
4252 1400 540 76 EDWARD
4848 1396 432 80 HARRY
5340 1396 328 76 WILL
5672 1396 40 76 I
5716 1392 220 84 AM.

3412 1520 316 76 Robin
3788 1520 532 76 Wastraw.
4480 1516 436 92 London,
4980 1516 540 76 Gollancz.

3560 1636 64 88 ©
3628 1640 436 76 Edward
4120 1640 348 100 Harry
4520 1636 444 80 William
5028 1636 688 100 Meyerstein:

3500 1752 424 104 2Sep51;
3988 1756 112 76 2c
4172 1748 484 104 12Sep51;
4720 1744 120 88 AI
4856 1748 52 80 0
4928 1744 340 84 -1446.

3320 1960 676 96 MEYNELL,
4052 1952 436 88 VIOLA.

3412 2076 476 104 Ophelia.
4044 2072 180 84 256
4284 2096 96 80 p.
4516 2072 80 80 ©
4660 2072 368 80 James
5080 2068 392 76 Barrie
5532 2064 272 80 Pub-

3504 2200 408 80 lishers
4000 2196 32 80 l
4036 2196 32 72 t
4084 2200 136 88 d.,
4292 2192 440 96 London;
4796 2192 420 92 4Jun51;
5284 2188 108 76 2c
5464 2184 516 104 28Aug51;

3508 2312 76 80 A
3596 2316 32 76 I
3648 2312 416 84 0-1410.

3316 2516 580 88 MEYRAN,
3968 2516 600 100 JACQUES.

3392 2628 260 112 Qu'y
3704 2636 144 80 dit
3900 2636 100 80 le
4052 2628 288 112 gars!
4440 2632 68 96 …
4584 2632 544 84 Histoires
5180 2632 72 80 &
5312 2632 484 108 blagues.

3496 2748 572 88 Illustrées
4124 2776 184 76 par
4372 2748 684 100 Carbonnier;
5120 2744 268 108 préf.
5456 2752 120 80 de

3504 2868 476 80 Fernand
4028 2864 460 112 Gravey.
4644 2868 168 80 126
4880 2892 92 76 p.
5108 2860 76 80 ©
5256 2868 472 84 Éditions

3504 2972 620 108 Daverdain,
4196 2984 356 96 Paris;
4616 2972 508 120 30Aug51;
5180 2972 608 92 AF0-6194.

3316 3212 420 84 MIAMI,
3816 3216 756 80 UNIVERSITY
4624 3212 200 88 OF,
4896 3212 432 80 CORAL
5380 3212 528 88 GABLES,

3420 3332 284 88 FLA.
3768 3332 688 80 GRADUATE
4520 3328 532 84 SCHOOL.

3412 3456 408 76 Manual
3872 3456 168 76 for
4096 3456 336 76 thesis
4500 3460 464 80 writers.
5116 3448 472 104 [Author:

3492 3568 104 88 J.
3652 3568 236 84 Rits
3936 3568 344 104 Owre]
4432 3568 168 100 [2d
4648 3568 212 104 ed.]
5012 3568 112 84 19
5184 3592 84 76 p.
5428 3572 76 80 il
5516 3572 204 80 lus.

3544 3684 60 96 ©
3636 3712 116 56 on
3816 3688 532 84 revisions
4400 3688 72 76 &
4544 3688 556 96 additions;
5168 3688 604 104 University

3500 3808 108 84 of
3652 3808 372 84 Miami
4076 3812 376 96 Press,
4520 3808 316 84 Coral
4896 3808 416 96 Gables,
5384 3812 268 92 Fla.;

3496 3928 404 84 30Nov5
3916 3924 48 80 1
3992 3956 24 68 ;
4072 3924 444 88 A61591.

3328 4152 628 96 MICHAUD,
4024 4148 524 80 ALFRED
4596 4132 616 92 CHARLES.

3416 4272 216 84 Our
3688 4272 412 100 coming
4152 4260 364 88 world.
4668 4248 756 104 Philadelphia,
5480 4236 356 84 World

3512 4384 660 84 Publication
4220 4376 384 84 Press.
4760 4368 180 84 162
5000 4392 96 76 p.
5232 4372 80 80 ©
5372 4352 372 88 Alfred

3512 4504 452 80 Charles
4028 4492 516 96 Michaud;
4604 4488 468 92 27Jul51;
5128 4476 460 84 A57643.

3332 4724 532 80 MICHEL,
3932 4712 468 88 ANDRÉ.

3432 4840 776 104 Psychanalyse
4268 4840 116 80 de
4440 4840 108 80 la
4600 4840 520 100 musique.
5224 4836 136 80 Pr
5364 4828 60 84 é
5444 4836 72 84 f.

3508 4984 60 80 g
3572 4952 60 80 é
3648 4984 56 56 n
3712 4956 52 84 é
3780 4956 128 96 ra
3912 4960 32 80 l
3956 4984 52 56 e
4068 4952 56 88 à
4180 4960 100 76 la
4336 4944 348 92 "Bibli
4676 4964 60 68 o
4748 4956 112 80 th
4868 4952 52 84 è
4932 4980 188 80 que
5180 4952 808 84 internationale

3512 5076 124 80 de
3692 5060 756 120 musicologie"
4512 5096 184 80 par
4752 5068 372 84 Gisèle
5180 5072 400 80 Brelet.

3512 5184 24 104 [
3568 5192 28 76 1
3636 5216 28 52 .
3712 5184 56 88 é
3784 5188 136 104 d.]
4072 5188 188 80 244
4316 5212 88 80 p.
4560 5192 296 80 illus.
5008 5184 756 104 (Bibliothèque

3512 5308 808 80 internationale
4384 5308 116 80 de
4556 5304 744 108 musicologie)
5496 5308 60 88 ©
5584 5304 468 80 Presses

3508 5420 836 88 universitaires
4404 5424 120 80 de
4580 5424 448 96 France,
5100 5424 352 96 Paris;
5524 5420 504 104 12Apr51;

3508 5544 172 76 AF
3684 5544 64 76 0
3768 5544 396 88 -5407.

3332 5764 860 92 MICHEL-TYL,
4264 5760 756 80 MADELEINE
5076 5760 156 92 E.,
5288 5768 144 76 tr.

3412 5884 152 100 Ça
3620 5884 360 76 arrive
4036 5880 252 80 dans
4344 5884 100 76 le
4456 5904 48 56 s
4564 5880 632 80 meilleures
5248 5880 516 84 familles.

3508 6000 228 80 SEE
3792 6000 312 92 Stout,
4172 6000 244 88 Rex.

3340 6208 856 96 MICHEL-TYL,
4268 6208 756 84 MADELEINE
5076 6212 160 96 E.,
5296 6216 140 76 tr.

3432 6324 140 80 Le
3624 6328 364 96 prince
4044 6348 128 56 en
4220 6332 576 80 croisibre.
4952 6332 224 76 SEE
5236 6332 508 100 Creasey,

3512 6444 292 80 John.

3344 6676 1032 84 MICHELANGELO

3436 6792 232 80 SEE
3724 6792 660 96 Buonarroti,
4452 6796 384 80 Michel
4892 6792 420 108 Angelo.

3352 7016 648 100 MICHELIS,
4064 7020 564 80 EURIALO
4680 7028 196 72 DE.

3436 7136 760 108 Dostojevskij,
4260 7160 128 60 un
4436 7164 500 56 romanzo
5008 7136 64 88 è
5104 7164 324 80 opera
5480 7144 104 80 di

3532 7260 404 96 poesia.
4084 7248 32 92 [
4140 7260 36 76 1
4200 7324 24 16 .
4288 7256 204 104 ed.]
4644 7256 180 84 663
4880 7284 100 80 p.
5132 7260 472 104 (Collana

3532 7372 424 96 critica,
4016 7372 164 108 48)
4328 7368 80 80 ©
4472 7380 132 76 La
4660 7384 344 76 Nuova
5060 7384 300 76 Italia
5416 7384 492 92 editrice,

3532 7492 496 100 Firenze;
4100 7492 504 104 15Dec50;
4660 7496 532 80 AF12527.

3356 7716 628 84 MICHELIS,
4060 7716 516 80 FRANCA
4636 7716 424 80 ADELE
5124 7712 380 84 LUCIA
5556 7720 200 76 DE,

3528 7832 252 84 joint
3840 7836 360 76 author

3444 7948 560 108 L'energie
4060 7956 456 80 atomica
4572 7960 48 64 e
4676 7980 184 52 sue
4920 7948 684 108 applicazioni

3532 8072 620 104 biologiche.
4308 8068 220 84 SEE
4588 8072 444 96 Bellion,
5100 8072 600 80 Bartolome
5716 8096 56 56 o
5788 8136 16 16 .

3356 8308 100 76 M
3476 8308 36 80 I
3528 8304 548 96 CHENER,
4148 8300 580 84 CHARLES
4788 8296 552 88 DUNCAN.

3456 8416 568 88 American
4076 8420 344 80 social
4476 8420 448 92 insects;
4984 8440 56 56 a
5088 8416 272 80 book
5408 8416 296 76 about

3532 8536 300 96 bees,
3896 8544 272 88 ants,
4232 8560 380 76 wasps,
4676 8536 184 76 and
4916 8536 536 92 termites,
5512 8532 132 104 by

3540 8644 448 84 Charles
4060 8640 112 76 D.
4236 8640 536 76 Michener
4828 8640 192 76 and
5076 8640 292 96 Mary
5428 8644 116 80 H.

3540 8752 576 84 Michener.
4276 8752 180 80 267
4520 8744 84 96 p.
4768 8752 284 88 illus.
5216 8748 232 92 (The
5516 8752 228 76 New

3540 8872 608 80 illustrated
4208 8872 604 100 naturalist)
4952 8864 72 80 ©
5100 8876 112 84 D.
5272 8872 212 80 Van
5540 8872 528 80 Nostrand

3544 8992 68 76 C
3640 9016 56 52 o
3712 9052 56 32 .,
3832 8992 240 80 inc.,
4144 8992 232 76 New
4428 8992 316 92 York;
4812 8988 116 76 28
4940 8992 56 76 S
5004 8992 300 96 ep51;
5360 8988 452 84 A59513.

3356 9212 720 96 MICHENER,
4136 9208 412 84 JAMES
4600 9208 560 88 ALBERT.

3452 9324 212 84 The
3720 9332 296 76 voice
4072 9328 104 80 of
4224 9324 256 84 Asia
4492 9356 28 48 .
4624 9324 296 100 [Pub,
4980 9324 100 80 in
5132 9324 592 84 condensed
5780 9324 276 76 form

3536 9448 104 80 in
3692 9448 168 80 the
3912 9448 236 80 New
4200 9444 280 84 York
4532 9444 372 84 herald
4952 9444 452 96 tribune,
5468 9444 240 104 May
5760 9440 284 96 2-18,

3540 9564 240 80 1951
3848 9564 320 80 under
4228 9564 272 80 title:
4560 9564 320 80 Tales
4936 9564 104 76 of
5092 9560 300 80 South
5440 9560 300 100 Asia]

3532 9684 240 76 New
3828 9684 312 92 York,
4204 9680 456 80 Random
4716 9684 384 80 House.
5248 9680 188 76 338
5492 9704 96 76 p.
5796 9680 72 84 ©
5868 9700 124 56 on

3532 9792 616 104 full-length
4196 9792 268 84 book
4516 9796 464 92 version;
5040 9792 368 84 James
5464 9788 80 80 A
5548 9780 28 76 .

3532 9904 588 96 Michener;
4192 9908 104 80 12
4312 9900 88 80 O
4408 9908 264 96 ct51;
4732 9904 80 80 A
4824 9908 48 80 6
4892 9908 288 88 0210.

3364 10136 704 96 MICHENER,
4136 10132 368 80 MARY
4548 10136 156 96 H.,
4768 10136 256 100 joint
5084 10132 356 80 author

3444 10248 572 84 American
4068 10252 340 80 social
4460 10252 448 80 insects.
5060 10248 228 84 SEE

3540 10368 572 100 Michener,
4176 10368 116 84 C.
4356 10372 116 80 D.

3368 10600 452 84 MICHIE
3876 10600 304 80 CITY
4232 10596 936 80 PUBLICATIONS
5220 10592 672 92 COMPANY,

3548 10712 1284 96 CHARLOTTESVILLE,
4892 10712 208 80 VA.

3460 10840 212 80 The
3724 10836 280 84 Code
4056 10836 108 80 of
4208 10836 168 76 the
4432 10836 216 104 city
4696 10832 104 80 of
4848 10832 512 96 Alliance,
5424 10832 292 92 Ohio,
5788 10828 284 80 1951.

3552 10956 228 80 SEE
3836 10952 508 96 Alliance,
4408 10952 292 84 Ohio.
4852 10952 684 92 Ordinances,
5600 10952 208 76 etc.

3384 11192 448 80 MICHIE
3888 11192 304 76 CITY
4244 11188 932 80 PUBLICATIONS
5232 11184 668 96 COMPANY,

3552 11304 1284 96 CHARLOTTESVILLE,
4904 11304 200 80 VA.

3468 11432 212 76 The
3732 11432 276 76 Code
4064 11428 108 80 of
4220 11432 164 76 the
4440 11432 216 100 city
4704 11428 108 76 of
4860 11428 256 76 East
5168 11424 596 100 Liverpool,

3552 11552 292 92 Ohio,
3924 11552 276 80 1951.
4352 11552 232 76 SEE
4640 11552 252 76 East
4952 11548 592 100 Liverpool,
5608 11544 296 80 Ohio.

3556 11664 688 96 Ordinances,
4312 11672 200 76 etc.

6408 716 452 84 MICHIE
6912 720 304 84 CITY
7272 724 936 84 PUBLICATIONS
8260 732 668 96 COMPANY,

6580 836 1284 104 CHARLOTTESVILLE,
7932 848 200 84 VA.

6500 956 204 80 The
6760 960 72 80 C
6844 968 56 68 o
6912 960 120 80 de
7092 964 100 76 of
7244 964 164 76 the
7468 968 216 100 city
7732 968 100 76 of
7888 968 692 84 Portsmouth,
8660 972 288 96 Ohio,

6592 1072 276 88 1951.
7020 1076 232 80 SEE
7312 1084 708 96 Portsmouth,
8080 1088 296 88 Ohio.
8524 1092 308 80 Ordi-

6576 1212 424 76 nances,
7068 1204 196 76 etc.

6408 1424 452 84 MICHIE
6920 1428 296 80 CITY
7276 1428 936 88 PUBLICATIONS
8268 1436 668 92 COMPANY,

6584 1544 1280 84 CHARLOTTESVILLE.
7928 1544 200 80 VA.

6496 1660 208 80 The
6760 1664 272 80 Code
7088 1664 104 80 of
7240 1664 164 80 the
7460 1672 260 72 town
7776 1668 104 80 of
7932 1672 316 76 Front
8312 1672 360 104 Royal,
8724 1676 248 76 Vir-

6584 1776 308 100 ginia.
6968 1776 276 80 1951.
7356 1780 228 76 SEE
7668 1784 316 76 Front
8044 1784 360 100 Royal,
8456 1784 184 88 Va.

6576 1888 688 84 Ordinances,
7332 1904 204 76 etc.

6428 2112 448 80 MICHIE
6936 2116 304 76 CITY
7288 2116 940 84 PUBLICATIONS
8284 2120 664 96 COMPANY,

6604 2228 1284 104 CHARLOTTESVILLE,
7952 2232 200 88 VA.

6516 2352 456 80 Revised
7024 2352 620 80 ordinances
7712 2356 96 76 of
7856 2356 168 76 the
8088 2356 472 104 Borough
8616 2360 100 76 of

6600 2468 536 92 Caldwell,
7200 2472 228 76 New
7484 2468 424 104 Jersey,
7980 2472 284 84 1951.
8416 2472 224 80 SEE

6600 2584 148 80 Ca
6760 2588 32 76 l
6804 2584 132 80 dw
6952 2596 60 68 e
7024 2584 112 96 ll,
7200 2588 116 80 N.
7376 2588 92 80 J.
7572 2584 688 104 Ordinances,
8328 2596 200 76 etc.

6432 2796 448 84 MICHIE
6936 2796 308 84 CITY
7296 2796 940 88 PUBLICATIONS
8284 2800 664 100 COMPANY,

6608 2912 1280 104 CHARLOTTESVILLE,
7952 2916 208 88 VA.

6516 3036 320 80 Revis
6852 3056 52 56 e
6920 3032 56 80 d
7028 3032 624 84 ordinances
7712 3036 104 80 of
7860 3036 168 84 the
8084 3036 500 104 township
8640 3040 104 76 of

6612 3152 528 96 Millburn,
7204 3156 224 76 New
7488 3156 424 100 Jersey,
7984 3152 284 88 1951.
8420 3156 224 80 SEE

6612 3268 528 100 Millburn,
7204 3272 116 88 N.
7380 3272 92 88 J.
7576 3268 688 100 Ordinances,
8332 3280 200 80 etc.

6420 3500 448 80 MICHIE
6928 3500 304 80 CITY
7284 3496 936 84 PUBLICATIONS
8272 3496 668 100 COMPANY,

6596 3612 1284 100 CHARLOTTESVILLE,
7940 3616 204 84 VA.

6500 3732 460 84 Revised
7020 3732 620 84 ordinances
7704 3732 100 80 of
7848 3732 168 84 the
8076 3732 540 100 Township
8672 3732 104 80 of

6596 3852 504 96 Teaneck,
7168 3852 116 84 N.
7344 3852 136 96 J.,
7556 3848 284 92 1951.
7988 3848 224 84 SEE
8276 3852 508 92 Teaneck,

6596 3972 112 84 N.
6768 3972 100 84 J.
6972 3968 688 96 Ordinances,
7724 3972 204 84 etc.

6444 4172 444 80 MICHIE
6952 4176 664 100 COMPANY,
7680 4180 1268 92 CHARLOTTESVILLE,

6620 4288 200 88 VA.

6524 4412 572 80 Annotated
7148 4416 252 80 laws
7456 4416 104 80 of
7616 4420 884 92 Massachusetts.
8648 4424 232 84 SEE

6620 4532 840 80 Massachusetts
7468 4548 28 52 .
7616 4536 328 96 Laws,
8012 4544 484 96 statutes,
8560 4548 204 84 etc.

6432 4772 448 76 MICHIE
6940 4772 632 80 COMPANY
7580 4796 24 52 .
7668 4768 1276 84 CHARLOTTESVILLE,

6600 4884 200 80 VA.

6516 5008 380 76 Forms
6952 5004 168 84 for
7172 5008 480 104 Virginia
7708 5008 184 80 and
7952 5008 276 80 West
8284 5012 476 100 Virginia

6596 5116 588 88 annotated.
7288 5116 232 80 SEE
7596 5120 480 104 Gregory
8080 5148 28 52 ,
8172 5120 120 84 G.
8356 5124 112 84 C.

6432 5336 448 84 MICHIE
6940 5336 664 96 COMPANY,
7668 5336 1280 96 CHARLOTTESVILLE,

6604 5452 200 84 VA.

6516 5572 212 84 The
6784 5576 564 80 insurance
7404 5576 248 80 laws
7712 5572 104 84 of
7868 5576 320 80 North
8244 5576 536 88 Carolina.

6608 5688 228 84 SEE
6896 5692 320 80 North
7272 5692 536 84 Carolina.
7916 5696 332 92 Laws,
8312 5696 484 88 statutes,
8860 5696 204 80 etc.

6420 5920 444 80 MICHIE
6928 5916 664 84 COMPANY,
7656 5916 1292 88 CHARLOTTESVILLE,

6588 6036 204 80 VA.

6504 6160 208 76 The
6768 6160 564 76 insurance
7388 6160 252 76 laws
7700 6156 104 80 of
7856 6156 272 80 West
8188 6152 512 108 Virginia.
8852 6152 228 80 SEE

6592 6276 276 80 West
6928 6272 512 104 Virginia.
7552 6272 328 76 Laws,
7948 6276 492 84 statutes,
8500 6272 204 84 etc.

6432 6488 452 80 MICHIE
6952 6480 656 100 COMPANY,
7676 6476 1288 96 CHARLOTTESVILLE,

6520 6600 204 80 VA.

6524 6716 832 100 Jurisprudence
7412 6716 108 80 of
7568 6716 480 104 Virginia
8100 6716 184 76 and
8336 6716 280 80 West
8680 6716 488 100 Virginia.

6608 6836 228 80 Vol.
6908 6836 148 76 15:
7124 6828 696 104 [Prohibition
7868 6836 112 72 to
8028 6828 724 104 recoupment]
8852 6824 80 84 A

6608 6948 524 104 complete
7184 6948 496 96 treatise,
7744 6948 100 80 in
7892 6948 216 80 text
8164 6944 192 84 and
8404 6952 236 76 note
8700 6944 312 96 form,

6612 7064 108 84 of
6764 7068 168 76 the
6984 7068 196 80 law
7236 7064 96 80 in
7388 7064 480 104 Virginia
7924 7064 184 80 and
8160 7060 276 84 West
8500 7060 476 108 Virginia

6608 7200 128 60 as
6788 7180 304 80 found
7144 7180 104 80 in
7300 7180 164 80 the
7520 7200 360 72 cases,
7944 7180 456 80 statutes
8452 7176 188 80 and
8704 7176 288 80 other

6608 7316 496 72 sources,
7156 7296 140 108 by
7340 7296 172 80 the
7568 7296 500 80 editorial
8120 7292 264 84 staff
8432 7292 108 84 of
8580 7292 176 80 the
8812 7292 252 100 pub-

6608 7416 408 80 lishers
7076 7412 320 84 under
7452 7412 172 80 the
7676 7412 504 80 editorial
8236 7408 676 104 supervision
8968 7408 104 80 of

6608 7528 416 108 George
7084 7528 112 88 P.
7256 7528 356 96 Smith,
7672 7528 208 96 Jr.;
7944 7528 588 104 consulting
8588 7528 444 80 editors:

6608 7648 488 80 Garrard
7144 7648 324 80 Glenn
7524 7644 268 108 [and]
7852 7648 460 80 Kenneth
8368 7648 448 80 Redden.

6620 7788 184 76 566
6864 7808 100 80 p.
7096 7784 88 80 ©
7240 7784 212 80 The
7500 7780 396 84 Michie
7952 7780 224 92 Co.,
8236 7776 916 92 Charlottesville,

6620 7908 224 92 Va.;
6912 7908 424 92 5Jun51;
7396 7900 456 88 A56733.

6432 8124 460 80 MICHIE
6952 8120 668 104 COMPANY,
7684 8128 1288 96 CHARLOTTESVILLE,

6500 8228 204 84 VA.

6524 8352 836 108 Jurisprudence
7420 8360 104 80 of
7572 8360 480 108 Virginia
8108 8364 184 76 and
8352 8364 276 80 West
8684 8364 252 76 Vir-

6608 8468 320 100 ginia,
6992 8492 92 64 v.
7152 8472 156 84 16:
7372 8468 628 104 [Reference
8056 8480 108 76 to
8212 8480 416 100 special

6608 8576 412 80 verdict
7024 8564 40 92 ]
7084 8604 24 68 ;
7168 8600 56 56 a
7284 8584 520 100 complete
7852 8584 496 96 treatise,
8412 8588 104 80 in
8564 8596 216 76 text
8836 8592 192 76 and

6604 8692 236 76 note
6900 8688 312 100 form,
7284 8696 96 80 of
7428 8696 168 80 the
7660 8696 184 80 law
7900 8704 100 72 in
8052 8700 484 104 Virginia
8592 8704 192 80 and
8832 8704 284 84 West

6604 8804 492 104 Virginia
7144 8832 120 60 as
7320 8812 300 84 found
7672 8816 104 80 in
7832 8820 168 76 the
8052 8844 356 72 cases,
8480 8824 452 80 statutes

6604 8924 196 80 and
6860 8928 292 80 other
7216 8952 484 76 sources,
7760 8932 136 104 by
7936 8936 172 80 the
8164 8936 508 80 editorial
8728 8940 256 76 staff

6604 9036 112 80 of
6764 9036 164 80 the
6984 9040 612 100 publishers
7648 9048 324 84 under
8024 9052 172 80 the
8252 9052 504 80 editorial

6604 9160 680 96 supervision
7340 9160 108 84 of
7492 9160 412 116 George
7964 9168 112 88 P.
8140 9168 360 100 Smith,
8560 9172 168 88 Jr.
8832 9176 72 76 C
8916 9168 60 64 o
8984 9200 120 56 n-

6600 9276 400 104 sulting
7048 9276 456 96 editors:
7556 9284 484 84 Garrard
8096 9284 324 88 Glenn
8476 9284 272 112 [and]

6604 9396 468 84 Kenneth
7124 9400 452 92 Redden.
7724 9408 904 84 Charlottesville.
8712 9416 284 88 1951.

6616 9516 40 76 1
6724 9540 88 64 v.
6956 9516 84 84 ©
7104 9516 208 88 The
7364 9520 392 88 Michie
7812 9528 232 96 Co.;
8112 9528 504 108 17Aug51;

6604 9628 604 92 AA192574.

6448 9828 456 92 MICHIE
6968 9836 664 100 COMPANY,
7692 9836 1292 96 CHARLOTTESVILLE,

6540 9956 208 88 VA.

6540 10076 832 104 Jurisprudence
7428 10076 108 80 of
7584 10076 484 104 Virginia
8116 10076 188 76 and
8356 10072 284 84 West
8692 10068 256 80 Vir-

6636 10196 304 104 ginia.
7048 10192 236 88 Vol.
7348 10196 152 80 17:
7564 10188 496 108 [Specific
8116 10188 740 104 performance
8916 10192 104 76 to

6632 10308 560 104 subpoena]
7296 10308 84 80 A
7428 10308 520 100 complete
8000 10308 456 80 treatise
8524 10308 92 76 in
8668 10312 216 76 text
8936 10308 192 76 and

6628 10436 232 76 note
6920 10432 312 96 form,
7304 10428 96 84 of
7448 10432 168 80 the
7672 10428 184 80 law
7916 10428 100 80 in
8076 10428 472 104 Virginia
8600 10428 196 80 and
8844 10428 284 80 West

6624 10548 484 104 Virginia
7160 10572 124 56 as
7336 10548 308 80 found
7692 10552 100 72 in
7848 10548 164 80 the
8072 10572 356 72 cases,
8496 10548 452 80 statutes

6628 10668 192 84 and
6880 10668 292 84 other
7236 10692 480 72 sources,
7776 10664 136 112 by
7956 10664 168 84 the
8184 10664 504 84 editorial
8740 10664 256 84 staff
9048 10664 104 80 of

6624 10788 172 84 the
6852 10788 608 104 publishers
7512 10788 320 84 under
7888 10788 172 80 the
8116 10788 500 80 editorial
8672 10808 384 80 super-

6628 10904 348 84 vision
7032 10904 104 80 of
7180 10900 412 108 George
7652 10904 108 88 P.
7824 10904 360 96 Smith,
8240 10904 212 96 Jr.;
8512 10904 592 104 consulting

6624 11024 448 96 editors,
7140 11020 476 80 Garrard
7672 11024 316 76 Glenn
8048 11020 272 100 [and]
8380 11020 456 80 Kenneth

6620 11140 452 80 Redden.
7228 11136 176 76 690
7472 11148 84 76 p.
7700 11136 76 80 ©
7848 11140 200 76 The
8108 11140 384 76 Michie
8556 11136 216 84 Co.,

6624 11256 912 92 Charlottesville,
7604 11260 72 76 V
7692 11280 52 56 a
7756 11284 76 68 .;
7896 11260 444 92 2Nov51;
8396 11252 452 80 A61140.

6448 11436 448 84 MICHIE
6952 11436 664 104 COMPANY,
7684 11444 1276 100 CHARLOTTESVILLE,

6620 11556 208 92 VA.

6536 11676 336 80 Motor
6928 11676 408 84 vehicle
7392 11680 252 84 laws
7704 11680 104 84 of
7856 11684 320 84 North
8228 11684 536 84 Carolina.

6620 11792 228 80 SEE
6904 11796 324 80 North
7280 11796 536 92 Carolina.
7924 11804 328 96 Laws,
8316 11808 492 96 statutes,

6620 11916 204 84 etc.
