10184 13152
9176 404 184 96 553

204 916 568 84 NATIONAL
852 916 640 88 EDUCATION
1572 920 332 92 ASSN.
2076 924 576 84 NATIONAL
2736 924 332 88 ASSN.

348 1040 136 80 OF
564 1040 416 84 PUBLIC
1064 1040 432 84 SCHOOL
1568 1044 352 84 ADULT
2000 1044 644 84 EDUCATORS
2732 1044 332 92 DEPT.

344 1156 208 84 SEE
628 1160 568 84 National
1284 1160 124 80 As
1428 1180 52 60 s
1496 1184 120 60 n.
1712 1160 140 84 of
1936 1160 412 88 Public
2436 1160 428 88 School

344 1280 344 80 Adult
776 1280 696 88 Educators.

200 1524 576 92 NATIONAL
852 1520 640 88 EDUCATION
1572 1516 332 96 ASSN.
2072 1516 576 88 NATIONAL

348 1648 500 88 SCIENCE
920 1640 564 92 TEACHERS
1572 1640 332 96 ASSN.
2008 1640 328 96 DEPT.
2508 1640 212 84 SEE

348 1768 568 92 National
996 1764 56 88 S
1068 1784 52 68 c
1140 1768 344 84 ience
1568 1764 564 88 Teachers
2220 1764 128 84 As
2368 1784 52 60 s
2436 1784 112 64 n.

172 2008 576 88 NATIONAL
816 2004 644 88 EDUCATION
1540 2000 328 92 ASSN.
2044 2000 500 84 PROJECT
2620 2000 140 80 ON

320 2128 832 92 INSTRUCTION.

316 2260 200 80 The
604 2252 700 108 principals
1396 2248 280 88 look
1752 2248 136 84 at
1976 2244 196 88 the
2264 2240 544 96 schools;

456 2392 60 68 a
608 2372 412 84 status
1108 2368 348 104 study
1540 2368 132 84 of
1760 2360 560 92 selected

464 2488 916 92 instructional
1468 2488 692 108 practices.
2336 2484 64 84 A
2472 2480 500 100 working

460 2636 352 84 paper
892 2608 564 112 prepared
1540 2608 204 88 for
1832 2608 196 88 the
2120 2608 136 84 Pr
2264 2624 56 64 o
2336 2604 124 104 je
2480 2624 48 64 c
2556 2600 56 88 t
2696 2620 132 64 on

468 2740 192 84 the
756 2732 912 88 Instructional
1760 2732 492 100 Program
2336 2724 128 88 of
2556 2720 196 88 the

464 2860 412 84 Public
960 2852 556 88 Schools.
1680 2856 80 80 ©
1828 2848 564 88 National

456 2980 644 88 Education
1180 2972 124 88 As
1328 2996 48 64 s
1396 2996 180 84 n.,
1688 2972 488 108 Project
2264 2984 132 68 on

464 3100 828 100 Instruction;
1400 3080 544 120 20May62;
2048 3068 548 128 A567983.

396 3248 200 88 The
684 3248 556 88 scholars
1332 3240 280 88 look
1688 3240 136 84 at
1916 3236 196 88 the
2204 3228 540 92 schools.

540 3372 212 88 SEE
824 3368 496 92 Seminar
1408 3392 60 64 o
1476 3384 60 64 n
1624 3364 200 88 the
1912 3356 836 112 Disciplines,

544 3488 332 116 1961.

248 3732 560 88 NATIONAL
876 3732 660 88 EDUCATION
1608 3732 328 88 ASSN.
2040 3728 140 88 OF
2252 3724 208 92 THE
2544 3724 424 88 UNITED

392 3852 468 84 STATES.

384 3984 1056 92 Administration.
1608 3980 204 84 SEE
1904 3976 60 88 N
1964 3976 488 88 ational
2540 3976 420 84 Educa-

536 4108 280 88 tion
892 4108 124 88 As
1040 4132 52 64 s
1104 4128 116 64 n.
1324 4104 128 88 of
1540 4104 196 84 the
1828 4100 412 84 United
2332 4100 480 84 States.

536 4228 484 108 Project
1108 4248 144 64 on
1328 4228 192 84 the
1608 4220 852 104 Academically

524 4360 564 92 Talented
1176 4368 548 88 Student.

364 4508 148 84 An
588 4504 636 84 annotated
1312 4504 852 108 bibliography
2244 4520 136 64 on
2464 4500 196 84 the

520 4624 856 108 academically
1460 4620 612 88 talented.
2240 4620 208 84 SEE

512 4756 408 80 Gowan,
1020 4744 280 84 John
1376 4740 120 84 C.

364 4904 208 80 Art
660 4900 208 84 for
960 4904 184 80 the
1236 4900 856 104 academically
2176 4896 556 84 talented

516 5024 480 84 student
1096 5024 120 84 in
1308 5024 192 84 the
1592 5020 644 108 secondary
2312 5020 480 88 school.

512 5148 204 84 SEE
800 5144 708 84 Conference
1596 5164 136 64 on
1800 5140 212 84 Art
2096 5144 208 84 for
2388 5140 196 88 the

508 5264 868 108 Academically
1448 5260 564 88 Talented
2096 5260 552 108 Student,
2744 5260 136 96 19
2888 5244 60 112 5
2964 5264 116 92 9.

364 5420 556 80 Business
1008 5412 208 84 and
1304 5408 552 84 economic
1948 5404 628 84 education
2672 5404 192 80 for

516 5536 196 84 the
796 5528 852 112 academically
1736 5524 560 88 talented
2380 5524 548 84 student.

508 5660 208 80 SEE
792 5656 704 80 Conference
1588 5672 132 64 on
1804 5652 552 80 Business
2452 5648 200 80 and

512 5780 556 80 Economic
1156 5776 636 80 Education
1880 5768 200 84 for
2168 5764 192 88 the
2452 5760 628 88 Academic-

508 5904 280 104 ally
868 5900 568 84 Talented
1516 5892 552 108 Student,
2164 5868 328 132 1960.

368 6048 860 100 Compensation
1312 6072 128 60 on
1520 6048 196 84 the
1808 6072 480 84 campus.
2464 6056 204 88 SEE

504 6168 440 84 Wellem
948 6192 48 60 e
1012 6192 268 84 yer,
1376 6172 120 80 J.
1592 6172 188 100 F.,
1880 6172 260 104 Jr.,
2240 6176 188 80 ed.

368 6336 204 84 The
660 6332 560 84 educable
1304 6332 564 100 mentally
1960 6328 556 80 retarded
2612 6328 340 80 child

520 6456 132 80 in
740 6456 192 76 the
1020 6456 704 96 elementary
1816 6452 472 84 school.
2464 6456 208 80 SEE

516 6576 692 104 Goldstein,
1304 6576 552 88 Herbert.

376 6744 640 88 Education
1104 6744 200 80 and
1392 6740 200 80 the
1672 6732 928 108 disadvantaged

516 6864 628 92 American.
1316 6860 204 84 SEE
1600 6852 568 88 National
2244 6852 648 84 Education

520 6992 132 80 As
676 7012 48 60 s
740 7008 116 68 n.
960 6984 132 84 of
1176 6984 192 80 the
1456 6980 428 80 United
1968 6976 476 84 States.

528 7104 776 88 Educational
1384 7100 568 84 Policies
2048 7092 552 84 Commissi
2608 7108 60 68 o
2684 7112 116 64 n.

388 7248 720 100 Elementary
1188 7248 632 80 educatinn
1904 7268 60 56 a
1968 7248 132 80 nd
2192 7248 196 80 the

540 7368 852 104 academically
1472 7368 560 84 talented
2116 7368 408 100 pupil.
2692 7368 204 84 SEE

532 7488 704 80 Conference
1328 7508 132 60 on
1540 7488 716 108 Elementary
2328 7488 644 84 Education

536 7608 196 76 and
828 7608 204 76 the
1104 7608 860 104 Academically
2040 7608 560 80 Talented

540 7724 404 104 Pupil,
1040 7724 136 96 19
1184 7708 60 112 5
1260 7728 112 92 9.

384 7868 492 104 English
964 7868 204 80 for
1260 7868 192 80 the
1544 7868 852 100 academically
2480 7864 556 80 talented

536 7988 540 88 student.
1248 7984 200 84 SEE
1536 7988 560 80 National
2184 7988 488 80 Council
2764 7988 124 80 of

524 8112 560 84 Teachers
1180 8132 56 60 o
1252 8104 56 60 f
1392 8104 544 116 English.

388 8276 632 92 Estimates
1112 8276 136 88 of
1340 8276 408 84 school
1836 8276 760 112 statistics,
2700 8272 352 104 1961-

540 8388 184 96 62.
900 8400 216 84 SEE
1188 8396 564 88 National
1832 8396 648 88 Education
2552 8404 128 84 As
2704 8420 48 64 s
2764 8420 120 64 n.

536 8520 136 88 of
760 8524 196 80 the
1048 8520 424 88 United
1552 8520 472 88 States.
2192 8520 568 84 Research

536 8640 624 92 Division.

440 8800 700 96 Guidelines
1232 8812 204 80 for
1516 8808 552 96 leaders.
2236 8816 208 84 SEE

572 8928 572 88 National
1224 8928 644 88 Education
1940 8932 340 96 Assn.
2380 8940 132 80 of
2600 8940 192 80 the

580 9048 424 88 United
1084 9052 480 92 States.
1728 9052 564 88 National
2384 9060 48 80 C
2452 9084 60 56 o
2512 9064 208 80 mmi
2744 9088 48 60 s
2816 9108 52 20 -

584 9172 276 88 sion
940 9196 136 64 on
1152 9176 492 84 Teacher
1728 9180 644 84 Education
2444 9184 68 84 &
2596 9188 268 80 Pro-

584 9296 628 84 fessional
1304 9300 696 92 Standards.

392 9476 860 100 Kindergarten
1332 9468 692 84 practices.
2200 9464 204 84 SEE
2484 9460 552 84 National

544 9596 640 84 Education
1256 9596 336 80 Assn.
1696 9592 132 76 of
1916 9588 188 80 the
2196 9584 428 84 United

544 9720 476 84 States.
1196 9708 564 84 Research
1836 9704 624 88 Division.

444 9864 64 84 A
584 9872 424 80 manual
1096 9896 140 56 on
1320 9876 928 88 certification
2320 9884 564 100 require-

584 9992 352 84 ments
1024 9996 204 80 for
1320 9996 408 84 school
1812 10000 640 104 personnel
2536 10004 140 84 in
2760 10008 192 84 the

588 10108 424 88 United
1096 10116 476 96 States.
1748 10120 204 80 SEE
2024 10120 228 88 Arm
2256 10144 52 64 s
2324 10124 280 84 tron
2612 10148 60 84 g
2696 10184 32 48 ,

584 10232 72 80 W
684 10292 24 32 .
804 10232 336 84 Earl.

404 10388 772 88 Mathematics
1264 10392 212 88 for
1560 10396 200 80 the
1844 10396 856 108 academically

556 10512 556 84 talented
1196 10516 488 84 student
1776 10516 128 84 in
1988 10520 204 80 the
2272 10520 644 108 secondary

556 10632 464 88 school.
1204 10632 208 84 SEE
1488 10632 544 112 Hlavaty,
2144 10636 400 84 Julius
2640 10644 188 100 H.,

556 10768 52 60 e
620 10748 116 88 d.

392 10924 432 80 Modern
900 10924 496 108 foreign
1476 10924 624 108 languages
2200 10924 188 80 and
2488 10924 196 80 the

540 11044 852 108 academically
1476 11044 560 84 talented
2124 11044 548 84 student.
2840 11032 208 92 SEE

540 11168 560 80 National
1184 11168 636 80 Education
1900 11164 340 84 Assn.
2340 11168 128 80 of
2564 11164 192 84 the

540 11288 420 80 United
1044 11292 476 80 States.
1696 11292 128 76 Pr
1836 11308 56 60 o
1920 11288 260 104 ject
2272 11308 136 60 on
2496 11288 188 80 the

540 11408 860 108 Academically
1476 11408 560 80 Talented
2120 11408 548 80 Student.

396 11576 208 84 New
676 11580 624 84 horizons.
1464 11576 224 84 SEE
1748 11584 568 84 National
2408 11584 632 84 Education

540 11696 324 88 Assn.
972 11696 124 88 of
1184 11700 204 84 the
1464 11696 420 88 United
1972 11704 480 88 States.
2620 11704 196 84 Na-

540 11824 408 84 tional
1040 11824 708 88 Commission
1832 11848 128 68 on
2040 11824 492 88 Teacher
2624 11824 64 84 E
2692 11812 60 84 d
2760 11848 276 64 uca-

540 11944 272 84 tion
884 11944 76 80 &
1048 11932 836 104 Professional
1968 11944 696 92 Standards.

412 12104 200 80 The
700 12104 924 100 public-school
1704 12108 632 100 personnel
2420 12108 212 80 ad-

568 12216 820 80 ministrator.
1572 12204 204 92 SEE
1856 12204 556 92 National
2504 12216 412 80 Educa-

564 12332 272 84 tion
920 12332 328 96 Asan.
1352 12336 124 80 of
1572 12336 192 76 the
1856 12336 412 76 United
2360 12336 468 80 States.

564 12456 564 76 Research
1208 12456 608 80 Division.

3536 876 204 84 The
3836 864 480 100 pupil's
4404 868 204 92 day
4700 868 124 84 in
4916 868 392 84 court.
5488 864 204 84 SEE

3684 996 564 88 National
4332 992 640 88 Education
5052 992 132 80 As
5208 1012 48 60 s
5272 1012 112 64 n.
5492 988 128 84 of
5712 988 196 88 the

3680 1124 420 84 United
4180 1116 488 92 States.
4832 1116 576 84 Research
5492 1108 624 88 Division.

3540 1280 564 104 Rankings
4196 1280 136 84 of
4416 1280 196 84 the
4704 1280 476 104 states,
5280 1268 336 108 1962.
5784 1280 212 84 SEE

3688 1400 564 88 National
4332 1400 652 84 Education
5052 1400 136 88 As
5212 1428 48 60 s
5276 1424 124 72 n.
5496 1404 132 84 of
5716 1400 192 84 the

3688 1524 420 88 United
4196 1524 476 92 States.
4836 1520 572 92 Research
5488 1520 620 92 Division.

3500 1700 564 88 Research
4152 1720 124 64 on
4372 1696 192 84 the
4656 1688 848 108 academicblly
5592 1684 564 92 talented

3644 1824 548 80 student.
4368 1820 204 80 SEE
4656 1812 704 88 Conference
5448 1832 132 64 on

3652 1944 560 84 Research
4292 1964 132 60 on
4516 1936 200 88 the
4796 1928 864 112 Academically

3648 2064 568 88 Talented
4296 2060 552 104 Student,
4948 2056 328 112 1959.

3560 2208 560 92 Salaries
4212 2216 276 104 paid
4568 2212 208 92 and
4868 2216 424 108 salary
5372 2216 628 108 practices

3708 2328 124 84 in
3916 2332 920 112 universities,
4936 2336 628 108 colleges,
5652 2332 208 88 and

3708 2456 420 104 junior
4212 2456 620 108 colleges.
5004 2456 212 84 SEE
5296 2456 560 96 National

3704 2576 636 92 Education
4420 2576 340 96 Assn.
4864 2580 132 88 of
5080 2580 204 92 the
5360 2580 428 92 United

3700 2700 480 92 States.
4348 2696 576 96 Research
5004 2700 616 92 Division.

3544 2876 428 104 Salary
4052 2868 560 92 schedule
4692 2864 568 88 maximums
5352 2856 204 88 for
5644 2852 412 88 school

3684 2984 1064 96 administrators.
4920 2972 208 84 SEE
5212 2968 564 92 National

3684 3108 644 92 Education
4412 3104 200 88 Ass
4628 3124 64 68 n
4720 3156 32 36 .
4852 3100 136 88 of
5068 3096 204 88 the
5352 3092 428 88 United

3688 3228 488 92 States.
4340 3220 576 92 Research
4996 3216 624 88 Division.

3520 3408 416 96 Salary
4028 3400 560 84 schedule
4668 3400 568 84 maximums
5328 3400 204 84 for
5620 3404 416 80 school

3664 3520 996 88 administrators
4752 3504 548 116 1961-62.
5472 3528 204 80 SEE

3656 3640 564 84 National
4312 3640 632 84 Education
5032 3640 336 84 Assn.
5472 3640 124 80 of
5692 3640 192 80 the

3656 3768 420 80 United
4172 3764 472 88 States.
4816 3764 568 80 Research
5464 3764 628 88 Division.

3536 3940 432 104 Salary
4056 3940 692 120 schedules,
4852 3944 636 92 classroom
5572 3944 624 116 teachers,

3680 4064 352 92 urban
4116 4060 640 96 districts
4848 4064 188 116 30,
5064 4068 204 84 000
5356 4068 128 88 to
5572 4068 412 112 99,999
6080 4068 116 88 in

3688 4188 768 112 population,
4556 4180 552 108 1961-62.
5276 4188 208 88 SEE
5568 4188 564 88 National

3680 4312 640 92 Education
4400 4316 136 80 As
4560 4340 48 60 s
4628 4336 116 64 n.
4844 4308 128 92 of
5064 4308 196 88 the
5416 4308 428 92 United

3684 4432 480 88 States.
4332 4432 568 84 Research
4984 4428 628 92 Division.

3500 4596 488 88 Science
4080 4592 200 84 for
4368 4596 200 84 the
4660 4588 856 112 academically
5600 4588 568 88 talented

3652 4716 548 84 student.
4372 4712 204 84 SEE
4652 4712 564 84 National
5304 4708 640 88 Education

3640 4836 128 80 As
3792 4856 48 60 s
3856 4856 120 64 n.
4084 4832 128 84 of
4300 4832 196 84 the
4580 4832 428 84 United
5092 4832 480 80 States.
5744 4832 484 104 Project

3648 4980 128 60 on
3868 4960 200 80 the
4152 4952 856 108 Academically
5092 4948 572 88 Talented

3648 5080 548 84 Student.

3508 5228 564 88 Selected
4156 5232 700 80 statistics
4952 5228 132 80 of
5164 5224 344 84 local
5600 5224 416 84 school

3652 5356 692 100 districts,
4444 5332 204 128 196
4660 5352 60 80 0
4736 5384 52 20 -
4808 5332 56 100 6
4876 5352 116 80 1.
5164 5348 212 84 SEE
5452 5348 568 80 National

3648 5476 640 88 Education
4368 5476 336 80 Assn.
4876 5468 572 88 Research
5528 5472 616 80 Division.

3520 5648 420 88 Social
4032 5644 484 84 studies
4612 5644 196 84 for
4900 5640 196 80 the
5188 5640 556 76 academic
5764 5652 60 60 a
5836 5632 212 104 lly

3676 5764 560 92 talented
4324 5764 548 84 student.
5040 5760 208 84 SEE
5328 5760 708 76 Conference

3680 5916 132 60 on
3888 5884 420 88 Social
4396 5884 480 84 Studies
4972 5880 208 84 for
5280 5880 184 80 the
5544 5872 640 84 Academic-

3676 6012 280 108 ally
4036 6004 624 96 Talented,
4760 6000 136 100 19
4908 5988 56 108 5
4980 6004 112 92 9.

3516 6192 504 84 Teacher
4108 6192 408 100 supply
4612 6192 196 80 and
4896 6192 416 80 demand
5412 6192 128 80 in
5620 6192 416 96 public

3672 6312 544 104 schools,
4324 6292 328 116 1962.
4828 6312 204 84 SEE
5108 6312 568 88 National
5760 6312 276 84 Edu-

3676 6432 416 84 cation
4176 6432 124 84 As
4324 6452 48 64 s
4388 6456 116 64 n.
4612 6432 128 84 of
4832 6432 192 80 the
5112 6432 420 88 United
5620 6432 476 92 States.

3664 6552 572 84 Research
4312 6552 628 88 Division.

3560 6708 200 92 The
3852 6704 632 92 teacher's
4572 6708 208 108 day
4872 6708 120 84 in
5084 6704 404 88 court.
5656 6700 208 88 SEE

3708 6836 560 88 National
4352 6832 644 84 Education
5076 6828 340 84 Assn.
5516 6828 132 84 of
5740 6824 192 88 the

3704 6960 72 80 U
3776 6960 348 92 nited
4212 6960 476 88 States.
4860 6952 572 88 Research
5516 6948 620 88 Division.

3536 7128 572 96 Teaching
4188 7140 424 64 career
4696 7116 276 84 fact
5056 7112 332 88 book.

3676 7244 76 80 ©
3824 7244 568 88 National
4472 7240 644 84 Education
5204 7236 124 84 As
5352 7252 48 64 s
5416 7252 120 68 n.
5636 7228 132 88 of
5860 7224 192 88 the

3680 7368 428 88 United
4188 7368 476 96 States;
4772 7344 468 112 1Mar62;
5352 7336 544 120 A558570.

3392 7640 576 92 NATIONAL
4044 7644 648 88 EDUCATION
4764 7640 340 100 ASSN.
5212 7648 124 84 OF
5412 7648 216 84 THE

3544 7768 140 80 UN
3696 7764 56 80 I
3740 7764 228 80 TED
4048 7764 476 96 STATES.
4692 7764 336 96 DEPT.
5140 7768 124 80 OF
5340 7768 148 80 RU
5488 7768 68 76 R
5560 7764 148 80 AL

3540 7884 692 96 EDUCATION.

3544 8008 492 100 Knowing
4116 8012 208 76 and
4412 8012 568 96 teaching
5060 8008 200 80 the
5348 8012 484 100 migrant

3696 8148 52 60 c
3752 8132 340 88 hild.
4260 8128 212 80 SEE
4552 8128 480 100 Sutton,
5128 8132 696 92 Elizabeth.

3560 8300 352 112 Using
3992 8324 60 60 a
4140 8300 636 92 timetable
4868 8300 136 92 in
5080 8296 784 96 educational

3708 8420 624 112 guidance.
4508 8420 204 88 SEE
4788 8420 484 116 Morris,
5368 8420 336 108 Glyn.

3352 8708 580 88 NATIONAL
4012 8708 640 96 EDUCATION
4732 8716 336 92 ASSN.
5164 8720 144 84 OF
5380 8724 216 80 THE
5668 8724 436 84 UNITED

3504 8828 480 96 STATES.
4152 8836 792 88 EDUCATIONAL
5024 8840 560 88 POLICIES

3504 8948 764 96 COMMISSION.

3500 9072 644 92 Education
4224 9080 212 84 and
4516 9084 196 80 the
4804 9084 928 104 disadvantaged

3648 9196 620 88 American.
4436 9192 76 80 ©
4580 9204 572 84 National
5236 9208 644 84 Education

3644 9320 128 84 As
3792 9340 52 64 s
3860 9340 116 64 n.
4080 9320 132 84 of
4300 9324 192 80 the
4580 9328 424 80 United
5092 9328 476 104 States;
5672 9312 60 80 1
5740 9316 408 120 Apr62;

3644 9424 540 116 A561323.

3360 9732 580 84 NATIONAL
4020 9736 640 84 EDUCATION
4740 9732 332 92 ASSN.
5172 9736 136 84 OF
5384 9736 216 80 THE
5676 9736 436 80 UNITED

3512 9856 476 92 STATES.
4156 9860 580 84 NATIONAL
4816 9856 712 88 COMMISSION
5604 9860 140 80 ON

3512 9976 428 84 SAFETY
4016 9976 696 92 EDUCATION.
4884 9976 208 84 SEE
5168 9976 572 88 National

3512 10096 716 88 Commission
4308 10120 136 64 on
4524 10096 424 108 Safety
5028 10096 696 92 Education.

3372 10432 580 92 NATIONAL
4024 10440 648 88 EDUCATION
4752 10440 332 92 ASSN.
5184 10444 140 84 OF
5396 10440 216 88 THE
5684 10440 436 88 UNITED

3520 10556 480 100 STATES.
4164 10564 584 84 NATIONAL
4824 10560 712 88 COMMISSION
5620 10564 136 84 ON

3520 10680 508 88 TEACHER
4100 10684 644 88 EDUCATION
4812 10692 68 76 &
4972 10684 860 88 PROFESSIONAL

3520 10804 696 88 STANDARDS.

3520 10928 712 84 Guidelines
4324 10932 204 84 for
4612 10932 540 80 leaders:
5252 10932 424 80 Future

3664 11048 568 84 Teachers
4316 11052 136 80 of
4532 11052 556 88 America.
5260 11048 112 84 I:
5476 11052 636 100 Organiza-

3672 11168 280 84 tion
4028 11168 208 84 and
4316 11172 624 100 planning.
5104 11164 76 80 ©
5256 11172 568 84 National

3664 11288 640 84 Education
4392 11292 276 80 Assn
4696 11352 28 32 .
4824 11292 132 80 of
5040 11292 200 80 the
5320 11292 428 84 United

3664 11408 484 104 States;
4252 11396 472 116 5Feb62;
4828 11396 544 116 A550236.

3548 11568 212 80 New
3832 11564 616 88 horizons:
4556 11564 200 88 the
4852 11568 564 100 becoming
5500 11568 536 100 journey.

3696 11684 556 88 Official
4340 11688 416 100 report
4848 11688 124 84 of
5064 11684 196 88 the
5352 11688 860 104 Pennsylvania

3696 11804 752 104 Conference,
4564 11808 628 84 sixteenth
5280 11812 416 84 annual
5784 11808 200 80 Na-

3696 11928 412 84 tional
4196 11924 272 88 TEPS
4560 11928 700 84 Conference
5348 11924 276 88 held
5712 11928 124 84 at
5928 11928 196 84 the

3696 12048 848 104 Pennsylvania
4632 12052 340 80 State
5056 12052 708 100 University
5848 12048 72 96 …

3692 12172 272 80 June
4052 12168 272 84 20-2
4340 12172 60 96 3
4420 12228 28 44 ,
4564 12152 320 116 1961.
5052 12160 80 80 ©
5204 12172 564 84 National
5856 12172 416 80 Educa-

3692 12288 280 84 tion
4052 12292 128 80 As
4204 12308 48 64 s
4268 12312 108 64 n.
4488 12292 124 80 of
4700 12292 200 80 the
4984 12292 424 80 United
5500 12292 464 104 States;

3696 12408 56 84 1
3764 12396 396 116 Mar6'2;
4264 12412 140 100 A5
4416 12412 60 100 5
4480 12396 332 112 6869.

6504 844 576 84 NATIONAL
7148 844 648 84 EDUCATION
7876 844 128 84 AS
8016 844 60 84 S
8088 844 120 92 N.
8308 844 136 84 OF
8524 848 212 80 THE
8812 844 424 84 UNITED

6648 968 476 88 STATES.
7296 968 500 84 PROJECT
7872 968 144 80 ON
8092 968 208 84 THE
8380 964 860 88 ACADEMICALLY

6624 1084 572 88 TALENTED
7272 1084 548 84 STUDENT.

6648 1208 1048 84 Administration:
7800 1208 712 104 procedures
8596 1208 208 80 and
8892 1204 416 84 school

6792 1328 632 108 practices
7516 1328 212 88 for
7808 1328 196 88 the
8092 1328 860 100 academically

6800 1448 560 88 talented
7440 1448 496 88 student
8024 1452 136 84 in
8244 1448 196 88 the
8528 1448 644 100 secondary

6792 1572 472 104 school,
7368 1572 140 104 by
7588 1572 496 104 Project
8164 1592 140 64 on
8388 1568 200 88 the
8672 1568 564 88 Academi-

6792 1692 352 104 cally
7224 1692 572 88 Talented
7876 1692 496 84 Student
8452 1692 68 84 &
8600 1688 564 88 National

6792 1816 128 88 As
6940 1836 52 68 s
7008 1836 120 68 n.
7224 1812 136 88 of
7440 1812 1148 108 Secondary-School
8672 1808 724 108 Principals.

6784 1932 76 80 ©
6936 1936 564 84 National
7588 1936 644 84 Education
8312 1932 128 88 As
8460 1952 52 68 s
8528 1956 116 68 n.
8748 1932 132 84 of
8972 1928 192 88 the

6792 2056 424 88 United
7296 2056 480 96 States;
7880 2040 424 116 15Jan6
8292 2056 64 80 0
8396 2076 28 76 ;
8528 2036 548 120 A558562.

6640 2244 564 88 Guidance
7292 2240 212 84 for
7588 2240 192 84 the
7868 2236 860 100 academically
8816 2232 556 84 talented

6788 2360 544 100 student;
7440 2360 420 104 report
7944 2360 132 80 of
8160 2376 64 64 a
8308 2356 700 84 conference

6792 2484 632 108 sponsored
7516 2480 492 108 jointly
8088 2480 136 104 by
8312 2480 192 84 the
8596 2480 568 84 American

6792 2608 632 88 Personnel
7512 2608 64 84 &
7656 2600 564 92 Guidance
8304 2600 128 88 As
8452 2624 52 64 s
8520 2624 120 68 n.
8736 2600 68 84 &
8892 2600 192 84 the

6788 2728 564 88 National
7440 2724 640 88 Education
8160 2724 132 84 As
8308 2744 52 64 s
8376 2744 120 68 n.
8600 2720 492 104 Project

6792 2876 136 64 on
7008 2852 200 84 the
7296 2844 864 104 Academically
8228 2840 576 96 Talented

6788 2972 556 88 Student.
7512 2968 480 88 Editor:
8088 2964 648 88 Elizabeth
8816 2964 112 88 M.

6784 3096 416 84 Draws.
7368 3088 500 104 Editing
7948 3084 692 88 Committee:
8744 3080 488 88 Charles

6788 3216 120 88 E.
7004 3212 284 84 Bish
7368 3216 68 80 &
7512 3212 480 84 others.
8160 3208 76 80 ©
8308 3204 568 88 National

6792 3340 648 88 Education
7516 3340 128 84 As
7664 3360 52 64 s
7732 3360 116 64 n.
7952 3336 136 84 of
8180 3336 192 84 the
8456 3332 424 88 United

6792 3468 480 96 States;
7376 3444 544 120 15Jan61;
8028 3436 424 124 A55856
8456 3448 64 92 8
8552 3520 20 24 .

6672 3660 420 88 Modern
7176 3668 496 92 foreign
7760 3660 628 96 languages
8480 3668 204 80 and
8772 3668 200 92 the

6816 3784 852 92 academically
7764 3784 552 84 talented
8408 3784 536 88 student;

6816 3916 424 104 report
7320 3916 136 84 of
7536 3936 64 64 a
7688 3916 704 92 conference
8484 3920 632 104 sponsored

6820 4036 492 104 jointly
7396 4036 132 104 by
7616 4036 196 88 the
7900 4036 568 88 National
8548 4040 644 88 Education

6816 4156 124 84 As
6960 4180 52 64 s
7032 4180 116 68 n.
7248 4156 496 104 Project
7828 4180 140 64 on
8052 4160 196 88 the
8332 4160 864 108 Academically

6816 4276 564 88 Talented
7464 4276 500 88 Student
8040 4284 72 80 &
8200 4280 192 88 the
8480 4280 424 88 Modern

6816 4396 560 108 Language
7464 4400 336 88 Assn.
7900 4396 136 88 of
8120 4400 544 108 America,
8760 4404 504 104 Foreign

6816 4516 564 104 Language
7468 4520 548 104 Prcgram.
8192 4520 764 88 Co-editors:

6812 4636 284 88 Wilm
7104 4656 60 68 a
7176 4636 208 88 rth
7464 4636 120 96 H.
7680 4640 360 84 Starr
8112 4644 68 84 &
8264 4640 476 92 others.

6792 4764 80 76 C
6948 4780 564 84 National
7596 4780 648 84 Education
8328 4780 124 84 As
8472 4804 52 60 s
8540 4804 120 64 n.
8760 4780 132 84 of
8980 4780 196 88 the

6800 4900 424 88 United
7308 4900 476 100 States;
7892 4900 132 104 15
8036 4884 284 104 Jun6
8324 4900 60 84 0
8404 4924 32 80 ;
8544 4888 548 116 A558558.

6672 5124 492 88 Science
7248 5120 212 84 for
7544 5116 196 88 the
7824 5112 864 104 academically
8776 5108 556 88 talented

6816 5244 496 88 student
7400 5240 136 88 in
7616 5236 192 88 the
7904 5236 640 104 secondary
8628 5236 472 96 school;

6816 5368 424 104 report
7324 5364 132 88 of
7536 5380 64 64 a
7688 5360 704 88 conference
8484 5352 636 108 sponsored

6824 5488 492 104 jointly
7392 5488 144 104 by
7620 5480 196 88 the
7900 5480 568 88 National
8548 5476 648 88 Education

6816 5608 132 84 As
6964 5632 52 60 s
7032 5632 120 64 n.
7252 5604 496 108 Project
7832 5624 136 64 on
8056 5600 196 88 the
8340 5596 856 104 Academically

6820 5728 568 88 Talented
7464 5724 504 84 Student
8048 5728 68 80 &
8200 5720 196 88 the
8480 5716 568 88 National

6816 5852 496 84 Science
7400 5848 560 84 Teachers
8052 5844 128 84 As
8200 5864 52 64 s
8264 5864 120 64 n.
8560 5840 616 88 Chairman:

6816 5972 428 84 Robert
7320 5968 124 88 R.
7536 5968 704 84 Donaldson.
8400 5960 84 80 ©
8556 5960 564 88 National

6820 6092 644 88 Education
7544 6088 128 84 As
7692 6108 52 64 s
7760 6108 120 68 n.
7980 6088 132 80 of
8208 6084 192 84 the
8484 6080 424 88 United

6824 6228 476 100 States;
7408 6220 544 108 15Mar59;
8060 6204 548 120 A558554.

6528 6532 584 92 NATIONAL
7184 6532 648 92 EDUCATION
7908 6528 328 96 ASSN.
8344 6528 136 84 OF
8556 6528 68 84 T
8632 6528 72 84 H
8708 6528 68 80 E
8844 6524 436 88 UNITED

6684 6660 460 88 STATES.
7332 6652 572 92 RESEARCH
7980 6652 624 92 DIVISION.

6680 6784 640 88 Estimates
7404 6780 128 84 of
7628 6776 416 88 school
8136 6772 760 104 statistics,

6828 6888 544 120 1961-62.
7560 6884 628 124 (Research
8276 6896 472 108 report,
8856 6872 344 120 1961-

6832 7008 260 120 R22)
7248 7020 80 80 ©
7408 7024 560 84 National
8060 7016 648 88 Education
8784 7016 332 88 Assn.

6828 7148 132 84 of
7044 7144 204 84 the
7328 7144 428 84 United
7844 7140 468 100 States;
8424 7116 540 120 21Dec61;

6828 7248 548 120 A545770.

6660 7460 868 100 Kindergarten
7608 7456 696 104 practices,
8412 7436 328 116 1961.

6824 7560 624 124 (Research
7528 7576 704 104 monograph,
8340 7552 552 128 1962-M2)

6804 7700 80 80 ©
6952 7700 572 84 National
7608 7700 644 80 Education
8336 7696 124 80 As
8484 7716 52 60 s
8548 7716 116 60 n.
8768 7696 136 80 of
8988 7696 196 80 the

6804 7820 432 88 United
7320 7820 480 104 States;
7904 7800 544 120 18Apr62;
8552 7800 280 116 A561
8848 7820 56 96 3
8920 7816 180 100 25.

6672 8032 212 84 The
6960 8024 936 112 public-school
7972 8020 644 112 personnel
8700 8016 204 84 ad-

6816 8152 844 100 ministrator;
7760 8164 64 64 a
7912 8144 348 104 study
8340 8140 136 88 of
8564 8140 192 84 the

6820 8272 480 104 origin,
7400 8264 1000 88 administrative
8488 8256 476 104 status,

6820 8396 424 80 duties
7332 8388 204 84 and
7624 8380 1136 112 responsibilities
8848 8372 204 92 and

6836 8512 412 84 trends
7332 8512 132 84 of
7552 8512 196 84 the
7828 8508 636 104 position.
8648 8480 628 124 (Research

6828 8636 692 100 monograph,
7624 8612 424 120 1962-M
8060 8628 52 80 1
8140 8608 32 124 )
8336 8620 360 88 Based
8780 8640 132 68 on
8996 8636 64 68 a

6820 8756 500 104 project
7408 8752 416 104 report
7904 8744 576 108 prepared
8560 8744 140 104 by
8772 8736 508 92 Eleanor

6816 8876 492 92 Donald.
7472 8868 80 80 ©
7620 8872 504 84 Eleanor
8188 8864 436 88 Donald
8708 8860 68 80 &

6824 8996 572 88 National
7476 8996 648 84 Education
8204 8992 64 80 A
8280 9008 120 64 ss
8420 9008 120 76 n.
8636 8988 136 84 of
8856 8984 196 84 the

6816 9144 432 88 United
7324 9140 480 108 States;
7900 9124 480 120 6Mar62;
8480 9120 556 120 A563683.

6712 9372 200 80 The
7000 9368 492 108 pupil's
7580 9368 212 104 day
7872 9368 132 84 in
8088 9368 400 96 court;
8596 9368 420 84 review
9096 9360 136 88 of

6864 9472 328 120 1961.
7380 9472 476 124 (School
7944 9492 208 80 law
8232 9488 480 84 series.

6856 9612 572 84 Research
7512 9616 420 100 report
8016 9588 556 124 1962-R5)
8728 9596 76 80 ©
8880 9604 480 84 Nation-

6860 9732 132 84 al
7076 9732 640 84 Education
7800 9732 332 84 Assn.
8232 9728 132 84 of
8452 9728 196 84 the
8736 9724 416 88 United

6860 9856 472 96 States;
7440 9836 544 116 22Mar62;
8088 9836 540 116 A558564.

6652 10068 572 100 Rankings
7308 10064 140 84 of
7532 10064 196 84 the
7824 10060 468 104 states,
8400 10044 328 116 1962.

6816 10168 628 124 (Research
7528 10184 416 104 report
8040 10168 420 116 1962-R
8472 10184 56 80 1
8548 10160 36 124 )
8748 10172 80 80 ©
8896 10176 212 84 Na-

6808 10308 416 84 tional
7304 10304 644 84 Education
8032 10300 132 84 As
8184 10320 52 64 s
8248 10320 120 68 n.
8468 10300 136 84 of
8688 10296 200 88 the
8964 10292 432 88 United

6800 10424 484 104 States;
7392 10408 544 120 16Feb62;
8036 10420 552 104 A550235.

6724 10624 572 88 Salaries
7380 10624 284 108 paid
7744 10628 208 84 and
8040 10628 424 108 salary
8540 10632 640 104 practices

6880 10744 132 88 in
7092 10744 912 108 universities,
8108 10752 620 104 colleges,
8832 10748 204 88 and

6876 10868 428 100 junior
7388 10868 612 108 colleges,
8112 10856 548 112 1961-62.
8844 10848 484 132 (Higher

6876 10972 640 104 education
7604 10976 464 100 series.
8248 10976 564 100 Research
8904 10996 416 104 report

6876 11084 540 100 1962-R2)
7588 11096 80 80 ©
7736 11092 564 84 National
8396 11092 636 84 Education

6876 11224 328 88 Assn.
7308 11228 136 88 of
7532 11232 196 84 the
7800 11228 436 92 United
8316 11228 488 112 States;
8904 11220 136 100 16
9040 11232 68 88 F
9120 11220 332 120 eb62;

6872 11344 552 108 A550233.

6704 11556 432 108 Salary
7224 11560 556 88 schedule
7860 11568 568 80 maximums
8524 11568 204 84 for
8812 11564 416 88 school

6852 11680 1056 108 administrators,
8016 11672 544 120 1961-62,
8664 11688 356 84 urban

6852 11800 636 88 districts
7584 11804 488 104 100,000
8152 11804 212 88 and
8448 11824 284 68 over
8812 11808 136 84 in
9020 11828 352 84 popu-

6860 11920 476 96 lation.
7516 11900 988 128 (Public-school
8596 11928 560 84 salaries

6864 12044 468 88 series.
7500 12044 572 88 Research
8152 12048 424 104 report
8668 12028 616 128 1961-R21)

6840 12156 80 80 ©
6992 12160 572 92 National
7648 12164 640 88 Education
8372 12168 128 84 As
8524 12188 52 64 s
8588 12188 120 72 n.
8808 12172 136 80 of
9024 12172 204 80 the

6840 12284 436 88 United
7356 12280 480 112 States;
7940 12288 56 100 3
8016 12292 48 80 1
8076 12288 68 84 D
8156 12308 124 64 ec
8304 12276 60 96 6
8360 12276 60 76 1
8460 12316 28 80 ;
8588 12288 208 108 A55
8808 12292 60 84 0
8880 12276 260 116 234.
