10184 13152
9196 348 184 100 831

372 812 780 92 Fundamental
1240 804 692 104 chemistry.
2100 804 212 88 SEE
2388 804 560 112 Andrews,

516 940 424 88 Donald
1020 936 120 92 H.

336 1068 852 92 Fundamentals
1276 1068 132 84 of
1496 1068 704 80 arithmetic
2288 1064 204 80 for

488 1196 616 84 teachers.
1280 1188 208 84 SEE
1568 1184 332 108 Bell,
2004 1176 616 92 Clifford.

320 1344 852 92 Fundamentals
1260 1340 128 84 of
1472 1336 772 108 psychology.
2420 1340 200 76 SEE

468 1468 544 100 Geldard,
1112 1460 356 84 Frank
1544 1464 124 80 A.

368 1612 848 92 Fundamentals
1304 1612 140 88 of
1524 1616 928 88 semiconductor
2528 1616 212 88 and

516 1740 268 88 tube
876 1740 836 92 electronics.
1880 1736 212 92 SEE
2168 1740 644 92 Romanowit
2828 1764 56 64 z
2888 1772 48 64 ,

516 1856 112 84 H.
720 1856 348 84 Alex.

348 1988 196 84 Gas
636 1988 288 84 film
1004 1992 824 80 lubrication.
2008 1996 208 80 SEE
2296 1996 404 100 Gross,

492 2104 500 88 William
1064 2108 124 88 A.

308 2248 568 104 Glossary
952 2244 140 84 of
1172 2264 132 60 or
1312 2252 64 80 g
1392 2240 268 84 anic
1752 2240 688 104 chemistry.
2616 2236 204 84 SEE

448 2368 400 88 Patai,
952 2364 332 84 Saul.

332 2504 616 104 Graphics,
1044 2504 284 84 with
1404 2528 140 60 an
1628 2504 852 84 introduction
2564 2504 132 80 to

476 2628 704 100 conceptual
1264 2628 480 100 design.
1916 2628 204 80 SEE
2196 2628 480 96 Levens,

468 2752 124 88 A.
688 2748 116 84 S.

356 2888 428 108 Higher
872 2888 492 112 algebra
1444 2896 200 84 for
1736 2896 192 88 the
2016 2904 988 104 undergraduate.

504 3012 208 88 SEE
788 3012 424 104 Weiss,
1296 3016 344 88 Marie
1728 3024 128 80 J.

360 3144 564 88 Inertial
1012 3152 628 100 guidance.
1812 3164 208 80 SEE
2100 3164 472 84 Pitman,

508 3268 416 104 George
1012 3272 64 80 R
1100 3328 100 44 .,
1304 3272 260 108 Jr.,
1664 3280 188 80 ed.

332 3416 1064 104 Instrumentation
1480 3412 208 88 for
1772 3400 780 112 engineering

464 3544 848 92 measurement.
1488 3532 208 84 SEE
1776 3528 56 80 C
1848 3552 52 56 e
1916 3528 264 104 rni,
2272 3528 64 76 R
2360 3580 32 24 .
2492 3524 112 80 H.

356 3692 844 80 Intermediate
1300 3700 756 104 accounting.
2232 3704 64 80 S
2312 3704 124 84 EE
2516 3704 400 100 Moyer,

492 3816 348 80 Cecil
924 3816 480 104 Adolph.

348 3944 848 88 Introduction
1288 3952 128 80 to
1496 3944 716 112 elementary
2288 3948 696 84 functions.

492 4068 204 88 SEE
780 4068 760 108 Combellack,
1640 4068 496 88 Wilfred
2228 4068 112 88 J.

340 4220 848 92 Introduction
1272 4224 128 80 to
1488 4236 200 88 gas
1772 4216 628 108 dynamics.
2576 4212 208 84 SEE

472 4348 412 104 Rotty,
976 4344 360 100 Ralph
1416 4344 116 80 M.

368 4488 852 84 Introduction
1304 4492 124 80 to
1520 4492 128 84 im
1644 4476 228 100 r'un
1880 4516 60 60 o
1956 4492 272 84 chem
2244 4492 52 84 i
2316 4492 196 88 cal
2608 4496 404 104 speci-

512 4612 476 104 ficity.
1164 4612 204 84 SEE
1444 4612 336 108 Boyd,
1868 4616 140 84 Wi
2024 4612 128 88 ll
2172 4616 52 84 i
2240 4640 132 60 am
2468 4616 108 92 C.

328 4772 852 84 Introduction
1264 4772 132 80 to
1476 4768 932 108 psychological

468 4892 620 88 research.
1264 4888 204 84 SEE
1552 4892 404 100 Scott,
2052 4888 504 84 William
2644 4888 100 88 A.

336 5036 712 104 Laboratory
1124 5044 428 80 manual
1640 5048 136 80 to
1856 5068 640 92 accompany
2584 5052 192 84 the

492 5156 552 84 textbook
1120 5164 864 84 Fundamentals
2072 5172 136 84 of
2296 5176 560 84 semicon-

488 5276 416 84 ductor
992 5284 204 80 and
1284 5284 260 84 tube
1636 5284 844 96 electronics.
2648 5300 204 80 SEE

484 5400 212 80 Rom
704 5416 52 60 a
756 5404 488 92 nowitz,
1348 5404 120 84 H.
1560 5404 344 84 Alex.

360 5528 204 88 Lie
656 5536 620 104 algebras.
1448 5544 208 80 SEE
1740 5540 620 108 Jacobson,
2456 5552 480 88 Nathan.

332 5700 420 84 Linear
840 5696 780 112 signal-flow
1696 5692 424 112 graphs
2212 5692 200 84 and

480 5816 912 112 applications.
1560 5816 200 80 SEE
1844 5816 340 112 Chow,
2272 5816 420 88 Yutze.

328 5980 568 108 Magnetic
984 5976 636 108 amplifier
1712 5976 620 104 analysis.
2504 5976 212 80 SEE

472 6100 488 96 Lafuze,
1052 6096 356 88 David
1492 6096 112 88 L.

328 6232 700 108 Managerial
1132 6224 684 88 economics.
2000 6216 56 76 S
2064 6224 64 76 E
2132 6212 64 80 E
2284 6208 548 100 Nemmers,

476 6356 348 84 Erwin
908 6352 68 80 E
984 6372 48 60 s
1056 6368 252 64 ser.

344 6476 624 100 Marriage,
1068 6492 140 64 an
1284 6480 788 76 examination
2152 6500 60 60 o
2220 6480 64 76 f
2368 6480 204 80 the
2656 6496 280 64 man-

484 6612 364 64 woman
924 6600 908 96 relationship.
2004 6596 212 80 SEE
2296 6600 404 96 Lantz,

488 6720 428 80 Herman
992 6720 124 88 R.

300 6852 860 100 Mathematical
1244 6872 644 112 discovery
1972 6900 136 60 on
2192 6884 776 84 understand-

456 6984 260 104 ing,
816 6984 620 112 learning,
1544 6996 200 84 and
1832 7000 568 108 teaching
2476 7008 504 100 problem

460 7104 544 108 solving.
1180 7108 204 88 SEE
1464 7112 280 112 Poly
1756 7140 56 60 a
1832 7176 36 48 ,
1972 7116 484 108 George.

368 7252 860 92 Mathematical
1308 7268 756 88 statistics.
2248 7276 208 84 SEE
2528 7276 292 88 Wilk
2832 7300 48 60 s
2912 7340 32 48 ,

512 7376 416 88 Samuel
1020 7384 112 84 S.

340 7512 776 80 Mathematics
1212 7512 200 84 for
1504 7516 192 84 the
1784 7520 568 104 physical

492 7632 620 84 sciences.
1284 7632 208 84 SEE
1568 7632 204 88 Wil
1784 7636 60 84 f
1872 7700 32 44 ,
2000 7636 496 88 Herbert
2580 7644 120 80 S.

356 7784 492 84 Methods
936 7788 132 80 of
1152 7788 776 88 biochemical
2024 7792 620 108 analysis.

508 7904 56 80 S
572 7904 136 84 EE
780 7904 416 96 Glick,
1296 7912 404 92 David,
1804 7904 192 88 ed.

348 8036 496 88 Modular
928 8048 620 100 practice,
1660 8052 192 80 the
1936 8056 780 84 schoolhouse

492 8164 200 84 and
784 8168 196 80 the
1068 8168 572 112 building
1724 8176 620 108 industry.
2512 8180 208 84 SEE

492 8284 492 88 Modular
1072 8292 568 108 Building
1716 8296 636 84 Standards
2432 8300 132 80 As
2588 8324 48 56 s
2656 8320 116 64 n.

344 8432 856 108 Morphogenesi
1216 8456 48 60 s
1360 8436 136 80 of
1572 8436 204 80 the
1860 8436 844 88 vertebrates.

492 8556 60 80 S
564 8556 136 80 EE
776 8556 484 104 Torrey,
1352 8556 576 84 Theodore
2000 8560 124 80 W.

348 8696 204 84 The
636 8700 644 80 Mossbauer
1364 8700 476 84 effect.
2016 8704 204 84 SEE
2308 8708 412 80 Inter-

496 8820 556 80 national
1140 8820 56 80 C
1224 8844 56 40 o
1288 8820 560 80 nference
1944 8844 128 56 on
2168 8820 192 84 the
2444 8828 348 76 Moss-

492 8936 352 84 bauer
932 8940 472 80 Effect.
1580 8936 188 108 2d,
1876 8940 468 104 Saclay,
2448 8944 476 100 France,

496 9040 332 124 1961.

344 9188 492 80 Netw"rk
924 9184 552 104 analysis
1572 9180 200 80 and
1860 9176 692 108 synthesis.
2720 9176 208 80 SEE

484 9308 136 84 Ku
632 9332 56 56 o
720 9372 28 40 ,
840 9308 576 80 Franklin
1496 9304 116 84 F.

348 9456 716 104 Operations
1148 9452 576 84 research
1808 9452 128 80 in
2016 9444 716 104 production

504 9576 200 84 and
800 9576 632 104 inventory
1520 9568 544 88 control.
2240 9568 208 80 SEE

504 9704 272 84 Hans
796 9720 48 60 s
860 9716 340 84 mann,
1296 9692 336 92 Fred.

376 9820 860 108 Organization
1312 9836 424 108 theory
1828 9840 132 84 in
2044 9840 704 92 industrial

516 9952 628 96 practice.
1316 9956 204 84 SEE
1600 9960 408 104 Haire,
2100 9968 412 104 Mason,
2616 9976 188 88 ed.

324 10096 636 92 Permanent
1040 10116 496 100 magnets
1624 10120 212 80 and
1924 10120 340 92 their
2352 10132 344 104 appli
2716 10160 52 56 c
2788 10156 124 60 a-

476 10220 328 96 tion.
972 10228 212 84 SEE
1260 10236 480 104 Parker,
1840 10240 428 92 Rollin
2348 10248 116 92 J.

352 10384 568 104 Physical
1008 10384 836 92 electronics.
2016 10384 208 84 SEE
2304 10384 420 88 Hemen-

492 10528 264 84 way,
852 10504 412 84 Curtis
1360 10504 124 92 L.

360 10656 560 108 Physical
996 10668 712 96 properties
1800 10664 128 84 of
2012 10668 616 100 polymers.

496 10780 212 84 SEE
780 10784 480 100 Bueche,
1360 10788 120 88 F.

348 10908 480 104 Physics
912 10912 216 88 for
1212 10916 552 88 students
1856 10920 136 88 of
2076 10924 484 84 science
2656 10928 200 80 and

496 11032 832 108 engineering.
1504 11036 204 84 SEE
1784 11040 620 112 Halliday,
2504 11048 400 80 David.

380 11188 476 84 Plants.
1024 11200 212 80 SEE
1316 11200 624 96 Greulach,
2028 11200 428 88 Victor
2536 11208 124 84 A.

344 11340 624 88 Political
1056 11344 412 104 change
1560 11348 128 80 in
1768 11344 1000 100 underdeveloped

484 11464 688 92 countries.
1348 11468 196 80 SEE
1624 11464 556 104 Kautsky,
2284 11464 276 84 John
2636 11464 116 80 H.

352 11620 488 108 Polymer
920 11612 768 116 processing.
1872 11620 204 84 SEE
2152 11620 72 84 M
2232 11644 52 60 c
2292 11620 480 108 Kelvey,

504 11744 328 80 James
924 11744 120 88 M.

360 11864 136 84 Th
500 11868 60 68 e
652 11860 768 108 preparation
1516 11872 128 84 of
1732 11876 616 84 teachers.
2524 11876 204 88 SEE

504 11984 540 92 Sarason,
1152 11984 484 92 Seymour
1724 11988 112 80 B.

352 12116 704 84 Production
1128 12112 708 104 management
1920 12108 632 92 workbook.

492 12240 200 84 SEE
768 12236 420 88 Robert
1212 12256 48 64 s
1292 12296 32 40 ,
1424 12236 420 84 Arthur
1920 12236 128 88 L.

424 12360 552 100 Progress
1072 12364 136 80 in
1288 12360 628 100 inorganic
2008 12356 692 100 chemistry.

3504 780 924 108 Psychological
4520 788 1124 88 differentiation.
5816 792 204 84 SEE

3636 904 488 96 Witkin,
4228 912 112 80 H.
4436 904 120 84 A.

3484 1040 920 120 Psychological
4496 1028 764 88 statistics.
5440 1020 204 84 SEE

3628 1172 72 84 M
3704 1192 52 64 c
3772 1168 408 104 Nemar,
4276 1160 408 96 Quinn.

3504 1292 856 100 Quantitative
4448 1296 560 84 chemical
5104 1304 696 104 techniques
5892 1304 132 84 of

3644 1412 428 84 histo-
4160 1416 196 80 and
4448 1420 980 112 cytochemistry.
5600 1428 208 84 SEE

3644 1536 60 80 G
3724 1528 332 112 lick,
4148 1536 412 84 David.

3472 1660 60 76 R
3540 1660 568 80 adiation
4200 1660 632 108 chemistry
4924 1664 120 80 of
5140 1664 632 104 polymeric

3624 1784 544 100 systems.
4340 1784 200 76 SEE
4628 1784 416 100 Chapir
5044 1792 60 68 o
5140 1844 28 44 ,
5272 1784 564 104 Adolphe.

3524 1924 568 108 Readings
4184 1924 132 88 in
4400 1924 624 108 pharmacy.
5192 1924 212 84 SEE
5488 1924 412 116 Doyle,

3680 2052 268 88 Paul
4032 2048 196 116 A.,
4328 2048 192 92 ed.

3492 2196 712 92 Researches
4296 2216 136 64 on
4508 2196 776 88 meteorites.
5464 2196 204 84 SEE
5744 2196 408 104 Moore,

3652 2320 552 84 Carleton
4300 2320 188 96 B.,
4592 2320 176 84 ed.

3500 2448 704 80 Scientific
4300 2448 768 80 foundations
5164 2448 132 80 of
5380 2456 436 72 vacuum

3656 2568 680 92 technique.
4516 2568 196 80 SEE
4804 2568 552 96 Duasan,
5456 2568 332 80 Saul.

3488 2712 708 80 Scientific
4280 2716 480 80 method.
4936 2720 204 76 SEE
5224 2720 480 88 Ackoff,

3636 2828 484 80 Russell
4212 2832 108 80 L.

3484 2964 56 80 A
3628 2960 424 80 second
4148 2972 416 68 course
4660 2964 120 72 in
4860 2964 428 68 number
5380 2968 464 84 theory.

3636 3080 208 84 SEE
3924 3080 320 92 Cohn,
4356 3080 476 100 Harvey.

3476 3212 204 84 The
3772 3212 628 100 sociology
4492 3208 128 84 of
4708 3208 340 84 crime
5136 3204 204 88 and
5424 3204 424 88 delin-

3624 3352 484 84 quency.
4276 3332 196 80 SEE
4556 3328 628 104 Wolfgang,
5284 3328 424 84 Marvin
5784 3328 124 84 E.

3476 3472 204 84 The
3776 3472 632 100 sociology
4492 3468 132 84 of
4708 3460 704 108 punishment
5496 3460 208 88 and

3632 3592 764 88 correction.
4564 3592 204 84 SEE
4856 3588 620 96 Johnston,

3624 3716 476 80 Norman.

3492 3828 272 88 Soil
3848 3824 716 108 management
4648 3820 208 88 for
4948 3820 848 88 conservation

3636 3948 200 88 and
3916 3948 772 108 production.
4872 3944 208 84 SEE
5160 3940 328 108 Cook,
5584 3944 60 80 R
5672 3996 36 32 .
5804 3944 120 88 L.

3508 4092 704 88 Stochastic
4304 4096 496 84 service
4888 4096 552 108 systems.
5612 4104 208 76 SEE

3644 4220 60 80 R
3732 4212 472 108 iordan,
4312 4212 324 88 John.

3472 4356 360 112 Study
3900 4360 208 84 and
4200 4364 552 96 succeed.
4920 4372 208 76 SEE
5208 4372 552 108 Tussing,

3608 4476 344 112 Lyle.

3472 4628 640 80 Teacher's
4192 4628 428 80 manual
4712 4628 200 80 for
5000 4632 840 100 Investments,

3632 4748 344 80 third
4060 4744 552 84 edition.
4788 4748 204 80 SEE
5076 4748 476 104 Dowrie,

3624 4872 420 100 George
4124 4864 128 84 W.

3464 5012 560 104 Teaching
4108 5016 644 100 secondary
4836 5012 420 84 school
5344 5012 416 84 social

3604 5132 548 88 studies.
4324 5136 220 80 SEE
4612 5140 68 76 H
4684 5136 56 80 i
4756 5132 192 104 gh,
5052 5136 396 80 James.

3476 5276 60 80 A
3632 5276 560 80 textbook
4276 5276 132 80 of
4496 5276 772 100 comparative
5360 5280 564 80 endocri-

3616 5400 480 100 nology.
4276 5396 204 84 SEE
4564 5396 552 104 Gorbman,
5204 5396 488 104 Aubrey.

3492 5548 1000 108 Thermodynamics
4588 5552 128 88 of
4804 5572 48 68 s
4872 5552 64 80 b
4944 5552 336 88 lids.
5452 5548 216 88 FEE

3640 5668 484 120 Swalin,
4208 5664 500 96 Richard
4800 5668 116 92 A.

3468 5832 140 76 Th
3624 5848 52 60 e
3688 5824 1060 104 rmoelectricity.
4924 5820 204 84 SEE
5208 5816 700 108 MacDonald,

3624 5952 116 80 D.
3836 5952 120 76 K.
4052 5952 120 76 C.

3464 6072 864 92 Transmission
4420 6072 568 84 electron
5064 6072 716 104 microscopy
5868 6072 136 80 off

3612 6200 484 84 metals.
4272 6196 208 88 SEE
4556 6196 484 104 Thomas,
5136 6192 484 88 Gareth.

3480 6344 568 88 Treatise
4136 6372 136 60 on
4352 6348 712 104 analytical
5160 6344 688 104 chemistry.

3632 6468 208 84 SEE
3916 6472 72 80 K
3992 6472 548 100 olthoff,
4652 6472 112 88 I.
4860 6472 120 92 M.

3520 6596 792 108 Uncertainty
4396 6600 196 84 and
4684 6604 632 88 structure
5404 6636 128 60 as
5620 6616 492 104 psycho-

3672 6716 484 108 logical
4248 6728 616 100 concepts.

3520 6852 504 84 Unified
4108 6860 496 104 algebra
4688 6864 200 84 and
4972 6868 916 116 trigonometry.

3672 6976 208 80 SEE
3956 6980 336 104 Hall,
4388 6984 292 84 Dick
4748 6988 340 92 Wick.

3500 7112 432 88 Vector
4012 7112 696 88 mechanics.
4884 7116 208 84 SEE
5168 7116 344 108 Nara,
5608 7116 356 104 Harry

3648 7240 64 80 R
3740 7292 104 52 .,
3944 7236 188 84 ed.

3492 7396 428 92 Vector
4000 7388 636 92 mechaniss
4732 7388 204 80 for
5024 7384 692 104 engineers.
5884 7380 208 84 SEE

3648 7524 64 76 N
3720 7536 260 84 ara,
4084 7516 348 100 Harry
4516 7512 60 76 R
4604 7564 104 48 .,
4804 7508 188 84 ed.

3508 7644 636 80 Volcanoes
4228 7648 212 80 and
4520 7648 360 80 their
4956 7652 624 104 activity.
5752 7648 208 84 SEE

3656 7768 620 100 Rittmann,
4372 7764 128 96 A.

3360 7976 360 88 WILEY
3816 7964 124 120 (J
3948 7984 136 80 OH
4088 7964 116 120 N)
4308 7984 68 80 &
4444 7984 144 88 SO
4588 7988 72 84 N
4664 7988 60 80 S
4752 8048 28 40 ,
4892 7988 128 84 IN
5036 7988 56 84 C
5116 8056 24 28 .
5316 7976 60 84 S
5384 7976 140 84 EE

3508 8084 556 92 Advances
4156 8088 136 88 in
4372 8096 652 100 petroleum
5108 8100 636 104 chemistry
5820 8104 208 80 and

3652 8212 620 88 refining.

3488 8348 500 84 Methods
4076 8348 136 84 of
4288 8348 788 88 biochemical
5164 8348 612 104 analysis.

3532 8484 920 88 Semiconductor
4544 8492 696 88 abstracts.

3384 8740 364 84 WILEY
3840 8724 392 120 (JOHN)
4336 8732 68 84 &
4476 8740 344 108 SONS,
4920 8744 256 88 INC.
5356 8744 408 84 INTER-

3536 8864 500 84 SCIENCE
4116 8864 772 92 PUBLISHERS,
4988 8864 260 88 INC.
5348 8868 620 80 DIVISION.

3536 8988 208 80 SEE
3828 8988 352 80 Inter
4196 9004 48 64 s
4260 8988 420 80 cience
4772 8984 768 104 Publishers,
5644 8988 256 80 Inc.

3304 9276 340 108 WILF,
3748 9280 496 80 HERBERT
4324 9276 120 92 S.

3448 9404 784 80 Mathematics
4328 9400 212 84 for
4620 9400 196 84 the
4900 9400 576 104 physical

3608 9524 620 88 sciences.
4392 9520 76 80 ©
4544 9520 284 84 John
4900 9520 356 100 Wiley
5336 9524 68 84 &
5480 9516 336 108 Sons,

3604 9644 328 88 Inc.;
4040 9644 56 84 1
4112 9628 468 120 1May62;
4692 9628 544 116 A560761.

3396 9884 560 108 WILFERT,
4052 9888 336 88 OTTO.

3540 10004 212 84 Gef
3756 10004 68 80 a
3832 10004 424 88 hrdete
4340 10008 480 108 Jugend;
4924 10008 204 84 die
5212 10008 860 88 Sozialarbeit

3692 10128 52 84 i
3760 10148 68 64 m
3904 10128 420 88 Wandel
4416 10128 204 88 der
4704 10128 1228 112 Sozialbeziehungen

3692 10252 200 80 und
3976 10248 1076 88 Erlebnisinhalte
5140 10252 208 84 der
5432 10256 496 80 letzten

3680 10368 776 88 Generation.
4624 10372 344 88 Wien.
5148 10356 552 124 (Krimin-

3688 10492 420 104 ologis
4124 10512 56 64 c
4188 10492 136 84 he
4408 10492 924 108 Abhandlungen,
5428 10516 120 68 n.
5640 10496 196 104 F.,
5932 10480 120 120 6)

3680 10604 284 108 ©Sp
3976 10632 64 64 r
4052 10616 128 80 in
4184 10624 220 108 ger
4416 10616 548 104 -Verlag;
5064 10600 544 108 20Feb62;

3680 10732 144 80 AF
3828 10732 64 80 0
3908 10736 200 96 -35
4120 10716 60 100 8
4192 10728 32 88 t
4268 10720 112 100 4.

3348 11008 232 88 WIL
3580 11012 68 80 F
3652 11008 212 88 LEY
3960 10988 172 128 (A.
4228 11008 68 84 R
4324 10988 100 124 .)
4524 11012 68 84 &
4664 11004 332 104 SONS,
5104 11004 260 88 INC.

3512 11128 780 108 Centrifugal
4376 11128 280 88 acid
4736 11148 408 80 pumps,
5240 11128 356 80 model
5680 11128 60 80 A
5752 11128 64 76 F
5840 11184 28 28 .

3656 11252 332 100 Appl.
4088 11248 476 88 author:
4664 11248 360 84 Elmer
5096 11248 120 88 R.
5308 11244 560 104 Wilfley,

3656 11376 188 84 Jr.
4008 11376 76 80 ©
4164 11372 112 88 A.
4372 11372 68 84 R
4468 11436 24 24 .
4584 11368 508 100 Wilfley
5176 11376 68 80 &
5316 11368 336 100 Sons,
5756 11368 320 88 Inc.;

3656 11476 540 120 27Apr62;
4300 11472 548 120 A564981.

3372 11808 220 88 WIL
3584 11812 72 84 F
3664 11816 256 104 ONG,
4024 11816 428 88 GEORGE
4524 11824 468 88 WATSON.

3516 11940 208 84 The
3804 11960 280 84 game
4164 11944 132 84 of
4388 11944 684 112 Incognito;
5180 11948 640 112 traveling

3660 12060 420 84 around
4164 12060 204 88 the
4452 12068 352 84 world
4892 12072 128 84 in
5104 12068 616 112 disguise,
5832 12080 128 104 by

3664 12180 420 104 George
4156 12180 72 88 W
4252 12248 24 24 .
4372 12184 508 108 Wilfong
4960 12188 72 84 &
5104 12196 348 84 James
5536 12196 352 88 Moosh
5904 12204 52 80 i
5972 12220 180 68 an.

3652 12300 80 80 ©
3808 12300 412 104 George
4300 12304 432 88 Watson
4808 12308 504 112 Wilfong
5396 12316 72 80 &
5536 12320 348 84 James

3652 12420 620 104 Mooshian;
4380 12424 56 84 1
4444 12412 68 84 0
4516 12428 72 80 F
4596 12444 60 64 e
4668 12428 64 80 b
4736 12412 188 120 62;
5028 12432 68 84 A
5104 12432 64 104 5
5180 12432 396 108 55775.

6512 768 492 108 WILGUS,
7112 780 108 84 A.
7324 780 476 104 CURTIS,
7904 780 188 80 ed.

6672 888 200 84 The
6960 892 696 88 Caribbean:
7764 896 200 80 the
8052 900 492 88 Central
8632 900 564 88 American

6816 1028 340 68 area.
7320 1020 720 100 University
8120 1020 136 80 of
8332 1020 504 88 Florida
8920 1024 396 84 Press.

6836 1116 120 124 (A
7032 1136 788 84 Publication
7900 1136 140 88 of
8124 1140 200 84 the
8408 1140 424 92 School
8920 1144 132 84 of

6816 1256 1004 88 Inter-American
7900 1260 552 88 Studies.
8624 1264 352 88 Serie
8996 1280 52 64 s

6816 1392 260 80 one,
7176 1364 336 120 v.11)
7708 1356 260 124 (The
8056 1376 636 84 Caribbean
8780 1376 492 92 Confer-

6824 1500 276 68 ence
7188 1492 476 100 series,
7764 1476 336 124 v.11)
8344 1480 72 100 ©
8416 1496 352 88 Board
8856 1496 132 84 of
9072 1500 276 88 Com-

6816 1608 716 84 missioners
7620 1612 132 80 of
7840 1616 344 84 State
8280 1616 840 88 Institutions
9216 1640 60 60 o
9280 1612 68 80 f

6820 1728 552 100 Florida;
7476 1716 548 116 28Dec61;
8128 1736 132 100 A5
8276 1716 56 100 4
8344 1720 332 116 8765.

6488 1956 556 96 WILHELM,
7144 1952 412 96 ANDRE.

6640 2076 712 88 Initiation
7432 2096 64 64 a
7584 2080 128 80 la
7800 2072 628 100 technique
8520 2072 140 80 du

6784 2200 552 100 rapport.
7512 2196 200 88 SEE
7792 2196 776 96 Wackermann,
8664 2192 556 92 Gabriel.

6448 2408 556 92 WILHELM,
7104 2408 340 88 JOHN.

6596 2528 348 80 Guide
7036 2528 128 80 to
7252 2528 196 84 all
7540 2532 212 96 Mex
7764 2584 60 28 i
7836 2552 192 68 co.
8192 2532 272 236 Rev.
8564 2608 52 8 e
8632 2532 120 88 d.
8920 2532 208 84 Mc-

6740 2648 704 92 Graw-Hill.
7608 2648 80 80 ©
7760 2648 284 88 John
8116 2648 560 104 Wilhelm;

6744 2752 136 104 26
6888 2768 64 84 J
6960 2788 68 68 a
7032 2788 68 64 n
7108 2756 188 116 62;
7392 2756 560 116 A543636.

6488 3020 512 88 WILHELM
7000 3020 60 84 S
7076 3020 192 108 EN,
7368 3020 140 84 FR
7512 3020 140 84 ED
7656 3020 360 84 ERICK
8088 3020 120 92 D.

6636 3148 212 80 The
6928 3144 792 104 metaphysics
7800 3144 144 84 of
8024 3144 332 92 love.
8520 3148 64 80 ©
8668 3140 360 84 Sheed
9096 3144 68 80 &

6780 3260 340 112 Ward,
7224 3260 336 108 Inc.;
7656 3248 552 120 28Feb62;
8308 3260 68 80 A
8392 3268 56 100 5
8460 3248 404 116 48647.

6416 3532 140 88 WI
6568 3532 72 84 L
6636 3532 288 84 HOLD
7004 3528 400 108 GLUES,
7512 3528 256 92 INC.

6572 3652 848 92 Instructions
7508 3652 220 84 for
7800 3648 576 104 creating
8448 3664 292 88 your
8808 3648 420 84 mosaic

6704 3772 556 108 picture.
7424 3780 72 80 ©
7580 3772 496 84 Wilhold
8164 3772 400 100 Glues,
8672 3772 316 92 Inc.;

6708 3876 548 120 28Apr61;
7360 3876 560 116 A54oloo.

6504 4104 216 84 WIL
6720 4100 76 84 K
6812 4160 32 44 ,
6936 4096 276 92 MAX.

6648 4220 288 88 Rich
7024 4220 128 84 is
7236 4208 484 92 better.
7880 4200 712 88 Macmillan.
8744 4212 80 80 ©
8896 4188 220 88 Max

6792 4340 348 104 Wilk;
7248 4332 124 88 12
7376 4328 220 92 Mar
7608 4312 188 120 62;
7896 4320 552 104 A552131.

6520 4556 552 92 WILKENS,
7172 4560 476 80 CLAIRE.
7824 4556 200 84 SEE

6664 4684 352 80 Movie
7104 4696 424 68 screen
7608 4684 628 92 yearbook.

6484 4952 476 108 WILKES,
7072 4948 396 96 GLENN.

6632 5068 712 92 Basketball
7428 5068 500 88 coach's
8016 5068 564 108 complete
8660 5068 612 88 handbook.

6768 5188 80 84 ©
6928 5192 980 100 Prentice-Hall,
8020 5192 320 100 Inc.;
8444 5192 60 80 1
8520 5172 400 116 Jun62;

6784 5316 60 80 A
6856 5296 200 116 569
7056 5308 64 80 0
7140 5308 184 104 13.

6500 5548 432 92 WILKES
7012 5544 656 92 TELEPHONE
7740 5536 720 92 MEMBERSHIP
8544 5532 336 88 CORP.

6672 5660 32 116 [
6724 5672 644 104 Telephone
7460 5644 844 116 directories]
8472 5656 336 104 Appl.

6804 5796 480 84 author:
7388 5792 116 88 L.
7596 5788 124 88 M.
7816 5784 352 100 Berry
8256 5784 72 84 &
8400 5776 192 84 Co.
8756 5808 72 76 ©
8900 5772 68 84 W
8984 5776 52 80 i
9060 5772 128 84 lk
9196 5788 128 64 es

6800 5916 644 100 Telephone
7524 5904 724 96 Membership
8328 5900 336 100 Corp.

6808 6036 624 100 Champion,
7536 6028 624 104 Clingman,
8256 6024 408 96 Lomex,
8760 6020 348 88 North

6952 6152 620 96 Carolina,
7680 6148 636 96 telephone
8404 6140 696 100 directory.

6936 6276 420 100 May62.
7616 6280 68 100 ©
7684 6272 396 100 2OMay;
8188 6268 484 100 A566083
8660 6296 68 76 .

6440 6520 488 112 WILKIE,
7028 6524 648 88 KATHARINE
7752 6524 120 92 E.

6584 6648 516 88 William
7176 6648 408 104 Fargo;
7680 6664 360 84 young
8112 6644 288 84 mail
8488 6640 548 92 carrier.

6744 6768 792 88 Illustrated
7608 6768 144 104 by
7828 6764 348 84 James
8260 6764 284 84 Pont
8556 6780 60 64 e
8628 6784 116 72 r.

6756 6868 700 124 (Childhood
7536 6888 144 84 of
7764 6888 412 84 famous
8256 6860 708 124 Americans)

6736 7004 72 80 ©
6876 7008 288 88 Bobb
7180 7028 52 64 s
7256 7008 564 84 -Merrill
7900 7008 264 104 Co.,
8260 7004 336 100 Inc.;
8704 6984 544 120 23Feb62;

6736 7112 560 120 A548868.

6484 7372 496 104 WILKIN,
7076 7380 480 88 ELOISE.

6640 7496 288 104 Baby
6996 7492 340 92 Dear.
7512 7508 208 76 SEE
7876 7512 404 104 ilkin,
8376 7516 480 92 Esther.

6668 7668 136 80 We
6888 7664 284 96 help
7260 7660 400 100 Daddy.
7832 7656 212 84 SEE
8124 7656 408 100 Stein,
8624 7656 344 80 Mini.

6528 7896 488 112 WILKIN,
7112 7900 484 96 ESTHER.

6672 8020 292 104 Baby
7036 8020 340 92 Dear.
7552 8024 560 84 Pictures
8204 8028 136 104 by
8416 8024 428 88 Eloise
8920 8024 476 88 Wilkin.

6840 8128 120 120 (A
7040 8144 424 84 Little
7544 8148 432 84 Golden
8056 8148 128 84 bo
8200 8172 56 60 o
8272 8156 120 96 k,
8496 8132 260 124 466)
8924 8148 208 108 App
9132 8152 60 76 l
9236 8216 24 24 .

6820 8268 480 84 author:
7400 8272 428 80 Golden
7912 8272 404 100 Press,
8420 8272 332 100 Inc.,
8856 8292 204 64 em-

6820 8388 428 104 ployer
7336 8388 204 84 for
7616 8392 340 88 hire.
8112 8388 80 80 ©
8272 8392 428 84 Golden
8784 8396 404 100 Press,

6824 8504 332 108 Inc.;
7260 8512 128 76 ll
7396 8496 412 116 Apr62;
7904 8496 560 116 A569104.

6556 8760 492 116 WILKIN,
7140 8772 552 88 VINCENT.

6700 8900 300 84 From
7076 8900 348 92 limbo
7504 8904 140 88 to
7720 8908 484 104 heaven;
8300 8928 144 68 an
8520 8932 360 92 essay
8956 8940 136 64 on

6852 9020 208 88 the
7148 9044 500 92 economy
7728 9032 124 84 of
7940 9032 208 84 the
8232 9036 768 104 redemption.

6844 9140 288 92 With
7212 9164 68 68 a
7356 9152 340 100 pref.
7796 9156 140 104 by
8012 9156 496 88 Maurice
8580 9160 560 96 Bevenot.

6852 9260 480 108 London,
7428 9264 356 92 Sheed
7872 9272 72 80 &
8008 9272 340 96 Ward.
8532 9260 752 128 (Stagbooks)

6844 9380 88 84 ©
6992 9384 496 92 Maurice
7568 9392 560 100 Bevenot;
8228 9380 548 120 22Sep61;

6844 9496 132 88 AF
7000 9504 60 88 0
7072 9496 476 116 -35487.

6496 9724 564 116 WILKINS,
7152 9740 128 84 B.
7372 9736 488 92 EUGENE.

6648 9860 644 88 Creatures
7376 9860 136 84 of
7596 9860 204 84 the
7876 9856 344 92 wild.
8392 9860 356 84 Cover
8828 9860 200 80 de-

6804 9980 272 104 sign
7160 9976 68 80 &
7304 9976 564 108 original
7956 9976 564 108 drawings
8608 9976 136 108 by
8828 9976 408 104 David,

6788 10112 64 80 p
6860 10112 56 68 s
6928 10100 264 84 eud.
7368 10100 136 84 2d
7592 10100 184 84 ed.
7948 10100 204 80 New
8240 10100 136 80 Di
8384 10112 68 68 m
8456 10112 136 68 en
8600 10112 60 68 s
8668 10100 208 80 ion
8884 10112 56 68 s
8960 10132 48 52 .

6784 10216 72 76 ©
6800 10216 248 92 9B.
7152 10220 432 108 Eugene
7656 10216 560 104 Wilkins;
8316 10216 64 84 1
8384 10220 216 104 May
8604 10204 64 104 6
8680 10220 116 100 2;

6788 10328 556 120 A567213.

6648 10480 768 96 Suspension.
7592 10480 352 84 Cover
8024 10476 424 100 design
8536 10476 136 100 by
8756 10476 404 96 David,

6788 10600 412 100 pseud.
7372 10600 212 84 New
7664 10600 768 84 Dimensions.
8592 10588 76 80 ©

6788 10724 120 84 B.
7004 10720 428 104 Eugene
7512 10720 72 80 W
7592 10720 56 76 i
7672 10716 128 80 lk
7816 10720 52 76 i
7884 10736 60 60 n
7960 10732 48 60 s
8040 10736 24 76 ;
8180 10716 52 80 1
8244 10700 404 112 Jun62;
8756 10700 548 116 A571267.

6500 10968 560 112 WILKINS,
7156 10968 360 84 HARRY
7596 10968 120 92 J.

6648 11096 212 80 God
6948 11092 116 84 is
7152 11096 412 104 great,
7660 11096 212 80 God
7956 11092 124 84 is
8168 11096 344 104 good.
8676 11092 204 80 SEE

6796 11216 404 108 Jones,
7292 11216 656 80 Elizabeth
8020 11220 496 88 Norton.

6496 11432 556 104 WILKINS,
7152 11432 292 84 JOHN
7516 11432 188 100 R.,
7808 11428 184 84 ed.

6648 11552 204 84 The
6936 11552 348 80 Bible
7368 11548 212 84 and
7668 11548 348 84 God's
8092 11548 556 84 mission.
8816 11540 84 84 ©
8968 11536 344 92 Joint

6796 11672 500 84 Section
7376 11668 128 84 of
7592 11668 648 84 Education
8320 11664 72 80 &
8468 11660 828 100 Cultivation,

6792 11796 352 80 Board
7232 11792 132 80 of
7440 11792 624 96 Missions,
8172 11784 204 88 the
8464 11780 632 92 Methodist

6796 11912 472 104 Church;
7372 11916 64 96 3
7436 11904 68 80 0
7512 11896 408 120 Apr62;
8024 11892 552 116 A561219.

6540 12100 556 104 WILKINS,
7200 12100 504 92 RAYMOND
7780 12100 124 104 S.

6692 12208 580 92 Fiftieth
7344 12208 792 112 anniversary
8212 12208 488 116 report,
8800 12228 412 68 secre-

6848 12324 412 116 tary's
7356 12332 348 88 tenth
7780 12332 484 108 report.
8432 12324 212 88 SEE
8724 12324 492 92 Harvard

6836 12456 776 108 University.
7776 12448 352 92 Class
8216 12452 136 88 of
8432 12452 340 104 1912.
