10184 13152
9160 244 188 104 369

216 716 852 96 Introduction
1152 712 132 84 to
1356 704 860 88 mathematical
2308 700 412 100 analy-

360 848 256 80 sis.
792 836 204 88 SEE
1076 832 280 92 John
1372 848 52 64 s
1440 848 184 80 on,
1724 820 492 92 Richard
2296 824 124 80 E.

228 1008 128 84 In
368 1004 60 76 t
436 1020 60 64 r
508 1024 56 60 o
580 996 492 84 duction
1160 996 124 84 to
1372 1020 72 56 m
1444 1020 52 56 o
1512 996 284 76 dern
1876 1012 56 56 a
1952 992 424 100 lgebra
2456 1004 60 64 a
2524 984 132 84 nd

372 1144 64 60 a
436 1116 548 112 nalysis.
1168 1116 204 80 SEE
1452 1116 472 100 Crouch,
2024 1108 408 104 Ralph.

224 1280 848 96 Introductory
1144 1260 564 104 readings
1800 1272 132 64 on
2024 1248 616 104 language.

368 1400 128 80 SE
508 1400 64 80 F
644 1396 628 96 Anderson,
1360 1376 500 88 Wallace
1948 1372 108 80 L.

220 1548 924 116 Investigating
1212 1544 848 88 mathematics.
2240 1544 204 80 SEE

356 1672 840 100 Grossnickle,
1296 1668 420 84 Foster
1800 1664 120 80 E.

216 1816 216 108 Key
516 1820 128 84 to
716 1824 512 104 mastery
1304 1824 124 80 te
1452 1848 52 60 s
1528 1828 120 80 ts
1740 1824 136 84 in
1952 1824 272 88 Life
2316 1832 556 96 science.

372 1936 212 88 SEE
648 1936 412 108 Davis,
1164 1940 204 84 Ira
1448 1944 120 92 C.

216 2112 224 104 Key
524 2116 124 80 to
720 2116 512 96 mastery
1316 2108 328 84 tests
1748 2104 124 84 in
1960 2104 492 84 Science
2536 2100 64 100 3
2620 2120 36 68 .

372 2232 200 80 SEE
648 2228 416 108 Davis,
1168 2220 200 92 Ira
1448 2228 120 88 C.

212 2392 208 104 Key
508 2392 128 80 to
720 2388 276 84 test
1080 2384 256 108 1-4}:
1432 2388 556 108 Espanol,
2088 2396 564 80 entender
2736 2420 68 80 y

356 2508 476 88 hablar.
1008 2512 204 84 SEE
1284 2512 140 80 La
1504 2516 136 80 Gr
1664 2532 56 60 o
1728 2532 188 84 ne,
2012 2516 556 108 Gregory.

260 2680 208 96 Key
544 2672 132 88 to
760 2672 348 88 tests
1188 2672 212 88 for
1480 2684 68 80 H
1556 2676 352 88 arlow
1992 2680 204 84 and
2276 2684 212 100 Noy
2496 2696 128 72 es

400 2800 352 100 Story
828 2796 136 88 of
1044 2796 552 92 America.
1776 2800 208 88 SEE
2064 2800 400 104 Smyth,

400 2924 400 96 James.

224 3072 228 104 Key
536 3080 124 76 to
748 3072 336 80 tests
1168 3072 208 80 for
1452 3068 436 84 modern
1976 3068 712 108 elementary

380 3192 548 108 algebra.
1100 3192 208 80 SEE
1384 3188 560 112 Nichols,
2036 3188 488 108 Eugene.

212 3368 224 116 Key
516 3380 124 80 to
724 3376 348 84 Tests
1160 3376 208 84 for
1440 3368 444 88 Modern
1964 3392 340 84 space
2392 3368 544 88 science.

372 3496 204 84 SEE
656 3492 696 108 Trinklein,
1448 3492 648 84 Frederick
2168 3480 124 100 E.

240 3656 220 112 Key
548 3660 124 84 to
756 3664 124 80 te
904 3688 48 60 s
972 3664 124 84 ts
1188 3668 212 80 for
1472 3664 432 112 Ramsey
1988 3672 204 80 and
2276 3676 564 104 Burckley

392 3780 428 88 Modern
900 3784 352 84 earth
1336 3788 548 92 science.
2056 3796 208 80 SEE
2336 3796 416 104 Floch,

388 3896 340 92 Henri
828 3904 112 84 J.

208 4052 136 80 Ke
348 4072 72 84 y
512 4052 128 80 to
720 4048 344 84 Tests
1152 4044 208 84 for
1432 4044 364 84 World
1876 4040 640 112 geography
2600 4036 196 88 for

356 4172 280 104 high
728 4168 540 84 schools.
1448 4164 204 88 SEE
1736 4160 620 104 Phillips,

352 4296 284 100 Mary
720 4288 208 84 Vio
936 4288 56 84 l
1008 4308 116 60 a.

212 4448 208 104 Key
504 4448 132 80 to
724 4448 340 80 Tests
1156 4444 132 84 to
1376 4464 632 84 accompany
2092 4444 196 80 dol
2312 4444 56 80 t

368 4564 756 108 arithmetic,
1220 4564 284 84 book
1588 4564 116 84 1.
1880 4564 204 88 SEE
2156 4564 488 108 Kinney,

356 4692 428 84 Lucien
868 4692 116 80 B.

216 4840 208 108 Key
516 4840 128 80 to
724 4836 344 84 Tests
1160 4832 132 84 to
1380 4852 632 80 accompany
2088 4828 284 84 Holt

372 4956 760 104 arithmetic,
1224 4952 284 84 book
1584 4948 124 84 2.
1880 4948 208 84 SEE
2160 4948 488 100 Kinney,

356 5080 280 84 Luci
660 5104 48 60 e
724 5100 64 60 n
872 5080 116 80 B.

236 5224 496 84 Kleines
816 5216 276 84 Aufs
1116 5236 56 56 a
1192 5212 468 88 tzbuch.
1832 5212 208 84 SEE
2120 5212 552 92 Lederer,

396 5344 540 84 Herbert.

256 5476 712 108 Laboratory
1040 5476 432 88 manual
1548 5476 212 88 for
1832 5476 504 104 general

392 5600 484 108 botany.
1048 5604 212 84 SEE
1336 5596 544 104 Stewart,
1976 5596 436 92 Wilson
2488 5604 120 84 N.

272 5740 200 108 The
556 5756 568 100 learning
1208 5772 492 84 process
1784 5744 208 92 and
2076 5748 716 108 programmed

420 5876 836 96 instruction.
1424 5872 216 88 SEE
1712 5868 412 116 Green,
2216 5864 432 92 Edward
2728 5868 116 92 J.

276 6040 204 104 The
564 6052 428 108 length
1068 6048 212 96 and
1352 6048 360 116 depth
1792 6040 136 104 of
2004 6052 484 104 acting.
2656 6052 212 88 SEE

420 6168 412 116 Duerr,
924 6168 408 96 Edwin.

232 6344 340 84 Let's
660 6344 280 84 read
964 6336 20 52 '
1168 6344 208 84 SEE
1452 6332 484 116 Murphy,
2028 6348 484 88 George.

276 6516 128 84 Li
424 6524 60 80 f
492 6544 52 56 e
640 6524 132 80 in
852 6524 208 80 New
1132 6524 344 96 York.
1648 6528 208 80 SEE
1928 6528 624 88 Mannello,

420 6644 480 104 George.

252 6820 68 80 A
404 6808 272 92 life
768 6816 128 80 of
980 6816 480 88 Christ.
1628 6816 208 84 SEE
1904 6816 568 112 Dirksen,

396 6936 408 108 Aloys.

252 7100 420 100 Living
756 7096 480 100 things.
1404 7096 204 84 SEE
1688 7088 840 108 Fitzpatrick,

392 7216 652 84 Frederick
1116 7216 120 84 L.

232 7368 212 80 The
528 7364 344 104 logic
964 7368 132 76 of
1176 7364 692 108 democracy.
2040 7368 208 80 SEE
2324 7368 560 84 Thorson,

380 7488 416 80 Thomas
888 7488 476 88 Landon.

240 7632 280 96 Make
608 7664 60 60 a
748 7648 344 84 wish.
1256 7648 208 84 SEE
1544 7632 628 128 Stauffer,
2264 7648 200 84 Rus
2484 7672 52 60 s
2556 7648 132 84 el
2768 7640 124 96 G.

236 7844 208 80 The
524 7832 432 104 making
1040 7828 128 84 of
1256 7828 564 88 American
1900 7820 700 100 democracy.

392 7960 204 84 SEE
672 7948 772 108 Billington,
1544 7952 200 96 Ray
1832 7944 404 88 Allen.

240 8112 716 116 Managerial
1040 8116 552 92 finance.
1760 8104 212 100 SEE
2048 8124 480 112 Weston,

396 8236 112 88 J.
604 8240 344 84 Fred.

244 8380 60 76 A
380 8380 420 84 manual
900 8376 124 84 of
1112 8384 780 84 examination
1976 8388 628 100 questions
2700 8396 132 76 to

392 8520 628 88 accompany
1100 8504 272 80 Man.
1544 8504 204 84 SEE
1824 8500 412 112 Leuba,

380 8620 564 84 Clarence
1040 8620 112 84 J.

232 8780 640 96 Mastering
948 8772 504 104 English
1536 8764 832 108 composition.
2544 8760 200 84 SEE

376 8900 480 96 Walter,
952 8900 280 80 Nina
1304 8892 492 84 Willis.

276 9044 504 108 Mastery
860 9048 344 84 tests
1292 9048 132 84 in
1508 9052 488 88 Science
2084 9056 116 92 1.
2376 9064 208 80 SEE

420 9164 408 100 Davis,
924 9164 212 84 Ira
1228 9168 104 92 C.

260 9292 496 120 Mastery
832 9308 352 80 tests
1276 9304 132 84 in
1488 9304 492 84 Science
2060 9300 116 88 2.
2356 9300 216 84 SEE

404 9428 404 104 Davis,
916 9428 200 80 Ira
1204 9428 112 88 C.

240 9572 864 112 Metropolitan
1180 9568 436 84 reform
1692 9564 140 84 in
1904 9564 192 84 St.
2188 9556 412 108 Louis,
2696 9572 64 64 a

396 9708 272 76 case
756 9692 408 108 study.
1328 9692 208 88 SEE
1616 9680 624 108 Schmandt,
2336 9684 360 100 Henry
2776 9680 116 84 J.

232 9836 692 84 Minnesota'
960 9856 52 60 s
1096 9828 772 104 government.
2040 9828 200 84 SEE
2320 9828 208 80 Kis
2540 9844 60 64 e
2624 9880 32 44 ,

388 9956 476 100 Joseph.

272 10088 436 100 Modern
788 10104 692 112 chemistry.
1652 10108 204 84 SEE
1932 10108 340 104 Dull,

432 10220 480 92 Charles
996 10224 124 92 E.

252 10348 436 84 Modern
776 10348 760 112 journalism.
1704 10328 208 104 SEE
1988 10348 484 84 Miller,

412 10472 272 84 Carl
772 10476 112 76 G.

256 10604 428 88 Modern
764 10600 564 112 physical
1420 10580 552 112 science.
2144 10600 204 80 SEE
2424 10600 488 108 Brooks,

400 10728 516 84 William
1000 10716 112 100 C.

256 10860 716 88 Numeration
1056 10860 548 104 systems.
1784 10856 204 80 SEE
2060 10852 420 108 Keedy,

404 10980 424 84 Mervin
908 10984 120 84 L.

292 11116 200 84 Our
580 11116 420 84 United
1088 11124 408 88 States
1592 11128 136 80 in
1808 11152 60 56 a
1940 11132 360 84 world
2384 11136 136 84 of

436 11240 692 104 neighbors.
1300 11248 200 76 SEE
1592 11248 56 80 C
1664 11272 56 56 a
1732 11248 260 100 rls,
2088 11252 488 92 Norman.

280 11368 476 112 Paises,
852 11380 412 100 gentes
1352 11400 72 88 y
1500 11400 408 68 cosas.
2076 11388 208 80 SEE
2364 11388 408 80 Camba,

428 11488 400 96 Julio.

276 11608 696 108 Paragraphs
1068 11608 192 84 for
1352 11608 620 104 practice.
2144 11608 204 84 SEE
2432 11608 408 104 Coyle,

412 11728 552 88 William.

300 11860 772 84 Performance
1164 11848 692 100 appraisal.
2024 11844 216 80 SEE
2308 11836 556 100 Whisler,

444 11984 416 76 Thomas
948 11980 120 80 L.

276 12120 204 80 The
564 12120 720 108 physiology
1364 12120 128 80 of
1568 12116 696 112 flowering.
2436 12120 204 84 SEE

420 12240 556 104 Hillman,
1068 12240 504 84 William
1644 12240 116 84 S.

3368 692 200 84 The
3664 688 564 108 planning
4308 688 136 84 of
4528 688 472 108 change.
5176 688 204 88 SEE
5464 688 60 84 B
5536 688 404 104 ennis,

3508 812 432 84 Warren
4012 816 120 80 G.

3416 948 636 80 Practical
4144 948 348 84 telev
4508 948 44 84 i
4580 948 272 84 sion
4940 952 416 88 servic
5376 956 44 84 i
5436 976 196 84 ng.
5812 960 200 80 SEE

3572 1068 540 100 Johnson,
4216 1068 116 92 J.
4432 1068 548 92 Richard.

3420 1224 712 100 Practicing
4212 1212 552 108 Spanish.
4936 1208 212 84 SEE
5228 1208 620 96 Thompson,

3564 1352 284 80 John
3928 1344 112 84 A.

3376 1472 700 104 Principles
4172 1472 128 80 of
4384 1468 692 92 economics.
5252 1464 208 84 SEE

3512 1596 632 108 Ferguson,
4240 1588 488 84 Charles
4816 1588 120 76 E.

3392 1732 556 88 Problems
4040 1736 140 88 in
4260 1736 704 92 structural
5048 1740 560 112 biology.
5772 1736 224 92 SEE

3536 1856 32 84 I
3604 1856 336 116 avis,
4032 1856 220 108 Roy
4328 1856 116 92 E.

3412 2004 196 84 The
3696 2008 712 104 profession
4492 2012 136 84 of
4708 2000 768 120 psychology.
5652 2016 208 84 SEE

3544 2128 344 100 Webb,
3972 2124 356 88 Wilse
4420 2132 192 100 B.,
4708 2152 52 64 e
4780 2132 120 88 d.

3376 2284 852 92 Professional
4320 2280 428 84 salesm
4752 2296 60 64 a
4820 2304 64 56 n
4896 2280 332 104 ship.
5400 2280 204 84 SEE
5688 2284 340 100 Haas,

3512 2408 508 88 Kenneth
4096 2408 112 80 B.

3388 2556 716 84 Protestant
4176 2556 504 104 worship
4756 2552 408 88 music.
5336 2556 212 84 SEE

3528 2676 844 112 Etherington,
4472 2676 488 84 Charles
5048 2672 120 92 L.

3356 2832 1268 124 Psycholinguistics.
4804 2832 196 84 SEE
5092 2820 544 104 Saporta,

3500 2968 72 76 S
3576 2988 56 64 o
3644 2968 116 104 l,
3864 2984 52 60 e
3936 2964 104 80 d.

3388 3108 920 124 Psychological
4396 3120 700 104 principles
5196 3124 132 80 in
5412 3124 432 100 system

3524 3244 844 104 development.
4540 3244 204 84 SEE
4824 3248 408 88 Gagne,
5340 3244 420 80 Robert
5840 3244 188 88 M.,

3532 3388 52 60 e
3596 3364 120 88 d.

3352 3496 352 88 Queen
3792 3496 124 84 of
4004 3492 552 108 caprice.
4724 3496 220 84 SEE
5012 3500 484 100 Gerson,
5592 3496 340 92 Noel.

3388 3668 564 108 Reaching
4032 3676 432 80 number
4540 3676 408 108 goals,
5048 3664 56 116 4
5132 3732 32 32 .
5348 3676 212 80 SEE

3528 3792 700 108 Brueckner,
4328 3792 200 84 Leo
4624 3796 108 84 J.

3388 3944 496 108 Reading
3964 3944 208 84 and
4252 3944 556 108 writing.
4980 3940 208 92 SEE
5264 3948 564 112 Hartley,

3536 4072 328 84 John.

3388 4224 60 80 R
3460 4212 480 112 eadings
4036 4216 132 84 in
4252 4216 200 84 the
4536 4212 724 112 psychology
5336 4216 132 84 of
5548 4216 364 84 human

3524 4344 428 104 growth
4036 4340 200 80 and
4320 4340 844 104 development.
5336 4344 208 80 SEE

3524 4468 64 80 B
3608 4484 56 56 a
3676 4464 332 104 ller,
4100 4460 436 84 Warren
4608 4464 120 76 R.

3368 4612 408 104 Sample
3864 4612 348 80 units
4300 4608 288 80 from
4660 4604 208 80 the
4956 4596 564 88 teachers
5608 4588 272 92 edi-

3512 4736 348 84 tions
3948 4732 196 84 for
4228 4732 352 80 Above
4672 4724 196 80 the
4964 4720 472 104 clouds,
5536 4712 500 108 Through

3512 4860 196 84 the
3800 4876 404 88 years,
4320 4848 52 80 S
4376 4852 356 100 kyway
4748 4868 48 56 s
4892 4848 128 76 to
5112 4844 616 80 tomorrow.

3512 4980 212 84 SEE
3804 4972 620 100 Stauffer,
4520 4964 492 84 Russell
5096 4968 124 76 G.

3400 5116 496 108 Science
3980 5136 116 88 1.
4268 5124 208 88 SEE
4552 5124 412 112 Davis,
5068 5116 204 96 Ira
5344 5116 132 92 C.

3364 5308 496 88 Science
3940 5300 120 92 2.
4232 5304 212 84 SEE
4512 5300 420 108 Davis,
5036 5300 204 80 Ira
5320 5300 124 84 C.

3388 5452 708 92 Scientific
4180 5452 788 100 experiments
5060 5452 124 76 in
5272 5440 688 104 chemistry,

3536 5576 488 84 student
4108 5572 340 84 book.
4616 5572 192 84 NM:
4908 5568 696 80 revisions.

3524 5696 80 76 ©
3684 5696 324 88 Molt,
4108 5688 572 92 Rinehart
4760 5696 68 84 &
4900 5688 560 96 Winston,
5564 5688 332 92 Inc.;

3536 5808 544 100 11Apr62;
4192 5796 540 104 A563084.

3420 5992 196 80 The
3704 5992 420 80 search
4204 5992 208 80 for
4492 5996 504 108 meaning
5080 5996 136 84 in
5292 6000 332 88 life.
5796 6000 208 84 SEE

3548 6112 632 108 Davidson,
4280 6116 420 84 Robert
4780 6120 196 104 F.,
5076 6144 56 56 e
5144 6120 120 84 d.

3384 6256 556 100 Selected
4036 6264 408 104 topics
4540 6264 132 80 in
4756 6264 200 80 the
5044 6252 640 88 classical

3528 6396 420 104 theory
4028 6392 140 84 of
4244 6384 636 88 functions
4972 6384 136 80 of
5192 6400 60 56 a
5336 6380 500 100 complex

3524 6512 624 88 variable.
4328 6504 212 84 SEE
4612 6504 408 108 Heins,
5120 6504 548 84 Maurice.

3420 6668 560 84 Sentence
4080 6672 624 108 analysis.
4868 6680 216 88 SEE
5144 6684 72 84 E
5220 6700 136 64 me
5376 6680 196 88 ry,

3560 6788 428 84 Donald
4064 6792 132 80 W.

3392 6928 340 84 Silas
3824 6928 480 88 Marner.
4476 6936 208 84 SEE
4772 6936 408 112 Cross,
5272 6936 288 112 Mary
5632 6936 220 92 Ann

3532 7052 412 84 Evans.

3380 7188 60 84 A
3536 7192 704 104 simplified
4324 7196 356 104 guide
4768 7200 124 76 to
4980 7196 700 80 statistics
5776 7200 204 80 for

3532 7316 720 108 psychology
4328 7320 200 80 and
4616 7320 696 84 education.
5484 7320 212 80 SEE

3532 7436 408 108 Smith,
4040 7440 116 80 G.
4256 7432 128 84 Mi
4400 7440 140 80 lt
4548 7460 60 56 o
4616 7464 116 60 n.

3400 7580 640 88 Skillbook
4120 7580 212 80 for
4412 7580 348 80 Above
4852 7572 192 84 the
5144 7568 472 88 clouds.

3548 7700 204 84 SEE
3836 7700 628 100 Stauffer,
4556 7692 496 88 Russell
5140 7696 68 80 G
5224 7748 32 28 .

3396 7848 640 92 Solutions
4116 7844 424 84 manual
4632 7840 200 84 for
4916 7840 344 80 Cases
5356 7832 132 84 in
5572 7844 480 84 corpor-

3544 7968 356 88 ation
3980 7964 548 100 finance,
4628 7956 492 88 revised
5212 7952 552 84 edition.

3544 8092 204 88 SEE
3828 8088 628 100 Andersen,
4556 8080 564 88 Theodore
5208 8076 124 88 A.

3392 8236 768 92 Statistics.
4332 8240 204 84 SEE
4616 8244 560 104 Griffin,
5276 8244 280 80 John
5644 8240 52 84 I
5720 8296 32 28 .

3412 8384 352 128 Story
3848 8400 128 84 of
4060 8400 556 92 nations.
4788 8400 204 88 SEE
5064 8400 492 112 Rogers,

3552 8524 424 88 Lester
4056 8524 124 92 B.

3392 8652 352 116 Story
3824 8660 128 84 of
4044 8680 200 60 our
4328 8660 284 84 land
4696 8660 204 84 and
4972 8660 496 108 people.
5636 8660 204 84 SEE

3524 8780 432 84 Glovin
3968 8804 48 56 s
4036 8780 192 112 ky,
4316 8776 500 96 Arnold.

3392 8936 632 84 Student's
4108 8936 580 84 workbook
4764 8932 208 88 for
5048 8952 212 68 use
5336 8932 292 84 with

3528 9060 500 80 Wickens
4116 9060 204 80 and
4400 9064 356 100 Meyer
4840 9056 768 108 Psychology,

3536 9180 556 84 revised.
4268 9184 204 80 SEE
4548 9188 336 100 Berg,
4984 9180 356 84 Irwin
5420 9184 116 80 A.

3412 9336 484 88 Studies
3996 9344 128 80 in
4208 9344 568 84 behavior
4852 9348 704 108 pathology.
5736 9356 196 84 SEE

3556 9464 480 108 Sarbin,
4132 9468 564 80 Theodore
4788 9472 64 80 R
4872 9524 104 52 .,
5080 9492 56 60 e
5140 9472 120 84 d.

3404 9632 68 80 A
3560 9628 348 108 study
3992 9628 492 84 outline
4564 9628 208 84 for
4852 9600 360 136 Diego
5284 9628 216 80 Mar
5516 9624 52 80 i
5580 9628 204 80 n's
5876 9620 132 84 La

3560 9748 564 88 civiliza
4124 9752 64 72 c
4216 9752 196 84 ion
4492 9748 632 108 espanola.
5288 9744 212 84 SEE
5580 9748 132 84 Lo

3556 9876 196 108 Re,
3840 9868 128 92 A.
4060 9876 72 80 G
4156 9928 32 32 .

3408 10032 416 80 Summer
3912 10032 128 80 in
4124 10028 272 84 Vill
4416 10052 52 60 e
4492 10020 472 96 -Marie.
5140 10032 204 84 SEE
5424 10036 212 80 Dav
5644 10052 52 64 e
5716 10032 256 108 luy,

3552 10152 272 84 Paul
3844 10176 48 60 e
3928 10208 28 28 .

3388 10292 552 92 Teachers
4036 10292 496 88 edition
4608 10296 212 84 for
4892 10292 580 88 American
5552 10292 280 108 Eng-

3532 10412 332 92 lish.
4036 10416 216 88 SEE
4320 10416 556 100 Burrows,
4968 10412 432 88 Alvina
5488 10416 128 84 Tr
5624 10416 60 72 e
5692 10416 192 88 ut.

3412 10576 64 84 T
3488 10592 132 64 ea
3636 10572 328 84 cher'
4000 10596 52 60 s
4140 10568 348 108 guide
4568 10568 212 84 for
4868 10572 860 100 Contemporary

3564 10692 496 104 algebra
4144 10692 200 80 and
4436 10688 908 108 trigonometry.
5520 10688 208 80 SEE

3556 10812 632 104 Griswold,
4280 10812 356 84 Alice
4716 10812 116 84 L.

3412 10968 132 80 Te
3560 10964 60 76 a
3644 10964 116 80 ch
3780 10984 56 60 e
3848 10968 116 76 r'
4000 10984 48 60 s
4132 10960 432 88 manual
4640 10964 212 84 and
4940 10984 276 64 answ
5236 10984 52 64 e
5284 10984 68 64 r
5436 10964 288 88 book
5804 10968 200 84 for

3556 11080 432 92 Modern
4072 11084 348 84 earth
4504 11084 544 88 science.
5232 11088 216 84 SEE
5508 11092 488 104 Ramsey,

3548 11200 512 88 William
4132 11204 124 88 L.

3388 11348 632 88 Teacher's
4100 11344 432 88 manual
4624 11348 200 84 and
4908 11368 420 64 answer
5408 11348 284 84 book
5776 11348 204 84 for

3528 11464 436 88 Modern
4044 11488 336 84 space
4476 11468 548 92 science.
5196 11464 208 84 SEE

3532 11584 696 108 Trinklein,
4328 11584 636 88 Frederick
5044 11588 124 92 E.

3416 11736 632 88 Teacher's
4132 11736 432 84 manual
4644 11736 204 84 and
4936 11756 420 68 answer
5436 11740 284 84 book
5808 11744 128 80 to

3564 11876 644 92 accompany
4280 11860 500 84 Science
4864 11864 116 88 1.
5148 11868 216 80 SEE
5436 11864 408 84 Davis,

3564 11980 208 80 Ira
3852 11984 116 80 C.

3424 12112 636 92 Teacher's
4140 12116 428 84 manual
4660 12116 196 88 and
4944 12140 424 64 answer
5452 12120 276 84 book
5812 12120 132 84 to

3572 12252 644 92 accompany
4292 12236 492 88 Science
4868 12232 120 92 2.
5156 12240 212 84 SEE
5440 12236 420 112 Davis,

3572 12356 204 84 Ira
3868 12360 112 80 C.

6600 648 636 84 Teacher's
7320 652 428 80 manual
7832 652 208 80 for
8112 648 432 84 Modern
8636 648 484 84 elemen-

6752 776 280 100 tary
7112 772 548 104 algebra.
7836 768 204 84 SEE
8112 772 560 108 Nichols,

6740 892 428 108 Eugene
7244 892 128 88 D.

6560 1060 64 76 T
6624 1072 136 64 ea
6772 1056 332 80 cher'
7140 1076 48 60 s
7272 1056 424 80 manual
7776 1052 208 84 for
8064 1052 432 84 Modern
8584 1048 468 108 speech.

6696 1180 208 80 SEE
6984 1180 72 80 M
7060 1196 52 60 c
7128 1184 260 84 Gee,
7480 1172 368 108 Ralph
7916 1168 68 84 G
8016 1216 28 36 .

6532 1308 624 88 Teacher's
7248 1320 432 80 manual
7768 1324 128 80 to
7984 1348 640 88 accompany
8692 1328 364 88 World

6676 1436 644 108 geography
7400 1440 204 84 for
7684 1440 284 108 high
8056 1448 548 96 schools.
8772 1448 212 84 SEE

6676 1552 620 112 Phillips,
7392 1556 288 112 Mary
7760 1564 408 100 Viola.

6548 1696 568 108 Teaching
7200 1704 196 80 art
7488 1704 136 80 in
7708 1708 192 80 the
7992 1708 716 112 elementary

6696 1820 472 88 school.
7344 1824 204 80 SEE
7632 1828 332 104 Erdt,
8052 1832 576 104 Margaret

6688 1940 628 96 Hamilton.

6540 2112 60 80 T
6620 2132 52 60 e
6692 2104 484 88 chnical
7232 2124 68 60 w
7336 2100 480 88 ritin.
7988 2088 196 88 SEE
8268 2096 72 76 M
8356 2092 324 104 ills,
8776 2096 68 76 G
8856 2108 56 60 o
8928 2108 120 60 r-

6688 2232 208 80 don
6976 2224 120 88 H.

6508 2360 352 96 Tests
6952 2360 208 80 for
7240 2344 428 92 Harlow
7752 2336 200 84 and
8028 2340 220 100 Noy
8256 2352 52 60 e
8328 2356 48 56 s
8476 2328 348 100 Story
8900 2340 56 64 O
8976 2316 68 84 f

6660 2480 552 96 America.
7396 2476 212 80 SEE
7680 2460 404 112 Smyth,
8192 2460 392 84 James.

6532 2636 352 84 Tests
6968 2632 204 88 for
7264 2628 424 88 Modern
7776 2624 708 108 elementary
8568 2624 544 104 algebra.

6688 2756 212 84 SEE
6972 2748 556 108 Nichols,
7628 2752 420 104 Eugene
8128 2744 128 92 D.

6524 2896 340 88 Tests
6964 2900 200 84 for
7240 2900 436 84 Modern
7760 2924 336 84 space
8192 2904 552 96 science.
8912 2912 208 80 SEE

6668 3020 692 88 Trinklein,
7468 3024 636 84 Frederick
8184 3028 124 96 E.

6528 3180 356 92 Tests
6968 3176 208 88 for
7252 3180 436 100 Ramsey
7768 3172 200 80 and
8048 3168 428 88 Burckl
8496 3188 52 60 e
8568 3192 60 80 y

6676 3300 432 88 Modern
7200 3296 340 84 earth
7628 3296 548 80 science.
8352 3296 204 76 SEE
8636 3284 276 92 Floc
8916 3288 76 80 h
9008 3344 32 48 ,

6676 3420 352 88 Henri
7128 3420 100 88 J.

6520 3560 348 88 Tests
6960 3560 200 84 for
7244 3556 344 88 World
7680 3552 640 104 geography
8400 3552 208 80 for
8688 3548 284 104 high

6672 3684 552 88 schools.
7396 3680 200 84 SEE
7684 3676 620 100 Phillips,
8400 3676 280 96 Mary
8760 3668 412 92 Viola.

6568 3828 344 88 Tests
7008 3832 204 84 for
7288 3836 360 80 World
7728 3844 648 108 geography
8456 3844 404 112 today.

6716 3948 208 84 SEE
7008 3952 476 108 Israel,
7584 3960 336 92 Saul.

6528 4092 348 84 Tests
6968 4092 136 80 to
7188 4108 636 92 accompany
7900 4092 284 84 Holt
8276 4092 760 108 arithmetic,

6672 4208 288 84 book
7036 4208 116 88 1.
7328 4212 216 84 SEE
7608 4212 488 108 Kinney,
8188 4216 432 84 Lucien
8700 4220 116 80 B.

6524 4376 348 84 Tests
6964 4376 136 80 to
7184 4392 636 84 accompany
7900 4372 280 80 Holt
8272 4372 760 104 arithmetic,

6672 4492 288 84 book
7032 4492 120 80 2.
7328 4492 208 88 SEE
7608 4492 484 104 Kinney,
8184 4492 288 84 Luci
8484 4516 56 60 e
8552 4516 64 60 n
8700 4496 116 80 B.

6544 4628 356 84 Tonal
6980 4632 504 100 harmony
7568 4636 132 76 in
7788 4636 480 96 concept
8360 4636 204 80 and

6696 4752 624 100 practice.
7488 4752 208 84 SEE
7776 4756 408 100 Forte,
8280 4756 412 96 Allen.

6552 4912 432 100 Toward
7060 4924 492 88 liberal
7644 4924 492 84 educati
8152 4912 56 92 o
8216 4948 128 72 n.
8508 4924 208 84 SEE

6696 5044 412 116 Locke,
7204 5044 348 88 Louis
7636 5048 68 84 G
7728 5100 36 40 .

6576 5204 352 128 Using
7008 5224 432 84 number
7528 5220 400 88 ideas.
8092 5200 216 104 SEE
8392 5220 488 88 Brueckn
8900 5244 52 64 e
8972 5244 116 88 r,

6724 5344 200 80 Leo
7012 5344 116 80 J.

6524 5520 204 84 Wal
6748 5520 76 92 d
6816 5544 188 56 en.
7176 5520 212 80 SEE
7464 5520 140 80 Th
7608 5520 64 64 o
7680 5540 336 80 reau,
8112 5516 360 108 Henry
8552 5520 408 80 David.

6544 5680 280 104 Word
6908 5696 436 88 wealth
7428 5696 132 112 ju
7560 5688 344 96 nior.
8076 5672 212 108 SEE
8360 5688 480 120 Miller,

6688 5808 288 88 Ward
7060 5812 116 84 S.

6532 6004 580 88 Workbook
7196 6004 204 84 for
7472 6004 288 84 book
7844 6000 120 96 2.
8136 6000 208 84 SEE
8416 6000 488 104 Kinney,

6676 6124 432 88 Lucien
7192 6128 124 88 B.

6560 6304 588 84 Workbook
7228 6304 212 80 for
7512 6304 424 84 Harlow
8020 6304 212 80 and
8304 6304 412 104 Noyes:
8812 6304 360 104 Story

6720 6424 132 84 of
6936 6424 552 88 America.
7656 6428 216 80 SEE
7944 6428 408 100 Smyth,
8452 6424 412 92 James.

6568 6600 584 96 Workbook
7224 6600 212 92 for
7516 6604 276 92 Life
7884 6600 564 108 science,
8540 6604 192 92 the
8816 6608 364 88 world

6724 6720 136 92 of
6936 6724 432 112 living
7440 6728 484 112 things.
8100 6720 204 80 SEE
8380 6732 424 84 Davis,

6724 6848 208 88 Ira
7008 6852 124 84 C.

6588 7024 576 88 Workbook
7244 7024 208 84 for
7528 7028 428 100 Ramsey
8040 7008 208 96 and
8328 7016 576 112 Burckley

6732 7148 436 88 Modern
7248 7148 360 88 earth
7684 7144 552 88 science.
8404 7144 208 84 SEE
8688 7140 284 88 Floc
8980 7140 72 88 h
9072 7196 32 56 ,

6736 7264 344 80 Henri
7172 7264 124 92 J.

6580 7444 364 88 World
7028 7448 640 104 geography
7752 7444 408 108 today.
8332 7448 132 80 SE
8472 7448 64 84 E
8620 7440 472 96 Israel,

6744 7564 332 84 Saul.

6440 7832 336 108 HOLT,
6872 7828 576 88 RINEHART
7520 7832 68 80 &
7668 7824 556 112 WINSTON,
8320 7824 264 96 INC.
8760 7824 200 88 SEE

6592 7952 560 84 American
7232 7952 712 104 government
8040 7948 472 104 annual,
8616 7932 344 116 1962-

6736 8060 328 116 1963.

6568 8236 348 84 Basic
7008 8240 712 108 dictionary
7800 8268 60 56 o
7876 8252 60 72 f
8012 8248 576 80 American
8664 8252 556 92 English.

6564 8412 204 84 The
6840 8416 288 100 Frog
7208 8408 488 108 prince.

6524 8580 204 88 The
6812 8576 428 88 Golden
7320 8604 408 80 goose.

6544 8756 344 84 Peter
6976 8752 200 80 and
7272 8748 192 80 the
7548 8740 340 88 wolf.

6564 8900 280 108 Snow
6920 8924 352 84 White
7364 8924 204 84 and
7656 8924 196 80 the
7940 8944 360 60 seven
8376 8924 136 80 dw
8516 8940 60 60 a
8588 8924 268 92 rfs.

6432 9168 348 112 HOLY,
6868 9168 436 92 GEORGE
7380 9164 124 96 E.

6580 9296 68 84 A
6736 9292 272 88 time
7096 9288 276 92 line
7460 9288 208 88 for
7744 9284 568 108 personal
8400 9280 636 84 financial

6732 9412 628 108 planning.
7528 9404 80 84 m
7668 9408 428 104 George
8180 9404 124 92 E.
8396 9404 340 104 Holy;

6736 9516 552 120 15MAr62;
7384 9524 548 112 A559097.

6444 9788 68 88 T
6516 9788 68 88 H
6588 9784 72 80 E
6736 9780 552 104 HOLYOKE,
7392 9776 360 88 SOUTH
7820 9772 436 88 HADLEY
8400 9768 408 100 MASS.,

6600 9904 696 96 DIRECTORY,
7396 9880 332 116 1962.
7888 9840 488 140 Vol.g.
8540 9864 72 100 c
8692 9888 352 88 Price
9124 9892 72 84 &

6600 10024 204 84 Lee
6888 10024 260 92 Co.;
7248 10000 552 112 21Mar62;
7896 9996 544 120 A552886.

6364 10248 432 88 HOLZAE
6812 10240 64 84 P
6872 10248 264 112 FEL,
7232 10252 124 96 N.
7452 10252 68 84 R
7540 10312 36 36 .

6512 10372 64 84 A
6648 10372 588 108 physical
7320 10376 860 108 conditioning
8248 10372 512 112 program
8832 10396 144 64 on

6660 10492 208 88 the
6956 10492 764 108 trampoline;
7820 10500 856 84 instructor's
8760 10492 408 108 guide,

6656 10612 140 108 by
6872 10612 128 100 N.
7088 10612 128 100 R.
7308 10612 780 112 Holzaepfel,
8180 10612 216 88 Sam
8464 10612 432 88 Bailie

6664 10732 68 84 &
6796 10732 292 88 Bill
7156 10732 132 100 W.
7380 10732 636 104 Sorenson.
8180 10732 792 92 Illustrated
9044 10736 144 104 by

6652 10852 224 92 Don
6948 10860 488 100 Carney.
7596 10836 76 88 ©
7744 10852 580 92 American
8400 10856 712 104 Trampoline

6664 10976 132 88 Co
6820 11004 104 80 .;
7032 10964 472 120 5Feb62;
7600 10964 208 120 A54
7820 10964 76 96 6
7896 10964 264 112 406.

6416 11224 68 80 H
6492 11224 60 84 O
6556 11224 140 80 LZ
6708 11224 68 80 H
6780 11224 408 104 EIMER,
7288 11224 428 88 ROBERT
7788 11228 116 84 L.

6568 11340 620 104 Plumbing,
7280 11344 552 108 heating,
7936 11344 704 84 industrial

6712 11464 616 100 supplies.
7504 11468 208 80 SEE
7780 11468 648 88 Wentworth
8520 11468 412 108 Supply

6700 11584 192 80 Co.

6408 11828 288 92 HOLZ
6700 11832 72 84 M
6772 11828 216 84 ANN
7080 11816 28 108 (
7136 11828 68 80 H
7208 11808 272 112 ANS)
7572 11820 64 76 V
7644 11820 64 76 E
7712 11816 340 80 RLAG.

6552 11944 496 92 Brevier
7136 11940 208 84 fUr
7424 11932 848 108 Vorgesetzte.
8448 11924 208 88 SEE

6700 12072 72 84 M
6780 12060 64 92 u
6856 12064 480 104 thling,
7424 12064 332 80 Hans.

6552 12208 576 92 Unterneh
7128 12236 148 64 me
7280 12216 204 84 nsl
7504 12236 56 64 e
7576 12212 404 112 itung.
8144 12196 560 128 Brddner,
8804 12204 404 92 Ernst.
