10184 13152
864 108 196 100 410

852 568 552 112 JEFFREY,
1504 568 424 84 ROBERT
2016 572 112 84 C.

992 688 704 112 Directory,
1796 680 332 108 1962.
2304 692 200 84 SEE
2588 692 432 108 Speech
3096 696 336 88 Assn.

1144 812 128 84 of
1352 812 560 88 America.

812 1092 556 108 JEFFREY,
1464 1092 508 92 WILLIAM
2056 1096 404 92 DAVID.

964 1212 60 84 A
1104 1216 280 84 hero
1472 1232 360 92 among
1904 1236 192 68 us.
2288 1200 192 124 (In
2556 1216 408 112 Scope,

1100 1324 708 120 Mar..1962,
1904 1360 120 80 p.
2060 1340 52 84 1
2128 1324 336 124 4-15)
2632 1344 644 100 Excerpted

1116 1460 268 84 from
1476 1464 200 84 the
1764 1468 404 88 novel.
2336 1460 76 88 ©
2480 1472 504 80 William
3068 1472 348 84 David

1108 1584 552 104 Jeffrey;
1764 1572 548 120 12Mar62;
2408 1572 560 120 BB20671.

880 1840 148 88 JE
1028 1844 64 88 F
1092 1844 412 108 FRIES,
1612 1848 104 92 C.
1828 1848 104 92 C.

1028 1956 488 116 Terry's
1608 1968 544 104 Rangers.
2336 1972 200 84 1st
2624 1976 184 88 ed.
2976 1976 504 108 Vantage

1172 2092 404 88 Press.
1744 2092 88 84 O
1904 2092 100 92 C.
2120 2096 104 92 C.
2328 2096 624 104 Jeffries;
3060 2080 500 120 31Jan62

1188 2192 196 124 (in
1464 2212 468 88 notice:
2048 2196 396 124 1961);
2552 2200 536 120 A565392.

860 2412 548 88 JEFFRIE
1588 2412 200 92 JAD
1808 2412 92 88 E
2024 2416 116 92 E.

1000 2488 648 140 Circadian
1736 2548 548 100 systems.
2452 2544 220 84 SEE
2740 2544 276 92 Ross
3104 2548 276 92 Con-

1148 2664 500 88 ference
1736 2692 132 64 on
1948 2664 624 92 Pediatric
2660 2668 636 92 Research.

1148 2784 336 120 39th,
1580 2784 724 104 University
2388 2792 124 84 of
2584 2792 652 92 Minnesota

1136 2908 504 88 Medical
1732 2908 480 120 School,
2312 2904 332 108 1961.

836 3136 632 116 JEFFRIES,
1568 3144 284 84 RODE
1856 3148 76 84 R
1932 3148 188 92 IC.

988 3268 1004 104 Investigations
2072 3288 212 64 are
2360 3272 768 104 proceeding,
3236 3272 132 108 by

1128 3388 496 108 Jeffrey
1708 3388 552 108 Ashford,
2360 3392 408 104 pseud.
2944 3392 476 92 London.

1120 3504 436 96 C.John
1640 3512 328 108 Long,
2072 3512 332 104 Ltd.;
2512 3496 544 124 13Nov61;

1128 3632 696 104 AF0-35221.

880 3912 428 88 JEHIEL
1384 3908 436 88 NISSIM
1888 3908 148 84 DA
2108 3908 336 96 PISA.
2620 3908 208 84 SEE

1020 4032 340 104 Pisa,
1460 4032 428 88 Jehiel
1964 4032 72 84 N
2044 4032 124 88 is
2188 4052 56 68 s
2264 4036 132 84 im
2476 4036 192 92 da.

896 4232 496 92 JELENKO
1492 4224 172 108 (J.
1756 4228 204 108 F.)
2048 4244 76 84 &
2192 4240 68 84 C
2276 4240 60 84 O
2360 4300 104 60 .,
2568 4244 256 92 INC.
2988 4244 216 88 SEE

1032 4364 204 88 The
1320 4364 724 88 Thermotrol
2128 4364 768 96 technician.

840 4612 628 96 JELLIFFE,
1568 4608 356 84 SMITH
1992 4608 272 88 ELY.

988 4732 420 88 Geneal
1424 4752 60 60 o
1492 4752 68 80 g
1564 4752 64 80 y
1712 4732 136 80 of
1932 4748 260 72 sex.
2364 4728 204 84 SEE
2648 4724 556 104 Thesing,
3300 4720 344 92 Curt.

900 5004 624 108 JELLISON,
1632 5000 500 92 CHARLES
2208 5000 108 92 A.

1044 5124 652 88 Fessenden
1780 5124 124 88 of
1992 5124 404 104 Maine,
2504 5120 344 88 Civil
2932 5120 220 92 War
3228 5120 548 92 Senator.

1188 5244 84 88 O
1344 5248 564 108 Syracuse
1992 5244 712 108 University
2792 5244 404 104 Press,
3304 5244 324 100 Inc.;

1200 5352 540 120 26Mar62;
1848 5372 68 84 A
1928 5368 64 108 5
2000 5372 60 100 5
2072 5356 128 100 28
2212 5352 60 100 6
2284 5356 64 96 8
2372 5432 24 24 .

848 5652 216 84 JEN
1136 5656 148 84 YU
1352 5656 344 96 WANG.
1868 5656 208 88 SEE
2148 5660 340 108 Wang,
2592 5664 212 88 Jen
2876 5664 196 96 Yu.

848 5908 136 88 JE
984 5904 68 88 N
1056 5908 268 96 KIN,
1424 5908 576 96 PENELOPE
2072 5920 76 88 M
2148 5944 48 60 .

984 6028 436 92 Animal
1496 6040 632 108 hormones,
2224 6064 72 68 a
2376 6048 780 104 comparative

1140 6172 480 96 survey.
1784 6164 140 88 Pt
1948 6224 36 40 .
2008 6164 64 88 l
2096 6224 32 40 .
2288 6168 296 88 With
2656 6188 68 68 a
2808 6168 576 96 foreword
3452 6172 148 112 by

1136 6276 288 92 John
1492 6280 128 104 E.
1712 6288 492 96 Harris.
2364 6288 488 116 Oxford,
2940 6292 344 112 Eng.,

1128 6400 584 112 Pergamon
1784 6408 416 100 Press.
2384 6392 996 128 (International

1136 6528 420 88 series
1640 6528 140 88 of
1856 6536 716 108 monographs
2656 6556 144 68 on
2868 6556 288 92 pure
3240 6540 216 88 and

1132 6648 508 104 applied
1712 6648 560 116 biology.
2432 6656 628 92 Division:
3160 6660 568 112 Zoology,

1128 6748 272 132 v.6)
1560 6768 88 88 ©
1712 6772 128 100 P.
1928 6776 124 92 M.
2148 6776 480 112 Jenkin;
2736 6784 60 84 1
2804 6768 64 100 8
2876 6784 212 88 Jan
3088 6768 68 100 6
3168 6788 116 104 2;

1128 6888 72 84 A
1200 6888 72 88 F
1272 6880 420 116 19109.

828 7184 564 108 JENKINS,
1492 7184 408 88 DAVID.

976 7300 216 92 The
1276 7324 356 92 power
1712 7308 140 84 of
1936 7312 560 96 leverage
2588 7304 204 84 for
2868 7304 500 100 greater

1136 7428 708 84 investment
1928 7424 552 108 profits.
2652 7424 208 84 The
2944 7424 568 100 Leverage

1128 7552 488 104 Report.
1776 7544 76 84 ©
1932 7544 636 88 Investors
2660 7544 908 104 Intelligence,

1136 7672 336 104 Inc.;
1632 7656 488 116 11Jun62;
2216 7664 560 108 A570907.

812 7976 552 112 JENKINS,
1456 7976 364 88 DOROT
1816 7972 76 84 R
1888 7976 80 84 Y
2036 7976 124 92 H.

952 8108 212 84 The
1248 8096 864 112 encyclopedia
2192 8096 136 84 of
2404 8096 352 84 house
2836 8084 492 116 plants.

1092 8224 444 88 Bantam
1600 8224 424 92 Books.
2208 8196 488 128 (Bantam
2772 8212 640 88 reference

1108 8348 556 104 library,
1752 8344 68 84 N
1828 8344 144 104 R3
1976 8344 64 84 0
2060 8320 36 128 )
2264 8340 48 88 C
2404 8336 508 108 Dorothy
2984 8336 128 96 H.

1112 8468 552 100 Jenkins;
1760 8464 140 84 2J
1904 8484 68 64 a
1960 8448 280 120 n62;
2336 8456 72 84 A
2416 8464 64 100 5
2484 8444 400 120 45376,

900 8744 136 84 JE
1040 8744 68 84 N
1112 8740 336 112 KINS,
1544 8736 296 92 ELLA
1912 8740 124 96 L.

1044 8868 280 88 This
1412 8872 128 80 is
1628 8864 480 108 rhythm.
2272 8856 52 88 C
2412 8860 228 84 Oak
2708 8856 924 104 Publications,

1192 8988 332 108 Inc.;
1632 8972 544 120 13Mar62;
2276 8980 560 108 A553599.

856 9284 548 112 JENKINS,
1504 9284 296 92 FRAN
1800 9288 56 84 C
1864 9284 140 88 ES
2080 9284 80 96 B
2160 9284 412 100 RIGGS.

1000 9396 500 108 Science
1588 9408 636 88 reference
2312 9428 556 80 sources.
3036 9408 140 104 3d
3256 9408 188 96 ed.

1140 9528 804 92 Distributed
2016 9528 144 112 by
2236 9524 420 96 Illini
2740 9528 360 92 Union

1144 9652 712 100 Bookstore.
2012 9652 84 88 ©
2164 9652 492 88 Frances
2740 9652 428 112 Briggs

1152 9772 552 88 Jenkins;
1808 9780 64 100 3
1880 9764 72 88 0
1952 9764 404 116 Jan62;
2456 9764 552 116 A546359.

884 10040 552 112 JENKINS,
1540 10044 420 84 GLADYS
2048 10048 552 96 GARDNER.

1028 10164 432 92 Health
1540 10168 212 84 and
1832 10168 428 108 safety
2340 10168 212 92 for
2628 10172 764 112 teen-agers,
3488 10172 148 112 by

1176 10288 420 108 Gladys
1688 10288 500 92 Gardner
2264 10292 552 112 Jenkins,
2912 10296 360 88 Helen
3348 10292 124 100 S.

1176 10404 212 88 Sha
1412 10408 64 76 c
1472 10412 260 108 ter,
1820 10408 132 100 W.
2036 10412 132 96 W.
2260 10412 412 112 Bauer,
2768 10412 72 88 &
2908 10416 504 88 Elenore
3488 10420 128 96 T.

1176 10528 488 96 Pounds.
1832 10532 788 92 Illustrated
2692 10536 148 108 by
2912 10540 424 84 Connie
3416 10540 416 108 Moran,

1172 10648 292 88 with
1540 10652 716 88 anatomical
2336 10656 208 88 art
2624 10656 212 88 and
2912 10656 568 112 diagrams
3560 10660 144 88 by

1176 10764 432 88 Arnold
1680 10768 292 108 Ryan
2044 10772 568 88 Chalfant
2696 10772 72 84 &
2840 10780 480 92 others.

1172 10884 364 88 Cover
1612 10888 432 108 design
2116 10888 144 108 by
2336 10888 288 92 John
2692 10896 488 96 Horton.

1172 11004 192 88 NM:
1468 11008 636 88 additions
2188 11008 72 84 &
2336 11016 696 96 revisions.
3200 10984 36 84 C
3344 11012 412 116 Scott,

1176 11124 580 88 Foresman
1828 11128 72 80 &
1972 11128 264 112 Co.;
2336 11116 476 128 2Jan62;
2912 11124 556 116 A539516.

888 11424 540 92 JENKINS,
1536 11432 404 84 ROBIN.

1024 11560 288 92 Dust
1396 11588 136 64 on
1616 11568 204 88 the
1896 11588 272 88 paw.
2332 11568 432 96 London
2908 11572 652 88 Macdonald

1172 11664 80 88 ©
1316 11680 364 92 Robin
1760 11684 548 112 Jenkins;
2408 11688 64 88 2
2480 11692 64 84 1
2552 11676 200 100 Jul
2768 11632 60 144 $
2772 11692 60 84 1
2924 11720 36 80 ;
3056 11680 560 120 AF19185.

892 11964 552 96 JENKINS,
1532 11968 128 76 W.
1760 11968 120 80 L.

1028 12072 220 88 And
1316 12076 220 88 God
1620 12084 332 84 said.
2124 12084 204 88 SEE
2404 12084 412 100 Vaill,
2912 12092 552 88 Deborah.

4144 540 204 88 Art
4432 540 204 88 and
4728 540 200 92 the
5004 564 508 92 message
5596 548 128 88 of
5812 548 204 88 the
6104 548 472 88 church.

4284 660 224 88 SEE
4580 664 484 116 Nathan,
5152 664 428 92 Walter
5672 668 112 88 L.

4168 820 212 80 The
4460 820 412 88 Bible.
5052 828 208 84 SEE
5344 828 344 84 Cartl
5708 852 56 60 e
5772 828 264 112 dge,
6140 832 412 88 Samuel
6640 840 124 84 A.

4180 980 648 88 Christian
4912 984 412 88 ethics
5412 988 204 88 for
5700 992 640 104 practical
6432 992 272 84 liv-

4328 1104 260 108 ing.
4764 1104 212 84 SEE
5056 1108 260 112 Orr,
5412 1108 424 88 Horace
5928 1100 112 100 E.

4156 1248 860 104 Christianity
5092 1248 216 88 and
5384 1252 644 100 political
6108 1256 640 96 responsi-

4300 1372 484 104 bility.
4956 1376 208 80 SEE
5240 1376 484 100 Kelley,
5824 1376 352 84 Alden
6252 1376 128 92 D.

4192 1484 784 116 Christology
5060 1496 200 88 and
5352 1504 840 108 personality.
6356 1504 220 88 SEE

4324 1608 420 120 Singh,
4832 1612 488 108 Surjit.

4252 1768 412 84 Cities
4760 1768 208 84 and
5052 1768 616 88 churches.
5844 1768 212 88 SEE
6136 1772 256 100 Lee,

4392 1888 484 104 Robert,
4976 1892 188 84 ed.

4212 2028 780 96 Counselor's
5084 2024 344 104 guide
5524 2020 56 80 f
5592 2044 52 56 o
5664 2040 64 60 r
5812 2016 424 104 junior
6312 2008 280 104 high

4360 2172 404 84 camps,
4872 2148 252 88 III.
5300 2144 212 84 SEE
5588 2136 428 88 United
6100 2132 492 100 Presby-

4368 2280 416 80 terian
4872 2268 420 84 Church
5380 2264 136 84 in
5596 2264 196 80 the
5880 2256 412 92 U.S.A.
6456 2248 360 88 Board

4364 2400 132 84 of
4580 2392 648 88 Christian
5304 2384 696 84 Education.

4160 2508 220 84 God
4468 2512 196 84 and
4752 2516 492 108 country
5332 2520 348 80 award
5764 2540 552 88 program,

4304 2632 428 84 manual
4816 2632 208 88 for
5116 2640 768 80 counselors.
6052 2644 208 84 SEE

4300 2756 72 80 M
4388 2752 624 112 essinger,
5108 2760 120 80 C.
5324 2756 700 88 Frederick.

4196 2872 348 88 Guide
4628 2872 212 88 for
4924 2876 488 84 leaders
5504 2880 132 84 of
5724 2884 416 100 junior
6220 2888 352 100 highs

4344 3012 136 68 on
4560 2992 200 88 the
4848 2996 348 84 theme
5284 3004 208 84 The
5564 3004 416 88 Bible.
6152 3008 212 88 SEE

4344 3112 424 88 United
4852 3120 856 104 Presbyterian
5792 3128 424 84 Church
6304 3128 128 80 in
6512 3128 208 88 the

4344 3240 404 88 U.S.A.
4912 3244 364 80 Board
5356 3244 132 84 of
5572 3248 648 84 Christian

4340 3360 696 92 Education.

4144 3472 348 84 Guide
4584 3476 204 84 for
4876 3480 560 84 teachers
5524 3484 144 80 of
5744 3484 484 104 juniors
6316 3504 140 60 on
6536 3484 200 84 the

4300 3596 336 88 theme
4732 3600 196 80 The
5020 3600 408 88 Bible.
5596 3604 212 84 SEE
5876 3604 620 104 Khoobyar,

4288 3716 408 88 Helen.

4180 3820 68 80 A
4328 3828 356 108 guide
4768 3836 204 80 for
5068 3844 548 92 teachers
5716 3856 124 84 of
5924 3852 856 92 kindergarten

4336 3948 616 96 children.
5136 3964 196 84 SEE
5420 3972 396 88 Smith,
5924 3944 488 120 Harriet
6504 3972 108 88 G.

4168 4108 64 80 A
4320 4108 344 100 guide
4740 4108 220 84 for
5048 4112 552 88 teachers
5692 4120 136 84 of
5908 4120 496 108 primary

4320 4228 564 88 children
4972 4252 128 64 on
5184 4232 200 88 the
5480 4236 336 88 theme
5908 4240 200 84 The
6196 4244 412 88 Bible.

4324 4348 204 84 SEE
4612 4348 616 112 Priester,
5332 4360 628 84 Gertrude.

4156 4504 64 80 A
4300 4500 280 88 hard
4664 4500 284 84 look
5020 4496 140 88 at
5240 4496 348 88 adult
5672 4492 644 88 Christian

4300 4620 704 92 education.
5172 4624 208 84 SEE
5456 4620 264 104 Fry,
5828 4616 276 92 John
6176 4616 124 96 R.

4192 4748 204 84 How
4488 4756 124 80 to
4696 4756 208 84 set
4988 4780 136 80 up
5208 4768 204 80 and
5496 4768 420 84 direct
6004 4796 60 60 a
6144 4780 572 84 vacation

4344 4872 424 84 church
4852 4880 480 92 school.
5500 4892 204 80 SEE
5792 4896 468 104 Totten,

4340 4996 344 84 Julia
4772 5000 120 88 V.
4984 5004 124 88 D.

4156 5112 204 84 The
4452 5116 564 96 improper
5100 5132 132 80 op
5248 5108 64 88 i
5308 5112 344 96 nion.
5824 5116 204 84 SEE
6104 5116 412 100 Marty,

4296 5236 436 84 Martin
4804 5236 132 92 E.

4164 5352 424 84 Junior
4660 5356 292 104 high
5040 5360 692 104 guidebook.
5908 5364 200 88 SEE

4300 5476 428 84 United
4816 5480 856 108 Presbyterian
5756 5488 428 84 Church
6268 5492 128 80 in
6484 5492 196 84 the

4300 5596 412 88 U.S.A.
4888 5604 348 84 Board
5320 5604 132 84 of
5540 5608 640 88 Christian

4308 5716 700 92 education.

4156 5832 424 84 Junior
4664 5832 552 108 journal.
5388 5840 208 88 SEE
5672 5844 72 84 K
5748 5840 548 112 hoobyar,
6396 5844 416 88 Helen.

4176 5956 864 112 Kindergarten
5116 5972 572 80 vacation
5772 5976 424 84 church
6280 6000 48 60 s
6348 5980 136 84 ch
6500 6000 56 60 o
6564 5980 132 84 ol

4324 6084 768 88 activities.
5260 6092 208 80 SEE
5548 6096 428 84 United
6060 6096 492 112 Presby-

4328 6208 424 80 terian
4828 6208 424 88 Church
5340 6216 136 80 in
5560 6216 192 84 the
5840 6216 404 92 U.S.A.

4324 6324 340 84 Board
4756 6328 128 80 of
4972 6332 648 88 Christian
5692 6336 696 96 Education.

4160 6444 140 84 Kn
4312 6464 56 64 o
4372 6464 64 60 w
4516 6464 288 88 your
4892 6448 476 84 church.
5540 6452 208 88 SEE
5828 6456 72 84 H
5908 6480 192 60 anz
6124 6480 48 56 s
6196 6456 260 108 che,

4300 6564 512 84 William
4880 6568 552 84 Thomson.

4152 6680 352 108 Light
4592 6680 200 88 for
4880 6680 200 88 the
5164 6684 628 104 gentiles.
5968 6684 200 84 SEE

4300 6808 136 80 Ja
4440 6828 76 60 m
4520 6808 332 100 ison,
4948 6808 484 88 Leland.

4128 6928 792 84 Meditations
5016 6952 132 60 on
5236 6932 192 80 the
5520 6928 552 104 Gospels.
6240 6928 208 84 SEE

4280 7048 484 104 Luther,
4852 7048 496 92 Martin.

4152 7184 136 100 My
4372 7184 504 100 morning
4960 7180 688 92 devotions.
5824 7184 208 84 SEE
6104 7188 416 104 Woods,

4372 7300 428 88 Sheila
4884 7304 116 88 D.

4180 7416 216 92 The
4484 7420 60 88 O
4552 7404 56 108 i
4616 7420 64 88 d
4760 7424 644 96 Testament
5500 7440 124 84 in
5704 7436 648 100 Christian

4328 7552 700 108 preaching.
5192 7552 224 84 SEE
5484 7556 488 112 Toombs,
6072 7560 564 96 Lawrence
6720 7568 120 88 E.

4172 7680 576 88 Oriental
4828 7680 652 108 mysticism
5548 7680 212 80 and
5836 7676 572 88 Biblical

4328 7796 836 112 eschatology.
5340 7800 212 84 SEE
5624 7796 556 112 Altizer,
6268 7796 428 88 Thomas

4320 7928 108 84 J.
4548 7928 108 84 J.

4140 8028 192 80 The
4428 8028 564 104 parables
5088 8032 132 76 of
5308 8028 560 84 conflict
5956 8028 136 84 in
6164 8028 340 92 Luke.

4288 8148 204 84 SEE
4576 8148 332 104 Glen,
5012 8148 116 92 J.
5232 8148 548 108 Stanley.

4156 8292 200 80 The
4444 8292 484 104 pastor.
5100 8296 204 80 SEE
5388 8296 400 100 Jones,
5892 8292 352 88 Ilion
6320 8296 116 84 T.

4188 8408 568 84 Personal
4836 8408 640 88 devotions
5564 8420 204 76 for
5856 8420 528 96 pastors.

4336 8520 132 92 SE
4476 8532 68 80 E
4612 8528 780 108 Williamson,
5484 8536 512 84 William
6064 8540 200 108 B.,
6364 8540 184 88 ed.

4160 8652 776 104 Perspective
5024 8672 140 64 on
5236 8672 272 68 man.
5676 8652 204 84 SEE
5960 8652 332 104 Frye,

4296 8776 428 84 Roland
4804 8780 144 76 Mu
4956 8796 52 60 s
5020 8776 272 88 hat.

4176 8892 500 104 Primary
4752 8896 568 80 vacation
5408 8896 420 80 church
5912 8900 408 80 school

4320 9016 768 88 activities.
5256 9020 212 76 SEE
5548 9020 412 80 United
6052 9020 712 104 Presbyteri
6776 9040 52 64 a
6832 9044 56 60 n

4316 9136 424 80 Church
4828 9140 136 80 in
5052 9140 192 80 the
5332 9132 404 92 U.S.A.
5908 9140 344 80 Board
6348 9140 128 80 of

4316 9256 644 84 Christian
5040 9256 692 88 Education.

4144 9356 200 84 The
4432 9356 276 84 role
4804 9360 128 84 of
5020 9360 196 84 the
5296 9360 712 88 minister's
6096 9364 336 88 wife.

4288 9480 204 80 SEE
4576 9480 468 92 Denton,
5144 9484 556 84 Wallace.

4184 9588 404 104 Space,
4700 9596 324 80 time,
5116 9596 268 80 God.
5560 9600 208 84 SEE
5836 9600 72 84 M
5928 9620 52 68 c
5988 9604 328 84 Neur,

4320 9716 436 84 Ronald
4824 9720 128 80 W.

4192 9816 564 112 Training
4852 9824 116 80 to
5068 9824 396 80 teach.
5636 9824 204 80 SEE
5912 9828 724 104 Goodykoont
6648 9852 56 64 z
6724 9880 36 48 ,

4332 9940 352 108 Harry
4756 9948 128 76 G.

4156 10064 192 80 The
4444 10088 208 56 use
4744 10064 128 84 of
4964 10068 636 104 symbolism
5688 10072 124 76 in
5892 10068 644 84 Christian

4308 10188 688 84 education.
5172 10188 208 80 SEE
5460 10188 404 104 Fritz,
5968 10192 496 104 Dorothy
6544 10192 116 84 B.

4156 10308 204 84 The
4444 10328 212 80 way
4740 10308 136 80 of
4960 10308 200 84 the
5240 10308 704 100 righteous.
6116 10304 200 80 SEE

4300 10432 72 80 W
4380 10448 404 80 evers,
4892 10428 272 84 John
5244 10432 556 84 William.

4004 10656 552 108 JENKINS,
4648 10656 76 84 W
4744 10712 28 28 .
4864 10656 128 88 L.
5164 10652 212 92 SEE

4132 10780 72 84 A
4288 10780 72 84 Y
4372 10800 48 64 e
4444 10800 124 60 ar
4656 10776 280 84 with
5008 10776 56 84 t
5088 10776 128 84 he
5304 10776 68 84 B
5384 10772 48 84 i
5444 10772 132 84 bl
5584 10792 128 84 e,
5812 10768 132 112 19
5952 10760 188 100 62.

3968 11012 548 108 JENKINS,
4612 11016 288 88 WILL
4976 11016 68 84 F
5068 11080 24 24 .

4104 11140 556 100 Talents,
4760 11136 920 108 Incorporated,
5772 11140 136 104 by
5992 11136 428 104 Murray

4252 11256 628 104 Leinster,
4972 11260 408 108 pseud.
5556 11256 280 88 Avon
5916 11256 284 88 Book
6280 11256 352 88 Divi-

4256 11380 332 100 sion,
4684 11380 424 84 Hearst
5200 11376 328 108 Corp.
5720 11376 340 92 (Avon
5988 11396 36 68 r
6148 11352 472 128 G-1120)

4328 11480 64 144 5
4392 11488 436 120 Murray
4900 11488 632 112 Leinater;
5628 11448 64 136 1
5696 11484 488 124 8Apr62;

4252 11612 544 112 A561387.

4000 11804 564 120 JENKNER,
4652 11824 352 88 FRITZ
5084 11828 120 84 L.

4140 11936 1428 124 Rheoencephalography;
5664 11976 68 68 a
5812 11964 420 84 method
6320 11968 208 84 for

4292 12060 200 84 the
4580 12068 708 88 continuous
5380 12076 860 104 registration
6316 12084 136 88 of

4288 12180 1076 96 cerebrovascular
5448 12196 548 108 changes.
6176 12188 636 120 (American

7452 560 500 100 Lecture
8040 572 484 112 Series,
8616 584 796 100 publication
9484 584 476 120 no.472.

7452 684 580 96 American
8112 696 564 88 lectures
8764 708 136 80 in
8976 700 704 124 neurology)

7448 812 76 88 ©
7600 808 492 92 Charles
8180 816 124 88 C.
8400 820 484 108 Thomas,
8980 828 696 112 Publisher;

7452 920 552 120 31May62;
8104 924 556 120 A565916.

7224 1184 52 80 J
7272 1184 72 84 E
7344 1184 280 108 NNE,
7728 1184 64 84 J
7796 1184 72 84 E
7872 1188 136 80 WE
8012 1188 68 84 L
8160 1188 408 92 ALVIN.

7372 1300 332 88 Ideas
7792 1304 208 84 for
8088 1304 284 92 farm
8440 1312 640 88 mechanics
9164 1320 568 104 projects

7508 1424 196 88 and
7796 1428 768 92 activities.
8740 1436 216 84 SEE
9032 1440 348 104 Phipp
9392 1460 52 60 s
9476 1496 36 48 ,

7500 1548 348 96 Lloyd
7944 1552 104 88 J.

7172 1776 480 112 JENNES,
7752 1784 436 88 MILTON
8260 1788 116 96 L.

7320 1904 788 108 Rhinoplasty
8188 1908 208 88 and
8488 1916 416 104 septal
8992 1920 1036 92 reconstruction,

7464 2024 640 112 technique
8188 2028 136 88 of
8412 2032 424 108 Irving
8916 2040 104 88 B.
9136 2044 536 92 Goldman,

7464 2148 328 104 M.D.;
7896 2168 68 72 a
8036 2160 484 84 manual.
8692 2160 352 88 Mount
9136 2168 344 84 Sinai
9564 2168 136 88 Ho
9716 2192 56 64 s
9780 2172 208 100 pi-

7464 2268 260 92 tal.
7896 2276 184 84 NM:
8188 2280 692 92 revisions.
9044 2288 80 88 ©
9204 2288 428 88 Milton
9712 2292 112 92 L.

7464 2392 424 88 Jennes
7968 2392 72 88 &
8116 2400 428 104 Irving
8620 2404 116 88 B.
8844 2404 540 104 Goldman;
9496 2408 352 104 17Jan
9836 2404 152 100 62

7476 2496 200 124 (in
7748 2516 476 88 notice:
8336 2504 396 120 1960);
8836 2524 548 108 A557712.

7152 2788 700 108 JENNEWEIN,
7952 2792 116 96 J.
8164 2792 560 104 LEONARD.

7292 2908 436 92 Dakota
7800 2932 636 88 panorama.
8596 2916 440 92 Edited
9108 2924 136 108 by
9328 2924 124 104 J.
9540 2924 512 92 Leonard

7444 3032 652 92 Jennewein
8168 3032 72 88 &
8316 3036 276 92 Jane
8668 3040 556 108 Boorman,

7440 3160 48 88 ©
7584 3152 436 96 Dakota
8096 3160 648 112 Territory
8816 3168 724 92 Centennial

7448 3276 768 112 Commission;
8320 3268 548 124 18Dec61;
8964 3272 208 120 A54
9188 3272 132 108 81
9332 3276 192 116 14.

7200 3544 472 104 JENNEY,
7780 3548 248 96 BOB.

7344 3672 212 84 Zoo
7636 3676 572 104 coloring
8292 3676 328 92 book.
8792 3680 336 104 Appl.
9224 3680 476 92 author:

7488 3796 504 88 Whitman
8072 3796 260 92 Pub.
8436 3796 252 108 Co.,
8796 3800 576 108 employer
9444 3800 216 92 for

7488 3916 336 92 hire.
7984 3920 80 84 ©
8136 3916 508 92 Whitman
8724 3920 256 92 Pub.
9088 3924 252 100 Co.;
9448 3912 492 104 24Jan62

7504 4020 200 124 (in
7780 4036 472 92 notice:
8364 4024 396 124 1961);
8864 4028 548 120 A554611.

7200 4300 468 104 JENNEY,
7776 4292 548 108 CHARLES,
8436 4288 180 88 JR.

7332 4416 352 92 First
7776 4432 280 88 year
8136 4404 408 92 Latin.
8724 4404 204 88 SEE
9000 4400 636 104 Thompson,

7484 4536 424 92 Harold
7992 4540 68 80 G
8080 4588 32 36 .

7316 4648 412 84 Second
7812 4668 288 88 year
8176 4644 412 84 Latin.
8764 4644 208 84 SEE
9048 4640 552 100 Scudder,

7464 4772 344 80 Jared
7884 4768 124 80 W.

7324 4872 356 88 Smith
7752 4876 212 88 and
8044 4876 712 100 Thompson's
8840 4876 348 84 First
9272 4896 280 80 year

7464 4996 416 92 Latin.
8052 5000 204 84 SEE
8340 4996 404 104 Smith,
8840 5000 420 84 Minnie
9344 5000 128 92 L.

7376 5128 620 88 Teachers'
8088 5128 428 84 manual
8600 5132 208 84 for
8900 5140 56 80 S
8972 5156 48 56 c
9032 5136 492 84 udder's

7520 5252 424 84 Second
8024 5276 280 80 year
8388 5256 348 84 Latin
8824 5256 204 80 and
9108 5256 628 92 Workbook.

7516 5376 220 80 SEE
7808 5380 552 96 Scudder,
8460 5380 352 80 Jared
8892 5384 120 88 W.

7364 5496 624 92 Teachers'
8088 5504 424 88 manual
8596 5500 212 100 for
8884 5500 356 92 Smith
9316 5504 208 88 and

7508 5616 708 116 Thompson's
8300 5620 360 92 First
8736 5644 288 92 year
9108 5624 404 92 Latin.

7508 5740 216 92 SEE
7796 5744 412 116 Smith,
8308 5748 420 88 Minnie
8816 5748 112 92 L.

7336 5872 628 84 Teachers'
8064 5872 424 84 manual
8572 5876 212 80 for
8860 5880 568 100 Thompson
9516 5880 200 80 and

7492 5996 472 80 Peters'
8060 5996 352 84 First
8504 6016 276 84 year
8860 5996 352 88 Latin
9288 6000 632 88 workbook.

7488 6120 204 92 SF5
7776 6120 612 100 Thompson,
8496 6120 428 84 Harold
9000 6124 68 88 0
9080 6152 32 60 .

7312 6240 352 88 Teats
7748 6236 212 92 for
8032 6240 352 88 First
8468 6264 292 84 year
8836 6240 392 100 Latin.

7448 6360 88 80 ©
7608 6360 124 88 Al
7748 6360 56 88 l
7812 6384 148 96 yn
8040 6360 72 84 &
8180 6360 396 104 Bacon,
8692 6364 320 100 Inc.;
9128 6352 532 120 18Jun62;

7464 6480 200 104 A57
7672 6480 64 84 0
7748 6480 60 100 9
7820 6480 64 88 8
7892 6464 64 104 4
7976 6544 28 28 .

7172 6784 484 108 JENNEY,
7760 6792 432 84 ROBERT
8272 6792 120 92 L.

7324 6912 212 104 Pip
7620 6912 204 84 the
7912 6912 348 108 Piper
8348 6912 568 108 coloring
8996 6916 336 92 book.
9500 6916 504 92 Author-

7472 7032 280 84 ized
7832 7028 192 100 ed.
8188 7032 508 92 Whitman
8780 7036 264 92 Pub.
9140 7036 192 96 Co.
9516 7024 412 124 (Whit-

7464 7172 264 88 man,
7836 7132 332 132 1131)
8340 7152 336 112 Appl.
8776 7160 484 88 author:
9356 7164 360 108 Piper

7460 7272 776 112 Television,
8344 7276 332 108 Inc.,
8780 7284 572 108 employer
9436 7284 208 84 for
9716 7288 336 92 hire.

7456 7408 72 88 ©
7612 7396 356 108 Piper
8040 7400 780 108 Television,
8928 7404 332 108 Inc.;
9360 7392 548 120 17May62;

7464 7512 556 112 A570153.

7224 7724 632 116 JENNINGS,
7948 7724 560 92 FRANCES.

7368 7844 500 108 Finding
7952 7844 204 88 out
8240 7844 352 88 about
8676 7844 420 88 actors
9180 7844 204 88 and
9472 7868 208 64 ac-

7524 7968 548 88 tresses.
8240 7968 208 88 SEE
8536 7964 488 92 Science
9108 7972 576 88 Research

7512 8088 776 116 Associates,
8388 8088 260 92 Inc.
8816 8088 424 88 Junior
9328 8108 492 96 occupa-

7520 8216 420 88 tional
8024 8216 480 84 briefs.

7272 8328 504 108 Finding
7864 8328 200 84 out
8152 8328 344 84 about
8572 8324 1008 88 house-to-house

7432 8448 836 108 salespeople.
8440 8444 220 88 SEE
8728 8448 492 84 Science
9300 8444 576 88 Research

7416 8572 784 104 Associates,
8300 8568 256 92 Inc.
8728 8568 424 88 Junior
9236 8588 488 84 occupa-

7432 8692 416 96 tional
7924 8692 480 96 briefs.

7360 8800 500 108 Finding
7944 8800 208 88 out
8232 8796 356 92 about
8668 8796 840 104 policewomen.
9676 8780 212 92 SEE

7508 8908 500 96 Science
8088 8904 576 92 Research
8736 8900 776 116 Associates,
9620 8896 248 96 Inc.

7516 9024 424 92 Junior
8020 9024 856 116 occupational
8956 9020 484 96 briefs.

7328 9168 512 108 Finding
7920 9172 204 80 out
8204 9168 356 84 about
8640 9168 984 108 receptionists.

7488 9288 208 84 SEE
7776 9288 496 88 Science
8352 9292 576 84 Research
8996 9292 760 100 Associates,

7488 9412 264 88 Inc.
7920 9408 420 84 Junior
8428 9412 848 108 occupational
9356 9412 488 92 briefs.

7264 9540 496 108 Finding
7848 9544 208 80 out
8136 9540 348 84 about
8572 9544 348 100 stage
9004 9536 692 108 designers.

7416 9664 212 88 SEE
7704 9664 492 84 Science
8272 9660 68 84 R
8352 9684 128 64 es
8500 9660 352 84 earch
8924 9656 768 108 Associates,

7416 9788 264 84 Inc.
7852 9784 420 84 Junior
8352 9780 856 108 occupational
9284 9780 484 88 briefs.

7328 9928 508 104 Finding
7920 9928 200 76 out
8208 9924 352 80 about
8648 9920 552 84 teachers
9292 9924 124 76 of
9508 9944 200 56 ex-

7488 10048 628 104 ceptional
8208 10044 624 88 children.
9004 10044 208 80 SEE
9292 10040 492 84 Science

7476 10168 64 80 R
7560 10168 500 80 esearch
8128 10168 772 108 Associates,
9004 10164 260 92 Inc.
9432 10164 416 80 Junior

7488 10288 844 104 occupational
8420 10284 480 88 briefs.

7328 10416 504 108 Finding
7920 10436 56 60 o
7980 10416 140 80 ut
8196 10412 360 80 about
8644 10408 704 84 theatrical
9428 10408 420 80 direc-

7488 10540 336 84 tors.
7992 10532 208 84 SEE
8280 10528 492 88 Science
8848 10528 580 84 Research
9496 10528 356 80 Asso-

7488 10660 476 108 ciates,
8072 10656 256 88 Inc.
8500 10652 416 84 Junior
9000 10648 848 108 occupational

7476 10780 488 88 briefs.

7208 10968 196 84 JEN
7408 10968 76 84 N
7496 10972 328 108 INGS,
7920 10976 624 92 GERTRUDE.

7344 11084 568 116 Choosing
7996 11112 56 64 a
8140 11096 620 96 location.
8932 11108 208 80 SEE
9212 11116 484 108 Bryant,

7484 11204 424 92 Gordon
7984 11216 76 80 W
8072 11272 32 28 .

7200 11392 616 108 JENNINGS,
7916 11392 428 88 GORDON
8416 11392 120 96 H.
8708 11392 212 84 SEE

7332 11520 284 84 Road
7704 11516 68 84 &
7844 11516 356 88 track
8280 11516 272 84 road
8640 11516 268 84 test
8996 11512 480 100 annual,
9572 11492 336 116 1962.

7216 11724 620 120 JENNINGS,
7936 11728 264 96 JOE.

7356 11852 352 96 Delco
7792 11876 344 68 earns
8220 11856 276 92 nice
8580 11860 348 88 round
9020 11840 64 120 $
9092 11856 56 88 1
9168 11844 192 100 .46
9448 11852 548 92 billion.

7504 11976 204 88 SEE
7788 11976 564 88 Delaware
8428 11980 432 104 County
8936 11976 356 108 daily
9376 11976 408 116 times,

7496 12096 136 88 Ch
7648 12124 56 60 e
7716 12104 336 108 ster,
8156 12096 184 88 Pa.
8508 12096 560 92 Delaware
9152 12100 484 104 County:

7500 12212 64 88 A
7640 12224 60 80 d
7704 12236 72 68 y
7788 12224 340 84 namic
8216 12224 556 100 destiny.
