2350 4296
1121 4002 99 53 729

182 360 118 50 The
342 358 315 54 American
701 359 266 52 educator
1009 357 398 68 encyclopedia;
1482 376 25 32 a
1551 357 350 67 thoroughly
1943 356 230 52 modern

254 438 155 51 work
440 437 269 69 designed
740 443 58 47 to
828 444 145 46 meet
999 437 94 52 the
1122 436 167 52 needs
1319 436 61 52 of
1411 454 168 49 every
1611 453 119 49 age,
1760 434 313 52 Ellsworth
2103 434 72 51 D.

253 512 1923 70 Foster, LL. B., editor in chief … James Laughlin Hughes,
252 592 1923 68 editor for Canada … Karl H. Goodwin, A. B., managing
253 672 210 65 editor;
511 672 235 52 assisted
790 672 74 68 by
906 691 31 33 a
979 673 158 66 large
1180 671 237 52 number
1462 671 62 52 of
1568 670 382 53 contributors
1993 670 60 51 in
2098 671 76 52 all

251 748 160 53 fields
449 749 63 53 of
549 749 350 69 knowledge.
975 749 269 68 Chicago,
1283 749 121 52 The
1443 749 216 53 United
1698 749 314 66 educators,
2051 749 124 67 inc.,

250 830 151 49 1934.

255 899 53 40 10
334 911 42 29 v.
438 900 141 47 illus.,
607 901 156 47 plates
793 901 133 49 (part
953 902 99 44 col.,
1081 902 109 47 part
1218 901 196 47 double)
1451 902 162 47 ports.,
1642 910 137 38 maps
1808 900 135 48 (part
1972 901 195 48 double)

181 958 167 46 tables,
392 957 178 48 diagrs.
631 958 56 38 24½
721 961 41 20 cm
768 990 8 7 .

251 1027 160 49 Paged
443 1028 353 48 continuously.

255 1086 350 47 Accompanied
633 1087 58 46 by
720 1087 169 40 binder
916 1087 78 39 for
1020 1086 248 40 loose-leaf
1296 1087 253 39 extension
1576 1096 159 39 pages.

184 1154 1976 111 © May 15, 1934; 2c. each May 23; aff. May 24; A 72475; United educators, inc. [© new and revised material] (34-15818)
178 1334 225 64 Bandy,
440 1334 249 54 William
721 1335 274 65 Thomas,
1029 1338 168 49 1903-
1412 1352 178 50 comp.

251 1413 344 52 Baudelaire
640 1413 216 69 judged
900 1414 74 67 by
1016 1413 88 53 his
1149 1413 476 68 contemporaries
1681 1412 367 68 (1845-1867)
2104 1412 72 67 by

182 1490 1854 69 W. T. Bandy … New York, Columbia university [ c 1933]
254 1563 1921 50 1 p. l., v-x, 188 p. 21 cm . (Publications of the Institute of French
180 1622 198 47 studies,
413 1621 116 48 inc.)

254 1678 170 41 Issued
458 1679 102 40 also
595 1690 55 29 as
684 1680 152 40 thesis
884 1681 106 47 (PH.
1057 1681 32 47 D.)
1135 1678 180 51 George
1353 1680 223 47 Peabody
1613 1680 178 49 college
1828 1680 78 39 for
1941 1682 234 47 teachers,

183 1735 339 42 Contribution
552 1738 49 39 to
630 1738 270 47 education,
933 1749 72 28 no.
1038 1736 96 41 124.

182 1793 1994 108 “Arranged … chronologically, the articles reproduce … the conflicting opinions emitted by Baudelaire’s contemporaries …”—Foreword,
178 1920 43 38 p.
253 1910 64 39 ix.

521 1981 486 41 CONTENTS.—Introduction.—
1010 1980 324 50 Périodiques.
1338 2004 60 4 —
1401 1982 179 41 Livres.

183 2052 51 51 ©
265 2056 118 47 Aug.
416 2056 68 46 25,
517 2055 112 40 1933;
691 2056 65 39 2c.
789 2056 94 38 and
917 2054 79 40 aff.
1031 2055 107 39 Jan.
1173 2055 66 46 15,
1272 2055 113 39 1934;
1447 2055 41 38 A
1519 2055 142 41 69013;
1726 2056 53 41 G.
1810 2057 50 39 L.
1893 2058 105 38 Van
249 2058 1910 101 Roosbroeck,
465 2114 115 38 New
608 2113 144 39 York.
828 2111 276 47 (34-15817)0

179 2232 493 63 Bibliographical
706 2234 226 59 society
965 2231 62 51 of
1061 2230 292 55 America.

176 2308 1973 147 The papers … v. 28. 1934. pt. 1 … [Chicago, The University of Chicago press, 1934]
251 2461 56 40 79
336 2472 42 37 p.
437 2461 56 39 24½
526 2462 43 21 cm
576 2493 7 7 .

253 2532 294 40 Cover-title.

184 2599 51 51 ©
265 2605 109 45 May
400 2603 38 46 8,
464 2603 139 41 1934;
631 2603 64 39 2c.
725 2603 125 39 June
875 2603 52 45 4;
956 2601 80 40 aff.
1065 2602 125 39 June
1215 2602 52 45 6;
1296 2602 41 38 A
1364 2602 168 46 72662;
1565 2603 281 47 University
1874 2604 50 39 of
1952 2602 222 50 Chicago,

252 2660 220 48 Chicago.

181 2776 241 66 Burton,
456 2778 221 53 Alonzo
710 2777 241 66 Carroll,
989 2777 322 53 1867-1933.

244 2854 123 53 Wit
388 2855 111 51 and
521 2854 235 51 wisdom
779 2853 63 54 of
863 2853 219 52 Alonzo
1106 2852 222 54 Carroll
1351 2853 221 52 Burton;
1630 2853 329 69 containing:
2010 2873 25 32 a
184 2855 1969 144 biographical
507 2932 210 65 sketch,
747 2932 201 51 humor
978 2932 110 51 and
1119 2949 205 49 poems,
1354 2939 254 59 excerpts
1637 2931 148 53 from
1815 2933 89 51 his
188 2932 1965 145 philosophy,
345 3009 277 68 compiled
651 3009 111 52 and
789 3008 188 53 edited
1005 3008 73 69 by
1106 3008 220 53 Burton
1357 3009 83 52 W.
1470 3008 267 55 Gorman.
1802 3010 376 68 [Bardstown,

186 3088 129 60 Ky.,
338 3088 240 53 Printed
600 3087 73 61 by
697 3088 92 51 the
814 3086 287 53 Standard
1127 3086 331 62 publishing
1482 3104 293 44 company,
1802 3095 17 21 c
1826 3091 132 49 1934]

310 3157 549 52 80 p. incl. port. 20cm.
184 3230 51 51 ©
261 3235 111 47 Apr.
401 3235 68 44 18,
498 3234 113 39 1934;
668 3234 66 38 2c.
764 3234 113 46 May
904 3233 55 40 28;
1016 3232 81 39 aff.
1127 3233 125 39 June
1279 3234 25 39 7;
1362 3234 40 38 A
1430 3233 143 41 72696;
1631 3235 188 40 Burton
1849 3237 70 38 W.
1952 3235 223 48 Gorman,

251 3293 303 44 Bardstown,
587 3291 89 46 Ky.
752 3289 279 48 (34-15956)

179 3411 213 63 Capen,
423 3410 213 52 Louise
669 3408 218 64 Irving.

251 3487 101 66 My
384 3489 183 50 worth
600 3492 56 46 to
690 3487 95 51 the
816 3487 180 51 world;
1059 3485 212 56 studies
1301 3486 59 54 in
1393 3486 353 69 citizenship,
1778 3488 75 66 by
1887 3489 205 53 Louise
2124 3491 45 51 I.

183 3562 1961 148 Capen … [and] D. Montfort Melchior … New York, Cincinnati [etc.] American book company [ c 1934]
254 3715 82 44 xii,
368 3716 83 39 575
480 3727 43 35 p.
584 3715 141 45 illus.,
758 3714 178 47 diagrs.
997 3713 55 40 20½
1085 3716 43 21 cm
1135 3747 7 7 .

257 3772 248 45 “Rending
532 3772 79 38 for
641 3770 297 40 recreation”
969 3773 51 37 at
1047 3772 90 38 end
1168 3772 49 38 of
1248 3774 115 37 each
1396 3772 201 47 chapter
1625 3774 170 46 except
1823 3773 200 48 chapter
2050 3786 98 29 xxv;

188 3829 65 39 “A
282 3829 217 45 working
525 3827 364 46 bibliography”
917 3829 50 38 at
994 3829 87 38 end
1111 3828 50 38 of
1186 3829 119 38 each
1332 3830 213 45 chapter.

185 3882 49 51 ©
265 3888 113 45 May
405 3886 68 44 29,
504 3886 140 44 1934;
676 3886 64 38 2c.
772 3886 95 38 and
897 3884 80 41 aff.
1008 3885 127 39 June
1160 3886 54 45 2;
1246 3886 41 38 A
1317 3886 169 47 71915;
1518 3886 146 40 Amer.
1708 3888 124 40 book
1921 3921 7 8 co.

261 3944 278 46 (34-15980)
