2350 4196
1186 3994 64 49 60

206 469 26 32 a
262 449 152 53 table
439 449 63 51 of
526 452 236 50 statutes
788 448 370 66 constituting
1189 447 91 51 the
1305 464 122 35 new
1456 448 174 50 estate
1654 446 127 67 law,
1809 444 110 53 and
1948 465 31 34 a
2009 443 183 69 digest

205 527 63 51 of
309 544 149 35 cases
499 527 382 66 interpreting
921 525 59 52 it.
1066 524 154 68 [New
1267 522 177 68 York]
1493 523 120 53 The
1656 522 136 52 New
1840 522 159 52 York
2042 528 150 47 trust

202 622 277 50 company
560 606 151 65 [c1933]

270 675 57 40 92
360 686 43 37 p.
462 674 55 40 23½
550 678 43 20 cm
600 707 7 8 .

208 733 51 51 ©
296 737 126 47 Sept.
456 736 68 39 10.
558 736 140 45 1933;
733 736 66 39 2c.
834 735 109 39 Jan.
977 735 69 45 22,
1079 734 139 46 1934;
1256 733 78 40 aff.
1372 734 107 38 Jan.
1515 733 80 45 20;
1633 734 40 38 A
1707 733 169 47 69128;
1913 734 116 38 New
2063 733 130 40 York

278 796 128 37 trust
437 804 65 28 co.
574 792 249 49 (34-1607)

206 895 217 64 Noyes,
453 895 232 53 Arthur
712 895 205 63 Percy,
950 895 170 50 1880-

207 971 1961 145 Modern clinical psychiatry, by Arthur P. Noyes … Philadelphia
472 1051 111 51 and
615 1051 257 65 London,
903 1051 88 52 W.
1028 1051 64 51 B.
1130 1049 286 54 Saunders
1447 1067 294 49 company,
1777 1053 148 48 1934.

278 1122 641 48 1 p. l. , 11-485 p. 23½ cm .
281 1178 347 48 Bibliography
655 1181 52 37 at
734 1181 92 39 end
853 1179 52 39 of
930 1179 119 39 each
1077 1177 213 47 chapter.

211 1233 1928 51 © Jan. 2, 1934 ; 2c. Jan. 3; aff. Jan. 5; A 67840; W. B. Saunders co.
288 1293 247 48 (34-1613)

210 1397 125 53 Odd
365 1397 244 65 fellows,
641 1398 400 62 Independent
1071 1397 170 52 order
1271 1396 80 52 of.
1426 1397 310 66 Sovereign
1768 1398 185 66 grand
1983 1397 180 66 lodge.

280 1475 246 53 Journal
551 1473 63 54 of
638 1474 370 67 proceedings
1034 1473 62 52 of
1121 1474 93 52 the
1241 1492 101 34 one
1368 1474 261 51 hundred
1657 1474 111 51 and
1794 1474 168 51 ninth
1991 1475 209 50 annual

213 1549 1985 70 communication … held in the citj of Springfield, Illinois,
212 1628 1963 147 September 18th to 23rd, 1933, with an appendix … Baltimore,
415 1708 139 66 Md.,
585 1708 121 52 The
741 1708 309 67 Sovereign
1082 1708 183 67 grand
1296 1709 183 66 lodge,
1511 1709 47 51 I.
1592 1708 66 54 O.
1694 1708 67 54 O.
1794 1709 83 66 F.,
1910 1710 149 49 1933.

279 1783 98 45 440,
406 1781 148 40 xxvii.
582 1782 55 38 47
666 1792 42 36 p.
765 1782 141 45 illus.,
935 1783 147 45 ports.
1139 1781 53 38 21½
1227 1783 43 21 cm
1275 1812 8 8 .

214 1834 51 52 ©
298 1839 111 39 Dec.
441 1840 67 45 11,
541 1838 113 39 1933
673 1849 8 35 ;
715 1838 66 40 2c.
815 1839 94 38 and
943 1837 81 41 aff.
1058 1837 107 40 Jan.
1198 1838 69 46 15,
1300 1837 140 41 1934;
1476 1838 41 38 A
1550 1837 168 40 67986;
1759 1837 258 47 Sovereign
2049 1838 153 45 grand

282 1896 150 47 lodge,
464 1895 36 40 I.
532 1895 50 40 O.
615 1895 48 40 O.
695 1895 49 38 F.

237 1996 413 67 [O’Donoghue,
682 1996 202 54 Elinor
914 1999 172 62 Mary]
1142 2002 170 49 1898-

286 2074 257 53 Portrait
585 2074 111 51 and
740 2071 264 71 original,
1046 2073 73 69 by
1163 2073 64 51 E.
1274 2074 76 54 M.
1399 2072 187 54 Oddie
1653 2076 211 66 [pseud.]
1948 2074 255 68 London,

217 2149 259 56 Gravson
504 2153 44 50 &
576 2151 259 69 Grayson
889 2154 152 65 [1933]

284 2222 86 41 309
408 2233 43 38 p.
517 2222 57 41 19cm

217 2279 1989 53 © 1c. Jan. 6, 1934; A ad int. 18586; pubd. Nov. 10, 1933; Elinor
284 2341 334 48 O'Donoghue,
650 2341 169 40 Boars
851 2341 117 46 Hill,
1002 2341 198 46 Oxford,
1233 2342 236 46 England.
1541 2343 248 47 (34-1365)

216 2430 202 65 Olden,
451 2430 232 66 Balder,
719 2433 172 51 1882-

346 2508 1702 70 … Dawn of darkness. London. Jarrolds, limited [1933]
290 2581 612 47 2 p. l. , 7-286 p. 19½ cm .
221 2635 1985 53 © 1c. Jan. 6, 1934; A ad int. 18612; pubd. Nov. 10, 1933; Cyrus H.
285 2696 200 47 Brooks,
516 2696 209 39 London.
801 2695 249 49 (34-1572)

219 2786 175 64 Page,
426 2785 254 55 William
712 2787 274 64 Herbert,
1020 2788 82 53 ed.

291 2863 200 67 Page's
532 2864 150 54 Ohio
721 2864 341 51 cumulative
1100 2864 132 52 code
1271 2865 226 53 service,
1535 2867 331 68 containing
1904 2868 96 51 the
223 2886 1962 122 emergency

433 2944 136 50 laws
600 2942 202 66 passed
836 2947 57 48 at
925 2942 95 53 the
1052 2949 114 45 two
1196 2942 211 68 special
1438 2945 237 52 sessions
1708 2945 63 52 of
1802 2945 96 51 the
1928 2946 280 52 ninetieth

224 3016 245 55 General
520 3019 293 67 assembly,
862 3020 132 51 held
1044 3021 228 67 August
1323 3023 61 49 16
1435 3027 57 45 to
1545 3021 329 68 September
1927 3026 79 50 18.
2059 3027 149 52 1933,

227 3096 111 51 and
376 3097 308 52 December
722 3101 28 47 6
789 3103 59 47 to
884 3098 305 52 December
1227 3101 83 64 22,
1351 3102 149 50 1933,
1539 3101 387 67 respectively,
1967 3102 109 50 and
2114 3102 94 50 the

228 3172 447 54 Constitutional
721 3176 387 52 amendments
1153 3177 244 66 adopted
1444 3183 59 46 at
1544 3179 94 51 the
1683 3179 332 59 November,
2060 3182 149 50 1933,

225 3250 249 53 election.
552 3251 220 68 George
823 3254 60 54 C.
935 3255 345 53 Trautwein,
1329 3256 310 67 managing
1689 3257 198 51 editor.
1963 3259 103 50 No.
2117 3261 93 47 11:

227 3328 1908 73 1934 … Cincinnati, The W. H. Anderson company [ c 1934 ]
291 3404 55 38 77
375 3414 40 36 p.
475 3403 55 39 26
533 3405 44 20 cm
582 3433 7 7 .

229 3455 51 51 ©
309 3460 107 39 Jan.
446 3460 69 46 13,
544 3459 114 40 1934
676 3471 7 34 ;
714 3459 66 40 2c.
811 3462 94 38 and
934 3460 81 40 aff.
1045 3461 107 39 Jan.
1182 3461 81 46 15;
1293 3461 42 38 A
1363 3461 168 48 67988;
1564 3463 70 41 W.
1665 3464 60 39 H.
1756 3465 251 39 Anderson
2037 3476 65 28 co.

226 3546 336 65 Phillpotts,
593 3549 182 63 Eden,
809 3552 170 48 1862-

296 3621 109 54 Mr.
451 3623 273 68 Digweed
770 3626 111 51 and
928 3625 109 52 Mr.
1085 3624 209 65 Lumb;
1346 3643 29 33 a
1423 3628 252 64 mystery
1718 3625 166 52 novel
1929 3624 76 68 by
2052 3624 159 51 Eden

227 3698 331 69 Phillpotts.
619 3700 256 67 London,
901 3701 362 53 Hutchinson
1291 3703 49 50 &
1367 3719 97 49 co.,
1488 3701 102 53 ltd.
1643 3705 152 63 [1933]

295 3774 685 49 3 p. l. , 9-286. [1] p. 19 cm .
231 3827 1981 52 © 1c. Jan. 3. 1934; A ad int. 18554: pubd. Nov. 17. 1933; E. Phillpotts,
299 3888 159 38 Broad
493 3888 146 46 Clyst.
674 3890 190 46 Exeter,
899 3890 235 46 England.
1205 3888 247 49 (34—1288)
