<alto xmlns="http://www.loc.gov/standards/alto/ns-v3#" xmlns:xlink="http://www.w3.org/1999/xlink" xmlns:xsi="http://www.w3.org/2001/XMLSchema-instance" xsi:schemaLocation="http://www.loc.gov/standards/alto/ns-v3# http://www.loc.gov/alto/v3/alto-3-0.xsd"><Description>
<MeasurementUnit>pixel</MeasurementUnit>
<sourceImageInformation>
<fileName>1934_v1_Part1.pdf</fileName>
</sourceImageInformation>
<OCRProcessing ID="IdOcr">
<ocrProcessingStep>
<processingDateTime>2019-01-10</processingDateTime>
<processingSoftware>
<softwareCreator>ABBYY</softwareCreator>
<softwareName>ABBYY Recognition Server</softwareName>
<softwareVersion>4.0</softwareVersion>
</processingSoftware>
</ocrProcessingStep>
</OCRProcessing>
</Description>
<Styles>
<ParagraphStyle ID="StyleId-FFFFFFFF-FFFF-FFFF-FFFF-FFFFFFFFFFFF-" ALIGN="Left" LEFT="0." RIGHT="0." FIRSTLINE="0."/>
<ParagraphStyle ID="StyleId-521E1FC6-FE7E-43A4-90E6-A9B61626A263-" ALIGN="Right" LEFT="0." RIGHT="0." FIRSTLINE="0." LINESPACE="13.30000019"/>
<ParagraphStyle ID="StyleId-639B624E-F6F5-47B6-BB1D-34E64B53022F-" ALIGN="Left" LEFT="0." RIGHT="0." FIRSTLINE="-27." LINESPACE="13.43999958"/>
<ParagraphStyle ID="StyleId-100905F9-D385-406B-A5BD-ED5B8FD85431-" ALIGN="Left" LEFT="0." RIGHT="0." FIRSTLINE="0."/>
<ParagraphStyle ID="StyleId-7C9F9BA2-EF3A-4B7F-8486-CCC7B7F49B39-" ALIGN="Left" LEFT="0." RIGHT="0." FIRSTLINE="-27." LINESPACE="18.71999931"/>
<ParagraphStyle ID="StyleId-350780E3-60F2-4605-88F5-BB54F9B87091-" ALIGN="Block" LEFT="0." RIGHT="0." FIRSTLINE="-27." LINESPACE="18.71999931"/>
<ParagraphStyle ID="StyleId-90B16C58-D795-4C77-9B89-30378C515D40-" ALIGN="Left" LEFT="0." RIGHT="0." FIRSTLINE="0." LINESPACE="14.39999962"/>
<ParagraphStyle ID="StyleId-17090E09-AFAF-4086-BD9B-4E99FAE6B057-" ALIGN="Right" LEFT="0." RIGHT="0." FIRSTLINE="-27." LINESPACE="14.39999962"/>
<ParagraphStyle ID="StyleId-8B87B633-89DB-4D72-B1FC-26E4ABD680BC-" ALIGN="Left" LEFT="0." RIGHT="0." FIRSTLINE="-27." LINESPACE="18.47999954"/>
<ParagraphStyle ID="StyleId-42DA7417-CA90-4D71-A57B-06556C38D752-" ALIGN="Left" LEFT="0." RIGHT="0." FIRSTLINE="0." LINESPACE="13.30000019"/>
<ParagraphStyle ID="StyleId-D8EE2A7E-42AE-4E35-98DB-F0F935637AA0-" ALIGN="Block" LEFT="0." RIGHT="0." FIRSTLINE="0." LINESPACE="6.599999905"/>
<ParagraphStyle ID="StyleId-33CD3121-D4F5-43B6-BA96-6382D166E6B8-" ALIGN="Left" LEFT="0." RIGHT="0." FIRSTLINE="0." LINESPACE="15.5"/>
<ParagraphStyle ID="StyleId-1CE52AFA-C319-4DD9-B4B1-F0EBFA2B3F0B-" ALIGN="Block" LEFT="0." RIGHT="0." FIRSTLINE="-21." LINESPACE="18.71999931"/>
<ParagraphStyle ID="StyleId-B74F1B65-92F1-49C5-A5FA-D20442F031F2-" ALIGN="Left" LEFT="0." RIGHT="0." FIRSTLINE="0." LINESPACE="17.70006076"/>
<ParagraphStyle ID="StyleId-79E2924A-215C-40B7-B577-7236BFBAA25E-" ALIGN="Center" LEFT="0." RIGHT="0." FIRSTLINE="0." LINESPACE="7.199999809"/>
</Styles>
<Layout>
<Page ID="Page917" PHYSICAL_IMG_NR="917" HEIGHT="4196" WIDTH="2350">
<TopMargin HEIGHT="352" WIDTH="2350" VPOS="0" HPOS="0">
</TopMargin>
<LeftMargin HEIGHT="3640" WIDTH="133" VPOS="352" HPOS="0">
</LeftMargin>
<RightMargin HEIGHT="3640" WIDTH="195" VPOS="352" HPOS="2155">
</RightMargin>
<BottomMargin HEIGHT="204" WIDTH="2350" VPOS="3992" HPOS="0">
<TextBlock ID="Page917_Block1" HEIGHT="63" WIDTH="109" VPOS="3997" HPOS="1086" LANG="en-US" STYLEREFS="StyleId-4CD00400-884C-4639-868D-72B97AA9FF37-">
<TextLine HEIGHT="51" WIDTH="97" VPOS="4003" HPOS="1092">
<String CONTENT="917" HEIGHT="51" WIDTH="97" VPOS="4003" HPOS="1092"/>
</TextLine>
</TextBlock>
</BottomMargin>
<PrintSpace HEIGHT="3640" WIDTH="2022" VPOS="352" HPOS="133">
<TextBlock ID="Page917_Block2" HEIGHT="3640" WIDTH="2022" VPOS="352" HPOS="133" LANG="en-US" CS="1" STYLEREFS="StyleId-53457DDE-F968-42C9-BB9B-54CAE6FFDEE6-">
<TextLine HEIGHT="67" WIDTH="867" VPOS="358" HPOS="143" STYLEREFS="StyleId-76A9900D-2AE5-4B09-AAF7-053FB16AFBE6-">
<String CONTENT="Merriman," HEIGHT="64" WIDTH="336" VPOS="361" HPOS="143"/>
<SP HEIGHT="64" WIDTH="31" VPOS="361" HPOS="480"/>
<String CONTENT="Roger" HEIGHT="62" WIDTH="194" VPOS="361" HPOS="512"/>
<SP HEIGHT="51" WIDTH="25" VPOS="360" HPOS="707"/>
<String CONTENT="Bigelow." HEIGHT="65" WIDTH="277" VPOS="358" HPOS="733"/>
</TextLine>
<TextLine HEIGHT="71" WIDTH="1925" VPOS="432" HPOS="211" STYLEREFS="StyleId-A80319B5-32D3-45E9-81BF-250EF3ABE5D3-">
<String CONTENT="The" HEIGHT="51" WIDTH="121" VPOS="438" HPOS="211"/>
<SP HEIGHT="33" WIDTH="39" VPOS="456" HPOS="333"/>
<String CONTENT="rise" HEIGHT="51" WIDTH="108" VPOS="438" HPOS="373"/>
<SP HEIGHT="34" WIDTH="40" VPOS="455" HPOS="482"/>
<String CONTENT="of" HEIGHT="53" WIDTH="63" VPOS="435" HPOS="523"/>
<SP HEIGHT="53" WIDTH="37" VPOS="435" HPOS="587"/>
<String CONTENT="the" HEIGHT="50" WIDTH="95" VPOS="438" HPOS="625"/>
<SP HEIGHT="55" WIDTH="42" VPOS="437" HPOS="721"/>
<String CONTENT="Spanish" HEIGHT="68" WIDTH="247" VPOS="435" HPOS="764"/>
<SP HEIGHT="50" WIDTH="41" VPOS="436" HPOS="1012"/>
<String CONTENT="empire" HEIGHT="67" WIDTH="213" VPOS="434" HPOS="1054"/>
<SP HEIGHT="51" WIDTH="38" VPOS="435" HPOS="1268"/>
<String CONTENT="in" HEIGHT="50" WIDTH="60" VPOS="435" HPOS="1307"/>
<SP HEIGHT="46" WIDTH="39" VPOS="438" HPOS="1368"/>
<String CONTENT="the" HEIGHT="50" WIDTH="97" VPOS="434" HPOS="1408"/>
<SP HEIGHT="54" WIDTH="38" VPOS="433" HPOS="1506"/>
<String CONTENT="Old" HEIGHT="54" WIDTH="115" VPOS="433" HPOS="1545"/>
<SP HEIGHT="52" WIDTH="40" VPOS="433" HPOS="1661"/>
<String CONTENT="world" HEIGHT="53" WIDTH="179" VPOS="432" HPOS="1702"/>
<SP HEIGHT="51" WIDTH="42" VPOS="432" HPOS="1882"/>
<String CONTENT="and" HEIGHT="50" WIDTH="111" VPOS="432" HPOS="1925"/>
<SP HEIGHT="52" WIDTH="39" VPOS="432" HPOS="2037"/>
<String CONTENT="in" HEIGHT="51" WIDTH="59" VPOS="433" HPOS="2077"/>
</TextLine>
<TextLine HEIGHT="73" WIDTH="1996" VPOS="509" HPOS="140" STYLEREFS="StyleId-A80319B5-32D3-45E9-81BF-250EF3ABE5D3-" CS="1">
<String CONTENT="the" HEIGHT="53" WIDTH="93" VPOS="515" HPOS="140"/>
<SP HEIGHT="51" WIDTH="27" VPOS="517" HPOS="234"/>
<String CONTENT="New," HEIGHT="64" WIDTH="154" VPOS="517" HPOS="262"/>
<SP HEIGHT="66" WIDTH="27" VPOS="515" HPOS="417"/>
<String CONTENT="by" HEIGHT="65" WIDTH="70" VPOS="515" HPOS="445"/>
<SP HEIGHT="63" WIDTH="30" VPOS="517" HPOS="516"/>
<String CONTENT="Roger" HEIGHT="65" WIDTH="188" VPOS="517" HPOS="547"/>
<SP HEIGHT="50" WIDTH="26" VPOS="517" HPOS="736"/>
<String CONTENT="Bigelow" HEIGHT="67" WIDTH="256" VPOS="514" HPOS="763"/>
<SP HEIGHT="50" WIDTH="26" VPOS="515" HPOS="1020"/>
<String CONTENT="Merriman" HEIGHT="52" WIDTH="315" VPOS="513" HPOS="1047"/>
<SP HEIGHT="32" WIDTH="32" VPOS="530" HPOS="1363"/>
<String CS="1" CONTENT="&#8230;"/>
<SP HEIGHT="52" WIDTH="79" VPOS="512" HPOS="1451"/>
<String CONTENT="Volume" HEIGHT="53" WIDTH="244" VPOS="511" HPOS="1531"/>
<SP/>
<String CS="1" CONTENT="IV." HEIGHT="9" WIDTH="9" VPOS="551" HPOS="1863"/>
<SP HEIGHT="49" WIDTH="63" VPOS="512" HPOS="1873"/>
<String CONTENT="Philip" HEIGHT="67" WIDTH="199" VPOS="509" HPOS="1937"/>
</TextLine>
<TextLine HEIGHT="70" WIDTH="1924" VPOS="588" HPOS="140" STYLEREFS="StyleId-A80319B5-32D3-45E9-81BF-250EF3ABE5D3-">
<String CONTENT="the" HEIGHT="52" WIDTH="94" VPOS="594" HPOS="140"/>
<SP HEIGHT="50" WIDTH="41" VPOS="596" HPOS="235"/>
<String CONTENT="Prudent." HEIGHT="53" WIDTH="274" VPOS="593" HPOS="277"/>
<SP HEIGHT="51" WIDTH="75" VPOS="593" HPOS="552"/>
<String CONTENT="New" HEIGHT="51" WIDTH="137" VPOS="593" HPOS="628"/>
<SP HEIGHT="51" WIDTH="44" VPOS="594" HPOS="766"/>
<String CONTENT="York," HEIGHT="67" WIDTH="179" VPOS="591" HPOS="811"/>
<SP HEIGHT="66" WIDTH="42" VPOS="592" HPOS="991"/>
<String CONTENT="The" HEIGHT="51" WIDTH="119" VPOS="591" HPOS="1034"/>
<SP HEIGHT="50" WIDTH="42" VPOS="592" HPOS="1154"/>
<String CONTENT="Macmillan" HEIGHT="54" WIDTH="333" VPOS="588" HPOS="1197"/>
<SP HEIGHT="34" WIDTH="41" VPOS="608" HPOS="1531"/>
<String CONTENT="company," HEIGHT="48" WIDTH="297" VPOS="606" HPOS="1573"/>
<SP HEIGHT="62" WIDTH="45" VPOS="591" HPOS="1871"/>
<String CONTENT="1934." HEIGHT="48" WIDTH="147" VPOS="590" HPOS="1917"/>
</TextLine>
<TextLine HEIGHT="52" WIDTH="1726" VPOS="661" HPOS="212" CS="1">
<String CONTENT="xxiv," HEIGHT="45" WIDTH="129" VPOS="668" HPOS="212"/>
<SP HEIGHT="46" WIDTH="30" VPOS="667" HPOS="342"/>
<String CONTENT="780" HEIGHT="40" WIDTH="87" VPOS="666" HPOS="373"/>
<SP HEIGHT="47" WIDTH="27" VPOS="666" HPOS="461"/>
<String CONTENT="p." HEIGHT="36" WIDTH="42" VPOS="677" HPOS="489"/>
<SP HEIGHT="39" WIDTH="58" VPOS="666" HPOS="532"/>
<String CS="1" CONTENT="front." HEIGHT="39" WIDTH="135" VPOS="666" HPOS="591"/>
<SP HEIGHT="48" WIDTH="27" VPOS="665" HPOS="741"/>
<String CONTENT="(facsim.)" HEIGHT="49" WIDTH="236" VPOS="664" HPOS="769"/>
<SP HEIGHT="47" WIDTH="39" VPOS="664" HPOS="1006"/>
<String CONTENT="maps," HEIGHT="36" WIDTH="149" VPOS="674" HPOS="1046"/>
<SP HEIGHT="44" WIDTH="32" VPOS="665" HPOS="1196"/>
<String CONTENT="tables" HEIGHT="39" WIDTH="155" VPOS="663" HPOS="1229"/>
<SP HEIGHT="48" WIDTH="27" VPOS="662" HPOS="1385"/>
<String CONTENT="(part" HEIGHT="48" WIDTH="137" VPOS="662" HPOS="1413"/>
<SP HEIGHT="39" WIDTH="27" VPOS="662" HPOS="1551"/>
<String CONTENT="fold.)" HEIGHT="47" WIDTH="143" VPOS="662" HPOS="1579"/>
<SP HEIGHT="47" WIDTH="67" VPOS="662" HPOS="1723"/>
<String CS="1" CONTENT="22&#189;" HEIGHT="38" WIDTH="55" VPOS="661" HPOS="1791"/>
<String STYLE="superscript" CONTENT="cm" HEIGHT="20" WIDTH="43" VPOS="662" HPOS="1880"/>
<String CONTENT="." HEIGHT="8" WIDTH="8" VPOS="692" HPOS="1930"/>
</TextLine>
<TextLine HEIGHT="52" WIDTH="1697" VPOS="718" HPOS="147" CS="1">
<String CONTENT="&#169;" HEIGHT="51" WIDTH="50" VPOS="719" HPOS="147"/>
<SP HEIGHT="51" WIDTH="26" VPOS="719" HPOS="198"/>
<String CONTENT="Aug." HEIGHT="46" WIDTH="117" VPOS="724" HPOS="225"/>
<SP HEIGHT="38" WIDTH="23" VPOS="724" HPOS="343"/>
<String CONTENT="14," HEIGHT="45" WIDTH="68" VPOS="724" HPOS="367"/>
<SP HEIGHT="46" WIDTH="22" VPOS="723" HPOS="436"/>
<String CS="1" CONTENT="1934;" HEIGHT="40" WIDTH="114" VPOS="722" HPOS="459"/>
<SP HEIGHT="45" WIDTH="25" VPOS="724" HPOS="601"/>
<String CONTENT="2c." HEIGHT="38" WIDTH="65" VPOS="724" HPOS="627"/>
<SP HEIGHT="29" WIDTH="26" VPOS="733" HPOS="693"/>
<String CONTENT="and" HEIGHT="39" WIDTH="94" VPOS="723" HPOS="720"/>
<SP HEIGHT="39" WIDTH="25" VPOS="723" HPOS="815"/>
<String CONTENT="aff." HEIGHT="41" WIDTH="81" VPOS="721" HPOS="841"/>
<SP HEIGHT="40" WIDTH="24" VPOS="722" HPOS="923"/>
<String CONTENT="Aug." HEIGHT="46" WIDTH="117" VPOS="722" HPOS="948"/>
<SP HEIGHT="38" WIDTH="26" VPOS="721" HPOS="1066"/>
<String CS="1" CONTENT="15;" HEIGHT="39" WIDTH="54" VPOS="720" HPOS="1093"/>
<SP HEIGHT="46" WIDTH="25" VPOS="720" HPOS="1175"/>
<!-- cceid C334CF23-6C64-1014-8713-889FF4349C01 --><String CONTENT="A" HEIGHT="38" WIDTH="41" VPOS="720" HPOS="1201"/>
<SP HEIGHT="39" WIDTH="24" VPOS="720" HPOS="1243"/>
<String CS="1" CONTENT="73870;" HEIGHT="40" WIDTH="143" VPOS="719" HPOS="1268"/>
<SP HEIGHT="47" WIDTH="28" VPOS="719" HPOS="1439"/>
<String CONTENT="Macmillan" HEIGHT="40" WIDTH="280" VPOS="718" HPOS="1468"/>
<SP HEIGHT="29" WIDTH="27" VPOS="728" HPOS="1749"/>
<String CONTENT="co." HEIGHT="30" WIDTH="67" VPOS="727" HPOS="1777"/>
</TextLine>
<TextLine HEIGHT="68" WIDTH="997" VPOS="823" HPOS="144" STYLEREFS="StyleId-76A9900D-2AE5-4B09-AAF7-053FB16AFBE6-">
<String CONTENT="Metz," HEIGHT="61" WIDTH="168" VPOS="827" HPOS="144"/>
<SP HEIGHT="61" WIDTH="26" VPOS="827" HPOS="313"/>
<String CONTENT="Mary" HEIGHT="63" WIDTH="174" VPOS="827" HPOS="340"/>
<SP HEIGHT="62" WIDTH="27" VPOS="828" HPOS="515"/>
<String CONTENT="Clare," HEIGHT="65" WIDTH="186" VPOS="826" HPOS="543"/>
<SP HEIGHT="45" WIDTH="28" VPOS="846" HPOS="730"/>
<String CONTENT="sister," HEIGHT="63" WIDTH="181" VPOS="827" HPOS="759"/>
<SP HEIGHT="59" WIDTH="30" VPOS="831" HPOS="941"/>
<String CONTENT="1907-" HEIGHT="56" WIDTH="169" VPOS="823" HPOS="972"/>
</TextLine>
<TextLine HEIGHT="74" WIDTH="1866" VPOS="895" HPOS="273" STYLEREFS="StyleId-A80319B5-32D3-45E9-81BF-250EF3ABE5D3-" CS="1">
<String CS="1" CONTENT="&#8230;"/>
<SP HEIGHT="53" WIDTH="33" VPOS="901" HPOS="273"/>
<String CONTENT="A" HEIGHT="53" WIDTH="54" VPOS="901" HPOS="307"/>
<SP HEIGHT="53" WIDTH="30" VPOS="901" HPOS="362"/>
<String CONTENT="flora" HEIGHT="53" WIDTH="139" VPOS="901" HPOS="393"/>
<SP HEIGHT="35" WIDTH="29" VPOS="920" HPOS="533"/>
<String CONTENT="of" HEIGHT="54" WIDTH="63" VPOS="901" HPOS="563"/>
<SP HEIGHT="53" WIDTH="29" VPOS="901" HPOS="627"/>
<String CONTENT="Bexar" HEIGHT="51" WIDTH="192" VPOS="903" HPOS="657"/>
<SP HEIGHT="34" WIDTH="26" VPOS="920" HPOS="850"/>
<String CONTENT="county," HEIGHT="63" WIDTH="225" VPOS="906" HPOS="877"/>
<SP HEIGHT="67" WIDTH="29" VPOS="901" HPOS="1103"/>
<String CONTENT="Texas" HEIGHT="52" WIDTH="183" VPOS="901" HPOS="1133"/>
<SP HEIGHT="34" WIDTH="36" VPOS="919" HPOS="1317"/>
<String CS="1" CONTENT="&#8230;"/>
<SP HEIGHT="52" WIDTH="34" VPOS="900" HPOS="1410"/>
<String CONTENT="by" HEIGHT="68" WIDTH="76" VPOS="900" HPOS="1445"/>
<SP HEIGHT="71" WIDTH="34" VPOS="897" HPOS="1522"/>
<String CONTENT="Sister" HEIGHT="55" WIDTH="180" VPOS="897" HPOS="1557"/>
<SP HEIGHT="53" WIDTH="28" VPOS="897" HPOS="1738"/>
<String CONTENT="Mary" HEIGHT="69" WIDTH="172" VPOS="897" HPOS="1767"/>
<SP HEIGHT="71" WIDTH="31" VPOS="895" HPOS="1940"/>
<String CONTENT="Clare" HEIGHT="55" WIDTH="167" VPOS="895" HPOS="1972"/>
</TextLine>
<TextLine HEIGHT="151" WIDTH="1973" VPOS="974" HPOS="142" STYLEREFS="StyleId-A80319B5-32D3-45E9-81BF-250EF3ABE5D3-" CS="1">
<String CONTENT="Metz" HEIGHT="52" WIDTH="149" VPOS="980" HPOS="143"/>
<SP HEIGHT="32" WIDTH="30" VPOS="999" HPOS="293"/>
<String CS="1" CONTENT="&#8230;"/>
<SP HEIGHT="54" WIDTH="62" VPOS="979" HPOS="379"/>
<String CONTENT="Washington," HEIGHT="69" WIDTH="403" VPOS="979" HPOS="442"/>
<SP HEIGHT="66" WIDTH="22" VPOS="980" HPOS="846"/>
<String CONTENT="D." HEIGHT="52" WIDTH="70" VPOS="980" HPOS="869"/>
<SP HEIGHT="54" WIDTH="26" VPOS="978" HPOS="940"/>
<String CONTENT="C.," HEIGHT="67" WIDTH="80" VPOS="978" HPOS="967"/>
<SP HEIGHT="66" WIDTH="23" VPOS="979" HPOS="1048"/>
<String CONTENT="The" HEIGHT="53" WIDTH="120" VPOS="978" HPOS="1072"/>
<SP HEIGHT="55" WIDTH="24" VPOS="976" HPOS="1193"/>
<String CONTENT="Catholic" HEIGHT="55" WIDTH="263" VPOS="976" HPOS="1218"/>
<SP HEIGHT="34" WIDTH="23" VPOS="995" HPOS="1482"/>
<String CONTENT="university" HEIGHT="68" WIDTH="319" VPOS="976" HPOS="1506"/>
<SP HEIGHT="50" WIDTH="24" VPOS="994" HPOS="1826"/>
<String CONTENT="of" HEIGHT="55" WIDTH="64" VPOS="974" HPOS="1851"/>
<SP HEIGHT="53" WIDTH="22" VPOS="974" HPOS="1916"/>
<String CONTENT="America," HEIGHT="150" WIDTH="1973" VPOS="975" HPOS="142"/>
<SP HEIGHT="64" WIDTH="31" VPOS="1061" HPOS="246"/>
<String CONTENT="1934." HEIGHT="50" WIDTH="149" VPOS="1060" HPOS="278"/>
</TextLine>
<TextLine HEIGHT="53" WIDTH="1928" VPOS="1125" HPOS="212" CS="1">
<String CONTENT="3" HEIGHT="39" WIDTH="26" VPOS="1132" HPOS="212"/>
<SP HEIGHT="46" WIDTH="32" VPOS="1132" HPOS="239"/>
<String CS="1" CONTENT="p."/>
<SP/>
<String CS="1" CONTENT="l.," HEIGHT="16" WIDTH="8" VPOS="1162" HPOS="386"/>
<SP HEIGHT="37" WIDTH="36" VPOS="1141" HPOS="395"/>
<String CONTENT="v-xiii," HEIGHT="46" WIDTH="162" VPOS="1130" HPOS="432"/>
<SP HEIGHT="46" WIDTH="37" VPOS="1130" HPOS="595"/>
<String CONTENT="214" HEIGHT="39" WIDTH="85" VPOS="1130" HPOS="633"/>
<SP HEIGHT="48" WIDTH="31" VPOS="1130" HPOS="719"/>
<String CONTENT="p&#8222;" HEIGHT="37" WIDTH="57" VPOS="1141" HPOS="751"/>
<SP HEIGHT="44" WIDTH="35" VPOS="1131" HPOS="809"/>
<String CONTENT="1" HEIGHT="38" WIDTH="24" VPOS="1131" HPOS="845"/>
<SP HEIGHT="38" WIDTH="40" VPOS="1131" HPOS="870"/>
<String CS="1" CONTENT="L." HEIGHT="7" WIDTH="6" VPOS="1163" HPOS="929"/>
<SP HEIGHT="41" WIDTH="35" VPOS="1129" HPOS="936"/>
<String CONTENT="incl." HEIGHT="40" WIDTH="108" VPOS="1129" HPOS="972"/>
<SP HEIGHT="30" WIDTH="37" VPOS="1139" HPOS="1081"/>
<String CONTENT="map." HEIGHT="38" WIDTH="122" VPOS="1138" HPOS="1119"/>
<SP HEIGHT="40" WIDTH="59" VPOS="1127" HPOS="1242"/>
<String CONTENT="23" HEIGHT="40" WIDTH="54" VPOS="1127" HPOS="1302"/>
<String STYLE="superscript" CONTENT="cm" HEIGHT="20" WIDTH="43" VPOS="1130" HPOS="1361"/>
<String CONTENT="." HEIGHT="7" WIDTH="7" VPOS="1160" HPOS="1410"/>
<SP HEIGHT="48" WIDTH="71" VPOS="1128" HPOS="1418"/>
<String CONTENT="(Contribution" HEIGHT="50" WIDTH="366" VPOS="1126" HPOS="1490"/>
<SP HEIGHT="39" WIDTH="36" VPOS="1127" HPOS="1857"/>
<String CONTENT="from" HEIGHT="39" WIDTH="127" VPOS="1127" HPOS="1894"/>
<SP HEIGHT="38" WIDTH="36" VPOS="1128" HPOS="2022"/>
<String CONTENT="the" HEIGHT="41" WIDTH="81" VPOS="1125" HPOS="2059"/>
</TextLine>
<TextLine HEIGHT="51" WIDTH="1930" VPOS="1183" HPOS="143" CS="1">
<String CONTENT="Biological" HEIGHT="49" WIDTH="262" VPOS="1185" HPOS="143"/>
<SP HEIGHT="37" WIDTH="34" VPOS="1187" HPOS="406"/>
<String CONTENT="laboratory" HEIGHT="45" WIDTH="278" VPOS="1187" HPOS="441"/>
<SP HEIGHT="35" WIDTH="29" VPOS="1197" HPOS="720"/>
<String CONTENT="of" HEIGHT="39" WIDTH="50" VPOS="1188" HPOS="750"/>
<SP HEIGHT="39" WIDTH="29" VPOS="1188" HPOS="801"/>
<String CONTENT="the" HEIGHT="38" WIDTH="80" VPOS="1189" HPOS="831"/>
<SP HEIGHT="41" WIDTH="34" VPOS="1186" HPOS="912"/>
<String CONTENT="Catholic" HEIGHT="41" WIDTH="220" VPOS="1186" HPOS="947"/>
<SP HEIGHT="29" WIDTH="29" VPOS="1196" HPOS="1168"/>
<String CONTENT="university" HEIGHT="47" WIDTH="271" VPOS="1184" HPOS="1198"/>
<SP HEIGHT="36" WIDTH="33" VPOS="1195" HPOS="1470"/>
<String CONTENT="of" HEIGHT="39" WIDTH="50" VPOS="1185" HPOS="1504"/>
<SP HEIGHT="38" WIDTH="30" VPOS="1185" HPOS="1555"/>
<String CS="1" CONTENT="America." HEIGHT="40" WIDTH="224" VPOS="1184" HPOS="1586"/>
<SP HEIGHT="27" WIDTH="59" VPOS="1196" HPOS="1824"/>
<String CONTENT="no." HEIGHT="28" WIDTH="74" VPOS="1195" HPOS="1884"/>
<SP HEIGHT="40" WIDTH="33" VPOS="1183" HPOS="1959"/>
<String CONTENT="16)" HEIGHT="48" WIDTH="80" VPOS="1183" HPOS="1993"/>
</TextLine>
<TextLine HEIGHT="47" WIDTH="1459" VPOS="1241" HPOS="213">
<String CONTENT="At" HEIGHT="40" WIDTH="64" VPOS="1244" HPOS="213"/>
<SP HEIGHT="39" WIDTH="21" VPOS="1245" HPOS="278"/>
<String CONTENT="head" HEIGHT="39" WIDTH="124" VPOS="1245" HPOS="300"/>
<SP HEIGHT="38" WIDTH="24" VPOS="1246" HPOS="425"/>
<String CONTENT="of" HEIGHT="39" WIDTH="51" VPOS="1244" HPOS="450"/>
<SP HEIGHT="39" WIDTH="23" VPOS="1244" HPOS="502"/>
<String CONTENT="title:" HEIGHT="40" WIDTH="134" VPOS="1243" HPOS="526"/>
<SP HEIGHT="38" WIDTH="25" VPOS="1245" HPOS="661"/>
<String CONTENT="The" HEIGHT="39" WIDTH="99" VPOS="1245" HPOS="687"/>
<SP HEIGHT="41" WIDTH="26" VPOS="1243" HPOS="787"/>
<String CONTENT="Catholic" HEIGHT="40" WIDTH="220" VPOS="1243" HPOS="814"/>
<SP HEIGHT="29" WIDTH="25" VPOS="1253" HPOS="1035"/>
<String CONTENT="university" HEIGHT="46" WIDTH="270" VPOS="1242" HPOS="1061"/>
<SP HEIGHT="36" WIDTH="26" VPOS="1252" HPOS="1332"/>
<String CONTENT="of" HEIGHT="39" WIDTH="52" VPOS="1242" HPOS="1359"/>
<SP HEIGHT="39" WIDTH="23" VPOS="1241" HPOS="1412"/>
<String CONTENT="America." HEIGHT="39" WIDTH="236" VPOS="1241" HPOS="1436"/>
</TextLine>
<TextLine HEIGHT="52" WIDTH="1497" VPOS="1296" HPOS="213" CS="1">
<String CONTENT="Thesis" HEIGHT="40" WIDTH="171" VPOS="1300" HPOS="213"/>
<SP HEIGHT="48" WIDTH="36" VPOS="1300" HPOS="385"/>
<String CS="1" CONTENT="(PH." HEIGHT="48" WIDTH="105" VPOS="1300" HPOS="422"/>
<SP HEIGHT="28" WIDTH="26" VPOS="1312" HPOS="528"/>
<String CS="1" CONTENT="D.)&#8212;Catholic" HEIGHT="48" WIDTH="329" VPOS="1299" HPOS="586"/>
<SP HEIGHT="30" WIDTH="25" VPOS="1310" HPOS="916"/>
<String CONTENT="university" HEIGHT="46" WIDTH="269" VPOS="1299" HPOS="942"/>
<SP HEIGHT="36" WIDTH="27" VPOS="1309" HPOS="1212"/>
<String CONTENT="of" HEIGHT="39" WIDTH="52" VPOS="1299" HPOS="1240"/>
<SP HEIGHT="38" WIDTH="24" VPOS="1299" HPOS="1293"/>
<String CONTENT="America," HEIGHT="49" WIDTH="236" VPOS="1297" HPOS="1318"/>
<SP HEIGHT="48" WIDTH="27" VPOS="1298" HPOS="1555"/>
<String CONTENT="1934." HEIGHT="42" WIDTH="127" VPOS="1296" HPOS="1583"/>
</TextLine>
<TextLine HEIGHT="50" WIDTH="531" VPOS="1354" HPOS="214">
<String CONTENT="Biographical" HEIGHT="50" WIDTH="344" VPOS="1354" HPOS="214"/>
<SP HEIGHT="38" WIDTH="31" VPOS="1358" HPOS="559"/>
<String CONTENT="items." HEIGHT="39" WIDTH="154" VPOS="1358" HPOS="591"/>
</TextLine>
<TextLine HEIGHT="109" WIDTH="1976" VPOS="1411" HPOS="149" CS="1">
<String CONTENT="&#169;" HEIGHT="51" WIDTH="50" VPOS="1411" HPOS="149"/>
<SP HEIGHT="51" WIDTH="29" VPOS="1411" HPOS="200"/>
<String CONTENT="June" HEIGHT="38" WIDTH="125" VPOS="1416" HPOS="230"/>
<SP HEIGHT="38" WIDTH="26" VPOS="1416" HPOS="356"/>
<String CONTENT="27," HEIGHT="46" WIDTH="67" VPOS="1416" HPOS="383"/>
<SP HEIGHT="46" WIDTH="30" VPOS="1416" HPOS="451"/>
<String CONTENT="1934;" HEIGHT="41" WIDTH="138" VPOS="1415" HPOS="482"/>
<SP HEIGHT="40" WIDTH="31" VPOS="1416" HPOS="621"/>
<String CONTENT="2c." HEIGHT="40" WIDTH="66" VPOS="1416" HPOS="653"/>
<SP HEIGHT="30" WIDTH="28" VPOS="1426" HPOS="720"/>
<String CONTENT="and" HEIGHT="38" WIDTH="95" VPOS="1417" HPOS="749"/>
<SP HEIGHT="38" WIDTH="29" VPOS="1417" HPOS="845"/>
<String CONTENT="aff." HEIGHT="40" WIDTH="79" VPOS="1414" HPOS="875"/>
<SP HEIGHT="39" WIDTH="31" VPOS="1415" HPOS="955"/>
<String CONTENT="July" HEIGHT="47" WIDTH="115" VPOS="1415" HPOS="987"/>
<SP HEIGHT="48" WIDTH="26" VPOS="1414" HPOS="1103"/>
<String CONTENT="9;" HEIGHT="47" WIDTH="51" VPOS="1414" HPOS="1130"/>
<SP HEIGHT="46" WIDTH="29" VPOS="1415" HPOS="1182"/>
<!-- cceid C3352663-6C64-1014-8713-889FF4349C01 --><String CONTENT="A" HEIGHT="37" WIDTH="40" VPOS="1415" HPOS="1212"/>
<SP HEIGHT="39" WIDTH="30" VPOS="1415" HPOS="1253"/>
<String CONTENT="73366;" HEIGHT="41" WIDTH="169" VPOS="1413" HPOS="1284"/>
<SP HEIGHT="40" WIDTH="32" VPOS="1414" HPOS="1454"/>
<String CONTENT="Catholic" HEIGHT="40" WIDTH="221" VPOS="1414" HPOS="1487"/>
<SP HEIGHT="29" WIDTH="29" VPOS="1424" HPOS="1709"/>
<String CONTENT="univ." HEIGHT="41" WIDTH="128" VPOS="1412" HPOS="1739"/>
<SP HEIGHT="29" WIDTH="30" VPOS="1424" HPOS="1868"/>
<String CONTENT="of" HEIGHT="40" WIDTH="52" VPOS="1413" HPOS="1899"/>
<SP HEIGHT="39" WIDTH="27" VPOS="1413" HPOS="1952"/>
<String CONTENT="America." HEIGHT="99" WIDTH="1906" VPOS="1413" HPOS="219"/>
<SP HEIGHT="47" WIDTH="71" VPOS="1472" HPOS="306"/>
<String CONTENT="(34-20583)" HEIGHT="49" WIDTH="280" VPOS="1471" HPOS="378"/>
</TextLine>
<TextLine HEIGHT="64" WIDTH="785" VPOS="1576" HPOS="142" STYLEREFS="StyleId-76A9900D-2AE5-4B09-AAF7-053FB16AFBE6-">
<String CONTENT="Meyer," HEIGHT="64" WIDTH="217" VPOS="1576" HPOS="142"/>
<SP HEIGHT="64" WIDTH="34" VPOS="1576" HPOS="360"/>
<String CONTENT="Wendelin," HEIGHT="60" WIDTH="323" VPOS="1576" HPOS="395"/>
<SP HEIGHT="56" WIDTH="37" VPOS="1580" HPOS="719"/>
<String CONTENT="1882-" HEIGHT="49" WIDTH="170" VPOS="1579" HPOS="757"/>
</TextLine>
<TextLine HEIGHT="70" WIDTH="1931" VPOS="1650" HPOS="213" STYLEREFS="StyleId-A80319B5-32D3-45E9-81BF-250EF3ABE5D3-">
<String CONTENT="Rosary" HEIGHT="70" WIDTH="223" VPOS="1650" HPOS="213"/>
<SP HEIGHT="63" WIDTH="50" VPOS="1657" HPOS="437"/>
<String CONTENT="thoughts" HEIGHT="68" WIDTH="276" VPOS="1652" HPOS="488"/>
<SP HEIGHT="54" WIDTH="51" VPOS="1651" HPOS="765"/>
<String CONTENT="for" HEIGHT="53" WIDTH="92" VPOS="1651" HPOS="817"/>
<SP HEIGHT="49" WIDTH="53" VPOS="1670" HPOS="910"/>
<String CONTENT="priests," HEIGHT="68" WIDTH="222" VPOS="1651" HPOS="964"/>
<SP HEIGHT="68" WIDTH="53" VPOS="1651" HPOS="1187"/>
<String CONTENT="by" HEIGHT="68" WIDTH="76" VPOS="1651" HPOS="1241"/>
<SP HEIGHT="68" WIDTH="54" VPOS="1651" HPOS="1318"/>
<String CONTENT="Rev." HEIGHT="52" WIDTH="138" VPOS="1651" HPOS="1373"/>
<SP HEIGHT="53" WIDTH="54" VPOS="1651" HPOS="1512"/>
<String CONTENT="Wendelin" HEIGHT="54" WIDTH="305" VPOS="1650" HPOS="1567"/>
<SP HEIGHT="52" WIDTH="55" VPOS="1650" HPOS="1873"/>
<String CONTENT="Meyer," HEIGHT="69" WIDTH="215" VPOS="1650" HPOS="1929"/>
</TextLine>
<TextLine HEIGHT="70" WIDTH="1964" VPOS="1728" HPOS="181" STYLEREFS="StyleId-A80319B5-32D3-45E9-81BF-250EF3ABE5D3-" CS="1">
<String CS="1" CONTENT="O." HEIGHT="8" WIDTH="7" VPOS="1772" HPOS="181"/>
<SP HEIGHT="33" WIDTH="26" VPOS="1748" HPOS="189"/>
<String CS="1" CONTENT="F." HEIGHT="8" WIDTH="7" VPOS="1772" HPOS="256"/>
<SP HEIGHT="33" WIDTH="28" VPOS="1747" HPOS="264"/>
<String CS="1" CONTENT="M.;" HEIGHT="9" WIDTH="9" VPOS="1771" HPOS="350"/>
<SP HEIGHT="67" WIDTH="29" VPOS="1730" HPOS="390"/>
<String CONTENT="done" HEIGHT="52" WIDTH="142" VPOS="1730" HPOS="420"/>
<SP HEIGHT="52" WIDTH="24" VPOS="1730" HPOS="563"/>
<String CONTENT="into" HEIGHT="53" WIDTH="121" VPOS="1730" HPOS="588"/>
<SP HEIGHT="53" WIDTH="26" VPOS="1730" HPOS="710"/>
<String CONTENT="English" HEIGHT="68" WIDTH="245" VPOS="1730" HPOS="737"/>
<SP HEIGHT="52" WIDTH="24" VPOS="1730" HPOS="983"/>
<String CONTENT="by" HEIGHT="68" WIDTH="76" VPOS="1730" HPOS="1008"/>
<SP HEIGHT="70" WIDTH="28" VPOS="1728" HPOS="1085"/>
<String CONTENT="Sr." HEIGHT="55" WIDTH="86" VPOS="1728" HPOS="1114"/>
<SP HEIGHT="53" WIDTH="26" VPOS="1729" HPOS="1201"/>
<String CONTENT="M." HEIGHT="52" WIDTH="80" VPOS="1729" HPOS="1228"/>
<SP HEIGHT="52" WIDTH="27" VPOS="1729" HPOS="1309"/>
<String CONTENT="Liguori." HEIGHT="68" WIDTH="258" VPOS="1729" HPOS="1337"/>
<SP HEIGHT="55" WIDTH="64" VPOS="1728" HPOS="1596"/>
<String CONTENT="Stella" HEIGHT="55" WIDTH="179" VPOS="1728" HPOS="1661"/>
<SP HEIGHT="52" WIDTH="29" VPOS="1729" HPOS="1841"/>
<String CONTENT="Niagara," HEIGHT="68" WIDTH="274" VPOS="1728" HPOS="1871"/>
</TextLine>
<TextLine HEIGHT="70" WIDTH="1131" VPOS="1805" HPOS="144" STYLEREFS="StyleId-A80319B5-32D3-45E9-81BF-250EF3ABE5D3-">
<String CONTENT="N." HEIGHT="53" WIDTH="68" VPOS="1805" HPOS="144"/>
<SP HEIGHT="51" WIDTH="29" VPOS="1808" HPOS="213"/>
<String CONTENT="Y.," HEIGHT="67" WIDTH="90" VPOS="1808" HPOS="243"/>
<SP HEIGHT="68" WIDTH="27" VPOS="1807" HPOS="334"/>
<String CONTENT="Sisters" HEIGHT="55" WIDTH="208" VPOS="1807" HPOS="362"/>
<SP HEIGHT="34" WIDTH="29" VPOS="1827" HPOS="571"/>
<String CONTENT="of" HEIGHT="53" WIDTH="64" VPOS="1807" HPOS="601"/>
<SP HEIGHT="55" WIDTH="29" VPOS="1807" HPOS="666"/>
<String CONTENT="St." HEIGHT="55" WIDTH="82" VPOS="1807" HPOS="696"/>
<SP HEIGHT="52" WIDTH="30" VPOS="1809" HPOS="779"/>
<String CONTENT="Francis" HEIGHT="53" WIDTH="238" VPOS="1808" HPOS="810"/>
<SP HEIGHT="47" WIDTH="35" VPOS="1827" HPOS="1049"/>
<String CONTENT="[" HEIGHT="33" WIDTH="12" VPOS="1841" HPOS="1085"/>
<String STYLE="superscript" CONTENT="c" HEIGHT="22" WIDTH="18" VPOS="1813" HPOS="1102"/>
<String CONTENT="1934]" HEIGHT="64" WIDTH="150" VPOS="1810" HPOS="1125"/>
</TextLine>
<TextLine HEIGHT="51" WIDTH="679" VPOS="1882" HPOS="219" CS="1">
<String CONTENT="108," HEIGHT="48" WIDTH="98" VPOS="1882" HPOS="219"/>
<SP HEIGHT="29" WIDTH="32" VPOS="1903" HPOS="318"/>
<String CS="1" CONTENT="[2]" HEIGHT="50" WIDTH="41" VPOS="1883" HPOS="364"/>
<SP HEIGHT="39" WIDTH="29" VPOS="1894" HPOS="406"/>
<String CONTENT="p.," HEIGHT="37" WIDTH="58" VPOS="1894" HPOS="436"/>
<SP HEIGHT="47" WIDTH="28" VPOS="1884" HPOS="495"/>
<String CONTENT="1" HEIGHT="38" WIDTH="25" VPOS="1884" HPOS="524"/>
<SP HEIGHT="38" WIDTH="28" VPOS="1884" HPOS="550"/>
<String CS="1" CONTENT="l." HEIGHT="8" WIDTH="7" VPOS="1915" HPOS="601"/>
<SP HEIGHT="37" WIDTH="54" VPOS="1894" HPOS="609"/>
<String CS="1" CONTENT="pl." HEIGHT="37" WIDTH="61" VPOS="1894" HPOS="664"/>
<SP HEIGHT="38" WIDTH="58" VPOS="1884" HPOS="726"/>
<String CONTENT="16" HEIGHT="40" WIDTH="58" VPOS="1883" HPOS="785"/>
<String STYLE="superscript" CONTENT="cm" HEIGHT="21" WIDTH="44" VPOS="1885" HPOS="842"/>
<String CONTENT="." HEIGHT="9" WIDTH="7" VPOS="1913" HPOS="891"/>
</TextLine>
<TextLine HEIGHT="51" WIDTH="1993" VPOS="1936" HPOS="151">
<String CONTENT="&#169;" HEIGHT="51" WIDTH="50" VPOS="1936" HPOS="151"/>
<SP HEIGHT="51" WIDTH="38" VPOS="1936" HPOS="202"/>
<String CONTENT="June" HEIGHT="38" WIDTH="125" VPOS="1941" HPOS="241"/>
<SP HEIGHT="39" WIDTH="37" VPOS="1940" HPOS="367"/>
<String CONTENT="8," HEIGHT="46" WIDTH="37" VPOS="1940" HPOS="405"/>
<SP HEIGHT="45" WIDTH="38" VPOS="1941" HPOS="443"/>
<String CONTENT="1934;" HEIGHT="40" WIDTH="140" VPOS="1940" HPOS="482"/>
<SP HEIGHT="39" WIDTH="40" VPOS="1941" HPOS="623"/>
<String CONTENT="2c." HEIGHT="39" WIDTH="67" VPOS="1941" HPOS="664"/>
<SP HEIGHT="40" WIDTH="38" VPOS="1940" HPOS="732"/>
<String CONTENT="June" HEIGHT="40" WIDTH="125" VPOS="1940" HPOS="771"/>
<SP HEIGHT="39" WIDTH="38" VPOS="1940" HPOS="897"/>
<String CONTENT="20;" HEIGHT="46" WIDTH="81" VPOS="1940" HPOS="936"/>
<SP HEIGHT="35" WIDTH="41" VPOS="1951" HPOS="1018"/>
<String CONTENT="aff." HEIGHT="41" WIDTH="80" VPOS="1939" HPOS="1060"/>
<SP HEIGHT="40" WIDTH="37" VPOS="1940" HPOS="1141"/>
<String CONTENT="June" HEIGHT="39" WIDTH="126" VPOS="1940" HPOS="1179"/>
<SP HEIGHT="38" WIDTH="37" VPOS="1941" HPOS="1306"/>
<String CONTENT="26;" HEIGHT="48" WIDTH="82" VPOS="1939" HPOS="1344"/>
<SP HEIGHT="47" WIDTH="40" VPOS="1940" HPOS="1427"/>
<!-- cceid C335861E-6C64-1014-8713-889FF4349C01 --><String CONTENT="A" HEIGHT="38" WIDTH="41" VPOS="1940" HPOS="1468"/>
<SP HEIGHT="39" WIDTH="36" VPOS="1940" HPOS="1510"/>
<String CONTENT="72997;" HEIGHT="47" WIDTH="171" VPOS="1939" HPOS="1547"/>
<SP HEIGHT="47" WIDTH="44" VPOS="1939" HPOS="1719"/>
<String CONTENT="Sisters" HEIGHT="41" WIDTH="179" VPOS="1939" HPOS="1764"/>
<SP HEIGHT="29" WIDTH="38" VPOS="1950" HPOS="1944"/>
<String CONTENT="of" HEIGHT="40" WIDTH="52" VPOS="1939" HPOS="1983"/>
<SP HEIGHT="41" WIDTH="41" VPOS="1939" HPOS="2036"/>
<String CONTENT="St." HEIGHT="40" WIDTH="66" VPOS="1940" HPOS="2078"/>
</TextLine>
<TextLine HEIGHT="48" WIDTH="567" VPOS="1996" HPOS="217">
<String CONTENT="Francis." HEIGHT="41" WIDTH="216" VPOS="1996" HPOS="217"/>
<SP HEIGHT="47" WIDTH="70" VPOS="1997" HPOS="434"/>
<String CONTENT="(34-20730)" HEIGHT="47" WIDTH="279" VPOS="1997" HPOS="505"/>
</TextLine>
<TextLine HEIGHT="67" WIDTH="970" VPOS="2098" HPOS="142" STYLEREFS="StyleId-76A9900D-2AE5-4B09-AAF7-053FB16AFBE6-">
<String CONTENT="Newton," HEIGHT="66" WIDTH="268" VPOS="2098" HPOS="142"/>
<SP HEIGHT="62" WIDTH="28" VPOS="2102" HPOS="411"/>
<String CONTENT="Sir" HEIGHT="55" WIDTH="100" VPOS="2100" HPOS="440"/>
<SP HEIGHT="51" WIDTH="25" VPOS="2101" HPOS="541"/>
<String CONTENT="Isaac," HEIGHT="64" WIDTH="186" VPOS="2101" HPOS="567"/>
<SP HEIGHT="61" WIDTH="32" VPOS="2104" HPOS="754"/>
<String CONTENT="1642-1727." HEIGHT="55" WIDTH="325" VPOS="2098" HPOS="787"/>
</TextLine>
<TextLine HEIGHT="149" WIDTH="1997" VPOS="2174" HPOS="146" STYLEREFS="StyleId-A80319B5-32D3-45E9-81BF-250EF3ABE5D3-" CS="1">
<String CONTENT="Sir" HEIGHT="55" WIDTH="95" VPOS="2174" HPOS="217"/>
<SP HEIGHT="51" WIDTH="28" VPOS="2177" HPOS="313"/>
<String CONTENT="Isaac" HEIGHT="52" WIDTH="163" VPOS="2177" HPOS="342"/>
<SP HEIGHT="53" WIDTH="28" VPOS="2176" HPOS="506"/>
<String CONTENT="Newton&#8217;s" HEIGHT="53" WIDTH="286" VPOS="2176" HPOS="535"/>
<SP HEIGHT="53" WIDTH="29" VPOS="2176" HPOS="822"/>
<String CONTENT="Mathematical" HEIGHT="52" WIDTH="432" VPOS="2176" HPOS="852"/>
<SP HEIGHT="67" WIDTH="29" VPOS="2177" HPOS="1285"/>
<String CONTENT="principles" HEIGHT="69" WIDTH="312" VPOS="2175" HPOS="1315"/>
<SP HEIGHT="35" WIDTH="33" VPOS="2194" HPOS="1628"/>
<String CONTENT="of" HEIGHT="53" WIDTH="63" VPOS="2175" HPOS="1662"/>
<SP HEIGHT="53" WIDTH="26" VPOS="2175" HPOS="1726"/>
<String CONTENT="natural" HEIGHT="51" WIDTH="232" VPOS="2177" HPOS="1753"/>
<SP HEIGHT="66" WIDTH="32" VPOS="2177" HPOS="1986"/>
<String CONTENT="philosophy" HEIGHT="148" WIDTH="1974" VPOS="2174" HPOS="146"/>
<SP HEIGHT="49" WIDTH="28" VPOS="2273" HPOS="386"/>
<String CONTENT="and" HEIGHT="52" WIDTH="113" VPOS="2255" HPOS="415"/>
<SP HEIGHT="52" WIDTH="30" VPOS="2255" HPOS="529"/>
<String CONTENT="his" HEIGHT="52" WIDTH="87" VPOS="2255" HPOS="560"/>
<SP HEIGHT="55" WIDTH="32" VPOS="2253" HPOS="648"/>
<String CONTENT="System" HEIGHT="70" WIDTH="226" VPOS="2253" HPOS="681"/>
<SP HEIGHT="34" WIDTH="30" VPOS="2273" HPOS="908"/>
<String CONTENT="of" HEIGHT="54" WIDTH="63" VPOS="2253" HPOS="939"/>
<SP HEIGHT="53" WIDTH="27" VPOS="2253" HPOS="1003"/>
<String CONTENT="the" HEIGHT="51" WIDTH="96" VPOS="2255" HPOS="1031"/>
<SP HEIGHT="33" WIDTH="31" VPOS="2273" HPOS="1128"/>
<String CONTENT="world," HEIGHT="69" WIDTH="198" VPOS="2253" HPOS="1160"/>
<SP HEIGHT="61" WIDTH="31" VPOS="2261" HPOS="1359"/>
<String CONTENT="translated" HEIGHT="54" WIDTH="318" VPOS="2253" HPOS="1391"/>
<SP HEIGHT="52" WIDTH="31" VPOS="2255" HPOS="1710"/>
<String CONTENT="into" HEIGHT="52" WIDTH="122" VPOS="2255" HPOS="1742"/>
<SP HEIGHT="53" WIDTH="32" VPOS="2254" HPOS="1865"/>
<String CONTENT="English" HEIGHT="70" WIDTH="245" VPOS="2252" HPOS="1898"/>
</TextLine>
<TextLine HEIGHT="150" WIDTH="1999" VPOS="2329" HPOS="145" STYLEREFS="StyleId-A80319B5-32D3-45E9-81BF-250EF3ABE5D3-" CS="1">
<String CONTENT="by" HEIGHT="69" WIDTH="74" VPOS="2329" HPOS="145"/>
<SP HEIGHT="67" WIDTH="26" VPOS="2331" HPOS="220"/>
<String CONTENT="Andrew" HEIGHT="54" WIDTH="252" VPOS="2331" HPOS="247"/>
<SP HEIGHT="52" WIDTH="26" VPOS="2332" HPOS="500"/>
<String CONTENT="Motte" HEIGHT="53" WIDTH="185" VPOS="2332" HPOS="527"/>
<SP HEIGHT="52" WIDTH="25" VPOS="2333" HPOS="713"/>
<String CONTENT="in" HEIGHT="51" WIDTH="60" VPOS="2333" HPOS="739"/>
<SP HEIGHT="48" WIDTH="30" VPOS="2336" HPOS="800"/>
<String CONTENT="1729." HEIGHT="55" WIDTH="150" VPOS="2331" HPOS="831"/>
<SP HEIGHT="52" WIDTH="64" VPOS="2333" HPOS="982"/>
<String CONTENT="The" HEIGHT="52" WIDTH="120" VPOS="2333" HPOS="1047"/>
<SP HEIGHT="48" WIDTH="28" VPOS="2337" HPOS="1168"/>
<String CONTENT="translations" HEIGHT="53" WIDTH="371" VPOS="2332" HPOS="1197"/>
<SP HEIGHT="33" WIDTH="30" VPOS="2352" HPOS="1569"/>
<String CONTENT="revised," HEIGHT="67" WIDTH="238" VPOS="2332" HPOS="1600"/>
<SP HEIGHT="46" WIDTH="29" VPOS="2353" HPOS="1839"/>
<String CONTENT="and" HEIGHT="53" WIDTH="114" VPOS="2333" HPOS="1869"/>
<SP HEIGHT="52" WIDTH="30" VPOS="2333" HPOS="1984"/>
<String CONTENT="supplied" HEIGHT="126" WIDTH="1970" VPOS="2349" HPOS="149"/>
<SP HEIGHT="52" WIDTH="28" VPOS="2411" HPOS="300"/>
<String CONTENT="with" HEIGHT="52" WIDTH="139" VPOS="2411" HPOS="329"/>
<SP HEIGHT="51" WIDTH="26" VPOS="2411" HPOS="469"/>
<String CONTENT="an" HEIGHT="33" WIDTH="72" VPOS="2429" HPOS="496"/>
<SP HEIGHT="52" WIDTH="23" VPOS="2410" HPOS="569"/>
<String CONTENT="historical" HEIGHT="53" WIDTH="295" VPOS="2410" HPOS="593"/>
<SP HEIGHT="52" WIDTH="27" VPOS="2411" HPOS="889"/>
<String CONTENT="and" HEIGHT="52" WIDTH="114" VPOS="2411" HPOS="917"/>
<SP HEIGHT="52" WIDTH="25" VPOS="2411" HPOS="1032"/>
<String CONTENT="explanatory" HEIGHT="69" WIDTH="377" VPOS="2410" HPOS="1058"/>
<SP HEIGHT="50" WIDTH="27" VPOS="2429" HPOS="1436"/>
<String CONTENT="appendix," HEIGHT="69" WIDTH="310" VPOS="2410" HPOS="1464"/>
<SP HEIGHT="68" WIDTH="26" VPOS="2410" HPOS="1775"/>
<String CONTENT="by" HEIGHT="69" WIDTH="78" VPOS="2410" HPOS="1802"/>
<SP HEIGHT="68" WIDTH="24" VPOS="2411" HPOS="1881"/>
<String CONTENT="Florian" HEIGHT="52" WIDTH="238" VPOS="2411" HPOS="1906"/>
</TextLine>
<TextLine HEIGHT="73" WIDTH="1997" VPOS="2485" HPOS="148" STYLEREFS="StyleId-A80319B5-32D3-45E9-81BF-250EF3ABE5D3-" CS="1">
<String CONTENT="Cajori" HEIGHT="70" WIDTH="197" VPOS="2485" HPOS="148"/>
<SP HEIGHT="52" WIDTH="45" VPOS="2489" HPOS="346"/>
<String CS="1" CONTENT="&#8230;"/>
<SP HEIGHT="52" WIDTH="83" VPOS="2489" HPOS="447"/>
<String CONTENT="Berkeley," HEIGHT="69" WIDTH="296" VPOS="2488" HPOS="531"/>
<SP HEIGHT="68" WIDTH="43" VPOS="2488" HPOS="828"/>
<String CONTENT="Calif.," HEIGHT="68" WIDTH="194" VPOS="2487" HPOS="872"/>
<SP HEIGHT="67" WIDTH="37" VPOS="2488" HPOS="1067"/>
<String CONTENT="University" HEIGHT="70" WIDTH="341" VPOS="2488" HPOS="1105"/>
<SP HEIGHT="51" WIDTH="40" VPOS="2507" HPOS="1447"/>
<String CONTENT="of" HEIGHT="54" WIDTH="65" VPOS="2487" HPOS="1488"/>
<SP HEIGHT="56" WIDTH="43" VPOS="2487" HPOS="1554"/>
<String CONTENT="California" HEIGHT="55" WIDTH="325" VPOS="2488" HPOS="1598"/>
<SP HEIGHT="50" WIDTH="46" VPOS="2507" HPOS="1924"/>
<String CONTENT="press," HEIGHT="50" WIDTH="174" VPOS="2507" HPOS="1971"/>
</TextLine>
<TextLine HEIGHT="51" WIDTH="148" VPOS="2568" HPOS="148" STYLEREFS="StyleId-A80319B5-32D3-45E9-81BF-250EF3ABE5D3-">
<String CONTENT="1934." HEIGHT="51" WIDTH="148" VPOS="2568" HPOS="148"/>
</TextLine>
<TextLine HEIGHT="50" WIDTH="1471" VPOS="2638" HPOS="214" CS="1">
<String CONTENT="xxxv," HEIGHT="39" WIDTH="145" VPOS="2649" HPOS="214"/>
<SP HEIGHT="49" WIDTH="28" VPOS="2639" HPOS="360"/>
<String CONTENT="680" HEIGHT="42" WIDTH="86" VPOS="2638" HPOS="389"/>
<SP HEIGHT="48" WIDTH="24" VPOS="2638" HPOS="476"/>
<String CONTENT="p." HEIGHT="37" WIDTH="44" VPOS="2649" HPOS="501"/>
<SP HEIGHT="40" WIDTH="27" VPOS="2640" HPOS="546"/>
<String CONTENT="incl." HEIGHT="39" WIDTH="108" VPOS="2640" HPOS="574"/>
<SP HEIGHT="40" WIDTH="26" VPOS="2639" HPOS="683"/>
<String CS="1" CONTENT="front." HEIGHT="40" WIDTH="134" VPOS="2639" HPOS="710"/>
<SP HEIGHT="48" WIDTH="29" VPOS="2639" HPOS="858"/>
<String CONTENT="(port.)" HEIGHT="48" WIDTH="170" VPOS="2639" HPOS="888"/>
<SP HEIGHT="48" WIDTH="37" VPOS="2639" HPOS="1059"/>
<String CONTENT="facsim.," HEIGHT="47" WIDTH="201" VPOS="2640" HPOS="1097"/>
<SP HEIGHT="46" WIDTH="31" VPOS="2641" HPOS="1299"/>
<String CONTENT="diagrs." HEIGHT="48" WIDTH="178" VPOS="2639" HPOS="1331"/>
<SP HEIGHT="39" WIDTH="58" VPOS="2639" HPOS="1510"/>
<String CONTENT="26" HEIGHT="40" WIDTH="57" VPOS="2639" HPOS="1569"/>
<String STYLE="superscript" CONTENT="cm" HEIGHT="21" WIDTH="42" VPOS="2641" HPOS="1631"/>
<String CONTENT="." HEIGHT="7" WIDTH="7" VPOS="2671" HPOS="1678"/>
</TextLine>
<TextLine HEIGHT="50" WIDTH="1924" VPOS="2694" HPOS="221">
<String CONTENT="With" HEIGHT="42" WIDTH="134" VPOS="2694" HPOS="221"/>
<SP HEIGHT="38" WIDTH="38" VPOS="2697" HPOS="356"/>
<String CONTENT="reproduction" HEIGHT="47" WIDTH="340" VPOS="2696" HPOS="395"/>
<SP HEIGHT="29" WIDTH="38" VPOS="2707" HPOS="736"/>
<String CONTENT="of" HEIGHT="40" WIDTH="51" VPOS="2696" HPOS="775"/>
<SP HEIGHT="40" WIDTH="37" VPOS="2696" HPOS="827"/>
<String CONTENT="the" HEIGHT="40" WIDTH="82" VPOS="2696" HPOS="865"/>
<SP HEIGHT="39" WIDTH="37" VPOS="2697" HPOS="948"/>
<String CONTENT="t.-p." HEIGHT="46" WIDTH="97" VPOS="2697" HPOS="986"/>
<SP HEIGHT="29" WIDTH="39" VPOS="2707" HPOS="1084"/>
<String CONTENT="of" HEIGHT="38" WIDTH="51" VPOS="2697" HPOS="1124"/>
<SP HEIGHT="39" WIDTH="35" VPOS="2697" HPOS="1176"/>
<String CONTENT="the" HEIGHT="39" WIDTH="81" VPOS="2697" HPOS="1212"/>
<SP HEIGHT="40" WIDTH="38" VPOS="2696" HPOS="1294"/>
<String CONTENT="1st" HEIGHT="40" WIDTH="76" VPOS="2696" HPOS="1333"/>
<SP HEIGHT="38" WIDTH="37" VPOS="2698" HPOS="1410"/>
<String CONTENT="edition" HEIGHT="41" WIDTH="183" VPOS="2695" HPOS="1448"/>
<SP HEIGHT="28" WIDTH="39" VPOS="2708" HPOS="1632"/>
<String CONTENT="of" HEIGHT="39" WIDTH="52" VPOS="2697" HPOS="1672"/>
<SP HEIGHT="39" WIDTH="37" VPOS="2697" HPOS="1725"/>
<String CONTENT="the" HEIGHT="40" WIDTH="81" VPOS="2697" HPOS="1763"/>
<SP HEIGHT="41" WIDTH="38" VPOS="2696" HPOS="1845"/>
<String CONTENT="Principia," HEIGHT="48" WIDTH="261" VPOS="2696" HPOS="1884"/>
</TextLine>
<TextLine HEIGHT="50" WIDTH="363" VPOS="2750" HPOS="149">
<String CONTENT="London," HEIGHT="50" WIDTH="208" VPOS="2750" HPOS="149"/>
<SP HEIGHT="47" WIDTH="26" VPOS="2753" HPOS="358"/>
<String CONTENT="1687." HEIGHT="41" WIDTH="127" VPOS="2752" HPOS="385"/>
</TextLine>
<TextLine HEIGHT="49" WIDTH="1785" VPOS="2808" HPOS="219">
<String CONTENT="&#8220;Editor&#8217;s" HEIGHT="41" WIDTH="240" VPOS="2808" HPOS="219"/>
<SP HEIGHT="29" WIDTH="28" VPOS="2820" HPOS="460"/>
<String CONTENT="note" HEIGHT="39" WIDTH="111" VPOS="2810" HPOS="489"/>
<SP HEIGHT="38" WIDTH="30" VPOS="2811" HPOS="601"/>
<String CONTENT="to" HEIGHT="38" WIDTH="48" VPOS="2811" HPOS="632"/>
<SP HEIGHT="38" WIDTH="31" VPOS="2811" HPOS="681"/>
<String CONTENT="the" HEIGHT="40" WIDTH="84" VPOS="2810" HPOS="713"/>
<SP HEIGHT="37" WIDTH="28" VPOS="2819" HPOS="798"/>
<String CONTENT="present" HEIGHT="46" WIDTH="196" VPOS="2810" HPOS="827"/>
<SP HEIGHT="39" WIDTH="32" VPOS="2810" HPOS="1024"/>
<String CONTENT="revision&#8221;" HEIGHT="41" WIDTH="238" VPOS="2808" HPOS="1057"/>
<SP HEIGHT="41" WIDTH="33" VPOS="2808" HPOS="1296"/>
<String CONTENT="signed:" HEIGHT="49" WIDTH="194" VPOS="2808" HPOS="1330"/>
<SP HEIGHT="39" WIDTH="32" VPOS="2810" HPOS="1525"/>
<String CONTENT="R." HEIGHT="39" WIDTH="56" VPOS="2810" HPOS="1558"/>
<SP HEIGHT="40" WIDTH="31" VPOS="2809" HPOS="1615"/>
<String CONTENT="T." HEIGHT="40" WIDTH="51" VPOS="2809" HPOS="1647"/>
<SP HEIGHT="41" WIDTH="35" VPOS="2809" HPOS="1699"/>
<String CONTENT="Crawford." HEIGHT="41" WIDTH="269" VPOS="2809" HPOS="1735"/>
</TextLine>
<TextLine HEIGHT="52" WIDTH="1992" VPOS="2864" HPOS="153">
<String CONTENT="&#169;" HEIGHT="51" WIDTH="53" VPOS="2864" HPOS="153"/>
<SP HEIGHT="51" WIDTH="20" VPOS="2864" HPOS="207"/>
<String CONTENT="June" HEIGHT="39" WIDTH="124" VPOS="2868" HPOS="228"/>
<SP HEIGHT="40" WIDTH="23" VPOS="2867" HPOS="353"/>
<String CONTENT="21," HEIGHT="48" WIDTH="69" VPOS="2867" HPOS="377"/>
<SP HEIGHT="47" WIDTH="23" VPOS="2868" HPOS="447"/>
<String CONTENT="1934;" HEIGHT="47" WIDTH="140" VPOS="2867" HPOS="471"/>
<SP HEIGHT="45" WIDTH="24" VPOS="2869" HPOS="612"/>
<String CONTENT="2c." HEIGHT="38" WIDTH="67" VPOS="2869" HPOS="637"/>
<SP HEIGHT="39" WIDTH="25" VPOS="2868" HPOS="705"/>
<String CONTENT="June" HEIGHT="39" WIDTH="124" VPOS="2868" HPOS="731"/>
<SP HEIGHT="40" WIDTH="23" VPOS="2867" HPOS="856"/>
<String CONTENT="27;" HEIGHT="45" WIDTH="82" VPOS="2867" HPOS="880"/>
<SP HEIGHT="35" WIDTH="27" VPOS="2877" HPOS="963"/>
<String CONTENT="aff." HEIGHT="41" WIDTH="80" VPOS="2866" HPOS="991"/>
<SP HEIGHT="39" WIDTH="24" VPOS="2868" HPOS="1072"/>
<String CONTENT="July" HEIGHT="47" WIDTH="114" VPOS="2868" HPOS="1097"/>
<SP HEIGHT="48" WIDTH="24" VPOS="2867" HPOS="1212"/>
<String CONTENT="9;" HEIGHT="47" WIDTH="52" VPOS="2867" HPOS="1237"/>
<SP HEIGHT="46" WIDTH="26" VPOS="2868" HPOS="1290"/>
<!-- cceid C335E759-6C64-1014-8713-889FF4349C01 --><String CONTENT="A" HEIGHT="38" WIDTH="41" VPOS="2868" HPOS="1317"/>
<SP HEIGHT="40" WIDTH="22" VPOS="2868" HPOS="1359"/>
<String CONTENT="73371;" HEIGHT="47" WIDTH="171" VPOS="2868" HPOS="1382"/>
<SP HEIGHT="47" WIDTH="27" VPOS="2868" HPOS="1554"/>
<String CONTENT="Regents" HEIGHT="48" WIDTH="211" VPOS="2868" HPOS="1582"/>
<SP HEIGHT="30" WIDTH="24" VPOS="2879" HPOS="1794"/>
<String CONTENT="of" HEIGHT="40" WIDTH="52" VPOS="2869" HPOS="1819"/>
<SP HEIGHT="39" WIDTH="23" VPOS="2869" HPOS="1872"/>
<String CONTENT="the" HEIGHT="40" WIDTH="80" VPOS="2868" HPOS="1896"/>
<SP HEIGHT="39" WIDTH="27" VPOS="2870" HPOS="1977"/>
<String CONTENT="Univ." HEIGHT="40" WIDTH="140" VPOS="2869" HPOS="2005"/>
</TextLine>
<TextLine HEIGHT="49" WIDTH="1174" VPOS="2923" HPOS="220">
<String CONTENT="of" HEIGHT="39" WIDTH="51" VPOS="2925" HPOS="220"/>
<SP HEIGHT="40" WIDTH="26" VPOS="2925" HPOS="272"/>
<String CONTENT="California," HEIGHT="48" WIDTH="286" VPOS="2923" HPOS="299"/>
<SP HEIGHT="46" WIDTH="30" VPOS="2925" HPOS="586"/>
<String CONTENT="Berkeley," HEIGHT="47" WIDTH="249" VPOS="2925" HPOS="617"/>
<SP HEIGHT="46" WIDTH="30" VPOS="2925" HPOS="867"/>
<String CONTENT="Calif.." HEIGHT="41" WIDTH="160" VPOS="2924" HPOS="898"/>
<SP HEIGHT="48" WIDTH="56" VPOS="2924" HPOS="1059"/>
<String CONTENT="(34-20582)" HEIGHT="48" WIDTH="278" VPOS="2924" HPOS="1116"/>
</TextLine>
<TextLine HEIGHT="70" WIDTH="727" VPOS="3024" HPOS="145" STYLEREFS="StyleId-1C538D9E-1E7B-4115-A56C-5E3B5888546F-">
<String CONTENT="Ohio." HEIGHT="55" WIDTH="167" VPOS="3024" HPOS="145"/>
<SP HEIGHT="53" WIDTH="72" VPOS="3027" HPOS="313"/>
<String CONTENT="Supreme" HEIGHT="67" WIDTH="278" VPOS="3027" HPOS="386"/>
<SP HEIGHT="34" WIDTH="32" VPOS="3045" HPOS="665"/>
<String CONTENT="court." HEIGHT="50" WIDTH="174" VPOS="3034" HPOS="698"/>
</TextLine>
<TextLine HEIGHT="72" WIDTH="1930" VPOS="3103" HPOS="216" STYLEREFS="StyleId-A80319B5-32D3-45E9-81BF-250EF3ABE5D3-" CS="1">
<String CONTENT="Reports" HEIGHT="67" WIDTH="246" VPOS="3103" HPOS="216"/>
<SP HEIGHT="34" WIDTH="38" VPOS="3123" HPOS="463"/>
<String CONTENT="of" HEIGHT="52" WIDTH="63" VPOS="3105" HPOS="502"/>
<SP HEIGHT="52" WIDTH="39" VPOS="3105" HPOS="566"/>
<String CONTENT="cases" HEIGHT="34" WIDTH="149" VPOS="3123" HPOS="606"/>
<SP HEIGHT="34" WIDTH="40" VPOS="3123" HPOS="756"/>
<String CONTENT="argued" HEIGHT="67" WIDTH="214" VPOS="3105" HPOS="797"/>
<SP HEIGHT="52" WIDTH="41" VPOS="3105" HPOS="1012"/>
<String CONTENT="and" HEIGHT="51" WIDTH="111" VPOS="3106" HPOS="1054"/>
<SP HEIGHT="52" WIDTH="39" VPOS="3105" HPOS="1166"/>
<String CONTENT="determined" HEIGHT="53" WIDTH="352" VPOS="3105" HPOS="1206"/>
<SP HEIGHT="52" WIDTH="46" VPOS="3106" HPOS="1559"/>
<String CS="1" CONTENT="&#8230;"/>
<SP HEIGHT="50" WIDTH="80" VPOS="3109" HPOS="1661"/>
<String CONTENT="Reported" HEIGHT="66" WIDTH="289" VPOS="3108" HPOS="1742"/>
<SP HEIGHT="51" WIDTH="39" VPOS="3108" HPOS="2032"/>
<String CONTENT="by" HEIGHT="67" WIDTH="74" VPOS="3108" HPOS="2072"/>
</TextLine>
<TextLine HEIGHT="149" WIDTH="1972" VPOS="3181" HPOS="147" STYLEREFS="StyleId-A80319B5-32D3-45E9-81BF-250EF3ABE5D3-" CS="1">
<String CONTENT="J." HEIGHT="54" WIDTH="56" VPOS="3181" HPOS="147"/>
<SP HEIGHT="50" WIDTH="35" VPOS="3185" HPOS="204"/>
<String CONTENT="L." HEIGHT="50" WIDTH="63" VPOS="3185" HPOS="240"/>
<SP HEIGHT="53" WIDTH="37" VPOS="3185" HPOS="304"/>
<String CONTENT="W." HEIGHT="53" WIDTH="89" VPOS="3185" HPOS="342"/>
<SP HEIGHT="51" WIDTH="37" VPOS="3184" HPOS="432"/>
<String CONTENT="Henney," HEIGHT="66" WIDTH="260" VPOS="3184" HPOS="470"/>
<SP HEIGHT="66" WIDTH="40" VPOS="3184" HPOS="731"/>
<String CONTENT="Supreme" HEIGHT="67" WIDTH="274" VPOS="3184" HPOS="772"/>
<SP HEIGHT="34" WIDTH="36" VPOS="3201" HPOS="1047"/>
<String CONTENT="court" HEIGHT="46" WIDTH="162" VPOS="3190" HPOS="1084"/>
<SP HEIGHT="46" WIDTH="33" VPOS="3190" HPOS="1247"/>
<String CONTENT="reporter." HEIGHT="60" WIDTH="271" VPOS="3191" HPOS="1281"/>
<SP HEIGHT="51" WIDTH="74" VPOS="3186" HPOS="1553"/>
<String CONTENT="New" HEIGHT="52" WIDTH="138" VPOS="3186" HPOS="1628"/>
<SP HEIGHT="34" WIDTH="36" VPOS="3204" HPOS="1767"/>
<String CONTENT="series," HEIGHT="66" WIDTH="187" VPOS="3186" HPOS="1804"/>
<SP HEIGHT="47" WIDTH="34" VPOS="3205" HPOS="1992"/>
<String CONTENT="volume" HEIGHT="125" WIDTH="1972" VPOS="3188" HPOS="147"/>
<SP HEIGHT="34" WIDTH="34" VPOS="3279" HPOS="273"/>
<String CS="1" CONTENT="CXXVIT." HEIGHT="9" WIDTH="9" VPOS="3305" HPOS="518"/>
<SP HEIGHT="55" WIDTH="76" VPOS="3260" HPOS="528"/>
<String CONTENT="Columbus," HEIGHT="67" WIDTH="326" VPOS="3260" HPOS="605"/>
<SP HEIGHT="63" WIDTH="33" VPOS="3264" HPOS="932"/>
<String CONTENT="The" HEIGHT="52" WIDTH="119" VPOS="3262" HPOS="966"/>
<SP HEIGHT="50" WIDTH="33" VPOS="3264" HPOS="1086"/>
<String CONTENT="F." HEIGHT="50" WIDTH="62" VPOS="3264" HPOS="1120"/>
<SP HEIGHT="54" WIDTH="33" VPOS="3264" HPOS="1183"/>
<String CONTENT="J." HEIGHT="54" WIDTH="55" VPOS="3264" HPOS="1217"/>
<SP HEIGHT="51" WIDTH="34" VPOS="3264" HPOS="1273"/>
<String CONTENT="Heer" HEIGHT="51" WIDTH="155" VPOS="3264" HPOS="1308"/>
<SP HEIGHT="50" WIDTH="29" VPOS="3280" HPOS="1464"/>
<String CONTENT="printing" HEIGHT="67" WIDTH="265" VPOS="3263" HPOS="1494"/>
<SP HEIGHT="48" WIDTH="30" VPOS="3282" HPOS="1760"/>
<String CONTENT="co.," HEIGHT="48" WIDTH="97" VPOS="3282" HPOS="1791"/>
<SP HEIGHT="62" WIDTH="34" VPOS="3268" HPOS="1889"/>
<String CONTENT="1934." HEIGHT="48" WIDTH="149" VPOS="3267" HPOS="1924"/>
</TextLine>
<TextLine HEIGHT="48" WIDTH="485" VPOS="3334" HPOS="224" STYLEREFS="StyleId-A80319B5-32D3-45E9-81BF-250EF3ABE5D3-">
<String CONTENT="xciv," HEIGHT="47" WIDTH="122" VPOS="3334" HPOS="224"/>
<SP HEIGHT="46" WIDTH="29" VPOS="3335" HPOS="347"/>
<String CONTENT="712" HEIGHT="39" WIDTH="84" VPOS="3335" HPOS="377"/>
<SP HEIGHT="46" WIDTH="30" VPOS="3336" HPOS="462"/>
<String CONTENT="p." HEIGHT="36" WIDTH="40" VPOS="3346" HPOS="493"/>
<SP HEIGHT="37" WIDTH="58" VPOS="3336" HPOS="534"/>
<String CONTENT="22" HEIGHT="37" WIDTH="55" VPOS="3336" HPOS="593"/>
<String STYLE="superscript" CONTENT="cm" HEIGHT="20" WIDTH="42" VPOS="3337" HPOS="654"/>
<String CONTENT="." HEIGHT="6" WIDTH="6" VPOS="3368" HPOS="703"/>
</TextLine>
<TextLine HEIGHT="54" WIDTH="1989" VPOS="3387" HPOS="155" CS="1">
<String CONTENT="&#169;" HEIGHT="51" WIDTH="50" VPOS="3387" HPOS="155"/>
<SP HEIGHT="51" WIDTH="24" VPOS="3387" HPOS="206"/>
<String CONTENT="July" HEIGHT="47" WIDTH="115" VPOS="3391" HPOS="231"/>
<SP HEIGHT="46" WIDTH="23" VPOS="3392" HPOS="347"/>
<String CONTENT="18," HEIGHT="47" WIDTH="68" VPOS="3391" HPOS="371"/>
<SP HEIGHT="46" WIDTH="24" VPOS="3392" HPOS="440"/>
<String CONTENT="1934;" HEIGHT="46" WIDTH="138" VPOS="3391" HPOS="465"/>
<SP HEIGHT="44" WIDTH="25" VPOS="3393" HPOS="604"/>
<String CONTENT="2c." HEIGHT="38" WIDTH="65" VPOS="3393" HPOS="630"/>
<SP HEIGHT="38" WIDTH="25" VPOS="3392" HPOS="696"/>
<String CONTENT="Aug." HEIGHT="47" WIDTH="119" VPOS="3392" HPOS="722"/>
<SP HEIGHT="38" WIDTH="25" VPOS="3392" HPOS="842"/>
<String CONTENT="18;" HEIGHT="47" WIDTH="80" VPOS="3391" HPOS="868"/>
<SP HEIGHT="35" WIDTH="27" VPOS="3403" HPOS="949"/>
<String CONTENT="aff." HEIGHT="41" WIDTH="80" VPOS="3391" HPOS="977"/>
<SP HEIGHT="40" WIDTH="25" VPOS="3392" HPOS="1058"/>
<String CONTENT="Aug." HEIGHT="47" WIDTH="116" VPOS="3392" HPOS="1084"/>
<SP HEIGHT="39" WIDTH="26" VPOS="3392" HPOS="1201"/>
<String CONTENT="17;" HEIGHT="47" WIDTH="82" VPOS="3392" HPOS="1228"/>
<SP HEIGHT="46" WIDTH="25" VPOS="3393" HPOS="1311"/>
<!-- cceid C3363F27-6C64-1014-8713-889FF4349C01 --><String CONTENT="A" HEIGHT="38" WIDTH="41" VPOS="3393" HPOS="1337"/>
<SP HEIGHT="39" WIDTH="23" VPOS="3393" HPOS="1379"/>
<String CS="1" CONTENT="74633;" HEIGHT="40" WIDTH="141" VPOS="3393" HPOS="1403"/>
<SP HEIGHT="47" WIDTH="26" VPOS="3393" HPOS="1573"/>
<String CONTENT="John" HEIGHT="40" WIDTH="128" VPOS="3393" HPOS="1600"/>
<SP HEIGHT="38" WIDTH="23" VPOS="3394" HPOS="1729"/>
<String CONTENT="L." HEIGHT="39" WIDTH="50" VPOS="3394" HPOS="1753"/>
<SP HEIGHT="39" WIDTH="25" VPOS="3394" HPOS="1804"/>
<String CONTENT="W." HEIGHT="39" WIDTH="70" VPOS="3394" HPOS="1830"/>
<SP HEIGHT="39" WIDTH="26" VPOS="3393" HPOS="1901"/>
<String CONTENT="Henney," HEIGHT="48" WIDTH="216" VPOS="3393" HPOS="1928"/>
</TextLine>
<TextLine HEIGHT="48" WIDTH="953" VPOS="3448" HPOS="223">
<String CONTENT="for" HEIGHT="39" WIDTH="79" VPOS="3448" HPOS="223"/>
<SP HEIGHT="37" WIDTH="23" VPOS="3451" HPOS="303"/>
<String CONTENT="the" HEIGHT="39" WIDTH="79" VPOS="3449" HPOS="327"/>
<SP HEIGHT="29" WIDTH="24" VPOS="3459" HPOS="407"/>
<String CONTENT="state" HEIGHT="37" WIDTH="127" VPOS="3451" HPOS="432"/>
<SP HEIGHT="29" WIDTH="24" VPOS="3459" HPOS="560"/>
<String CONTENT="of" HEIGHT="38" WIDTH="49" VPOS="3449" HPOS="585"/>
<SP HEIGHT="40" WIDTH="26" VPOS="3448" HPOS="635"/>
<String CONTENT="Ohio," HEIGHT="48" WIDTH="135" VPOS="3448" HPOS="662"/>
<SP HEIGHT="48" WIDTH="26" VPOS="3448" HPOS="798"/>
<String CONTENT="Columbus," HEIGHT="48" WIDTH="272" VPOS="3448" HPOS="825"/>
<SP HEIGHT="47" WIDTH="26" VPOS="3449" HPOS="1098"/>
<String CONTENT="O." HEIGHT="39" WIDTH="51" VPOS="3449" HPOS="1125"/>
</TextLine>
<TextLine HEIGHT="70" WIDTH="860" VPOS="3536" HPOS="152" STYLEREFS="StyleId-76A9900D-2AE5-4B09-AAF7-053FB16AFBE6-" CS="1">
<String CONTENT="[Porte," HEIGHT="68" WIDTH="211" VPOS="3536" HPOS="152"/>
<SP HEIGHT="65" WIDTH="29" VPOS="3539" HPOS="364"/>
<String CONTENT="Roy" HEIGHT="63" WIDTH="129" VPOS="3539" HPOS="394"/>
<SP HEIGHT="63" WIDTH="27" VPOS="3539" HPOS="524"/>
<String CS="1" CONTENT="Trewin]" HEIGHT="69" WIDTH="250" VPOS="3537" HPOS="552"/>
<SP HEIGHT="64" WIDTH="37" VPOS="3542" HPOS="803"/>
<String CONTENT="1876-" HEIGHT="54" WIDTH="171" VPOS="3538" HPOS="841"/>
</TextLine>
<TextLine HEIGHT="71" WIDTH="1919" VPOS="3613" HPOS="226" STYLEREFS="StyleId-A80319B5-32D3-45E9-81BF-250EF3ABE5D3-">
<String CONTENT="The" HEIGHT="52" WIDTH="120" VPOS="3613" HPOS="226"/>
<SP HEIGHT="49" WIDTH="35" VPOS="3632" HPOS="347"/>
<String CONTENT="golden" HEIGHT="67" WIDTH="204" VPOS="3614" HPOS="383"/>
<SP HEIGHT="33" WIDTH="36" VPOS="3632" HPOS="588"/>
<String CONTENT="age" HEIGHT="50" WIDTH="102" VPOS="3632" HPOS="625"/>
<SP HEIGHT="34" WIDTH="35" VPOS="3633" HPOS="728"/>
<String CONTENT="of" HEIGHT="53" WIDTH="63" VPOS="3614" HPOS="764"/>
<SP HEIGHT="69" WIDTH="35" VPOS="3614" HPOS="828"/>
<String CONTENT="printing." HEIGHT="69" WIDTH="275" VPOS="3614" HPOS="864"/>
<SP HEIGHT="54" WIDTH="75" VPOS="3614" HPOS="1140"/>
<String CONTENT="Salt" HEIGHT="54" WIDTH="125" VPOS="3614" HPOS="1216"/>
<SP HEIGHT="52" WIDTH="36" VPOS="3616" HPOS="1342"/>
<String CONTENT="Lake" HEIGHT="53" WIDTH="154" VPOS="3614" HPOS="1379"/>
<SP HEIGHT="55" WIDTH="37" VPOS="3614" HPOS="1534"/>
<String CONTENT="City," HEIGHT="70" WIDTH="151" VPOS="3614" HPOS="1572"/>
<SP HEIGHT="68" WIDTH="35" VPOS="3616" HPOS="1724"/>
<String CONTENT="Utah," HEIGHT="69" WIDTH="175" VPOS="3615" HPOS="1760"/>
<SP HEIGHT="69" WIDTH="37" VPOS="3615" HPOS="1936"/>
<String CONTENT="Porte" HEIGHT="54" WIDTH="171" VPOS="3615" HPOS="1974"/>
</TextLine>
<TextLine HEIGHT="62" WIDTH="838" VPOS="3691" HPOS="155" STYLEREFS="StyleId-A80319B5-32D3-45E9-81BF-250EF3ABE5D3-">
<String CONTENT="publishing" HEIGHT="62" WIDTH="333" VPOS="3691" HPOS="155"/>
<SP HEIGHT="43" WIDTH="28" VPOS="3710" HPOS="489"/>
<String CONTENT="company," HEIGHT="43" WIDTH="294" VPOS="3710" HPOS="518"/>
<SP HEIGHT="58" WIDTH="31" VPOS="3695" HPOS="813"/>
<String CONTENT="1934." HEIGHT="51" WIDTH="148" VPOS="3695" HPOS="845"/>
</TextLine>
<TextLine HEIGHT="49" WIDTH="374" VPOS="3762" HPOS="230" CS="1">
<String CONTENT="[62]" HEIGHT="49" WIDTH="82" VPOS="3762" HPOS="230"/>
<SP HEIGHT="37" WIDTH="37" VPOS="3774" HPOS="313"/>
<String CONTENT="p." HEIGHT="36" WIDTH="43" VPOS="3774" HPOS="351"/>
<SP HEIGHT="40" WIDTH="63" VPOS="3763" HPOS="395"/>
<String CS="1" CONTENT="16&#189;" HEIGHT="40" WIDTH="59" VPOS="3763" HPOS="459"/>
<String STYLE="superscript" CONTENT="cm" HEIGHT="21" WIDTH="45" VPOS="3766" HPOS="547"/>
<String CONTENT="." HEIGHT="7" WIDTH="7" VPOS="3795" HPOS="597"/>
</TextLine>
<TextLine HEIGHT="49" WIDTH="912" VPOS="3819" HPOS="227" CS="1">
<String CONTENT="&#8220;Copyrighted" HEIGHT="49" WIDTH="352" VPOS="3819" HPOS="227"/>
<SP HEIGHT="38" WIDTH="32" VPOS="3822" HPOS="580"/>
<String CS="1" CONTENT="&#8230;"/>
<SP HEIGHT="39" WIDTH="31" VPOS="3822" HPOS="659"/>
<String CONTENT="by" HEIGHT="46" WIDTH="61" VPOS="3822" HPOS="691"/>
<SP HEIGHT="47" WIDTH="29" VPOS="3821" HPOS="753"/>
<String CONTENT="R." HEIGHT="40" WIDTH="54" VPOS="3821" HPOS="783"/>
<SP HEIGHT="39" WIDTH="30" VPOS="3822" HPOS="838"/>
<String CONTENT="T." HEIGHT="39" WIDTH="50" VPOS="3822" HPOS="869"/>
<SP HEIGHT="38" WIDTH="30" VPOS="3823" HPOS="920"/>
<String CONTENT="Porte.&#8221;" HEIGHT="40" WIDTH="188" VPOS="3822" HPOS="951"/>
</TextLine>
<TextLine HEIGHT="55" WIDTH="1992" VPOS="3876" HPOS="157">
<String CONTENT="&#169;" HEIGHT="51" WIDTH="50" VPOS="3876" HPOS="157"/>
<SP HEIGHT="51" WIDTH="28" VPOS="3876" HPOS="208"/>
<String CONTENT="June" HEIGHT="40" WIDTH="127" VPOS="3881" HPOS="237"/>
<SP HEIGHT="39" WIDTH="26" VPOS="3882" HPOS="365"/>
<String CONTENT="1," HEIGHT="47" WIDTH="39" VPOS="3882" HPOS="392"/>
<SP HEIGHT="47" WIDTH="29" VPOS="3882" HPOS="432"/>
<String CONTENT="1934;" HEIGHT="47" WIDTH="140" VPOS="3881" HPOS="462"/>
<SP HEIGHT="45" WIDTH="31" VPOS="3883" HPOS="603"/>
<String CONTENT="2c." HEIGHT="39" WIDTH="67" VPOS="3883" HPOS="635"/>
<SP HEIGHT="30" WIDTH="31" VPOS="3892" HPOS="703"/>
<String CONTENT="and" HEIGHT="39" WIDTH="95" VPOS="3882" HPOS="735"/>
<SP HEIGHT="39" WIDTH="29" VPOS="3882" HPOS="831"/>
<String CONTENT="aff." HEIGHT="40" WIDTH="80" VPOS="3881" HPOS="861"/>
<SP HEIGHT="39" WIDTH="32" VPOS="3882" HPOS="942"/>
<String CONTENT="July" HEIGHT="47" WIDTH="115" VPOS="3882" HPOS="975"/>
<SP HEIGHT="46" WIDTH="30" VPOS="3883" HPOS="1091"/>
<String CONTENT="16;" HEIGHT="47" WIDTH="80" VPOS="3882" HPOS="1122"/>
<SP HEIGHT="46" WIDTH="32" VPOS="3883" HPOS="1203"/>
<!-- cceid C3369A75-6C64-1014-8713-889FF4349C01 --><String CONTENT="A" HEIGHT="38" WIDTH="41" VPOS="3883" HPOS="1236"/>
<SP HEIGHT="40" WIDTH="28" VPOS="3883" HPOS="1278"/>
<String CONTENT="73472;" HEIGHT="47" WIDTH="170" VPOS="3884" HPOS="1307"/>
<SP HEIGHT="48" WIDTH="34" VPOS="3883" HPOS="1478"/>
<String CONTENT="R." HEIGHT="41" WIDTH="56" VPOS="3883" HPOS="1513"/>
<SP HEIGHT="40" WIDTH="30" VPOS="3884" HPOS="1570"/>
<String CONTENT="T." HEIGHT="40" WIDTH="51" VPOS="3884" HPOS="1601"/>
<SP HEIGHT="39" WIDTH="31" VPOS="3885" HPOS="1653"/>
<String CONTENT="Porte," HEIGHT="46" WIDTH="158" VPOS="3885" HPOS="1685"/>
<SP HEIGHT="47" WIDTH="34" VPOS="3884" HPOS="1844"/>
<String CONTENT="Salt" HEIGHT="41" WIDTH="107" VPOS="3884" HPOS="1879"/>
<SP HEIGHT="38" WIDTH="27" VPOS="3885" HPOS="1987"/>
<String CONTENT="Lake" HEIGHT="40" WIDTH="134" VPOS="3884" HPOS="2015"/>
</TextLine>
<TextLine HEIGHT="49" WIDTH="471" VPOS="3937" HPOS="225">
<String CONTENT="City." HEIGHT="48" WIDTH="122" VPOS="3937" HPOS="225"/>
<SP HEIGHT="48" WIDTH="68" VPOS="3938" HPOS="348"/>
<String CONTENT="(34-20603)" HEIGHT="48" WIDTH="279" VPOS="3938" HPOS="417"/>
</TextLine>
</TextBlock>
</PrintSpace>
</Page>
</Layout>
</alto>