2350 4196
1116 3999 96 53 572

187 377 338 52 Kaufmann
555 376 275 52 research
858 374 368 55 foundation.

254 451 57 52 A
336 453 168 52 series
532 451 64 52 of
622 453 190 50 eleven
840 451 160 52 radio
1029 450 146 52 talks
1205 469 70 33 on
1304 449 211 52 science
1544 449 59 50 in
1632 449 235 67 buying,
1895 449 75 68 by
1999 449 76 53 H.
2104 450 67 51 B.

192 525 1976 69 Meller … Ruth E. Brooks … O. F. Hedenburg … [and others]
188 601 1988 72 with an introduction by Edgar J. Kaufmann … announcing
186 683 96 53 the
310 682 339 53 Kaufmann
680 683 256 51 research
970 681 355 53 foundation.
1396 679 324 69 Sponsored
1752 681 75 68 by
1858 681 96 53 the
186 680 1965 133 Kaufmann
394 760 256 53 research
687 759 346 53 foundation
1069 760 110 51 and
1216 758 303 52 broadcast
1558 757 155 53 from
1749 759 98 51 the
1882 759 188 53 studio
2111 758 64 54 of

186 839 212 53 station
425 837 238 54 WCAE
694 855 57 34 as
784 856 31 34 a
847 836 221 53 feature
1099 835 64 54 of
1191 834 385 54 Kaufmann’s
1610 837 145 51 62nd
1787 836 387 69 anniversary,

185 916 152 53 June
373 919 149 49 1933.
601 914 376 68 [Pittsburgh,
1014 920 18 21 c
1037 916 149 63 1934]

258 987 97 49 105,
393 990 54 48 [1]
480 998 41 37 p.
584 986 53 41 23
643 989 43 21 cm
691 1019 7 7 .

191 1056 1985 51 © Mar. 2, 1934; 2c. and aff. Mar. 7; A 70540; Kaufmann department
257 1118 167 45 stores,
452 1116 103 46 inc.,
584 1114 299 48 Pittsburgh.
949 1113 276 48 (34-11092)

183 1218 311 66 Kinsceila,
522 1219 181 53 Hazel
733 1219 309 55 Gertrude.

255 1296 185 54 Music
481 1316 71 34 on
590 1297 96 52 the
726 1297 103 66 air,
867 1297 76 65 by
980 1296 182 52 Hazel
1201 1296 282 55 Gertrude
1522 1296 289 52 Kinsceila;
1887 1296 284 56 foreword

185 1374 74 68 by
285 1376 100 51 Dr.
413 1375 220 53 Walter
658 1375 314 51 Damrosch;
1031 1372 388 55 introduction
1445 1374 34 52 by
1545 1375 102 51 Dr.
1676 1373 208 54 Daniel
1912 1375 259 67 Gregory

186 1451 216 53 Mason.
477 1452 139 52 New
641 1452 179 65 York,
846 1453 120 51 The
991 1450 218 68 Viking
1238 1469 172 48 press,
1440 1456 149 49 1934.

257 1521 133 51 xviii,
419 1524 86 40 438
536 1534 42 37 p.
639 1524 169 47 plates,
841 1526 161 46 ports.,
1036 1533 123 37 map.
1218 1524 55 37 22
1277 1526 43 20 cm
1326 1556 7 7 .

262 1582 224 38 Includes
525 1580 209 47 articles,
775 1591 143 37 many
957 1580 195 39 written
1188 1580 60 47 by
1286 1580 180 47 special
1504 1580 306 47 authorities,
1850 1592 59 28 on
1947 1583 137 46 types
2122 1582 53 40 of

192 1637 149 40 music
373 1639 93 38 and
496 1648 59 28 on
586 1637 202 39 musical
819 1636 318 40 instruments;
1196 1648 62 28 an
1291 1636 183 40 outline
1503 1637 52 40 of
1583 1638 82 39 the
1694 1637 189 48 history
1913 1638 51 39 of
1992 1639 152 40 music;

191 1694 94 39 and
318 1704 25 29 a
379 1693 195 47 section,
608 1693 369 48 “Biographical
1009 1693 219 40 sketches
1262 1693 51 40 of
1344 1703 272 38 composers
1647 1696 94 38 and
1773 1695 402 47 interpretations

189 1750 51 38 of
265 1750 127 39 their
419 1749 237 48 principal
684 1750 188 39 works”
909 1751 65 46 (p.
1003 1749 225 48 257-407)

191 1817 1982 54 © Apr. 16 1934; 2c. May 12; aff. Apr. 17; A 72452; H. G. Kinsceila,
263 1877 205 48 Lincoln,
492 1878 114 39 Neb,
670 1877 277 48 (34-27131)

183 1981 1988 146 Leçons de jeudi soir à la Clinique Tarnier, par mm. A. Brindeau, L Brouha … Avec 39 figures. (Neuvième année
253 2136 159 67 1932)
497 2136 183 66 Paris,
711 2138 176 66 Vigot
921 2137 195 65 frères,
1150 2141 148 51 1933.

259 2209 1033 50 2 p. l., 179, [1] p. illus., tables. 25½ cm .
189 2276 1970 101 © Oct. 15, 1933; 1c. May 15, 1934; A- Foreign 24666; Vigot frères, éditeurs.
183 2446 260 65 Ludwig,
480 2447 169 63 Emil,
686 2449 169 49 1881-

255 2523 146 54 Nine
433 2524 195 52 etched
663 2523 152 53 from
847 2524 122 66 life,
1001 2524 34 52 by
1107 2525 154 52 Emil
1292 2527 246 68 Ludwig:
1602 2529 244 66 Nansen,
1880 2530 290 66 Masaryk,

183 2602 235 65 Briand,
447 2602 318 52 Rathenau.
795 2602 202 65 Motta,
1027 2603 183 66 Lloyd
1241 2604 236 68 George,
1504 2606 314 65 Venizelos,
1848 2607 319 66 Mussolini,

185 2678 201 54 Stalin.
462 2680 138 51 New
631 2679 178 64 York,
840 2681 49 51 R
936 2681 79 52 M.
1046 2680 275 54 McBride
1349 2686 44 49 &
1423 2701 297 49 company,
1755 2688 147 48 1934.

257 2749 95 48 xiv,
381 2751 83 40 383
494 2763 41 36 p.
596 2750 55 39 22½
684 2753 43 22 cm
733 2783 7 8 .

259 2805 159 42 “First
448 2807 224 41 edition.”

188 2872 1980 59 © May 4, 1934; 2c. May 19; aff. May 17; A 71694; E. Ludwig, Moscia,
254 2934 200 46 Ascona,
484 2933 332 40 Switzerland.
883 2935 276 47 (34-27132)

183 3037 315 65 McKenna,
530 3041 138 50 Mrs.
701 3040 235 51 Marthe
969 3041 354 62 (Cnokaert)

255 3113 1907 76 Spies I knew, by Marthe McKenna … New York, R. M.
182 3189 272 55 McBride
484 3197 44 48 &
559 3212 294 49 company,
885 3199 148 48 1934.

255 3272 79 37 xx,
361 3263 172 40 21-266
560 3274 42 37 p.
661 3263 162 50 front.,
850 3269 169 45 plates,
1046 3270 160 44 ports.,
1232 3267 214 43 facsims.
1507 3272 55 39 21
1565 3274 44 21 cm
1615 3304 8 8 .

187 3316 1981 59 © Mar. 29, 1934; 2c. May 4; aff. May 3; A 72300; Marthe McKenna.
257 3377 403 48 Westroosebeke,
691 3379 89 40 Les
809 3380 217 46 Roulers,
1057 3381 233 48 Belgium.
1359 3384 278 49 (34-12157)

177 3477 307 67 Mathews,
515 3481 160 53 Basil
705 3483 237 63 Joseph,
977 3485 169 53 1879-

251 3556 1912 76 World tides in the Far East, by Basil Mathews … New
184 3632 942 75 York, Friendship press [ c 1934]
255 3705 46 39 vi
327 3716 28 36 p.,
411 3706 25 38 1
482 3737 22 15 l.,
530 3707 84 39 134
640 3718 41 37 p.
742 3709 125 41 illus.
897 3711 158 48 (map)
1127 3713 54 40 19½
1212 3716 44 22 cm
1262 3746 7 8 .

254 3761 137 47 Maps
420 3773 58 28 on
504 3762 359 50 lining-papers.

255 3815 1040 59 “A selected reading list”: p. [ 176]-180.
183 3868 1976 65 © Jan. 15, 1934; 2c. and aff. May 5; A 71505; G. Q. LeSourd. New York.
261 3928 277 50 (34-12161)
