2350 4196
1109 4007 132 49 1426

195 385 348 66 Mackinlay,
576 387 160 54 Leila
764 388 278 64 Sterling,
1077 391 166 50 1910-

190 464 1964 143 Shadow lawn, by Leila S. Mackinlay … London and Melbourne,
443 541 199 66 Ward,
669 541 153 52 Lock
851 545 45 48 &
923 561 96 33 co..
1047 540 218 54 limited
1303 543 169 64 [1934]

261 614 86 40 320
376 625 42 36 p.
480 613 54 40 19
537 616 42 21 cm
587 647 6 6 .

196 667 51 51 ©
277 672 64 39 1c.
380 672 126 46 Sept.
537 670 68 41 20.
640 670 140 41 1934:
815 672 38 37 A
886 673 60 37 ad
978 673 84 37 int.
1097 670 167 40 19468;
1299 671 140 46 pubd.
1477 671 125 46 Sept.
1639 672 50 37 7:
1726 671 47 37 L.
1813 671 42 39 S.
1889 670 289 48 Mackinlay.

262 729 210 38 London.
545 727 277 49 (34-36224)

196 830 286 64 Magaret,
514 832 237 60 Helene,
784 833 169 49 1906-

264 907 120 51 The
423 908 356 67 trumpeting
818 926 164 34 crane
1028 908 108 67 [by]
1180 908 217 52 Helene
1434 909 291 65 Magaret;
1769 908 298 52 decorated
2145 927 35 48 by

193 985 192 54 James
421 985 160 52 Reid.
656 986 137 51 New
828 986 178 66 York,
1041 988 213 50 Farrar
1289 985 112 52 and
1434 986 298 55 Rinehart,
1765 986 417 67 incorporated,

196 1067 147 49 1934.

263 1139 26 36 4
317 1149 42 36 p.
425 1168 8 15 l.,
463 1136 145 40 3-159
636 1148 42 37 p.
739 1137 126 41 illus.
925 1137 56 39 21
985 1139 42 21 cm
1033 1169 7 8 .

264 1195 36 35 A
335 1194 249 39 narrative
616 1204 147 37 poem.

197 1247 1983 51 © Oct. 18. 1934: 2c. Oct. 20: aff. Oct. 19: A 76677: H. Magaret. Omaha.
274 1306 278 49 (34-35859)

196 1397 201 57 Mario,
435 1396 253 64 Queena,
724 1401 169 49 1896-

263 1473 237 52 Murder
533 1476 60 50 in
627 1473 94 53 the
755 1491 171 49 opera
958 1474 189 65 house,
1179 1473 73 66 by
1289 1472 227 62 Queena
1553 1474 201 51 Mario.
1832 1474 137 50 New
2004 1474 178 66 York,

195 1551 961 66 E. P. Dutton & co., inc. [ c 1934]
264 1625 83 40 286
379 1636 41 36 p.
480 1625 127 38 illus.
638 1624 160 47 (plan)
870 1623 53 39 19½
957 1626 43 20 cm
1007 1656 6 6 .

294 1683 39 37 “A
358 1682 187 38 Dutton
571 1681 105 39 clue
703 1683 224 44 mystery.”

294 1739 129 39 “First
457 1737 223 41 edition.”

198 1792 1983 50 © Nov. 1, 1934 : 2c. and aff. Nov. 2 : A 76868 : E. P. Durton & co., inc.
276 1852 276 47 (34-35881)

198 1940 243 53 Medical
483 1940 325 63 protective
852 1956 100 47 co.,
995 1942 145 51 Fort
1185 1942 230 63 Wayne.
1490 1941 136 52 Law
1671 1940 171 65 dept.,
1888 1940 296 62 Wheaton,

263 2021 94 50 Ill.

264 2093 168 53 Brief
469 2112 71 34 on
580 2093 366 68 malpractice
987 2095 126 65 law,
1153 2093 73 68 by
1267 2094 95 51 the
1402 2093 137 52 Law
1582 2094 360 65 department
1985 2093 64 52 of
2090 2092 94 52 the

195 2170 243 54 Medical
468 2171 315 68 protective
812 2189 279 49 company
1122 2170 62 52 of
1217 2171 142 52 Fort
1390 2171 237 68 Wayne,
1657 2169 266 67 Indiana,
195 2170 1966 147 Wheaton,

328 2249 244 52 Illinois.
662 2249 262 65 [Aurora,
971 2248 112 67 Ill.,
1131 2248 239 52 Printed
1417 2248 74 69 by
1539 2249 94 51 the
1684 2247 358 55 Strathmore
2087 2264 97 49 co.,

193 2333 17 21 c
216 2329 151 62 1934]

261 2397 637 50 2 p. l. , vi, 291 p. 25½c m .
198 2455 1986 50 © Oct. 10. 1934: 2c. and aff. Oct. 12: A 76521: Medical protective co..
265 2516 251 39 Wheaton.
549 2516 72 38 Ill.
694 2514 277 47 (34-35824)

197 2600 249 68 Medina,
476 2603 220 53 Harold
725 2604 325 63 Raymond,
1081 2606 168 49 1888-

265 2678 307 69 Summary
604 2678 63 52 of
700 2679 94 52 the
829 2680 109 51 law
973 2678 64 53 of
1071 2679 288 68 pleading,
1394 2680 248 67 practice
1678 2681 113 51 and
1826 2679 261 52 evidence
2122 2676 60 54 in

194 2755 1928 70 the state of New York, with forms, by Harold R. Medina …
197 2835 129 51 11th
355 2835 83 52 ed.
509 2834 156 66 [New
694 2833 178 67 York]
911 2836 148 49 1934.

264 2906 26 39 2
317 2916 42 37 p.
411 2938 21 15 l.,
463 2907 84 39 185
574 2916 42 37 p.
678 2905 54 40 19½c
782 2907 26 21 m
815 2938 7 7 .

200 2962 1983 50 © Aug. 31. 1934: 2c. Oct. 24: aff. Oct. 25: A 75924; H. R. Medina. New
273 3023 136 37 York.
482 3021 277 47 (34-35825)

198 3114 326 62 Meyerson,
555 3113 251 52 Edward
835 3113 64 54 L.

267 3189 228 56 Parcae,
539 3189 73 67 by
656 3189 251 51 Edward
952 3191 63 50 L.
1059 3190 312 66 Meyerson.
1448 3190 136 52 New
1629 3190 178 65 York,
1851 3190 119 52 The
2014 3192 169 51 Poets

200 3285 168 48 press,
407 3270 146 50 1934.

267 3339 700 49 82 p., 1 l. 1 illus. 20½ cm .
269 3397 179 40 Poems.

269 3453 160 39 “First
465 3452 224 41 edition.”

201 3505 1982 50 © Oct. l. 1934: 2c. and aff. Oct. 23: A 75906; E. L. Meyerson, Brooklyn.
278 3564 277 44 (34-35858)

201 3654 222 63 Milton,
453 3656 224 62 George
713 3657 156 60 Fort,
903 3660 169 48 1894—

269 3733 118 50 The
426 3751 95 32 eve
562 3732 61 51 of
662 3730 250 54 conflict:
959 3731 247 66 Stephen
1246 3734 68 49 A.
1355 3734 255 66 Douglas
1652 3734 110 51 and
1801 3734 93 51 the
1934 3732 248 52 needless

202 3808 1979 68 war. by George Fort Milton … Boston and New York,
198 3885 313 67 Houghton
545 3884 197 55 Mifflin
772 3905 293 48 company,
1097 3890 145 51 1934.
