2350 4296
1084 4003 98 48 905

148 353 312 54 American
494 355 277 52 institute
801 355 63 52 of
895 354 390 63 cooperation.

218 430 305 53 American
567 431 363 67 cooperation
948 450 10 47 ;
1007 450 31 33 a
1082 431 293 53 collection
1420 430 63 52 of
1526 448 206 49 papers
1778 428 111 53 and
148 429 1971 134 discussions

336 508 1808 68 comprising the ninth summer session … at the greater
148 585 335 67 University
514 587 63 51 of
607 587 186 53 North
826 586 287 67 Carolina,
1143 590 144 48 state
1317 587 210 65 college
1558 586 63 53 of
1652 585 348 67 agriculture
2031 586 111 51 and

148 664 383 68 engineering,
598 665 261 68 Raleigh,
925 665 185 52 North
1177 665 288 55 Carolina,
1531 664 141 65 July
1737 666 188 64 24-29,
1994 667 148 48 1933.

146 742 398 68 Washington,
582 743 120 53 The
738 743 304 52 American
1076 743 261 51 institute
1373 742 62 53 of
1471 741 363 67 cooperation
1876 774 11 33 [
1894 748 16 20 c
1917 745 150 62 1934]

219 828 43 34 x,
293 816 86 40 588
404 827 42 36 p.
503 816 54 40 23½
592 818 42 20 cm
641 848 7 7 .

153 868 50 52 ©
246 873 114 47 July
398 873 68 47 21,
507 873 139 42 1934;
689 872 66 41 2c.
796 875 95 37 and
931 872 81 40 aff.
1055 872 113 47 July
1209 872 81 47 24;
1334 872 40 38 A
1413 871 170 42 74298;
1627 871 158 41 Amer,
1827 871 225 40 institute
2094 872 51 40 of

220 930 321 47 cooperation.

145 1018 315 55 American
492 1019 153 54 socie
651 1023 66 60 ty
748 1022 63 51 of
842 1019 423 53 international
1294 1019 129 53 law.

215 1095 1927 69 Proceedings … at its twenty-eighth annual meeting, held
148 1179 58 47 at
234 1174 402 68 Washington,
667 1178 70 50 D.
773 1176 80 66 C.,
885 1175 169 67 April
1089 1177 186 62 26-28,
1310 1177 148 49 1934.
1524 1175 401 66 Washington,
1958 1177 69 50 D.
2065 1177 77 63 C.,

145 1254 121 51 The
300 1254 242 65 Society,
575 1255 148 49 1934.

218 1326 82 48 xii,
329 1327 85 39 247
443 1337 41 37 p.
542 1326 25 39 26
601 1328 42 20 cm
649 1358 6 7 .

152 1379 1976 52 © Aug. 1, 1934 ; 2c. and aff. Aug. 6 ; A 73757 ; Amer. soc. of internati.
218 1442 106 38 law.

144 1532 330 62 Benedetti,
505 1531 155 53 Juan
692 1531 287 63 Rranger.

215 1605 248 54 Medical
502 1611 305 47 treatment
848 1605 63 53 of
952 1624 214 49 cancer,
1207 1606 112 52 and
1361 1607 74 52 its
1478 1624 146 49 cure,
1666 1606 75 69 by
1783 1606 55 56 J,
1883 1607 260 67 Branger

149 1683 315 68 Benecletti,
492 1703 65 33 m.
588 1704 46 33 d.
701 1684 138 53 New
868 1685 179 66 York,
1079 1687 147 49 1934.

215 1757 56 40 34
300 1768 41 37 p.
403 1756 55 40 23
463 1760 42 20 cm
511 1790 7 7 .

151 1812 49 51 ©
228 1817 114 46 May
366 1816 67 46 31,
461 1815 140 41 1934;
630 1816 66 39 2c.
724 1816 115 47 July
867 1816 51 45 2;
948 1815 81 40 aff.
1057 1816 115 47 July
1198 1816 54 39 10
1271 1826 7 36 ;
1308 1816 41 38 A
1375 1816 169 46 73382;
1576 1816 43 39 J.
1648 1817 51 38 B.
1729 1815 270 48 Benedetti,
2029 1817 116 38 New

222 1874 141 39 York.
436 1872 279 48 (34-20419)

145 1961 349 66 Blanchard,
526 1963 244 54 Charles
802 1963 193 64 Elton,
1028 1969 169 49 1868-

217 2038 168 55 Office
422 2040 246 67 practice
706 2039 93 53 for
837 2040 93 52 the
970 2040 228 67 general
1235 2039 345 68 practician;
1622 2060 31 33 a
1691 2040 351 68 symposium
2081 2039 62 54 of

147 2118 273 65 practical
449 2118 276 66 methods,
753 2118 76 67 by
860 2116 235 55 Charles
1127 2118 175 52 Elton
1332 2118 348 67 Blanchard,
1768 2162 8 8 M.
1847 2162 8 8 D.
1889 2119 112 52 and

145 2119 1973 129 collaborators
505 2195 239 53 selected
790 2195 92 53 for
927 2196 147 52 their
1117 2196 133 52 skill
1293 2197 113 51 and
1451 2196 327 67 experience
1824 2197 140 51 with
2011 2198 132 50 each

146 2272 1998 70 subject discussed … Youngstown, O., Medical success press,
148 2353 149 50 1934.

215 2424 84 39 371
328 2435 42 37 p.
432 2425 128 40 illus.
620 2423 55 41 23½
709 2427 43 20 cm
757 2458 7 6 .

215 2479 348 48 Bibliography
590 2483 50 37 at
666 2482 91 38 end
785 2481 50 39 of
861 2483 96 37 two
984 2482 51 39 of
1062 2482 80 39 the
1172 2481 208 40 articles.

150 2535 49 51 ©
229 2540 116 46 July
370 2540 38 46 5,
436 2539 139 45 1934;
605 2540 64 39 2c.
700 2541 94 38 and
821 2539 81 40 aff.
931 2540 117 46 July
1073 2540 80 45 10;
1183 2540 40 38 A
1251 2540 142 39 74170
1412 2551 7 32 ;
1452 2540 47 41 G.
1530 2542 50 37 E.
1611 2542 292 47 Blanchard,
220 2543 1907 99 Youngstown,
392 2596 49 40 O.
514 2596 279 47 (34-20415)

144 2684 202 66 Breed,
381 2686 244 54 Charles
656 2686 241 65 Blaney,
932 2686 171 53 1875-

213 2763 121 50 The
391 2763 311 68 principles
761 2764 115 52 and
932 2764 249 67 practice
1239 2765 62 52 of
1360 2767 323 65 surveying.
1781 2769 240 52 Volume
2133 2811 8 8 II.

148 2840 222 68 Higher
406 2841 325 68 surveying,
769 2843 74 66 by
882 2843 235 54 Charles
1155 2845 65 51 B.
1261 2844 184 52 Breed
1485 2845 111 51 and
1634 2845 221 67 George
1892 2846 62 51 L.

142 2848 2000 141 Hosmer … 4th ed. New T York, J. Wiley & sons, inc.; London,
145 2994 299 69 Chapman
475 3000 45 50 &
551 2997 160 66 Hall,
744 2997 240 66 limited,
1021 3001 148 48 1934.

219 3070 97 46 xix,
374 3070 53 39 603
455 3081 41 36 p.
554 3070 141 45 illus.,
725 3080 136 37 maps
890 3071 134 47 (part
1052 3071 142 48 fold.)
1231 3072 168 45 tables,
1429 3073 179 47 diagrs.
1666 3074 55 39 18½
1754 3075 43 21 cm
1803 3105 6 7 .

151 3122 49 51 ©
234 3127 116 46 .July
380 3127 67 46 17,
482 3126 139 40 1934;
657 3127 66 39 2c.
758 3128 95 38 and
888 3127 80 39 aff.
1002 3127 117 48 July
1150 3128 81 47 30;
1269 3129 39 38 A
1342 3129 136 40 73661
1504 3140 8 36 ;
1551 3130 48 40 C.
1633 3131 51 38 B.
1721 3131 169 47 Breed,
1927 3131 217 48 Newton,

215 3184 159 46 Mass.,
403 3185 94 37 and
526 3183 181 47 George
736 3183 49 40 L.
814 3184 220 46 Hosmer,
1063 3184 226 47 Woburn,
1320 3187 146 38 Mass.

143 3256 228 65 Brown,
404 3258 155 52 John
592 3258 258 55 Briscoe.

215 3333 212 52 Rescue
466 3333 153 52 from
659 3335 184 66 chaos,
882 3334 34 52 by
996 3334 53 53 J.
1094 3336 66 51 B.
1202 3336 241 67 Brown;
1487 3355 29 34 a
1558 3355 123 35 new
1722 3339 148 53 lease
1909 3358 70 34 on
2021 3338 121 54 life.

151 3408 337 66 [Oklahoma
519 3410 151 68 City]
706 3412 119 52 The
855 3413 222 66 author,
1109 3419 16 20 c
1131 3415 149 51 1934.

211 3484 149 47 xxvii,
392 3483 55 41 95
477 3493 41 38 p.
620 3485 101 45 illus.,
755 3485 177 46 diagrs.
995 3485 54 40 18½
1084 3488 43 20 cm
1132 3517 8 8 .

150 3537 49 51 ©
229 3542 114 47 July
369 3543 68 46 11,
467 3541 139 43 1834;
638 3543 64 39 2c.
733 3542 96 40 and
857 3542 81 40 aff.
968 3543 115 48 July
1111 3544 55 40 16
1184 3555 7 35 ;
1223 3544 41 39 A
1292 3545 170 47 73436;
1496 3547 41 39 J.
1567 3548 53 39 B.
1651 3549 192 46 Brown,
1876 3549 267 40 Oklahoma

219 3598 122 48 City.
413 3598 279 49 (34-20405)

144 3673 349 64 Chaumont,
525 3675 385 63 Magdeleine.

274 3751 1630 73 … La jeunesse ivre, roman. Paris, A. Michel [1934]
217 3810 456 59 254 p., 1 l. 19cm.
150 3876 1789 54 © Apr. 16, 1934; 1c. June 21; A-Foreign 24966; Albin Michel.
225 3937 278 48 (34-20201)
