2350 4196
1021 4013 134 54 1605

174 449 227 42 “Printed
431 452 48 38 in
508 453 81 40 the
621 452 173 40 United
826 454 162 39 Statos
1017 452 50 40 of
1098 452 232 39 America.”

173 507 160 40 “First
368 508 227 41 edition.”

202 562 1241 50 “Bibliographical note” at end of each chapter.
105 633 50 51 ©
184 637 117 38 Nov.
332 637 36 42 7,
397 636 140 41 1934:
567 636 65 40 2c.
706 647 70 28 Nov.
807 636 81 41 22:
921 636 80 40 aff.
1031 636 117 41 Nov.
1175 636 81 39 23:
1289 636 39 37 A
1357 634 169 43 78232;
1559 637 287 42 Longmans,
1879 637 156 40 Green
2063 638 37 38 &

170 705 65 27 co.
308 693 279 47 (34-39869)
1860 692 143 42 10331

107 800 222 52 Fisher.
363 801 201 62 Harry
596 800 168 63 Linn,
803 806 169 48 1885-

166 878 355 65 Laboratory
579 879 223 51 manual
865 877 63 52 of
984 874 230 70 organic
1269 875 324 66 chemistry,
1649 876 73 66 by
1780 877 197 65 Harry
2034 878 63 51 L.

98 953 2001 69 Fisher … 3d ed. Third printing corrected. New York,
95 1034 54 53 J.
177 1034 151 53 Wiley
395 1036 46 50 &
466 1052 145 50 sons,
639 1035 104 51 inc.;
804 1033 256 67 London,
1091 1031 295 68 Chapman
1417 1034 45 50 &
1490 1031 160 68 Hall,
1678 1031 240 68 limited,
1948 1037 147 49 1934.

171 1122 115 47 xvii,
320 1121 88 41 368
438 1132 42 37 p.
542 1121 128 41 illus.
730 1121 58 39 22½cm.
992 1120 130 49 $2.75

167 1180 149 39 Table
348 1189 60 30 on
439 1178 338 49 lining-paper.

168 1236 226 40 Includes
436 1234 364 42 “References”.

104 1275 1993 88 © Oct. 14, 1934: 2c. Oct. 16: aff. Oct. 15: A 76551 : H. L. Fisher, Passaic.
169 1364 55 41 N.
256 1364 42 38 J.
370 1362 280 48 (34-40079)

100 1466 212 65 Fuller,
341 1470 135 50 Mrs.
506 1468 141 52 Lois
672 1469 305 61 Compton.

170 1544 183 55 When
388 1544 95 52 the
519 1543 178 53 world
731 1547 49 50 is
814 1562 139 48 new,
987 1544 72 66 by
1094 1545 132 51 Lois
1264 1545 284 64 Compton
1586 1543 223 67 Fuller;
100 1544 1970 133 illustrations
288 1624 33 50 by
402 1623 183 50 Helen
631 1623 255 60 Magner.
965 1621 424 62 Philadelphia,
1432 1624 259 50 Dorrance
1767 1626 42 49 &
1852 1641 95 39 co.,
1989 1625 107 52 inc.

105 1705 191 63 [c1934]

170 1775 58 40 64
254 1786 40 36 p.
354 1774 126 39 illus.
543 1773 53 39 19½cm.
749 1774 394 48 [Contemporary
1175 1774 135 46 poets
1343 1774 50 39 of
1425 1774 261 39 Dorrance.
1718 1772 99 50 124]

169 1834 40 37 A
235 1832 241 40 chronicle
503 1832 46 37 in
578 1842 136 29 verse
743 1832 49 37 of
820 1843 22 26 a
874 1831 126 39 little
1026 1831 89 45 girl
1148 1832 57 45 by
1234 1832 83 37 her
1346 1831 201 40 mother.

103 1899 55 52 ©
184 1904 117 39 Nov.
334 1904 38 42 1,
405 1900 139 42 1934:
579 1904 64 36 2c.
724 1913 70 28 Nov.
826 1903 17 37 1
871 1913 6 28 :
915 1902 79 39 aff.
1075 1913 70 29 Nov.
1178 1901 52 46 9;
1264 1904 39 35 A
1336 1901 170 40 76984:
1543 1903 249 38 Dorrance
1824 1903 35 39 &
1892 1913 80 31 co.,
2007 1904 88 38 inc.

181 1959 279 49 (34-39942)

101 2064 208 64 Gesell,
340 2065 222 52 Arnold
592 2064 236 64 Lucius,
861 2067 170 51 1880-

167 2138 1928 69 Infant, behavior: its genesis and growth, by Arnold Gesell …
212 2215 1887 71 and Helen Thompson … assisted by Catherine Strunk
99 2293 1996 59 Amatruda … 1st ed. New York and London, McGraw-Hill
97 2373 146 54 book
273 2391 299 51 company,
602 2375 128 65 inc.,
764 2374 150 52 1934.

173 2460 99 42 viii,
302 2461 85 39 343
419 2469 42 38 p.
524 2458 126 41 illus.
711 2458 56 41 23½cm.

170 2517 99 41 The
306 2521 197 44 present
543 2516 188 40 volume
773 2517 91 39 and
908 2517 81 40 the
1032 2517 268 40 associated
1350 2527 200 31 volume.
1596 2517 202 39 “Norms
1843 2518 50 38 of
1938 2517 156 39 infant

100 2574 375 48 development”,
513 2576 160 44 report
709 2575 79 38 the
826 2574 179 40 results
1039 2575 49 36 of
1123 2586 25 27 a
1187 2585 174 37 survey
1399 2575 139 39 made
1572 2573 151 41 under
1761 2575 81 39 the
1879 2574 221 47 auspices

98 2631 53 37 of
186 2632 78 39 the
302 2631 117 40 Yale
454 2631 142 40 clinic
631 2630 50 39 of
716 2631 127 39 child
879 2630 344 47 development.
1290 2630 264 42 Extensive
1593 2632 181 38 cinema
1821 2632 190 40 records
2048 2642 27 29 of

103 2688 79 40 the
225 2698 174 35 survey
439 2688 124 39 have
602 2687 114 40 been
760 2687 198 40 codified
1001 2689 94 38 and
1137 2688 256 47 published
1436 2689 48 39 in
1527 2700 27 28 a
1597 2692 95 36 two
1736 2688 189 41 volume
1968 2689 134 40 work

100 2744 203 40 entitled
333 2746 100 37 “An
464 2746 129 38 atlas
622 2744 51 40 of
702 2744 163 41 infant
894 2744 260 41 behavior”.
1231 2746 62 47 cf.
1326 2745 125 40 Pref.
1485 2746 95 40 and
1612 2746 136 47 chap.
1809 2779 7 7 1.

168 2799 348 50 Bibliography
541 2803 52 38 at
617 2802 92 39 end
736 2801 52 39 of
812 2801 227 48 chapters
1063 2802 25 39 1
1116 2803 93 39 and
1236 2801 38 40 5.

104 2870 49 51 ©
187 2874 105 43 Oct,
320 2875 68 42 31,
422 2873 139 42 1934:
596 2876 67 41 2c.
739 2885 71 28 Nov.
844 2875 51 40 2:
932 2875 80 39 aff.
1046 2876 115 38 Nov.
1195 2875 50 41 8:
1282 2877 39 38 A
1355 2875 167 42 78305;
1561 2877 181 39 Arnold
1778 2876 172 47 Gesell,
1982 2841 116 89 few

172 2932 184 40 Haven.
429 2931 280 45 (34-40122)

101 3034 203 64 Glenn,
331 3037 144 53 Paul
502 3037 238 63 Joseph,
770 3042 171 49 1893-

104 3111 1992 151 Sociology; a class manual in the philosophy of human society, by Paul J. Glenn … St. Louis, Mo., and London, B.
101 3269 225 53 Herder
354 3271 146 51 book
528 3289 96 41 co.,
655 3274 148 49 1935.

173 3355 41 32 X,
244 3343 85 40 409
357 3356 42 35 p.
457 3343 54 40 19½cm.

106 3385 1882 77 © Nov. 22. 1934: 2c and aff. Nov. 26: A 78341 : B. Herder book co.
182 3472 254 47 (34-40285)

103 3573 206 66 Grant,
339 3576 240 61 Robert,
613 3580 170 49 1852-

172 3652 1927 71 Fourscore, an autobiography, by Robert Grant … Boston
106 3732 110 52 and
244 3733 139 52 New
411 3731 180 59 York,
622 3733 313 65 Houghton
968 3730 200 55 Mifflin
1198 3752 295 50 company,
1525 3736 149 49 1934.

173 3819 27 37 5
225 3829 41 36 p.
313 3848 6 7 l.,
365 3818 173 48 [3]-413
568 3829 40 35 p.
671 3819 127 38 front.
860 3829 75 37 pl.,
964 3821 148 45 ports.
1173 3819 52 40 21½cm

108 3885 49 51 ©
232 3901 70 30 Nov.
329 3889 69 42 23,
427 3888 139 41 1934:
597 3889 65 41 2c.
694 3891 90 38 and
815 3889 79 39 aff.
926 3890 114 40 Nov.
1071 3890 81 43 26;
1183 3893 39 37 A
1251 3892 138 39 78274
1413 3903 6 28 :
1453 3892 52 40 R.
1538 3891 168 40 Grant.
1739 3892 195 39 Boston.

184 3946 280 47 (34-39917)
