2350 4196
1004 4004 132 50 1541

93 358 83 52 De
209 358 226 65 Forest,
470 358 178 53 Louis
683 356 353 65 Effingham,
1073 359 169 51 1891-

164 433 247 68 Captain
450 434 154 53 John
643 435 326 66 Underhill,
1005 434 340 68 gentleman,
1382 433 209 54 soldier
1629 435 62 51 of
1729 435 249 67 fortune,
2014 436 73 66 by

93 508 1992 149 L. Effingham De Forest … and Anne Lawrence De Forest. New York,
464 593 69 52 N.
564 593 90 65 Y.,
681 592 120 52 The
830 594 85 51 De
945 594 201 50 Forest
1175 591 335 67 publishing
1539 609 297 49 company,
1867 595 148 49 1934.

161 663 523 49 2 p. l. , 104 p. 30 cm .
161 721 121 40 Coat
310 720 51 39 of
388 731 131 29 arms
547 732 61 29 on
638 724 94 45 t.-p.

162 777 145 40 “This
342 777 264 48 biography
640 779 51 39 of
724 779 128 38 John
889 777 250 41 Underhill
1176 788 101 29 was
1311 778 237 47 prepared
1581 777 80 39 for
1696 788 90 30 one
1818 778 51 39 of
1904 779 75 39 his
91 779 1981 102 descendants,

91 834 1980 98 Mrs. John Rainey McGinley … It will appear in a genealogical and
313 891 253 40 historical
596 892 133 39 work
759 897 46 34 to
837 893 53 40 be
919 892 202 40 entitled
1150 892 266 47 Atterbury
1447 892 95 39 and
1571 892 147 40 allied
1747 892 258 41 families.”

160 948 348 48 Bibliography:
568 959 43 37 p.
658 948 175 43 [91]-97.

94 1002 50 51 ©
181 1006 115 39 Nov.
335 1007 37 41 1,
410 1006 139 40 1934:
587 1005 65 41 2c.
692 1007 117 41 Nov.
845 1007 51 39 5:
936 1006 81 40 aff.
1056 1006 116 39 Nov.
1209 1005 53 39 12:
1327 1007 40 37 A
1403 1006 171 41 78062;
1616 1007 48 38 L.
1702 1008 49 37 E.
1793 1007 73 39 De
1902 1006 184 41 Forest,

160 1063 114 39 New
299 1063 143 39 York.
515 1063 280 48 (34-38340)

111 1152 385 66 [Destouches,
531 1154 181 53 Louis
743 1154 352 67 Ferdinand]

221 1231 1867 67 … Voyage au bout de la nuit; roman. Paris, Denoël et
91 1307 198 68 Steele,
319 1312 150 52 1932.

158 1384 778 48 4 p. l. , [11]-623, [1] p. 18½ cm .
159 1439 228 40 Author's
415 1441 178 46 pseud.,
621 1440 151 40 Louis;
796 1441 277 39 Ferdinand
1103 1440 175 48 Céline,
1308 1444 51 36 at
1386 1442 124 39 head
1539 1442 50 39 of
1617 1441 120 40 title.

92 1493 50 51 ©
178 1496 100 41 Oct.
313 1496 68 42 20,
417 1496 112 40 1932;
592 1499 65 37 1c.
693 1498 112 46 Apr.
871 1529 7 10 6,
914 1497 113 40 1934;
1092 1497 308 46 A-Foreign
1436 1498 142 40 24417;
1645 1497 223 40 Editions
1911 1497 175 39 Denoël

157 1555 47 37 et
239 1553 169 41 Steele.
480 1554 62 46 (A
562 1554 34 41 C
614 1554 173 40 33-597
808 1556 231 47 Revised)

87 1641 263 68 Dimock,
383 1645 286 53 Marshall
703 1645 272 64 Edward,
1011 1648 167 50 1903-

153 1720 684 68 Government-operated
872 1721 337 68 enterprises
1247 1722 54 52 in
1338 1724 93 51 the
1465 1724 255 51 Panama
1755 1724 162 51 canal
1952 1741 136 34 zone

90 1798 1996 69 [by] Marshall E. Dimock … with an introduction by Louis
84 1876 2002 70 Brownlow … Chicago, Ill., The University of Chicago press
90 1958 170 63 [1934]

159 2029 98 48 xxi,
290 2029 85 40 248
408 2040 41 37 p.
512 2029 177 48 diagrs.
751 2030 55 38 22
810 2032 15 21 cm
860 2062 8 8 .
941 2029 298 48 (Half-title:
1273 2029 195 42 Studies
1501 2030 50 39 in
1583 2028 162 51 public

87 2028 1983 98 administration.
261 2086 92 40 vol.
409 2086 13 47 I)

90 2139 50 51 ©
176 2143 124 47 Sept.
330 2144 68 39 25,
430 2142 140 41 1934:
603 2144 65 37 2c.
702 2142 100 40 Oct.
862 2143 52 41 13;
948 2142 79 39 aff.
1062 2142 102 41 Oct.
1194 2143 80 38 15:
1309 2144 39 36 A
1380 2143 168 40 76537;
1585 2142 282 47 University
1899 2144 51 38 of

158 2142 1908 105 Chicago,
318 2200 223 47 Chicago.
613 2199 254 48 (34-38374
880 2199 12 47 )

86 2289 224 66 Dostal,
344 2290 379 54 Wenceslaus
755 2288 279 65 Aloisius,
1071 2293 168 50 1892-

155 2368 120 53 The
313 2369 156 54 hand
508 2367 64 53 of
609 2368 156 64 God;
808 2387 31 33 a
877 2370 165 50 novel
1080 2369 75 64 by
1192 2370 87 52 W.
1320 2369 69 51 A.
1430 2369 218 52 Dostal.
1727 2370 133 51 New
1905 2369 176 65 York,
85 2444 327 55 Cincinnati
467 2453 118 59 [etc.]

618 2445 282 69 Benziger
924 2447 276 66 brothers,
1230 2452 147 48 1934.

154 2518 85 41 229
267 2528 42 37 p.
370 2519 149 41 front.
580 2519 55 40 19
638 2521 43 21 cm
688 2552 7 8 .

91 2573 50 51 ©
175 2578 101 40 Oct.
307 2577 37 44 6,
374 2577 114 39 1934;
548 2578 65 38 2c.
645 2578 116 37 Nov.
793 2577 24 36 9:
879 2576 79 41 aff.
992 2576 116 40 Nov.
1140 2580 24 34 8;
1224 2577 39 38 A
1296 2576 141 40 77179;
1499 2578 234 43 Benziger
1766 2578 124 38 bros.

169 2635 278 46 (34-38325)

87 2722 264 67 Driscoll,
386 2724 245 55 Charles
662 2722 301 65 Benedict,
998 2728 170 49 1885-

154 2801 293 54 Driscoll’s
483 2803 146 51 book
665 2801 64 52 of
764 2800 230 68 pirates,
1029 2802 75 66 by
1141 2802 234 55 Charles
1412 2805 48 50 B.
1519 2803 277 65 Driscoll;
85 2802 1971 131 illustrations

261 2881 73 67 by
367 2882 162 50 Mont
537 2880 119 52 fort
687 2881 233 64 Amory.
996 2880 424 67 Philadelphia,
1452 2881 192 52 David
1676 2881 230 66 McKay
88 2898 1971 126 company
270 2994 11 33 [
288 2965 16 20 c
312 2963 149 61 1934]

155 3031 85 40 124
270 3042 41 37 p.
344 3033 51 39 of
424 3032 129 40 illus.
613 3031 56 39 22½
702 3034 43 20 cm
752 3064 8 8 .

157 3089 100 39 The
283 3089 131 40 chief
441 3089 254 39 character
721 3089 48 38 in
800 3088 96 39 this
925 3088 120 39 book
1074 3088 40 39 is
1143 3089 80 38 the
1250 3089 195 39 famous
1472 3089 172 47 pirate.
1677 3087 208 48 Captain
1913 3089 174 39 Teach.

92 3143 50 51 ©
174 3147 99 40 Oct.
305 3149 67 39 12,
402 3147 140 38 1934:
574 3146 67 41 2c.
672 3147 93 38 and
796 3145 80 41 aff.
908 3146 116 39 Nov.
1056 3147 80 38 14:
1170 3147 37 37 A
1239 3146 168 40 78067:
1441 3146 159 39 David
1631 3146 188 46 McKay
1850 3152 66 33 co.

169 3203 278 48 (34-38323)

90 3294 190 63 Edler,
314 3295 296 54 Florence.

157 3368 274 69 Glossary
455 3368 64 54 of
542 3369 316 52 mediaeval
882 3374 173 47 terms
1081 3369 63 52 of
1167 3369 271 66 business,
1462 3368 219 53 Italian
1705 3367 187 67 series,
92 3370 1996 144 1200-1600,

89 3445 1997 149 by Florence Edler … Cambridge, Mass., The Mediaeval academy of America, 1934.
161 3608 78 37 xx,
269 3597 85 42 430
381 3608 43 38 p.
485 3596 57 42 26
546 3599 43 22 cm
594 3630 8 8 .

163 3654 127 41 “The
320 3655 273 40 Mediaeval
625 3656 230 44 academy
889 3655 52 39 of
971 3653 219 41 America
1228 3654 90 41 has
1351 3655 261 46 sponsored
1646 3655 81 39 the
1763 3654 327 46 undertaking

93 3712 92 38 and
221 3713 89 38 has
344 3711 176 45 guided
555 3712 64 39 its
656 3720 169 30 course
861 3710 548 47 throughout.”—Pref.,
1448 3712 167 45 signed:
1682 3709 55 41 N.
1777 3709 45 42 S.
1858 3710 53 40 B.
1949 3708 138 45 Gras,

92 3765 207 43 director
324 3769 52 39 of
399 3769 83 39 the
506 3767 199 48 project.

165 3822 326 50 “Appendices
519 3834 59 29 on
608 3824 222 40 business
859 3825 94 39 and
983 3824 263 40 industrial
1277 3826 150 38 terms
1456 3824 96 40 and
1583 3822 238 49 practices
1849 3834 56 30 as
1934 3822 153 41 found

96 3878 44 40 in
174 3880 81 40 the
289 3881 173 40 Medici
502 3882 280 39 documents
819 3880 51 41 of
907 3881 79 40 the
1024 3880 223 41 fifteenth
1288 3882 93 39 and
1420 3881 245 40 sixteenth
1703 3879 271 42 centuries”:
2042 3888 44 31 P.

94 3933 243 49 [333]-420.
