2350 4196
1104 4049 131 54 1177

172 421 382 63 Marmottan,
588 419 165 64 Noel,
789 422 169 49 1902-

305 490 1866 69 … Contes de Provence et d’ailleurs … Paris, E. Figuiere
197 577 175 64 [ c1 933]
244 644 748 52 2 p. l., [7]-126 p., 1 l. 19 cm .
243 713 61 41 At
334 715 124 40 head
489 714 50 41 of
569 715 134 40 title:
737 714 55 41 N.
825 714 311 40 Marmottan.

178 782 50 51 ©
263 788 111 37 Dec.
408 785 69 47 28,
540 785 84 41 1933;
689 788 65 38 1c.
789 788 112 45 May
937 788 66 45 14,
1038 784 138 47 1934;
1213 784 310 47 A-Foreign
1558 783 135 40 24681:
1766 784 53 39 N.
1858 783 312 46 Marmottan,

244 844 191 39 Tedene
472 844 288 46 (Yaueluse)
798 844 195 39 France.
1063 841 278 49 (34-28636)

168 958 224 65 Meritt,
422 961 318 61 Benjamin
772 962 181 56 Dean,
985 963 170 50 1899-
1368 959 82 52 ed.

245 1035 1925 68 The Athenian assessment of 425 B. C., by Benjamin Dean
175 1113 1996 67 Meritt … and Allen Brown West … Ann Arbor, University
175 1194 63 52 of
263 1194 298 68 Michigan
589 1212 174 50 press,
796 1199 149 49 1934.

249 1268 95 46 xiv,
383 1266 84 40 112
504 1278 42 37 p.
609 1268 141 42 illus.,
791 1269 157 47 plates
978 1268 134 48 (part
1150 1267 142 48 fold.)
1362 1267 56 40 28
1421 1269 43 21 cm
1470 1299 8 7 .
1557 1265 299 49 (Half-title:
1893 1266 279 49 University

177 1325 50 38 of
256 1325 245 47 Michigan
530 1325 198 40 studies.
789 1326 310 39 Humanistic
1129 1325 161 40 series,
1349 1326 91 39 vol.
1642 1323 14 48 XXXIII)

246 1383 100 40 The
369 1384 361 39 reconstructed
755 1385 131 37 text:
913 1384 99 39 The
1038 1383 218 39 decrees:
1282 1393 43 37 p.
1350 1382 144 40 44-47
1528 1381 318 48 (translation:
1900 1393 43 37 p.
1966 1382 169 48 47-50);

176 1440 99 41 The
303 1440 83 39 list
415 1440 51 40 of
492 1439 164 41 cities:
687 1451 40 36 p.
763 1441 185 48 [64]-69.

249 1497 346 49 Bibliography
630 1497 52 40 of
717 1497 252 48 “previous
1005 1497 296 40 discussions
1334 1498 96 38 and
1465 1498 234 47 attempts
1732 1499 50 37 at
1820 1497 323 41 restoration”:

177 1565 40 37 p.
252 1555 111 49 [43];
397 1555 131 40 “List
555 1555 50 40 of
632 1554 389 41 abbreviations“:
1080 1566 41 36 p.
1154 1553 248 50 [xiii]-xiv.

180 1623 50 51 ©
261 1628 114 45 July
405 1627 38 46 6,
472 1625 139 47 1934;
644 1626 66 38 2c.
740 1626 113 45 July
885 1625 79 41 12;
999 1625 77 38 aff.
1109 1625 116 44 Aug.
1256 1625 52 40 9;
1340 1625 40 38 A
1412 1624 169 48 74491;
1615 1626 282 46 University
1929 1626 50 39 of
246 1626 1912 105 Michigan,
381 1684 106 38 Ann
514 1684 169 38 Arbor.
749 1682 278 48 (34-27801)

172 1799 235 67 Merrill,
449 1799 340 65 Catharine,
833 1802 320 51 1824-1900.

248 1875 310 55 Catharine
598 1876 243 67 Merrill,
880 1875 105 53 life
1026 1876 112 52 and
1175 1876 212 67 letters,
1427 1875 269 53 collected
1740 1875 112 53 and
1894 1875 283 68 arranged

175 1952 2001 70 by Katharine Merrill Graydon … Greenfield, Ind., The
176 2030 260 54 Mitchell
467 2050 297 51 company,
797 2034 150 51 1934.

245 2104 85 42 483
358 2116 43 38 p.
461 2104 57 41 20
522 2107 43 21 cm
570 2137 8 8 .

180 2174 50 51 ©
261 2180 116 45 Aug.
409 2179 67 46 18,
507 2179 140 40 1934;
677 2178 66 42 2c.
773 2179 119 45 Aug.
922 2179 51 39 6:
1006 2189 25 29 a
1038 2179 49 38 if.
1118 2179 116 45 Aug.
1264 2178 82 42 30;
1380 2179 36 38 A
1448 2178 169 42 74706;
1652 2180 137 38 Ellen
1823 2178 130 47 Gray
1957 2167 94 52 Jon
2082 2179 94 39 and

252 2236 122 39 Jane
403 2236 241 46 Graydon.
674 2236 349 47 Indianapolis.
1095 2234 278 49 (34-30067)

176 2353 430 66 Montgomery,
636 2355 190 53 David
856 2356 223 63 Henry,
1112 2353 167 54 1837-

182 2430 1970 148 … The leading facts of American history, by D. H. Montgomery
508 2508 1667 70 … New rev. ed. Boston, New York [etc.] Ginn and
182 2605 277 51 company
497 2622 12 34 [
515 2595 17 20 c
538 2590 134 49 1934
678 2622 11 33 ]

251 2659 83 47 xii,
369 2660 99 47 444,
504 2659 148 40 xcviii
687 2671 41 36 p.
763 2660 109 40 incl.
907 2662 86 39 col.
1029 2661 161 47 front.,
1229 2661 128 41 illus.
1423 2672 137 37 maps
1590 2662 131 48 (part
1763 2662 194 47 double)
2032 2663 24 36 20½
2119 2663 14 20 cm
2169 2694 7 8 .

192 2717 125 45 (The
341 2717 196 46 leading
563 2717 129 40 facts
718 2717 52 40 of
797 2717 189 48 history
1014 2717 173 48 series)

253 2774 66 39 “A
344 2775 135 40 short
505 2775 82 40 list
615 2775 50 39 of
690 2776 148 38 books
864 2786 59 28 on
948 2774 254 41 American
1228 2776 216 47 history”:
1502 2787 40 36 p.
1571 2777 336 40 xxxi-xxxvii.

182 2846 50 51 ©
262 2851 114 45 Aug.
403 2850 68 41 23,
499 2850 112 40 1934;
667 2852 65 37 2c.
759 2851 117 43 Aug.
904 2850 80 40 30:
1014 2850 79 39 aff.
1124 2851 123 47 Sept.
1276 2853 16 36 1:
1357 2852 39 37 A
1423 2851 142 39 74746:
1624 2851 125 39 Ginn
1776 2852 34 38 &
1836 2862 66 29 co.

263 2907 278 48 (34-28988)

172 3024 273 66 Morgan,’
469 3026 237 58 Bayard
740 3024 245 66 Quincy,
1021 3029 166 50 1883-

180 3103 1973 129 … German review grammar and composition book, by Bayard
328 3180 1849 70 Q. Morgan … and Erwin T. Mohme … Boston, New
182 3258 160 53 York
401 3264 118 61 [etc.]
623 3302 8 8 D.
670 3259 62 55 C.
769 3261 193 51 Heath
998 3261 111 51 and
1147 3279 279 50 company
1467 3295 12 33 [
1484 3268 17 20 c
1507 3264 136 49 1934
1647 3294 11 33 ]

250 3332 63 46 ix,
347 3332 85 40 292
464 3344 42 36 p.
567 3333 163 47 front.,
764 3333 127 40 illus.
922 3334 133 46 (inch
1089 3334 25 38 2
1148 3337 136 45 port.,
1318 3336 135 47 map)
1527 3335 56 39 19
1587 3337 42 20 cm
1635 3367 7 7 .
1717 3334 228 48 (Heath’s
1978 3336 198 39 modern

179 3391 238 47 language
448 3390 173 48 series)

184 3457 1974 104 © July 31. 1934; 2c. Aug. 24: aff. Aug. 23: A 74641: B. Q. Morgan, Madison, Wis.,
533 3521 93 36 and
653 3520 162 37 Erwin
841 3520 221 38 Theodor
1088 3521 202 39 Mohme.
1318 3521 93 38 Los
1437 3522 218 42 Angeles.

264 3575 278 47 (34-29888)

175 3693 277 53 National
480 3695 307 53 Lutheran
818 3696 241 54 council.

250 3772 119 51 The
407 3773 315 51 translated
763 3772 183 59 Bible,
987 3777 338 52 1534-1934;
1369 3773 503 68 commemorating
1909 3773 96 52 the
2043 3772 135 53 four

180 3845 327 55 hundredth
559 3852 370 66 anniversary
982 3851 62 51 of
1094 3852 94 51 the
1236 3853 346 51 translation
1631 3851 63 53 of
1742 3852 96 51 the
1887 3852 167 52 Bible
2102 3852 75 67 by

182 3924 215 53 Martin
445 3927 245 65 Luther;
742 3929 187 51 issued
978 3930 180 51 under
1204 3931 95 52 the
1348 3931 254 66 auspices
1652 3929 63 53 of
1761 3930 97 54 the
1902 3930 272 54 National
