2350 4196
1165 3994 96 51 528

218 365 128 54 Van
374 365 186 65 Dyke,
588 364 210 67 Julius,
828 367 170 50 1896-

290 436 1689 74 Peking madness [by] J. Van Dyke … Garden City,
2011 437 69 52 N.
2115 437 91 64 Y.,
222 519 352 69 Doubleday,
601 518 199 53 Doran
828 520 111 51 and
969 535 294 52 company,
1295 517 124 67 inc.,
1451 518 148 49 1934.

296 594 532 52 6 p. l., 300 p. 20cm.
293 653 159 41 “First
485 652 225 42 edition.”

225 721 50 53 ©
306 726 115 46 May
444 726 40 45 2,
514 724 138 42 1934;
682 724 68 42 2c.
778 726 95 38 and
901 723 80 40 aff.
1011 725 114 46 May
1153 724 51 46 7;
1234 723 40 38 A
1304 721 140 41 71516;
1504 721 43 39 J.
1575 720 106 41 Van
1710 721 150 46 Dyke,
1890 721 210 41 London.

301 782 278 47 (34-11039)

221 886 127 54 Van
377 885 247 66 Winkle,
653 886 138 53 Mrs.
823 884 250 52 Eleanor
1103 883 269 66 (Ewing)

292 957 1914 73 California and other verses, by Eleanor Van Winkle … San
224 1041 199 70 Diego,
453 1039 194 67 Calif.,
676 1040 120 53 The
823 1041 215 66 Torrey
1065 1038 133 69 pine
1224 1056 173 50 press,
1428 1040 149 49 1934.

291 1114 55 40 62
373 1125 57 38 p.,
461 1115 26 38 1
534 1144 7 8 l.
602 1112 144 40 23½cm.

226 1181 53 53 ©
309 1186 111 46 Apr.
452 1186 67 45 17,
550 1185 140 45 1934;
723 1185 68 39 2c.
822 1185 94 38 and
947 1183 80 39 aff.
1061 1183 111 47 Apr.
1203 1183 83 45 25;
1319 1183 41 37 A
1392 1182 143 40 72146;
1595 1182 52 39 E.
1680 1183 51 37 E.
1765 1183 105 39 Van
1902 1181 205 50 Winkle,
2140 1184 67 39 La

294 1244 142 45 Jolla,
466 1241 143 41 Calif.
678 1240 277 49 (34-10897)

218 1342 224 54 Vassar
464 1343 226 67 journal
713 1343 62 52 of
797 1342 458 68 undergraduate
1276 1342 227 53 studies.
1575 1343 241 53 Volume
1952 1386 8 9 VIII.
2037 1344 172 67 [May,

291 1426 151 62 1934]
522 1422 446 68 Poughkeepsie,
998 1424 68 51 N.
1098 1423 88 64 Y.,
1215 1421 211 53 Vassar
1455 1421 209 67 college
1699 1424 190 62 [c1934]

293 1492 1101 53 2 p. l., 240 p. plates, map, diagrs. 25cm.
295 1554 118 39 Part
439 1553 50 40 of
515 1554 155 46 plates
700 1562 81 31 are
809 1552 191 48 printed
1029 1563 59 28 on
1116 1550 112 40 both
1258 1551 141 40 sides.

227 1619 50 53 ©
304 1626 113 45 May
443 1624 38 46 9,
508 1624 139 45 1934;
676 1622 66 41 2c.
771 1624 94 38 and
891 1622 82 39 aff.
1002 1623 112 46 May
1140 1623 79 44 11;
1250 1622 39 38 A
1316 1620 170 47 71595;
1515 1621 183 40 Vassar
1723 1623 192 46 college.

222 1728 239 64 Walter,
489 1726 268 58 Michael.

293 1803 116 52 Der
450 1801 433 55 selektivschutz
924 1803 146 52 nach
1111 1802 125 53 dem
1278 1800 627 70 widerstandsprinzip,
1947 1820 113 35 von
224 1802 1982 147 dr.-ing.

370 1881 78 52 M.
481 1881 235 53 Walter.
783 1880 114 52 Mit
929 1884 100 47 144
1060 1879 398 69 abbildungen.
1527 1878 285 55 München
1843 1882 117 51 und
1995 1879 215 68 Berlin,

223 1958 67 54 B.
325 1957 386 69 Oldenbourg,
745 1960 149 49 1933.

294 2031 84 39 172
409 2043 41 36 p.
515 2031 141 48 illus.,
689 2031 176 47 diagrs.
926 2030 114 40 25cm.

297 2085 604 43 “Literaturverzeichnis”
920 2097 10 29 :
968 2098 43 36 p.
1057 2084 245 52 [169]-170.

227 2154 50 53 ©
308 2159 126 47 Sept.
460 2158 68 47 29,
557 2159 111 39 1933;
725 2159 66 39 1c.
819 2159 108 38 Dec.
957 2159 81 44 14;
1067 2157 306 49 A-Foreign
1401 2158 142 40 23012;
1603 2158 52 39 R.
1687 2159 318 49 Oldenbourg.

305 2216 278 46 (34-11097)

219 2320 251 65 Waugh,
501 2319 243 64 Evelyn.

294 2391 1917 76 Ninety-two days, by Evelyn Waugh … with a map and 24
224 2472 392 54 illustrations.
687 2472 255 68 London,
976 2471 369 71 Duckworth,
1381 2476 150 50 1934.

291 2546 87 41 238
403 2559 41 36 p.
499 2548 163 45 front.,
690 2547 170 47 plates,
887 2550 163 44 ports.,
1077 2546 115 41 fold.
1222 2558 124 36 map.
1400 2547 117 40 22cm.

295 2605 98 38 The
426 2607 203 37 account
662 2604 50 39 of
745 2613 26 30 a
807 2603 202 48 tropical
1043 2602 203 50 journey
1281 2605 209 47 through
1524 2605 190 40 British
1747 2605 188 40 Guiana
1972 2607 94 38 and
2101 2608 109 44 part

225 2661 51 40 of
304 2661 178 39 Brazil.

228 2721 1980 62 © 1c. Apr. 17, 1934; A ad int. 18861; pubd. Mar. 15; E. Waugh, London.
308 2788 277 45 (34-11073)

293 2887 354 69 Ninety-two
675 2889 167 68 days;
874 2889 94 52 the
999 2894 236 47 account
1262 2888 63 53 of
1357 2908 30 34 a
1418 2888 244 68 tropical
1691 2890 240 68 journey
1961 2889 246 69 through

225 2964 222 55 British
480 2965 227 54 Guiana
740 2967 112 51 and
886 2972 132 61 part
1050 2965 64 53 of
1145 2966 213 67 Brazil,
1390 2967 77 68 by
1500 2967 222 70 Evelyn
1757 2968 244 67 Waugh.
2072 2966 140 54 New

226 3041 177 68 York,
435 3044 214 51 Farrar
680 3044 44 49 &
755 3043 296 67 Binehart,
1083 3042 105 55 inc.
1227 3046 191 65 [c1934]

296 3115 1631 55 viii p., 2 l., 3-271 p. front., plates, ports., fold map. 20cm.
297 3174 161 40 “With
484 3186 26 28 a
538 3186 109 37 map
674 3174 96 40 and
795 3176 327 46 photographs
1148 3174 60 48 by
1235 3176 82 39 the
1341 3176 219 39 author.”

230 3241 53 51 ©
309 3245 112 47 Apr.
449 3245 69 42 26,
547 3245 138 42 1934;
716 3244 65 41 2c.
813 3246 114 46 May
953 3247 65 44 1,;
1051 3244 81 41 aff.
1161 3245 112 48 Apr.
1302 3246 55 39 27;
1415 3246 40 38 A
1486 3247 166 45 71447;
1686 3249 52 37 E.
1768 3246 201 46 Waugh,
2000 3246 209 41 London.

308 3302 278 48 (34-11072)

222 3404 215 65 Welch,
463 3407 139 51 Mrs.
631 3404 204 64 Agnes
858 3405 288 55 Sheffield.

302 3476 1907 76 Panorama, poems by Agnes Sheffield Welch … Boston,
230 3556 64 56 B.
326 3556 370 69 Humphries,
728 3556 103 53 inc.
890 3560 171 65 [c1933]

297 3627 68 46 95,
401 3629 53 47 [1]
488 3639 42 37 p.
588 3628 115 40 20cm.

302 3685 182 40 “There
516 3687 122 38 have
672 3685 117 40 been
820 3686 191 46 printed
1046 3687 126 39 from
1206 3688 79 38 the
1320 3688 192 40 Lutetia
1548 3691 137 46 types
1729 3690 96 45 (set
1860 3691 60 45 by
1954 3690 128 39 hand
2115 3689 94 39 and

229 3750 108 31 now
367 3740 371 48 redistributed)
777 3743 133 39 these
939 3742 89 40 five
1057 3743 218 41 hundred
1305 3744 157 47 copies
1494 3757 58 27 on
1582 3745 211 42 Flemish
1822 3747 134 45 book,
1987 3745 221 49 properly

230 3798 319 49 constituting
573 3800 80 38 the
680 3798 204 48 original
911 3798 195 48 edition,
1130 3798 203 42 finished
1359 3800 216 49 printing
1599 3803 53 39 17
1680 3803 136 47 April
1841 3803 155 40 1933.”

230 3868 51 53 ©
312 3873 115 47 May
453 3874 66 45 13,
551 3873 139 46 1933;
723 3874 64 40 2c.
820 3875 96 38 and
944 3873 80 40 aff.
1055 3875 112 46 Apr.
1197 3876 39 42 2,
1267 3874 112 40 1934;
1440 3875 39 38 A
1510 3876 168 47 71221;
1712 3878 155 39 Bruce
1898 3875 309 47 Humphries,

296 3929 90 40 inc.
444 3930 277 47 (34-10888)
