2350 4196
1150 3999 130 48 1012

227 368 309 66 Charnley,
568 369 260 54 Mitchell
860 369 271 65 Vaughn,
1167 372 167 50 1898-

298 444 147 54 Jean
471 445 225 68 Lafitte,
723 446 322 68 gentleman
1073 445 303 68 smuggler,
1402 443 76 69 by
1505 443 261 53 Mitchell
1794 445 70 53 V.
1896 443 314 71 Charnley;

231 521 322 54 illustrated
578 522 75 69 by
678 523 114 69 Jay
818 524 129 52 Van
976 523 235 52 Everen.
1275 522 139 52 New
1442 520 178 68 York,
1648 521 120 53 The
1795 520 219 71 Viking
2041 539 173 51 press,

234 600 149 53 1934.

303 672 98 43 viii.
433 672 86 40 240
548 682 43 38 p.
651 673 135 40 front.
828 673 168 47 (port.)
1064 671 56 40 22
1124 674 43 21 cm
1172 703 7 9 .

303 726 342 49 Head-pieces;
681 728 278 41 illustrated
990 727 356 48 lining-papers.

236 782 50 50 ©
320 787 117 46 Aug.
470 787 38 42 3,
542 786 138 46 1934;
716 786 66 41 2c.
816 787 116 46 Aug.
968 787 24 39 3;
1056 785 78 40 aff.
1170 786 115 46 Aug.
1320 787 52 44 4;
1409 786 38 37 A
1484 783 140 41 74412;
1690 783 59 41 M.
1830 818 6 6 V.
1874 786 253 47 Charnley,
2165 779 48 47 %

308 844 127 38 Iowa
469 845 125 38 state
627 845 189 45 college.
849 845 154 44 Ames,
1065 854 41 28 Ia.
1179 841 277 48 (34-22753)

231 932 285 64 Comfort,
546 933 256 53 Herbert
831 932 67 56 G.

303 1007 208 54 Where
537 1009 134 54 rolls
697 1009 95 52 the
821 1010 185 65 Kern;
1040 1028 30 33 a
1097 1008 218 67 history
1345 1008 62 51 of
1433 1010 158 50 Kern
1620 1016 225 60 county,
1874 1009 340 67 California,

232 1085 75 68 by
349 1087 249 52 Herbert
642 1087 64 54 G.
756 1087 276 55 Comfort.
1107 1086 329 67 Moorpark,
1481 1085 194 68 Calif.,
1718 1088 121 51 The
1880 1087 331 67 Enterprise

233 1181 171 49 press,
435 1168 148 50 1934.

306 1238 509 47 6 p. l., 241 p. 23 cm .
307 1294 143 40 “This
478 1295 41 39 is
549 1305 26 29 a
603 1294 187 40 limited
818 1295 181 39 edition
1029 1294 50 40 of
1106 1294 136 39 three
1268 1293 222 39 hundred
1518 1291 158 49 copies
1705 1293 52 40 of
1784 1292 159 40 which
1971 1292 98 41 this
2099 1302 116 39 copy

235 1350 41 40 is
304 1351 201 40 number
533 1351 97 40 13.”

238 1404 53 50 ©
322 1408 114 39 July
469 1408 67 41 30.
571 1407 112 40 1934;
746 1406 63 40 2c.
847 1408 92 38 and
977 1406 79 40 aff.
1092 1407 115 45 Aug.
1242 1407 26 36 4;
1331 1406 40 37 A
1406 1404 140 40 74403;
1611 1405 59 40 H.
1708 1405 51 40 G.
1797 1405 231 46 Comfort,
304 1406 1895 105 Moorpark,
472 1463 143 41 Calif.
686 1464 276 47 (34-23114)

230 1541 142 52 Cots
400 1555 38 47 y
466 1540 186 63 Trías,
683 1538 276 55 Antonio.

359 1615 1858 68 … Ejercicios prácticos de ortografía castellana. Barcelona.
230 1693 287 53 Editorial
549 1696 253 55 Cvltvra,
834 1697 147 49 1933.

305 1768 416 47 58 p., 1 l. 17 cm .
306 1826 62 38 At
395 1826 124 37 head
548 1825 50 38 of
624 1825 134 38 title:
789 1823 207 40 Antonio
1027 1824 112 39 Cots
1168 1824 152 39 Trías.

308 1881 143 39 “Este
482 1881 122 39 libro
639 1891 49 29 es
723 1880 339 40 continuatión
1095 1891 24 28 o
1156 1882 342 45 complemento
1534 1882 58 38 de
1627 1883 106 39 otra
1770 1882 113 39 obra
1920 1882 214 46 nuestra,
2169 1882 48 39 la

237 1937 279 48 Ortografía
550 1939 188 38 método
771 1937 500 47 práctico.”—Introd.

239 1990 50 51 ©
322 1996 111 46 Apr.
466 1996 38 38 1.
536 1994 111 40 1933;
709 1996 65 39 1c.
808 1995 109 46 Apr.
950 1994 53 38 21;
1066 1995 305 47 A-Foreign
1404 1995 142 39 20665;
1611 1994 238 41 Editorial
1885 1995 216 41 Cultura.

319 2051 276 48 (33-30050)

233 2127 298 64 Cranmer,
563 2128 166 52 Isaac
758 2126 410 65 Washington.

305 2204 121 51 The
454 2222 190 48 poems
677 2203 62 52 of
768 2205 46 52 I.
846 2206 88 52 W.
968 2206 284 53 Cranmer.
1336 2205 286 68 [Chicago]
1658 2207 121 51 The
1811 2206 221 66 author,
2064 2210 147 49 1934.

309 2275 1135 49 4 p. l., 11-230 p. incl. mounted port. 21 cm .
240 2329 50 51 ©
319 2334 115 46 July
460 2333 68 46 12,
556 2333 112 40 1934;
726 2333 64 40 2c.
821 2335 93 38 and
944 2333 80 41 aff.
1053 2335 117 46 Aug.
1200 2334 23 38 2;
1283 2336 40 37 A
1351 2335 168 47 74378;
1551 2336 37 39 I.
1618 2337 69 38 W.
1720 2335 244 48 Cranmer,
1994 2334 220 49 Chicago.

316 2389 277 48 (34-22766)

234 2461 319 68 Cromwell,
586 2464 231 53 Arthur
849 2466 253 64 Dayton,
1137 2469 168 51 1869-

307 2542 421 64 Pennsylvania
774 2544 188 51 school
1005 2545 137 62 law;
1189 2563 30 32 a
1265 2543 185 68 digest
1493 2544 63 53 of
1599 2546 94 52 the
1736 2546 189 51 school
1968 2546 135 51 laws
2147 2544 65 53 of

236 2618 422 68 Pennsylvania
693 2620 91 52 for
819 2622 255 51 students
1107 2621 57 52 in
1198 2623 249 52 teachers
1483 2623 236 67 colleges
1756 2624 110 51 and
1900 2623 216 52 schools
2150 2621 64 55 of

237 2696 314 68 education,
587 2697 91 52 for
710 2699 249 52 teachers
993 2699 59 51 in
1085 2698 208 53 service
1327 2702 111 51 and
1472 2701 94 52 for
1597 2701 189 52 school
1820 2700 287 66 directors,
2138 2701 75 66 by

237 2774 1973 149 Arthur D. Cromwell … and George K. Cressman … Philadelphia, Chicago [etc.] The John C. Winston company [ c 1934 ]
308 2922 100 50 viii,
437 2925 55 41 79
518 2937 42 36 p.
621 2925 150 48 diagr.
832 2925 54 40 19½
919 2929 42 21 cm
968 2960 6 6 .

241 2978 50 51 ©
322 2982 125 39 June
474 2981 68 48 21,
571 2981 113 41 1934;
743 2983 64 40 2c.
839 2984 93 38 and
964 2984 78 40 aff.
1076 2984 112 49 July
1219 2985 52 39 13;
1333 2986 38 39 A
1401 2986 169 41 73411;
1605 2986 128 39 John
1763 2985 47 41 C.
1842 2985 223 39 Winston
2095 2995 65 29 co.

318 3038 275 49 (34-23133)

233 3115 196 62 Crum,
466 3115 253 53 William
757 3117 284 57 Leonard.

306 3189 122 52 The
461 3189 161 53 effect
657 3190 64 52 of
754 3192 109 52 size
901 3211 71 34 on
1007 3201 292 61 corporate
1337 3196 264 70 earnings
1641 3197 111 52 and
1790 3194 316 67 condition;
2148 3210 71 35 an

237 3267 246 67 analysis
524 3266 64 53 of
630 3270 131 50 1931
807 3270 215 53 income
1063 3276 99 48 tax
1203 3274 289 68 statistics,
1535 3275 75 69 by
1652 3273 260 54 William
1956 3270 261 54 Leonard

237 3341 1982 79 Crum … Boston, Mass., Harvard university, Graduate school
236 3418 63 52 of
324 3420 250 54 business
602 3422 478 71 administration,
1108 3427 227 53 Bureau
1363 3428 64 54 of
1451 3428 255 54 business
1733 3427 257 53 research
2024 3459 12 33 [
2041 3433 18 21 c
2063 3428 151 63 1934]

306 3490 67 50 iii,
403 3494 56 39 32
488 3504 43 36 p.
592 3495 175 46 diagrs.
828 3497 55 38 27½
917 3499 42 21 cm
964 3529 7 8 .
1045 3498 267 49 ([Harvard
1346 3501 284 47 university.
1694 3500 248 41 Graduate
1975 3498 159 41 school
2170 3498 52 40 of

235 3544 220 44 business
504 3550 409 52 administration]
1008 3554 220 41 Division
1281 3558 51 38 of
1382 3558 237 39 research.
1713 3555 233 42 Business
1999 3555 219 40 research

236 3604 318 41 studies—no.
583 3605 49 46 8)

240 3657 1964 110 On cover: Publication of the Graduate school of business administration … Harvard university. vol. XXI … no. 5.
306 3768 178 43 Errata
514 3771 90 47 slip
632 3775 225 39 mounted
885 3786 58 28 on
972 3786 136 31 verso
1137 3778 51 40 of
1211 3789 42 38 p.
1282 3780 71 40 iii.

238 3823 50 51 ©
322 3829 113 45 July
465 3828 38 42 9,
536 3828 137 47 1934;
707 3830 66 40 2c.
806 3832 113 47 July
951 3833 80 42 21;
1068 3835 78 40 aff.
1181 3837 113 47 July
1329 3837 56 39 19;
1446 3839 40 38 A
1519 3839 147 39 74286;
1725 3838 255 40 President
2010 3837 94 39 and
308 3835 1895 88 fellows
456 3885 48 39 of
538 3886 227 40 Harvard
797 3889 189 47 college,
1021 3891 301 50 Cambridge,
1357 3897 145 39 Mass.
1575 3895 279 48 (34-22944)
