2350 4296
1092 4003 132 51 1313

174 352 249 65 Adcock,
452 352 212 64 Almey
692 354 86 56 St.
805 352 174 56 John.

249 429 119 51 The
401 446 216 35 woman
653 436 58 46 at
747 428 136 52 Iron
917 427 179 68 Crag;
1136 446 28 32 a
1198 433 156 58 story
1389 426 62 53 of
1484 427 95 53 the
1613 426 246 68 English
1891 427 171 69 lakes,
2098 428 72 67 by

179 506 202 53 Almey
416 505 82 54 St.
532 506 153 53 John
719 505 245 53 Adcock.
1034 504 255 69 London,
1321 504 240 54 Rodder
1592 505 44 50 &
1671 504 341 69 Stoughton,
178 506 1969 132 limited
333 587 171 65 [1934]

247 655 86 40 320
358 666 43 37 p.
458 655 57 41 19½
546 658 43 21 cm
595 688 8 8 .

180 713 1991 51 © 1c. Sept. 8, 1934; A ad int. 19350; pubd. July 12; Almey St. John
245 773 203 46 Adcock,
495 773 228 41 Arundel.
770 774 222 39 Princess
1038 773 317 46 Risborough,
1403 772 484 47 Buckinghamshire.
1935 774 236 47 England.

256 830 277 49 (34-33674)

171 930 251 66 Baylies,
455 933 226 62 Edwin,
715 937 170 50 1840-
1097 934 82 52 ed.

250 1008 270 55 Bender’s
544 1008 245 67 justices’
813 1010 229 52 manual
1069 1009 62 52 of
1156 1007 133 54 civil
1315 1008 111 51 and
1451 1007 261 54 criminal
1739 1008 108 55 law
1875 1008 111 52 and
179 1026 1969 113 practice
316 1086 92 52 for
436 1086 231 68 justices

695 1087 63 52 of
787 1087 95 54 the
912 1104 167 52 peace
1110 1085 110 54 and
1250 1086 179 68 police
1459 1084 230 69 justices
1717 1088 60 51 in
1808 1087 95 52 the
1934 1092 144 48 state
2109 1086 62 52 of

179 1163 136 54 New
347 1164 177 66 York,
555 1164 140 54 with
725 1165 273 67 complete
1027 1164 195 68 forms,
1250 1165 181 53 under
1461 1164 95 52 the
1587 1164 402 58 Consolidated
2018 1165 154 67 laws,

185 1246 161 63 penal
375 1243 126 65 law,
530 1243 218 54 Justice
775 1249 158 47 court
962 1247 86 47 act
1079 1243 111 53 and
1220 1241 152 55 Code
1400 1242 63 52 of
1489 1242 262 53 criminal
1777 1242 309 68 procedure
2114 1260 58 37 as

182 1320 271 53 amended
485 1327 58 46 to
579 1319 242 56 October
856 1324 46 65 1,
937 1323 148 48 1934.
1157 1319 297 68 Compiled
1489 1320 108 52 and
1633 1320 189 55 edited
1855 1321 74 68 by
1964 1321 205 52 Edwin

181 1396 1991 72 Baylies … 9th ed. [by] Arthur F. Curtis … Albany, N. Y.,
177 1475 77 52 M.
292 1476 224 54 Bender
548 1478 44 49 &
629 1494 277 52 company
941 1477 413 68 incorporated,
1394 1479 148 49 1934.

248 1548 168 48 xxviii,
444 1547 84 42 851
564 1548 53 47 (/.
645 1562 36 29 e.
708 1548 109 48 901)
850 1558 57 39 p.,
932 1551 24 38 1
1017 1581 8 15 l.,
1053 1550 175 46 v-xvii,
1256 1550 83 39 540
1375 1551 52 46 (i.
1483 1584 7 7 e.
1518 1550 108 46 600)
1661 1563 41 36 p.
1758 1552 56 39 28
1817 1554 42 20 cm
1866 1584 7 8 .

247 1606 151 39 Extra
434 1606 262 40 numbered
728 1616 146 38 pages
907 1607 228 42 inserted.

178 1662 1993 53 © Oct. 3, 1934; 2c. and aff. Oct. 4; A 75627; Matthew Bender & co., inc.
254 1723 279 49 (34-33296)

171 1829 290 65 Beaudry,
494 1829 187 54 Evien
714 1829 66 55 G.

242 1904 1931 71 Puppy stories, by Evien G. Beaudry … colored illustrations
173 1981 75 70 by
277 1982 190 53 Diana
499 1983 244 53 Thorne.
812 1983 220 68 Akron,
1067 1982 86 69 O.,
1182 1983 140 54 New
1356 1983 181 69 York,
1570 1984 121 53 The
1728 1983 271 55 Saalfield

172 1984 1977 146 publishing company [ c 1934]
243 2135 25 39 3
295 2144 44 37 p.
403 2171 8 14 l.,
441 2133 144 41 11-92
612 2144 45 38 p.
717 2135 85 40 col.
832 2134 165 46 front.,
1025 2134 85 43 col.
1141 2134 171 48 plates.
1372 2133 57 42 30½
1462 2136 44 22 cm
1511 2167 8 8 .

242 2189 305 49 Descriptive
574 2191 283 48 letterpress
886 2202 58 30 on
974 2201 138 31 verso
1141 2190 52 41 of
1216 2192 119 40 each
1361 2191 146 48 plate.

179 2246 1827 53 © Aug. 20, 1934; 2c. and aff. Oct. 11: A 75739; Saalfield pub. co.
256 2307 279 48 (34-33277)

171 2410 188 65 Rime,
388 2412 137 54 Mrs.
560 2411 267 63 Lysbeth
860 2411 182 63 Boyd.

242 2488 194 53 David
469 2488 102 53 has
601 2488 92 53 his
723 2489 113 67 day
889 2487 93 68 [by]
1020 2488 251 67 Lysbeth
1304 2489 167 66 Boyd
1504 2489 201 67 Borie;
1741 2490 326 53 illustrated
2100 2490 75 67 by

173 2567 198 54 Frank
401 2567 233 53 Dobias.
709 2567 429 67 Philadelphia,
1170 2567 258 68 London,
1461 2568 56 53 J.
1554 2569 66 50 B.
1655 2568 338 68 Lippincott
171 2587 1980 127 company
360 2680 12 33 [
375 2652 20 22 c
400 2649 151 64 1934]

242 2720 55 40 63
331 2730 42 37 p.
435 2720 86 39 col.
557 2718 128 41 illus.
746 2719 54 39 23½
834 2721 44 21 cm
883 2751 8 8 .

242 2778 175 38 Verses
450 2775 79 40 for
564 2775 231 40 children.

179 2830 1993 52 © Sept. 27, 1934; 2c. and aff. Oct. 10; A 76438; L. B. Borie, Ryclal, Pa.
257 2890 278 49 (34-33128)

177 2992 314 66 Campbell,
521 2995 101 53 Sir
649 2992 289 54 Malcolm.

248 3068 195 54 Salute
474 3075 58 50 to
563 3070 95 52 the
690 3070 155 67 gods.
929 3070 363 65 [Instalment
1324 3074 81 63 11]

256 3145 80 47 (In
365 3140 202 43 London
598 3140 201 51 Sunday
832 3140 244 51 pictorial,
1108 3140 135 51 Sept.
1277 3142 71 48 16,
1382 3141 143 50 1934)

182 3195 1977 103 © 1c. Oct. l. 1934; A ad int. 19505; pubd. Sept. 16; M. Campbell, London.
174 3345 218 67 Canfoy,
422 3350 206 60 Henry
658 3346 208 65 Seidel,
900 3347 169 52 1878—

246 3427 119 52 The
395 3444 102 50 age
526 3424 65 54 of
619 3424 349 68 confidence;
1001 3423 107 55 life
1137 3424 59 53 in
1226 3426 99 52 the
1353 3426 262 67 nineties,
1643 3425 76 68 by
1748 3425 204 67 Henry
1987 3424 190 56 Seidel
178 3503 214 68 Canby.
467 3504 339 53 Illustrated
843 3503 77 67 by
957 3502 209 54 Albert
1199 3503 205 54 Kruse.
1481 3504 139 52 New
1660 3503 181 67 York,
1879 3503 216 53 Farrar
2132 3504 46 51 &

176 3582 956 68 Rinehart, incorporated [ c 1934]
252 3652 25 40 5
308 3665 42 37 p.
418 3685 8 17 l.,
456 3653 144 41 3-260
631 3663 42 37 p.
732 3652 164 49 front.,
929 3653 171 47 plates.
1162 3652 24 39 21½c
1266 3655 26 20 m
1298 3686 8 8 .

251 3710 84 40 “In
371 3711 233 47 recalling
637 3710 77 40 his
747 3711 151 46 youth
932 3710 48 38 in
1016 3710 329 48 Wilmington,
1382 3711 271 47 Delaware,
1688 3711 52 39 of
1775 3713 80 38 the
1890 3711 167 46 1890’s,
2093 3713 82 38 the

184 3769 177 39 author
386 3778 110 30 uses
521 3768 100 40 this
648 3766 143 40 small
817 3766 98 47 city
940 3776 54 30 as
1023 3777 28 29 a
1075 3766 281 41 microcosm
1385 3768 53 39 of
1463 3768 80 41 the
1571 3768 100 47 life,
1699 3778 227 30 manners
1952 3770 96 39 and
181 3778 1979 88 customs
332 3827 197 39 current

557 3826 50 38 in
637 3824 223 39 America
889 3825 55 38 at
971 3824 111 40 that
1109 3823 523 42 time.”—Publisher's
1663 3828 398 37 announcement.

186 3881 1992 54 © Oct. 4, 1934; 2c. Oct. 6; aff. Oct. 5; A 76372; H. S. Canby, New York.
260 3942 277 49 (34-33101)
