<alto xmlns="http://www.loc.gov/standards/alto/ns-v3#" xmlns:xsi="http://www.w3.org/2001/XMLSchema-instance" xsi:schemaLocation="http://www.loc.gov/standards/alto/ns-v3# http://www.loc.gov/alto/v3/alto-3-0.xsd"><Description>
<MeasurementUnit>pixel</MeasurementUnit>
<sourceImageInformation>
<fileName>1934_v1_Part1.pdf</fileName>
</sourceImageInformation>
<OCRProcessing ID="IdOcr">
<ocrProcessingStep>
<processingDateTime>2019-01-10</processingDateTime>
<processingSoftware>
<softwareCreator>ABBYY</softwareCreator>
<softwareName>ABBYY Recognition Server</softwareName>
<softwareVersion>4.0</softwareVersion>
</processingSoftware>
</ocrProcessingStep>
</OCRProcessing>
</Description>
<Styles>
<ParagraphStyle ALIGN="Left" FIRSTLINE="0." ID="StyleId-FFFFFFFF-FFFF-FFFF-FFFF-FFFFFFFFFFFF-" LEFT="0." RIGHT="0." />
<ParagraphStyle ALIGN="Right" FIRSTLINE="0." ID="StyleId-521E1FC6-FE7E-43A4-90E6-A9B61626A263-" LEFT="0." LINESPACE="13.30000019" RIGHT="0." />
<ParagraphStyle ALIGN="Left" FIRSTLINE="-27." ID="StyleId-639B624E-F6F5-47B6-BB1D-34E64B53022F-" LEFT="0." LINESPACE="13.43999958" RIGHT="0." />
<ParagraphStyle ALIGN="Left" FIRSTLINE="0." ID="StyleId-100905F9-D385-406B-A5BD-ED5B8FD85431-" LEFT="0." RIGHT="0." />
<ParagraphStyle ALIGN="Left" FIRSTLINE="-27." ID="StyleId-7C9F9BA2-EF3A-4B7F-8486-CCC7B7F49B39-" LEFT="0." LINESPACE="18.71999931" RIGHT="0." />
<ParagraphStyle ALIGN="Block" FIRSTLINE="-27." ID="StyleId-350780E3-60F2-4605-88F5-BB54F9B87091-" LEFT="0." LINESPACE="18.71999931" RIGHT="0." />
<ParagraphStyle ALIGN="Left" FIRSTLINE="0." ID="StyleId-90B16C58-D795-4C77-9B89-30378C515D40-" LEFT="0." LINESPACE="14.39999962" RIGHT="0." />
<ParagraphStyle ALIGN="Right" FIRSTLINE="-27." ID="StyleId-17090E09-AFAF-4086-BD9B-4E99FAE6B057-" LEFT="0." LINESPACE="14.39999962" RIGHT="0." />
<ParagraphStyle ALIGN="Left" FIRSTLINE="-27." ID="StyleId-8B87B633-89DB-4D72-B1FC-26E4ABD680BC-" LEFT="0." LINESPACE="18.47999954" RIGHT="0." />
<ParagraphStyle ALIGN="Left" FIRSTLINE="0." ID="StyleId-42DA7417-CA90-4D71-A57B-06556C38D752-" LEFT="0." LINESPACE="13.30000019" RIGHT="0." />
<ParagraphStyle ALIGN="Block" FIRSTLINE="0." ID="StyleId-D8EE2A7E-42AE-4E35-98DB-F0F935637AA0-" LEFT="0." LINESPACE="6.599999905" RIGHT="0." />
<ParagraphStyle ALIGN="Left" FIRSTLINE="0." ID="StyleId-33CD3121-D4F5-43B6-BA96-6382D166E6B8-" LEFT="0." LINESPACE="15.5" RIGHT="0." />
<ParagraphStyle ALIGN="Block" FIRSTLINE="-21." ID="StyleId-1CE52AFA-C319-4DD9-B4B1-F0EBFA2B3F0B-" LEFT="0." LINESPACE="18.71999931" RIGHT="0." />
<ParagraphStyle ALIGN="Left" FIRSTLINE="0." ID="StyleId-B74F1B65-92F1-49C5-A5FA-D20442F031F2-" LEFT="0." LINESPACE="17.70006076" RIGHT="0." />
<ParagraphStyle ALIGN="Center" FIRSTLINE="0." ID="StyleId-79E2924A-215C-40B7-B577-7236BFBAA25E-" LEFT="0." LINESPACE="7.199999809" RIGHT="0." />
</Styles>
<Layout>
<Page HEIGHT="4196" ID="Page1027" PHYSICAL_IMG_NR="1027" WIDTH="2350">
<TopMargin HEIGHT="352" HPOS="0" VPOS="0" WIDTH="2350">
</TopMargin>
<LeftMargin HEIGHT="3731" HPOS="0" VPOS="352" WIDTH="83">
</LeftMargin>
<RightMargin HEIGHT="3731" HPOS="2154" VPOS="352" WIDTH="196">
</RightMargin>
<BottomMargin HEIGHT="113" HPOS="0" VPOS="4083" WIDTH="2350">
</BottomMargin>
<PrintSpace HEIGHT="3731" HPOS="83" VPOS="352" WIDTH="2071">
<TextBlock CS="1" HEIGHT="111" HPOS="999" ID="Page1027_Block1" LANG="en-US" STYLEREFS="StyleId-90FF3F75-F6E7-4254-AC6A-5535401F13C3-" VPOS="3972" WIDTH="247">
<TextLine CS="1" HEIGHT="49" HPOS="1061" VPOS="4008" WIDTH="98">
<String CONTENT="1027" CS="1" HEIGHT="49" HPOS="1061" VPOS="4008" WIDTH="98" />
</TextLine>
</TextBlock>
<TextBlock CS="1" HEIGHT="3616" HPOS="83" ID="Page1027_Block2" LANG="en-US" STYLEREFS="StyleId-03963A15-5F6B-4CAA-A0B8-5A6C3F14B221-" VPOS="352" WIDTH="2071">
<TextLine HEIGHT="66" HPOS="156" STYLEREFS="StyleId-14D52D4D-95A5-4D26-88A9-1B8F156C847F-" VPOS="358" WIDTH="879">
<String CONTENT="[Commerce" HEIGHT="66" HPOS="156" VPOS="358" WIDTH="357" />
<SP HEIGHT="36" HPOS="514" VPOS="375" WIDTH="30" />
<String CONTENT="clearing" HEIGHT="64" HPOS="545" VPOS="358" WIDTH="259" />
<SP HEIGHT="64" HPOS="805" VPOS="358" WIDTH="27" />
<String CONTENT="house]" HEIGHT="65" HPOS="833" VPOS="358" WIDTH="202" />
</TextLine>
<TextLine CS="1" HEIGHT="69" HPOS="222" STYLEREFS="StyleId-0C01A0E5-9AC2-46F4-AEF5-A851040AC261-" VPOS="432" WIDTH="1923">
<String CONTENT="United" HEIGHT="54" HPOS="222" VPOS="434" WIDTH="216" />
<SP HEIGHT="55" HPOS="439" VPOS="434" WIDTH="46" />
<String CONTENT="States" HEIGHT="55" HPOS="486" VPOS="434" WIDTH="188" />
<SP HEIGHT="34" HPOS="675" VPOS="454" WIDTH="44" />
<String CONTENT="master" HEIGHT="49" HPOS="720" VPOS="438" WIDTH="208" />
<SP HEIGHT="47" HPOS="929" VPOS="439" WIDTH="42" />
<String CONTENT="tax" HEIGHT="47" HPOS="972" VPOS="439" WIDTH="98" />
<SP HEIGHT="49" HPOS="1071" VPOS="452" WIDTH="43" />
<String CONTENT="guide," HEIGHT="69" HPOS="1115" VPOS="432" WIDTH="187" />
<SP HEIGHT="64" HPOS="1303" VPOS="435" WIDTH="46" />
<String CONTENT="1934-1935," CS="1" HEIGHT="62" HPOS="1350" VPOS="435" WIDTH="326" />
<SP HEIGHT="65" HPOS="1677" VPOS="432" WIDTH="43" />
<String CONTENT="based" HEIGHT="52" HPOS="1721" VPOS="432" WIDTH="170" />
<SP HEIGHT="52" HPOS="1892" VPOS="432" WIDTH="43" />
<String CONTENT="on" HEIGHT="33" HPOS="1936" VPOS="450" WIDTH="71" />
<SP HEIGHT="46" HPOS="2008" VPOS="437" WIDTH="43" />
<String CONTENT="the" HEIGHT="52" HPOS="2052" VPOS="432" WIDTH="93" />
</TextLine>
<TextLine CS="1" HEIGHT="67" HPOS="155" STYLEREFS="StyleId-0C01A0E5-9AC2-46F4-AEF5-A851040AC261-" VPOS="510" WIDTH="1801">
<String CONTENT="Revenue" HEIGHT="53" HPOS="155" VPOS="512" WIDTH="260" />
<SP HEIGHT="34" HPOS="416" VPOS="531" WIDTH="41" />
<String CONTENT="act" HEIGHT="48" HPOS="458" VPOS="517" WIDTH="89" />
<SP HEIGHT="48" HPOS="548" VPOS="517" WIDTH="39" />
<String CONTENT="of" HEIGHT="52" HPOS="588" VPOS="513" WIDTH="62" />
<SP HEIGHT="51" HPOS="651" VPOS="513" WIDTH="41" />
<String CONTENT="1934" HEIGHT="49" HPOS="693" VPOS="515" WIDTH="134" />
<SP HEIGHT="48" HPOS="828" VPOS="516" WIDTH="40" />
<String CONTENT="and" HEIGHT="52" HPOS="869" VPOS="512" WIDTH="110" />
<SP HEIGHT="52" HPOS="980" VPOS="512" WIDTH="38" />
<String CONTENT="the" HEIGHT="53" HPOS="1019" VPOS="511" WIDTH="96" />
<SP HEIGHT="34" HPOS="1116" VPOS="530" WIDTH="39" />
<String CONTENT="regulations," HEIGHT="67" HPOS="1156" VPOS="510" WIDTH="367" />
<SP HEIGHT="48" HPOS="1524" VPOS="528" WIDTH="40" />
<String CONTENT="rulings," HEIGHT="65" HPOS="1565" VPOS="511" WIDTH="240" />
<SP HEIGHT="47" HPOS="1806" VPOS="529" WIDTH="39" />
<String CONTENT="and" HEIGHT="51" HPOS="1846" VPOS="511" WIDTH="110" />
</TextLine>
<TextLine CS="1" HEIGHT="148" HPOS="150" STYLEREFS="StyleId-0C01A0E5-9AC2-46F4-AEF5-A851040AC261-" VPOS="510" WIDTH="1997">
<String CONTENT="decisions" HEIGHT="133" HPOS="150" VPOS="510" WIDTH="1973" />
<SP HEIGHT="34" HPOS="302" VPOS="609" WIDTH="35" />
<String CONTENT="under" HEIGHT="52" HPOS="338" VPOS="590" WIDTH="181" />
<SP HEIGHT="49" HPOS="520" VPOS="609" WIDTH="35" />
<String CONTENT="present" HEIGHT="62" HPOS="556" VPOS="596" WIDTH="228" />
<SP HEIGHT="47" HPOS="785" VPOS="596" WIDTH="34" />
<String CONTENT="and" HEIGHT="52" HPOS="820" VPOS="591" WIDTH="112" />
<SP HEIGHT="66" HPOS="933" VPOS="591" WIDTH="37" />
<String CONTENT="prior" HEIGHT="68" HPOS="971" VPOS="589" WIDTH="158" />
<SP HEIGHT="51" HPOS="1130" VPOS="591" WIDTH="34" />
<String CONTENT="laws," HEIGHT="64" HPOS="1165" VPOS="591" WIDTH="154" />
<SP HEIGHT="62" HPOS="1320" VPOS="593" WIDTH="35" />
<String CONTENT="to" HEIGHT="50" HPOS="1356" VPOS="593" WIDTH="58" />
<SP HEIGHT="52" HPOS="1415" VPOS="591" WIDTH="40" />
<String CONTENT="1934" HEIGHT="49" HPOS="1456" VPOS="590" WIDTH="134" />
<SP HEIGHT="49" HPOS="1591" VPOS="591" WIDTH="40" />
<String CONTENT="&#8230;" CS="1" />
<SP HEIGHT="33" HPOS="1689" VPOS="621" WIDTH="83" />
<String CONTENT="[New" HEIGHT="66" HPOS="1773" VPOS="588" WIDTH="156" />
<SP HEIGHT="51" HPOS="1930" VPOS="589" WIDTH="38" />
<String CONTENT="York," HEIGHT="65" HPOS="1969" VPOS="588" WIDTH="178" />
</TextLine>
<TextLine CS="1" HEIGHT="69" HPOS="152" STYLEREFS="StyleId-0C01A0E5-9AC2-46F4-AEF5-A851040AC261-" VPOS="666" WIDTH="1994">
<String CONTENT="Chicago," HEIGHT="68" HPOS="152" VPOS="667" WIDTH="267" />
<SP HEIGHT="65" HPOS="420" VPOS="670" WIDTH="51" />
<String CONTENT="Commerce" HEIGHT="54" HPOS="472" VPOS="670" WIDTH="325" />
<SP HEIGHT="33" HPOS="798" VPOS="689" WIDTH="47" />
<String CONTENT="clearing" HEIGHT="67" HPOS="846" VPOS="668" WIDTH="251" />
<SP HEIGHT="67" HPOS="1098" VPOS="668" WIDTH="46" />
<String CONTENT="house" HEIGHT="51" HPOS="1145" VPOS="668" WIDTH="171" />
<SP HEIGHT="52" HPOS="1317" VPOS="667" WIDTH="48" />
<String CONTENT="inc.," HEIGHT="65" HPOS="1366" VPOS="667" WIDTH="126" />
<SP HEIGHT="66" HPOS="1493" VPOS="666" WIDTH="47" />
<String CONTENT="Loose" HEIGHT="52" HPOS="1541" VPOS="666" WIDTH="178" />
<SP HEIGHT="50" HPOS="1720" VPOS="668" WIDTH="49" />
<String CONTENT="leaf" HEIGHT="52" HPOS="1770" VPOS="666" WIDTH="117" />
<SP HEIGHT="52" HPOS="1888" VPOS="666" WIDTH="48" />
<String CONTENT="service" HEIGHT="51" HPOS="1937" VPOS="668" WIDTH="209" />
</TextLine>
<TextLine HEIGHT="70" HPOS="150" STYLEREFS="StyleId-0C01A0E5-9AC2-46F4-AEF5-A851040AC261-" VPOS="744" WIDTH="1576">
<String CONTENT="division" HEIGHT="55" HPOS="150" VPOS="744" WIDTH="246" />
<SP HEIGHT="34" HPOS="397" VPOS="765" WIDTH="27" />
<String CONTENT="of" HEIGHT="53" HPOS="425" VPOS="746" WIDTH="63" />
<SP HEIGHT="53" HPOS="489" VPOS="746" WIDTH="26" />
<String CONTENT="the" HEIGHT="52" HPOS="516" VPOS="747" WIDTH="95" />
<SP HEIGHT="54" HPOS="612" VPOS="748" WIDTH="28" />
<String CONTENT="Corporation" HEIGHT="68" HPOS="641" VPOS="746" WIDTH="381" />
<SP HEIGHT="47" HPOS="1023" VPOS="751" WIDTH="26" />
<String CONTENT="trust" HEIGHT="48" HPOS="1050" VPOS="750" WIDTH="149" />
<SP HEIGHT="48" HPOS="1200" VPOS="750" WIDTH="26" />
<String CONTENT="company," HEIGHT="49" HPOS="1227" VPOS="763" WIDTH="296" />
<SP HEIGHT="60" HPOS="1524" VPOS="751" WIDTH="28" />
<String CONTENT="c" HEIGHT="21" HPOS="1553" STYLE="superscript" VPOS="751" WIDTH="16" />
<String CONTENT="1934]" HEIGHT="63" HPOS="1575" VPOS="747" WIDTH="151" />
</TextLine>
<TextLine HEIGHT="48" HPOS="224" VPOS="816" WIDTH="333">
<String CONTENT="218" HEIGHT="40" HPOS="224" VPOS="817" WIDTH="88" />
<SP HEIGHT="47" HPOS="313" VPOS="817" WIDTH="27" />
<String CONTENT="p." HEIGHT="37" HPOS="341" VPOS="827" WIDTH="42" />
<SP HEIGHT="40" HPOS="384" VPOS="816" WIDTH="56" />
<String CONTENT="23" HEIGHT="40" HPOS="441" VPOS="816" WIDTH="55" />
<String CONTENT="cm" HEIGHT="21" HPOS="500" STYLE="superscript" VPOS="819" WIDTH="43" />
<String CONTENT="." HEIGHT="8" HPOS="549" VPOS="849" WIDTH="8" />
</TextLine>
<TextLine HEIGHT="43" HPOS="227" VPOS="871" WIDTH="1311">
<String CONTENT="On" HEIGHT="40" HPOS="227" VPOS="874" WIDTH="71" />
<SP HEIGHT="29" HPOS="299" VPOS="885" WIDTH="27" />
<String CONTENT="cover:" HEIGHT="30" HPOS="327" VPOS="884" WIDTH="165" />
<SP HEIGHT="40" HPOS="493" VPOS="874" WIDTH="32" />
<String CONTENT="Standard" HEIGHT="40" HPOS="526" VPOS="874" WIDTH="245" />
<SP HEIGHT="39" HPOS="772" VPOS="875" WIDTH="25" />
<String CONTENT="federal" HEIGHT="39" HPOS="798" VPOS="875" WIDTH="189" />
<SP HEIGHT="37" HPOS="988" VPOS="876" WIDTH="28" />
<String CONTENT="tax" HEIGHT="37" HPOS="1017" VPOS="876" WIDTH="84" />
<SP HEIGHT="28" HPOS="1102" VPOS="884" WIDTH="29" />
<String CONTENT="service" HEIGHT="41" HPOS="1132" VPOS="871" WIDTH="183" />
<SP HEIGHT="29" HPOS="1316" VPOS="883" WIDTH="24" />
<String CONTENT="edition." HEIGHT="40" HPOS="1341" VPOS="872" WIDTH="197" />
</TextLine>
<TextLine CS="1" HEIGHT="52" HPOS="156" VPOS="945" WIDTH="1992">
<String CONTENT="&#169;" HEIGHT="52" HPOS="156" VPOS="945" WIDTH="51" />
<SP HEIGHT="52" HPOS="208" VPOS="945" WIDTH="39" />
<String CONTENT="July" HEIGHT="46" HPOS="248" VPOS="950" WIDTH="114" />
<SP HEIGHT="47" HPOS="363" VPOS="949" WIDTH="38" />
<String CONTENT="14," HEIGHT="46" HPOS="402" VPOS="949" WIDTH="67" />
<SP HEIGHT="44" HPOS="470" VPOS="951" WIDTH="39" />
<String CONTENT="1934;" CS="1" HEIGHT="39" HPOS="510" VPOS="949" WIDTH="111" />
<SP HEIGHT="43" HPOS="650" VPOS="948" WIDTH="40" />
<String CONTENT="2c." HEIGHT="40" HPOS="691" VPOS="948" WIDTH="65" />
<SP HEIGHT="28" HPOS="757" VPOS="959" WIDTH="39" />
<String CONTENT="and" HEIGHT="37" HPOS="797" VPOS="951" WIDTH="94" />
<SP HEIGHT="37" HPOS="892" VPOS="951" WIDTH="39" />
<String CONTENT="aff." HEIGHT="40" HPOS="932" VPOS="947" WIDTH="80" />
<SP HEIGHT="38" HPOS="1013" VPOS="948" WIDTH="39" />
<String CONTENT="July" HEIGHT="46" HPOS="1053" VPOS="948" WIDTH="114" />
<SP HEIGHT="49" HPOS="1168" VPOS="945" WIDTH="35" />
<String CONTENT="20;" HEIGHT="48" HPOS="1204" VPOS="945" WIDTH="81" />
<SP HEIGHT="47" HPOS="1286" VPOS="946" WIDTH="40" />
<String CONTENT="A" HEIGHT="38" HPOS="1327" VPOS="946" WIDTH="40" />
<SP HEIGHT="39" HPOS="1368" VPOS="946" WIDTH="37" />
<String CONTENT="73525;" HEIGHT="47" HPOS="1406" VPOS="945" WIDTH="168" />
<SP HEIGHT="46" HPOS="1575" VPOS="946" WIDTH="42" />
<String CONTENT="Commerce" HEIGHT="40" HPOS="1618" VPOS="946" WIDTH="275" />
<SP HEIGHT="29" HPOS="1894" VPOS="957" WIDTH="37" />
<String CONTENT="clearing" HEIGHT="46" HPOS="1932" VPOS="946" WIDTH="216" />
</TextLine>
<TextLine HEIGHT="48" HPOS="224" VPOS="1005" WIDTH="634">
<String CONTENT="liouse," HEIGHT="45" HPOS="224" VPOS="1008" WIDTH="162" />
<SP HEIGHT="47" HPOS="387" VPOS="1006" WIDTH="31" />
<String CONTENT="inc." HEIGHT="39" HPOS="419" VPOS="1006" WIDTH="89" />
<SP HEIGHT="47" HPOS="509" VPOS="1006" WIDTH="71" />
<String CONTENT="(34-23320)" HEIGHT="48" HPOS="581" VPOS="1005" WIDTH="277" />
</TextLine>
<TextLine HEIGHT="64" HPOS="149" STYLEREFS="StyleId-14D52D4D-95A5-4D26-88A9-1B8F156C847F-" VPOS="1110" WIDTH="514">
<String CONTENT="Conquest," HEIGHT="63" HPOS="149" VPOS="1111" WIDTH="315" />
<SP HEIGHT="63" HPOS="465" VPOS="1110" WIDTH="29" />
<String CONTENT="Joan." HEIGHT="55" HPOS="495" VPOS="1110" WIDTH="168" />
</TextLine>
<TextLine CS="1" HEIGHT="72" HPOS="224" STYLEREFS="StyleId-0C01A0E5-9AC2-46F4-AEF5-A851040AC261-" VPOS="1182" WIDTH="1917">
<String CONTENT="The" HEIGHT="53" HPOS="224" VPOS="1186" WIDTH="120" />
<SP HEIGHT="35" HPOS="345" VPOS="1204" WIDTH="27" />
<String CONTENT="only" HEIGHT="68" HPOS="373" VPOS="1186" WIDTH="132" />
<SP HEIGHT="51" HPOS="506" VPOS="1203" WIDTH="26" />
<String CONTENT="gentleman," HEIGHT="68" HPOS="533" VPOS="1186" WIDTH="340" />
<SP HEIGHT="69" HPOS="874" VPOS="1185" WIDTH="26" />
<String CONTENT="by" HEIGHT="68" HPOS="901" VPOS="1185" WIDTH="72" />
<SP HEIGHT="68" HPOS="974" VPOS="1185" WIDTH="28" />
<String CONTENT="Joan" HEIGHT="53" HPOS="1003" VPOS="1185" WIDTH="149" />
<SP HEIGHT="54" HPOS="1153" VPOS="1183" WIDTH="28" />
<String CONTENT="Conquest" HEIGHT="67" HPOS="1182" VPOS="1183" WIDTH="280" />
<SP HEIGHT="47" HPOS="1463" VPOS="1189" WIDTH="36" />
<String CONTENT="&#8230;" CS="1" />
<SP HEIGHT="49" HPOS="1555" VPOS="1186" WIDTH="74" />
<String CONTENT="1st" HEIGHT="50" HPOS="1630" VPOS="1186" WIDTH="80" />
<SP HEIGHT="47" HPOS="1711" VPOS="1189" WIDTH="28" />
<String CONTENT="ed." HEIGHT="51" HPOS="1740" VPOS="1182" WIDTH="82" />
<SP HEIGHT="50" HPOS="1823" VPOS="1183" WIDTH="65" />
<String CONTENT="London." HEIGHT="57" HPOS="1889" VPOS="1183" WIDTH="252" />
</TextLine>
<TextLine CS="1" HEIGHT="68" HPOS="153" STYLEREFS="StyleId-0C01A0E5-9AC2-46F4-AEF5-A851040AC261-" VPOS="1264" WIDTH="739">
<String CONTENT="T." HEIGHT="55" HPOS="153" VPOS="1264" WIDTH="63" />
<SP HEIGHT="55" HPOS="217" VPOS="1264" WIDTH="25" />
<String CONTENT="W." HEIGHT="52" HPOS="243" VPOS="1264" WIDTH="86" />
<SP HEIGHT="51" HPOS="330" VPOS="1264" WIDTH="26" />
<String CONTENT="Laurie," HEIGHT="66" HPOS="357" VPOS="1264" WIDTH="224" />
<SP HEIGHT="66" HPOS="582" VPOS="1264" WIDTH="22" />
<String CONTENT="ltd." HEIGHT="53" HPOS="605" VPOS="1264" WIDTH="102" />
<SP HEIGHT="34" HPOS="708" VPOS="1298" WIDTH="32" />
<String CONTENT="[1934]" CS="1" HEIGHT="65" HPOS="741" VPOS="1267" WIDTH="151" />
</TextLine>
<TextLine CS="1" HEIGHT="48" HPOS="221" VPOS="1336" WIDTH="436">
<String CONTENT="261," HEIGHT="47" HPOS="221" VPOS="1336" WIDTH="97" />
<SP HEIGHT="28" HPOS="319" VPOS="1356" WIDTH="33" />
<String CONTENT="[1]" HEIGHT="48" HPOS="353" VPOS="1336" WIDTH="53" />
<SP HEIGHT="38" HPOS="407" VPOS="1346" WIDTH="34" />
<String CONTENT="p." HEIGHT="37" HPOS="442" VPOS="1346" WIDTH="41" />
<SP HEIGHT="37" HPOS="484" VPOS="1338" WIDTH="58" />
<String CONTENT="19" HEIGHT="39" HPOS="543" VPOS="1336" WIDTH="53" />
<String CONTENT="cm" CS="1" HEIGHT="20" HPOS="600" STYLE="superscript" VPOS="1339" WIDTH="14" />
<String CONTENT="." HEIGHT="6" HPOS="651" VPOS="1370" WIDTH="6" />
</TextLine>
<TextLine CS="1" HEIGHT="52" HPOS="153" VPOS="1406" WIDTH="1992">
<String CONTENT="&#169;" HEIGHT="51" HPOS="153" VPOS="1406" WIDTH="50" />
<SP />
<String CONTENT="1c." CS="1" />
<SP />
<String CONTENT="Aug." HEIGHT="46" HPOS="322" VPOS="1412" WIDTH="119" />
<SP HEIGHT="37" HPOS="442" VPOS="1412" WIDTH="26" />
<String CONTENT="11," HEIGHT="40" HPOS="469" VPOS="1412" WIDTH="67" />
<SP HEIGHT="40" HPOS="537" VPOS="1412" WIDTH="28" />
<String CONTENT="1934;" HEIGHT="41" HPOS="566" VPOS="1409" WIDTH="138" />
<SP HEIGHT="38" HPOS="705" VPOS="1411" WIDTH="29" />
<String CONTENT="A" HEIGHT="38" HPOS="735" VPOS="1411" WIDTH="39" />
<SP HEIGHT="38" HPOS="775" VPOS="1411" WIDTH="26" />
<String CONTENT="ad" HEIGHT="38" HPOS="802" VPOS="1411" WIDTH="60" />
<SP HEIGHT="39" HPOS="863" VPOS="1410" WIDTH="24" />
<String CONTENT="int." HEIGHT="40" HPOS="888" VPOS="1410" WIDTH="86" />
<SP HEIGHT="38" HPOS="975" VPOS="1411" WIDTH="26" />
<String CONTENT="19272;" HEIGHT="42" HPOS="1002" VPOS="1408" WIDTH="168" />
<SP HEIGHT="36" HPOS="1171" VPOS="1420" WIDTH="27" />
<String CONTENT="pubd." HEIGHT="48" HPOS="1199" VPOS="1408" WIDTH="140" />
<SP HEIGHT="40" HPOS="1340" VPOS="1408" WIDTH="28" />
<String CONTENT="June" HEIGHT="40" HPOS="1369" VPOS="1408" WIDTH="126" />
<SP HEIGHT="38" HPOS="1496" VPOS="1410" WIDTH="25" />
<String CONTENT="14;" HEIGHT="45" HPOS="1522" VPOS="1409" WIDTH="80" />
<SP HEIGHT="44" HPOS="1603" VPOS="1410" WIDTH="31" />
<String CONTENT="Mary" HEIGHT="46" HPOS="1635" VPOS="1410" WIDTH="141" />
<SP HEIGHT="46" HPOS="1777" VPOS="1410" WIDTH="27" />
<String CONTENT="Eliza" HEIGHT="37" HPOS="1805" VPOS="1410" WIDTH="134" />
<SP HEIGHT="37" HPOS="1940" VPOS="1410" WIDTH="30" />
<String CONTENT="Louise" HEIGHT="39" HPOS="1971" VPOS="1409" WIDTH="174" />
</TextLine>
<TextLine HEIGHT="49" HPOS="221" VPOS="1466" WIDTH="1323">
<String CONTENT="Cooke," HEIGHT="46" HPOS="221" VPOS="1468" WIDTH="169" />
<SP HEIGHT="46" HPOS="391" VPOS="1468" WIDTH="30" />
<String CONTENT="Kemp" HEIGHT="47" HPOS="422" VPOS="1468" WIDTH="154" />
<SP HEIGHT="46" HPOS="577" VPOS="1469" WIDTH="28" />
<String CONTENT="Town," HEIGHT="45" HPOS="606" VPOS="1469" WIDTH="161" />
<SP HEIGHT="46" HPOS="768" VPOS="1468" WIDTH="30" />
<String CONTENT="Brighton," HEIGHT="48" HPOS="799" VPOS="1467" WIDTH="251" />
<SP HEIGHT="48" HPOS="1051" VPOS="1466" WIDTH="33" />
<String CONTENT="Sussex," HEIGHT="46" HPOS="1085" VPOS="1466" WIDTH="190" />
<SP HEIGHT="45" HPOS="1276" VPOS="1467" WIDTH="32" />
<String CONTENT="England." HEIGHT="47" HPOS="1309" VPOS="1466" WIDTH="235" />
</TextLine>
<TextLine HEIGHT="48" HPOS="233" VPOS="1524" WIDTH="279">
<String CONTENT="(34-25161)" HEIGHT="48" HPOS="233" VPOS="1524" WIDTH="279" />
</TextLine>
<TextLine HEIGHT="64" HPOS="144" STYLEREFS="StyleId-14D52D4D-95A5-4D26-88A9-1B8F156C847F-" VPOS="1630" WIDTH="595">
<String CONTENT="Corrigan," HEIGHT="64" HPOS="144" VPOS="1630" WIDTH="304" />
<SP HEIGHT="61" HPOS="449" VPOS="1632" WIDTH="33" />
<String CONTENT="Rariolo." HEIGHT="54" HPOS="483" VPOS="1631" WIDTH="256" />
</TextLine>
<TextLine CS="1" HEIGHT="69" HPOS="213" STYLEREFS="StyleId-0C01A0E5-9AC2-46F4-AEF5-A851040AC261-" VPOS="1706" WIDTH="1929">
<String CONTENT="Leyes" HEIGHT="67" HPOS="213" VPOS="1708" WIDTH="178" />
<SP HEIGHT="52" HPOS="392" VPOS="1709" WIDTH="39" />
<String CONTENT="de" HEIGHT="51" HPOS="432" VPOS="1709" WIDTH="66" />
<SP HEIGHT="49" HPOS="499" VPOS="1712" WIDTH="40" />
<String CONTENT="Texas" HEIGHT="49" HPOS="540" VPOS="1712" WIDTH="182" />
<SP HEIGHT="47" HPOS="723" VPOS="1728" WIDTH="39" />
<String CONTENT="y" HEIGHT="47" HPOS="763" VPOS="1728" WIDTH="36" />
<SP HEIGHT="66" HPOS="800" VPOS="1709" WIDTH="39" />
<String CONTENT="de" HEIGHT="51" HPOS="840" VPOS="1709" WIDTH="68" />
<SP HEIGHT="51" HPOS="909" VPOS="1710" WIDTH="37" />
<String CONTENT="immigraci&#243;n" CS="1" HEIGHT="69" HPOS="947" VPOS="1706" WIDTH="397" />
<SP HEIGHT="51" HPOS="1345" VPOS="1707" WIDTH="39" />
<String CONTENT="de" HEIGHT="51" HPOS="1385" VPOS="1707" WIDTH="67" />
<SP HEIGHT="51" HPOS="1453" VPOS="1707" WIDTH="37" />
<String CONTENT="los" HEIGHT="52" HPOS="1491" VPOS="1707" WIDTH="82" />
<SP HEIGHT="50" HPOS="1574" VPOS="1708" WIDTH="41" />
<String CONTENT="Estados" HEIGHT="52" HPOS="1616" VPOS="1707" WIDTH="245" />
<SP HEIGHT="52" HPOS="1862" VPOS="1709" WIDTH="39" />
<String CONTENT="Unidos," HEIGHT="67" HPOS="1902" VPOS="1706" WIDTH="240" />
</TextLine>
<TextLine HEIGHT="69" HPOS="141" STYLEREFS="StyleId-0C01A0E5-9AC2-46F4-AEF5-A851040AC261-" VPOS="1785" WIDTH="2002">
<String CONTENT="traducidas," HEIGHT="62" HPOS="141" VPOS="1785" WIDTH="349" />
<SP HEIGHT="41" HPOS="491" VPOS="1806" WIDTH="35" />
<String CONTENT="anotadas" HEIGHT="54" HPOS="527" VPOS="1787" WIDTH="274" />
<SP HEIGHT="47" HPOS="802" VPOS="1807" WIDTH="33" />
<String CONTENT="y" HEIGHT="47" HPOS="836" VPOS="1807" WIDTH="35" />
<SP HEIGHT="49" HPOS="872" VPOS="1805" WIDTH="34" />
<String CONTENT="publicadas" HEIGHT="68" HPOS="907" VPOS="1786" WIDTH="332" />
<SP HEIGHT="49" HPOS="1240" VPOS="1803" WIDTH="32" />
<String CONTENT="por" HEIGHT="49" HPOS="1273" VPOS="1803" WIDTH="105" />
<SP HEIGHT="52" HPOS="1379" VPOS="1786" WIDTH="33" />
<String CONTENT="los" HEIGHT="52" HPOS="1413" VPOS="1786" WIDTH="81" />
<SP HEIGHT="52" HPOS="1495" VPOS="1785" WIDTH="34" />
<String CONTENT="licenciados" HEIGHT="52" HPOS="1530" VPOS="1785" WIDTH="340" />
<SP HEIGHT="50" HPOS="1871" VPOS="1788" WIDTH="33" />
<String CONTENT="Bartolo" HEIGHT="52" HPOS="1905" VPOS="1786" WIDTH="238" />
</TextLine>
<TextLine CS="1" HEIGHT="70" HPOS="144" STYLEREFS="StyleId-0C01A0E5-9AC2-46F4-AEF5-A851040AC261-" VPOS="1863" WIDTH="1998">
<String CONTENT="Corrigan" HEIGHT="70" HPOS="144" VPOS="1863" WIDTH="284" />
<SP HEIGHT="48" HPOS="429" VPOS="1884" WIDTH="37" />
<String CONTENT="y" HEIGHT="46" HPOS="467" VPOS="1886" WIDTH="36" />
<SP HEIGHT="65" HPOS="504" VPOS="1867" WIDTH="40" />
<String CONTENT="Daniel" HEIGHT="53" HPOS="545" VPOS="1865" WIDTH="208" />
<SP HEIGHT="50" HPOS="754" VPOS="1867" WIDTH="41" />
<String CONTENT="Fraser." HEIGHT="50" HPOS="796" VPOS="1867" WIDTH="219" />
<SP HEIGHT="33" HPOS="1016" VPOS="1898" WIDTH="81" />
<String CONTENT="[San" HEIGHT="68" HPOS="1098" VPOS="1863" WIDTH="135" />
<SP HEIGHT="51" HPOS="1234" VPOS="1865" WIDTH="39" />
<String CONTENT="Antonio," HEIGHT="66" HPOS="1274" VPOS="1864" WIDTH="273" />
<SP HEIGHT="63" HPOS="1548" VPOS="1867" WIDTH="41" />
<String CONTENT="Tex.," HEIGHT="63" HPOS="1590" VPOS="1867" WIDTH="154" />
<SP HEIGHT="63" HPOS="1745" VPOS="1867" WIDTH="40" />
<String CONTENT="Printed" HEIGHT="53" HPOS="1786" VPOS="1864" WIDTH="240" />
<SP HEIGHT="51" HPOS="2027" VPOS="1865" WIDTH="40" />
<String CONTENT="by" HEIGHT="67" HPOS="2068" VPOS="1865" WIDTH="74" />
</TextLine>
<TextLine HEIGHT="69" HPOS="141" STYLEREFS="StyleId-0C01A0E5-9AC2-46F4-AEF5-A851040AC261-" VPOS="1943" WIDTH="1177">
<String CONTENT="The" HEIGHT="53" HPOS="141" VPOS="1944" WIDTH="123" />
<SP HEIGHT="52" HPOS="265" VPOS="1946" WIDTH="27" />
<String CONTENT="Naylor" HEIGHT="67" HPOS="293" VPOS="1945" WIDTH="218" />
<SP HEIGHT="49" HPOS="512" VPOS="1963" WIDTH="29" />
<String CONTENT="printing" HEIGHT="69" HPOS="542" VPOS="1943" WIDTH="265" />
<SP HEIGHT="49" HPOS="808" VPOS="1962" WIDTH="25" />
<String CONTENT="company]" HEIGHT="51" HPOS="834" VPOS="1960" WIDTH="296" />
<SP HEIGHT="61" HPOS="1131" VPOS="1947" WIDTH="38" />
<String CONTENT="1933." HEIGHT="49" HPOS="1170" VPOS="1946" WIDTH="148" />
</TextLine>
<TextLine CS="1" HEIGHT="63" HPOS="216" VPOS="2003" WIDTH="550">
<String CONTENT="3" HEIGHT="39" HPOS="216" VPOS="2020" WIDTH="25" />
<SP HEIGHT="46" HPOS="242" VPOS="2020" WIDTH="26" />
<String CONTENT="p." HEIGHT="36" HPOS="269" VPOS="2030" WIDTH="42" />
<SP HEIGHT="39" HPOS="312" VPOS="2020" WIDTH="26" />
<String CONTENT="l.," CS="1" />
<SP HEIGHT="54" HPOS="393" VPOS="2003" WIDTH="17" />
<String CONTENT="159" HEIGHT="40" HPOS="411" VPOS="2017" WIDTH="82" />
<SP HEIGHT="48" HPOS="494" VPOS="2017" WIDTH="28" />
<String CONTENT="p." HEIGHT="36" HPOS="523" VPOS="2029" WIDTH="40" />
<SP HEIGHT="38" HPOS="564" VPOS="2018" WIDTH="56" />
<String CONTENT="23&#189;" CS="1" HEIGHT="39" HPOS="621" VPOS="2018" WIDTH="54" />
<String CONTENT="cm" HEIGHT="20" HPOS="709" STYLE="superscript" VPOS="2020" WIDTH="43" />
<String CONTENT="." HEIGHT="7" HPOS="759" VPOS="2051" WIDTH="7" />
</TextLine>
<TextLine CS="1" HEIGHT="52" HPOS="151" VPOS="2085" WIDTH="1988">
<String CONTENT="&#169;" HEIGHT="52" HPOS="151" VPOS="2085" WIDTH="51" />
<SP HEIGHT="52" HPOS="203" VPOS="2085" WIDTH="39" />
<String CONTENT="June" HEIGHT="39" HPOS="243" VPOS="2090" WIDTH="126" />
<SP HEIGHT="38" HPOS="370" VPOS="2090" WIDTH="35" />
<String CONTENT="17," HEIGHT="46" HPOS="406" VPOS="2090" WIDTH="68" />
<SP HEIGHT="46" HPOS="475" VPOS="2090" WIDTH="37" />
<String CONTENT="1933;" CS="1" />
<SP HEIGHT="41" HPOS="653" VPOS="2088" WIDTH="41" />
<String CONTENT="2c." HEIGHT="40" HPOS="695" VPOS="2088" WIDTH="66" />
<SP HEIGHT="30" HPOS="762" VPOS="2098" WIDTH="39" />
<String CONTENT="and" HEIGHT="38" HPOS="802" VPOS="2089" WIDTH="94" />
<SP HEIGHT="38" HPOS="897" VPOS="2089" WIDTH="38" />
<String CONTENT="aff." CS="1" />
<SP HEIGHT="40" HPOS="1018" VPOS="2088" WIDTH="38" />
<String CONTENT="June" HEIGHT="39" HPOS="1057" VPOS="2088" WIDTH="124" />
<SP HEIGHT="40" HPOS="1182" VPOS="2087" WIDTH="37" />
<String CONTENT="20;" CS="1" HEIGHT="38" HPOS="1220" VPOS="2087" WIDTH="54" />
<SP HEIGHT="41" HPOS="1302" VPOS="2087" WIDTH="41" />
<String CONTENT="A" HEIGHT="38" HPOS="1344" VPOS="2087" WIDTH="39" />
<SP HEIGHT="39" HPOS="1384" VPOS="2087" WIDTH="38" />
<String CONTENT="64060;" HEIGHT="46" HPOS="1423" VPOS="2087" WIDTH="170" />
<SP HEIGHT="45" HPOS="1594" VPOS="2088" WIDTH="42" />
<String CONTENT="Bat" HEIGHT="38" HPOS="1637" VPOS="2088" WIDTH="94" />
<SP HEIGHT="40" HPOS="1732" VPOS="2087" WIDTH="39" />
<String CONTENT="Corrigan" HEIGHT="47" HPOS="1772" VPOS="2086" WIDTH="235" />
<SP HEIGHT="28" HPOS="2008" VPOS="2098" WIDTH="37" />
<String CONTENT="and" HEIGHT="38" HPOS="2046" VPOS="2089" WIDTH="93" />
</TextLine>
<TextLine HEIGHT="49" HPOS="220" VPOS="2144" WIDTH="739">
<String CONTENT="D." HEIGHT="38" HPOS="220" VPOS="2148" WIDTH="57" />
<SP HEIGHT="39" HPOS="278" VPOS="2147" WIDTH="26" />
<String CONTENT="A." HEIGHT="38" HPOS="305" VPOS="2147" WIDTH="52" />
<SP HEIGHT="37" HPOS="358" VPOS="2147" WIDTH="31" />
<String CONTENT="Fraser," HEIGHT="46" HPOS="390" VPOS="2147" WIDTH="189" />
<SP HEIGHT="47" HPOS="580" VPOS="2146" WIDTH="32" />
<String CONTENT="San" HEIGHT="39" HPOS="613" VPOS="2146" WIDTH="96" />
<SP HEIGHT="38" HPOS="710" VPOS="2146" WIDTH="26" />
<String CONTENT="Antonio." HEIGHT="40" HPOS="737" VPOS="2144" WIDTH="222" />
</TextLine>
<TextLine HEIGHT="66" HPOS="141" STYLEREFS="StyleId-14D52D4D-95A5-4D26-88A9-1B8F156C847F-" VPOS="2249" WIDTH="728">
<String CONTENT="Craig," HEIGHT="66" HPOS="141" VPOS="2249" WIDTH="195" />
<SP HEIGHT="64" HPOS="337" VPOS="2251" WIDTH="30" />
<String CONTENT="C." HEIGHT="54" HPOS="368" VPOS="2251" WIDTH="60" />
<SP HEIGHT="54" HPOS="429" VPOS="2251" WIDTH="29" />
<String CONTENT="W." HEIGHT="54" HPOS="459" VPOS="2251" WIDTH="87" />
<SP HEIGHT="54" HPOS="547" VPOS="2251" WIDTH="28" />
<String CONTENT="Thurlow." HEIGHT="56" HPOS="576" VPOS="2249" WIDTH="293" />
</TextLine>
<TextLine HEIGHT="70" HPOS="210" STYLEREFS="StyleId-0C01A0E5-9AC2-46F4-AEF5-A851040AC261-" VPOS="2324" WIDTH="1933">
<String CONTENT="A" HEIGHT="52" HPOS="210" VPOS="2328" WIDTH="57" />
<SP HEIGHT="52" HPOS="268" VPOS="2328" WIDTH="41" />
<String CONTENT="rebel" HEIGHT="53" HPOS="310" VPOS="2326" WIDTH="150" />
<SP HEIGHT="53" HPOS="461" VPOS="2325" WIDTH="44" />
<String CONTENT="for" HEIGHT="53" HPOS="506" VPOS="2325" WIDTH="92" />
<SP HEIGHT="34" HPOS="599" VPOS="2344" WIDTH="43" />
<String CONTENT="a" HEIGHT="34" HPOS="643" VPOS="2344" WIDTH="31" />
<SP HEIGHT="52" HPOS="675" VPOS="2326" WIDTH="42" />
<String CONTENT="horse," HEIGHT="68" HPOS="718" VPOS="2326" WIDTH="180" />
<SP HEIGHT="68" HPOS="899" VPOS="2326" WIDTH="40" />
<String CONTENT="by" HEIGHT="67" HPOS="940" VPOS="2326" WIDTH="74" />
<SP HEIGHT="68" HPOS="1015" VPOS="2325" WIDTH="44" />
<String CONTENT="C." HEIGHT="54" HPOS="1060" VPOS="2325" WIDTH="62" />
<SP HEIGHT="54" HPOS="1123" VPOS="2326" WIDTH="40" />
<String CONTENT="W." HEIGHT="54" HPOS="1164" VPOS="2326" WIDTH="89" />
<SP HEIGHT="52" HPOS="1254" VPOS="2327" WIDTH="44" />
<String CONTENT="Thurlow" HEIGHT="52" HPOS="1299" VPOS="2326" WIDTH="272" />
<SP HEIGHT="55" HPOS="1572" VPOS="2324" WIDTH="47" />
<String CONTENT="Craig." HEIGHT="69" HPOS="1620" VPOS="2324" WIDTH="191" />
<SP HEIGHT="52" HPOS="1812" VPOS="2325" WIDTH="73" />
<String CONTENT="London," HEIGHT="67" HPOS="1886" VPOS="2325" WIDTH="257" />
</TextLine>
<TextLine CS="1" HEIGHT="68" HPOS="139" STYLEREFS="StyleId-0C01A0E5-9AC2-46F4-AEF5-A851040AC261-" VPOS="2404" WIDTH="690">
<String CONTENT="A." HEIGHT="53" HPOS="139" VPOS="2406" WIDTH="70" />
<SP HEIGHT="52" HPOS="210" VPOS="2407" WIDTH="34" />
<String CONTENT="Barker," HEIGHT="68" HPOS="245" VPOS="2404" WIDTH="237" />
<SP HEIGHT="68" HPOS="483" VPOS="2404" WIDTH="30" />
<String CONTENT="ltd." HEIGHT="53" HPOS="514" VPOS="2404" WIDTH="104" />
<SP HEIGHT="34" HPOS="619" VPOS="2437" WIDTH="37" />
<String CONTENT="[1934]" CS="1" HEIGHT="65" HPOS="677" VPOS="2406" WIDTH="152" />
</TextLine>
<TextLine CS="1" HEIGHT="50" HPOS="211" VPOS="2477" WIDTH="1041">
<String CONTENT="320" HEIGHT="40" HPOS="211" VPOS="2479" WIDTH="88" />
<SP HEIGHT="48" HPOS="300" VPOS="2479" WIDTH="23" />
<String CONTENT="p." HEIGHT="37" HPOS="324" VPOS="2490" WIDTH="43" />
<SP HEIGHT="41" HPOS="368" VPOS="2478" WIDTH="58" />
<String CONTENT="front.," HEIGHT="47" HPOS="427" VPOS="2478" WIDTH="164" />
<SP HEIGHT="38" HPOS="592" VPOS="2488" WIDTH="28" />
<String CONTENT="plates," HEIGHT="48" HPOS="621" VPOS="2478" WIDTH="171" />
<SP HEIGHT="37" HPOS="793" VPOS="2488" WIDTH="29" />
<String CONTENT="ports.," HEIGHT="47" HPOS="823" VPOS="2479" WIDTH="162" />
<SP HEIGHT="37" HPOS="986" VPOS="2489" WIDTH="29" />
<String CONTENT="map." HEIGHT="37" HPOS="1016" VPOS="2488" WIDTH="123" />
<SP HEIGHT="40" HPOS="1140" VPOS="2477" WIDTH="55" />
<String CONTENT="22&#189;" CS="1" HEIGHT="39" HPOS="1196" VPOS="2477" WIDTH="56" />
<String CONTENT="cm." CS="1" STYLE="superscript" />
</TextLine>
<TextLine CS="1" HEIGHT="51" HPOS="150" VPOS="2546" WIDTH="1990">
<String CONTENT="&#169;" HEIGHT="51" HPOS="150" VPOS="2546" WIDTH="50" />
<SP />
<String CONTENT="1c." CS="1" />
<SP />
<String CONTENT="Aug." HEIGHT="46" HPOS="334" VPOS="2550" WIDTH="118" />
<SP HEIGHT="38" HPOS="453" VPOS="2550" WIDTH="34" />
<String CONTENT="17," HEIGHT="42" HPOS="488" VPOS="2550" WIDTH="68" />
<SP HEIGHT="42" HPOS="557" VPOS="2550" WIDTH="33" />
<String CONTENT="1934;" HEIGHT="41" HPOS="591" VPOS="2549" WIDTH="139" />
<SP HEIGHT="42" HPOS="731" VPOS="2548" WIDTH="36" />
<String CONTENT="A" HEIGHT="38" HPOS="768" VPOS="2548" WIDTH="40" />
<SP HEIGHT="39" HPOS="809" VPOS="2548" WIDTH="33" />
<String CONTENT="ad" HEIGHT="37" HPOS="843" VPOS="2550" WIDTH="60" />
<SP HEIGHT="39" HPOS="904" VPOS="2548" WIDTH="33" />
<String CONTENT="int." HEIGHT="39" HPOS="938" VPOS="2548" WIDTH="86" />
<SP HEIGHT="38" HPOS="1025" VPOS="2549" WIDTH="33" />
<String CONTENT="19292;" HEIGHT="46" HPOS="1059" VPOS="2547" WIDTH="167" />
<SP HEIGHT="37" HPOS="1227" VPOS="2558" WIDTH="35" />
<String CONTENT="pubd." HEIGHT="46" HPOS="1263" VPOS="2549" WIDTH="141" />
<SP HEIGHT="39" HPOS="1405" VPOS="2548" WIDTH="36" />
<String CONTENT="June" HEIGHT="40" HPOS="1442" VPOS="2548" WIDTH="125" />
<SP HEIGHT="40" HPOS="1568" VPOS="2548" WIDTH="33" />
<String CONTENT="25;" CS="1" HEIGHT="39" HPOS="1602" VPOS="2548" WIDTH="54" />
<SP HEIGHT="46" HPOS="1684" VPOS="2548" WIDTH="37" />
<String CONTENT="C." HEIGHT="40" HPOS="1722" VPOS="2548" WIDTH="49" />
<SP HEIGHT="39" HPOS="1772" VPOS="2549" WIDTH="31" />
<String CONTENT="W." HEIGHT="39" HPOS="1804" VPOS="2549" WIDTH="71" />
<SP HEIGHT="38" HPOS="1876" VPOS="2548" WIDTH="35" />
<String CONTENT="Thurlow" HEIGHT="39" HPOS="1912" VPOS="2548" WIDTH="228" />
</TextLine>
<TextLine HEIGHT="49" HPOS="214" VPOS="2605" WIDTH="1294">
<String CONTENT="Craig," HEIGHT="47" HPOS="214" VPOS="2607" WIDTH="158" />
<SP HEIGHT="46" HPOS="373" VPOS="2608" WIDTH="28" />
<String CONTENT="Alsager," HEIGHT="45" HPOS="402" VPOS="2608" WIDTH="216" />
<SP HEIGHT="47" HPOS="619" VPOS="2606" WIDTH="28" />
<String CONTENT="Cheshire," HEIGHT="47" HPOS="648" VPOS="2605" WIDTH="244" />
<SP HEIGHT="46" HPOS="893" VPOS="2606" WIDTH="29" />
<String CONTENT="England." HEIGHT="47" HPOS="923" VPOS="2606" WIDTH="235" />
<SP HEIGHT="47" HPOS="1159" VPOS="2606" WIDTH="69" />
<String CONTENT="(34-25358)" HEIGHT="47" HPOS="1229" VPOS="2606" WIDTH="279" />
</TextLine>
<TextLine HEIGHT="67" HPOS="141" STYLEREFS="StyleId-14D52D4D-95A5-4D26-88A9-1B8F156C847F-" VPOS="2708" WIDTH="963">
<String CONTENT="Crofts," HEIGHT="66" HPOS="141" VPOS="2709" WIDTH="223" />
<SP HEIGHT="63" HPOS="365" VPOS="2712" WIDTH="33" />
<String CONTENT="Freeman" HEIGHT="51" HPOS="399" VPOS="2712" WIDTH="289" />
<SP HEIGHT="53" HPOS="689" VPOS="2711" WIDTH="30" />
<String CONTENT="Wills," HEIGHT="65" HPOS="720" VPOS="2708" WIDTH="184" />
<SP HEIGHT="60" HPOS="905" VPOS="2713" WIDTH="35" />
<String CONTENT="1879-" HEIGHT="51" HPOS="941" VPOS="2712" WIDTH="163" />
</TextLine>
<TextLine HEIGHT="71" HPOS="217" STYLEREFS="StyleId-0C01A0E5-9AC2-46F4-AEF5-A851040AC261-" VPOS="2784" WIDTH="1917">
<String CONTENT="Mystery" HEIGHT="68" HPOS="217" VPOS="2787" WIDTH="256" />
<SP HEIGHT="50" HPOS="474" VPOS="2805" WIDTH="34" />
<String CONTENT="on" HEIGHT="35" HPOS="509" VPOS="2804" WIDTH="69" />
<SP HEIGHT="53" HPOS="579" VPOS="2785" WIDTH="38" />
<String CONTENT="Southampton" HEIGHT="67" HPOS="618" VPOS="2785" WIDTH="418" />
<SP HEIGHT="33" HPOS="1037" VPOS="2804" WIDTH="33" />
<String CONTENT="water," HEIGHT="60" HPOS="1071" VPOS="2792" WIDTH="190" />
<SP HEIGHT="66" HPOS="1262" VPOS="2786" WIDTH="34" />
<String CONTENT="by" HEIGHT="68" HPOS="1297" VPOS="2786" WIDTH="70" />
<SP HEIGHT="67" HPOS="1368" VPOS="2787" WIDTH="41" />
<String CONTENT="Freeman" HEIGHT="52" HPOS="1410" VPOS="2787" WIDTH="268" />
<SP HEIGHT="53" HPOS="1679" VPOS="2785" WIDTH="40" />
<String CONTENT="Wills" HEIGHT="55" HPOS="1720" VPOS="2784" WIDTH="165" />
<SP HEIGHT="55" HPOS="1886" VPOS="2784" WIDTH="39" />
<String CONTENT="Crofts." HEIGHT="54" HPOS="1926" VPOS="2784" WIDTH="208" />
</TextLine>
<TextLine HEIGHT="70" HPOS="148" STYLEREFS="StyleId-0C01A0E5-9AC2-46F4-AEF5-A851040AC261-" VPOS="2862" WIDTH="1499">
<String CONTENT="London," HEIGHT="68" HPOS="148" VPOS="2864" WIDTH="255" />
<SP HEIGHT="68" HPOS="404" VPOS="2864" WIDTH="30" />
<String CONTENT="Hodder" HEIGHT="52" HPOS="435" VPOS="2863" WIDTH="238" />
<SP HEIGHT="33" HPOS="674" VPOS="2882" WIDTH="32" />
<String CONTENT="and" HEIGHT="52" HPOS="707" VPOS="2863" WIDTH="113" />
<SP HEIGHT="53" HPOS="821" VPOS="2862" WIDTH="31" />
<String CONTENT="Stoughton," HEIGHT="68" HPOS="853" VPOS="2862" WIDTH="338" />
<SP HEIGHT="58" HPOS="1192" VPOS="2864" WIDTH="30" />
<String CONTENT="limited," HEIGHT="69" HPOS="1223" VPOS="2863" WIDTH="238" />
<SP HEIGHT="64" HPOS="1462" VPOS="2868" WIDTH="35" />
<String CONTENT="1934." HEIGHT="52" HPOS="1498" VPOS="2867" WIDTH="149" />
</TextLine>
<TextLine HEIGHT="50" HPOS="214" VPOS="2934" WIDTH="622">
<String CONTENT="319" HEIGHT="40" HPOS="214" VPOS="2935" WIDTH="86" />
<SP HEIGHT="48" HPOS="301" VPOS="2936" WIDTH="26" />
<String CONTENT="p." HEIGHT="37" HPOS="328" VPOS="2947" WIDTH="41" />
<SP HEIGHT="41" HPOS="370" VPOS="2935" WIDTH="29" />
<String CONTENT="incl." HEIGHT="41" HPOS="400" VPOS="2935" WIDTH="108" />
<SP HEIGHT="29" HPOS="509" VPOS="2946" WIDTH="26" />
<String CONTENT="map." HEIGHT="37" HPOS="536" VPOS="2945" WIDTH="126" />
<SP HEIGHT="41" HPOS="663" VPOS="2935" WIDTH="57" />
<String CONTENT="20" HEIGHT="40" HPOS="721" VPOS="2934" WIDTH="55" />
<String CONTENT="cm" HEIGHT="21" HPOS="779" STYLE="superscript" VPOS="2937" WIDTH="43" />
<String CONTENT="." HEIGHT="7" HPOS="829" VPOS="2967" WIDTH="7" />
</TextLine>
<TextLine CS="1" HEIGHT="52" HPOS="146" VPOS="3007" WIDTH="1964">
<String CONTENT="&#169;" HEIGHT="52" HPOS="146" VPOS="3007" WIDTH="51" />
<SP />
<String CONTENT="1c." CS="1" />
<SP />
<String CONTENT="Aug." HEIGHT="46" HPOS="320" VPOS="3012" WIDTH="117" />
<SP HEIGHT="38" HPOS="438" VPOS="3011" WIDTH="27" />
<String CONTENT="18," HEIGHT="47" HPOS="466" VPOS="3010" WIDTH="68" />
<SP HEIGHT="46" HPOS="535" VPOS="3011" WIDTH="27" />
<String CONTENT="1934;" HEIGHT="47" HPOS="563" VPOS="3008" WIDTH="140" />
<SP HEIGHT="46" HPOS="704" VPOS="3009" WIDTH="28" />
<String CONTENT="A" HEIGHT="38" HPOS="733" VPOS="3009" WIDTH="41" />
<SP HEIGHT="39" HPOS="775" VPOS="3009" WIDTH="27" />
<String CONTENT="ad" HEIGHT="38" HPOS="803" VPOS="3010" WIDTH="61" />
<SP HEIGHT="40" HPOS="865" VPOS="3008" WIDTH="25" />
<String CONTENT="int" HEIGHT="39" HPOS="891" VPOS="3008" WIDTH="72" />
<SP HEIGHT="37" HPOS="964" VPOS="3010" WIDTH="42" />
<String CONTENT="19287;" CS="1" HEIGHT="40" HPOS="1007" VPOS="3008" WIDTH="140" />
<SP HEIGHT="36" HPOS="1176" VPOS="3020" WIDTH="28" />
<String CONTENT="pubd." HEIGHT="45" HPOS="1205" VPOS="3011" WIDTH="142" />
<SP HEIGHT="39" HPOS="1348" VPOS="3011" WIDTH="29" />
<String CONTENT="July" HEIGHT="47" HPOS="1378" VPOS="3011" WIDTH="115" />
<SP HEIGHT="47" HPOS="1494" VPOS="3011" WIDTH="28" />
<String CONTENT="26:" CS="1" HEIGHT="40" HPOS="1523" VPOS="3011" WIDTH="54" />
<SP HEIGHT="38" HPOS="1604" VPOS="3013" WIDTH="31" />
<String CONTENT="Dodd," HEIGHT="45" HPOS="1636" VPOS="3013" WIDTH="153" />
<SP HEIGHT="45" HPOS="1790" VPOS="3013" WIDTH="30" />
<String CONTENT="Mead" HEIGHT="38" HPOS="1821" VPOS="3013" WIDTH="141" />
<SP HEIGHT="38" HPOS="1963" VPOS="3013" WIDTH="29" />
<String CONTENT="&amp;" HEIGHT="38" HPOS="1993" VPOS="3013" WIDTH="34" />
<SP HEIGHT="39" HPOS="2028" VPOS="3013" WIDTH="27" />
<String CONTENT="co.," CS="1" HEIGHT="31" HPOS="2056" VPOS="3021" WIDTH="54" />
</TextLine>
<TextLine HEIGHT="49" HPOS="213" VPOS="3065" WIDTH="773">
<String CONTENT="inc.," HEIGHT="46" HPOS="213" VPOS="3068" WIDTH="104" />
<SP HEIGHT="45" HPOS="318" VPOS="3069" WIDTH="28" />
<String CONTENT="New" HEIGHT="38" HPOS="347" VPOS="3069" WIDTH="115" />
<SP HEIGHT="39" HPOS="463" VPOS="3068" WIDTH="27" />
<String CONTENT="York." HEIGHT="38" HPOS="491" VPOS="3068" WIDTH="142" />
<SP HEIGHT="47" HPOS="634" VPOS="3066" WIDTH="72" />
<String CONTENT="(34-25163)" HEIGHT="49" HPOS="707" VPOS="3065" WIDTH="279" />
</TextLine>
<TextLine CS="1" HEIGHT="148" HPOS="138" STYLEREFS="StyleId-0C01A0E5-9AC2-46F4-AEF5-A851040AC261-" VPOS="3167" WIDTH="1999">
<String CONTENT="The" HEIGHT="53" HPOS="138" VPOS="3170" WIDTH="121" />
<SP HEIGHT="53" HPOS="260" VPOS="3170" WIDTH="45" />
<String CONTENT="Cumulative" HEIGHT="56" HPOS="306" VPOS="3167" WIDTH="372" />
<SP HEIGHT="52" HPOS="679" VPOS="3169" WIDTH="46" />
<String CONTENT="loose-leaf" HEIGHT="53" HPOS="726" VPOS="3167" WIDTH="297" />
<SP HEIGHT="53" HPOS="1024" VPOS="3167" WIDTH="41" />
<String CONTENT="business" HEIGHT="53" HPOS="1066" VPOS="3169" WIDTH="253" />
<SP HEIGHT="34" HPOS="1320" VPOS="3189" WIDTH="44" />
<String CONTENT="encyclopedia;" HEIGHT="67" HPOS="1365" VPOS="3172" WIDTH="428" />
<SP HEIGHT="48" HPOS="1794" VPOS="3191" WIDTH="47" />
<String CONTENT="editor-in-chief," HEIGHT="143" HPOS="208" VPOS="3172" WIDTH="1929" />
</TextLine>
<TextLine CS="1" HEIGHT="72" HPOS="419" STYLEREFS="StyleId-0C01A0E5-9AC2-46F4-AEF5-A851040AC261-" VPOS="3246" WIDTH="1714">
<String CONTENT="Harry" HEIGHT="65" HPOS="419" VPOS="3249" WIDTH="200" />
<SP HEIGHT="66" HPOS="620" VPOS="3248" WIDTH="39" />
<String CONTENT="T." HEIGHT="51" HPOS="660" VPOS="3248" WIDTH="65" />
<SP HEIGHT="54" HPOS="726" VPOS="3246" WIDTH="43" />
<String CONTENT="Collings" HEIGHT="67" HPOS="770" VPOS="3246" WIDTH="258" />
<SP HEIGHT="33" HPOS="1029" VPOS="3265" WIDTH="45" />
<String CONTENT="&#8230;" CS="1" />
<SP HEIGHT="51" HPOS="1130" VPOS="3249" WIDTH="96" />
<String CONTENT="Philadelphia," HEIGHT="68" HPOS="1227" VPOS="3248" WIDTH="428" />
<SP HEIGHT="65" HPOS="1656" VPOS="3251" WIDTH="40" />
<String CONTENT="Chicago" HEIGHT="67" HPOS="1697" VPOS="3251" WIDTH="250" />
<SP HEIGHT="48" HPOS="1948" VPOS="3269" WIDTH="46" />
<String CONTENT="[etc.]" HEIGHT="61" HPOS="1995" VPOS="3256" WIDTH="138" />
</TextLine>
<TextLine CS="1" HEIGHT="71" HPOS="211" STYLEREFS="StyleId-0C01A0E5-9AC2-46F4-AEF5-A851040AC261-" VPOS="3322" WIDTH="1229">
<String CONTENT="The" HEIGHT="52" HPOS="211" VPOS="3325" WIDTH="121" />
<SP HEIGHT="53" HPOS="333" VPOS="3325" WIDTH="26" />
<String CONTENT="John" HEIGHT="54" HPOS="360" VPOS="3324" WIDTH="156" />
<SP HEIGHT="54" HPOS="517" VPOS="3322" WIDTH="29" />
<String CONTENT="C." HEIGHT="54" HPOS="547" VPOS="3322" WIDTH="61" />
<SP HEIGHT="54" HPOS="609" VPOS="3322" WIDTH="27" />
<String CONTENT="Winston" HEIGHT="54" HPOS="637" VPOS="3322" WIDTH="267" />
<SP HEIGHT="34" HPOS="905" VPOS="3340" WIDTH="28" />
<String CONTENT="company" HEIGHT="52" HPOS="934" VPOS="3340" WIDTH="279" />
<SP HEIGHT="51" HPOS="1214" VPOS="3341" WIDTH="32" />
<String CONTENT="[" CS="1" />
<String CONTENT="c" HEIGHT="21" HPOS="1266" STYLE="superscript" VPOS="3330" WIDTH="17" />
<String CONTENT="1934]" CS="1" HEIGHT="67" HPOS="1288" VPOS="3326" WIDTH="152" />
</TextLine>
<TextLine CS="1" HEIGHT="52" HPOS="208" VPOS="3394" WIDTH="1929">
<String CONTENT="10" HEIGHT="40" HPOS="208" VPOS="3397" WIDTH="57" />
<SP HEIGHT="40" HPOS="266" VPOS="3397" WIDTH="23" />
<String CONTENT="v." HEIGHT="30" HPOS="290" VPOS="3408" WIDTH="43" />
<SP HEIGHT="41" HPOS="334" VPOS="3397" WIDTH="54" />
<String CONTENT="fronts." HEIGHT="39" HPOS="389" VPOS="3397" WIDTH="174" />
<SP HEIGHT="48" HPOS="564" VPOS="3395" WIDTH="28" />
<String CONTENT="(1" HEIGHT="48" HPOS="593" VPOS="3395" WIDTH="47" />
<SP HEIGHT="37" HPOS="641" VPOS="3397" WIDTH="30" />
<String CONTENT="col.:" HEIGHT="38" HPOS="672" VPOS="3397" WIDTH="112" />
<SP HEIGHT="29" HPOS="785" VPOS="3404" WIDTH="30" />
<String CONTENT="v." HEIGHT="31" HPOS="816" VPOS="3404" WIDTH="42" />
<SP HEIGHT="41" HPOS="859" VPOS="3394" WIDTH="28" />
<String CONTENT="8)" HEIGHT="48" HPOS="888" VPOS="3394" WIDTH="50" />
<SP HEIGHT="47" HPOS="939" VPOS="3395" WIDTH="38" />
<String CONTENT="illus.," HEIGHT="45" HPOS="978" VPOS="3395" WIDTH="141" />
<SP HEIGHT="38" HPOS="1120" VPOS="3405" WIDTH="25" />
<String CONTENT="plates," HEIGHT="48" HPOS="1146" VPOS="3396" WIDTH="172" />
<SP HEIGHT="37" HPOS="1319" VPOS="3407" WIDTH="27" />
<String CONTENT="ports.," HEIGHT="46" HPOS="1347" VPOS="3400" WIDTH="164" />
<SP HEIGHT="46" HPOS="1512" VPOS="3400" WIDTH="29" />
<String CONTENT="diagrs.," HEIGHT="47" HPOS="1542" VPOS="3398" WIDTH="193" />
<SP HEIGHT="46" HPOS="1736" VPOS="3398" WIDTH="28" />
<String CONTENT="forms." HEIGHT="40" HPOS="1765" VPOS="3398" WIDTH="168" />
<SP HEIGHT="38" HPOS="1934" VPOS="3400" WIDTH="58" />
<String CONTENT="22&#189;" CS="1" HEIGHT="39" HPOS="1993" VPOS="3399" WIDTH="54" />
<String CONTENT="cm" HEIGHT="21" HPOS="2081" STYLE="superscript" VPOS="3401" WIDTH="43" />
<String CONTENT="." HEIGHT="7" HPOS="2129" VPOS="3431" WIDTH="8" />
</TextLine>
<TextLine HEIGHT="49" HPOS="211" VPOS="3451" WIDTH="1758">
<String CONTENT="Published" HEIGHT="40" HPOS="211" VPOS="3453" WIDTH="259" />
<SP HEIGHT="40" HPOS="471" VPOS="3453" WIDTH="31" />
<String CONTENT="1925" HEIGHT="40" HPOS="503" VPOS="3451" WIDTH="114" />
<SP HEIGHT="39" HPOS="618" VPOS="3451" WIDTH="30" />
<String CONTENT="under" HEIGHT="38" HPOS="649" VPOS="3452" WIDTH="153" />
<SP HEIGHT="38" HPOS="803" VPOS="3453" WIDTH="30" />
<String CONTENT="title:" HEIGHT="39" HPOS="834" VPOS="3452" WIDTH="133" />
<SP HEIGHT="39" HPOS="968" VPOS="3451" WIDTH="32" />
<String CONTENT="Business" HEIGHT="41" HPOS="1001" VPOS="3451" WIDTH="233" />
<SP HEIGHT="37" HPOS="1235" VPOS="3455" WIDTH="31" />
<String CONTENT="library" HEIGHT="47" HPOS="1267" VPOS="3453" WIDTH="184" />
<SP HEIGHT="44" HPOS="1452" VPOS="3456" WIDTH="30" />
<String CONTENT="for" HEIGHT="39" HPOS="1483" VPOS="3456" WIDTH="78" />
<SP HEIGHT="39" HPOS="1562" VPOS="3455" WIDTH="30" />
<String CONTENT="business" HEIGHT="40" HPOS="1593" VPOS="3455" WIDTH="222" />
<SP HEIGHT="29" HPOS="1816" VPOS="3466" WIDTH="32" />
<String CONTENT="men." HEIGHT="30" HPOS="1849" VPOS="3466" WIDTH="120" />
</TextLine>
<TextLine HEIGHT="49" HPOS="199" VPOS="3507" WIDTH="833">
<String CONTENT="Vols." HEIGHT="41" HPOS="199" VPOS="3509" WIDTH="126" />
<SP HEIGHT="40" HPOS="326" VPOS="3510" WIDTH="27" />
<String CONTENT="9-10" HEIGHT="42" HPOS="354" VPOS="3508" WIDTH="114" />
<SP HEIGHT="48" HPOS="469" VPOS="3508" WIDTH="25" />
<String CONTENT="paged" HEIGHT="47" HPOS="495" VPOS="3509" WIDTH="155" />
<SP HEIGHT="39" HPOS="651" VPOS="3509" WIDTH="28" />
<String CONTENT="continuously." HEIGHT="47" HPOS="680" VPOS="3507" WIDTH="352" />
</TextLine>
<TextLine CS="1" HEIGHT="55" HPOS="485" VPOS="3563" WIDTH="1653">
<String CONTENT="CONTENTS." CS="1" />
<SP HEIGHT="18" HPOS="485" VPOS="3587" WIDTH="15" />
<String CONTENT="&#8212;" HEIGHT="5" HPOS="501" VPOS="3587" WIDTH="59" />
<SP HEIGHT="27" HPOS="561" VPOS="3576" WIDTH="15" />
<String CONTENT="v." HEIGHT="28" HPOS="577" VPOS="3576" WIDTH="45" />
<SP HEIGHT="41" HPOS="623" VPOS="3563" WIDTH="39" />
<String CONTENT="1." HEIGHT="41" HPOS="663" VPOS="3563" WIDTH="41" />
<SP HEIGHT="40" HPOS="705" VPOS="3564" WIDTH="35" />
<String CONTENT="The" HEIGHT="39" HPOS="741" VPOS="3564" WIDTH="100" />
<SP HEIGHT="30" HPOS="842" VPOS="3574" WIDTH="37" />
<String CONTENT="executive" HEIGHT="41" HPOS="880" VPOS="3564" WIDTH="251" />
<SP HEIGHT="40" HPOS="1132" VPOS="3565" WIDTH="35" />
<String CONTENT="business" HEIGHT="41" HPOS="1168" VPOS="3565" WIDTH="221" />
<SP HEIGHT="30" HPOS="1390" VPOS="3577" WIDTH="37" />
<String CONTENT="administration," HEIGHT="49" HPOS="1428" VPOS="3566" WIDTH="412" />
<SP HEIGHT="46" HPOS="1841" VPOS="3569" WIDTH="40" />
<String CONTENT="by" HEIGHT="49" HPOS="1882" VPOS="3569" WIDTH="60" />
<SP HEIGHT="48" HPOS="1943" VPOS="3570" WIDTH="40" />
<String CONTENT="A." HEIGHT="42" HPOS="1984" VPOS="3570" WIDTH="52" />
<SP HEIGHT="43" HPOS="2037" VPOS="3569" WIDTH="39" />
<String CONTENT="H." HEIGHT="41" HPOS="2077" VPOS="3569" WIDTH="61" />
</TextLine>
<TextLine HEIGHT="53" HPOS="141" VPOS="3620" WIDTH="1997">
<String CONTENT="Church.&#8212;v." HEIGHT="41" HPOS="141" VPOS="3622" WIDTH="313" />
<SP HEIGHT="41" HPOS="455" VPOS="3621" WIDTH="25" />
<String CONTENT="2." HEIGHT="40" HPOS="481" VPOS="3621" WIDTH="43" />
<SP HEIGHT="41" HPOS="525" VPOS="3620" WIDTH="24" />
<String CONTENT="Production," HEIGHT="46" HPOS="550" VPOS="3620" WIDTH="308" />
<SP HEIGHT="46" HPOS="859" VPOS="3620" WIDTH="24" />
<String CONTENT="by" HEIGHT="46" HPOS="884" VPOS="3620" WIDTH="61" />
<SP HEIGHT="46" HPOS="946" VPOS="3620" WIDTH="24" />
<String CONTENT="E." HEIGHT="40" HPOS="971" VPOS="3620" WIDTH="53" />
<SP HEIGHT="40" HPOS="1025" VPOS="3620" WIDTH="26" />
<String CONTENT="H." HEIGHT="41" HPOS="1052" VPOS="3620" WIDTH="61" />
<SP HEIGHT="39" HPOS="1114" VPOS="3622" WIDTH="26" />
<String CONTENT="Fish." HEIGHT="41" HPOS="1141" VPOS="3621" WIDTH="133" />
<SP HEIGHT="39" HPOS="1275" VPOS="3623" WIDTH="55" />
<String CONTENT="Personnel," HEIGHT="50" HPOS="1331" VPOS="3623" WIDTH="275" />
<SP HEIGHT="49" HPOS="1607" VPOS="3624" WIDTH="27" />
<String CONTENT="by" HEIGHT="48" HPOS="1635" VPOS="3624" WIDTH="60" />
<SP HEIGHT="47" HPOS="1696" VPOS="3625" WIDTH="25" />
<String CONTENT="W." HEIGHT="41" HPOS="1722" VPOS="3625" WIDTH="71" />
<SP HEIGHT="41" HPOS="1794" VPOS="3625" WIDTH="26" />
<String CONTENT="L." HEIGHT="41" HPOS="1821" VPOS="3625" WIDTH="51" />
<SP HEIGHT="39" HPOS="1873" VPOS="3627" WIDTH="28" />
<String CONTENT="Fletcher." HEIGHT="41" HPOS="1902" VPOS="3626" WIDTH="236" />
</TextLine>
<TextLine HEIGHT="54" HPOS="142" VPOS="3675" WIDTH="1998">
<String CONTENT="Cost" HEIGHT="44" HPOS="142" VPOS="3676" WIDTH="114" />
<SP HEIGHT="39" HPOS="257" VPOS="3681" WIDTH="29" />
<String CONTENT="accounting," HEIGHT="46" HPOS="287" VPOS="3678" WIDTH="300" />
<SP HEIGHT="47" HPOS="588" VPOS="3677" WIDTH="30" />
<String CONTENT="by" HEIGHT="46" HPOS="619" VPOS="3677" WIDTH="60" />
<SP HEIGHT="48" HPOS="680" VPOS="3675" WIDTH="32" />
<String CONTENT="J." HEIGHT="41" HPOS="713" VPOS="3675" WIDTH="42" />
<SP HEIGHT="40" HPOS="756" VPOS="3676" WIDTH="30" />
<String CONTENT="L." HEIGHT="39" HPOS="787" VPOS="3676" WIDTH="50" />
<SP HEIGHT="39" HPOS="838" VPOS="3676" WIDTH="33" />
<String CONTENT="Nicholson.&#8212;v." HEIGHT="42" HPOS="872" VPOS="3676" WIDTH="382" />
<SP HEIGHT="41" HPOS="1255" VPOS="3678" WIDTH="32" />
<String CONTENT="3." HEIGHT="41" HPOS="1288" VPOS="3678" WIDTH="41" />
<SP HEIGHT="39" HPOS="1330" VPOS="3679" WIDTH="35" />
<String CONTENT="Income" HEIGHT="41" HPOS="1366" VPOS="3679" WIDTH="188" />
<SP HEIGHT="38" HPOS="1555" VPOS="3683" WIDTH="33" />
<String CONTENT="tax," HEIGHT="46" HPOS="1589" VPOS="3683" WIDTH="100" />
<SP HEIGHT="47" HPOS="1690" VPOS="3682" WIDTH="33" />
<String CONTENT="by" HEIGHT="46" HPOS="1724" VPOS="3682" WIDTH="60" />
<SP HEIGHT="45" HPOS="1785" VPOS="3683" WIDTH="31" />
<String CONTENT="J." HEIGHT="40" HPOS="1817" VPOS="3683" WIDTH="44" />
<SP HEIGHT="41" HPOS="1862" VPOS="3682" WIDTH="30" />
<String CONTENT="Herndon," HEIGHT="46" HPOS="1893" VPOS="3682" WIDTH="247" />
</TextLine>
<TextLine HEIGHT="54" HPOS="141" VPOS="3732" WIDTH="2000">
<String CONTENT="jr." HEIGHT="47" HPOS="141" VPOS="3733" WIDTH="59" />
<SP HEIGHT="41" HPOS="201" VPOS="3734" WIDTH="64" />
<String CONTENT="Corporations," HEIGHT="48" HPOS="266" VPOS="3734" WIDTH="358" />
<SP HEIGHT="47" HPOS="625" VPOS="3733" WIDTH="36" />
<String CONTENT="by" HEIGHT="47" HPOS="662" VPOS="3733" WIDTH="61" />
<SP HEIGHT="48" HPOS="724" VPOS="3732" WIDTH="37" />
<String CONTENT="R." HEIGHT="43" HPOS="762" VPOS="3732" WIDTH="54" />
<SP HEIGHT="42" HPOS="817" VPOS="3733" WIDTH="39" />
<String CONTENT="J." HEIGHT="39" HPOS="857" VPOS="3733" WIDTH="42" />
<SP HEIGHT="40" HPOS="900" VPOS="3732" WIDTH="40" />
<String CONTENT="Bennett." HEIGHT="41" HPOS="941" VPOS="3732" WIDTH="223" />
<SP HEIGHT="37" HPOS="1165" VPOS="3736" WIDTH="62" />
<String CONTENT="Accounting," HEIGHT="48" HPOS="1228" VPOS="3736" WIDTH="315" />
<SP HEIGHT="45" HPOS="1544" VPOS="3737" WIDTH="39" />
<String CONTENT="by" HEIGHT="48" HPOS="1584" VPOS="3737" WIDTH="60" />
<SP HEIGHT="47" HPOS="1645" VPOS="3738" WIDTH="37" />
<String CONTENT="N." HEIGHT="42" HPOS="1683" VPOS="3738" WIDTH="55" />
<SP HEIGHT="41" HPOS="1739" VPOS="3739" WIDTH="42" />
<String CONTENT="H." HEIGHT="40" HPOS="1782" VPOS="3739" WIDTH="60" />
<SP HEIGHT="40" HPOS="1843" VPOS="3739" WIDTH="40" />
<String CONTENT="Prouty.&#8212;" HEIGHT="47" HPOS="1884" VPOS="3739" WIDTH="257" />
</TextLine>
<TextLine HEIGHT="54" HPOS="144" VPOS="3788" WIDTH="1998">
<String CONTENT="v." HEIGHT="29" HPOS="144" VPOS="3802" WIDTH="42" />
<SP HEIGHT="41" HPOS="187" VPOS="3791" WIDTH="34" />
<String CONTENT="4." HEIGHT="41" HPOS="222" VPOS="3791" WIDTH="43" />
<SP HEIGHT="40" HPOS="266" VPOS="3792" WIDTH="35" />
<String CONTENT="Business" HEIGHT="39" HPOS="302" VPOS="3792" WIDTH="232" />
<SP HEIGHT="29" HPOS="535" VPOS="3801" WIDTH="36" />
<String CONTENT="economics," HEIGHT="46" HPOS="572" VPOS="3789" WIDTH="279" />
<SP HEIGHT="46" HPOS="852" VPOS="3789" WIDTH="38" />
<String CONTENT="by" HEIGHT="47" HPOS="891" VPOS="3789" WIDTH="60" />
<SP HEIGHT="48" HPOS="952" VPOS="3788" WIDTH="35" />
<String CONTENT="H." HEIGHT="41" HPOS="988" VPOS="3788" WIDTH="60" />
<SP HEIGHT="39" HPOS="1049" VPOS="3790" WIDTH="35" />
<String CONTENT="T." HEIGHT="39" HPOS="1085" VPOS="3790" WIDTH="52" />
<SP HEIGHT="41" HPOS="1138" VPOS="3789" WIDTH="38" />
<String CONTENT="Collings." HEIGHT="49" HPOS="1177" VPOS="3789" WIDTH="227" />
<SP HEIGHT="37" HPOS="1405" VPOS="3794" WIDTH="71" />
<String CONTENT="Banking," HEIGHT="48" HPOS="1477" VPOS="3794" WIDTH="234" />
<SP HEIGHT="45" HPOS="1712" VPOS="3795" WIDTH="37" />
<String CONTENT="by" HEIGHT="46" HPOS="1750" VPOS="3795" WIDTH="61" />
<SP HEIGHT="45" HPOS="1812" VPOS="3796" WIDTH="36" />
<String CONTENT="F." HEIGHT="40" HPOS="1849" VPOS="3796" WIDTH="52" />
<SP HEIGHT="40" HPOS="1902" VPOS="3796" WIDTH="40" />
<String CONTENT="Parker." HEIGHT="40" HPOS="1943" VPOS="3796" WIDTH="199" />
</TextLine>
<TextLine HEIGHT="55" HPOS="142" VPOS="3845" WIDTH="1998">
<String CONTENT="Finance" HEIGHT="42" HPOS="142" VPOS="3846" WIDTH="207" />
<SP HEIGHT="30" HPOS="350" VPOS="3858" WIDTH="32" />
<String CONTENT="and" HEIGHT="38" HPOS="383" VPOS="3849" WIDTH="94" />
<SP HEIGHT="40" HPOS="478" VPOS="3847" WIDTH="32" />
<String CONTENT="investment," HEIGHT="38" HPOS="511" VPOS="3847" WIDTH="305" />
<SP HEIGHT="40" HPOS="817" VPOS="3845" WIDTH="32" />
<String CONTENT="by" HEIGHT="46" HPOS="850" VPOS="3845" WIDTH="59" />
<SP HEIGHT="45" HPOS="910" VPOS="3846" WIDTH="32" />
<String CONTENT="L." HEIGHT="38" HPOS="943" VPOS="3846" WIDTH="49" />
<SP HEIGHT="38" HPOS="993" VPOS="3846" WIDTH="37" />
<String CONTENT="P." HEIGHT="38" HPOS="1031" VPOS="3846" WIDTH="47" />
<SP HEIGHT="41" HPOS="1079" VPOS="3845" WIDTH="37" />
<String CONTENT="Stradley.&#8212;v." HEIGHT="50" HPOS="1117" VPOS="3845" WIDTH="346" />
<SP HEIGHT="41" HPOS="1464" VPOS="3849" WIDTH="34" />
<String CONTENT="5." HEIGHT="41" HPOS="1499" VPOS="3849" WIDTH="44" />
<SP HEIGHT="40" HPOS="1544" VPOS="3850" WIDTH="31" />
<String CONTENT="Marketing," HEIGHT="50" HPOS="1576" VPOS="3850" WIDTH="291" />
<SP HEIGHT="48" HPOS="1868" VPOS="3852" WIDTH="32" />
<String CONTENT="by" HEIGHT="47" HPOS="1901" VPOS="3852" WIDTH="61" />
<SP HEIGHT="46" HPOS="1963" VPOS="3853" WIDTH="34" />
<String CONTENT="F." HEIGHT="41" HPOS="1998" VPOS="3853" WIDTH="51" />
<SP HEIGHT="42" HPOS="2050" VPOS="3852" WIDTH="35" />
<String CONTENT="E." HEIGHT="40" HPOS="2086" VPOS="3852" WIDTH="54" />
</TextLine>
<TextLine HEIGHT="58" HPOS="141" VPOS="3901" WIDTH="2001">
<String CONTENT="Clark." HEIGHT="42" HPOS="141" VPOS="3901" WIDTH="159" />
<SP HEIGHT="41" HPOS="301" VPOS="3903" WIDTH="69" />
<String CONTENT="Salesmanship," HEIGHT="46" HPOS="371" VPOS="3903" WIDTH="376" />
<SP HEIGHT="46" HPOS="748" VPOS="3903" WIDTH="42" />
<String CONTENT="by" HEIGHT="44" HPOS="791" VPOS="3903" WIDTH="54" />
<SP HEIGHT="45" HPOS="846" VPOS="3902" WIDTH="39" />
<String CONTENT="R." HEIGHT="39" HPOS="886" VPOS="3902" WIDTH="54" />
<SP HEIGHT="38" HPOS="941" VPOS="3903" WIDTH="43" />
<String CONTENT="L." HEIGHT="41" HPOS="985" VPOS="3903" WIDTH="47" />
<SP HEIGHT="42" HPOS="1033" VPOS="3902" WIDTH="43" />
<String CONTENT="Wood." HEIGHT="41" HPOS="1077" VPOS="3902" WIDTH="159" />
<SP HEIGHT="37" HPOS="1237" VPOS="3907" WIDTH="68" />
<String CONTENT="Credits&#8212;collections," HEIGHT="48" HPOS="1306" VPOS="3907" WIDTH="545" />
<SP HEIGHT="46" HPOS="1852" VPOS="3909" WIDTH="40" />
<String CONTENT="by" HEIGHT="50" HPOS="1893" VPOS="3909" WIDTH="63" />
<SP HEIGHT="50" HPOS="1957" VPOS="3909" WIDTH="42" />
<String CONTENT="S." HEIGHT="40" HPOS="2000" VPOS="3909" WIDTH="43" />
<SP HEIGHT="39" HPOS="2044" VPOS="3909" WIDTH="39" />
<String CONTENT="R." HEIGHT="40" HPOS="2084" VPOS="3909" WIDTH="58" />
</TextLine>
</TextBlock>
</PrintSpace>
</Page>
</Layout>
</alto>