<alto xmlns="http://www.loc.gov/standards/alto/ns-v3#" xmlns:xsi="http://www.w3.org/2001/XMLSchema-instance" xsi:schemaLocation="http://www.loc.gov/standards/alto/ns-v3# http://www.loc.gov/alto/v3/alto-3-0.xsd"><Description>
<MeasurementUnit>pixel</MeasurementUnit>
<sourceImageInformation>
<fileName>1934_v1_Part1.pdf</fileName>
</sourceImageInformation>
<OCRProcessing ID="IdOcr">
<ocrProcessingStep>
<processingDateTime>2019-01-10</processingDateTime>
<processingSoftware>
<softwareCreator>ABBYY</softwareCreator>
<softwareName>ABBYY Recognition Server</softwareName>
<softwareVersion>4.0</softwareVersion>
</processingSoftware>
</ocrProcessingStep>
</OCRProcessing>
</Description>
<Styles>
<ParagraphStyle ALIGN="Left" FIRSTLINE="0." ID="StyleId-FFFFFFFF-FFFF-FFFF-FFFF-FFFFFFFFFFFF-" LEFT="0." RIGHT="0." />
<ParagraphStyle ALIGN="Right" FIRSTLINE="0." ID="StyleId-521E1FC6-FE7E-43A4-90E6-A9B61626A263-" LEFT="0." LINESPACE="13.30000019" RIGHT="0." />
<ParagraphStyle ALIGN="Left" FIRSTLINE="-27." ID="StyleId-639B624E-F6F5-47B6-BB1D-34E64B53022F-" LEFT="0." LINESPACE="13.43999958" RIGHT="0." />
<ParagraphStyle ALIGN="Left" FIRSTLINE="0." ID="StyleId-100905F9-D385-406B-A5BD-ED5B8FD85431-" LEFT="0." RIGHT="0." />
<ParagraphStyle ALIGN="Left" FIRSTLINE="-27." ID="StyleId-7C9F9BA2-EF3A-4B7F-8486-CCC7B7F49B39-" LEFT="0." LINESPACE="18.71999931" RIGHT="0." />
<ParagraphStyle ALIGN="Block" FIRSTLINE="-27." ID="StyleId-350780E3-60F2-4605-88F5-BB54F9B87091-" LEFT="0." LINESPACE="18.71999931" RIGHT="0." />
<ParagraphStyle ALIGN="Left" FIRSTLINE="0." ID="StyleId-90B16C58-D795-4C77-9B89-30378C515D40-" LEFT="0." LINESPACE="14.39999962" RIGHT="0." />
<ParagraphStyle ALIGN="Right" FIRSTLINE="-27." ID="StyleId-17090E09-AFAF-4086-BD9B-4E99FAE6B057-" LEFT="0." LINESPACE="14.39999962" RIGHT="0." />
<ParagraphStyle ALIGN="Left" FIRSTLINE="-27." ID="StyleId-8B87B633-89DB-4D72-B1FC-26E4ABD680BC-" LEFT="0." LINESPACE="18.47999954" RIGHT="0." />
<ParagraphStyle ALIGN="Left" FIRSTLINE="0." ID="StyleId-42DA7417-CA90-4D71-A57B-06556C38D752-" LEFT="0." LINESPACE="13.30000019" RIGHT="0." />
<ParagraphStyle ALIGN="Block" FIRSTLINE="0." ID="StyleId-D8EE2A7E-42AE-4E35-98DB-F0F935637AA0-" LEFT="0." LINESPACE="6.599999905" RIGHT="0." />
<ParagraphStyle ALIGN="Left" FIRSTLINE="0." ID="StyleId-33CD3121-D4F5-43B6-BA96-6382D166E6B8-" LEFT="0." LINESPACE="15.5" RIGHT="0." />
<ParagraphStyle ALIGN="Block" FIRSTLINE="-21." ID="StyleId-1CE52AFA-C319-4DD9-B4B1-F0EBFA2B3F0B-" LEFT="0." LINESPACE="18.71999931" RIGHT="0." />
<ParagraphStyle ALIGN="Left" FIRSTLINE="0." ID="StyleId-B74F1B65-92F1-49C5-A5FA-D20442F031F2-" LEFT="0." LINESPACE="17.70006076" RIGHT="0." />
<ParagraphStyle ALIGN="Center" FIRSTLINE="0." ID="StyleId-79E2924A-215C-40B7-B577-7236BFBAA25E-" LEFT="0." LINESPACE="7.199999809" RIGHT="0." />
</Styles>
<Layout>
<Page HEIGHT="4296" ID="Page729" PHYSICAL_IMG_NR="729" WIDTH="2350">
<TopMargin HEIGHT="350" HPOS="0" VPOS="0" WIDTH="2350">
</TopMargin>
<LeftMargin HEIGHT="3643" HPOS="0" VPOS="350" WIDTH="169">
</LeftMargin>
<RightMargin HEIGHT="3643" HPOS="2184" VPOS="350" WIDTH="166">
</RightMargin>
<BottomMargin HEIGHT="303" HPOS="0" VPOS="3993" WIDTH="2350">
<TextBlock HEIGHT="65" HPOS="1115" ID="Page729_Block1" LANG="en-US" STYLEREFS="StyleId-A71125EA-A961-4887-97CB-492981203E77-" VPOS="3996" WIDTH="111">
<TextLine HEIGHT="53" HPOS="1121" VPOS="4002" WIDTH="99">
<String CONTENT="729" HEIGHT="53" HPOS="1121" VPOS="4002" WIDTH="99" />
</TextLine>
</TextBlock>
</BottomMargin>
<PrintSpace HEIGHT="3643" HPOS="169" VPOS="350" WIDTH="2015">
<TextBlock CS="1" HEIGHT="3643" HPOS="169" ID="Page729_Block2" LANG="en-US" STYLEREFS="StyleId-29E45F8E-943C-4B47-86E5-ABDAA4649CC6-" VPOS="350" WIDTH="2015">
<TextLine CS="1" HEIGHT="69" HPOS="182" STYLEREFS="StyleId-1F6D6F19-883E-4996-8558-0B02428CCE96-" VPOS="356" WIDTH="1991">
<String CONTENT="The" HEIGHT="50" HPOS="182" VPOS="360" WIDTH="118" />
<SP HEIGHT="51" HPOS="301" VPOS="360" WIDTH="40" />
<String CONTENT="American" HEIGHT="54" HPOS="342" VPOS="358" WIDTH="315" />
<SP HEIGHT="35" HPOS="658" VPOS="377" WIDTH="42" />
<String CONTENT="educator" HEIGHT="52" HPOS="701" VPOS="359" WIDTH="266" />
<SP HEIGHT="34" HPOS="968" VPOS="377" WIDTH="40" />
<String CONTENT="encyclopedia;" CS="1" HEIGHT="68" HPOS="1009" VPOS="357" WIDTH="398" />
<SP HEIGHT="48" HPOS="1435" VPOS="376" WIDTH="46" />
<String CONTENT="a" HEIGHT="32" HPOS="1482" VPOS="376" WIDTH="25" />
<SP HEIGHT="47" HPOS="1508" VPOS="362" WIDTH="42" />
<String CONTENT="thoroughly" HEIGHT="67" HPOS="1551" VPOS="357" WIDTH="350" />
<SP HEIGHT="49" HPOS="1902" VPOS="374" WIDTH="40" />
<String CONTENT="modern" HEIGHT="52" HPOS="1943" VPOS="356" WIDTH="230" />
</TextLine>
<TextLine HEIGHT="72" HPOS="254" STYLEREFS="StyleId-1F6D6F19-883E-4996-8558-0B02428CCE96-" VPOS="434" WIDTH="1921">
<String CONTENT="work" HEIGHT="51" HPOS="254" VPOS="438" WIDTH="155" />
<SP HEIGHT="51" HPOS="410" VPOS="438" WIDTH="29" />
<String CONTENT="designed" HEIGHT="69" HPOS="440" VPOS="437" WIDTH="269" />
<SP HEIGHT="51" HPOS="710" VPOS="438" WIDTH="29" />
<String CONTENT="to" HEIGHT="47" HPOS="740" VPOS="443" WIDTH="58" />
<SP HEIGHT="34" HPOS="799" VPOS="456" WIDTH="28" />
<String CONTENT="meet" HEIGHT="46" HPOS="828" VPOS="444" WIDTH="145" />
<SP HEIGHT="47" HPOS="974" VPOS="443" WIDTH="24" />
<String CONTENT="the" HEIGHT="52" HPOS="999" VPOS="437" WIDTH="94" />
<SP HEIGHT="33" HPOS="1094" VPOS="455" WIDTH="27" />
<String CONTENT="needs" HEIGHT="52" HPOS="1122" VPOS="436" WIDTH="167" />
<SP HEIGHT="33" HPOS="1290" VPOS="455" WIDTH="28" />
<String CONTENT="of" HEIGHT="52" HPOS="1319" VPOS="436" WIDTH="61" />
<SP HEIGHT="51" HPOS="1381" VPOS="436" WIDTH="29" />
<String CONTENT="every" HEIGHT="49" HPOS="1411" VPOS="454" WIDTH="168" />
<SP HEIGHT="49" HPOS="1580" VPOS="454" WIDTH="30" />
<String CONTENT="age," HEIGHT="49" HPOS="1611" VPOS="453" WIDTH="119" />
<SP HEIGHT="66" HPOS="1731" VPOS="435" WIDTH="28" />
<String CONTENT="Ellsworth" HEIGHT="52" HPOS="1760" VPOS="434" WIDTH="313" />
<SP HEIGHT="51" HPOS="2074" VPOS="434" WIDTH="28" />
<String CONTENT="D." HEIGHT="51" HPOS="2103" VPOS="434" WIDTH="72" />
</TextLine>
<TextLine CS="1" HEIGHT="70" HPOS="253" STYLEREFS="StyleId-1F6D6F19-883E-4996-8558-0B02428CCE96-" VPOS="512" WIDTH="1923">
<String CONTENT="Foster," HEIGHT="66" HPOS="253" VPOS="516" WIDTH="217" />
<SP HEIGHT="49" HPOS="471" VPOS="533" WIDTH="35" />
<String CONTENT="LL." CS="1" HEIGHT="9" HPOS="583" VPOS="558" WIDTH="9" />
<SP HEIGHT="34" HPOS="593" VPOS="533" WIDTH="37" />
<String CONTENT="B.," CS="1" HEIGHT="25" HPOS="670" VPOS="557" WIDTH="27" />
<SP HEIGHT="48" HPOS="698" VPOS="534" WIDTH="38" />
<String CONTENT="editor" HEIGHT="53" HPOS="737" VPOS="515" WIDTH="184" />
<SP HEIGHT="52" HPOS="922" VPOS="515" WIDTH="36" />
<String CONTENT="in" HEIGHT="52" HPOS="959" VPOS="515" WIDTH="61" />
<SP HEIGHT="33" HPOS="1021" VPOS="533" WIDTH="39" />
<String CONTENT="chief" HEIGHT="53" HPOS="1061" VPOS="513" WIDTH="152" />
<SP HEIGHT="52" HPOS="1214" VPOS="513" WIDTH="41" />
<String CONTENT="&#8230;" CS="1" />
<SP HEIGHT="54" HPOS="1313" VPOS="514" WIDTH="42" />
<String CONTENT="James" HEIGHT="54" HPOS="1356" VPOS="514" WIDTH="194" />
<SP HEIGHT="52" HPOS="1551" VPOS="513" WIDTH="36" />
<String CONTENT="Laughlin" HEIGHT="69" HPOS="1588" VPOS="512" WIDTH="291" />
<SP HEIGHT="52" HPOS="1880" VPOS="512" WIDTH="38" />
<String CONTENT="Hughes," HEIGHT="69" HPOS="1919" VPOS="512" WIDTH="257" />
</TextLine>
<TextLine CS="1" HEIGHT="68" HPOS="252" STYLEREFS="StyleId-1F6D6F19-883E-4996-8558-0B02428CCE96-" VPOS="592" WIDTH="1923">
<String CONTENT="editor" HEIGHT="53" HPOS="252" VPOS="593" WIDTH="184" />
<SP HEIGHT="52" HPOS="437" VPOS="593" WIDTH="42" />
<String CONTENT="for" HEIGHT="53" HPOS="480" VPOS="593" WIDTH="94" />
<SP HEIGHT="55" HPOS="575" VPOS="592" WIDTH="41" />
<String CONTENT="Canada" HEIGHT="55" HPOS="617" VPOS="592" WIDTH="235" />
<SP HEIGHT="33" HPOS="853" VPOS="614" WIDTH="49" />
<String CONTENT="&#8230;" CS="1" />
<SP HEIGHT="52" HPOS="958" VPOS="593" WIDTH="45" />
<String CONTENT="Karl" HEIGHT="52" HPOS="1004" VPOS="593" WIDTH="146" />
<SP HEIGHT="52" HPOS="1151" VPOS="592" WIDTH="44" />
<String CONTENT="H." HEIGHT="52" HPOS="1196" VPOS="592" WIDTH="76" />
<SP HEIGHT="54" HPOS="1273" VPOS="592" WIDTH="43" />
<String CONTENT="Goodwin," HEIGHT="67" HPOS="1317" VPOS="592" WIDTH="299" />
<SP HEIGHT="49" HPOS="1617" VPOS="610" WIDTH="41" />
<String CONTENT="A." CS="1" HEIGHT="10" HPOS="1700" VPOS="633" WIDTH="9" />
<SP HEIGHT="34" HPOS="1710" VPOS="609" WIDTH="44" />
<String CONTENT="B.," CS="1" HEIGHT="25" HPOS="1794" VPOS="633" WIDTH="27" />
<SP HEIGHT="48" HPOS="1822" VPOS="610" WIDTH="42" />
<String CONTENT="managing" HEIGHT="68" HPOS="1865" VPOS="592" WIDTH="310" />
</TextLine>
<TextLine HEIGHT="70" HPOS="253" STYLEREFS="StyleId-1F6D6F19-883E-4996-8558-0B02428CCE96-" VPOS="670" WIDTH="1921">
<String CONTENT="editor;" HEIGHT="65" HPOS="253" VPOS="672" WIDTH="210" />
<SP HEIGHT="47" HPOS="464" VPOS="690" WIDTH="46" />
<String CONTENT="assisted" HEIGHT="52" HPOS="511" VPOS="672" WIDTH="235" />
<SP HEIGHT="52" HPOS="747" VPOS="672" WIDTH="42" />
<String CONTENT="by" HEIGHT="68" HPOS="790" VPOS="672" WIDTH="74" />
<SP HEIGHT="49" HPOS="865" VPOS="691" WIDTH="40" />
<String CONTENT="a" HEIGHT="33" HPOS="906" VPOS="691" WIDTH="31" />
<SP HEIGHT="51" HPOS="938" VPOS="673" WIDTH="40" />
<String CONTENT="large" HEIGHT="66" HPOS="979" VPOS="673" WIDTH="158" />
<SP HEIGHT="33" HPOS="1138" VPOS="690" WIDTH="41" />
<String CONTENT="number" HEIGHT="52" HPOS="1180" VPOS="671" WIDTH="237" />
<SP HEIGHT="33" HPOS="1418" VPOS="690" WIDTH="43" />
<String CONTENT="of" HEIGHT="52" HPOS="1462" VPOS="671" WIDTH="62" />
<SP HEIGHT="51" HPOS="1525" VPOS="671" WIDTH="42" />
<String CONTENT="contributors" HEIGHT="53" HPOS="1568" VPOS="670" WIDTH="382" />
<SP HEIGHT="53" HPOS="1951" VPOS="670" WIDTH="41" />
<String CONTENT="in" HEIGHT="51" HPOS="1993" VPOS="670" WIDTH="60" />
<SP HEIGHT="34" HPOS="2054" VPOS="689" WIDTH="43" />
<String CONTENT="all" HEIGHT="52" HPOS="2098" VPOS="671" WIDTH="76" />
</TextLine>
<TextLine HEIGHT="70" HPOS="251" STYLEREFS="StyleId-1F6D6F19-883E-4996-8558-0B02428CCE96-" VPOS="748" WIDTH="1924">
<String CONTENT="fields" HEIGHT="53" HPOS="251" VPOS="748" WIDTH="160" />
<SP HEIGHT="34" HPOS="412" VPOS="768" WIDTH="36" />
<String CONTENT="of" HEIGHT="53" HPOS="449" VPOS="749" WIDTH="63" />
<SP HEIGHT="51" HPOS="513" VPOS="749" WIDTH="35" />
<String CONTENT="knowledge." HEIGHT="69" HPOS="549" VPOS="749" WIDTH="350" />
<SP HEIGHT="55" HPOS="900" VPOS="749" WIDTH="74" />
<String CONTENT="Chicago," HEIGHT="68" HPOS="975" VPOS="749" WIDTH="269" />
<SP HEIGHT="66" HPOS="1245" VPOS="750" WIDTH="37" />
<String CONTENT="The" HEIGHT="52" HPOS="1283" VPOS="749" WIDTH="121" />
<SP HEIGHT="53" HPOS="1405" VPOS="749" WIDTH="37" />
<String CONTENT="United" HEIGHT="53" HPOS="1443" VPOS="749" WIDTH="216" />
<SP HEIGHT="51" HPOS="1660" VPOS="749" WIDTH="37" />
<String CONTENT="educators," HEIGHT="66" HPOS="1698" VPOS="749" WIDTH="314" />
<SP HEIGHT="66" HPOS="2013" VPOS="749" WIDTH="37" />
<String CONTENT="inc.," HEIGHT="67" HPOS="2051" VPOS="749" WIDTH="124" />
</TextLine>
<TextLine HEIGHT="49" HPOS="250" STYLEREFS="StyleId-1F6D6F19-883E-4996-8558-0B02428CCE96-" VPOS="830" WIDTH="151">
<String CONTENT="1934." HEIGHT="49" HPOS="250" VPOS="830" WIDTH="151" />
</TextLine>
<TextLine HEIGHT="51" HPOS="255" VPOS="899" WIDTH="1912">
<String CONTENT="10" HEIGHT="40" HPOS="255" VPOS="899" WIDTH="53" />
<SP HEIGHT="40" HPOS="309" VPOS="899" WIDTH="24" />
<String CONTENT="v." HEIGHT="29" HPOS="334" VPOS="911" WIDTH="42" />
<SP HEIGHT="40" HPOS="377" VPOS="900" WIDTH="60" />
<String CONTENT="illus.," HEIGHT="47" HPOS="438" VPOS="900" WIDTH="141" />
<SP HEIGHT="36" HPOS="580" VPOS="912" WIDTH="26" />
<String CONTENT="plates" HEIGHT="47" HPOS="607" VPOS="901" WIDTH="156" />
<SP HEIGHT="47" HPOS="764" VPOS="901" WIDTH="28" />
<String CONTENT="(part" HEIGHT="49" HPOS="793" VPOS="901" WIDTH="133" />
<SP HEIGHT="38" HPOS="927" VPOS="903" WIDTH="25" />
<String CONTENT="col.," HEIGHT="44" HPOS="953" VPOS="902" WIDTH="99" />
<SP HEIGHT="37" HPOS="1053" VPOS="912" WIDTH="27" />
<String CONTENT="part" HEIGHT="47" HPOS="1081" VPOS="902" WIDTH="109" />
<SP HEIGHT="39" HPOS="1191" VPOS="901" WIDTH="26" />
<String CONTENT="double)" HEIGHT="47" HPOS="1218" VPOS="901" WIDTH="196" />
<SP HEIGHT="48" HPOS="1415" VPOS="901" WIDTH="35" />
<String CONTENT="ports.," HEIGHT="47" HPOS="1451" VPOS="902" WIDTH="162" />
<SP HEIGHT="36" HPOS="1614" VPOS="911" WIDTH="27" />
<String CONTENT="maps" HEIGHT="38" HPOS="1642" VPOS="910" WIDTH="137" />
<SP HEIGHT="47" HPOS="1780" VPOS="900" WIDTH="27" />
<String CONTENT="(part" HEIGHT="48" HPOS="1808" VPOS="900" WIDTH="135" />
<SP HEIGHT="38" HPOS="1944" VPOS="902" WIDTH="27" />
<String CONTENT="double)" HEIGHT="48" HPOS="1972" VPOS="901" WIDTH="195" />
</TextLine>
<TextLine CS="1" HEIGHT="48" HPOS="181" VPOS="957" WIDTH="595">
<String CONTENT="tables," HEIGHT="46" HPOS="181" VPOS="958" WIDTH="167" />
<SP HEIGHT="45" HPOS="349" VPOS="959" WIDTH="42" />
<String CONTENT="diagrs." HEIGHT="48" HPOS="392" VPOS="957" WIDTH="178" />
<SP HEIGHT="38" HPOS="571" VPOS="958" WIDTH="59" />
<String CONTENT="24&#189;" CS="1" HEIGHT="38" HPOS="631" VPOS="958" WIDTH="56" />
<String CONTENT="cm" HEIGHT="20" HPOS="721" STYLE="superscript" VPOS="961" WIDTH="41" />
<String CONTENT="." HEIGHT="7" HPOS="768" VPOS="990" WIDTH="8" />
</TextLine>
<TextLine HEIGHT="49" HPOS="251" VPOS="1027" WIDTH="545">
<String CONTENT="Paged" HEIGHT="49" HPOS="251" VPOS="1027" WIDTH="160" />
<SP HEIGHT="38" HPOS="412" VPOS="1029" WIDTH="30" />
<String CONTENT="continuously." HEIGHT="48" HPOS="443" VPOS="1028" WIDTH="353" />
</TextLine>
<TextLine HEIGHT="49" HPOS="255" VPOS="1086" WIDTH="1480">
<String CONTENT="Accompanied" HEIGHT="47" HPOS="255" VPOS="1086" WIDTH="350" />
<SP HEIGHT="38" HPOS="606" VPOS="1087" WIDTH="26" />
<String CONTENT="by" HEIGHT="46" HPOS="633" VPOS="1087" WIDTH="58" />
<SP HEIGHT="46" HPOS="692" VPOS="1087" WIDTH="27" />
<String CONTENT="binder" HEIGHT="40" HPOS="720" VPOS="1087" WIDTH="169" />
<SP HEIGHT="38" HPOS="890" VPOS="1087" WIDTH="25" />
<String CONTENT="for" HEIGHT="39" HPOS="916" VPOS="1087" WIDTH="78" />
<SP HEIGHT="39" HPOS="995" VPOS="1086" WIDTH="24" />
<String CONTENT="loose-leaf" HEIGHT="40" HPOS="1020" VPOS="1086" WIDTH="248" />
<SP HEIGHT="40" HPOS="1269" VPOS="1086" WIDTH="26" />
<String CONTENT="extension" HEIGHT="39" HPOS="1296" VPOS="1087" WIDTH="253" />
<SP HEIGHT="38" HPOS="1550" VPOS="1097" WIDTH="25" />
<String CONTENT="pages." HEIGHT="39" HPOS="1576" VPOS="1096" WIDTH="159" />
</TextLine>
<TextLine CS="1" HEIGHT="111" HPOS="184" VPOS="1154" WIDTH="1976">
<String CONTENT="&#169;" HEIGHT="51" HPOS="184" VPOS="1154" WIDTH="51" />
<SP HEIGHT="51" HPOS="236" VPOS="1154" WIDTH="32" />
<String CONTENT="May" HEIGHT="46" HPOS="269" VPOS="1160" WIDTH="112" />
<SP HEIGHT="46" HPOS="382" VPOS="1160" WIDTH="30" />
<String CONTENT="15," HEIGHT="46" HPOS="413" VPOS="1159" WIDTH="67" />
<SP HEIGHT="46" HPOS="481" VPOS="1159" WIDTH="32" />
<String CONTENT="1934;" CS="1" HEIGHT="40" HPOS="514" VPOS="1158" WIDTH="114" />
<SP HEIGHT="45" HPOS="654" VPOS="1159" WIDTH="33" />
<String CONTENT="2c." HEIGHT="39" HPOS="688" VPOS="1159" WIDTH="66" />
<SP HEIGHT="28" HPOS="755" VPOS="1172" WIDTH="32" />
<String CONTENT="each" HEIGHT="40" HPOS="788" VPOS="1160" WIDTH="118" />
<SP HEIGHT="37" HPOS="907" VPOS="1160" WIDTH="31" />
<String CONTENT="May" HEIGHT="46" HPOS="939" VPOS="1160" WIDTH="112" />
<SP HEIGHT="48" HPOS="1052" VPOS="1158" WIDTH="28" />
<String CONTENT="23;" CS="1" HEIGHT="40" HPOS="1081" VPOS="1158" WIDTH="54" />
<SP HEIGHT="35" HPOS="1163" VPOS="1169" WIDTH="33" />
<String CONTENT="aff." CS="1" />
<SP HEIGHT="37" HPOS="1279" VPOS="1160" WIDTH="33" />
<String CONTENT="May" HEIGHT="46" HPOS="1313" VPOS="1160" WIDTH="113" />
<SP HEIGHT="47" HPOS="1427" VPOS="1159" WIDTH="30" />
<String CONTENT="24;" CS="1" HEIGHT="38" HPOS="1458" VPOS="1159" WIDTH="58" />
<SP HEIGHT="46" HPOS="1541" VPOS="1159" WIDTH="33" />
<String CONTENT="A" HEIGHT="38" HPOS="1575" VPOS="1159" WIDTH="41" />
<SP HEIGHT="39" HPOS="1617" VPOS="1159" WIDTH="32" />
<String CONTENT="72475;" CS="1" HEIGHT="39" HPOS="1650" VPOS="1159" WIDTH="143" />
<SP HEIGHT="46" HPOS="1819" VPOS="1159" WIDTH="36" />
<String CONTENT="United" HEIGHT="40" HPOS="1856" VPOS="1158" WIDTH="178" />
<SP HEIGHT="39" HPOS="2035" VPOS="1160" WIDTH="32" />
<String CONTENT="educators," HEIGHT="104" HPOS="251" VPOS="1159" WIDTH="1909" />
<SP HEIGHT="47" HPOS="426" VPOS="1216" WIDTH="25" />
<String CONTENT="inc." HEIGHT="39" HPOS="452" VPOS="1216" WIDTH="89" />
<SP HEIGHT="29" HPOS="542" VPOS="1236" WIDTH="65" />
<String CONTENT="[&#169;" HEIGHT="53" HPOS="608" VPOS="1212" WIDTH="66" />
<SP HEIGHT="51" HPOS="675" VPOS="1212" WIDTH="26" />
<String CONTENT="new" HEIGHT="27" HPOS="702" VPOS="1228" WIDTH="105" />
<SP HEIGHT="28" HPOS="808" VPOS="1227" WIDTH="24" />
<String CONTENT="and" HEIGHT="38" HPOS="833" VPOS="1217" WIDTH="94" />
<SP HEIGHT="37" HPOS="928" VPOS="1217" WIDTH="27" />
<String CONTENT="revised" HEIGHT="40" HPOS="956" VPOS="1215" WIDTH="187" />
<SP HEIGHT="38" HPOS="1144" VPOS="1217" WIDTH="25" />
<String CONTENT="material]" HEIGHT="48" HPOS="1170" VPOS="1215" WIDTH="240" />
<SP HEIGHT="47" HPOS="1411" VPOS="1216" WIDTH="75" />
<String CONTENT="(34-15818)" HEIGHT="48" HPOS="1487" VPOS="1215" WIDTH="279" />
</TextLine>
<TextLine HEIGHT="68" HPOS="178" STYLEREFS="StyleId-DB418B55-6D39-4361-A47E-A5354F4AB687-" VPOS="1334" WIDTH="1412">
<String CONTENT="Bandy," HEIGHT="64" HPOS="178" VPOS="1334" WIDTH="225" />
<SP HEIGHT="62" HPOS="404" VPOS="1336" WIDTH="35" />
<String CONTENT="William" HEIGHT="54" HPOS="440" VPOS="1334" WIDTH="249" />
<SP HEIGHT="50" HPOS="690" VPOS="1337" WIDTH="30" />
<String CONTENT="Thomas," HEIGHT="65" HPOS="721" VPOS="1335" WIDTH="274" />
<SP HEIGHT="60" HPOS="996" VPOS="1340" WIDTH="32" />
<String CONTENT="1903-" HEIGHT="49" HPOS="1029" VPOS="1338" WIDTH="168" />
<SP HEIGHT="34" HPOS="1198" VPOS="1352" WIDTH="213" />
<String CONTENT="comp." HEIGHT="50" HPOS="1412" VPOS="1352" WIDTH="178" />
</TextLine>
<TextLine CS="1" HEIGHT="70" HPOS="251" STYLEREFS="StyleId-1F6D6F19-883E-4996-8558-0B02428CCE96-" VPOS="1412" WIDTH="1925">
<String CONTENT="Baudelaire" HEIGHT="52" HPOS="251" VPOS="1413" WIDTH="344" />
<SP HEIGHT="68" HPOS="596" VPOS="1413" WIDTH="43" />
<String CONTENT="judged" HEIGHT="69" HPOS="640" VPOS="1413" WIDTH="216" />
<SP HEIGHT="51" HPOS="857" VPOS="1414" WIDTH="42" />
<String CONTENT="by" HEIGHT="67" HPOS="900" VPOS="1414" WIDTH="74" />
<SP HEIGHT="67" HPOS="975" VPOS="1414" WIDTH="40" />
<String CONTENT="his" HEIGHT="53" HPOS="1016" VPOS="1413" WIDTH="88" />
<SP HEIGHT="35" HPOS="1105" VPOS="1431" WIDTH="43" />
<String CONTENT="contemporaries" HEIGHT="68" HPOS="1149" VPOS="1413" WIDTH="476" />
<SP HEIGHT="68" HPOS="1626" VPOS="1412" WIDTH="54" />
<String CONTENT="(1845-1867)" HEIGHT="68" HPOS="1681" VPOS="1412" WIDTH="367" />
<SP HEIGHT="67" HPOS="2049" VPOS="1412" WIDTH="54" />
<String CONTENT="by" HEIGHT="67" HPOS="2104" VPOS="1412" WIDTH="72" />
</TextLine>
<TextLine CS="1" HEIGHT="69" HPOS="182" STYLEREFS="StyleId-1F6D6F19-883E-4996-8558-0B02428CCE96-" VPOS="1490" WIDTH="1854">
<String CONTENT="W." HEIGHT="52" HPOS="182" VPOS="1491" WIDTH="87" />
<SP HEIGHT="52" HPOS="270" VPOS="1491" WIDTH="30" />
<String CONTENT="T." HEIGHT="51" HPOS="301" VPOS="1491" WIDTH="65" />
<SP HEIGHT="51" HPOS="367" VPOS="1492" WIDTH="30" />
<String CONTENT="Bandy" HEIGHT="67" HPOS="398" VPOS="1491" WIDTH="208" />
<SP HEIGHT="48" HPOS="607" VPOS="1510" WIDTH="36" />
<String CONTENT="&#8230;" CS="1" />
<SP HEIGHT="51" HPOS="699" VPOS="1492" WIDTH="69" />
<String CONTENT="New" HEIGHT="52" HPOS="769" VPOS="1492" WIDTH="139" />
<SP HEIGHT="52" HPOS="909" VPOS="1492" WIDTH="32" />
<String CONTENT="York," HEIGHT="68" HPOS="942" VPOS="1491" WIDTH="179" />
<SP HEIGHT="68" HPOS="1122" VPOS="1491" WIDTH="30" />
<String CONTENT="Columbia" HEIGHT="56" HPOS="1153" VPOS="1490" WIDTH="300" />
<SP HEIGHT="33" HPOS="1454" VPOS="1510" WIDTH="31" />
<String CONTENT="university" HEIGHT="68" HPOS="1486" VPOS="1490" WIDTH="318" />
<SP HEIGHT="48" HPOS="1805" VPOS="1510" WIDTH="38" />
<String CONTENT="[" CS="1" />
<String CONTENT="c" HEIGHT="20" HPOS="1862" STYLE="superscript" VPOS="1497" WIDTH="16" />
<String CONTENT="1933]" HEIGHT="62" HPOS="1884" VPOS="1494" WIDTH="152" />
</TextLine>
<TextLine CS="1" HEIGHT="50" HPOS="254" VPOS="1563" WIDTH="1921">
<String CONTENT="1" HEIGHT="38" HPOS="254" VPOS="1565" WIDTH="24" />
<SP HEIGHT="46" HPOS="279" VPOS="1565" WIDTH="33" />
<String CONTENT="p." CS="1" />
<SP />
<String CONTENT="l.," CS="1" HEIGHT="16" HPOS="429" VPOS="1595" WIDTH="8" />
<SP HEIGHT="36" HPOS="438" VPOS="1575" WIDTH="36" />
<String CONTENT="v-x," HEIGHT="36" HPOS="475" VPOS="1575" WIDTH="106" />
<SP HEIGHT="47" HPOS="582" VPOS="1564" WIDTH="39" />
<String CONTENT="188" HEIGHT="42" HPOS="622" VPOS="1563" WIDTH="84" />
<SP HEIGHT="50" HPOS="707" VPOS="1563" WIDTH="32" />
<String CONTENT="p." HEIGHT="38" HPOS="740" VPOS="1575" WIDTH="43" />
<SP HEIGHT="42" HPOS="784" VPOS="1563" WIDTH="59" />
<String CONTENT="21" HEIGHT="41" HPOS="844" VPOS="1563" WIDTH="55" />
<String CONTENT="cm" HEIGHT="21" HPOS="904" STYLE="superscript" VPOS="1567" WIDTH="42" />
<String CONTENT="." HEIGHT="8" HPOS="952" VPOS="1596" WIDTH="7" />
<SP HEIGHT="47" HPOS="960" VPOS="1565" WIDTH="71" />
<String CONTENT="(Publications" HEIGHT="48" HPOS="1032" VPOS="1564" WIDTH="354" />
<SP HEIGHT="30" HPOS="1387" VPOS="1576" WIDTH="35" />
<String CONTENT="of" HEIGHT="42" HPOS="1423" VPOS="1564" WIDTH="50" />
<SP HEIGHT="40" HPOS="1474" VPOS="1564" WIDTH="35" />
<String CONTENT="the" CS="1" HEIGHT="38" HPOS="1510" VPOS="1567" WIDTH="82" />
<SP HEIGHT="41" HPOS="1593" VPOS="1564" WIDTH="36" />
<String CONTENT="Institute" HEIGHT="40" HPOS="1630" VPOS="1564" WIDTH="233" />
<SP HEIGHT="28" HPOS="1864" VPOS="1576" WIDTH="37" />
<String CONTENT="of" HEIGHT="40" HPOS="1902" VPOS="1564" WIDTH="50" />
<SP HEIGHT="38" HPOS="1953" VPOS="1564" WIDTH="37" />
<String CONTENT="French" HEIGHT="40" HPOS="1991" VPOS="1565" WIDTH="184" />
</TextLine>
<TextLine HEIGHT="48" HPOS="180" VPOS="1621" WIDTH="349">
<String CONTENT="studies," HEIGHT="47" HPOS="180" VPOS="1622" WIDTH="198" />
<SP HEIGHT="47" HPOS="379" VPOS="1622" WIDTH="33" />
<String CONTENT="inc.)" HEIGHT="48" HPOS="413" VPOS="1621" WIDTH="116" />
</TextLine>
<TextLine CS="1" HEIGHT="51" HPOS="254" VPOS="1678" WIDTH="1921">
<String CONTENT="Issued" HEIGHT="41" HPOS="254" VPOS="1678" WIDTH="170" />
<SP HEIGHT="38" HPOS="425" VPOS="1680" WIDTH="32" />
<String CONTENT="also" HEIGHT="40" HPOS="458" VPOS="1679" WIDTH="102" />
<SP HEIGHT="29" HPOS="561" VPOS="1690" WIDTH="33" />
<String CONTENT="as" HEIGHT="29" HPOS="595" VPOS="1690" WIDTH="55" />
<SP HEIGHT="39" HPOS="651" VPOS="1680" WIDTH="32" />
<String CONTENT="thesis" HEIGHT="40" HPOS="684" VPOS="1680" WIDTH="152" />
<SP HEIGHT="47" HPOS="837" VPOS="1681" WIDTH="46" />
<String CONTENT="(PH." CS="1" HEIGHT="47" HPOS="884" VPOS="1681" WIDTH="106" />
<SP HEIGHT="29" HPOS="991" VPOS="1690" WIDTH="32" />
<String CONTENT="D.)" CS="1" HEIGHT="47" HPOS="1057" VPOS="1681" WIDTH="32" />
<SP HEIGHT="50" HPOS="1090" VPOS="1678" WIDTH="44" />
<String CONTENT="George" HEIGHT="51" HPOS="1135" VPOS="1678" WIDTH="180" />
<SP HEIGHT="40" HPOS="1316" VPOS="1680" WIDTH="36" />
<String CONTENT="Peabody" HEIGHT="47" HPOS="1353" VPOS="1680" WIDTH="223" />
<SP HEIGHT="37" HPOS="1577" VPOS="1690" WIDTH="35" />
<String CONTENT="college" HEIGHT="49" HPOS="1613" VPOS="1680" WIDTH="178" />
<SP HEIGHT="41" HPOS="1792" VPOS="1680" WIDTH="35" />
<String CONTENT="for" HEIGHT="39" HPOS="1828" VPOS="1680" WIDTH="78" />
<SP HEIGHT="37" HPOS="1907" VPOS="1683" WIDTH="33" />
<String CONTENT="teachers," HEIGHT="47" HPOS="1941" VPOS="1682" WIDTH="234" />
</TextLine>
<TextLine HEIGHT="50" HPOS="183" VPOS="1735" WIDTH="951">
<String CONTENT="Contribution" HEIGHT="42" HPOS="183" VPOS="1735" WIDTH="339" />
<SP HEIGHT="38" HPOS="523" VPOS="1738" WIDTH="28" />
<String CONTENT="to" HEIGHT="39" HPOS="552" VPOS="1738" WIDTH="49" />
<SP HEIGHT="29" HPOS="602" VPOS="1748" WIDTH="27" />
<String CONTENT="education," HEIGHT="47" HPOS="630" VPOS="1738" WIDTH="270" />
<SP HEIGHT="35" HPOS="901" VPOS="1750" WIDTH="31" />
<String CONTENT="no." HEIGHT="28" HPOS="933" VPOS="1749" WIDTH="72" />
<SP HEIGHT="38" HPOS="1006" VPOS="1738" WIDTH="31" />
<String CONTENT="124." HEIGHT="41" HPOS="1038" VPOS="1736" WIDTH="96" />
</TextLine>
<TextLine CS="1" HEIGHT="108" HPOS="182" VPOS="1793" WIDTH="1994">
<String CONTENT="&#8220;Arranged" HEIGHT="49" HPOS="256" VPOS="1793" WIDTH="279" />
<SP HEIGHT="38" HPOS="536" VPOS="1796" WIDTH="37" />
<String CONTENT="&#8230;" CS="1" />
<SP HEIGHT="28" HPOS="618" VPOS="1806" WIDTH="39" />
<String CONTENT="chronologically," HEIGHT="49" HPOS="658" VPOS="1794" WIDTH="421" />
<SP HEIGHT="45" HPOS="1080" VPOS="1796" WIDTH="34" />
<String CONTENT="the" HEIGHT="39" HPOS="1115" VPOS="1796" WIDTH="82" />
<SP HEIGHT="30" HPOS="1198" VPOS="1805" WIDTH="33" />
<String CONTENT="articles" HEIGHT="41" HPOS="1232" VPOS="1794" WIDTH="197" />
<SP HEIGHT="29" HPOS="1430" VPOS="1806" WIDTH="33" />
<String CONTENT="reproduce" HEIGHT="47" HPOS="1464" VPOS="1796" WIDTH="263" />
<SP HEIGHT="30" HPOS="1728" VPOS="1807" WIDTH="39" />
<String CONTENT="&#8230;" CS="1" />
<SP HEIGHT="37" HPOS="1812" VPOS="1798" WIDTH="40" />
<String CONTENT="the" HEIGHT="40" HPOS="1853" VPOS="1797" WIDTH="82" />
<SP HEIGHT="29" HPOS="1936" VPOS="1808" WIDTH="32" />
<String CONTENT="conflicting" HEIGHT="104" HPOS="182" VPOS="1797" WIDTH="1978" />
<SP HEIGHT="37" HPOS="265" VPOS="1864" WIDTH="43" />
<String CONTENT="opinions" HEIGHT="48" HPOS="309" VPOS="1852" WIDTH="219" />
<SP HEIGHT="31" HPOS="529" VPOS="1862" WIDTH="44" />
<String CONTENT="emitted" HEIGHT="40" HPOS="574" VPOS="1853" WIDTH="200" />
<SP HEIGHT="39" HPOS="775" VPOS="1853" WIDTH="44" />
<String CONTENT="by" HEIGHT="46" HPOS="820" VPOS="1853" WIDTH="59" />
<SP HEIGHT="47" HPOS="880" VPOS="1852" WIDTH="46" />
<String CONTENT="Baudelaire&#8217;s" HEIGHT="42" HPOS="927" VPOS="1851" WIDTH="332" />
<SP HEIGHT="29" HPOS="1260" VPOS="1863" WIDTH="43" />
<String CONTENT="contemporaries" HEIGHT="46" HPOS="1304" VPOS="1855" WIDTH="410" />
<SP HEIGHT="30" HPOS="1715" VPOS="1864" WIDTH="47" />
<String CONTENT="&#8230;&#8221;&#8212;Foreword," CS="1" HEIGHT="46" HPOS="1816" VPOS="1854" WIDTH="360" />
</TextLine>
<TextLine HEIGHT="48" HPOS="178" VPOS="1910" WIDTH="139">
<String CONTENT="p." HEIGHT="38" HPOS="178" VPOS="1920" WIDTH="43" />
<SP HEIGHT="40" HPOS="222" VPOS="1910" WIDTH="30" />
<String CONTENT="ix." HEIGHT="39" HPOS="253" VPOS="1910" WIDTH="64" />
</TextLine>
<TextLine CS="1" HEIGHT="50" HPOS="521" VPOS="1980" WIDTH="1059">
<String CONTENT="CONTENTS.&#8212;Introduction.&#8212;" CS="1" HEIGHT="41" HPOS="521" LANG="en-US" VPOS="1981" WIDTH="486" />
<String CONTENT="P&#233;riodiques." HEIGHT="50" HPOS="1010" LANG="fr" VPOS="1980" WIDTH="324" />
<String CONTENT="&#8212;" HEIGHT="4" HPOS="1338" LANG="en-US" VPOS="2004" WIDTH="60" />
<String CONTENT="Livres." HEIGHT="41" HPOS="1401" LANG="fr" VPOS="1982" WIDTH="179" />
</TextLine>
<TextLine CS="1" HEIGHT="107" HPOS="183" VPOS="2052" WIDTH="1976">
<String CONTENT="&#169;" HEIGHT="51" HPOS="183" VPOS="2052" WIDTH="51" />
<SP HEIGHT="51" HPOS="235" VPOS="2052" WIDTH="29" />
<String CONTENT="Aug." HEIGHT="47" HPOS="265" VPOS="2056" WIDTH="118" />
<SP HEIGHT="38" HPOS="384" VPOS="2056" WIDTH="31" />
<String CONTENT="25," HEIGHT="46" HPOS="416" VPOS="2056" WIDTH="68" />
<SP HEIGHT="46" HPOS="485" VPOS="2056" WIDTH="31" />
<String CONTENT="1933;" CS="1" HEIGHT="40" HPOS="517" VPOS="2055" WIDTH="112" />
<SP HEIGHT="45" HPOS="657" VPOS="2056" WIDTH="33" />
<String CONTENT="2c." HEIGHT="39" HPOS="691" VPOS="2056" WIDTH="65" />
<SP HEIGHT="29" HPOS="757" VPOS="2066" WIDTH="31" />
<String CONTENT="and" HEIGHT="38" HPOS="789" VPOS="2056" WIDTH="94" />
<SP HEIGHT="38" HPOS="884" VPOS="2056" WIDTH="32" />
<String CONTENT="aff." HEIGHT="40" HPOS="917" VPOS="2054" WIDTH="79" />
<SP HEIGHT="38" HPOS="997" VPOS="2055" WIDTH="33" />
<String CONTENT="Jan." HEIGHT="39" HPOS="1031" VPOS="2055" WIDTH="107" />
<SP HEIGHT="39" HPOS="1139" VPOS="2055" WIDTH="33" />
<String CONTENT="15," HEIGHT="46" HPOS="1173" VPOS="2055" WIDTH="66" />
<SP HEIGHT="46" HPOS="1240" VPOS="2055" WIDTH="31" />
<String CONTENT="1934;" CS="1" HEIGHT="39" HPOS="1272" VPOS="2055" WIDTH="113" />
<SP HEIGHT="44" HPOS="1412" VPOS="2055" WIDTH="34" />
<String CONTENT="A" HEIGHT="38" HPOS="1447" VPOS="2055" WIDTH="41" />
<SP HEIGHT="39" HPOS="1489" VPOS="2055" WIDTH="29" />
<String CONTENT="69013;" CS="1" HEIGHT="41" HPOS="1519" VPOS="2055" WIDTH="142" />
<SP HEIGHT="42" HPOS="1689" VPOS="2056" WIDTH="36" />
<String CONTENT="G." HEIGHT="41" HPOS="1726" LANG="fr" VPOS="2056" WIDTH="53" />
<SP HEIGHT="39" HPOS="1780" VPOS="2057" WIDTH="29" />
<String CONTENT="L." HEIGHT="39" HPOS="1810" VPOS="2057" WIDTH="50" />
<SP HEIGHT="38" HPOS="1861" VPOS="2058" WIDTH="31" />
<String CONTENT="Van" HEIGHT="38" HPOS="1893" VPOS="2058" WIDTH="105" />
<SP HEIGHT="38" HPOS="1999" VPOS="2058" WIDTH="33" />
<String CONTENT="Roosbroeck," HEIGHT="101" HPOS="249" VPOS="2058" WIDTH="1910" />
<SP HEIGHT="45" HPOS="436" VPOS="2114" WIDTH="28" />
<String CONTENT="New" HEIGHT="38" HPOS="465" VPOS="2114" WIDTH="115" />
<SP HEIGHT="38" HPOS="581" VPOS="2113" WIDTH="26" />
<String CONTENT="York." HEIGHT="39" HPOS="608" VPOS="2113" WIDTH="144" />
<SP HEIGHT="47" HPOS="753" VPOS="2111" WIDTH="74" />
<String CONTENT="(34-15817)0" CS="1" HEIGHT="47" HPOS="828" VPOS="2111" WIDTH="276" />
</TextLine>
<TextLine HEIGHT="65" HPOS="179" STYLEREFS="StyleId-DB418B55-6D39-4361-A47E-A5354F4AB687-" VPOS="2230" WIDTH="1174">
<String CONTENT="Bibliographical" HEIGHT="63" HPOS="179" VPOS="2232" WIDTH="493" />
<SP HEIGHT="50" HPOS="673" VPOS="2232" WIDTH="32" />
<String CONTENT="society" HEIGHT="59" HPOS="706" VPOS="2234" WIDTH="226" />
<SP HEIGHT="47" HPOS="933" VPOS="2246" WIDTH="31" />
<String CONTENT="of" HEIGHT="51" HPOS="965" VPOS="2231" WIDTH="62" />
<SP HEIGHT="51" HPOS="1028" VPOS="2231" WIDTH="32" />
<String CONTENT="America." HEIGHT="55" HPOS="1061" VPOS="2230" WIDTH="292" />
</TextLine>
<TextLine CS="1" HEIGHT="147" HPOS="176" STYLEREFS="StyleId-1F6D6F19-883E-4996-8558-0B02428CCE96-" VPOS="2308" WIDTH="1973">
<String CONTENT="The" HEIGHT="52" HPOS="247" VPOS="2309" WIDTH="123" />
<SP HEIGHT="49" HPOS="371" VPOS="2327" WIDTH="25" />
<String CONTENT="papers" HEIGHT="50" HPOS="397" VPOS="2326" WIDTH="208" />
<SP HEIGHT="33" HPOS="606" VPOS="2330" WIDTH="34" />
<String CONTENT="&#8230;" CS="1" />
<SP HEIGHT="35" HPOS="696" VPOS="2324" WIDTH="79" />
<String CONTENT="v." HEIGHT="35" HPOS="776" VPOS="2324" WIDTH="49" />
<SP HEIGHT="49" HPOS="826" VPOS="2310" WIDTH="30" />
<String CONTENT="28." HEIGHT="49" HPOS="857" VPOS="2310" WIDTH="81" />
<SP />
<String CONTENT="1934." HEIGHT="48" HPOS="1017" VPOS="2311" WIDTH="148" />
<SP HEIGHT="49" HPOS="1166" VPOS="2327" WIDTH="74" />
<String CONTENT="pt." HEIGHT="63" HPOS="1241" VPOS="2313" WIDTH="81" />
<SP HEIGHT="50" HPOS="1323" VPOS="2312" WIDTH="33" />
<String CONTENT="1" HEIGHT="47" HPOS="1357" VPOS="2312" WIDTH="27" />
<SP HEIGHT="47" HPOS="1385" VPOS="2312" WIDTH="37" />
<String CONTENT="&#8230;" CS="1" />
<SP HEIGHT="33" HPOS="1477" VPOS="2342" WIDTH="85" />
<String CONTENT="[Chicago," HEIGHT="70" HPOS="1563" VPOS="2308" WIDTH="288" />
<SP HEIGHT="61" HPOS="1852" VPOS="2312" WIDTH="30" />
<String CONTENT="The" HEIGHT="52" HPOS="1883" VPOS="2311" WIDTH="121" />
<SP HEIGHT="53" HPOS="2005" VPOS="2312" WIDTH="28" />
<String CONTENT="University" HEIGHT="142" HPOS="176" VPOS="2312" WIDTH="1973" />
<SP HEIGHT="48" HPOS="390" VPOS="2406" WIDTH="27" />
<String CONTENT="of" HEIGHT="52" HPOS="418" VPOS="2387" WIDTH="61" />
<SP HEIGHT="55" HPOS="480" VPOS="2387" WIDTH="28" />
<String CONTENT="Chicago" HEIGHT="68" HPOS="509" VPOS="2387" WIDTH="251" />
<SP HEIGHT="49" HPOS="761" VPOS="2405" WIDTH="28" />
<String CONTENT="press," HEIGHT="49" HPOS="790" VPOS="2405" WIDTH="172" />
<SP HEIGHT="54" HPOS="963" VPOS="2390" WIDTH="32" />
<String CONTENT="1934]" HEIGHT="63" HPOS="996" VPOS="2390" WIDTH="148" />
</TextLine>
<TextLine CS="1" HEIGHT="48" HPOS="251" STYLEREFS="StyleId-7424435B-6AEC-480E-B0D0-996115D06F80-" VPOS="2461" WIDTH="332">
<String CONTENT="79" HEIGHT="40" HPOS="251" VPOS="2461" WIDTH="56" />
<SP HEIGHT="48" HPOS="308" VPOS="2461" WIDTH="27" />
<String CONTENT="p." HEIGHT="37" HPOS="336" VPOS="2472" WIDTH="42" />
<SP HEIGHT="40" HPOS="379" VPOS="2461" WIDTH="57" />
<String CONTENT="24&#189;" CS="1" HEIGHT="39" HPOS="437" VPOS="2461" WIDTH="56" />
<String CONTENT="cm" HEIGHT="21" HPOS="526" STYLE="superscript" VPOS="2462" WIDTH="43" />
<String CONTENT="." HEIGHT="7" HPOS="576" VPOS="2493" WIDTH="7" />
</TextLine>
<TextLine HEIGHT="40" HPOS="253" VPOS="2532" WIDTH="294">
<String CONTENT="Cover-title." HEIGHT="40" HPOS="253" VPOS="2532" WIDTH="294" />
</TextLine>
<TextLine HEIGHT="53" HPOS="184" VPOS="2599" WIDTH="1990">
<String CONTENT="&#169;" HEIGHT="51" HPOS="184" VPOS="2599" WIDTH="51" />
<SP HEIGHT="51" HPOS="236" VPOS="2599" WIDTH="28" />
<String CONTENT="May" HEIGHT="45" HPOS="265" VPOS="2605" WIDTH="109" />
<SP HEIGHT="47" HPOS="375" VPOS="2603" WIDTH="24" />
<String CONTENT="8," HEIGHT="46" HPOS="400" VPOS="2603" WIDTH="38" />
<SP HEIGHT="45" HPOS="439" VPOS="2604" WIDTH="24" />
<String CONTENT="1934;" HEIGHT="41" HPOS="464" VPOS="2603" WIDTH="139" />
<SP HEIGHT="41" HPOS="604" VPOS="2603" WIDTH="26" />
<String CONTENT="2c." HEIGHT="39" HPOS="631" VPOS="2603" WIDTH="64" />
<SP HEIGHT="39" HPOS="696" VPOS="2603" WIDTH="28" />
<String CONTENT="June" HEIGHT="39" HPOS="725" VPOS="2603" WIDTH="125" />
<SP HEIGHT="39" HPOS="851" VPOS="2603" WIDTH="23" />
<String CONTENT="4;" HEIGHT="45" HPOS="875" VPOS="2603" WIDTH="52" />
<SP HEIGHT="36" HPOS="928" VPOS="2612" WIDTH="27" />
<String CONTENT="aff." HEIGHT="40" HPOS="956" VPOS="2601" WIDTH="80" />
<SP HEIGHT="39" HPOS="1037" VPOS="2602" WIDTH="27" />
<String CONTENT="June" HEIGHT="39" HPOS="1065" VPOS="2602" WIDTH="125" />
<SP HEIGHT="39" HPOS="1191" VPOS="2602" WIDTH="23" />
<String CONTENT="6;" HEIGHT="45" HPOS="1215" VPOS="2602" WIDTH="52" />
<SP HEIGHT="45" HPOS="1268" VPOS="2602" WIDTH="27" />
<String CONTENT="A" HEIGHT="38" HPOS="1296" VPOS="2602" WIDTH="41" />
<SP HEIGHT="39" HPOS="1338" VPOS="2602" WIDTH="25" />
<String CONTENT="72662;" HEIGHT="46" HPOS="1364" VPOS="2602" WIDTH="168" />
<SP HEIGHT="45" HPOS="1533" VPOS="2603" WIDTH="31" />
<String CONTENT="University" HEIGHT="47" HPOS="1565" VPOS="2603" WIDTH="281" />
<SP HEIGHT="35" HPOS="1847" VPOS="2615" WIDTH="26" />
<String CONTENT="of" HEIGHT="39" HPOS="1874" VPOS="2604" WIDTH="50" />
<SP HEIGHT="41" HPOS="1925" VPOS="2603" WIDTH="26" />
<String CONTENT="Chicago," HEIGHT="50" HPOS="1952" VPOS="2602" WIDTH="222" />
</TextLine>
<TextLine HEIGHT="48" HPOS="252" VPOS="2660" WIDTH="220">
<String CONTENT="Chicago." HEIGHT="48" HPOS="252" VPOS="2660" WIDTH="220" />
</TextLine>
<TextLine HEIGHT="67" HPOS="181" STYLEREFS="StyleId-DB418B55-6D39-4361-A47E-A5354F4AB687-" VPOS="2776" WIDTH="1130">
<String CONTENT="Burton," HEIGHT="66" HPOS="181" VPOS="2776" WIDTH="241" />
<SP HEIGHT="64" HPOS="423" VPOS="2778" WIDTH="32" />
<String CONTENT="Alonzo" HEIGHT="53" HPOS="456" VPOS="2778" WIDTH="221" />
<SP HEIGHT="53" HPOS="678" VPOS="2778" WIDTH="31" />
<String CONTENT="Carroll," HEIGHT="66" HPOS="710" VPOS="2777" WIDTH="241" />
<SP HEIGHT="60" HPOS="952" VPOS="2783" WIDTH="36" />
<String CONTENT="1867-1933." HEIGHT="53" HPOS="989" VPOS="2777" WIDTH="322" />
</TextLine>
<TextLine CS="1" HEIGHT="226" HPOS="184" STYLEREFS="StyleId-1F6D6F19-883E-4996-8558-0B02428CCE96-" VPOS="2852" WIDTH="1994">
<String CONTENT="Wit" HEIGHT="53" HPOS="244" VPOS="2854" WIDTH="123" />
<SP HEIGHT="46" HPOS="368" VPOS="2861" WIDTH="19" />
<String CONTENT="and" HEIGHT="51" HPOS="388" VPOS="2855" WIDTH="111" />
<SP HEIGHT="51" HPOS="500" VPOS="2855" WIDTH="20" />
<String CONTENT="wisdom" HEIGHT="51" HPOS="521" VPOS="2854" WIDTH="235" />
<SP HEIGHT="37" HPOS="757" VPOS="2870" WIDTH="21" />
<String CONTENT="of" HEIGHT="54" HPOS="779" VPOS="2853" WIDTH="63" />
<SP HEIGHT="51" HPOS="843" VPOS="2853" WIDTH="19" />
<String CONTENT="Alonzo" HEIGHT="52" HPOS="863" VPOS="2853" WIDTH="219" />
<SP HEIGHT="54" HPOS="1083" VPOS="2852" WIDTH="22" />
<String CONTENT="Carroll" HEIGHT="54" HPOS="1106" VPOS="2852" WIDTH="222" />
<SP HEIGHT="51" HPOS="1329" VPOS="2853" WIDTH="21" />
<String CONTENT="Burton;" CS="1" HEIGHT="52" HPOS="1351" VPOS="2853" WIDTH="221" />
<SP HEIGHT="48" HPOS="1603" VPOS="2871" WIDTH="26" />
<String CONTENT="containing:" CS="1" HEIGHT="69" HPOS="1630" VPOS="2853" WIDTH="329" />
<SP HEIGHT="33" HPOS="1987" VPOS="2872" WIDTH="22" />
<String CONTENT="a" HEIGHT="32" HPOS="2010" VPOS="2873" WIDTH="25" />
<SP HEIGHT="51" HPOS="2036" VPOS="2855" WIDTH="27" />
<String CONTENT="biographical" HEIGHT="144" HPOS="184" VPOS="2855" WIDTH="1969" />
<SP HEIGHT="52" HPOS="481" VPOS="2933" WIDTH="25" />
<String CONTENT="sketch," HEIGHT="65" HPOS="507" VPOS="2932" WIDTH="210" />
<SP HEIGHT="65" HPOS="718" VPOS="2932" WIDTH="28" />
<String CONTENT="humor" HEIGHT="51" HPOS="747" VPOS="2932" WIDTH="201" />
<SP HEIGHT="32" HPOS="949" VPOS="2949" WIDTH="28" />
<String CONTENT="and" HEIGHT="51" HPOS="978" VPOS="2932" WIDTH="110" />
<SP HEIGHT="65" HPOS="1089" VPOS="2932" WIDTH="29" />
<String CONTENT="poems," HEIGHT="49" HPOS="1119" VPOS="2949" WIDTH="205" />
<SP HEIGHT="48" HPOS="1325" VPOS="2950" WIDTH="28" />
<String CONTENT="excerpts" HEIGHT="59" HPOS="1354" VPOS="2939" WIDTH="254" />
<SP HEIGHT="52" HPOS="1609" VPOS="2931" WIDTH="27" />
<String CONTENT="from" HEIGHT="53" HPOS="1637" VPOS="2931" WIDTH="148" />
<SP HEIGHT="49" HPOS="1786" VPOS="2933" WIDTH="28" />
<String CONTENT="his" HEIGHT="51" HPOS="1815" VPOS="2933" WIDTH="89" />
<SP HEIGHT="49" HPOS="1905" VPOS="2952" WIDTH="27" />
<String CONTENT="philosophy," HEIGHT="145" HPOS="188" VPOS="2932" WIDTH="1965" />
<SP HEIGHT="47" HPOS="320" VPOS="3029" WIDTH="24" />
<String CONTENT="compiled" HEIGHT="68" HPOS="345" VPOS="3009" WIDTH="277" />
<SP HEIGHT="51" HPOS="623" VPOS="3009" WIDTH="27" />
<String CONTENT="and" HEIGHT="52" HPOS="651" VPOS="3009" WIDTH="111" />
<SP HEIGHT="52" HPOS="763" VPOS="3009" WIDTH="25" />
<String CONTENT="edited" HEIGHT="53" HPOS="789" VPOS="3008" WIDTH="188" />
<SP HEIGHT="51" HPOS="978" VPOS="3008" WIDTH="26" />
<String CONTENT="by" HEIGHT="69" HPOS="1005" VPOS="3008" WIDTH="73" />
<SP HEIGHT="69" HPOS="1079" VPOS="3008" WIDTH="26" />
<String CONTENT="Burton" HEIGHT="53" HPOS="1106" VPOS="3008" WIDTH="220" />
<SP HEIGHT="52" HPOS="1327" VPOS="3009" WIDTH="29" />
<String CONTENT="W." HEIGHT="52" HPOS="1357" VPOS="3009" WIDTH="83" />
<SP HEIGHT="54" HPOS="1441" VPOS="3008" WIDTH="28" />
<String CONTENT="Gorman." HEIGHT="55" HPOS="1470" VPOS="3008" WIDTH="267" />
<SP HEIGHT="33" HPOS="1738" VPOS="3045" WIDTH="63" />
<String CONTENT="[Bardstown," HEIGHT="68" HPOS="1802" VPOS="3010" WIDTH="376" />
</TextLine>
<TextLine CS="1" HEIGHT="62" HPOS="186" STYLEREFS="StyleId-1F6D6F19-883E-4996-8558-0B02428CCE96-" VPOS="3086" WIDTH="1772">
<String CONTENT="Ky.," HEIGHT="60" HPOS="186" VPOS="3088" WIDTH="129" />
<SP HEIGHT="60" HPOS="316" VPOS="3088" WIDTH="21" />
<String CONTENT="Printed" HEIGHT="53" HPOS="338" VPOS="3088" WIDTH="240" />
<SP HEIGHT="52" HPOS="579" VPOS="3087" WIDTH="20" />
<String CONTENT="by" HEIGHT="61" HPOS="600" VPOS="3087" WIDTH="73" />
<SP HEIGHT="55" HPOS="674" VPOS="3093" WIDTH="22" />
<String CONTENT="the" HEIGHT="51" HPOS="697" VPOS="3088" WIDTH="92" />
<SP HEIGHT="53" HPOS="790" VPOS="3086" WIDTH="23" />
<String CONTENT="Standard" HEIGHT="53" HPOS="814" VPOS="3086" WIDTH="287" />
<SP HEIGHT="62" HPOS="1102" VPOS="3086" WIDTH="24" />
<String CONTENT="publishing" HEIGHT="62" HPOS="1127" VPOS="3086" WIDTH="331" />
<SP HEIGHT="44" HPOS="1459" VPOS="3104" WIDTH="22" />
<String CONTENT="company," HEIGHT="44" HPOS="1482" VPOS="3104" WIDTH="293" />
<SP HEIGHT="53" HPOS="1776" VPOS="3095" WIDTH="25" />
<String CONTENT="c" HEIGHT="21" HPOS="1802" STYLE="superscript" VPOS="3095" WIDTH="17" />
<String CONTENT="1934]" CS="1" HEIGHT="49" HPOS="1826" VPOS="3091" WIDTH="132" />
</TextLine>
<TextLine CS="1" HEIGHT="52" HPOS="310" VPOS="3157" WIDTH="549">
<String CONTENT="80" CS="1" LANG="en-US" />
<SP HEIGHT="50" HPOS="310" VPOS="3159" WIDTH="30" />
<String CONTENT="p." HEIGHT="38" HPOS="341" LANG="en-US" VPOS="3171" WIDTH="44" />
<SP HEIGHT="42" HPOS="386" VPOS="3159" WIDTH="30" />
<String CONTENT="incl." HEIGHT="40" HPOS="417" LANG="en-US" VPOS="3159" WIDTH="110" />
<SP HEIGHT="38" HPOS="528" VPOS="3169" WIDTH="32" />
<String CONTENT="port." HEIGHT="44" HPOS="561" LANG="en-US" VPOS="3163" WIDTH="122" />
<SP HEIGHT="40" HPOS="684" VPOS="3159" WIDTH="58" />
<String CONTENT="20cm." CS="1" HEIGHT="42" HPOS="743" LANG="fr" VPOS="3157" WIDTH="116" />
</TextLine>
<TextLine CS="1" HEIGHT="53" HPOS="184" VPOS="3230" WIDTH="1991">
<String CONTENT="&#169;" HEIGHT="51" HPOS="184" VPOS="3230" WIDTH="51" />
<SP HEIGHT="51" HPOS="236" VPOS="3230" WIDTH="24" />
<String CONTENT="Apr." HEIGHT="47" HPOS="261" VPOS="3235" WIDTH="111" />
<SP HEIGHT="37" HPOS="373" VPOS="3235" WIDTH="27" />
<String CONTENT="18," HEIGHT="44" HPOS="401" VPOS="3235" WIDTH="68" />
<SP HEIGHT="44" HPOS="470" VPOS="3235" WIDTH="27" />
<String CONTENT="1934;" CS="1" HEIGHT="39" HPOS="498" VPOS="3234" WIDTH="113" />
<SP HEIGHT="39" HPOS="638" VPOS="3234" WIDTH="29" />
<String CONTENT="2c." HEIGHT="38" HPOS="668" VPOS="3234" WIDTH="66" />
<SP HEIGHT="38" HPOS="735" VPOS="3234" WIDTH="28" />
<String CONTENT="May" HEIGHT="46" HPOS="764" VPOS="3234" WIDTH="113" />
<SP HEIGHT="47" HPOS="878" VPOS="3233" WIDTH="25" />
<String CONTENT="28;" CS="1" HEIGHT="40" HPOS="904" VPOS="3233" WIDTH="55" />
<SP HEIGHT="36" HPOS="986" VPOS="3242" WIDTH="29" />
<String CONTENT="aff." HEIGHT="39" HPOS="1016" VPOS="3232" WIDTH="81" />
<SP HEIGHT="39" HPOS="1098" VPOS="3233" WIDTH="28" />
<String CONTENT="June" HEIGHT="39" HPOS="1127" VPOS="3233" WIDTH="125" />
<SP HEIGHT="39" HPOS="1253" VPOS="3234" WIDTH="25" />
<String CONTENT="7;" CS="1" HEIGHT="39" HPOS="1279" VPOS="3234" WIDTH="25" />
<SP HEIGHT="42" HPOS="1331" VPOS="3234" WIDTH="30" />
<String CONTENT="A" HEIGHT="38" HPOS="1362" VPOS="3234" WIDTH="40" />
<SP HEIGHT="39" HPOS="1403" VPOS="3234" WIDTH="26" />
<String CONTENT="72696;" CS="1" HEIGHT="41" HPOS="1430" VPOS="3233" WIDTH="143" />
<SP HEIGHT="46" HPOS="1600" VPOS="3235" WIDTH="30" />
<String CONTENT="Burton" HEIGHT="40" HPOS="1631" VPOS="3235" WIDTH="188" />
<SP HEIGHT="38" HPOS="1820" VPOS="3237" WIDTH="28" />
<String CONTENT="W." HEIGHT="38" HPOS="1849" VPOS="3237" WIDTH="70" />
<SP HEIGHT="40" HPOS="1920" VPOS="3235" WIDTH="31" />
<String CONTENT="Gorman," HEIGHT="48" HPOS="1952" VPOS="3235" WIDTH="223" />
</TextLine>
<TextLine HEIGHT="48" HPOS="251" VPOS="3289" WIDTH="780">
<String CONTENT="Bardstown," HEIGHT="44" HPOS="251" VPOS="3293" WIDTH="303" />
<SP HEIGHT="46" HPOS="555" VPOS="3291" WIDTH="31" />
<String CONTENT="Ky." HEIGHT="46" HPOS="587" VPOS="3291" WIDTH="89" />
<SP HEIGHT="47" HPOS="677" VPOS="3290" WIDTH="74" />
<String CONTENT="(34-15956)" HEIGHT="48" HPOS="752" VPOS="3289" WIDTH="279" />
</TextLine>
<TextLine HEIGHT="66" HPOS="179" STYLEREFS="StyleId-DB418B55-6D39-4361-A47E-A5354F4AB687-" VPOS="3408" WIDTH="708">
<String CONTENT="Capen," HEIGHT="63" HPOS="179" VPOS="3411" WIDTH="213" />
<SP HEIGHT="63" HPOS="393" VPOS="3411" WIDTH="29" />
<String CONTENT="Louise" HEIGHT="52" HPOS="423" VPOS="3410" WIDTH="213" />
<SP HEIGHT="50" HPOS="637" VPOS="3411" WIDTH="31" />
<String CONTENT="Irving." HEIGHT="64" HPOS="669" VPOS="3408" WIDTH="218" />
</TextLine>
<TextLine CS="1" HEIGHT="70" HPOS="251" STYLEREFS="StyleId-1F6D6F19-883E-4996-8558-0B02428CCE96-" VPOS="3485" WIDTH="1918">
<String CONTENT="My" HEIGHT="66" HPOS="251" VPOS="3487" WIDTH="101" />
<SP HEIGHT="47" HPOS="353" VPOS="3506" WIDTH="30" />
<String CONTENT="worth" HEIGHT="50" HPOS="384" VPOS="3489" WIDTH="183" />
<SP HEIGHT="49" HPOS="568" VPOS="3489" WIDTH="31" />
<String CONTENT="to" HEIGHT="46" HPOS="600" VPOS="3492" WIDTH="56" />
<SP HEIGHT="46" HPOS="657" VPOS="3492" WIDTH="32" />
<String CONTENT="the" HEIGHT="51" HPOS="690" VPOS="3487" WIDTH="95" />
<SP HEIGHT="34" HPOS="786" VPOS="3503" WIDTH="29" />
<String CONTENT="world;" CS="1" HEIGHT="51" HPOS="816" VPOS="3487" WIDTH="180" />
<SP HEIGHT="41" HPOS="1025" VPOS="3505" WIDTH="33" />
<String CONTENT="studies" HEIGHT="56" HPOS="1059" VPOS="3485" WIDTH="212" />
<SP HEIGHT="53" HPOS="1272" VPOS="3486" WIDTH="28" />
<String CONTENT="in" HEIGHT="54" HPOS="1301" VPOS="3486" WIDTH="59" />
<SP HEIGHT="34" HPOS="1361" VPOS="3506" WIDTH="31" />
<String CONTENT="citizenship," HEIGHT="69" HPOS="1393" VPOS="3486" WIDTH="353" />
<SP HEIGHT="67" HPOS="1747" VPOS="3488" WIDTH="30" />
<String CONTENT="by" HEIGHT="66" HPOS="1778" VPOS="3488" WIDTH="75" />
<SP HEIGHT="64" HPOS="1854" VPOS="3490" WIDTH="32" />
<String CONTENT="Louise" HEIGHT="53" HPOS="1887" VPOS="3489" WIDTH="205" />
<SP HEIGHT="51" HPOS="2093" VPOS="3491" WIDTH="30" />
<String CONTENT="I." HEIGHT="51" HPOS="2124" VPOS="3491" WIDTH="45" />
</TextLine>
<TextLine CS="1" HEIGHT="148" HPOS="183" STYLEREFS="StyleId-1F6D6F19-883E-4996-8558-0B02428CCE96-" VPOS="3562" WIDTH="1961">
<String CONTENT="Capen" HEIGHT="67" HPOS="183" VPOS="3566" WIDTH="194" />
<SP HEIGHT="33" HPOS="378" VPOS="3585" WIDTH="49" />
<String CONTENT="&#8230;" CS="1" />
<SP HEIGHT="32" HPOS="483" VPOS="3600" WIDTH="53" />
<String CONTENT="[and]" HEIGHT="66" HPOS="537" VPOS="3566" WIDTH="146" />
<SP HEIGHT="65" HPOS="684" VPOS="3566" WIDTH="46" />
<String CONTENT="D." CS="1" HEIGHT="8" HPOS="794" VPOS="3609" WIDTH="7" />
<SP HEIGHT="52" HPOS="802" VPOS="3565" WIDTH="40" />
<String CONTENT="Montfort" HEIGHT="54" HPOS="843" VPOS="3562" WIDTH="289" />
<SP HEIGHT="51" HPOS="1133" VPOS="3565" WIDTH="39" />
<String CONTENT="Melchior" HEIGHT="52" HPOS="1173" VPOS="3565" WIDTH="278" />
<SP HEIGHT="34" HPOS="1452" VPOS="3584" WIDTH="46" />
<String CONTENT="&#8230;" CS="1" />
<SP HEIGHT="52" HPOS="1555" VPOS="3566" WIDTH="79" />
<String CONTENT="New" HEIGHT="52" HPOS="1635" VPOS="3566" WIDTH="138" />
<SP HEIGHT="50" HPOS="1774" VPOS="3568" WIDTH="42" />
<String CONTENT="York," HEIGHT="65" HPOS="1817" VPOS="3567" WIDTH="178" />
<SP HEIGHT="64" HPOS="1996" VPOS="3568" WIDTH="42" />
<String CONTENT="Cincinnati" HEIGHT="130" HPOS="183" VPOS="3567" WIDTH="1961" />
<SP HEIGHT="63" HPOS="395" VPOS="3646" WIDTH="33" />
<String CONTENT="[etc.]" CS="1" HEIGHT="61" HPOS="446" VPOS="3648" WIDTH="118" />
<SP HEIGHT="66" HPOS="565" VPOS="3643" WIDTH="32" />
<String CONTENT="American" HEIGHT="51" HPOS="598" VPOS="3643" WIDTH="307" />
<SP HEIGHT="52" HPOS="906" VPOS="3642" WIDTH="23" />
<String CONTENT="book" HEIGHT="52" HPOS="930" VPOS="3642" WIDTH="148" />
<SP HEIGHT="54" HPOS="1079" VPOS="3642" WIDTH="23" />
<String CONTENT="company" HEIGHT="49" HPOS="1103" VPOS="3660" WIDTH="279" />
<SP HEIGHT="49" HPOS="1383" VPOS="3661" WIDTH="31" />
<String CONTENT="[" HEIGHT="33" HPOS="1415" VPOS="3677" WIDTH="11" />
<String CONTENT="c" HEIGHT="21" HPOS="1432" STYLE="superscript" VPOS="3649" WIDTH="17" />
<String CONTENT="1934]" HEIGHT="64" HPOS="1455" VPOS="3646" WIDTH="150" />
</TextLine>
<TextLine CS="1" HEIGHT="49" HPOS="254" STYLEREFS="StyleId-1F6D6F19-883E-4996-8558-0B02428CCE96-" VPOS="3713" WIDTH="888">
<String CONTENT="xii," HEIGHT="44" HPOS="254" VPOS="3715" WIDTH="82" />
<SP HEIGHT="43" HPOS="337" VPOS="3716" WIDTH="30" />
<String CONTENT="575" HEIGHT="39" HPOS="368" VPOS="3716" WIDTH="83" />
<SP HEIGHT="46" HPOS="452" VPOS="3716" WIDTH="27" />
<String CONTENT="p." HEIGHT="35" HPOS="480" VPOS="3727" WIDTH="43" />
<SP HEIGHT="39" HPOS="524" VPOS="3715" WIDTH="59" />
<String CONTENT="illus.," HEIGHT="45" HPOS="584" VPOS="3715" WIDTH="141" />
<SP HEIGHT="45" HPOS="726" VPOS="3715" WIDTH="31" />
<String CONTENT="diagrs." HEIGHT="47" HPOS="758" VPOS="3714" WIDTH="178" />
<SP HEIGHT="40" HPOS="937" VPOS="3714" WIDTH="59" />
<String CONTENT="20&#189;" CS="1" HEIGHT="40" HPOS="997" VPOS="3713" WIDTH="55" />
<String CONTENT="cm" HEIGHT="21" HPOS="1085" STYLE="superscript" VPOS="3716" WIDTH="43" />
<String CONTENT="." HEIGHT="7" HPOS="1135" VPOS="3747" WIDTH="7" />
</TextLine>
<TextLine CS="1" HEIGHT="51" HPOS="257" VPOS="3770" WIDTH="1891">
<String CONTENT="&#8220;Rending" HEIGHT="45" HPOS="257" VPOS="3772" WIDTH="248" />
<SP HEIGHT="45" HPOS="506" VPOS="3772" WIDTH="25" />
<String CONTENT="for" HEIGHT="38" HPOS="532" VPOS="3772" WIDTH="79" />
<SP HEIGHT="28" HPOS="612" VPOS="3781" WIDTH="28" />
<String CONTENT="recreation&#8221;" HEIGHT="40" HPOS="641" VPOS="3770" WIDTH="297" />
<SP HEIGHT="39" HPOS="939" VPOS="3770" WIDTH="29" />
<String CONTENT="at" HEIGHT="37" HPOS="969" VPOS="3773" WIDTH="51" />
<SP HEIGHT="37" HPOS="1021" VPOS="3773" WIDTH="25" />
<String CONTENT="end" HEIGHT="38" HPOS="1047" VPOS="3772" WIDTH="90" />
<SP HEIGHT="38" HPOS="1138" VPOS="3772" WIDTH="29" />
<String CONTENT="of" HEIGHT="38" HPOS="1168" VPOS="3772" WIDTH="49" />
<SP HEIGHT="38" HPOS="1218" VPOS="3772" WIDTH="29" />
<String CONTENT="each" HEIGHT="37" HPOS="1248" VPOS="3774" WIDTH="115" />
<SP HEIGHT="37" HPOS="1364" VPOS="3774" WIDTH="31" />
<String CONTENT="chapter" HEIGHT="47" HPOS="1396" VPOS="3772" WIDTH="201" />
<SP HEIGHT="29" HPOS="1598" VPOS="3783" WIDTH="26" />
<String CONTENT="except" HEIGHT="46" HPOS="1625" VPOS="3774" WIDTH="170" />
<SP HEIGHT="38" HPOS="1796" VPOS="3774" WIDTH="26" />
<String CONTENT="chapter" HEIGHT="48" HPOS="1823" VPOS="3773" WIDTH="200" />
<SP HEIGHT="29" HPOS="2024" VPOS="3786" WIDTH="25" />
<String CONTENT="xxv;" CS="1" HEIGHT="29" HPOS="2050" VPOS="3786" WIDTH="98" />
</TextLine>
<TextLine HEIGHT="48" HPOS="188" VPOS="3827" WIDTH="1357">
<String CONTENT="&#8220;A" HEIGHT="39" HPOS="188" VPOS="3829" WIDTH="65" />
<SP HEIGHT="38" HPOS="254" VPOS="3830" WIDTH="27" />
<String CONTENT="working" HEIGHT="45" HPOS="282" VPOS="3829" WIDTH="217" />
<SP HEIGHT="44" HPOS="500" VPOS="3830" WIDTH="24" />
<String CONTENT="bibliography&#8221;" HEIGHT="46" HPOS="525" VPOS="3827" WIDTH="364" />
<SP HEIGHT="39" HPOS="890" VPOS="3827" WIDTH="26" />
<String CONTENT="at" HEIGHT="38" HPOS="917" VPOS="3829" WIDTH="50" />
<SP HEIGHT="38" HPOS="968" VPOS="3829" WIDTH="25" />
<String CONTENT="end" HEIGHT="38" HPOS="994" VPOS="3829" WIDTH="87" />
<SP HEIGHT="38" HPOS="1082" VPOS="3829" WIDTH="28" />
<String CONTENT="of" HEIGHT="38" HPOS="1111" VPOS="3828" WIDTH="50" />
<SP HEIGHT="39" HPOS="1162" VPOS="3828" WIDTH="23" />
<String CONTENT="each" HEIGHT="38" HPOS="1186" VPOS="3829" WIDTH="119" />
<SP HEIGHT="37" HPOS="1306" VPOS="3829" WIDTH="25" />
<String CONTENT="chapter." HEIGHT="45" HPOS="1332" VPOS="3830" WIDTH="213" />
</TextLine>
<TextLine CS="1" HEIGHT="51" HPOS="185" VPOS="3882" WIDTH="1743">
<String CONTENT="&#169;" HEIGHT="51" HPOS="185" VPOS="3882" WIDTH="49" />
<SP HEIGHT="51" HPOS="235" VPOS="3882" WIDTH="29" />
<String CONTENT="May" HEIGHT="45" HPOS="265" VPOS="3888" WIDTH="113" />
<SP HEIGHT="46" HPOS="379" VPOS="3887" WIDTH="25" />
<String CONTENT="29," HEIGHT="44" HPOS="405" VPOS="3886" WIDTH="68" />
<SP HEIGHT="43" HPOS="474" VPOS="3887" WIDTH="29" />
<String CONTENT="1934;" HEIGHT="44" HPOS="504" VPOS="3886" WIDTH="140" />
<SP HEIGHT="44" HPOS="645" VPOS="3886" WIDTH="30" />
<String CONTENT="2c." HEIGHT="38" HPOS="676" VPOS="3886" WIDTH="64" />
<SP HEIGHT="28" HPOS="741" VPOS="3896" WIDTH="30" />
<String CONTENT="and" HEIGHT="38" HPOS="772" VPOS="3886" WIDTH="95" />
<SP HEIGHT="38" HPOS="868" VPOS="3886" WIDTH="28" />
<String CONTENT="aff." HEIGHT="41" HPOS="897" VPOS="3884" WIDTH="80" />
<SP HEIGHT="40" HPOS="978" VPOS="3885" WIDTH="29" />
<String CONTENT="June" HEIGHT="39" HPOS="1008" VPOS="3885" WIDTH="127" />
<SP HEIGHT="37" HPOS="1136" VPOS="3886" WIDTH="23" />
<String CONTENT="2;" HEIGHT="45" HPOS="1160" VPOS="3886" WIDTH="54" />
<SP HEIGHT="45" HPOS="1215" VPOS="3886" WIDTH="30" />
<String CONTENT="A" HEIGHT="38" HPOS="1246" VPOS="3886" WIDTH="41" />
<SP HEIGHT="39" HPOS="1288" VPOS="3886" WIDTH="28" />
<String CONTENT="71915;" HEIGHT="47" HPOS="1317" VPOS="3886" WIDTH="169" />
<SP HEIGHT="47" HPOS="1487" VPOS="3886" WIDTH="30" />
<String CONTENT="Amer." CS="1" HEIGHT="40" HPOS="1518" LANG="fr" VPOS="3886" WIDTH="146" />
<SP HEIGHT="39" HPOS="1678" VPOS="3888" WIDTH="29" />
<String CONTENT="book" HEIGHT="40" HPOS="1708" VPOS="3888" WIDTH="124" />
<SP HEIGHT="43" HPOS="1833" VPOS="3888" WIDTH="26" />
<String CONTENT="co." CS="1" HEIGHT="8" HPOS="1921" VPOS="3921" WIDTH="7" />
</TextLine>
<TextLine HEIGHT="46" HPOS="261" VPOS="3944" WIDTH="278">
<String CONTENT="(34-15980)" HEIGHT="46" HPOS="261" VPOS="3944" WIDTH="278" />
</TextLine>
</TextBlock>
</PrintSpace>
</Page>
</Layout>
</alto>