2350 4196
1041 4053 24 43 1573

199 480 116 38 xxiv
346 490 55 37 p.,
432 481 22 37 1
508 511 20 10 l.,
561 480 84 40 922
675 493 41 35 p.
747 482 106 39 incl.
884 482 162 39 front.,
1078 482 140 41 illus.,
1247 484 162 45 ports.,
1441 483 178 47 diagrs.
1681 482 47 38 21
1739 484 43 21 cm
1789 514 6 6 .

201 536 124 39 “For
349 535 196 41 further
573 538 173 46 study”
776 542 51 36 at
855 540 88 38 end
974 538 51 38 of
1053 539 117 38 each
1198 538 212 46 chapter.

136 589 1911 54 © Oct. 1, 1934: 2c. Oct. 22; aff. Oct. 26; A 76747; Prentice-Hall, inc.
212 649 278 47 (24-29289)

131 751 251 54 Edward
412 753 227 65 Albert,
665 757 195 65 prince
886 758 62 63 of
977 756 186 52 Wales,
1210 758 169 48 1894-

204 828 173 70 Sport
416 833 108 51 and
564 836 180 49 travel
782 836 55 49 in
884 835 137 50 East
1051 832 235 66 Africa;
1326 851 70 33 an
1434 840 237 46 account
1705 834 62 51 of
1802 840 111 46 two
1950 836 180 66 visits,

133 912 132 49 1928
296 911 108 50 and
444 914 148 55 1930,
623 911 278 67 compiled
934 912 149 52 from
1116 912 95 50 the
1244 912 220 65 private
1496 911 209 52 diaries
1736 912 63 51 of
1833 914 71 52 H.
1936 914 65 50 R.
2033 914 96 55 H.,

129 988 95 52 the
251 988 194 67 prince
472 988 65 51 of
563 991 206 52 Wales.
864 991 339 52 [Instalment
1232 994 46 61 1]

232 1062 61 38 (In
317 1058 184 43 Strand
529 1060 275 50 magazine,
833 1060 151 51 Sept.,
1015 1060 144 49 1934)

132 1114 54 52 ©
215 1123 64 36 1c.
314 1119 101 41 Oct.
446 1119 69 46 20,
548 1119 140 47 1934;
725 1123 38 36 A
796 1122 60 37 ad
889 1120 84 39 int.
1007 1118 144 41 19472
1169 1131 7 36 ;
1212 1121 142 46 pubd.
1387 1121 120 46 Aug.
1539 1119 81 48 24;
1657 1121 201 40 Patrick
1891 1121 238 48 Reginald

200 1176 264 41 Chalmers.
498 1177 503 47 Goring-on-Thames.
1036 1177 233 47 England.

202 1277 173 69 Sport
414 1281 111 51 and
560 1284 183 49 travel
778 1282 59 50 in
875 1283 138 50 East
1050 1280 233 65 Africa;
1323 1299 71 33 an
1432 1286 237 47 account
1701 1281 64 53 of
1799 1288 117 47 two
1946 1283 183 66 visits,

131 1360 132 51 1928
296 1359 111 51 and
441 1361 150 56 1930,
621 1359 281 67 compiled
934 1359 152 52 from
1116 1360 94 52 the
1240 1360 225 64 private
1494 1359 209 52 diaries
1734 1360 64 52 of
1825 1361 76 52 H.
1934 1361 67 51 R.
2031 1361 96 57 H.,

127 1435 93 53 the
251 1438 191 65 prince
469 1436 63 53 of
557 1438 207 53 Wales.
865 1438 345 51 [Instalment
1233 1440 31 47 2]

206 1511 84 47 (In
320 1507 183 42 Strand
537 1509 276 49 magazine,
845 1507 227 50 October,
1105 1506 144 50 1934)

130 1563 1997 52 © 1c. Nov. 22, 1934; A ad int. 19636; pubd. Sept. 25; Patrick Reginald
198 1625 264 40 Chalmers.
502 1625 505 47 Goring-on-Thames.
1042 1625 235 46 England.

200 1726 174 68 Sport
412 1728 111 51 and
560 1732 183 50 travel
778 1729 63 52 in
874 1730 138 50 East
1046 1728 235 65 Africa;
1321 1746 72 32 an
1429 1734 238 46 account
1700 1728 63 52 of
1796 1733 113 49 two
1946 1727 180 57 visits,

132 1808 130 49 1928
295 1806 110 51 and
440 1809 150 53 1930,
620 1807 281 66 compiled
931 1806 153 53 from
1113 1806 93 52 the
1237 1807 229 65 private
1493 1806 209 53 diaries
1732 1806 63 51 of
1825 1808 74 51 H.
1932 1808 67 51 R.
2031 1807 96 67 H.,

126 1884 94 52 the
247 1884 194 67 prince
469 1884 64 53 of
557 1886 206 53 Wales,
916 1927 8 9 III.
954 1887 55 50 A
1035 1886 182 51 Masal
1246 1885 308 53 lion-hunt.

205 1958 13 47 (In
314 1954 185 43 Strand
530 1954 273 51 magazine,
833 1955 140 50 Nov.,
1006 1954 144 50 1934)

129 2011 50 51 ©
213 2016 64 39 1c.
311 2016 109 39 Dec.
455 2016 68 41 22,
558 2013 138 43 1934;
734 2016 38 37 A
806 2017 60 37 ad
900 2015 85 39 int.
1048 2014 140 42 19812;
1224 2016 142 46 pubd.
1400 2014 100 40 Oct.
1536 2014 81 46 25;
1655 2014 199 40 Patrick
1889 2014 235 47 Reginald

271 2074 189 38 Chalmers.
491 2072 505 45 Goring-on-Thames,
1025 2072 235 47 England.

129 2173 301 67 Eikeland,
457 2177 177 51 Peter
660 2177 71 63 J.,
762 2177 323 54 1852-1927.

198 2250 1929 69 Ibsen studies, P. J. Eikeland … edited by a committee of
125 2329 94 53 the
253 2329 282 68 language
568 2347 202 51 group,
807 2328 82 55 St.
925 2327 142 54 Olaf
1099 2329 223 67 college.
1395 2326 340 69 Northfield,
1770 2327 201 66 Minn.,
2005 2328 121 52 The

126 2406 81 55 St.
241 2405 142 54 Olaf
412 2407 209 68 college
650 2425 174 50 press,
854 2409 148 49 1934.

194 2478 733 49 2 p. l., [7]-177 p., 1 l. 23 cm .
463 2536 191 39 CONTENTS.—Peer
688 2535 141 46 Gynt,
864 2538 59 38 tr.
957 2537 58 45 by
1050 2536 51 37 A.
1134 2536 48 41 C.
1216 2536 391 40 Paulson.—The
1642 2537 296 47 pretenders,
1974 2540 56 36 tr.
2065 2537 56 46 by

124 2593 106 39 Nils
260 2592 432 43 Flaten.-—Brand,
726 2594 57 38 tr.
815 2593 58 45 by
908 2593 60 38 M.
1001 2593 60 39 M.
1093 2593 342 46 Meyer.—The
1467 2594 170 45 pillars
1667 2594 50 38 of
1747 2594 194 43 society,
1973 2598 58 34 tr.
2065 2596 55 45 by

189 2660 26 28 Olay
278 2650 107 38 Lee.

127 2707 1940 51 © Nov. 2, 1934: 2c. and aff. Nov. 16; A 78155; St. Olaf college press.
205 2767 278 48 (34-39206)

129 2869 218 66 Elbert,
374 2871 223 53 Robert
628 2870 245 63 George,
907 2874 170 49 1886-

196 2949 483 66 Unemployment
701 2947 113 52 and
840 2944 186 69 relief,
1050 2945 75 68 by
1151 2947 218 52 Robert
1393 2946 68 55 G.
1488 2946 218 53 Elbert.
1783 2945 138 53 New
1950 2945 180 60 York,

127 3028 210 50 Farrar
367 3029 45 49 &
439 3026 300 65 Rinehart,
767 3023 400 68 incorporated
1206 3059 12 32 [
1223 3030 18 22 c
1247 3028 135 49 1934
1387 3058 12 33 ]

192 3097 70 41 xii
289 3107 57 36 p..
375 3099 25 39 2
463 3130 7 9 l..
497 3097 146 41 3-136
669 3108 40 37 p.
771 3098 52 38 21
846 3100 26 20 cm
879 3130 7 7 .

128 3154 50 50 ©
212 3157 101 40 Oct.
345 3157 69 42 29.
448 3155 139 42 1934;
621 3155 67 41 2c.
721 3155 101 40 Oct.
856 3156 46 37 31
929 3167 8 29 ;
971 3155 81 40 aff.
1086 3155 101 40 Oct.
1220 3155 81 46 30;
1341 3156 36 38 A
1408 3155 170 40 76818:
1614 3156 53 38 R.
1705 3155 50 40 G.
1793 3155 180 47 Elbert,
2008 3155 118 39 New

194 3215 143 40 York.
410 3212 279 49 (34-39225)

129 3307 256 62 Farmer,
417 3304 247 53 Francis
695 3304 253 53 Rhodes.

192 3376 1937 72 Thirsty earth, by F. Rhodes Farmer … London, New York
129 3466 136 60 [etc.]
298 3461 346 65 Longmans,
672 3457 185 55 Green
887 3458 113 55 and
1030 3475 98 48 co.,
1159 3460 148 50 1934.

194 3535 25 37 5
247 3545 39 36 p.
351 3565 8 10 l.,
387 3533 84 40 300
498 3543 42 36 p.
599 3531 55 40 19½
687 3534 43 21 cm
737 3564 7 8 .

129 3585 1994 53 © 1c. Nov. 17, 1934: A ad int. 19600; pubd. Sept. 20; F. R. Farmer,
193 3649 208 38 London.
476 3645 279 49 (34-39367)

125 3735 273 65 Gaylord,
431 3735 282 53 Franklin
746 3736 331 62 Augustus,
1112 3740 169 49 1856-

193 3813 121 53 The
346 3812 251 53 builders
635 3810 62 52 of
731 3811 96 53 the
863 3810 138 54 atoll
1038 3811 111 52 and
1185 3811 159 52 other
1380 3826 207 50 poems,
1620 3807 75 68 by
1733 3804 282 54 Franklin
2050 3805 70 53 A.

124 3888 269 69 Gaylord.
459 3889 136 53 New
621 3888 223 67 Haven,
872 3886 195 60 Conn.,
1095 3887 119 51 The
1241 3887 212 67 Tuttle,
1478 3885 334 52 Morehouse
1837 3884 45 51 &
1909 3882 214 69 Taylor

126 3985 292 49 company,
453 3969 148 48 1934.
