2350 4196
1122 3998 97 50 626

189 379 331 65 [Cosgrove,
555 380 239 62 Eugene
827 379 195 68 Milne]
1063 384 168 49 1886-

264 455 119 53 The
416 453 207 56 science
657 455 62 53 of
751 456 93 54 the
877 456 278 65 initiates;
1191 476 26 32 a
1255 456 169 68 ready
1459 455 324 52 hand-book
1817 473 66 34 on
1919 455 94 54 the
192 473 1958 112 ageless
330 532 261 66 wisdom;
626 534 280 65 questions
941 534 109 51 and
1086 552 255 49 answers,
1376 534 72 67 by
1484 553 28 34 a
1551 551 199 35 server.
1823 533 134 52 New
1996 533 175 68 York,

193 610 167 54 Lucis
390 610 331 68 publishing
751 629 293 50 company,
1076 614 131 48 1934.

262 679 85 40 viii
377 692 57 37 p.,
465 681 28 39 2
555 714 8 16 l.,
593 683 172 40 13-223
795 694 42 37 p.
894 682 55 40 23½
982 685 43 21 cm
1032 715 7 8 .

193 737 51 51 ©
275 743 119 39 Mar.
423 742 68 40 28.
522 742 138 41 1934;
692 743 65 39 2c.
788 743 111 47 Apr.
931 743 80 45 13;
1045 742 78 40 aff.
1156 743 111 47 Apr.
1298 742 53 39 12;
1412 743 39 37 A
1480 742 169 46 71245;
1684 743 141 40 Lucis
1857 744 106 47 pub.
1995 755 67 29 co.

269 799 276 46 (34-13523)

187 903 145 62 Day,
361 902 254 53 Richard
648 903 333 54 Ellsworth.

265 979 120 50 The
426 978 226 53 shadow
695 978 61 52 of
796 980 92 52 the
928 979 173 52 broad
1144 979 171 65 brim;
1361 979 91 52 the
1495 976 104 55 life
1642 985 154 61 story
1837 977 62 52 of
1941 977 232 54 Charles

193 1055 249 53 Haddon
471 1055 314 68 Spurgeon,
814 1057 121 51 heir
964 1056 62 53 of
1051 1057 94 52 the
1172 1056 285 67 Puritans,
1485 1056 72 67 by
1584 1055 249 53 Richard
1863 1055 308 54 Ellsworth

194 1133 142 67 Day.
400 1133 419 68 Philadelphia,
846 1134 211 51 Boston
1107 1140 116 60 [etc.]
1254 1134 119 51 The
1399 1133 219 53 Judson
1648 1152 154 49 press
1836 1136 170 65 [1934]

264 1205 1182 49 6 p. l., 3-236 p. front., plates, ports. 20 cm .
193 1262 50 50 ©
270 1267 112 46 Apr.
408 1265 68 41 19.
503 1266 138 46 1934;
672 1266 64 39 2c.
765 1268 93 37 and
885 1265 79 40 aff.
993 1267 114 39 May
1133 1266 49 45 5;
1212 1266 42 38 A
1281 1265 167 46 71504;
1479 1266 187 39 Judson
1693 1277 147 36 press.

269 1323 277 47 (34-13521)

188 1426 208 65 Diesel,
433 1428 223 63 Eugen,
693 1431 168 49 1889-

340 1504 46 51 Wir
435 1505 116 52 und
598 1506 99 50 das
745 1510 158 50 auto;
996 1504 221 52 denkmal
1265 1504 150 51 einer
1462 1503 302 67 maschine,
1810 1522 110 34 von
1969 1505 200 65 Eugen

188 1581 207 67 Diesel,
438 1582 104 51 mit
584 1586 99 48 239
726 1581 237 52 bildern.
1039 1580 254 68 Leipzig,
1338 1580 561 68 Bibliographisches
1941 1580 230 54 institut

189 1676 47 34 a.
264 1677 69 49 g.,
365 1664 147 48 1933.

262 1730 61 40 ix,
359 1732 52 48 [1]
440 1742 57 37 p.,
525 1733 24 37 1
596 1761 21 16 l.,
647 1731 85 39 160
758 1742 40 36 p.
860 1732 126 39 illus.
1047 1730 55 40 29½
1134 1733 42 20 cm
1183 1763 7 8 .

193 1785 1978 50 © Nov. 16, 1933; 1c. Mar. 30, 1934; A-Foreign 24356; Bibliographisches
257 1845 211 45 institut,
499 1856 101 36 a.-g.
677 1845 277 46 (34-14345)

189 1948 220 64 Elkins,
438 1949 252 52 William
720 1948 297 64 McIntire,
1051 1951 170 49 1882-

259 2027 186 52 Eddie
480 2028 284 51 Newton's
805 2026 147 53 ride:
994 2044 78 39 or,
1111 2027 117 51 The
1266 2025 287 68 diverting
1589 2027 220 65 history
1846 2026 62 52 of
1945 2027 69 52 A.
190 2027 1955 132 Edward,
412 2105 33 51 by
532 2105 259 52 William
838 2105 78 51 M.
968 2103 218 53 Elkins.
1261 2104 240 54 Printed
1552 2103 92 53 for
1693 2105 93 51 the
1837 2102 220 54 friends
2105 2103 63 53 of

449 2160 12 11 «-

188 2181 69 54 A.
294 2182 251 52 Edward
581 2183 256 55 Newton,
870 2199 106 49 esq.
1059 2182 161 65 [New
1249 2182 177 66 York,
1460 2183 121 51 The
1614 2181 162 53 Book
1813 2181 165 66 table,
2014 2185 150 62 1934]

264 2253 82 49 [22]
376 2265 55 37 p.,
462 2255 24 38 1
535 2285 6 7 l.
603 2253 126 40 illus.
758 2253 132 48 (incl.
920 2254 225 38 mounted
1173 2253 211 47 facsim.)
1454 2254 54 38 24
1511 2256 43 21 cm
1561 2286 6 6 .

261 2309 256 41 Facsimile
545 2310 339 46 reproduction
912 2309 51 40 of
988 2309 299 48 manuscript
1314 2321 130 37 copy.

269 2367 126 40 “The
428 2368 107 39 first
570 2369 94 38 and
699 2368 110 46 only
843 2367 181 39 edition
1060 2367 204 40 consists
1299 2367 50 39 of
1380 2367 84 40 300
1503 2367 157 47 copies
1696 2367 51 40 of
1779 2367 157 39 which
1968 2366 86 40 250
2088 2376 84 30 are

192 2423 78 39 for
297 2425 100 38 sale
424 2425 60 46 by
510 2425 81 38 the
618 2423 193 48 leading
838 2423 312 47 antiquarian
1177 2424 293 40 booksellers
1497 2424 49 39 of
1575 2425 116 38 New
1718 2424 131 39 York
1874 2423 296 47 city,1934."

261 2479 155 42 Poem.

193 2533 50 50 ©
281 2539 112 46 May
428 2539 67 44 17,
532 2537 112 40 1934;
709 2538 66 38 2c.
813 2539 93 37 and
945 2536 79 40 aff.
1063 2538 112 46 May
1210 2537 81 45 18;
1332 2538 39 38 A
1409 2537 167 47 71690;
1616 2539 53 39 A.
1709 2539 209 38 Edward
1956 2538 215 45 Newton,

259 2594 350 47 Philadelphia.
682 2594 276 46 (34-13461)

186 2696 310 65 Flandrau;
531 2699 135 51 Mrs.
702 2697 183 53 Grace
920 2697 59 53 C.
1012 2697 337 63 (Hodgson)

258 2773 214 53 Indeed
497 2773 113 53 this
638 2774 152 54 flesh,
816 2774 73 65 by
915 2773 178 55 Grace
1121 2774 306 52 Flandrau.
1505 2776 135 50 New
1672 2774 175 65 York,
1876 2775 74 52 H.
1981 2774 185 54 Smith

189 2853 112 51 and
329 2852 66 52 R.
427 2853 174 51 Haas.
632 2856 147 48 1934.

258 2924 85 39 378
371 2934 39 37 p.
471 2924 55 39 19cm

193 2976 50 50 ©
274 2981 112 46 May
414 2981 67 44 14,
513 2980 112 40 1934;
684 2980 65 40 2c.
781 2981 112 46 May
922 2980 54 38 25;
1038 2979 78 39 aff.
1150 2981 110 46 May
1290 2980 80 45 24;
1404 2981 40 38 A
1475 2981 167 45 72484;
1676 2980 242 39 Harrison
1951 2978 155 42 Smith
2137 2978 34 39 &

262 3037 179 39 Robert
471 3038 148 39 Haas.
650 3037 89 39 inc.
811 3035 275 48 (34-13508)

186 3123 274 66 Garland,
490 3126 237 64 Joseph,
761 3127 167 50 1893-

257 3200 1910 69 The road to adolescence, by Joseph Garland … Cambridge,
187 3277 188 56 Mass.,
403 3280 266 52 Harvard
703 3278 313 65 university
1048 3296 169 47 press.
1249 3284 147 49 1934.

259 3351 86 40 viii
372 3362 55 37 p.,
458 3352 25 39 3
545 3383 7 14 l.,
586 3350 172 50 [3]-293
788 3362 41 37 p.
892 3351 139 45 illus.,
1061 3352 167 47 plates.
1289 3351 56 40 20½
1376 3355 42 20 cm
1426 3385 7 6 .

262 3406 345 41 “References”
633 3410 52 37 at
709 3408 91 39 end
826 3407 50 40 of
901 3409 118 37 each
1043 3408 197 45 chapter
1265 3411 169 44 except
1460 3411 107 37 two.

192 3460 50 50 ©
268 3465 112 46 Apr.
405 3464 65 39 28.
501 3465 137 39 1934;
668 3465 66 38 2c.
763 3466 110 45 May
901 3465 25 37 2;
982 3464 80 39 aff.
1091 3464 111 47 May
1230 3465 24 39 3;
1311 3466 40 37 A
1379 3465 168 46 71492;
1578 3466 254 39 President
1860 3465 95 38 and
1982 3464 187 38 fellows

257 3521 50 38 of
338 3522 225 38 Harvard
595 3522 189 46 college.
816 3520 297 48 Cambridge.
1146 3522 143 38 Mass.
1364 3522 278 46 (34-13452)

184 3610 162 63 Gehl,
381 3610 277 64 Walther,
686 3627 176 48 comp.

255 3687 115 51 Der
400 3686 659 54 nationalsozialistische
1087 3691 173 50 start;
1294 3689 356 67 grundlagen
1682 3690 113 51 und
1827 3686 341 68 gestaltung,

186 3763 293 53 urkunden
511 3768 93 50 des
630 3763 436 53 aufbaus-reden
1096 3765 111 51 und
1238 3769 263 63 vorträge
1540 3765 111 66 (bis
1679 3785 122 33 zum
1836 3769 77 48 12.
183 3781 1956 109 november
320 3843 156 64 1933)
523 3842 449 66 herausgegeben
1009 3861 108 33 von
1155 3842 81 51 dr.
1275 3842 259 52 Walther
1570 3844 160 53 Gehl.
1809 3841 253 52 Breslau.
2099 3841 64 50 F.

185 3916 367 63 Hirt [ c 1933]
