2350 4196
1103 4008 130 51 1615

170 367 226 66 Squier,
430 368 518 66 Emma-Lindsay,
983 374 169 49 1892-

240 444 251 69 Gringa;
526 465 70 33 an
628 445 306 54 American
965 463 218 37 woman
1214 446 57 51 in
1301 445 241 66 Mexico,
1572 444 74 68 by
1677 444 489 66 Emma-Lindsay

171 522 231 68 Squier;
436 523 325 54 illustrated
793 524 139 52 with
964 521 393 70 photographs
1390 522 72 65 by
1492 522 156 55 John
1681 521 280 65 Bransby.
174 519 1968 137 Boston

302 600 112 53 and
449 600 137 52 New
620 600 179 67 York,
833 600 315 67 Houghton
1181 599 202 52 Mifflin
1415 616 298 48 company,
1748 602 151 49 1934.

241 667 1122 56 6 p. l., [3]-282 p., 1 l. front., 23 pl. 21 cm .
241 725 332 51 Frontispiece
598 728 341 49 accompanied
964 729 60 47 by
1052 728 152 50 guard
1232 728 134 40 sheet
1392 727 119 40 with
1536 727 294 49 descriptive
1856 729 309 48 letterpress;

170 784 291 49 descriptive
494 787 280 48 letterpress
805 797 57 29 on
894 795 164 30 versos
1086 784 166 49 facing
1281 784 183 48 plates:
1496 794 137 39 maps
1663 796 56 28 on
1751 783 361 51 lining-papers.

173 852 50 50 ©
255 855 114 41 Nov.
402 857 67 38 23.
502 855 139 40 1934:
675 857 65 39 2c.
773 857 94 39 and
898 856 80 39 aff.
1010 855 115 38 Nov.
1157 857 80 44 26;
1272 855 39 37 A
1343 853 169 46 78275;
1550 855 167 40 Emma
1752 854 212 48 Lindsay
1998 851 173 52 Squier

285 913 192 46 Bransby.
506 913 299 48 Cambridge.
838 914 92 39 Md.
1004 911 278 49 (34-39878)

170 1014 198 64 Stone,
397 1015 196 53 Julius
621 1015 334 65 Frederick,
986 1016 75 63 jr.

242 1091 381 67 Compulsory
664 1091 311 69 spending;
1022 1111 71 33 an
1136 1092 283 53 economic
1462 1092 297 67 proposal;
1805 1112 31 34 a
1879 1110 191 35 means
2110 1097 60 47 to

175 1174 333 62 permanent
553 1170 325 68 prosperity
922 1170 253 66 through
1219 1169 197 53 forced
1463 1168 337 55 circulation
1845 1170 63 52 of
1952 1187 221 49 money,

172 1242 1973 153 by Julius F. Stone, jr. … Washington, D. C., Ransdell incorporated [ c 1934]
242 1405 43 38 x,
320 1396 83 39 142
435 1408 41 37 p.
538 1397 53 38 21
597 1398 43 22 cm
645 1429 8 7 .

177 1463 55 51 ©
256 1467 112 48 May
397 1468 68 47 15,
494 1466 140 41 1934:
666 1470 65 38 2c.
762 1469 94 38 and
885 1468 80 40 aff.
995 1468 117 40 Nov.
1144 1466 79 49 20;
1257 1468 42 39 A
1327 1467 168 47 77284;
1529 1467 246 42 Ransdell.
1809 1469 87 39 inc.

254 1522 277 50 (34-39868)

174 1625 206 67 Stong,
408 1626 192 65 Philip
628 1627 267 65 Duffield,
926 1634 170 48 1899-

244 1703 176 52 Farm
446 1704 138 67 boy;
618 1724 25 33 a
676 1705 144 53 hunt
848 1706 95 50 for
968 1705 216 55 Indian
1210 1711 269 53 treasure,
1507 1711 157 63 story
1693 1708 73 64 by
1795 1709 135 52 Phil
1959 1710 210 66 Stong;

174 1779 2000 77 pictures by Kurt Wiese. Garden City, N. Y., Doubleday,
175 1859 198 53 Doran
398 1864 46 49 &
469 1878 298 51 company,
791 1861 91 51 inc.,
950 1865 146 51 1934.

246 1932 57 42 80
326 1945 43 36 p.
396 1934 109 39 incl.
533 1934 84 38 col.
644 1933 163 47 front.,
837 1935 125 38 illus.
993 1934 136 48 (part
1153 1933 111 49 col.)
1326 1934 58 41 26
1384 1939 44 20 cm
1435 1971 7 6 .

248 1991 286 39 Illustrated
564 1991 354 48 lining-papers
942 1992 50 38 in
1021 1993 167 39 colors.

249 2047 159 40 “First
436 2046 227 42 edition.”

179 2113 51 51 ©
258 2117 117 40 Nov.
403 2119 68 39 14,
499 2117 140 41 1934;
668 2118 67 42 2c.
763 2120 96 38 and
885 2118 80 39 aff.
997 2120 117 40 Nov.
1141 2118 81 42 30:
1254 2121 40 37 A
1322 2120 168 45 77372;
1522 2120 109 40 Phil
1662 2122 163 47 Stong.
1855 2122 321 50 Washington

248 2175 168 40 Green.
451 2177 146 36 Conn.
670 2174 280 49 (34-39940)

176 2275 249 65 Tarbell,
455 2276 234 54 Arthur
716 2276 240 65 Wilson,
988 2280 168 54 1872-
1213 2301 10 8 ·

247 2351 156 68 Cape
438 2353 121 55 Cod
593 2353 178 68 ahoy!
842 2354 55 52 A
928 2360 184 50 travel
1144 2357 146 53 book
1321 2358 94 53 for
1448 2358 94 53 the
1573 2377 246 35 summer
1852 2359 219 69 visitor,
2103 2362 75 66 by
179 2429 224 55 Arthur
447 2431 222 53 Wilson

714 2431 248 54 Tarbell.
1041 2433 139 55 New
1224 2436 113 52 and
1380 2453 116 36 rev.
1539 2437 85 53 ed.
1704 2438 235 64 Boston,
1982 2438 194 58 Little,

178 2509 230 65 Brown,
437 2509 113 52 and
581 2526 297 51 company,
907 2513 155 50 1934.

251 2579 84 40 xiii
367 2591 29 37 p.,
451 2580 26 39 2
541 2613 8 14 l.,
594 2580 163 50 [3]-367
784 2593 41 37 p.
886 2581 164 47 front.,
1078 2584 170 49 plates.
1310 2583 53 41 19½
1398 2587 42 21 cm
1446 2619 8 7 .

251 2635 1761 57 “First printing, July. 1932 … Fifth printing, November, 1934."
182 2702 51 51 ©
267 2707 116 40 Nov.
419 2708 66 39 33.
521 2708 139 39 1934:
694 2708 64 39 2c.
796 2710 95 38 and
925 2708 81 41 aff.
1042 2709 116 40 Nov.
1192 2712 81 45 27;
1311 2712 42 38 A
1386 2712 169 47 78367;
1595 2713 50 39 A.
1685 2715 69 39 W.
1789 2714 209 49 Tarbell,
251 2711 1911 104 Pittsburgh.
490 2764 279 47 (34-39883)

187 2864 247 67 [Taylor,
466 2868 230 52 Marion
728 2868 172 64 Sayle]
959 2876 168 48 1889-

245 2943 133 52 Life
416 2949 151 47 must
605 2964 72 46 go
714 2963 91 49 on,
843 2947 75 67 by
955 2948 93 51 the
1087 2948 208 53 “Voice
1333 2950 65 53 of
1435 2951 364 68 experience”
1858 2956 249 65 [pseud.];
2149 2974 32 33 a

180 3021 372 66 compilation
598 3022 151 53 from
794 3025 95 52 the
934 3043 202 50 essays,
1180 3028 291 53 addresses
1516 3030 112 54 and
1675 3030 260 69 writings
1980 3033 64 51 of
2086 3034 95 52 the

180 3098 207 55 “Voice
440 3101 64 50 of
556 3099 378 69 experience”.
1011 3104 137 51 New
1204 3106 177 59 York,
1433 3106 69 52 N.
1560 3108 88 68 Y.,
1701 3109 242 52 Modern
1997 3111 185 68 living

176 3178 295 69 magazine
513 3212 11 33 [
529 3185 19 21 c
553 3181 151 63 1934]

351 3264 58 36 160.p.
503 3252 25 40 19
532 3255 43 21 cm
583 3287 6 7 .

186 3303 50 51 ©
268 3308 88 40 Oct
399 3311 68 38 25.
497 3308 140 40 1934:
667 3310 67 42 2c.
764 3313 94 37 and
889 3312 80 37 aff.
1000 3312 116 40 Nov.
1147 3316 50 38 6:
1231 3316 37 37 A
1299 3316 170 39 77113:
1499 3315 145 42 Voice
1674 3318 52 39 of
1752 3317 296 48 experience,
2077 3320 105 47 inc.,

305 3360 1177 58 ℅ Elmer A. Rogers, New York. (34-40067)
186 3463 229 66 Taylor,
444 3466 146 54 Paul
617 3466 305 67 Schuster,
953 3475 171 51 1895-

257 3540 91 53 An
392 3542 600 57 American-Mexican
1036 3548 263 70 frontier,
1341 3552 215 54 Nueces
1598 3557 225 63 county,
1866 3556 201 66 Texas,
2111 3558 73 66 by

192 3618 142 53 Paul
366 3619 270 54 Schuster
664 3622 230 66 Taylor.
960 3624 219 68 Chapel
1210 3628 146 65 Hill,
1386 3628 121 54 The
1537 3629 337 68 University
1904 3633 64 52 of
1998 3634 184 53 North

187 3694 272 55 Carolina
490 3715 175 47 press,
701 3701 150 51 1934.

258 3765 102 45 xiii,
395 3768 86 41 337
516 3779 41 37 p.
620 3771 170 48 plates,
826 3774 146 46 ports.
1034 3773 56 40 24
1092 3777 43 21 cm
1141 3807 8 8 .

258 3822 139 51 Maps
430 3836 58 29 on
520 3825 156 50 lining
702 3837 189 39 papers.

190 3876 50 50 ©
266 3880 117 40 Nov.
408 3882 69 41 15,
502 3881 141 43 1934;
668 3881 65 42 2c.
760 3884 118 40 Nov.
903 3885 81 40 23:
1014 3888 79 37 aff.
1122 3888 115 40 Nov.
1264 3891 48 37 21;
1376 3892 37 36 A
1444 3890 133 40 78231;
1645 3893 279 43 University
1952 3895 51 39 of
2030 3895 153 41 North

259 3935 225 42 Carolina
517 3949 146 35 press.
737 3940 277 48 (34-39877)
