2350 4196
1085 4057 96 48 983

151 419 110 51 For
289 418 277 68 legalized
595 420 155 52 birth
779 421 246 65 control;
1058 420 139 54 with
1227 438 72 36 an
1325 420 391 54 introduction
1745 423 75 65 by
1848 423 297 67 Margaret

224 496 233 68 Sanger.
533 498 266 69 Wasting
852 497 260 54 women’s
1163 498 154 59 lives,
1368 499 35 52 by
1494 498 222 53 Helena
1767 501 373 66 Huntington

221 574 217 68 Smith;
475 575 169 53 Birth
679 578 263 52 control’s
973 576 251 53 business
1254 577 165 67 baby,
1450 577 76 66 by
1555 577 300 53 Elizabeth
1955 622 8 8 H.
219 579 1896 126 Garrett.
422 655 137 52 New

595 656 162 52 York
788 656 132 67 city.
953 656 121 52 The
1108 657 137 52 New
1277 655 255 67 republic
1572 690 11 32 [
1589 662 17 20 c
1612 659 135 49 1934
1751 689 11 33 ]

221 727 281 42 cover-title,
533 728 116 39 3-34
676 739 42 36 p.
779 728 55 40 18½
867 731 43 20 cm
917 762 6 6 .

151 780 50 51 ©
232 785 125 40 June
385 786 68 39 14,
485 785 139 42 1934;
657 787 26 38 2
687 797 37 29 c.
754 788 94 38 and
879 787 78 39 aff:
990 787 126 39 June
1147 786 79 42 16;
1259 786 39 38 A
1329 785 169 48 73104;
1533 786 116 39 New
1681 785 227 48 republic,
1941 788 88 37 inc.

229 841 279 49 (34-22175)

149 933 273 64 Forsyth,
453 935 306 63 Margaret
790 934 326 58 Elizabeth.

280 1010 1864 69 … Japanese here and there; units of study on the Japanese
148 1088 61 52 in
242 1088 195 68 Japan
472 1090 112 51 and
619 1091 60 51 in
710 1090 96 52 the
842 1090 216 54 United
1095 1090 205 67 States,
1334 1090 75 68 by
1444 1089 297 69 Margaret
1774 1090 68 52 E.
1877 1090 268 68 Forsyth,

156 1167 169 52 Ursul
369 1167 69 52 R.
485 1167 207 53 Moran
739 1169 111 52 and
898 1169 204 52 others.
1182 1168 138 52 New
1368 1167 180 68 York,
1593 1168 349 69 Friendship
1988 1187 155 50 press

148 1247 192 64 [c1934]

217 1317 46 39 vi
291 1329 56 36 p.,
377 1319 26 38 1
464 1349 8 16 l.,
500 1318 87 40 149
612 1330 44 37 p.
717 1319 126 41 illus.
905 1319 57 40 19½
993 1323 14 20 cm
1041 1352 8 8 .

217 1374 62 41 At
304 1376 124 39 bead
456 1376 50 39 of
533 1376 135 40 title:
697 1377 40 37 A
766 1387 168 31 course
960 1377 79 40 for
1063 1377 203 47 juniors.

219 1431 165 49 Songs,
413 1434 119 40 with
562 1433 179 41 music:
771 1445 42 38 p.
848 1433 264 51 [142]-[143]

217 1490 347 49 Bibliography
583 1502 9 29 :
626 1503 44 37 p.
709 1491 246 50 [145]-149.

149 1545 50 51 ©
225 1550 115 46 July
365 1549 39 46 3,
430 1549 139 47 1934;
597 1549 67 40 2c.
690 1551 94 37 and
811 1548 78 41 aff.
917 1550 114 47 July
1058 1550 54 38 14;
1166 1550 39 37 A
1230 1549 169 47 74205;
1429 1549 52 41 G.
1510 1550 51 47 Q.
1589 1551 239 48 LeSourd,
1856 1553 115 39 New
1997 1552 143 40 York.

229 1606 281 49 (34-22204)

143 1697 243 66 Garber,
415 1698 156 53 John
602 1697 251 66 Palmer,
888 1701 170 49 1858-

221 1774 120 54 The
375 1774 186 68 valley
596 1773 63 53 of
692 1774 93 54 the
820 1774 295 53 Delaware
1149 1774 110 52 and
1293 1774 72 54 its
1401 1776 158 66 place
1593 1774 60 53 in
1689 1774 302 54 American
150 1775 1965 145 history,
317 1852 73 68 by

416 1852 149 53 John
594 1852 228 52 Palmer
845 1851 246 67 Garber;
1115 1852 140 53 with
1282 1854 63 49 58
1370 1852 381 54 illustrations
1776 1852 151 53 from
1953 1854 185 54 actual

150 1930 405 68 photographs.
624 1930 424 68 Philadelphia,
1081 1929 249 69 Chicago
1386 1936 119 62 [etc.]
1543 1931 120 52 The
1696 1931 155 54 John
1887 1930 59 55 C.
148 1931 1966 129 Winston
305 2026 276 51 company
619 2042 12 34 [
636 2016 19 20 c
660 2010 151 66 1934]

218 2091 45 36 x,
290 2079 89 40 418
403 2090 43 37 p.
500 2080 163 47 front.,
692 2081 170 48 plates,
892 2082 162 47 ports.,
1081 2081 214 40 facsims.
1354 2081 54 41 23
1413 2085 43 20 cm
1462 2115 7 8 .

219 2137 246 40 Portraits
492 2148 59 28 on
582 2136 362 48 lining-papers.

148 2195 50 51 ©
228 2199 125 39 June
381 2199 67 45 15,
478 2198 139 41 1934;
648 2198 64 39 2c.
744 2199 94 38 and
866 2197 81 40 aff.
977 2198 118 48 Aug.
1123 2200 52 39 1;
1206 2199 40 38 A
1276 2199 141 40 73670;
1478 2200 127 39 John
1635 2200 47 41 C.
1714 2200 220 41 Winston
1966 2212 65 29 co.

228 2256 279 48 (34-22231)

142 2346 246 65 Geddes,
417 2345 210 65 Virgil,
659 2344 170 54 1897-

214 2422 137 53 Left
386 2431 133 44 turn
555 2424 93 51 for
680 2424 306 51 American
1020 2425 213 66 drama,
1268 2424 75 67 by
1377 2423 193 69 Virgil
1605 2426 239 54 Geddes.
147 2427 1967 135 Brookfield,
322 2503 195 66 Conn.,

545 2503 121 51 The
694 2502 328 53 Brookfield
1047 2502 241 68 players,
1314 2503 125 67 inc.,
1468 2508 148 50 1934.

218 2576 57 40 48
301 2588 43 36 p.
406 2576 54 39 19½
493 2578 42 20 cm
543 2609 6 6 .
648 2575 71 39 (On
746 2585 161 30 cover:
935 2576 101 38 The
1064 2575 273 40 Brookfield
1364 2576 288 48 pamphlets,
1680 2586 76 30 no.
1786 2575 49 49 5)

147 2630 50 51 ©
231 2634 115 40 July
380 2634 67 46 25,
482 2633 139 40 1934;
658 2634 66 38 2c.
759 2633 118 48 Aug.
912 2634 52 46 2;
1000 2632 78 40 aff.
1116 2634 116 46 Aug.
1267 2635 51 45 1;
1355 2634 40 38 A
1430 2634 168 47 73700;
1635 2635 52 39 V;
1726 2634 200 47 Geddes,
213 2635 1910 102 Brookfield,
368 2691 145 40 Conn.
585 2690 279 49 (34-22536)

142 2780 240 65 Groves,
419 2783 215 51 Ernest
665 2780 389 65 Rutherford,
1088 2781 170 53 1878-
1469 2781 83 52 ed.

276 2857 1859 70 … Readings in the family, by Ernest R. Groves and Lee M.
148 2936 1989 70 Brooks … Chicago, Philadelphia, J. B. Lippincott company
152 3048 11 33 [
169 3022 17 20 c
192 3019 150 64 1934]

219 3100 110 37 xxv,
374 3089 85 39 526
499 3099 42 37 p.
603 3089 151 47 diagr.
816 3088 55 39 22½
904 3091 42 20 cm
953 3121 7 7 .
1032 3086 340 49 (Lippincott’s
1412 3088 175 48 family
1629 3088 90 40 life
1757 3088 163 48 series,
1965 3089 70 41 ed.
2078 3090 60 48 by

149 3147 53 40 B.
231 3147 53 39 R.
313 3146 259 45 Andrews)

218 3203 118 42 This
367 3214 169 30 source
565 3204 122 40 book
715 3205 219 45 presents
962 3203 131 39 facts
1123 3204 94 39 and
1248 3203 332 40 observations
1612 3204 50 38 of
1691 3214 145 36 many
1866 3204 191 39 writers
2089 3204 48 40 in

150 3271 144 36 many
321 3261 155 40 lands,
504 3261 276 47 pertaining
808 3262 49 37 to
888 3261 78 38 the
992 3260 306 40 institutions
1327 3261 51 39 of
1401 3261 174 47 family
1603 3260 100 40 life.

148 3315 1881 51 © July 13, 1934; 2c. and aff. July 21; A 73574; J. B. Lippincott co.
227 3375 278 48 (34-22171)

144 3452 272 65 Guenole,
447 3453 220 54 Pierre.

212 3530 223 51 Tender
470 3530 274 65 bottoms;
785 3547 31 33 a
852 3529 409 67 psychosexual
1296 3530 172 66 study
1504 3530 60 51 in
1598 3529 227 67 morals,
1859 3529 170 53 based
2067 3547 70 33 on

144 3609 259 64 personal
455 3606 353 68 experiences
860 3608 112 51 and
1021 3607 405 67 documentary
1475 3608 279 66 evidence,
1802 3608 75 66 by
1924 3609 215 51 Doctor

143 3684 195 54 Pierre
380 3685 281 54 Guenolés
713 3684 8 50 [!
732 3717 10 32 ]
826 3687 138 51 New
1005 3685 178 67 York,
1225 3687 157 52 Priv.
1424 3684 176 68 print,
1644 3685 94 52 for
1778 3684 360 68 subscribers,

148 3766 144 49 1934.

217 3838 86 40 180
329 3849 41 36 p.
400 3838 109 39 incl.
537 3838 163 45 front.,
731 3837 125 39 illus.
915 3836 56 39 24
973 3839 44 21 cm
1022 3868 7 7 .

150 3890 50 51 ©
230 3896 112 46 May
369 3895 67 46 15,
466 3894 138 45 1934;
635 3894 66 39 2c.
733 3895 112 45 May
871 3893 80 46 18;
984 3892 79 40 aff.
1093 3894 127 39 June
1246 3894 81 45 18;
1359 3894 40 38 A
1428 3893 168 46 72942;
1628 3893 157 39 Amer.
1816 3891 322 47 ethnological

215 3962 148 37 press,
392 3952 103 44 inc.,
524 3952 115 38 New
665 3951 142 38 York.
881 3950 277 48 (34-22410)
