2350 4196
1125 4022 132 49 1556

221 385 329 62 Commons,
585 388 153 51 John
772 389 244 63 Rogers,
1054 392 168 50 1862-

286 463 230 66 Myself,
551 463 72 66 by
657 465 153 52 John
846 466 66 51 R.
949 466 314 54 Commons.
1340 468 137 50 New
1511 466 179 66 York,
1723 468 120 50 The
1874 468 330 51 Macmillan

217 555 294 52 company,
541 545 149 50 1934.

291 613 1015 53 vii p., 1 l., 201 p. front., ports. 20 cm .
223 666 1717 51 © Nov. 13, 1934; 2c. and aff. Nov. 14: A 78072: Macmillan co.
301 727 276 46 (34-38714)

223 841 337 64 Compton’s
619 847 261 65 pictured
938 848 417 67 teaching-unit
1412 846 304 52 materials.
1808 847 134 51 Life
1998 847 60 51 in
2115 847 93 52 the

289 922 304 54 American
624 925 268 53 colonies:
924 925 259 66 pictured
1212 924 416 67 teaching-unit
1658 923 306 55 materials,
291 924 1894 143 including

437 1001 320 66 objectives,
804 1003 487 66 generalizations,
1340 1002 364 67 approaches,
1753 1003 297 50 activities,
2099 1003 110 51 and

293 1080 282 51 extensive
624 1080 468 66 subject-matter,
1139 1079 137 53 with
1328 1100 27 32 a
1404 1087 82 46 set
1535 1080 61 51 of
1644 1079 281 66 carefully
1973 1081 236 51 selected

291 1157 266 64 pictures,
588 1158 271 66 specially
888 1159 281 66 prepared
1198 1159 95 50 for
1322 1159 92 51 the
1443 1158 238 52 teacher.
1749 1156 267 68 Chicago.
2046 1158 63 50 F.
2142 1159 66 50 E.

292 1232 873 70 Compton & company, c 1934.
292 1308 519 47 1 p. l., 30 p. 25½c m .
290 1365 352 46 Accompanied
670 1366 60 45 by
757 1366 171 39 twelve
953 1366 259 38 numbered
1240 1366 188 39 colored
1457 1367 170 45 plates.
1682 1365 149 39 Verso
1859 1365 51 39 of
1937 1366 115 38 each
2082 1364 130 48 plate

256 1431 52 29 has
337 1421 290 47 descriptive
654 1423 294 46 letterpress.

224 1475 1930 51 © Sept. 14. 1934; 2c. and aff. Sept. 17: A 74965: F. E. Compton & co.
221 1597 266 63 Cousins,
518 1598 203 53 James
749 1599 222 63 Henry,
1005 1600 170 53 1873-

293 1673 54 50 A
400 1672 196 54 bardic
649 1673 358 68 pilgrimage,
1060 1673 198 54 second
1314 1672 264 55 selection
1634 1671 61 52 of
1748 1672 94 53 the
1896 1677 198 63 poetry
2149 1670 62 52 of

218 1750 192 54 James
504 1792 9 8 H.
546 1750 251 54 Cousins.
863 1750 136 52 New
1031 1750 175 67 York,
1236 1751 244 52 Roerich
1507 1767 251 34 museum
1787 1766 172 50 press,
1990 1751 149 50 1934.

289 1822 1109 47 xiv p., 1 l., 288 p. front. (port.) 19½c rn .
290 1879 346 47 Bibliography:
696 1890 42 36 p.
768 1878 215 41 287-288.

223 1936 1986 50 © May 1. 1934; 2c. Nov. 1: aff. Dec. 4: A 77048: Roerich museum press.
301 1995 278 49 (34-39189)

221 2113 290 64 Crandall,
542 2114 235 53 Lathan
808 2114 331 64 Augustus,
1175 2119 168 49 1903-

291 2190 92 50 An
418 2189 385 54 introduction
836 2195 56 47 to
925 2190 210 51 human
1171 2189 356 69 physiology,
1561 2189 72 67 by
1667 2188 224 52 Lathan
1926 2188 69 51 A.
222 2186 1965 148 Crandall,

219 2265 1966 147 jr. … Philadelphia and London, W. B. Saunders company, 1934.
289 2414 956 50 2 p. l., 11-325 p. illus., diagrs. 20 cm.
289 2472 347 48 Bibliography:
693 2483 43 36 p.
764 2471 215 41 305-308.

224 2529 1869 50 © Nov. 2. 1934; 2c. and aff. Nov. 5: A 76912: W. B. Saunders co.
301 2590 277 46 (34-38850)

221 2706 193 65 Cross,
447 2708 199 52 Ethan
676 2707 187 64 Allen,
897 2710 169 52 1875-
1277 2709 82 52 ed.

289 2785 55 52 A
385 2784 147 52 book
573 2785 63 52 of
679 2786 96 52 the
816 2786 158 52 short
1014 2791 185 62 story;
1245 2787 237 52 selected
1527 2786 112 53 and
1682 2785 207 67 edited,
1929 2784 140 54 with
2110 2784 99 53 the

220 2861 220 68 history
472 2863 112 52 and
615 2863 295 67 technique
942 2864 62 52 of
1034 2864 96 53 the
1159 2865 159 51 short
1347 2871 174 60 story,
1550 2870 176 60 notes,
1758 2863 111 53 and
220 2860 1961 146 bibliographies,

218 2940 1962 129 by E. A. Cross … New York, Cincinnati [etc.] American
349 3017 146 52 book
524 3036 277 49 company
1016 3052 11 33 [c1934]

288 3089 80 47 vii,
401 3090 112 40 1103
544 3102 45 37 p.
648 3090 55 40 21½
736 3093 15 21 cm
784 3122 10 9 .

290 3144 244 42 “Selected
566 3146 403 49 bibliographies”:
1032 3158 41 37 p.
1105 3146 271 44 1039-1055.

221 3199 1901 50 © Nov. 16. 1934; 2c. Nov. 22: aff. Nov. 21: A 78215: Amer. book co.
298 3259 277 47 (34-38905)

217 3361 250 65 Curtiss,
498 3364 197 51 Frank
725 3365 236 63 Homer,
995 3365 168 54 1875-

284 3439 246 66 Prayers
571 3440 63 53 of
674 3440 97 54 the
814 3440 185 55 Order
1041 3442 63 53 of
1148 3442 294 55 Christian
1483 3444 250 66 mystics,
1773 3440 239 54 selected
2053 3440 154 52 from

213 3514 1992 72 the writings of Dr. and Mrs. F. Homer Curtiss … compiled by
213 3591 195 67 Emily
449 3595 67 50 B.
561 3594 278 52 Percival.
915 3594 397 70 Washington,
1354 3598 72 51 D.
1470 3598 82 65 C.,
1593 3597 122 52 The
1757 3596 223 55 Curtiss
212 3595 1967 140 philosophic
439 3670 146 52 book
616 3689 96 47 co.,
745 3674 151 50 1934.

284 3741 99 46 viii,
411 3742 55 39 50
491 3753 40 36 p.
587 3743 53 40 13½
674 3745 43 21 cm
722 3776 8 7 .
788 3744 114 48 [The
927 3755 130 37 gems
1085 3745 163 50 series]

285 3798 310 47 Advertising
626 3802 205 38 matter:
865 3811 42 37 p.
956 3801 174 49 [43]-50.

216 3850 1990 55 © June 15. 1934; 2c. Aug. 22: aff. Aug. 25: A 75824: Universal religious
282 3911 302 41 foundation,
615 3912 75 40 inc.,
748 3914 332 46 Washington.
1153 3916 277 46 (34-39189)
