2350 4196
1146 4013 126 46 1528

243 382 193 61 Howe,
470 381 226 62 George
727 380 332 54 Frederick.

313 455 233 53 Chester
583 460 71 50 A.
694 457 251 65 Arthur;
989 477 27 32 a
1058 460 491 64 quarter-century
1588 455 63 53 of
1688 455 258 53 machine
1983 456 244 67 politics,

239 533 74 67 by
346 534 219 66 George
598 533 308 52 Frederick
932 535 197 51 Howe.
1205 534 138 51 New
1374 533 180 66 York,
1585 533 190 66 Dodd,
1805 533 170 52 Mead
2007 537 45 50 &
240 552 1964 127 company,
441 613 149 50 1934.

308 681 1919 50 xi, 307 p. front., plates, ports. 24 cm . (О n . cover; American political
239 742 214 46 leaders)

312 798 128 39 ‘‘The
469 797 312 47 preparation
813 797 49 39 of
893 797 97 39 this
1020 797 265 47 biography
1315 796 154 47 began
1498 796 120 39 with
1649 797 82 39 the
1760 794 197 51 writing
1988 797 51 40 of
2068 807 27 30 a
240 797 1973 97 doctoral
393 853 316 40 dissertation
734 853 50 39 in

811 853 188 48 history
1026 857 51 36 at
1104 853 228 39 Harvard
1361 851 507 49 university.’'—Pref.

312 911 186 40 “Select
528 909 363 49 bibliography’’;
952 921 41 37 p.
1026 909 214 42 292-295.

243 964 50 50 ©
319 968 117 40 Nov.
463 969 39 38 1.
531 966 112 39 1934;
699 967 65 39 2c.
792 968 115 37 Nov.
936 968 23 36 5;
1018 966 80 42 aff.
1173 977 69 28 Nov.
1270 965 25 40 9;
1351 967 40 37 A
1419 965 168 41 76982;
1614 967 154 41 Dodd.
1796 967 142 39 Mead
1967 967 37 39 &
2030 976 80 37 со.,
2138 967 91 40 inc.

321 1024 277 47 (34-33337)

243 1128 181 62 Hunt,
455 1125 254 55 William
739 1126 233 55 Lanier.

308 1247 54 8 ...
391 1203 119 51 The
532 1203 270 53 southern
825 1202 215 67 garden;
1097 1223 30 33 a
1151 1203 170 65 study
1344 1221 191 34 course
1558 1202 94 53 for
1674 1202 217 66 garden
1914 1203 172 65 clubs,
2106 1202 126 54 first

240 1279 1965 143 series [by] William Lanier Hunt. Chapel Hill, N. C., University of North Carolina press [ c 1934]
240 1427 1973 105 57 p. 23 cm . (University of North Carolina. Library extension publication. vol. I . no. 1)
336 1543 197 40 Includes
568 1541 388 48 bibliographies.

243 1596 1987 52 © Oct. 23. 1934; 2c. Nov. 1; aff. Nov. 5; A 78022; University of North
312 1657 224 40 Carolina
568 1666 148 37 press.
789 1653 251 48 (34-27943
1058 1663 8 32 )

241 1760 235 52 Illinois.
552 1759 181 54 Laws,
765 1763 255 60 statutes,
1052 1763 98 46 etc.

312 1835 363 68 Callaghan's
715 1833 227 53 Illinois
982 1837 254 50 statutes,
1280 1835 322 51 annotated.
1681 1838 136 49 1934
1852 1837 374 65 supplement.

241 1913 352 67 Containing
629 1914 93 50 the
763 1912 325 67 legislation
1129 1912 245 66 adopted
1413 1918 55 45 at
1508 1913 93 51 the
1640 1914 211 65 special
1889 1913 236 53 sessions
2166 1913 63 52 of

239 1993 94 51 the
364 1991 356 67 Legislature
750 1989 132 52 held
911 1992 61 50 in
1005 1991 131 49 1933
1171 1990 109 50 and
1313 1992 148 53 1934.
1495 1990 111 51 and
1637 1992 464 65 supplementary
238 2010 1966 111 annotations
563 2068 153 51 from

752 2071 97 48 353
887 2069 94 50 Ill.
1023 2070 97 50 110
1158 2073 57 47 to
1253 2071 99 47 357
1388 2067 92 52 Ill.
1521 2070 129 50 255;
1690 2071 99 49 271
1827 2069 93 50 Ill.
1961 2087 129 49 app.
2128 2072 99 49 428

240 2154 57 44 to
329 2148 106 50 end
470 2146 62 51 of
565 2149 99 48 275
699 2146 93 51 Ill.
828 2163 129 49 app.;
1026 2150 27 45 1
1088 2147 62 49 F.
1184 2162 162 49 supp.
1384 2152 28 46 1
1445 2151 57 47 to
1536 2145 107 52 end
1677 2145 66 52 of
1773 2150 28 47 6
1834 2148 65 49 F.
1932 2164 164 49 supp.;
2163 2152 62 47 50

240 2226 64 49 F.
323 2224 125 66 (2d)
490 2229 27 45 1
545 2230 58 46 to
632 2224 108 51 end
769 2223 62 51 of
860 2226 63 47 69
952 2224 64 49 F.
1051 2222 124 66 (2d);
1246 2225 100 49 287
1375 2225 71 52 U.
1480 2227 54 48 S.
1567 2231 26 46 1
1623 2229 57 45 to
1709 2225 107 50 end
1847 2224 62 51 of
1936 2227 100 49 292
2066 2228 70 52 U.
2171 2225 53 54 S.

241 2301 298 67 Compiled
581 2301 111 51 and
733 2299 188 52 edited
961 2299 74 66 by
1074 2300 160 51 Basil
1275 2301 173 53 Jones
1491 2302 110 50 and
1645 2302 234 54 Charles
1919 2304 203 52 Ulrich
2168 2347 54 7 ...

240 2379 266 67 Chicago.
537 2378 320 66 Callaghan
885 2378 110 52 and
1025 2396 293 47 company.
1350 2382 149 50 1934.

307 2451 549 49 2 p. l ., 247 p. 26½ cm .
241 2505 1874 52 © Nov. 27. 1934; 2c. Dec. 1; aff. Dec. 3; A 77410; Callaghan & со.
235 2597 404 64 Jouhandeau,
673 2596 236 60 Marcel,
947 2598 170 49 1888-

312 2720 54 7 ...
404 2676 227 65 Images
666 2674 69 52 de
767 2673 182 52 Paris.
980 2725 9 13 ,
1025 2671 183 66 Paris,
1244 2670 322 55 Gallimard
1609 2673 170 64 [1934]

306 2745 760 51 2 p. l., [7]-157 p., 1 l. 18½ cm .
239 2798 1985 55 © July 10. 1934; 1c. Oct. 26; A-Foreign 25946; Librairie Gallimard.
316 2860 277 44 (34-39514)

234 2951 172 62 Judd,
438 2950 243 54 Charles
712 2948 302 64 Hubbard,
1049 2948 168 52 1873-

306 3026 320 52 Education
655 3026 109 51 and
792 3024 172 53 social
991 3041 279 50 progress,
1297 3023 75 68 by
1402 3022 234 55 Charles
1664 3023 76 53 H.
1771 3023 159 54 Judd
1964 3065 55 10 ...
2087 3022 135 52 New

237 3103 176 65 York,
442 3103 308 63 Harcourt,
780 3103 178 50 Brace
989 3101 112 52 and
1133 3118 278 51 company
1447 3133 12 34 [
1465 3107 16 21 c
1487 3103 151 64 1934]

311 3177 81 40 xii.
420 3176 83 40 285
529 3185 40 36 p.
632 3175 54 39 19½
720 3177 43 20 cm
769 3207 6 6 .

304 3231 162 41 “First
495 3230 225 42 edition.”

239 3286 52 50 ©
326 3292 123 37 Sept.
483 3290 67 39 27.
583 3288 113 39 1934;
756 3290 66 39 2c.
856 3290 92 38 and
983 3288 79 38 aff.
1098 3287 99 40 Oct.
1229 3289 25 38 3;
1316 3289 40 37 A
1389 3288 141 39 76276;
1592 3289 260 39 Harcourt.
1886 3289 154 38 Brace
2075 3287 34 39 &
2141 3296 81 31 со.,

304 3348 48 36 inc.
465 3346 277 40 (34-28446)

233 3432 235 65 Landis,
501 3435 232 52 Benson
766 3435 228 62 Young,
1030 3434 169 51 1897-

297 3511 156 52 Must
496 3512 92 51 the
631 3511 194 53 nation
873 3510 168 66 plan?
1119 3512 56 51 A
1220 3512 309 52 discussion
1573 3512 64 51 of
1679 3517 368 62 government
229 3529 1963 127 programs,
467 3588 76 66 by
575 3590 222 52 Benson

834 3590 70 50 Y.
938 3587 240 56 Landis;
1217 3588 137 53 with
1391 3611 29 32 a
1455 3589 283 54 foreword
1770 3590 74 65 by
1880 3590 233 54 Charles
2146 3590 68 51 A.

229 3667 185 51 Beard
452 3711 53 7 ...
586 3665 137 51 New
752 3666 178 55 York.
960 3665 357 53 Association
1345 3684 172 48 press,
1549 3671 147 50 1934.

338 3770 7 8 x.
374 3738 81 38 221
484 3749 41 36 p.
583 3737 55 39 19½
671 3740 43 20 cm
720 3768 7 7 .

302 3795 244 40 “Selected
577 3792 363 49 bibliography”;
1001 3804 40 36 p.
1073 3792 212 43 212-221.

234 3848 1984 50 © Sept. 28. 1934; 2c. Nov. 9; aff. Nov. 17; A 77252; General board of
299 3909 169 42 Young
494 3906 146 38 men's
670 3907 248 38 Christian
946 3907 331 38 associations.
1352 3918 68 28 New
1447 3909 142 38 York.
1663 3907 276 46 (34-28422)
