2350 4196
1131 4008 131 50 1420

289 461 390 46 “Encyclopedia
706 461 50 39 of
781 463 168 37 sexual
976 462 304 45 knowledge:
1311 459 354 39 illustrations"
1705 460 161 47 (cover
1896 460 119 39 title.
2048 460 82 49 [16]
2162 469 41 36 p.

219 519 49 38 of
295 518 127 39 illus.
452 517 46 47 (1
528 517 144 47 col.))
708 518 100 38 laid
836 519 60 37 in.

287 575 223 38 Includes
541 574 387 47 bibliographies.

222 627 1897 50 © 1c. Sept. 27, 1934; A ad int. 19407: pubd. July 30: Francis Aldor.
298 686 277 48 (34-36262)

219 772 320 68 Ferguson,
572 777 153 52 John
757 778 351 63 Alexander,
1144 780 168 49 1873-

285 852 1920 68 The grouse moor mystery [by] John Ferguson … London.
216 931 140 52 Pub.
398 930 91 51 for
527 930 94 51 the
662 929 188 54 Crime
890 930 143 57 club,
1071 929 120 67 ltd.,
1227 931 75 65 by
1337 929 90 52 W.
1466 926 216 56 Collins
1721 944 126 37 sons
1886 931 43 49 &
1968 947 97 47 co.,
2102 930 101 52 ltd.

220 1010 170 63 [1934]

286 1080 88 39 255
405 1091 41 37 p.
507 1082 24 37 1
565 1081 127 39 illus.
752 1080 56 41 19
811 1082 43 22 cm
860 1113 7 9 .

224 1134 1965 105 © 1c. Oct. 26, 1934: A ad int. 19483 ; pubd. Oct. 1: J. Ferguson. Sandgate.
443 1195 141 45 Kent,
615 1195 233 46 England.
920 1192 275 48 (34-36232)

226 1282 237 66 Finney,
493 1285 200 63 Harry
722 1285 218 55 Anson,
973 1290 170 48 1886-

291 1360 1913 68 Principles of accounting, by H. A. Finney … Volume II.
221 1438 326 53 Advanced.
625 1440 138 51 New
797 1440 178 52 York.
1009 1439 446 54 Prentice-Hall,
1491 1438 124 57 inc.,
1652 1441 148 48 1934.

291 1512 82 46 xii,
403 1512 83 40 825
511 1524 39 35 p.
611 1513 150 39 tables
790 1512 133 47 (part
950 1512 142 48 fold.)
1157 1512 54 37 24
1231 1514 26 19 cm
1263 1544 6 6 .

294 1570 70 39 On
392 1580 165 28 cover:
587 1569 132 39 With
748 1579 222 37 progress
999 1570 173 38 sheets.

293 1626 228 47 Progress
547 1628 120 36 tests
694 1628 51 37 at
771 1627 81 38 the
878 1627 90 38 end
996 1625 50 40 of
1073 1626 115 38 each
1215 1626 212 46 chapter.

225 1679 50 50 ©
312 1683 100 39 Oct.
446 1683 40 39 3.
519 1682 140 40 1934:
695 1681 64 40 2c.
796 1682 99 39 Oct.
930 1681 80 40 22:
1047 1681 80 40 aff.
1162 1682 115 39 Nov.
1312 1682 81 38 15:
1431 1682 40 38 A
1505 1682 167 39 77314:
1710 1681 373 40 Prentice-Hall.
2119 1684 87 36 inc.

296 1739 278 48 [Copyright
606 1739 40 38 is
677 1738 203 39 claimed
913 1750 60 27 on
1002 1738 208 39 revision
1240 1739 94 38 and
1366 1749 104 27 new
1502 1738 240 48 material]

224 1830 208 63 Foran,
463 1828 254 55 William
748 1830 238 63 Robert,
1021 1832 168 49 1882-

292 1906 121 54 The
440 1909 139 65 path
609 1906 63 55 of
699 1907 179 67 ivory,
903 1907 74 67 by
1002 1907 88 52 W.
1120 1907 211 51 Robert
1358 1908 205 51 Foran.
1640 1907 255 65 London,
222 1908 1960 129 Hutchinson
349 1988 45 50 &
422 2003 96 46 co.,
547 1986 100 52 ltd.
685 1988 169 63 [1934]

294 2057 26 39 3
349 2068 41 37 p.
416 2059 44 44 l.,
489 2056 174 41 11-288
689 2067 41 37 p.
821 2057 25 40 19
849 2060 43 20 cm
898 2090 8 8 .

227 2111 1964 106 © 1c. Oct. 25. 1934; A ad int. 19490: pubd. Aug. 31; W. K. Foran, Padsworth,
492 2183 69 26 nr.
594 2171 230 48 Reading,
855 2171 274 40 Berkshire.
1162 2172 232 47 England.
1466 2171 278 47 (34-36558)

219 2261 298 64 Franklin,
553 2263 334 63 Benjamin,
926 2263 320 52 1706-1790.

294 2342 54 51 A
384 2341 165 52 letter
582 2358 70 35 on
685 2342 292 52 catheters,
1012 2340 224 53 written
1270 2342 73 65 by
1379 2341 305 66 Benjamin
1716 2340 280 53 Franklin
2030 2347 57 46 to
2119 2340 88 53 his

225 2418 230 52 brother
491 2419 170 65 John,
700 2418 210 53 Philad
915 2418 35 27 ia
956 2462 10 22 ,
1003 2421 131 51 Dec.
1175 2424 45 51 8,
1262 2420 147 52 1752.
1485 2420 142 52 Now
1665 2420 57 51 in
1761 2421 95 50 the
1895 2418 308 68 possession

225 2495 63 52 of
316 2496 94 52 the
439 2497 245 64 Library
714 2496 64 53 of
806 2498 93 51 the
928 2498 137 51 New
1096 2498 160 51 York
1286 2499 268 64 academy
1581 2498 64 51 of
1672 2497 290 64 medicine,
1994 2500 96 49 103
2125 2496 80 55 St.

225 2577 45 49 &
309 2575 94 51 5th
444 2576 156 57 Ave.,
637 2575 68 53 N.
745 2576 70 51 Y.
859 2574 61 53 C.
995 2575 161 52 With
1195 2594 29 32 a
1263 2582 276 47 comment
1576 2576 73 66 by
1688 2575 250 52 Edward
224 2575 1952 144 Loughborough

513 2653 1694 67 Keyes … Fulton, N. Y., Here reproduced with the
225 2729 336 67 permission
603 2731 64 50 of
708 2731 93 51 the
842 2729 245 68 Library
1132 2730 348 67 publication
1526 2730 145 55 fund
1718 2731 332 64 committee,
2096 2731 106 51 and

226 2805 227 66 printed
479 2811 44 49 &
548 2807 340 53 distributed
913 2809 74 65 by
1011 2809 93 51 the
1131 2809 227 52 Morrill
1383 2827 172 49 press,
1583 2813 147 49 1934.

301 2878 54 49 [6]
388 2890 42 36 p.
490 2878 188 41 facsim.
708 2879 135 48 (21.)
910 2881 54 40 33½
998 2883 44 21 cm
1047 2913 8 8 .

298 2936 101 39 The
422 2937 157 45 letter,
606 2937 48 38 in
681 2936 239 42 facsimile
948 2938 123 47 only,
1098 2937 42 41 is
1163 2937 99 42 laid
1286 2939 65 39 in.

228 2989 50 50 ©
316 2993 114 47 July
462 2993 68 39 27.
565 2992 139 41 1934:
741 2993 65 41 2c.
845 2996 93 37 and
974 2994 78 39 aff.
1090 2996 114 44 Aug.
1241 2995 25 38 2
1285 3007 7 28 :
1334 2997 36 37 A
1406 2995 166 46 74490;
1613 2995 187 40 Morrill
1836 3005 146 37 press.
295 2994 1899 103 [Copyright
455 3051 40 38 is
523 3050 203 39 claimed
756 3061 59 28 on
844 3055 250 44 comment]
1167 3052 276 48 (34-32886)

227 3139 355 65 Goodspeed,
615 3141 197 62 Edgar
839 3141 281 65 Johnson,
1153 3144 167 53 1871-

297 3217 119 51 The
455 3221 156 62 story
649 3218 62 51 of
748 3218 94 51 the
882 3218 113 54 Old
1035 3222 340 50 Testament,
1413 3222 72 65 by
1527 3222 197 66 Edgar
1762 3222 54 53 J.
1857 3219 351 66 Goodspeed.

227 3291 267 70 Chicago.
528 3296 111 54 Ill.,
672 3296 118 51 The
825 3295 334 54 University
1191 3298 63 50 of
1288 3298 251 68 Chicago
1572 3318 156 48 press
1768 3301 169 63 [1934]

295 3368 81 39 xii.
405 3368 83 39 187
515 3379 42 36 p.
612 3369 54 39 17
670 3371 43 20 cm
720 3402 6 7 .

293 3424 372 48 Bibliography:
695 3435 43 38 p.
769 3424 97 42 181.

227 3475 52 51 ©
319 3480 125 46 Sept.
481 3481 67 38 11.
587 3481 138 40 1934:
765 3481 64 40 2c.
869 3482 124 47 Sept.
1030 3485 79 38 13:
1149 3485 80 39 aff.
1270 3485 125 47 Sept.
1434 3487 80 37 14:
1555 3486 39 37 A
1633 3483 166 46 74900;
1844 3481 279 47 University
2159 3481 53 38 of

294 3536 220 47 Chicago,
549 3537 219 48 Chicago.
841 3539 277 48 (34-35866)

224 3609 219 66 Griese,
479 3612 321 65 Friedrich,
835 3617 171 50 1890-

220 3690 1966 130 … Das korn rauscht, dorfgeschichten. Bremen, C. Schünemann
442 3771 172 63 [ c 1934]
295 3837 552 50 231, [1] p., l l. 20cm.
294 3894 215 42 “Viertes
538 3896 72 41 bis
640 3897 303 42 dreizehntes
976 3902 243 41 tausend.”
