2350 4196
1184 4004 101 49 984

220 377 271 62 Harmed,
521 376 242 54 Bertha.

291 453 318 51 Text-book
657 453 63 51 of
768 453 93 52 the
911 453 307 66 principles
1268 452 112 51 and
1428 452 245 65 practice
1723 452 62 50 of
1831 451 256 67 nursing,
2136 452 70 66 by

222 529 1986 68 Bertha Harmer … 3d ed., rev. New York, The Macmillan
221 625 294 49 company,
549 611 149 49 1934.

295 692 78 36 xx,
400 681 86 40 846
509 692 41 36 p.
607 682 124 38 illus.
764 681 134 48 (part
925 681 111 44 col.)
1074 680 176 47 diagrs.
1306 680 55 38 22
1365 681 42 21 cm
1415 712 7 7 .

229 749 50 50 ©
310 753 114 45 July
451 751 68 46 24,
551 752 138 40 1934;
722 752 63 38 2c.
818 752 93 38 and
943 751 78 39 aff.
1055 751 115 46 July
1197 750 81 45 25;
1311 750 40 38 A
1380 749 142 40 73602;
1583 749 279 40 Macmillan
1893 760 65 29 co.

306 809 278 47 (34-22422)

223 926 287 63 Hueston,
541 926 136 52 Mrs.
712 925 193 63 Ethel,
941 928 169 48 1889-

299 1003 221 67 Beauty
574 1002 92 52 for
719 1003 129 63 sale,
903 1003 73 65 by
1031 1002 169 52 Ethel
1321 1006 208 47 Hueston.
1605 1002 413 66 Indianapolis,
2073 1004 135 50 New
229 1079 177 63 York,
433 1081 120 52 The
581 1080 438 53 Bobbs-Merrill

1049 1084 485 58 company [ c 1934]
303 1154 84 39 319
413 1165 41 36 p.
515 1152 56 40 20
574 1156 42 20 cm
623 1185 7 7 .

306 1209 159 41 “First
495 1209 223 40 edition.”

234 1278 50 51 ©
310 1282 115 47 July
447 1282 67 46 31,
540 1282 139 46 1934;
705 1282 63 39 2c.
797 1283 94 38 and
915 1281 80 39 aff.
1020 1282 118 46 Aug.
1164 1281 23 38 6;
1242 1281 40 38 A
1305 1280 169 47 73750;
1503 1281 142 39 Ethel
1670 1281 222 40 Hueston
1916 1282 119 39 Best
2057 1281 159 49 Blinn,

304 1340 116 38 New
447 1339 142 39 York.
661 1339 277 46 (34-22373)

228 1457 231 63 Huxley
510 1458 196 52 Julian
742 1459 199 53 Sorell.

295 1535 66 51 If
393 1537 32 50 I
459 1553 142 34 were
635 1535 349 52 dictator—a
1020 1534 248 67 straight
1299 1534 124 52 talk
1454 1539 59 47 to
1547 1535 252 52 business
1833 1553 142 35 men.
313 1609 48 47 (In
421 1605 199 42 London
649 1604 199 51 Sunday
876 1605 259 50 chronicle,
1164 1603 114 52 July
1309 1606 70 49 15,
1409 1605 143 49 1934)

236 1676 1966 100 © 1c. Sept. 8, 1934; A ad int. 19347; pulxl. July 15; J. S. Huxley, London.
231 1853 218 64 James,
478 1852 180 63 Alice,
688 1854 82 51 ed.

302 1927 349 68 Mississippi
681 1946 173 49 verse,
885 1928 187 52 edited
1103 1928 72 68 by
1204 1927 163 53 Alice
1399 1928 207 53 James.
1675 1927 219 69 Chapel
1924 1928 148 68 Hill,
2101 1928 121 53 The
237 2005 334 68 University
598 2005 63 52 of
686 2005 186 52 North
902 2005 268 54 Carolina
1195 2023 174 50 press,
1399 2008 148 53 1934.

291 2079 133 46 xviii,
455 2079 55 38 94
539 2089 43 35 p.
642 2077 55 39 22
701 2080 42 21 cm
750 2110 8 6 .

310 2134 365 47 “Biographical
706 2137 137 37 notes
869 2145 58 29 on
952 2135 82 41 the
1061 2133 228 41 authors”
1309 2145 8 28 :
1348 2144 41 37 p.
1419 2134 156 41 87-94.

241 2203 50 51 ©
328 2208 114 44 July
477 2207 67 41 20.
581 2207 139 45 1931;
759 2207 52 38 2c.
862 2207 93 38 and
992 2206 80 39 aff.
1111 2207 114 46 July
1260 2207 81 46 25;
1380 2207 40 38 A
1457 2207 168 46 73613;
1710 2207 237 48 University
1984 2209 51 39 of
2070 2209 154 39 North

309 2264 226 40 Carolina
566 2274 147 37 press.
785 2263 277 47 (34-22184)

231 2381 253 52 Kansas.
558 2382 275 65 Supreme
865 2387 172 45 court.

233 2457 1966 131 Reports of cases argued and determined … Published under
377 2537 292 65 authority
712 2535 62 51 of
817 2537 107 50 law
967 2536 73 65 by
1084 2535 274 53 direction
1402 2537 62 51 of
1505 2538 94 51 the
1646 2539 272 65 Supreme
1962 2544 160 47 court
2162 2539 62 51 of

242 2613 231 52 Kansas.
546 2614 256 51 Howard
842 2614 63 50 F.
944 2613 231 66 McCue,
1214 2611 198 55 official
1451 2621 270 61 reporter.
1796 2616 127 53 Vol.
2214 2660 11 25 CXXXVII,

236 2692 261 66 January
530 2694 83 64 29,
648 2693 150 62 1933,
832 2696 56 46 to
922 2691 141 66 July
1096 2690 48 67 7,
1179 2694 149 49 1933.
1404 2693 249 67 Topeka,
1688 2694 240 52 Printed
1962 2696 73 65 by
233 2697 1969 126 Kansas
351 2774 144 49 state
522 2768 261 68 printing
811 2769 164 66 plant
1009 2802 12 32 [
1027 2775 17 20 c
1049 2771 133 49 1934
1186 2801 12 33 ]

311 2845 101 46 xlii,
443 2843 87 40 998
557 2854 41 36 p.
657 2843 54 38 23
715 2844 43 20 cm
763 2873 7 6 .

247 2911 50 51 ©
335 2915 100 39 Oct.
470 2913 66 46 19,
573 2912 112 40 1933;
750 2912 65 38 2c.
853 2911 100 39 Oct.
989 2910 80 46 30;
1109 2910 78 39 aff.
1227 2911 124 48 Sept.
1389 2913 39 47 8,
1464 2914 140 46 1934;
1643 2915 40 38 A
1717 2915 169 46 75206;
1926 2916 213 39 Howard
2177 2915 50 41 F.

317 2971 190 45 McCue,
537 2970 216 46 reporter
781 2968 77 39 for
888 2969 81 38 the
998 2968 174 39 benefit
1202 2969 49 38 of
1280 2971 80 37 the
1391 2971 128 39 state
1547 2971 53 39 of
1627 2972 207 45 Kansas,
1866 2973 206 47 Topeka,
2104 2974 123 38 Kan.

243 3087 197 64 Keith,
471 3086 218 63 Joseph
719 3085 141 62 Joel,
893 3101 175 47 comp.

317 3162 101 54 Six
462 3161 62 53 of
567 3179 102 34 one
723 3160 139 67 (and
909 3159 391 52 half-a-dozen
1344 3158 65 53 of
1455 3154 264 65 another)
1811 3152 299 69 Compiled
2154 3152 76 67 by

245 3230 1985 77 Joseph Joel Keith … Dallas, Tex., The Kaleidograph press
251 3350 12 33 [
269 3324 17 20 c
292 3321 134 48 1934
430 3351 11 32 ]

315 3391 25 38 2
366 3400 42 37 p.
469 3421 9 16 l.,
504 3388 150 39 vii-ix
678 3398 56 36 p.,
764 3388 23 37 1
850 3420 7 8 l.
881 3385 173 41 13-106
1079 3396 41 37 p.
1180 3386 56 39 19½
1269 3387 43 21 cm
1317 3417 7 8 .

316 3446 168 40 Poems
519 3445 60 46 by
614 3444 216 46 Dorothy
868 3442 48 40 C.
953 3442 229 46 Pinkney,
1218 3441 219 46 Dorothy
1472 3440 63 41 M.
1572 3438 165 47 Davis,
1776 3437 242 40 Kathleen
2057 3433 172 42 Sutton

249 3504 92 37 and
368 3504 176 38 others.

252 3552 1977 56 © May l. 193-1; 2c. July 30: aff. July 28: A 73651; Kaleidograph press.
333 3615 276 50 (34-22183)

247 3734 85 52 La
358 3735 217 61 Monte,
610 3734 317 50 Francesca
964 3730 337 62 Raimonde,
1335 3732 170 49 1895-

317 3809 323 66 Vanishing
670 3807 341 65 wilderness,
1040 3805 75 66 by
1144 3806 63 50 F.
1240 3805 66 53 R.
1338 3806 84 51 La
1450 3805 196 51 Monte
1677 3804 112 51 and
1818 3802 79 52 M.
1926 3801 77 52 H.
2033 3798 197 55 Welch

311 3878 1919 74 … color plates and illustrations by Captain Vladimir Perfi-
