2350 4196
1093 4016 100 56 817

132 362 202 65 Hines,
365 362 224 53 Harlan
623 363 303 64 Cameron,
960 360 170 54 1887-

204 438 403 53 Introduction
630 442 60 49 to
715 437 358 54 educational
1099 436 368 69 psychology,
1495 435 75 68 by
1596 434 229 53 Harlan
1852 433 278 56 Cameron

137 515 181 54 Hines
365 559 55 9 ...
471 516 139 52 with
656 536 30 33 a
733 515 285 53 foreword
1063 514 74 69 by
1179 513 264 55 William
1486 512 264 53 Fletcher
1794 512 225 54 Russell
2071 555 55 11 ...

135 590 138 55 New
303 593 179 67 York,
511 594 70 52 D.
613 594 129 53 Van
773 592 291 55 Nostrand
1095 609 297 51 company,
1422 591 126 69 inc.,
1582 593 150 51 1934.

205 667 131 47 xxix,
365 667 84 40 381
479 676 41 37 p.
551 666 108 41 incl.
690 666 145 40 front,
867 666 169 48 (port.)
1077 665 142 44 illus.,
1251 665 179 47 diagrs.
1491 663 56 41 20
1550 666 43 21 cm
1598 695 9 10 .

206 721 234 42 “General
483 722 392 49 bibliography”:
921 733 43 37 p.
1008 720 229 48 363-874;
1287 720 348 41 “References”
1681 724 53 37 at
1780 721 91 40 end
1918 721 52 40 of
2015 721 118 40 each

135 780 212 46 chapter.

141 834 50 51 ©
224 839 112 46 Apr.
367 839 68 46 12,
467 837 139 48 1934;
641 839 65 39 2c.
739 839 112 47 Apr.
882 838 81 45 20;
998 836 81 41 aff.
1113 838 125 39 June
1270 837 81 46 19;
1386 837 41 39 A
1454 837 171 47 72868;
1659 837 58 40 D.
1750 837 105 39 Van
1888 836 247 39 Nostrand

208 906 80 36 сo.,
323 896 88 39 inc.
484 895 279 49 (34-18136)

133 984 160 65 Hiss,
323 985 154 53 John
505 986 242 65 Martin,
780 988 169 49 1891-

207 1063 138 52 New
388 1062 116 53 feet
547 1062 94 54 for
682 1064 113 67 old,
837 1082 30 33 a
906 1063 203 67 simple
1152 1066 303 48 statement
1496 1061 63 53 of
1600 1080 150 34 some
1792 1065 189 48 recent
2022 1059 111 53 and

139 1140 201 69 highly
369 1141 265 69 cheering
662 1141 335 53 discoveries
1028 1141 340 68 concerning
1395 1158 257 34 common
1680 1139 126 53 foot
1833 1139 303 67 disorders,

139 1219 148 53 their
328 1237 161 34 cause
534 1221 111 51 and
688 1237 146 50 cure,
876 1220 93 51 for
1009 1219 95 53 the
1146 1222 221 50 mutual
1407 1237 96 34 use
1546 1218 63 54 of
1651 1218 329 69 physicians
2023 1218 112 53 and

142 1298 246 67 patients
436 1298 73 67 by
556 1298 157 53 John
762 1297 219 53 Martin
1026 1297 139 53 Hiss
1214 1341 56 10 ...
1323 1298 138 52 with
1510 1316 71 35 an
1627 1297 393 54 introduction
2062 1298 76 69 by

140 1375 298 68 Edgcumb
475 1376 276 52 Pinchon.
825 1376 70 52 3d
932 1376 84 53 ed.
1089 1375 232 55 Garden
1357 1376 154 69 City,
1545 1376 71 53 N.
1655 1376 90 68 Y.,
1779 1376 359 70 Doubleday,

138 1453 195 52 Doran
362 1456 45 50 &
436 1471 297 51 company,
759 1456 127 65 inc.,
917 1457 148 50 1934.

212 1526 1231 50 xxii p., 1 l., 161 p. illus., plates, ports. 21 cm .
144 1581 50 51 ©
226 1585 125 39 June
379 1586 40 45 4,
450 1585 140 45 1934;
623 1586 66 39 2c.
719 1587 93 38 and
844 1585 79 39 aff.
957 1586 125 39 June
1113 1586 79 46 14;
1227 1586 41 39 A
1297 1586 171 42 72804;
1503 1587 43 42 J.
1579 1589 61 38 M.
1674 1588 131 46 Hiss,
1838 1589 301 47 Hollywood,

214 1641 143 41 Calif.
432 1642 279 47 (34-18141)

139 1734 229 63 Hogan,
397 1735 152 55 Inez.

210 1809 341 53 Nicodemus
589 1812 112 50 and
739 1812 94 50 the
869 1811 149 52 little
1053 1810 165 53 black
1254 1811 119 69 pig,
1409 1812 76 69 by
1523 1812 136 52 Inez
1698 1812 229 69 Hogan.
2002 1813 138 54 New

147 1887 1165 69 York, E. P. Dutton & сo., inc. [ c 1934]
217 1959 82 51 [61]
330 1971 42 37 p.
436 1962 85 39 col.
549 1961 127 41 illus.
739 1960 55 41 19½
827 1963 42 21 cm
875 1995 8 7 .

215 2016 286 41 Illustrated
532 2019 96 46 t.-p.
659 2019 95 39 and
785 2018 359 48 lining-papers.

216 2073 161 41 “First
404 2073 226 41 edition.”

146 2127 52 52 ©
225 2132 126 40 June
376 2132 68 47 21,
473 2132 140 47 1934;
642 2133 65 39 2c.
738 2133 93 39 and
860 2133 80 41 aff.
969 2134 125 39 June
1120 2135 82 46 22;
1233 2135 40 38 A
1301 2135 170 46 74052;
1503 2137 51 40 E.
1581 2136 50 40 P.
1660 2137 188 40 Dutton
1877 2137 36 41 &
1940 2148 81 37 сo.,
2051 2138 90 40 inc.

224 2189 279 49 (34-17977)

141 2278 228 66 Hogan,
403 2281 154 52 John
593 2281 243 64 Gerard,
874 2285 170 49 1896-

211 2357 250 53 Heralds
508 2357 64 52 of
619 2357 94 53 the
761 2357 179 70 King,
1107 2360 92 53 the
1248 2360 296 54 Reverend
1591 2361 157 55 John
1795 2361 69 55 G.
1913 2364 229 67 Hogan.
150 2437 225 66 Boston,
407 2435 191 69 Mass.,
633 2436 120 52 The
789 2435 297 55 Stratford
1121 2456 279 51 company
1481 2442 152 65 [c1934]

214 2508 633 50 6 p. l., ii, 190 p. 19½ cm .
491 2567 131 40 CONTENTS.—St.
643 2566 202 40 Francis
865 2566 52 40 of
933 2566 303 42 Assisi.—St.
1256 2568 370 43 Dominic.—St.
1647 2571 223 48 Ignatius
1890 2572 255 48 Loyola.—

146 2624 67 40 St.
249 2624 177 40 Teresa
463 2624 50 39 of
550 2623 289 41 Avila.—St.
876 2624 123 40 Jane
1035 2625 207 41 Frances
1280 2628 58 38 de
1373 2627 225 40 Chantal.
1601 2629 254 39 —Mother
1891 2629 253 41 Elizabeth

143 2681 108 40 Ann
289 2681 159 40 Seton.

149 2734 50 52 ©
238 2739 126 39 June
400 2739 68 47 15,
504 2739 140 45 1934;
683 2738 66 40 2c.
789 2738 126 40 June
952 2739 81 46 18;
1074 2739 82 42 aff.
1193 2740 127 41 June
1357 2742 82 47 22;
1480 2742 41 39 A
1559 2743 170 48 72948;
1774 2744 251 40 Stratford
2062 2755 82 38 сo.,

216 2796 286 47 publishers.
577 2796 255 47 (34-18162
845 2804 12 41 )

145 2887 215 64 Horne,
389 2886 143 56 Ben.

226 3008 54 8 ...
310 2963 238 53 Fredløs
571 2963 354 52 landsmann.
988 2961 154 71 Oslo,
1167 2963 342 69 Gyldendal,
1534 2969 150 49 1933.

222 3035 84 40 322
345 3046 43 37 p.
454 3034 116 42 20cm.

224 3094 37 37 A
296 3093 152 39 novel.

154 3150 1994 54 © Sept. 29, 1933; 1c. Dec. 27; A-Foreign 23230; Gyldendal norsk
217 3211 174 47 forlag.
462 3209 280 48 (34-18319)

150 3299 292 66 Howison,
475 3300 226 64 George
733 3299 258 65 Holmes,
1027 3301 322 54 1834-1917.

226 3376 219 68 George
479 3376 236 52 Holmes
749 3375 292 68 Howison,
1077 3374 366 72 philosopher
1480 3380 111 51 and
1625 3381 252 66 teacher;
1917 3400 30 33 a
154 3382 1969 126 selection
316 3454 152 53 from
504 3453 90 53 his
629 3453 279 68 writings,
946 3453 141 54 with
1127 3474 30 33 a
1194 3455 392 69 biographical
1627 3457 208 68 sketch,
1875 3460 74 66 by
1988 3460 155 54 John

156 3532 232 68 Wright
430 3531 295 53 Buekham
768 3532 112 51 and
922 3530 218 70 George
1180 3532 270 54 Malcolm
1495 3534 277 55 Stratton.
1852 3537 293 70 Berkeley,

156 3609 334 68 University
522 3609 63 53 of
619 3608 320 55 California
972 3628 172 51 press,
1179 3614 149 51 1934.

225 3681 1289 50 xiii p., 1 l., 418 p. front., ports., facsim. 22 cm .
228 3739 68 39 “A
323 3739 85 40 list
437 3738 52 40 of
515 3738 272 40 Howison’s
818 3738 254 48 published
1104 3739 248 50 writings”:
1414 3753 42 37 p.
1486 3743 204 42 381-387;
1753 3746 67 39 “A
1850 3748 177 47 partial
2062 3750 82 38 list

156 3795 51 40 of
231 3796 270 39 references
525 3797 48 38 to
597 3795 231 40 Howison
853 3795 48 39 in
923 3794 351 50 philosophical
1298 3799 353 47 publications”:
1705 3812 42 37 p.
1772 3803 217 43 389-390.

158 3852 50 52 ©
247 3858 111 46 May
393 3856 69 48 28,
499 3855 141 47 1934;
679 3855 66 39 2c.
783 3855 126 39 June
944 3856 53 46 4;
1037 3855 82 40 aff.
1157 3856 127 41 June
1320 3858 80 47 18;
1440 3859 43 38 A
1517 3859 171 49 72866;
1729 3861 210 48 Regents
1978 3864 51 39 of
2065 3865 84 40 the

226 3913 137 40 Univ.
398 3913 52 39 of
481 3912 285 46 California,
803 3912 248 48 Berkeley,
1088 3912 143 41 Calif.
1302 3915 280 49 (34-17950)
