2350 4196
0 0 0 0 1088
219 373 261 63 Kimber,
511 374 189 53 Diana
734 374 261 56 Clifford.

297 449 290 52 Textbook
631 449 62 55 of
740 456 261 56 anatomy
1053 449 110 51 and
1208 448 356 68 philology,
1611 448 70 67 by
1729 448 188 52 Diana
1964 445 244 55 Clifford

228 524 1918 71 Kimber, Carolyn E. Gray … and Caroline E. Stackpole …
228 604 96 53 9th
360 605 102 66 ed.,
495 622 111 33 rev.
643 605 110 51 and
787 605 301 54 rewritten.
1161 604 133 52 New
1333 602 176 69 York,
1543 604 118 52 The
1698 603 330 53 Macmillan
226 620 1957 130 company,
429 685 147 49 1934.

296 752 1314 50 x p.. 1 l., 640 p. illus. (part col.) diagrs. 22½cm.
294 810 345 47 Bibliography:
701 822 41 36 p.
777 810 213 41 593-596.

226 866 1728 52 © July 31, 1934: 2c. and aff. Aug. 1; A 73689; Macmillan co.
302 926 278 50 (34-25891)

222 1000 236 66 Kozlay,
489 1002 180 52 Hazel
699 1002 231 65 Leonie,
963 1004 82 52 ed.

294 1079 1855 68 Beauty shop problems … edited by Hazel Leonie Kozlay …
223 1155 140 52 New
393 1155 162 53 York
585 1155 133 68 city,
750 1156 77 53 H.
858 1158 68 51 R.
960 1158 224 52 Howell
1213 1158 334 67 publishing
1578 1175 97 49 co.,
1705 1158 125 65 inc.,
1863 1163 17 20 c
1885 1160 149 50 1934.

293 1226 97 48 128,
424 1227 53 50 [8]
505 1238 45 38 p.
578 1228 109 40 incl.
717 1228 141 49 illus.,
887 1230 167 40 forms.
1116 1230 54 40 19c
1189 1232 26 20 m
1221 1261 8 8 .

296 1284 173 41 “Sixth
493 1285 182 41 edition
704 1286 51 40 of
781 1287 100 40 The
908 1297 191 31 answer
1126 1286 162 41 book.”

296 1342 71 40 On
395 1353 166 30 cover:
592 1343 142 40 Sixth
759 1343 182 41 edition
968 1344 51 40 of
1043 1345 99 39 The
1168 1344 254 40 American
1448 1344 304 41 hairdresser
1780 1355 189 30 answer
1997 1346 135 39 book.

297 1400 144 40 “This
472 1400 182 41 edition
688 1401 220 40 contains
941 1412 29 29 a
1001 1401 94 40 few
1129 1401 50 40 of
1207 1402 80 39 the
1320 1402 246 47 questions
1598 1402 96 39 and
1727 1412 214 30 answers
1971 1401 127 42 from
2131 1404 79 39 the

224 1458 1985 48 former one, but most of them are new or rewritten … Many … have
224 1515 1984 105 been taken from the Trouble corner department of the American hairdresser … others from articles which have appeared in the American
223 1630 681 41 hairdresser.”—Foreword.

293 1688 223 40 Includes
544 1687 302 48 advertising
874 1688 192 39 matter.

225 1743 50 50 ©
306 1747 125 39 June
458 1747 67 45 26,
555 1746 139 45 1934;
724 1743 66 41 2c.
821 1745 114 45 July
962 1743 54 39 12;
1077 1743 78 40 aff.
1185 1744 114 45 July
1328 1744 54 37 14;
1440 1744 40 38 A
1508 1743 168 43 73972;
1709 1745 59 39 H.
1799 1746 54 38 R.
1883 1746 184 38 Howell
2100 1745 108 46 pub.

292 1815 79 36 co.,
403 1803 89 39 inc.
565 1800 276 49 (34-25216)

219 1879 242 62 Larson,
496 1877 298 53 Theodore
827 1877 249 63 Hilbert,
1115 1878 167 50 1871-

290 1953 354 69 Physicians’
684 1953 111 51 and
837 1951 287 69 surgeons’
1164 1951 294 53 text-book
1498 1969 72 35 on
1612 1952 442 69 endocrinology
2097 1952 113 53 and

223 2029 1987 69 ready reference therapy, by Theodore Hubert Larson … Los
222 2106 1842 71 Angeles, Calif., Chicago college of endocrinology [ c 1934]
291 2192 111 30 xxx.
433 2181 84 40 870
546 2191 41 36 p.
650 2181 127 38 illus.
838 2179 55 38 24½
925 2182 43 21 cm
974 2212 7 7 .

293 2236 161 42 “First
484 2236 257 48 printing.”

225 2292 56 51 ©
309 2297 116 46 Aug.
456 2296 37 45 6,
525 2294 113 41 1934;
696 2295 65 40 2c.
792 2294 119 46 Aug.
942 2294 54 39 18;
1058 2293 79 39 aff.
1169 2293 117 47 Aug.
1318 2295 54 38 17;
1434 2295 39 37 A
1506 2295 167 45 74635;
1708 2296 49 36 T.
1792 2295 58 38 H.
1885 2295 198 47 Larson,
2116 2296 92 38 Los

289 2354 219 45 Angeles.
580 2350 276 49 (34-25872)

219 2425 266 65 Leopold,
514 2428 245 51 Werner
791 2426 81 63 F.,
908 2427 170 50 1896-

292 2501 1916 69 Ein sommer in Deutschland, by W. F. Leopold … adding
228 2584 93 49 105
360 2581 184 51 words
583 2580 110 52 and
732 2583 63 48 21
835 2579 204 53 idioms
1076 2585 58 47 to
1169 2580 94 52 the
1304 2580 151 66 1,270
1492 2581 185 52 words
1714 2581 111 52 and
1865 2583 102 49 252
2001 2580 205 52 idioms

223 2659 131 51 used
386 2660 60 50 in
478 2658 93 52 the
600 2657 172 51 books
807 2659 127 62 1-9;
965 2659 172 49 total:
1170 2656 149 66 1,375
1350 2658 184 53 words
1565 2659 112 51 and
1708 2661 99 49 273
1839 2659 205 51 idioms
2073 2657 135 53 used

227 2731 1979 71 in books 1-10 … Chicago, Ill., The University of Chicago
226 2829 153 49 press
417 2814 170 64 [1934]

220 2873 1968 118 viii, 53, [1] p. front, (map) 17 cm . (Half-title: Graded German readers … [book 10])
223 2996 49 51 ©
304 3000 123 39 June
456 3000 67 46 12,
552 2998 113 40 1934;
723 2999 65 38 2c.
818 2998 115 47 July
961 2998 80 40 16;
1074 2999 80 38 aff.
1188 2999 109 46 July
1326 3000 80 45 13;
1438 3002 40 37 A
1507 3002 141 39 73453;
1708 3001 281 47 University
2018 3003 52 38 of
288 3002 1898 101 Chicago,
448 3057 219 46 Chicago.
743 3054 276 46 (34-25553)

216 3130 206 65 Leslie,
456 3130 212 64 Shane,
703 3133 169 49 1885-

215 3206 1905 146 … The passing chapter … London [etc.] Cassell & company, limited [1934]
286 3358 85 39 224
397 3369 41 37 p.
526 3357 28 40 19½
584 3360 43 20 cm
633 3390 7 6 .

294 3415 174 39 “Notes
508 3415 165 38 drawn
715 3413 123 39 from
881 3414 80 38 the
999 3415 197 45 chapter
1235 3415 155 40 which
1431 3417 89 39 has
1560 3418 117 39 been
1717 3416 198 48 passing
1953 3416 129 41 since
2121 3418 82 39 the

217 3470 479 40 war.”—Foreword.

219 3522 50 51 ©
298 3529 63 37 1c.
392 3528 115 46 Aug.
536 3526 67 46 10,
632 3525 113 40 1934;
801 3527 39 36 A
868 3527 60 38 ad
955 3526 84 39 int.
1070 3525 140 40 19269;
1267 3529 138 46 pubd.
1437 3530 125 41 June
1591 3530 46 38 21;
1705 3531 200 39 Charles
1938 3529 262 42 Scribner’s

289 3593 122 36 sons,
448 3584 116 37 New
597 3583 141 37 York.
811 3580 276 49 (34-28958)

212 3641 322 66 Linklater,
567 3643 152 60 Eric,
757 3648 168 48 1899-

283 3720 210 51 Robert
535 3720 93 51 the
673 3720 199 57 Bruce,
912 3718 74 67 by
1030 3719 135 53 Eric
1206 3720 323 55 Linklater:
1576 3722 138 53 with
1759 3743 28 33 a
1833 3722 366 68 frontispiece

212 3797 106 50 and
373 3802 109 45 two
533 3815 175 43 maps.
785 3796 124 51 New
972 3796 175 52 York.
1196 3798 256 56 London.
1502 3801 70 53 D.
1624 3800 574 67 Appleton-Century

210 3890 279 51 company
517 3872 414 67 incorporated,
962 3876 150 51 1934.
