2350 4296
1092 4000 134 55 1377

155 358 248 66 Arthur,
433 360 220 64 Joseph
688 358 262 66 Charles,
984 362 169 49 1850-

223 438 239 53 Manual
487 437 65 54 of
574 438 95 54 the
694 442 150 49 rusts
869 438 59 52 in
955 436 214 55 United
1200 433 189 57 States
1417 433 113 53 and
1557 431 255 68 Canada,
1838 432 76 67 by
1939 429 215 69 Joseph

157 516 237 55 Charles
425 516 226 53 Arthur
687 560 55 9 ...
781 513 383 57 illustrations
1191 514 36 53 by
1301 512 224 68 George
1557 513 66 50 B.
1661 510 312 55 Cummins.
157 509 1975 153 Lafayette,
419 596 149 66 Ind.,

597 596 233 53 Purdue
856 594 258 55 research
1145 592 362 63 foundation,
1537 594 150 49 1934.

297 698 8 16 xv,
338 667 88 39 438
456 677 42 37 p.
560 666 135 40 front.
739 666 127 48 (fold.
914 666 136 47 map)
1092 664 125 40 illus.
1283 664 54 39 23½
1371 666 43 21 cm
1420 696 7 7 .

160 721 1976 111 © June 18, 1934; 2c. and aff. Oct. 13; A 75757; Purdue research foundation. (34-34925)
157 874 347 53 Associated
544 875 238 62 factory
822 875 229 51 mutual
1090 873 104 51 fire
1235 873 314 51 insurance
1588 869 353 64 companies.

225 951 414 67 Windstorms;
668 952 156 52 wind
852 951 240 67 damage
1117 950 112 55 and
1257 948 320 68 protection
1606 947 95 52 for
1723 947 295 67 buildings
2046 947 108 50 and

156 1047 193 35 cranes
393 1072 54 9 ...
545 1030 70 52 2d
658 1030 83 53 ed.
788 1073 55 8 ...
947 1030 252 65 [Boston,
1238 1027 333 67 Inspection
1612 1026 172 67 dept.,
1822 1024 331 54 Associated

158 1104 225 71 factory
411 1107 221 51 mutual
660 1106 101 53 fire
790 1108 297 52 insurance
1114 1104 339 67 companies,
1486 1104 136 51 1934]

231 1164 1269 66 2 p. l ., 75 p. illus. (incl. maps) diagrs. 18½ cm .
232 1238 294 49 “Copyright
551 1237 114 41 1934
693 1239 60 47 by
780 1239 82 41 the
888 1238 285 40 Associated
1198 1236 195 48 factory
1419 1237 191 39 mutual
1638 1234 87 40 fire
1754 1235 258 40 insurance
158 1243 1982 100 companies.”

231 1353 112 40 “No.
375 1352 98 41 70.”

164 1406 50 52 ©
245 1412 119 47 Aug.
394 1409 69 45 29,
494 1410 140 41 1934;
667 1411 63 39 2c.
768 1412 126 46 Sept.
924 1412 52 44 1;
1012 1421 80 30 aff.
1128 1409 126 48 Sept.
1287 1408 52 46 5;
1374 1409 41 38 A
1446 1406 144 42 74795;
1651 1405 285 42 Associated
1967 1406 194 46 factory

228 1470 189 38 mutual
451 1468 89 39 fire
572 1468 258 39 insurance
863 1467 287 48 companies,
1186 1467 194 39 Boston.
1455 1463 279 50 (34-34915)

155 1558 334 65 Benjamin,
522 1560 222 53 Robert
777 1559 219 64 Spiers,
1030 1560 83 52 ed.

230 1636 126 56 Call
385 1642 58 48 to
476 1638 312 53 adventure;
850 1642 130 48 true
1006 1639 143 51 tales
1179 1635 65 54 of
1274 1636 343 53 adventures
1646 1639 85 48 set
1761 1634 166 54 down
1960 1633 75 67 by
2067 1632 95 53 the

156 1735 126 34 men
319 1717 126 52 who
480 1718 252 66 actually
767 1716 369 69 experienced
1170 1716 173 66 them,
1379 1714 188 54 edited
1602 1713 75 69 by
1716 1713 215 54 Robert
1968 1712 195 68 Spiers

157 1795 337 68 Benjamin;
524 1796 141 53 with
691 1816 31 34 a
749 1795 287 53 foreword
1058 1795 77 68 by
1160 1795 195 54 James
1379 1794 66 52 E.
1470 1794 163 54 West
1661 1835 56 10 ...
1749 1793 113 52 and
1889 1811 71 33 an
158 1791 1980 137 introduction

429 1874 75 68 by
542 1875 194 67 Major
774 1874 221 69 George
1033 1872 220 56 Witten
1298 1916 55 9 ...
1433 1873 139 53 New
1613 1871 182 68 York,
1835 1870 328 68 Greenberg

159 1986 13 34 [
176 1960 18 22 c
199 1956 136 50 1934
339 1987 12 34 ]

230 2028 735 48 3 p. l., 250 p. ports. 21 cm .
166 2082 50 52 ©
256 2086 127 48 Sept.
418 2086 69 47 25,
526 2085 113 41 1934;
704 2086 67 42 2c.
810 2085 100 41 Oct.
949 2085 54 40 19;
1070 2085 81 40 aff.
1189 2085 100 41 Oct.
1328 2086 55 38 13;
1451 2085 40 38 A
1528 2084 144 40 75848;
1741 2083 274 47 Greenberg
231 2083 1916 107 publisher,
423 2143 91 41 inc.
586 2142 280 49 (34-34904)

160 2231 245 68 Blunck,
436 2235 170 53 Hans
634 2233 325 66 Friedrich,
993 2237 170 50 1888-

236 2352 57 10 ...
328 2311 120 52 Der
480 2310 329 70 feuerberg;
846 2312 122 52 eine
1000 2311 313 69 erzählung
1344 2329 110 35 von
1488 2309 309 54 deutschen
1828 2308 246 54 Siedlern
2107 2307 60 52 in

160 2385 291 59 Amerika.
519 2389 166 64 Jena,
716 2389 68 53 E.
815 2389 336 53 Diederichs
1262 2391 103 50 [c1934]

233 2460 1044 52 72 p. 19 с m . [Deutsche reihe, nr. 15]
233 2516 144 42 From
411 2520 82 39 the
526 2519 219 40 author’s
778 2519 136 40 Land
947 2521 84 38 der
1065 2519 208 40 vulkane;
1336 2519 106 40 eine
1478 2518 276 47 gesehichte
1788 2528 92 29 von
1914 2515 198 41 drüben.

168 2572 2000 54 © Mar. 15, 1934; 1c . Sept. 20; A -Foreign 25668; Eugen Diederichs
233 2636 179 46 verlag.
484 2635 280 48 (34-35677)

237 2756 55 9 ...
329 2714 120 53 Fru
480 2714 173 54 Holle
685 2732 78 35 un
795 2715 68 52 de
892 2713 202 69 mönk;
1130 2715 333 68 ungelehrte
1497 2715 170 53 hoch-
1700 2716 119 52 und
164 2712 1981 132 plattdeutsche

328 2792 281 53 balladen.
682 2792 308 67 München,
1026 2792 70 54 A.
1135 2792 255 69 Langen,
1427 2792 70 55 G.
1536 2792 232 67 Müller,
1809 2793 150 51 1934.

233 2863 1772 52 53, [1] p., 1 l. 18 × 11 cm . (On cover; Die kleine bücherei. [31])
168 2919 2003 53 © Apr. 30, 1934; 1c . Sept. 20; A -Foreign 25660; Albert Langen-Georg
238 2980 186 43 Müller,
445 2982 180 46 verlag,
658 2991 41 37 g.
733 2990 58 30 m.
825 2981 40 37 h.
900 2980 43 39 h.
1017 2980 279 50 (34-35679)

161 3060 222 66 Boand,
411 3061 212 54 Alfred
654 3063 61 54 C.

234 3139 121 53 The
405 3139 153 69 body
610 3139 307 68 beautiful,
972 3140 253 69 through
1282 3142 244 53 exercise
1583 3142 114 53 and
1753 3141 290 66 vitamins,
2097 3139 76 68 by

163 3217 212 54 Alfred
408 3217 62 55 C.
503 3219 233 67 Boand;
773 3219 326 53 illustrated
1132 3220 140 52 with
1306 3221 415 68 photographs.
1798 3219 271 68 Chicago,
2102 3218 70 51 A.

162 3296 301 53 Whitman
490 3299 47 50 &
566 3315 99 50 со.,
696 3300 151 51 1934.

240 3371 85 40 128
353 3382 42 36 p.
423 3371 107 40 incl.
558 3371 163 47 front.,
750 3371 129 42 illus.
937 3372 54 38 21
996 3374 43 20 cm
1045 3402 6 7 .

172 3424 50 51 ©
254 3428 126 48 Sept.
411 3428 68 47 27,
508 3427 113 41 1934;
681 3429 66 40 2c.
780 3430 94 38 and
904 3428 82 41 aff.
1017 3428 102 41 Oct.
1192 3440 8 30 1;
1232 3430 40 38 A
1303 3429 169 48 76260;
1504 3431 171 39 Albert
1703 3430 251 40 Whitman
1985 3430 35 40 &
2050 3439 65 31 со.
250 3484 280 50 (34-34909)

166 3562 211 69 Bowie,
409 3564 226 57 Walter
665 3565 253 66 Russell,
953 3570 172 51 1882-

236 3645 123 52 The
396 3648 157 51 story
591 3643 65 53 of
692 3645 97 52 the
826 3645 184 65 Bible,
1049 3646 186 52 retold
1272 3646 156 54 from
1466 3647 237 55 Genesis
1741 3654 59 47 to
1839 3647 337 54 Revelation

168 3723 60 52 in
258 3723 97 52 the
385 3720 152 70 light
567 3722 64 52 of
662 3729 228 60 present
919 3722 336 69 knowledge
1286 3725 96 52 for
1411 3726 141 53 both
1583 3727 98 52 the
1711 3745 195 49 young
1938 3727 112 52 and
2080 3727 97 52 the

168 3805 219 50 mature
440 3801 91 67 [by]
601 3800 223 56 Walter
871 3801 226 54 Russell
1145 3802 195 54 Bowie
1393 3847 55 8 ...
1529 3806 143 53 New
1720 3804 181 66 York,
168 3804 1986 129 Cincinnati

325 3884 103 61 [etc]
500 3879 122 54 The
652 3878 313 70 Abingdon
996 3898 159 50 press
1191 3884 171 65 [1934]
