2350 4196
1161 3999 62 47 918

220 377 220 63 Poulet,
473 377 260 55 Charles.

288 452 1856 67 Histoire du Christianisme, par dom Charles Poulet …
217 530 316 67 Antiquité,
616 531 153 66 [fasc,
806 534 47 62 6]
926 533 183 53 Paris,
1143 530 232 55 Gabriel
1409 530 374 65 Beauchesne,
1819 532 149 50 1934.

293 604 945 48 p. 801-954, 1 l. illus., map. 28 ½ cm .
292 661 293 40 Cover-title.

225 713 1983 51 © Apr. 15, 1934; 1c. July 10; A- Foreign 25221; Gabriel Beauchesne &
295 785 74 28 ses
396 773 88 40 fils.

217 872 1257 70 Punch. v . 186, no. 4853, June 20, 1934.
225 945 1981 51 © 1c. Aug. 16, 1934; A ad int. 19285; pubd. June 20; Herbert Heather,
292 1006 210 39 London.

218 1105 305 65 Radiologic
592 1108 356 68 exploration
984 1108 64 52 of
1079 1109 96 52 the
1207 1126 227 33 mucosa
1469 1107 61 51 of
1565 1108 95 51 the
1696 1105 512 69 gastro-intestinal

293 1191 163 61 tract,
489 1184 73 68 by
595 1185 94 52 the
723 1185 132 53 Cole
889 1183 424 54 collaborators:
1348 1183 183 52 Lewis
1565 1181 257 69 Gregory
1858 1182 149 66 Cole,
2096 1224 8 9 M.
2178 1223 29 27 D.,

294 1262 214 53 Robert
533 1262 65 50 E.
627 1262 221 66 Pound,
929 1305 8 9 M.
1004 1303 28 25 D.,
1057 1261 256 52 William
1339 1259 256 68 Gregory
1623 1260 151 67 Cole,
1857 1301 8 9 M.
1931 1302 27 24 D.,
1985 1259 222 52 Russell

297 1340 65 50 R.
400 1340 204 67 Morse,
699 1383 8 9 M.
782 1381 28 27 D.,
849 1340 319 67 Courtenay
1206 1339 46 51 I.
1292 1338 322 68 Headland,
1707 1380 8 9 M.
1792 1381 8 8 D.
1848 1338 146 67 [and]
2038 1337 171 53 Ames

294 1415 1915 69 William Naslund, M. D. … Saint Paul and Minneapolis, The
295 1496 182 51 Bruce
507 1495 331 68 publishing
866 1513 291 51 company,
1186 1497 148 49 1934.

295 1566 133 49 xviii,
458 1566 146 41 3-336
628 1578 42 37 p.
698 1566 109 42 incl.
836 1568 169 47 plates,
1037 1566 150 49 diagr.
1244 1567 155 47 plates
1429 1567 47 46 (1
1506 1566 99 49 col.,
1635 1568 25 38 1
1689 1567 142 46 fold.)
1870 1568 24 38 2
1923 1572 120 43 port.
2074 1566 131 48 (incl.

224 1623 175 48 front.)
471 1623 57 40 27½
559 1626 43 21 cm
607 1655 8 8 .

299 1681 101 38 “An
427 1682 217 39 abstract
668 1682 50 38 of
742 1682 83 39 the
847 1680 252 48 following
1121 1682 114 38 data
1261 1690 101 29 was
1388 1682 255 46 presented
1668 1692 52 28 as
1748 1693 63 28 an
1838 1680 223 49 assigned
225 1692 1964 85 communication
547 1739 59 45 by
630 1738 154 39 Lewis
813 1737 212 47 Gregory
1051 1738 111 40 Cole
1185 1740 52 37 at
1260 1738 80 39 the
1367 1738 132 39 third
1524 1739 357 39 International
1908 1749 222 36 congress
2156 1741 51 38 of

225 1794 291 48 radiology.”

297 1851 346 41 “References”:
702 1863 43 36 p.
773 1851 216 41 325-327.

226 1909 50 51 ©
309 1915 112 36 May
451 1915 67 43 11,
549 1912 113 39 1934;
721 1913 65 38 2c.
818 1912 113 46 May
960 1911 80 45 31;
1076 1910 80 39 aff.
1188 1911 123 38 June
1343 1912 25 38 7;
1430 1911 38 37 A
1500 1910 167 45 71991;
1702 1911 155 40 Bruce
1889 1911 106 47 pub.
2029 1922 65 30 co.

307 1969 278 48 (34-2059)

221 2072 325 64 Rathbone,
579 2073 269 53 Edward.

290 2149 122 52 The
439 2149 157 52 brass
624 2149 263 67 knocker,
916 2149 74 66 by
1022 2149 251 51 Edward
1304 2149 313 52 Rathbone.
1742 2167 80 33 New
1853 2149 178 67 York,
221 2151 1963 142 London,
385 2229 70 51 D.
492 2226 577 68 Appleton-Century
1106 2245 293 48 company,
1434 2227 416 66 incorporated,
1887 2230 148 48 1934.

293 2312 41 34 v,
364 2301 82 39 352
475 2311 42 36 p.
571 2301 56 38 20
630 2302 44 20 cm
681 2332 6 7 .

227 2353 50 51 ©
304 2358 116 38 July
442 2357 68 41 20,
537 2356 113 39 1934;
704 2356 64 39 2c.
798 2357 95 38 and
919 2355 79 39 aff.
1028 2356 115 39 July
1168 2356 53 39 23;
1279 2355 40 38 A
1347 2355 140 40 73582;
1545 2357 56 38 D.
1628 2356 474 47 Appleton-Century
2128 2365 66 31 co.,

296 2395 108 58 incf
457 2413 277 48 (34-20507)

219 2504 199 64 Ravel,
449 2504 240 55 Robert.

298 2580 212 52 Doctor
545 2578 122 52 Bob
709 2578 107 68 [by]
857 2579 211 53 Robert
1103 2579 192 51 Ravel.
1424 2597 79 33 New
1543 2578 174 68 York,
1753 2578 119 52 The
1909 2578 297 69 Macaulay

228 2675 275 49 company
539 2691 12 33 [
556 2664 18 20 c
579 2659 150 64 1934]

294 2728 87 40 316
412 2738 43 38 p.
515 2728 54 39 19½
602 2729 44 22 cm
651 2759 8 9 .

228 2784 1636 52 © Apr. 4, 1934; 2c. and aff. Apr. 12; A 72024; Macaulay co.
306 2844 277 48 (34-19051)

225 2932 239 66 [Rivett,
497 2932 181 54 Edith
711 2931 285 69 Caroline]
1033 2937 169 49 1894-

291 3010 1853 70 Murder in St. John’s wood, by E. C. R. Lorac [pseud.] …
283 3106 79 34 New
393 3088 177 66 York,
597 3090 121 53 The
745 3090 302 66 Macaulay
1077 3107 276 50 company
1388 3095 189 63 [c1934]

296 3162 550 47 4 p. l., 243 p. 19½ cm .
228 3215 50 51 ©
304 3220 114 46 July
441 3219 67 39 19.
534 3219 113 39 1934;
701 3219 65 39 2c.
794 3220 94 38 and
915 3219 79 39 aff.
1023 3220 114 46 July
1163 3220 50 37 21;
1272 3221 41 37 A
1340 3221 166 46 73570;
1536 3222 258 46 Macaulay
1820 3232 65 29 co.

304 3276 277 47 (34-20572)

224 3365 234 65 Robins,
493 3368 268 51 Edmund
793 3367 173 56 John.

301 3441 200 53 Forms
540 3442 110 51 and
691 3441 330 68 fragments,
1059 3443 34 50 by
1172 3443 118 52 Ted
1328 3443 230 54 Robins.
1637 3444 339 66 Claremont,
2017 3441 191 69 Calif.,

233 3518 284 53 Saunders
546 3519 188 54 studio
763 3537 171 49 press,
964 3523 148 48 1934.

298 3590 640 49 4 p. l., 3-71, [1] p. 23 cm .
300 3646 1905 53 “This edition … is limited to two hundred and eighty numbered copies
230 3704 94 39 and
358 3714 26 28 a
416 3704 98 39 few
545 3704 269 39 additional
849 3705 158 47 copies
1039 3704 78 39 for
1148 3706 79 38 the
1259 3716 205 38 purpose
1496 3708 52 38 of
1579 3708 176 39 review
1787 3710 93 38 and
1911 3708 293 47 copyright.”

228 3760 116 40 This
373 3771 118 36 copy
520 3760 41 40 is
589 3763 84 37 not
699 3761 273 41 numbered.

299 3818 183 38 Poems.

229 3873 50 51 ©
313 3878 126 39 June
470 3878 38 46 9,
541 3878 114 39 1934;
714 3878 66 39 2c.
816 3877 93 39 and
943 3877 80 41 aff.
1059 3878 114 46 July
1205 3879 25 37 2;
1293 3879 41 37 A
1367 3878 139 41 74083;
1572 3881 51 38 E.
1658 3881 40 38 J.
1735 3880 193 47 Robins,
1967 3881 96 40 San
297 3880 1892 89 Bernardino.
542 3934 141 35 Calif.
778 3933 201 36 (34-20546)
