2350 4196
1045 4011 131 52 1429

143 371 381 62 [Richardson,
561 369 334 65 Henrietta]

187 448 119 52 The
354 447 106 51 end
510 447 62 50 of
622 467 25 31 a
701 446 305 52 childhood
1061 444 108 66 [by]
1222 444 202 64 Henry
1472 443 231 51 Handel
1753 442 358 52 Richardson

140 526 192 66 [pseud.]
433 526 136 51 New
611 525 179 61 York,
827 526 89 52 W.
955 524 88 52 W.
1090 524 211 51 Norton
1344 524 42 49 &
1428 539 295 48 company,
1762 520 104 50 inc.
1955 522 150 62 [c1934]

187 599 64 38 vii
279 610 55 36 p.,
363 599 18 37 1
451 630 6 9 l..
486 598 172 40 11-312
687 609 42 36 p.
787 596 53 39 19½
873 599 44 20 cm

189 656 159 38 “First
381 654 223 40 edition.”

120 707 1991 53 © Oct. 30, 1034; 2c. and aff. Nov. 1; A 76864; W. W. Norton & co., inc.
197 768 278 49 (34-35880)

120 872 258 64 Richter,
415 874 180 62 Hans,
630 874 169 51 1889-

117 946 1964 148 Die schule auf Woog; roman einer jugend, von Hans Richter. Berlin. Ullstein [ c 1934]
190 1096 1385 54 244, [1] p., 1 l. 17 cm . (On cover: Ullstein bücher)
122 1157 49 51 ©
201 1161 125 38 June
350 1161 68 39 21,
449 1159 138 40 1934:
619 1161 65 39 1c.
716 1159 126 46 Sept.
870 1157 80 40 20:
982 1155 309 45 A-Foreign
1319 1154 136 40 25721
1481 1166 6 29 :
1521 1155 209 39 Ullstein
1758 1168 40 26 a.
1829 1166 41 35 g.

200 1216 278 48 (34-35514)

122 1317 305 67 Rinehart,
458 1321 137 51 Mrs.
628 1321 171 59 Mary
830 1317 314 63 (Roberts)
1183 1317 170 53 1876-

186 1399 110 51 Mr.
332 1397 194 54 Cohen
561 1397 157 52 takes
753 1418 30 34 a
819 1395 167 67 walk,
1018 1394 74 67 by
1127 1395 168 65 Mary
1332 1393 242 53 Roberts
1610 1393 309 64 Rinehart;
117 1392 1975 138 illustrated

334 1477 74 67 by
440 1476 213 52 Robert
682 1475 182 53 Ward
893 1474 277 54 Johnson.
1245 1472 138 52 New
1417 1471 180 56 York,
1627 1473 216 51 Farrar
1874 1475 41 48 &
117 1471 1974 151 Rinehart,
291 1554 401 68 incorporated
729 1586 13 34 [
747 1560 18 21 c
770 1555 136 51 1934
909 1585 13 35 ]

191 1631 27 37 4
242 1638 42 36 p.
347 1660 6 9 l..
382 1628 115 39 3-57
523 1637 41 36 p.
626 1628 170 46 plates.
858 1625 144 42 19½cm.

125 1681 1990 54 © Oct. 29, 1934; 2c. Oct. 31: aff. Oct. 30; A 76816: M. 11. Rinehart.
190 1740 335 65 Washington.
597 1741 279 47 (34-35702)

123 1845 313 55 Robinson.
470 1845 200 64 Edgar
704 1846 259 62 Eugene,
998 1843 171 54 1887-

124 1921 1990 145 The presidential vote, 1896-1932, by Edgar Eugene Robinson … Stanford University, Calif., Stanford university press;
122 2080 258 56 London,
412 2081 77 52 H.
524 2078 265 53 Milford,
823 2077 224 55 Oxford
1085 2077 317 66 university
1435 2095 155 48 press
1631 2111 10 32 [
1646 2084 20 20 c
1671 2080 150 63 1934]

193 2156 62 45 ix,
285 2153 84 40 403
399 2165 40 35 p.
498 2153 126 39 illus.
656 2150 185 49 (maps)
906 2150 56 39 26
965 2153 43 20 cm
1016 2184 6 6 .

194 2211 231 40 ‘‘General
458 2212 111 37 note
599 2220 59 27 on
688 2207 222 41 sources”
932 2219 7 27 :
971 2219 41 36 p.
1042 2206 216 41 379-399.

125 2264 50 52 ©
208 2270 125 46 Sept.
364 2268 65 40 12,
459 2266 139 39 1934:
628 2266 66 39 2c.
726 2265 125 47 Sept.
881 2265 81 39 21:
993 2264 81 39 aff.
1106 2264 125 47 Sept.
1260 2264 81 40 22:
1370 2265 44 38 A
1440 2264 168 40 75468:
1639 2265 162 39 Board
1831 2265 52 39 of
1910 2267 210 38 trustees

194 2326 50 39 of
271 2327 81 38 the
380 2325 182 38 Behind
594 2323 233 40 Stanford
856 2322 164 46 junior
1046 2321 142 40 univ..
1223 2321 235 40 Stanford
1487 2321 295 46 University.
1814 2321 144 41 Calif.

203 2382 280 48 (34-35830)

121 2484 301 65 Remains,
452 2484 182 65 Jules,
667 2488 171 48 1885-

254 2560 1861 66 … Les homines de bonne volonté. VIII. Province. [Paris]
123 2640 391 52 Flammarion
552 2641 191 65 [c1934]

194 2709 734 53 3 p. l. , [5]-318 p., 2 l. 19 cm .
127 2767 1937 51 © Nov. l. 1934: 1c. Nov. 14; A-Foreign 26157: Ernest Flammarion.
127 2917 202 64 Rosso,
357 2916 279 63 Vittorio,
668 2918 169 50 1898-
1050 2915 329 67 defendant.

193 2993 121 52 The
356 2993 179 52 Rosso
577 3010 140 49 case,
760 2991 73 67 by
876 2991 295 53 Abraham
1215 2992 253 68 Kaplan,
1516 2991 229 55 Samuel
1792 2992 67 52 A.
1908 2993 214 65 Berger

123 3072 112 52 and
286 3070 221 68 George
555 3070 48 51 I.
655 3068 191 55 Gross.
935 3070 137 51 New
1125 3069 179 67 York,
1359 3069 232 55 Central
1644 3070 146 53 book
1843 3086 278 52 company

128 3180 12 34 [
145 3154 18 22 c
169 3151 151 64 1934]

192 3219 1291 50 2 p. l. , 7-346 p. plates, ports., facsims. 22½ cm .
197 3278 100 41 The
324 3278 150 39 Rosso
501 3276 85 40 fire
612 3277 128 50 trial,
768 3278 47 38 in
843 3278 82 39 the
949 3288 110 29 case
1085 3278 50 39 of
1163 3277 163 40 Victor
1351 3278 153 39 Rosso
1531 3280 93 37 and
1653 3277 116 39 Mrs,
1797 3277 158 39 Laura
1985 3277 52 40 A.
2065 3276 59 41 H.

130 3333 148 41 Rosso
310 3335 209 39 indicted
552 3334 77 40 for
659 3333 220 48 devising
909 3345 22 29 a
968 3335 187 40 scheme
1188 3336 93 38 and
1317 3334 186 41 artifice
1536 3336 47 38 to
1619 3334 205 41 defraud
1862 3335 79 39 the
1975 3333 149 41 Great

128 3391 250 39 American
417 3391 256 39 insurance
708 3400 233 38 company
979 3392 91 38 and
1111 3392 151 41 Home
1297 3392 256 39 insurance
1592 3401 244 37 company,
1876 3402 100 29 was
2015 3392 109 39 held

128 3444 161 44 before
327 3450 80 38 the
445 3448 51 39 U.
536 3446 43 44 S.
618 3447 205 40 District
860 3451 136 37 court
1033 3448 50 38 of
1120 3449 80 39 the
1238 3450 229 38 southern
1508 3448 192 40 district
1740 3449 51 37 of
1828 3448 115 39 New
1984 3448 141 43 York,

141 3504 142 47 Judge
313 3505 164 46 Henry
509 3504 66 39 W.
607 3503 227 41 Goddard
864 3503 260 49 presiding.
1181 3506 98 40 The
1312 3506 113 40 trial
1457 3506 299 39 commenced
1787 3506 125 39 June
1940 3505 39 43 3,
2013 3504 112 41 1931

129 3562 92 38 and
262 3563 151 38 ended
455 3561 125 39 June
620 3560 68 44 23,
732 3560 123 40 1931.
928 3562 39 38 A
1008 3562 182 40 verdict
1232 3562 50 40 of
1322 3562 153 48 guilty
1521 3573 98 28 was
1663 3564 225 37 returned
1934 3563 192 43 against

132 3614 83 42 Mr.
249 3617 166 42 Rosso,
449 3618 87 39 but
568 3617 114 40 Mrs.
717 3618 151 40 Rosso
902 3629 100 29 was
1035 3619 259 46 acquitted.
1357 3618 70 40 On
1464 3621 123 38 June
1622 3617 68 44 30,
1725 3617 106 40 1931
1873 3621 80 38 the
1988 3621 136 37 court

130 3676 168 41 passed
334 3677 221 37 sentence
589 3674 194 47 against
816 3676 82 39 the
932 3677 217 39 accused.
1212 3676 101 40 The
1348 3686 109 30 case
1492 3686 100 30 was
1628 3677 115 39 then
1778 3676 146 40 taken
1960 3678 49 38 to
2046 3676 80 40 the

132 3728 51 40 U.
211 3729 43 41 S.
280 3730 185 41 Circuit
488 3732 138 39 court
649 3731 52 39 of
724 3732 195 46 appeals
945 3731 156 41 which
1128 3732 211 41 affirmed
1366 3733 80 40 the
1471 3732 270 41 conviction
1768 3732 52 40 of
1843 3732 89 40 Mr.
1960 3734 165 38 Rosso.

198 3785 99 43 The
332 3788 110 39 civil
479 3787 129 46 trial,
644 3788 50 39 in
728 3789 281 39 connection
1044 3790 118 39 with
1198 3789 80 41 the
1314 3791 219 39 contract
1568 3790 52 38 of
1655 3789 257 39 insurance
1949 3801 57 28 on
2044 3790 81 38 the

132 3839 148 44 Rosso
316 3845 77 39 art
428 3843 196 49 objects,
661 3845 255 47 destroyed
953 3845 48 40 in
1041 3846 78 40 the
1157 3846 82 40 tire
1275 3847 52 39 of
1363 3845 205 42 October
1604 3845 69 44 26.
1711 3845 127 41 1930.
1879 3856 99 31 was
2015 3846 110 40 held

133 3897 42 40 in
215 3899 82 41 the
340 3900 229 44 Supreme
606 3904 138 38 court
784 3901 52 41 of
874 3903 81 40 the
997 3905 126 38 state
1166 3904 48 39 of
1254 3903 115 40 New
1412 3903 142 48 York,
1599 3903 87 41 Mr.
1729 3903 186 42 Justice
1959 3902 165 42 Albert
