2350 4296
1117 3999 97 50 881

177 360 252 63 Bernay,
461 359 203 55 Henri.

259 478 54 10 ...
340 434 107 51 Les
471 434 286 53 chasseurs
780 436 68 51 de
868 434 288 68 papillons
1183 477 55 9 ...
1304 432 184 67 Paris,
1511 432 275 53 Larousse
1816 466 12 33 [
1833 438 18 21 c
1856 434 132 48 1933
1994 466 13 33 ]

253 518 86 41 233
367 530 57 37 p.,
455 521 25 39 1
510 521 30 39 1.
600 520 128 40 illus.
786 520 56 41 18½
874 522 44 22 cm
923 552 8 8 .
1003 519 198 48 (Contes
1232 521 47 38 et
1309 529 194 30 romans
1534 529 120 38 pour
1684 522 123 39 tous.
1871 518 149 51 [Série
2051 529 120 37 pour

181 578 48 38 la
258 577 223 47 jeunesse
522 576 203 48 (reliure
756 588 146 37 rouge
934 580 47 37 et
1010 578 76 47 or)
1125 587 73 29 no.
1229 576 97 49 22])

184 647 50 52 ©
270 652 117 40 Nov.
422 652 69 47 15,
528 652 140 47 1933;
765 684 7 8 1c.
811 653 126 39 June
972 652 68 47 21,
1077 651 139 46 1934;
1256 651 101 38 A-
1360 650 206 48 Foreign
1603 650 170 47 24941;
1814 649 146 49 Augé,
2000 651 174 46 Gillon,

250 709 462 47 Hellier-Larousse,
743 710 198 39 Moreau
972 709 37 39 &
1036 708 84 40 cie.
1187 708 263 48 (Librairie
1480 708 266 48 Larousse)
260 765 279 49 (34-20555)

176 884 228 65 Brown,
434 886 273 53 Beatrice
737 885 219 55 Curtis.

248 961 120 52 The
409 961 273 54 Sancroft
720 961 191 53 sisters;
982 982 31 32 a
1054 964 164 49 novel
1258 961 63 52 of
1360 962 96 51 the
1494 960 563 67 nineteen-twenties,
2097 962 75 65 by

177 1038 261 53 Beatrice
474 1039 194 55 Curtis
705 1041 229 51 Brown.
1002 1038 257 67 London,
1295 1039 69 53 V.
1400 1038 292 66 Gollancz,
1726 1037 123 67 ltd.,
1884 1041 151 49 1934.

245 1111 86 40 288
362 1122 43 39 p.
467 1112 55 41 19
525 1114 44 21 cm
573 1144 10 9 .

182 1180 1990 52 © 1c. June 27, 1934; A ad int. .19110; pubd Apr. 30; B . C. Brown,
247 1241 209 40 London.
530 1241 278 48 (34-20398)

175 1359 297 65 Bunyard,
505 1360 254 53 Edward
790 1359 318 55 Ashdown.

246 1435 119 52 The
397 1439 269 51 anatomy
697 1435 64 53 of
792 1436 230 67 dessert,
1054 1435 139 52 with
1221 1434 57 53 A
1309 1434 113 53 few
1454 1439 161 49 notes
1647 1454 72 34 on
1751 1434 163 71 wine,
1946 1436 74 68 by
176 1436 1972 130 Edward
359 1513 70 52 A.

460 1513 307 68 Bunyard;
798 1514 140 52 with
967 1533 31 33 a
1026 1512 210 69 special
1262 1512 232 69 preface
1520 1513 73 69 by
1623 1513 97 53 the
1748 1514 222 52 author.
2035 1514 138 53 New

177 1590 177 69 York,
384 1592 65 52 E.
478 1592 65 51 P.
571 1591 225 53 Dutton
822 1594 46 50 &
895 1610 97 49 сo.,
1020 1591 125 68 inc.,
1175 1594 152 53 1934.

244 1670 63 47 ix,
342 1671 70 50 [1],
437 1670 159 49 3-215,
629 1672 54 49 [1]
712 1680 44 38 p.
819 1670 55 41 19½
908 1673 43 22 cm
956 1703 8 9 .

180 1739 50 52 ©
260 1744 127 39 June
411 1744 69 47 25,
506 1744 140 46 1934;
676 1745 66 40 2c.
770 1743 96 40 and
893 1743 80 40 aff.
1003 1744 124 39 June
1154 1744 53 39 26;
1265 1744 40 38 A
1331 1743 170 47 74050;
1533 1745 53 39 E.
1614 1745 50 39 P.
1694 1745 186 39 Dutton
1909 1745 35 39 &
1971 1755 81 37 сo.,
2082 1745 90 40 inc.

257 1800 279 49 (34-19511)

173 1919 238 66 Carton,
442 1920 272 66 Jacques,
751 1923 170 50 1903-

250 2043 55 9 ...
344 2000 79 50 Le
453 1999 171 53 chêne
655 2018 186 48 creux,
872 2017 212 34 roman.
1160 1999 183 68 Paris,
1374 2001 70 53 A.
1478 2000 211 52 Michel
1727 2004 170 63 [1934]

250 2077 792 49 5 p. l., [13]-253 p., 1 l. 18½ cm .
180 2146 50 52 ©
258 2151 114 47 Apr.
398 2150 68 48 16,
495 2150 390 41 1934;1c.June
912 2151 53 38 21;
1024 2150 309 48 A-Foreign
1359 2150 144 40 24967;
1562 2151 144 40 Albin
1736 2152 190 39 Michel.
257 2208 278 48 (34-20200)

175 2325 260 66 Charles,
465 2325 170 57 Enid.

245 2403 121 53 The
403 2403 255 68 twilight
695 2403 62 53 of
796 2403 384 68 parenthood;
1222 2423 31 33 a
1290 2403 305 69 biological
1634 2404 174 68 study
1846 2404 62 52 of
1946 2404 95 52 the
178 2404 1969 130 decline
370 2481 62 53 of
479 2483 340 67 population

865 2482 242 68 growth,
1156 2483 74 67 by
1276 2483 157 51 Enid
1483 2482 236 55 Charles
1772 2526 55 9 ...
1915 2483 259 68 London,

172 2559 189 53 Watts
393 2562 46 50 &
470 2579 77 33 сo.
585 2562 172 64 [1934]

245 2632 720 50 vii, 226 p. diagrs. 20 ½cm .
180 2701 1991 58 © 1c. June 14, 1934; A ad int. 19045; pubd. May 10; W. W. Norton & сo.,
247 2762 104 47 inc.,
379 2763 116 39 New
524 2763 144 38 York.
740 2762 280 48 (34-20777)

177 2881 211 67 [Clark,
418 2881 239 54 Briscoe
685 2882 266 53 Baldwin]

242 2958 138 52 New
443 2959 164 52 York
668 2961 110 49 law
840 2960 63 51 of
966 2965 281 46 contracts
1315 3004 55 9 ...
1453 2962 392 68 Supplement,
1911 2968 132 48 1933
2114 3007 55 8 ...

180 3036 356 68 [Northport,
577 3038 68 52 N.
688 3038 90 65 Y.,
820 3036 253 53 Edward
1113 3039 330 67 Thompson
1480 3060 297 48 company,
1817 3048 18 21 c
1841 3045 151 63 1934]

249 3111 25 38 2
337 3142 8 7 v.
401 3111 55 40 23cm.

248 3167 295 41 Cover-title.

248 3225 156 39 These
432 3224 274 47 pamphlets
736 3233 83 29 are
852 3225 46 38 to
929 3223 57 39 be
1016 3222 139 41 fitted
1184 3224 101 41 into
1319 3227 83 39 the
1432 3227 196 47 pockets
1661 3230 51 37 at
1745 3229 82 39 the
1859 3229 121 39 back
2009 3230 54 39 of
2095 3229 82 39 the

178 3282 213 39 volumes
418 3281 51 39 of
495 3282 81 38 the
602 3282 73 37 set
703 3282 47 38 to
778 3279 159 40 which
965 3280 113 47 they
1105 3281 183 48 belong.

182 3347 52 52 ©
261 3353 120 38 Mar.
411 3352 68 46 14,
509 3350 114 41 1934;
679 3350 67 40 2c.
776 3351 117 38 each
923 3351 95 38 and
1047 3349 81 42 aff.
1156 3351 118 47 Aug.
1306 3352 24 38 1;
1390 3352 40 39 A
1458 3354 144 40 73687;
1661 3356 210 39 Edward
1902 3356 274 46 Thompson

252 3420 64 29 сo.

178 3526 175 64 Dark,
384 3525 236 64 Sidney,
653 3522 170 54 1874-
1036 3523 85 53 ed.

246 3600 122 53 The
394 3599 227 54 world’s
649 3605 164 64 great
840 3617 267 50 sermons,
1136 3602 238 53 selected
1405 3602 141 54 with
1579 3622 73 35 an
1682 3605 392 53 introduction
2103 3606 77 69 by

181 3676 212 71 Sidney
420 3678 178 53 Dark.
662 3677 259 68 London,
947 3676 72 53 A.
1049 3677 237 70 Barker,
1317 3680 102 53 ltd.
1457 3683 172 66 [1933]

250 3755 87 39 352
363 3766 43 36 p,
464 3754 58 39 22½
552 3755 44 21 cm
601 3784 6 7 .

249 3812 224 39 Includes
501 3810 127 39 brief
656 3810 338 46 introductory
1021 3810 138 39 notes
1189 3821 59 28 on
1279 3812 117 38 each
1425 3814 248 45 preacher.

184 3878 1997 58 © 1c. May 16, 1934; A ad int. 19040; pubd. Mar. 19; Arthur Barker,
251 3940 210 39 London.
532 3936 280 50 (34-20732)
