2350 4196
1135 3998 130 51 1070

212 451 475 69 Supplementing
721 453 541 68 Descriptive-word
1294 452 171 52 index
1497 451 94 52 for
1620 450 210 55 Pacific
1863 452 184 66 digest
209 469 1969 129 covering

414 531 249 54 volumes
710 535 168 47 1-300
923 529 208 55 Pacific
1176 534 270 63 reporter.
1525 528 81 54 St.
1654 531 163 57 Paul,
1860 532 159 50 West
210 531 1967 145 publishing
452 628 95 46 co.,
579 612 148 49 1934.

288 682 67 46 iii,
384 681 142 40 5-126
554 693 41 35 p.
658 681 57 39 24
717 684 43 20 cm
765 713 7 6 .

218 734 51 52 ©
301 739 114 39 July
445 737 69 41 19.
545 737 140 42 1934:
718 738 66 40 2c.
817 740 93 38 and
943 749 23 28 aff
974 738 48 38 .
1058 738 125 46 Sept.
1216 737 79 38 10:
1330 738 38 36 A
1401 736 168 40 75214:
1603 737 138 38 West
1769 736 106 47 pub.
1909 746 67 29 co.

213 841 248 64 Peattie,
492 845 137 51 Mrs.
663 841 211 53 Louise
907 841 317 64 (Redfield)

347 916 1856 67 … Wife to Caliban. New York, Minton, Balch & company
219 1029 12 33 [
238 1002 17 21 c
260 998 134 50 1934
398 1029 12 33 ]

285 1067 86 40 256
403 1079 42 37 p.
507 1067 56 41 19½
594 1069 44 22 cm
642 1100 9 8 .

219 1123 1983 52 © Aug. 10, 1834: 2c. Aug. 13: aff. Aug. 11: A 74506: L. R. Peattie,
288 1183 117 38 Glen
436 1182 142 41 View.
632 1183 47 38 Ill.
754 1180 277 50 (34-23091)

214 1282 215 65 Pitkin,
460 1284 223 54 Walter
714 1284 334 63 Boughton,
1083 1285 156 53 1878-

287 1362 117 52 The
455 1362 205 52 chance
709 1361 61 53 of
821 1380 28 34 a
899 1361 274 62 lifetime;
1223 1360 296 67 marching
1569 1360 192 52 orders
1811 1359 93 53 for
1952 1360 93 51 the
2097 1362 107 49 lost

215 1440 347 67 generation,
611 1439 75 68 by
736 1440 220 52 Walter
1006 1440 67 50 B.
1124 1439 215 52 Pitkin.
1424 1438 139 52 New
1615 1438 178 65 York,
1844 1437 195 55 Simon
2092 1437 107 53 and

214 1517 267 53 Schuster
532 1550 12 33 [
549 1523 18 20 c
571 1520 135 49 1934
711 1549 12 34 ]

285 1602 43 30 x,
359 1588 172 41 11-282
562 1600 41 37 p.
665 1588 52 40 21
724 1591 43 21 cm
771 1621 7 7 .

218 1645 50 50 ©
297 1649 117 42 Aug.
446 1647 64 40 10.
539 1646 139 41 1934:
710 1647 64 39 2c.
805 1647 117 44 Aug.
951 1646 80 39 16:
1064 1646 79 39 aff.
1173 1647 115 46 Aug.
1318 1647 80 39 15:
1430 1648 39 36 A
1499 1647 167 39 74544:
1698 1648 69 38 W.
1797 1648 51 37 B.
1880 1645 179 49 Pitkin,
2088 1648 116 39 New

286 1705 141 38 York.
501 1703 276 47 (34-24811)

214 1790 199 66 Raine,
444 1790 249 55 William
725 1792 307 64 MacLeod,
1066 1795 166 50 1871-

282 1870 121 51 The
440 1869 135 51 trail
613 1868 63 52 of
713 1870 232 66 danger,
983 1869 74 67 by
1096 1868 257 53 William
1391 1869 287 51 MacLeod
1717 1867 197 53 Paine.
1989 1870 213 51 Boston

213 1949 112 51 and
365 1948 137 51 New
545 1946 176 67 York,
761 1946 319 68 Houghton
1120 1945 201 53 Mifflin
1363 1964 295 49 company,
1701 1949 149 49 1934.

283 2021 99 47 viii,
415 2020 86 40 284
533 2031 42 37 p.
635 2018 57 41 19½
722 2022 43 21 cm
771 2052 8 8 .

219 2074 50 51 ©
307 2079 119 47 Aug.
465 2079 67 46 14,
571 2077 139 41 1934:
751 2077 64 40 2c.
855 2078 116 45 Aug.
1009 2076 82 41 24:
1133 2076 78 40 aff.
1253 2077 117 45 Aug.
1409 2076 80 42 22;
1533 2078 38 37 A
1611 2076 167 40 75024:
1822 2078 69 38 W.
1934 2078 60 39 M.
2035 2076 168 48 Raine,

285 2137 201 36 Denver.
560 2133 276 49 (34-24629)

211 2222 265 64 Schofer,
509 2225 205 61 Henry
745 2224 232 63 Morris,
1016 2227 167 48 1869-
1397 2241 176 48 comp.

289 2300 189 52 Johan
513 2299 189 66 Georg
734 2298 238 55 Schofer
1004 2298 200 69 family
1239 2300 247 66 history;
1523 2300 331 65 containing
1886 2297 220 54 records
2142 2296 62 54 of

220 2377 354 54 antecedents
598 2379 59 51 in
684 2378 246 66 Europe,
956 2395 70 36 an
1054 2383 233 46 account
1310 2377 62 52 of
1397 2378 94 52 the
1516 2378 310 66 migration
1853 2376 62 51 of
1939 2376 94 52 the
218 2375 1961 148 family

331 2459 57 47 to
418 2455 261 51 America
710 2454 59 51 in
801 2455 257 66 eighteen
1090 2455 258 52 hundred
1382 2455 111 51 and
1526 2456 340 67 thirty-two,
218 2454 1961 131 biographical

352 2532 250 54 sketches
629 2532 64 54 of
714 2533 271 52 members
1013 2532 61 51 of
1095 2534 94 52 the
1214 2533 203 68 family
1444 2533 59 51 in
1528 2532 113 54 this
1667 2539 252 61 country,
1946 2532 256 67 together

219 2610 137 53 with
386 2610 129 52 data
548 2610 62 52 of
637 2610 213 53 related
877 2628 245 49 persons,
1151 2610 183 69 places
1364 2611 111 53 and
1502 2616 218 60 events;
1751 2609 258 53 material
220 2609 1958 129 gathered

388 2688 109 51 and
537 2687 276 67 arranged
852 2689 73 67 by
963 2687 200 58 Henry
1200 2688 210 53 Morris
1450 2688 254 53 Schofer.
1786 2687 253 69 [Aristes,
2079 2687 119 67 Pa.]

223 2768 146 48 1934.

289 2835 25 39 2
337 2847 42 37 p.
439 2868 7 15 l.,
469 2837 156 39 9-167.
652 2837 69 48 [1],
745 2837 69 38 xii
836 2847 42 37 p.
927 2837 163 47 front.,
1115 2838 125 39 illus.
1271 2839 130 47 (incl.
1425 2843 162 44 ports.,
1610 2840 241 47 facsims.)
1881 2840 116 40 fold,
2023 2838 180 49 geneal.

218 2895 109 41 tab.,
357 2893 151 48 diagr.
566 2894 53 39 27½
653 2896 43 20 cm
702 2926 7 8 .

290 2951 69 40 On
389 2962 139 29 cover
547 2963 7 27 :
587 2951 282 40 Centennial
900 2949 195 48 edition,
1126 2951 272 41 1832-1932.

218 3007 1965 99 “The former edition of this history … was published in 1897.”—Foreword.
219 3122 50 50 ©
305 3127 117 46 Aug.
458 3125 68 39 22.
563 3125 137 39 1934:
739 3124 65 39 2c.
841 3125 118 43 Aug.
997 3124 79 39 23:
1116 3124 78 39 aff.
1233 3126 117 45 Aug.
1387 3126 80 39 24:
1507 3127 37 37 A
1584 3125 166 41 73996:
1789 3127 58 37 H.
1887 3128 58 37 M.
1988 3125 212 40 Schofer.

288 3183 200 45 Aristes,
527 3183 80 37 Pa.
682 3179 277 48 (34-24855)

211 3271 211 64 Shoop,
456 3272 244 54 Charles
734 3271 296 63 Franklin,
1065 3272 167 52 1878-

282 3349 351 51 Mechanical
695 3347 365 69 engineering
1122 3349 271 66 practice;
1441 3370 30 32 a
1533 3351 326 64 laboratory
1918 3348 285 53 reference

214 3424 1987 71 text … by Charles F. Shoop … and George L. Tuve … 2d ed.
215 3504 135 52 New
400 3504 161 51 York
609 3504 110 51 and
767 3503 255 56 London,
1071 3503 425 54 McGraw-Hill
1542 3505 147 52 book
1736 3522 294 49 company,
2078 3505 125 66 inc.,

217 3584 149 49 1934.

285 3654 82 42 xii,
394 3656 85 38 477
508 3665 40 36 p.
579 3653 108 40 incl.
717 3654 141 46 illus.,
891 3654 165 48 tables,
1088 3654 189 47 diagrs.,
1307 3656 167 39 forms.
1534 3656 55 40 23½
1622 3659 44 20 cm
1672 3687 7 8 .

286 3712 223 39 Includes
543 3710 285 40 references.

288 3767 297 46 “Originally
637 3765 250 48 published
943 3767 149 38 under
1144 3767 77 39 the
1272 3768 106 39 title
1429 3769 51 39 of
1532 3769 310 40 ‘Mechanical
1894 3767 304 49 engineering

216 3825 276 44 laboratory
526 3822 266 47 practice’.”

220 3877 50 50 ©
299 3882 118 45 Aug.
445 3881 67 39 14.
542 3879 138 40 1934:
711 3879 66 39 2c.
806 3880 117 43 Aug.
952 3879 80 38 18:
1064 3879 78 38 aff.
1173 3880 115 47 Aug.
1319 3882 80 45 17;
1431 3881 39 38 A
1502 3881 166 41 73929:
1703 3880 348 42 McGraw-Hill
2081 3881 120 39 book

291 3949 78 27 co..
397 3937 87 38 inc.
557 3935 278 47 (34-24502)
