2350 4196
1076 4054 132 48 1153

240 471 169 40 Thesis
452 472 105 47 (PH.
620 471 359 48 D.)—Columbia
1011 469 283 47 university,
1326 468 127 43 1934.

240 526 127 42 Vita.

240 582 307 42 “Literature
578 584 183 41 cited”:
793 594 44 38 p.
883 583 56 42 [33]

171 639 50 51 ©
257 644 113 46 May
402 642 68 48 23,
505 641 139 48 1934;
679 641 66 42 2c.
781 644 95 38 and
910 642 81 40 aff.
1025 643 112 46 May
1171 641 81 47 28;
1288 641 41 39 A
1363 641 170 48 71814;
1570 641 55 41 R.
1661 641 41 40 J.
1739 641 273 49 Kamenoff,
2047 643 118 40 New

236 700 144 38 York.
451 699 255 48 (34-29877
718 700 13 47 )

163 800 253 67 Kander,
455 801 191 53 Lizzie
678 801 241 65 (Black)
999 802 137 52 “Mrs.
1175 800 200 54 Simon
1413 800 296 64 Kander,”
1751 804 169 51 1858-

230 898 177 50 comp.

237 959 119 52 The
386 959 336 55 Settlement
748 959 140 53 cook
912 959 162 67 book,
1101 956 279 68 compiled
1407 957 77 67 by
1509 958 140 53 Mrs.
1682 956 198 56 Simon
1908 959 253 52 Kander.

166 1038 204 52 Tested
409 1037 213 67 recipes
663 1040 153 51 from
853 1038 96 51 the
987 1036 335 55 Settlement
1360 1035 243 68 cooking
1639 1037 219 66 classes,
1895 1037 96 52 the
167 1036 1970 132 Milwaukee

426 1115 192 67 public
653 1116 190 52 school
874 1116 274 64 kitchens,
1180 1114 96 52 the
1311 1114 207 55 School
1551 1114 65 53 of
1648 1114 189 53 trades
1875 1113 95 54 for
2003 1115 159 68 girls,

167 1195 111 51 and
328 1193 367 67 experienced
744 1192 361 54 housewives.
1179 1193 134 51 20th
1363 1192 266 54 ed.—enl.
1680 1194 112 52 and
1841 1210 113 38 rev.
168 1194 1971 144 Milwaukee,

436 1273 121 51 The
586 1272 336 54 Settlement
948 1272 138 52 cook
1109 1270 147 53 book
1280 1289 98 48 co.,
1406 1274 150 50 1934.

238 1344 153 48 xxxii,
419 1344 85 40 624
532 1355 42 37 p.
602 1345 110 40 incl.
741 1344 142 48 illus.,
913 1347 121 45 port.
1094 1342 59 41 19½
1181 1345 44 22 cm
1230 1374 9 9 .

238 1400 315 49 Advertising
581 1403 207 39 matter:
821 1413 42 37 p.
896 1401 216 42 617-624.

169 1456 50 51 ©
283 1471 92 31 June
400 1459 68 47 28,
496 1458 140 48 1934;
667 1462 65 37 2c.
760 1461 95 38 and
883 1459 80 39 aff.
993 1459 82 40 July
1135 1459 25 38 2;
1216 1459 39 38 A
1283 1459 170 47 74451;
1487 1459 290 40 Settlement
1801 1460 118 39 cook
1947 1460 124 39 book
2096 1472 69 30 co.

249 1516 280 49 (34-29847)

158 1618 185 67 Kaye,
374 1621 203 53 James
609 1621 169 63 Ross,
815 1623 171 48 1865-

229 1698 121 53 The
383 1698 270 52 teachers’
687 1698 172 68 guide
892 1703 58 46 to
984 1697 95 53 the
1112 1697 422 53 International
1572 1696 456 69 Sunday-school
160 1699 1979 145 lessons,

334 1777 297 67 improved
660 1776 259 53 uniform
948 1794 192 36 course
1169 1776 94 52 for
1293 1779 150 49 1935.
1516 1779 126 64 [By]
1677 1777 194 55 James
1902 1779 67 51 R.
1999 1779 165 67 Kaye

165 1853 1923 70 ... Chicago, John A. Dickson publishing company [ c 1934]
238 1929 98 42 363.
369 1930 53 48 [4]
453 1940 42 36 p.
553 1929 126 39 illus.
736 1927 59 40 22½
825 1931 43 20 cm
874 1960 7 6 .

168 1971 1998 63 © Sept. 24, 1934; 2c. O ct., 1; aff. Sept. 29; A 75556; John A. Dickson
237 2043 110 48 pub.
377 2053 66 31 co.

164 2144 223 67 [Kelby,
420 2145 245 55 Charles
694 2146 92 66 H.]

233 2221 121 53 The
380 2221 243 52 Federal
649 2226 298 62 corporate
973 2220 458 69 reorganization
1458 2225 91 49 act
1576 2219 64 54 of
1668 2223 153 66 1934,
1848 2221 141 52 with
161 2238 1980 130 commentary

450 2299 112 53 and
591 2297 173 54 index
799 2341 56 10 ...
949 2298 139 53 [New
1118 2297 180 69 York,
1350 2300 153 66 c1934]

232 2370 556 49 2 p. l., 120 p. 31½ cm .
232 2426 72 42 On
332 2438 166 31 cover:
530 2428 244 47 Prepared
802 2427 61 47 by
892 2426 201 42 Charles
1121 2427 60 41 H.
1209 2427 156 48 Kelby
1394 2428 97 40 and
1521 2427 264 41 Frederick
1813 2428 44 42 J.
1888 2428 192 41 Powell.

236 2485 126 40 “The
400 2496 104 29 new
544 2484 389 48 reorganization
969 2484 271 48 provisions
1281 2485 265 40 constitute
1583 2486 95 39 two
1718 2495 106 31 new
1865 2486 209 40 sections
2114 2485 51 40 of

163 2542 81 40 the
272 2541 315 48 Bankruptcy
619 2543 350 39 act—sections
998 2541 101 40 77A
1126 2543 94 39 and
1250 2541 114 41 77B.
1423 2542 133 47 They
1586 2552 126 31 were
1743 2544 202 39 enacted
1976 2542 63 48 by
162 2552 1985 86 section
292 2600 16 36 1
344 2599 51 40 of
423 2600 80 39 the
530 2600 91 40 Act
649 2600 52 38 of
728 2598 125 40 June
880 2600 39 46 7,
948 2596 158 44 1934.”

166 2654 51 50 ©
247 2659 118 47 Aug.
394 2658 68 47 30,
493 2657 140 47 1934;
665 2657 66 41 2c.
762 2659 95 38 and
885 2657 80 39 aff.
1000 2657 125 47 Sept.
1155 2658 51 46 1;
1237 2657 41 39 A
1306 2656 171 49 74749;
1552 2688 7 8 C.
1590 2659 60 39 H.
1679 2659 159 47 Kelby
1867 2661 96 38 and
233 2660 1913 94 Frederick
365 2716 42 39 J.
438 2716 193 45 Powell,
661 2715 117 38 New
806 2715 145 38 York.
1023 2713 277 48 (34-29865)

158 2815 116 54 Das
320 2817 176 65 kluge
546 2818 297 67 alphabet;
891 2817 689 55 konversations-lexikon
1626 2818 60 52 in
1732 2820 142 51 zehn
1920 2819 242 52 bänden.

262 2893 1435 71 1 .-3. bd. ... Berlin, Propyläen-verlag [ c 1934]
234 2971 25 39 3
292 2983 40 27 v.
394 2971 142 45 illus.,
569 2971 157 45 plates
755 2969 134 47 (part
921 2969 100 47 col.,
1055 2972 111 44 part
1196 2969 143 47 fold.)
1382 2971 116 39 fold,
1531 2981 152 37 maps,
1719 2970 178 47 diagrs.
1961 2971 53 38 17
2019 2973 43 20 cm
2070 3003 7 7 .

510 3022 1653 52 CONTENTS. — 1. bd. A-Bildung. — 2. bd. Bildweite-Diplom. — 3. bd.
161 3083 546 48 Diplomatie-Fremde.

162 3136 1997 52 1. bd., © Mar. 1, 1934; 1c. May 1; 2, bd., © May 3; 1c. July 3; 3. bd.,
230 3193 1913 109 © July 5; 1c. Sept. 20; A-Foreign 24525, 25099, 25640; Propyläenverlag, g. m. b. h. (34-16856)
154 3342 235 66 Lenski,
420 3342 157 65 Lois,
611 3344 172 51 1893-

231 3419 268 69 Surprise
545 3420 94 52 for
684 3421 237 66 mother,
966 3420 75 66 by
1085 3420 132 53 Lois
1262 3421 227 53 Lenski.
1566 3422 138 52 New
1753 3420 179 66 York,
160 3421 1971 130 Frederick
337 3499 70 53 A.
440 3498 199 56 Stokes
668 3515 296 50 company,
993 3502 148 50 1934.

232 3568 68 51 90,
332 3569 54 52 [2]
415 3581 42 37 p.
484 3570 109 40 incl.
622 3570 85 40 col.
734 3570 163 47 front.,
924 3571 143 46 illus.,
1094 3571 169 48 plates.
1325 3572 55 39 16
1382 3574 43 21 cm
1432 3605 8 6 .

165 3624 49 51 ©
253 3630 127 47 Sept.
415 3629 69 47 13,
520 3628 115 40 1934;
698 3629 66 40 2c.
801 3630 95 38 and
933 3628 79 40 aff.
1053 3628 125 48 Sept.
1216 3629 82 40 18:
1336 3630 41 38 A
1410 3629 171 46 75348;
1621 3629 112 39 Lois
1771 3628 177 39 Lenski
1986 3627 172 47 Covey.

227 3685 307 48 Torrington,
571 3684 147 41 Conn.
790 3685 278 48 (34-30042)

151 3769 334 70 Liwschitz,
519 3771 270 67 Michael,
827 3776 171 51 1883-

220 3850 112 53 Die
375 3851 372 53 elektrischen
790 3851 342 53 maschinen.
1210 3854 92 52 bd.
1349 3857 46 48 3.
1478 3853 380 66 Berechnung
1900 3851 119 52 und
151 3851 1979 147 bemessung,
458 3947 109 34 von
597 3930 229 63 dr.-ing.
855 3933 80 51 M.
963 3931 304 52 Liwschitz
1302 3975 54 8 ...
1389 3937 167 46 unter
1583 3930 294 53 mitarbeit
1904 3948 111 35 von
2043 3929 109 52 dr.-
