2350 4196
1108 4035 131 54 1715

255 472 83 39 xiv
365 482 30 37 p.,
451 473 23 38 1
539 504 8 15 l.,
576 473 85 39 346
689 484 41 36 p.
792 473 127 39 ilius.
950 470 237 48 (facsim.)
1225 470 169 49 plates,
1424 471 25 38 2
1511 470 87 40 port.
1629 469 132 46 (incl.
1791 466 175 47 front.)
2035 468 53 38 21½
2123 469 43 21 cm
2172 499 8 8 .

255 529 289 39 Illustrated
573 529 362 47 lining-papers.

256 585 128 38 “The
429 585 256 40 selections
731 586 49 38 in
827 585 97 40 this
970 585 119 39 hook
1137 594 122 30 were
1306 582 194 40 written
1546 582 77 39 for
1669 583 80 40 the
1796 581 205 41 Indiana
2049 581 132 47 daily

185 642 197 39 student
424 643 94 38 and
561 643 79 39 the
684 642 204 39 Indiana
930 642 226 38 alumnus
1195 650 54 29 as
1289 650 26 29 a
1359 649 165 30 means
1565 640 51 39 of
1657 639 171 48 saying
1868 638 248 39 whatever
2159 640 21 37 1

187 697 180 40 wished
393 699 48 38 to
467 708 86 36 say
581 700 46 37 to
654 700 235 38 members
915 699 50 39 of.
992 699 78 39 the
1097 695 268 49 university
1391 697 48 38 in
1468 696 246 40 residence
1738 707 53 29 or
1817 693 365 43 elsewhere.’’—

184 754 259 46 Prefatory
474 756 125 38 note.

184 807 50 51 ©
260 812 110 38 Dec.
398 812 66 38 15.
492 811 112 40 1934:
659 813 64 39 2c.
750 814 108 37 Dec.
887 812 53 40 18;
997 811 79 40 aff.
1106 812 107 38 Dec.
1242 812 50 38 17:
1351 811 38 38 A
1416 810 140 40 78591:
1614 811 67 38 W.

1710 811 48 38 L.
1787 812 177 44 Bryan,
250 811 1911 104 Bloomington,
527 900 6 6 Ill.
607 867 280 49 (34-42820)

182 971 365 66 Burroughs,
578 974 208 53 Prince
817 974 305 63 Emanuel,
1156 975 170 52 1871-

249 1050 120 52 The
400 1069 169 49 grace
596 1051 65 53 of
692 1052 205 67 giving
929 1052 108 67 [by]
1075 1053 64 50 P.
1175 1052 66 51 E.
1274 1051 357 66 Burroughs,
1663 1070 46 32 d.
1745 1070 45 32 d.
1867 1049 315 66 Nashville,

175 1128 2008 147 Tenn., The Sunday school board of the Southern Baptist convention [ c 1934]
249 1279 84 40 125
365 1290 43 37 p.
470 1279 55 40 19
529 1282 14 21 cm
576 1312 8 8 .

183 1332 51 52 ©
271 1337 100 39 Oct.
407 1336 68 45 22,
512 1336 139 42 1934;
687 1338 64 39 2c.
789 1339 94 38 and
919 1337 79 40 aff.
1036 1338 116 38 Nov.
1189 1338 80 43 14;
1310 1337 40 39 A
1387 1336 168 41 77224;
1597 1337 196 46 Sunday
1830 1337 161 39 school
2030 1336 145 39 board

249 1393 50 40 of
329 1394 81 40 the
444 1395 240 39 Southern
716 1394 193 48 Baptist
941 1394 298 40 convention.
1311 1393 280 48 (34-42604)

179 1497 226 65 Calder,
434 1497 192 53 Isabel
654 1499 345 53 MacBeath.

248 1573 1869 69 The New Haven colony, by Isabel MacBeath Calder …
177 1650 138 54 New
350 1651 224 68 Haven,
609 1652 144 54 Yale
788 1653 317 66 university
1140 1672 183 48 press;
1357 1653 259 64 London,
1651 1652 77 52 H.
1762 1652 266 64 Milford,
177 1651 1976 131 Oxford
342 1730 319 65 university
694 1749 174 48 press,
902 1734 152 50 1934.

247 1802 50 39 vi
323 1814 59 37 p.,
412 1801 27 40 2
505 1833 9 16 l.,
546 1802 85 41 301
661 1814 43 37 p.
763 1804 149 39 front,
942 1803 171 48 (port.)
1179 1802 117 41 fold.
1329 1813 124 38 map.
1513 1801 55 39 22½
1603 1804 41 21 cm
1651 1833 7 8 .
1753 1801 275 47 (Half-title:
2061 1802 114 40 Yale

175 1857 255 42 historical
461 1858 339 49 publications.
861 1859 284 48 Miscellany
1349 1860 12 46 XXVIII)

249 1914 290 42 “Published
578 1918 153 38 under
771 1917 82 40 the
889 1916 238 40 direction
1166 1916 49 40 of
1254 1917 80 39 the
1375 1916 320 48 Department
1734 1914 50 41 of
1823 1916 186 45 history
2051 1915 123 39 from

176 1972 82 41 the
288 1973 185 41 income
501 1973 51 40 of
580 1974 82 39 the
691 1973 261 40 Frederick
983 1972 127 40 John
1142 1972 277 49 Kingsbury
1449 1972 253 41 memorial
1731 1971 165 41 fund.”

248 2028 444 50 “Bibliographical
723 2029 139 41 note”:
928 2040 41 36 p.
1019 2028 233 40 ]264]-273.

182 2082 51 52 ©
261 2089 109 39 Dec.
400 2089 40 45 4,
469 2087 114 40 1934:
638 2086 66 40 2c.
736 2087 107 38 Dec.
876 2086 51 38 14;
985 2085 79 40 aff.
1096 2086 107 39 Dec.
1235 2086 47 38 11;
1348 2085 40 39 A
1417 2085 141 40 78569:
1617 2086 118 38 Yale
1764 2084 128 40 univ.
1922 2094 145 38 press.

257 2145 280 47 (34-42834)

176 2248 257 53 Canada.
508 2249 184 65 Laws,
721 2252 258 60 statutes,
1010 2253 98 47 etc.

308 2318 1868 72 … Income war tax act, 1934-1935 ed. The complete text of
173 2402 96 52 the
293 2401 264 54 “Income
581 2420 117 34 war
721 2407 98 46 tax
844 2400 124 54 act”
992 2400 63 53 of
1082 2400 252 67 Canada,
1363 2400 296 69 including
1683 2401 78 51 all
1786 2398 389 54 amendments

178 2477 1936 71 to and including 1934 statutes, with appropriate notations …
175 2556 138 53 New
340 2557 180 68 York,
545 2556 253 70 Chicago
829 2563 138 60 [etc.]
1002 2557 323 54 Commerce
1352 2556 253 69 clearing
1633 2557 189 65 house,
1850 2556 126 65 inc.,
1997 2554 179 53 Loose

176 2635 118 52 leaf
325 2636 211 52 service
568 2634 249 54 division
849 2634 64 53 of
945 2635 95 52 the
1073 2633 385 69 Corporation
1490 2639 151 48 trust
1672 2651 298 51 company,
2003 2639 18 21 c
2026 2634 150 51 1934.

245 2709 58 39 48
329 2718 44 38 p.
437 2709 54 40 23
497 2711 43 20 cm
545 2740 7 8 .
673 2705 130 49 $1.00

245 2766 62 39 At
333 2766 125 40 head
486 2765 50 39 of
562 2764 134 41 title:
725 2764 260 39 Dominion
1013 2765 51 39 of
1091 2763 198 41 Canada.,

179 2819 49 52 ©
253 2823 117 48 Aug.
396 2825 68 40 31,
492 2824 112 39 1934;
658 2822 65 40 2c.
752 2824 94 38 and
873 2822 80 40 aff.
982 2823 114 38 Nov.
1124 2823 24 37 2;
1204 2823 38 38 A
1270 2823 141 40 78487;
1468 2823 275 40 Commerce
1771 2822 214 48 clearing
2013 2824 161 43 house,

245 2880 88 41 inc.
408 2880 280 48 (34-42848)

175 2969 268 67 Chagny,
471 2970 220 65 André,
723 2971 171 53 1872-

306 3046 1871 69 … Annecy et son lac. Talloires. Texte et légendes par
172 3124 198 54 André
417 3125 271 67 Chagny;
738 3128 67 49 60
846 3124 381 53 illustrations
1271 3145 67 33 en
1383 3124 398 68 heliogravure
1827 3125 223 66 d’après
2096 3126 79 50 les
173 3203 206 53 cliches
405 3204 307 66 originaux
738 3203 68 52 de

833 3201 69 55 G.
931 3202 63 52 L.
1021 3203 242 52 Arlaud.
1339 3203 181 66 Lyon,
1549 3202 69 54 G.
1648 3203 65 51 L.
1742 3202 223 52 Arlaud
2021 3203 151 65 [1934]

244 3275 1544 49 66 p., 1 l. incl. illus., plates. 24 cm . (Visions de France)
246 3331 114 51 Map
385 3344 60 29 on
471 3344 44 37 p.
546 3331 39 51 [2]
630 3332 51 40 of
706 3342 154 30 cover.

244 3389 41 38 A
317 3389 212 41 revision
560 3388 51 41 of
642 3389 81 39 the
756 3387 218 41 author’s
1007 3388 238 41 Talloires
1276 3391 47 38 et
1355 3389 42 39 le
1430 3390 76 38 lac
1538 3388 243 47 d’Annecy
1824 3388 170 48 (Lyon,
2028 3388 136 47 1928)

246 3444 272 42 “Memento
546 3443 446 49 bibliographique”:
1053 3455 42 37 p.
1132 3444 53 49 ,4,

176 3500 1747 51 © July 15, 1934; 1c. Oct. 26: A- Foreign 25960; G. L. Arlaud.
254 3559 280 49 (34-42598)

176 3649 349 64 Chevallier,
554 3647 254 56 Gabriel.

306 3723 1203 65 … Clochemerle … Paris, Rieder, 1934.
177 3796 1978 107 3 p. l., [9]-373 p., 1 l. illus. (plan) 19 cm . (Prosateurs français contemporains)
177 3908 1802 62 © Apr. 27, 1934; 1c. Nov. 6; A- Foreign 26014: Éditions Rieder.
255 3975 280 49 (34-42590)
