2350 4196
1080 4017 101 49 431

151 435 1995 72 rine insurance excepted) By Abe. J. Goldin … Newark,
151 515 67 53 N.
245 515 74 69 J.,
345 514 187 70 Soney
558 518 45 49 &
629 515 147 70 Sage
804 534 95 51 co.,
929 518 148 50 1934.

220 585 98 50 xxi,
349 587 85 40 647
463 599 43 37 p.
564 588 147 42 23½cm.

223 645 179 40 “Table
430 645 51 40 of
508 645 163 41 cases”:
733 657 43 37 p.
826 644 233 50 [553]-588.

151 702 50 51 ©
235 706 111 48 Apr.
377 706 38 46 6,
447 706 141 46 1934;
621 707 65 39 2c.
720 708 95 37 and
846 705 80 41 aff.
959 706 112 46 Apr.
1104 705 51 40 9:
1189 705 41 38 A
1260 704 170 48 70951;
1468 705 154 48 Soney
1655 706 37 41 &
1725 706 122 47 Sage
1879 715 65 31 co.

229 763 249 49 (34-8680)

145 852 177 65 Good,
351 853 249 53 Warren
630 854 265 54 Randall.

204 928 1915 132 Solid geometry, by Warren R. Good … and Hope H. Chipman …
464 1009 426 68 Philadelphia,
940 1008 268 68 Chicago,
1257 1012 54 51 J.
1363 1012 67 50 B.
1478 1009 339 68 Lippincott
1865 1027 280 50 company

149 1090 191 64 [c1934]

216 1173 40 35 V,
285 1160 207 41 267-402
517 1172 41 36 p.
616 1161 142 48 illus.,
789 1161 177 48 diagrs.
1023 1160 145 41 20½cm.

151 1214 50 51 ©
230 1219 120 38 Mar.
376 1217 68 46 26,
473 1217 139 46 1934;
641 1218 66 41 2c.
736 1220 94 38 and
857 1219 79 39 aff.
964 1219 113 47 Apr.
1105 1217 24 39 6;
1186 1218 39 38 A
1252 1217 170 48 70924;
1454 1217 40 39 J.
1525 1218 51 38 B.
1606 1217 278 48 Lippincott
1912 1229 65 28 co.

228 1274 249 48 (34-8178)

145 1364 225 64 Guyon,
401 1364 178 56 René.

215 1441 121 52 The
370 1440 175 54 ethics
580 1441 64 52 of
679 1444 192 50 sexual
906 1447 134 60 acts,
1073 1442 73 66 by
1180 1441 154 52 René
1368 1440 235 68 Guyon;
1643 1442 315 52 translated
1995 1440 152 55 from

144 1520 95 51 the
275 1519 225 52 French
538 1519 93 53 for
667 1520 95 52 the
799 1519 124 53 first
959 1520 136 52 time
1130 1520 74 67 by
1240 1519 57 54 J.
1336 1517 61 55 C.
1436 1520 115 52 and
1584 1518 290 69 Ingeborg
1910 1520 233 68 Flügel;

145 1597 2002 67 with an introduction and notes by Norman Haire … New
147 1674 178 68 York,
353 1675 70 52 A.
455 1675 71 53 A.
560 1676 224 67 Knopf,
817 1679 149 49 1934.

214 1748 117 49 xxii,
363 1749 97 48 383,
491 1748 150 48 xxvii,
675 1767 54 31 [1]
761 1760 41 37 p.
864 1749 145 40 22½cm.

217 1805 161 40 “First
408 1806 256 39 American
696 1807 196 39 edition.
955 1806 116 40 This
1102 1806 121 40 book
1254 1806 41 40 is
1326 1806 82 40 the
1440 1805 286 41 authorized
1758 1805 202 48 English
145 1807 1984 95 translation
333 1864 50 39 of
420 1864 80 39 the

537 1863 187 40 French
760 1864 189 39 volume
986 1863 78 40 ‘La
1100 1862 257 49 légitimité
1392 1864 83 39 des
1510 1866 131 37 actes
1677 1863 205 40 sexuels’
1920 1863 59 47 by
2014 1863 133 40 René

145 1919 319 49 Guyon.”—p.
516 1920 62 49 [iv]

216 1977 197 40 London
447 1978 183 39 edition
678 1977 149 48 (John
865 1977 154 47 Lane)
1063 1978 90 39 has
1187 1977 135 39 title:
1363 1977 93 40 Sex
1491 1977 88 39 life
1614 1976 37 40 &
1684 1987 84 29 sex
1803 1976 167 40 ethics.

149 2031 50 51 ©
232 2036 120 38 Mar.
384 2035 67 41 12.
483 2035 112 39 1934;
656 2035 65 39 2c.
755 2036 118 38 Mar.
906 2035 54 38 15;
1021 2035 79 38 aff.
1133 2036 121 38 Mar.
1285 2035 53 38 31:
1400 2035 41 38 A
1472 2034 141 40 70983;
1675 2035 172 38 Alfred
1880 2034 51 38 A.
1965 2031 180 50 Knopf,

216 2093 89 38 inc.
377 2092 250 49 (34-8330)

146 2167 318 65 Hamilton,
498 2170 229 54 Cosmo.

217 2245 120 53 The
373 2244 270 69 splendor
680 2246 63 52 of
776 2245 238 67 torches,
1049 2246 75 67 by
1159 2245 204 56 Cosmo
1400 2245 322 53 Hamilton.
1794 2245 139 52 New
1971 2244 178 65 York,

146 2324 67 52 R.
242 2324 80 52 M.
350 2324 276 52 McBride
654 2326 45 50 &
726 2342 297 49 company,
1052 2327 150 50 1934.

215 2395 622 50 3 p. l., 3-311 p. 19½cm.
149 2451 50 51 ©
227 2457 121 37 Mar.
375 2455 68 40 19.
471 2455 138 40 1934;
640 2455 65 40 2c.
733 2457 93 37 and
855 2455 81 40 aff.
963 2456 112 47 Apr.
1103 2456 80 41 17;
1214 2456 42 38 A
1280 2456 170 46 71275;
1482 2455 46 41 C.
1558 2455 268 48 Hamilton,
1855 2456 117 38 New
2000 2455 144 41 York.

228 2512 250 49 (34-8580)

147 2585 322 66 Hamilton,
497 2589 158 50 Lord
681 2587 315 53 Frederick
1026 2589 272 63 Spencer,
1331 2590 326 50 1856-1928.

216 2665 120 53 The
363 2664 276 53 vanished
667 2683 202 49 pomps
900 2665 62 53 of
989 2666 317 67 yesterday,
1334 2666 76 67 by
1437 2665 156 53 Lord
1622 2665 271 52 Frederic

146 2663 1976 132 Hamilton;
315 2743 140 52 with
494 2764 31 33 a
562 2744 286 52 foreword
887 2744 74 68 by
998 2744 294 53 Theodore
1328 2745 319 52 Roosevelt.
1722 2743 232 55 Garden
1994 2743 152 68 City,

147 2822 70 51 N.
248 2821 89 67 Y.,
364 2822 357 68 Doubleday,
749 2823 199 52 Doran
978 2825 45 50 &
1051 2841 295 50 company,
1374 2824 128 66 inc.,
1535 2825 150 50 1934.

215 2895 894 49 4 p. l., ix p., 1 l., 13-362 p. 22cm.
150 2949 50 51 ©
231 2955 118 37 Mar.
379 2954 68 47 30,
477 2952 139 47 1934;
649 2954 65 40 2c.
745 2956 94 37 and
869 2954 79 39 aff.
979 2955 110 46 Apr.
1121 2955 51 45 5;
1203 2955 42 38 A
1270 2954 170 47 70920;
1474 2956 297 46 Doubleday,
1802 2955 165 39 Doran
1999 2955 34 39 &
2063 2965 81 37 co.,

216 3010 87 40 inc.
370 3006 67 53 [©
473 3021 105 28 new
613 3009 345 50 introduction]
1035 3010 248 48 (34-8038)

140 3083 328 65 Hammett,
501 3084 281 67 Dashiell,
817 3089 171 50 1894-

216 3162 120 53 The
371 3163 238 53 Maltese
646 3163 209 68 falcon,
890 3164 73 67 by
999 3165 258 53 Dashiell
1294 3164 326 66 Hammett;
1661 3164 141 52 with
1839 3183 31 33 a
1905 3182 122 34 new

146 3164 2003 146 introduction by the author … New York, The Modern library
148 3322 171 64 [1934]

218 3391 1928 52 ix p., 2 l., 3-267 p. 17cm. (Half-title: The modern library of the
144 3450 190 40 world’s
366 3452 104 39 best
499 3451 171 47 books)

219 3507 160 41 “First
412 3507 201 41 Modern
643 3509 185 46 library
859 3509 225 41 edition.”

148 3561 50 51 ©
235 3568 120 38 Mar.
392 3566 67 47 25,
495 3566 140 42 1934;
672 3566 65 39 2c.
774 3567 111 46 Apr.
922 3567 81 46 13;
1041 3568 81 39 aff.
1158 3569 111 47 Apr.
1306 3569 80 46 11;
1424 3569 41 38 A
1499 3568 170 42 72058;
1709 3570 200 38 Modern
1944 3569 198 47 library,

215 3623 89 39 inc.
370 3619 66 53 [©
471 3622 344 49 introduction]
889 3623 249 49 (34-8348)

141 3698 288 66 Harding,
461 3700 140 64 Tex,
636 3702 169 50 1898-

217 3776 121 53 The
371 3777 197 51 devil’s
604 3777 304 68 drummer,
941 3779 74 67 by
1049 3780 120 51 Tex
1200 3779 301 69 Harding;
1537 3780 343 52 translation
1915 3779 113 52 and

147 3778 1974 129 introduction
511 3855 75 67 by
623 3855 193 53 James
854 3855 273 70 Murphy.
1199 3858 140 52 New
1378 3858 179 67 York,
1595 3858 222 67 Reynal
1857 3860 46 50 &

144 3857 1976 126 Hitchcock
333 3936 173 63 [c1934]
