<alto xmlns="http://www.loc.gov/standards/alto/ns-v3#" xmlns:xsi="http://www.w3.org/2001/XMLSchema-instance" xsi:schemaLocation="http://www.loc.gov/standards/alto/ns-v3# http://www.loc.gov/alto/v3/alto-3-0.xsd"><Description>
<MeasurementUnit>pixel</MeasurementUnit>
<sourceImageInformation>
<fileName>1934_v1_Part1.pdf</fileName>
</sourceImageInformation>
<OCRProcessing ID="IdOcr">
<ocrProcessingStep>
<processingDateTime>2019-01-10</processingDateTime>
<processingSoftware>
<softwareCreator>ABBYY</softwareCreator>
<softwareName>ABBYY Recognition Server</softwareName>
<softwareVersion>4.0</softwareVersion>
</processingSoftware>
</ocrProcessingStep>
</OCRProcessing>
</Description>
<Styles>
<ParagraphStyle ALIGN="Left" FIRSTLINE="0." ID="StyleId-FFFFFFFF-FFFF-FFFF-FFFF-FFFFFFFFFFFF-" LEFT="0." RIGHT="0." />
<ParagraphStyle ALIGN="Right" FIRSTLINE="0." ID="StyleId-521E1FC6-FE7E-43A4-90E6-A9B61626A263-" LEFT="0." LINESPACE="13.30000019" RIGHT="0." />
<ParagraphStyle ALIGN="Left" FIRSTLINE="-27." ID="StyleId-639B624E-F6F5-47B6-BB1D-34E64B53022F-" LEFT="0." LINESPACE="13.43999958" RIGHT="0." />
<ParagraphStyle ALIGN="Left" FIRSTLINE="0." ID="StyleId-100905F9-D385-406B-A5BD-ED5B8FD85431-" LEFT="0." RIGHT="0." />
<ParagraphStyle ALIGN="Left" FIRSTLINE="-27." ID="StyleId-7C9F9BA2-EF3A-4B7F-8486-CCC7B7F49B39-" LEFT="0." LINESPACE="18.71999931" RIGHT="0." />
<ParagraphStyle ALIGN="Block" FIRSTLINE="-27." ID="StyleId-350780E3-60F2-4605-88F5-BB54F9B87091-" LEFT="0." LINESPACE="18.71999931" RIGHT="0." />
<ParagraphStyle ALIGN="Left" FIRSTLINE="0." ID="StyleId-90B16C58-D795-4C77-9B89-30378C515D40-" LEFT="0." LINESPACE="14.39999962" RIGHT="0." />
<ParagraphStyle ALIGN="Right" FIRSTLINE="-27." ID="StyleId-17090E09-AFAF-4086-BD9B-4E99FAE6B057-" LEFT="0." LINESPACE="14.39999962" RIGHT="0." />
<ParagraphStyle ALIGN="Left" FIRSTLINE="-27." ID="StyleId-8B87B633-89DB-4D72-B1FC-26E4ABD680BC-" LEFT="0." LINESPACE="18.47999954" RIGHT="0." />
<ParagraphStyle ALIGN="Left" FIRSTLINE="0." ID="StyleId-42DA7417-CA90-4D71-A57B-06556C38D752-" LEFT="0." LINESPACE="13.30000019" RIGHT="0." />
<ParagraphStyle ALIGN="Block" FIRSTLINE="0." ID="StyleId-D8EE2A7E-42AE-4E35-98DB-F0F935637AA0-" LEFT="0." LINESPACE="6.599999905" RIGHT="0." />
<ParagraphStyle ALIGN="Left" FIRSTLINE="0." ID="StyleId-33CD3121-D4F5-43B6-BA96-6382D166E6B8-" LEFT="0." LINESPACE="15.5" RIGHT="0." />
<ParagraphStyle ALIGN="Block" FIRSTLINE="-21." ID="StyleId-1CE52AFA-C319-4DD9-B4B1-F0EBFA2B3F0B-" LEFT="0." LINESPACE="18.71999931" RIGHT="0." />
<ParagraphStyle ALIGN="Left" FIRSTLINE="0." ID="StyleId-B74F1B65-92F1-49C5-A5FA-D20442F031F2-" LEFT="0." LINESPACE="17.70006076" RIGHT="0." />
<ParagraphStyle ALIGN="Center" FIRSTLINE="0." ID="StyleId-79E2924A-215C-40B7-B577-7236BFBAA25E-" LEFT="0." LINESPACE="7.199999809" RIGHT="0." />
</Styles>
<Layout>
<Page HEIGHT="4196" ID="Page611" PHYSICAL_IMG_NR="611" WIDTH="2350">
<TopMargin HEIGHT="343" HPOS="0" VPOS="0" WIDTH="2350">
</TopMargin>
<LeftMargin HEIGHT="3656" HPOS="0" VPOS="343" WIDTH="166">
</LeftMargin>
<RightMargin HEIGHT="3656" HPOS="2188" VPOS="343" WIDTH="162">
</RightMargin>
<BottomMargin HEIGHT="197" HPOS="0" VPOS="3999" WIDTH="2350">
<TextBlock HEIGHT="82" HPOS="1053" ID="Page611_Block1" LANG="en-US" STYLEREFS="StyleId-686F3E7C-A679-4B88-B40C-822E36EAD587-" VPOS="4007" WIDTH="297">
<TextLine HEIGHT="50" HPOS="1124" VPOS="4010" WIDTH="98">
<String CONTENT="611" HEIGHT="50" HPOS="1124" VPOS="4010" WIDTH="98" />
</TextLine>
</TextBlock>
</BottomMargin>
<PrintSpace HEIGHT="3656" HPOS="166" VPOS="343" WIDTH="2022">
<TextBlock CS="1" HEIGHT="3656" HPOS="166" ID="Page611_Block2" STYLEREFS="StyleId-8EB367E3-CBE6-4EB0-A392-D2BC9D3D3009-" VPOS="343" WIDTH="2022">
<TextLine CS="1" HEIGHT="150" HPOS="178" LANG="en-US" STYLEREFS="StyleId-2181EF23-11E3-4BBF-990E-B9F399E4BE4F-" VPOS="349" WIDTH="1975">
<String CONTENT="Delaware" HEIGHT="57" HPOS="178" LANG="de" VPOS="349" WIDTH="303" />
<SP HEIGHT="35" HPOS="482" VPOS="371" WIDTH="38" />
<String CONTENT="notes." HEIGHT="46" HPOS="521" VPOS="359" WIDTH="173" />
<SP HEIGHT="47" HPOS="695" VPOS="358" WIDTH="77" />
<String CONTENT="8th" HEIGHT="50" HPOS="773" VPOS="356" WIDTH="94" />
<SP HEIGHT="50" HPOS="868" VPOS="356" WIDTH="39" />
<String CONTENT="series," HEIGHT="59" HPOS="908" VPOS="355" WIDTH="185" />
<SP HEIGHT="56" HPOS="1094" VPOS="358" WIDTH="40" />
<String CONTENT="1934" HEIGHT="48" HPOS="1135" VPOS="358" WIDTH="135" />
<SP HEIGHT="47" HPOS="1271" VPOS="359" WIDTH="40" />
<String CONTENT="..." HEIGHT="8" HPOS="1312" VPOS="398" WIDTH="55" />
<SP HEIGHT="52" HPOS="1368" VPOS="356" WIDTH="78" />
<String CONTENT="Newark," HEIGHT="66" HPOS="1447" VPOS="356" WIDTH="262" />
<SP HEIGHT="64" HPOS="1710" VPOS="358" WIDTH="38" />
<String CONTENT="Del.," HEIGHT="66" HPOS="1749" VPOS="358" WIDTH="143" />
<SP HEIGHT="65" HPOS="1893" VPOS="359" WIDTH="38" />
<String CONTENT="University" HEIGHT="138" HPOS="245" VPOS="359" WIDTH="1908" />
<SP HEIGHT="49" HPOS="360" VPOS="448" WIDTH="29" />
<String CONTENT="of" HEIGHT="50" HPOS="390" VPOS="431" WIDTH="63" />
<SP HEIGHT="53" HPOS="454" VPOS="431" WIDTH="27" />
<String CONTENT="Delaware" HEIGHT="52" HPOS="482" VPOS="433" WIDTH="298" />
<SP HEIGHT="47" HPOS="781" VPOS="452" WIDTH="33" />
<String CONTENT="[" HEIGHT="32" HPOS="815" STYLE="subscript" VPOS="467" WIDTH="11" />
<String CONTENT="c" HEIGHT="20" HPOS="834" STYLE="superscript" VPOS="439" WIDTH="16" />
<String CONTENT="1934" HEIGHT="48" HPOS="856" VPOS="436" WIDTH="134" />
<String CONTENT="]" HEIGHT="32" HPOS="994" STYLE="subscript" VPOS="466" WIDTH="11" />
</TextLine>
<TextLine CS="1" HEIGHT="49" HPOS="252" LANG="en-US" VPOS="504" WIDTH="644">
<String CONTENT="2" HEIGHT="38" HPOS="252" VPOS="504" WIDTH="28" />
<SP />
<String CONTENT="p." HEIGHT="36" HPOS="306" VPOS="515" WIDTH="42" />
<SP />
<String CONTENT="l.," CS="1" />
<SP />
<String CONTENT="[7]-112" CS="1" HEIGHT="46" HPOS="450" VPOS="506" WIDTH="174" />
<SP HEIGHT="47" HPOS="625" VPOS="506" WIDTH="27" />
<String CONTENT="p." HEIGHT="36" HPOS="653" VPOS="517" WIDTH="42" />
<SP HEIGHT="39" HPOS="696" VPOS="507" WIDTH="56" />
<String CONTENT="23&#189;" CS="1" HEIGHT="39" HPOS="753" VPOS="507" WIDTH="54" />
<String CONTENT="cm" HEIGHT="20" HPOS="841" STYLE="superscript" VPOS="509" WIDTH="43" />
<String CONTENT="." HEIGHT="6" HPOS="891" VPOS="539" WIDTH="5" />
</TextLine>
<TextLine CS="1" HEIGHT="102" HPOS="181" LANG="en-US" VPOS="562" WIDTH="1979">
<String CONTENT="CONTENTS.&#8212;The" CS="1" HEIGHT="38" HPOS="528" VPOS="563" WIDTH="161" />
<SP HEIGHT="29" HPOS="690" VPOS="573" WIDTH="27" />
<String CONTENT="colonial" HEIGHT="39" HPOS="718" VPOS="563" WIDTH="205" />
<SP HEIGHT="39" HPOS="924" VPOS="564" WIDTH="28" />
<String CONTENT="origin" HEIGHT="47" HPOS="953" VPOS="562" WIDTH="156" />
<SP HEIGHT="28" HPOS="1110" VPOS="573" WIDTH="28" />
<String CONTENT="of" HEIGHT="39" HPOS="1139" VPOS="562" WIDTH="48" />
<SP HEIGHT="38" HPOS="1188" VPOS="562" WIDTH="28" />
<String CONTENT="Newark" HEIGHT="38" HPOS="1217" VPOS="563" WIDTH="209" />
<SP HEIGHT="39" HPOS="1427" VPOS="563" WIDTH="27" />
<String CONTENT="academy" HEIGHT="46" HPOS="1455" VPOS="564" WIDTH="230" />
<SP HEIGHT="36" HPOS="1686" VPOS="575" WIDTH="33" />
<String CONTENT="[by]" HEIGHT="47" HPOS="1720" VPOS="564" WIDTH="88" />
<SP HEIGHT="48" HPOS="1809" VPOS="563" WIDTH="33" />
<String CONTENT="George" HEIGHT="48" HPOS="1843" VPOS="563" WIDTH="185" />
<SP HEIGHT="39" HPOS="2029" VPOS="565" WIDTH="26" />
<String CONTENT="Morgan." HEIGHT="99" HPOS="181" VPOS="565" WIDTH="1979" />
</TextLine>
<TextLine CS="1" HEIGHT="63" HPOS="341" LANG="en-US" VPOS="605" WIDTH="1835">
<String CONTENT="The" HEIGHT="38" HPOS="341" VPOS="618" WIDTH="100" />
<SP HEIGHT="37" HPOS="442" VPOS="619" WIDTH="21" />
<String CONTENT="form" HEIGHT="39" HPOS="464" VPOS="619" WIDTH="119" />
<SP HEIGHT="38" HPOS="584" VPOS="620" WIDTH="4" />
<String CONTENT="ding" HEIGHT="62" HPOS="589" VPOS="605" WIDTH="115" />
<SP HEIGHT="36" HPOS="705" VPOS="631" WIDTH="22" />
<String CONTENT="of" HEIGHT="39" HPOS="728" VPOS="620" WIDTH="50" />
<SP HEIGHT="39" HPOS="779" VPOS="620" WIDTH="24" />
<String CONTENT="the" HEIGHT="38" HPOS="804" VPOS="621" WIDTH="79" />
<SP HEIGHT="39" HPOS="884" VPOS="620" WIDTH="27" />
<String CONTENT="University" HEIGHT="46" HPOS="912" VPOS="619" WIDTH="277" />
<SP HEIGHT="35" HPOS="1190" VPOS="630" WIDTH="25" />
<String CONTENT="of" HEIGHT="39" HPOS="1216" VPOS="619" WIDTH="51" />
<SP HEIGHT="38" HPOS="1268" VPOS="619" WIDTH="24" />
<String CONTENT="Delaware" HEIGHT="38" HPOS="1293" VPOS="620" WIDTH="256" />
<SP HEIGHT="38" HPOS="1550" VPOS="630" WIDTH="29" />
<String CONTENT="[by]" CS="1" HEIGHT="48" HPOS="1580" VPOS="620" WIDTH="72" />
<SP HEIGHT="49" HPOS="1667" VPOS="619" WIDTH="29" />
<String CONTENT="George" HEIGHT="48" HPOS="1697" VPOS="619" WIDTH="182" />
<SP HEIGHT="38" HPOS="1880" VPOS="621" WIDTH="26" />
<String CONTENT="H." HEIGHT="38" HPOS="1907" VPOS="621" WIDTH="58" />
<SP HEIGHT="39" HPOS="1966" VPOS="621" WIDTH="28" />
<String CONTENT="Ryden." HEIGHT="49" HPOS="1995" VPOS="619" WIDTH="181" />
</TextLine>
<TextLine CS="1" HEIGHT="50" HPOS="184" LANG="en-US" VPOS="674" WIDTH="1994">
<String CONTENT="Student" HEIGHT="40" HPOS="184" VPOS="674" WIDTH="205" />
<SP HEIGHT="38" HPOS="390" VPOS="676" WIDTH="30" />
<String CONTENT="life" HEIGHT="39" HPOS="421" VPOS="675" WIDTH="88" />
<SP HEIGHT="28" HPOS="510" VPOS="686" WIDTH="29" />
<String CONTENT="at" HEIGHT="35" HPOS="540" VPOS="679" WIDTH="48" />
<SP HEIGHT="38" HPOS="589" VPOS="677" WIDTH="34" />
<String CONTENT="Delaware," HEIGHT="46" HPOS="624" VPOS="677" WIDTH="268" />
<SP HEIGHT="46" HPOS="893" VPOS="677" WIDTH="31" />
<String CONTENT="1834-1859" HEIGHT="41" HPOS="925" VPOS="675" WIDTH="259" />
<SP HEIGHT="39" HPOS="1190" VPOS="685" WIDTH="27" />
<String CONTENT="[by]" CS="1" HEIGHT="49" HPOS="1218" VPOS="675" WIDTH="74" />
<SP HEIGHT="48" HPOS="1308" VPOS="676" WIDTH="34" />
<String CONTENT="H." HEIGHT="40" HPOS="1343" VPOS="676" WIDTH="57" />
<SP HEIGHT="41" HPOS="1401" VPOS="675" WIDTH="35" />
<String CONTENT="Clay" HEIGHT="48" HPOS="1437" VPOS="675" WIDTH="118" />
<SP HEIGHT="47" HPOS="1556" VPOS="676" WIDTH="33" />
<String CONTENT="Reed." HEIGHT="40" HPOS="1590" VPOS="676" WIDTH="144" />
<SP HEIGHT="40" HPOS="1735" VPOS="676" WIDTH="65" />
<String CONTENT="Suspension" HEIGHT="48" HPOS="1801" VPOS="676" WIDTH="293" />
<SP HEIGHT="28" HPOS="2095" VPOS="690" WIDTH="31" />
<String CONTENT="of" HEIGHT="40" HPOS="2127" VPOS="678" WIDTH="51" />
</TextLine>
<TextLine CS="1" HEIGHT="105" HPOS="181" LANG="en-US" VPOS="732" WIDTH="1978">
<String CONTENT="Delaware" HEIGHT="38" HPOS="181" VPOS="732" WIDTH="256" />
<SP HEIGHT="29" HPOS="438" VPOS="742" WIDTH="27" />
<String CONTENT="college" HEIGHT="47" HPOS="466" VPOS="733" WIDTH="178" />
<SP HEIGHT="37" HPOS="645" VPOS="744" WIDTH="32" />
<String CONTENT="[by]" HEIGHT="47" HPOS="678" VPOS="734" WIDTH="88" />
<SP HEIGHT="48" HPOS="767" VPOS="733" WIDTH="34" />
<String CONTENT="George" HEIGHT="47" HPOS="802" VPOS="733" WIDTH="181" />
<SP HEIGHT="39" HPOS="984" VPOS="733" WIDTH="28" />
<String CONTENT="H." HEIGHT="39" HPOS="1013" VPOS="733" WIDTH="59" />
<SP HEIGHT="39" HPOS="1073" VPOS="733" WIDTH="30" />
<String CONTENT="Ryden." HEIGHT="46" HPOS="1104" VPOS="733" WIDTH="182" />
<SP HEIGHT="40" HPOS="1287" VPOS="732" WIDTH="62" />
<String CONTENT="Sunny" HEIGHT="48" HPOS="1350" VPOS="732" WIDTH="164" />
<SP HEIGHT="47" HPOS="1515" VPOS="733" WIDTH="31" />
<String CONTENT="days" HEIGHT="47" HPOS="1547" VPOS="733" WIDTH="119" />
<SP HEIGHT="30" HPOS="1667" VPOS="742" WIDTH="29" />
<String CONTENT="at" HEIGHT="36" HPOS="1697" VPOS="736" WIDTH="51" />
<SP HEIGHT="38" HPOS="1749" VPOS="734" WIDTH="31" />
<String CONTENT="dear" HEIGHT="38" HPOS="1781" VPOS="734" WIDTH="115" />
<SP HEIGHT="29" HPOS="1897" VPOS="744" WIDTH="31" />
<String CONTENT="old" HEIGHT="39" HPOS="1929" VPOS="734" WIDTH="77" />
<SP HEIGHT="38" HPOS="2007" VPOS="735" WIDTH="31" />
<String CONTENT="Delaware" HEIGHT="92" HPOS="181" VPOS="735" WIDTH="1978" />
<SP HEIGHT="37" HPOS="311" VPOS="799" WIDTH="36" />
<String CONTENT="[by]" HEIGHT="48" HPOS="348" VPOS="788" WIDTH="87" />
<SP HEIGHT="48" HPOS="436" VPOS="788" WIDTH="39" />
<String CONTENT="George" HEIGHT="49" HPOS="476" VPOS="788" WIDTH="182" />
</TextLine>
<TextLine HEIGHT="50" HPOS="696" LANG="en-US" VPOS="789" WIDTH="1483">
<String CONTENT="Morgan." HEIGHT="47" HPOS="696" VPOS="791" WIDTH="214" />
<SP HEIGHT="38" HPOS="911" VPOS="791" WIDTH="64" />
<String CONTENT="Memories" HEIGHT="40" HPOS="976" VPOS="789" WIDTH="255" />
<SP HEIGHT="28" HPOS="1232" VPOS="800" WIDTH="35" />
<String CONTENT="of" HEIGHT="39" HPOS="1268" VPOS="789" WIDTH="50" />
<SP HEIGHT="38" HPOS="1319" VPOS="789" WIDTH="34" />
<String CONTENT="Delaware" HEIGHT="39" HPOS="1354" VPOS="790" WIDTH="257" />
<SP HEIGHT="38" HPOS="1612" VPOS="801" WIDTH="39" />
<String CONTENT="[by]" HEIGHT="49" HPOS="1652" VPOS="790" WIDTH="87" />
<SP HEIGHT="49" HPOS="1740" VPOS="789" WIDTH="39" />
<String CONTENT="George" HEIGHT="48" HPOS="1780" VPOS="789" WIDTH="182" />
<SP HEIGHT="38" HPOS="1963" VPOS="791" WIDTH="35" />
<String CONTENT="Abram" HEIGHT="39" HPOS="1999" VPOS="791" WIDTH="180" />
</TextLine>
<TextLine HEIGHT="40" HPOS="181" LANG="en-US" VPOS="845" WIDTH="197">
<String CONTENT="Harter." HEIGHT="40" HPOS="181" VPOS="845" WIDTH="197" />
</TextLine>
<TextLine CS="1" HEIGHT="109" HPOS="184" LANG="en-US" VPOS="897" WIDTH="1975">
<String CONTENT="&#169;" HEIGHT="52" HPOS="184" VPOS="897" WIDTH="50" />
<SP HEIGHT="52" HPOS="235" VPOS="897" WIDTH="27" />
<String CONTENT="May" HEIGHT="46" HPOS="263" VPOS="903" WIDTH="112" />
<SP HEIGHT="46" HPOS="376" VPOS="903" WIDTH="25" />
<String CONTENT="11," HEIGHT="45" HPOS="402" VPOS="903" WIDTH="69" />
<SP HEIGHT="44" HPOS="472" VPOS="904" WIDTH="26" />
<String CONTENT="1934;" CS="1" HEIGHT="41" HPOS="499" VPOS="902" WIDTH="113" />
<SP HEIGHT="47" HPOS="639" VPOS="903" WIDTH="28" />
<String CONTENT="2c." HEIGHT="40" HPOS="668" VPOS="903" WIDTH="65" />
<SP HEIGHT="37" HPOS="734" VPOS="905" WIDTH="29" />
<String CONTENT="May" HEIGHT="46" HPOS="764" VPOS="905" WIDTH="113" />
<SP HEIGHT="46" HPOS="878" VPOS="905" WIDTH="25" />
<String CONTENT="26;" CS="1" HEIGHT="40" HPOS="904" VPOS="903" WIDTH="54" />
<SP HEIGHT="35" HPOS="986" VPOS="914" WIDTH="30" />
<String CONTENT="aff." HEIGHT="39" HPOS="1017" VPOS="903" WIDTH="79" />
<SP HEIGHT="37" HPOS="1097" VPOS="904" WIDTH="29" />
<String CONTENT="May" HEIGHT="45" HPOS="1127" VPOS="904" WIDTH="113" />
<SP HEIGHT="47" HPOS="1241" VPOS="902" WIDTH="24" />
<String CONTENT="25;" CS="1" HEIGHT="39" HPOS="1266" VPOS="902" WIDTH="55" />
<SP HEIGHT="43" HPOS="1349" VPOS="903" WIDTH="28" />
<String CONTENT="A" HEIGHT="37" HPOS="1378" VPOS="903" WIDTH="41" />
<SP HEIGHT="39" HPOS="1420" VPOS="903" WIDTH="26" />
<String CONTENT="71777;" CS="1" HEIGHT="41" HPOS="1447" VPOS="901" WIDTH="143" />
<SP HEIGHT="46" HPOS="1617" VPOS="902" WIDTH="31" />
<String CONTENT="University" HEIGHT="49" HPOS="1649" VPOS="902" WIDTH="281" />
<SP HEIGHT="37" HPOS="1931" VPOS="914" WIDTH="28" />
<String CONTENT="of" HEIGHT="39" HPOS="1960" VPOS="903" WIDTH="50" />
<SP HEIGHT="39" HPOS="2011" VPOS="903" WIDTH="26" />
<String CONTENT="Delaware," HEIGHT="101" HPOS="253" VPOS="904" WIDTH="1906" />
<SP HEIGHT="45" HPOS="398" VPOS="960" WIDTH="28" />
<String CONTENT="Newark," HEIGHT="46" HPOS="427" VPOS="960" WIDTH="222" />
<SP HEIGHT="45" HPOS="650" VPOS="961" WIDTH="29" />
<String CONTENT="Del." HEIGHT="40" HPOS="680" VPOS="961" WIDTH="103" />
</TextLine>
<TextLine HEIGHT="66" HPOS="175" LANG="en-US" STYLEREFS="StyleId-2181EF23-11E3-4BBF-990E-B9F399E4BE4F-" VPOS="1040" WIDTH="781">
<String CONTENT="Depdolla," HEIGHT="66" HPOS="175" VPOS="1040" WIDTH="298" />
<SP HEIGHT="63" HPOS="474" VPOS="1043" WIDTH="29" />
<String CONTENT="Philipp," HEIGHT="64" HPOS="504" VPOS="1042" WIDTH="250" />
<SP HEIGHT="56" HPOS="755" VPOS="1047" WIDTH="29" />
<String CONTENT="1880-" HEIGHT="50" HPOS="785" VPOS="1044" WIDTH="171" />
</TextLine>
<TextLine CS="1" HEIGHT="70" HPOS="252" STYLEREFS="StyleId-2181EF23-11E3-4BBF-990E-B9F399E4BE4F-" VPOS="1117" WIDTH="1930">
<String CONTENT="Erblehre," HEIGHT="67" HPOS="252" LANG="en-US" VPOS="1119" WIDTH="295" />
<SP HEIGHT="48" HPOS="548" VPOS="1138" WIDTH="42" />
<String CONTENT="rasse," HEIGHT="49" HPOS="591" LANG="en-US" VPOS="1138" WIDTH="168" />
<SP HEIGHT="67" HPOS="760" VPOS="1120" WIDTH="39" />
<String CONTENT="bev&#246;lkerungspolitik;" CS="1" HEIGHT="69" HPOS="800" LANG="de" VPOS="1118" WIDTH="626" />
<SP HEIGHT="48" HPOS="1454" VPOS="1136" WIDTH="44" />
<String CONTENT="vornehmlich" HEIGHT="56" HPOS="1499" LANG="de" VPOS="1118" WIDTH="392" />
<SP HEIGHT="55" HPOS="1892" VPOS="1118" WIDTH="41" />
<String CONTENT="f&#252;r" HEIGHT="52" HPOS="1934" LANG="de" VPOS="1118" WIDTH="98" />
<SP HEIGHT="53" HPOS="2033" VPOS="1117" WIDTH="41" />
<String CONTENT="den" HEIGHT="53" HPOS="2075" LANG="de" VPOS="1117" WIDTH="107" />
</TextLine>
<TextLine CS="1" HEIGHT="130" HPOS="178" LANG="de" STYLEREFS="StyleId-2181EF23-11E3-4BBF-990E-B9F399E4BE4F-" VPOS="1196" WIDTH="1978">
<String CONTENT="unterricht" HEIGHT="53" HPOS="180" VPOS="1197" WIDTH="318" />
<SP HEIGHT="51" HPOS="499" VPOS="1199" WIDTH="27" />
<String CONTENT="in" HEIGHT="50" HPOS="527" VPOS="1199" WIDTH="61" />
<SP HEIGHT="51" HPOS="589" VPOS="1198" WIDTH="28" />
<String CONTENT="h&#246;heren" HEIGHT="53" HPOS="618" VPOS="1197" WIDTH="247" />
<SP HEIGHT="34" HPOS="866" VPOS="1216" WIDTH="29" />
<String CONTENT="schulen" HEIGHT="52" HPOS="896" VPOS="1198" WIDTH="230" />
<SP HEIGHT="52" HPOS="1127" VPOS="1197" WIDTH="29" />
<String CONTENT="bestimmt," HEIGHT="68" HPOS="1157" VPOS="1196" WIDTH="305" />
<SP HEIGHT="49" HPOS="1463" VPOS="1215" WIDTH="29" />
<String CONTENT="von" HEIGHT="40" HPOS="1493" VPOS="1210" WIDTH="109" />
<SP HEIGHT="53" HPOS="1603" VPOS="1197" WIDTH="33" />
<String CONTENT="dr." HEIGHT="52" HPOS="1637" VPOS="1197" WIDTH="84" />
<SP HEIGHT="52" HPOS="1722" VPOS="1197" WIDTH="31" />
<String CONTENT="Philipp" HEIGHT="69" HPOS="1754" VPOS="1196" WIDTH="243" />
<SP HEIGHT="67" HPOS="1998" VPOS="1198" WIDTH="31" />
<String CONTENT="Depdolla." HEIGHT="128" HPOS="178" VPOS="1198" WIDTH="1978" />
</TextLine>
<TextLine HEIGHT="68" HPOS="411" LANG="de" STYLEREFS="StyleId-2181EF23-11E3-4BBF-990E-B9F399E4BE4F-" VPOS="1275" WIDTH="797">
<String CONTENT="Berlin," HEIGHT="67" HPOS="411" VPOS="1275" WIDTH="216" />
<SP HEIGHT="65" HPOS="628" VPOS="1277" WIDTH="26" />
<String CONTENT="A." HEIGHT="51" HPOS="655" VPOS="1277" WIDTH="71" />
<SP HEIGHT="52" HPOS="727" VPOS="1276" WIDTH="26" />
<String CONTENT="Metzner," HEIGHT="67" HPOS="754" VPOS="1276" WIDTH="274" />
<SP HEIGHT="64" HPOS="1029" VPOS="1279" WIDTH="28" />
<String CONTENT="1934." HEIGHT="50" HPOS="1058" VPOS="1278" WIDTH="150" />
</TextLine>
<TextLine CS="1" HEIGHT="51" HPOS="252" LANG="de" VPOS="1346" WIDTH="996">
<String CONTENT="1" HEIGHT="37" HPOS="252" VPOS="1350" WIDTH="24" />
<SP HEIGHT="46" HPOS="277" VPOS="1350" WIDTH="23" />
<String CONTENT="p." HEIGHT="37" HPOS="301" VPOS="1359" WIDTH="43" />
<SP />
<String CONTENT="l.," CS="1" />
<SP />
<String CONTENT="5-128" HEIGHT="41" HPOS="446" VPOS="1347" WIDTH="144" />
<SP HEIGHT="48" HPOS="591" VPOS="1348" WIDTH="27" />
<String CONTENT="p." HEIGHT="37" HPOS="619" VPOS="1359" WIDTH="42" />
<SP HEIGHT="41" HPOS="662" VPOS="1348" WIDTH="61" />
<String CONTENT="illus.," HEIGHT="48" HPOS="724" VPOS="1348" WIDTH="141" />
<SP HEIGHT="46" HPOS="866" VPOS="1350" WIDTH="29" />
<String CONTENT="diagrs." HEIGHT="48" HPOS="896" VPOS="1349" WIDTH="178" />
<SP HEIGHT="41" HPOS="1075" VPOS="1347" WIDTH="56" />
<String CONTENT="22" HEIGHT="39" HPOS="1132" VPOS="1346" WIDTH="56" />
<String CONTENT="cm" HEIGHT="21" HPOS="1192" STYLE="superscript" VPOS="1350" WIDTH="44" />
<String CONTENT="." HEIGHT="7" HPOS="1241" VPOS="1381" WIDTH="7" />
</TextLine>
<TextLine CS="1" HEIGHT="52" HPOS="183" LANG="de" VPOS="1402" WIDTH="1995">
<String CONTENT="&#169;" HEIGHT="51" HPOS="183" VPOS="1402" WIDTH="50" />
<SP HEIGHT="51" HPOS="234" VPOS="1402" WIDTH="30" />
<String CONTENT="Dec." HEIGHT="39" HPOS="265" LANG="en-US" VPOS="1407" WIDTH="110" />
<SP HEIGHT="37" HPOS="376" VPOS="1408" WIDTH="30" />
<String CONTENT="18," HEIGHT="45" HPOS="407" VPOS="1407" WIDTH="69" />
<SP HEIGHT="45" HPOS="477" VPOS="1407" WIDTH="30" />
<String CONTENT="1933;" CS="1" HEIGHT="40" HPOS="508" VPOS="1406" WIDTH="112" />
<SP />
<String CONTENT="1c." CS="1" />
<SP />
<String CONTENT="Mar." HEIGHT="37" HPOS="782" VPOS="1408" WIDTH="117" />
<SP HEIGHT="37" HPOS="900" VPOS="1408" WIDTH="32" />
<String CONTENT="13," HEIGHT="45" HPOS="933" VPOS="1407" WIDTH="67" />
<SP HEIGHT="44" HPOS="1001" VPOS="1408" WIDTH="32" />
<String CONTENT="1934;" CS="1" HEIGHT="39" HPOS="1034" VPOS="1406" WIDTH="113" />
<SP HEIGHT="44" HPOS="1174" VPOS="1407" WIDTH="32" />
<String CONTENT="A" HEIGHT="37" HPOS="1207" LANG="en-US" VPOS="1407" WIDTH="41" />
<String CONTENT="-Foreign" HEIGHT="48" HPOS="1249" VPOS="1406" WIDTH="268" />
<SP HEIGHT="38" HPOS="1518" VPOS="1407" WIDTH="32" />
<String CONTENT="24045;" CS="1" HEIGHT="40" HPOS="1551" VPOS="1406" WIDTH="144" />
<SP HEIGHT="46" HPOS="1722" VPOS="1407" WIDTH="37" />
<String CONTENT="Alfred" HEIGHT="40" HPOS="1760" VPOS="1407" WIDTH="168" />
<SP HEIGHT="38" HPOS="1929" VPOS="1409" WIDTH="32" />
<String CONTENT="Metzner" HEIGHT="40" HPOS="1962" VPOS="1409" WIDTH="216" />
</TextLine>
<TextLine HEIGHT="47" HPOS="248" LANG="de" VPOS="1464" WIDTH="530">
<String CONTENT="verlag." HEIGHT="46" HPOS="248" VPOS="1465" WIDTH="178" />
<SP HEIGHT="47" HPOS="427" VPOS="1464" WIDTH="71" />
<String CONTENT="(34-13272)" HEIGHT="47" HPOS="499" VPOS="1464" WIDTH="279" />
</TextLine>
<TextLine HEIGHT="69" HPOS="175" LANG="de" STYLEREFS="StyleId-2181EF23-11E3-4BBF-990E-B9F399E4BE4F-" VPOS="1536" WIDTH="1289">
<String CONTENT="Diederiehs," HEIGHT="67" HPOS="175" VPOS="1536" WIDTH="363" />
<SP HEIGHT="61" HPOS="539" VPOS="1542" WIDTH="30" />
<String CONTENT="Frau" HEIGHT="50" HPOS="570" VPOS="1542" WIDTH="159" />
<SP HEIGHT="51" HPOS="730" VPOS="1541" WIDTH="29" />
<String CONTENT="Helene" HEIGHT="53" HPOS="760" VPOS="1539" WIDTH="219" />
<SP HEIGHT="63" HPOS="980" VPOS="1542" WIDTH="31" />
<String CONTENT="(Voigt)" HEIGHT="67" HPOS="1012" VPOS="1538" WIDTH="239" />
<SP HEIGHT="61" HPOS="1252" VPOS="1541" WIDTH="42" />
<String CONTENT="1875-" HEIGHT="51" HPOS="1295" VPOS="1541" WIDTH="169" />
</TextLine>
<TextLine CS="1" HEIGHT="68" HPOS="253" LANG="de" STYLEREFS="StyleId-2181EF23-11E3-4BBF-990E-B9F399E4BE4F-" VPOS="1615" WIDTH="1923">
<String CONTENT="..." HEIGHT="9" HPOS="253" VPOS="1659" WIDTH="54" />
<SP HEIGHT="52" HPOS="308" VPOS="1616" WIDTH="62" />
<String CONTENT="Auf" HEIGHT="53" HPOS="371" VPOS="1615" WIDTH="127" />
<SP HEIGHT="52" HPOS="499" VPOS="1615" WIDTH="54" />
<String CONTENT="Marienhoff;" HEIGHT="68" HPOS="554" VPOS="1615" WIDTH="375" />
<SP HEIGHT="66" HPOS="930" VPOS="1617" WIDTH="63" />
<String CONTENT="das" HEIGHT="51" HPOS="994" VPOS="1617" WIDTH="100" />
<SP HEIGHT="51" HPOS="1095" VPOS="1617" WIDTH="56" />
<String CONTENT="leben" HEIGHT="52" HPOS="1152" VPOS="1616" WIDTH="159" />
<SP HEIGHT="34" HPOS="1312" VPOS="1634" WIDTH="59" />
<String CONTENT="einer" HEIGHT="51" HPOS="1372" VPOS="1617" WIDTH="154" />
<SP HEIGHT="52" HPOS="1527" VPOS="1617" WIDTH="57" />
<String CONTENT="deutschen" HEIGHT="52" HPOS="1585" VPOS="1617" WIDTH="304" />
<SP HEIGHT="34" HPOS="1890" VPOS="1635" WIDTH="57" />
<String CONTENT="mutter." HEIGHT="49" HPOS="1948" VPOS="1622" WIDTH="228" />
</TextLine>
<TextLine CS="1" HEIGHT="70" HPOS="177" LANG="de" STYLEREFS="StyleId-2181EF23-11E3-4BBF-990E-B9F399E4BE4F-" VPOS="1692" WIDTH="874">
<String CONTENT="Jena," HEIGHT="70" HPOS="177" VPOS="1692" WIDTH="164" />
<SP HEIGHT="68" HPOS="342" VPOS="1694" WIDTH="36" />
<String CONTENT="E." HEIGHT="53" HPOS="379" VPOS="1694" WIDTH="65" />
<SP HEIGHT="52" HPOS="445" VPOS="1695" WIDTH="37" />
<String CONTENT="Dieclerichs" HEIGHT="53" HPOS="483" VPOS="1694" WIDTH="335" />
<SP HEIGHT="47" HPOS="819" VPOS="1714" WIDTH="41" />
<String CONTENT="[" CS="1" />
<String CONTENT="c" HEIGHT="21" HPOS="879" STYLE="superscript" VPOS="1700" WIDTH="16" />
<String CONTENT="1933]" HEIGHT="64" HPOS="901" VPOS="1697" WIDTH="150" />
</TextLine>
<TextLine CS="1" HEIGHT="51" HPOS="247" VPOS="1765" WIDTH="1137">
<String CONTENT="2" HEIGHT="39" HPOS="247" LANG="de" VPOS="1768" WIDTH="26" />
<SP HEIGHT="48" HPOS="274" VPOS="1768" WIDTH="26" />
<String CONTENT="p." HEIGHT="37" HPOS="301" LANG="de" VPOS="1779" WIDTH="43" />
<SP />
<String CONTENT="l.," CS="1" LANG="de" />
<SP />
<String CONTENT="3-215," HEIGHT="48" HPOS="448" LANG="de" VPOS="1767" WIDTH="156" />
<SP HEIGHT="28" HPOS="605" VPOS="1788" WIDTH="33" />
<String CONTENT="[1]" HEIGHT="49" HPOS="639" LANG="de" VPOS="1767" WIDTH="53" />
<SP HEIGHT="39" HPOS="693" VPOS="1777" WIDTH="29" />
<String CONTENT="p." HEIGHT="37" HPOS="723" LANG="de" VPOS="1777" WIDTH="42" />
<SP HEIGHT="40" HPOS="766" VPOS="1767" WIDTH="59" />
<String CONTENT="front." CS="1" HEIGHT="40" HPOS="826" LANG="de" VPOS="1767" WIDTH="133" />
<SP HEIGHT="49" HPOS="974" VPOS="1767" WIDTH="28" />
<String CONTENT="(port.)" HEIGHT="49" HPOS="1003" LANG="en-US" VPOS="1767" WIDTH="169" />
<SP HEIGHT="47" HPOS="1173" VPOS="1767" WIDTH="65" />
<String CONTENT="20" HEIGHT="41" HPOS="1239" LANG="de" VPOS="1765" WIDTH="54" />
<String CONTENT="&#189;" CS="1" LANG="en-US" />
<String CONTENT="cm" HEIGHT="21" HPOS="1327" LANG="de" STYLE="superscript" VPOS="1768" WIDTH="43" />
<String CONTENT="." HEIGHT="8" HPOS="1376" LANG="de" VPOS="1799" WIDTH="8" />
</TextLine>
<TextLine HEIGHT="48" HPOS="247" VPOS="1823" WIDTH="1164">
<String CONTENT="At" HEIGHT="41" HPOS="247" LANG="en-US" VPOS="1823" WIDTH="65" />
<SP HEIGHT="39" HPOS="313" VPOS="1825" WIDTH="25" />
<String CONTENT="head" HEIGHT="39" HPOS="339" LANG="en-US" VPOS="1825" WIDTH="125" />
<SP HEIGHT="38" HPOS="465" VPOS="1826" WIDTH="28" />
<String CONTENT="of" HEIGHT="39" HPOS="494" LANG="en-US" VPOS="1824" WIDTH="52" />
<SP HEIGHT="40" HPOS="547" VPOS="1824" WIDTH="25" />
<String CONTENT="title:" HEIGHT="39" HPOS="573" LANG="de" VPOS="1825" WIDTH="133" />
<SP HEIGHT="39" HPOS="707" VPOS="1824" WIDTH="31" />
<String CONTENT="Helene" HEIGHT="40" HPOS="739" LANG="de" VPOS="1824" WIDTH="182" />
<SP HEIGHT="40" HPOS="922" VPOS="1824" WIDTH="29" />
<String CONTENT="Voigt-Diederichs." HEIGHT="47" HPOS="952" LANG="de" VPOS="1824" WIDTH="459" />
</TextLine>
<TextLine HEIGHT="44" HPOS="250" LANG="de" VPOS="1879" WIDTH="578">
<String CONTENT="&#8220;17." HEIGHT="43" HPOS="250" VPOS="1880" WIDTH="95" />
<SP HEIGHT="42" HPOS="346" VPOS="1881" WIDTH="27" />
<String CONTENT="bis" HEIGHT="40" HPOS="374" VPOS="1881" WIDTH="74" />
<SP HEIGHT="40" HPOS="449" VPOS="1881" WIDTH="27" />
<String CONTENT="26." HEIGHT="41" HPOS="477" VPOS="1879" WIDTH="70" />
<SP HEIGHT="38" HPOS="548" VPOS="1882" WIDTH="27" />
<String CONTENT="tausend.&#8221;" HEIGHT="42" HPOS="576" VPOS="1880" WIDTH="252" />
</TextLine>
<TextLine CS="1" HEIGHT="53" HPOS="181" LANG="de" VPOS="1935" WIDTH="1995">
<String CONTENT="&#169;" HEIGHT="51" HPOS="181" VPOS="1935" WIDTH="50" />
<SP HEIGHT="51" HPOS="232" VPOS="1935" WIDTH="25" />
<String CONTENT="Nov." HEIGHT="39" HPOS="258" VPOS="1941" WIDTH="116" />
<SP HEIGHT="40" HPOS="375" VPOS="1940" WIDTH="23" />
<String CONTENT="15," HEIGHT="46" HPOS="399" VPOS="1940" WIDTH="69" />
<SP HEIGHT="46" HPOS="469" VPOS="1940" WIDTH="24" />
<String CONTENT="1933;" HEIGHT="46" HPOS="494" VPOS="1939" WIDTH="138" />
<SP />
<String CONTENT="1c." CS="1" />
<SP />
<String CONTENT="Mar." HEIGHT="38" HPOS="753" VPOS="1940" WIDTH="120" />
<SP HEIGHT="37" HPOS="874" VPOS="1940" WIDTH="26" />
<String CONTENT="13," HEIGHT="46" HPOS="901" VPOS="1940" WIDTH="66" />
<SP HEIGHT="46" HPOS="968" VPOS="1940" WIDTH="26" />
<String CONTENT="1934;" HEIGHT="46" HPOS="995" VPOS="1939" WIDTH="140" />
<SP HEIGHT="46" HPOS="1136" VPOS="1939" WIDTH="26" />
<String CONTENT="A" HEIGHT="38" HPOS="1163" LANG="en-US" VPOS="1939" WIDTH="38" />
<String CONTENT="-Foreign" HEIGHT="47" HPOS="1202" VPOS="1939" WIDTH="270" />
<SP HEIGHT="38" HPOS="1473" VPOS="1940" WIDTH="23" />
<String CONTENT="23989;" CS="1" HEIGHT="41" HPOS="1497" VPOS="1938" WIDTH="144" />
<SP HEIGHT="45" HPOS="1669" VPOS="1941" WIDTH="28" />
<String CONTENT="Eugen" HEIGHT="47" HPOS="1698" VPOS="1941" WIDTH="166" />
<SP HEIGHT="39" HPOS="1865" VPOS="1940" WIDTH="25" />
<String CONTENT="Diederiehs" HEIGHT="42" HPOS="1891" VPOS="1939" WIDTH="285" />
</TextLine>
<TextLine HEIGHT="48" HPOS="248" LANG="de" VPOS="1996" WIDTH="532">
<String CONTENT="verlag." HEIGHT="45" HPOS="248" VPOS="1999" WIDTH="177" />
<SP HEIGHT="46" HPOS="426" VPOS="1998" WIDTH="74" />
<String CONTENT="(34-13211)" HEIGHT="48" HPOS="501" VPOS="1996" WIDTH="279" />
</TextLine>
<TextLine HEIGHT="65" HPOS="175" STYLEREFS="StyleId-2181EF23-11E3-4BBF-990E-B9F399E4BE4F-" VPOS="2072" WIDTH="974">
<String CONTENT="Dumont-" HEIGHT="53" HPOS="175" LANG="en-US" VPOS="2073" WIDTH="282" />
<String CONTENT="Wilden," HEIGHT="65" HPOS="465" LANG="de" VPOS="2072" WIDTH="244" />
<SP HEIGHT="65" HPOS="710" VPOS="2072" WIDTH="36" />
<String CONTENT="Louis," HEIGHT="64" HPOS="747" LANG="de" VPOS="2072" WIDTH="193" />
<SP HEIGHT="57" HPOS="941" VPOS="2079" WIDTH="38" />
<String CONTENT="1875-" HEIGHT="51" HPOS="980" LANG="de" VPOS="2075" WIDTH="169" />
</TextLine>
<TextLine CS="1" HEIGHT="69" HPOS="252" STYLEREFS="StyleId-2181EF23-11E3-4BBF-990E-B9F399E4BE4F-" VPOS="2148" WIDTH="1921">
<String CONTENT="..." HEIGHT="9" HPOS="252" LANG="de" VPOS="2192" WIDTH="54" />
<SP HEIGHT="51" HPOS="307" VPOS="2150" WIDTH="27" />
<String CONTENT="Le" HEIGHT="51" HPOS="335" LANG="de" VPOS="2150" WIDTH="78" />
<SP HEIGHT="49" HPOS="414" VPOS="2168" WIDTH="24" />
<String CONTENT="prince" HEIGHT="68" HPOS="439" LANG="en-US" VPOS="2149" WIDTH="194" />
<SP HEIGHT="33" HPOS="634" VPOS="2168" WIDTH="24" />
<String CONTENT="errant," HEIGHT="62" HPOS="659" LANG="en-US" VPOS="2154" WIDTH="208" />
<SP HEIGHT="68" HPOS="868" VPOS="2148" WIDTH="27" />
<String CONTENT="Charles-&#201;douard," CS="1" HEIGHT="69" HPOS="896" LANG="fr" VPOS="2148" WIDTH="557" />
<SP HEIGHT="67" HPOS="1454" VPOS="2150" WIDTH="23" />
<String CONTENT="le" HEIGHT="51" HPOS="1478" LANG="fr" VPOS="2150" WIDTH="49" />
<SP HEIGHT="51" HPOS="1528" VPOS="2150" WIDTH="26" />
<String CONTENT="dernier" HEIGHT="52" HPOS="1555" LANG="fr" VPOS="2149" WIDTH="224" />
<SP HEIGHT="51" HPOS="1780" VPOS="2151" WIDTH="26" />
<String CONTENT="des" HEIGHT="52" HPOS="1807" LANG="fr" VPOS="2151" WIDTH="95" />
<SP HEIGHT="55" HPOS="1903" VPOS="2149" WIDTH="27" />
<String CONTENT="Stuarts." HEIGHT="55" HPOS="1931" LANG="en-US" VPOS="2149" WIDTH="242" />
</TextLine>
<TextLine HEIGHT="69" HPOS="176" LANG="fr" STYLEREFS="StyleId-2181EF23-11E3-4BBF-990E-B9F399E4BE4F-" VPOS="2227" WIDTH="683">
<String CONTENT="Paris," HEIGHT="68" HPOS="176" VPOS="2228" WIDTH="184" />
<SP HEIGHT="68" HPOS="361" VPOS="2228" WIDTH="26" />
<String CONTENT="A." HEIGHT="52" HPOS="388" VPOS="2228" WIDTH="70" />
<SP HEIGHT="54" HPOS="459" VPOS="2227" WIDTH="32" />
<String CONTENT="Colin," HEIGHT="67" HPOS="492" VPOS="2227" WIDTH="185" />
<SP HEIGHT="64" HPOS="678" VPOS="2230" WIDTH="31" />
<String CONTENT="1934." HEIGHT="53" HPOS="710" VPOS="2229" WIDTH="149" />
</TextLine>
<TextLine HEIGHT="52" HPOS="247" VPOS="2299" WIDTH="1280">
<String CONTENT="262," HEIGHT="46" HPOS="247" LANG="fr" VPOS="2300" WIDTH="98" />
<SP HEIGHT="30" HPOS="346" VPOS="2321" WIDTH="30" />
<String CONTENT="[2]" HEIGHT="50" HPOS="377" LANG="fr" VPOS="2301" WIDTH="55" />
<SP HEIGHT="39" HPOS="433" VPOS="2311" WIDTH="29" />
<String CONTENT="p." HEIGHT="37" HPOS="463" LANG="fr" VPOS="2311" WIDTH="41" />
<SP HEIGHT="39" HPOS="505" VPOS="2300" WIDTH="60" />
<String CONTENT="20" HEIGHT="40" HPOS="566" LANG="fr" VPOS="2299" WIDTH="54" />
<String CONTENT="cm" HEIGHT="20" HPOS="625" LANG="fr" STYLE="superscript" VPOS="2303" WIDTH="43" />
<String CONTENT="." HEIGHT="8" HPOS="673" LANG="fr" VPOS="2331" WIDTH="6" />
<SP HEIGHT="48" HPOS="680" VPOS="2299" WIDTH="72" />
<String CONTENT="(On" HEIGHT="48" HPOS="753" LANG="en-US" VPOS="2299" WIDTH="97" />
<SP HEIGHT="29" HPOS="851" VPOS="2310" WIDTH="27" />
<String CONTENT="cover:" HEIGHT="30" HPOS="879" LANG="en-US" VPOS="2310" WIDTH="160" />
<SP HEIGHT="40" HPOS="1040" VPOS="2300" WIDTH="25" />
<String CONTENT="Ames" HEIGHT="40" HPOS="1066" LANG="fr" VPOS="2300" WIDTH="142" />
<SP HEIGHT="29" HPOS="1209" VPOS="2310" WIDTH="26" />
<String CONTENT="et" HEIGHT="37" HPOS="1236" LANG="fr" VPOS="2302" WIDTH="47" />
<SP HEIGHT="37" HPOS="1284" VPOS="2302" WIDTH="29" />
<String CONTENT="visages)" HEIGHT="48" HPOS="1314" LANG="fr" VPOS="2299" WIDTH="213" />
</TextLine>
<TextLine CS="1" HEIGHT="42" HPOS="247" LANG="en-US" VPOS="2356" WIDTH="996">
<String CONTENT="At" HEIGHT="42" HPOS="247" VPOS="2356" WIDTH="64" />
<SP HEIGHT="39" HPOS="312" VPOS="2359" WIDTH="24" />
<String CONTENT="head" HEIGHT="39" HPOS="337" VPOS="2359" WIDTH="121" />
<SP HEIGHT="38" HPOS="459" VPOS="2359" WIDTH="28" />
<String CONTENT="of" HEIGHT="40" HPOS="488" VPOS="2357" WIDTH="51" />
<SP HEIGHT="40" HPOS="540" VPOS="2357" WIDTH="24" />
<String CONTENT="title;" CS="1" HEIGHT="40" HPOS="565" VPOS="2357" WIDTH="107" />
<SP HEIGHT="39" HPOS="700" VPOS="2356" WIDTH="27" />
<String CONTENT="L." HEIGHT="40" HPOS="728" VPOS="2356" WIDTH="50" />
<SP HEIGHT="40" HPOS="779" VPOS="2356" WIDTH="26" />
<String CONTENT="Dumont-Wilden." HEIGHT="40" HPOS="806" VPOS="2356" WIDTH="437" />
</TextLine>
<TextLine CS="1" HEIGHT="51" HPOS="250" VPOS="2411" WIDTH="809">
<String CONTENT="&#8220;Bibliographie&#8221;;" CS="1" HEIGHT="49" HPOS="250" LANG="fr" VPOS="2412" WIDTH="418" />
<SP HEIGHT="37" HPOS="697" VPOS="2423" WIDTH="33" />
<String CONTENT="p." HEIGHT="37" HPOS="731" LANG="en-US" VPOS="2423" WIDTH="43" />
<SP HEIGHT="28" HPOS="775" VPOS="2434" WIDTH="38" />
<String CONTENT="[261]-262." HEIGHT="51" HPOS="814" LANG="en-US" VPOS="2411" WIDTH="245" />
</TextLine>
<TextLine CS="1" HEIGHT="51" HPOS="182" LANG="en-US" VPOS="2469" WIDTH="1995">
<String CONTENT="&#169;" HEIGHT="51" HPOS="182" VPOS="2469" WIDTH="54" />
<SP HEIGHT="51" HPOS="237" VPOS="2469" WIDTH="28" />
<String CONTENT="Dec." HEIGHT="39" HPOS="266" VPOS="2474" WIDTH="111" />
<SP HEIGHT="39" HPOS="378" VPOS="2473" WIDTH="29" />
<String CONTENT="16," HEIGHT="46" HPOS="408" VPOS="2473" WIDTH="68" />
<SP HEIGHT="44" HPOS="477" VPOS="2475" WIDTH="31" />
<String CONTENT="1933;" CS="1" HEIGHT="40" HPOS="509" VPOS="2472" WIDTH="112" />
<SP />
<String CONTENT="1c." CS="1" />
<SP />
<String CONTENT="Mar." HEIGHT="39" HPOS="785" VPOS="2472" WIDTH="120" />
<SP HEIGHT="40" HPOS="906" VPOS="2471" WIDTH="32" />
<String CONTENT="23," HEIGHT="48" HPOS="939" VPOS="2471" WIDTH="67" />
<SP HEIGHT="47" HPOS="1007" VPOS="2472" WIDTH="32" />
<String CONTENT="1934;" CS="1" HEIGHT="41" HPOS="1040" VPOS="2470" WIDTH="113" />
<SP HEIGHT="45" HPOS="1180" VPOS="2472" WIDTH="38" />
<String CONTENT="A-Foreign" HEIGHT="48" HPOS="1219" VPOS="2471" WIDTH="307" />
<SP HEIGHT="38" HPOS="1527" VPOS="2472" WIDTH="31" />
<String CONTENT="24180;" CS="1" HEIGHT="40" HPOS="1559" VPOS="2472" WIDTH="144" />
<SP HEIGHT="44" HPOS="1730" VPOS="2474" WIDTH="35" />
<String CONTENT="Mar." HEIGHT="37" HPOS="1766" VPOS="2474" WIDTH="115" />
<SP HEIGHT="38" HPOS="1882" VPOS="2473" WIDTH="33" />
<String CONTENT="Leclerc" HEIGHT="40" HPOS="1916" LANG="fr" VPOS="2473" WIDTH="191" />
<SP HEIGHT="39" HPOS="2108" VPOS="2474" WIDTH="32" />
<String CONTENT="&amp;" HEIGHT="39" HPOS="2141" VPOS="2474" WIDTH="36" />
</TextLine>
<TextLine HEIGHT="48" HPOS="246" LANG="en-US" VPOS="2528" WIDTH="620">
<String CONTENT="cie," HEIGHT="43" HPOS="246" VPOS="2530" WIDTH="83" />
<SP HEIGHT="42" HPOS="330" VPOS="2531" WIDTH="26" />
<String CONTENT="Paris." HEIGHT="41" HPOS="357" VPOS="2529" WIDTH="154" />
<SP HEIGHT="47" HPOS="512" VPOS="2529" WIDTH="74" />
<String CONTENT="(34-13213)" HEIGHT="48" HPOS="587" VPOS="2528" WIDTH="279" />
</TextLine>
<TextLine HEIGHT="64" HPOS="176" LANG="en-US" STYLEREFS="StyleId-2181EF23-11E3-4BBF-990E-B9F399E4BE4F-" VPOS="2606" WIDTH="601">
<String CONTENT="Federal" HEIGHT="52" HPOS="176" VPOS="2607" WIDTH="242" />
<SP HEIGHT="52" HPOS="419" VPOS="2608" WIDTH="28" />
<String CONTENT="codes," HEIGHT="62" HPOS="448" VPOS="2608" WIDTH="188" />
<SP HEIGHT="64" HPOS="637" VPOS="2606" WIDTH="29" />
<String CONTENT="inc." HEIGHT="54" HPOS="667" VPOS="2606" WIDTH="110" />
</TextLine>
<TextLine CS="1" HEIGHT="69" HPOS="244" LANG="en-US" STYLEREFS="StyleId-2181EF23-11E3-4BBF-990E-B9F399E4BE4F-" VPOS="2682" WIDTH="1930">
<String CONTENT="A" HEIGHT="50" HPOS="244" VPOS="2686" WIDTH="55" />
<SP HEIGHT="52" HPOS="300" VPOS="2684" WIDTH="26" />
<String CONTENT="handbook" HEIGHT="53" HPOS="327" VPOS="2683" WIDTH="305" />
<SP HEIGHT="51" HPOS="633" VPOS="2683" WIDTH="27" />
<String CONTENT="of" HEIGHT="51" HPOS="661" VPOS="2683" WIDTH="62" />
<SP HEIGHT="52" HPOS="724" VPOS="2683" WIDTH="29" />
<String CONTENT="NRA." CS="1" HEIGHT="53" HPOS="754" VPOS="2682" WIDTH="182" />
<SP HEIGHT="48" HPOS="937" VPOS="2685" WIDTH="64" />
<String CONTENT="2d" HEIGHT="51" HPOS="1002" VPOS="2683" WIDTH="71" />
<SP HEIGHT="51" HPOS="1074" VPOS="2683" WIDTH="29" />
<String CONTENT="ed." HEIGHT="52" HPOS="1104" VPOS="2683" WIDTH="83" />
<SP HEIGHT="51" HPOS="1188" VPOS="2684" WIDTH="65" />
<String CONTENT="An" HEIGHT="51" HPOS="1254" VPOS="2684" WIDTH="96" />
<SP HEIGHT="32" HPOS="1351" VPOS="2701" WIDTH="29" />
<String CONTENT="analysis" HEIGHT="67" HPOS="1381" VPOS="2682" WIDTH="248" />
<SP HEIGHT="33" HPOS="1630" VPOS="2701" WIDTH="32" />
<String CONTENT="and" HEIGHT="51" HPOS="1663" VPOS="2684" WIDTH="110" />
<SP HEIGHT="51" HPOS="1774" VPOS="2684" WIDTH="29" />
<String CONTENT="compilation" HEIGHT="67" HPOS="1804" VPOS="2684" WIDTH="370" />
</TextLine>
<TextLine HEIGHT="69" HPOS="174" LANG="en-US" STYLEREFS="StyleId-2181EF23-11E3-4BBF-990E-B9F399E4BE4F-" VPOS="2760" WIDTH="2000">
<String CONTENT="of" HEIGHT="51" HPOS="174" VPOS="2763" WIDTH="63" />
<SP HEIGHT="54" HPOS="238" VPOS="2763" WIDTH="38" />
<String CONTENT="the" HEIGHT="53" HPOS="277" VPOS="2764" WIDTH="94" />
<SP HEIGHT="51" HPOS="372" VPOS="2765" WIDTH="39" />
<String CONTENT="National" HEIGHT="54" HPOS="412" VPOS="2762" WIDTH="274" />
<SP HEIGHT="51" HPOS="687" VPOS="2762" WIDTH="35" />
<String CONTENT="industrial" HEIGHT="53" HPOS="723" VPOS="2760" WIDTH="310" />
<SP HEIGHT="51" HPOS="1034" VPOS="2760" WIDTH="39" />
<String CONTENT="recover" HEIGHT="49" HPOS="1074" VPOS="2778" WIDTH="263" />
<SP HEIGHT="48" HPOS="1338" VPOS="2779" WIDTH="41" />
<String CONTENT="act" HEIGHT="44" HPOS="1380" VPOS="2768" WIDTH="87" />
<SP HEIGHT="45" HPOS="1468" VPOS="2768" WIDTH="41" />
<String CONTENT="and" HEIGHT="52" HPOS="1510" VPOS="2761" WIDTH="111" />
<SP HEIGHT="52" HPOS="1622" VPOS="2761" WIDTH="38" />
<String CONTENT="related" HEIGHT="52" HPOS="1661" VPOS="2762" WIDTH="215" />
<SP HEIGHT="52" HPOS="1877" VPOS="2762" WIDTH="40" />
<String CONTENT="statutes," HEIGHT="62" HPOS="1918" VPOS="2767" WIDTH="256" />
</TextLine>
<TextLine HEIGHT="71" HPOS="175" LANG="en-US" STYLEREFS="StyleId-2181EF23-11E3-4BBF-990E-B9F399E4BE4F-" VPOS="2837" WIDTH="1998">
<String CONTENT="federal" HEIGHT="52" HPOS="175" VPOS="2841" WIDTH="219" />
<SP HEIGHT="50" HPOS="395" VPOS="2841" WIDTH="49" />
<String CONTENT="and" HEIGHT="51" HPOS="445" VPOS="2841" WIDTH="112" />
<SP HEIGHT="51" HPOS="558" VPOS="2841" WIDTH="47" />
<String CONTENT="state," HEIGHT="62" HPOS="606" VPOS="2844" WIDTH="161" />
<SP HEIGHT="49" HPOS="768" VPOS="2857" WIDTH="48" />
<String CONTENT="and" HEIGHT="51" HPOS="817" VPOS="2839" WIDTH="110" />
<SP HEIGHT="51" HPOS="928" VPOS="2839" WIDTH="47" />
<String CONTENT="of" HEIGHT="53" HPOS="976" VPOS="2837" WIDTH="62" />
<SP HEIGHT="53" HPOS="1039" VPOS="2837" WIDTH="48" />
<String CONTENT="all" HEIGHT="50" HPOS="1088" VPOS="2840" WIDTH="75" />
<SP HEIGHT="51" HPOS="1164" VPOS="2840" WIDTH="46" />
<String CONTENT="executive" HEIGHT="52" HPOS="1211" VPOS="2839" WIDTH="287" />
<SP HEIGHT="33" HPOS="1499" VPOS="2858" WIDTH="47" />
<String CONTENT="orders," HEIGHT="65" HPOS="1547" VPOS="2840" WIDTH="211" />
<SP HEIGHT="47" HPOS="1759" VPOS="2858" WIDTH="47" />
<String CONTENT="regulations," HEIGHT="67" HPOS="1807" VPOS="2841" WIDTH="366" />
</TextLine>
<TextLine CS="1" HEIGHT="136" HPOS="172" LANG="en-US" STYLEREFS="StyleId-2181EF23-11E3-4BBF-990E-B9F399E4BE4F-" VPOS="2916" WIDTH="1978">
<String CONTENT="agreements," HEIGHT="66" HPOS="176" VPOS="2923" WIDTH="366" />
<SP HEIGHT="50" HPOS="543" VPOS="2937" WIDTH="31" />
<String CONTENT="administrative" HEIGHT="54" HPOS="575" VPOS="2916" WIDTH="454" />
<SP HEIGHT="34" HPOS="1030" VPOS="2936" WIDTH="32" />
<String CONTENT="rulings" HEIGHT="68" HPOS="1063" VPOS="2917" WIDTH="220" />
<SP HEIGHT="33" HPOS="1284" VPOS="2936" WIDTH="31" />
<String CONTENT="and" HEIGHT="51" HPOS="1316" VPOS="2918" WIDTH="111" />
<SP HEIGHT="66" HPOS="1428" VPOS="2918" WIDTH="28" />
<String CONTENT="judicial" HEIGHT="68" HPOS="1457" VPOS="2916" WIDTH="240" />
<SP HEIGHT="52" HPOS="1698" VPOS="2918" WIDTH="29" />
<String CONTENT="decisions" HEIGHT="54" HPOS="1728" VPOS="2918" WIDTH="275" />
<SP HEIGHT="33" HPOS="2004" VPOS="2939" WIDTH="28" />
<String CONTENT="relative" HEIGHT="131" HPOS="172" VPOS="2921" WIDTH="1978" />
<SP HEIGHT="48" HPOS="289" VPOS="3003" WIDTH="24" />
<String CONTENT="thereto;" CS="1" HEIGHT="51" HPOS="314" VPOS="2999" WIDTH="218" />
</TextLine>
<TextLine CS="1" HEIGHT="149" HPOS="175" LANG="en-US" STYLEREFS="StyleId-2181EF23-11E3-4BBF-990E-B9F399E4BE4F-" VPOS="2995" WIDTH="1973">
<String CONTENT="together" HEIGHT="68" HPOS="592" VPOS="2996" WIDTH="259" />
<SP HEIGHT="32" HPOS="852" VPOS="3015" WIDTH="25" />
<String CONTENT="with" HEIGHT="52" HPOS="878" VPOS="2995" WIDTH="139" />
<SP HEIGHT="52" HPOS="1018" VPOS="2995" WIDTH="27" />
<String CONTENT="a" HEIGHT="33" HPOS="1046" LANG="fr" VPOS="3014" WIDTH="30" />
<SP HEIGHT="35" HPOS="1077" VPOS="3014" WIDTH="27" />
<String CONTENT="comparati" CS="1" HEIGHT="62" HPOS="1105" LANG="fr" VPOS="3001" WIDTH="292" />
<String CONTENT="ve" HEIGHT="35" HPOS="1427" VPOS="3014" WIDTH="62" />
<SP HEIGHT="48" HPOS="1490" VPOS="3015" WIDTH="27" />
<String CONTENT="presentation" HEIGHT="64" HPOS="1518" VPOS="2999" WIDTH="387" />
<SP HEIGHT="34" HPOS="1906" VPOS="3016" WIDTH="28" />
<String CONTENT="of" HEIGHT="52" HPOS="1935" VPOS="2998" WIDTH="60" />
<SP HEIGHT="51" HPOS="1996" VPOS="2998" WIDTH="25" />
<String CONTENT="typical" CS="1" HEIGHT="131" HPOS="175" VPOS="2998" WIDTH="1973" />
<SP HEIGHT="65" HPOS="260" VPOS="3079" WIDTH="44" />
<String CONTENT="provisions" HEIGHT="69" HPOS="305" VPOS="3075" WIDTH="320" />
<SP HEIGHT="36" HPOS="626" VPOS="3092" WIDTH="43" />
<String CONTENT="of" HEIGHT="51" HPOS="670" VPOS="3074" WIDTH="61" />
</TextLine>
<TextLine HEIGHT="70" HPOS="775" LANG="en-US" STYLEREFS="StyleId-2181EF23-11E3-4BBF-990E-B9F399E4BE4F-" VPOS="3074" WIDTH="1397">
<String CONTENT="the" HEIGHT="52" HPOS="775" VPOS="3074" WIDTH="93" />
<SP HEIGHT="34" HPOS="869" VPOS="3092" WIDTH="43" />
<String CONTENT="several" HEIGHT="51" HPOS="913" VPOS="3075" WIDTH="214" />
<SP HEIGHT="51" HPOS="1128" VPOS="3075" WIDTH="44" />
<String CONTENT="codes" HEIGHT="53" HPOS="1173" VPOS="3074" WIDTH="160" />
<SP HEIGHT="34" HPOS="1334" VPOS="3092" WIDTH="43" />
<String CONTENT="of" HEIGHT="51" HPOS="1378" VPOS="3074" WIDTH="62" />
<SP HEIGHT="51" HPOS="1441" VPOS="3074" WIDTH="44" />
<String CONTENT="fair" HEIGHT="51" HPOS="1486" VPOS="3074" WIDTH="117" />
<SP HEIGHT="34" HPOS="1604" VPOS="3093" WIDTH="43" />
<String CONTENT="competition," HEIGHT="68" HPOS="1648" VPOS="3076" WIDTH="385" />
<SP HEIGHT="62" HPOS="2034" VPOS="3082" WIDTH="43" />
<String CONTENT="the" HEIGHT="52" HPOS="2078" VPOS="3077" WIDTH="94" />
</TextLine>
<TextLine HEIGHT="69" HPOS="175" LANG="en-US" STYLEREFS="StyleId-2181EF23-11E3-4BBF-990E-B9F399E4BE4F-" VPOS="3152" WIDTH="1996">
<String CONTENT="texts" HEIGHT="47" HPOS="175" VPOS="3161" WIDTH="147" />
<SP HEIGHT="33" HPOS="323" VPOS="3175" WIDTH="28" />
<String CONTENT="of" HEIGHT="53" HPOS="352" VPOS="3155" WIDTH="63" />
<SP HEIGHT="52" HPOS="416" VPOS="3155" WIDTH="26" />
<String CONTENT="the" HEIGHT="50" HPOS="443" VPOS="3157" WIDTH="94" />
<SP HEIGHT="49" HPOS="538" VPOS="3172" WIDTH="27" />
<String CONTENT="principal" HEIGHT="69" HPOS="566" VPOS="3152" WIDTH="288" />
<SP HEIGHT="50" HPOS="855" VPOS="3154" WIDTH="28" />
<String CONTENT="codes" HEIGHT="52" HPOS="884" VPOS="3152" WIDTH="160" />
<SP HEIGHT="33" HPOS="1045" VPOS="3171" WIDTH="30" />
<String CONTENT="and" HEIGHT="52" HPOS="1076" VPOS="3152" WIDTH="110" />
<SP HEIGHT="52" HPOS="1187" VPOS="3152" WIDTH="29" />
<String CONTENT="summaries" HEIGHT="53" HPOS="1217" VPOS="3152" WIDTH="331" />
<SP HEIGHT="33" HPOS="1549" VPOS="3172" WIDTH="29" />
<String CONTENT="of" HEIGHT="53" HPOS="1579" VPOS="3152" WIDTH="62" />
<SP HEIGHT="52" HPOS="1642" VPOS="3152" WIDTH="29" />
<String CONTENT="all" HEIGHT="51" HPOS="1672" VPOS="3154" WIDTH="77" />
<SP HEIGHT="50" HPOS="1750" VPOS="3155" WIDTH="27" />
<String CONTENT="minor" HEIGHT="53" HPOS="1778" VPOS="3153" WIDTH="187" />
<SP HEIGHT="35" HPOS="1966" VPOS="3173" WIDTH="28" />
<String CONTENT="codes." HEIGHT="53" HPOS="1995" VPOS="3155" WIDTH="176" />
</TextLine>
<TextLine CS="1" HEIGHT="71" HPOS="175" LANG="en-US" STYLEREFS="StyleId-2181EF23-11E3-4BBF-990E-B9F399E4BE4F-" VPOS="3230" WIDTH="1998">
<String CONTENT="Edited" HEIGHT="51" HPOS="175" VPOS="3235" WIDTH="213" />
<SP HEIGHT="52" HPOS="389" VPOS="3234" WIDTH="40" />
<String CONTENT="by" HEIGHT="67" HPOS="430" VPOS="3234" WIDTH="74" />
<SP HEIGHT="67" HPOS="505" VPOS="3234" WIDTH="44" />
<String CONTENT="Lewis" HEIGHT="54" HPOS="550" VPOS="3230" WIDTH="178" />
<SP HEIGHT="52" HPOS="729" VPOS="3232" WIDTH="40" />
<String CONTENT="Mayers" HEIGHT="64" HPOS="770" VPOS="3232" WIDTH="227" />
<SP HEIGHT="33" HPOS="998" VPOS="3251" WIDTH="47" />
<String CONTENT="..." HEIGHT="8" HPOS="1046" VPOS="3276" WIDTH="55" />
<SP HEIGHT="35" HPOS="1102" VPOS="3249" WIDTH="46" />
<String CONTENT="with" HEIGHT="52" HPOS="1149" VPOS="3230" WIDTH="139" />
<SP HEIGHT="51" HPOS="1289" VPOS="3231" WIDTH="42" />
<String CONTENT="supplement" HEIGHT="66" HPOS="1332" VPOS="3232" WIDTH="360" />
<SP HEIGHT="47" HPOS="1693" VPOS="3237" WIDTH="41" />
<String CONTENT="service." HEIGHT="53" HPOS="1735" VPOS="3232" WIDTH="225" />
<SP HEIGHT="51" HPOS="1961" VPOS="3234" WIDTH="74" />
<String CONTENT="New" HEIGHT="52" HPOS="2036" VPOS="3234" WIDTH="137" />
</TextLine>
<TextLine HEIGHT="68" HPOS="176" LANG="en-US" STYLEREFS="StyleId-2181EF23-11E3-4BBF-990E-B9F399E4BE4F-" VPOS="3309" WIDTH="1541">
<String CONTENT="York" HEIGHT="52" HPOS="176" VPOS="3313" WIDTH="161" />
<SP HEIGHT="52" HPOS="338" VPOS="3313" WIDTH="28" />
<String CONTENT="and" HEIGHT="52" HPOS="367" VPOS="3313" WIDTH="111" />
<SP HEIGHT="53" HPOS="479" VPOS="3313" WIDTH="26" />
<String CONTENT="Washington," HEIGHT="68" HPOS="506" VPOS="3309" WIDTH="400" />
<SP HEIGHT="67" HPOS="907" VPOS="3310" WIDTH="28" />
<String CONTENT="Federal" HEIGHT="51" HPOS="936" VPOS="3309" WIDTH="240" />
<SP HEIGHT="50" HPOS="1177" VPOS="3309" WIDTH="26" />
<String CONTENT="codes," HEIGHT="67" HPOS="1204" VPOS="3309" WIDTH="180" />
<SP HEIGHT="67" HPOS="1385" VPOS="3309" WIDTH="25" />
<String CONTENT="inc.," HEIGHT="67" HPOS="1411" VPOS="3309" WIDTH="126" />
<SP HEIGHT="63" HPOS="1538" VPOS="3313" WIDTH="29" />
<String CONTENT="1934." HEIGHT="50" HPOS="1568" VPOS="3312" WIDTH="149" />
</TextLine>
<TextLine CS="1" HEIGHT="49" HPOS="250" LANG="en-US" VPOS="3384" WIDTH="527">
<String CONTENT="xxiii," HEIGHT="46" HPOS="250" VPOS="3387" WIDTH="138" />
<SP HEIGHT="47" HPOS="389" VPOS="3386" WIDTH="28" />
<String CONTENT="842" HEIGHT="40" HPOS="418" VPOS="3386" WIDTH="83" />
<SP HEIGHT="46" HPOS="502" VPOS="3386" WIDTH="29" />
<String CONTENT="p." HEIGHT="36" HPOS="532" VPOS="3396" WIDTH="41" />
<SP HEIGHT="40" HPOS="574" VPOS="3384" WIDTH="57" />
<String CONTENT="23&#189;" CS="1" HEIGHT="39" HPOS="632" VPOS="3384" WIDTH="54" />
<String CONTENT="cm" HEIGHT="20" HPOS="721" STYLE="superscript" VPOS="3385" WIDTH="43" />
<String CONTENT="." HEIGHT="7" HPOS="770" VPOS="3416" WIDTH="7" />
</TextLine>
<TextLine CS="1" HEIGHT="111" HPOS="179" LANG="en-US" VPOS="3437" WIDTH="1976">
<String CONTENT="&#8220;&lt;The" HEIGHT="48" HPOS="252" VPOS="3445" WIDTH="155" />
<SP HEIGHT="41" HPOS="408" VPOS="3443" WIDTH="29" />
<String CONTENT="first" HEIGHT="38" HPOS="438" VPOS="3443" WIDTH="107" />
<SP HEIGHT="35" HPOS="546" VPOS="3446" WIDTH="31" />
<String CONTENT="edition" HEIGHT="40" HPOS="578" VPOS="3440" WIDTH="183" />
<SP HEIGHT="27" HPOS="762" VPOS="3451" WIDTH="32" />
<String CONTENT="was" HEIGHT="29" HPOS="795" VPOS="3449" WIDTH="104" />
<SP HEIGHT="29" HPOS="900" VPOS="3449" WIDTH="28" />
<String CONTENT="entitled" HEIGHT="40" HPOS="929" VPOS="3438" WIDTH="202" />
<SP HEIGHT="38" HPOS="1132" VPOS="3439" WIDTH="35" />
<String CONTENT="&#8216;A" HEIGHT="38" HPOS="1168" VPOS="3438" WIDTH="52" />
<SP HEIGHT="38" HPOS="1221" VPOS="3438" WIDTH="31" />
<String CONTENT="handbook" HEIGHT="40" HPOS="1253" VPOS="3437" WIDTH="257" />
<SP HEIGHT="38" HPOS="1511" VPOS="3439" WIDTH="32" />
<String CONTENT="of" HEIGHT="39" HPOS="1544" VPOS="3438" WIDTH="50" />
<SP HEIGHT="38" HPOS="1595" VPOS="3438" WIDTH="33" />
<String CONTENT="NRA;" CS="1" HEIGHT="38" HPOS="1629" VPOS="3438" WIDTH="130" />
<SP HEIGHT="36" HPOS="1787" VPOS="3441" WIDTH="35" />
<String CONTENT="laws," HEIGHT="44" HPOS="1823" VPOS="3441" WIDTH="133" />
<SP HEIGHT="36" HPOS="1957" VPOS="3449" WIDTH="32" />
<String CONTENT="regulations," HEIGHT="107" HPOS="179" VPOS="3441" WIDTH="1976" />
<SP HEIGHT="36" HPOS="321" VPOS="3512" WIDTH="27" />
<String CONTENT="codes'," CS="1" HEIGHT="43" HPOS="349" VPOS="3502" WIDTH="167" />
<SP HEIGHT="35" HPOS="517" VPOS="3510" WIDTH="28" />
<String CONTENT="and" HEIGHT="38" HPOS="546" VPOS="3499" WIDTH="94" />
<SP HEIGHT="38" HPOS="641" VPOS="3499" WIDTH="26" />
<String CONTENT="was" HEIGHT="29" HPOS="668" VPOS="3507" WIDTH="101" />
<SP HEIGHT="36" HPOS="770" VPOS="3507" WIDTH="25" />
<String CONTENT="published" HEIGHT="48" HPOS="796" VPOS="3495" WIDTH="254" />
<SP HEIGHT="39" HPOS="1051" VPOS="3496" WIDTH="27" />
<String CONTENT="on" HEIGHT="29" HPOS="1079" VPOS="3506" WIDTH="58" />
<SP HEIGHT="40" HPOS="1138" VPOS="3494" WIDTH="30" />
<String CONTENT="September" HEIGHT="47" HPOS="1169" VPOS="3494" WIDTH="277" />
<SP HEIGHT="37" HPOS="1447" VPOS="3496" WIDTH="28" />
<String CONTENT="12," HEIGHT="47" HPOS="1476" VPOS="3494" WIDTH="67" />
<SP HEIGHT="45" HPOS="1544" VPOS="3496" WIDTH="30" />
<String CONTENT="1933.&gt;&#8221;" HEIGHT="47" HPOS="1575" VPOS="3494" WIDTH="184" />
</TextLine>
<TextLine CS="1" HEIGHT="107" HPOS="180" LANG="en-US" VPOS="3551" WIDTH="1978">
<String CONTENT="&#8220;The" HEIGHT="39" HPOS="252" VPOS="3560" WIDTH="128" />
<SP HEIGHT="40" HPOS="381" VPOS="3559" WIDTH="33" />
<String CONTENT="NRA" HEIGHT="39" HPOS="415" VPOS="3557" WIDTH="131" />
<SP HEIGHT="38" HPOS="547" VPOS="3557" WIDTH="34" />
<String CONTENT="reporter," HEIGHT="46" HPOS="582" VPOS="3555" WIDTH="230" />
<SP HEIGHT="35" HPOS="813" VPOS="3563" WIDTH="36" />
<String CONTENT="a" HEIGHT="28" HPOS="850" VPOS="3563" WIDTH="26" />
<SP HEIGHT="28" HPOS="877" VPOS="3563" WIDTH="35" />
<String CONTENT="semi-monthly" HEIGHT="47" HPOS="913" VPOS="3551" WIDTH="356" />
<SP HEIGHT="36" HPOS="1270" VPOS="3562" WIDTH="40" />
<String CONTENT="..." HEIGHT="8" HPOS="1311" VPOS="3582" WIDTH="44" />
<SP HEIGHT="28" HPOS="1356" VPOS="3562" WIDTH="39" />
<String CONTENT="relating" HEIGHT="47" HPOS="1396" VPOS="3551" WIDTH="210" />
<SP HEIGHT="43" HPOS="1607" VPOS="3555" WIDTH="33" />
<String CONTENT="to" HEIGHT="35" HPOS="1641" VPOS="3555" WIDTH="48" />
<SP HEIGHT="35" HPOS="1690" VPOS="3555" WIDTH="34" />
<String CONTENT="the" HEIGHT="38" HPOS="1725" VPOS="3553" WIDTH="83" />
<SP HEIGHT="39" HPOS="1809" VPOS="3552" WIDTH="31" />
<String CONTENT="National" HEIGHT="40" HPOS="1841" VPOS="3551" WIDTH="230" />
<SP HEIGHT="38" HPOS="2072" VPOS="3553" WIDTH="35" />
<String CONTENT="industrial" HEIGHT="105" HPOS="180" VPOS="3553" WIDTH="1978" />
<SP HEIGHT="37" HPOS="391" VPOS="3617" WIDTH="29" />
<String CONTENT="recovery" HEIGHT="36" HPOS="421" VPOS="3622" WIDTH="226" />
</TextLine>
<TextLine HEIGHT="47" HPOS="680" LANG="en-US" VPOS="3607" WIDTH="1494">
<String CONTENT="act" HEIGHT="38" HPOS="680" VPOS="3612" WIDTH="75" />
<SP HEIGHT="37" HPOS="756" VPOS="3612" WIDTH="32" />
<String CONTENT="and" HEIGHT="39" HPOS="789" VPOS="3610" WIDTH="93" />
<SP HEIGHT="38" HPOS="883" VPOS="3610" WIDTH="30" />
<String CONTENT="state" HEIGHT="37" HPOS="914" VPOS="3611" WIDTH="127" />
<SP HEIGHT="30" HPOS="1042" VPOS="3618" WIDTH="31" />
<String CONTENT="statutes" HEIGHT="38" HPOS="1074" VPOS="3610" WIDTH="209" />
<SP HEIGHT="29" HPOS="1284" VPOS="3617" WIDTH="31" />
<String CONTENT="supplemental" HEIGHT="47" HPOS="1316" VPOS="3607" WIDTH="354" />
<SP HEIGHT="38" HPOS="1671" VPOS="3609" WIDTH="31" />
<String CONTENT="thereto," HEIGHT="44" HPOS="1703" VPOS="3608" WIDTH="200" />
<SP HEIGHT="43" HPOS="1904" VPOS="3609" WIDTH="33" />
<String CONTENT="has" HEIGHT="38" HPOS="1938" VPOS="3609" WIDTH="86" />
<SP HEIGHT="39" HPOS="2025" VPOS="3609" WIDTH="31" />
<String CONTENT="been" HEIGHT="39" HPOS="2057" VPOS="3609" WIDTH="117" />
</TextLine>
<TextLine CS="1" HEIGHT="109" HPOS="179" LANG="en-US" VPOS="3664" WIDTH="1977">
<String CONTENT="published" HEIGHT="50" HPOS="179" VPOS="3673" WIDTH="255" />
<SP HEIGHT="38" HPOS="435" VPOS="3673" WIDTH="34" />
<String CONTENT="semi-monthly" HEIGHT="46" HPOS="470" VPOS="3667" WIDTH="358" />
<SP HEIGHT="37" HPOS="829" VPOS="3676" WIDTH="34" />
<String CONTENT="since" HEIGHT="39" HPOS="864" VPOS="3666" WIDTH="130" />
<SP HEIGHT="39" HPOS="995" VPOS="3665" WIDTH="34" />
<String CONTENT="Oct." HEIGHT="39" HPOS="1030" VPOS="3665" WIDTH="99" />
<SP HEIGHT="37" HPOS="1130" VPOS="3666" WIDTH="37" />
<String CONTENT="16," HEIGHT="45" HPOS="1168" VPOS="3664" WIDTH="66" />
<SP HEIGHT="44" HPOS="1235" VPOS="3665" WIDTH="36" />
<String CONTENT="1933." HEIGHT="39" HPOS="1272" VPOS="3664" WIDTH="126" />
<SP HEIGHT="39" HPOS="1399" VPOS="3664" WIDTH="65" />
<String CONTENT="Its" HEIGHT="39" HPOS="1465" VPOS="3664" WIDTH="70" />
<SP HEIGHT="29" HPOS="1536" VPOS="3674" WIDTH="35" />
<String CONTENT="arrangement," HEIGHT="44" HPOS="1572" VPOS="3667" WIDTH="344" />
<SP HEIGHT="28" HPOS="1917" VPOS="3675" WIDTH="31" />
<String CONTENT="and" HEIGHT="38" HPOS="1949" VPOS="3666" WIDTH="95" />
<SP HEIGHT="38" HPOS="2045" VPOS="3666" WIDTH="33" />
<String CONTENT="section" HEIGHT="97" HPOS="181" VPOS="3675" WIDTH="1975" />
<SP HEIGHT="29" HPOS="284" VPOS="3741" WIDTH="30" />
<String CONTENT="numbering" HEIGHT="46" HPOS="315" VPOS="3727" WIDTH="285" />
<SP HEIGHT="48" HPOS="601" VPOS="3725" WIDTH="32" />
<String CONTENT="follow" HEIGHT="39" HPOS="634" VPOS="3725" WIDTH="165" />
</TextLine>
<TextLine HEIGHT="48" HPOS="836" LANG="en-US" VPOS="3719" WIDTH="1338">
<String CONTENT="that" HEIGHT="38" HPOS="836" VPOS="3724" WIDTH="107" />
<SP HEIGHT="36" HPOS="944" VPOS="3725" WIDTH="35" />
<String CONTENT="of" HEIGHT="39" HPOS="980" VPOS="3722" WIDTH="49" />
<SP HEIGHT="39" HPOS="1030" VPOS="3722" WIDTH="33" />
<String CONTENT="this" HEIGHT="40" HPOS="1064" VPOS="3721" WIDTH="98" />
<SP HEIGHT="28" HPOS="1163" VPOS="3731" WIDTH="34" />
<String CONTENT="volume." HEIGHT="37" HPOS="1198" VPOS="3723" WIDTH="201" />
<SP HEIGHT="37" HPOS="1400" VPOS="3721" WIDTH="67" />
<String CONTENT="Beginnnig" HEIGHT="48" HPOS="1468" VPOS="3719" WIDTH="271" />
<SP HEIGHT="36" HPOS="1740" VPOS="3731" WIDTH="33" />
<String CONTENT="with" HEIGHT="40" HPOS="1774" VPOS="3719" WIDTH="116" />
<SP HEIGHT="38" HPOS="1891" VPOS="3721" WIDTH="36" />
<String CONTENT="the" HEIGHT="39" HPOS="1928" VPOS="3720" WIDTH="81" />
<SP HEIGHT="38" HPOS="2010" VPOS="3721" WIDTH="34" />
<String CONTENT="issue" HEIGHT="39" HPOS="2045" VPOS="3721" WIDTH="129" />
</TextLine>
<TextLine CS="1" HEIGHT="56" HPOS="183" LANG="en-US" VPOS="3775" WIDTH="1801">
<String CONTENT="of" HEIGHT="40" HPOS="183" VPOS="3789" WIDTH="49" />
<SP HEIGHT="39" HPOS="233" VPOS="3789" WIDTH="31" />
<String CONTENT="Jan." HEIGHT="39" HPOS="265" VPOS="3789" WIDTH="107" />
<SP HEIGHT="40" HPOS="373" VPOS="3787" WIDTH="31" />
<String CONTENT="15," HEIGHT="46" HPOS="405" VPOS="3785" WIDTH="67" />
<SP HEIGHT="46" HPOS="473" VPOS="3785" WIDTH="33" />
<String CONTENT="1934," HEIGHT="45" HPOS="507" VPOS="3783" WIDTH="126" />
<SP HEIGHT="46" HPOS="634" VPOS="3782" WIDTH="32" />
<String CONTENT="it" HEIGHT="38" HPOS="667" VPOS="3782" WIDTH="37" />
<SP HEIGHT="36" HPOS="705" VPOS="3784" WIDTH="32" />
<String CONTENT="supplements" HEIGHT="46" HPOS="738" VPOS="3780" WIDTH="331" />
<SP HEIGHT="37" HPOS="1070" VPOS="3780" WIDTH="27" />
<String CONTENT="this" HEIGHT="40" HPOS="1098" VPOS="3777" WIDTH="97" />
<SP HEIGHT="30" HPOS="1196" VPOS="3787" WIDTH="31" />
<String CONTENT="volume" HEIGHT="39" HPOS="1228" VPOS="3778" WIDTH="190" />
<SP HEIGHT="29" HPOS="1419" VPOS="3787" WIDTH="31" />
<String CONTENT="completely.&#8221;&#8212;p." HEIGHT="48" HPOS="1451" VPOS="3775" WIDTH="432" />
<SP HEIGHT="28" HPOS="1884" VPOS="3796" WIDTH="37" />
<String CONTENT="[iv]" CS="1" HEIGHT="48" HPOS="1922" VPOS="3776" WIDTH="62" />
</TextLine>
<TextLine CS="1" HEIGHT="54" HPOS="253" LANG="en-US" VPOS="3835" WIDTH="638">
<String CONTENT="Bibliography;" CS="1" HEIGHT="48" HPOS="253" VPOS="3841" WIDTH="348" />
<SP HEIGHT="36" HPOS="628" VPOS="3849" WIDTH="32" />
<String CONTENT="p." HEIGHT="36" HPOS="661" VPOS="3849" WIDTH="40" />
<SP HEIGHT="34" HPOS="702" VPOS="3842" WIDTH="30" />
<String CONTENT="48-50." HEIGHT="41" HPOS="733" VPOS="3835" WIDTH="158" />
</TextLine>
<TextLine CS="1" HEIGHT="63" HPOS="184" LANG="en-US" VPOS="3887" WIDTH="1987">
<String CONTENT="&#169;" HEIGHT="51" HPOS="184" VPOS="3899" WIDTH="50" />
<SP HEIGHT="51" HPOS="235" VPOS="3899" WIDTH="28" />
<String CONTENT="Apr." HEIGHT="46" HPOS="264" VPOS="3903" WIDTH="112" />
<SP HEIGHT="39" HPOS="377" VPOS="3901" WIDTH="28" />
<String CONTENT="10," HEIGHT="45" HPOS="406" VPOS="3899" WIDTH="67" />
<SP HEIGHT="45" HPOS="474" VPOS="3899" WIDTH="28" />
<String CONTENT="1934;" CS="1" HEIGHT="39" HPOS="503" VPOS="3897" WIDTH="114" />
<SP HEIGHT="47" HPOS="644" VPOS="3895" WIDTH="30" />
<String CONTENT="2c." HEIGHT="39" HPOS="675" VPOS="3895" WIDTH="65" />
<SP HEIGHT="39" HPOS="741" VPOS="3894" WIDTH="30" />
<String CONTENT="May" HEIGHT="45" HPOS="772" VPOS="3894" WIDTH="112" />
<SP HEIGHT="46" HPOS="885" VPOS="3893" WIDTH="27" />
<String CONTENT="17;" CS="1" HEIGHT="38" HPOS="913" VPOS="3893" WIDTH="54" />
<SP HEIGHT="36" HPOS="995" VPOS="3901" WIDTH="30" />
<String CONTENT="aff." HEIGHT="41" HPOS="1026" VPOS="3889" WIDTH="82" />
<SP HEIGHT="38" HPOS="1109" VPOS="3891" WIDTH="29" />
<String CONTENT="May" HEIGHT="45" HPOS="1139" VPOS="3891" WIDTH="112" />
<SP HEIGHT="47" HPOS="1252" VPOS="3889" WIDTH="27" />
<String CONTENT="16;" CS="1" HEIGHT="40" HPOS="1280" VPOS="3888" WIDTH="58" />
<SP HEIGHT="45" HPOS="1363" VPOS="3889" WIDTH="27" />
<String CONTENT="A" HEIGHT="37" HPOS="1391" VPOS="3889" WIDTH="41" />
<SP HEIGHT="39" HPOS="1433" VPOS="3889" WIDTH="26" />
<String CONTENT="71687;" CS="1" HEIGHT="41" HPOS="1460" VPOS="3887" WIDTH="142" />
<SP HEIGHT="46" HPOS="1631" VPOS="3888" WIDTH="32" />
<String CONTENT="Federal" HEIGHT="39" HPOS="1664" VPOS="3888" WIDTH="203" />
<SP HEIGHT="37" HPOS="1868" VPOS="3891" WIDTH="30" />
<String CONTENT="codes," HEIGHT="48" HPOS="1899" VPOS="3888" WIDTH="151" />
<SP HEIGHT="47" HPOS="2051" VPOS="3889" WIDTH="30" />
<String CONTENT="inc." HEIGHT="40" HPOS="2082" VPOS="3889" WIDTH="89" />
</TextLine>
<TextLine HEIGHT="44" HPOS="261" LANG="en-US" VPOS="3955" WIDTH="279">
<String CONTENT="(34-27129)" HEIGHT="44" HPOS="261" VPOS="3955" WIDTH="279" />
</TextLine>
</TextBlock>
</PrintSpace>
</Page>
</Layout>
</alto>