2350 4196
1070 4022 133 51 1355

227 439 63 44 xi,
321 440 85 40 519
432 450 44 37 p.
505 439 107 40 incl.
642 439 164 49 front.,
836 440 143 47 illus.,
1007 438 175 48 diagrs.
1244 435 56 42 23½
1332 438 44 22 cm
1381 469 8 8 .

228 496 348 49 Bibliography
604 500 50 37 at
681 498 92 39 end
798 496 52 40 of
874 499 125 37 most
1025 495 52 40 of
1103 495 80 40 the
1208 494 239 48 chapters.

161 551 1993 51 © Sept. 21, 1934; 2c. Sept. 22; aff. Oct. 11; A 76514; McGraw-Hill book
227 621 79 37 co.,
333 612 89 39 inc.
494 611 279 48 (34-34384)

154 716 246 66 Bredon,
433 716 201 56 Juliet.

222 793 284 53 Hundred
530 794 218 67 Altars,
769 794 74 68 by
868 793 184 55 Juliet
1074 793 246 52 Bredon.
1396 792 138 52 New
1559 791 181 68 York,
1765 792 190 66 Dodd,
1983 792 170 52 Mead

151 873 111 52 and
290 888 298 51 company,
618 874 150 52 1934.

226 944 87 38 viii
336 954 58 38 p.,
423 945 24 38 1
497 976 23 16 l.,
545 943 87 42 336
657 955 44 37 p.
762 944 56 40 20½
851 947 44 21 cm
900 977 8 8 .

226 1000 285 41 Illustrated
542 1000 361 49 lining-papers.

159 1055 50 51 ©
247 1060 101 40 Oct.
382 1059 67 48 18,
485 1058 114 41 1934;
663 1060 64 39 2c.
765 1060 95 39 and
896 1059 80 40 aff.
1015 1059 100 41 Oct.
1150 1058 80 47 20;
1269 1059 39 38 A
1345 1058 169 47 76660;
1555 1058 153 40 Juliet
1743 1060 193 39 Bredon
1972 1060 179 48 Lauru,

225 1116 214 48 Peiping,
470 1116 167 41 China.
711 1115 278 49 (34-34438)

148 1216 231 69 Brown,
409 1218 339 67 Lawrason,
787 1220 168 54 1871-

223 1296 173 54 Rules
423 1297 93 53 for
543 1315 265 49 recovery
836 1297 152 53 from
1017 1297 340 68 pulmonary
1384 1296 399 68 tuberculosis;
1816 1317 28 33 a
1876 1298 276 67 layman’s

196 1376 1957 68 handbook of treatment, by Lawrason Brown … 6th ed.,
155 1454 346 68 thoroughly
529 1473 112 35 rev.
717 1455 424 67 Philadelphia,
1172 1455 112 52 Lea
1312 1458 45 50 &
1384 1454 260 68 Febiger,
1674 1458 148 49 1934.

227 1527 84 40 275
340 1537 42 38 p.
443 1528 55 40 18
502 1531 42 20 cm
552 1560 6 6 .

229 1582 71 41 On
326 1594 166 31 cover:
520 1585 150 41 Rules
695 1584 79 40 for
801 1595 226 37 recovery
1052 1585 127 38 from
1204 1584 336 41 tuberculosis.

227 1641 348 49 Bibliography:
638 1653 41 37 p.
709 1642 216 41 258-263.

158 1695 50 52 ©
240 1700 99 40 Oct.
372 1700 39 47 5,
442 1699 140 48 1934;
617 1700 65 40 2c.
715 1700 101 41 Oct.
849 1700 52 47 6;
936 1700 79 40 aff.
1049 1699 100 41 Oct.
1180 1700 52 46 8;
1267 1700 41 38 A
1340 1699 170 46 76387;
1544 1699 96 40 Lea
1673 1700 37 40 &
1741 1699 215 48 Febiger.

235 1757 279 48 (34-34058)

147 1857 336 68 Browning,
518 1861 241 65 Robert,
797 1865 324 51 1812-1889.

222 1938 1932 70 The poems and plays of Robert Browning … New York,
150 2017 119 54 The
297 2017 244 53 Modern
569 2017 221 70 library
823 2051 14 35 [
840 2024 20 22 c
863 2021 137 50 1934
1003 2051 13 35 ]

223 2091 115 47 xvii,
356 2090 113 42 1223
488 2103 43 37 p.
584 2091 55 40 21
643 2094 44 21 cm
693 2125 8 8 .
786 2092 278 49 (Half-title:
1085 2092 101 41 The
1210 2093 199 40 modern
1434 2093 185 48 library
1645 2092 51 40 of
1722 2093 82 40 the
1829 2091 193 42 world’s
2048 2094 105 39 best

153 2149 173 48 books)

221 2207 228 39 Includes
469 2205 167 41 music.

224 2263 163 40 “First
414 2264 202 39 Modern
644 2263 187 48 library
859 2263 197 47 edition,
1087 2262 156 42 1934.”

155 2315 50 52 ©
234 2320 102 41 Oct.
363 2320 69 48 15,
461 2319 140 48 1934;
631 2320 67 42 2c.
728 2320 101 42 Oct.
860 2321 81 46 18;
972 2320 80 40 aff.
1084 2320 98 41 Oct.
1213 2321 82 46 17;
1328 2320 41 39 A
1395 2320 171 48 75831;
1600 2320 203 41 Modern
1830 2321 199 46 library,
2060 2320 91 40 inc.

227 2377 280 49 [Copyright
537 2379 44 38 is
610 2378 205 39 claimed
848 2388 58 29 on
937 2376 331 41 introduction
1299 2379 60 47 by
1395 2378 125 40 Saxe
1553 2377 260 49 Commins]

234 2433 278 49 (34-34571)

145 2536 247 68 Burton,
425 2539 245 55 Charles
699 2538 220 66 Pierce,
953 2542 169 51 1862-

218 2616 170 53 Bob’s
426 2616 130 52 Hill
597 2635 72 34 on
708 2617 94 52 the
843 2617 113 66 air;
999 2636 149 34 some
1190 2618 338 53 adventures
1568 2616 127 55 that
1734 2617 96 53 the
1870 2621 284 64 secretary

150 2694 180 53 failed
364 2699 59 48 to
459 2696 197 51 record
691 2696 62 51 in
787 2696 96 51 the
919 2695 284 53 “Minutes
1238 2695 64 52 of
1336 2696 95 52 the
1466 2694 303 69 meeting”,
1803 2694 76 69 by
1916 2694 236 56 Charles

150 2773 1896 69 Pierce Burton. New York. H. Holt and company [ c 1934]
221 2845 847 49 5 p. l., 3-257 p. front. 19½ cm .
157 2899 50 51 ©
240 2903 99 41 Oct.
373 2904 68 46 11,
473 2902 140 47 1934;
648 2904 65 39 2c.
749 2903 100 40 Oct.
883 2904 81 45 17;
1000 2903 80 40 aff.
1117 2904 99 41 Oct.
1250 2904 82 47 18;
1367 2905 41 38 A
1439 2904 171 48 75807;
1647 2905 169 48 Henry
1848 2905 119 40 Holt
2000 2905 36 39 &
2069 2915 81 32 co.,

222 2961 87 39 inc.
384 2959 279 49 (34-34015)

152 3061 219 68 Butler,
404 3063 145 55 Ellis
579 3064 245 65 Parker,
858 3068 171 51 1869-

220 3141 273 69 Hunting
530 3142 96 53 the
665 3161 159 49 wow,
862 3142 76 67 by
979 3143 148 53 Ellis
1165 3143 220 54 Parker
1427 3145 231 66 Butler;
1701 3145 326 52 illustrated
2067 3143 78 69 by

152 3220 246 53 Thomas
432 3221 56 54 J.
523 3221 275 69 Fogarty.
873 3221 139 53 New
1047 3221 180 69 York,
1260 3223 69 52 R.
1364 3222 80 53 M.
1479 3223 277 53 McBride
1792 3224 46 51 &
1872 3241 280 51 company

155 3332 12 32 [
172 3305 17 21 c
195 3302 133 50 1934
332 3333 13 33 ]

222 3374 82 39 xiv
330 3384 58 38 p.,
415 3374 24 38 1
491 3405 22 15 l.,
542 3373 174 41 17-205
742 3384 44 37 p.
846 3374 129 40 illus.
1036 3373 55 40 19½
1123 3376 44 22 cm
1173 3406 7 9 .

226 3430 160 41 “First
407 3430 226 41 edition.”

159 3482 48 51 ©
238 3487 100 40 Oct.
366 3487 68 41 11,
464 3486 114 41 1934;
636 3487 64 40 2c.
733 3487 100 40 Oct.
863 3487 81 46 18;
978 3486 80 42 aff.
1090 3487 99 41 Oct.
1219 3489 82 46 17;
1333 3489 41 38 A
1403 3488 169 48 76596;
1604 3490 53 40 E.
1687 3490 50 39 P.
1767 3490 185 47 Butler,
223 3490 1911 102 Flushing,
343 3544 55 41 N.
424 3545 51 38 Y.
549 3545 279 47 (34-34573)

152 3645 209 67 Cabell,
392 3649 205 53 James
624 3649 255 63 Branch,
913 3649 172 55 1879-

221 3725 206 55 Ladies
479 3727 113 53 and
646 3728 349 68 gentlemen;
1052 3747 30 33 a
1136 3729 191 67 parcel
1377 3727 66 55 of
1496 3729 529 69 reconsiderations,
2078 3730 76 70 by

160 3804 1987 79 Branch Cabell … New York, R. M. McBride & company,
156 3885 144 50 1934.

224 3968 44 36 x,
297 3957 85 40 304
408 3968 58 38 p.,
495 3959 25 40 1
571 3989 10 10 l.
639 3957 57 41 20½
727 3960 47 23 cm
776 3988 8 10 .
