2350 4196
1145 3992 132 48 1164

197 385 226 65 Forest,
458 385 195 63 Louis,
691 384 322 53 1872-1933.

334 460 1451 68 … France, arme-toi. Paris, M. d'Hartoy [c1933]
277 531 1847 51 265 p., 2 l. 2 port. 19cm. ( On cove r: Les problèmes contemporains)
279 590 279 40 Cover-title:
629 591 197 47 France,
870 590 221 40 arme-toi;
1162 589 279 39 documents
1481 585 164 41 réunis
1687 588 47 38 et
1773 586 289 40 commentés
2103 598 87 37 par

207 648 164 39 Pierre
400 647 250 42 Fontaine.

282 700 1909 50 “Il a été tiré de cet ouvrage … deux cent cinquante exemplaires sur
208 760 127 39 vélin
357 760 253 45 supérieur
633 762 82 38 des
737 761 279 46 Papeteries
1039 761 193 45 Prioux,
1257 757 275 40 numérotés
1556 759 56 37 de
1635 759 24 37 1
1684 757 28 39 à
1735 757 97 40 250.
1884 758 307 47 Exemplaire

208 829 31 27 no
284 815 128 43 250.”

282 872 173 41 “Louis
482 873 171 41 Forest
688 873 373 48 (1872-1933)”:
1089 884 42 36 p.
1163 871 204 50 [21]-[24]

210 927 51 51 ©
337 942 69 28 Nov.
440 932 37 45 5,
509 930 138 42 1933;
740 965 5 6 1c.
778 932 109 38 Dec.
921 930 80 41 28:
1036 932 99 37 A-
1138 930 204 46 Foreign
1374 928 169 40 23167:
1579 928 217 39 Maurice
1829 928 251 47 d'Hartoy.

289 988 276 48 (34-30681)

272 1087 254 55 Frankie
568 1090 59 51 in
671 1089 394 64 wonderland;
1112 1088 139 51 with
1295 1085 288 69 apologies
1624 1092 57 47 to
1724 1086 183 53 Lewis
1953 1086 240 66 Carroll,

208 1166 92 50 the
330 1166 316 67 originator
678 1167 110 51 and
820 1164 408 69 pre-historian
1256 1163 64 53 of
1349 1164 94 51 the
1472 1181 123 34 new
1627 1162 142 53 deal.
1836 1163 91 68 By
1958 1181 32 34 a
2022 1162 171 69 Tory.

265 1259 80 34 New
371 1243 163 51 York
557 1243 133 58 city,
717 1243 65 51 E.
811 1244 63 51 P.
901 1243 221 51 Dutton
1148 1241 43 50 &
1219 1259 95 49 co.,
1340 1241 126 67 inc.,
1493 1242 174 51 c1934.

277 1314 56 38 24
359 1325 43 37 p.
463 1314 143 41 19½cm.

215 1370 50 50 ©
328 1376 47 36 July
437 1376 67 44 17,
532 1373 139 40 1934:
702 1373 65 40 2c.
797 1375 93 37 and
921 1373 78 39 aff.
1030 1373 118 46 Aug.
1175 1372 54 39 10:
1286 1373 41 37 A
1356 1371 166 40 73510:
1555 1373 51 37 E.
1637 1372 48 38 P.
1716 1372 186 39 Dutton
1931 1372 36 39 &
2021 1382 54 35 co.,
2106 1371 89 40 inc.

295 1430 276 43 (34-30372)

207 1533 147 62 Hall,
390 1534 224 62 George
647 1532 239 63 Martin,
923 1536 169 49 1891-

337 1608 1860 68 … Ground water in southeastern Pennsylvania, by George
208 1686 1990 68 M. Hall … with analyses by Margaret D. Foster and Charles
211 1764 53 53 S.
312 1766 272 51 Howard.
677 1766 317 66 (Prepared
1039 1768 60 49 in
1144 1766 360 66 cooperation
1547 1766 250 51 between
1841 1766 94 50 the
1981 1765 216 54 United

212 1842 186 54 States
439 1843 325 68 Geological
805 1861 204 49 survey
1050 1844 110 51 and
1199 1844 93 51 the
1330 1843 422 66 Pennsylvania
1794 1845 405 66 Topographic

212 1923 109 50 and
357 1921 252 68 geologic
646 1922 230 66 survey)
955 1921 372 67 Harrisburg.
1362 1925 100 49 Pa.,
1517 1924 377 64 Department
1930 1922 62 52 of
210 1923 1964 128 internal
341 1997 210 58 affairs,
586 1999 401 68 Topographic
1025 2000 111 51 and
1169 2001 250 65 geologic
1454 2017 220 48 survey.
1711 2003 148 48 1934.

217 2072 1965 104 viii. 255 p. incl. illus., tables, fold. col. map (in pocket) 23cm. (Pennsylvania. Geological survey. 4th, 1919- Bulletin W 2)
288 2187 346 46 Bibliography:
692 2196 40 36 p.
762 2185 97 38 2-4.

221 2240 50 50 ©
302 2245 110 45 Apr.
503 2274 8 15 18,
542 2242 112 39 1934;
715 2241 65 39 2c.
812 2242 112 45 May
953 2241 25 37 28:
1068 2241 78 39 aff.
1178 2242 113 45 May
1320 2241 55 39 26;
1434 2242 41 38 A
1507 2241 141 39 72517;
1710 2241 410 40 Commonwealth
2150 2241 52 42 of

290 2299 368 45 Pennsylvania,
696 2298 311 46 Harrisburg,
1043 2298 81 38 Pa.
1195 2297 61 47 (G
1278 2297 27 40 S
1324 2298 114 39 34-81)

212 2401 246 64 Haring,
492 2400 275 55 Clarence
796 2401 222 63 Henry,
1054 2404 92 48 188
1158 2407 62 44 5-

290 2475 1914 71 South American progress, by C. H. Haring … Cambridge,
219 2554 187 56 Mass.,
436 2554 272 52 Harvard
740 2553 316 68 university
1087 2572 171 49 press,
1291 2557 149 50 1934.

323 2625 860 52 vi, [1] p., 2 l., 3-240, [1]. p. 20½cm.
294 2683 270 48 “Prepared
608 2693 52 29 as
705 2683 206 39 lectures
956 2686 48 37 to
1048 2683 57 39 be
1148 2684 240 40 delivered
1435 2686 52 38 at
1534 2685 81 38 the
1662 2683 177 40 Lowell
1885 2683 225 39 institute
2157 2683 49 38 in

223 2739 1982 50 Boston, Massachusetts, in November, 1933 … They … [give] a rapid
222 2807 174 34 survey
437 2796 50 39 of
527 2797 82 40 the
645 2795 220 47 political
901 2796 244 39 evolution
1185 2796 51 39 of
1275 2797 81 40 the
1397 2797 239 47 principal
1679 2796 239 48 republics
1961 2796 50 39 of
2054 2794 151 41 South

223 2853 232 40 America,
489 2853 93 39 and
616 2852 50 39 of
697 2852 127 39 their
853 2852 348 39 international
1234 2853 244 49 relations,
1514 2854 130 40 since
1678 2854 82 40 the
1793 2854 329 39 achievement
2157 2852 50 39 of

223 2907 585 48 independence.”—Pref.

226 2964 51 50 ©
312 2968 123 46 Sept.
466 2969 39 37 4.
537 2966 112 39 1934:
707 2966 24 37 2c.
807 2966 126 46 Sept.
965 2967 24 39 8;
1050 2967 79 38 aff.
1165 2967 122 47 Sept.
1321 2969 53 39 13;
1436 2969 41 38 A
1508 2968 140 40 75292;
1709 2968 255 40 President
1995 2970 94 37 and
296 2968 1892 93 fellows
447 3024 50 37 of
529 3024 226 37 Harvard
789 3024 189 45 college.
1014 3023 296 47 Cambridge.
1346 3026 145 38 Mass.
1566 3025 277 48 (34-30373)

221 3124 245 63 Hoover,
497 3124 174 51 Irwin
703 3125 181 61 Hood,
920 3123 318 53 1871-1933.

289 3203 320 65 Forty-two
642 3219 162 49 years
834 3203 60 49 in
928 3202 92 50 the
1052 3202 191 51 White
1276 3205 211 65 House,
1517 3205 74 66 by
1623 3205 180 52 Irwin
1834 3204 172 53 Hood
2040 3201 155 69 (Ike)

219 3281 247 52 Hoover,
529 3278 150 54 chief
743 3279 180 51 usher.
1002 3280 210 51 Boston
1277 3283 110 50 and
1507 3302 79 32 New
1650 3282 179 65 York,
1890 3282 316 66 Houghton

220 3355 196 53 Mifflin
452 3374 294 49 company,
781 3360 147 49 1934.

297 3431 80 38 xii.
406 3431 84 38 332
518 3442 41 34 p.
616 3430 161 39 front.,
806 3430 169 48 plates,,
1006 3433 145 43 ports.
1207 3432 112 37 21cm.

231 3483 50 51 ©
315 3489 123 43 Sept.
471 3486 66 38 18.
569 3484 137 40 1934;
740 3486 63 36 2c.
837 3486 92 37 and
963 3485 79 40 aff.
1074 3485 99 40 Oct.
1204 3488 49 38 5:
1289 3488 39 37 A
1359 3488 166 41 76339:
1561 3490 168 39 James
1758 3489 213 40 Osborne
2002 3488 205 46 Hoover,

299 3543 329 40 Washington,
662 3543 91 37 and
789 3541 204 39 Mildred
1025 3542 190 38 Hoover
1250 3544 220 41 Stewart.
1505 3546 115 39 Fort
1654 3546 322 46 Humphreys.
2008 3544 85 38 Va.

228 3703 262 64 [Jarrell,
525 3701 135 52 Mrs.
696 3702 148 52 Cora
876 3701 289 63 (Hardy)]

408 3780 232 49 Pattern
691 3777 52 50 in
790 3777 163 51 black
996 3780 111 51 and
1150 3779 113 65 red,
1307 3780 72 64 by
1423 3782 267 65 Faraday
1733 3781 192 51 Keene
1990 3777 189 68 [pseud.]

231 3856 214 53 Boston
476 3856 109 51 and
674 3873 80 32 New
784 3853 176 56 York.
989 3855 314 66 Houghton
1332 3857 201 52 Mifflin
1566 3876 294 48 company,
1926 3861 114 48 1934.

303 3926 59 49 vi,
393 3927 54 39 288
505 3938 40 36 p.
607 3926 114 38 20cm.
