2350 4196
1163 4019 96 48 152

198 381 176 65 Hoyt,
403 382 226 65 Nancy,
662 385 170 49 1902-

266 456 184 54 Susan
492 463 208 60 errant,
743 457 72 54 by
859 457 195 68 Nancy
1097 457 173 67 Hoyt.
1354 456 410 68 Indianapolis,
1807 456 119 51 The
195 456 1982 131 Bobbs-Merrill
447 552 274 50 company
795 538 150 64 [c1934]

266 605 86 40 268
389 616 43 38 p.
499 605 145 41 19½cm.

267 662 162 41 “First
458 662 226 41 edition.”

199 719 51 51 ©
283 724 109 38 Feb.
425 723 68 42 16,
527 723 113 40 1934;
701 724 66 39 2c.
802 724 107 39 Feb.
945 724 45 37 21;
1063 723 79 38 aff.
1177 723 107 38 Feb.
1319 723 54 38 23;
1438 724 39 37 A
1510 723 142 40 70326;
1715 724 366 39 Bobbs-Merrill
2117 734 66 30 co.

276 780 248 47 (34-3090)

200 869 264 64 Hughes,
497 870 196 52 Elmer
724 872 258 54 Monroe.

265 946 362 67 Vocabulary
662 946 250 67 builder;
951 946 109 52 five
1094 946 260 52 hundred
1390 964 212 49 groups
1638 946 63 52 of
1736 945 245 69 English
2015 953 172 47 terms

196 1024 231 51 derived
474 1023 149 52 from
669 1024 174 52 Latin
888 1025 112 50 and
1045 1022 200 68 Greek,
1292 1025 138 51 with
1476 1023 377 55 information
1896 1041 291 51 necessary

198 1100 1992 147 for their analysis. Prepared by E. M. Hughes … Indianapolis, Ind., The Classical dept., Shortridge high school
204 1261 191 63 [c1934]

270 1332 53 38 51
355 1341 31 38 p
457 1331 103 40 23cm

206 1385 51 51 ©
291 1390 110 39 Feb.
435 1389 37 41 5,
506 1388 139 40 1934;
681 1388 51 39 2c.
783 1389 94 37 and
911 1387 79 40 aff.
1027 1388 109 39 Feb.
1170 1387 79 40 12:
1288 1388 39 37 A
1360 1387 167 46 69399;
1566 1389 49 37 E.
1653 1388 60 38 M.
1751 1388 212 44 Hughes,
272 1388 1901 105 Indianapolis.
512 1445 247 48 (34-2601)

203 1534 265 65 Hughes,
495 1536 131 63 Ray
653 1536 250 63 Osgood,
933 1534 171 54 1879-

271 1612 120 51 The
417 1617 371 62 government
813 1611 63 54 of
903 1612 137 52 New
1070 1612 159 51 York
1255 1617 170 61 state;
1456 1630 31 34 a
1512 1612 360 67 supplement
1897 1616 58 47 to
203 1629 1967 128 accompany
393 1689 365 68 Community
797 1689 186 67 civics,
1020 1689 278 68 Building
1334 1689 352 67 citizenship,
1725 1689 160 53 Civic
1920 1688 273 68 training,

201 1766 1993 69 by It. O. Hughes … Boston, New York [etc.] Allyn & Bacon,
203 1850 171 48 c1934.

274 1918 748 49 1 p. l., 125 p. illus. 19½cm.
211 1974 50 50 ©
293 1978 108 38 Jan.
431 1978 39 41 3,
501 1977 113 39 1934;
673 1977 66 40 2c.
772 1977 107 38 Feb.
956 1987 7 35 8;
998 1975 80 39 aff.
1111 1976 107 38 Feb.
1252 1976 50 39 5:
1337 1976 39 37 A
1408 1975 168 46 70169;
1612 1976 143 37 Allyn
1787 1975 35 39 &
1854 1976 174 38 Bacon.

287 2034 249 48 (34-2621)

212 2125 209 63 Hurja,
454 2124 153 52 Emil
640 2125 271 55 Edward.

276 2200 240 68 History
544 2200 61 51 of
631 2198 366 70 presidential
1026 2198 445 68 inaugurations,
1496 2198 72 69 by
1596 2198 67 52 E.
1693 2198 253 53 Edward
1974 2197 220 68 Hurja;

212 2275 1983 70 with foreword by James A. Farley … New York, N. Y., New
211 2356 158 51 York
395 2356 285 53 democrat
705 2355 129 66 pub.
865 2372 167 50 corp.,
1060 2358 147 48 1933.

280 2426 497 47 1 p. l., 7-62 p. 20cm
214 2483 50 51 ©
294 2489 118 38 Mar.
439 2488 39 41 3.
506 2487 138 46 1933;
674 2488 65 37 2c.
768 2488 95 37 and
890 2486 80 39 aff.
998 2487 107 38 Jan.
1134 2487 66 39 25,
1229 2486 139 39 1934;
1399 2487 37 37 A
1466 2486 168 40 69388:
1667 2488 50 38 E.
1749 2488 49 38 E.
1829 2487 174 47 Hurja.
281 2486 1901 105 Washington.
533 2543 249 48 (34-2841)

210 2621 239 63 Jordan,
478 2622 236 63 Stroud,
747 2623 171 49 1885-

281 2694 1914 70 Chocolate evaluation, by Stroud Jordan … assisted by
208 2773 1967 145 Katheryn E. Langwill … New York, Applied sugar laboratories, inc., 1934.
281 2927 61 45 vi,
382 2926 84 39 225
505 2937 41 36 p.
608 2926 141 45 illus.,
790 2926 177 46 diagrs.
1027 2924 145 40 23½cm.
1242 2924 250 47 (Lettered
1533 2936 60 29 on
1632 2934 160 31 cover:
1832 2924 367 47 Confectionery

212 2983 199 40 studies,
471 2993 74 29 no.
577 2982 52 47 3)

283 3039 289 40 References
591 3050 8 27 :
626 3049 42 37 p.
694 3037 226 47 172-188;
950 3037 307 39 “Additional
1282 3037 299 39 references”
1600 3050 8 27 :
1634 3050 41 36 p.
1700 3036 201 41 189-198;
1957 3037 213 39 “Books”
2191 3048 7 27 :

212 3106 41 37 p.
285 3096 216 39 220-221.

219 3149 51 51 ©
299 3155 108 38 Jan.
436 3153 68 39 20.
533 3153 139 39 1934;
704 3153 65 39 2c.
801 3153 96 38 and
925 3151 78 39 aff.
1036 3152 107 39 Feb.
1175 3150 49 45 8;
1257 3151 39 37 A
1326 3150 167 41 70190:
1530 3151 42 40 S.
1604 3152 197 46 Jordan,
1833 3151 115 38 New
1977 3151 143 39 York.

300 3210 247 47 (34-3099)

219 3286 220 62 Eawai,
469 3285 197 54 Michi.

285 3362 283 66 Japanese
591 3380 212 34 women
830 3362 197 66 speak;
1057 3380 30 32 a
1112 3378 245 49 message
1384 3360 150 53 from
1561 3362 94 51 the
1675 3360 292 55 Christian
1986 3377 210 36 women

217 3439 62 50 of
304 3441 190 64 Japan
524 3446 56 45 to
606 3441 93 50 the
729 3440 291 54 Christian
1049 3456 211 34 women
1287 3438 62 51 of
1375 3439 281 66 America,
1686 3439 73 65 by
1787 3439 178 52 Michi
1994 3437 202 53 Kawai

225 3517 146 66 [and]
408 3516 225 54 Ochimi
662 3517 358 65 Kubushiro;
1052 3534 161 33 cover
1243 3516 197 66 design
1468 3518 111 50 and
1610 3515 366 67 frontispiece
2003 3516 75 65 by
2107 3517 92 51 the

219 3594 283 65 Japanese
546 3594 181 53 artist.
774 3594 254 52 Rokuyō.
1106 3595 229 63 Boston,
1380 3594 189 64 Mass.,
1614 3595 119 50 The
1780 3593 231 54 Central
219 3611 1958 110 committee
439 3688 65 33 on
537 3672 93 51 the
719 3672 156 51 United
907 3672 169 64 study
1104 3669 64 53 of
1194 3669 225 66 foreign
1449 3670 276 55 missions.
1758 3674 147 49 1934.

294 3742 24 37 2
346 3751 40 36 p.
413 3744 27 37 1.,
483 3743 177 41 vii-xx,
689 3742 83 39 204
801 3754 39 35 p.
901 3742 161 46 front.,
1091 3744 167 43 plates,
1286 3744 147 44 ports.
1496 3742 145 39 19½cm.

293 3798 343 47 Bibliography
657 3810 7 28 :
699 3810 40 36 p.
773 3799 213 40 195-198.

226 3852 51 51 ©
313 3857 106 38 Jan.
456 3857 67 41 10.
561 3857 137 39 1934;
737 3857 66 39 2c.
839 3858 94 37 and
970 3856 77 38 aff.
1088 3856 106 38 Feb.
1232 3856 51 39 5:
1324 3856 38 36 A
1398 3855 167 44 69316;
1607 3855 195 40 Central
1840 3854 271 41 committee
2147 3864 59 29 on

291 3914 81 37 the
407 3914 173 38 United
620 3915 144 45 study
800 3914 50 37 of
884 3913 189 44 foreign
1110 3912 236 39 missions.
1418 3912 248 47 (34-2882)
