2350 4196
1069 4003 130 49 1019

136 358 207 66 Miller,
374 360 138 53 Mrs.
547 358 185 54 Helen
763 353 324 69 (Topping)
1129 357 167 51 1884-

209 450 145 52 Blue
387 449 313 68 marigolds
759 448 92 69 [by]
892 448 186 52 Helen
1115 443 272 69 Topping
1422 441 212 53 Miller.
1706 438 428 69 Philadelphia,

141 528 118 52 The
287 528 159 51 Penn
476 525 334 70 publishing
839 542 279 50 company
1151 555 14 35 [
1170 528 16 22 c
1191 523 136 51 1934
1329 553 14 36 ]

205 599 87 41 310
319 610 42 37 p.
423 599 55 40 20
482 602 43 20 cm
531 632 7 7 .

209 655 160 41 “First
398 656 230 47 printing,
693 666 105 40 June,
830 654 113 41 1934;
1005 652 170 42 second
1204 650 220 49 printing
1453 649 165 41 before
1649 647 342 49 publication.”

143 724 50 51 ©
224 729 127 39 June
378 728 69 45 26,
477 727 112 40 1834;
648 728 66 39 2c.
746 728 93 38 and
869 726 81 39 aff.
981 726 116 46 Aug.
1130 724 49 46 8;
1213 724 40 38 A
1283 721 169 48 73770;
1485 722 134 39 Penn
1648 721 108 48 pub.
1788 729 66 32 co.

221 784 278 49 (34-22751)

142 888 416 67 [Monmarché,
590 887 237 66 Marcel]
867 888 169 52 1872-

266 969 1871 70 … Bourgogne, Jura, Lyonnais. 7 cartes, 32 plans. Paris,
137 1057 300 67 Hachette,
482 1060 149 49 1933.

208 1131 191 48 lxxxiii,
447 1130 88 40 250
580 1141 43 37 p.
671 1130 108 40 incl.
828 1130 163 46 front.,
1039 1129 128 38 illus.
1196 1127 174 47 (maps,
1419 1125 165 48 plans)
1668 1125 119 39 fold.
1836 1134 124 37 map.
2021 1122 57 40 16
2079 1126 44 20 cm
2128 1155 9 8 .

148 1188 206 49 (Guides
389 1187 271 49 diamants)

209 1245 75 39 An
308 1245 231 47 abridged
565 1244 184 41 edition
773 1244 50 40 of
849 1244 81 39 the
954 1241 217 41 author’s
1198 1241 326 47 “Bourgogne,
1551 1236 422 48 Franche-Comté,
2001 1237 137 48 Jura,

139 1301 287 49 Lyonnais”.
497 1301 178 48 (Paris,
720 1300 139 48 1931)

146 1365 1992 56 © May 10, 1933; 1c. Sept. 13; A-Foreign 22084; Librairie Hachette.
223 1430 279 48 (34-24324)

137 1534 263 64 Montoli,
436 1533 277 57 Robèrto.

212 1624 250 69 Priestly
493 1624 338 68 perfection,
862 1642 102 34 one
995 1623 260 52 hundred
1286 1621 153 53 brief
1468 1620 368 54 meditations
1866 1618 170 53 based
2069 1634 72 36 on

143 1703 94 52 the
261 1704 362 52 exhortation
648 1703 63 52 of
737 1703 157 67 Pope
919 1702 138 52 Pius
1084 1720 35 33 x
1144 1708 57 46 to
1225 1701 96 53 the
1347 1701 192 68 clergy;
1596 1698 155 53 from
1772 1699 97 52 the
1895 1697 247 68 original

144 1775 1997 73 of Rev. Robert Montoli … by Rev. Thomas J. Tobin … with
148 1859 226 67 preface
403 1860 74 66 by
506 1860 95 53 the
630 1861 113 50 late
775 1858 277 56 Cardinal
1083 1858 195 68 Merry
1309 1859 92 51 del
1488 1859 72 51 Val.
1625 1857 140 52 New
1796 1856 180 66 York,
144 1854 1973 135 Cincinnati
396 1944 137 60 [etc.]
573 1938 281 67 Benziger
885 1938 273 65 brothers,
1190 1940 151 48 1934.

217 2010 133 48 xviii,
385 2008 83 42 537
502 2021 42 37 p.
605 2010 148 40 front.
815 2011 53 39 15½
903 2013 42 20 cm
951 2043 7 8 .

220 2069 127 40 “The
372 2068 312 40 exhortation
712 2067 231 41 ‘Haerent
969 2067 174 41 animo’
1173 2067 50 40 of
1249 2068 115 40 Pius
1390 2067 59 40 x”:
1506 2078 43 38 p.
1578 2067 128 39 1-44.

147 2136 50 51 ©
231 2141 112 46 May
374 2140 67 46 16,
473 2139 113 40 1934;
646 2139 66 40 2c.
745 2140 113 47 May
889 2138 80 47 29;
1003 2138 79 40 aff.
1116 2139 125 39 June
1271 2138 52 48 9;
1358 2140 40 37 A
1430 2138 169 47 73001;
1634 2139 236 47 Benziger
1902 2139 122 39 bros.

225 2196 279 49 (34-22573)

144 2300 223 65 Müller,
397 2301 230 65 Armin,
660 2305 171 48 1880-

215 2391 276 55 Struktur
514 2395 117 51 und
656 2392 216 53 aufbau
896 2394 99 51 der
1017 2392 384 69 biologischen
1425 2392 355 69 ganzheiten,
1804 2392 89 53 ein
1916 2391 225 68 beitrag

144 2489 127 35 zum
318 2472 257 67 problem
621 2473 96 51 des
765 2472 295 52 deszensus
1107 2473 98 51 der
1251 2471 365 53 keimdrüsen
1663 2472 100 52 der
1810 2469 332 69 Säugetiere,

146 2549 168 53 sowie
344 2551 99 51 der
470 2550 156 54 tabes
654 2551 118 51 und
800 2550 99 52 der
926 2551 277 67 paralyse,
1232 2569 112 33 von
1372 2552 83 52 dr.
1484 2551 145 52 med.
1661 2549 209 53 Armin
1897 2549 240 66 Müller;

145 2627 104 54 mit
271 2628 180 53 einem
475 2628 318 68 geleitwort
817 2647 109 34 von
950 2628 150 67 prof.
1125 2629 81 52 dr.
1231 2629 165 52 Hans
1419 2629 214 52 André.
1709 2627 256 68 Leipzig,
1989 2629 55 53 J.
2070 2629 71 51 A.

151 2708 197 65 Barth,
381 2711 150 49 1933.

218 2780 485 48 xvi, 192 p. 23 ½ cm .
150 2834 1993 52 © July 28, 1933; 1c. May 1, 1934; A -Foreign 24467; Johann Ambrosius
221 2896 169 39 Barth.
462 2895 279 48 (34-23646)

149 3002 269 61 Murrow,
448 2999 153 56 Cecil
629 3000 327 63 Raymond.

215 3089 147 69 Way
390 3089 63 53 of
479 3088 95 54 the
599 3089 250 69 burning
875 3090 179 68 heart,
1081 3091 74 68 by
1181 3089 155 55 Cecil
1363 3091 69 53 R.
1460 3091 273 52 Murrow.
1796 3089 137 53 New
1964 3088 181 54 York.

146 3166 808 68 The Westministers [ c 1934]
215 3239 587 50 4 p. l. , 5-298 p. 20 cm .
152 3295 53 51 ©
227 3300 116 47 Aug.
368 3300 39 45 3,
433 3298 113 40 1934;
600 3297 65 43 2c.
692 3300 95 38 and
813 3299 79 39 aff.
920 3300 116 47 Aug.
1064 3300 27 39 6;
1141 3301 39 38 A
1206 3300 143 40 73734;
1405 3301 49 40 C.
1482 3301 53 39 R.
1564 3302 227 45 Murrow,
1818 3300 96 39 Des
1942 3297 200 42 Moines.

228 3355 279 49 (34-22760)

143 3459 280 53 National
452 3460 347 54 conference
825 3477 74 35 on
927 3461 103 52 the
1060 3478 103 37 use
1189 3462 64 52 of
1279 3462 169 53 radio
1474 3478 70 37 as
1571 3479 35 36 a
1634 3461 253 55 cultural
1916 3477 227 48 agency

213 3537 59 53 in
299 3554 38 36 a
363 3538 365 64 democracy,
760 3538 380 67 "Washington,
1182 3542 71 50 D.
1338 3582 28 24 C.,
1399 3543 149 50 1934.

216 3628 185 54 Radio
436 3648 59 34 as
526 3648 31 33 a
590 3629 246 52 cultural
867 3648 240 50 agency;
1143 3633 369 66 proceedings
1545 3632 65 52 of
1642 3650 31 33 a
1705 3630 274 53 National
148 3649 1966 111 conference
395 3727 72 35 on
489 3709 95 51 the
608 3726 96 34 use
726 3707 64 53 of
813 3708 161 52 radio
1000 3727 60 34 as
1084 3728 31 33 a
1139 3710 244 52 cultural
1411 3727 213 51 agency
1648 3709 60 52 in
1734 3728 31 33 a
1791 3710 348 66 democracy,

147 3787 188 53 edited
367 3786 75 67 by
476 3788 185 65 Tracy
696 3788 64 50 F.
795 3787 188 66 Tyler.
1057 3787 400 69 Washington,
1490 3790 71 51 D.
1597 3787 83 67 C.,
1712 3789 121 51 The
1866 3786 270 54 National

146 3863 316 53 committee
488 3882 69 34 on
585 3865 297 52 education
908 3865 75 67 by
1009 3865 178 68 radio,
1217 3871 148 49 1934.

220 3937 62 48 ix,
316 3936 84 40 150
433 3947 41 37 p.
535 3936 55 39 22½
623 3940 43 19 cm
672 3969 8 6 .
