2350 4196
1163 3997 99 46 114

321 437 1884 49 "The Constitution of the United States of America … showing all
222 493 215 48 portions
483 495 50 38 of
578 496 82 38 the
706 495 205 47 original
959 495 328 40 Constitution
1333 495 156 40 which
1535 497 122 38 have
1702 496 190 38 become
1937 496 266 39 obsolete”:

222 561 41 37 p.
298 552 217 48 [79]-118.

224 623 50 51 ©
300 628 107 38 Jan.
431 628 67 39 13.
523 627 140 46 1934;
689 627 66 38 2c.
782 627 107 38 Jan.
914 627 55 37 22;
1024 626 79 39 aff.
1130 627 105 38 Jan.
1262 626 82 46 20;
1371 628 41 36 A
1436 625 169 41 70040;
1634 626 149 38 Maud
1811 624 156 41 Smith
1992 626 216 46 Atwood,

289 683 221 47 Chicago.
585 684 248 47 (34-2214)

222 801 373 53 Automobile
627 802 128 53 club
788 803 62 51 of
881 802 295 53 Southern
1209 801 341 54 California.
1623 802 232 53 License
1887 801 153 53 dept.

293 876 302 69 Summary
624 877 62 52 of
711 884 182 46 motor
921 876 213 55 vehicle
1162 883 131 62 acts,
1323 880 151 65 1934,
1499 876 217 54 United
1744 875 205 67 States,
1976 876 233 67 Alaska,

223 954 246 68 Hawaii,
509 955 252 53 Panama
801 956 159 52 canal
999 973 135 35 zone
1174 955 111 54 and
1326 954 295 54 Canadian
1662 954 307 68 provinces.
224 953 1963 147 Compiled
426 1032 71 68 by
544 1032 228 54 License
820 1033 371 68 department,
1236 1032 362 53 Automobile
1646 1032 124 52 club
1819 1032 63 52 of
1928 1032 282 54 Southern

226 1109 335 56 California.
639 1111 127 67 [Los
800 1110 261 68 Angeles]
1101 1118 17 21 c
1123 1112 147 49 1934.

293 1182 87 39 144
406 1193 43 37 p.
506 1182 126 41 illus.
690 1183 57 40 18
748 1184 44 21 cm
798 1214 6 8 .
922 1181 130 49 $1.00

226 1253 50 51 ©
317 1258 107 39 Jan.
464 1258 67 45 16,
571 1257 114 39 1934;
750 1257 65 39 2c.
857 1258 95 38 and
990 1256 81 41 aff.
1112 1257 107 39 Jan.
1258 1257 81 46 23;
1381 1257 41 38 A
1460 1256 169 47 68952;
1670 1257 305 40 Automobile
2015 1257 106 40 club
2160 1257 52 40 of

293 1314 240 40 Southern
568 1313 285 47 California,
889 1314 92 39 Los
1014 1314 218 46 Angeles.
1304 1313 816 47 (34-2469)

223 1430 284 66 Babcock,
536 1433 136 52 Mrs.
701 1430 261 66 Harriet,
995 1431 171 53 1877-

221 1508 1969 146 Dementia praecox; a psychological study, by Harriet Babcock … New York, 1933.
290 1662 83 40 167
402 1673 39 37 p.
505 1661 153 40 tables
687 1663 47 46 (1
763 1661 141 47 fold.)
973 1661 56 40 23½
1061 1663 44 21 cm
1110 1692 9 9 .

224 1715 50 51 ©
308 1721 119 45 Aug.
460 1719 38 46 9,
531 1719 112 39 1933;
706 1720 66 38 2c.
807 1720 106 37 Jan.
948 1719 67 45 26,
1050 1718 113 39 1934;
1225 1718 81 40 aff.
1341 1719 109 39 Jan.
1483 1719 55 38 27;
1601 1720 41 37 A
1674 1718 143 40 70024;
1880 1718 59 38 H.
1975 1717 234 47 Babcock,

289 1776 116 39 New
436 1777 143 38 York.
651 1776 222 47 (34-2263
887 1776 12 46 )

223 1896 293 62 Barrows,
544 1895 189 53 Sarah
759 1896 207 62 Tracy.

224 1971 1991 146 The voice: how to use it; with exercises for tone and articulation, by Sarah T. Barrows … and Anne E. Pierce … Boston,
223 2127 189 68 Mass.,
442 2127 350 69 Expression
825 2146 278 50 company
1140 2161 11 33 [
1157 2136 18 20 c
1179 2132 151 62 1933]

296 2210 75 38 xv,
402 2201 203 50 [17]-172
628 2212 43 36 p.
731 2201 127 39 illus.
889 2200 130 48 (incl.
1044 2202 175 46 music)
1248 2202 153 48 diagr.
1461 2202 56 40 20½
1550 2205 14 20 cm
1598 2234 8 8 .

300 2258 291 41 “Reference
615 2259 146 40 books
784 2259 79 40 for
887 2260 220 39 teachers
1132 2260 95 38 and
1251 2260 251 40 students”
1521 2271 9 28 :
1564 2270 42 38 p.
1634 2260 215 40 167-170.

227 2314 50 51 ©
305 2319 115 38 Nov.
450 2318 68 45 29,
546 2317 113 39 1933;
716 2317 65 39 2c.
859 2328 63 29 Dec.
951 2316 54 39 26;
1064 2317 80 38 aff.
1175 2317 106 39 Jan.
1312 2317 37 46 8,
1379 2317 140 47 1934;
1550 2319 42 37 A
1620 2318 168 46 67896;
1821 2319 294 48 Expression
2145 2329 67 31 co.

302 2374 249 48 (34-2334)

226 2493 277 64 Bartlett,
533 2492 234 54 Arthur
796 2495 62 53 C.

296 2569 267 69 Skipper,
586 2571 95 51 the
705 2569 172 69 guide
903 2570 129 68 dog,
1059 2570 72 68 by
1157 2570 223 51 Arthur
1407 2570 63 54 C.
1496 2572 269 65 Bartlett,
1790 2572 325 53 illustrated
2138 2572 74 68 by

226 2647 224 54 Harold
480 2648 133 54 Cue.
688 2649 233 65 Boston,
945 2649 89 52 W.
1064 2648 71 51 A.
1164 2648 189 53 Wilde
1383 2667 76 34 co.
1492 2682 13 33 [
1511 2655 17 20 c
1532 2652 133 49 1933]

294 2722 84 39 315
398 2732 43 38 p.
501 2720 148 41 front.
710 2719 57 41 19½
798 2723 44 20 cm
845 2752 10 9 .

227 2776 50 51 ©
306 2780 126 47 Sept.
460 2781 38 46 5,
524 2778 112 41 1933;
692 2779 66 40 2c.
786 2779 108 39 Jan.
920 2778 68 40 23.
1016 2779 114 39 1934;
1185 2779 79 39 aff.
1294 2779 110 40 Feb.
1432 2779 51 47 9;
1513 2780 41 38 A
1579 2780 143 40 70205;
1779 2782 71 39 W.
1923 2813 8 8 A.
1959 2783 157 40 Wilde
2143 2794 66 29 co.

300 2837 250 48 (34-2351)

225 2955 262 63 Bartley,
513 2957 139 51 Mrs.
682 2955 222 52 Nalbro
932 2955 300 65 Isadorah,
1266 2959 170 50 1888-

296 3033 174 51 Pease
503 3032 270 68 porridge
805 3033 117 66 hot,
956 3033 72 67 by
1064 3033 215 52 Nalbro
1315 3034 253 68 Bartley.
1644 3035 414 68 Indianapolis,
2093 3034 122 52 The

227 3109 440 54 Bobbs-Merrill
700 3128 278 50 company
1015 3143 11 33 [
1032 3117 18 20 c
1055 3114 150 62 1934]

293 3181 647 51 4 p. l., 11-317 p. 19½ cm .
297 3241 159 39 “First
478 3240 226 41 edition.”

228 3296 50 50 ©
313 3300 109 38 Feb.
458 3300 37 38 7.
531 3298 112 39 1934;
706 3299 65 38 2c.
808 3299 94 38 and
937 3298 79 40 aff.
1053 3299 108 39 Feb.
1197 3299 54 38 10;
1316 3300 38 38 A
1391 3300 142 40 70208;
1596 3301 181 40 Nalbro
1812 3303 169 38 Bartley
2049 3301 160 47 Clark,

295 3356 213 46 Niagara
548 3356 144 45 Falls,
731 3353 53 41 N.
824 3355 52 39 Y.
948 3356 246 46 (34-2352)

225 3472 211 64 Bauer,
466 3470 253 55 William
749 3472 220 65 Waldo,
1003 3476 170 49 1892-

296 3549 348 67 Contagious
683 3550 269 66 diseases;
996 3550 156 53 what
1186 3551 134 66 they
1361 3570 93 34 are
1494 3553 110 52 and
1644 3553 127 52 how
1810 3559 60 48 to
1907 3554 125 53 deal
2074 3552 139 53 with

224 3626 1988 74 them [by] W. W. Bauer … New York, A. A. Knopf, 1934.
292 3700 839 51 6 p. l., 3-218, vii, [1] p. 19½ cm .
294 3756 159 40 “First
484 3756 226 40 edition.”

292 3812 346 48 Bibliography
668 3815 51 38 at
745 3814 90 39 end
866 3814 51 39 of
944 3813 200 50 chapter
1172 3825 40 29 v.

225 3866 50 50 ©
306 3870 107 39 Jan.
444 3870 67 45 22,
542 3870 113 39 1934;
713 3871 63 38 2c.
809 3872 94 37 and
933 3871 78 39 aff.
1044 3872 108 39 Jan.
1182 3873 57 38 25;
1295 3874 41 37 A
1366 3872 168 46 69188;
1567 3874 171 39 Alfred
1768 3874 54 39 A.
1854 3874 164 46 Knopf.
2063 3873 87 38 inc.

303 3926 248 47 (34-2264)
