2350 4196
0 0 0 0 763
188 407 311 65 Carberry,
531 409 153 53 John
716 409 238 64 Joseph,
988 411 170 49 190T-

194 480 1968 229 … The juridicial form of marriage; an historical conspectus and commentary … by John Joseph Carberry … Washington, D. C., The Catholic university of America, 1934.
300 743 7 16 x,
342 713 85 39 177
460 723 42 37 p.
562 712 146 41 22½cm.
781 713 123 47 (The
941 712 219 42 Catholic
1193 711 271 47 university
1500 713 50 37 of
1585 711 236 42 America.
1888 712 162 41 Canon
2088 716 92 37 law

190 769 199 41 studies,
450 781 73 30 no.
558 770 79 47 84)

260 827 170 40 Thesis
475 828 62 47 (J.
601 863 7 8 C.
674 825 327 49 D.)—Catholic
1032 824 269 49 university
1336 826 50 39 of
1418 825 236 49 America,
1690 825 125 42 1934.

261 884 342 48 Biographical
636 886 124 39 note.

261 941 347 49 Bibliography
627 952 8 29 :
670 952 43 38 p.
747 940 214 41 159-163.

191 1000 51 51 ©
267 1006 125 38 June
416 1004 40 46 4,
482 1002 112 41 1934;
649 1003 65 39 2c.
742 1003 94 38 and
861 1000 81 41 aff.
969 1001 125 40 June
1119 1000 24 38 6;
1197 1000 41 38 A
1263 999 170 46 72629;
1463 999 221 41 Catholic
1711 1001 128 40 univ.
1867 1002 50 38 of
1944 1000 219 43 America

267 1060 279 48 (34-16646)

183 1163 265 64 Chaplin,
477 1164 200 63 Hugh,
708 1160 169 54 1887-

258 1237 1917 71 Signs of health in childhood, by Hugh Chaplin … and
187 1313 1989 69 Edward A. Strecker … New York, American child health
183 1395 354 67 association,
571 1400 150 50 1934.

256 1467 864 51 2 p. l., iii-iv, 33 p. illus. 23cm.
258 1524 347 41 “References”
625 1536 8 29 :
666 1536 43 39 p.
738 1526 69 40 33.

186 1581 52 51 ©
268 1586 113 46 May
410 1583 69 47 19,
510 1583 140 45 1934;
680 1583 68 40 2c.
779 1583 114 47 May
920 1582 84 46 31;
1036 1581 80 40 aff.
1148 1581 126 40 June
1301 1581 53 45 1;
1387 1581 41 38 A
1458 1580 170 47 72563;
1661 1581 158 42 Amer.
1850 1581 130 41 child
2011 1584 168 39 health

253 1651 126 30 assn.
444 1639 283 51 [Copyright
754 1640 40 39 is
822 1638 204 41 claimed
1056 1650 59 28 on
1144 1649 103 29 new
1276 1640 193 46 matter]
1542 1637 280 48 (34-16370)

179 1744 193 65 Clark,
404 1744 251 55 Chester
684 1743 196 56 Wells.

181 1816 1997 151 Franz Joseph and Bismarck; the diplomacy of Austria before the war of 1866, by Chester Wells Clark … Cambridge,
183 1976 271 54 Harvard
488 1974 319 70 university
843 1992 185 51 press;
1068 1975 256 66 London,
1362 1974 77 53 H.
1479 1972 266 72 Milford,
1786 1973 230 56 Oxford
180 1974 1969 150 university
424 2072 175 51 press,
634 2056 148 51 1934.

314 2123 1781 53 xv p., 2 l., 3-635 p. 22½cm. (Half-title: Harvard historical studies …
179 2184 91 41 vol.
461 2186 15 46 XXXVI)

250 2242 1922 53 “The nucleus of … [this book] was presented as a doctoral thesis at
179 2300 465 46 Harvard.”—Pref.

247 2358 374 48 Bibliography:
652 2367 44 38 p.
730 2356 246 51 [581]-611.

182 2414 51 51 ©
268 2419 112 46 May
414 2418 40 46 7,
489 2417 115 40 1934;
665 2417 67 40 2c.
768 2415 95 39 and
898 2415 79 40 aff.
1016 2416 113 47 May
1162 2416 54 38 11;
1281 2415 40 38 A
1356 2415 143 40 71568;
1564 2415 256 42 President
1855 2418 94 39 and
1984 2417 190 40 fellows

249 2476 52 39 of
328 2476 229 38 Harvard
588 2473 192 48 college,
812 2472 301 48 Cambridge,
1145 2473 145 39 Mass.
1364 2472 280 49 (34-16691)

175 2578 227 64 Corpus
439 2578 182 64 juris;
663 2576 169 70 being
874 2596 28 32 a
941 2578 275 66 complete
1254 2577 113 52 and
1404 2578 327 64 systematic
1768 2580 304 50 statement
2110 2577 61 52 of

241 2657 97 52 the
368 2657 180 52 whole
575 2655 152 69 body
758 2656 62 52 of
849 2656 94 51 the
973 2657 108 50 law
1112 2674 57 34 as
1199 2656 296 52 embodied
1525 2657 60 51 in
1616 2655 112 54 and
1759 2656 310 67 developed
2098 2657 73 67 by

242 2731 1929 72 all reported decisions. Edited by William Mack … and
242 2811 1928 70 Donald J. Kiser … Volume LXVII. [Venue to Wealth] New
243 2891 177 68 York,
453 2892 122 52 The
607 2889 305 54 American
947 2891 107 52 law
1088 2889 144 53 book
1264 2909 79 34 co.;
1408 2891 258 66 London,
1700 2893 394 51 Butterworth
2127 2896 43 49 &

240 2987 97 50 co.,
372 2973 149 49 1934.

248 3044 152 47 xxxii,
431 3043 117 40 1466
577 3054 43 37 p.
679 3042 116 41 26cm.

178 3098 51 51 ©
257 3102 125 39 June
410 3101 68 46 11,
508 3099 139 46 1934;
677 3098 65 42 2c.
773 3100 95 39 and
896 3098 81 41 aff.
1007 3098 115 47 July
1151 3098 79 47 16;
1259 3100 41 38 A
1329 3099 169 47 74221;
1529 3100 158 40 Amer.
1718 3102 95 37 law
1841 3100 121 40 book
1991 3110 67 30 co.

196 3206 169 64 [Cove,
398 3205 220 62 Joseph
651 3202 242 67 Walter]
932 3205 169 49 1891-

240 3282 243 53 Parable
508 3282 94 51 for
628 3285 183 50 lovers
842 3280 109 67 [by]
981 3278 183 54 Lewis
1190 3278 178 56 Gibbs
1420 3278 213 67 [pseud.]
1705 3278 274 66 [London]
2010 3279 55 54 J.
2088 3279 79 51 M.

171 3363 151 51 Dent
350 3366 44 49 &
423 3379 145 48 sons,
595 3360 102 53 ltd.
752 3361 152 63 [1934]

243 3431 821 52 3 p. l., 245, [1] p. front. 19cm.
248 3492 286 40 Illustrated
565 3493 98 45 t.-p.

178 3540 1989 57 © 1c. June 1, 1934; A ad int. 19009; pubd. Apr. 5; J. W. Cove, Purley,
249 3607 192 46 Surrey,
468 3603 233 49 England.
777 3600 280 49 (34-19177)

171 3708 321 65 Cromwell,
524 3707 203 55 James
757 3706 206 62 Henry
993 3704 271 55 Roberts.

245 3785 176 54 What
445 3784 48 53 is
516 3781 181 55 sound
720 3780 233 68 money?
1020 3778 135 54 And
1178 3780 126 51 who
1331 3779 117 51 will
1476 3777 218 53 control
1718 3776 63 67 it,
1808 3774 270 69 England
2105 3794 63 35 or

180 3862 291 53 America?
542 3861 89 67 By
664 3859 191 54 James
886 3857 76 50 H.
996 3857 65 51 R.
1098 3856 313 54 Cromwell.
1481 3855 137 51 New
1654 3854 179 60 York.
1864 3854 305 52 Economic

181 3940 203 69 forum,
415 3940 124 67 inc.,
570 3939 148 51 1934.
