2350 4196
1148 4015 65 49 43

174 366 268 62 McLean,
469 364 206 53 James
697 363 260 52 Monroe.

240 443 120 52 The
406 441 147 52 book
598 439 63 53 of
707 438 161 66 wine,
916 436 332 67 containing
1294 433 336 69 aphorisms,
1677 431 332 52 sentiments
2056 427 112 53 and

170 526 174 47 toasts
375 525 57 47 to
463 519 68 52 be
558 518 113 52 had
705 517 94 52 for
830 516 95 52 the
956 514 229 69 pulling
1216 513 62 52 of
1311 531 31 33 a
1371 511 151 67 cork,
1555 508 281 69 compiled
1867 508 76 67 by
1974 507 193 54 James

171 587 1923 73 Monroe McLean. Philadelphia, Dorrance & co., inc. [ c 1934]
237 671 55 39 53
326 682 43 38 p.
431 669 53 40 19
489 671 42 21 cm
537 701 7 7 .

172 740 50 51 ©
250 745 110 38 Dec.
387 742 68 39 19.
483 741 139 46 1933;
652 741 64 39 2c.
780 750 73 28 Jan.
883 740 67 40 17.
979 737 140 46 1934;
1151 736 79 40 aff.
1294 746 74 29 Jan.
1396 735 83 46 13;
1508 735 40 38 A
1577 733 170 46 69039;
1779 732 42 40 J.
1850 733 63 39 M.
1943 732 224 45 McLean,

240 794 935 48 Convent Station. N. J . (34-1486)
173 901 335 64 Magruder,
539 901 198 52 Frank
765 898 246 66 Abbott,
1042 901 170 50 1882-

243 980 304 51 American
587 983 388 64 government,
1016 996 31 33 a
1089 975 418 53 consideration
1547 973 62 53 of
1649 973 96 52 the
1784 972 285 68 problems
2112 969 61 52 of

170 1058 347 67 democracy.
592 1057 139 52 New
762 1057 108 51 enl.
900 1056 103 66 ed.,
1036 1058 150 48 1934.
1262 1055 90 67 By
1381 1052 199 53 Frank
1610 1051 221 52 Abbott
1858 1049 316 69 Magruder

233 1132 1670 70 … Boston, New York [etc.] Allyn and Bacon [ c 1934]
240 1209 134 47 xviii,
406 1209 98 46 721,
537 1208 57 39 52
623 1220 41 36 p.
726 1209 162 41 front.,
922 1208 141 46 illus.,
1097 1217 76 37 pl.,
1205 1215 151 38 maps,
1389 1206 181 47 diagrs.
1630 1203 55 41 19½c
1734 1205 28 21 m
1768 1235 8 8 .

242 1267 347 47 Bibliography
620 1270 50 36 at
700 1265 90 39 end
821 1266 51 38 of
901 1265 118 39 each
1050 1265 214 46 chapter.

174 1332 50 51 ©
251 1337 111 39 Dec.
388 1337 66 45 19,
481 1335 112 39 1933;
649 1337 66 37 2c.
741 1336 108 38 Jan.
876 1335 67 45 35,
971 1334 112 39 1934;
1140 1333 79 39 aff.
1282 1344 73 27 Jan.
1384 1333 54 38 32;
1494 1332 41 38 A
1561 1330 142 41 67993;
1760 1330 146 47 Allyn
1933 1329 36 40 &
1994 1330 176 39 Bacon.

256 1392 249 48 (34-1208)

178 1495 298 64 Manning,
507 1495 136 53 Mrs.
673 1493 184 53 Helen
891 1495 202 63 (Taft)
1131 1497 170 50 1891-

243 1571 219 53 British
499 1571 239 53 colonial
775 1577 370 62 government
1180 1570 149 53 after
1366 1572 97 52 the
1498 1569 305 52 American
1840 1565 335 70 revolution,

176 1645 1977 152 1782-1820, by Helen Taft Manning … New Haven, Yale university
427 1747 184 51 press;
654 1729 256 67 London,
952 1729 75 52 H.
1068 1727 263 68 Milford,
1375 1725 230 55 Oxford
1647 1725 315 68 university
2005 1743 172 50 press,

176 1809 147 49 1933.

247 1878 81 47 xii,
365 1879 83 40 568
483 1891 42 36 p.
589 1879 55 39 22½
677 1882 43 20 cm
727 1912 7 7 .
809 1879 299 51 (Half-title:
1142 1881 118 39 Yale
1294 1878 255 42 historical
1585 1878 341 49 publications.
175 1878 1982 105 Miscellany.
492 1937 12 46 XXVI)

247 1995 128 39 “The
399 1995 107 40 first
533 1998 109 45 part
670 1995 50 38 of
746 1996 81 38 the
852 1996 135 46 book,
1011 1993 120 41 with
1156 1996 80 39 the
1263 1994 253 48 exception
1540 1995 51 39 of
1617 1995 81 39 the
1723 1992 332 42 introduction
2081 1996 95 39 and

177 2053 78 39 the
279 2052 127 47 fifth,
432 2052 146 43 sixth,
604 2053 95 39 and
722 2051 140 40 ninth
889 2054 240 46 chapters,
1154 2053 220 46 together
1399 2052 120 40 with
1544 2052 82 40 the
1650 2053 202 45 chapter
1876 2064 61 28 on
1962 2053 213 48 Canada,

175 2120 99 29 was
301 2111 255 46 presented
584 2121 53 28 as
664 2120 25 29 a
719 2111 213 39 doctoral
964 2110 317 41 dissertation
1308 2113 52 37 at
1384 2110 120 40 Yale
1531 2110 49 39 in
1608 2110 158 41 1924.”

249 2169 128 38 “The
412 2168 225 39 fifteenth
676 2168 190 39 volume
901 2166 255 48 published
1191 2168 153 39 under
1380 2169 81 38 the
1497 2167 238 41 direction
1770 2168 51 40 of
1856 2169 82 39 the
175 2170 1984 95 Department
329 2225 52 40 of

406 2224 186 47 history
621 2236 58 28 on
707 2226 80 38 the
812 2225 234 47 Kingsley
1075 2227 127 38 trust
1227 2223 297 41 association
1547 2225 300 48 publication
1872 2227 123 39 fund
178 2225 1982 98 established
358 2284 58 46 by

443 2283 80 40 the
552 2282 148 40 Scroll
730 2283 94 39 and
851 2282 91 47 key
968 2281 180 48 society
1175 2282 51 39 of
1252 2282 119 40 Yale
1396 2283 329 47 college.”—p.
1756 2284 46 49 [i]

247 2339 441 49 “Bibliographical
723 2339 139 39 note”:
927 2351 42 36 p.
1022 2338 233 49 [543]-550.

180 2398 50 51 ©
258 2402 111 40 Dec.
395 2401 69 47 29,
491 2401 112 39 1933;
660 2401 66 38 2c.
788 2411 75 28 Jan.
921 2431 7 16 8,
956 2399 115 40 1934;
1127 2398 81 41 aff.
1235 2401 110 38 Jan.
1373 2399 24 40 6;
1454 2400 42 38 A
1521 2400 144 41 68782;
1722 2401 122 40 Yale
1870 2401 131 41 univ.
2028 2411 149 39 press.

258 2459 249 48 (34-1432)

184 2560 235 65 Martin,
451 2563 138 51 Mrs.
620 2560 186 52 Helen
838 2559 528 66 (Reimensnyder)

249 2639 121 51 The
406 2638 154 68 whip
599 2640 154 51 hand
798 2639 91 67 [by]
952 2640 185 51 Helen
1175 2641 65 52 R.
1281 2639 236 52 Martin.
1594 2641 138 52 New
1773 2641 177 66 York,
1989 2642 189 65 Dodd,

179 2717 167 52 Mead
374 2721 44 49 &
444 2736 296 47 company,
772 2722 148 48 1934.

255 2789 613 48 vi p., 1 l., 309 p. 19 cm .
183 2843 50 51 ©
265 2848 108 38 Jan.
404 2848 68 46 17,
502 2846 141 48 1934;
675 2848 65 38 2c.
773 2848 108 38 Jan.
911 2847 82 46 19;
1027 2846 82 41 aff.
1141 2848 108 38 Jan.
1280 2847 82 47 20;
1396 2847 44 39 A
1467 2847 170 48 69136;
1672 2848 154 47 Dodd,
1859 2849 144 39 Mead
2034 2848 36 40 &
2100 2859 81 36 co.,

250 2903 88 40 inc.
413 2904 128 43 (34-3
554 2903 109 48 298)

183 3006 285 65 Maxwell,
497 3008 277 52 Bertram
802 3008 323 65 Wayburn,
1157 3012 170 50 1891-

255 3083 121 54 The
409 3085 173 51 soviet
618 3090 171 55 state;
828 3107 31 33 a
892 3085 170 68 study
1095 3085 62 52 of
1189 3085 294 52 bolshevik
1515 3086 138 69 rule,
1686 3086 76 69 by
1796 3086 266 55 Bertram
2095 3087 88 53 W.

189 3161 1714 73 Maxwell … Topeka, Kan., Steves & Wayburn [ c 1934]
252 3233 666 49 xvi p., 1 l., 383 p. 23 cm .
254 3291 175 40 “Notes
459 3292 93 38 and
586 3292 300 40 references”:
947 3303 41 37 p.
1035 3292 219 49 [337]-372;
1314 3294 349 49 Bibliography:
1723 3308 42 37 p.
1796 3297 217 42 373-377.

187 3346 50 51 ©
268 3352 108 38 Jan.
407 3353 67 39 31.
505 3352 139 41 1934;
677 3353 66 39 2c.
776 3354 94 38 and
900 3353 82 39 aff.
1013 3353 109 39 Jan.
1153 3354 80 46 15;
1267 3354 41 38 A
1337 3353 170 48 67980;
1543 3354 167 41 Steves
1742 3357 37 39 &
1808 3357 263 47 Wayburn.

264 3408 248 49 (34-1312)

187 3509 206 66 Miller,
422 3514 137 51 Mrs.
591 3514 172 63 Mary
791 3515 190 55 Lowe.

253 3589 218 66 Verses,
504 3589 75 67 by
611 3589 169 68 Mary
814 3591 170 53 Lowe
1015 3591 211 52 Miller.
1302 3593 295 68 Berkeley,
1634 3593 194 68 Calif.,
1864 3597 151 52 1933.

255 3661 1084 52 40 p. inch front. (mounted port.) 21 cm .
258 3718 112 40 “200
400 3719 158 47 copies
589 3720 236 47 printed”.

258 3775 275 48 “Compiled
558 3777 61 47 by
647 3778 89 39 Mr.
764 3778 181 40 Robert
973 3779 48 40 C.
1051 3779 254 40 Jackson.”

257 3832 331 48 Frontispiece
617 3834 166 47 signed:
845 3836 178 39 Mamie
1053 3836 139 39 Lowe
1224 3836 173 41 Miller.

191 3885 49 50 ©
267 3891 109 39 Dec.
403 3892 68 46 12,
496 3891 140 47 1933;
663 3892 67 39 2c.
757 3892 109 40 Jan.
891 3894 68 42 11,
987 3893 140 47 1934;
1157 3893 80 40 aff.
1264 3894 110 40 Jan.
1400 3894 82 47 10;
1511 3896 42 38 A
1579 3895 169 48 68854;
1779 3896 124 39 Jane
1930 3896 254 39 Elizabeth

257 3946 154 48 Lowe,
441 3949 250 46 Berkeley,
723 3947 130 40 Calif.
965 3950 225 46 (34-1254)
