2350 4196
1064 4056 130 52 1571

139 492 1973 154 Springsteed … New York, Chicago, Charles E. Merrill company [c1934]
207 650 103 49 xiii,
339 650 83 40 500
450 662 43 37 p.
553 650 141 48 illus.,
725 650 177 49 diagrs.
962 650 55 41 19
1019 652 45 24 pm
1071 682 7 7 .

141 704 51 51 ©
220 708 110 40 Dec.
361 709 38 40 7,
430 707 139 42 1934;
601 706 65 42 2c.
696 710 94 37 and
820 708 82 41 aff.
931 708 111 40 Dec.
1073 707 53 39 13
1146 717 7 35 ;
1184 707 39 37 A
1253 705 169 47 78520;
1454 704 203 42 Charles
1687 704 53 43 E.
1769 702 189 42 Merrill
1987 713 65 31 co.

160 809 263 66 [Buchan,
453 809 193 67 Anna]

208 886 196 53 Taken
433 886 73 66 by
532 886 98 53 the
655 886 174 69 hand,
857 887 71 65 by
959 886 66 55 O.
1057 886 256 67 Douglas
1368 885 212 67 [pseud.]
1650 885 163 68 chap.
1842 884 187 52 27-29.

217 960 84 50 (In
325 956 134 44 Good
489 957 386 53 housekeeping,
903 957 139 51 Nov.,
1073 955 143 51 1934)

140 1021 1998 60 © 1c. Dec. 28, 1934; A ad int. 19800; pubd. Oct. 34 ; A. Buchan, Peebles,
209 1087 243 43 Scotland.

136 1190 272 67 Buehler,
439 1192 154 53 Ezra
623 1191 323 66 Christian,
976 1210 178 48 comp.

269 1262 1871 74 … Federal aid for education; an exhaustive brief, questions
137 1346 112 52 and
281 1363 245 35 answers
558 1346 332 69 pertaining
919 1350 58 49 to
1011 1344 249 70 analysis
1290 1343 65 54 of
1386 1344 94 53 the
1513 1342 236 70 subject,
1781 1344 113 53 and
1929 1362 30 34 a
138 1360 1977 130 complete

320 1419 1757 75 bibliography, compiled and edited by E. C. Buehler …
136 1499 137 54 New
298 1500 163 53 York
483 1500 135 69 city,
642 1501 182 53 Noble
849 1502 113 52 and
986 1500 198 69 Noble,
1208 1499 109 54 inc.
1346 1532 14 35 [
1365 1505 17 21 c
1389 1502 136 50 1934
1526 1532 14 36 ]

210 1572 58 48 vi,
300 1574 86 40 276
415 1584 41 37 p.
515 1573 179 49 diagrs.
751 1574 56 39 20
810 1576 44 21 cm
860 1609 8 8 .
936 1573 123 48 (The
1090 1573 114 47 high
1236 1573 158 40 school
1429 1572 242 41 debater's
1738 1573 74 46 help
1847 1572 144 47 book)

210 1628 376 50 Bibliography:
619 1640 41 38 p.
689 1629 158 42 51-91.

142 1685 50 51 ©
221 1688 127 51 Sept.
376 1691 38 43 7,
440 1688 141 47 1934;
608 1688 65 40 2c.
702 1689 102 41 Oct.
829 1688 82 43 30;
939 1687 81 42 aff.
1048 1689 117 39 Nov.
1190 1689 52 45 8;
1270 1688 42 39 A
1335 1688 170 48 77124;
1535 1688 151 40 Noble
1712 1688 37 42 &
1771 1688 164 47 Noble,
1963 1688 177 49 pubrs.,

206 1745 89 42 inc.
368 1744 281 51 (34-39391)

136 1849 216 67 Burke,
386 1851 154 53 John
575 1850 239 66 Joseph,
851 1848 171 56 1875-

206 1921 1932 80 Christ in us; meditations, by John J. Burke … foreword by
135 2000 2005 79 His Eminence Patrick cardinal Hayes … Philadelphia, Pa.,
135 2084 119 53 The
284 2085 260 67 Dolphin
572 2102 175 50 press,
779 2089 148 49 1934.

208 2156 63 47 ix,
300 2157 85 40 204
417 2168 41 37 p.
521 2157 54 39 16
577 2160 44 20 cm
628 2189 7 8 .

142 2211 52 52 ©
221 2215 99 41 Oct.
347 2215 69 41 26,
441 2214 141 43 1934;
609 2214 67 42 2c.
702 2214 101 41 Oct.
829 2215 48 40 31
902 2226 9 30 :
940 2214 81 41 aff.
1046 2215 116 39 Nov.
1188 2214 83 47 30;
1300 2216 39 38 A
1364 2214 172 47 76845;
1565 2214 213 48 Dolphin
1804 2225 149 38 press.

220 2272 281 49 (34-39335)

139 2374 214 67 Burks,
385 2376 223 53 Martin
639 2375 209 65 Parks,
883 2377 172 51 1851-

209 2452 284 68 Pleading
525 2451 111 54 and
667 2452 248 67 practice
946 2453 60 52 in
1039 2452 213 53 actions
1285 2458 59 48 at
1374 2471 256 35 common
1660 2454 129 67 law,
1818 2452 74 68 by
1921 2452 220 54 Martin

140 2525 2000 75 P. Burks … 3d ed., by Clayton E. Williams … and Martin
140 2601 2003 83 P. Burks, III … Charlottesville, Va., The Michie company,
141 2687 150 53 1934.

210 2758 183 48 lxxxiv,
423 2758 113 40 1088
564 2768 41 38 p.
663 2757 56 39 26
723 2760 43 21 cm
773 2791 7 8 .

145 2811 54 52 ©
236 2815 118 43 Nov.
393 2816 69 46 14,
502 2815 114 40 1934
635 2826 8 34 ;
685 2814 66 41 2c.
792 2816 94 38 and
928 2813 81 42 aff.
1047 2816 118 39 Nov.
1204 2816 82 47 15;
1327 2817 41 38 A
1407 2816 171 48 77231;
1620 2815 213 43 Roberta
1873 2817 53 42 G.
1967 2818 175 48 Burks,

211 2872 284 49 Lexington,
521 2873 85 40 Va.
680 2871 278 48 (34-39378)

142 2971 316 69 Campbell,
492 2973 184 55 Oscar
708 2975 221 64 James,
965 2974 170 54 1879-
1348 2992 181 52 comp.

211 3051 121 54 The
366 3049 268 69 teaching
668 3050 64 54 of
767 3051 209 67 college
1010 3051 266 68 English,
1311 3053 280 67 compiled
1627 3054 73 65 by
1737 3054 177 53 Oscar
1949 3055 193 54 James

141 3123 1977 136 Campbell … A publication of the National council of teachers
273 3206 63 54 of
381 3204 268 69 English.
729 3205 141 53 New
916 3205 181 68 York,
1141 3205 257 69 London,
1445 3208 70 51 D.
1563 3205 581 75 Appleton-Century

141 3301 297 49 company,
469 3282 403 67 incorporated
910 3315 13 34 [
928 3289 18 22 c
951 3285 152 64 1934]

212 3355 101 50 viii,
341 3357 85 40 164
452 3367 44 37 p.
550 3354 86 42 234
640 3358 44 20 cm
689 3387 9 9 .
763 3355 101 49 (On
889 3364 165 33 cover:
1079 3355 203 48 English
1311 3358 312 48 monograph,
1682 3368 72 32 no.
1785 3359 53 48 3)

480 3412 319 41 CONTENTS.—Problems
837 3412 49 40 in
923 3413 395 48 undergraduate
1354 3414 202 49 English
1596 3414 550 50 teaching.—Problems

146 3470 45 39 in
219 3471 239 46 graduate
489 3469 202 48 English
722 3468 239 48 teaching.

146 3524 51 51 ©
223 3527 99 41 Oct.
350 3528 68 46 16,
443 3527 114 41 1934
576 3537 8 33 ;
611 3526 65 40 2c.
704 3527 94 38 and
824 3525 80 40 aff.
930 3524 102 43 Oct.
1058 3525 54 40 19
1130 3537 9 35 ;
1167 3528 40 38 A
1232 3526 144 42 76637
1394 3538 9 30 :
1430 3528 116 39 Natl.
1579 3527 188 43 council
1785 3529 51 39 of
1855 3530 222 41 teachers
2093 3531 53 39 of

214 3585 214 47 English,
464 3582 223 49 Chicago.
760 3580 281 51 (34-39385)

145 3685 267 68 Carfrae,
440 3684 329 57 Elizabeth.

214 3762 164 70 Lady
404 3765 74 66 by
505 3761 302 70 marriage.
888 3761 363 67 [Instalment
1277 3768 48 63 3]

225 3837 80 49 (In
335 3834 157 42 Home
520 3832 131 52 chat,
680 3832 125 44 Nov.
834 3834 40 49 3,
904 3832 145 51 1934)

148 3884 2000 65 © 1c. Dec. 26, 1934; A ad int. 19787; pubd. Oct. 29; Elizabeth Carfrae
216 3949 231 44 Cradock.
479 3948 194 48 Hadley
703 3949 166 46 Wood,
905 3949 193 49 Sussex,
1133 3950 234 49 England.
