<alto xmlns="http://www.loc.gov/standards/alto/ns-v3#" xmlns:xlink="http://www.w3.org/1999/xlink" xmlns:xsi="http://www.w3.org/2001/XMLSchema-instance" xsi:schemaLocation="http://www.loc.gov/standards/alto/ns-v3# http://www.loc.gov/alto/v3/alto-3-0.xsd"><Description>
<MeasurementUnit>pixel</MeasurementUnit>
<sourceImageInformation>
<fileName>1934_v1_Part1.pdf</fileName>
</sourceImageInformation>
<OCRProcessing ID="IdOcr">
<ocrProcessingStep>
<processingDateTime>2019-01-10</processingDateTime>
<processingSoftware>
<softwareCreator>ABBYY</softwareCreator>
<softwareName>ABBYY Recognition Server</softwareName>
<softwareVersion>4.0</softwareVersion>
</processingSoftware>
</ocrProcessingStep>
</OCRProcessing>
</Description>
<Styles>
<ParagraphStyle ID="StyleId-FFFFFFFF-FFFF-FFFF-FFFF-FFFFFFFFFFFF-" ALIGN="Left" LEFT="0." RIGHT="0." FIRSTLINE="0."/>
<ParagraphStyle ID="StyleId-521E1FC6-FE7E-43A4-90E6-A9B61626A263-" ALIGN="Right" LEFT="0." RIGHT="0." FIRSTLINE="0." LINESPACE="13.30000019"/>
<ParagraphStyle ID="StyleId-639B624E-F6F5-47B6-BB1D-34E64B53022F-" ALIGN="Left" LEFT="0." RIGHT="0." FIRSTLINE="-27." LINESPACE="13.43999958"/>
<ParagraphStyle ID="StyleId-100905F9-D385-406B-A5BD-ED5B8FD85431-" ALIGN="Left" LEFT="0." RIGHT="0." FIRSTLINE="0."/>
<ParagraphStyle ID="StyleId-7C9F9BA2-EF3A-4B7F-8486-CCC7B7F49B39-" ALIGN="Left" LEFT="0." RIGHT="0." FIRSTLINE="-27." LINESPACE="18.71999931"/>
<ParagraphStyle ID="StyleId-350780E3-60F2-4605-88F5-BB54F9B87091-" ALIGN="Block" LEFT="0." RIGHT="0." FIRSTLINE="-27." LINESPACE="18.71999931"/>
<ParagraphStyle ID="StyleId-90B16C58-D795-4C77-9B89-30378C515D40-" ALIGN="Left" LEFT="0." RIGHT="0." FIRSTLINE="0." LINESPACE="14.39999962"/>
<ParagraphStyle ID="StyleId-17090E09-AFAF-4086-BD9B-4E99FAE6B057-" ALIGN="Right" LEFT="0." RIGHT="0." FIRSTLINE="-27." LINESPACE="14.39999962"/>
<ParagraphStyle ID="StyleId-8B87B633-89DB-4D72-B1FC-26E4ABD680BC-" ALIGN="Left" LEFT="0." RIGHT="0." FIRSTLINE="-27." LINESPACE="18.47999954"/>
<ParagraphStyle ID="StyleId-42DA7417-CA90-4D71-A57B-06556C38D752-" ALIGN="Left" LEFT="0." RIGHT="0." FIRSTLINE="0." LINESPACE="13.30000019"/>
<ParagraphStyle ID="StyleId-D8EE2A7E-42AE-4E35-98DB-F0F935637AA0-" ALIGN="Block" LEFT="0." RIGHT="0." FIRSTLINE="0." LINESPACE="6.599999905"/>
<ParagraphStyle ID="StyleId-33CD3121-D4F5-43B6-BA96-6382D166E6B8-" ALIGN="Left" LEFT="0." RIGHT="0." FIRSTLINE="0." LINESPACE="15.5"/>
<ParagraphStyle ID="StyleId-1CE52AFA-C319-4DD9-B4B1-F0EBFA2B3F0B-" ALIGN="Block" LEFT="0." RIGHT="0." FIRSTLINE="-21." LINESPACE="18.71999931"/>
<ParagraphStyle ID="StyleId-B74F1B65-92F1-49C5-A5FA-D20442F031F2-" ALIGN="Left" LEFT="0." RIGHT="0." FIRSTLINE="0." LINESPACE="17.70006076"/>
<ParagraphStyle ID="StyleId-79E2924A-215C-40B7-B577-7236BFBAA25E-" ALIGN="Center" LEFT="0." RIGHT="0." FIRSTLINE="0." LINESPACE="7.199999809"/>
</Styles>
<Layout>
<Page ID="Page11" PHYSICAL_IMG_NR="11" HEIGHT="4196" WIDTH="2350">
<TopMargin HEIGHT="324" WIDTH="2350" VPOS="0" HPOS="0">
</TopMargin>
<LeftMargin HEIGHT="3685" WIDTH="100" VPOS="324" HPOS="0">
</LeftMargin>
<RightMargin HEIGHT="3685" WIDTH="80" VPOS="324" HPOS="2270">
</RightMargin>
<BottomMargin HEIGHT="187" WIDTH="2350" VPOS="4009" HPOS="0">
<TextBlock ID="Page11_Block1" HEIGHT="60" WIDTH="74" VPOS="4019" HPOS="1159" LANG="en-US" STYLEREFS="StyleId-45AA3FC1-E991-40EA-99B3-787B8FBBE4C8-">
<TextLine HEIGHT="48" WIDTH="62" VPOS="4025" HPOS="1165">
<String CONTENT="11" HEIGHT="48" WIDTH="62" VPOS="4025" HPOS="1165"/>
</TextLine>
</TextBlock>
</BottomMargin>
<PrintSpace HEIGHT="3685" WIDTH="2170" VPOS="324" HPOS="100">
<TextBlock ID="Page11_Block2" HEIGHT="3685" WIDTH="2170" VPOS="324" HPOS="100" LANG="en-US" CS="1" STYLEREFS="StyleId-151CE2F5-45AE-419B-AF78-6E7265DD8552-">
<TextLine HEIGHT="72" WIDTH="1342" VPOS="354" HPOS="165" STYLEREFS="StyleId-363A34B5-D59E-4C52-A426-6A1F636DB87F-">
<String LANG="la" CONTENT="McCaskill," HEIGHT="65" WIDTH="331" VPOS="361" HPOS="165"/>
<SP HEIGHT="65" WIDTH="29" VPOS="361" HPOS="497"/>
<String LANG="en-US" CONTENT="Oliver" HEIGHT="57" WIDTH="196" VPOS="358" HPOS="527"/>
<SP HEIGHT="51" WIDTH="28" VPOS="361" HPOS="724"/>
<String LANG="en-US" CONTENT="Le" HEIGHT="51" WIDTH="80" VPOS="361" HPOS="753"/>
<SP HEIGHT="52" WIDTH="27" VPOS="360" HPOS="834"/>
<String LANG="en-US" CONTENT="Roy," HEIGHT="63" WIDTH="146" VPOS="360" HPOS="862"/>
<SP HEIGHT="62" WIDTH="32" VPOS="361" HPOS="1009"/>
<String LANG="en-US" CONTENT="1877-" HEIGHT="55" WIDTH="169" VPOS="355" HPOS="1042"/>
<SP HEIGHT="34" WIDTH="210" VPOS="372" HPOS="1212"/>
<String LANG="en-US" CONTENT="ed." HEIGHT="53" WIDTH="84" VPOS="354" HPOS="1423"/>
</TextLine>
<TextLine HEIGHT="146" WIDTH="1968" VPOS="425" HPOS="166" CS="1">
<String CONTENT="Illinois" HEIGHT="54" WIDTH="220" VPOS="439" HPOS="236"/>
<SP HEIGHT="56" WIDTH="26" VPOS="437" HPOS="457"/>
<String CONTENT="Civil" HEIGHT="55" WIDTH="149" VPOS="437" HPOS="484"/>
<SP HEIGHT="66" WIDTH="25" VPOS="438" HPOS="634"/>
<String CONTENT="practice" HEIGHT="69" WIDTH="245" VPOS="435" HPOS="660"/>
<SP HEIGHT="34" WIDTH="24" VPOS="453" HPOS="906"/>
<String CONTENT="act" HEIGHT="46" WIDTH="87" VPOS="440" HPOS="931"/>
<SP HEIGHT="46" WIDTH="24" VPOS="440" HPOS="1019"/>
<String CONTENT="annotated," HEIGHT="66" WIDTH="320" VPOS="433" HPOS="1044"/>
<SP HEIGHT="49" WIDTH="26" VPOS="450" HPOS="1365"/>
<String CONTENT="with" HEIGHT="53" WIDTH="138" VPOS="430" HPOS="1392"/>
<SP HEIGHT="51" WIDTH="25" VPOS="429" HPOS="1531"/>
<String CONTENT="forms," HEIGHT="66" WIDTH="196" VPOS="429" HPOS="1557"/>
<SP HEIGHT="50" WIDTH="23" VPOS="445" HPOS="1754"/>
<String CONTENT="under" HEIGHT="55" WIDTH="179" VPOS="425" HPOS="1778"/>
<SP HEIGHT="51" WIDTH="23" VPOS="428" HPOS="1958"/>
<String CONTENT="direction" HEIGHT="145" WIDTH="1968" VPOS="426" HPOS="166"/>
</TextLine>
<TextLine HEIGHT="70" WIDTH="1839" VPOS="505" HPOS="316">
<String CONTENT="of" HEIGHT="51" WIDTH="61" VPOS="517" HPOS="316"/>
<SP HEIGHT="51" WIDTH="32" VPOS="517" HPOS="378"/>
<String CONTENT="Illinois" HEIGHT="53" WIDTH="225" VPOS="515" HPOS="411"/>
<SP HEIGHT="35" WIDTH="30" VPOS="533" HPOS="637"/>
<String CONTENT="state" HEIGHT="47" WIDTH="141" VPOS="519" HPOS="668"/>
<SP HEIGHT="53" WIDTH="31" VPOS="513" HPOS="810"/>
<String CONTENT="bar" HEIGHT="51" WIDTH="102" VPOS="513" HPOS="842"/>
<SP HEIGHT="34" WIDTH="31" VPOS="532" HPOS="945"/>
<String CONTENT="association;" HEIGHT="66" WIDTH="363" VPOS="509" HPOS="977"/>
<SP HEIGHT="67" WIDTH="38" VPOS="508" HPOS="1341"/>
<String CONTENT="O." HEIGHT="56" WIDTH="67" VPOS="508" HPOS="1380"/>
<SP HEIGHT="56" WIDTH="34" VPOS="508" HPOS="1448"/>
<String CONTENT="L." HEIGHT="52" WIDTH="63" VPOS="508" HPOS="1483"/>
<SP HEIGHT="53" WIDTH="33" VPOS="507" HPOS="1547"/>
<String CONTENT="McCaskill," HEIGHT="68" WIDTH="333" VPOS="505" HPOS="1581"/>
<SP HEIGHT="49" WIDTH="33" VPOS="524" HPOS="1915"/>
<String CONTENT="editor-" HEIGHT="53" WIDTH="206" VPOS="506" HPOS="1949"/>
</TextLine>
<TextLine HEIGHT="78" WIDTH="1997" VPOS="582" HPOS="162" CS="1">
<String CONTENT="in-chief;" HEIGHT="66" WIDTH="267" VPOS="594" HPOS="162"/>
<SP HEIGHT="66" WIDTH="37" VPOS="594" HPOS="430"/>
<String CONTENT="Albert" HEIGHT="52" WIDTH="204" VPOS="593" HPOS="468"/>
<SP HEIGHT="54" WIDTH="33" VPOS="591" HPOS="673"/>
<String CONTENT="E." HEIGHT="51" WIDTH="65" VPOS="591" HPOS="707"/>
<SP HEIGHT="54" WIDTH="38" VPOS="590" HPOS="773"/>
<String CONTENT="Jenner," HEIGHT="67" WIDTH="228" VPOS="590" HPOS="812"/>
<SP HEIGHT="69" WIDTH="34" VPOS="588" HPOS="1041"/>
<String CONTENT="jr.," HEIGHT="68" WIDTH="88" VPOS="588" HPOS="1076"/>
<SP HEIGHT="69" WIDTH="33" VPOS="587" HPOS="1165"/>
<String CONTENT="Walter" HEIGHT="53" WIDTH="219" VPOS="586" HPOS="1199"/>
<SP HEIGHT="52" WIDTH="37" VPOS="586" HPOS="1419"/>
<String CONTENT="V." HEIGHT="52" WIDTH="67" VPOS="586" HPOS="1457"/>
<SP HEIGHT="53" WIDTH="38" VPOS="585" HPOS="1525"/>
<String CONTENT="Schaefer," HEIGHT="68" WIDTH="290" VPOS="584" HPOS="1564"/>
<SP HEIGHT="49" WIDTH="36" VPOS="603" HPOS="1855"/>
<String CONTENT="associate" HEIGHT="54" WIDTH="267" VPOS="582" HPOS="1892"/>
</TextLine>
<TextLine HEIGHT="73" WIDTH="1657" VPOS="664" HPOS="162">
<String CONTENT="editors." HEIGHT="54" WIDTH="224" VPOS="672" HPOS="162"/>
<SP HEIGHT="54" WIDTH="70" VPOS="671" HPOS="387"/>
<String CONTENT="Chicago," HEIGHT="66" WIDTH="265" VPOS="671" HPOS="458"/>
<SP HEIGHT="66" WIDTH="33" VPOS="669" HPOS="724"/>
<String CONTENT="The" HEIGHT="51" WIDTH="119" VPOS="669" HPOS="758"/>
<SP HEIGHT="52" WIDTH="32" VPOS="668" HPOS="878"/>
<String CONTENT="Foundation" HEIGHT="54" WIDTH="360" VPOS="666" HPOS="911"/>
<SP HEIGHT="50" WIDTH="32" VPOS="683" HPOS="1272"/>
<String CONTENT="press," HEIGHT="50" WIDTH="171" VPOS="683" HPOS="1305"/>
<SP HEIGHT="69" WIDTH="32" VPOS="664" HPOS="1477"/>
<String CONTENT="inc.," HEIGHT="68" WIDTH="126" VPOS="664" HPOS="1510"/>
<SP HEIGHT="65" WIDTH="32" VPOS="667" HPOS="1637"/>
<String CONTENT="1933." HEIGHT="50" WIDTH="149" VPOS="665" HPOS="1670"/>
</TextLine>
<TextLine HEIGHT="50" WIDTH="538" VPOS="741" HPOS="298" STYLEREFS="StyleId-4B5DCD46-A4D4-4209-AF96-F1533573EE70-" CS="1">
<String CS="1" CONTENT="XV," HEIGHT="16" WIDTH="8" VPOS="775" HPOS="298"/>
<SP HEIGHT="46" WIDTH="30" VPOS="745" HPOS="307"/>
<String CONTENT="458," HEIGHT="46" WIDTH="100" VPOS="743" HPOS="338"/>
<SP HEIGHT="46" WIDTH="31" VPOS="743" HPOS="439"/>
<String CONTENT="208" HEIGHT="39" WIDTH="86" VPOS="742" HPOS="471"/>
<SP HEIGHT="46" WIDTH="29" VPOS="743" HPOS="558"/>
<String CS="1" CONTENT="p." HEIGHT="6" WIDTH="7" VPOS="776" HPOS="622"/>
<SP HEIGHT="41" WIDTH="61" VPOS="741" HPOS="630"/>
<String CS="1" CONTENT="25&#189;c" HEIGHT="39" WIDTH="55" VPOS="741" HPOS="692"/>
<String STYLE="superscript" CONTENT="m" HEIGHT="20" WIDTH="27" VPOS="743" HPOS="796"/>
<String CONTENT="." HEIGHT="8" WIDTH="7" VPOS="773" HPOS="829"/>
</TextLine>
<TextLine HEIGHT="56" WIDTH="1998" VPOS="796" HPOS="164" STYLEREFS="StyleId-4B5DCD46-A4D4-4209-AF96-F1533573EE70-" CS="1">
<String CONTENT="&#169;" HEIGHT="51" WIDTH="51" VPOS="801" HPOS="164"/>
<SP HEIGHT="51" WIDTH="34" VPOS="801" HPOS="216"/>
<String CONTENT="Dec." HEIGHT="37" WIDTH="109" VPOS="807" HPOS="251"/>
<SP/>
<String CS="1" CONTENT="18,"/>
<SP/>
<String CONTENT="1982;" HEIGHT="45" WIDTH="138" VPOS="803" HPOS="502"/>
<SP HEIGHT="45" WIDTH="37" VPOS="803" HPOS="641"/>
<String CONTENT="2c." HEIGHT="38" WIDTH="66" VPOS="803" HPOS="679"/>
<SP HEIGHT="38" WIDTH="35" VPOS="803" HPOS="746"/>
<String CONTENT="Dec." HEIGHT="37" WIDTH="109" VPOS="803" HPOS="782"/>
<SP HEIGHT="40" WIDTH="35" VPOS="800" HPOS="892"/>
<String CONTENT="20;" HEIGHT="40" WIDTH="82" VPOS="800" HPOS="928"/>
<SP HEIGHT="29" WIDTH="38" VPOS="811" HPOS="1011"/>
<String CS="1" CONTENT="aff." HEIGHT="7" WIDTH="6" VPOS="830" HPOS="1122"/>
<SP HEIGHT="38" WIDTH="38" VPOS="799" HPOS="1129"/>
<String CONTENT="Jan." HEIGHT="38" WIDTH="107" VPOS="799" HPOS="1168"/>
<SP HEIGHT="37" WIDTH="34" VPOS="800" HPOS="1276"/>
<String CONTENT="4," HEIGHT="44" WIDTH="40" VPOS="800" HPOS="1311"/>
<SP HEIGHT="45" WIDTH="37" VPOS="799" HPOS="1352"/>
<String CONTENT="1984;" HEIGHT="46" WIDTH="138" VPOS="797" HPOS="1390"/>
<SP HEIGHT="46" WIDTH="38" VPOS="797" HPOS="1529"/>
<!-- cceid B74FC29C-6C64-1014-8713-889FF4349C01 --><String CONTENT="A" HEIGHT="39" WIDTH="40" VPOS="797" HPOS="1568"/>
<SP HEIGHT="39" WIDTH="34" VPOS="797" HPOS="1609"/>
<String CS="1" CONTENT="6"/>
<String LANG="la" CONTENT="8751;" HEIGHT="46" WIDTH="140" VPOS="797" HPOS="1673"/>
<SP HEIGHT="47" WIDTH="39" VPOS="796" HPOS="1814"/>
<String CONTENT="Foundation" HEIGHT="41" WIDTH="308" VPOS="796" HPOS="1854"/>
</TextLine>
<TextLine HEIGHT="49" WIDTH="564" VPOS="859" HPOS="233" STYLEREFS="StyleId-4B5DCD46-A4D4-4209-AF96-F1533573EE70-">
<String CONTENT="press," HEIGHT="36" WIDTH="146" VPOS="872" HPOS="233"/>
<SP HEIGHT="40" WIDTH="35" VPOS="861" HPOS="380"/>
<String CONTENT="inc." HEIGHT="39" WIDTH="90" VPOS="861" HPOS="416"/>
<SP HEIGHT="47" WIDTH="69" VPOS="860" HPOS="507"/>
<String CONTENT="(84-429)" HEIGHT="48" WIDTH="220" VPOS="859" HPOS="577"/>
</TextLine>
<TextLine HEIGHT="63" WIDTH="563" VPOS="964" HPOS="165" STYLEREFS="StyleId-363A34B5-D59E-4C52-A426-6A1F636DB87F-">
<String CONTENT="Macpherson," HEIGHT="62" WIDTH="408" VPOS="965" HPOS="165"/>
<SP HEIGHT="63" WIDTH="30" VPOS="964" HPOS="574"/>
<String CONTENT="Ian." HEIGHT="53" WIDTH="123" VPOS="964" HPOS="605"/>
</TextLine>
<TextLine HEIGHT="74" WIDTH="1931" VPOS="1032" HPOS="235">
<String CONTENT="Land" HEIGHT="53" WIDTH="164" VPOS="1039" HPOS="235"/>
<SP HEIGHT="52" WIDTH="28" VPOS="1040" HPOS="400"/>
<String CONTENT="of" HEIGHT="52" WIDTH="63" VPOS="1039" HPOS="429"/>
<SP HEIGHT="51" WIDTH="28" VPOS="1039" HPOS="493"/>
<String CONTENT="our" HEIGHT="37" WIDTH="102" VPOS="1054" HPOS="522"/>
<SP HEIGHT="51" WIDTH="30" VPOS="1039" HPOS="625"/>
<String CONTENT="fathers," HEIGHT="66" WIDTH="235" VPOS="1039" HPOS="656"/>
<SP HEIGHT="67" WIDTH="30" VPOS="1038" HPOS="892"/>
<String CONTENT="by" HEIGHT="68" WIDTH="72" VPOS="1038" HPOS="923"/>
<SP HEIGHT="68" WIDTH="31" VPOS="1038" HPOS="996"/>
<String CONTENT="Ian" HEIGHT="51" WIDTH="105" VPOS="1038" HPOS="1028"/>
<SP HEIGHT="51" WIDTH="30" VPOS="1037" HPOS="1134"/>
<String CONTENT="Macpherson." HEIGHT="67" WIDTH="396" VPOS="1037" HPOS="1165"/>
<SP HEIGHT="52" WIDTH="65" VPOS="1035" HPOS="1562"/>
<String CONTENT="London," HEIGHT="68" WIDTH="260" VPOS="1034" HPOS="1628"/>
<SP HEIGHT="68" WIDTH="30" VPOS="1034" HPOS="1889"/>
<String CONTENT="J." HEIGHT="54" WIDTH="54" VPOS="1034" HPOS="1920"/>
<SP HEIGHT="55" WIDTH="35" VPOS="1032" HPOS="1975"/>
<String CONTENT="Cape" HEIGHT="63" WIDTH="155" VPOS="1032" HPOS="2011"/>
</TextLine>
<TextLine HEIGHT="65" WIDTH="172" VPOS="1120" HPOS="171">
<String CONTENT="[1933]" HEIGHT="65" WIDTH="172" VPOS="1120" HPOS="171"/>
</TextLine>
<TextLine HEIGHT="50" WIDTH="580" VPOS="1190" HPOS="234" STYLEREFS="StyleId-4B5DCD46-A4D4-4209-AF96-F1533573EE70-" CS="1">
<String CONTENT="2" HEIGHT="38" WIDTH="25" VPOS="1193" HPOS="234"/>
<SP/>
<String CONTENT="p." HEIGHT="37" WIDTH="39" VPOS="1203" HPOS="288"/>
<SP/>
<String CS="1" CONTENT="l.," HEIGHT="15" WIDTH="7" VPOS="1224" HPOS="393"/>
<SP HEIGHT="45" WIDTH="28" VPOS="1194" HPOS="401"/>
<String CONTENT="7-384" HEIGHT="39" WIDTH="142" VPOS="1192" HPOS="430"/>
<SP HEIGHT="46" WIDTH="29" VPOS="1193" HPOS="573"/>
<String CONTENT="p." HEIGHT="37" WIDTH="40" VPOS="1202" HPOS="603"/>
<SP HEIGHT="41" WIDTH="56" VPOS="1190" HPOS="644"/>
<String CONTENT="20" HEIGHT="40" WIDTH="54" VPOS="1190" HPOS="701"/>
<String STYLE="superscript" CONTENT="cm" HEIGHT="20" WIDTH="43" VPOS="1193" HPOS="758"/>
<String CONTENT="." HEIGHT="7" WIDTH="7" VPOS="1222" HPOS="807"/>
</TextLine>
<TextLine HEIGHT="53" WIDTH="1998" VPOS="1243" HPOS="170" STYLEREFS="StyleId-4B5DCD46-A4D4-4209-AF96-F1533573EE70-" CS="1">
<String CONTENT="&#169;" HEIGHT="51" WIDTH="50" VPOS="1245" HPOS="170"/>
<SP/>
<String CS="1" CONTENT="1c."/>
<SP HEIGHT="37" WIDTH="38" VPOS="1251" HPOS="323"/>
<String CONTENT="Dec." HEIGHT="37" WIDTH="110" VPOS="1251" HPOS="362"/>
<SP HEIGHT="39" WIDTH="37" VPOS="1249" HPOS="473"/>
<String CONTENT="28." HEIGHT="41" WIDTH="68" VPOS="1249" HPOS="511"/>
<SP HEIGHT="40" WIDTH="37" VPOS="1250" HPOS="580"/>
<String CONTENT="1988;" HEIGHT="46" WIDTH="138" VPOS="1248" HPOS="618"/>
<SP HEIGHT="45" WIDTH="40" VPOS="1249" HPOS="757"/>
<!-- cceid B7508284-6C64-1014-8713-889FF4349C01 --><String CONTENT="A" HEIGHT="38" WIDTH="40" VPOS="1249" HPOS="798"/>
<SP HEIGHT="38" WIDTH="36" VPOS="1249" HPOS="839"/>
<String CONTENT="ad" HEIGHT="37" WIDTH="60" VPOS="1249" HPOS="876"/>
<SP HEIGHT="39" WIDTH="36" VPOS="1247" HPOS="937"/>
<String CONTENT="int." HEIGHT="39" WIDTH="84" VPOS="1247" HPOS="974"/>
<SP HEIGHT="38" WIDTH="39" VPOS="1247" HPOS="1059"/>
<String CONTENT="18541;" HEIGHT="46" WIDTH="168" VPOS="1246" HPOS="1099"/>
<SP HEIGHT="37" WIDTH="39" VPOS="1256" HPOS="1268"/>
<String CONTENT="pubd." HEIGHT="47" WIDTH="141" VPOS="1246" HPOS="1308"/>
<SP HEIGHT="40" WIDTH="40" VPOS="1245" HPOS="1450"/>
<String CONTENT="Oct." HEIGHT="40" WIDTH="101" VPOS="1245" HPOS="1491"/>
<SP HEIGHT="40" WIDTH="37" VPOS="1245" HPOS="1593"/>
<String CONTENT="30;" HEIGHT="46" WIDTH="82" VPOS="1245" HPOS="1631"/>
<SP HEIGHT="46" WIDTH="42" VPOS="1245" HPOS="1714"/>
<String CONTENT="I." HEIGHT="39" WIDTH="35" VPOS="1245" HPOS="1757"/>
<SP HEIGHT="39" WIDTH="39" VPOS="1245" HPOS="1793"/>
<String CONTENT="Macpherson," HEIGHT="48" WIDTH="335" VPOS="1243" HPOS="1833"/>
</TextLine>
<TextLine HEIGHT="51" WIDTH="1303" VPOS="1302" HPOS="236" STYLEREFS="StyleId-4B5DCD46-A4D4-4209-AF96-F1533573EE70-">
<String CONTENT="Kingussie," HEIGHT="48" WIDTH="276" VPOS="1305" HPOS="236"/>
<SP HEIGHT="45" WIDTH="37" VPOS="1308" HPOS="513"/>
<String CONTENT="Invernesshire," HEIGHT="46" WIDTH="379" VPOS="1305" HPOS="551"/>
<SP HEIGHT="45" WIDTH="40" VPOS="1306" HPOS="931"/>
<String CONTENT="Scotland." HEIGHT="39" WIDTH="241" VPOS="1304" HPOS="972"/>
<SP HEIGHT="47" WIDTH="74" VPOS="1303" HPOS="1214"/>
<String CONTENT="(34-1287)" HEIGHT="48" WIDTH="250" VPOS="1302" HPOS="1289"/>
</TextLine>
<TextLine HEIGHT="67" WIDTH="993" VPOS="1393" HPOS="174" STYLEREFS="StyleId-1476DB77-C08F-413A-AB80-085968347541-">
<String CONTENT="Michigan." HEIGHT="65" WIDTH="316" VPOS="1393" HPOS="174"/>
<SP HEIGHT="51" WIDTH="72" VPOS="1396" HPOS="491"/>
<String CONTENT="Laws," HEIGHT="64" WIDTH="183" VPOS="1396" HPOS="564"/>
<SP HEIGHT="46" WIDTH="29" VPOS="1414" HPOS="748"/>
<String CONTENT="statutes," HEIGHT="59" WIDTH="258" VPOS="1400" HPOS="778"/>
<SP HEIGHT="47" WIDTH="29" VPOS="1412" HPOS="1037"/>
<String CONTENT="etc." HEIGHT="47" WIDTH="100" VPOS="1400" HPOS="1067"/>
</TextLine>
<TextLine HEIGHT="70" WIDTH="1931" VPOS="1469" HPOS="241">
<String CONTENT="Baldwin&#8217;s" HEIGHT="52" WIDTH="314" VPOS="1472" HPOS="241"/>
<SP HEIGHT="48" WIDTH="26" VPOS="1476" HPOS="556"/>
<String CONTENT="1934" HEIGHT="48" WIDTH="135" VPOS="1475" HPOS="583"/>
<SP HEIGHT="49" WIDTH="24" VPOS="1475" HPOS="719"/>
<String CONTENT="supplement" HEIGHT="65" WIDTH="362" VPOS="1474" HPOS="744"/>
<SP HEIGHT="47" WIDTH="22" VPOS="1476" HPOS="1107"/>
<String CONTENT="to" HEIGHT="46" WIDTH="57" VPOS="1477" HPOS="1130"/>
<SP HEIGHT="50" WIDTH="25" VPOS="1474" HPOS="1188"/>
<String CONTENT="The" HEIGHT="52" WIDTH="122" VPOS="1472" HPOS="1214"/>
<SP HEIGHT="34" WIDTH="26" VPOS="1490" HPOS="1337"/>
<String CONTENT="compiled" HEIGHT="68" WIDTH="281" VPOS="1471" HPOS="1364"/>
<SP HEIGHT="52" WIDTH="26" VPOS="1471" HPOS="1646"/>
<String CONTENT="laws," HEIGHT="67" WIDTH="155" VPOS="1471" HPOS="1673"/>
<SP HEIGHT="66" WIDTH="25" VPOS="1472" HPOS="1829"/>
<String CONTENT="Michigan," HEIGHT="69" WIDTH="317" VPOS="1469" HPOS="1855"/>
</TextLine>
<TextLine HEIGHT="69" WIDTH="1998" VPOS="1548" HPOS="173">
<String CONTENT="annotated." HEIGHT="52" WIDTH="324" VPOS="1550" HPOS="173"/>
<SP HEIGHT="54" WIDTH="77" VPOS="1549" HPOS="498"/>
<String CONTENT="Containing" HEIGHT="68" WIDTH="350" VPOS="1549" HPOS="576"/>
<SP HEIGHT="49" WIDTH="28" VPOS="1568" HPOS="927"/>
<String CONTENT="ail" HEIGHT="51" WIDTH="77" VPOS="1551" HPOS="956"/>
<SP HEIGHT="49" WIDTH="25" VPOS="1551" HPOS="1034"/>
<String CONTENT="laws" HEIGHT="51" WIDTH="136" VPOS="1551" HPOS="1060"/>
<SP HEIGHT="33" WIDTH="28" VPOS="1569" HPOS="1197"/>
<String CONTENT="of" HEIGHT="52" WIDTH="62" VPOS="1549" HPOS="1226"/>
<SP HEIGHT="51" WIDTH="30" VPOS="1549" HPOS="1289"/>
<String CONTENT="a" HEIGHT="32" WIDTH="30" VPOS="1568" HPOS="1320"/>
<SP HEIGHT="49" WIDTH="26" VPOS="1568" HPOS="1351"/>
<String CONTENT="general" HEIGHT="67" WIDTH="229" VPOS="1550" HPOS="1378"/>
<SP HEIGHT="50" WIDTH="26" VPOS="1550" HPOS="1608"/>
<String CONTENT="nature" HEIGHT="48" WIDTH="205" VPOS="1553" HPOS="1635"/>
<SP HEIGHT="49" WIDTH="24" VPOS="1567" HPOS="1841"/>
<String CONTENT="passed" HEIGHT="68" WIDTH="202" VPOS="1548" HPOS="1866"/>
<SP HEIGHT="52" WIDTH="28" VPOS="1548" HPOS="2069"/>
<String CONTENT="by" HEIGHT="67" WIDTH="73" VPOS="1549" HPOS="2098"/>
</TextLine>
<TextLine HEIGHT="146" WIDTH="1999" VPOS="1628" HPOS="174" CS="1">
<String CONTENT="the" HEIGHT="51" WIDTH="94" VPOS="1629" HPOS="175"/>
<SP HEIGHT="32" WIDTH="31" VPOS="1648" HPOS="270"/>
<String CONTENT="regular" HEIGHT="68" WIDTH="228" VPOS="1628" HPOS="302"/>
<SP HEIGHT="33" WIDTH="23" VPOS="1648" HPOS="531"/>
<String CONTENT="session" HEIGHT="53" WIDTH="215" VPOS="1628" HPOS="555"/>
<SP HEIGHT="32" WIDTH="30" VPOS="1647" HPOS="771"/>
<String CONTENT="of" HEIGHT="50" WIDTH="62" VPOS="1628" HPOS="802"/>
<SP HEIGHT="51" WIDTH="31" VPOS="1628" HPOS="865"/>
<String CONTENT="the" HEIGHT="51" WIDTH="95" VPOS="1629" HPOS="897"/>
<SP HEIGHT="49" WIDTH="29" VPOS="1631" HPOS="993"/>
<String CONTENT="Legislature" HEIGHT="66" WIDTH="357" VPOS="1629" HPOS="1023"/>
<SP HEIGHT="32" WIDTH="30" VPOS="1647" HPOS="1381"/>
<String CONTENT="of" HEIGHT="51" WIDTH="63" VPOS="1628" HPOS="1412"/>
<SP HEIGHT="51" WIDTH="33" VPOS="1628" HPOS="1476"/>
<String CONTENT="1931," HEIGHT="65" WIDTH="151" VPOS="1630" HPOS="1510"/>
<SP HEIGHT="63" WIDTH="30" VPOS="1632" HPOS="1662"/>
<String CONTENT="the" HEIGHT="51" WIDTH="100" VPOS="1628" HPOS="1693"/>
<SP HEIGHT="34" WIDTH="24" VPOS="1645" HPOS="1794"/>
<String CONTENT="special" HEIGHT="67" WIDTH="218" VPOS="1628" HPOS="1819"/>
<SP HEIGHT="50" WIDTH="24" VPOS="1629" HPOS="2038"/>
<String CONTENT="sessions" HEIGHT="115" WIDTH="1972" VPOS="1645" HPOS="174"/>
<SP HEIGHT="34" WIDTH="32" VPOS="1726" HPOS="325"/>
<String CONTENT="of" HEIGHT="52" WIDTH="62" VPOS="1707" HPOS="358"/>
<SP HEIGHT="51" WIDTH="31" VPOS="1707" HPOS="421"/>
<String CONTENT="1932" HEIGHT="49" WIDTH="134" VPOS="1709" HPOS="453"/>
<SP HEIGHT="48" WIDTH="31" VPOS="1710" HPOS="588"/>
<String CONTENT="and" HEIGHT="51" WIDTH="110" VPOS="1707" HPOS="620"/>
<SP HEIGHT="52" WIDTH="32" VPOS="1707" HPOS="731"/>
<String CONTENT="the" HEIGHT="51" WIDTH="95" VPOS="1708" HPOS="764"/>
<SP HEIGHT="31" WIDTH="30" VPOS="1726" HPOS="860"/>
<String CONTENT="regular" HEIGHT="67" WIDTH="229" VPOS="1707" HPOS="891"/>
<SP HEIGHT="33" WIDTH="31" VPOS="1726" HPOS="1121"/>
<String CONTENT="session" HEIGHT="52" WIDTH="208" VPOS="1706" HPOS="1153"/>
<SP HEIGHT="34" WIDTH="32" VPOS="1725" HPOS="1362"/>
<String CONTENT="of" HEIGHT="52" WIDTH="62" VPOS="1707" HPOS="1395"/>
<SP HEIGHT="51" WIDTH="34" VPOS="1707" HPOS="1458"/>
<String CONTENT="1933." HEIGHT="49" WIDTH="150" VPOS="1709" HPOS="1493"/>
<SP HEIGHT="51" WIDTH="68" VPOS="1708" HPOS="1644"/>
<String CONTENT="Together" HEIGHT="67" WIDTH="286" VPOS="1705" HPOS="1713"/>
<SP HEIGHT="33" WIDTH="31" VPOS="1724" HPOS="2000"/>
<String CONTENT="with" HEIGHT="52" WIDTH="141" VPOS="1705" HPOS="2032"/>
</TextLine>
<TextLine HEIGHT="68" WIDTH="1997" VPOS="1784" HPOS="177">
<String CONTENT="annotations" HEIGHT="52" WIDTH="362" VPOS="1785" HPOS="177"/>
<SP HEIGHT="52" WIDTH="34" VPOS="1785" HPOS="540"/>
<String CONTENT="from" HEIGHT="53" WIDTH="153" VPOS="1785" HPOS="575"/>
<SP HEIGHT="53" WIDTH="33" VPOS="1785" HPOS="729"/>
<String CONTENT="decisions" HEIGHT="52" WIDTH="275" VPOS="1784" HPOS="763"/>
<SP HEIGHT="32" WIDTH="33" VPOS="1804" HPOS="1039"/>
<String CONTENT="of" HEIGHT="51" WIDTH="63" VPOS="1785" HPOS="1073"/>
<SP HEIGHT="51" WIDTH="32" VPOS="1785" HPOS="1137"/>
<String CONTENT="the" HEIGHT="51" WIDTH="94" VPOS="1785" HPOS="1170"/>
<SP HEIGHT="54" WIDTH="36" VPOS="1785" HPOS="1265"/>
<String CONTENT="Supreme" HEIGHT="67" WIDTH="278" VPOS="1785" HPOS="1302"/>
<SP HEIGHT="34" WIDTH="29" VPOS="1804" HPOS="1581"/>
<String CONTENT="court," HEIGHT="63" WIDTH="178" VPOS="1788" HPOS="1611"/>
<SP HEIGHT="60" WIDTH="32" VPOS="1791" HPOS="1790"/>
<String CONTENT="the" HEIGHT="51" WIDTH="96" VPOS="1785" HPOS="1823"/>
<SP HEIGHT="52" WIDTH="33" VPOS="1784" HPOS="1920"/>
<String CONTENT="federal" HEIGHT="52" WIDTH="220" VPOS="1784" HPOS="1954"/>
</TextLine>
<TextLine HEIGHT="69" WIDTH="1998" VPOS="1862" HPOS="177">
<String CONTENT="courts" HEIGHT="48" WIDTH="188" VPOS="1867" HPOS="177"/>
<SP HEIGHT="34" WIDTH="39" VPOS="1881" HPOS="366"/>
<String CONTENT="and" HEIGHT="51" WIDTH="112" VPOS="1864" HPOS="406"/>
<SP HEIGHT="51" WIDTH="39" VPOS="1864" HPOS="519"/>
<String CONTENT="opinions" HEIGHT="67" WIDTH="262" VPOS="1863" HPOS="559"/>
<SP HEIGHT="33" WIDTH="39" VPOS="1882" HPOS="822"/>
<String CONTENT="of" HEIGHT="52" WIDTH="63" VPOS="1863" HPOS="862"/>
<SP HEIGHT="51" WIDTH="37" VPOS="1863" HPOS="926"/>
<String CONTENT="the" HEIGHT="51" WIDTH="95" VPOS="1864" HPOS="964"/>
<SP HEIGHT="34" WIDTH="38" VPOS="1881" HPOS="1060"/>
<String CONTENT="attorney" HEIGHT="62" WIDTH="260" VPOS="1868" HPOS="1099"/>
<SP HEIGHT="49" WIDTH="38" VPOS="1881" HPOS="1360"/>
<String CONTENT="general" HEIGHT="65" WIDTH="230" VPOS="1865" HPOS="1399"/>
<SP HEIGHT="50" WIDTH="38" VPOS="1865" HPOS="1630"/>
<String CONTENT="to" HEIGHT="47" WIDTH="58" VPOS="1868" HPOS="1669"/>
<SP HEIGHT="52" WIDTH="39" VPOS="1864" HPOS="1728"/>
<String CONTENT="November" HEIGHT="54" WIDTH="320" VPOS="1862" HPOS="1768"/>
<SP HEIGHT="49" WIDTH="39" VPOS="1865" HPOS="2089"/>
<String CONTENT="1," HEIGHT="66" WIDTH="46" VPOS="1865" HPOS="2129"/>
</TextLine>
<TextLine HEIGHT="145" WIDTH="1999" VPOS="1940" HPOS="179" CS="1">
<String CONTENT="1933." HEIGHT="51" WIDTH="148" VPOS="1943" HPOS="179"/>
<SP HEIGHT="53" WIDTH="76" VPOS="1941" HPOS="328"/>
<String CONTENT="Edited" HEIGHT="53" WIDTH="212" VPOS="1940" HPOS="405"/>
<SP HEIGHT="51" WIDTH="24" VPOS="1942" HPOS="618"/>
<String CONTENT="by" HEIGHT="66" WIDTH="73" VPOS="1942" HPOS="643"/>
<SP HEIGHT="65" WIDTH="21" VPOS="1943" HPOS="717"/>
<String CONTENT="William" HEIGHT="53" WIDTH="261" VPOS="1942" HPOS="739"/>
<SP HEIGHT="51" WIDTH="23" VPOS="1943" HPOS="1001"/>
<String CONTENT="Edward" HEIGHT="52" WIDTH="254" VPOS="1942" HPOS="1025"/>
<SP HEIGHT="52" WIDTH="23" VPOS="1942" HPOS="1280"/>
<String CONTENT="Baldwin" HEIGHT="52" WIDTH="270" VPOS="1942" HPOS="1304"/>
<SP HEIGHT="32" WIDTH="29" VPOS="1960" HPOS="1575"/>
<String CS="1" CONTENT="&#8230;"/>
<SP HEIGHT="54" WIDTH="28" VPOS="1942" HPOS="1660"/>
<String CONTENT="George" HEIGHT="68" WIDTH="224" VPOS="1942" HPOS="1689"/>
<SP HEIGHT="55" WIDTH="23" VPOS="1942" HPOS="1914"/>
<String CONTENT="C." HEIGHT="55" WIDTH="62" VPOS="1942" HPOS="1938"/>
<SP HEIGHT="51" WIDTH="25" VPOS="1942" HPOS="2001"/>
<String CONTENT="Ellsworth" HEIGHT="129" WIDTH="1972" VPOS="1942" HPOS="179"/>
<SP HEIGHT="50" WIDTH="28" VPOS="2020" HPOS="363"/>
<String CS="1" CONTENT="&#8230;"/>
<SP HEIGHT="33" WIDTH="32" VPOS="2052" HPOS="446"/>
<String CONTENT="[and]" HEIGHT="65" WIDTH="149" VPOS="2020" HPOS="479"/>
<SP HEIGHT="63" WIDTH="29" VPOS="2021" HPOS="629"/>
<String CONTENT="Francis" HEIGHT="52" WIDTH="238" VPOS="2019" HPOS="659"/>
<SP HEIGHT="52" WIDTH="24" VPOS="2022" HPOS="898"/>
<String CONTENT="J." HEIGHT="52" WIDTH="54" VPOS="2022" HPOS="923"/>
<SP HEIGHT="51" WIDTH="24" VPOS="2021" HPOS="978"/>
<String CONTENT="Amer" HEIGHT="51" WIDTH="175" VPOS="2021" HPOS="1003"/>
<SP HEIGHT="33" WIDTH="28" VPOS="2038" HPOS="1179"/>
<String CS="1" CONTENT="&#8230;"/>
<SP HEIGHT="55" WIDTH="65" VPOS="2020" HPOS="1263"/>
<String CONTENT="Cleveland," HEIGHT="66" WIDTH="328" VPOS="2019" HPOS="1329"/>
<SP HEIGHT="62" WIDTH="24" VPOS="2023" HPOS="1658"/>
<String CONTENT="Banks-Bald" HEIGHT="52" WIDTH="372" VPOS="2020" HPOS="1683"/>
<SP HEIGHT="51" WIDTH="7" VPOS="2020" HPOS="2056"/>
<String CONTENT="win" HEIGHT="52" WIDTH="114" VPOS="2020" HPOS="2064"/>
</TextLine>
<TextLine HEIGHT="68" WIDTH="1020" VPOS="2097" HPOS="177" CS="1">
<String CONTENT="law" HEIGHT="50" WIDTH="109" VPOS="2099" HPOS="177"/>
<SP HEIGHT="48" WIDTH="32" VPOS="2116" HPOS="287"/>
<String CONTENT="publishing" HEIGHT="68" WIDTH="336" VPOS="2097" HPOS="320"/>
<SP HEIGHT="49" WIDTH="31" VPOS="2116" HPOS="657"/>
<String CONTENT="company" HEIGHT="49" WIDTH="279" VPOS="2116" HPOS="689"/>
<SP HEIGHT="47" WIDTH="38" VPOS="2118" HPOS="969"/>
<String CS="1" CONTENT="["/>
<String STYLE="superscript" CONTENT="c" HEIGHT="20" WIDTH="16" VPOS="2104" HPOS="1025"/>
<String CONTENT="1934]" HEIGHT="63" WIDTH="149" VPOS="2101" HPOS="1048"/>
</TextLine>
<TextLine HEIGHT="47" WIDTH="651" VPOS="2171" HPOS="250" STYLEREFS="StyleId-4B5DCD46-A4D4-4209-AF96-F1533573EE70-" CS="1">
<String CONTENT="8" HEIGHT="37" WIDTH="25" VPOS="2173" HPOS="250"/>
<SP HEIGHT="45" WIDTH="27" VPOS="2173" HPOS="276"/>
<String CONTENT="p." HEIGHT="35" WIDTH="41" VPOS="2183" HPOS="304"/>
<SP/>
<String CS="1" CONTENT="l.," HEIGHT="15" WIDTH="7" VPOS="2203" HPOS="410"/>
<SP HEIGHT="47" WIDTH="29" VPOS="2171" HPOS="418"/>
<String CONTENT="921," HEIGHT="46" WIDTH="96" VPOS="2171" HPOS="448"/>
<SP HEIGHT="46" WIDTH="28" VPOS="2171" HPOS="545"/>
<String CONTENT="205" HEIGHT="39" WIDTH="84" VPOS="2171" HPOS="574"/>
<SP HEIGHT="46" WIDTH="29" VPOS="2172" HPOS="659"/>
<String CONTENT="p." HEIGHT="36" WIDTH="40" VPOS="2182" HPOS="689"/>
<SP HEIGHT="39" WIDTH="55" VPOS="2171" HPOS="730"/>
<String CONTENT="26" HEIGHT="39" WIDTH="55" VPOS="2171" HPOS="786"/>
<String STYLE="superscript" CONTENT="cm" HEIGHT="21" WIDTH="43" VPOS="2174" HPOS="845"/>
<String CONTENT="." HEIGHT="6" WIDTH="7" VPOS="2204" HPOS="894"/>
</TextLine>
<TextLine HEIGHT="51" WIDTH="1998" VPOS="2225" HPOS="181" STYLEREFS="StyleId-4B5DCD46-A4D4-4209-AF96-F1533573EE70-" CS="1">
<String CONTENT="&#169;" HEIGHT="50" WIDTH="50" VPOS="2225" HPOS="181"/>
<SP HEIGHT="50" WIDTH="28" VPOS="2225" HPOS="232"/>
<String CONTENT="Jan" HEIGHT="39" WIDTH="94" VPOS="2228" HPOS="261"/>
<SP HEIGHT="38" WIDTH="41" VPOS="2229" HPOS="356"/>
<String CONTENT="5," HEIGHT="46" WIDTH="37" VPOS="2229" HPOS="398"/>
<SP HEIGHT="46" WIDTH="27" VPOS="2229" HPOS="436"/>
<String CONTENT="1984;" HEIGHT="46" WIDTH="140" VPOS="2228" HPOS="464"/>
<SP HEIGHT="44" WIDTH="28" VPOS="2230" HPOS="605"/>
<String CONTENT="2c." HEIGHT="37" WIDTH="67" VPOS="2230" HPOS="634"/>
<SP HEIGHT="28" WIDTH="27" VPOS="2239" HPOS="702"/>
<String CONTENT="and" HEIGHT="39" WIDTH="95" VPOS="2229" HPOS="730"/>
<SP/>
<String CS="1" CONTENT="aff."/>
<SP HEIGHT="38" WIDTH="30" VPOS="2229" HPOS="933"/>
<String CONTENT="Jan." HEIGHT="39" WIDTH="109" VPOS="2229" HPOS="964"/>
<SP HEIGHT="38" WIDTH="27" VPOS="2230" HPOS="1074"/>
<String CONTENT="8;" HEIGHT="45" WIDTH="51" VPOS="2230" HPOS="1102"/>
<SP HEIGHT="45" WIDTH="29" VPOS="2230" HPOS="1154"/>
<!-- cceid B751434D-6C64-1014-8713-889FF4349C01 --><String CONTENT="A" HEIGHT="37" WIDTH="40" VPOS="2230" HPOS="1184"/>
<SP HEIGHT="38" WIDTH="26" VPOS="2230" HPOS="1225"/>
<String CONTENT="67893;" HEIGHT="48" WIDTH="170" VPOS="2228" HPOS="1252"/>
<SP HEIGHT="46" WIDTH="29" VPOS="2230" HPOS="1423"/>
<String CONTENT="William" HEIGHT="40" WIDTH="219" VPOS="2229" HPOS="1453"/>
<SP HEIGHT="37" WIDTH="26" VPOS="2230" HPOS="1673"/>
<String CONTENT="Edward" HEIGHT="38" WIDTH="211" VPOS="2230" HPOS="1700"/>
<SP HEIGHT="39" WIDTH="29" VPOS="2229" HPOS="1912"/>
<String CONTENT="Baldwin," HEIGHT="46" WIDTH="237" VPOS="2229" HPOS="1942"/>
</TextLine>
<TextLine HEIGHT="47" WIDTH="565" VPOS="2285" HPOS="249" STYLEREFS="StyleId-4B5DCD46-A4D4-4209-AF96-F1533573EE70-">
<String CONTENT="Cleveland." HEIGHT="39" WIDTH="273" VPOS="2286" HPOS="249"/>
<SP HEIGHT="47" WIDTH="70" VPOS="2285" HPOS="523"/>
<String CONTENT="(34-786)" HEIGHT="47" WIDTH="220" VPOS="2285" HPOS="594"/>
</TextLine>
<TextLine HEIGHT="62" WIDTH="447" VPOS="2376" HPOS="182" STYLEREFS="StyleId-363A34B5-D59E-4C52-A426-6A1F636DB87F-">
<String CONTENT="Moore," HEIGHT="62" WIDTH="217" VPOS="2376" HPOS="182"/>
<SP HEIGHT="62" WIDTH="25" VPOS="2376" HPOS="400"/>
<String CONTENT="Amos." HEIGHT="55" WIDTH="203" VPOS="2376" HPOS="426"/>
</TextLine>
<TextLine HEIGHT="71" WIDTH="1929" VPOS="2453" HPOS="249" CS="1">
<String CONTENT="Lead" HEIGHT="52" WIDTH="155" VPOS="2453" HPOS="249"/>
<SP HEIGHT="52" WIDTH="35" VPOS="2453" HPOS="405"/>
<String CONTENT="law," HEIGHT="67" WIDTH="127" VPOS="2453" HPOS="441"/>
<SP HEIGHT="67" WIDTH="38" VPOS="2453" HPOS="569"/>
<String CONTENT="by" HEIGHT="67" WIDTH="73" VPOS="2453" HPOS="608"/>
<SP HEIGHT="64" WIDTH="38" VPOS="2456" HPOS="682"/>
<String CONTENT="Amos" HEIGHT="51" WIDTH="177" VPOS="2456" HPOS="721"/>
<SP HEIGHT="52" WIDTH="36" VPOS="2455" HPOS="899"/>
<String CONTENT="Moore" HEIGHT="52" WIDTH="197" VPOS="2455" HPOS="936"/>
<SP HEIGHT="33" WIDTH="42" VPOS="2474" HPOS="1134"/>
<String CS="1" CONTENT="&#8230;"/>
<SP HEIGHT="52" WIDTH="79" VPOS="2456" HPOS="1232"/>
<String CONTENT="New" HEIGHT="52" WIDTH="139" VPOS="2456" HPOS="1312"/>
<SP HEIGHT="51" WIDTH="41" VPOS="2457" HPOS="1452"/>
<String CONTENT="York," HEIGHT="67" WIDTH="178" VPOS="2456" HPOS="1494"/>
<SP HEIGHT="65" WIDTH="40" VPOS="2458" HPOS="1673"/>
<String CONTENT="The" HEIGHT="50" WIDTH="121" VPOS="2458" HPOS="1714"/>
<SP HEIGHT="52" WIDTH="37" VPOS="2456" HPOS="1836"/>
<String CONTENT="Macaulay" HEIGHT="68" WIDTH="304" VPOS="2456" HPOS="1874"/>
</TextLine>
<TextLine HEIGHT="63" WIDTH="490" VPOS="2535" HPOS="182" CS="1">
<String CONTENT="company" HEIGHT="51" WIDTH="278" VPOS="2547" HPOS="182"/>
<SP HEIGHT="49" WIDTH="35" VPOS="2549" HPOS="461"/>
<String CS="1" CONTENT="["/>
<String STYLE="superscript" CONTENT="c" HEIGHT="21" WIDTH="16" VPOS="2537" HPOS="515"/>
<String CS="1" CONTENT="1934]" HEIGHT="49" WIDTH="135" VPOS="2535" HPOS="537"/>
</TextLine>
<TextLine HEIGHT="48" WIDTH="954" VPOS="2605" HPOS="253" STYLEREFS="StyleId-4B5DCD46-A4D4-4209-AF96-F1533573EE70-" CS="1">
<String LANG="en-US" CONTENT="3" HEIGHT="36" WIDTH="24" VPOS="2607" HPOS="253"/>
<SP/>
<String LANG="la" CONTENT="p." HEIGHT="35" WIDTH="39" VPOS="2616" HPOS="307"/>
<SP HEIGHT="29" WIDTH="29" VPOS="2613" HPOS="347"/>
<String LANG="la" CS="1" CONTENT="l.," HEIGHT="15" WIDTH="21" VPOS="2635" HPOS="397"/>
<SP HEIGHT="35" WIDTH="28" VPOS="2615" HPOS="419"/>
<String LANG="en-US" CONTENT="v-vi" HEIGHT="38" WIDTH="107" VPOS="2605" HPOS="448"/>
<SP HEIGHT="46" WIDTH="26" VPOS="2605" HPOS="556"/>
<String LANG="la" CONTENT="p.," HEIGHT="36" WIDTH="55" VPOS="2615" HPOS="583"/>
<SP HEIGHT="42" WIDTH="27" VPOS="2608" HPOS="639"/>
<String LANG="en-US" CONTENT="1" HEIGHT="35" WIDTH="23" VPOS="2608" HPOS="667"/>
<SP/>
<String LANG="en-US" CS="1" CONTENT="l.," HEIGHT="15" WIDTH="7" VPOS="2636" HPOS="755"/>
<SP HEIGHT="44" WIDTH="28" VPOS="2607" HPOS="763"/>
<String LANG="en-US" CONTENT="9-251" HEIGHT="40" WIDTH="135" VPOS="2605" HPOS="792"/>
<SP HEIGHT="46" WIDTH="35" VPOS="2607" HPOS="928"/>
<String LANG="en-US" CONTENT="p." HEIGHT="36" WIDTH="40" VPOS="2617" HPOS="964"/>
<SP HEIGHT="37" WIDTH="57" VPOS="2608" HPOS="1005"/>
<String LANG="en-US" CS="1" CONTENT="19&#189;" HEIGHT="40" WIDTH="55" VPOS="2605" HPOS="1063"/>
<String STYLE="superscript" LANG="en-US" CONTENT="cm" HEIGHT="20" WIDTH="41" VPOS="2608" HPOS="1151"/>
<String LANG="en-US" CONTENT="." HEIGHT="8" WIDTH="7" VPOS="2639" HPOS="1200"/>
</TextLine>
<TextLine HEIGHT="107" WIDTH="1983" VPOS="2656" HPOS="185" STYLEREFS="StyleId-4B5DCD46-A4D4-4209-AF96-F1533573EE70-" CS="1">
<String CONTENT="&#169;" HEIGHT="51" WIDTH="50" VPOS="2656" HPOS="185"/>
<SP HEIGHT="51" WIDTH="29" VPOS="2656" HPOS="236"/>
<String CONTENT="Jan." HEIGHT="40" WIDTH="108" VPOS="2660" HPOS="266"/>
<SP HEIGHT="38" WIDTH="27" VPOS="2662" HPOS="375"/>
<String CONTENT="4," HEIGHT="45" WIDTH="39" VPOS="2662" HPOS="403"/>
<SP HEIGHT="45" WIDTH="29" VPOS="2662" HPOS="443"/>
<String CONTENT="1934;" HEIGHT="46" WIDTH="139" VPOS="2661" HPOS="473"/>
<SP HEIGHT="46" WIDTH="31" VPOS="2661" HPOS="613"/>
<String CONTENT="2c." HEIGHT="40" WIDTH="65" VPOS="2661" HPOS="645"/>
<SP HEIGHT="39" WIDTH="30" VPOS="2662" HPOS="711"/>
<String CONTENT="Jan." HEIGHT="38" WIDTH="107" VPOS="2662" HPOS="742"/>
<SP HEIGHT="39" WIDTH="30" VPOS="2662" HPOS="850"/>
<String CONTENT="6;" HEIGHT="47" WIDTH="51" VPOS="2662" HPOS="881"/>
<SP HEIGHT="36" WIDTH="31" VPOS="2673" HPOS="933"/>
<String CS="1" CONTENT="aff." HEIGHT="28" WIDTH="80" VPOS="2674" HPOS="965"/>
<SP HEIGHT="39" WIDTH="31" VPOS="2663" HPOS="1046"/>
<String CONTENT="Jan." HEIGHT="39" WIDTH="106" VPOS="2663" HPOS="1078"/>
<SP HEIGHT="40" WIDTH="30" VPOS="2662" HPOS="1185"/>
<String CONTENT="8;" HEIGHT="47" WIDTH="51" VPOS="2662" HPOS="1216"/>
<SP HEIGHT="45" WIDTH="32" VPOS="2664" HPOS="1268"/>
<!-- cceid B751FB3E-6C64-1014-8713-889FF4349C01 --><String CONTENT="A" HEIGHT="37" WIDTH="42" VPOS="2664" HPOS="1301"/>
<SP HEIGHT="39" WIDTH="26" VPOS="2663" HPOS="1344"/>
<String CONTENT="68793" HEIGHT="41" WIDTH="142" VPOS="2662" HPOS="1371"/>
<SP HEIGHT="46" WIDTH="17" VPOS="2664" HPOS="1514"/>
<String CONTENT=";" HEIGHT="36" WIDTH="8" VPOS="2674" HPOS="1532"/>
<SP HEIGHT="46" WIDTH="32" VPOS="2664" HPOS="1541"/>
<String CONTENT="Lilian" HEIGHT="40" WIDTH="162" VPOS="2663" HPOS="1574"/>
<SP HEIGHT="38" WIDTH="27" VPOS="2664" HPOS="1737"/>
<String CONTENT="Bennet" HEIGHT="39" WIDTH="190" VPOS="2664" HPOS="1765"/>
<SP HEIGHT="39" WIDTH="26" VPOS="2664" HPOS="1956"/>
<String CONTENT="Thompson," HEIGHT="99" WIDTH="1911" VPOS="2664" HPOS="257"/>
</TextLine>
<TextLine HEIGHT="51" WIDTH="1450" VPOS="2718" HPOS="384" STYLEREFS="StyleId-4B5DCD46-A4D4-4209-AF96-F1533573EE70-" CS="1">
<String CONTENT="Warwick," HEIGHT="47" WIDTH="256" VPOS="2718" HPOS="384"/>
<SP HEIGHT="47" WIDTH="27" VPOS="2718" HPOS="641"/>
<String CONTENT="X." HEIGHT="40" WIDTH="54" VPOS="2718" HPOS="669"/>
<SP HEIGHT="38" WIDTH="27" VPOS="2720" HPOS="724"/>
<String CONTENT="Y.," HEIGHT="45" WIDTH="66" VPOS="2720" HPOS="752"/>
<SP HEIGHT="34" WIDTH="28" VPOS="2731" HPOS="819"/>
<String CONTENT="and" HEIGHT="37" WIDTH="94" VPOS="2721" HPOS="848"/>
<SP HEIGHT="39" WIDTH="28" VPOS="2720" HPOS="943"/>
<String CONTENT="George" HEIGHT="48" WIDTH="182" VPOS="2720" HPOS="972"/>
<SP HEIGHT="38" WIDTH="25" VPOS="2721" HPOS="1155"/>
<String CONTENT="Hubbard," HEIGHT="46" WIDTH="250" VPOS="2721" HPOS="1181"/>
<SP HEIGHT="46" WIDTH="28" VPOS="2721" HPOS="1432"/>
<String CONTENT="Wisner," HEIGHT="48" WIDTH="205" VPOS="2721" HPOS="1461"/>
<SP HEIGHT="50" WIDTH="29" VPOS="2719" HPOS="1667"/>
<String CONTENT="N." HEIGHT="41" WIDTH="54" VPOS="2719" HPOS="1697"/>
<SP HEIGHT="39" WIDTH="29" VPOS="2721" HPOS="1752"/>
<String CONTENT="Y." HEIGHT="39" WIDTH="52" VPOS="2721" HPOS="1782"/>
</TextLine>
<TextLine HEIGHT="48" WIDTH="220" VPOS="2774" HPOS="264" STYLEREFS="StyleId-4B5DCD46-A4D4-4209-AF96-F1533573EE70-">
<String CONTENT="(34-581)" HEIGHT="48" WIDTH="220" VPOS="2774" HPOS="264"/>
</TextLine>
<TextLine HEIGHT="74" WIDTH="1557" VPOS="2864" HPOS="213" STYLEREFS="StyleId-363A34B5-D59E-4C52-A426-6A1F636DB87F-" CS="1">
<String CS="1" CONTENT="[Negligence" HEIGHT="64" WIDTH="354" VPOS="2864" HPOS="213"/>
<SP HEIGHT="36" WIDTH="34" VPOS="2882" HPOS="568"/>
<String CONTENT="and" HEIGHT="51" WIDTH="114" VPOS="2868" HPOS="603"/>
<SP HEIGHT="51" WIDTH="32" VPOS="2868" HPOS="718"/>
<String CONTENT="compensation" HEIGHT="59" WIDTH="442" VPOS="2871" HPOS="751"/>
<SP HEIGHT="36" WIDTH="33" VPOS="2886" HPOS="1194"/>
<String CONTENT="cases" HEIGHT="37" WIDTH="170" VPOS="2885" HPOS="1228"/>
<SP HEIGHT="37" WIDTH="27" VPOS="2885" HPOS="1399"/>
<String CONTENT="annotated]" HEIGHT="66" WIDTH="343" VPOS="2872" HPOS="1427"/>
</TextLine>
<TextLine HEIGHT="80" WIDTH="1927" VPOS="2938" HPOS="260" CS="1">
<String CONTENT="Common" HEIGHT="55" WIDTH="276" VPOS="2938" HPOS="260"/>
<SP HEIGHT="33" WIDTH="27" VPOS="2962" HPOS="537"/>
<String CONTENT="sense" HEIGHT="34" WIDTH="154" VPOS="2961" HPOS="565"/>
<SP HEIGHT="52" WIDTH="27" VPOS="2943" HPOS="720"/>
<String CONTENT="index" HEIGHT="53" WIDTH="172" VPOS="2943" HPOS="748"/>
<SP HEIGHT="34" WIDTH="27" VPOS="2963" HPOS="921"/>
<String CONTENT="of" HEIGHT="51" WIDTH="62" VPOS="2946" HPOS="949"/>
<SP HEIGHT="50" WIDTH="26" VPOS="2946" HPOS="1012"/>
<String CONTENT="volume" HEIGHT="51" WIDTH="224" VPOS="2946" HPOS="1039"/>
<SP HEIGHT="48" WIDTH="27" VPOS="2950" HPOS="1264"/>
<String CONTENT="33" HEIGHT="49" WIDTH="64" VPOS="2949" HPOS="1292"/>
<SP HEIGHT="51" WIDTH="29" VPOS="2949" HPOS="1357"/>
<String CONTENT="N." HEIGHT="51" WIDTH="70" VPOS="2949" HPOS="1387"/>
<SP HEIGHT="54" WIDTH="28" VPOS="2948" HPOS="1458"/>
<String CONTENT="C." HEIGHT="54" WIDTH="60" VPOS="2948" HPOS="1487"/>
<SP HEIGHT="54" WIDTH="32" VPOS="2948" HPOS="1548"/>
<String CONTENT="C." HEIGHT="54" WIDTH="61" VPOS="2948" HPOS="1581"/>
<SP HEIGHT="53" WIDTH="28" VPOS="2949" HPOS="1643"/>
<String CONTENT="A." HEIGHT="52" WIDTH="72" VPOS="2949" HPOS="1672"/>
<SP HEIGHT="10" WIDTH="35" VPOS="2991" HPOS="1745"/>
<String CS="1" CONTENT="&#8230;"/>
<SP HEIGHT="55" WIDTH="80" VPOS="2948" HPOS="1836"/>
<String CONTENT="Chicago," HEIGHT="70" WIDTH="270" VPOS="2948" HPOS="1917"/>
</TextLine>
<TextLine HEIGHT="71" WIDTH="981" VPOS="3019" HPOS="190">
<String CONTENT="Callaghan" HEIGHT="68" WIDTH="321" VPOS="3019" HPOS="190"/>
<SP HEIGHT="33" WIDTH="32" VPOS="3039" HPOS="512"/>
<String CONTENT="and" HEIGHT="51" WIDTH="111" VPOS="3022" HPOS="545"/>
<SP HEIGHT="51" WIDTH="31" VPOS="3022" HPOS="657"/>
<String CONTENT="company," HEIGHT="52" WIDTH="296" VPOS="3038" HPOS="689"/>
<SP HEIGHT="63" WIDTH="34" VPOS="3027" HPOS="986"/>
<String CONTENT="1933." HEIGHT="49" WIDTH="150" VPOS="3027" HPOS="1021"/>
</TextLine>
<TextLine HEIGHT="49" WIDTH="677" VPOS="3093" HPOS="257" CS="1">
<String CONTENT="cover-title," HEIGHT="48" WIDTH="282" VPOS="3093" HPOS="257"/>
<SP HEIGHT="46" WIDTH="31" VPOS="3095" HPOS="540"/>
<String CONTENT="149" HEIGHT="40" WIDTH="83" VPOS="3094" HPOS="572"/>
<SP HEIGHT="48" WIDTH="30" VPOS="3094" HPOS="656"/>
<String CONTENT="p." HEIGHT="35" WIDTH="41" VPOS="3107" HPOS="687"/>
<SP HEIGHT="39" WIDTH="58" VPOS="3096" HPOS="729"/>
<String CS="1" CONTENT="24-&#189;" HEIGHT="39" WIDTH="72" VPOS="3096" HPOS="788"/>
<String STYLE="superscript" CONTENT="cm" HEIGHT="20" WIDTH="44" VPOS="3099" HPOS="877"/>
<String CONTENT="." HEIGHT="7" WIDTH="7" VPOS="3129" HPOS="927"/>
</TextLine>
<TextLine HEIGHT="60" WIDTH="1914" VPOS="3145" HPOS="192" STYLEREFS="StyleId-4B5DCD46-A4D4-4209-AF96-F1533573EE70-" CS="1">
<String CONTENT="&#169;" HEIGHT="50" WIDTH="50" VPOS="3145" HPOS="192"/>
<SP HEIGHT="50" WIDTH="29" VPOS="3145" HPOS="243"/>
<String CONTENT="Dec." HEIGHT="39" WIDTH="108" VPOS="3150" HPOS="273"/>
<SP HEIGHT="38" WIDTH="30" VPOS="3151" HPOS="382"/>
<String CONTENT="28," HEIGHT="46" WIDTH="68" VPOS="3151" HPOS="413"/>
<SP HEIGHT="42" WIDTH="29" VPOS="3155" HPOS="482"/>
<String CONTENT="1933;" HEIGHT="47" WIDTH="139" VPOS="3151" HPOS="512"/>
<SP HEIGHT="46" WIDTH="30" VPOS="3152" HPOS="652"/>
<String CONTENT="2c." HEIGHT="40" WIDTH="66" VPOS="3152" HPOS="683"/>
<SP HEIGHT="28" WIDTH="29" VPOS="3164" HPOS="750"/>
<String CONTENT="and" HEIGHT="37" WIDTH="95" VPOS="3155" HPOS="780"/>
<SP/>
<String CS="1" CONTENT="aff."/>
<SP HEIGHT="39" WIDTH="31" VPOS="3154" HPOS="985"/>
<String CONTENT="Jan." HEIGHT="40" WIDTH="108" VPOS="3154" HPOS="1017"/>
<SP HEIGHT="39" WIDTH="29" VPOS="3155" HPOS="1126"/>
<String CONTENT="2," HEIGHT="46" WIDTH="38" VPOS="3155" HPOS="1156"/>
<SP HEIGHT="45" WIDTH="28" VPOS="3156" HPOS="1195"/>
<String CONTENT="1934;" HEIGHT="47" WIDTH="140" VPOS="3154" HPOS="1224"/>
<SP HEIGHT="45" WIDTH="32" VPOS="3156" HPOS="1365"/>
<!-- cceid B752B14B-6C64-1014-8713-889FF4349C01 --><String CONTENT="A" HEIGHT="38" WIDTH="41" VPOS="3156" HPOS="1398"/>
<SP HEIGHT="39" WIDTH="27" VPOS="3156" HPOS="1440"/>
<String CONTENT="67828;" HEIGHT="48" WIDTH="170" VPOS="3156" HPOS="1468"/>
<SP HEIGHT="48" WIDTH="33" VPOS="3156" HPOS="1639"/>
<String CONTENT="Callaghan" HEIGHT="49" WIDTH="272" VPOS="3156" HPOS="1673"/>
<SP HEIGHT="45" WIDTH="13" VPOS="3152" HPOS="1946"/>
<String CONTENT="&amp;" HEIGHT="39" WIDTH="35" VPOS="3157" HPOS="1976"/>
<SP HEIGHT="41" WIDTH="28" VPOS="3157" HPOS="2012"/>
<String CONTENT="co." HEIGHT="30" WIDTH="65" VPOS="3168" HPOS="2041"/>
</TextLine>
<TextLine HEIGHT="79" WIDTH="2000" VPOS="3294" HPOS="192" CS="1">
<String CONTENT="Negligence" HEIGHT="65" WIDTH="357" VPOS="3294" HPOS="192"/>
<SP HEIGHT="35" WIDTH="32" VPOS="3315" HPOS="550"/>
<String CONTENT="and" HEIGHT="51" WIDTH="112" VPOS="3299" HPOS="583"/>
<SP HEIGHT="54" WIDTH="29" VPOS="3299" HPOS="696"/>
<String CONTENT="compensation" HEIGHT="65" WIDTH="424" VPOS="3303" HPOS="726"/>
<SP HEIGHT="34" WIDTH="27" VPOS="3322" HPOS="1151"/>
<String CONTENT="cases" HEIGHT="35" WIDTH="149" VPOS="3322" HPOS="1179"/>
<SP HEIGHT="34" WIDTH="32" VPOS="3323" HPOS="1329"/>
<String CONTENT="annotated;" HEIGHT="67" WIDTH="336" VPOS="3306" HPOS="1362"/>
<SP HEIGHT="61" WIDTH="31" VPOS="3312" HPOS="1699"/>
<String CONTENT="the" HEIGHT="51" WIDTH="96" VPOS="3308" HPOS="1731"/>
<SP HEIGHT="34" WIDTH="29" VPOS="3326" HPOS="1828"/>
<String CONTENT="workmen&#8217;s" HEIGHT="53" WIDTH="334" VPOS="3307" HPOS="1858"/>
</TextLine>
<TextLine HEIGHT="77" WIDTH="1929" VPOS="3377" HPOS="264" CS="1">
<String CONTENT="compensation," HEIGHT="67" WIDTH="441" VPOS="3377" HPOS="264"/>
<SP HEIGHT="47" WIDTH="45" VPOS="3397" HPOS="706"/>
<String CONTENT="employers&#8217;" HEIGHT="66" WIDTH="334" VPOS="3380" HPOS="752"/>
<SP HEIGHT="54" WIDTH="45" VPOS="3380" HPOS="1087"/>
<String CONTENT="liability" HEIGHT="68" WIDTH="251" VPOS="3381" HPOS="1133"/>
<SP HEIGHT="48" WIDTH="45" VPOS="3401" HPOS="1385"/>
<String CONTENT="and" HEIGHT="51" WIDTH="110" VPOS="3384" HPOS="1431"/>
<SP HEIGHT="51" WIDTH="47" VPOS="3384" HPOS="1542"/>
<String CONTENT="current" HEIGHT="46" WIDTH="227" VPOS="3390" HPOS="1590"/>
<SP HEIGHT="46" WIDTH="45" VPOS="3390" HPOS="1818"/>
<String CONTENT="negligence" HEIGHT="68" WIDTH="329" VPOS="3386" HPOS="1864"/>
</TextLine>
<TextLine HEIGHT="77" WIDTH="1926" VPOS="3454" HPOS="267" CS="1">
<String CONTENT="cases" HEIGHT="35" WIDTH="149" VPOS="3469" HPOS="267"/>
<SP HEIGHT="50" WIDTH="28" VPOS="3454" HPOS="417"/>
<String CONTENT="decided" HEIGHT="52" WIDTH="233" VPOS="3454" HPOS="446"/>
<SP HEIGHT="50" WIDTH="29" VPOS="3456" HPOS="680"/>
<String CONTENT="in" HEIGHT="50" WIDTH="61" VPOS="3457" HPOS="710"/>
<SP HEIGHT="47" WIDTH="25" VPOS="3461" HPOS="772"/>
<String CONTENT="the" HEIGHT="50" WIDTH="94" VPOS="3458" HPOS="798"/>
<SP HEIGHT="51" WIDTH="29" VPOS="3457" HPOS="893"/>
<String CONTENT="federal" HEIGHT="53" WIDTH="221" VPOS="3457" HPOS="923"/>
<SP HEIGHT="52" WIDTH="29" VPOS="3460" HPOS="1145"/>
<String CONTENT="courts" HEIGHT="46" WIDTH="187" VPOS="3466" HPOS="1175"/>
<SP HEIGHT="35" WIDTH="28" VPOS="3479" HPOS="1363"/>
<String CONTENT="of" HEIGHT="54" WIDTH="64" VPOS="3460" HPOS="1392"/>
<SP HEIGHT="53" WIDTH="26" VPOS="3460" HPOS="1457"/>
<String CONTENT="the" HEIGHT="52" WIDTH="95" VPOS="3462" HPOS="1484"/>
<SP HEIGHT="52" WIDTH="29" VPOS="3464" HPOS="1580"/>
<String CONTENT="United" HEIGHT="53" WIDTH="218" VPOS="3463" HPOS="1610"/>
<SP HEIGHT="54" WIDTH="31" VPOS="3463" HPOS="1829"/>
<String CONTENT="States," HEIGHT="68" WIDTH="206" VPOS="3463" HPOS="1861"/>
<SP HEIGHT="62" WIDTH="29" VPOS="3469" HPOS="2068"/>
<String CONTENT="the" HEIGHT="51" WIDTH="95" VPOS="3465" HPOS="2098"/>
</TextLine>
<TextLine HEIGHT="77" WIDTH="1925" VPOS="3532" HPOS="268" CS="1">
<String CONTENT="courts" HEIGHT="47" WIDTH="186" VPOS="3535" HPOS="268"/>
<SP HEIGHT="32" WIDTH="41" VPOS="3550" HPOS="455"/>
<String CONTENT="of" HEIGHT="50" WIDTH="63" VPOS="3532" HPOS="497"/>
<SP HEIGHT="52" WIDTH="38" VPOS="3532" HPOS="561"/>
<String CONTENT="last" HEIGHT="52" WIDTH="114" VPOS="3534" HPOS="600"/>
<SP HEIGHT="46" WIDTH="37" VPOS="3540" HPOS="715"/>
<String CONTENT="resort" HEIGHT="46" WIDTH="180" VPOS="3541" HPOS="753"/>
<SP HEIGHT="46" WIDTH="41" VPOS="3541" HPOS="934"/>
<String CONTENT="of" HEIGHT="51" WIDTH="62" VPOS="3536" HPOS="976"/>
<SP HEIGHT="52" WIDTH="40" VPOS="3536" HPOS="1039"/>
<String CONTENT="all" HEIGHT="49" WIDTH="77" VPOS="3539" HPOS="1080"/>
<SP HEIGHT="50" WIDTH="38" VPOS="3539" HPOS="1158"/>
<String CONTENT="the" HEIGHT="52" WIDTH="96" VPOS="3538" HPOS="1197"/>
<SP HEIGHT="33" WIDTH="38" VPOS="3557" HPOS="1294"/>
<String CONTENT="states" HEIGHT="49" WIDTH="174" VPOS="3543" HPOS="1333"/>
<SP HEIGHT="33" WIDTH="42" VPOS="3559" HPOS="1508"/>
<String CONTENT="and" HEIGHT="51" WIDTH="111" VPOS="3541" HPOS="1551"/>
<SP HEIGHT="51" WIDTH="40" VPOS="3541" HPOS="1663"/>
<String CONTENT="territories," HEIGHT="68" WIDTH="333" VPOS="3541" HPOS="1704"/>
<SP HEIGHT="48" WIDTH="42" VPOS="3561" HPOS="2038"/>
<String CONTENT="and" HEIGHT="50" WIDTH="112" VPOS="3544" HPOS="2081"/>
</TextLine>
<TextLine HEIGHT="80" WIDTH="1928" VPOS="3608" HPOS="267" CS="1">
<String CONTENT="the" HEIGHT="51" WIDTH="93" VPOS="3608" HPOS="267"/>
<SP HEIGHT="50" WIDTH="54" VPOS="3610" HPOS="361"/>
<String CONTENT="English" HEIGHT="67" WIDTH="244" VPOS="3610" HPOS="416"/>
<SP HEIGHT="51" WIDTH="52" VPOS="3612" HPOS="661"/>
<String CONTENT="and" HEIGHT="50" WIDTH="111" VPOS="3613" HPOS="714"/>
<SP HEIGHT="54" WIDTH="54" VPOS="3613" HPOS="826"/>
<String CONTENT="Canadian" HEIGHT="54" WIDTH="298" VPOS="3613" HPOS="881"/>
<SP HEIGHT="34" WIDTH="51" VPOS="3634" HPOS="1180"/>
<String CONTENT="courts." HEIGHT="46" WIDTH="203" VPOS="3622" HPOS="1232"/>
<SP HEIGHT="52" WIDTH="74" VPOS="3620" HPOS="1436"/>
<String CONTENT="With" HEIGHT="54" WIDTH="164" VPOS="3618" HPOS="1511"/>
<SP HEIGHT="67" WIDTH="51" VPOS="3619" HPOS="1676"/>
<String CONTENT="pleadings" HEIGHT="68" WIDTH="300" VPOS="3620" HPOS="1728"/>
<SP HEIGHT="33" WIDTH="53" VPOS="3639" HPOS="2029"/>
<String CONTENT="and" HEIGHT="51" WIDTH="112" VPOS="3621" HPOS="2083"/>
</TextLine>
<TextLine HEIGHT="72" WIDTH="1926" VPOS="3685" HPOS="269" CS="1">
<String CONTENT="forms." HEIGHT="52" WIDTH="194" VPOS="3685" HPOS="269"/>
<SP HEIGHT="49" WIDTH="77" VPOS="3688" HPOS="464"/>
<String CS="1" CONTENT="By" HEIGHT="49" WIDTH="46" VPOS="3688" HPOS="542"/>
<SP HEIGHT="46" WIDTH="34" VPOS="3694" HPOS="631"/>
<String CONTENT="the" HEIGHT="51" WIDTH="93" VPOS="3690" HPOS="666"/>
<SP HEIGHT="48" WIDTH="35" VPOS="3709" HPOS="760"/>
<String CONTENT="publishers&#8217;" HEIGHT="67" WIDTH="338" VPOS="3690" HPOS="796"/>
<SP HEIGHT="53" WIDTH="34" VPOS="3693" HPOS="1135"/>
<String CONTENT="editorial" HEIGHT="52" WIDTH="266" VPOS="3694" HPOS="1170"/>
<SP HEIGHT="54" WIDTH="34" VPOS="3695" HPOS="1437"/>
<String CONTENT="staff." HEIGHT="56" WIDTH="149" VPOS="3693" HPOS="1472"/>
<SP HEIGHT="52" WIDTH="75" VPOS="3697" HPOS="1622"/>
<String CONTENT="Volume" HEIGHT="53" WIDTH="242" VPOS="3697" HPOS="1698"/>
<SP HEIGHT="34" WIDTH="34" VPOS="3716" HPOS="1941"/>
<String CS="1" CONTENT="XXXIII." HEIGHT="9" WIDTH="8" VPOS="3742" HPOS="2187"/>
</TextLine>
<TextLine HEIGHT="77" WIDTH="1268" VPOS="3762" HPOS="272">
<String CONTENT="Chicago," HEIGHT="70" WIDTH="268" VPOS="3762" HPOS="272"/>
<SP HEIGHT="67" WIDTH="28" VPOS="3765" HPOS="541"/>
<String CONTENT="Callaghan" HEIGHT="70" WIDTH="319" VPOS="3765" HPOS="570"/>
<SP HEIGHT="32" WIDTH="31" VPOS="3788" HPOS="890"/>
<String CONTENT="and" HEIGHT="50" WIDTH="105" VPOS="3771" HPOS="922"/>
<SP HEIGHT="53" WIDTH="34" VPOS="3771" HPOS="1028"/>
<String CONTENT="company," HEIGHT="50" WIDTH="295" VPOS="3789" HPOS="1063"/>
<SP HEIGHT="63" WIDTH="32" VPOS="3776" HPOS="1359"/>
<String CONTENT="1933." HEIGHT="51" WIDTH="148" VPOS="3776" HPOS="1392"/>
</TextLine>
<TextLine HEIGHT="49" WIDTH="545" VPOS="3838" HPOS="266">
<String CONTENT="xxxvii," HEIGHT="44" WIDTH="183" VPOS="3838" HPOS="266"/>
<SP HEIGHT="43" WIDTH="30" VPOS="3839" HPOS="450"/>
<String CONTENT="838" HEIGHT="40" WIDTH="83" VPOS="3839" HPOS="481"/>
<SP HEIGHT="47" WIDTH="29" VPOS="3840" HPOS="565"/>
<String CONTENT="p." HEIGHT="35" WIDTH="41" VPOS="3852" HPOS="595"/>
<SP HEIGHT="38" WIDTH="57" VPOS="3841" HPOS="637"/>
<String CONTENT="26" HEIGHT="39" WIDTH="55" VPOS="3841" HPOS="695"/>
<String STYLE="superscript" CONTENT="cm" HEIGHT="20" WIDTH="44" VPOS="3843" HPOS="754"/>
<String CONTENT="." HEIGHT="7" WIDTH="7" VPOS="3874" HPOS="804"/>
</TextLine>
<TextLine HEIGHT="64" WIDTH="1911" VPOS="3889" HPOS="203" STYLEREFS="StyleId-4B5DCD46-A4D4-4209-AF96-F1533573EE70-">
<String CONTENT="&#169;" HEIGHT="50" WIDTH="50" VPOS="3889" HPOS="203"/>
<SP HEIGHT="50" WIDTH="29" VPOS="3889" HPOS="254"/>
<String CONTENT="Dec." HEIGHT="39" WIDTH="109" VPOS="3894" HPOS="284"/>
<SP HEIGHT="38" WIDTH="28" VPOS="3895" HPOS="394"/>
<String CONTENT="28," HEIGHT="47" WIDTH="68" VPOS="3895" HPOS="423"/>
<SP HEIGHT="45" WIDTH="28" VPOS="3897" HPOS="492"/>
<String CONTENT="1933;" HEIGHT="47" WIDTH="139" VPOS="3895" HPOS="521"/>
<SP HEIGHT="44" WIDTH="31" VPOS="3898" HPOS="661"/>
<String CONTENT="2c." HEIGHT="39" WIDTH="65" VPOS="3898" HPOS="693"/>
<SP HEIGHT="28" WIDTH="30" VPOS="3909" HPOS="759"/>
<String CONTENT="and" HEIGHT="38" WIDTH="94" VPOS="3900" HPOS="790"/>
<SP HEIGHT="39" WIDTH="29" VPOS="3900" HPOS="885"/>
<String CONTENT="aff." HEIGHT="40" WIDTH="79" VPOS="3899" HPOS="915"/>
<SP HEIGHT="38" WIDTH="30" VPOS="3901" HPOS="995"/>
<String CONTENT="Jan." HEIGHT="39" WIDTH="108" VPOS="3901" HPOS="1026"/>
<SP HEIGHT="38" WIDTH="29" VPOS="3902" HPOS="1135"/>
<String CONTENT="2." HEIGHT="41" WIDTH="38" VPOS="3902" HPOS="1165"/>
<SP HEIGHT="40" WIDTH="29" VPOS="3903" HPOS="1204"/>
<String CONTENT="1934;" HEIGHT="48" WIDTH="139" VPOS="3902" HPOS="1234"/>
<SP HEIGHT="47" WIDTH="31" VPOS="3903" HPOS="1374"/>
<!-- cceid B7537BA4-6C64-1014-8713-889FF4349C01 --><String CONTENT="A" HEIGHT="39" WIDTH="42" VPOS="3903" HPOS="1406"/>
<SP HEIGHT="40" WIDTH="27" VPOS="3903" HPOS="1449"/>
<String CONTENT="67829;" HEIGHT="48" WIDTH="169" VPOS="3904" HPOS="1477"/>
<SP HEIGHT="48" WIDTH="33" VPOS="3904" HPOS="1647"/>
<String CONTENT="Callaghan" HEIGHT="49" WIDTH="270" VPOS="3904" HPOS="1681"/>
<SP HEIGHT="39" WIDTH="30" VPOS="3907" HPOS="1952"/>
<String CONTENT="&amp;" HEIGHT="39" WIDTH="35" VPOS="3907" HPOS="1983"/>
<SP HEIGHT="39" WIDTH="28" VPOS="3907" HPOS="2019"/>
<String CONTENT="co." HEIGHT="30" WIDTH="66" VPOS="3917" HPOS="2048"/>
</TextLine>
</TextBlock>
</PrintSpace>
</Page>
</Layout>
</alto>