2350 4196
1110 4049 97 48 531

249 466 225 40 “Edition
501 468 56 38 de
582 468 114 38 luxe
722 467 188 41 limited
936 469 48 38 to
1009 466 87 40 100
1120 465 200 49 copies.”
1378 466 117 39 This
1523 476 118 37 copy
1666 468 84 37 not
1778 465 275 41 numbered.

249 523 370 48 “Handprinted
648 526 61 46 by
739 525 81 39 the
849 524 146 40 artist
1021 525 128 38 from
1179 524 81 40 the
1289 521 207 50 original
1527 522 560 41 woodblocks.”—Verso
2117 524 52 40 of

177 579 74 41 1st
282 579 170 48 prelim.
500 581 115 40 leaf.

248 637 366 40 “Introduction
644 639 60 46 by
734 639 220 46 Dorothy
985 637 239 40 Wilcock”
1245 648 8 28 :
1286 637 151 40 2d-3d
1466 637 172 47 prelim.
1683 638 175 39 leaves.

231 696 1777 49 © Mar. 27, 1934; 2c. and aff. Apr. 2; A 71137; R. Buck, New York.
252 754 278 48 (34-11238)

171 843 220 65 Butler,
421 844 254 66 Samuel,
707 848 324 50 1835-1902.

240 918 1930 72 Erewhon, by Samuel Butler … With a special introduction
171 999 73 69 by
281 999 221 54 Aldous
540 1000 233 69 Huxley
811 1002 112 51 and
960 1000 94 52 the
1091 997 377 56 illustrations
1505 1000 113 52 and
1655 1018 30 33 a
1723 999 211 68 special
1969 999 201 68 design

171 1077 92 53 for
288 1078 130 52 each
449 1077 235 68 chapter
707 1080 164 51 made
895 1079 74 67 by
996 1075 286 55 Rockwell
1308 1077 172 53 Kent.
1555 1077 139 53 New
1722 1076 179 67 York,
1926 1078 244 53 Printed

170 1155 73 69 by
266 1156 96 52 the
385 1156 231 67 Pynson
640 1156 248 68 printers
914 1156 93 53 for
1029 1157 95 51 the
1146 1155 273 54 members
1444 1155 64 54 of
1531 1156 95 52 the
1649 1154 252 54 Limited
1927 1155 241 54 editions

169 1233 144 68 club,
361 1237 151 50 1934.

241 1306 1375 52 xxi, [1] p., 1 l., 228, [2] p. illus., col. plates. 25cm.
243 1363 1926 50 “Fifteen hundred copies … with illustrations and designs drawn by
170 1421 244 41 Rockwell
440 1422 143 48 Kent,
610 1424 107 39 who
743 1422 236 40 herewith
1004 1422 131 47 signs
1160 1422 97 40 this
1283 1432 117 37 copy
1420 1433 8 28 :
1457 1422 244 40 Rockwell
1727 1422 145 39 Kent.
1925 1421 240 41 Number:

170 1478 264 48 Copyright
468 1478 161 48 copy.”

243 1535 146 41 “New
411 1536 194 47 printed
629 1536 127 39 from
781 1537 81 39 the
887 1535 188 41 revised
1101 1535 182 41 edition
1305 1535 54 40 of
1527 1533 39 42 MCMI.”

240 1593 156 39 Music
414 1603 8 28 :
454 1604 43 37 p.
525 1593 158 40 33-34.

174 1646 50 52 ©
250 1651 119 39 Mar.
395 1650 69 48 23,
489 1646 141 52 1934;
657 1651 67 40 2c.
750 1651 95 39 and
871 1649 79 42 aff.
976 1649 111 48 Apr.
1114 1649 25 40 9;
1192 1649 42 39 A
1258 1649 143 40 70970;
1457 1649 210 40 Limited
1691 1649 209 40 editions
1927 1650 122 47 club,
2075 1649 91 41 jnc.

242 1703 67 53 [©
339 1707 344 47 introduction,
714 1706 327 41 illustrations
1070 1708 95 39 and
1192 1706 209 50 designs]
1473 1706 280 49 (34-11215)

170 1795 374 65 Callaghan’s
593 1796 248 54 Indiana
891 1797 201 68 digest,
1140 1798 274 66 complete
1463 1796 153 53 from
1665 1801 26 47 1
1742 1796 319 54 Blackford
2107 1801 59 48 to

237 1877 102 49 202
362 1875 249 53 Indiana
638 1877 112 51 and
776 1875 152 52 from
955 1882 27 48 1
1007 1881 59 47 to
1091 1878 63 49 92
1178 1875 249 54 Indiana
1451 1876 328 67 Appellate,
1806 1877 116 50 also
237 1875 1905 147 including
371 1954 249 52 Indiana
653 1956 109 50 law
795 1955 202 67 passed
1029 1971 152 51 upon
1214 1954 75 67 by
1319 1954 94 54 the
1449 1953 221 53 federal
1702 1959 188 48 courts
1926 1954 112 52 and
2071 1954 95 52 the

242 2030 274 70 Supreme
556 2038 161 48 court
756 2034 62 52 of
858 2035 95 51 the
991 2032 215 55 United
1249 2033 205 66 States,
1493 2033 74 67 by
1608 2034 157 54 Jesse
1806 2033 60 54 C.
1907 2035 258 64 Weaver,

236 2110 1903 149 under the supervision of Basil Jones … v. 16, 17. Chicago, Callaghan and company, 1934.
239 2266 29 38 2
294 2276 42 29 v.
394 2264 117 40 26cm.

511 2331 114 30 CONTENTS.—v.
653 2319 70 42 16.
752 2321 294 40 Tables.—v.
1075 2318 71 42 17.
1173 2320 166 40 Index.

173 2374 50 52 ©
253 2380 112 46 May
394 2378 68 47 18,
491 2378 114 40 1934;
661 2378 67 40 2c.
757 2379 117 39 each
904 2378 113 47 May
1045 2377 80 43 23;
1158 2376 105 41 affs.
1294 2377 114 48 May
1436 2377 82 46 24;
1551 2376 40 39 A
1620 2376 157 47 72476,
1808 2376 171 42 72477;
241 2376 1906 107 Callaghan
401 2435 35 40 &
465 2446 67 29 co.

167 2516 318 73 Chmpana,
518 2525 307 54 Dominick
854 2527 77 54 M.

243 2601 55 52 A
328 2619 190 36 course
548 2601 63 53 of
639 2600 365 58 instructions
1036 2620 72 34 on
1133 2603 304 67 landscape
1466 2603 283 68 painting,
1778 2600 58 52 in
1867 2600 94 68 oil,
1989 2605 172 48 water

172 2681 169 65 color,
374 2680 181 67 pastel
587 2678 284 70 painting,
904 2679 74 69 by
1010 2680 69 53 D.
1114 2680 80 58 M.
1232 2680 308 68 Campana.
1610 2680 101 52 4th
1743 2678 82 54 ed.
1897 2677 268 70 Chicago,

174 2756 857 70 Ill., D . M. Campana [1934]
241 2828 84 40 128
354 2839 43 37 p.
453 2828 128 40 illus.
638 2829 144 40 19½cm.
842 2829 302 49 [Campana’s
1171 2832 203 47 popular
1402 2834 77 38 art
1505 2832 201 48 library]

242 2885 263 41 Published
532 2885 117 41 1924
675 2887 153 39 under
857 2887 108 40 title
983 2899 8 28 :
1022 2889 100 39 The
1149 2891 195 38 teacher
1373 2890 51 39 of
1451 2890 261 46 landscape
1740 2888 235 49 painting.

241 2942 315 48 Advertising
583 2945 206 38 matter:
821 2954 42 37 p.
893 2944 228 49 116-123;
1152 2946 147 39 blank
1329 2956 146 38 pages
1504 2948 79 38 for
1613 2946 371 40 “Memoranda”
171 2944 1995 102 (125-128)

172 3056 50 52 ©
250 3061 107 40 Jan.
387 3062 39 46 1,
454 3060 140 47 1934;
623 3061 68 39 2c.
720 3061 121 39 Mar.
870 3062 54 39 17;
982 3061 80 42 aff.
1090 3062 113 48 Apr.
1231 3062 51 48 9;
1312 3063 42 39 A
1380 3063 171 47 72035;
1582 3064 56 39 D.
1668 3064 63 39 M.
1760 3063 263 47 Campana,
233 3060 1915 104 Wilmette,

417 3119 75 38 Ill.
553 3114 68 52 [©
641 3128 105 28 new
765 3120 179 38 matter
965 3120 95 38 and
1079 3131 103 28 new
1199 3119 344 50 illustrations]
1612 3118 279 50 (34-11239)

241 3203 55 52 A
328 3222 190 36 course
550 3204 64 54 of
643 3205 366 55 instructions
1041 3225 70 33 on
1144 3208 246 67 portrait
1422 3207 112 55 and
1566 3206 180 69 figure
1778 3206 285 68 painting,
2089 3204 77 69 by

172 3280 68 56 L.
269 3281 78 52 M.
381 3281 306 68 Campana.
756 3283 73 52 2d
857 3283 83 52 ed.
1006 3283 268 72 Chicago,
1304 3285 112 68 Ill.,
1444 3285 71 52 D.
1546 3285 78 52 M.
1658 3284 293 68 Campana
1987 3284 171 67 [1934]

239 3352 98 49 124,
368 3355 52 47 [4]
448 3364 42 37 p.
544 3353 128 42 illus.
728 3354 116 41 19cm.
903 3355 301 49 [Campana’s
1232 3360 204 46 popular
1464 3361 77 38 art
1564 3359 202 49 library]

240 3409 71 41 On
345 3420 166 31 cover:
544 3412 101 39 The
678 3412 196 39 teacher
906 3413 51 39 of
987 3413 152 47 figure
1172 3415 235 48 painting.

240 3467 315 48 Advertising
579 3470 179 38 matter
777 3479 9 28 :
815 3479 42 37 p.
884 3470 202 40 115-124;
1141 3472 148 40 blank
1315 3482 145 39 pages
1486 3474 78 38 for
1593 3472 370 40 “Memoranda”
2001 3472 14 48 (
2030 3473 54 48 [4]
2113 3477 54 35 at

170 3522 117 49 end)

170 3580 50 51 ©
249 3585 107 39 Jan.
385 3587 38 44 1,
452 3583 139 48 1934;
622 3585 67 39 2c.
718 3586 121 39 Mar.
867 3587 55 38 17;
979 3586 81 41 aff.
1088 3588 110 48 Apr.
1229 3588 53 47 9;
1311 3588 44 40 A
1380 3589 170 46 72034;
1581 3590 58 41 D.
1668 3590 63 39 M.
1761 3589 262 48 Campana,
234 3584 1916 105 Wilmette,
415 3643 74 38 Ill.
532 3637 65 54 [©
617 3652 105 28 new
740 3644 179 39 matter
938 3645 94 38 and
1051 3653 105 30 new
1173 3644 344 51 illustrations]
1567 3646 281 49 (34-11240)

164 3714 199 67 Carco,
391 3717 264 65 Francis,
689 3720 171 51 1886-

337 3793 1682 74 … La lumière noire; roman. Paris, A. Michel [1934]
232 3866 772 50 4 p. l., [11]-254 p., 1 l. 19cm.
168 3919 1728 57 © Jan. 27, 1934; 1c. Mar. 24; A-Foreign 24148; Albin Michel.
248 3980 278 48 (34-11434)
