2350 4196
1124 4010 98 50 611

178 349 303 57 Delaware
521 359 173 46 notes.
773 356 94 50 8th
908 355 185 59 series,
1135 358 135 48 1934
1312 398 55 8 ...
1447 356 262 66 Newark,
1749 358 143 66 Del.,
245 359 1908 138 University
390 431 63 50 of
482 433 298 52 Delaware
815 467 11 32 [
834 439 16 20 c
856 436 134 48 1934
994 466 11 32 ]

252 504 644 49 2 p. l., [7]-112 p. 23½ cm .
528 563 161 38 CONTENTS.—The
718 563 205 39 colonial
953 562 156 47 origin
1139 562 48 39 of
1217 563 209 38 Newark
1455 564 230 46 academy
1720 564 88 47 [by]
1843 563 185 48 George
181 565 1979 99 Morgan.

341 618 100 38 The
464 619 119 39 form
589 605 115 62 ding
728 620 50 39 of
804 621 79 38 the
912 619 277 46 University
1216 619 51 39 of
1293 620 256 38 Delaware
1580 620 72 48 [by]
1697 619 182 48 George
1907 621 58 38 H.
1995 619 181 49 Ryden.

184 674 205 40 Student
421 675 88 39 life
540 679 48 35 at
624 677 268 46 Delaware,
925 675 259 41 1834-1859
1218 675 74 49 [by]
1343 676 57 40 H.
1437 675 118 48 Clay
1590 676 144 40 Reed.
1801 676 293 48 Suspension
2127 678 51 40 of

181 732 256 38 Delaware
466 733 178 47 college
678 734 88 47 [by]
802 733 181 47 George
1013 733 59 39 H.
1104 733 182 46 Ryden.
1350 732 164 48 Sunny
1547 733 119 47 days
1697 736 51 36 at
1781 734 115 38 dear
1929 734 77 39 old
181 735 1978 92 Delaware
348 788 87 48 [by]
476 788 182 49 George

696 791 214 47 Morgan.
976 789 255 40 Memories
1268 789 50 39 of
1354 790 257 39 Delaware
1652 790 87 49 [by]
1780 789 182 48 George
1999 791 180 39 Abram

181 845 197 40 Harter.

184 897 50 52 ©
263 903 112 46 May
402 903 69 45 11,
499 902 113 41 1934;
668 903 65 40 2c.
764 905 113 46 May
904 903 54 40 26;
1017 903 79 39 aff.
1127 904 113 45 May
1266 902 55 39 25;
1378 903 41 37 A
1447 901 143 41 71777;
1649 902 281 49 University
1960 903 50 39 of
253 904 1906 101 Delaware,
427 960 222 46 Newark,
680 961 103 40 Del.

175 1040 298 66 Depdolla,
504 1042 250 64 Philipp,
785 1044 171 50 1880-

252 1119 295 67 Erblehre,
591 1138 168 49 rasse,
800 1118 626 69 bevölkerungspolitik;
1499 1118 392 56 vornehmlich
1934 1118 98 52 für
2075 1117 107 53 den

180 1197 318 53 unterricht
527 1199 61 50 in
618 1197 247 53 höheren
896 1198 230 52 schulen
1157 1196 305 68 bestimmt,
1493 1210 109 40 von
1637 1197 84 52 dr.
1754 1196 243 69 Philipp
178 1198 1978 128 Depdolla.

411 1275 216 67 Berlin,
655 1277 71 51 A.
754 1276 274 67 Metzner,
1058 1278 150 50 1934.

252 1346 996 51 1 p. l., 5-128 p. illus., diagrs. 22 cm .
183 1402 1995 52 © Dec. 18, 1933; 1c. Mar. 13, 1934; A -Foreign 24045; Alfred Metzner
248 1465 178 46 verlag.
499 1464 279 47 (34-13272)

175 1536 363 67 Diederiehs,
570 1542 159 50 Frau
760 1539 219 53 Helene
1012 1538 239 67 (Voigt)
1295 1541 169 51 1875-

253 1659 54 9 ...
371 1615 127 53 Auf
554 1615 375 68 Marienhoff;
994 1617 100 51 das
1152 1616 159 52 leben
1372 1617 154 51 einer
1585 1617 304 52 deutschen
1948 1622 228 49 mutter.

177 1692 874 70 Jena, E. Dieclerichs [ c 1933]
247 1765 1137 51 2 p. l., 3-215, [1] p. front. (port.) 20 ½ cm .
247 1823 65 41 At
339 1825 125 39 head
494 1824 52 39 of
573 1825 133 39 title:
739 1824 182 40 Helene
952 1824 459 47 Voigt-Diederichs.

250 1880 95 43 “17.
374 1881 74 40 bis
477 1879 70 41 26.
576 1880 252 42 tausend.”

181 1935 1995 53 © Nov. 15, 1933; 1c. Mar. 13, 1934; A -Foreign 23989; Eugen Diederiehs
248 1999 177 45 verlag.
501 1996 279 48 (34-13211)

175 2073 282 53 Dumont-
465 2072 244 65 Wilden,
747 2072 193 64 Louis,
980 2075 169 51 1875-

252 2192 54 9 ...
335 2150 78 51 Le
439 2149 194 68 prince
659 2154 208 62 errant,
896 2148 557 69 Charles-Édouard,
1478 2150 49 51 le
1555 2149 224 52 dernier
1807 2151 95 52 des
1931 2149 242 55 Stuarts.

176 2228 184 68 Paris,
388 2228 70 52 A.
492 2227 185 67 Colin,
710 2229 149 53 1934.

247 2300 98 46 262,
377 2301 55 50 [2]
463 2311 41 37 p.
566 2299 54 40 20
625 2303 43 20 cm
673 2331 6 8 .
753 2299 97 48 (On
879 2310 160 30 cover:
1066 2300 142 40 Ames
1236 2302 47 37 et
1314 2299 213 48 visages)

247 2356 64 42 At
337 2359 121 39 head
488 2357 51 40 of
565 2357 107 40 title;
728 2356 50 40 L.
806 2356 437 40 Dumont-Wilden.

250 2412 418 49 “Bibliographie”;
731 2423 43 37 p.
814 2411 245 51 [261]-262.

182 2469 1995 51 © Dec. 16, 1933; 1c. Mar. 23, 1934; A-Foreign 24180; Mar. Leclerc &
246 2530 83 43 cie,
357 2529 154 41 Paris.
587 2528 279 48 (34-13213)

176 2607 242 52 Federal
448 2608 188 62 codes,
667 2606 110 54 inc.

244 2686 55 50 A
327 2683 305 53 handbook
661 2683 62 51 of
754 2682 182 53 NRA.
1002 2683 71 51 2d
1104 2683 83 52 ed.
1254 2684 96 51 An
1381 2682 248 67 analysis
1663 2684 110 51 and
1804 2684 370 67 compilation

174 2763 63 51 of
277 2764 94 53 the
412 2762 274 54 National
723 2760 310 53 industrial
1074 2778 263 49 recover
1380 2768 87 44 act
1510 2761 111 52 and
1661 2762 215 52 related
1918 2767 256 62 statutes,

175 2841 219 52 federal
445 2841 112 51 and
606 2844 161 62 state,
817 2839 110 51 and
976 2837 62 53 of
1088 2840 75 50 all
1211 2839 287 52 executive
1547 2840 211 65 orders,
1807 2841 366 67 regulations,

176 2923 366 66 agreements,
575 2916 454 54 administrative
1063 2917 220 68 rulings
1316 2918 111 51 and
1457 2916 240 68 judicial
1728 2918 275 54 decisions
172 2921 1978 131 relative
314 2999 218 51 thereto;

592 2996 259 68 together
878 2995 139 52 with
1046 3014 30 33 a
1105 3001 292 62 comparati
1427 3014 62 35 ve
1518 2999 387 64 presentation
1935 2998 60 52 of
175 2998 1973 131 typical
305 3075 320 69 provisions
670 3074 61 51 of

775 3074 93 52 the
913 3075 214 51 several
1173 3074 160 53 codes
1378 3074 62 51 of
1486 3074 117 51 fair
1648 3076 385 68 competition,
2078 3077 94 52 the

175 3161 147 47 texts
352 3155 63 53 of
443 3157 94 50 the
566 3152 288 69 principal
884 3152 160 52 codes
1076 3152 110 52 and
1217 3152 331 53 summaries
1579 3152 62 53 of
1672 3154 77 51 all
1778 3153 187 53 minor
1995 3155 176 53 codes.

175 3235 213 51 Edited
430 3234 74 67 by
550 3230 178 54 Lewis
770 3232 227 64 Mayers
1046 3276 55 8 ...
1149 3230 139 52 with
1332 3232 360 66 supplement
1735 3232 225 53 service.
2036 3234 137 52 New

176 3313 161 52 York
367 3313 111 52 and
506 3309 400 68 Washington,
936 3309 240 51 Federal
1204 3309 180 67 codes,
1411 3309 126 67 inc.,
1568 3312 149 50 1934.

250 3387 138 46 xxiii,
418 3386 83 40 842
532 3396 41 36 p.
632 3384 54 39 23½
721 3385 43 20 cm
770 3416 7 7 .

252 3445 155 48 “<The
438 3443 107 38 first
578 3440 183 40 edition
795 3449 104 29 was
929 3438 202 40 entitled
1168 3438 52 38 ‘A
1253 3437 257 40 handbook
1544 3438 50 39 of
1629 3438 130 38 NRA;
1823 3441 133 44 laws,
179 3441 1976 107 regulations,
349 3502 167 43 codes',
546 3499 94 38 and
668 3507 101 29 was
796 3495 254 48 published
1079 3506 58 29 on
1169 3494 277 47 September
1476 3494 67 47 12,
1575 3494 184 47 1933.>”

252 3560 128 39 “The
415 3557 131 39 NRA
582 3555 230 46 reporter,
850 3563 26 28 a
913 3551 356 47 semi-monthly
1311 3582 44 8 ...
1396 3551 210 47 relating
1641 3555 48 35 to
1725 3553 83 38 the
1841 3551 230 40 National
180 3553 1978 105 industrial
421 3622 226 36 recovery

680 3612 75 38 act
789 3610 93 39 and
914 3611 127 37 state
1074 3610 209 38 statutes
1316 3607 354 47 supplemental
1703 3608 200 44 thereto,
1938 3609 86 38 has
2057 3609 117 39 been

179 3673 255 50 published
470 3667 358 46 semi-monthly
864 3666 130 39 since
1030 3665 99 39 Oct.
1168 3664 66 45 16,
1272 3664 126 39 1933.
1465 3664 70 39 Its
1572 3667 344 44 arrangement,
1949 3666 95 38 and
181 3675 1975 97 section
315 3727 285 46 numbering
634 3725 165 39 follow

836 3724 107 38 that
980 3722 49 39 of
1064 3721 98 40 this
1198 3723 201 37 volume.
1468 3719 271 48 Beginnnig
1774 3719 116 40 with
1928 3720 81 39 the
2045 3721 129 39 issue

183 3789 49 40 of
265 3789 107 39 Jan.
405 3785 67 46 15,
507 3783 126 45 1934,
667 3782 37 38 it
738 3780 331 46 supplements
1098 3777 97 40 this
1228 3778 190 39 volume
1451 3775 432 48 completely.”—p.
1922 3776 62 48 [iv]

253 3841 348 48 Bibliography;
661 3849 40 36 p.
733 3835 158 41 48-50.

184 3899 50 51 ©
264 3903 112 46 Apr.
406 3899 67 45 10,
503 3897 114 39 1934;
675 3895 65 39 2c.
772 3894 112 45 May
913 3893 54 38 17;
1026 3889 82 41 aff.
1139 3891 112 45 May
1280 3888 58 40 16;
1391 3889 41 37 A
1460 3887 142 41 71687;
1664 3888 203 39 Federal
1899 3888 151 48 codes,
2082 3889 89 40 inc.

261 3955 279 44 (34-27129)
