2350 4196
1060 4012 133 50 1539

149 356 181 66 Buck,
362 358 233 53 Arthur
626 360 260 64 Eugene,
920 360 170 51 1888-

149 430 1937 148 The budget in governments of today, by A. E. Buck … New York,
514 512 121 52 The
659 512 333 52 Macmillan
1019 528 297 50 company,
1344 511 151 50 1934.

220 584 47 38 vi
293 594 56 37 p.,
379 583 26 39 2
454 615 23 17 l.,
505 583 85 40 349
616 594 43 38 p.
723 585 56 38 22
783 586 43 22 cm
831 617 8 7 .

220 639 245 42 “Selected
497 640 390 49 bibliography”:
923 651 42 38 p.
997 638 215 43 313-332.

153 709 50 50 ©
235 713 98 39 Oct.
364 713 68 44 23,
463 712 140 42 1934:
635 714 65 38 2c.
733 714 95 38 and
857 712 79 40 aff.
971 712 100 40 Oct.
1102 712 80 40 24:
1216 711 38 38 A
1285 710 169 47 76726;
1489 710 278 40 Macmillan
1801 722 67 30 co.

230 770 278 47 (34-38505)

147 873 248 66 Burger,
427 875 266 65 Lisbeth,
725 893 193 48 pseud.

211 951 271 53 Memoirs
510 952 64 53 of
600 973 31 33 a
657 951 275 67 midwife,
959 952 73 66 by
1059 950 232 53 Lisbeth
1320 953 250 64 Burger;
1605 951 331 54 authorized
145 957 1976 124 translation

371 1030 151 53 from
569 1031 94 51 the
711 1031 264 54 German.
1052 1031 137 51 New
1236 1029 178 58 York,
1460 1031 120 52 The
1626 1030 318 66 Vanguard
1989 1048 155 48 press

149 1140 12 33 [
166 1113 18 21 c
190 1111 135 49 1934
328 1143 11 32 ]

212 1180 99 49 viii,
343 1180 85 40 305
458 1190 43 38 p.
562 1181 55 40 19½
650 1183 43 21 cm
699 1214 8 8 .

151 1250 51 51 ©
232 1254 124 47 Sept.
383 1253 68 41 13.
476 1252 140 48 1934;
643 1253 65 40 2c.
740 1254 125 46 Sept.
893 1253 48 38 21:
1004 1252 80 42 aff.
1113 1252 99 40 Oct.
1238 1253 27 38 4;
1321 1252 43 39 A
1388 1252 143 39 76454:
1587 1252 265 47 Vanguard
1879 1261 149 38 press,
2055 1253 91 39 inc.

227 1311 279 47 (34-38572)

147 1411 290 67 Caldwell,
470 1414 133 54 Otis
634 1413 274 65 William,
943 1416 171 50 1869-

211 1490 1933 69 Do you believe it? By Otis W. Caldwell … and Gerhard E.
141 1569 1980 147 Lundeen … Garden City, N. Y., Doubleday, Doran & company, inc., 1934.
215 1733 32 28 x
273 1732 57 38 p.,
358 1723 25 38 1
447 1753 8 16 l.,
482 1721 85 41 307
594 1732 43 38 p.
698 1721 128 41 illus.
886 1721 56 41 20½
975 1724 44 21 cm
1024 1753 9 9 .

215 1776 161 43 “First
409 1778 227 41 edition.”

214 1834 376 50 Bibliography:
625 1846 43 37 p.
699 1835 218 42 288-300.

149 1889 50 52 ©
229 1894 100 40 Oct.
357 1895 69 45 24,
453 1893 114 40 1934;
623 1893 67 42 2c.
717 1895 96 38 and
841 1893 81 40 aff.
950 1894 117 40 Nov.
1096 1893 55 39 10;
1207 1894 40 38 A
1274 1892 170 47 78109;
1475 1894 299 46 Doubleday,
1803 1894 168 39 Doran
1997 1895 38 38 &
2063 1904 82 31 co.,

216 1951 88 39 inc.
377 1950 280 49 (34-38696)

146 2053 245 66 Chapin,
426 2056 248 54 Charles
702 2052 203 67 Value,
941 2058 172 50 1856-

209 2132 217 67 Papers
450 2134 65 51 of
537 2133 237 54 Charles
798 2134 67 52 V.
893 2132 246 68 Chapin,
1218 2176 9 8 M.
1289 2175 8 8 D.;
1357 2152 30 33 a
1413 2133 205 52 review
1645 2132 63 53 of
1736 2132 188 66 public
1951 2133 192 52 health

142 2209 1976 133 realities; selected by Frederic P. Gorham … edited by Clarence
300 2291 63 51 L.
399 2290 319 67 Scamman,
805 2334 8 8 M.
883 2333 7 7 D.;
956 2289 139 53 with
1128 2309 30 33 a
1189 2289 284 55 foreword
1504 2290 74 66 by
1612 2291 205 51 Haven
1851 2291 292 63 Emerson,

140 2385 66 35 m.
237 2387 46 33 d.
360 2369 138 52 New
532 2368 178 67 York,
741 2369 121 53 The
894 2369 483 54 Commonwealth
1411 2368 175 66 fund;
1618 2369 258 65 London,

1904 2370 75 51 H.
143 2369 1974 144 Milford,
322 2445 231 55 Oxford
582 2445 317 68 university
930 2465 173 47 press,
1135 2450 147 49 1934.

210 2518 1386 49 xxiv, 244 p. front. (port.) tables (1 fold.) 21½ cm .
211 2574 349 49 Bibliography:
620 2587 42 37 p.
692 2575 218 42 229-244.

149 2629 50 52 ©
233 2634 125 47 Sept.
390 2635 40 40 4,
462 2633 140 42 1934;
636 2635 64 38 2c.
734 2633 100 41 Oct.
867 2635 51 45 1;
953 2633 79 40 aff.
1068 2633 101 40 Oct.
1199 2633 52 47 2;
1287 2634 39 38 A
1357 2634 170 46 75568;
1563 2633 414 41 Commonwealth
2007 2634 137 41 fund.

225 2691 279 48 (34-38576)

145 2792 207 66 Chase,
389 2795 229 63 Stuart,
655 2797 172 49 1888-

276 2869 1870 70 … Move the goods! New York, The John Day company
149 2979 12 33 [
166 2953 18 21 c
190 2950 135 49 1934
328 2980 13 34 ]

213 3019 55 40 32
293 3030 43 37 p.
400 3020 56 40 19½
489 3021 44 22 cm
538 3050 8 8 .
618 3019 97 48 (On
744 3029 161 31 cover:
934 3020 101 40 The
1063 3020 126 40 John
1218 3020 108 47 Day
1353 3021 289 47 pamphlets,
1706 3032 72 28 no.
1808 3020 80 47 45)

149 3074 50 52 ©
234 3079 101 40 Oct.
368 3080 68 44 18,
471 3078 139 41 1934:
646 3079 66 41 2c.
748 3080 95 38 and
876 3078 80 40 aff.
993 3079 100 40 Oct.
1128 3079 80 47 19;
1244 3080 40 38 A
1317 3079 169 46 76625;
1526 3080 43 40 S.
1606 3080 168 41 Chase.
1813 3080 330 49 Georgetown,

216 3136 146 40 Conn.
434 3136 279 48 (34-38361)

145 3237 300 66 Chatters,
479 3240 134 54 Carl
645 3237 264 65 Hallack,
945 3242 170 49 1898-

213 3315 120 52 The
365 3314 221 53 federal
617 3314 322 68 Municipal
973 3314 133 53 debt
1136 3314 352 69 adjustment
1519 3321 117 62 act;
1672 3316 163 52 when
1870 3317 113 53 and
2016 3316 128 52 how

144 3396 57 49 to
244 3411 96 35 use
380 3393 75 52 it:
500 3412 31 33 a
574 3392 172 69 guide
791 3391 94 53 for
927 3392 464 69 municipalities,
1436 3394 282 68 prepared
1761 3393 77 69 by
1885 3393 136 55 Carl
2065 3394 77 52 H.

145 3468 1998 72 Chatters … and John S. Rae … Published for the Municipal
144 3546 216 55 finance
403 3547 226 54 officers’
673 3547 357 68 association,
1073 3547 306 55 American
1426 3549 316 68 municipal
1788 3549 357 67 association,

145 3626 214 54 United
412 3626 189 56 States
651 3626 331 53 conference
1030 3627 63 52 of
1141 3646 241 50 mayors.
1460 3629 270 69 Chicago,
1779 3631 113 66 Ill.,
1940 3631 204 55 Public

144 3703 463 54 administration
639 3703 229 67 service,
899 3706 151 50 1934.

215 3776 25 37 2
271 3787 41 37 p.
383 3808 8 15 l.,
424 3776 55 40 12
510 3786 43 37 p.
613 3775 57 40 26½
703 3777 44 22 cm
751 3807 8 7 .
832 3775 208 50 ([Public
1076 3776 396 41 administration
1507 3776 196 49 service,
1739 3776 225 53 Chicago]
149 3779 1979 95 Publication
372 3845 74 28 no.
475 3832 79 48 41)
688 3831 128 48 $0.25

149 3886 50 52 ©
232 3893 115 47 July
379 3893 66 40 17.
479 3890 139 41 1934:
654 3891 67 40 2c.
755 3892 95 38 and
882 3890 73 40 aff.
996 3891 119 48 Aug.
1220 3903 7 35 18;
1263 3894 40 37 A
1338 3893 168 41 74586;
1542 3893 168 41 Public
1744 3894 400 42 administration

215 3949 196 40 service.
483 3947 279 49 (34-38358)
