2350 4296
1038 4011 131 51 1353

137 356 239 64 Adams,
407 356 195 56 Peter.

208 431 1920 69 Pirate ships done in models, by Peter Adams … illustrated
137 511 73 67 by
236 512 69 51 A.
336 512 87 53 W.
455 513 263 51 Parsons.
795 513 137 51 New
962 510 179 67 York,
1168 510 188 65 Dodd,
1384 510 170 53 Mead
1584 513 44 49 &
1656 527 295 49 company,
1982 514 148 48 1934.

211 584 113 47 xvii,
354 582 84 42 107
465 595 40 36 p.
536 583 108 42 incl.
674 584 163 48 front.,
866 584 127 39 illus.
1054 583 54 40 19
1112 585 42 21 cm
1161 616 8 8 .

209 654 288 41 Illustrated
527 656 338 47 lining-paper.

141 722 50 52 ©
226 727 126 48 Sept.
385 727 55 40 27,
487 727 112 39 1934;
661 729 64 39 2c.
761 730 94 37 and
887 728 80 40 aff.
1002 728 100 40 Oct.
1135 728 24 37 2;
1222 727 39 38 A
1295 726 141 40 75578;
1501 727 151 38 Dodd.
1688 728 138 38 Mead
1863 727 37 39 &
1956 739 25 27 co.,
2043 727 88 38 inc.

217 783 278 49 (34-34061)

134 903 186 65 Allan,
351 905 172 55 John.

203 982 1931 68 The Cambridge shorter history of India, by J. Allan … Sir
133 1060 1998 70 T. Wolseley Haig … [and] H. H. Dodwell … edited by H. H.
131 1139 278 53 Dodwell.
485 1140 138 53 New
664 1140 180 69 York,
881 1141 120 53 The
1042 1140 334 53 Macmillan
1415 1157 308 50 company;
1769 1139 362 70 Cambridge,

130 1216 165 70 Eng.,
323 1219 120 53 The
473 1219 338 69 University
840 1238 175 50 press,
1045 1221 149 51 1934.

202 1293 98 46 xix,
332 1292 70 50 [2],
431 1292 85 41 970
543 1304 41 36 p.
644 1293 126 40 illus.
800 1294 186 47 (maps)
1050 1293 55 40 20
1109 1295 42 21 cm
1158 1324 8 9 .

208 1350 66 40 “A
310 1351 234 47 complete
581 1355 204 36 account
823 1351 51 41 of
911 1351 174 40 Indian
1124 1350 215 49 political
1379 1350 187 48 history
1605 1351 129 39 from
1771 1351 65 40 its
1874 1351 258 49 beginning

133 1408 139 39 down
301 1409 47 38 to
377 1408 80 40 the
484 1418 116 37 year
629 1408 47 40 in
705 1408 156 40 which
891 1409 80 39 the
1000 1408 206 40 reforms
1234 1407 52 41 of
1313 1406 114 41 1819
1457 1417 125 32 were
1611 1407 466 44 initiated.”—Pref.

206 1464 440 48 “Bibliographical
677 1464 140 41 note”:
878 1476 42 37 p.
968 1463 215 50 [vii]—viii.

135 1531 50 52 ©
216 1536 125 47 Sept.
368 1535 67 49 28,
463 1537 114 39 1934;
632 1536 67 41 2c.
732 1537 126 47 Sept.
887 1537 54 37 29;
1000 1536 78 40 aff.
1109 1536 97 40 Oct.
1236 1537 24 37 1;
1318 1536 40 38 A
1386 1535 169 47 76265;
1589 1536 281 40 Macmillan
1898 1547 66 30 co.

214 1593 278 48 (34-34561)

126 1711 314 54 American
476 1712 153 54 child
664 1712 204 53 health
903 1712 374 55 association.

200 1789 271 68 Physical
513 1790 243 67 defects;
802 1792 94 51 the
938 1791 270 67 pathway
1249 1796 57 46 to
1349 1790 326 53 correction.
1752 1792 54 51 A
1851 1792 166 65 study
2065 1791 61 51 of

129 1866 257 68 physical
414 1868 216 55 defects
660 1887 207 50 among
893 1869 184 53 school
1112 1869 254 52 children
1395 1868 59 52 in
1482 1870 138 52 New
1649 1870 162 51 York
1839 1871 131 65 city,
131 1888 1969 112 conducted
366 1947 74 68 by
470 1949 95 51 the
597 1948 280 52 Research
909 1946 246 54 division
1188 1946 62 53 of
1280 1948 94 51 the
1406 1946 307 53 American
1745 1947 155 53 child
1932 1948 190 52 health

130 2023 336 56 association
497 2025 59 55 in
588 2024 364 70 cooperation
983 2026 139 52 with
1154 2027 93 51 the
1278 2026 380 67 Department
1691 2027 63 51 of
1786 2027 194 52 health
2014 2028 110 52 and

129 2104 94 53 the
248 2104 381 68 Department
656 2104 63 54 of
747 2104 328 68 education;
1104 2104 327 67 supervised
1459 2104 75 67 by
1562 2126 30 33 a
1621 2104 210 68 special
1859 2105 265 68 advisory

130 2182 344 68 committee;
521 2184 113 52 and
676 2183 256 52 financed
975 2183 75 67 by
1092 2184 94 51 the
1226 2183 413 67 Metropolitan
1683 2182 103 53 life
1830 2183 294 54 insurance

128 2279 238 50 company
497 2263 138 51 New
677 2262 177 67 York,
892 2262 68 53 N.
1000 2263 90 66 Y.,
1126 2262 303 52 American
1467 2261 154 53 child
1657 2262 194 52 health
128 2263 1971 143 association,
295 2344 149 49 1934.

200 2412 101 40 xvii
326 2421 57 39 p.,
410 2413 24 39 1
483 2444 22 16 l.,
531 2413 83 40 171
641 2423 42 36 p.
713 2411 109 42 incl.
846 2412 134 40 front.
1025 2411 157 48 (map)
1219 2412 178 48 diagrs.
1457 2412 55 41 23½
1545 2415 44 20 cm

131 2481 50 51 ©
216 2486 99 40 Oct.
351 2486 37 42 8,
423 2485 140 48 1934;
599 2485 65 40 2c.
700 2486 101 40 Oct.
835 2485 54 39 12;
953 2485 81 42 aff.
1069 2485 101 41 Oct.
1203 2485 81 45 11;
1322 2485 41 38 A
1397 2484 169 47 75736;
1603 2485 156 40 Amer.
1796 2485 129 40 child
1960 2486 164 40 health

198 2553 125 31 assn.
396 2542 279 48 (34-34050)

129 2660 312 54 American
475 2660 280 53 institute
788 2662 63 51 of
884 2660 228 64 mining
1145 2662 113 51 and
1297 2661 428 64 metallurgical
1759 2664 330 61 engineers.

195 2737 403 53 Transactions
625 2739 62 51 of
713 2739 93 52 the
833 2739 307 53 American
1162 2739 262 53 institute
1451 2739 63 52 of
1539 2738 225 69 mining
1791 2739 111 52 and
125 2742 1975 141 metallurgical
403 2816 293 69 engineers
729 2816 454 69 (incorporated)
1264 2837 50 31 v.
1354 2820 114 50 109.
1540 2820 181 51 Metal
1752 2819 224 67 mining
2012 2820 112 52 and

124 2893 363 56 nonmetallic
516 2895 287 56 minerals,
837 2898 147 49 1934.
1062 2896 216 67 Papers
1311 2896 109 52 and
1453 2896 341 53 discussions
1824 2899 295 66 presented

128 2976 58 47 at
209 2973 95 51 the
330 2973 277 65 meetings
635 2973 63 50 of
724 2973 94 51 the
847 2972 272 52 Institute
1150 2978 58 46 at
1234 2976 138 50 New
1401 2975 179 67 York,
1608 2975 133 51 Feb.
1771 2978 189 56 20-23,
1990 2979 131 50 1933

127 3050 110 51 and
269 3051 138 52 New
443 3049 176 66 York,
651 3051 133 50 Feb.
820 3053 187 63 19-22,
1040 3054 146 49 1934.
1264 3053 82 51 New
1435 3053 179 67 York,
1647 3055 69 51 N.
1757 3056 83 53 Y.,
1873 3056 120 50 The
125 3055 1972 126 Institute
355 3162 12 33 [
373 3134 19 21 c
395 3131 135 48 1934
535 3161 12 33 ]

192 3202 88 40 458
304 3212 41 37 p.
401 3202 126 39 illus.
560 3201 130 49 (incl.
719 3203 161 47 maps)
917 3202 178 47 diagrs.
1152 3201 54 41 23½
1240 3206 43 20 cm
1290 3237 6 6 ·

130 3267 48 51 ©
217 3272 100 40 Oct.
355 3273 38 44 5,
430 3271 113 40 1934;
609 3272 64 38 2c.
711 3272 117 40 Nov.
866 3273 51 39 7;
958 3271 81 42 aff.
1076 3273 117 40 Nov.
1232 3273 50 48 8;
1322 3275 40 38 A
1400 3275 170 47 77167;
1611 3276 156 39 Amer.
1808 3276 226 41 institute
2070 3280 53 38 of

180 3329 182 48 mining
399 3329 93 39 and
531 3329 354 46 metallurgical
928 3329 263 49 engineers,
1229 3331 90 41 inc.

124 3447 314 54 American
471 3449 552 62 wood-preservers’
1060 3451 375 56 association.

125 3524 1996 147 Proceedings of the thirtieth annual meeting of the American wood-preserver's association … Rice hotel, Houston,
125 3679 194 69 Texas,
347 3682 261 65 January
637 3683 188 65 23-25,
857 3683 149 50 1934.
1104 3681 284 71 [Maclison,
1415 3687 159 68 Wis.,
1602 3690 307 52 Democrat
126 3692 1972 133 printing
250 3775 295 51 company,
578 3765 17 21 c
600 3760 151 64 1934]

194 3831 80 41 523
303 3843 42 37 p.
403 3832 128 39 illus.
560 3831 132 48 (incl.
721 3832 136 47 map)
897 3833 135 46 port.,
1067 3833 153 40 tables
1248 3833 135 48 (part
1413 3837 144 48 fold.)
1597 3839 81 40 dia
1686 3851 91 35 grs.
1839 3841 53 39 28
1897 3844 42 20 cm

130 3883 46 51 ©
207 3888 97 41 Oct.
336 3888 68 47 29,
433 3887 141 48 1934;
605 3887 65 41 2c.
704 3888 93 39 and
828 3887 81 41 aff.
940 3888 116 40 Nov.
1090 3889 79 47 10;
1203 3891 38 39 A
1274 3893 168 46 77189;
1476 3895 159 41 Amer.
1671 3899 448 48 wood-preservers'

193 3956 139 37 assn.,
363 3944 334 49 Washington.
