2350 4196
1255 3997 64 48 52

263 446 1921 72 13th ed. … with amendments to date, by Ralph E. Rogers …
260 534 247 54 Albany.
552 534 69 51 A.
670 534 89 55 Y..
805 530 279 53 Matthew
1129 529 224 52 Bender
1400 532 43 49 &
1489 543 294 50 company,
1829 523 416 67 incorporated,

262 614 149 50 1934.

327 685 79 47 vii,
436 685 115 38 1028
578 695 42 36 p.
677 683 55 39 25
736 685 43 20 cm
784 714 7 6 .

261 752 50 52 ©
346 755 107 39 Jan.
487 755 39 39 2.
561 753 139 46 1934;
735 753 66 39 2c.
835 752 106 40 Jan.
977 753 24 39 3
1021 763 7 29 :
1065 751 79 39 aff.
1180 751 107 40 Jan.
1322 750 81 45 15;
1440 748 40 40 A
1514 748 141 40 68882
1675 758 7 35 ;
1719 747 237 39 Matthew
1989 745 190 41 Bender
2213 743 36 40 &

328 823 81 29 co.,
439 812 91 39 inc.

264 915 269 65 Cornish,
567 915 224 63 George
822 913 273 55 William.

341 992 264 66 [Cornish
657 991 64 53 of
772 991 127 51 “the
949 990 214 53 Yard’’.
1249 989 343 52 Instalment
1646 989 46 63 9]
1785 984 384 68 Kidnapping
2224 1002 30 32 a

265 1069 397 70 grandfather.

339 1144 81 48 (In
449 1140 251 50 Answers,
732 1139 114 43 Dec.
876 1141 39 48 9,
949 1138 143 49 1933)

269 1204 1987 57 © 1c. Jan. 26. 1934; A ad int. 18630; pubd. Dec. 1; G. W. Cornish,
333 1272 208 38 London.

270 1375 136 63 Cox,
440 1373 293 54 Coleman.

341 1449 175 55 Smile
557 1450 220 66 awhile,
814 1450 74 54 by
927 1449 269 54 Coleman
1234 1448 138 55 Cox.
1448 1448 115 54 San
1602 1446 321 56 Francisco,
1964 1444 194 67 Calif.,
2197 1445 64 52 C.

268 1528 138 68 Cox,
440 1532 150 49 1933.

344 1600 82 42 135
456 1613 42 37 p.
528 1601 110 40 incl.
667 1603 121 46 port.
852 1601 53 39 19½
938 1604 14 19 cm
987 1633 7 7 .

275 1666 1793 56 © Dec. l. 1933 : 2c. Jan. 17, 1934; aff. Jan. 16; A 68902; C. Cox.
348 1730 248 49 (34-1485)

342 1831 228 68 Telling
603 1831 62 52 of
700 1831 219 67 selling,
950 1830 74 54 by
1061 1829 264 54 Coleman
1363 1828 133 55 Cox.
1568 1829 116 53 San
1720 1828 316 67 Francisco,
2074 1827 192 68 Calif.,

278 1909 58 54 C.
377 1909 136 68 Cox,
550 1912 150 50 1933.

341 1982 85 40 127
461 1993 42 36 p.
539 1981 108 40 incl.
684 1984 120 45 port.
871 1980 55 41 19½
959 1983 42 20 cm
1008 2012 8 7 .

280 2049 1795 57 © Dec. l. 1933 : 2c. Jan. 17, 1934; aff. Jan. 16; A 68903; C. Cox.
355 2113 248 48 (34-1425)

280 2217 173 64 Coxe,
486 2215 273 56 Howard.

346 2292 157 53 First
537 2294 122 50 loye
695 2293 110 52 and
839 2292 127 68 last,
1000 2313 28 32 a
1064 2294 182 65 novel,
1277 2293 74 67 by
1384 2293 256 54 Howard
1676 2292 168 54 Coxe.
1919 2293 137 52 New
2094 2293 176 61 York,

276 2369 1190 72 Harcourt, Brace and company [ c 1934 ]
349 2444 24 39 6
401 2456 42 36 p.
507 2476 8 15 l.,
544 2444 144 40 3-238
715 2456 41 36 p.
819 2444 54 40 19½
906 2447 43 21 cm
955 2476 8 8 .

352 2501 161 40 “First
546 2500 225 40 edition.”

284 2553 50 53 ©
365 2558 110 40 Jan.
565 2589 8 15 18,
603 2558 113 39 1934
736 2569 7 35 ;
776 2559 65 39 2c.
874 2560 94 38 and
999 2558 79 39 aff.
1111 2559 105 39 Jan.
1248 2558 82 47 24;
1364 2559 41 38 A
1435 2557 168 48 69162;
1636 2559 215 39 Howard
1884 2559 48 40 C.
1966 2559 139 47 Coxe,
351 2558 1901 97 Colorado
500 2615 212 48 Springs,
745 2615 94 40 Col.
913 2615 250 49 (34-1468)

286 2718 282 65 Creange,
597 2718 221 64 Henry.

352 2793 122 52 The
518 2793 191 67 guilds
756 2795 64 51 of
865 2795 283 69 America,
1194 2797 73 67 by
1315 2796 200 69 Henry
1565 2796 269 69 Creange.
1911 2796 136 54 New
2097 2796 177 66 York,

285 2871 67 53 N.
385 2870 89 67 Y.,
505 2871 120 51 The
656 2870 204 54 Guilds
893 2873 62 52 of
985 2873 262 53 America
1282 2873 359 59 foundation,
1670 2877 106 51 inc.
1816 2908 12 33 [
1833 2881 17 21 c
1857 2877 133 50 1934
1995 2908 12 33 ]

355 2945 25 39 3
412 2954 42 38 p.
521 2975 8 15 l.,
561 2944 207 40 xi-xxiii
798 2957 57 36 p.,
887 2947 24 38 5
977 2978 8 15 l.,
1016 2948 86 39 188
1131 2959 56 36 p.,
1219 2948 25 39 6
1309 2979 8 16 l.,
1351 2947 112 40 7-67
1493 2959 57 36 p.,
1583 2949 24 38 1
1673 2980 8 9 l..
1713 2948 200 40 189-217
1944 2959 41 36 p.
2017 2947 108 41 incl.
2156 2947 117 40 fold,

284 3000 141 42 form,
486 3000 179 48 diagrs.
694 3001 48 48 (1
781 3001 131 49 fold.,
954 3004 50 38 in
1043 3004 193 48 pocket)
1304 3005 56 39 27
1364 3007 42 21 cm
1412 3038 8 6 .

358 3058 388 48 “Safeguarding
784 3057 225 51 industry
1049 3060 192 48 against
1280 3061 82 39 the
1402 3060 229 50 pilfering
1671 3061 51 39 of
1761 3060 147 46 ideas,
1948 3060 327 47 immediately

286 3112 1991 111 following page 188 … is also being published as a separate book. Therefore it is here treated as an independent volume and furnished with its
288 3239 105 30 own
425 3238 121 38 page
577 3228 434 51 numbering.”—p.
1044 3242 75 28 xv.

360 3285 347 40 “References”
742 3288 52 37 at
826 3288 90 39 end
950 3287 51 39 of
1033 3298 129 30 some
1195 3288 51 39 of
1279 3288 80 39 the
1393 3287 251 48 chapters;
1680 3285 372 49 Bibliography:
2090 3295 41 37 p.
2165 3285 114 39 214-

287 3342 99 42 217.

293 3392 1986 59 © Jan. 15, 1934 ; 2c. Jan. 24; aff. Jan. 25; A 68991; H. Creange, New
360 3457 143 39 York.
568 3453 68 52 [©
663 3468 105 29 new
793 3458 178 39 matter
997 3459 94 38 and
1117 3458 224 48 revision]
1415 3457 247 48 (34-1693)

299 3559 220 66 [Dame,
546 3560 232 53 Arthur
804 3561 176 67 Kent]
1015 3564 82 51 ed.

364 3636 55 52 A
449 3635 185 70 digest
665 3638 63 51 of
756 3639 94 52 the
882 3639 275 55 decisions
1187 3641 61 51 of
1278 3642 93 51 the
1407 3640 271 69 Supreme
1706 3646 161 46 court
1898 3641 61 52 of
1988 3638 293 55 Nebraska

296 3715 264 66 reported
594 3715 59 51 in
687 3713 290 56 Nebraska
1013 3724 221 61 reports
1267 3720 251 52 volumes
1552 3722 256 63 117-124,
1841 3738 27 32 a
1905 3723 133 62 part
2069 3716 62 53 of
2167 3720 116 62 125,

297 3792 112 52 and
442 3792 61 51 in
536 3793 95 51 the
664 3793 430 55 Northwestern
1128 3802 253 61 reporter
1413 3799 248 50 volumes
1695 3799 255 54 221-248.
1985 3796 72 67 by
2091 3795 191 66 Ralph

299 3862 1984 82 S. Moseley … 2d cumulative supplement to Dame and Mose-
