2350 4196
1106 4009 132 51 1799

171 368 173 65 Eber,
372 370 189 53 Matte
589 369 324 63 Abraham,
944 372 171 50 1893-

242 441 1747 74 Messiah, trilogy … by Motte A. Eber. [Chicago, The
170 441 1971 135 Norman
330 525 148 54 Paul
507 524 333 69 publishing
868 542 295 49 company,
1192 529 17 21 c
1214 526 151 63 1934]

243 597 87 40 116
358 607 43 37 p.
462 597 56 40 20
521 600 43 21 cm
570 630 8 8 .

175 651 51 52 ©
255 656 111 39 Dec.
394 654 69 48 12,
491 655 142 48 1934;
662 656 67 40 2c.
759 658 95 38 and
883 653 81 42 aff.
993 656 110 38 Dec.
1132 654 81 46 14;
1244 654 44 39 A
1312 651 170 48 77648;
1516 652 61 39 M.
1609 652 52 38 A.
1694 651 138 47 Eber,
1863 649 223 48 Chicago.

252 713 221 48 (35-715)

174 802 303 64 Edwards,
505 803 255 54 William
791 804 48 53 G
844 846 11 12 c

242 878 400 70 Glanopathy;
675 900 31 33 a
733 884 231 49 manual
994 880 63 52 of
1083 880 176 67 gland
1286 879 301 65 technique
1613 876 251 67 through
1891 892 278 51 pressure,

171 958 1327 67 by W. G. Edwards … [Reno, Nev., c 1934]
241 1032 28 39 7
294 1042 41 37 p.
399 1062 8 17 l.,
432 1032 70 46 44,
536 1032 52 50 [6]
618 1043 41 37 p.
715 1033 148 39 front,
893 1032 171 48 (port.)
1100 1032 151 47 diagr.
1307 1029 54 40 19
1381 1032 28 20 cm
1413 1061 8 8 .

241 1089 226 40 Includes
496 1089 151 40 blank
673 1100 146 37 pages
849 1089 78 39 for
961 1088 217 40 “Notes”.

174 1141 1996 52 © Sept. 10, 1934; 2c. and aff. Sept. 24; A 76097; W. G. Edwards, Reno,
240 1203 113 39 Nev.
426 1202 83 48 (oa
525 1203 173 40 34-174
718 1204 235 47 Unrev'd)

176 1290 196 65 Elson,
400 1294 137 55 Mrs.
567 1295 261 52 Frances
860 1294 293 64 (Sandys)
1190 1298 323 49 1906-1933.

248 1366 174 63 Quiet
455 1369 155 52 hints
644 1376 58 47 to
739 1369 301 53 ministers’
1077 1368 187 67 wives,
1301 1368 76 69 by
1414 1368 245 53 Frances
1700 1366 225 68 Sandys
1961 1365 208 66 Elson;

177 1447 388 52 introduction
599 1446 74 69 by
706 1447 96 55 the
837 1447 136 53 Rev.
1010 1446 254 53 Edward
1297 1446 63 54 L.
1397 1445 67 51 R.
1502 1445 196 67 Elson,
1732 1463 50 36 d.
1818 1463 49 36 d.
1938 1443 232 67 Boston,

175 1523 189 68 Mass.,
395 1524 121 52 The
549 1522 298 56 Stratford
879 1542 277 50 company
1191 1558 12 34 [
1209 1531 17 20 c
1232 1525 135 50 1934
1370 1556 13 34 ]

244 1598 792 49 3 p. l. , iii p., 2 l., 69 p. 19½ cm .
177 1651 51 52 ©
259 1657 111 39 Dec.
401 1657 41 47 4,
472 1655 141 48 1934;
644 1656 65 41 2c.
741 1657 111 39 Dec.
884 1657 51 47 6;
968 1656 80 40 aff.
1079 1657 111 39 Dec.
1222 1656 82 46 13;
1338 1656 44 38 A
1408 1655 143 40 78505
1569 1666 9 36 ;
1616 1654 251 41 Stratford
1897 1665 82 36 co.,
2011 1654 161 47 pubrs.

254 1713 222 50 (35-502)

179 1805 244 64 Emeny,
454 1805 246 56 Brooks.

250 1880 121 52 The
401 1885 255 63 strategy
685 1881 63 53 of
776 1900 116 34 raw
924 1879 306 70 materials,
1262 1899 31 33 a
1321 1880 172 69 study
1525 1880 64 53 of
1618 1877 264 56 America
1914 1881 61 52 in
2008 1896 165 51 peace

183 1957 110 54 and
325 1977 135 48 war,
492 1958 74 68 by
600 1958 220 53 Brooks
854 1959 248 67 Emeny;
1136 1959 141 53 with
1310 1959 97 53 the
1441 1957 300 54 statistical
1777 1959 302 52 assistance
2112 1955 63 55 of

181 2035 52 54 J.
267 2035 253 52 Edward
550 2036 128 68 Ely.
745 2036 136 53 New
911 2036 177 68 York,
1115 2037 119 51 The
1263 2036 332 52 Macmillan
1627 2053 294 51 company,
1954 2037 149 50 1934.

251 2111 84 39 xiv
362 2121 57 37 p.,
449 2111 24 37 1
538 2142 8 15 l.,
576 2110 84 40 202
688 2121 42 37 p.
759 2112 110 40 incl.
901 2122 150 36 maps,
1112 2111 177 47 diagrs.
1319 2111 133 48 (part
1481 2111 143 47 fold.)
1692 2110 56 39 24
1752 2113 43 21 cm
1801 2143 7 7 .

251 2167 279 40 Half-title:
562 2168 196 39 Bureau
789 2168 51 40 of
870 2168 349 40 international
1248 2169 239 46 research,
1519 2169 230 39 Harvard
1780 2167 269 47 university
2080 2168 95 38 and

182 2223 242 41 Radcliffe
454 2224 193 48 college.

252 2279 100 39 The
379 2280 133 39 basic
539 2280 227 39 material
791 2280 55 39 of
870 2280 98 40 this
995 2281 144 46 study
1168 2291 99 29 was
1292 2281 257 47 presented
1576 2281 80 38 for
1683 2282 82 39 the
1792 2282 171 46 degree
1992 2280 51 40 of
181 2282 1977 93 doctor
283 2335 52 40 of
360 2336 287 48 philosophy
675 2338 53 38 at
753 2336 119 40 Yale
900 2337 282 45 university,
1244 2339 60 47 cf.
1333 2337 498 48 Acknowledgments.

251 2393 377 48 Bibliography:
657 2404 42 37 p.
728 2392 215 42 189-195.

183 2449 51 52 ©
270 2455 111 39 Dec.
419 2455 68 45 11,
523 2452 140 48 1934;
701 2453 65 39 2c.
804 2454 95 38 and
937 2452 80 39 aff.
1054 2454 111 39 Dec.
1200 2452 82 48 12;
1320 2453 44 39 A
1397 2453 170 47 77627;
1606 2454 199 39 Bureau
1840 2453 53 40 of
1927 2453 250 39 internati,

248 2512 240 45 research,
523 2510 229 40 Harvard
786 2510 128 39 univ.
951 2512 95 38 and
1079 2510 239 41 Radcliffe
1351 2512 192 46 college,
1580 2510 301 48 Cambridge,
1916 2512 145 37 Mass.

259 2566 222 50 (35-530)

252 2658 1925 69 The find out book, v. l. Chapel Hill, The University of
181 2736 188 54 North
398 2737 271 55 Carolina
695 2754 156 50 press
884 2770 12 33 [
901 2744 17 20 c
924 2740 151 64 1934]

248 2811 88 39 112
364 2822 42 37 p.
465 2812 85 39 col.
582 2811 125 39 illus.
766 2809 55 40 20½
854 2813 45 20 cm
903 2842 7 7 .

296 2869 58 39 Vol.
387 2869 38 46 1,
457 2868 238 47 compiled
724 2868 60 47 by
815 2869 84 38 the
926 2867 110 40 first
1065 2869 147 46 grade
1244 2870 220 38 teachers
1497 2869 53 40 of
1581 2869 189 47 Orange
1801 2870 190 45 county,
2024 2869 154 39 North

184 2924 229 41 Carolina
442 2926 152 38 under
622 2925 82 39 the
731 2925 305 47 supervision
1065 2925 51 40 of
1144 2927 142 46 Mary
1311 2927 205 39 Watson
1540 2927 209 46 Hyman.

186 2977 51 52 ©
268 2983 127 47 Sept.
422 2982 39 47 6,
488 2980 115 42 1934
621 2992 8 36 ;
657 2981 66 40 2c.
751 2981 117 40 Nov.
896 2981 54 40 23
969 2993 8 36 ;
1008 2981 79 41 aff.
1115 2984 115 39 Nov.
1257 2983 81 47 21;
1369 2984 41 38 A
1436 2983 143 41 78229
1598 2994 8 36 ;
1639 2982 281 48 University
1948 2984 52 38 of
2026 2984 154 37 North

253 3039 228 40 Carolina
510 3049 150 37 press.
731 3039 220 47 (35-514)

185 3126 160 67 Fleg,
373 3128 286 65 Edmond,
689 3129 172 54 1874-

317 3206 1862 70 … Jesus: told by the Wandering Jew, by Edmond Fleg.
184 3282 140 54 New
352 3283 179 66 York,
557 3284 67 53 E.
652 3284 65 52 P.
744 3284 223 52 Dutton
993 3288 46 50 &
1065 3304 97 47 co.,
1187 3287 108 52 inc.
1329 3320 12 32 [
1347 3293 17 20 c
1369 3290 153 62 1935]

256 3355 86 41 336
373 3368 44 37 p.
476 3355 56 40 21
536 3358 45 21 cm
584 3388 9 8 .

257 3412 64 41 At
347 3413 125 40 head
501 3412 51 40 of
578 3411 135 42 title:
744 3413 291 41 Translated
1064 3415 59 47 by
1153 3415 184 47 Phyllis
1366 3414 205 50 Mégroz.

259 3468 162 42 “First
456 3468 226 42 edition.”

260 3525 346 48 “Authorities,
633 3525 207 40 Biblical
864 3527 96 38 and
986 3526 301 49 traditional,
1313 3528 175 47 quoted
1515 3538 52 29 or
1593 3526 214 41 referred
1835 3527 104 40 to”:
1966 3538 42 37 p.
2038 3526 141 50 [320]-

188 3582 98 41 336.

193 3635 51 52 ©
273 3641 107 39 Jan.
407 3641 41 45 4,
476 3638 140 48 1935;
645 3638 65 40 2c.
741 3639 95 39 and
865 3638 79 40 aff.
976 3639 107 39 Jan.
1114 3639 52 46 8;
1194 3640 41 38 A
1261 3638 170 48 78902;
1462 3641 51 37 E.
1544 3640 49 38 P.
1624 3641 188 38 Dutton
1840 3640 37 40 &
1903 3651 81 35 co.,
2013 3639 90 39 inc.

271 3697 222 48 (35-605)

195 3771 282 65 Fleming,
505 3774 138 51 Mrs.
670 3773 107 50 Ida
803 3772 214 63 Capen.

259 3849 388 67 Wind-swept
684 3851 231 66 strings,
953 3851 236 51 selected
1230 3868 191 44 poems
1461 3850 228 53 written
1727 3851 75 57 by
1840 3850 109 52 Ida
1990 3849 194 67 Capen

194 3925 1729 67 Fleming … San Francisco, Calif., The author, c 1934.
