2350 4196
1126 3999 98 47 299

176 352 220 65 Dodge,
425 351 258 54 Richard
715 351 254 65 Elwood,
1003 355 170 50 1868-

245 429 1867 72 The world and its people, by Richard Elwood Dodge …
174 507 1997 73 and Earl Emmet Lackey … New York, Chicago [etc.] Rand,
175 587 272 67 McNally
476 589 46 50 &
549 603 279 51 company
862 619 12 34 [
880 592 18 21 c
902 588 136 50 1934
1043 619 12 33 ]

247 660 84 46 xii,
361 659 84 40 167
469 671 43 37 p.
542 659 108 41 incl.
678 659 164 48 front.,
873 659 141 48 illus.,
1045 670 150 38 maps.
1255 660 55 41 25½cm.

249 718 67 38 “A
344 716 394 50 bibliography”:
770 729 43 37 p.
845 716 216 43 163-164.

179 772 1992 55 © Feb. 23, 1934; 2c. Mar. 5; aff. Mar. 6; A 69727; Rand, McNally & co.
249 829 65 54 [©
345 844 104 29 new
478 832 342 47 illustrations,
852 833 208 46 changes
1090 834 94 38 and
1215 843 107 30 new
1350 836 195 47 matter]
1618 835 250 49 (34-5883)

177 922 305 64 Emerson,
511 921 163 54 Alice
701 922 67 55 B.

173 996 2001 152 Ruth Fielding and her crowning victory; or, Winning honors abroad, by Alice B. Emerson … New York, Cupples &
173 1151 155 53 Leon
356 1170 281 52 company
671 1186 13 34 [
689 1159 18 22 c
711 1156 136 50 1934
851 1185 13 35 ]

244 1225 1619 53 2 p. l., 210 p. front. 19½ cm . [Her Ruth Fielding series]
179 1279 53 52 ©
261 1285 121 39 Mar.
413 1285 67 46 15,
512 1285 139 47 1934;
684 1285 67 39 2c.
782 1284 95 40 and
908 1285 80 40 aff.
1020 1286 119 38 Mar.
1171 1285 81 47 22;
1286 1286 44 39 A
1356 1285 170 48 69964;
1561 1286 210 49 Cupples
1798 1289 36 39 &
1866 1289 128 38 Leon
2024 1299 66 32 co.

255 1341 250 49 (34-5903)

171 1430 259 66 Fithian,
460 1432 193 64 Philip
684 1431 267 56 Vickers.

242 1508 199 69 Philip
477 1509 237 55 Vickers
751 1509 269 53 Fithian:
1056 1510 246 68 journal,
1340 1509 327 69 1775-1776,
1704 1512 229 53 written
1970 1532 71 34 on
2076 1514 94 52 the

172 1586 723 70 Virginia-Pennsylvania
932 1587 246 54 frontier
1213 1589 113 52 and
1360 1589 60 52 in
1455 1591 95 51 the
1585 1608 160 50 army
1782 1592 217 51 around
2033 1593 138 52 New

174 1667 1996 68 York, edited by Robert Greenhalgh Albion … and Leonidas
169 1745 2001 70 Dodson … [v. 2] Princeton, Princeton university press, 1934.
246 1820 133 46 xviii,
410 1819 86 40 279
523 1830 41 36 p.
622 1820 117 39 fold.
771 1830 148 37 maps.
979 1819 56 38 24½
1067 1821 44 20 cm
1116 1851 6 6 .

245 1877 101 40 Vol.
384 1878 23 37 1
444 1877 88 39 has
569 1876 107 39 title:
743 1876 161 47 Philip
939 1876 202 39 Vickers
1178 1876 227 39 Fithian:
1443 1876 197 47 journal
1678 1878 95 38 and
1809 1878 182 47 letters,
176 1877 1998 97 1767-1774.

180 1986 50 52 ©
268 1991 108 39 Feb.
414 1991 68 47 21,
520 1990 140 46 1934;
699 1990 66 39 2c.
804 1989 109 40 Feb.
951 1989 54 40 26;
1073 1989 81 40 aff.
1192 1989 111 41 Feb.
1340 1989 82 47 24;
1462 1989 40 39 A
1538 1989 169 47 69639;
1748 1989 257 41 Princeton
2044 1989 128 43 univ.

245 2058 149 38 press.

176 2135 291 67 Fletcher,
494 2137 221 64 Joseph
746 2134 215 65 Smith,
993 2138 173 51 1863-

243 2215 239 53 Murder
512 2215 64 53 of
606 2217 95 51 the
730 2220 177 49 secret
936 2220 171 62 agent
1159 2215 91 67 [by]
1287 2216 55 53 J.
1377 2215 55 55 S.
1466 2215 279 52 Fletcher.
1819 2215 138 52 New
1989 2213 179 67 York,

175 2294 70 52 A.
277 2293 71 54 A.
378 2292 226 68 Knopf,
636 2297 150 51 1934.

248 2365 703 48 4 p. l., 3-290 p., 1 l. 19 cm .
249 2421 161 42 “First
441 2421 226 41 edition.”

180 2474 50 52 ©
263 2480 119 38 Mar.
416 2479 68 47 19,
517 2480 139 40 1934;
690 2479 67 40 2c.
791 2480 94 38 and
918 2479 80 40 aff.
1033 2480 119 38 Mar.
1186 2475 81 50 21;
1302 2479 43 40 A
1375 2478 168 47 69948;
1579 2478 172 38 Alfred
1783 2478 52 38 A.
1869 2476 178 48 Knopf,
2081 2477 89 40 inc.

260 2536 248 48 (34-5823)

178 2610 278 66 Gibbons,
484 2611 162 54 Alice
674 2612 306 64 Newman,
1009 2611 172 53 1876-

246 2690 269 53 Directed
548 2691 171 66 study
752 2690 171 68 guide
955 2688 61 53 in
1047 2690 95 52 the
1176 2688 216 69 origins
1426 2687 63 53 of
1521 2693 432 61 contemporary

177 2686 1968 148 civilization;
428 2787 31 33 a
493 2768 344 53 foundation
867 2786 193 36 course
1089 2768 60 54 in
1178 2768 172 52 social
1379 2767 227 63 science,
1636 2766 74 66 by

176 2763 1986 150 Alice N. Gibbons … Boston, New York [etc.] Ginn and company [ c 1934 ]
249 2916 100 49 viii,
382 2918 87 40 255
502 2929 42 37 p.
605 2918 154 48 diagr.
819 2918 55 40 21½
908 2921 43 21 cm
956 2952 8 7 .

251 2973 227 42 Includes
504 2974 393 49 bibliographies.

182 3026 1989 53 © Jan. 18, 1934; 2c. Mar. 10; aff. Mar. 9; A 70584; A. N. Gibbons,
248 3089 276 47 Rochester,
554 3090 55 38 N.
639 3090 53 38 Y.
767 3089 250 47 (34-5814)

180 3163 236 66 Glueck,
444 3165 96 54 Sol
567 3165 273 56 Sheldon.

250 3240 122 54 One
401 3243 285 52 thousand
713 3243 250 68 juvenile
992 3243 385 67 delinquents;
1408 3239 150 53 their
1584 3240 305 50 treatment
1915 3235 74 68 by
2017 3237 159 49 court

180 3320 112 51 and
330 3320 185 67 clinic,
552 3320 75 68 by
665 3320 253 55 Sheldon
954 3320 218 55 Glueck
1210 3320 111 53 and
1359 3320 250 51 Eleanor
1645 3316 65 52 T.
1748 3314 245 65 Glueck;
2037 3312 135 52 with

180 3416 72 33 an
287 3398 392 53 introduction
714 3400 74 67 by
824 3400 166 51 Felix
1027 3398 404 53 Frankfurter.
1504 3394 363 68 Cambridge,
1903 3391 268 54 Harvard

177 3477 316 68 university
527 3495 174 50 press,
734 3480 151 51 1934.

252 3548 133 49 xxix,
415 3548 86 42 341
530 3560 43 37 p.
633 3548 26 39 24cm.
818 3551 300 49 (Half-title:
1152 3550 183 47 Survey
1367 3549 51 41 of
1446 3549 147 40 crime
1622 3548 94 39 and
1749 3545 222 40 criminal
1999 3544 177 46 justice

183 3607 49 39 in
268 3607 195 48 Boston,
500 3609 266 39 conducted
803 3610 61 46 by
901 3610 81 40 the
1017 3609 230 40 Harvard
1284 3608 93 40 law’
1412 3606 175 41 school,
1653 3604 90 41 vol.
1808 3604 13 47 I)

252 3662 113 40 “We
392 3663 124 39 have
545 3662 126 41 tried
699 3666 48 37 to
778 3673 154 38 gauge
959 3666 82 37 the
1071 3664 132 40 work
1234 3665 94 38 and
1359 3664 156 38 worth
1546 3661 50 40 of
1626 3662 81 38 the
1736 3661 180 38 Boston
1947 3659 224 40 Juvenile

180 3716 1994 53 court … and of its scientific adjunct, the Judge Baker foundation.”—
180 3780 129 41 Pref.

183 3834 50 51 ©
263 3839 108 39 Feb.
399 3838 68 47 15,
497 3839 138 46 1934;
665 3839 67 40 2c.
761 3839 108 39 Feb.
899 3838 81 42 28;
1012 3838 78 39 aff.
1121 3838 108 39 Feb.
1259 3837 81 46 23;
1372 3836 42 40 A
1439 3835 169 46 69662;
1640 3833 252 41 President
1921 3832 37 40 &
1982 3832 190 39 fellows

249 3896 51 38 of
330 3896 227 39 Harvard
590 3896 191 43 college,
814 3894 300 48 Cambridge,
1147 3895 145 38 Mass.
1363 3891 250 50 (34-5870)
