<alto xmlns="http://www.loc.gov/standards/alto/ns-v3#" xmlns:xsi="http://www.w3.org/2001/XMLSchema-instance" xsi:schemaLocation="http://www.loc.gov/standards/alto/ns-v3# http://www.loc.gov/alto/v3/alto-3-0.xsd"><Description>
<MeasurementUnit>pixel</MeasurementUnit>
<sourceImageInformation>
<fileName>1934_v1_Part1.pdf</fileName>
</sourceImageInformation>
<OCRProcessing ID="IdOcr">
<ocrProcessingStep>
<processingDateTime>2019-01-10</processingDateTime>
<processingSoftware>
<softwareCreator>ABBYY</softwareCreator>
<softwareName>ABBYY Recognition Server</softwareName>
<softwareVersion>4.0</softwareVersion>
</processingSoftware>
</ocrProcessingStep>
</OCRProcessing>
</Description>
<Styles>
<ParagraphStyle ALIGN="Left" FIRSTLINE="0." ID="StyleId-FFFFFFFF-FFFF-FFFF-FFFF-FFFFFFFFFFFF-" LEFT="0." RIGHT="0." />
<ParagraphStyle ALIGN="Right" FIRSTLINE="0." ID="StyleId-521E1FC6-FE7E-43A4-90E6-A9B61626A263-" LEFT="0." LINESPACE="13.30000019" RIGHT="0." />
<ParagraphStyle ALIGN="Left" FIRSTLINE="-27." ID="StyleId-639B624E-F6F5-47B6-BB1D-34E64B53022F-" LEFT="0." LINESPACE="13.43999958" RIGHT="0." />
<ParagraphStyle ALIGN="Left" FIRSTLINE="0." ID="StyleId-100905F9-D385-406B-A5BD-ED5B8FD85431-" LEFT="0." RIGHT="0." />
<ParagraphStyle ALIGN="Left" FIRSTLINE="-27." ID="StyleId-7C9F9BA2-EF3A-4B7F-8486-CCC7B7F49B39-" LEFT="0." LINESPACE="18.71999931" RIGHT="0." />
<ParagraphStyle ALIGN="Block" FIRSTLINE="-27." ID="StyleId-350780E3-60F2-4605-88F5-BB54F9B87091-" LEFT="0." LINESPACE="18.71999931" RIGHT="0." />
<ParagraphStyle ALIGN="Left" FIRSTLINE="0." ID="StyleId-90B16C58-D795-4C77-9B89-30378C515D40-" LEFT="0." LINESPACE="14.39999962" RIGHT="0." />
<ParagraphStyle ALIGN="Right" FIRSTLINE="-27." ID="StyleId-17090E09-AFAF-4086-BD9B-4E99FAE6B057-" LEFT="0." LINESPACE="14.39999962" RIGHT="0." />
<ParagraphStyle ALIGN="Left" FIRSTLINE="-27." ID="StyleId-8B87B633-89DB-4D72-B1FC-26E4ABD680BC-" LEFT="0." LINESPACE="18.47999954" RIGHT="0." />
<ParagraphStyle ALIGN="Left" FIRSTLINE="0." ID="StyleId-42DA7417-CA90-4D71-A57B-06556C38D752-" LEFT="0." LINESPACE="13.30000019" RIGHT="0." />
<ParagraphStyle ALIGN="Block" FIRSTLINE="0." ID="StyleId-D8EE2A7E-42AE-4E35-98DB-F0F935637AA0-" LEFT="0." LINESPACE="6.599999905" RIGHT="0." />
<ParagraphStyle ALIGN="Left" FIRSTLINE="0." ID="StyleId-33CD3121-D4F5-43B6-BA96-6382D166E6B8-" LEFT="0." LINESPACE="15.5" RIGHT="0." />
<ParagraphStyle ALIGN="Block" FIRSTLINE="-21." ID="StyleId-1CE52AFA-C319-4DD9-B4B1-F0EBFA2B3F0B-" LEFT="0." LINESPACE="18.71999931" RIGHT="0." />
<ParagraphStyle ALIGN="Left" FIRSTLINE="0." ID="StyleId-B74F1B65-92F1-49C5-A5FA-D20442F031F2-" LEFT="0." LINESPACE="17.70006076" RIGHT="0." />
<ParagraphStyle ALIGN="Center" FIRSTLINE="0." ID="StyleId-79E2924A-215C-40B7-B577-7236BFBAA25E-" LEFT="0." LINESPACE="7.199999809" RIGHT="0." />
</Styles>
<Layout>
<Page HEIGHT="4196" ID="Page1399" PHYSICAL_IMG_NR="1399" WIDTH="2350">
<TopMargin HEIGHT="416" HPOS="0" VPOS="0" WIDTH="2350">
</TopMargin>
<LeftMargin HEIGHT="3593" HPOS="0" VPOS="416" WIDTH="154">
</LeftMargin>
<RightMargin HEIGHT="3593" HPOS="2225" VPOS="416" WIDTH="125">
</RightMargin>
<BottomMargin HEIGHT="187" HPOS="0" VPOS="4009" WIDTH="2350">
<TextBlock HEIGHT="56" HPOS="1118" ID="Page1399_Block1" LANG="en-US" STYLEREFS="StyleId-A6BFB80E-62B9-4D44-A1C2-C8EB142A6DEC-" VPOS="4059" WIDTH="143">
<TextLine HEIGHT="48" HPOS="1125" VPOS="4065" WIDTH="130">
<String CONTENT="1399" HEIGHT="48" HPOS="1125" VPOS="4065" WIDTH="130" />
</TextLine>
</TextBlock>
</BottomMargin>
<PrintSpace HEIGHT="3593" HPOS="154" VPOS="416" WIDTH="2071">
<TextBlock CS="1" HEIGHT="618" HPOS="155" ID="Page1399_Block2" LANG="en-US" STYLEREFS="StyleId-CFFD73FE-A477-442B-9170-70E720161013-" VPOS="416" WIDTH="2012">
<TextLine HEIGHT="68" HPOS="163" STYLEREFS="StyleId-258C58AC-4770-458E-9E5C-45E019760D06-" VPOS="492" WIDTH="1992">
<String CONTENT="crisis" HEIGHT="52" HPOS="163" VPOS="504" WIDTH="158" />
<SP HEIGHT="34" HPOS="322" VPOS="522" WIDTH="38" />
<String CONTENT="and" HEIGHT="51" HPOS="361" VPOS="504" WIDTH="112" />
<SP HEIGHT="51" HPOS="474" VPOS="504" WIDTH="38" />
<String CONTENT="the" HEIGHT="51" HPOS="513" VPOS="504" WIDTH="93" />
<SP HEIGHT="34" HPOS="607" VPOS="521" WIDTH="37" />
<String CONTENT="near" HEIGHT="34" HPOS="645" VPOS="521" WIDTH="135" />
<SP HEIGHT="55" HPOS="781" VPOS="500" WIDTH="39" />
<String CONTENT="future" HEIGHT="52" HPOS="821" VPOS="500" WIDTH="193" />
<SP HEIGHT="33" HPOS="1015" VPOS="518" WIDTH="38" />
<String CONTENT="of" HEIGHT="54" HPOS="1054" VPOS="497" WIDTH="62" />
<SP HEIGHT="52" HPOS="1117" VPOS="497" WIDTH="37" />
<String CONTENT="the" HEIGHT="51" HPOS="1155" VPOS="498" WIDTH="92" />
<SP HEIGHT="33" HPOS="1248" VPOS="515" WIDTH="39" />
<String CONTENT="race" HEIGHT="34" HPOS="1288" VPOS="514" WIDTH="124" />
<SP HEIGHT="34" HPOS="1413" VPOS="514" WIDTH="38" />
<String CONTENT="and" HEIGHT="52" HPOS="1452" VPOS="495" WIDTH="112" />
<SP HEIGHT="52" HPOS="1565" VPOS="495" WIDTH="38" />
<String CONTENT="correlating" HEIGHT="67" HPOS="1604" VPOS="493" WIDTH="345" />
<SP HEIGHT="65" HPOS="1950" VPOS="495" WIDTH="39" />
<String CONTENT="Bible" HEIGHT="52" HPOS="1990" VPOS="492" WIDTH="165" />
</TextLine>
<TextLine CS="1" HEIGHT="154" HPOS="163" STYLEREFS="StyleId-258C58AC-4770-458E-9E5C-45E019760D06-" VPOS="573" WIDTH="1970">
<String CONTENT="prophecies" HEIGHT="69" HPOS="163" VPOS="581" WIDTH="328" />
<SP HEIGHT="34" HPOS="492" VPOS="599" WIDTH="29" />
<String CONTENT="and" HEIGHT="51" HPOS="522" VPOS="582" WIDTH="112" />
<SP HEIGHT="51" HPOS="635" VPOS="582" WIDTH="30" />
<String CONTENT="ancient" HEIGHT="54" HPOS="666" VPOS="578" WIDTH="222" />
<SP HEIGHT="52" HPOS="889" VPOS="578" WIDTH="27" />
<String CONTENT="historical" HEIGHT="55" HPOS="917" VPOS="575" WIDTH="293" />
<SP HEIGHT="50" HPOS="1211" VPOS="576" WIDTH="28" />
<String CONTENT="references" HEIGHT="53" HPOS="1240" VPOS="573" WIDTH="313" />
<SP HEIGHT="48" HPOS="1554" VPOS="577" WIDTH="28" />
<String CONTENT="to" HEIGHT="46" HPOS="1583" VPOS="577" WIDTH="57" />
<SP HEIGHT="46" HPOS="1641" VPOS="578" WIDTH="28" />
<String CONTENT="the" HEIGHT="51" HPOS="1670" VPOS="573" WIDTH="94" />
<SP HEIGHT="49" HPOS="1765" VPOS="590" WIDTH="31" />
<String CONTENT="great" HEIGHT="63" HPOS="1797" VPOS="576" WIDTH="161" />
<SP HEIGHT="62" HPOS="1959" VPOS="576" WIDTH="29" />
<String CONTENT="pyramid," HEIGHT="139" HPOS="165" VPOS="588" WIDTH="1968" />
</TextLine>
<TextLine CS="1" HEIGHT="76" HPOS="350" STYLEREFS="StyleId-258C58AC-4770-458E-9E5C-45E019760D06-" VPOS="651" WIDTH="1805">
<String CONTENT="by" HEIGHT="67" HPOS="350" VPOS="660" WIDTH="73" />
<SP HEIGHT="67" HPOS="424" VPOS="660" WIDTH="50" />
<String CONTENT="Worth" HEIGHT="53" HPOS="475" VPOS="659" WIDTH="208" />
<SP HEIGHT="54" HPOS="684" VPOS="658" WIDTH="51" />
<String CONTENT="Smith" HEIGHT="55" HPOS="736" VPOS="657" WIDTH="188" />
<SP HEIGHT="51" HPOS="925" VPOS="657" WIDTH="61" />
<String CONTENT="&#8230;" CS="1" />
<SP HEIGHT="52" HPOS="1042" VPOS="655" WIDTH="78" />
<String CONTENT="London," HEIGHT="64" HPOS="1121" VPOS="653" WIDTH="257" />
<SP HEIGHT="64" HPOS="1379" VPOS="653" WIDTH="50" />
<String CONTENT="L." HEIGHT="50" HPOS="1430" VPOS="653" WIDTH="63" />
<SP HEIGHT="51" HPOS="1494" VPOS="652" WIDTH="52" />
<String CONTENT="N." HEIGHT="51" HPOS="1547" VPOS="652" WIDTH="69" />
<SP HEIGHT="50" HPOS="1617" VPOS="652" WIDTH="55" />
<String CONTENT="Fowler" HEIGHT="52" HPOS="1673" VPOS="651" WIDTH="223" />
<SP HEIGHT="49" HPOS="1897" VPOS="653" WIDTH="52" />
<String CONTENT="&amp;" CS="1" />
<SP HEIGHT="33" HPOS="1994" VPOS="668" WIDTH="53" />
<String CONTENT="co.;" HEIGHT="47" HPOS="2048" VPOS="667" WIDTH="107" />
</TextLine>
<TextLine CS="1" HEIGHT="76" HPOS="167" STYLEREFS="StyleId-258C58AC-4770-458E-9E5C-45E019760D06-" VPOS="729" WIDTH="1526">
<String CONTENT="Holyoke," HEIGHT="68" HPOS="167" VPOS="737" WIDTH="275" />
<SP HEIGHT="66" HPOS="443" VPOS="737" WIDTH="29" />
<String CONTENT="Mass.," HEIGHT="63" HPOS="473" VPOS="737" WIDTH="189" />
<SP HEIGHT="62" HPOS="663" VPOS="738" WIDTH="31" />
<String CONTENT="The" HEIGHT="52" HPOS="695" VPOS="736" WIDTH="118" />
<SP HEIGHT="51" HPOS="814" VPOS="736" WIDTH="32" />
<String CONTENT="Elizabeth" HEIGHT="54" HPOS="847" VPOS="733" WIDTH="298" />
<SP HEIGHT="51" HPOS="1146" VPOS="733" WIDTH="31" />
<String CONTENT="Towne" HEIGHT="51" HPOS="1178" VPOS="733" WIDTH="208" />
<SP HEIGHT="34" HPOS="1387" VPOS="747" WIDTH="30" />
<String CONTENT="co.," HEIGHT="48" HPOS="1418" VPOS="747" WIDTH="97" />
<SP HEIGHT="66" HPOS="1516" VPOS="729" WIDTH="32" />
<String CONTENT="inc." HEIGHT="52" HPOS="1549" VPOS="729" WIDTH="104" />
<SP HEIGHT="59" HPOS="1654" VPOS="735" WIDTH="39" />
<String CONTENT="[c1934]" CS="1" />
</TextLine>
<TextLine CS="1" HEIGHT="54" HPOS="263" VPOS="801" WIDTH="1418">
<String CONTENT="3" CS="1" />
<SP HEIGHT="42" HPOS="263" VPOS="813" WIDTH="25" />
<String CONTENT="p." HEIGHT="36" HPOS="289" VPOS="819" WIDTH="41" />
<SP HEIGHT="39" HPOS="331" VPOS="812" WIDTH="27" />
<String CONTENT="l.," CS="1" />
<SP HEIGHT="37" HPOS="401" VPOS="811" WIDTH="28" />
<String CONTENT="17-160" CS="1" HEIGHT="41" HPOS="460" VPOS="807" WIDTH="142" />
<SP HEIGHT="46" HPOS="603" VPOS="809" WIDTH="24" />
<String CONTENT="p." HEIGHT="35" HPOS="628" VPOS="820" WIDTH="40" />
<SP HEIGHT="40" HPOS="669" VPOS="808" WIDTH="64" />
<String CONTENT="front.," HEIGHT="40" HPOS="734" VPOS="808" WIDTH="158" />
<SP HEIGHT="36" HPOS="893" VPOS="818" WIDTH="32" />
<String CONTENT="plates." CS="1" />
<SP HEIGHT="37" HPOS="1092" VPOS="814" WIDTH="28" />
<String CONTENT="maps," HEIGHT="37" HPOS="1121" VPOS="813" WIDTH="147" />
<SP HEIGHT="46" HPOS="1269" VPOS="803" WIDTH="26" />
<String CONTENT="diagrs." HEIGHT="46" HPOS="1296" VPOS="803" WIDTH="178" />
<SP HEIGHT="40" HPOS="1475" VPOS="802" WIDTH="61" />
<String CONTENT="18&#189;cm." CS="1" HEIGHT="40" HPOS="1537" VPOS="801" WIDTH="144" />
</TextLine>
<TextLine CS="1" HEIGHT="41" HPOS="267" VPOS="865" WIDTH="546">
<String CONTENT="&quot;Printed" CS="1" HEIGHT="40" HPOS="267" VPOS="866" WIDTH="200" />
<SP HEIGHT="39" HPOS="468" VPOS="867" WIDTH="24" />
<String CONTENT="in" HEIGHT="38" HPOS="493" VPOS="867" WIDTH="51" />
<SP HEIGHT="40" HPOS="545" VPOS="866" WIDTH="28" />
<String CONTENT="U." HEIGHT="40" HPOS="574" VPOS="866" WIDTH="54" />
<SP HEIGHT="39" HPOS="629" VPOS="866" WIDTH="29" />
<String CONTENT="S." HEIGHT="39" HPOS="659" VPOS="866" WIDTH="42" />
<SP HEIGHT="38" HPOS="702" VPOS="866" WIDTH="29" />
<String CONTENT="A.&quot;" HEIGHT="39" HPOS="732" VPOS="865" WIDTH="81" />
</TextLine>
<TextLine CS="1" HEIGHT="59" HPOS="168" VPOS="914" WIDTH="1993">
<String CONTENT="&#169;" HEIGHT="51" HPOS="168" VPOS="922" WIDTH="50" />
<SP HEIGHT="51" HPOS="219" VPOS="922" WIDTH="26" />
<String CONTENT="Oct." HEIGHT="40" HPOS="246" VPOS="925" WIDTH="99" />
<SP HEIGHT="40" HPOS="346" VPOS="924" WIDTH="27" />
<String CONTENT="8," HEIGHT="44" HPOS="374" VPOS="924" WIDTH="38" />
<SP HEIGHT="44" HPOS="413" VPOS="924" WIDTH="25" />
<String CONTENT="1934;" HEIGHT="42" HPOS="439" VPOS="923" WIDTH="140" />
<SP HEIGHT="42" HPOS="580" VPOS="923" WIDTH="27" />
<String CONTENT="2c." HEIGHT="40" HPOS="608" VPOS="923" WIDTH="66" />
<SP HEIGHT="40" HPOS="675" VPOS="923" WIDTH="26" />
<String CONTENT="Oct." HEIGHT="40" HPOS="702" VPOS="923" WIDTH="100" />
<SP HEIGHT="36" HPOS="803" VPOS="924" WIDTH="27" />
<String CONTENT="31;" HEIGHT="39" HPOS="831" VPOS="924" WIDTH="79" />
<SP HEIGHT="30" HPOS="911" VPOS="933" WIDTH="29" />
<String CONTENT="aff." CS="1" />
<SP HEIGHT="40" HPOS="1023" VPOS="920" WIDTH="27" />
<String CONTENT="Oct." HEIGHT="40" HPOS="1051" VPOS="920" WIDTH="101" />
<SP HEIGHT="40" HPOS="1153" VPOS="920" WIDTH="26" />
<String CONTENT="30:" HEIGHT="37" HPOS="1180" VPOS="920" WIDTH="80" />
<SP HEIGHT="38" HPOS="1261" VPOS="919" WIDTH="30" />
<String CONTENT="A" HEIGHT="37" HPOS="1292" VPOS="919" WIDTH="38" />
<SP HEIGHT="37" HPOS="1331" VPOS="919" WIDTH="27" />
<String CONTENT="75706;" HEIGHT="41" HPOS="1359" VPOS="916" WIDTH="167" />
<SP HEIGHT="40" HPOS="1527" VPOS="917" WIDTH="30" />
<String CONTENT="W." HEIGHT="40" HPOS="1558" VPOS="917" WIDTH="70" />
<SP HEIGHT="41" HPOS="1629" VPOS="916" WIDTH="28" />
<String CONTENT="Smith." HEIGHT="41" HPOS="1658" VPOS="916" WIDTH="169" />
<SP HEIGHT="42" HPOS="1828" VPOS="915" WIDTH="29" />
<String CONTENT="Owensville," HEIGHT="47" HPOS="1858" VPOS="914" WIDTH="303" />
</TextLine>
<TextLine HEIGHT="49" HPOS="237" VPOS="979" WIDTH="452">
<String CONTENT="Ind." HEIGHT="38" HPOS="237" VPOS="983" WIDTH="100" />
<SP HEIGHT="43" HPOS="338" VPOS="985" WIDTH="71" />
<String CONTENT="(34-35288)" HEIGHT="49" HPOS="410" VPOS="979" WIDTH="279" />
</TextLine>
</TextBlock>
<TextBlock CS="1" HEIGHT="2959" HPOS="154" ID="Page1399_Block3" LANG="en-US" STYLEREFS="StyleId-C6F940CA-F6C2-4CD6-87CC-42A85D6368BF-" VPOS="1050" WIDTH="2071">
<TextLine CS="1" HEIGHT="64" HPOS="161" STYLEREFS="StyleId-090EE755-EF34-44AD-BD01-73C1325412D3-" VPOS="1056" WIDTH="856">
<String CONTENT="Spahr," HEIGHT="64" HPOS="161" VPOS="1056" WIDTH="210" />
<SP HEIGHT="63" HPOS="372" VPOS="1057" WIDTH="33" />
<String CONTENT="Walver" CS="1" HEIGHT="53" HPOS="406" VPOS="1057" WIDTH="220" />
<SP HEIGHT="51" HPOS="627" VPOS="1057" WIDTH="32" />
<String CONTENT="Earl," HEIGHT="63" HPOS="660" VPOS="1056" WIDTH="154" />
<SP HEIGHT="59" HPOS="815" VPOS="1060" WIDTH="32" />
<String CONTENT="1891-" HEIGHT="51" HPOS="848" VPOS="1057" WIDTH="169" />
</TextLine>
<TextLine HEIGHT="71" HPOS="238" STYLEREFS="StyleId-9C05C448-203A-444C-83CF-D4055EC21211-" VPOS="1124" WIDTH="1930">
<String CONTENT="Orthodox" HEIGHT="55" HPOS="238" VPOS="1132" WIDTH="301" />
<SP HEIGHT="34" HPOS="540" VPOS="1150" WIDTH="35" />
<String CONTENT="economics" HEIGHT="52" HPOS="576" VPOS="1132" WIDTH="310" />
<SP HEIGHT="35" HPOS="887" VPOS="1149" WIDTH="36" />
<String CONTENT="and" HEIGHT="53" HPOS="924" VPOS="1130" WIDTH="113" />
<SP HEIGHT="52" HPOS="1038" VPOS="1130" WIDTH="35" />
<String CONTENT="the" HEIGHT="52" HPOS="1074" VPOS="1129" WIDTH="94" />
<SP HEIGHT="33" HPOS="1169" VPOS="1147" WIDTH="35" />
<String CONTENT="recovery" HEIGHT="50" HPOS="1205" VPOS="1145" WIDTH="266" />
<SP HEIGHT="50" HPOS="1472" VPOS="1145" WIDTH="34" />
<String CONTENT="program," HEIGHT="51" HPOS="1507" VPOS="1143" WIDTH="291" />
<SP HEIGHT="67" HPOS="1799" VPOS="1126" WIDTH="34" />
<String CONTENT="by" HEIGHT="69" HPOS="1834" VPOS="1126" WIDTH="75" />
<SP HEIGHT="70" HPOS="1910" VPOS="1125" WIDTH="35" />
<String CONTENT="Walter" HEIGHT="55" HPOS="1946" VPOS="1124" WIDTH="222" />
</TextLine>
<TextLine CS="1" HEIGHT="78" HPOS="168" STYLEREFS="StyleId-9C05C448-203A-444C-83CF-D4055EC21211-" VPOS="1201" WIDTH="1998">
<String CONTENT="E." HEIGHT="52" HPOS="168" VPOS="1211" WIDTH="65" />
<SP HEIGHT="56" HPOS="234" VPOS="1209" WIDTH="45" />
<String CONTENT="Spahr" HEIGHT="70" HPOS="280" VPOS="1209" WIDTH="191" />
<SP HEIGHT="32" HPOS="472" VPOS="1229" WIDTH="49" />
<String CONTENT="&#8230;" CS="1" />
<SP HEIGHT="53" HPOS="579" VPOS="1208" WIDTH="84" />
<String CONTENT="New" HEIGHT="53" HPOS="664" VPOS="1208" WIDTH="137" />
<SP HEIGHT="53" HPOS="802" VPOS="1208" WIDTH="45" />
<String CONTENT="York," HEIGHT="68" HPOS="848" VPOS="1207" WIDTH="179" />
<SP HEIGHT="68" HPOS="1028" VPOS="1207" WIDTH="49" />
<String CONTENT="Farrar" HEIGHT="52" HPOS="1078" VPOS="1207" WIDTH="210" />
<SP HEIGHT="52" HPOS="1289" VPOS="1205" WIDTH="41" />
<String CONTENT="&amp;" HEIGHT="50" HPOS="1331" VPOS="1205" WIDTH="45" />
<SP HEIGHT="51" HPOS="1377" VPOS="1205" WIDTH="41" />
<String CONTENT="Rinehart," HEIGHT="68" HPOS="1419" VPOS="1204" WIDTH="301" />
<SP HEIGHT="68" HPOS="1721" VPOS="1204" WIDTH="43" />
<String CONTENT="incorporated" HEIGHT="70" HPOS="1765" VPOS="1201" WIDTH="401" />
</TextLine>
<TextLine CS="1" HEIGHT="64" HPOS="189" STYLEREFS="StyleId-9C05C448-203A-444C-83CF-D4055EC21211-" VPOS="1291" WIDTH="174">
<String CONTENT="[" CS="1" />
<String CONTENT="c" HEIGHT="22" HPOS="189" STYLE="superscript" VPOS="1294" WIDTH="18" />
<String CONTENT="1934]" HEIGHT="64" HPOS="212" VPOS="1291" WIDTH="151" />
</TextLine>
<TextLine CS="1" HEIGHT="55" HPOS="236" VPOS="1353" WIDTH="1932">
<String CONTENT="2" HEIGHT="39" HPOS="236" VPOS="1360" WIDTH="26" />
<SP HEIGHT="48" HPOS="263" VPOS="1360" WIDTH="31" />
<String CONTENT="p." HEIGHT="37" HPOS="295" VPOS="1371" WIDTH="42" />
<SP HEIGHT="40" HPOS="338" VPOS="1361" WIDTH="38" />
<String CONTENT="l.," CS="1" HEIGHT="14" HPOS="396" VPOS="1392" WIDTH="21" />
<SP HEIGHT="46" HPOS="418" VPOS="1360" WIDTH="37" />
<String CONTENT="26" HEIGHT="40" HPOS="456" VPOS="1360" WIDTH="54" />
<SP HEIGHT="47" HPOS="511" VPOS="1360" WIDTH="34" />
<String CONTENT="p." HEIGHT="38" HPOS="546" VPOS="1369" WIDTH="42" />
<SP HEIGHT="37" HPOS="589" VPOS="1361" WIDTH="63" />
<String CONTENT="19" HEIGHT="40" HPOS="653" VPOS="1359" WIDTH="55" />
<String CONTENT="cm" HEIGHT="23" HPOS="712" STYLE="superscript" VPOS="1360" WIDTH="45" />
<String CONTENT="." HEIGHT="7" HPOS="761" VPOS="1391" WIDTH="5" />
<SP HEIGHT="47" HPOS="767" VPOS="1360" WIDTH="73" />
<String CONTENT="(On" HEIGHT="47" HPOS="841" VPOS="1360" WIDTH="95" />
<SP HEIGHT="30" HPOS="937" VPOS="1369" WIDTH="35" />
<String CONTENT="cover:" HEIGHT="31" HPOS="973" VPOS="1367" WIDTH="163" />
<SP HEIGHT="40" HPOS="1137" VPOS="1357" WIDTH="34" />
<String CONTENT="The" HEIGHT="38" HPOS="1172" VPOS="1357" WIDTH="99" />
<SP HEIGHT="39" HPOS="1272" VPOS="1356" WIDTH="34" />
<String CONTENT="Farrar" HEIGHT="39" HPOS="1307" VPOS="1356" WIDTH="185" />
<SP HEIGHT="39" HPOS="1493" VPOS="1356" WIDTH="37" />
<String CONTENT="&amp;" HEIGHT="39" HPOS="1531" VPOS="1356" WIDTH="36" />
<SP HEIGHT="40" HPOS="1568" VPOS="1355" WIDTH="33" />
<String CONTENT="Rinehart" HEIGHT="40" HPOS="1602" VPOS="1355" WIDTH="241" />
<SP HEIGHT="44" HPOS="1844" VPOS="1357" WIDTH="36" />
<String CONTENT="pamphlets," HEIGHT="48" HPOS="1881" VPOS="1353" WIDTH="287" />
</TextLine>
<TextLine HEIGHT="49" HPOS="167" VPOS="1417" WIDTH="155">
<String CONTENT="no." HEIGHT="31" HPOS="167" VPOS="1427" WIDTH="73" />
<SP HEIGHT="41" HPOS="241" VPOS="1417" WIDTH="29" />
<String CONTENT="4)" HEIGHT="49" HPOS="271" VPOS="1417" WIDTH="51" />
</TextLine>
<TextLine CS="1" HEIGHT="53" HPOS="174" VPOS="1471" WIDTH="1994">
<String CONTENT="&#169;" HEIGHT="51" HPOS="174" VPOS="1473" WIDTH="51" />
<SP HEIGHT="51" HPOS="226" VPOS="1473" WIDTH="39" />
<String CONTENT="Sept." HEIGHT="47" HPOS="266" VPOS="1477" WIDTH="124" />
<SP HEIGHT="37" HPOS="391" VPOS="1476" WIDTH="37" />
<String CONTENT="27." HEIGHT="39" HPOS="429" VPOS="1476" WIDTH="66" />
<SP HEIGHT="38" HPOS="496" VPOS="1477" WIDTH="36" />
<String CONTENT="1934;" CS="1" />
<SP HEIGHT="40" HPOS="673" VPOS="1475" WIDTH="37" />
<String CONTENT="2c." HEIGHT="41" HPOS="711" VPOS="1475" WIDTH="66" />
<SP HEIGHT="41" HPOS="778" VPOS="1475" WIDTH="37" />
<String CONTENT="Sept." HEIGHT="47" HPOS="816" VPOS="1475" WIDTH="128" />
<SP HEIGHT="38" HPOS="945" VPOS="1475" WIDTH="34" />
<String CONTENT="29;" HEIGHT="39" HPOS="980" VPOS="1475" WIDTH="81" />
<SP HEIGHT="29" HPOS="1062" VPOS="1485" WIDTH="39" />
<String CONTENT="aff." CS="1" />
<SP HEIGHT="38" HPOS="1181" VPOS="1474" WIDTH="42" />
<String CONTENT="Sept." HEIGHT="45" HPOS="1224" VPOS="1474" WIDTH="125" />
<SP HEIGHT="38" HPOS="1350" VPOS="1471" WIDTH="38" />
<String CONTENT="28;" CS="1" HEIGHT="40" HPOS="1389" VPOS="1471" WIDTH="54" />
<SP HEIGHT="39" HPOS="1470" VPOS="1473" WIDTH="39" />
<String CONTENT="A" HEIGHT="37" HPOS="1510" VPOS="1473" WIDTH="40" />
<SP HEIGHT="39" HPOS="1551" VPOS="1473" WIDTH="44" />
<String CONTENT="76223:" CS="1" HEIGHT="40" HPOS="1644" VPOS="1471" WIDTH="85" />
<SP HEIGHT="40" HPOS="1757" VPOS="1472" WIDTH="37" />
<String CONTENT="W." HEIGHT="40" HPOS="1795" VPOS="1472" WIDTH="73" />
<SP HEIGHT="39" HPOS="1869" VPOS="1473" WIDTH="36" />
<String CONTENT="E." HEIGHT="37" HPOS="1906" VPOS="1473" WIDTH="51" />
<SP HEIGHT="37" HPOS="1958" VPOS="1473" WIDTH="40" />
<String CONTENT="Spahr." HEIGHT="48" HPOS="1999" VPOS="1471" WIDTH="169" />
</TextLine>
<TextLine CS="1" HEIGHT="49" HPOS="242" VPOS="1529" WIDTH="947">
<String CONTENT="Bellerose," HEIGHT="43" HPOS="242" VPOS="1535" WIDTH="256" />
<SP HEIGHT="45" HPOS="499" VPOS="1533" WIDTH="33" />
<String CONTENT="L." HEIGHT="40" HPOS="533" LANG="fr" VPOS="1533" WIDTH="49" />
<SP HEIGHT="39" HPOS="583" VPOS="1534" WIDTH="34" />
<String CONTENT="I.," HEIGHT="39" HPOS="618" VPOS="1534" WIDTH="49" />
<SP HEIGHT="39" HPOS="668" VPOS="1533" WIDTH="31" />
<String CONTENT="N" CS="1" />
<String CONTENT="." HEIGHT="7" HPOS="749" LANG="fr" VPOS="1566" WIDTH="7" />
<SP HEIGHT="41" HPOS="757" VPOS="1532" WIDTH="30" />
<String CONTENT="Y." HEIGHT="39" HPOS="788" VPOS="1532" WIDTH="52" />
<SP HEIGHT="43" HPOS="841" VPOS="1531" WIDTH="70" />
<String CONTENT="(34-35107)" HEIGHT="45" HPOS="912" VPOS="1529" WIDTH="277" />
</TextLine>
<TextLine CS="1" HEIGHT="67" HPOS="194" STYLEREFS="StyleId-9C05C448-203A-444C-83CF-D4055EC21211-" VPOS="1604" WIDTH="1569">
<String CONTENT="[Thomas," CS="1" HEIGHT="66" HPOS="194" VPOS="1605" WIDTH="275" />
<SP HEIGHT="63" HPOS="470" VPOS="1608" WIDTH="35" />
<String CONTENT="Mrs." HEIGHT="55" HPOS="506" VPOS="1608" WIDTH="139" />
<SP HEIGHT="55" HPOS="646" VPOS="1608" WIDTH="36" />
<String CONTENT="Lida" HEIGHT="55" HPOS="683" VPOS="1605" WIDTH="146" />
<SP HEIGHT="54" HPOS="830" VPOS="1606" WIDTH="34" />
<String CONTENT="Larrimore" HEIGHT="54" HPOS="865" VPOS="1604" WIDTH="336" />
<SP HEIGHT="60" HPOS="1202" VPOS="1608" WIDTH="29" />
<String CONTENT="(Turner)]" HEIGHT="66" HPOS="1232" VPOS="1605" WIDTH="315" />
<SP HEIGHT="61" HPOS="1548" VPOS="1610" WIDTH="44" />
<String CONTENT="1897-" HEIGHT="48" HPOS="1593" VPOS="1608" WIDTH="170" />
</TextLine>
<TextLine CS="1" HEIGHT="73" HPOS="243" STYLEREFS="StyleId-9C05C448-203A-444C-83CF-D4055EC21211-" VPOS="1679" WIDTH="1931">
<String CONTENT="True" HEIGHT="52" HPOS="243" VPOS="1684" WIDTH="150" />
<SP HEIGHT="52" HPOS="394" VPOS="1684" WIDTH="24" />
<String CONTENT="by" HEIGHT="68" HPOS="419" VPOS="1684" WIDTH="75" />
<SP HEIGHT="63" HPOS="495" VPOS="1689" WIDTH="22" />
<String CONTENT="the" HEIGHT="53" HPOS="518" VPOS="1683" WIDTH="94" />
<SP HEIGHT="34" HPOS="613" VPOS="1702" WIDTH="23" />
<String CONTENT="sun" HEIGHT="35" HPOS="637" VPOS="1701" WIDTH="105" />
<SP />
<String CONTENT="[by]" CS="1" HEIGHT="35" HPOS="871" VPOS="1715" WIDTH="13" />
<SP HEIGHT="67" HPOS="885" VPOS="1683" WIDTH="28" />
<String CONTENT="Lida" HEIGHT="53" HPOS="914" VPOS="1682" WIDTH="147" />
<SP HEIGHT="54" HPOS="1062" VPOS="1681" WIDTH="24" />
<String CONTENT="Larrimore" HEIGHT="53" HPOS="1087" VPOS="1681" WIDTH="327" />
<SP HEIGHT="47" HPOS="1415" VPOS="1701" WIDTH="31" />
<String CONTENT="[pseud.]" CS="1" HEIGHT="69" HPOS="1463" VPOS="1680" WIDTH="195" />
<SP HEIGHT="66" HPOS="1680" VPOS="1681" WIDTH="67" />
<String CONTENT="Philadelphia." HEIGHT="69" HPOS="1748" VPOS="1679" WIDTH="426" />
</TextLine>
<TextLine HEIGHT="69" HPOS="177" STYLEREFS="StyleId-9C05C448-203A-444C-83CF-D4055EC21211-" VPOS="1760" WIDTH="963">
<String CONTENT="Macrae-Smith" HEIGHT="56" HPOS="177" VPOS="1760" WIDTH="443" />
<SP HEIGHT="53" HPOS="621" VPOS="1761" WIDTH="33" />
<String CONTENT="company," HEIGHT="50" HPOS="655" VPOS="1779" WIDTH="299" />
<SP HEIGHT="64" HPOS="955" VPOS="1764" WIDTH="34" />
<String CONTENT="1934." HEIGHT="51" HPOS="990" VPOS="1762" WIDTH="150" />
</TextLine>
<TextLine HEIGHT="50" HPOS="251" VPOS="1833" WIDTH="335">
<String CONTENT="312" HEIGHT="41" HPOS="251" VPOS="1834" WIDTH="84" />
<SP HEIGHT="49" HPOS="336" VPOS="1834" WIDTH="31" />
<String CONTENT="p." HEIGHT="39" HPOS="368" VPOS="1844" WIDTH="42" />
<SP HEIGHT="38" HPOS="411" VPOS="1834" WIDTH="59" />
<String CONTENT="20" HEIGHT="40" HPOS="471" VPOS="1833" WIDTH="56" />
<String CONTENT="cm" HEIGHT="20" HPOS="531" STYLE="superscript" VPOS="1837" WIDTH="42" />
<String CONTENT="." HEIGHT="7" HPOS="579" VPOS="1866" WIDTH="7" />
</TextLine>
<TextLine HEIGHT="40" HPOS="249" VPOS="1893" WIDTH="421">
<String CONTENT="&#8220;First" HEIGHT="40" HPOS="249" VPOS="1893" WIDTH="159" />
<SP HEIGHT="37" HPOS="409" VPOS="1896" WIDTH="31" />
<String CONTENT="edition.&quot;" HEIGHT="39" HPOS="441" VPOS="1893" WIDTH="229" />
</TextLine>
<TextLine CS="1" HEIGHT="52" HPOS="181" VPOS="1946" WIDTH="1885">
<String CONTENT="&#169;" HEIGHT="51" HPOS="181" VPOS="1947" WIDTH="50" />
<SP HEIGHT="51" HPOS="232" VPOS="1947" WIDTH="28" />
<String CONTENT="Oct." HEIGHT="39" HPOS="261" VPOS="1951" WIDTH="101" />
<SP HEIGHT="38" HPOS="363" VPOS="1952" WIDTH="27" />
<String CONTENT="8." HEIGHT="39" HPOS="391" VPOS="1952" WIDTH="37" />
<SP HEIGHT="40" HPOS="429" VPOS="1951" WIDTH="28" />
<String CONTENT="1934;" HEIGHT="40" HPOS="458" VPOS="1950" WIDTH="141" />
<SP HEIGHT="41" HPOS="600" VPOS="1949" WIDTH="28" />
<String CONTENT="2c." HEIGHT="40" HPOS="629" VPOS="1949" WIDTH="67" />
<SP HEIGHT="39" HPOS="697" VPOS="1950" WIDTH="28" />
<String CONTENT="Oct." HEIGHT="39" HPOS="726" VPOS="1950" WIDTH="99" />
<SP HEIGHT="37" HPOS="826" VPOS="1950" WIDTH="29" />
<String CONTENT="29:" HEIGHT="39" HPOS="856" VPOS="1949" WIDTH="81" />
<SP HEIGHT="27" HPOS="938" VPOS="1961" WIDTH="30" />
<String CONTENT="aff." CS="1" />
<SP HEIGHT="39" HPOS="1050" VPOS="1949" WIDTH="30" />
<String CONTENT="Oct." HEIGHT="39" HPOS="1081" VPOS="1949" WIDTH="101" />
<SP HEIGHT="37" HPOS="1183" VPOS="1950" WIDTH="28" />
<String CONTENT="27:" HEIGHT="37" HPOS="1212" VPOS="1950" WIDTH="81" />
<SP HEIGHT="38" HPOS="1294" VPOS="1949" WIDTH="31" />
<String CONTENT="A" HEIGHT="37" HPOS="1326" VPOS="1949" WIDTH="39" />
<SP HEIGHT="38" HPOS="1366" VPOS="1949" WIDTH="27" />
<String CONTENT="75982;" HEIGHT="41" HPOS="1394" VPOS="1947" WIDTH="168" />
<SP HEIGHT="39" HPOS="1563" VPOS="1949" WIDTH="31" />
<String CONTENT="Macrae-Smith" HEIGHT="41" HPOS="1595" VPOS="1946" WIDTH="376" />
<SP HEIGHT="37" HPOS="1972" VPOS="1950" WIDTH="28" />
<String CONTENT="co." HEIGHT="28" HPOS="2001" VPOS="1959" WIDTH="65" />
</TextLine>
<TextLine HEIGHT="47" HPOS="257" VPOS="2007" WIDTH="279">
<String CONTENT="(34-35474)" HEIGHT="47" HPOS="257" VPOS="2007" WIDTH="279" />
</TextLine>
<TextLine HEIGHT="67" HPOS="175" STYLEREFS="StyleId-090EE755-EF34-44AD-BD01-73C1325412D3-" VPOS="2080" WIDTH="1015">
<String CONTENT="Thompson," HEIGHT="67" HPOS="175" VPOS="2080" WIDTH="354" />
<SP HEIGHT="64" HPOS="530" VPOS="2083" WIDTH="31" />
<String CONTENT="Clyde" HEIGHT="64" HPOS="562" VPOS="2081" WIDTH="180" />
<SP HEIGHT="54" HPOS="743" VPOS="2081" WIDTH="29" />
<String CONTENT="Ordell," HEIGHT="64" HPOS="773" VPOS="2081" WIDTH="214" />
<SP HEIGHT="60" HPOS="988" VPOS="2085" WIDTH="32" />
<String CONTENT="1874-" HEIGHT="53" HPOS="1021" VPOS="2081" WIDTH="169" />
</TextLine>
<TextLine CS="1" HEIGHT="70" HPOS="246" STYLEREFS="StyleId-9C05C448-203A-444C-83CF-D4055EC21211-" VPOS="2158" WIDTH="1874">
<String CONTENT="Thompson&#8217;s" HEIGHT="68" HPOS="246" VPOS="2160" WIDTH="376" />
<SP HEIGHT="53" HPOS="623" VPOS="2160" WIDTH="32" />
<String CONTENT="business" HEIGHT="53" HPOS="656" VPOS="2160" WIDTH="254" />
<SP HEIGHT="35" HPOS="911" VPOS="2178" WIDTH="34" />
<String CONTENT="arithmetic," HEIGHT="68" HPOS="946" VPOS="2159" WIDTH="341" />
<SP HEIGHT="68" HPOS="1288" VPOS="2159" WIDTH="32" />
<String CONTENT="by" HEIGHT="67" HPOS="1321" VPOS="2159" WIDTH="73" />
<SP HEIGHT="68" HPOS="1395" VPOS="2158" WIDTH="35" />
<String CONTENT="Clyde" HEIGHT="68" HPOS="1431" VPOS="2158" WIDTH="180" />
<SP HEIGHT="54" HPOS="1612" VPOS="2158" WIDTH="35" />
<String CONTENT="O." HEIGHT="54" HPOS="1648" VPOS="2158" WIDTH="67" />
<SP HEIGHT="50" HPOS="1716" VPOS="2160" WIDTH="33" />
<String CONTENT="Thompson" HEIGHT="66" HPOS="1750" VPOS="2160" WIDTH="329" />
<SP HEIGHT="32" HPOS="2080" VPOS="2178" WIDTH="40" />
<String CONTENT="&#8230;" CS="1" />
</TextLine>
<TextLine HEIGHT="68" HPOS="179" STYLEREFS="StyleId-9C05C448-203A-444C-83CF-D4055EC21211-" VPOS="2237" WIDTH="1166">
<String CONTENT="New" HEIGHT="52" HPOS="179" VPOS="2239" WIDTH="135" />
<SP HEIGHT="52" HPOS="315" VPOS="2239" WIDTH="28" />
<String CONTENT="York," HEIGHT="67" HPOS="344" VPOS="2238" WIDTH="181" />
<SP HEIGHT="65" HPOS="526" VPOS="2240" WIDTH="27" />
<String CONTENT="Prentice-Hall," HEIGHT="67" HPOS="554" VPOS="2238" WIDTH="454" />
<SP HEIGHT="68" HPOS="1009" VPOS="2237" WIDTH="27" />
<String CONTENT="inc.," HEIGHT="68" HPOS="1037" VPOS="2237" WIDTH="127" />
<SP HEIGHT="63" HPOS="1165" VPOS="2242" WIDTH="28" />
<String CONTENT="1934." HEIGHT="49" HPOS="1194" VPOS="2241" WIDTH="151" />
</TextLine>
<TextLine CS="1" HEIGHT="50" HPOS="251" VPOS="2311" WIDTH="1346">
<String CONTENT="x" HEIGHT="27" HPOS="251" VPOS="2325" WIDTH="31" />
<SP HEIGHT="37" HPOS="283" VPOS="2324" WIDTH="24" />
<String CONTENT="p.," HEIGHT="37" HPOS="308" LANG="fr" VPOS="2324" WIDTH="57" />
<SP HEIGHT="47" HPOS="366" VPOS="2313" WIDTH="26" />
<String CONTENT="1" HEIGHT="38" HPOS="393" VPOS="2313" WIDTH="23" />
<SP HEIGHT="38" HPOS="417" VPOS="2313" WIDTH="27" />
<String CONTENT="l.," CS="1" />
<SP HEIGHT="46" HPOS="489" VPOS="2313" WIDTH="25" />
<String CONTENT="283" HEIGHT="40" HPOS="515" VPOS="2313" WIDTH="85" />
<SP HEIGHT="46" HPOS="601" VPOS="2313" WIDTH="25" />
<String CONTENT="p." HEIGHT="37" HPOS="627" VPOS="2322" WIDTH="40" />
<SP />
<String CONTENT="incl." CS="1" />
<SP />
<String CONTENT="illus.," HEIGHT="45" HPOS="835" VPOS="2312" WIDTH="143" />
<SP HEIGHT="44" HPOS="979" VPOS="2313" WIDTH="25" />
<String CONTENT="diagrs.," HEIGHT="47" HPOS="1005" VPOS="2312" WIDTH="193" />
<SP HEIGHT="46" HPOS="1199" VPOS="2311" WIDTH="25" />
<String CONTENT="forms." HEIGHT="41" HPOS="1225" VPOS="2311" WIDTH="170" />
<SP HEIGHT="40" HPOS="1396" VPOS="2311" WIDTH="54" />
<String CONTENT="22&#189;" CS="1" HEIGHT="39" HPOS="1451" VPOS="2311" WIDTH="54" />
<String CONTENT="cm" HEIGHT="22" HPOS="1538" STYLE="superscript" VPOS="2313" WIDTH="44" />
<String CONTENT="." HEIGHT="8" HPOS="1589" VPOS="2344" WIDTH="8" />
</TextLine>
<TextLine CS="1" HEIGHT="47" HPOS="253" VPOS="2369" WIDTH="960">
<String CONTENT="On" HEIGHT="41" HPOS="253" VPOS="2370" WIDTH="72" />
<SP HEIGHT="29" HPOS="326" VPOS="2381" WIDTH="27" />
<String CONTENT="cover:" CS="1" HEIGHT="30" HPOS="354" VPOS="2380" WIDTH="139" />
<SP HEIGHT="38" HPOS="522" VPOS="2370" WIDTH="32" />
<String CONTENT="Principles" HEIGHT="47" HPOS="555" VPOS="2369" WIDTH="269" />
<SP HEIGHT="30" HPOS="825" VPOS="2379" WIDTH="28" />
<String CONTENT="and" HEIGHT="39" HPOS="854" VPOS="2370" WIDTH="95" />
<SP HEIGHT="39" HPOS="950" VPOS="2370" WIDTH="30" />
<String CONTENT="methods." HEIGHT="39" HPOS="981" VPOS="2369" WIDTH="232" />
</TextLine>
<TextLine CS="1" HEIGHT="50" HPOS="254" VPOS="2424" WIDTH="1787">
<String CONTENT="&#8220;First" HEIGHT="39" HPOS="254" VPOS="2427" WIDTH="161" />
<SP HEIGHT="46" HPOS="416" VPOS="2428" WIDTH="26" />
<String CONTENT="printing" HEIGHT="48" HPOS="443" VPOS="2426" WIDTH="218" />
<SP HEIGHT="47" HPOS="662" VPOS="2426" WIDTH="30" />
<String CONTENT="September." HEIGHT="47" HPOS="693" VPOS="2426" WIDTH="292" />
<SP HEIGHT="38" HPOS="986" VPOS="2427" WIDTH="28" />
<String CONTENT="1929" HEIGHT="41" HPOS="1015" VPOS="2424" WIDTH="113" />
<SP HEIGHT="40" HPOS="1129" VPOS="2424" WIDTH="31" />
<String CONTENT="&#8230;" CS="1" />
<SP HEIGHT="40" HPOS="1206" VPOS="2426" WIDTH="63" />
<String CONTENT="Sixth" HEIGHT="41" HPOS="1270" VPOS="2425" WIDTH="141" />
<SP HEIGHT="47" HPOS="1412" VPOS="2427" WIDTH="29" />
<String CONTENT="printing." HEIGHT="48" HPOS="1442" VPOS="2426" WIDTH="231" />
<SP HEIGHT="41" HPOS="1674" VPOS="2426" WIDTH="28" />
<String CONTENT="April," HEIGHT="48" HPOS="1703" VPOS="2425" WIDTH="151" />
<SP HEIGHT="41" HPOS="1855" VPOS="2427" WIDTH="29" />
<String CONTENT="1934.&quot;" HEIGHT="41" HPOS="1885" VPOS="2424" WIDTH="156" />
</TextLine>
<TextLine CS="1" HEIGHT="53" HPOS="186" VPOS="2480" WIDTH="1768">
<String CONTENT="&#169;" HEIGHT="51" HPOS="186" VPOS="2480" WIDTH="50" />
<SP HEIGHT="51" HPOS="237" VPOS="2480" WIDTH="23" />
<String CONTENT="Aug." HEIGHT="49" HPOS="261" VPOS="2484" WIDTH="119" />
<SP HEIGHT="39" HPOS="381" VPOS="2484" WIDTH="22" />
<String CONTENT="31." HEIGHT="39" HPOS="404" VPOS="2484" WIDTH="69" />
<SP HEIGHT="38" HPOS="474" VPOS="2485" WIDTH="23" />
<String CONTENT="1934;" CS="1" />
<SP HEIGHT="39" HPOS="639" VPOS="2483" WIDTH="26" />
<String CONTENT="2c." HEIGHT="40" HPOS="666" VPOS="2483" WIDTH="64" />
<SP HEIGHT="27" HPOS="731" VPOS="2495" WIDTH="28" />
<String CONTENT="and" HEIGHT="37" HPOS="760" VPOS="2485" WIDTH="94" />
<SP HEIGHT="37" HPOS="855" VPOS="2485" WIDTH="24" />
<String CONTENT="aff." CS="1" />
<SP HEIGHT="40" HPOS="962" VPOS="2483" WIDTH="27" />
<String CONTENT="Oct." HEIGHT="41" HPOS="990" VPOS="2483" WIDTH="101" />
<SP HEIGHT="41" HPOS="1092" VPOS="2483" WIDTH="25" />
<String CONTENT="8:" HEIGHT="39" HPOS="1118" VPOS="2483" WIDTH="50" />
<SP HEIGHT="38" HPOS="1169" VPOS="2484" WIDTH="28" />
<String CONTENT="A" HEIGHT="37" HPOS="1198" VPOS="2484" WIDTH="38" />
<SP HEIGHT="38" HPOS="1237" VPOS="2484" WIDTH="25" />
<String CONTENT="76402;" HEIGHT="41" HPOS="1263" VPOS="2482" WIDTH="169" />
<SP HEIGHT="40" HPOS="1433" VPOS="2483" WIDTH="27" />
<String CONTENT="Prentice-Hall." HEIGHT="40" HPOS="1461" VPOS="2483" WIDTH="376" />
<SP HEIGHT="41" HPOS="1838" VPOS="2482" WIDTH="27" />
<String CONTENT="inc." HEIGHT="39" HPOS="1866" VPOS="2482" WIDTH="88" />
</TextLine>
<TextLine CS="1" HEIGHT="104" HPOS="255" VPOS="2485" WIDTH="1909">
<String CONTENT="[Copyright" HEIGHT="104" HPOS="255" VPOS="2485" WIDTH="1909" />
<SP HEIGHT="39" HPOS="385" VPOS="2541" WIDTH="27" />
<String CONTENT="is" HEIGHT="39" HPOS="413" VPOS="2541" WIDTH="40" />
<SP HEIGHT="28" HPOS="454" VPOS="2552" WIDTH="29" />
<String CONTENT="claimed" HEIGHT="39" HPOS="484" VPOS="2541" WIDTH="204" />
<SP HEIGHT="37" HPOS="689" VPOS="2542" WIDTH="29" />
<String CONTENT="on" HEIGHT="28" HPOS="719" VPOS="2551" WIDTH="60" />
<SP HEIGHT="28" HPOS="780" VPOS="2551" WIDTH="27" />
<String CONTENT="new" HEIGHT="28" HPOS="808" VPOS="2551" WIDTH="105" />
<SP HEIGHT="27" HPOS="914" VPOS="2551" WIDTH="29" />
<String CONTENT="material" HEIGHT="39" HPOS="944" VPOS="2540" WIDTH="225" />
<SP HEIGHT="38" HPOS="1170" VPOS="2541" WIDTH="28" />
<String CONTENT="and" HEIGHT="37" HPOS="1199" VPOS="2542" WIDTH="93" />
<SP HEIGHT="37" HPOS="1293" VPOS="2542" WIDTH="32" />
<String CONTENT="revision]" HEIGHT="48" HPOS="1326" VPOS="2540" WIDTH="223" />
<SP HEIGHT="48" HPOS="1550" VPOS="2540" WIDTH="73" />
<String CONTENT="(34-35633)" HEIGHT="47" HPOS="1624" VPOS="2540" WIDTH="279" />
</TextLine>
<TextLine HEIGHT="66" HPOS="184" STYLEREFS="StyleId-090EE755-EF34-44AD-BD01-73C1325412D3-" VPOS="2613" WIDTH="1063">
<String CONTENT="Thomson," HEIGHT="66" HPOS="184" VPOS="2613" WIDTH="313" />
<SP HEIGHT="63" HPOS="498" VPOS="2616" WIDTH="29" />
<String CONTENT="Sir" HEIGHT="52" HPOS="528" VPOS="2616" WIDTH="98" />
<SP HEIGHT="51" HPOS="627" VPOS="2615" WIDTH="24" />
<String CONTENT="Basil" HEIGHT="55" HPOS="652" VPOS="2613" WIDTH="160" />
<SP HEIGHT="53" HPOS="813" VPOS="2615" WIDTH="26" />
<String CONTENT="Home," HEIGHT="63" HPOS="840" VPOS="2616" WIDTH="207" />
<SP HEIGHT="59" HPOS="1048" VPOS="2620" WIDTH="29" />
<String CONTENT="1861-" HEIGHT="50" HPOS="1078" VPOS="2618" WIDTH="169" />
</TextLine>
<TextLine CS="1" HEIGHT="70" HPOS="316" STYLEREFS="StyleId-9C05C448-203A-444C-83CF-D4055EC21211-" VPOS="2690" WIDTH="1863">
<String CONTENT="&#8230;" CS="1" />
<SP HEIGHT="51" HPOS="316" VPOS="2692" WIDTH="35" />
<String CONTENT="The" HEIGHT="52" HPOS="352" VPOS="2692" WIDTH="119" />
<SP HEIGHT="35" HPOS="472" VPOS="2709" WIDTH="31" />
<String CONTENT="case" HEIGHT="34" HPOS="504" VPOS="2709" WIDTH="122" />
<SP HEIGHT="34" HPOS="627" VPOS="2710" WIDTH="30" />
<String CONTENT="of" HEIGHT="53" HPOS="658" VPOS="2691" WIDTH="64" />
<SP HEIGHT="53" HPOS="723" VPOS="2691" WIDTH="31" />
<String CONTENT="Naomi" HEIGHT="53" HPOS="755" VPOS="2691" WIDTH="205" />
<SP HEIGHT="55" HPOS="961" VPOS="2690" WIDTH="34" />
<String CONTENT="Clynes," HEIGHT="68" HPOS="996" VPOS="2690" WIDTH="225" />
<SP HEIGHT="66" HPOS="1222" VPOS="2692" WIDTH="33" />
<String CONTENT="Inspector" HEIGHT="68" HPOS="1256" VPOS="2692" WIDTH="299" />
<SP HEIGHT="52" HPOS="1556" VPOS="2692" WIDTH="31" />
<String CONTENT="Richardson's" HEIGHT="54" HPOS="1588" VPOS="2691" WIDTH="404" />
<SP HEIGHT="49" HPOS="1993" VPOS="2696" WIDTH="32" />
<String CONTENT="third" HEIGHT="53" HPOS="2026" VPOS="2691" WIDTH="153" />
</TextLine>
<TextLine CS="1" HEIGHT="59" HPOS="186" STYLEREFS="StyleId-9C05C448-203A-444C-83CF-D4055EC21211-" VPOS="2768" WIDTH="1960">
<String CONTENT="case." HEIGHT="36" HPOS="186" VPOS="2786" WIDTH="136" />
<SP HEIGHT="55" HPOS="323" VPOS="2768" WIDTH="73" />
<String CONTENT="Garden" HEIGHT="55" HPOS="397" VPOS="2768" WIDTH="230" />
<SP HEIGHT="54" HPOS="628" VPOS="2768" WIDTH="38" />
<String CONTENT="City." CS="1" HEIGHT="54" HPOS="667" VPOS="2768" WIDTH="153" />
<SP HEIGHT="53" HPOS="821" VPOS="2769" WIDTH="34" />
<String CONTENT="N." HEIGHT="51" HPOS="856" LANG="fr" VPOS="2769" WIDTH="69" />
<SP HEIGHT="52" HPOS="926" VPOS="2769" WIDTH="38" />
<String CONTENT="Y.," CS="1" HEIGHT="52" HPOS="965" VPOS="2769" WIDTH="71" />
<SP HEIGHT="52" HPOS="1057" VPOS="2769" WIDTH="32" />
<String CONTENT="Pub." HEIGHT="53" HPOS="1090" VPOS="2769" WIDTH="142" />
<SP HEIGHT="53" HPOS="1233" VPOS="2769" WIDTH="37" />
<String CONTENT="for" HEIGHT="53" HPOS="1271" VPOS="2769" WIDTH="94" />
<SP HEIGHT="48" HPOS="1366" VPOS="2774" WIDTH="35" />
<String CONTENT="the" HEIGHT="53" HPOS="1402" VPOS="2770" WIDTH="95" />
<SP HEIGHT="54" HPOS="1498" VPOS="2769" WIDTH="39" />
<String CONTENT="Crime" HEIGHT="54" HPOS="1538" VPOS="2769" WIDTH="189" />
<SP HEIGHT="35" HPOS="1728" VPOS="2788" WIDTH="38" />
<String CONTENT="club," HEIGHT="57" HPOS="1767" VPOS="2770" WIDTH="145" />
<SP HEIGHT="57" HPOS="1913" VPOS="2770" WIDTH="36" />
<String CONTENT="inc.," HEIGHT="54" HPOS="1950" VPOS="2770" WIDTH="124" />
<SP HEIGHT="54" HPOS="2075" VPOS="2770" WIDTH="36" />
<String CONTENT="by" CS="1" HEIGHT="53" HPOS="2112" VPOS="2770" WIDTH="34" />
</TextLine>
<TextLine CS="1" HEIGHT="70" HPOS="185" STYLEREFS="StyleId-9C05C448-203A-444C-83CF-D4055EC21211-" VPOS="2845" WIDTH="1322">
<String CONTENT="Doubleday," HEIGHT="69" HPOS="185" VPOS="2845" WIDTH="357" />
<SP HEIGHT="57" HPOS="543" VPOS="2846" WIDTH="27" />
<String CONTENT="Doran" HEIGHT="52" HPOS="571" VPOS="2846" WIDTH="199" />
<SP HEIGHT="52" HPOS="771" VPOS="2846" WIDTH="26" />
<String CONTENT="&amp;" HEIGHT="51" HPOS="798" VPOS="2846" WIDTH="45" />
<SP HEIGHT="53" HPOS="844" VPOS="2846" WIDTH="26" />
<String CONTENT="company," HEIGHT="51" HPOS="871" VPOS="2864" WIDTH="299" />
<SP HEIGHT="69" HPOS="1171" VPOS="2846" WIDTH="26" />
<String CONTENT="inc.," CS="1" HEIGHT="54" HPOS="1198" VPOS="2846" WIDTH="92" />
<SP HEIGHT="49" HPOS="1327" VPOS="2853" WIDTH="30" />
<String CONTENT="1934." HEIGHT="49" HPOS="1358" VPOS="2851" WIDTH="149" />
</TextLine>
<TextLine CS="1" HEIGHT="49" HPOS="254" VPOS="2918" WIDTH="472">
<String CONTENT="4" HEIGHT="39" HPOS="254" LANG="en-US" VPOS="2919" WIDTH="28" />
<SP HEIGHT="48" HPOS="283" VPOS="2919" WIDTH="22" />
<String CONTENT="p." HEIGHT="38" HPOS="306" LANG="fr" VPOS="2929" WIDTH="42" />
<SP HEIGHT="37" HPOS="349" VPOS="2921" WIDTH="29" />
<String CONTENT="l.," CS="1" LANG="en-US" />
<SP HEIGHT="47" HPOS="422" VPOS="2919" WIDTH="27" />
<String CONTENT="304" CS="1" HEIGHT="40" HPOS="450" LANG="fr" VPOS="2919" WIDTH="84" />
<SP HEIGHT="46" HPOS="535" VPOS="2920" WIDTH="28" />
<String CONTENT="p." HEIGHT="37" HPOS="564" LANG="en-US" VPOS="2929" WIDTH="42" />
<SP HEIGHT="41" HPOS="607" VPOS="2918" WIDTH="62" />
<String CONTENT="19&#189;cm." CS="1" HEIGHT="40" HPOS="670" LANG="en-US" VPOS="2918" WIDTH="56" />
</TextLine>
<TextLine HEIGHT="42" HPOS="261" VPOS="2974" WIDTH="1012">
<String CONTENT="At" HEIGHT="40" HPOS="261" VPOS="2976" WIDTH="62" />
<SP HEIGHT="40" HPOS="324" VPOS="2976" WIDTH="25" />
<String CONTENT="head" HEIGHT="40" HPOS="350" VPOS="2976" WIDTH="125" />
<SP HEIGHT="39" HPOS="476" VPOS="2977" WIDTH="25" />
<String CONTENT="of" HEIGHT="39" HPOS="502" VPOS="2976" WIDTH="52" />
<SP HEIGHT="39" HPOS="555" VPOS="2976" WIDTH="24" />
<String CONTENT="title:" HEIGHT="39" HPOS="580" VPOS="2976" WIDTH="135" />
<SP HEIGHT="41" HPOS="716" VPOS="2974" WIDTH="33" />
<String CONTENT="Sir" HEIGHT="41" HPOS="750" VPOS="2974" WIDTH="77" />
<SP HEIGHT="39" HPOS="828" VPOS="2975" WIDTH="26" />
<String CONTENT="Basil" HEIGHT="41" HPOS="855" VPOS="2975" WIDTH="133" />
<SP HEIGHT="38" HPOS="989" VPOS="2976" WIDTH="30" />
<String CONTENT="Thomson." HEIGHT="40" HPOS="1020" VPOS="2976" WIDTH="253" />
</TextLine>
<TextLine CS="1" HEIGHT="102" HPOS="193" VPOS="3031" WIDTH="1995">
<String CONTENT="&#8220;This" HEIGHT="41" HPOS="263" VPOS="3031" WIDTH="146" />
<SP HEIGHT="29" HPOS="410" VPOS="3043" WIDTH="33" />
<String CONTENT="story" HEIGHT="42" HPOS="444" VPOS="3035" WIDTH="132" />
<SP HEIGHT="35" HPOS="577" VPOS="3042" WIDTH="35" />
<String CONTENT="was" HEIGHT="30" HPOS="613" VPOS="3042" WIDTH="99" />
<SP HEIGHT="38" HPOS="713" VPOS="3041" WIDTH="30" />
<String CONTENT="published" HEIGHT="48" HPOS="744" VPOS="3031" WIDTH="255" />
<SP HEIGHT="38" HPOS="1000" VPOS="3034" WIDTH="35" />
<String CONTENT="in" HEIGHT="38" HPOS="1036" VPOS="3034" WIDTH="49" />
<SP HEIGHT="40" HPOS="1086" VPOS="3032" WIDTH="33" />
<String CONTENT="England" HEIGHT="49" HPOS="1120" VPOS="3032" WIDTH="219" />
<SP HEIGHT="40" HPOS="1340" VPOS="3034" WIDTH="35" />
<String CONTENT="under" HEIGHT="39" HPOS="1376" VPOS="3035" WIDTH="152" />
<SP HEIGHT="37" HPOS="1529" VPOS="3037" WIDTH="34" />
<String CONTENT="the" HEIGHT="39" HPOS="1564" VPOS="3035" WIDTH="80" />
<SP HEIGHT="38" HPOS="1645" VPOS="3037" WIDTH="35" />
<String CONTENT="title" HEIGHT="41" HPOS="1681" VPOS="3034" WIDTH="107" />
<SP HEIGHT="30" HPOS="1789" VPOS="3045" WIDTH="33" />
<String CONTENT="of" HEIGHT="40" HPOS="1823" VPOS="3035" WIDTH="51" />
<SP HEIGHT="37" HPOS="1875" VPOS="3035" WIDTH="34" />
<String CONTENT="&#8216;Detective-inspector" CS="1" HEIGHT="99" HPOS="193" VPOS="3034" WIDTH="1995" />
<SP HEIGHT="39" HPOS="435" VPOS="3088" WIDTH="23" />
<String CONTENT="Richardson," HEIGHT="43" HPOS="459" VPOS="3088" WIDTH="318" />
<SP HEIGHT="31" HPOS="778" VPOS="3100" WIDTH="27" />
<String CONTENT="C." CS="1" HEIGHT="6" HPOS="836" VPOS="3121" WIDTH="7" />
<SP HEIGHT="28" HPOS="844" VPOS="3100" WIDTH="25" />
<String CONTENT="I." CS="1" HEIGHT="7" HPOS="894" VPOS="3121" WIDTH="8" />
<SP HEIGHT="30" HPOS="903" VPOS="3098" WIDTH="26" />
<String CONTENT="D.&#8217;&#8221;" CS="1" HEIGHT="41" HPOS="962" VPOS="3088" WIDTH="67" />
</TextLine>
<TextLine HEIGHT="41" HPOS="260" VPOS="3143" WIDTH="419">
<String CONTENT="&#8220;First" HEIGHT="41" HPOS="260" VPOS="3143" WIDTH="160" />
<SP HEIGHT="37" HPOS="421" VPOS="3147" WIDTH="31" />
<String CONTENT="edition.&#8221;" HEIGHT="40" HPOS="453" VPOS="3144" WIDTH="226" />
</TextLine>
<TextLine CS="1" HEIGHT="56" HPOS="197" VPOS="3198" WIDTH="1994">
<String CONTENT="&#169;" HEIGHT="51" HPOS="197" VPOS="3198" WIDTH="49" />
<SP HEIGHT="51" HPOS="247" VPOS="3198" WIDTH="41" />
<String CONTENT="Sept." HEIGHT="47" HPOS="289" VPOS="3203" WIDTH="126" />
<SP HEIGHT="36" HPOS="416" VPOS="3206" WIDTH="36" />
<String CONTENT="12," HEIGHT="46" HPOS="453" VPOS="3203" WIDTH="67" />
<SP HEIGHT="45" HPOS="521" VPOS="3204" WIDTH="37" />
<String CONTENT="1934;" HEIGHT="41" HPOS="559" VPOS="3202" WIDTH="139" />
<SP HEIGHT="39" HPOS="699" VPOS="3204" WIDTH="37" />
<String CONTENT="2c." HEIGHT="40" HPOS="737" VPOS="3204" WIDTH="67" />
<SP HEIGHT="28" HPOS="805" VPOS="3216" WIDTH="38" />
<String CONTENT="and" HEIGHT="38" HPOS="844" VPOS="3205" WIDTH="94" />
<SP HEIGHT="38" HPOS="939" VPOS="3205" WIDTH="36" />
<String CONTENT="aff." CS="1" />
<SP HEIGHT="40" HPOS="1059" VPOS="3204" WIDTH="38" />
<String CONTENT="Oct." HEIGHT="41" HPOS="1098" VPOS="3204" WIDTH="100" />
<SP HEIGHT="40" HPOS="1199" VPOS="3205" WIDTH="36" />
<String CONTENT="29:" HEIGHT="42" HPOS="1236" VPOS="3204" WIDTH="82" />
<SP HEIGHT="39" HPOS="1319" VPOS="3207" WIDTH="40" />
<String CONTENT="A" HEIGHT="37" HPOS="1360" VPOS="3207" WIDTH="39" />
<SP HEIGHT="39" HPOS="1400" VPOS="3207" WIDTH="38" />
<String CONTENT="77013:" HEIGHT="40" HPOS="1439" VPOS="3206" WIDTH="169" />
<SP HEIGHT="38" HPOS="1609" VPOS="3208" WIDTH="41" />
<String CONTENT="Basil" HEIGHT="39" HPOS="1651" VPOS="3207" WIDTH="133" />
<SP HEIGHT="37" HPOS="1785" VPOS="3208" WIDTH="39" />
<String CONTENT="Thomson," HEIGHT="46" HPOS="1825" VPOS="3208" WIDTH="256" />
<SP HEIGHT="47" HPOS="2082" VPOS="3207" WIDTH="41" />
<String CONTENT="St." HEIGHT="41" HPOS="2124" VPOS="3207" WIDTH="67" />
</TextLine>
<TextLine CS="1" HEIGHT="49" HPOS="297" VPOS="3260" WIDTH="1107">
<String CONTENT="Jean-de-Luz" CS="1" HEIGHT="38" HPOS="297" VPOS="3261" WIDTH="289" />
<SP HEIGHT="46" HPOS="587" VPOS="3262" WIDTH="41" />
<String CONTENT="(B." HEIGHT="47" HPOS="629" LANG="fr" VPOS="3261" WIDTH="76" />
<SP HEIGHT="38" HPOS="706" VPOS="3261" WIDTH="33" />
<String CONTENT="P.)" HEIGHT="41" HPOS="740" VPOS="3261" WIDTH="75" />
<SP HEIGHT="42" HPOS="816" VPOS="3260" WIDTH="39" />
<String CONTENT="France." HEIGHT="40" HPOS="856" VPOS="3260" WIDTH="197" />
<SP HEIGHT="47" HPOS="1054" VPOS="3261" WIDTH="72" />
<String CONTENT="(34-35470)" HEIGHT="48" HPOS="1127" VPOS="3261" WIDTH="277" />
</TextLine>
<TextLine HEIGHT="68" HPOS="194" STYLEREFS="StyleId-090EE755-EF34-44AD-BD01-73C1325412D3-" VPOS="3318" WIDTH="1053">
<String CONTENT="Vance," HEIGHT="68" HPOS="194" VPOS="3318" WIDTH="213" />
<SP HEIGHT="64" HPOS="408" VPOS="3322" WIDTH="31" />
<String CONTENT="Louis" HEIGHT="53" HPOS="440" VPOS="3322" WIDTH="179" />
<SP HEIGHT="53" HPOS="620" VPOS="3322" WIDTH="32" />
<String CONTENT="Joseph," HEIGHT="64" HPOS="653" VPOS="3322" WIDTH="234" />
<SP HEIGHT="60" HPOS="888" VPOS="3326" WIDTH="35" />
<String CONTENT="1879-1933." HEIGHT="52" HPOS="924" VPOS="3325" WIDTH="323" />
</TextLine>
<TextLine CS="1" HEIGHT="73" HPOS="267" STYLEREFS="StyleId-9C05C448-203A-444C-83CF-D4055EC21211-" VPOS="3399" WIDTH="1919">
<String CONTENT="The" HEIGHT="53" HPOS="267" VPOS="3399" WIDTH="119" />
<SP HEIGHT="51" HPOS="387" VPOS="3401" WIDTH="54" />
<String CONTENT="Lone" HEIGHT="51" HPOS="442" VPOS="3401" WIDTH="153" />
<SP HEIGHT="53" HPOS="596" VPOS="3402" WIDTH="50" />
<String CONTENT="Wolf&#8217;s" HEIGHT="55" HPOS="647" VPOS="3400" WIDTH="209" />
<SP HEIGHT="53" HPOS="857" VPOS="3401" WIDTH="51" />
<String CONTENT="last" HEIGHT="53" HPOS="909" VPOS="3401" WIDTH="112" />
<SP HEIGHT="62" HPOS="1022" VPOS="3407" WIDTH="52" />
<String CONTENT="prowl" HEIGHT="65" HPOS="1075" VPOS="3404" WIDTH="180" />
<SP HEIGHT="66" HPOS="1256" VPOS="3404" WIDTH="57" />
<String CONTENT="[by]" CS="1" HEIGHT="67" HPOS="1314" VPOS="3403" WIDTH="92" />
<SP HEIGHT="64" HPOS="1424" VPOS="3405" WIDTH="57" />
<String CONTENT="Louis" HEIGHT="52" HPOS="1482" VPOS="3404" WIDTH="174" />
<SP HEIGHT="53" HPOS="1657" VPOS="3405" WIDTH="52" />
<String CONTENT="Joseph" HEIGHT="68" HPOS="1710" VPOS="3404" WIDTH="216" />
<SP HEIGHT="55" HPOS="1927" VPOS="3404" WIDTH="50" />
<String CONTENT="Vance." HEIGHT="54" HPOS="1978" VPOS="3405" WIDTH="208" />
</TextLine>
<TextLine HEIGHT="70" HPOS="196" STYLEREFS="StyleId-9C05C448-203A-444C-83CF-D4055EC21211-" VPOS="3477" WIDTH="1823">
<String CONTENT="Philadelphia," HEIGHT="69" HPOS="196" LANG="en-US" VPOS="3477" WIDTH="426" />
<SP HEIGHT="63" HPOS="623" VPOS="3480" WIDTH="31" />
<String CONTENT="London," HEIGHT="57" HPOS="655" LANG="en-US" VPOS="3479" WIDTH="259" />
<SP HEIGHT="54" HPOS="915" VPOS="3482" WIDTH="32" />
<String CONTENT="J." HEIGHT="53" HPOS="948" LANG="fr" VPOS="3482" WIDTH="54" />
<SP HEIGHT="51" HPOS="1003" VPOS="3483" WIDTH="33" />
<String CONTENT="B." HEIGHT="51" HPOS="1037" LANG="fr" VPOS="3483" WIDTH="67" />
<SP HEIGHT="53" HPOS="1105" VPOS="3480" WIDTH="31" />
<String CONTENT="Lippincott" HEIGHT="67" HPOS="1137" LANG="fr" VPOS="3480" WIDTH="339" />
<SP HEIGHT="47" HPOS="1477" VPOS="3488" WIDTH="31" />
<String CONTENT="company" HEIGHT="48" HPOS="1509" LANG="en-US" VPOS="3499" WIDTH="280" />
<SP HEIGHT="45" HPOS="1790" VPOS="3502" WIDTH="35" />
<String CONTENT="[" HEIGHT="32" HPOS="1826" LANG="en-US" STYLE="subscript" VPOS="3515" WIDTH="12" />
<String CONTENT="c" HEIGHT="21" HPOS="1845" LANG="en-US" STYLE="superscript" VPOS="3489" WIDTH="17" />
<String CONTENT="1934" HEIGHT="50" HPOS="1867" LANG="en-US" VPOS="3485" WIDTH="135" />
<String CONTENT="]" HEIGHT="31" HPOS="2007" LANG="en-US" STYLE="subscript" VPOS="3516" WIDTH="12" />
</TextLine>
<TextLine HEIGHT="51" HPOS="266" VPOS="3551" WIDTH="434">
<String CONTENT="223," HEIGHT="49" HPOS="266" VPOS="3551" WIDTH="99" />
<SP HEIGHT="30" HPOS="366" VPOS="3572" WIDTH="31" />
<String CONTENT="[1]" HEIGHT="49" HPOS="398" VPOS="3553" WIDTH="55" />
<SP HEIGHT="38" HPOS="454" VPOS="3563" WIDTH="29" />
<String CONTENT="p." HEIGHT="37" HPOS="484" VPOS="3563" WIDTH="43" />
<SP HEIGHT="43" HPOS="528" VPOS="3551" WIDTH="54" />
<String CONTENT="20" HEIGHT="41" HPOS="583" VPOS="3551" WIDTH="56" />
<String CONTENT="cm" HEIGHT="21" HPOS="641" STYLE="superscript" VPOS="3555" WIDTH="44" />
<String CONTENT="." HEIGHT="8" HPOS="691" VPOS="3584" WIDTH="9" />
</TextLine>
<TextLine HEIGHT="53" HPOS="270" VPOS="3607" WIDTH="1731">
<String CONTENT="&#8220;Copyright," HEIGHT="49" HPOS="270" VPOS="3608" WIDTH="307" />
<SP HEIGHT="47" HPOS="578" VPOS="3609" WIDTH="26" />
<String CONTENT="1934," HEIGHT="48" HPOS="605" VPOS="3607" WIDTH="127" />
<SP HEIGHT="46" HPOS="733" VPOS="3609" WIDTH="27" />
<String CONTENT="by" HEIGHT="47" HPOS="761" VPOS="3609" WIDTH="62" />
<SP HEIGHT="44" HPOS="824" VPOS="3612" WIDTH="26" />
<String CONTENT="the" HEIGHT="39" HPOS="851" VPOS="3610" WIDTH="81" />
<SP HEIGHT="39" HPOS="933" VPOS="3610" WIDTH="26" />
<String CONTENT="McCall" HEIGHT="40" HPOS="960" VPOS="3610" WIDTH="185" />
<SP HEIGHT="40" HPOS="1146" VPOS="3611" WIDTH="28" />
<String CONTENT="company" HEIGHT="39" HPOS="1175" VPOS="3621" WIDTH="236" />
<SP HEIGHT="38" HPOS="1412" VPOS="3622" WIDTH="25" />
<String CONTENT="as" HEIGHT="30" HPOS="1438" VPOS="3622" WIDTH="54" />
<SP HEIGHT="40" HPOS="1493" VPOS="3612" WIDTH="30" />
<String CONTENT="&#8216;The" HEIGHT="39" HPOS="1524" VPOS="3612" WIDTH="112" />
<SP HEIGHT="38" HPOS="1637" VPOS="3613" WIDTH="25" />
<String CONTENT="last" HEIGHT="39" HPOS="1663" VPOS="3613" WIDTH="100" />
<SP HEIGHT="45" HPOS="1764" VPOS="3615" WIDTH="25" />
<String CONTENT="prowl&#8217;.&#8221;" HEIGHT="49" HPOS="1790" VPOS="3611" WIDTH="211" />
</TextLine>
<TextLine CS="1" HEIGHT="51" HPOS="202" VPOS="3661" WIDTH="1994">
<String CONTENT="&#169;" HEIGHT="51" HPOS="202" VPOS="3661" WIDTH="50" />
<SP HEIGHT="51" HPOS="253" VPOS="3661" WIDTH="32" />
<String CONTENT="Oct." HEIGHT="40" HPOS="286" VPOS="3666" WIDTH="101" />
<SP HEIGHT="38" HPOS="388" VPOS="3667" WIDTH="31" />
<String CONTENT="19," HEIGHT="47" HPOS="420" VPOS="3665" WIDTH="68" />
<SP HEIGHT="45" HPOS="489" VPOS="3667" WIDTH="31" />
<String CONTENT="1934;" HEIGHT="46" HPOS="521" VPOS="3665" WIDTH="140" />
<SP HEIGHT="46" HPOS="662" VPOS="3665" WIDTH="32" />
<String CONTENT="2c." HEIGHT="40" HPOS="695" VPOS="3665" WIDTH="66" />
<SP HEIGHT="29" HPOS="762" VPOS="3676" WIDTH="32" />
<String CONTENT="and" HEIGHT="37" HPOS="795" VPOS="3668" WIDTH="95" />
<SP HEIGHT="38" HPOS="891" VPOS="3668" WIDTH="32" />
<String CONTENT="aff." CS="1" />
<SP HEIGHT="40" HPOS="1004" VPOS="3667" WIDTH="33" />
<String CONTENT="Oct." HEIGHT="41" HPOS="1038" VPOS="3667" WIDTH="102" />
<SP HEIGHT="40" HPOS="1141" VPOS="3668" WIDTH="31" />
<String CONTENT="27:" HEIGHT="39" HPOS="1173" VPOS="3668" WIDTH="80" />
<SP HEIGHT="36" HPOS="1254" VPOS="3671" WIDTH="34" />
<String CONTENT="A" HEIGHT="36" HPOS="1289" VPOS="3671" WIDTH="39" />
<SP HEIGHT="38" HPOS="1329" VPOS="3670" WIDTH="30" />
<String CONTENT="75952:" HEIGHT="42" HPOS="1360" VPOS="3667" WIDTH="170" />
<SP HEIGHT="39" HPOS="1531" VPOS="3670" WIDTH="34" />
<String CONTENT="Anne" HEIGHT="38" HPOS="1566" VPOS="3670" WIDTH="135" />
<SP HEIGHT="38" HPOS="1702" VPOS="3670" WIDTH="31" />
<String CONTENT="Elizabeth" HEIGHT="40" HPOS="1734" VPOS="3668" WIDTH="254" />
<SP HEIGHT="38" HPOS="1989" VPOS="3670" WIDTH="30" />
<String CONTENT="Vance," HEIGHT="42" HPOS="2020" VPOS="3670" WIDTH="176" />
</TextLine>
<TextLine HEIGHT="50" HPOS="269" VPOS="3722" WIDTH="642">
<String CONTENT="New" HEIGHT="39" HPOS="269" VPOS="3722" WIDTH="116" />
<SP HEIGHT="37" HPOS="386" VPOS="3724" WIDTH="31" />
<String CONTENT="York." HEIGHT="38" HPOS="418" VPOS="3724" WIDTH="141" />
<SP HEIGHT="46" HPOS="560" VPOS="3723" WIDTH="70" />
<String CONTENT="(34-35308)" HEIGHT="49" HPOS="631" VPOS="3723" WIDTH="280" />
</TextLine>
<TextLine CS="1" HEIGHT="76" HPOS="205" STYLEREFS="StyleId-9C05C448-203A-444C-83CF-D4055EC21211-" VPOS="3780" WIDTH="1793">
<String CONTENT="Vidal" HEIGHT="55" HPOS="205" VPOS="3780" WIDTH="166" />
<SP HEIGHT="52" HPOS="372" VPOS="3785" WIDTH="30" />
<String CONTENT="de" HEIGHT="52" HPOS="403" LANG="fr" VPOS="3785" WIDTH="69" />
<SP HEIGHT="51" HPOS="473" VPOS="3785" WIDTH="30" />
<String CONTENT="La" HEIGHT="52" HPOS="504" VPOS="3785" WIDTH="84" />
<SP HEIGHT="52" HPOS="589" VPOS="3785" WIDTH="30" />
<String CONTENT="Blache," HEIGHT="64" HPOS="620" VPOS="3784" WIDTH="235" />
<SP HEIGHT="62" HPOS="856" VPOS="3786" WIDTH="33" />
<String CONTENT="Paul" HEIGHT="53" HPOS="890" VPOS="3785" WIDTH="142" />
<SP HEIGHT="53" HPOS="1033" VPOS="3785" WIDTH="31" />
<String CONTENT="Marie" HEIGHT="54" HPOS="1065" VPOS="3786" WIDTH="186" />
<SP HEIGHT="53" HPOS="1252" VPOS="3788" WIDTH="30" />
<String CONTENT="Joseph," HEIGHT="63" HPOS="1283" VPOS="3787" WIDTH="238" />
<SP HEIGHT="58" HPOS="1522" VPOS="3792" WIDTH="35" />
<String CONTENT="1845-1918," HEIGHT="66" HPOS="1558" VPOS="3790" WIDTH="326" />
<SP HEIGHT="49" HPOS="1885" VPOS="3807" WIDTH="30" />
<String CONTENT="ed." CS="1" HEIGHT="34" HPOS="1916" VPOS="3807" WIDTH="82" />
</TextLine>
<TextLine CS="1" HEIGHT="130" HPOS="204" STYLEREFS="StyleId-9C05C448-203A-444C-83CF-D4055EC21211-" VPOS="3862" WIDTH="1967">
<String CONTENT="G&#233;ographie" HEIGHT="67" HPOS="271" LANG="fr" VPOS="3862" WIDTH="361" />
<SP HEIGHT="35" HPOS="633" VPOS="3880" WIDTH="35" />
<String CONTENT="universelle;" HEIGHT="65" HPOS="669" LANG="fr" VPOS="3862" WIDTH="364" />
<SP HEIGHT="49" HPOS="1034" VPOS="3882" WIDTH="37" />
<String CONTENT="publi&#233;e" HEIGHT="66" HPOS="1072" LANG="fr" VPOS="3865" WIDTH="222" />
<SP HEIGHT="33" HPOS="1295" VPOS="3885" WIDTH="34" />
<String CONTENT="sous" HEIGHT="36" HPOS="1330" LANG="en-US" VPOS="3884" WIDTH="126" />
<SP HEIGHT="54" HPOS="1457" VPOS="3866" WIDTH="34" />
<String CONTENT="la" HEIGHT="52" HPOS="1492" LANG="en-US" VPOS="3866" WIDTH="56" />
<SP HEIGHT="51" HPOS="1549" VPOS="3867" WIDTH="32" />
<String CONTENT="direction" HEIGHT="52" HPOS="1582" LANG="en-US" VPOS="3866" WIDTH="276" />
<SP HEIGHT="51" HPOS="1859" VPOS="3867" WIDTH="35" />
<String CONTENT="de" HEIGHT="51" HPOS="1895" LANG="fr" VPOS="3867" WIDTH="67" />
<SP />
<String CONTENT="P." HEIGHT="51" HPOS="1998" LANG="fr" VPOS="3868" WIDTH="63" />
<SP HEIGHT="51" HPOS="2070" VPOS="3869" WIDTH="29" />
<String CONTENT="Vidal" HEIGHT="123" HPOS="204" LANG="fr" VPOS="3869" WIDTH="1967" />
<SP HEIGHT="52" HPOS="298" VPOS="3940" WIDTH="36" />
<String CONTENT="de" HEIGHT="52" HPOS="335" LANG="fr" VPOS="3940" WIDTH="66" />
</TextLine>
<TextLine HEIGHT="66" HPOS="436" LANG="fr" STYLEREFS="StyleId-9C05C448-203A-444C-83CF-D4055EC21211-" VPOS="3939" WIDTH="1513">
<String CONTENT="La" HEIGHT="51" HPOS="436" VPOS="3940" WIDTH="84" />
<SP HEIGHT="50" HPOS="521" VPOS="3942" WIDTH="35" />
<String CONTENT="Blache" HEIGHT="53" HPOS="557" LANG="en-US" VPOS="3939" WIDTH="211" />
<SP HEIGHT="33" HPOS="769" VPOS="3959" WIDTH="35" />
<String CONTENT="et" HEIGHT="48" HPOS="805" VPOS="3945" WIDTH="56" />
<SP HEIGHT="51" HPOS="862" VPOS="3943" WIDTH="32" />
<String CONTENT="L." HEIGHT="51" HPOS="895" VPOS="3943" WIDTH="62" />
<SP HEIGHT="54" HPOS="958" VPOS="3942" WIDTH="39" />
<String CONTENT="Gallois," HEIGHT="54" HPOS="998" VPOS="3942" WIDTH="233" />
<SP HEIGHT="46" HPOS="1232" VPOS="3949" WIDTH="76" />
<String CONTENT="t." HEIGHT="46" HPOS="1309" VPOS="3949" WIDTH="37" />
<SP HEIGHT="52" HPOS="1347" VPOS="3946" WIDTH="40" />
<String CONTENT="7." HEIGHT="52" HPOS="1388" VPOS="3946" WIDTH="43" />
<SP HEIGHT="51" HPOS="1432" VPOS="3946" WIDTH="75" />
<String CONTENT="M&#233;diterran&#233;e;" HEIGHT="61" HPOS="1508" VPOS="3944" WIDTH="441" />
</TextLine>
</TextBlock>
</PrintSpace>
</Page>
</Layout>
</alto>