<alto xmlns="http://www.loc.gov/standards/alto/ns-v3#" xmlns:xsi="http://www.w3.org/2001/XMLSchema-instance" xsi:schemaLocation="http://www.loc.gov/standards/alto/ns-v3# http://www.loc.gov/alto/v3/alto-3-0.xsd"><Description>
<MeasurementUnit>pixel</MeasurementUnit>
<sourceImageInformation>
<fileName>1934_v1_Part1.pdf</fileName>
</sourceImageInformation>
<OCRProcessing ID="IdOcr">
<ocrProcessingStep>
<processingDateTime>2019-01-10</processingDateTime>
<processingSoftware>
<softwareCreator>ABBYY</softwareCreator>
<softwareName>ABBYY Recognition Server</softwareName>
<softwareVersion>4.0</softwareVersion>
</processingSoftware>
</ocrProcessingStep>
</OCRProcessing>
</Description>
<Styles>
<ParagraphStyle ALIGN="Left" FIRSTLINE="0." ID="StyleId-FFFFFFFF-FFFF-FFFF-FFFF-FFFFFFFFFFFF-" LEFT="0." RIGHT="0." />
<ParagraphStyle ALIGN="Right" FIRSTLINE="0." ID="StyleId-521E1FC6-FE7E-43A4-90E6-A9B61626A263-" LEFT="0." LINESPACE="13.30000019" RIGHT="0." />
<ParagraphStyle ALIGN="Left" FIRSTLINE="-27." ID="StyleId-639B624E-F6F5-47B6-BB1D-34E64B53022F-" LEFT="0." LINESPACE="13.43999958" RIGHT="0." />
<ParagraphStyle ALIGN="Left" FIRSTLINE="0." ID="StyleId-100905F9-D385-406B-A5BD-ED5B8FD85431-" LEFT="0." RIGHT="0." />
<ParagraphStyle ALIGN="Left" FIRSTLINE="-27." ID="StyleId-7C9F9BA2-EF3A-4B7F-8486-CCC7B7F49B39-" LEFT="0." LINESPACE="18.71999931" RIGHT="0." />
<ParagraphStyle ALIGN="Block" FIRSTLINE="-27." ID="StyleId-350780E3-60F2-4605-88F5-BB54F9B87091-" LEFT="0." LINESPACE="18.71999931" RIGHT="0." />
<ParagraphStyle ALIGN="Left" FIRSTLINE="0." ID="StyleId-90B16C58-D795-4C77-9B89-30378C515D40-" LEFT="0." LINESPACE="14.39999962" RIGHT="0." />
<ParagraphStyle ALIGN="Right" FIRSTLINE="-27." ID="StyleId-17090E09-AFAF-4086-BD9B-4E99FAE6B057-" LEFT="0." LINESPACE="14.39999962" RIGHT="0." />
<ParagraphStyle ALIGN="Left" FIRSTLINE="-27." ID="StyleId-8B87B633-89DB-4D72-B1FC-26E4ABD680BC-" LEFT="0." LINESPACE="18.47999954" RIGHT="0." />
<ParagraphStyle ALIGN="Left" FIRSTLINE="0." ID="StyleId-42DA7417-CA90-4D71-A57B-06556C38D752-" LEFT="0." LINESPACE="13.30000019" RIGHT="0." />
<ParagraphStyle ALIGN="Block" FIRSTLINE="0." ID="StyleId-D8EE2A7E-42AE-4E35-98DB-F0F935637AA0-" LEFT="0." LINESPACE="6.599999905" RIGHT="0." />
<ParagraphStyle ALIGN="Left" FIRSTLINE="0." ID="StyleId-33CD3121-D4F5-43B6-BA96-6382D166E6B8-" LEFT="0." LINESPACE="15.5" RIGHT="0." />
<ParagraphStyle ALIGN="Block" FIRSTLINE="-21." ID="StyleId-1CE52AFA-C319-4DD9-B4B1-F0EBFA2B3F0B-" LEFT="0." LINESPACE="18.71999931" RIGHT="0." />
<ParagraphStyle ALIGN="Left" FIRSTLINE="0." ID="StyleId-B74F1B65-92F1-49C5-A5FA-D20442F031F2-" LEFT="0." LINESPACE="17.70006076" RIGHT="0." />
<ParagraphStyle ALIGN="Center" FIRSTLINE="0." ID="StyleId-79E2924A-215C-40B7-B577-7236BFBAA25E-" LEFT="0." LINESPACE="7.199999809" RIGHT="0." />
</Styles>
<Layout>
<Page HEIGHT="4196" ID="Page1615" PHYSICAL_IMG_NR="1615" WIDTH="2350">
<TopMargin HEIGHT="360" HPOS="0" VPOS="0" WIDTH="2350">
</TopMargin>
<LeftMargin HEIGHT="3704" HPOS="0" VPOS="360" WIDTH="135">
</LeftMargin>
<RightMargin HEIGHT="3704" HPOS="2237" VPOS="360" WIDTH="113">
</RightMargin>
<BottomMargin HEIGHT="132" HPOS="0" VPOS="4064" WIDTH="2350">
</BottomMargin>
<PrintSpace HEIGHT="3704" HPOS="135" VPOS="360" WIDTH="2102">
<TextBlock HEIGHT="65" HPOS="1087" ID="Page1615_Block1" LANG="en-US" STYLEREFS="StyleId-514E9E37-B526-49C5-9182-F8D3C5AA164F-" VPOS="3999" WIDTH="155">
<Shape>
<Polygon POINTS="1087,3999 1177,3999 1177,4000 1242,4000 1242,4064 1173,4064 1173,4063 1087,4063 1087,3999" />
</Shape>
<TextLine HEIGHT="51" HPOS="1103" VPOS="4008" WIDTH="130">
<String CONTENT="1615" HEIGHT="51" HPOS="1103" VPOS="4008" WIDTH="130" />
</TextLine>
</TextBlock>
<TextBlock CS="1" HEIGHT="3643" HPOS="135" ID="Page1615_Block2" LANG="en-US" STYLEREFS="StyleId-2466378C-6B8F-4E89-8AC1-62CE627F074D-" VPOS="360" WIDTH="2102">
<Shape>
<Polygon POINTS="144,360 291,360 291,361 734,361 734,362 1177,362 1177,363 1620,363 1620,364 2062,364 2062,365 2237,365 2237,771 2236,771 2236,1214 2235,1214 2235,1657 2234,1657 2234,2100 2233,2100 2233,2543 2232,2543 2232,2985 2231,2985 2231,3428 2230,3428 2230,3871 2229,3871 2229,3936 1038,3936 1038,4000 730,4000 730,3999 288,3999 288,3998 135,3998 135,3868 136,3868 136,3425 137,3425 137,2982 138,2982 138,2539 139,2539 139,2096 140,2096 140,1653 141,1653 141,1211 142,1211 142,768 143,768 143,361 144,361 144,360" />
</Shape>
<TextLine HEIGHT="67" HPOS="170" STYLEREFS="StyleId-514E9E37-B526-49C5-9182-F8D3C5AA164F-" VPOS="367" WIDTH="982">
<String CONTENT="Squier," HEIGHT="66" HPOS="170" VPOS="367" WIDTH="226" />
<SP HEIGHT="63" HPOS="397" VPOS="370" WIDTH="32" />
<String CONTENT="Emma-Lindsay," HEIGHT="66" HPOS="430" VPOS="368" WIDTH="518" />
<SP HEIGHT="58" HPOS="949" VPOS="376" WIDTH="33" />
<String CONTENT="1892-" HEIGHT="49" HPOS="983" VPOS="374" WIDTH="169" />
</TextLine>
<TextLine HEIGHT="77" HPOS="240" STYLEREFS="StyleId-514E9E37-B526-49C5-9182-F8D3C5AA164F-" VPOS="440" WIDTH="1926">
<String CONTENT="Gringa;" HEIGHT="69" HPOS="240" VPOS="444" WIDTH="251" />
<SP HEIGHT="46" HPOS="492" VPOS="465" WIDTH="33" />
<String CONTENT="an" HEIGHT="33" HPOS="526" VPOS="465" WIDTH="70" />
<SP HEIGHT="52" HPOS="597" VPOS="446" WIDTH="30" />
<String CONTENT="American" HEIGHT="54" HPOS="628" VPOS="445" WIDTH="306" />
<SP HEIGHT="34" HPOS="935" VPOS="464" WIDTH="29" />
<String CONTENT="woman" HEIGHT="37" HPOS="965" VPOS="463" WIDTH="218" />
<SP HEIGHT="52" HPOS="1184" VPOS="446" WIDTH="29" />
<String CONTENT="in" HEIGHT="51" HPOS="1214" VPOS="446" WIDTH="57" />
<SP HEIGHT="52" HPOS="1272" VPOS="445" WIDTH="28" />
<String CONTENT="Mexico," HEIGHT="66" HPOS="1301" VPOS="445" WIDTH="241" />
<SP HEIGHT="67" HPOS="1543" VPOS="444" WIDTH="28" />
<String CONTENT="by" HEIGHT="68" HPOS="1572" VPOS="444" WIDTH="74" />
<SP HEIGHT="66" HPOS="1647" VPOS="446" WIDTH="29" />
<String CONTENT="Emma-Lindsay" HEIGHT="66" HPOS="1677" VPOS="444" WIDTH="489" />
</TextLine>
<TextLine CS="1" HEIGHT="139" HPOS="171" STYLEREFS="StyleId-514E9E37-B526-49C5-9182-F8D3C5AA164F-" VPOS="517" WIDTH="1971">
<String CONTENT="Squier;" HEIGHT="68" HPOS="171" VPOS="522" WIDTH="231" />
<SP HEIGHT="64" HPOS="403" VPOS="524" WIDTH="32" />
<String CONTENT="illustrated" HEIGHT="54" HPOS="436" VPOS="523" WIDTH="325" />
<SP HEIGHT="53" HPOS="762" VPOS="524" WIDTH="30" />
<String CONTENT="with" HEIGHT="52" HPOS="793" VPOS="524" WIDTH="139" />
<SP HEIGHT="66" HPOS="933" VPOS="524" WIDTH="30" />
<String CONTENT="photographs" HEIGHT="70" HPOS="964" VPOS="521" WIDTH="393" />
<SP HEIGHT="52" HPOS="1358" VPOS="522" WIDTH="31" />
<String CONTENT="by" HEIGHT="65" HPOS="1390" VPOS="522" WIDTH="72" />
<SP HEIGHT="65" HPOS="1463" VPOS="522" WIDTH="28" />
<String CONTENT="John" HEIGHT="55" HPOS="1492" VPOS="522" WIDTH="156" />
<SP HEIGHT="51" HPOS="1649" VPOS="523" WIDTH="31" />
<String CONTENT="Bransby." HEIGHT="65" HPOS="1681" VPOS="521" WIDTH="280" />
<SP HEIGHT="49" HPOS="1962" VPOS="523" WIDTH="65" />
<String CONTENT="Boston" HEIGHT="137" HPOS="174" VPOS="519" WIDTH="1968" />
</TextLine>
<TextLine HEIGHT="72" HPOS="302" STYLEREFS="StyleId-514E9E37-B526-49C5-9182-F8D3C5AA164F-" VPOS="597" WIDTH="1597">
<String CONTENT="and" HEIGHT="53" HPOS="302" VPOS="600" WIDTH="112" />
<SP HEIGHT="52" HPOS="415" VPOS="600" WIDTH="33" />
<String CONTENT="New" HEIGHT="52" HPOS="449" VPOS="600" WIDTH="137" />
<SP HEIGHT="51" HPOS="587" VPOS="601" WIDTH="32" />
<String CONTENT="York," HEIGHT="67" HPOS="620" VPOS="600" WIDTH="179" />
<SP HEIGHT="66" HPOS="800" VPOS="601" WIDTH="32" />
<String CONTENT="Houghton" HEIGHT="67" HPOS="833" VPOS="600" WIDTH="315" />
<SP HEIGHT="54" HPOS="1149" VPOS="598" WIDTH="31" />
<String CONTENT="Mifflin" HEIGHT="52" HPOS="1181" VPOS="599" WIDTH="202" />
<SP HEIGHT="34" HPOS="1384" VPOS="617" WIDTH="30" />
<String CONTENT="company," HEIGHT="48" HPOS="1415" VPOS="616" WIDTH="298" />
<SP HEIGHT="60" HPOS="1714" VPOS="604" WIDTH="33" />
<String CONTENT="1934." HEIGHT="49" HPOS="1748" VPOS="602" WIDTH="151" />
</TextLine>
<TextLine CS="1" HEIGHT="56" HPOS="241" VPOS="667" WIDTH="1122">
<String CONTENT="6" HEIGHT="40" HPOS="241" VPOS="671" WIDTH="28" />
<SP HEIGHT="48" HPOS="270" VPOS="671" WIDTH="23" />
<String CONTENT="p." HEIGHT="38" HPOS="294" VPOS="681" WIDTH="43" />
<SP />
<String CONTENT="l.," CS="1" />
<SP HEIGHT="28" HPOS="409" VPOS="692" WIDTH="29" />
<String CONTENT="[3]-282" CS="1" HEIGHT="50" HPOS="451" VPOS="671" WIDTH="163" />
<SP HEIGHT="49" HPOS="615" VPOS="672" WIDTH="25" />
<String CONTENT="p.," HEIGHT="37" HPOS="641" VPOS="684" WIDTH="56" />
<SP HEIGHT="47" HPOS="698" VPOS="673" WIDTH="28" />
<String CONTENT="1" HEIGHT="40" HPOS="727" VPOS="673" WIDTH="23" />
<SP />
<String CONTENT="l." CS="1" />
<SP HEIGHT="41" HPOS="809" VPOS="673" WIDTH="51" />
<String CONTENT="front.," HEIGHT="47" HPOS="861" VPOS="673" WIDTH="163" />
<SP HEIGHT="48" HPOS="1025" VPOS="672" WIDTH="26" />
<String CONTENT="23" HEIGHT="40" HPOS="1052" VPOS="671" WIDTH="55" />
<SP HEIGHT="49" HPOS="1108" VPOS="671" WIDTH="24" />
<String CONTENT="pl." CS="1" HEIGHT="38" HPOS="1133" VPOS="683" WIDTH="60" />
<SP HEIGHT="41" HPOS="1194" VPOS="670" WIDTH="53" />
<String CONTENT="21" HEIGHT="41" HPOS="1248" VPOS="670" WIDTH="55" />
<String CONTENT="cm" CS="1" HEIGHT="22" HPOS="1307" STYLE="superscript" VPOS="673" WIDTH="15" />
<String CONTENT="." HEIGHT="8" HPOS="1356" VPOS="703" WIDTH="7" />
</TextLine>
<TextLine HEIGHT="56" HPOS="241" VPOS="724" WIDTH="1924">
<String CONTENT="Frontispiece" HEIGHT="51" HPOS="241" VPOS="725" WIDTH="332" />
<SP HEIGHT="30" HPOS="573" VPOS="740" WIDTH="25" />
<String CONTENT="accompanied" HEIGHT="49" HPOS="598" VPOS="728" WIDTH="341" />
<SP HEIGHT="40" HPOS="940" VPOS="729" WIDTH="24" />
<String CONTENT="by" HEIGHT="47" HPOS="964" VPOS="729" WIDTH="60" />
<SP HEIGHT="37" HPOS="1024" VPOS="740" WIDTH="28" />
<String CONTENT="guard" HEIGHT="50" HPOS="1052" VPOS="728" WIDTH="152" />
<SP HEIGHT="38" HPOS="1205" VPOS="729" WIDTH="26" />
<String CONTENT="sheet" HEIGHT="40" HPOS="1232" VPOS="728" WIDTH="134" />
<SP HEIGHT="39" HPOS="1367" VPOS="729" WIDTH="24" />
<String CONTENT="with" HEIGHT="40" HPOS="1392" VPOS="727" WIDTH="119" />
<SP HEIGHT="39" HPOS="1512" VPOS="728" WIDTH="24" />
<String CONTENT="descriptive" HEIGHT="49" HPOS="1536" VPOS="727" WIDTH="294" />
<SP HEIGHT="40" HPOS="1831" VPOS="729" WIDTH="25" />
<String CONTENT="letterpress;" HEIGHT="48" HPOS="1856" VPOS="729" WIDTH="309" />
</TextLine>
<TextLine HEIGHT="59" HPOS="170" VPOS="779" WIDTH="1942">
<String CONTENT="descriptive" HEIGHT="49" HPOS="170" VPOS="784" WIDTH="291" />
<SP HEIGHT="39" HPOS="462" VPOS="787" WIDTH="31" />
<String CONTENT="letterpress" HEIGHT="48" HPOS="494" VPOS="787" WIDTH="280" />
<SP HEIGHT="29" HPOS="775" VPOS="797" WIDTH="29" />
<String CONTENT="on" HEIGHT="29" HPOS="805" VPOS="797" WIDTH="57" />
<SP HEIGHT="27" HPOS="863" VPOS="797" WIDTH="30" />
<String CONTENT="versos" HEIGHT="30" HPOS="894" VPOS="795" WIDTH="164" />
<SP HEIGHT="41" HPOS="1059" VPOS="784" WIDTH="26" />
<String CONTENT="facing" HEIGHT="49" HPOS="1086" VPOS="784" WIDTH="166" />
<SP HEIGHT="39" HPOS="1253" VPOS="794" WIDTH="27" />
<String CONTENT="plates:" HEIGHT="48" HPOS="1281" VPOS="784" WIDTH="183" />
<SP HEIGHT="30" HPOS="1465" VPOS="795" WIDTH="30" />
<String CONTENT="maps" HEIGHT="39" HPOS="1496" VPOS="794" WIDTH="137" />
<SP HEIGHT="29" HPOS="1634" VPOS="796" WIDTH="28" />
<String CONTENT="on" HEIGHT="28" HPOS="1663" VPOS="796" WIDTH="56" />
<SP HEIGHT="38" HPOS="1720" VPOS="785" WIDTH="30" />
<String CONTENT="lining-papers." HEIGHT="51" HPOS="1751" VPOS="783" WIDTH="361" />
</TextLine>
<TextLine HEIGHT="60" HPOS="173" VPOS="847" WIDTH="1998">
<String CONTENT="&#169;" HEIGHT="50" HPOS="173" VPOS="852" WIDTH="50" />
<SP HEIGHT="50" HPOS="224" VPOS="852" WIDTH="30" />
<String CONTENT="Nov." HEIGHT="41" HPOS="255" VPOS="855" WIDTH="114" />
<SP HEIGHT="36" HPOS="370" VPOS="857" WIDTH="31" />
<String CONTENT="23." HEIGHT="38" HPOS="402" VPOS="857" WIDTH="67" />
<SP HEIGHT="38" HPOS="470" VPOS="857" WIDTH="31" />
<String CONTENT="1934:" HEIGHT="40" HPOS="502" VPOS="855" WIDTH="139" />
<SP HEIGHT="38" HPOS="642" VPOS="857" WIDTH="32" />
<String CONTENT="2c." HEIGHT="39" HPOS="675" VPOS="857" WIDTH="65" />
<SP HEIGHT="28" HPOS="741" VPOS="868" WIDTH="31" />
<String CONTENT="and" HEIGHT="39" HPOS="773" VPOS="857" WIDTH="94" />
<SP HEIGHT="38" HPOS="868" VPOS="857" WIDTH="29" />
<String CONTENT="aff." HEIGHT="39" HPOS="898" VPOS="856" WIDTH="80" />
<SP HEIGHT="40" HPOS="979" VPOS="855" WIDTH="30" />
<String CONTENT="Nov." HEIGHT="38" HPOS="1010" VPOS="855" WIDTH="115" />
<SP HEIGHT="35" HPOS="1126" VPOS="857" WIDTH="30" />
<String CONTENT="26;" HEIGHT="44" HPOS="1157" VPOS="857" WIDTH="80" />
<SP HEIGHT="46" HPOS="1238" VPOS="855" WIDTH="33" />
<String CONTENT="A" HEIGHT="37" HPOS="1272" VPOS="855" WIDTH="39" />
<SP HEIGHT="38" HPOS="1312" VPOS="855" WIDTH="30" />
<String CONTENT="78275;" HEIGHT="46" HPOS="1343" VPOS="853" WIDTH="169" />
<SP HEIGHT="44" HPOS="1513" VPOS="855" WIDTH="36" />
<String CONTENT="Emma" HEIGHT="40" HPOS="1550" VPOS="855" WIDTH="167" />
<SP HEIGHT="39" HPOS="1718" VPOS="856" WIDTH="33" />
<String CONTENT="Lindsay" HEIGHT="48" HPOS="1752" VPOS="854" WIDTH="212" />
<SP HEIGHT="48" HPOS="1965" VPOS="854" WIDTH="32" />
<String CONTENT="Squier" HEIGHT="52" HPOS="1998" VPOS="851" WIDTH="173" />
</TextLine>
<TextLine CS="1" HEIGHT="53" HPOS="285" VPOS="909" WIDTH="997">
<String CONTENT="Bransby." CS="1" HEIGHT="46" HPOS="285" VPOS="913" WIDTH="192" />
<SP HEIGHT="40" HPOS="478" VPOS="913" WIDTH="27" />
<String CONTENT="Cambridge." HEIGHT="48" HPOS="506" VPOS="913" WIDTH="299" />
<SP HEIGHT="39" HPOS="806" VPOS="914" WIDTH="31" />
<String CONTENT="Md." HEIGHT="39" HPOS="838" VPOS="914" WIDTH="92" />
<SP HEIGHT="47" HPOS="931" VPOS="912" WIDTH="72" />
<String CONTENT="(34-39878)" HEIGHT="49" HPOS="1004" VPOS="911" WIDTH="278" />
</TextLine>
<TextLine HEIGHT="66" HPOS="170" STYLEREFS="StyleId-76843157-0688-442A-96F4-DCEAE252FAC3-" VPOS="1014" WIDTH="891">
<String CONTENT="Stone," HEIGHT="64" HPOS="170" VPOS="1014" WIDTH="198" />
<SP HEIGHT="62" HPOS="369" VPOS="1016" WIDTH="27" />
<String CONTENT="Julius" HEIGHT="53" HPOS="397" VPOS="1015" WIDTH="196" />
<SP HEIGHT="51" HPOS="594" VPOS="1017" WIDTH="26" />
<String CONTENT="Frederick," HEIGHT="65" HPOS="621" VPOS="1015" WIDTH="334" />
<SP HEIGHT="64" HPOS="956" VPOS="1016" WIDTH="29" />
<String CONTENT="jr." HEIGHT="63" HPOS="986" VPOS="1016" WIDTH="75" />
</TextLine>
<TextLine HEIGHT="74" HPOS="242" STYLEREFS="StyleId-514E9E37-B526-49C5-9182-F8D3C5AA164F-" VPOS="1089" WIDTH="1928">
<String CONTENT="Compulsory" HEIGHT="67" HPOS="242" VPOS="1091" WIDTH="381" />
<SP HEIGHT="47" HPOS="624" VPOS="1111" WIDTH="39" />
<String CONTENT="spending;" HEIGHT="69" HPOS="664" VPOS="1091" WIDTH="311" />
<SP HEIGHT="46" HPOS="976" VPOS="1111" WIDTH="45" />
<String CONTENT="an" HEIGHT="33" HPOS="1022" VPOS="1111" WIDTH="71" />
<SP HEIGHT="33" HPOS="1094" VPOS="1111" WIDTH="41" />
<String CONTENT="economic" HEIGHT="53" HPOS="1136" VPOS="1092" WIDTH="283" />
<SP HEIGHT="47" HPOS="1420" VPOS="1111" WIDTH="41" />
<String CONTENT="proposal;" HEIGHT="67" HPOS="1462" VPOS="1092" WIDTH="297" />
<SP HEIGHT="47" HPOS="1760" VPOS="1110" WIDTH="44" />
<String CONTENT="a" HEIGHT="34" HPOS="1805" VPOS="1112" WIDTH="31" />
<SP HEIGHT="35" HPOS="1837" VPOS="1111" WIDTH="41" />
<String CONTENT="means" HEIGHT="35" HPOS="1879" VPOS="1110" WIDTH="191" />
<SP HEIGHT="47" HPOS="2071" VPOS="1097" WIDTH="38" />
<String CONTENT="to" HEIGHT="47" HPOS="2110" VPOS="1097" WIDTH="60" />
</TextLine>
<TextLine HEIGHT="76" HPOS="175" STYLEREFS="StyleId-514E9E37-B526-49C5-9182-F8D3C5AA164F-" VPOS="1165" WIDTH="1998">
<String CONTENT="permanent" HEIGHT="62" HPOS="175" VPOS="1174" WIDTH="333" />
<SP HEIGHT="61" HPOS="508" VPOS="1175" WIDTH="45" />
<String CONTENT="prosperity" HEIGHT="68" HPOS="553" VPOS="1170" WIDTH="325" />
<SP HEIGHT="60" HPOS="878" VPOS="1176" WIDTH="44" />
<String CONTENT="through" HEIGHT="66" HPOS="922" VPOS="1170" WIDTH="253" />
<SP HEIGHT="55" HPOS="1175" VPOS="1168" WIDTH="44" />
<String CONTENT="forced" HEIGHT="53" HPOS="1219" VPOS="1169" WIDTH="197" />
<SP HEIGHT="53" HPOS="1416" VPOS="1169" WIDTH="47" />
<String CONTENT="circulation" HEIGHT="55" HPOS="1463" VPOS="1168" WIDTH="337" />
<SP HEIGHT="34" HPOS="1800" VPOS="1188" WIDTH="45" />
<String CONTENT="of" HEIGHT="52" HPOS="1845" VPOS="1170" WIDTH="63" />
<SP HEIGHT="51" HPOS="1908" VPOS="1170" WIDTH="44" />
<String CONTENT="money," HEIGHT="49" HPOS="1952" VPOS="1187" WIDTH="221" />
</TextLine>
<TextLine CS="1" HEIGHT="153" HPOS="172" STYLEREFS="StyleId-514E9E37-B526-49C5-9182-F8D3C5AA164F-" VPOS="1242" WIDTH="1973">
<String CONTENT="by" HEIGHT="66" HPOS="172" VPOS="1246" WIDTH="73" />
<SP HEIGHT="66" HPOS="246" VPOS="1246" WIDTH="38" />
<String CONTENT="Julius" HEIGHT="55" HPOS="285" VPOS="1245" WIDTH="194" />
<SP HEIGHT="52" HPOS="480" VPOS="1247" WIDTH="37" />
<String CONTENT="F." HEIGHT="52" HPOS="518" VPOS="1247" WIDTH="66" />
<SP HEIGHT="56" HPOS="585" VPOS="1245" WIDTH="39" />
<String CONTENT="Stone," HEIGHT="69" HPOS="625" VPOS="1245" WIDTH="192" />
<SP HEIGHT="66" HPOS="818" VPOS="1248" WIDTH="36" />
<String CONTENT="jr." HEIGHT="65" HPOS="855" VPOS="1248" WIDTH="71" />
<SP HEIGHT="11" HPOS="927" VPOS="1289" WIDTH="42" />
<String CONTENT="&#8230;" CS="1" />
<SP HEIGHT="53" HPOS="1025" VPOS="1247" WIDTH="75" />
<String CONTENT="Washington," HEIGHT="68" HPOS="1101" VPOS="1245" WIDTH="402" />
<SP HEIGHT="66" HPOS="1504" VPOS="1247" WIDTH="37" />
<String CONTENT="D." HEIGHT="51" HPOS="1542" VPOS="1247" WIDTH="72" />
<SP HEIGHT="56" HPOS="1615" VPOS="1245" WIDTH="38" />
<String CONTENT="C.," HEIGHT="65" HPOS="1654" VPOS="1246" WIDTH="82" />
<SP HEIGHT="63" HPOS="1737" VPOS="1248" WIDTH="34" />
<String CONTENT="Ransdell" HEIGHT="53" HPOS="1772" VPOS="1247" WIDTH="276" />
<SP HEIGHT="52" HPOS="2049" VPOS="1247" WIDTH="36" />
<String CONTENT="incorporated" HEIGHT="152" HPOS="172" VPOS="1243" WIDTH="1973" />
<SP HEIGHT="66" HPOS="509" VPOS="1325" WIDTH="37" />
<String CONTENT="[" CS="1" />
<String CONTENT="c" HEIGHT="21" HPOS="565" STYLE="superscript" VPOS="1330" WIDTH="16" />
<String CONTENT="1934]" HEIGHT="63" HPOS="587" VPOS="1327" WIDTH="152" />
</TextLine>
<TextLine HEIGHT="50" HPOS="242" STYLEREFS="StyleId-514E9E37-B526-49C5-9182-F8D3C5AA164F-" VPOS="1395" WIDTH="411">
<String CONTENT="x," HEIGHT="38" HPOS="242" VPOS="1405" WIDTH="43" />
<SP HEIGHT="48" HPOS="286" VPOS="1396" WIDTH="33" />
<String CONTENT="142" HEIGHT="39" HPOS="320" VPOS="1396" WIDTH="83" />
<SP HEIGHT="49" HPOS="404" VPOS="1396" WIDTH="30" />
<String CONTENT="p." HEIGHT="37" HPOS="435" VPOS="1408" WIDTH="41" />
<SP HEIGHT="39" HPOS="477" VPOS="1397" WIDTH="60" />
<String CONTENT="21" HEIGHT="38" HPOS="538" VPOS="1397" WIDTH="53" />
<String CONTENT="cm" HEIGHT="22" HPOS="597" STYLE="superscript" VPOS="1398" WIDTH="43" />
<String CONTENT="." HEIGHT="7" HPOS="645" VPOS="1429" WIDTH="8" />
</TextLine>
<TextLine HEIGHT="55" HPOS="177" VPOS="1463" WIDTH="1719">
<String CONTENT="&#169;" HEIGHT="51" HPOS="177" VPOS="1463" WIDTH="55" />
<SP HEIGHT="51" HPOS="233" VPOS="1463" WIDTH="22" />
<String CONTENT="May" HEIGHT="48" HPOS="256" VPOS="1467" WIDTH="112" />
<SP HEIGHT="47" HPOS="369" VPOS="1468" WIDTH="27" />
<String CONTENT="15," HEIGHT="47" HPOS="397" VPOS="1468" WIDTH="68" />
<SP HEIGHT="47" HPOS="466" VPOS="1468" WIDTH="27" />
<String CONTENT="1934:" HEIGHT="41" HPOS="494" VPOS="1466" WIDTH="140" />
<SP HEIGHT="37" HPOS="635" VPOS="1470" WIDTH="30" />
<String CONTENT="2c." HEIGHT="38" HPOS="666" VPOS="1470" WIDTH="65" />
<SP HEIGHT="30" HPOS="732" VPOS="1479" WIDTH="29" />
<String CONTENT="and" HEIGHT="38" HPOS="762" VPOS="1469" WIDTH="94" />
<SP HEIGHT="39" HPOS="857" VPOS="1469" WIDTH="27" />
<String CONTENT="aff." HEIGHT="40" HPOS="885" VPOS="1468" WIDTH="80" />
<SP HEIGHT="37" HPOS="966" VPOS="1468" WIDTH="28" />
<String CONTENT="Nov." HEIGHT="40" HPOS="995" VPOS="1468" WIDTH="117" />
<SP HEIGHT="41" HPOS="1113" VPOS="1467" WIDTH="30" />
<String CONTENT="20;" HEIGHT="49" HPOS="1144" VPOS="1466" WIDTH="79" />
<SP HEIGHT="47" HPOS="1224" VPOS="1468" WIDTH="32" />
<String CONTENT="A" HEIGHT="39" HPOS="1257" VPOS="1468" WIDTH="42" />
<SP HEIGHT="39" HPOS="1300" VPOS="1468" WIDTH="26" />
<String CONTENT="77284;" HEIGHT="47" HPOS="1327" VPOS="1467" WIDTH="168" />
<SP HEIGHT="47" HPOS="1496" VPOS="1467" WIDTH="32" />
<String CONTENT="Ransdell." HEIGHT="42" HPOS="1529" VPOS="1467" WIDTH="246" />
<SP HEIGHT="40" HPOS="1776" VPOS="1469" WIDTH="32" />
<String CONTENT="inc." HEIGHT="39" HPOS="1809" VPOS="1469" WIDTH="87" />
</TextLine>
<TextLine HEIGHT="50" HPOS="254" VPOS="1522" WIDTH="277">
<String CONTENT="(34-39868)" HEIGHT="50" HPOS="254" VPOS="1522" WIDTH="277" />
</TextLine>
<TextLine HEIGHT="68" HPOS="174" STYLEREFS="StyleId-76843157-0688-442A-96F4-DCEAE252FAC3-" VPOS="1625" WIDTH="922">
<String CONTENT="Stong," HEIGHT="67" HPOS="174" VPOS="1625" WIDTH="206" />
<SP HEIGHT="63" HPOS="380" VPOS="1629" WIDTH="28" />
<String CONTENT="Philip" HEIGHT="65" HPOS="408" VPOS="1626" WIDTH="192" />
<SP HEIGHT="62" HPOS="600" VPOS="1629" WIDTH="28" />
<String CONTENT="Duffield," HEIGHT="65" HPOS="628" VPOS="1627" WIDTH="267" />
<SP HEIGHT="57" HPOS="895" VPOS="1635" WIDTH="31" />
<String CONTENT="1899-" HEIGHT="48" HPOS="926" VPOS="1634" WIDTH="170" />
</TextLine>
<TextLine CS="1" HEIGHT="73" HPOS="244" STYLEREFS="StyleId-514E9E37-B526-49C5-9182-F8D3C5AA164F-" VPOS="1703" WIDTH="1925">
<String CONTENT="Farm" HEIGHT="52" HPOS="244" VPOS="1703" WIDTH="176" />
<SP HEIGHT="52" HPOS="421" VPOS="1704" WIDTH="24" />
<String CONTENT="boy;" HEIGHT="67" HPOS="446" VPOS="1704" WIDTH="138" />
<SP HEIGHT="46" HPOS="585" VPOS="1724" WIDTH="32" />
<String CONTENT="a" HEIGHT="33" HPOS="618" VPOS="1724" WIDTH="25" />
<SP HEIGHT="52" HPOS="644" VPOS="1705" WIDTH="31" />
<String CONTENT="hunt" HEIGHT="53" HPOS="676" VPOS="1705" WIDTH="144" />
<SP HEIGHT="52" HPOS="821" VPOS="1706" WIDTH="26" />
<String CONTENT="for" HEIGHT="50" HPOS="848" VPOS="1706" WIDTH="95" />
<SP HEIGHT="51" HPOS="944" VPOS="1707" WIDTH="23" />
<String CONTENT="Indian" HEIGHT="55" HPOS="968" VPOS="1705" WIDTH="216" />
<SP HEIGHT="49" HPOS="1185" VPOS="1711" WIDTH="24" />
<String CONTENT="treasure," HEIGHT="53" HPOS="1210" VPOS="1711" WIDTH="269" />
<SP HEIGHT="37" HPOS="1480" VPOS="1727" WIDTH="26" />
<String CONTENT="story" HEIGHT="63" HPOS="1507" VPOS="1711" WIDTH="157" />
<SP HEIGHT="66" HPOS="1665" VPOS="1708" WIDTH="27" />
<String CONTENT="by" HEIGHT="64" HPOS="1693" VPOS="1708" WIDTH="73" />
<SP HEIGHT="61" HPOS="1767" VPOS="1711" WIDTH="27" />
<String CONTENT="Phil" HEIGHT="52" HPOS="1795" VPOS="1709" WIDTH="135" />
<SP HEIGHT="54" HPOS="1931" VPOS="1710" WIDTH="27" />
<String CONTENT="Stong;" HEIGHT="66" HPOS="1959" VPOS="1710" WIDTH="210" />
</TextLine>
<TextLine CS="1" HEIGHT="77" HPOS="174" STYLEREFS="StyleId-514E9E37-B526-49C5-9182-F8D3C5AA164F-" VPOS="1779" WIDTH="2000">
<String CONTENT="pictures" HEIGHT="71" HPOS="174" VPOS="1779" WIDTH="248" />
<SP />
<String CONTENT="by" CS="1" />
<SP />
<String CONTENT="Kurt" HEIGHT="52" HPOS="592" VPOS="1784" WIDTH="154" />
<SP HEIGHT="52" HPOS="747" VPOS="1786" WIDTH="45" />
<String CONTENT="Wiese." HEIGHT="55" HPOS="793" VPOS="1783" WIDTH="201" />
<SP HEIGHT="54" HPOS="995" VPOS="1783" WIDTH="83" />
<String CONTENT="Garden" HEIGHT="55" HPOS="1079" VPOS="1783" WIDTH="231" />
<SP HEIGHT="55" HPOS="1311" VPOS="1785" WIDTH="47" />
<String CONTENT="City," HEIGHT="66" HPOS="1359" VPOS="1785" WIDTH="153" />
<SP HEIGHT="54" HPOS="1513" VPOS="1787" WIDTH="47" />
<String CONTENT="N." HEIGHT="52" HPOS="1561" VPOS="1787" WIDTH="67" />
<SP HEIGHT="51" HPOS="1629" VPOS="1788" WIDTH="51" />
<String CONTENT="Y.," HEIGHT="55" HPOS="1681" VPOS="1788" WIDTH="88" />
<SP HEIGHT="55" HPOS="1770" VPOS="1788" WIDTH="46" />
<String CONTENT="Doubleday," HEIGHT="70" HPOS="1817" VPOS="1786" WIDTH="357" />
</TextLine>
<TextLine CS="1" HEIGHT="70" HPOS="175" STYLEREFS="StyleId-514E9E37-B526-49C5-9182-F8D3C5AA164F-" VPOS="1859" WIDTH="921">
<String CONTENT="Doran" HEIGHT="53" HPOS="175" VPOS="1859" WIDTH="198" />
<SP HEIGHT="49" HPOS="374" VPOS="1864" WIDTH="23" />
<String CONTENT="&amp;" HEIGHT="49" HPOS="398" VPOS="1864" WIDTH="46" />
<SP HEIGHT="50" HPOS="445" VPOS="1864" WIDTH="23" />
<String CONTENT="company," HEIGHT="51" HPOS="469" VPOS="1878" WIDTH="298" />
<SP HEIGHT="67" HPOS="768" VPOS="1861" WIDTH="22" />
<String CONTENT="inc.," CS="1" HEIGHT="51" HPOS="791" VPOS="1861" WIDTH="91" />
<SP HEIGHT="50" HPOS="918" VPOS="1866" WIDTH="31" />
<String CONTENT="1934." HEIGHT="51" HPOS="950" VPOS="1865" WIDTH="146" />
</TextLine>
<TextLine HEIGHT="52" HPOS="246" VPOS="1931" WIDTH="1196">
<String CONTENT="80" HEIGHT="42" HPOS="246" VPOS="1932" WIDTH="57" />
<SP HEIGHT="48" HPOS="304" VPOS="1933" WIDTH="21" />
<String CONTENT="p." HEIGHT="36" HPOS="326" VPOS="1945" WIDTH="43" />
<SP HEIGHT="42" HPOS="370" VPOS="1934" WIDTH="25" />
<String CONTENT="incl." HEIGHT="39" HPOS="396" VPOS="1934" WIDTH="109" />
<SP HEIGHT="38" HPOS="506" VPOS="1934" WIDTH="26" />
<String CONTENT="col." HEIGHT="38" HPOS="533" VPOS="1934" WIDTH="84" />
<SP HEIGHT="39" HPOS="618" VPOS="1933" WIDTH="25" />
<String CONTENT="front.," HEIGHT="47" HPOS="644" VPOS="1933" WIDTH="163" />
<SP HEIGHT="45" HPOS="808" VPOS="1935" WIDTH="28" />
<String CONTENT="illus." HEIGHT="38" HPOS="837" VPOS="1935" WIDTH="125" />
<SP HEIGHT="48" HPOS="963" VPOS="1934" WIDTH="29" />
<String CONTENT="(part" HEIGHT="48" HPOS="993" VPOS="1934" WIDTH="136" />
<SP HEIGHT="38" HPOS="1130" VPOS="1936" WIDTH="22" />
<String CONTENT="col.)" HEIGHT="49" HPOS="1153" VPOS="1933" WIDTH="111" />
<SP HEIGHT="48" HPOS="1265" VPOS="1934" WIDTH="60" />
<String CONTENT="26" HEIGHT="41" HPOS="1326" VPOS="1934" WIDTH="58" />
<String CONTENT="cm" HEIGHT="20" HPOS="1384" STYLE="superscript" VPOS="1939" WIDTH="44" />
<String CONTENT="." HEIGHT="6" HPOS="1435" VPOS="1971" WIDTH="7" />
</TextLine>
<TextLine HEIGHT="50" HPOS="248" VPOS="1990" WIDTH="940">
<String CONTENT="Illustrated" HEIGHT="39" HPOS="248" VPOS="1991" WIDTH="286" />
<SP HEIGHT="37" HPOS="535" VPOS="1992" WIDTH="28" />
<String CONTENT="lining-papers" HEIGHT="48" HPOS="564" VPOS="1991" WIDTH="354" />
<SP HEIGHT="38" HPOS="919" VPOS="1992" WIDTH="22" />
<String CONTENT="in" HEIGHT="38" HPOS="942" VPOS="1992" WIDTH="50" />
<SP HEIGHT="28" HPOS="993" VPOS="2003" WIDTH="27" />
<String CONTENT="colors." HEIGHT="39" HPOS="1021" VPOS="1993" WIDTH="167" />
</TextLine>
<TextLine HEIGHT="43" HPOS="249" VPOS="2045" WIDTH="414">
<String CONTENT="&#8220;First" HEIGHT="40" HPOS="249" VPOS="2047" WIDTH="159" />
<SP HEIGHT="38" HPOS="409" VPOS="2050" WIDTH="26" />
<String CONTENT="edition.&#8221;" HEIGHT="42" HPOS="436" VPOS="2046" WIDTH="227" />
</TextLine>
<TextLine HEIGHT="59" HPOS="179" VPOS="2113" WIDTH="1997">
<String CONTENT="&#169;" HEIGHT="51" HPOS="179" VPOS="2113" WIDTH="51" />
<SP HEIGHT="51" HPOS="231" VPOS="2113" WIDTH="26" />
<String CONTENT="Nov." HEIGHT="40" HPOS="258" VPOS="2117" WIDTH="117" />
<SP HEIGHT="38" HPOS="376" VPOS="2119" WIDTH="26" />
<String CONTENT="14," HEIGHT="39" HPOS="403" VPOS="2119" WIDTH="68" />
<SP HEIGHT="39" HPOS="472" VPOS="2119" WIDTH="26" />
<String CONTENT="1934;" HEIGHT="41" HPOS="499" VPOS="2117" WIDTH="140" />
<SP HEIGHT="40" HPOS="640" VPOS="2118" WIDTH="27" />
<String CONTENT="2c." HEIGHT="42" HPOS="668" VPOS="2118" WIDTH="67" />
<SP HEIGHT="29" HPOS="736" VPOS="2131" WIDTH="26" />
<String CONTENT="and" HEIGHT="38" HPOS="763" VPOS="2120" WIDTH="96" />
<SP HEIGHT="37" HPOS="860" VPOS="2120" WIDTH="24" />
<String CONTENT="aff." HEIGHT="39" HPOS="885" VPOS="2118" WIDTH="80" />
<SP HEIGHT="37" HPOS="966" VPOS="2120" WIDTH="30" />
<String CONTENT="Nov." HEIGHT="40" HPOS="997" VPOS="2120" WIDTH="117" />
<SP HEIGHT="41" HPOS="1115" VPOS="2119" WIDTH="25" />
<String CONTENT="30:" HEIGHT="42" HPOS="1141" VPOS="2118" WIDTH="81" />
<SP HEIGHT="39" HPOS="1223" VPOS="2121" WIDTH="30" />
<String CONTENT="A" HEIGHT="37" HPOS="1254" VPOS="2121" WIDTH="40" />
<SP HEIGHT="38" HPOS="1295" VPOS="2121" WIDTH="26" />
<String CONTENT="77372;" HEIGHT="45" HPOS="1322" VPOS="2120" WIDTH="168" />
<SP HEIGHT="43" HPOS="1491" VPOS="2122" WIDTH="30" />
<String CONTENT="Phil" HEIGHT="40" HPOS="1522" VPOS="2120" WIDTH="109" />
<SP HEIGHT="40" HPOS="1632" VPOS="2122" WIDTH="29" />
<String CONTENT="Stong." HEIGHT="47" HPOS="1662" VPOS="2122" WIDTH="163" />
<SP HEIGHT="39" HPOS="1826" VPOS="2123" WIDTH="28" />
<String CONTENT="Washington" HEIGHT="50" HPOS="1855" VPOS="2122" WIDTH="321" />
</TextLine>
<TextLine HEIGHT="50" HPOS="248" VPOS="2173" WIDTH="702">
<String CONTENT="Green." HEIGHT="40" HPOS="248" VPOS="2175" WIDTH="168" />
<SP HEIGHT="38" HPOS="417" VPOS="2177" WIDTH="33" />
<String CONTENT="Conn." HEIGHT="36" HPOS="451" VPOS="2177" WIDTH="146" />
<SP HEIGHT="46" HPOS="598" VPOS="2175" WIDTH="71" />
<String CONTENT="(34-39940)" HEIGHT="49" HPOS="670" VPOS="2174" WIDTH="280" />
</TextLine>
<TextLine HEIGHT="67" HPOS="176" STYLEREFS="StyleId-76843157-0688-442A-96F4-DCEAE252FAC3-" VPOS="2275" WIDTH="1047">
<String CONTENT="Tarbell," HEIGHT="65" HPOS="176" VPOS="2275" WIDTH="249" />
<SP HEIGHT="64" HPOS="426" VPOS="2276" WIDTH="28" />
<String CONTENT="Arthur" HEIGHT="54" HPOS="455" VPOS="2276" WIDTH="234" />
<SP HEIGHT="51" HPOS="690" VPOS="2279" WIDTH="25" />
<String CONTENT="Wilson," HEIGHT="65" HPOS="716" VPOS="2276" WIDTH="240" />
<SP HEIGHT="54" HPOS="957" VPOS="2287" WIDTH="30" />
<String CONTENT="1872-" HEIGHT="54" HPOS="988" VPOS="2280" WIDTH="168" />
<SP HEIGHT="20" HPOS="1157" VPOS="2300" WIDTH="55" />
<String CONTENT="&#183;" HEIGHT="8" HPOS="1213" VPOS="2301" WIDTH="10" />
</TextLine>
<TextLine CS="1" HEIGHT="137" HPOS="179" STYLEREFS="StyleId-514E9E37-B526-49C5-9182-F8D3C5AA164F-" VPOS="2351" WIDTH="1999">
<String CONTENT="Cape" HEIGHT="68" HPOS="247" VPOS="2351" WIDTH="156" />
<SP HEIGHT="55" HPOS="404" VPOS="2353" WIDTH="33" />
<String CONTENT="Cod" HEIGHT="55" HPOS="438" VPOS="2353" WIDTH="121" />
<SP HEIGHT="53" HPOS="560" VPOS="2354" WIDTH="32" />
<String CONTENT="ahoy!" HEIGHT="68" HPOS="593" VPOS="2353" WIDTH="178" />
<SP HEIGHT="52" HPOS="772" VPOS="2354" WIDTH="69" />
<String CONTENT="A" HEIGHT="52" HPOS="842" VPOS="2354" WIDTH="55" />
<SP HEIGHT="53" HPOS="898" VPOS="2354" WIDTH="29" />
<String CONTENT="travel" HEIGHT="50" HPOS="928" VPOS="2360" WIDTH="184" />
<SP HEIGHT="53" HPOS="1113" VPOS="2357" WIDTH="30" />
<String CONTENT="book" HEIGHT="53" HPOS="1144" VPOS="2357" WIDTH="146" />
<SP HEIGHT="51" HPOS="1291" VPOS="2358" WIDTH="29" />
<String CONTENT="for" HEIGHT="53" HPOS="1321" VPOS="2358" WIDTH="94" />
<SP HEIGHT="47" HPOS="1416" VPOS="2364" WIDTH="31" />
<String CONTENT="the" HEIGHT="53" HPOS="1448" VPOS="2358" WIDTH="94" />
<SP HEIGHT="34" HPOS="1543" VPOS="2377" WIDTH="29" />
<String CONTENT="summer" HEIGHT="35" HPOS="1573" VPOS="2377" WIDTH="246" />
<SP HEIGHT="33" HPOS="1820" VPOS="2378" WIDTH="31" />
<String CONTENT="visitor," HEIGHT="69" HPOS="1852" VPOS="2359" WIDTH="219" />
<SP HEIGHT="66" HPOS="2072" VPOS="2362" WIDTH="30" />
<String CONTENT="by" HEIGHT="66" HPOS="2103" VPOS="2362" WIDTH="75" />
<SP />
<String CONTENT="Arthur" HEIGHT="55" HPOS="179" VPOS="2429" WIDTH="224" />
<SP HEIGHT="52" HPOS="404" VPOS="2432" WIDTH="42" />
<String CONTENT="Wilson" HEIGHT="53" HPOS="447" VPOS="2431" WIDTH="222" />
</TextLine>
<TextLine HEIGHT="72" HPOS="714" STYLEREFS="StyleId-514E9E37-B526-49C5-9182-F8D3C5AA164F-" VPOS="2431" WIDTH="1462">
<String CONTENT="Tarbell." HEIGHT="54" HPOS="714" VPOS="2431" WIDTH="248" />
<SP HEIGHT="52" HPOS="963" VPOS="2433" WIDTH="77" />
<String CONTENT="New" HEIGHT="55" HPOS="1041" VPOS="2433" WIDTH="139" />
<SP HEIGHT="34" HPOS="1181" VPOS="2453" WIDTH="42" />
<String CONTENT="and" HEIGHT="52" HPOS="1224" VPOS="2436" WIDTH="113" />
<SP HEIGHT="52" HPOS="1338" VPOS="2436" WIDTH="41" />
<String CONTENT="rev." HEIGHT="36" HPOS="1380" VPOS="2453" WIDTH="116" />
<SP HEIGHT="33" HPOS="1497" VPOS="2456" WIDTH="41" />
<String CONTENT="ed." HEIGHT="53" HPOS="1539" VPOS="2437" WIDTH="85" />
<SP HEIGHT="51" HPOS="1625" VPOS="2438" WIDTH="78" />
<String CONTENT="Boston," HEIGHT="64" HPOS="1704" VPOS="2438" WIDTH="235" />
<SP HEIGHT="64" HPOS="1940" VPOS="2438" WIDTH="41" />
<String CONTENT="Little," HEIGHT="58" HPOS="1982" VPOS="2438" WIDTH="194" />
</TextLine>
<TextLine HEIGHT="69" HPOS="178" STYLEREFS="StyleId-514E9E37-B526-49C5-9182-F8D3C5AA164F-" VPOS="2508" WIDTH="884">
<String CONTENT="Brown," HEIGHT="65" HPOS="178" VPOS="2509" WIDTH="230" />
<SP HEIGHT="46" HPOS="408" VPOS="2528" WIDTH="29" />
<String CONTENT="and" HEIGHT="52" HPOS="437" VPOS="2509" WIDTH="113" />
<SP HEIGHT="52" HPOS="550" VPOS="2509" WIDTH="31" />
<String CONTENT="company," HEIGHT="51" HPOS="581" VPOS="2526" WIDTH="297" />
<SP HEIGHT="62" HPOS="878" VPOS="2513" WIDTH="29" />
<String CONTENT="1934." HEIGHT="50" HPOS="907" VPOS="2513" WIDTH="155" />
</TextLine>
<TextLine CS="1" HEIGHT="54" HPOS="251" VPOS="2579" WIDTH="1203">
<String CONTENT="xiii" HEIGHT="40" HPOS="251" VPOS="2579" WIDTH="84" />
<SP HEIGHT="47" HPOS="336" VPOS="2581" WIDTH="30" />
<String CONTENT="p.," CS="1" HEIGHT="37" HPOS="367" VPOS="2591" WIDTH="29" />
<SP HEIGHT="42" HPOS="425" VPOS="2580" WIDTH="25" />
<String CONTENT="2" HEIGHT="39" HPOS="451" VPOS="2580" WIDTH="26" />
<SP />
<String CONTENT="l.," CS="1" HEIGHT="14" HPOS="541" VPOS="2613" WIDTH="8" />
<SP HEIGHT="28" HPOS="550" VPOS="2601" WIDTH="31" />
<String CONTENT="[3]-367" CS="1" HEIGHT="50" HPOS="594" VPOS="2580" WIDTH="163" />
<SP HEIGHT="48" HPOS="758" VPOS="2582" WIDTH="25" />
<String CONTENT="p." HEIGHT="37" HPOS="784" VPOS="2593" WIDTH="41" />
<SP HEIGHT="41" HPOS="826" VPOS="2581" WIDTH="59" />
<String CONTENT="front.," HEIGHT="47" HPOS="886" VPOS="2581" WIDTH="164" />
<SP HEIGHT="38" HPOS="1051" VPOS="2594" WIDTH="26" />
<String CONTENT="plates." HEIGHT="49" HPOS="1078" VPOS="2584" WIDTH="170" />
<SP HEIGHT="39" HPOS="1249" VPOS="2585" WIDTH="60" />
<String CONTENT="19&#189;" CS="1" HEIGHT="41" HPOS="1310" VPOS="2583" WIDTH="53" />
<String CONTENT="cm" HEIGHT="21" HPOS="1398" STYLE="superscript" VPOS="2587" WIDTH="42" />
<String CONTENT="." HEIGHT="7" HPOS="1446" VPOS="2619" WIDTH="8" />
</TextLine>
<TextLine CS="1" HEIGHT="57" HPOS="251" VPOS="2635" WIDTH="1761">
<String CONTENT="&#8220;First" HEIGHT="41" HPOS="251" VPOS="2636" WIDTH="162" />
<SP HEIGHT="45" HPOS="414" VPOS="2640" WIDTH="27" />
<String CONTENT="printing," HEIGHT="49" HPOS="442" VPOS="2636" WIDTH="231" />
<SP HEIGHT="44" HPOS="674" VPOS="2636" WIDTH="29" />
<String CONTENT="July." HEIGHT="48" HPOS="704" VPOS="2636" WIDTH="128" />
<SP HEIGHT="41" HPOS="833" VPOS="2639" WIDTH="30" />
<String CONTENT="1932" HEIGHT="40" HPOS="864" VPOS="2638" WIDTH="112" />
<SP HEIGHT="40" HPOS="977" VPOS="2638" WIDTH="32" />
<String CONTENT="&#8230;" CS="1" />
<SP HEIGHT="38" HPOS="1057" VPOS="2640" WIDTH="59" />
<String CONTENT="Fifth" HEIGHT="40" HPOS="1117" VPOS="2640" WIDTH="135" />
<SP HEIGHT="49" HPOS="1253" VPOS="2641" WIDTH="27" />
<String CONTENT="printing," HEIGHT="50" HPOS="1281" VPOS="2641" WIDTH="231" />
<SP HEIGHT="43" HPOS="1513" VPOS="2641" WIDTH="31" />
<String CONTENT="November," HEIGHT="44" HPOS="1545" VPOS="2641" WIDTH="280" />
<SP HEIGHT="40" HPOS="1826" VPOS="2645" WIDTH="31" />
<String CONTENT="1934.&quot;" HEIGHT="41" HPOS="1858" VPOS="2644" WIDTH="154" />
</TextLine>
<TextLine CS="1" HEIGHT="113" HPOS="182" VPOS="2702" WIDTH="1980">
<String CONTENT="&#169;" HEIGHT="51" HPOS="182" VPOS="2702" WIDTH="51" />
<SP HEIGHT="51" HPOS="234" VPOS="2702" WIDTH="32" />
<String CONTENT="Nov." HEIGHT="40" HPOS="267" VPOS="2707" WIDTH="116" />
<SP HEIGHT="39" HPOS="384" VPOS="2708" WIDTH="34" />
<String CONTENT="33." HEIGHT="39" HPOS="419" VPOS="2708" WIDTH="66" />
<SP HEIGHT="37" HPOS="486" VPOS="2708" WIDTH="34" />
<String CONTENT="1934:" HEIGHT="39" HPOS="521" VPOS="2708" WIDTH="139" />
<SP HEIGHT="39" HPOS="661" VPOS="2708" WIDTH="32" />
<String CONTENT="2c." HEIGHT="39" HPOS="694" VPOS="2708" WIDTH="64" />
<SP HEIGHT="28" HPOS="759" VPOS="2720" WIDTH="36" />
<String CONTENT="and" HEIGHT="38" HPOS="796" VPOS="2710" WIDTH="95" />
<SP HEIGHT="39" HPOS="892" VPOS="2710" WIDTH="32" />
<String CONTENT="aff." HEIGHT="41" HPOS="925" VPOS="2708" WIDTH="81" />
<SP HEIGHT="39" HPOS="1007" VPOS="2709" WIDTH="34" />
<String CONTENT="Nov." HEIGHT="40" HPOS="1042" VPOS="2709" WIDTH="116" />
<SP HEIGHT="39" HPOS="1159" VPOS="2711" WIDTH="32" />
<String CONTENT="27;" HEIGHT="45" HPOS="1192" VPOS="2712" WIDTH="81" />
<SP HEIGHT="45" HPOS="1274" VPOS="2712" WIDTH="36" />
<String CONTENT="A" HEIGHT="38" HPOS="1311" VPOS="2712" WIDTH="42" />
<SP HEIGHT="39" HPOS="1354" VPOS="2712" WIDTH="31" />
<String CONTENT="78367;" HEIGHT="47" HPOS="1386" VPOS="2712" WIDTH="169" />
<SP HEIGHT="46" HPOS="1556" VPOS="2713" WIDTH="38" />
<String CONTENT="A." HEIGHT="39" HPOS="1595" VPOS="2713" WIDTH="50" />
<SP HEIGHT="38" HPOS="1646" VPOS="2715" WIDTH="38" />
<String CONTENT="W." HEIGHT="39" HPOS="1685" VPOS="2715" WIDTH="69" />
<SP HEIGHT="39" HPOS="1755" VPOS="2715" WIDTH="33" />
<String CONTENT="Tarbell," HEIGHT="49" HPOS="1789" VPOS="2714" WIDTH="209" />
<SP HEIGHT="47" HPOS="1999" VPOS="2716" WIDTH="35" />
<String CONTENT="Pittsburgh." HEIGHT="104" HPOS="251" VPOS="2711" WIDTH="1911" />
<SP HEIGHT="45" HPOS="417" VPOS="2765" WIDTH="72" />
<String CONTENT="(34-39883)" HEIGHT="47" HPOS="490" VPOS="2764" WIDTH="279" />
</TextLine>
<TextLine CS="1" HEIGHT="72" HPOS="187" STYLEREFS="StyleId-76843157-0688-442A-96F4-DCEAE252FAC3-" VPOS="2864" WIDTH="940">
<String CONTENT="[Taylor," HEIGHT="67" HPOS="187" VPOS="2864" WIDTH="247" />
<SP HEIGHT="59" HPOS="435" VPOS="2869" WIDTH="30" />
<String CONTENT="Marion" HEIGHT="52" HPOS="466" VPOS="2868" WIDTH="230" />
<SP HEIGHT="51" HPOS="697" VPOS="2870" WIDTH="30" />
<String CONTENT="Sayle]" CS="1" HEIGHT="64" HPOS="728" VPOS="2868" WIDTH="172" />
<SP HEIGHT="60" HPOS="920" VPOS="2876" WIDTH="38" />
<String CONTENT="1889-" HEIGHT="48" HPOS="959" VPOS="2876" WIDTH="168" />
</TextLine>
<TextLine CS="1" HEIGHT="78" HPOS="245" STYLEREFS="StyleId-514E9E37-B526-49C5-9182-F8D3C5AA164F-" VPOS="2943" WIDTH="1936">
<String CONTENT="Life" HEIGHT="52" HPOS="245" VPOS="2943" WIDTH="133" />
<SP HEIGHT="33" HPOS="378" VPOS="2962" WIDTH="38" />
<String CONTENT="must" HEIGHT="47" HPOS="416" VPOS="2949" WIDTH="151" />
<SP HEIGHT="61" HPOS="567" VPOS="2949" WIDTH="38" />
<String CONTENT="go" HEIGHT="46" HPOS="605" VPOS="2964" WIDTH="72" />
<SP HEIGHT="33" HPOS="677" VPOS="2963" WIDTH="37" />
<String CONTENT="on," HEIGHT="49" HPOS="714" VPOS="2963" WIDTH="91" />
<SP HEIGHT="65" HPOS="805" VPOS="2947" WIDTH="38" />
<String CONTENT="by" HEIGHT="67" HPOS="843" VPOS="2947" WIDTH="75" />
<SP HEIGHT="60" HPOS="918" VPOS="2954" WIDTH="37" />
<String CONTENT="the" HEIGHT="51" HPOS="955" VPOS="2948" WIDTH="93" />
<SP HEIGHT="51" HPOS="1048" VPOS="2948" WIDTH="39" />
<String CONTENT="&#8220;Voice" HEIGHT="53" HPOS="1087" VPOS="2948" WIDTH="208" />
<SP HEIGHT="35" HPOS="1295" VPOS="2968" WIDTH="38" />
<String CONTENT="of" HEIGHT="53" HPOS="1333" VPOS="2950" WIDTH="65" />
<SP HEIGHT="51" HPOS="1398" VPOS="2950" WIDTH="37" />
<String CONTENT="experience&#8221;" HEIGHT="68" HPOS="1435" VPOS="2951" WIDTH="364" />
<SP HEIGHT="66" HPOS="1799" VPOS="2952" WIDTH="42" />
<String CONTENT="[pseud.];" CS="1" HEIGHT="65" HPOS="1858" VPOS="2956" WIDTH="249" />
<SP HEIGHT="47" HPOS="2107" VPOS="2973" WIDTH="42" />
<String CONTENT="a" HEIGHT="33" HPOS="2149" VPOS="2974" WIDTH="32" />
</TextLine>
<TextLine HEIGHT="79" HPOS="180" STYLEREFS="StyleId-514E9E37-B526-49C5-9182-F8D3C5AA164F-" VPOS="3021" WIDTH="2001">
<String CONTENT="compilation" HEIGHT="66" HPOS="180" VPOS="3021" WIDTH="372" />
<SP HEIGHT="52" HPOS="553" VPOS="3022" WIDTH="44" />
<String CONTENT="from" HEIGHT="53" HPOS="598" VPOS="3022" WIDTH="151" />
<SP HEIGHT="42" HPOS="750" VPOS="3033" WIDTH="43" />
<String CONTENT="the" HEIGHT="52" HPOS="794" VPOS="3025" WIDTH="95" />
<SP HEIGHT="34" HPOS="890" VPOS="3043" WIDTH="43" />
<String CONTENT="essays," HEIGHT="50" HPOS="934" VPOS="3043" WIDTH="202" />
<SP HEIGHT="49" HPOS="1137" VPOS="3045" WIDTH="42" />
<String CONTENT="addresses" HEIGHT="53" HPOS="1180" VPOS="3028" WIDTH="291" />
<SP HEIGHT="33" HPOS="1472" VPOS="3048" WIDTH="43" />
<String CONTENT="and" HEIGHT="54" HPOS="1516" VPOS="3030" WIDTH="112" />
<SP HEIGHT="53" HPOS="1629" VPOS="3031" WIDTH="45" />
<String CONTENT="writings" HEIGHT="69" HPOS="1675" VPOS="3030" WIDTH="260" />
<SP HEIGHT="34" HPOS="1936" VPOS="3051" WIDTH="43" />
<String CONTENT="of" HEIGHT="51" HPOS="1980" VPOS="3033" WIDTH="64" />
<SP HEIGHT="52" HPOS="2045" VPOS="3033" WIDTH="40" />
<String CONTENT="the" HEIGHT="52" HPOS="2086" VPOS="3034" WIDTH="95" />
</TextLine>
<TextLine HEIGHT="81" HPOS="180" STYLEREFS="StyleId-514E9E37-B526-49C5-9182-F8D3C5AA164F-" VPOS="3098" WIDTH="2002">
<String CONTENT="&#8220;Voice" HEIGHT="55" HPOS="180" VPOS="3098" WIDTH="207" />
<SP HEIGHT="32" HPOS="388" VPOS="3119" WIDTH="51" />
<String CONTENT="of" HEIGHT="50" HPOS="440" VPOS="3101" WIDTH="64" />
<SP HEIGHT="50" HPOS="505" VPOS="3101" WIDTH="50" />
<String CONTENT="experience&#8221;." HEIGHT="69" HPOS="556" VPOS="3099" WIDTH="378" />
<SP HEIGHT="51" HPOS="935" VPOS="3104" WIDTH="75" />
<String CONTENT="New" HEIGHT="51" HPOS="1011" VPOS="3104" WIDTH="137" />
<SP HEIGHT="52" HPOS="1149" VPOS="3105" WIDTH="54" />
<String CONTENT="York," HEIGHT="59" HPOS="1204" VPOS="3106" WIDTH="177" />
<SP HEIGHT="59" HPOS="1382" VPOS="3106" WIDTH="50" />
<String CONTENT="N." HEIGHT="52" HPOS="1433" VPOS="3106" WIDTH="69" />
<SP HEIGHT="52" HPOS="1503" VPOS="3108" WIDTH="56" />
<String CONTENT="Y.," HEIGHT="68" HPOS="1560" VPOS="3108" WIDTH="88" />
<SP HEIGHT="67" HPOS="1649" VPOS="3109" WIDTH="51" />
<String CONTENT="Modern" HEIGHT="52" HPOS="1701" VPOS="3109" WIDTH="242" />
<SP HEIGHT="50" HPOS="1944" VPOS="3111" WIDTH="52" />
<String CONTENT="living" HEIGHT="68" HPOS="1997" VPOS="3111" WIDTH="185" />
</TextLine>
<TextLine HEIGHT="69" HPOS="176" STYLEREFS="StyleId-514E9E37-B526-49C5-9182-F8D3C5AA164F-" VPOS="3178" WIDTH="528">
<String CONTENT="magazine" HEIGHT="69" HPOS="176" VPOS="3178" WIDTH="295" />
<SP HEIGHT="47" HPOS="472" VPOS="3198" WIDTH="40" />
<String CONTENT="[" HEIGHT="33" HPOS="513" VPOS="3212" WIDTH="11" />
<String CONTENT="c" HEIGHT="21" HPOS="529" STYLE="superscript" VPOS="3185" WIDTH="19" />
<String CONTENT="1934]" HEIGHT="63" HPOS="553" VPOS="3181" WIDTH="151" />
</TextLine>
<TextLine CS="1" HEIGHT="48" HPOS="351" STYLEREFS="StyleId-514E9E37-B526-49C5-9182-F8D3C5AA164F-" VPOS="3252" WIDTH="238">
<String CONTENT="160.p." CS="1" HEIGHT="36" HPOS="351" VPOS="3264" WIDTH="58" />
<SP HEIGHT="39" HPOS="410" VPOS="3253" WIDTH="63" />
<String CONTENT="19" CS="1" HEIGHT="40" HPOS="503" VPOS="3252" WIDTH="25" />
<String CONTENT="cm" HEIGHT="21" HPOS="532" STYLE="superscript" VPOS="3255" WIDTH="43" />
<String CONTENT="." HEIGHT="7" HPOS="583" VPOS="3287" WIDTH="6" />
</TextLine>
<TextLine HEIGHT="64" HPOS="186" VPOS="3303" WIDTH="1996">
<String CONTENT="&#169;" HEIGHT="51" HPOS="186" VPOS="3303" WIDTH="50" />
<SP HEIGHT="51" HPOS="237" VPOS="3303" WIDTH="30" />
<String CONTENT="Oct" HEIGHT="40" HPOS="268" VPOS="3308" WIDTH="88" />
<SP HEIGHT="37" HPOS="357" VPOS="3311" WIDTH="41" />
<String CONTENT="25." HEIGHT="38" HPOS="399" VPOS="3311" WIDTH="68" />
<SP HEIGHT="38" HPOS="468" VPOS="3311" WIDTH="28" />
<String CONTENT="1934:" HEIGHT="40" HPOS="497" VPOS="3308" WIDTH="140" />
<SP HEIGHT="37" HPOS="638" VPOS="3310" WIDTH="28" />
<String CONTENT="2c." HEIGHT="42" HPOS="667" VPOS="3310" WIDTH="67" />
<SP HEIGHT="30" HPOS="735" VPOS="3322" WIDTH="28" />
<String CONTENT="and" HEIGHT="37" HPOS="764" VPOS="3313" WIDTH="94" />
<SP HEIGHT="37" HPOS="859" VPOS="3313" WIDTH="29" />
<String CONTENT="aff." HEIGHT="37" HPOS="889" VPOS="3312" WIDTH="80" />
<SP HEIGHT="38" HPOS="970" VPOS="3312" WIDTH="29" />
<String CONTENT="Nov." HEIGHT="40" HPOS="1000" VPOS="3312" WIDTH="116" />
<SP HEIGHT="36" HPOS="1117" VPOS="3316" WIDTH="29" />
<String CONTENT="6:" HEIGHT="38" HPOS="1147" VPOS="3316" WIDTH="50" />
<SP HEIGHT="38" HPOS="1198" VPOS="3316" WIDTH="32" />
<String CONTENT="A" HEIGHT="37" HPOS="1231" VPOS="3316" WIDTH="37" />
<SP HEIGHT="38" HPOS="1269" VPOS="3316" WIDTH="29" />
<String CONTENT="77113:" HEIGHT="39" HPOS="1299" VPOS="3316" WIDTH="170" />
<SP HEIGHT="38" HPOS="1470" VPOS="3317" WIDTH="28" />
<String CONTENT="Voice" HEIGHT="42" HPOS="1499" VPOS="3315" WIDTH="145" />
<SP HEIGHT="29" HPOS="1645" VPOS="3328" WIDTH="28" />
<String CONTENT="of" HEIGHT="39" HPOS="1674" VPOS="3318" WIDTH="52" />
<SP HEIGHT="38" HPOS="1727" VPOS="3318" WIDTH="24" />
<String CONTENT="experience," HEIGHT="48" HPOS="1752" VPOS="3317" WIDTH="296" />
<SP HEIGHT="47" HPOS="2049" VPOS="3319" WIDTH="27" />
<String CONTENT="inc.," HEIGHT="47" HPOS="2077" VPOS="3320" WIDTH="105" />
</TextLine>
<TextLine CS="1" HEIGHT="58" HPOS="305" VPOS="3360" WIDTH="1177">
<String CONTENT="&#8453;" CS="1" />
<SP HEIGHT="45" HPOS="305" VPOS="3360" WIDTH="31" />
<String CONTENT="Elmer" HEIGHT="38" HPOS="337" VPOS="3367" WIDTH="162" />
<SP HEIGHT="37" HPOS="500" VPOS="3367" WIDTH="28" />
<String CONTENT="A." HEIGHT="39" HPOS="529" VPOS="3367" WIDTH="52" />
<SP HEIGHT="39" HPOS="582" VPOS="3367" WIDTH="31" />
<String CONTENT="Rogers," HEIGHT="46" HPOS="614" VPOS="3367" WIDTH="195" />
<SP HEIGHT="41" HPOS="810" VPOS="3368" WIDTH="30" />
<String CONTENT="New" HEIGHT="38" HPOS="841" VPOS="3368" WIDTH="115" />
<SP HEIGHT="38" HPOS="957" VPOS="3369" WIDTH="29" />
<String CONTENT="York." HEIGHT="39" HPOS="987" VPOS="3369" WIDTH="144" />
<SP HEIGHT="48" HPOS="1132" VPOS="3370" WIDTH="69" />
<String CONTENT="(34-40067)" HEIGHT="47" HPOS="1202" VPOS="3371" WIDTH="280" />
</TextLine>
<TextLine HEIGHT="70" HPOS="186" STYLEREFS="StyleId-76843157-0688-442A-96F4-DCEAE252FAC3-" VPOS="3463" WIDTH="938">
<String CONTENT="Taylor," HEIGHT="66" HPOS="186" VPOS="3463" WIDTH="229" />
<SP HEIGHT="63" HPOS="416" VPOS="3466" WIDTH="27" />
<String CONTENT="Paul" HEIGHT="54" HPOS="444" VPOS="3466" WIDTH="146" />
<SP HEIGHT="55" HPOS="591" VPOS="3466" WIDTH="25" />
<String CONTENT="Schuster," HEIGHT="67" HPOS="617" VPOS="3466" WIDTH="305" />
<SP HEIGHT="57" HPOS="923" VPOS="3476" WIDTH="29" />
<String CONTENT="1895-" HEIGHT="51" HPOS="953" VPOS="3475" WIDTH="171" />
</TextLine>
<TextLine HEIGHT="84" HPOS="257" STYLEREFS="StyleId-514E9E37-B526-49C5-9182-F8D3C5AA164F-" VPOS="3540" WIDTH="1927">
<String CONTENT="An" HEIGHT="53" HPOS="257" VPOS="3540" WIDTH="91" />
<SP HEIGHT="51" HPOS="349" VPOS="3542" WIDTH="42" />
<String CONTENT="American-Mexican" HEIGHT="57" HPOS="392" VPOS="3542" WIDTH="600" />
<SP HEIGHT="52" HPOS="993" VPOS="3548" WIDTH="42" />
<String CONTENT="frontier," HEIGHT="70" HPOS="1036" VPOS="3548" WIDTH="263" />
<SP HEIGHT="66" HPOS="1300" VPOS="3552" WIDTH="40" />
<String CONTENT="Nueces" HEIGHT="54" HPOS="1341" VPOS="3552" WIDTH="215" />
<SP HEIGHT="34" HPOS="1557" VPOS="3572" WIDTH="40" />
<String CONTENT="county," HEIGHT="63" HPOS="1598" VPOS="3557" WIDTH="225" />
<SP HEIGHT="64" HPOS="1824" VPOS="3556" WIDTH="41" />
<String CONTENT="Texas," HEIGHT="66" HPOS="1866" VPOS="3556" WIDTH="201" />
<SP HEIGHT="64" HPOS="2068" VPOS="3558" WIDTH="42" />
<String CONTENT="by" HEIGHT="66" HPOS="2111" VPOS="3558" WIDTH="73" />
</TextLine>
<TextLine HEIGHT="80" HPOS="192" STYLEREFS="StyleId-514E9E37-B526-49C5-9182-F8D3C5AA164F-" VPOS="3618" WIDTH="1990">
<String CONTENT="Paul" HEIGHT="53" HPOS="192" VPOS="3618" WIDTH="142" />
<SP HEIGHT="54" HPOS="335" VPOS="3619" WIDTH="30" />
<String CONTENT="Schuster" HEIGHT="54" HPOS="366" VPOS="3619" WIDTH="270" />
<SP HEIGHT="50" HPOS="637" VPOS="3622" WIDTH="26" />
<String CONTENT="Taylor." HEIGHT="66" HPOS="664" VPOS="3622" WIDTH="230" />
<SP HEIGHT="55" HPOS="895" VPOS="3624" WIDTH="64" />
<String CONTENT="Chapel" HEIGHT="68" HPOS="960" VPOS="3624" WIDTH="219" />
<SP HEIGHT="51" HPOS="1180" VPOS="3628" WIDTH="29" />
<String CONTENT="Hill," HEIGHT="65" HPOS="1210" VPOS="3628" WIDTH="146" />
<SP HEIGHT="63" HPOS="1357" VPOS="3630" WIDTH="28" />
<String CONTENT="The" HEIGHT="54" HPOS="1386" VPOS="3628" WIDTH="121" />
<SP HEIGHT="52" HPOS="1508" VPOS="3631" WIDTH="28" />
<String CONTENT="University" HEIGHT="68" HPOS="1537" VPOS="3629" WIDTH="337" />
<SP HEIGHT="46" HPOS="1875" VPOS="3651" WIDTH="28" />
<String CONTENT="of" HEIGHT="52" HPOS="1904" VPOS="3633" WIDTH="64" />
<SP HEIGHT="52" HPOS="1969" VPOS="3633" WIDTH="28" />
<String CONTENT="North" HEIGHT="53" HPOS="1998" VPOS="3634" WIDTH="184" />
</TextLine>
<TextLine HEIGHT="69" HPOS="187" STYLEREFS="StyleId-514E9E37-B526-49C5-9182-F8D3C5AA164F-" VPOS="3694" WIDTH="664">
<String CONTENT="Carolina" HEIGHT="55" HPOS="187" VPOS="3694" WIDTH="272" />
<SP HEIGHT="47" HPOS="460" VPOS="3715" WIDTH="29" />
<String CONTENT="press," HEIGHT="47" HPOS="490" VPOS="3715" WIDTH="175" />
<SP HEIGHT="58" HPOS="666" VPOS="3701" WIDTH="34" />
<String CONTENT="1934." HEIGHT="51" HPOS="701" VPOS="3701" WIDTH="150" />
</TextLine>
<TextLine HEIGHT="55" HPOS="258" VPOS="3765" WIDTH="891">
<String CONTENT="xiii," HEIGHT="45" HPOS="258" VPOS="3765" WIDTH="102" />
<SP HEIGHT="42" HPOS="361" VPOS="3768" WIDTH="33" />
<String CONTENT="337" HEIGHT="41" HPOS="395" VPOS="3768" WIDTH="86" />
<SP HEIGHT="46" HPOS="482" VPOS="3770" WIDTH="33" />
<String CONTENT="p." HEIGHT="37" HPOS="516" VPOS="3779" WIDTH="41" />
<SP HEIGHT="37" HPOS="558" VPOS="3781" WIDTH="61" />
<String CONTENT="plates," HEIGHT="48" HPOS="620" VPOS="3771" WIDTH="170" />
<SP HEIGHT="37" HPOS="791" VPOS="3783" WIDTH="34" />
<String CONTENT="ports." HEIGHT="46" HPOS="826" VPOS="3774" WIDTH="146" />
<SP HEIGHT="39" HPOS="973" VPOS="3773" WIDTH="60" />
<String CONTENT="24" HEIGHT="40" HPOS="1034" VPOS="3773" WIDTH="56" />
<String CONTENT="cm" HEIGHT="21" HPOS="1092" STYLE="superscript" VPOS="3777" WIDTH="43" />
<String CONTENT="." HEIGHT="8" HPOS="1141" VPOS="3807" WIDTH="8" />
</TextLine>
<TextLine HEIGHT="54" HPOS="258" VPOS="3822" WIDTH="633">
<String CONTENT="Maps" HEIGHT="51" HPOS="258" VPOS="3822" WIDTH="139" />
<SP HEIGHT="29" HPOS="398" VPOS="3836" WIDTH="31" />
<String CONTENT="on" HEIGHT="29" HPOS="430" VPOS="3836" WIDTH="58" />
<SP HEIGHT="38" HPOS="489" VPOS="3826" WIDTH="31" />
<String CONTENT="lining" HEIGHT="50" HPOS="520" VPOS="3825" WIDTH="156" />
<SP HEIGHT="38" HPOS="676" VPOS="3837" WIDTH="26" />
<String CONTENT="papers." HEIGHT="39" HPOS="702" VPOS="3837" WIDTH="189" />
</TextLine>
<TextLine CS="1" HEIGHT="61" HPOS="190" VPOS="3876" WIDTH="1993">
<String CONTENT="&#169;" HEIGHT="50" HPOS="190" VPOS="3876" WIDTH="50" />
<SP HEIGHT="50" HPOS="241" VPOS="3876" WIDTH="24" />
<String CONTENT="Nov." HEIGHT="40" HPOS="266" VPOS="3880" WIDTH="117" />
<SP HEIGHT="37" HPOS="384" VPOS="3883" WIDTH="23" />
<String CONTENT="15," HEIGHT="41" HPOS="408" VPOS="3882" WIDTH="69" />
<SP HEIGHT="40" HPOS="478" VPOS="3883" WIDTH="23" />
<String CONTENT="1934;" HEIGHT="43" HPOS="502" VPOS="3881" WIDTH="141" />
<SP HEIGHT="43" HPOS="644" VPOS="3881" WIDTH="23" />
<String CONTENT="2c." HEIGHT="42" HPOS="668" VPOS="3881" WIDTH="65" />
<SP HEIGHT="39" HPOS="734" VPOS="3884" WIDTH="25" />
<String CONTENT="Nov." HEIGHT="40" HPOS="760" VPOS="3884" WIDTH="118" />
<SP HEIGHT="39" HPOS="879" VPOS="3885" WIDTH="23" />
<String CONTENT="23:" HEIGHT="40" HPOS="903" VPOS="3885" WIDTH="81" />
<SP HEIGHT="28" HPOS="985" VPOS="3897" WIDTH="28" />
<String CONTENT="aff." HEIGHT="37" HPOS="1014" VPOS="3888" WIDTH="79" />
<SP HEIGHT="37" HPOS="1094" VPOS="3888" WIDTH="27" />
<String CONTENT="Nov." HEIGHT="40" HPOS="1122" VPOS="3888" WIDTH="115" />
<SP HEIGHT="36" HPOS="1238" VPOS="3892" WIDTH="25" />
<String CONTENT="21;" CS="1" HEIGHT="37" HPOS="1264" VPOS="3891" WIDTH="48" />
<SP HEIGHT="37" HPOS="1346" VPOS="3892" WIDTH="29" />
<String CONTENT="A" HEIGHT="36" HPOS="1376" VPOS="3892" WIDTH="37" />
<SP HEIGHT="37" HPOS="1414" VPOS="3892" WIDTH="29" />
<String CONTENT="78231;" CS="1" HEIGHT="40" HPOS="1444" VPOS="3890" WIDTH="133" />
<SP HEIGHT="41" HPOS="1613" VPOS="3892" WIDTH="31" />
<String CONTENT="University" HEIGHT="43" HPOS="1645" VPOS="3893" WIDTH="279" />
<SP HEIGHT="29" HPOS="1925" VPOS="3907" WIDTH="26" />
<String CONTENT="of" HEIGHT="39" HPOS="1952" VPOS="3895" WIDTH="51" />
<SP HEIGHT="40" HPOS="2004" VPOS="3895" WIDTH="25" />
<String CONTENT="North" HEIGHT="41" HPOS="2030" VPOS="3895" WIDTH="153" />
</TextLine>
<TextLine HEIGHT="53" HPOS="259" VPOS="3935" WIDTH="755">
<String CONTENT="Carolina" HEIGHT="42" HPOS="259" VPOS="3935" WIDTH="225" />
<SP HEIGHT="35" HPOS="485" VPOS="3949" WIDTH="31" />
<String CONTENT="press." HEIGHT="35" HPOS="517" VPOS="3949" WIDTH="146" />
<SP HEIGHT="49" HPOS="664" VPOS="3939" WIDTH="72" />
<String CONTENT="(34-39877)" HEIGHT="48" HPOS="737" VPOS="3940" WIDTH="277" />
</TextLine>
</TextBlock>
</PrintSpace>
</Page>
</Layout>
</alto>