2350 4196
1127 4002 130 47 1132

292 444 239 49 “Chapter
565 447 269 40 references”
882 460 6 27 :
927 459 41 36 p.
1004 447 213 42 904-807.

222 501 50 50 ©
300 505 124 47 Sept.
449 506 40 38 4.
513 505 139 41 1934:
678 506 65 38 2c.
770 508 93 38 and
890 507 80 40 aff.
999 507 126 47 Sept.
1151 508 24 37 5
1193 518 7 27 :
1230 509 38 36 A
1294 506 140 40 74759;
1489 507 280 39 Macmillan
1795 518 64 29 co.

299 561 277 46 (34-29514)

213 636 228 66 Contet,
477 628 205 75 Émile,
721 640 167 52 1874-

220 716 1980 142 … Précis élémentaire des soins aux malades, aux blessés étaux nourrissons, par 1c docteur E. Contet. Paris, Masson et
219 870 79 57 cie,
331 875 147 50 1934.

290 943 846 50 2 p. l., 175, [1] p. illus. 19 ½ cm.
292 1001 63 40 At
401 1002 123 39 head
571 1002 52 39 of
671 1003 106 38 title
797 1013 7 27 :
855 1002 144 40 Croix
1048 1012 143 37 rouge
1238 1001 259 47 française.
1559 1001 160 40 Union
1767 1003 83 39 des
1896 1002 203 41 femmes
2144 1004 61 40 de

221 1057 196 41 France.

222 1111 1785 52 © Mar. 10. 1934; 1c. June 21: A-Foreign 24949: Masson & cie.
300 1172 276 48 (34-29720)

213 1246 254 67 Coulter,
501 1249 153 51 John
689 1249 272 63 Gaylord,
997 1248 170 54 1876-

287 1326 72 52 In
394 1325 290 53 freshman
718 1345 160 48 year;
918 1328 92 52 the
1047 1333 155 59 story
1237 1325 63 52 of
1333 1344 27 33 a
1398 1326 117 51 real
1548 1326 110 66 boy
1693 1326 111 51 and
1838 1324 89 54 his
1963 1327 129 66 dad,
2125 1326 74 67 by

219 1403 1981 63 John G. Coulter … New York. W. H. Wise & company.
220 1486 146 48 1934.

289 1553 935 50 4 p. l., 248 p. front., plates. 21cm.
225 1605 1926 55 © Apr. 21. 1934; 2c. July 30 : aff. Aug. 23 : A 74732; J. G. Coulter, cf
287 1671 202 46 Morgan
523 1670 33 38 &
591 1678 64 30 co.,
705 1669 153 39 Paris.
933 1667 275 49 (34-29539)

211 1744 247 64 Cowley,
494 1744 306 53 Elizabeth
834 1745 340 54 Buchanan.

288 1817 1914 71 Solid geometry, by Elizabeth Buchanan Cowley … New
218 1896 176 68 York,
427 1897 245 53 Newark
728 1902 117 61 [etc.]
888 1896 201 55 Silver,
1124 1897 244 51 Burdett
1402 1896 112 52 and
1548 1913 278 51 company
1906 1897 151 64 [c1934]

287 1970 62 40 ix.
381 1990 70 29 [1],
481 1969 84 40 280
591 1980 43 37 p.
663 1970 107 40 incl.
796 1970 164 41 front.,
987 1970 141 47 illus.,
1159 1969 176 47 diagrs.
1396 1968 114 42 19cm.

289 2026 231 48 “Helpful
545 2027 221 39 material
798 2026 77 39 for
907 2026 217 39 teachers”
1171 2036 7 28 :
1210 2035 41 37 p.
1280 2024 217 41 225-226.

221 2082 52 51 ©
301 2088 118 41 Aug.
447 2085 67 41 23.
543 2086 114 38 1934
676 2096 6 28 :
714 2085 63 39 2c.
808 2086 93 38 and
931 2084 78 39 aff.
1044 2084 125 47 Sept.
1197 2088 24 34 1
1240 2095 8 28 :
1280 2085 40 37 A
1350 2083 139 40 74742
1509 2096 7 26 :
1553 2084 168 41 Silver.
1750 2085 208 40 Burdett
1988 2085 35 39 &
2051 2093 66 31 co.

300 2141 275 49 (34-29873)

214 2215 273 68 Davison,
518 2216 253 55 Wilburt
804 2217 244 63 Cornell,
1081 2219 168 49 1892-

288 2296 119 51 The
443 2295 278 66 compleat
759 2293 373 67 pediatrician;
1202 2293 288 67 practical,
1530 2294 334 68 diagnostic,
217 2295 1959 130 therapeutic-
346 2375 111 50 and
490 2373 324 67 preventive
844 2372 320 67 pediatrics,
1195 2372 93 52 for
1318 2373 94 50 the
1442 2391 96 33 use
1566 2371 63 53 of
1658 2372 240 52 medical
1927 2373 271 54 students,

216 2452 261 53 internes,
509 2452 223 66 general
768 2451 411 65 practitioners,
1214 2452 111 51 and
1356 2449 406 68 pediatricians
1815 2450 93 66 [by]
1945 2450 253 54 Wilburt

218 2527 1979 68 C. Davison … Durham, N. C., Printed by Seeman printery
218 2607 92 52 for
338 2607 163 52 Duke
532 2607 313 65 university
873 2625 170 48 press,
1077 2610 145 48 1934.

287 2680 60 47 vi,
383 2679 113 49 [258]
529 2690 41 36 p.
632 2679 114 41 24cm.

289 2736 158 40 Blank
476 2746 143 38 pages
644 2736 78 38 for
752 2735 202 40 “Notes”
993 2735 318 49 ([254]-[258])

290 2794 64 40 At
374 2794 104 39 foot
502 2794 51 38 of
575 2796 96 44 t.-p.
691 2804 8 27 :
723 2793 297 47 Adaptation
1044 2793 50 39 of
1116 2794 79 38 the
1220 2793 107 40 title
1350 2804 119 37 page
1495 2793 49 39 of
1567 2794 100 40 The
1691 2793 238 47 compleat
1950 2793 165 47 angler
2140 2793 59 47 by

220 2851 149 39 Izaak
395 2850 207 46 Walton,
630 2849 127 41 1653.

219 2904 51 51 ©
303 2909 125 46 Sept.
457 2909 37 38 1.
524 2908 138 39 1934;
693 2907 64 38 2c.
789 2908 93 38 and
912 2907 78 38 aff.
1024 2907 124 47 Sept.
1176 2909 51 37 4:
1260 2909 38 37 A
1328 2908 167 46 75138;
1527 2909 71 38 W.
1630 2908 46 40 C.
1706 2907 229 48 Davison,
1966 2906 233 47 Durham,

333 2995 6 7 N.
374 2964 49 40 C.
497 2962 276 48 (34-29717)

215 3025 268 63 Duplaix,
514 3026 276 62 Georges.

284 3102 216 54 Gaston
550 3103 111 51 and
710 3102 310 67 Joséphine
1067 3104 59 50 in
1175 3105 280 64 America,
1503 3103 75 67 by
1627 3104 248 66 Georges
1922 3102 273 66 Duplaix.

213 3180 255 61 London,
504 3181 136 51 New
676 3180 162 52 York
895 3185 118 60 [etc.]
1054 3180 227 54 Oxford
1316 3182 317 65 university
1666 3198 156 49 press
1862 3182 191 64 [c1934]

292 3251 81 48 [48]
399 3260 42 37 p.
496 3250 84 39 col.
609 3249 127 42 illus.
788 3249 113 40 29cm.

287 3307 287 39 Illustrated
603 3308 98 45 t.-p.
731 3306 48 38 in
811 3307 166 40 colors.

289 3364 227 39 “Printed
548 3364 44 38 in
629 3365 80 38 the
741 3363 175 40 United
951 3364 160 40 States
1145 3365 48 38 of
1223 3365 234 41 America.”

217 3421 51 51 ©
300 3425 124 46 Sept.
454 3423 37 40 6.
521 3422 139 40 1934:
691 3422 65 39 2c.
789 3423 125 46 Sept.
944 3423 24 39 8
987 3433 7 28 :
1026 3422 76 40 aff.
1138 3423 122 47 Sept.
1292 3425 52 37 11
1364 3435 7 27 :
1403 3426 40 37 A
1473 3424 141 40 75225
1633 3435 8 29 :
1675 3425 186 39 Oxford
1891 3422 128 42 univ.
2047 3431 149 38 press,

283 3481 115 38 New
427 3479 142 46 York,
598 3479 89 38 inc.
759 3478 276 47 (34-29560)

208 3552 334 64 Fitzwater,
572 3556 185 60 Perry
782 3556 282 58 Braxton,
1098 3559 166 48 1871-

283 3629 1914 70 Why God became man, by P. B. Fitzwater … Chicago,
214 3710 117 49 The
364 3709 165 51 Bible
563 3708 258 52 institute
850 3710 325 67 colportage
1205 3711 159 52 ass’n.
1444 3713 150 64 [c1934]

283 3781 55 38 79
371 3792 41 37 p.
474 3780 114 39 19cm.

216 3835 52 51 ©
306 3840 117 45 Aug.
462 3838 65 44 10,
566 3836 139 47 1934;
745 3837 64 40 2c.
851 3840 93 37 and
983 3838 78 39 aff.
1101 3839 118 48 Aug.
1257 3841 80 45 18;
1378 3842 41 38 A
1455 3841 171 39 74574:
1668 3840 136 39 Bible
1843 3836 227 42 institute
282 3837 1896 106 colportage
509 3904 112 31 assn.
664 3893 51 42 of
743 3893 220 49 Chicago.
1038 3894 277 50 (34-29880)
