2350 4296
1092 3989 132 45 1129

180 356 314 54 American
524 356 128 53 iron
680 356 114 53 and
823 355 148 53 steel
1000 353 296 66 institute,
1324 355 139 51 New
1501 353 169 53 York.

254 433 277 55 Uniform
560 438 188 49 extras
776 434 112 52 and
917 430 333 54 deductions
1278 431 95 52 for
1399 429 272 69 products
1700 430 62 51 of
1790 430 96 53 the
1913 432 128 51 iron
2069 429 112 53 and

184 515 134 51 steel
347 511 268 68 industry
647 512 181 53 under
857 511 94 53 the
985 509 154 56 Code
1169 509 62 53 of
1263 509 119 52 fair
1413 508 386 68 competition.
1865 506 313 70 Approved

183 590 75 67 by
283 591 96 53 the
403 588 196 54 Board
629 590 61 52 of
719 590 274 53 directors
1020 588 62 53 of
1108 586 308 54 American
1441 588 131 51 iron
1597 587 114 53 and
1738 589 137 51 steel
1899 586 281 54 institute.

183 666 279 55 Effective
493 666 331 69 September
852 671 47 64 1,
929 669 151 64 1934,
1110 684 71 34 on
1206 667 143 51 sales
1380 665 61 52 of
1471 664 271 69 products
1771 665 94 52 for
1892 664 288 69 shipment

183 764 74 34 on
287 765 63 35 or
385 746 153 52 after
571 744 246 55 October
852 749 47 63 1,
932 746 150 50 1934.
1174 744 138 52 [New
1348 743 179 66 York]
1564 743 309 54 American
1905 745 127 51 iron
2067 745 113 52 and

180 825 137 52 steel
346 823 281 68 institute,
659 826 174 51 c1934.

255 896 113 51 [466]
412 907 44 38 p.
516 896 127 41 illus.
704 895 116 43 22cm.

251 954 209 41 Various
492 954 217 48 pagings.

185 1022 51 51 ©
270 1025 118 48 Aug.
422 1024 69 48 30,
526 1024 115 40 1934;
703 1023 67 40 2c.
804 1025 93 38 and
936 1022 80 41 aff.
1054 1022 114 47 Sept.
1215 1023 30 37 4;
1307 1023 41 41 A
1382 1021 147 41 75124;
1589 1023 159 41 Amer.
1785 1024 107 39 iron
1928 1027 96 38 and
2060 1026 118 41 steel

254 1082 240 41 institute.
568 1079 278 50 (34-29700)

173 1184 179 66 Arey,
383 1185 191 53 Leslie
604 1183 307 66 Brainerd,
945 1185 172 52 1891-

177 1256 2002 155 Developmental anatomy; a text-book and laboratory manual of embryology, by Leslie Brainerd Arey … 3d ed., rev.,
178 1415 140 54 with
350 1416 99 54 547
477 1416 401 69 illustrations,
909 1433 174 51 many
1113 1415 59 52 in
1204 1416 168 52 color.
1442 1414 410 71 Philadelphia
1884 1419 113 52 and
178 1417 1977 147 London,
338 1495 89 55 W.
459 1496 67 51 B.
557 1492 291 57 Saunders
879 1510 296 52 company,
1205 1495 151 52 1934.

250 1567 62 48 ix,
342 1568 83 41 593
455 1579 41 37 p.
558 1568 126 40 illus.
716 1567 134 48 (part
879 1567 109 48 col.)
1027 1566 103 40 fold.
1175 1565 111 50 tab.,
1315 1567 154 47 diagr.
1529 1564 146 44 25½cm.

245 1623 390 51 Bibliographies
664 1627 51 38 at
743 1625 91 40 end
861 1624 52 40 of
939 1625 125 39 most
1091 1624 239 48 chapters.

181 1695 50 51 ©
259 1698 118 49 Aug.
407 1697 68 47 22,
504 1696 115 41 1934;
676 1696 65 40 2c.
773 1697 94 39 and
897 1696 79 40 aff.
1005 1696 119 47 Aug.
1153 1695 55 41 24;
1266 1696 41 39 A
1334 1695 144 42 73995;
1536 1697 70 40 W.
1638 1698 54 39 B.
1724 1696 246 44 Saunders
1999 1708 69 31 co.

258 1754 280 49 (34-29868)

173 1854 213 69 Bacon,
418 1858 138 53 Mrs.
589 1856 317 65 Josephine
936 1857 206 63 Dodge
1172 1855 323 65 (Daskam)
1537 1857 171 54 1876-

243 1931 1933 78 Kathy, by Josephine Daskam Bacon … illustrated by Joan
175 2013 187 71 Esley.
437 2014 259 68 London,
737 2016 139 52 New
917 2013 161 55 York
1142 2018 119 63 [etc.]
1308 2015 346 69 Longmans,
1696 2016 187 54 Green
1925 2017 113 52 and
2078 2034 98 50 co.,

174 2096 150 50 1934.

247 2160 1079 54 ix p., 1 l., 335 p. incl. front., illus. 20cm.
250 2221 163 42 “First
439 2220 227 41 edition.”

178 2293 51 52 ©
257 2297 119 48 Aug.
404 2295 69 48 29,
500 2295 114 41 1934;
671 2294 67 42 2c.
766 2295 95 39 and
890 2294 80 40 aff.
1003 2295 127 48 Sept.
1158 2294 53 40 12;
1268 2295 40 39 A
1337 2295 143 41 74884;
1539 2294 289 51 Longmans,
1859 2297 156 41 Green
2045 2298 37 41 &
2109 2309 69 30 co.

252 2353 281 50 (34-29556)

169 2452 287 70 Barbour,
489 2456 192 63 Ralph
713 2456 225 66 Henry,
971 2454 171 54 1870-

246 2532 122 53 The
409 2531 225 69 scoring
674 2531 154 69 play,
869 2530 75 69 by
983 2531 192 68 Ralph
1215 2531 202 70 Henry
1462 2531 289 69 Barbour;
1795 2531 381 57 illustrations

171 2612 74 68 by
296 2612 132 55 Neil
481 2608 288 59 O’Keeffe.
845 2611 137 53 New
1036 2612 179 68 York,
1267 2612 259 67 London,
1579 2614 71 53 D.
168 2613 1981 146 Appleton-Century

335 2708 297 51 company,
664 2689 417 70 incorporated,
1117 2693 149 52 1934.

245 2759 1020 52 vi p., 1 l., 281 p. front., illus. 19½cm.
176 2832 53 52 ©
252 2836 117 48 Aug.
397 2837 68 46 17,
490 2836 141 46 1934;
658 2836 66 39 2c.
751 2835 119 47 Aug.
896 2834 56 40 20;
1005 2834 81 41 aff.
1115 2835 127 49 Sept.
1268 2835 52 47 5;
1348 2836 41 39 A
1414 2836 171 47 75234;
1615 2838 54 37 D.
1697 2835 482 52 Appleton-Century

243 2903 81 38 co.,
357 2894 87 39 inc.
517 2890 279 51 (34-29553)

169 2993 268 67 Barclay,
467 2994 183 55 Wade
680 2994 328 67 Crawford,
1040 2993 171 54 1874-

240 3072 121 54 The
388 3072 180 53 world
592 3071 234 53 mission
852 3070 62 54 of
937 3071 95 53 the
1060 3070 295 56 Christian
1380 3072 263 69 religion,
1669 3074 75 67 by
1767 3074 184 54 Wade
172 3073 1974 130 Crawford
341 3151 277 66 Barclay;
658 3149 64 55 C.
759 3149 72 53 A.
868 3150 229 67 Bowen,
1170 3193 8 10 D.
1253 3191 28 26 D.,
1317 3152 229 66 general
1586 3151 201 54 editor.
1855 3151 316 69 Nashville,

170 3228 195 68 Tenn.,
396 3227 332 68 Cokesbury
755 3246 157 49 press
946 3230 192 64 [c1934]

239 3299 85 42 301
358 3312 43 37 p.
464 3300 144 40 19½cm.

242 3356 282 43 “Teachers’
554 3356 273 42 references
857 3358 96 39 and
983 3357 165 40 notes”;
1204 3369 44 37 p.
1278 3357 218 43 245-294.

172 3413 50 51 ©
249 3416 118 49 July
388 3416 69 46 27,
482 3416 114 39 1934;
650 3415 66 39 2c.
744 3414 95 40 and
866 3414 79 40 aff.
972 3414 120 48 Aug.
1116 3413 53 48 9;
1195 3415 41 39 A
1261 3415 170 48 74480;
1460 3416 272 45 Whitmore
1756 3418 37 41 &
1820 3419 170 48 Smith,
239 3420 1915 93 Nashville.
441 3471 280 49 (34-29170)

163 3575 252 68 Bartels,
445 3576 200 64 Adolf,
678 3577 171 51 1862-

171 3646 1976 159 Lessing und die Juden; eine Untersuchung von Adolf Bartels … 2. durchgearb. aufl. Leipzig, T. Weicher, 1934.
240 3802 358 50 263 p. 23 ½ cm.
172 3856 1882 57 © Apr. 17, 1934; 1c. Aug. 6; A -Foreign 25327; Theodor Weicher.
249 3920 279 49 (34-29898)
