2350 4196
1167 3987 96 50 508

287 444 98 49 120,
419 444 55 50 [5]
504 455 43 38 p.
606 444 144 42 19½cm.

288 504 64 38 At
376 504 124 38 head
528 502 52 40 of
605 502 134 40 title:
769 504 88 38 Ina
887 502 172 41 Seidel.

290 559 219 48 “Zweite,
535 559 136 40 stark
693 560 272 39 vermehrte
990 559 209 47 ausgabe
1222 560 85 38 der
1329 569 154 29 neuen
1506 557 262 48 gediclite.”

219 629 1983 52 © Dec. 8, 1933; 1c. Mar. 13, 1934; A -Foreign 24012; Deutsche verlags-
286 691 197 39 anstalt.
556 689 278 49 (34-10707)

212 793 227 63 Seiden,
468 793 253 65 Samuel,
753 795 170 50 1899-

285 869 55 52 A
370 867 243 71 player’s
644 868 331 68 handbook;
1010 868 95 53 the
1137 869 199 67 theory
1369 868 113 51 and
1513 867 248 67 practice
1795 865 63 53 of
1889 866 208 69 acting,
2130 865 74 68 by

264 943 1716 68 Samuel Seiden … New York, F. S. Crofts & co., 1934.
289 1020 63 48 xi,
383 1020 84 39 252
498 1029 42 37 p.
604 1019 163 46 front.,
799 1018 140 42 illus.,
970 1019 172 47 plates,
1174 1018 177 47 diagrs.
1411 1014 55 42 19
1470 1018 43 21 cm
1519 1051 7 7 .

286 1074 303 49 Descriptive
620 1076 282 46 letterpress
934 1085 60 29 on
1026 1085 164 30 versos
1221 1073 52 41 of
1303 1072 314 48 frontispiece
1651 1074 94 38 and
1776 1072 169 47 plates.

293 1131 184 47 “Cloey,
515 1142 27 29 a
578 1131 111 47 play
726 1131 52 40 of
811 1131 156 40 North
1003 1129 227 42 Carolina
1266 1129 117 48 folk,
1420 1129 59 47 by
1518 1129 196 39 Loretto
1752 1128 187 40 Carroll
1978 1127 223 46 Bailey”:

218 1197 40 38 p.
307 1186 233 52 [225]-249.

289 1243 68 39 “A
386 1244 207 40 selected
620 1242 391 49 bibliography”:
1045 1253 42 37 p.
1119 1240 215 42 251-252.

222 1312 50 51 ©
303 1317 111 46 Apr.
444 1316 70 47 25,
543 1315 140 47 1934;
715 1315 67 40 2c.
813 1316 95 38 and
937 1314 82 40 aff.
1049 1314 112 48 Apr.
1190 1314 54 39 27;
1305 1314 41 38 A
1375 1313 143 40 72205;
1580 1313 49 38 F.
1665 1313 43 40 S.
1741 1313 170 46 Crofts
1937 1313 38 40 &
2002 1323 80 36 co.,
2114 1313 88 38 inc.

298 1372 279 48 (34-10408)

214 1474 218 65 Seldes,
463 1474 244 65 George,
739 1477 169 49 1890-

287 1552 155 67 Iron,
463 1552 169 54 blood
657 1553 112 51 and
792 1551 227 68 profits;
1051 1569 70 34 an
1145 1568 272 50 exposure
1441 1550 63 53 of
1527 1552 96 52 the
1646 1550 352 53 world-wide
221 1550 1958 135 munitions
409 1630 208 66 racket,

655 1628 1548 69 by George Seldes … New York and London,
222 1708 226 66 Harper
474 1712 45 48 &
543 1707 277 66 brothers,
850 1711 149 49 1934.

292 1780 27 40 6
345 1791 42 37 p.
449 1811 9 17 l.,
486 1778 86 42 397
597 1790 43 37 p.
699 1778 56 41 21½c
804 1781 29 22 m
837 1812 9 8 .

290 1836 287 40 Illustrated
613 1835 360 49 lining-papers.

291 1892 161 41 “First
480 1891 225 42 edition.”

292 1948 375 49 Bibliography:
696 1959 42 38 p.
767 1947 216 43 329-332.

224 2015 55 52 ©
310 2021 113 46 Apr.
457 2020 70 47 24,
563 2019 139 47 1934;
740 2019 67 40 2c.
843 2020 110 47 Apr.
992 2019 55 39 26;
1112 2018 79 42 aff.
1230 2020 113 46 Apr.
1379 2020 80 45 27;
1499 2019 39 38 A
1574 2018 169 47 72219;
1785 2019 51 40 G.
1877 2019 177 47 Seldes,
2091 2019 115 38 New

293 2076 142 41 York.
509 2076 278 48 (34-10357)

216 2177 220 65 Sewell,
465 2178 232 53 Arthur
727 2176 282 66 Clement,
1042 2178 168 54 1879-

291 2255 121 53 The
450 2254 219 69 history
709 2255 63 52 of
812 2276 32 33 a
886 2256 107 51 law
1037 2254 112 52 suit
1191 2256 61 51 in
1292 2253 201 68 justice
1536 2260 186 47 courts
1764 2253 200 68 briefly
2006 2253 197 54 stated.

223 2330 1982 72 Sewell’s justice trial (S J T) Copyright … by A. C. Sewell.
229 2409 355 69 [McAlester,
614 2408 183 70 Okla.,
824 2409 402 68 News-capital
1255 2411 176 68 print]
1467 2417 17 21 c
1489 2413 149 49 1933.

290 2480 58 41 96
373 2492 42 37 p.
472 2481 145 40 20½cm.

293 2539 159 39 Blank
478 2549 147 38 pages
651 2539 80 39 for
760 2537 310 42 “Additional
1096 2539 164 40 notes”
1301 2539 190 49 (93-96)

295 2595 74 41 On
396 2605 166 31 cover:
597 2596 210 40 Sewell’s
836 2595 177 48 justice
1042 2595 117 41 trial
1196 2596 55 47 (S
1284 2597 28 39 J
1344 2597 62 47 T)

226 2652 50 51 ©
309 2657 111 39 Dec.
451 2656 69 47 29,
553 2655 138 47 1933;
725 2655 64 40 2c.
824 2656 95 38 and
950 2654 80 40 aff.
1064 2655 108 40 Jan.
1203 2656 39 46 2,
1274 2655 140 47 1934;
1448 2658 41 37 A
1522 2657 168 47 67810;
1725 2658 53 38 A.
1813 2657 46 40 C.
1898 2657 183 46 Sewell,
294 2658 1914 102 Mc-Alester,

530 2713 103 40 Okl.
704 2711 278 48 (34-10335)

224 2814 402 66 Shambaugh,
655 2815 316 63 Benjamin
1002 2815 300 65 Franklin,
1334 2816 170 53 1871-

223 2889 1960 133 The constitutions of Iowa, by Benj. F. Shambaugh … Published
435 2969 74 69 by
537 2969 95 53 the
662 2968 159 54 State
851 2967 291 54 historical
1172 2971 206 67 society
1408 2969 59 51 in
1499 2970 489 53 commemoration
2021 2970 62 52 of
2112 2972 96 52 the

221 3065 101 34 one
343 3046 327 53 hundredth
694 3049 368 66 anniversary
1086 3045 62 53 of
1171 3047 93 53 the
1288 3047 424 55 establishment
1735 3048 63 52 of
1820 3049 133 52 civil
225 3066 1962 112 government
402 3124 59 52 in
488 3124 170 53 Iowa.
720 3123 154 52 Iowa
902 3123 151 68 City,
1082 3126 145 49 1934.

294 3195 86 41 382
406 3205 44 38 p.
505 3195 56 39 21
564 3197 43 21 cm
613 3229 7 7 .

297 3251 248 49 “Revised,
573 3251 282 49 re-verified,
882 3254 95 38 and
1003 3253 227 46 enlarged
1253 3253 182 41 edition
1459 3256 51 39 of
1534 3257 81 39 the
1639 3256 217 40 author’s
1884 3258 131 38 work
2043 3268 58 29 on
2128 3257 79 41 the

227 3309 200 47 History
454 3309 52 39 of
532 3310 81 39 the
639 3308 342 40 constitutions
1009 3309 51 39 of
1087 3309 127 39 Iowa
1256 3310 505 47 (1902).”—Author’s
1790 3314 120 47 pref.

230 3366 50 51 ©
315 3371 120 38 Mar.
468 3369 68 47 28,
571 3367 138 47 1934;
745 3369 67 40 2c.
846 3369 119 38 Mar.
1000 3368 81 45 31;
1118 3367 80 40 aff.
1234 3369 120 39 Mar.
1387 3369 82 48 30;
1506 3372 42 37 A
1579 3371 169 47 70873;
1789 3372 135 41 State
1958 3371 252 41 historical

296 3437 89 30 soc.
418 3425 52 41 of
499 3426 144 46 Iowa,
675 3426 131 38 Iowa
838 3425 123 47 City,
994 3425 66 38 la.
1126 3420 66 53 [©
1225 3436 103 28 new
1359 3429 193 47 matter]
1627 3428 248 49 (34-7990)

221 3528 252 64 Shanks,
504 3528 206 62 Henry
737 3527 274 56 Thomas.

296 3604 120 52 The
442 3604 266 51 secession
732 3610 312 46 movement
1071 3602 59 52 in
1155 3602 284 70 Virginia,
1467 3603 324 71 1847-1861,
1817 3605 75 69 by
1918 3605 199 69 Henry
2143 3604 64 52 T.

230 3678 1600 73 Shanks … Richmond, Garrett and Massie [ c 1934 ]
295 3750 52 40 xi
374 3761 58 37 p.,
461 3750 25 39 1
550 3782 9 15 l.,
589 3750 87 40 296
703 3761 42 36 p.
777 3749 108 41 incl.
915 3750 163 49 front.,
1107 3761 148 37 maps.
1313 3752 54 40 23½
1400 3754 44 21 cm
1450 3786 9 8 .

296 3806 375 49 Bibliography:
701 3817 42 38 p.
774 3805 215 42 275-286.

231 3864 50 51 ©
311 3869 114 46 Apr.
453 3867 68 47 23,
552 3867 114 40 1934;
724 3866 66 41 2c.
820 3868 112 46 Apr.
963 3866 82 47 26;
1079 3866 79 40 aff.
1190 3868 111 46 Apr.
1332 3868 54 39 27;
1448 3868 41 39 A
1519 3869 168 47 72202;
1723 3871 198 40 Garrett
1953 3871 35 39 &
2019 3869 191 45 Massie,

297 3924 91 40 inc.
458 3923 253 48 (34-10345)
