2350 4196
1097 4013 102 54 427

211 433 85 40 156
321 444 44 37 p.
424 432 116 41 24cm.

214 489 169 41 Issued
412 489 102 40 also
544 500 52 28 as
627 489 152 40 thesis
821 489 107 47 (PH.
989 487 33 47 D.)
1061 484 281 47 University
1373 484 50 39 of
1455 481 373 48 Pennsylvania.

215 545 362 48 Bibliography,
660 577 8 7 I.
701 544 173 40 Works
906 544 52 39 of
991 542 162 41 Simon
1183 541 56 42 N.
1274 541 189 40 Patten,
1571 572 8 6 II.
1612 539 234 47 Reviews,
1880 536 260 42 criticisms

144 604 93 38 and
271 602 358 48 appreciations:
689 611 44 37 p.
766 599 216 41 143-152.

146 652 1975 113 © Mar. 2, 1934; 2c. Mar. 17; aff. Mar. 28; A 71071; J. L. Boswell, Collegeville, Pa. (34-8202)
138 837 216 63 Brand,
386 836 246 55 Neville.

214 914 188 52 Death
429 914 60 51 in
517 913 95 53 the
641 912 197 67 forest,
865 912 74 68 by
965 910 223 53 Neville
1218 909 215 52 Brand.
1504 908 156 67 [New
1691 906 179 68 York,
1899 906 61 55 C.
140 906 1980 153 Kendall,
305 995 174 63 c1933]

212 1064 626 50 4 p. l., 310, [1] p. 21½cm.
146 1118 1993 53 © Nov. 27, 1933; 2c. Nov. 17; aff. Mar. 31. 1934; A 72056; N. Brand,
213 1181 211 39 London.
500 1180 248 48 (34-8355)

142 1297 388 67 Broadhurst,
562 1299 164 64 Jean,
760 1296 173 53 1873-

273 1373 1869 71 … Bacteriology applied to nursing: a combined text book
141 1452 1940 71 and laboratory guide in microbiology, by Jean Broadhurst …
143 1530 1999 69 and Leila I. Given … 2d ed., rev. 290 illustrations of which
143 1616 29 47 3
209 1627 94 38 are
337 1612 59 52 in
432 1614 167 50 color.
675 1611 426 68 Philadelphia.
1137 1611 258 56 London,
1431 1612 55 52 J.
1521 1612 67 51 B.

1625 1608 339 68 Lippincott
142 1627 1973 133 company
330 1693 191 65 [c1934]

215 1766 184 44 xxxvii,
431 1764 83 40 562
545 1776 42 36 p.
646 1765 127 39 illus.
804 1764 47 47 (1
882 1763 111 47 col.)
1034 1764 85 39 col.
1151 1764 169 46 plates,
1353 1763 24 39 3
1409 1763 117 39 fold,
1560 1762 110 46 tab.,
1705 1760 178 48 diagrs.
1913 1760 46 47 (1
1994 1761 142 47 fold.)

145 1824 115 39 21cm.
332 1821 340 49 (Lippincott's
703 1821 206 47 nursing
936 1819 249 47 manuals)

217 1881 144 38 Parts
394 1891 17 27 I
445 1880 94 38 and
573 1889 60 28 m
665 1880 116 38 each
816 1878 232 47 preceded
1082 1878 60 46 by
1175 1876 113 45 leaf,
1324 1875 283 48 containing
1639 1875 237 39 half-title
1911 1876 96 39 and
149 1886 1979 97 contents,
319 1938 82 38 not

428 1932 1719 50 included in the paging; chapters VIII and XI each preceded by
148 1994 113 46 leaf,
289 1993 280 47 containing
594 1995 234 42 contents,
856 1994 83 37 not
967 1991 224 40 included
1219 1992 48 37 in
1296 1992 80 38 the
1404 1989 189 49 paging.

218 2051 350 47 Bibliography:
625 2061 42 36 p.
701 2048 213 41 525-526.

151 2103 51 52 ©
234 2109 119 38 Mar.
386 2107 66 47 29,
484 2107 140 45 1934;
656 2107 64 38 2c.
754 2107 95 38 and
880 2105 80 40 aff.
992 2105 112 48 Apr.
1137 2105 50 46 6;
1221 2105 44 38 A
1292 2104 170 47 70926;
1497 2105 42 39 J.
1572 2105 53 38 B.
1658 2104 280 48 Lippincott
1967 2114 66 29 co.

232 2164 250 49 (34-8180)

146 2282 270 65 Carossa,
448 2282 183 64 Hans,
667 2278 172 55 1878-

279 2356 1865 71 … Führung und geleit, ein lebensgedenkbuch. Leipzig,
148 2438 395 66 Insel-verlag,
577 2441 150 50 1933.

221 2510 479 48 1901 p., 1 l. 19 ½ cm.
154 2564 1875 51 © Nov. 3, 1933; 1 c. Mar. 5, 1934; A-Foreign 21934; Insel-verlag.
235 2625 250 48 (34-9200)

149 2740 310 65 Chandler,
492 2743 197 52 Frank
717 2740 327 66 Wadleigh,
1077 2742 170 53 1873-
1459 2742 83 54 ed.

221 2817 1870 70 Twentieth century plays, edited by Frank W. Chandler …
153 2895 2001 69 and Bichard A. Cordell … New York, T. Nelson and sons,
154 2977 148 50 1934.

222 3046 1169 52 3 p. l., v-xi, 327, xi, 204, xiv, 259 p. 21½cm.
222 3103 131 41 Each
380 3106 111 46 part
517 3105 90 39 has
634 3105 224 46 separate
886 3106 99 45 t.-p.
1012 3106 94 39 and
1136 3104 180 48 special
1343 3104 298 47 pagination.

223 3159 224 42 Includes
475 3160 393 47 bibliographies.

489 3217 250 40 CONTENTS.—British
781 3217 140 47 plays:
995 3217 102 39 The
1141 3217 326 45 thunderbolt,
1513 3217 61 47 by
1623 3216 77 42 Sir
1747 3218 53 39 A.
1846 3216 71 42 W.
1965 3216 189 40 Pinero.

154 3270 144 48 Dolly
332 3273 266 47 reforming
629 3273 196 49 herself,
859 3273 62 48 by
955 3273 59 43 H.
1050 3275 53 39 A.
1139 3274 161 41 Jones.
1363 3274 102 42 The
1499 3276 96 39 last
1629 3275 52 39 of
1716 3275 80 40 the
1833 3274 74 43 De
1937 3271 217 49 Mullins,

155 3327 60 47 by
254 3328 65 44 St.
357 3328 127 41 John
521 3329 213 40 Hankin.
802 3330 126 40 John
965 3331 261 48 Ferguson,
1264 3331 61 47 by
1366 3330 67 41 St.
1473 3331 127 39 John
1638 3330 196 41 Ervine.
1900 3328 255 48 Journey’s

156 3385 104 40 end,
292 3386 60 46 by
386 3387 53 39 R.
473 3386 49 40 C.
559 3385 191 42 Sheriff.
813 3387 100 40 The
946 3387 170 40 far-off
1146 3388 127 47 hills,
1307 3387 62 47 by
1403 3387 198 40 Lennox
1634 3388 259 40 Robinson.
1958 3387 200 38 Private

157 3439 132 50 lives,
333 3442 61 48 by
435 3442 119 41 Noel
598 3441 219 41 Coward.
888 3444 100 39 The
1029 3443 350 49 breadwinner,
1425 3444 60 46 by
1533 3443 243 41 Somerset
1820 3444 337 46 Maugham.—

156 3496 257 42 American
440 3499 139 47 plays:
638 3498 146 41 What
811 3498 131 49 price
972 3500 149 48 glory,
1150 3500 61 47 by
1240 3500 225 40 Maxwell
1497 3501 254 40 Anderson
1781 3501 96 40 and
1909 3499 246 41 Laurence

160 3552 245 50 Stallings.
468 3555 163 41 Marco
664 3554 230 49 Millions,
928 3556 61 46 by
1023 3556 194 47 Eugene
1253 3555 198 43 O’Neill.
1518 3556 160 42 Street
1713 3568 151 36 scene,
1899 3557 61 46 by
1994 3556 164 39 Elmer

158 3609 130 41 Rice.
360 3612 101 38 The
503 3621 143 37 green
687 3613 238 45 pastures,
970 3613 61 47 by
1075 3613 134 40 Marc
1254 3611 245 49 Connelly.
1572 3613 68 42 As
1686 3613 249 41 husbands
1979 3623 71 37 go,
2096 3612 62 46 by

158 3664 177 43 Rachel
375 3667 619 42 Crothers.—Continental
1028 3669 140 47 plays:
1232 3669 102 41 The
1370 3670 94 41 live
1500 3680 179 38 corpse,
1715 3670 63 48 by
1814 3670 96 41 Leo
1944 3669 212 46 Tolstoy.

158 3720 101 43 The
286 3725 205 47 coward,
517 3723 61 47 by
606 3724 153 40 Henri
788 3725 55 39 R.
873 3724 319 42 Lenormand.
1248 3725 101 41 The
1378 3725 200 42 miracle
1608 3729 50 38 at
1686 3726 211 51 Verdun,
1927 3726 63 48 by
2017 3725 141 41 Hans

160 3776 302 50 Chlumberg.
530 3780 101 40 The
671 3791 148 37 swan,
859 3780 60 47 by
957 3781 183 40 Ferenc
1178 3782 207 43 Molnar.
1453 3783 109 40 And
1603 3794 51 30 so
1696 3784 61 40 ad
1798 3782 259 46 infinitum,
2098 3781 60 49 by

159 3831 150 43 Karel
347 3837 95 38 and
481 3835 139 41 Josef
656 3835 174 49 Capek.
899 3837 133 40 Each
1072 3839 48 38 in
1161 3837 77 41 his
1276 3848 107 30 own
1422 3849 122 38 way,
1583 3839 61 47 by
1683 3839 142 48 Luigi
1866 3837 292 42 Pirandello.

163 3888 50 51 ©
239 3893 112 47 Apr.
376 3895 38 41 7,
442 3894 113 39 1934;
610 3895 66 39 2c.
703 3896 95 38 and
824 3894 81 40 aff.
931 3896 112 47 Apr.
1072 3897 53 39 13;
1182 3897 39 38 A
1248 3897 141 40 72037;
1448 3899 210 39 Thomas
1685 3899 180 39 Nelson
1891 3899 38 40 &
1954 3908 126 30 sons.

240 3950 249 47 (34-8957)
