2350 4196
1097 4006 134 54 1807

160 364 352 66 Roseberry,
542 366 222 52 Robert
795 363 310 65 Sherman,
1138 366 169 50 1883-

160 433 1998 152 The Niger vision, by R. S. Roseberry … Harrisburg, Pa., Christian publications,
913 517 107 52 inc.
1057 548 13 35 [
1074 521 18 22 c
1097 517 134 50 1934]

236 589 87 40 254
350 601 42 37 p.
453 590 163 43 front.,
646 591 170 46 plates,
847 591 149 45 ports.
1059 586 56 42 20
1120 588 43 23 cm
1168 619 8 9 .

236 645 129 41 “The
393 648 168 38 record
589 647 51 40 of
664 648 82 38 the
774 647 207 46 opening
1007 645 52 40 of
1084 644 82 40 the
1189 644 209 39 western
1429 641 196 41 Soudan
1654 644 48 38 to
1730 641 85 41 the
1840 639 205 49 gospel.”

165 700 50 51 ©
244 705 117 39 Nov.
391 705 67 46 15,
489 704 115 40 1934;
660 704 65 40 2c.
757 705 116 40 Nov.
904 704 81 46 23;
1020 702 80 41 aff.
1131 704 117 38 Nov.
1277 702 82 47 22;
1393 702 41 38 A
1464 701 170 47 78300;
1669 700 250 41 Christian

229 700 1912 108 publications,
403 761 89 40 inc.
564 760 221 49 (35-905)

165 848 384 66 Rutherford,
580 850 219 63 Joseph
830 848 302 65 Franklin,
1165 853 169 50 1869-

230 922 291 69 Jehovah;
556 925 95 52 the
682 925 312 52 revelation
1026 924 64 53 of
1121 925 97 51 the
1247 923 164 69 King
1441 921 65 54 of
1537 920 287 70 Eternity,
1858 919 301 69 involving

161 1001 112 54 His
301 1019 185 50 name,
514 1001 112 55 His
656 1007 321 63 covenants,
1007 1002 114 53 His
1151 1000 315 69 memorial,
1496 1000 115 53 and
1641 998 112 55 His
1784 998 371 67 Vindicator;

162 1078 312 70 disclosing
501 1081 132 67 why
664 1081 78 51 all
770 1098 232 50 persons
1035 1081 126 51 who
1192 1083 94 65 get
1317 1077 106 54 life
1457 1077 347 70 everlasting
1831 1082 154 48 must
2015 1076 144 68 love,

161 1153 1975 151 joyfully obey, and serve Him. By J. F. Rutherford … Brooklyn,
315 1234 70 55 N.
424 1235 72 53 Y.
539 1241 137 61 [etc.]
714 1236 209 53 Watch
959 1240 176 48 tower
1171 1234 168 53 Bible
1375 1235 112 52 and
1521 1239 151 48 tract
1707 1232 230 70 society,

163 1233 1971 132 International
448 1312 165 53 Bible
643 1314 256 52 students
926 1312 337 54 association
1297 1345 13 34 [
1314 1317 19 23 c
1337 1314 153 65 1934]

236 1383 85 41 382
357 1396 43 37 p.
436 1386 108 40 incl.
581 1386 135 40 front.
759 1385 237 48 (facsim.)
1040 1385 27 39 1
1102 1385 141 46 illus.,
1280 1384 173 48 plates,
1513 1384 88 41 col.
1636 1384 173 48 plates.
1869 1384 56 41 18½
1957 1385 44 22 cm
2005 1416 9 9 .

237 1440 164 42 “First
426 1442 219 48 printing
670 1440 232 49 1,000,000
931 1440 202 49 copies.”

169 1496 55 52 ©
251 1501 115 38 Nov.
399 1500 67 47 15,
498 1499 117 41 1934;
670 1500 66 40 2c.
769 1502 116 38 Nov.
918 1501 55 39 23;
1033 1500 81 40 aff.
1147 1501 115 39 Nov.
1295 1499 83 47 24;
1411 1501 41 38 A
1483 1500 141 40 77342;
1687 1501 42 39 J.
1763 1500 50 39 F.
1845 1499 317 49 Rutherford,

234 1558 259 47 Brooklyn.
566 1556 221 50 (35-904)

167 1631 430 67 Scarborough,
625 1634 115 53 Lee
768 1633 279 65 Rutland,
1077 1636 170 52 1870-

239 1707 1925 71 Products of Pentecost, by L. R. Scarborough … New York
192 1792 120 61 [etc.]
344 1786 267 68 Fleming
635 1787 76 51 H.
741 1786 196 54 Revell
966 1805 276 49 company
1276 1820 13 34 [
1293 1792 18 22 c
1317 1788 135 49 1934
1456 1819 14 35 ]

238 1860 773 49 127 p. front. (port.) 19½ cm .
172 1915 50 51 ©
254 1918 99 41 Oct.
384 1917 68 47 27,
480 1917 140 48 1934;
650 1917 65 41 2c.
746 1920 96 38 and
870 1917 80 41 aff.
979 1918 117 40 Nov.
1126 1917 80 48 21;
1238 1919 41 38 A
1305 1917 170 48 78206;
1509 1918 220 48 Fleming
1758 1919 60 39 H.
1848 1918 166 40 Revell
2044 1929 65 29 co.

248 1975 221 49 (35-503)

170 2051 166 53 Scott
363 2055 198 61 stamp
588 2053 115 52 and
731 2051 128 55 coin
886 2068 102 49 co.,
1014 2052 113 65 Pd.,
1154 2054 138 52 New
1323 2053 177 53 York.

243 2130 121 51 The
409 2129 306 53 American
765 2130 192 53 album
1003 2130 94 52 for
1140 2130 217 54 United
1405 2130 188 55 States
1639 2135 236 63 postage
1918 2137 244 60 stamps:

174 2208 257 53 contains
462 2227 193 49 spaces
688 2207 94 53 for
813 2226 168 49 every
1011 2208 185 67 major
1226 2208 222 68 variety
1482 2209 64 52 of
1578 2208 218 55 United
1831 2208 188 55 States
2054 2209 112 52 and

175 2286 384 54 Confederate
606 2292 233 62 stamps,
888 2288 118 51 also
1054 2286 78 53 all
1179 2292 216 62 stamps
1442 2286 64 53 of
1555 2287 181 55 Canal
1784 2305 154 49 zone,
1988 2287 177 65 Cuba,

174 2364 204 68 Guam,
405 2364 365 68 Philippines
797 2366 113 51 and
937 2367 177 51 Porto
1141 2365 140 52 Rico
1307 2365 187 53 issued
1521 2366 181 52 under
1731 2364 218 55 United
1980 2365 187 55 States

175 2442 492 68 administration;
701 2444 133 51 each
864 2462 164 48 space
1058 2443 277 67 provided
1366 2443 93 53 for
1487 2442 217 56 United
1735 2444 188 55 States
1953 2449 215 62 stamps

176 2521 46 53 is
253 2523 237 51 marked
523 2521 139 53 with
696 2523 295 66 catalogue
1023 2521 236 53 number
1292 2521 64 52 of
1387 2527 186 62 stamp
1607 2521 310 68 belonging
1948 2521 219 53 therein

177 2618 60 37 as
273 2600 169 54 listed
480 2599 61 55 in
577 2600 96 51 the
715 2603 136 49 1934
888 2598 216 54 edition
1140 2599 63 54 of
1239 2618 103 34 our
1381 2600 292 55 Standard
1709 2605 235 63 postage
1979 2606 186 61 stamp

176 2679 312 67 catalogue,
518 2679 112 51 and
657 2683 215 61 stamps
899 2677 169 55 listed
1096 2677 59 52 in
1182 2679 95 51 the
1305 2677 283 53 chronicle
1616 2678 64 53 of
1706 2697 102 33 our
1835 2678 227 67 journal
2089 2697 78 49 up

176 2761 58 47 to
261 2758 151 53 June
443 2762 46 61 1,
519 2760 149 49 1934.
744 2756 337 52 Illustrated
1107 2754 60 54 in
1195 2757 338 53 accordance
1559 2756 141 53 with
1726 2756 95 52 the
1848 2756 109 52 law
1985 2756 64 52 of
2074 2757 95 53 the

177 2833 1967 147 United States. New York, N. Y., Scott stamp & coin company, ltd. [ c 1934]
247 2984 540 43 147 l. illus. 29½ cm .
180 3040 50 51 ©
260 3044 117 47 Aug.
408 3043 68 47 10,
506 3041 140 47 1934;
678 3041 65 40 2c.
773 3042 98 39 and
898 3040 81 41 aff.
1010 3042 111 39 Dec.
1152 3042 79 47 28;
1264 3043 43 38 A
1332 3042 171 46 78748;
1538 3042 136 41 Scott
1700 3044 163 46 stamp
1890 3042 38 40 &
1956 3041 107 41 coin
2091 3054 81 37 co.,

245 3102 85 38 ltd.
396 3099 282 49 [Copyright
704 3099 44 39 is
774 3098 205 40 claimed
1005 3108 60 30 on
1092 3098 308 49 corrections,
1429 3099 342 48 illustrations,
1803 3098 246 41 additions
2078 3101 96 39 and

246 3158 356 47 arrangement]
676 3155 221 50 (35-950)

251 3233 121 51 The
403 3231 407 53 international
841 3232 86 53 air
958 3238 128 60 post
1117 3232 218 68 album;
1370 3232 255 53 contains
1655 3251 193 49 spaces
1880 3232 93 54 for
2004 3251 166 48 every

182 3311 185 67 major
408 3312 222 64 variety
671 3309 62 51 of
773 3316 371 61 government
1183 3310 146 53 issue
1369 3310 63 51 of
1473 3310 86 54 air
1598 3316 129 61 post
1766 3315 185 62 stamp
1992 3330 78 47 up
2111 3315 57 47 to

181 3390 262 65 January
485 3393 101 62 1st,
626 3392 150 63 1934,
813 3388 281 53 chronicle
1131 3388 62 52 of
1232 3389 205 54 Scott’s
1475 3389 261 66 monthly
1772 3388 245 67 journal,
2055 3389 116 52 also

180 3466 303 53 statistical
508 3468 151 64 data,
683 3465 296 68 including
1003 3467 158 52 dates
1184 3466 64 52 of
1271 3467 145 52 issue
1441 3469 112 52 and

1577 3465 294 54 historical
182 3465 1964 133 information
334 3563 72 33 on
436 3545 372 66 outstanding
836 3543 224 68 flights;
1093 3544 324 52 illustrated

1448 3544 57 51 in
1538 3544 339 52 accordance
1908 3545 139 51 with
2078 3546 94 51 the

184 3625 109 50 law
321 3622 64 53 of
410 3623 95 51 the
531 3622 217 53 United
780 3622 202 54 States.
1059 3622 137 52 New
1226 3622 163 52 York
1415 3621 132 67 city,
1575 3623 68 52 N.
1675 3623 90 66 Y.,
1798 3622 161 55 Scott
1986 3628 185 62 stamp

182 3703 45 48 &
252 3700 125 53 coin
403 3718 97 47 co.,
526 3699 121 65 ltd.,
674 3706 17 20 c
697 3703 149 49 1934.

259 3771 113 49 [203]
403 3782 42 36 p.
505 3770 127 40 illus.
693 3771 55 39 29
753 3774 43 20 cm
801 3804 8 8 .

185 3826 51 50 ©
267 3830 109 38 Feb.
407 3829 68 46 10,
506 3827 116 41 1934;
678 3828 65 40 2c.
775 3830 96 38 and
900 3828 79 39 aff.
1011 3830 111 39 Dec.
1154 3829 80 47 28;
1267 3830 41 38 A
1337 3828 169 48 78749;
1542 3828 136 41 Scott
1706 3831 159 45 stamp
1896 3829 35 39 &
1961 3830 105 39 coin
2095 3840 80 37 co.,

252 3887 84 38 ltd.
402 3884 280 49 [Copyright
709 3886 41 39 is
780 3885 203 40 claimed
1008 3897 63 28 on
1098 3887 306 47 corrections,
1435 3886 260 48 additions,
1726 3886 327 40 illustrations
2083 3888 94 39 and

253 3944 355 46 arrangement]
688 3941 220 50 (35-951)
