<alto xmlns="http://www.loc.gov/standards/alto/ns-v3#" xmlns:xsi="http://www.w3.org/2001/XMLSchema-instance" xsi:schemaLocation="http://www.loc.gov/standards/alto/ns-v3# http://www.loc.gov/alto/v3/alto-3-0.xsd"><Description>
<MeasurementUnit>pixel</MeasurementUnit>
<sourceImageInformation>
<fileName>1934_v1_Part1.pdf</fileName>
</sourceImageInformation>
<OCRProcessing ID="IdOcr">
<ocrProcessingStep>
<processingDateTime>2019-01-10</processingDateTime>
<processingSoftware>
<softwareCreator>ABBYY</softwareCreator>
<softwareName>ABBYY Recognition Server</softwareName>
<softwareVersion>4.0</softwareVersion>
</processingSoftware>
</ocrProcessingStep>
</OCRProcessing>
</Description>
<Styles>
<ParagraphStyle ALIGN="Left" FIRSTLINE="0." ID="StyleId-FFFFFFFF-FFFF-FFFF-FFFF-FFFFFFFFFFFF-" LEFT="0." RIGHT="0." />
<ParagraphStyle ALIGN="Right" FIRSTLINE="0." ID="StyleId-521E1FC6-FE7E-43A4-90E6-A9B61626A263-" LEFT="0." LINESPACE="13.30000019" RIGHT="0." />
<ParagraphStyle ALIGN="Left" FIRSTLINE="-27." ID="StyleId-639B624E-F6F5-47B6-BB1D-34E64B53022F-" LEFT="0." LINESPACE="13.43999958" RIGHT="0." />
<ParagraphStyle ALIGN="Left" FIRSTLINE="0." ID="StyleId-100905F9-D385-406B-A5BD-ED5B8FD85431-" LEFT="0." RIGHT="0." />
<ParagraphStyle ALIGN="Left" FIRSTLINE="-27." ID="StyleId-7C9F9BA2-EF3A-4B7F-8486-CCC7B7F49B39-" LEFT="0." LINESPACE="18.71999931" RIGHT="0." />
<ParagraphStyle ALIGN="Block" FIRSTLINE="-27." ID="StyleId-350780E3-60F2-4605-88F5-BB54F9B87091-" LEFT="0." LINESPACE="18.71999931" RIGHT="0." />
<ParagraphStyle ALIGN="Left" FIRSTLINE="0." ID="StyleId-90B16C58-D795-4C77-9B89-30378C515D40-" LEFT="0." LINESPACE="14.39999962" RIGHT="0." />
<ParagraphStyle ALIGN="Right" FIRSTLINE="-27." ID="StyleId-17090E09-AFAF-4086-BD9B-4E99FAE6B057-" LEFT="0." LINESPACE="14.39999962" RIGHT="0." />
<ParagraphStyle ALIGN="Left" FIRSTLINE="-27." ID="StyleId-8B87B633-89DB-4D72-B1FC-26E4ABD680BC-" LEFT="0." LINESPACE="18.47999954" RIGHT="0." />
<ParagraphStyle ALIGN="Left" FIRSTLINE="0." ID="StyleId-42DA7417-CA90-4D71-A57B-06556C38D752-" LEFT="0." LINESPACE="13.30000019" RIGHT="0." />
<ParagraphStyle ALIGN="Block" FIRSTLINE="0." ID="StyleId-D8EE2A7E-42AE-4E35-98DB-F0F935637AA0-" LEFT="0." LINESPACE="6.599999905" RIGHT="0." />
<ParagraphStyle ALIGN="Left" FIRSTLINE="0." ID="StyleId-33CD3121-D4F5-43B6-BA96-6382D166E6B8-" LEFT="0." LINESPACE="15.5" RIGHT="0." />
<ParagraphStyle ALIGN="Block" FIRSTLINE="-21." ID="StyleId-1CE52AFA-C319-4DD9-B4B1-F0EBFA2B3F0B-" LEFT="0." LINESPACE="18.71999931" RIGHT="0." />
<ParagraphStyle ALIGN="Left" FIRSTLINE="0." ID="StyleId-B74F1B65-92F1-49C5-A5FA-D20442F031F2-" LEFT="0." LINESPACE="17.70006076" RIGHT="0." />
<ParagraphStyle ALIGN="Center" FIRSTLINE="0." ID="StyleId-79E2924A-215C-40B7-B577-7236BFBAA25E-" LEFT="0." LINESPACE="7.199999809" RIGHT="0." />
</Styles>
<Layout>
<Page HEIGHT="4196" ID="Page1646" PHYSICAL_IMG_NR="1646" WIDTH="2350">
<TopMargin HEIGHT="349" HPOS="0" VPOS="0" WIDTH="2350">
</TopMargin>
<LeftMargin HEIGHT="3709" HPOS="0" VPOS="349" WIDTH="169">
</LeftMargin>
<RightMargin HEIGHT="3709" HPOS="2230" VPOS="349" WIDTH="120">
</RightMargin>
<BottomMargin HEIGHT="138" HPOS="0" VPOS="4058" WIDTH="2350">
</BottomMargin>
<PrintSpace HEIGHT="3709" HPOS="169" VPOS="349" WIDTH="2061">
<TextBlock CS="1" HEIGHT="61" HPOS="1124" ID="Page1646_Block1" LANG="el" STYLEREFS="StyleId-C57D6AD9-C93F-4F8E-BF2F-DF6B8B2622EF-" VPOS="3997" WIDTH="143">
<TextLine CS="1" HEIGHT="48" HPOS="1196" VPOS="4004" WIDTH="64">
<String CONTENT="1646" CS="1" HEIGHT="48" HPOS="1196" VPOS="4004" WIDTH="64" />
</TextLine>
</TextBlock>
<TextBlock CS="1" HEIGHT="3627" HPOS="169" ID="Page1646_Block2" LANG="en-US" STYLEREFS="StyleId-8B075B96-59DA-45BB-BCC1-1D64507DF4F8-" VPOS="349" WIDTH="2061">
<TextLine HEIGHT="66" HPOS="216" LANG="de" STYLEREFS="StyleId-11509130-4193-4554-B189-7C536FD92F32-" VPOS="355" WIDTH="855">
<String CONTENT="Eberhart," HEIGHT="66" HPOS="216" VPOS="355" WIDTH="315" />
<SP HEIGHT="63" HPOS="532" VPOS="358" WIDTH="29" />
<String CONTENT="Mrs." HEIGHT="51" HPOS="562" VPOS="358" WIDTH="137" />
<SP HEIGHT="51" HPOS="700" VPOS="357" WIDTH="32" />
<String CONTENT="Mignon" HEIGHT="64" HPOS="733" VPOS="356" WIDTH="240" />
<SP HEIGHT="54" HPOS="974" VPOS="357" WIDTH="32" />
<String CONTENT="G." HEIGHT="55" HPOS="1007" LANG="fr" VPOS="357" WIDTH="64" />
</TextLine>
<TextLine CS="1" HEIGHT="134" HPOS="216" STYLEREFS="StyleId-C57D6AD9-C93F-4F8E-BF2F-DF6B8B2622EF-" VPOS="426" WIDTH="1964">
<String CONTENT="The" HEIGHT="51" HPOS="285" LANG="fr" VPOS="431" WIDTH="121" />
<SP HEIGHT="34" HPOS="407" VPOS="449" WIDTH="24" />
<String CONTENT="cases" HEIGHT="35" HPOS="432" LANG="fr" VPOS="448" WIDTH="149" />
<SP HEIGHT="34" HPOS="582" VPOS="449" WIDTH="26" />
<String CONTENT="of" HEIGHT="54" HPOS="609" LANG="en-US" VPOS="429" WIDTH="63" />
<SP HEIGHT="55" HPOS="673" VPOS="429" WIDTH="28" />
<String CONTENT="Susan" HEIGHT="55" HPOS="702" LANG="en-US" VPOS="429" WIDTH="183" />
<SP HEIGHT="52" HPOS="886" VPOS="431" WIDTH="25" />
<String CONTENT="Dare" HEIGHT="52" HPOS="912" LANG="en-US" VPOS="431" WIDTH="153" />
<SP HEIGHT="48" HPOS="1066" VPOS="449" WIDTH="33" />
<String CONTENT="[by]" HEIGHT="68" HPOS="1100" LANG="en-US" VPOS="431" WIDTH="108" />
<SP HEIGHT="67" HPOS="1209" VPOS="430" WIDTH="31" />
<String CONTENT="Mignon" HEIGHT="68" HPOS="1241" LANG="de" VPOS="430" WIDTH="243" />
<SP HEIGHT="55" HPOS="1485" VPOS="428" WIDTH="29" />
<String CONTENT="G." HEIGHT="55" HPOS="1515" LANG="fr" VPOS="428" WIDTH="68" />
<SP HEIGHT="53" HPOS="1584" VPOS="429" WIDTH="29" />
<String CONTENT="Eberhart" HEIGHT="53" HPOS="1614" LANG="de" VPOS="428" WIDTH="285" />
<SP HEIGHT="47" HPOS="1900" VPOS="434" WIDTH="34" />
<String CONTENT="&#8230;" CS="1" LANG="en-US" />
<SP HEIGHT="56" HPOS="1992" VPOS="426" WIDTH="68" />
<String CONTENT="Garden" HEIGHT="134" HPOS="216" LANG="de" VPOS="426" WIDTH="1964" />
</TextLine>
<TextLine HEIGHT="71" HPOS="354" STYLEREFS="StyleId-C57D6AD9-C93F-4F8E-BF2F-DF6B8B2622EF-" VPOS="505" WIDTH="1849">
<String CONTENT="City," HEIGHT="69" HPOS="354" LANG="de" VPOS="507" WIDTH="152" />
<SP HEIGHT="67" HPOS="507" VPOS="508" WIDTH="28" />
<String CONTENT="N." HEIGHT="52" HPOS="536" LANG="fr" VPOS="508" WIDTH="70" />
<SP HEIGHT="52" HPOS="607" VPOS="508" WIDTH="32" />
<String CONTENT="Y.," HEIGHT="67" HPOS="640" LANG="de" VPOS="508" WIDTH="90" />
<SP HEIGHT="67" HPOS="731" VPOS="508" WIDTH="26" />
<String CONTENT="Pub." HEIGHT="53" HPOS="758" LANG="en-US" VPOS="508" WIDTH="142" />
<SP HEIGHT="53" HPOS="901" VPOS="508" WIDTH="32" />
<String CONTENT="for" HEIGHT="52" HPOS="934" LANG="en-US" VPOS="508" WIDTH="93" />
<SP HEIGHT="45" HPOS="1028" VPOS="515" WIDTH="28" />
<String CONTENT="the" HEIGHT="52" HPOS="1057" LANG="en-US" VPOS="508" WIDTH="97" />
<SP HEIGHT="54" HPOS="1155" VPOS="507" WIDTH="29" />
<String CONTENT="Crime" HEIGHT="54" HPOS="1185" LANG="de" VPOS="507" WIDTH="191" />
<SP HEIGHT="34" HPOS="1377" VPOS="525" WIDTH="29" />
<String CONTENT="club," HEIGHT="67" HPOS="1407" LANG="fi" VPOS="506" WIDTH="144" />
<SP HEIGHT="67" HPOS="1552" VPOS="506" WIDTH="32" />
<String CONTENT="inc.," HEIGHT="67" HPOS="1585" LANG="fi" VPOS="506" WIDTH="125" />
<SP HEIGHT="67" HPOS="1711" VPOS="506" WIDTH="30" />
<String CONTENT="by" HEIGHT="69" HPOS="1742" LANG="en-US" VPOS="506" WIDTH="74" />
<SP HEIGHT="69" HPOS="1817" VPOS="506" WIDTH="30" />
<String CONTENT="Doubleday," HEIGHT="70" HPOS="1848" LANG="en-US" VPOS="505" WIDTH="355" />
</TextLine>
<TextLine HEIGHT="69" HPOS="214" LANG="fi" STYLEREFS="StyleId-C57D6AD9-C93F-4F8E-BF2F-DF6B8B2622EF-" VPOS="584" WIDTH="927">
<String CONTENT="Doran" HEIGHT="54" HPOS="214" VPOS="584" WIDTH="198" />
<SP HEIGHT="52" HPOS="413" VPOS="585" WIDTH="24" />
<String CONTENT="&amp;" HEIGHT="50" HPOS="438" VPOS="585" WIDTH="44" />
<SP HEIGHT="53" HPOS="483" VPOS="585" WIDTH="25" />
<String CONTENT="company," HEIGHT="51" HPOS="509" VPOS="602" WIDTH="295" />
<SP HEIGHT="67" HPOS="805" VPOS="585" WIDTH="27" />
<String CONTENT="inc.," HEIGHT="68" HPOS="833" VPOS="585" WIDTH="127" />
<SP HEIGHT="61" HPOS="961" VPOS="592" WIDTH="29" />
<String CONTENT="1934." HEIGHT="50" HPOS="991" VPOS="588" WIDTH="150" />
</TextLine>
<TextLine CS="1" HEIGHT="47" HPOS="287" LANG="fi" VPOS="657" WIDTH="543">
<String CONTENT="&#948;" HEIGHT="38" HPOS="287" LANG="el" VPOS="659" WIDTH="25" />
<SP HEIGHT="45" HPOS="313" VPOS="659" WIDTH="21" />
<String CONTENT="p." HEIGHT="37" HPOS="335" VPOS="667" WIDTH="42" />
<SP />
<String CONTENT="l.," CS="1" />
<SP />
<String CONTENT="303" HEIGHT="40" HPOS="473" VPOS="657" WIDTH="84" />
<SP HEIGHT="47" HPOS="558" VPOS="657" WIDTH="22" />
<String CONTENT="p." HEIGHT="37" HPOS="581" VPOS="667" WIDTH="43" />
<SP HEIGHT="38" HPOS="625" VPOS="659" WIDTH="63" />
<String CONTENT="19" HEIGHT="40" HPOS="689" VPOS="657" WIDTH="54" />
<String CONTENT="&#189;" CS="1" LANG="en-US" />
<String CONTENT="cm." HEIGHT="38" HPOS="776" VPOS="660" WIDTH="54" />
</TextLine>
<TextLine HEIGHT="41" HPOS="289" LANG="fi" VPOS="713" WIDTH="415">
<String CONTENT="&#8216;'First" HEIGHT="39" HPOS="289" VPOS="714" WIDTH="159" />
<SP HEIGHT="36" HPOS="449" VPOS="718" WIDTH="30" />
<String CONTENT="edition.&#8221;" HEIGHT="41" HPOS="480" VPOS="713" WIDTH="224" />
</TextLine>
<TextLine CS="1" HEIGHT="50" HPOS="218" VPOS="769" WIDTH="1987">
<String CONTENT="&#169;" HEIGHT="50" HPOS="218" LANG="fi" VPOS="769" WIDTH="51" />
<SP HEIGHT="50" HPOS="270" VPOS="769" WIDTH="32" />
<String CONTENT="Nov." HEIGHT="39" HPOS="303" LANG="fi" VPOS="772" WIDTH="116" />
<SP HEIGHT="38" HPOS="420" VPOS="772" WIDTH="32" />
<String CONTENT="21." HEIGHT="40" HPOS="453" LANG="fi" VPOS="772" WIDTH="68" />
<SP HEIGHT="39" HPOS="522" VPOS="773" WIDTH="32" />
<String CONTENT="1934;" HEIGHT="47" HPOS="555" LANG="fi" VPOS="771" WIDTH="140" />
<SP HEIGHT="47" HPOS="696" VPOS="771" WIDTH="35" />
<String CONTENT="2c." HEIGHT="40" HPOS="732" LANG="fi" VPOS="771" WIDTH="66" />
<SP HEIGHT="28" HPOS="799" VPOS="783" WIDTH="34" />
<String CONTENT="and" HEIGHT="39" HPOS="834" LANG="en-US" VPOS="772" WIDTH="95" />
<SP HEIGHT="39" HPOS="930" VPOS="772" WIDTH="32" />
<String CONTENT="aff." HEIGHT="41" HPOS="963" LANG="fi" VPOS="772" WIDTH="81" />
<SP HEIGHT="40" HPOS="1045" VPOS="773" WIDTH="32" />
<String CONTENT="Dec." HEIGHT="38" HPOS="1078" LANG="en-US" VPOS="773" WIDTH="111" />
<SP HEIGHT="38" HPOS="1190" VPOS="773" WIDTH="32" />
<String CONTENT="12;" HEIGHT="48" HPOS="1223" LANG="fi" VPOS="770" WIDTH="81" />
<SP HEIGHT="46" HPOS="1305" VPOS="772" WIDTH="35" />
<String CONTENT="A" CS="1" LANG="fi" />
<SP HEIGHT="38" HPOS="1385" VPOS="772" WIDTH="31" />
<String CONTENT="77632;" HEIGHT="47" HPOS="1417" LANG="fi" VPOS="770" WIDTH="167" />
<SP HEIGHT="45" HPOS="1585" VPOS="772" WIDTH="36" />
<String CONTENT="M." HEIGHT="39" HPOS="1622" LANG="fi" VPOS="772" WIDTH="63" />
<SP HEIGHT="40" HPOS="1686" VPOS="771" WIDTH="35" />
<String CONTENT="G." HEIGHT="40" HPOS="1722" LANG="fi" VPOS="771" WIDTH="51" />
<SP HEIGHT="39" HPOS="1774" VPOS="772" WIDTH="35" />
<String CONTENT="Eberhart," HEIGHT="47" HPOS="1810" LANG="de" VPOS="771" WIDTH="254" />
<SP HEIGHT="48" HPOS="2065" VPOS="770" WIDTH="35" />
<String CONTENT="Oak" HEIGHT="40" HPOS="2101" LANG="fi" VPOS="770" WIDTH="104" />
</TextLine>
<TextLine HEIGHT="48" HPOS="285" VPOS="828" WIDTH="596">
<String CONTENT="Park," HEIGHT="46" HPOS="285" LANG="en-US" VPOS="829" WIDTH="141" />
<SP HEIGHT="45" HPOS="427" VPOS="830" WIDTH="29" />
<String CONTENT="Ill." HEIGHT="37" HPOS="457" LANG="en-US" VPOS="830" WIDTH="72" />
<SP HEIGHT="47" HPOS="530" VPOS="829" WIDTH="73" />
<String CONTENT="(34-11048)" HEIGHT="48" HPOS="604" LANG="fi" VPOS="828" WIDTH="277" />
</TextLine>
<TextLine HEIGHT="67" HPOS="220" STYLEREFS="StyleId-11509130-4193-4554-B189-7C536FD92F32-" VPOS="904" WIDTH="974">
<String CONTENT="[Edgerly," HEIGHT="65" HPOS="220" LANG="fi" VPOS="904" WIDTH="295" />
<SP HEIGHT="63" HPOS="516" VPOS="905" WIDTH="27" />
<String CONTENT="Webster]" HEIGHT="66" HPOS="544" LANG="en-US" VPOS="905" WIDTH="289" />
<SP HEIGHT="60" HPOS="834" VPOS="911" WIDTH="38" />
<String CONTENT="1852-1926." HEIGHT="50" HPOS="873" LANG="fi" VPOS="909" WIDTH="321" />
</TextLine>
<TextLine HEIGHT="68" HPOS="284" STYLEREFS="StyleId-C57D6AD9-C93F-4F8E-BF2F-DF6B8B2622EF-" VPOS="980" WIDTH="1919">
<String CONTENT="Operations" HEIGHT="68" HPOS="284" VPOS="980" WIDTH="342" />
<SP HEIGHT="33" HPOS="627" VPOS="1002" WIDTH="40" />
<String CONTENT="of" HEIGHT="53" HPOS="668" VPOS="981" WIDTH="64" />
<SP HEIGHT="53" HPOS="733" VPOS="981" WIDTH="37" />
<String CONTENT="the" HEIGHT="51" HPOS="771" VPOS="983" WIDTH="94" />
<SP HEIGHT="34" HPOS="866" VPOS="1000" WIDTH="40" />
<String CONTENT="other" HEIGHT="50" HPOS="907" VPOS="984" WIDTH="160" />
<SP HEIGHT="33" HPOS="1068" VPOS="1001" WIDTH="39" />
<String CONTENT="mind;" HEIGHT="64" HPOS="1108" VPOS="983" WIDTH="187" />
<SP HEIGHT="46" HPOS="1296" VPOS="1001" WIDTH="41" />
<String CONTENT="making" HEIGHT="67" HPOS="1338" VPOS="981" WIDTH="236" />
<SP HEIGHT="66" HPOS="1575" VPOS="982" WIDTH="38" />
<String CONTENT="known" HEIGHT="51" HPOS="1614" VPOS="982" WIDTH="206" />
<SP HEIGHT="44" HPOS="1821" VPOS="988" WIDTH="41" />
<String CONTENT="the" HEIGHT="50" HPOS="1863" VPOS="982" WIDTH="92" />
<SP HEIGHT="33" HPOS="1956" VPOS="1000" WIDTH="44" />
<String CONTENT="unseen" HEIGHT="34" HPOS="2001" VPOS="999" WIDTH="202" />
</TextLine>
<TextLine HEIGHT="68" HPOS="215" STYLEREFS="StyleId-C57D6AD9-C93F-4F8E-BF2F-DF6B8B2622EF-" VPOS="1058" WIDTH="1987">
<String CONTENT="powers" HEIGHT="48" HPOS="215" VPOS="1077" WIDTH="213" />
<SP HEIGHT="33" HPOS="429" VPOS="1079" WIDTH="26" />
<String CONTENT="of" HEIGHT="52" HPOS="456" VPOS="1059" WIDTH="63" />
<SP HEIGHT="52" HPOS="520" VPOS="1059" WIDTH="23" />
<String CONTENT="the" HEIGHT="50" HPOS="544" VPOS="1061" WIDTH="93" />
<SP HEIGHT="33" HPOS="638" VPOS="1079" WIDTH="24" />
<String CONTENT="universe" HEIGHT="54" HPOS="663" VPOS="1059" WIDTH="257" />
<SP HEIGHT="52" HPOS="921" VPOS="1060" WIDTH="26" />
<String CONTENT="in" HEIGHT="52" HPOS="948" VPOS="1060" WIDTH="59" />
<SP HEIGHT="45" HPOS="1008" VPOS="1067" WIDTH="24" />
<String CONTENT="their" HEIGHT="53" HPOS="1033" VPOS="1059" WIDTH="148" />
<SP HEIGHT="33" HPOS="1182" VPOS="1078" WIDTH="25" />
<String CONTENT="control" HEIGHT="51" HPOS="1208" VPOS="1060" WIDTH="216" />
<SP HEIGHT="51" HPOS="1425" VPOS="1060" WIDTH="26" />
<String CONTENT="over" HEIGHT="34" HPOS="1452" VPOS="1077" WIDTH="131" />
<SP HEIGHT="50" HPOS="1584" VPOS="1060" WIDTH="24" />
<String CONTENT="human" HEIGHT="51" HPOS="1609" VPOS="1060" WIDTH="212" />
<SP HEIGHT="51" HPOS="1822" VPOS="1059" WIDTH="24" />
<String CONTENT="life," HEIGHT="67" HPOS="1847" VPOS="1058" WIDTH="122" />
<SP HEIGHT="59" HPOS="1970" VPOS="1066" WIDTH="27" />
<String CONTENT="taught" HEIGHT="66" HPOS="1998" VPOS="1060" WIDTH="204" />
</TextLine>
<TextLine HEIGHT="68" HPOS="206" STYLEREFS="StyleId-C57D6AD9-C93F-4F8E-BF2F-DF6B8B2622EF-" VPOS="1137" WIDTH="1997">
<String CONTENT="by" HEIGHT="67" HPOS="206" VPOS="1137" WIDTH="72" />
<SP HEIGHT="65" HPOS="279" VPOS="1139" WIDTH="23" />
<String CONTENT="Edmund" HEIGHT="54" HPOS="303" VPOS="1138" WIDTH="270" />
<SP HEIGHT="55" HPOS="574" VPOS="1138" WIDTH="25" />
<String CONTENT="Shaftesbury" HEIGHT="67" HPOS="600" VPOS="1138" WIDTH="381" />
<SP HEIGHT="48" HPOS="982" VPOS="1157" WIDTH="29" />
<String CONTENT="[pseud.]" HEIGHT="67" HPOS="1012" VPOS="1137" WIDTH="227" />
<SP HEIGHT="66" HPOS="1240" VPOS="1138" WIDTH="61" />
<String CONTENT="Meriden," HEIGHT="66" HPOS="1302" VPOS="1137" WIDTH="277" />
<SP HEIGHT="65" HPOS="1580" VPOS="1138" WIDTH="23" />
<String CONTENT="Conn.," HEIGHT="65" HPOS="1604" VPOS="1138" WIDTH="195" />
<SP HEIGHT="64" HPOS="1800" VPOS="1139" WIDTH="22" />
<String CONTENT="The" HEIGHT="52" HPOS="1823" VPOS="1138" WIDTH="120" />
<SP HEIGHT="51" HPOS="1944" VPOS="1138" WIDTH="21" />
<String CONTENT="Paiston" HEIGHT="52" HPOS="1966" LANG="fi" VPOS="1137" WIDTH="237" />
</TextLine>
<TextLine HEIGHT="67" HPOS="210" STYLEREFS="StyleId-C57D6AD9-C93F-4F8E-BF2F-DF6B8B2622EF-" VPOS="1216" WIDTH="407">
<String CONTENT="society," HEIGHT="67" HPOS="210" VPOS="1216" WIDTH="226" />
<SP HEIGHT="61" HPOS="437" VPOS="1221" WIDTH="32" />
<String CONTENT="1935." HEIGHT="49" HPOS="470" VPOS="1219" WIDTH="147" />
</TextLine>
<TextLine HEIGHT="47" HPOS="284" VPOS="1289" WIDTH="329">
<String CONTENT="445" HEIGHT="38" HPOS="284" VPOS="1290" WIDTH="85" />
<SP HEIGHT="46" HPOS="370" VPOS="1290" WIDTH="28" />
<String CONTENT="p." HEIGHT="36" HPOS="399" VPOS="1300" WIDTH="39" />
<SP HEIGHT="38" HPOS="439" VPOS="1289" WIDTH="58" />
<String CONTENT="25cm." HEIGHT="39" HPOS="498" VPOS="1289" WIDTH="115" />
</TextLine>
<TextLine CS="1" HEIGHT="48" HPOS="316" VPOS="1343" WIDTH="1608">
<String CONTENT="&quot;This" CS="1" HEIGHT="38" HPOS="316" VPOS="1347" WIDTH="115" />
<SP HEIGHT="39" HPOS="432" VPOS="1346" WIDTH="26" />
<String CONTENT="is" HEIGHT="39" HPOS="459" VPOS="1346" WIDTH="42" />
<SP HEIGHT="37" HPOS="502" VPOS="1348" WIDTH="30" />
<String CONTENT="the" HEIGHT="39" HPOS="533" VPOS="1345" WIDTH="80" />
<SP HEIGHT="38" HPOS="614" VPOS="1346" WIDTH="27" />
<String CONTENT="1934" HEIGHT="42" HPOS="642" VPOS="1343" WIDTH="113" />
<SP HEIGHT="38" HPOS="756" VPOS="1347" WIDTH="30" />
<String CONTENT="edition" HEIGHT="40" HPOS="787" VPOS="1345" WIDTH="180" />
<SP HEIGHT="29" HPOS="968" VPOS="1356" WIDTH="31" />
<String CONTENT="of" HEIGHT="41" HPOS="1000" VPOS="1344" WIDTH="50" />
<SP HEIGHT="40" HPOS="1051" VPOS="1344" WIDTH="28" />
<String CONTENT="the" HEIGHT="39" HPOS="1080" VPOS="1345" WIDTH="81" />
<SP HEIGHT="38" HPOS="1162" VPOS="1345" WIDTH="29" />
<String CONTENT="Personal" HEIGHT="39" HPOS="1192" VPOS="1345" WIDTH="230" />
<SP HEIGHT="38" HPOS="1423" VPOS="1345" WIDTH="29" />
<String CONTENT="magnetism" HEIGHT="47" HPOS="1453" VPOS="1344" WIDTH="288" />
<SP HEIGHT="30" HPOS="1742" VPOS="1354" WIDTH="32" />
<String CONTENT="club.&#8221;" HEIGHT="41" HPOS="1775" VPOS="1343" WIDTH="149" />
</TextLine>
<TextLine CS="1" HEIGHT="40" HPOS="287" VPOS="1402" WIDTH="621">
<String CONTENT="On" HEIGHT="40" HPOS="287" VPOS="1402" WIDTH="69" />
<SP HEIGHT="29" HPOS="357" VPOS="1413" WIDTH="26" />
<String CONTENT="cover:" CS="1" HEIGHT="29" HPOS="384" VPOS="1413" WIDTH="139" />
<SP HEIGHT="40" HPOS="551" VPOS="1402" WIDTH="32" />
<String CONTENT="Other" HEIGHT="40" HPOS="584" VPOS="1402" WIDTH="149" />
<SP HEIGHT="27" HPOS="734" VPOS="1413" WIDTH="27" />
<String CONTENT="mind." HEIGHT="39" HPOS="762" VPOS="1402" WIDTH="146" />
</TextLine>
<TextLine CS="1" HEIGHT="108" HPOS="220" VPOS="1455" WIDTH="1970">
<String CONTENT="&#169;" HEIGHT="51" HPOS="220" VPOS="1455" WIDTH="49" />
<SP HEIGHT="51" HPOS="270" VPOS="1455" WIDTH="28" />
<String CONTENT="Oct." HEIGHT="40" HPOS="299" VPOS="1459" WIDTH="99" />
<SP HEIGHT="39" HPOS="399" VPOS="1460" WIDTH="27" />
<String CONTENT="31." HEIGHT="38" HPOS="427" VPOS="1460" WIDTH="68" />
<SP HEIGHT="37" HPOS="496" VPOS="1460" WIDTH="27" />
<String CONTENT="1934;" HEIGHT="48" HPOS="524" VPOS="1457" WIDTH="139" />
<SP HEIGHT="46" HPOS="664" VPOS="1459" WIDTH="29" />
<String CONTENT="2c." HEIGHT="39" HPOS="694" VPOS="1459" WIDTH="65" />
<SP HEIGHT="37" HPOS="760" VPOS="1459" WIDTH="27" />
<String CONTENT="Nov." CS="1" HEIGHT="28" HPOS="834" VPOS="1470" WIDTH="70" />
<SP HEIGHT="40" HPOS="905" VPOS="1458" WIDTH="26" />
<String CONTENT="24;" CS="1" HEIGHT="39" HPOS="932" VPOS="1458" WIDTH="52" />
<SP HEIGHT="35" HPOS="1014" VPOS="1469" WIDTH="31" />
<String CONTENT="aff." HEIGHT="40" HPOS="1046" VPOS="1458" WIDTH="80" />
<SP HEIGHT="39" HPOS="1127" VPOS="1459" WIDTH="27" />
<String CONTENT="Nov." HEIGHT="38" HPOS="1155" VPOS="1459" WIDTH="115" />
<SP HEIGHT="38" HPOS="1271" VPOS="1457" WIDTH="27" />
<String CONTENT="26;" HEIGHT="47" HPOS="1299" VPOS="1457" WIDTH="81" />
<SP HEIGHT="45" HPOS="1381" VPOS="1459" WIDTH="29" />
<String CONTENT="A" HEIGHT="37" HPOS="1411" VPOS="1459" WIDTH="40" />
<SP HEIGHT="37" HPOS="1452" VPOS="1459" WIDTH="28" />
<String CONTENT="78334;" CS="1" HEIGHT="39" HPOS="1481" VPOS="1458" WIDTH="141" />
<SP HEIGHT="46" HPOS="1649" VPOS="1458" WIDTH="31" />
<String CONTENT="Ralston" HEIGHT="39" HPOS="1681" VPOS="1458" WIDTH="206" />
<SP HEIGHT="28" HPOS="1888" VPOS="1468" WIDTH="26" />
<String CONTENT="co." HEIGHT="29" HPOS="1915" VPOS="1467" WIDTH="66" />
<SP HEIGHT="28" HPOS="1982" VPOS="1477" WIDTH="62" />
<String CONTENT="[Copyright" HEIGHT="106" HPOS="286" VPOS="1457" WIDTH="1904" />
<SP HEIGHT="39" HPOS="416" VPOS="1516" WIDTH="24" />
<String CONTENT="is" HEIGHT="39" HPOS="441" VPOS="1516" WIDTH="40" />
<SP HEIGHT="28" HPOS="482" VPOS="1527" WIDTH="27" />
<String CONTENT="claimed" HEIGHT="39" HPOS="510" VPOS="1516" WIDTH="202" />
<SP HEIGHT="37" HPOS="713" VPOS="1517" WIDTH="29" />
<String CONTENT="on" HEIGHT="28" HPOS="743" VPOS="1526" WIDTH="59" />
<SP HEIGHT="37" HPOS="803" VPOS="1526" WIDTH="25" />
<String CONTENT="preface]" HEIGHT="47" HPOS="829" VPOS="1516" WIDTH="210" />
<SP HEIGHT="47" HPOS="1040" VPOS="1516" WIDTH="71" />
<String CONTENT="(34-40701)" CS="1" HEIGHT="48" HPOS="1112" VPOS="1514" WIDTH="277" />
</TextLine>
<TextLine HEIGHT="66" HPOS="219" STYLEREFS="StyleId-C57D6AD9-C93F-4F8E-BF2F-DF6B8B2622EF-" VPOS="1590" WIDTH="1146">
<String CONTENT="Engelbrecht," HEIGHT="66" HPOS="219" VPOS="1590" WIDTH="412" />
<SP HEIGHT="63" HPOS="632" VPOS="1593" WIDTH="30" />
<String CONTENT="Pelmuth" HEIGHT="54" HPOS="663" VPOS="1590" WIDTH="283" />
<SP HEIGHT="53" HPOS="947" VPOS="1592" WIDTH="29" />
<String CONTENT="Carol," HEIGHT="64" HPOS="977" VPOS="1592" WIDTH="188" />
<SP HEIGHT="57" HPOS="1166" VPOS="1599" WIDTH="29" />
<String CONTENT="1895-" HEIGHT="49" HPOS="1196" VPOS="1597" WIDTH="169" />
</TextLine>
<TextLine CS="1" HEIGHT="69" HPOS="287" STYLEREFS="StyleId-C57D6AD9-C93F-4F8E-BF2F-DF6B8B2622EF-" VPOS="1666" WIDTH="1915">
<String CONTENT="&#8220;One" HEIGHT="54" HPOS="287" LANG="en-US" VPOS="1668" WIDTH="156" />
<SP HEIGHT="51" HPOS="444" VPOS="1669" WIDTH="41" />
<String CONTENT="hell" HEIGHT="51" HPOS="486" LANG="en-US" VPOS="1669" WIDTH="114" />
<SP HEIGHT="51" HPOS="601" VPOS="1669" WIDTH="39" />
<String CONTENT="of" HEIGHT="51" HPOS="641" LANG="en-US" VPOS="1669" WIDTH="64" />
<SP HEIGHT="51" HPOS="706" VPOS="1669" WIDTH="39" />
<String CONTENT="a" HEIGHT="33" HPOS="746" LANG="en-US" VPOS="1687" WIDTH="29" />
<SP HEIGHT="51" HPOS="776" VPOS="1669" WIDTH="40" />
<String CONTENT="business&#8221;," HEIGHT="69" HPOS="817" LANG="en-US" VPOS="1666" WIDTH="305" />
<SP HEIGHT="67" HPOS="1123" VPOS="1668" WIDTH="40" />
<String CONTENT="by" HEIGHT="67" HPOS="1164" LANG="en-US" VPOS="1668" WIDTH="73" />
<SP HEIGHT="67" HPOS="1238" VPOS="1668" WIDTH="39" />
<String CONTENT="H." HEIGHT="51" HPOS="1278" LANG="fi" VPOS="1668" WIDTH="76" />
<SP HEIGHT="54" HPOS="1355" VPOS="1667" WIDTH="45" />
<String CONTENT="C." HEIGHT="54" HPOS="1401" LANG="en-US" VPOS="1667" WIDTH="60" />
<SP HEIGHT="52" HPOS="1462" VPOS="1668" WIDTH="42" />
<String CONTENT="Engelbrecht" HEIGHT="67" HPOS="1505" LANG="de" VPOS="1667" WIDTH="382" />
<SP HEIGHT="45" HPOS="1888" VPOS="1674" WIDTH="45" />
<String CONTENT="&#8230;" CS="1" LANG="en-US" />
<SP HEIGHT="51" HPOS="1989" VPOS="1668" WIDTH="78" />
<String CONTENT="New" HEIGHT="52" HPOS="2068" LANG="en-US" VPOS="1668" WIDTH="134" />
</TextLine>
<TextLine HEIGHT="68" HPOS="221" STYLEREFS="StyleId-C57D6AD9-C93F-4F8E-BF2F-DF6B8B2622EF-" VPOS="1745" WIDTH="1253">
<String CONTENT="York," HEIGHT="67" HPOS="221" VPOS="1746" WIDTH="173" />
<SP HEIGHT="67" HPOS="395" VPOS="1746" WIDTH="25" />
<String CONTENT="R." HEIGHT="51" HPOS="421" VPOS="1746" WIDTH="66" />
<SP HEIGHT="51" HPOS="488" VPOS="1746" WIDTH="27" />
<String CONTENT="M." HEIGHT="51" HPOS="516" VPOS="1746" WIDTH="78" />
<SP HEIGHT="52" HPOS="595" VPOS="1745" WIDTH="28" />
<String CONTENT="McBride" HEIGHT="53" HPOS="624" VPOS="1745" WIDTH="276" />
<SP HEIGHT="50" HPOS="901" VPOS="1748" WIDTH="25" />
<String CONTENT="&amp;" HEIGHT="50" HPOS="927" VPOS="1748" WIDTH="45" />
<SP HEIGHT="50" HPOS="973" VPOS="1748" WIDTH="26" />
<String CONTENT="company," HEIGHT="51" HPOS="1000" VPOS="1762" WIDTH="293" />
<SP HEIGHT="64" HPOS="1294" VPOS="1749" WIDTH="30" />
<String CONTENT="1934." HEIGHT="49" HPOS="1325" VPOS="1748" WIDTH="149" />
</TextLine>
<TextLine CS="1" HEIGHT="48" HPOS="285" VPOS="1819" WIDTH="324">
<String CONTENT="9&#928;" HEIGHT="39" HPOS="285" LANG="el" VPOS="1819" WIDTH="54" />
<SP HEIGHT="45" HPOS="340" VPOS="1822" WIDTH="27" />
<String CONTENT="p." HEIGHT="36" HPOS="368" VPOS="1831" WIDTH="39" />
<SP HEIGHT="38" HPOS="408" VPOS="1821" WIDTH="59" />
<String CONTENT="19&#189;cm." CS="1" HEIGHT="40" HPOS="468" VPOS="1819" WIDTH="141" />
</TextLine>
<TextLine HEIGHT="49" HPOS="287" VPOS="1875" WIDTH="1919">
<String CONTENT="A" HEIGHT="36" HPOS="287" VPOS="1879" WIDTH="35" />
<SP HEIGHT="37" HPOS="323" VPOS="1879" WIDTH="29" />
<String CONTENT="compilation" HEIGHT="47" HPOS="353" VPOS="1877" WIDTH="311" />
<SP HEIGHT="29" HPOS="665" VPOS="1887" WIDTH="23" />
<String CONTENT="and" HEIGHT="38" HPOS="689" VPOS="1878" WIDTH="94" />
<SP HEIGHT="38" HPOS="784" VPOS="1878" WIDTH="28" />
<String CONTENT="interpretation" HEIGHT="48" HPOS="813" VPOS="1876" WIDTH="374" />
<SP HEIGHT="30" HPOS="1188" VPOS="1887" WIDTH="26" />
<String CONTENT="of" HEIGHT="41" HPOS="1215" VPOS="1876" WIDTH="51" />
<SP HEIGHT="40" HPOS="1267" VPOS="1876" WIDTH="27" />
<String CONTENT="the" HEIGHT="39" HPOS="1295" VPOS="1877" WIDTH="80" />
<SP HEIGHT="40" HPOS="1376" VPOS="1876" WIDTH="26" />
<String CONTENT="facts" HEIGHT="40" HPOS="1403" VPOS="1876" WIDTH="129" />
<SP HEIGHT="39" HPOS="1533" VPOS="1877" WIDTH="28" />
<String CONTENT="disclosed" HEIGHT="41" HPOS="1562" VPOS="1875" WIDTH="237" />
<SP HEIGHT="39" HPOS="1800" VPOS="1877" WIDTH="27" />
<String CONTENT="by" HEIGHT="46" HPOS="1828" VPOS="1878" WIDTH="60" />
<SP HEIGHT="44" HPOS="1889" VPOS="1880" WIDTH="28" />
<String CONTENT="the" HEIGHT="39" HPOS="1918" VPOS="1877" WIDTH="81" />
<SP HEIGHT="40" HPOS="2000" VPOS="1876" WIDTH="30" />
<String CONTENT="Senate" HEIGHT="40" HPOS="2031" VPOS="1876" WIDTH="175" />
</TextLine>
<TextLine HEIGHT="48" HPOS="217" VPOS="1933" WIDTH="1087">
<String CONTENT="investigation" HEIGHT="47" HPOS="217" VPOS="1934" WIDTH="343" />
<SP HEIGHT="28" HPOS="561" VPOS="1945" WIDTH="26" />
<String CONTENT="of" HEIGHT="40" HPOS="588" VPOS="1933" WIDTH="50" />
<SP HEIGHT="39" HPOS="639" VPOS="1933" WIDTH="27" />
<String CONTENT="the" HEIGHT="38" HPOS="667" VPOS="1934" WIDTH="81" />
<SP HEIGHT="28" HPOS="749" VPOS="1944" WIDTH="26" />
<String CONTENT="munitions" HEIGHT="40" HPOS="776" VPOS="1933" WIDTH="263" />
<SP HEIGHT="39" HPOS="1040" VPOS="1933" WIDTH="26" />
<String CONTENT="industry." HEIGHT="47" HPOS="1067" VPOS="1933" WIDTH="237" />
</TextLine>
<TextLine CS="1" HEIGHT="40" HPOS="316" VPOS="1989" WIDTH="383">
<String CONTENT="&quot;First" CS="1" HEIGHT="38" HPOS="316" VPOS="1991" WIDTH="130" />
<SP HEIGHT="35" HPOS="447" VPOS="1994" WIDTH="28" />
<String CONTENT="edition.&#8221;" HEIGHT="40" HPOS="476" VPOS="1989" WIDTH="223" />
</TextLine>
<TextLine HEIGHT="50" HPOS="217" VPOS="2043" WIDTH="1986">
<String CONTENT="&#169;" HEIGHT="50" HPOS="217" LANG="en-US" VPOS="2043" WIDTH="51" />
<SP HEIGHT="50" HPOS="269" VPOS="2043" WIDTH="33" />
<String CONTENT="Oct." HEIGHT="40" HPOS="303" LANG="en-US" VPOS="2046" WIDTH="100" />
<SP HEIGHT="40" HPOS="404" VPOS="2046" WIDTH="29" />
<String CONTENT="27." HEIGHT="40" HPOS="434" LANG="en-US" VPOS="2046" WIDTH="68" />
<SP HEIGHT="37" HPOS="503" VPOS="2048" WIDTH="31" />
<String CONTENT="1" HEIGHT="37" HPOS="535" LANG="en-US" VPOS="2048" WIDTH="17" />
<SP HEIGHT="39" HPOS="553" VPOS="2046" WIDTH="11" />
<String CONTENT="934:" HEIGHT="40" HPOS="565" LANG="en-US" VPOS="2046" WIDTH="109" />
<SP HEIGHT="39" HPOS="675" VPOS="2046" WIDTH="34" />
<String CONTENT="2c." HEIGHT="40" HPOS="710" LANG="en-US" VPOS="2046" WIDTH="65" />
<SP HEIGHT="39" HPOS="776" VPOS="2047" WIDTH="33" />
<String CONTENT="Dec." HEIGHT="40" HPOS="810" LANG="en-US" VPOS="2047" WIDTH="110" />
<SP HEIGHT="40" HPOS="921" VPOS="2047" WIDTH="31" />
<String CONTENT="10:" HEIGHT="39" HPOS="953" LANG="en-US" VPOS="2046" WIDTH="80" />
<SP HEIGHT="29" HPOS="1034" VPOS="2056" WIDTH="34" />
<String CONTENT="aff," HEIGHT="40" HPOS="1069" LANG="en-US" VPOS="2045" WIDTH="80" />
<SP HEIGHT="37" HPOS="1150" VPOS="2047" WIDTH="32" />
<String CONTENT="Dec." HEIGHT="39" HPOS="1183" LANG="en-US" VPOS="2047" WIDTH="109" />
<SP HEIGHT="37" HPOS="1293" VPOS="2047" WIDTH="32" />
<String CONTENT="1:" HEIGHT="38" HPOS="1326" LANG="en-US" VPOS="2047" WIDTH="53" />
<SP HEIGHT="37" HPOS="1380" VPOS="2048" WIDTH="33" />
<String CONTENT="A" HEIGHT="36" HPOS="1414" LANG="en-US" VPOS="2048" WIDTH="40" />
<SP HEIGHT="37" HPOS="1455" VPOS="2048" WIDTH="31" />
<String CONTENT="77565;" HEIGHT="40" HPOS="1487" LANG="en-US" VPOS="2046" WIDTH="168" />
<SP HEIGHT="39" HPOS="1656" VPOS="2047" WIDTH="35" />
<String CONTENT="H." HEIGHT="38" HPOS="1692" LANG="fi" VPOS="2047" WIDTH="58" />
<SP HEIGHT="40" HPOS="1751" VPOS="2046" WIDTH="35" />
<String CONTENT="C." HEIGHT="41" HPOS="1787" LANG="en-US" VPOS="2046" WIDTH="48" />
<SP HEIGHT="40" HPOS="1836" VPOS="2047" WIDTH="33" />
<String CONTENT="Engelbrecht." HEIGHT="49" HPOS="1870" LANG="de" VPOS="2044" WIDTH="333" />
</TextLine>
<TextLine HEIGHT="48" HPOS="284" VPOS="2102" WIDTH="634">
<String CONTENT="New" HEIGHT="38" HPOS="284" VPOS="2104" WIDTH="116" />
<SP HEIGHT="36" HPOS="401" VPOS="2105" WIDTH="24" />
<String CONTENT="York." HEIGHT="39" HPOS="426" VPOS="2104" WIDTH="141" />
<SP HEIGHT="47" HPOS="568" VPOS="2103" WIDTH="72" />
<String CONTENT="(34-41028)" HEIGHT="48" HPOS="641" VPOS="2102" WIDTH="277" />
</TextLine>
<TextLine CS="1" HEIGHT="65" HPOS="216" STYLEREFS="StyleId-11509130-4193-4554-B189-7C536FD92F32-" VPOS="2178" WIDTH="1151">
<String CONTENT="Erdman," HEIGHT="64" HPOS="216" VPOS="2179" WIDTH="278" />
<SP HEIGHT="62" HPOS="495" VPOS="2181" WIDTH="30" />
<String CONTENT="Charles" HEIGHT="56" HPOS="526" VPOS="2178" WIDTH="244" />
<SP HEIGHT="52" HPOS="771" VPOS="2180" WIDTH="26" />
<String CONTENT="Rosenbury," CS="1" HEIGHT="63" HPOS="798" VPOS="2180" WIDTH="366" />
<SP HEIGHT="56" HPOS="1165" VPOS="2187" WIDTH="31" />
<String CONTENT="1866-" HEIGHT="49" HPOS="1197" VPOS="2185" WIDTH="170" />
</TextLine>
<TextLine HEIGHT="67" HPOS="282" STYLEREFS="StyleId-C57D6AD9-C93F-4F8E-BF2F-DF6B8B2622EF-" VPOS="2256" WIDTH="1916">
<String CONTENT="The" HEIGHT="51" HPOS="282" VPOS="2257" WIDTH="117" />
<SP HEIGHT="49" HPOS="400" VPOS="2259" WIDTH="38" />
<String CONTENT="Epistle" HEIGHT="67" HPOS="439" VPOS="2256" WIDTH="221" />
<SP HEIGHT="43" HPOS="661" VPOS="2265" WIDTH="36" />
<String CONTENT="to" HEIGHT="44" HPOS="698" VPOS="2265" WIDTH="56" />
<SP HEIGHT="41" HPOS="755" VPOS="2268" WIDTH="37" />
<String CONTENT="the" HEIGHT="51" HPOS="793" VPOS="2257" WIDTH="92" />
<SP HEIGHT="50" HPOS="886" VPOS="2258" WIDTH="34" />
<String CONTENT="Hebrews;" HEIGHT="67" HPOS="921" VPOS="2256" WIDTH="298" />
<SP HEIGHT="46" HPOS="1220" VPOS="2277" WIDTH="43" />
<String CONTENT="an" HEIGHT="33" HPOS="1264" VPOS="2276" WIDTH="69" />
<SP HEIGHT="33" HPOS="1334" VPOS="2276" WIDTH="39" />
<String CONTENT="exposition," HEIGHT="65" HPOS="1374" VPOS="2258" WIDTH="335" />
<SP HEIGHT="65" HPOS="1710" VPOS="2258" WIDTH="38" />
<String CONTENT="by" HEIGHT="65" HPOS="1749" VPOS="2258" WIDTH="71" />
<SP HEIGHT="65" HPOS="1821" VPOS="2258" WIDTH="39" />
<String CONTENT="Charles" HEIGHT="54" HPOS="1861" VPOS="2257" WIDTH="233" />
<SP HEIGHT="51" HPOS="2095" VPOS="2258" WIDTH="35" />
<String CONTENT="R." HEIGHT="51" HPOS="2131" VPOS="2258" WIDTH="67" />
</TextLine>
<TextLine CS="1" HEIGHT="67" HPOS="211" STYLEREFS="StyleId-C57D6AD9-C93F-4F8E-BF2F-DF6B8B2622EF-" VPOS="2334" WIDTH="1821">
<String CONTENT="Erdman" HEIGHT="53" HPOS="211" VPOS="2334" WIDTH="251" />
<SP HEIGHT="32" HPOS="463" VPOS="2355" WIDTH="42" />
<String CONTENT="&#8230;" CS="1" />
<SP HEIGHT="50" HPOS="560" VPOS="2336" WIDTH="78" />
<String CONTENT="Philadelphia." HEIGHT="66" HPOS="639" VPOS="2334" WIDTH="422" />
<SP HEIGHT="51" HPOS="1062" VPOS="2337" WIDTH="33" />
<String CONTENT="The" HEIGHT="51" HPOS="1096" VPOS="2335" WIDTH="117" />
<SP HEIGHT="51" HPOS="1214" VPOS="2337" WIDTH="33" />
<String CONTENT="Westminster" HEIGHT="52" HPOS="1248" VPOS="2336" WIDTH="397" />
<SP HEIGHT="48" HPOS="1646" VPOS="2353" WIDTH="31" />
<String CONTENT="press," HEIGHT="49" HPOS="1678" VPOS="2352" WIDTH="171" />
<SP HEIGHT="51" HPOS="1850" VPOS="2341" WIDTH="32" />
<String CONTENT="1934." HEIGHT="49" HPOS="1883" VPOS="2338" WIDTH="149" />
</TextLine>
<TextLine CS="1" HEIGHT="46" HPOS="285" VPOS="2409" WIDTH="352">
<String CONTENT="137" HEIGHT="37" HPOS="285" LANG="en-US" VPOS="2410" WIDTH="79" />
<SP HEIGHT="45" HPOS="365" VPOS="2410" WIDTH="32" />
<String CONTENT="p." HEIGHT="37" HPOS="398" LANG="fr" VPOS="2418" WIDTH="37" />
<SP HEIGHT="38" HPOS="436" VPOS="2409" WIDTH="60" />
<String CONTENT="17" CS="1" LANG="fr" />
<String CONTENT="&#189;cm." CS="1" HEIGHT="6" HPOS="631" LANG="en-US" VPOS="2438" WIDTH="6" />
</TextLine>
<TextLine CS="1" HEIGHT="51" HPOS="217" VPOS="2460" WIDTH="1984">
<String CONTENT="&#169;" HEIGHT="51" HPOS="217" VPOS="2460" WIDTH="50" />
<SP HEIGHT="51" HPOS="268" VPOS="2460" WIDTH="38" />
<String CONTENT="Oct." HEIGHT="40" HPOS="307" VPOS="2464" WIDTH="101" />
<SP HEIGHT="39" HPOS="409" VPOS="2464" WIDTH="33" />
<String CONTENT="24," HEIGHT="45" HPOS="443" VPOS="2464" WIDTH="68" />
<SP HEIGHT="44" HPOS="512" VPOS="2465" WIDTH="38" />
<String CONTENT="1934:" HEIGHT="40" HPOS="551" VPOS="2463" WIDTH="137" />
<SP HEIGHT="38" HPOS="689" VPOS="2464" WIDTH="39" />
<String CONTENT="2c." HEIGHT="39" HPOS="729" VPOS="2464" WIDTH="65" />
<SP HEIGHT="39" HPOS="795" VPOS="2464" WIDTH="37" />
<String CONTENT="Nov." HEIGHT="39" HPOS="833" VPOS="2464" WIDTH="114" />
<SP HEIGHT="36" HPOS="948" VPOS="2465" WIDTH="39" />
<String CONTENT="17:" HEIGHT="38" HPOS="988" VPOS="2465" WIDTH="78" />
<SP HEIGHT="28" HPOS="1067" VPOS="2475" WIDTH="41" />
<String CONTENT="aff." CS="1" HEIGHT="42" HPOS="1109" VPOS="2463" WIDTH="78" />
<SP HEIGHT="41" HPOS="1188" VPOS="2464" WIDTH="36" />
<String CONTENT="Nov." HEIGHT="40" HPOS="1225" VPOS="2464" WIDTH="118" />
<SP HEIGHT="39" HPOS="1344" VPOS="2465" WIDTH="36" />
<String CONTENT="16:" HEIGHT="40" HPOS="1381" VPOS="2464" WIDTH="81" />
<SP HEIGHT="39" HPOS="1463" VPOS="2465" WIDTH="38" />
<String CONTENT="A" HEIGHT="37" HPOS="1502" VPOS="2465" WIDTH="42" />
<SP HEIGHT="38" HPOS="1545" VPOS="2465" WIDTH="36" />
<String CONTENT="78164:" HEIGHT="40" HPOS="1582" VPOS="2464" WIDTH="167" />
<SP HEIGHT="40" HPOS="1750" VPOS="2464" WIDTH="41" />
<String CONTENT="C." HEIGHT="40" HPOS="1792" LANG="fr" VPOS="2464" WIDTH="46" />
<SP HEIGHT="38" HPOS="1839" VPOS="2464" WIDTH="40" />
<String CONTENT="R." HEIGHT="38" HPOS="1880" VPOS="2464" WIDTH="53" />
<SP HEIGHT="37" HPOS="1934" VPOS="2464" WIDTH="39" />
<String CONTENT="Erdman." HEIGHT="40" HPOS="1974" VPOS="2464" WIDTH="227" />
</TextLine>
<TextLine HEIGHT="48" HPOS="282" VPOS="2520" WIDTH="701">
<String CONTENT="Philadelphia." HEIGHT="47" HPOS="282" VPOS="2521" WIDTH="351" />
<SP HEIGHT="47" HPOS="634" VPOS="2520" WIDTH="71" />
<String CONTENT="(34-40711)" HEIGHT="47" HPOS="706" VPOS="2520" WIDTH="277" />
</TextLine>
<TextLine HEIGHT="69" HPOS="215" STYLEREFS="StyleId-11509130-4193-4554-B189-7C536FD92F32-" VPOS="2594" WIDTH="1698">
<String CONTENT="Esher," HEIGHT="63" HPOS="215" VPOS="2596" WIDTH="205" />
<SP HEIGHT="61" HPOS="421" VPOS="2598" WIDTH="25" />
<String CONTENT="Reginald" HEIGHT="65" HPOS="447" VPOS="2594" WIDTH="285" />
<SP HEIGHT="52" HPOS="733" VPOS="2596" WIDTH="25" />
<String CONTENT="Ealiol" HEIGHT="52" HPOS="759" VPOS="2596" WIDTH="184" />
<SP HEIGHT="50" HPOS="944" VPOS="2597" WIDTH="24" />
<String CONTENT="Brett," HEIGHT="63" HPOS="969" VPOS="2597" WIDTH="191" />
<SP HEIGHT="58" HPOS="1161" VPOS="2602" WIDTH="23" />
<String CONTENT="2d" HEIGHT="52" HPOS="1185" VPOS="2597" WIDTH="75" />
<SP HEIGHT="51" HPOS="1261" VPOS="2597" WIDTH="27" />
<String CONTENT="viscount," HEIGHT="67" HPOS="1289" VPOS="2596" WIDTH="271" />
<SP HEIGHT="62" HPOS="1561" VPOS="2601" WIDTH="27" />
<String CONTENT="1852-1930." HEIGHT="49" HPOS="1589" VPOS="2600" WIDTH="324" />
</TextLine>
<TextLine HEIGHT="69" HPOS="283" STYLEREFS="StyleId-C57D6AD9-C93F-4F8E-BF2F-DF6B8B2622EF-" VPOS="2673" WIDTH="1916">
<String CONTENT="From" HEIGHT="51" HPOS="283" VPOS="2673" WIDTH="174" />
<SP HEIGHT="43" HPOS="458" VPOS="2682" WIDTH="30" />
<String CONTENT="the" HEIGHT="50" HPOS="489" VPOS="2675" WIDTH="93" />
<SP HEIGHT="50" HPOS="583" VPOS="2675" WIDTH="34" />
<String CONTENT="Esher" HEIGHT="50" HPOS="618" VPOS="2675" WIDTH="183" />
<SP HEIGHT="48" HPOS="802" VPOS="2692" WIDTH="28" />
<String CONTENT="papers:" HEIGHT="49" HPOS="831" VPOS="2692" WIDTH="233" />
<SP HEIGHT="34" HPOS="1065" VPOS="2692" WIDTH="36" />
<String CONTENT="a" HEIGHT="33" HPOS="1102" VPOS="2693" WIDTH="27" />
<SP HEIGHT="33" HPOS="1130" VPOS="2693" WIDTH="34" />
<String CONTENT="series" HEIGHT="53" HPOS="1165" VPOS="2675" WIDTH="167" />
<SP HEIGHT="33" HPOS="1333" VPOS="2695" WIDTH="31" />
<String CONTENT="of" HEIGHT="52" HPOS="1365" VPOS="2675" WIDTH="62" />
<SP HEIGHT="51" HPOS="1428" VPOS="2675" WIDTH="32" />
<String CONTENT="articles" HEIGHT="52" HPOS="1461" VPOS="2675" WIDTH="224" />
<SP HEIGHT="51" HPOS="1686" VPOS="2676" WIDTH="30" />
<String CONTENT="based" HEIGHT="53" HPOS="1717" VPOS="2675" WIDTH="171" />
<SP HEIGHT="51" HPOS="1889" VPOS="2675" WIDTH="29" />
<String CONTENT="upon" HEIGHT="49" HPOS="1919" VPOS="2693" WIDTH="155" />
<SP HEIGHT="47" HPOS="2075" VPOS="2679" WIDTH="28" />
<String CONTENT="the" HEIGHT="52" HPOS="2104" VPOS="2674" WIDTH="95" />
</TextLine>
<TextLine HEIGHT="70" HPOS="213" STYLEREFS="StyleId-C57D6AD9-C93F-4F8E-BF2F-DF6B8B2622EF-" VPOS="2749" WIDTH="1987">
<String CONTENT="first" HEIGHT="54" HPOS="213" VPOS="2749" WIDTH="122" />
<SP HEIGHT="45" HPOS="336" VPOS="2758" WIDTH="25" />
<String CONTENT="volume" HEIGHT="53" HPOS="362" VPOS="2751" WIDTH="220" />
<SP HEIGHT="33" HPOS="583" VPOS="2771" WIDTH="27" />
<String CONTENT="of" HEIGHT="51" HPOS="611" VPOS="2752" WIDTH="62" />
<SP HEIGHT="51" HPOS="674" VPOS="2752" WIDTH="24" />
<String CONTENT="Lord" HEIGHT="51" HPOS="699" VPOS="2752" WIDTH="155" />
<SP HEIGHT="51" HPOS="855" VPOS="2752" WIDTH="25" />
<String CONTENT="Esher's" HEIGHT="54" HPOS="881" VPOS="2751" WIDTH="226" />
<SP HEIGHT="53" HPOS="1108" VPOS="2752" WIDTH="24" />
<String CONTENT="letters" HEIGHT="53" HPOS="1133" VPOS="2752" WIDTH="192" />
<SP HEIGHT="34" HPOS="1326" VPOS="2771" WIDTH="24" />
<String CONTENT="and" HEIGHT="50" HPOS="1351" VPOS="2754" WIDTH="112" />
<SP HEIGHT="66" HPOS="1464" VPOS="2753" WIDTH="24" />
<String CONTENT="journals," HEIGHT="66" HPOS="1489" VPOS="2753" WIDTH="275" />
<SP HEIGHT="47" HPOS="1765" VPOS="2772" WIDTH="25" />
<String CONTENT="edited" HEIGHT="51" HPOS="1791" VPOS="2753" WIDTH="189" />
<SP HEIGHT="51" HPOS="1981" VPOS="2753" WIDTH="24" />
<String CONTENT="by" HEIGHT="66" HPOS="2006" VPOS="2753" WIDTH="73" />
<SP HEIGHT="62" HPOS="2080" VPOS="2757" WIDTH="25" />
<String CONTENT="the" HEIGHT="50" HPOS="2106" VPOS="2753" WIDTH="94" />
</TextLine>
<TextLine CS="1" HEIGHT="54" HPOS="215" STYLEREFS="StyleId-C57D6AD9-C93F-4F8E-BF2F-DF6B8B2622EF-" VPOS="2829" WIDTH="922">
<String CONTENT="Hon." HEIGHT="54" HPOS="215" VPOS="2829" WIDTH="146" />
<SP HEIGHT="52" HPOS="362" VPOS="2831" WIDTH="27" />
<String CONTENT="Maurice" HEIGHT="52" HPOS="390" VPOS="2829" WIDTH="252" />
<SP HEIGHT="50" HPOS="643" VPOS="2831" WIDTH="28" />
<String CONTENT="V." CS="1" HEIGHT="8" HPOS="728" VPOS="2872" WIDTH="8" />
<SP HEIGHT="49" HPOS="737" VPOS="2832" WIDTH="28" />
<String CONTENT="Brett." HEIGHT="49" HPOS="766" VPOS="2832" WIDTH="179" />
<SP HEIGHT="47" HPOS="946" VPOS="2834" WIDTH="78" />
<String CONTENT="1-8." HEIGHT="48" HPOS="1025" VPOS="2833" WIDTH="112" />
</TextLine>
<TextLine CS="1" HEIGHT="52" HPOS="293" STYLEREFS="StyleId-2CA7761D-083E-4FA7-838E-057BF2F2B946-" VPOS="2898" WIDTH="1311">
<String CONTENT="(In" HEIGHT="47" HPOS="293" VPOS="2903" WIDTH="75" />
<SP HEIGHT="41" HPOS="369" VPOS="2899" WIDTH="30" />
<String CONTENT="London" HEIGHT="42" HPOS="400" VPOS="2899" WIDTH="200" />
<SP HEIGHT="41" HPOS="601" VPOS="2899" WIDTH="22" />
<String CONTENT="Times," HEIGHT="51" HPOS="624" VPOS="2898" WIDTH="179" />
<SP HEIGHT="51" HPOS="804" VPOS="2898" WIDTH="28" />
<String CONTENT="June" HEIGHT="42" HPOS="833" VPOS="2898" WIDTH="127" />
<SP HEIGHT="39" HPOS="961" VPOS="2901" WIDTH="26" />
<String CONTENT="25-29," HEIGHT="45" HPOS="988" VPOS="2899" WIDTH="163" />
<SP HEIGHT="45" HPOS="1152" VPOS="2899" WIDTH="26" />
<String CONTENT="July" HEIGHT="51" HPOS="1179" VPOS="2899" WIDTH="117" />
<SP HEIGHT="48" HPOS="1297" VPOS="2902" WIDTH="29" />
<String CONTENT="2-4," CS="1" HEIGHT="48" HPOS="1327" VPOS="2902" WIDTH="102" />
<SP HEIGHT="48" HPOS="1430" VPOS="2902" WIDTH="30" />
<String CONTENT="1934)" HEIGHT="49" HPOS="1461" VPOS="2901" WIDTH="143" />
</TextLine>
<TextLine CS="1" HEIGHT="52" HPOS="215" VPOS="2955" WIDTH="1985">
<String CONTENT="&#169;" HEIGHT="50" HPOS="215" VPOS="2955" WIDTH="51" />
<SP HEIGHT="50" HPOS="267" VPOS="2955" WIDTH="27" />
<String CONTENT="1c." CS="1" HEIGHT="28" HPOS="324" VPOS="2972" WIDTH="35" />
<SP HEIGHT="31" HPOS="360" VPOS="2969" WIDTH="28" />
<String CONTENT="each" HEIGHT="37" HPOS="389" VPOS="2960" WIDTH="115" />
<SP HEIGHT="37" HPOS="505" VPOS="2960" WIDTH="26" />
<String CONTENT="Aug." HEIGHT="44" HPOS="532" VPOS="2960" WIDTH="118" />
<SP HEIGHT="38" HPOS="651" VPOS="2961" WIDTH="26" />
<String CONTENT="21." HEIGHT="38" HPOS="678" VPOS="2960" WIDTH="66" />
<SP HEIGHT="38" HPOS="745" VPOS="2960" WIDTH="29" />
<String CONTENT="1934:" HEIGHT="41" HPOS="775" VPOS="2957" WIDTH="138" />
<SP HEIGHT="38" HPOS="914" VPOS="2960" WIDTH="30" />
<String CONTENT="A" HEIGHT="36" HPOS="945" VPOS="2960" WIDTH="40" />
<SP HEIGHT="37" HPOS="986" VPOS="2960" WIDTH="26" />
<String CONTENT="ad" HEIGHT="37" HPOS="1013" VPOS="2960" WIDTH="60" />
<SP HEIGHT="37" HPOS="1074" VPOS="2960" WIDTH="27" />
<String CONTENT="int." HEIGHT="38" HPOS="1102" VPOS="2960" WIDTH="82" />
<SP HEIGHT="38" HPOS="1185" VPOS="2960" WIDTH="28" />
<String CONTENT="19294:" HEIGHT="41" HPOS="1214" VPOS="2958" WIDTH="168" />
<SP HEIGHT="37" HPOS="1383" VPOS="2970" WIDTH="31" />
<String CONTENT="pubd." HEIGHT="46" HPOS="1415" VPOS="2961" WIDTH="139" />
<SP HEIGHT="39" HPOS="1555" VPOS="2961" WIDTH="31" />
<String CONTENT="June" HEIGHT="39" HPOS="1587" VPOS="2961" WIDTH="125" />
<SP HEIGHT="40" HPOS="1713" VPOS="2959" WIDTH="24" />
<String CONTENT="25," HEIGHT="46" HPOS="1738" VPOS="2959" WIDTH="69" />
<SP HEIGHT="45" HPOS="1808" VPOS="2960" WIDTH="29" />
<String CONTENT="26," HEIGHT="46" HPOS="1838" VPOS="2960" WIDTH="67" />
<SP HEIGHT="47" HPOS="1906" VPOS="2959" WIDTH="29" />
<String CONTENT="27," HEIGHT="47" HPOS="1936" VPOS="2959" WIDTH="68" />
<SP HEIGHT="46" HPOS="2005" VPOS="2960" WIDTH="28" />
<String CONTENT="28." HEIGHT="41" HPOS="2034" VPOS="2960" WIDTH="67" />
<SP HEIGHT="42" HPOS="2102" VPOS="2959" WIDTH="28" />
<String CONTENT="29," HEIGHT="49" HPOS="2131" VPOS="2957" WIDTH="69" />
</TextLine>
<TextLine CS="1" HEIGHT="47" HPOS="369" VPOS="3016" WIDTH="1829">
<String CONTENT="July" CS="1" HEIGHT="33" HPOS="369" VPOS="3028" WIDTH="27" />
<SP HEIGHT="41" HPOS="397" VPOS="3020" WIDTH="31" />
<String CONTENT="2." HEIGHT="33" HPOS="429" VPOS="3020" WIDTH="37" />
<SP HEIGHT="37" HPOS="467" VPOS="3017" WIDTH="33" />
<String CONTENT="3." HEIGHT="39" HPOS="501" VPOS="3017" WIDTH="37" />
<SP HEIGHT="38" HPOS="539" VPOS="3018" WIDTH="32" />
<String CONTENT="4:" HEIGHT="36" HPOS="572" VPOS="3018" WIDTH="52" />
<SP HEIGHT="37" HPOS="625" VPOS="3017" WIDTH="37" />
<String CONTENT="Maurice" HEIGHT="38" HPOS="663" VPOS="3016" WIDTH="217" />
<SP HEIGHT="38" HPOS="881" VPOS="3016" WIDTH="29" />
<String CONTENT="V." HEIGHT="37" HPOS="911" VPOS="3016" WIDTH="51" />
<SP HEIGHT="37" HPOS="963" VPOS="3016" WIDTH="34" />
<String CONTENT="Brett." HEIGHT="41" HPOS="998" VPOS="3016" WIDTH="153" />
<SP HEIGHT="41" HPOS="1152" VPOS="3016" WIDTH="35" />
<String CONTENT="Ghilston," HEIGHT="42" HPOS="1188" VPOS="3016" WIDTH="233" />
<SP HEIGHT="40" HPOS="1422" VPOS="3018" WIDTH="31" />
<String CONTENT="Wiukfleld," HEIGHT="47" HPOS="1454" VPOS="3016" WIDTH="272" />
<SP HEIGHT="45" HPOS="1727" VPOS="3018" WIDTH="33" />
<String CONTENT="Berks," HEIGHT="46" HPOS="1761" VPOS="3017" WIDTH="168" />
<SP HEIGHT="46" HPOS="1930" VPOS="3017" WIDTH="34" />
<String CONTENT="England." HEIGHT="47" HPOS="1965" VPOS="3016" WIDTH="233" />
</TextLine>
<TextLine HEIGHT="71" HPOS="282" STYLEREFS="StyleId-C57D6AD9-C93F-4F8E-BF2F-DF6B8B2622EF-" VPOS="3132" WIDTH="1917">
<String CONTENT="From" HEIGHT="52" HPOS="282" VPOS="3132" WIDTH="172" />
<SP HEIGHT="44" HPOS="455" VPOS="3140" WIDTH="39" />
<String CONTENT="the" HEIGHT="51" HPOS="495" VPOS="3134" WIDTH="93" />
<SP HEIGHT="50" HPOS="589" VPOS="3135" WIDTH="41" />
<String CONTENT="Esher" HEIGHT="52" HPOS="631" VPOS="3133" WIDTH="180" />
<SP HEIGHT="48" HPOS="812" VPOS="3152" WIDTH="38" />
<String CONTENT="papers." HEIGHT="50" HPOS="851" VPOS="3150" WIDTH="221" />
<SP HEIGHT="32" HPOS="1073" VPOS="3167" WIDTH="82" />
<String CONTENT="[Articles" HEIGHT="66" HPOS="1156" VPOS="3133" WIDTH="263" />
<SP HEIGHT="51" HPOS="1420" VPOS="3136" WIDTH="35" />
<String CONTENT="based" HEIGHT="51" HPOS="1456" VPOS="3136" WIDTH="171" />
<SP HEIGHT="52" HPOS="1628" VPOS="3136" WIDTH="36" />
<String CONTENT="upon" HEIGHT="49" HPOS="1665" VPOS="3154" WIDTH="159" />
<SP HEIGHT="47" HPOS="1825" VPOS="3141" WIDTH="34" />
<String CONTENT="the" HEIGHT="52" HPOS="1860" VPOS="3136" WIDTH="97" />
<SP HEIGHT="35" HPOS="1958" VPOS="3153" WIDTH="38" />
<String CONTENT="second" HEIGHT="52" HPOS="1997" VPOS="3135" WIDTH="202" />
</TextLine>
<TextLine HEIGHT="70" HPOS="209" STYLEREFS="StyleId-C57D6AD9-C93F-4F8E-BF2F-DF6B8B2622EF-" VPOS="3210" WIDTH="1985">
<String CONTENT="volume" HEIGHT="51" HPOS="209" VPOS="3210" WIDTH="221" />
<SP HEIGHT="32" HPOS="431" VPOS="3229" WIDTH="24" />
<String CONTENT="of" HEIGHT="50" HPOS="456" VPOS="3211" WIDTH="61" />
<SP HEIGHT="51" HPOS="518" VPOS="3211" WIDTH="21" />
<String CONTENT="the" HEIGHT="52" HPOS="540" VPOS="3211" WIDTH="93" />
<SP HEIGHT="52" HPOS="634" VPOS="3213" WIDTH="23" />
<String CONTENT="Journals" HEIGHT="52" HPOS="658" VPOS="3213" WIDTH="270" />
<SP HEIGHT="32" HPOS="929" VPOS="3230" WIDTH="25" />
<String CONTENT="and" HEIGHT="50" HPOS="955" VPOS="3212" WIDTH="110" />
<SP HEIGHT="51" HPOS="1066" VPOS="3211" WIDTH="21" />
<String CONTENT="letters" HEIGHT="55" HPOS="1088" VPOS="3211" WIDTH="191" />
<SP HEIGHT="34" HPOS="1280" VPOS="3232" WIDTH="23" />
<String CONTENT="of" HEIGHT="50" HPOS="1304" VPOS="3214" WIDTH="62" />
<SP HEIGHT="51" HPOS="1367" VPOS="3214" WIDTH="22" />
<String CONTENT="Reginald," HEIGHT="66" HPOS="1390" VPOS="3214" WIDTH="302" />
<SP HEIGHT="47" HPOS="1693" VPOS="3233" WIDTH="21" />
<String CONTENT="viscount" HEIGHT="54" HPOS="1715" VPOS="3213" WIDTH="261" />
<SP HEIGHT="50" HPOS="1977" VPOS="3215" WIDTH="21" />
<String CONTENT="Esher." HEIGHT="52" HPOS="1999" VPOS="3213" WIDTH="195" />
</TextLine>
<TextLine CS="1" HEIGHT="65" HPOS="210" STYLEREFS="StyleId-C57D6AD9-C93F-4F8E-BF2F-DF6B8B2622EF-" VPOS="3288" WIDTH="1100">
<String CONTENT="Edited" HEIGHT="52" HPOS="210" VPOS="3288" WIDTH="209" />
<SP HEIGHT="51" HPOS="420" VPOS="3288" WIDTH="27" />
<String CONTENT="by" HEIGHT="65" HPOS="448" VPOS="3288" WIDTH="73" />
<SP HEIGHT="64" HPOS="522" VPOS="3289" WIDTH="27" />
<String CONTENT="Maurice" HEIGHT="51" HPOS="550" VPOS="3289" WIDTH="255" />
<SP HEIGHT="50" HPOS="806" VPOS="3290" WIDTH="25" />
<String CONTENT="V." CS="1" HEIGHT="8" HPOS="892" VPOS="3331" WIDTH="8" />
<SP HEIGHT="50" HPOS="901" VPOS="3291" WIDTH="32" />
<String CONTENT="Brett]" HEIGHT="61" HPOS="934" VPOS="3291" WIDTH="181" />
<SP HEIGHT="58" HPOS="1116" VPOS="3294" WIDTH="79" />
<String CONTENT="6-8." HEIGHT="48" HPOS="1196" VPOS="3294" WIDTH="114" />
</TextLine>
<TextLine HEIGHT="51" HPOS="289" STYLEREFS="StyleId-2CA7761D-083E-4FA7-838E-057BF2F2B946-" VPOS="3358" WIDTH="1123">
<String CONTENT="(In" HEIGHT="46" HPOS="289" VPOS="3361" WIDTH="77" />
<SP HEIGHT="42" HPOS="367" VPOS="3358" WIDTH="29" />
<String CONTENT="London" HEIGHT="42" HPOS="397" VPOS="3358" WIDTH="199" />
<SP HEIGHT="41" HPOS="597" VPOS="3359" WIDTH="24" />
<String CONTENT="Times." HEIGHT="42" HPOS="622" VPOS="3358" WIDTH="179" />
<SP HEIGHT="42" HPOS="802" VPOS="3358" WIDTH="29" />
<String CONTENT="Oct." HEIGHT="42" HPOS="832" VPOS="3358" WIDTH="106" />
<SP HEIGHT="40" HPOS="939" VPOS="3360" WIDTH="28" />
<String CONTENT="20," HEIGHT="46" HPOS="968" VPOS="3360" WIDTH="70" />
<SP HEIGHT="46" HPOS="1039" VPOS="3360" WIDTH="28" />
<String CONTENT="23," HEIGHT="47" HPOS="1068" VPOS="3360" WIDTH="71" />
<SP HEIGHT="46" HPOS="1140" VPOS="3361" WIDTH="27" />
<String CONTENT="24," HEIGHT="48" HPOS="1168" VPOS="3360" WIDTH="70" />
<SP HEIGHT="47" HPOS="1239" VPOS="3361" WIDTH="29" />
<String CONTENT="1934)" HEIGHT="48" HPOS="1269" VPOS="3361" WIDTH="143" />
</TextLine>
<TextLine CS="1" HEIGHT="53" HPOS="215" VPOS="3414" WIDTH="1981">
<String CONTENT="&#169;" HEIGHT="50" HPOS="215" VPOS="3414" WIDTH="49" />
<SP HEIGHT="50" HPOS="265" VPOS="3414" WIDTH="25" />
<String CONTENT="1c." CS="1" HEIGHT="27" HPOS="321" VPOS="3430" WIDTH="34" />
<SP HEIGHT="29" HPOS="356" VPOS="3428" WIDTH="26" />
<String CONTENT="each" HEIGHT="38" HPOS="383" VPOS="3419" WIDTH="114" />
<SP HEIGHT="37" HPOS="498" VPOS="3419" WIDTH="25" />
<String CONTENT="Dec." HEIGHT="40" HPOS="524" VPOS="3419" WIDTH="109" />
<SP HEIGHT="39" HPOS="634" VPOS="3420" WIDTH="29" />
<String CONTENT="17." HEIGHT="37" HPOS="664" VPOS="3420" WIDTH="66" />
<SP HEIGHT="37" HPOS="731" VPOS="3420" WIDTH="26" />
<String CONTENT="1934:" HEIGHT="38" HPOS="758" VPOS="3418" WIDTH="139" />
<SP HEIGHT="37" HPOS="898" VPOS="3419" WIDTH="28" />
<String CONTENT="A" HEIGHT="36" HPOS="927" VPOS="3419" WIDTH="40" />
<SP HEIGHT="37" HPOS="968" VPOS="3419" WIDTH="26" />
<String CONTENT="ad" HEIGHT="37" HPOS="995" VPOS="3419" WIDTH="60" />
<SP HEIGHT="38" HPOS="1056" VPOS="3418" WIDTH="26" />
<String CONTENT="int." HEIGHT="39" HPOS="1083" VPOS="3418" WIDTH="83" />
<SP HEIGHT="37" HPOS="1167" VPOS="3420" WIDTH="28" />
<String CONTENT="19753:" HEIGHT="41" HPOS="1196" VPOS="3417" WIDTH="168" />
<SP HEIGHT="36" HPOS="1365" VPOS="3431" WIDTH="29" />
<String CONTENT="pubd." HEIGHT="46" HPOS="1395" VPOS="3421" WIDTH="140" />
<SP HEIGHT="40" HPOS="1536" VPOS="3421" WIDTH="30" />
<String CONTENT="Oct." HEIGHT="40" HPOS="1567" VPOS="3421" WIDTH="100" />
<SP HEIGHT="40" HPOS="1668" VPOS="3420" WIDTH="27" />
<String CONTENT="20." HEIGHT="40" HPOS="1696" VPOS="3419" WIDTH="68" />
<SP HEIGHT="38" HPOS="1765" VPOS="3421" WIDTH="27" />
<String CONTENT="23." HEIGHT="40" HPOS="1793" VPOS="3420" WIDTH="69" />
<SP HEIGHT="41" HPOS="1863" VPOS="3419" WIDTH="26" />
<String CONTENT="24;" HEIGHT="47" HPOS="1890" VPOS="3419" WIDTH="82" />
<SP HEIGHT="45" HPOS="1973" VPOS="3421" WIDTH="30" />
<String CONTENT="Antony" HEIGHT="45" HPOS="2004" VPOS="3420" WIDTH="192" />
</TextLine>
<TextLine HEIGHT="48" HPOS="281" VPOS="3475" WIDTH="1914">
<String CONTENT="Reginald" HEIGHT="42" HPOS="281" VPOS="3475" WIDTH="234" />
<SP HEIGHT="38" HPOS="516" VPOS="3475" WIDTH="27" />
<String CONTENT="Forbes" HEIGHT="38" HPOS="544" VPOS="3475" WIDTH="177" />
<SP HEIGHT="36" HPOS="722" VPOS="3476" WIDTH="26" />
<String CONTENT="Baliol" HEIGHT="38" HPOS="749" VPOS="3475" WIDTH="157" />
<SP HEIGHT="38" HPOS="907" VPOS="3475" WIDTH="26" />
<String CONTENT="Brett," HEIGHT="44" HPOS="934" VPOS="3475" WIDTH="152" />
<SP HEIGHT="44" HPOS="1087" VPOS="3475" WIDTH="29" />
<String CONTENT="Callander." HEIGHT="40" HPOS="1117" VPOS="3475" WIDTH="269" />
<SP HEIGHT="39" HPOS="1387" VPOS="3477" WIDTH="31" />
<String CONTENT="Scotland," HEIGHT="46" HPOS="1419" VPOS="3477" WIDTH="240" />
<SP HEIGHT="45" HPOS="1660" VPOS="3478" WIDTH="29" />
<String CONTENT="John" HEIGHT="38" HPOS="1690" VPOS="3478" WIDTH="127" />
<SP HEIGHT="37" HPOS="1818" VPOS="3478" WIDTH="25" />
<String CONTENT="Brown" HEIGHT="37" HPOS="1844" VPOS="3478" WIDTH="177" />
<SP HEIGHT="39" HPOS="2022" VPOS="3476" WIDTH="26" />
<String CONTENT="Robb." HEIGHT="40" HPOS="2049" VPOS="3476" WIDTH="146" />
</TextLine>
<TextLine HEIGHT="47" HPOS="282" VPOS="3531" WIDTH="1913">
<String CONTENT="Stirling." HEIGHT="40" HPOS="282" VPOS="3531" WIDTH="213" />
<SP HEIGHT="36" HPOS="496" VPOS="3534" WIDTH="38" />
<String CONTENT="Scotland," HEIGHT="38" HPOS="535" VPOS="3532" WIDTH="239" />
<SP HEIGHT="28" HPOS="775" VPOS="3542" WIDTH="38" />
<String CONTENT="and" HEIGHT="37" HPOS="814" VPOS="3531" WIDTH="93" />
<SP HEIGHT="39" HPOS="908" VPOS="3531" WIDTH="37" />
<String CONTENT="Oliver" HEIGHT="39" HPOS="946" VPOS="3531" WIDTH="162" />
<SP HEIGHT="39" HPOS="1109" VPOS="3532" WIDTH="38" />
<String CONTENT="Sylvain" HEIGHT="46" HPOS="1148" LANG="fr" VPOS="3532" WIDTH="196" />
<SP HEIGHT="37" HPOS="1345" VPOS="3534" WIDTH="36" />
<String CONTENT="Baliol" HEIGHT="40" HPOS="1382" VPOS="3534" WIDTH="158" />
<SP HEIGHT="37" HPOS="1541" VPOS="3535" WIDTH="35" />
<String CONTENT="Brett," HEIGHT="39" HPOS="1577" VPOS="3535" WIDTH="154" />
<SP HEIGHT="28" HPOS="1732" VPOS="3546" WIDTH="37" />
<String CONTENT="viscount" HEIGHT="39" HPOS="1770" VPOS="3534" WIDTH="221" />
<SP HEIGHT="38" HPOS="1992" VPOS="3534" WIDTH="36" />
<String CONTENT="Esher." HEIGHT="40" HPOS="2029" VPOS="3532" WIDTH="166" />
</TextLine>
<TextLine HEIGHT="38" HPOS="279" VPOS="3588" WIDTH="208">
<String CONTENT="London." HEIGHT="38" HPOS="279" VPOS="3588" WIDTH="208" />
</TextLine>
<TextLine HEIGHT="63" HPOS="212" STYLEREFS="StyleId-11509130-4193-4554-B189-7C536FD92F32-" VPOS="3648" WIDTH="1099">
<String CONTENT="Estey," HEIGHT="62" HPOS="212" VPOS="3648" WIDTH="200" />
<SP HEIGHT="54" HPOS="413" VPOS="3650" WIDTH="30" />
<String CONTENT="Stephen" HEIGHT="61" HPOS="444" VPOS="3650" WIDTH="256" />
<SP HEIGHT="52" HPOS="701" VPOS="3651" WIDTH="31" />
<String CONTENT="Sewall." HEIGHT="54" HPOS="733" VPOS="3649" WIDTH="223" />
<SP HEIGHT="48" HPOS="957" VPOS="3655" WIDTH="34" />
<String CONTENT="1861-1932." HEIGHT="50" HPOS="992" VPOS="3654" WIDTH="319" />
</TextLine>
<TextLine CS="1" HEIGHT="69" HPOS="291" STYLEREFS="StyleId-C57D6AD9-C93F-4F8E-BF2F-DF6B8B2622EF-" VPOS="3725" WIDTH="1837">
<String CONTENT="&#8220;Laugh," HEIGHT="64" HPOS="291" VPOS="3725" WIDTH="253" />
<SP HEIGHT="34" HPOS="545" VPOS="3745" WIDTH="38" />
<String CONTENT="and" HEIGHT="50" HPOS="584" VPOS="3728" WIDTH="107" />
<SP HEIGHT="51" HPOS="692" VPOS="3727" WIDTH="45" />
<String CONTENT="love," HEIGHT="52" HPOS="738" VPOS="3727" WIDTH="137" />
<SP HEIGHT="35" HPOS="876" VPOS="3744" WIDTH="39" />
<String CONTENT="and" HEIGHT="50" HPOS="916" VPOS="3728" WIDTH="108" />
<SP HEIGHT="51" HPOS="1025" VPOS="3727" WIDTH="42" />
<String CONTENT="lift&quot;," CS="1" HEIGHT="56" HPOS="1068" VPOS="3725" WIDTH="148" />
<SP HEIGHT="52" HPOS="1217" VPOS="3729" WIDTH="38" />
<String CONTENT="by" HEIGHT="63" HPOS="1256" VPOS="3729" WIDTH="73" />
<SP HEIGHT="63" HPOS="1330" VPOS="3729" WIDTH="41" />
<String CONTENT="Stephen" HEIGHT="65" HPOS="1372" VPOS="3729" WIDTH="248" />
<SP HEIGHT="54" HPOS="1621" VPOS="3730" WIDTH="44" />
<String CONTENT="Sewall" HEIGHT="55" HPOS="1666" VPOS="3729" WIDTH="203" />
<SP HEIGHT="49" HPOS="1870" VPOS="3731" WIDTH="39" />
<String CONTENT="Estey" HEIGHT="63" HPOS="1910" VPOS="3731" WIDTH="175" />
<SP HEIGHT="47" HPOS="2086" VPOS="3747" WIDTH="42" />
<String CONTENT="&#8230;" CS="1" />
</TextLine>
<TextLine CS="1" HEIGHT="65" HPOS="205" STYLEREFS="StyleId-C57D6AD9-C93F-4F8E-BF2F-DF6B8B2622EF-" VPOS="3802" WIDTH="1986">
<String CONTENT="with" HEIGHT="51" HPOS="205" VPOS="3802" WIDTH="133" />
<SP HEIGHT="49" HPOS="339" VPOS="3804" WIDTH="43" />
<String CONTENT="an" HEIGHT="34" HPOS="383" VPOS="3821" WIDTH="67" />
<SP HEIGHT="52" HPOS="451" VPOS="3803" WIDTH="41" />
<String CONTENT="introduction" HEIGHT="52" HPOS="493" VPOS="3803" WIDTH="379" />
<SP HEIGHT="52" HPOS="873" VPOS="3803" WIDTH="42" />
<String CONTENT="by" HEIGHT="64" HPOS="916" VPOS="3803" WIDTH="72" />
<SP HEIGHT="63" HPOS="989" VPOS="3804" WIDTH="43" />
<String CONTENT="Charles" HEIGHT="53" HPOS="1033" VPOS="3804" WIDTH="233" />
<SP HEIGHT="50" HPOS="1267" VPOS="3807" WIDTH="34" />
<String CONTENT="M." HEIGHT="51" HPOS="1302" VPOS="3807" WIDTH="77" />
<SP HEIGHT="54" HPOS="1380" VPOS="3807" WIDTH="42" />
<String CONTENT="Sheldon" HEIGHT="54" HPOS="1423" VPOS="3807" WIDTH="247" />
<SP HEIGHT="33" HPOS="1671" VPOS="3826" WIDTH="46" />
<String CONTENT="&#8230;" CS="1" />
<SP HEIGHT="50" HPOS="1772" VPOS="3808" WIDTH="79" />
<String CONTENT="New" CS="1" HEIGHT="33" HPOS="1909" VPOS="3825" WIDTH="80" />
<SP HEIGHT="51" HPOS="1990" VPOS="3807" WIDTH="37" />
<String CONTENT="York" HEIGHT="52" HPOS="2028" VPOS="3806" WIDTH="163" />
</TextLine>
<TextLine CS="1" HEIGHT="71" HPOS="210" STYLEREFS="StyleId-C57D6AD9-C93F-4F8E-BF2F-DF6B8B2622EF-" VPOS="3879" WIDTH="1289">
<String CONTENT="[etc.]" HEIGHT="58" HPOS="210" VPOS="3888" WIDTH="134" />
<SP HEIGHT="65" HPOS="345" VPOS="3881" WIDTH="34" />
<String CONTENT="Fleming" HEIGHT="68" HPOS="380" VPOS="3879" WIDTH="262" />
<SP HEIGHT="65" HPOS="643" VPOS="3882" WIDTH="26" />
<String CONTENT="H." HEIGHT="50" HPOS="670" VPOS="3882" WIDTH="73" />
<SP HEIGHT="50" HPOS="744" VPOS="3882" WIDTH="30" />
<String CONTENT="Revell" HEIGHT="51" HPOS="775" VPOS="3881" WIDTH="194" />
<SP HEIGHT="49" HPOS="970" VPOS="3882" WIDTH="29" />
<String CONTENT="company" HEIGHT="49" HPOS="1000" VPOS="3900" WIDTH="275" />
<SP HEIGHT="49" HPOS="1276" VPOS="3901" WIDTH="33" />
<String CONTENT="[c1934]" CS="1" HEIGHT="61" HPOS="1328" VPOS="3888" WIDTH="171" />
</TextLine>
</TextBlock>
</PrintSpace>
</Page>
</Layout>
</alto>