2350 4196
1106 4008 129 49 1039

174 368 237 64 Thiede,
443 369 180 54 Fritz.

339 442 1834 71 … Die fliegende nation. Mit 33 abbildungen. Berlin, Union
175 521 265 54 deutsche
472 522 594 69 Verlagsgesellschaft
1105 524 169 64 [1933]

250 596 83 38 141
365 607 41 37 p.
468 595 141 49 illus.,
643 597 153 48 diagr.
857 596 115 41 21cm.

250 653 63 40 At
339 654 124 39 head
492 653 51 40 of
570 653 135 41 title:
739 654 49 39 F.
818 653 180 41 Thiede
1026 654 96 39 und
1155 652 48 40 E.
1236 651 241 40 Schmahl.

252 709 194 42 “Erstes
478 711 72 40 bis
579 710 189 41 fünftes
797 709 250 42 tausend.”

182 778 1993 51 © Dec. 9, 1933; 1c. Mar. 30, 1934; A -Foreign 24260; Union deutsche
281 839 490 47 verlagsgesellschaft,
827 837 492 47 zweigniederlassung
1345 838 180 38 Berlin.
1592 837 279 49 (34-24800)

173 940 355 67 Thorndike,
563 942 233 53 Arthur
830 942 249 63 Russell,
1118 944 167 49 1885-

252 1018 96 53 Jet
368 1019 111 51 and
498 1018 181 68 ivory,
696 1019 73 67 by
786 1017 221 53 Russell
1026 1016 342 52 Thorndike.
1432 1016 255 68 London,
1706 1017 144 52 Rich
1878 1018 44 50 &
1949 1016 227 69 Cowan,

181 1096 122 68 ltd.,
337 1098 149 50 1934.

251 1167 101 48 viii,
388 1167 173 50 [9]-443
592 1180 42 36 p.
695 1168 144 41 20½cm.

183 1238 54 52 ©
265 1244 64 38 1c.
360 1243 118 46 Aug.
510 1244 67 46 11,
610 1243 139 45 1934;
783 1244 39 37 A
854 1244 59 38 ad
944 1242 84 39 int.
1060 1240 168 43 19275;
1262 1252 140 37 pubd.
1436 1242 127 39 June
1594 1243 81 44 14;
1710 1243 52 37 A.
1796 1243 55 40 R.
1883 1242 291 47 Thorndike,

248 1299 300 48 Newington,
581 1301 321 46 Dymchurch,
935 1300 142 46 Kent,
1111 1300 233 46 England.
1420 1299 280 47 (34-25160)

174 1403 288 66 Tunstall,
494 1404 290 56 Beatrice.

249 1479 120 54 The
386 1479 136 68 long
540 1482 112 66 day
669 1482 187 64 closes,
876 1480 73 68 by
973 1480 255 51 Beatrice
1248 1479 279 53 Tunstall.
1579 1480 258 67 London,
1857 1480 87 52 W.
182 1480 1971 146 Heinemann,

400 1557 102 55 ltd.
541 1561 173 65 [1934]

252 1630 590 48 6 p. l., 3-296 p. 19cm.
253 1688 138 47 Maps
418 1698 60 29 on
503 1686 363 49 lining-papers.

183 1744 1993 52 © 1c. Aug. 16, 1934; A ad int. 19291; pubd. July 30; B. Tunstall.
251 1806 214 47 Chester,
502 1806 234 47 England.
810 1805 277 48 (34-25165)

174 1908 250 66 Tyszka,
457 1910 136 54 Carl
622 1927 132 48 von,
788 1909 169 54 1873-

249 1987 354 69 Ernährung
653 1989 117 52 und
820 1988 434 68 lebenshaltung
1307 1990 94 52 des
1455 1989 304 52 deutschen
1812 1990 220 67 Volkes;
2088 1989 87 53 ein

177 2063 223 70 beitrag
428 2084 101 33 zur
558 2065 326 54 erkenntnis
918 2067 94 54 des
1043 2065 667 69 gesundheitszustandes
1743 2069 95 51 des
1871 2069 303 52 deutschen

180 2143 1991 71 Volkes, von professor dr. Carl von Tyszka … Berlin, J.
180 2221 297 70 Springer,
507 2227 149 50 1934.

253 2294 702 52 iv p., 1 l., 127, [1] p. 25cm.
184 2351 1822 52 © Feb. 12, 1934; 1c. June 14; A -Foreign 24894; Julius Springer.
261 2410 279 49 (34-25200)

174 2512 388 68 Underwood,
590 2519 138 50 Mrs.
761 2517 170 52 Edna
960 2516 365 66 (Worthley)
1365 2517 173 53 1873-
1751 2523 69 51 tr.

249 2591 120 52 The
395 2597 158 62 poets
579 2591 64 54 of
666 2592 187 68 Haiti,
883 2592 324 69 1782-1934,
1233 2594 316 53 translated
1577 2595 75 68 by
1682 2595 167 53 Edna
1878 2593 302 70 Worthley

178 2668 393 69 Underwood;
608 2671 287 52 woodcuts
928 2671 75 68 by
1035 2672 203 51 Pétion
1275 2671 232 69 Savain,
1540 2672 259 69 glossary
1830 2673 75 69 by
1943 2672 236 54 Charles

180 2747 64 52 F.
272 2748 272 53 Pressoir.
608 2749 300 66 Portland,
936 2749 128 67 Me.,
1091 2750 120 52 The
1236 2750 230 53 Mosher
1495 2769 175 50 press,
1698 2754 151 49 1934.

249 2820 102 48 xlii,
381 2820 84 40 159
490 2831 59 37 p.,
577 2822 25 38 1
653 2852 6 7 l.
690 2821 108 41 incl.
825 2821 142 47 illus.,
996 2832 62 38 pl.
1118 2822 114 41 19cm.

252 2876 223 41 Includes
506 2876 334 48 biographical
871 2880 191 39 matter.

185 2931 1992 55 © July 17, 1934; 2c. July 26: aff. July 27; A 73630; E. W. Underwood.
254 2993 116 39 New
401 2993 143 39 York.
617 2992 279 48 (34-23300)

176 3094 72 55 U.
284 3096 57 54 S.
415 3098 190 51 Naval
638 3097 287 66 academy,
958 3099 335 67 Annapolis.
1363 3102 157 65 Dept.
1574 3101 63 66 of
1668 3101 360 67 seamanship
2065 3101 113 52 and

245 3174 351 66 navigation.

251 3251 187 53 Naval
466 3252 281 67 aviation;
781 3272 31 33 a
841 3253 269 53 textbook
1138 3255 92 54 for
1256 3256 402 68 midshipmen,
1690 3261 149 49 1934.
181 3258 1969 138 [Annapolis,
332 3331 138 67 Md.]
504 3332 157 66 Dept.
705 3332 63 51 of
794 3332 308 68 steamship
1156 3333 8 51 [!]
1220 3336 112 51 and
1360 3336 354 67 navigation,
1741 3335 218 55 United
1989 3337 187 55 States

182 3409 170 50 naval
381 3410 269 66 academy
684 3414 191 63 [c1933]

255 3481 999 49 4 p. l., 88 p. incl. front., illus. 25½cm.
187 3537 1992 107 “Based on various Navy department publications and on Naval aviation (Warlick and Grant), the edition of which is exhausted … The
186 3651 122 41 book
336 3663 101 30 was
466 3656 235 44 prepared
731 3655 59 46 by
821 3656 81 38 the
932 3656 181 40 officers
1144 3657 49 39 of
1221 3659 85 38 VN
1335 3660 244 46 squadron
1608 3659 102 40 8D5
1741 3660 244 39 stationed
2016 3663 49 37 at
2098 3662 79 39 the

185 3709 156 39 Naval
365 3712 231 46 academy
618 3713 93 37 and
734 3712 59 47 by
819 3713 80 38 the
923 3713 317 47 Department
1265 3715 51 39 of
1340 3717 311 46 seamanship
1675 3718 94 38 and
1792 3717 389 47 navigation.”—

185 3764 130 41 Pref.

187 3819 51 52 ©
272 3825 110 39 Dec.
418 3825 67 47 18,
521 3825 111 40 1933;
696 3826 67 41 2c.
799 3827 107 39 Jan.
943 3828 68 45 10;
1048 3827 137 43 1934;
1225 3830 79 40 aff.
1341 3831 108 39 Jan.
1486 3832 51 41 8;
1575 3831 40 39 A
1650 3831 170 48 67924;
1860 3833 53 39 U.
1952 3834 42 39 S.
2031 3836 145 37 naval

253 3880 239 48 institute,
523 3882 277 48 Annapolis.
868 3884 278 49 [Copyright
1175 3887 41 39 is
1247 3888 203 40 claimed
1482 3900 60 28 on
1572 3890 176 39 revision]

264 3938 277 47 (34-23252)
