2350 4196
1100 4042 126 50 1557

313 438 14 23 Dall,
357 398 138 52 Mrs.
528 397 175 52 Anna
741 396 372 67 (Roosevelt)
1152 401 169 50 1906-

252 472 317 69 Scamper’s
608 474 336 68 Christmas,
977 493 154 34 more
1168 473 171 54 about
1373 473 95 52 the
1503 473 194 55 White
1733 476 195 51 House
1965 475 211 65 bunny,

180 551 72 66 by
289 552 173 51 Anna
501 553 303 52 Roosevelt
842 553 164 66 Dall;
1050 550 247 70 pictures
1336 552 74 66 by
1449 552 278 67 Marjorie
1768 553 193 52 Flack.
2040 554 135 51 New

180 629 177 66 York,
393 630 121 53 The
547 630 333 53 Macmillan
917 648 296 50 company,
1249 633 150 49 1934.

249 702 54 38 71
336 712 44 38 p.
413 703 110 39 incl.
557 702 86 41 col.
677 703 164 47 front.,
877 704 142 43 illus.,
1054 703 85 39 col.
1174 702 157 48 plates
1359 703 136 48 (part
1528 703 196 42 double)
1797 704 47 37 21
1872 716 25 25 x
1922 704 52 37 18½
2008 706 14 20 cm
2056 736 7 7 .

182 757 50 50 ©
261 761 115 38 Nov.
405 759 68 42 20.
503 760 139 45 1934;
671 759 65 40 2c.
765 761 95 38 and
886 760 79 39 aff.
994 760 118 40 Nov.
1139 759 80 40 21:
1251 760 39 37 A
1318 759 169 41 78192;
1519 760 53 39 A.
1601 760 54 41 R.
1804 792 7 8 Dall.
1842 759 334 48 Washington,

249 818 94 38 and
370 817 235 47 Marjorie
630 817 162 41 Flack.
821 816 294 47 Bronxville,
1144 817 53 39 N.
1224 817 53 39 Y.
1349 815 279 49 (34-38910)

202 921 141 52 [Diez
372 923 68 52 de
469 921 255 66 Medina,
754 920 168 68 Raúl]
959 927 170 49 1909-

243 999 265 67 Autopsy
541 1000 63 51 of
632 1001 93 51 the
757 1002 235 50 Monroe
1023 999 282 67 doctrine;
1339 1000 95 53 the
1464 1005 231 62 strange
1723 1005 157 61 story
1910 999 63 52 of
177 999 1997 130 inter-American
528 1078 287 67 relations,
859 1079 72 66 by
975 1077 217 55 Gaston
1236 1079 212 52 Nerval
1524 1077 207 67 [pseud.]
1811 1079 138 51 New
1997 1079 179 65 York,

174 1155 119 51 The
323 1156 335 52 Macmillan
689 1174 296 50 company,
1018 1160 149 50 1934.

247 1228 652 49 xi p., 1 l., 357 p. 22½ cm .
248 1284 247 41 “Selected
529 1284 366 50 bibliography”:
958 1297 41 36 p.
1031 1284 217 42 325-333.

182 1340 1744 51 © Nov. 13, 1934; 2c. and aff. Nov. 14; A 78075; Macmillan co.
259 1400 280 48 (34-38874)

176 1504 265 67 Duncan,
470 1505 155 58 John
655 1504 208 65 Alden,
896 1509 169 50 1901-

243 1582 205 68 Digest
481 1581 64 53 of
578 1584 95 50 the
707 1582 331 54 Perishable
1072 1581 375 68 agricultural
1484 1581 388 54 commodities
1908 1589 105 58 act,
173 1600 1976 127 containing

436 1661 96 51 the
572 1666 148 48 texts
760 1661 64 51 of
865 1662 95 52 the
1000 1660 328 54 Perishable
1370 1660 375 67 agricultural
1786 1661 388 52 commodities

175 1746 89 45 act
292 1739 63 52 of
388 1743 150 62 1930,
568 1739 63 54 of
661 1740 93 52 the
786 1741 387 51 amendments
1202 1739 236 65 thereto,
1471 1738 62 52 of
1563 1740 94 51 the
1689 1739 149 52 rules
1870 1740 112 51 and
173 1757 1978 113 regulations

408 1818 64 51 of
496 1818 95 52 the
618 1824 281 61 secretary
924 1817 64 53 of
1014 1816 346 69 agriculture
1388 1816 94 51 for
1507 1815 269 69 carrying
1801 1823 99 46 out
1925 1818 94 51 the
177 1836 1973 112 provisions

423 1895 64 53 of
519 1896 96 51 the
650 1901 105 61 act,
790 1897 110 51 and
936 1915 30 32 a
1002 1895 185 67 digest
1220 1895 64 52 of
1317 1895 277 52 decisions
1629 1896 273 52 rendered
1937 1896 59 52 in
173 1914 1977 126 complaints
413 1975 312 53 conducted

749 1975 181 52 under
955 1974 95 51 the
1074 1973 320 67 provisions
1420 1973 64 54 of
1508 1974 94 51 the
1628 1978 104 49 act.
1810 1976 88 64 By
1923 1974 154 54 John
2103 1976 70 52 A.

171 2052 259 67 Duncan,
480 2070 81 34 ll.
613 2071 44 32 b.
734 2052 245 67 Detroit,
1030 2052 190 66 Mich.,
1269 2053 175 51 Dunn
1496 2051 334 68 publishing
1879 2070 296 49 company,

177 2133 146 50 1934.

246 2202 80 49 vii,
355 2203 86 41 239
468 2214 42 36 p.
571 2203 55 40 23½cm.

180 2257 1702 51 © Nov. 3, 1934; 2c·. and aff. Nov. 7; A 76952: Dunn pub. co.,
259 2319 280 48 (34-38804)

178 2411 213 63 Eager,
420 2410 227 64 George
676 2411 64 53 T.

244 2488 204 51 Dollar
486 2488 250 63 makers;
781 2488 98 53 197
917 2487 141 55 sales
1097 2487 153 52 ideas
1289 2488 127 52 that
1457 2488 246 57 worked,
1740 2488 74 65 by
1851 2487 220 67 George
2110 2488 63 51 T.

174 2566 217 67 Eager;
436 2565 139 53 with
619 2585 71 32 an
731 2565 389 53 introduction
1160 2566 75 66 by
1275 2567 184 50 Bruce
1503 2568 235 49 Barton.
1815 2567 138 50 New
1997 2566 178 65 York,

172 2642 328 69 Greenberg
537 2678 11 33 [
554 2651 17 20 c
577 2648 134 48 1934
716 2676 12 33 ]

247 2716 82 49 xii,
359 2717 85 40 197
472 2729 41 36 p.
575 2715 56 40 19½
662 2719 43 20 cm
712 2749 8 7 .

182 2772 50 50 ©
272 2776 124 46 Sept.
437 2776 66 41 15.
542 2774 139 41 1934;
721 2775 66 38 2c.
826 2773 101 40 Oct.
965 2772 80 42 19:
1085 2773 82 40 aff.
1205 2774 101 39 Oct.
1346 2774 81 41 13;
1467 2775 39 37 A
1545 2774 169 40 75847;
1755 2773 273 41 Greenberg
248 2773 1911 98 publisher.
440 2833 90 38 inc.
602 2830 279 48 (34-38865)

179 2922 161 64 Ellis,
371 2923 256 52 Howard
659 2920 324 65 Sylvester.

244 2997 1871 68 German monetary theory, 1905-1933, by Howard S. Ellis …
175 3077 362 67 Cambridge,
576 3078 190 62 Mass.,
803 3077 272 52 Harvard
1114 3076 316 67 university
1465 3094 173 48 press,
1676 3079 150 49 1934.

249 3161 75 31 xv.
372 3150 86 40 462
508 3161 40 37 p.
610 3150 178 47 diagrs.
850 3149 56 38 22½
938 3151 42 20 cm
988 3181 7 8 .
1067 3147 298 49 (Half-title:
1412 3149 229 39 Harvard
1689 3147 241 40 economic
1978 3147 199 41 studies,

179 3207 88 43 vol.
419 3207 14 48 XLIV)

254 3264 267 40 “Awarded
560 3263 79 40 the
673 3262 160 39 David
869 3263 53 39 A.
960 3262 149 40 Wells
1143 3262 130 47 prize
1310 3262 80 39 for
1425 3261 81 40 the
1542 3271 119 37 year
1696 3259 203 40 1929-30
1936 3261 94 38 and
181 3260 1982 101 published

359 3321 128 39 from
514 3322 80 38 the
620 3321 183 38 income
829 3320 51 38 of
905 3321 81 38 the
1011 3320 158 39 David
1195 3320 52 42 A.
1275 3320 150 40 Wells
1448 3319 167 40 fund.”

248 3375 376 49 Bibliography:
657 3388 42 36 p.
747 3376 235 40 [435]-452.

182 3432 50 50 ©
263 3436 99 40 Oct.
391 3437 39 41 3.
458 3436 113 38 1934;
626 3435 64 39 2c.
720 3434 100 40 Oct.
850 3435 80 45 15;
961 3434 80 39 aff.
1073 3434 101 42 Oct.
1202 3433 80 42 19;
1313 3436 34 36 A
1380 3433 169 41 76654;
1582 3433 256 39 President
1866 3434 94 38 and
1988 3433 190 39 fellows

249 3494 50 38 of
324 3494 228 38 Harvard
581 3492 191 45 college.
803 3491 300 46 Cambridge,
1132 3493 146 38 Mass.
1350 3490 280 49 (34-38866)

180 3582 245 66 Eyring,
459 3585 134 53 Carl
625 3582 354 63 Ferdinand,
1014 3588 169 49 1889-

256 3654 1922 73 A survey course in physics, by Carl F. Eyring … Provo,
182 3737 174 64 Utah,
386 3736 276 68 Brigham
701 3736 212 66 Young
942 3734 314 68 university
1290 3753 171 50 press,
1498 3736 149 49 1934.

250 3808 81 47 vii,
359 3807 86 40 299
470 3818 42 37 p.
570 3808 142 46 illus.,
743 3807 178 44 diagrs.
978 3805 54 40 23½
1065 3809 44 21 cm
1115 3838 8 7 .

253 3864 293 48 “Suggested
579 3863 253 47 readings”
864 3865 51 38 at
945 3863 92 40 end
1066 3863 51 40 of
1144 3864 117 39 each
1292 3865 213 46 chapter.

185 3919 1992 52 © Oct. 23, 1934; 2c. Nov. 21; aff. Nov. 20: A 77310: C. F. Eyring, Provo.
253 3983 141 38 Utah.
468 3981 223 47 (34-38856)
