2350 4196
1099 4001 94 48 1287

246 440 28 39 4
299 450 114 37 p.l.,
441 440 83 40 163
552 451 43 37 p.
656 441 55 38 22½
744 443 44 21 cm
793 474 8 8 .

250 496 161 41 “First
441 496 226 43 edition.”

177 552 52 50 ©
260 555 125 48 Sept.
415 555 68 47 21,
511 554 114 42 1934;
682 556 65 39 2c.
783 557 126 46 Sept.
939 556 54 38 19;
1053 555 80 40 aff.
1167 556 124 46 Sept.
1322 556 56 38 24;
1435 555 40 38 A
1504 554 142 41 76063;
1705 556 194 47 Harper
1929 557 37 39 &
1992 558 123 38 bros.

257 609 278 51 (34-32339)

170 702 208 63 Ropes,
410 702 202 54 James
642 703 225 63 Hardy,
902 705 322 50 1866-1933.

245 780 119 52 The
396 781 277 67 Synoptic
702 782 240 67 gospels,
969 782 74 66 by
1070 782 191 53 James
1290 781 208 66 Hardy
1529 782 202 66 Ropes.
1810 781 360 68 Cambridge,

176 857 186 59 Mass.,
389 860 274 52 Harvard
690 860 316 66 university
1032 877 173 49 press,
1235 862 149 50 1934.

249 918 648 62 vi pl, 2 l., [3]-117 p. 20cm.
249 987 243 42 Lectures.

180 1042 49 51 ©
264 1047 125 47 Sept.
420 1048 39 39 4,
492 1047 139 42 1934;
665 1048 65 39 2c.
764 1048 127 47 Sept.
924 1048 50 40 8;
1010 1047 78 39 aff.
1127 1049 123 45 Sept.
1285 1048 80 40 13;
1402 1048 40 37 A
1472 1045 170 49 75291;
1676 1048 256 40 President
1964 1051 95 38 and
244 1050 1914 93 fellows
397 1105 50 39 of
481 1105 228 38 Harvard
745 1106 190 46 college,
974 1104 298 48 Cambridge.
1310 1105 144 38 Mass.
1528 1104 279 49 (34-32536)

171 1194 281 65 Rufener,
484 1195 179 53 Louis
694 1196 258 63 August.

242 1272 171 52 Money
503 1274 111 51 and
664 1272 257 69 banking
971 1274 58 51 in
1080 1273 97 52 the
1223 1273 218 54 United
1495 1273 207 68 States,
1753 1274 75 68 by
1879 1275 174 53 Louis
2106 1275 69 51 A.

175 1351 258 53 Rufener
473 1394 55 9 ...
609 1353 234 65 Boston,
879 1352 139 53 New
1055 1351 161 53 York
1274 1357 120 62 [etc.]
1436 1352 320 68 Houghton
1793 1353 202 53 Mifflin
174 1373 1979 124 company
358 1463 14 34 [
376 1436 18 21 c
399 1432 152 65 1934]

250 1503 134 47 xviii,
414 1503 86 41 788
527 1514 44 37 p.
632 1503 178 49 diagrs.
871 1505 56 39 22
930 1507 43 20 cm
980 1537 8 8 .

254 1560 191 40 “Under
476 1561 79 39 the
585 1561 226 39 editorial
841 1560 303 49 supervision
1175 1562 50 39 of
1252 1562 163 47 Edgar
1447 1563 43 40 S.
1521 1563 247 40 Furniss.”

180 1615 49 51 ©
262 1619 127 47 Sept.
419 1617 67 45 10,
517 1617 139 42 1934;
688 1619 66 40 2c.
787 1619 126 48 Sept.
944 1620 54 39 15;
1088 1619 49 40 aff.
1171 1620 124 46 Sept.
1328 1620 54 39 13;
1441 1621 41 38 A
1513 1620 168 42 75301;
1716 1622 264 47 Hougliton
2011 1620 166 42 Mifflin

248 1687 64 28 со.
385 1675 279 49 (34-32337)

171 1750 300 65 Shawver,
502 1752 180 55 Lona.

247 1828 198 55 Chuck
492 1848 201 50 wagon
743 1830 255 67 windies,
1045 1830 74 68 by
1166 1831 159 52 Lona
1377 1831 275 55 Shawver
1701 1833 113 53 and
1862 1834 93 53 the
2006 1852 173 51 range

176 1925 191 49 poems
398 1908 64 51 of
492 1908 159 53 Walt
684 1908 277 68 Cousins’,
993 1909 280 68 compiled
1306 1909 76 68 by
1414 1910 157 53 Lona
1611 1910 288 55 Shawver.
1979 1917 85 49 1st
2095 1914 84 52 ed.

178 1985 114 55 San
323 1986 274 67 Antonio,
625 1988 155 67 Tex.,
807 1988 120 52 The
957 1988 218 67 Naylor
1203 1987 337 71 publishing
1569 2008 299 50 company,
1900 1996 149 48 1934.

248 2060 1036 50 6 p. l., 3-192 p. front., plates. 20½ cm .
184 2115 49 51 ©
265 2119 118 41 Aug.
413 2117 67 41 12.
511 2118 112 39 1934;
683 2119 66 40 2c.
781 2119 99 40 Oct.
912 2119 24 38 2;
997 2120 81 39 aff.
1110 2119 97 40 Oct.
1238 2121 26 37 4;
1325 2121 40 38 A
1395 2121 141 40 75594;
1597 2123 182 39 Naylor
1810 2134 65 28 со.
282 2175 256 49 (34-32742)

172 2248 250 67 Shields,
458 2252 227 64 George
719 2252 240 66 Robert,
996 2252 170 54 1879-

247 2329 391 55 Government
673 2335 285 48 contracts
996 2329 65 54 of
1098 2332 218 67 to-day,
1355 2332 73 68 by
1469 2332 222 69 George
1731 2334 68 52 R.
1846 2334 228 55 Shields
2119 2379 56 9 ...

183 2409 420 67 [Washington,
627 2409 71 51 D.
730 2407 82 69 C.,
838 2408 165 69 King
1027 2411 46 51 &
1099 2409 178 69 King,
1302 2417 20 22 c
1327 2413 151 65 1934]

247 2464 504 67 l p. l., 12 p. 23 cm .
250 2540 127 39 “The
407 2539 108 40 first
547 2540 50 39 of
629 2549 27 29 a
690 2539 150 40 series
874 2539 50 40 of
956 2540 180 46 special
1169 2539 196 41 articles
1398 2553 60 28 on
1490 2543 219 39 contract
1741 2544 95 38 law
1869 2545 228 46 expected
2134 2549 47 36 to

177 2597 55 39 be
259 2596 198 40 written
486 2596 60 47 by
576 2597 80 38 the
685 2598 195 45 present
908 2595 167 40 writer
1104 2607 53 29 or
1185 2596 75 41 his
1290 2597 375 48 partners."—p.
1698 2600 155 40 11-12.

249 2654 235 47 “Reprint
517 2653 51 40 of
603 2652 172 40 article
809 2652 267 49 appearing
1110 2654 47 38 in
1193 2654 234 45 January,
1463 2654 127 41 1934.
1628 2657 200 38 number
1863 2658 51 38 of
1949 2659 79 38 the
177 2659 1985 98 Constructor,
439 2709 256 49 published
729 2710 61 45 by

825 2710 81 39 the
941 2709 281 40 Associated
1259 2713 193 42 general
1490 2714 302 39 contractors
1828 2715 50 37 of
1916 2714 234 41 America.”

185 2765 49 51 ©
264 2770 108 38 Jan.
402 2769 68 46 13,
498 2767 139 42 1934;
670 2767 66 39 2c.
764 2768 93 38 and
889 2767 79 40 aff.
998 2767 115 46 July
1141 2767 58 39 20;
1254 2769 38 37 A
1323 2769 140 39 73553;
1526 2769 50 40 G.
1609 2771 52 38 R.
1696 2771 204 41 Shields.
251 2772 1916 93 Washington.
418 2824 278 48 (34-32718)

175 2898 192 68 Sibell,
402 2902 211 52 Muriel
646 2900 272 64 Vincent,
955 2902 169 52 1898-

251 2980 182 55 Cloud
476 2980 159 52 cities
676 2978 65 53 of
784 2978 312 66 Colorado;
1142 2998 31 33 a
1214 2980 268 67 pictorial
1526 2983 196 52 record
1766 2982 63 53 of
1871 2984 312 53 Leadville.

180 3059 308 66 Robinson,
509 3057 283 67 Kokomo,
817 3056 244 68 Climax,
1086 3057 296 70 Fairplay,
1407 3060 441 69 Breckenridge,
1874 3062 74 68 by
1972 3063 211 53 Muriel

239 3181 8 8 V.
286 3137 177 55 Sibell
503 3181 55 7 ...
637 3136 246 66 Denver,
921 3135 441 55 Smith-Brooks
1396 3138 264 68 printing
1694 3159 78 33 со.
1815 3174 12 32 [
1833 3147 17 22 c
1856 3144 135 49 1934]

257 3211 82 50 [84]
372 3223 43 37 p.
477 3211 126 40 illus.
665 3210 54 38 21
725 3212 41 20 cm
773 3242 6 6 .

187 3266 50 51 ©
270 3271 117 43 Aug.
420 3270 68 38 16.
520 3267 139 42 1934;
695 3267 66 39 2c.
795 3268 93 37 and
922 3267 79 40 aff.
1036 3267 116 45 Aug.
1185 3268 55 38 27;
1300 3268 40 38 A
1372 3269 145 40 75074;
1578 3272 58 36 M.
1672 3271 50 38 V.
1762 3271 159 47 Sibell,
1956 3273 224 44 Boulder.

253 3328 95 37 Col.
422 3324 279 43 (34-32746)

179 3400 210 65 Smith,
421 3401 221 63 Joseph
674 3399 249 64 Russell,
959 3401 169 50 1874-

251 3480 305 52 American
588 3478 166 53 lands
787 3477 113 52 and
936 3478 246 66 peoples,
1214 3478 75 67 by
1323 3479 57 53 J.
1414 3480 225 52 Russell
1676 3479 191 56 Smith
1909 3526 55 8 ...
2045 3485 135 52 New

183 3559 161 52 York
392 3564 143 47 state
584 3557 84 52 ed.
761 3555 426 68 Philadelphia,
1239 3555 251 70 Chicago
1549 3563 137 61 [etc.]
1740 3560 120 52 The
1911 3562 153 53 John
2121 3563 59 55 C.

181 3637 265 53 Winston
477 3653 281 49 company
832 3637 151 63 [c1934]

255 3709 101 41 viii.
383 3709 86 40 440
496 3720 42 36 p.
596 3707 86 40 col.
711 3707 164 48 front.,
905 3708 126 39 illus.
1062 3706 132 48 (incl.
1223 3711 160 46 maps)
1422 3712 179 47 diagrs.
1663 3711 53 40 25
1722 3714 14 20 cm
1770 3744 8 7 .

257 3766 186 41 “Books
472 3767 109 38 that
608 3764 165 41 enrich
801 3765 81 39 the
910 3764 145 46 study
1082 3764 51 40 of
1160 3767 303 47 geography”;
1521 3779 42 36 p.
1590 3767 99 41 423.

190 3821 49 50 ©
266 3826 116 46 Aug.
412 3824 67 46 10,
508 3822 114 41 1934;
677 3823 66 39 2c.
773 3821 101 40 Oct.
901 3822 17 37 1;
984 3820 79 40 aff.
1094 3822 124 47 Sept.
1247 3822 58 40 29;
1358 3824 42 39 A
1427 3825 143 40 76235;
1629 3826 126 39 John
1785 3828 49 40 C.
1863 3830 224 42 Winston
2115 3844 65 28 со.

257 3880 282 51 [Copyright
563 3880 42 38 is
631 3877 205 41 claimed
861 3889 61 28 on
951 3878 233 41 revisions
1213 3882 94 38 and
1336 3882 261 48 additions]
266 3936 277 49 (34-32741)
