2350 4196
1128 4001 133 54 1784

196 374 173 65 King,
396 375 219 63 Joseph
641 373 244 66 Hillery,
914 381 170 48 1869-

263 445 1918 74 From Passover to Pentecost, by Bev. J. H. King … 2d ed.,
195 548 109 36 rev.
347 530 111 51 and
500 530 102 51 enl.
680 529 280 52 Franklin
1004 529 260 67 Springs,
1304 527 123 68 Ga.,
1467 527 120 51 The
1626 524 344 70 Publishing
2007 527 174 51 house

192 607 64 51 of
281 607 97 52 the
403 608 356 51 Pentecostal
786 607 246 53 holiness
1060 606 208 52 church
1303 639 13 33 [
1320 611 18 21 c
1343 607 152 64 1934]

269 679 85 40 219
385 691 42 36 p.
486 681 57 38 24
546 683 44 20 cm
595 713 7 7 .

196 732 50 51 ©
276 737 118 47 Aug.
424 738 39 46 1,
492 736 115 41 1934;
664 736 65 41 2c.
761 738 95 38 and
885 737 79 39 aff.
994 738 115 38 Nov.
1140 736 25 38 28;
1254 736 43 38 A
1324 735 113 40 78677;
1526 733 287 48 Publishing
1841 735 149 38 house
2018 733 53 40 of
2101 733 81 41 the

262 794 306 40 Pentecostal
604 794 228 40 Holiness
869 795 191 39 church.
1133 792 218 49 (35-683)

199 868 252 65 Kirmse,
482 870 215 55 Persis.

268 945 386 68 Shakespeare
683 952 60 46 at
767 948 94 50 the
887 946 230 53 kennels;
1176 964 31 33 a
1231 945 148 53 book
1405 944 63 55 of
1495 942 288 69 drawings
1809 943 152 53 from
198 949 1958 127 quotations

402 1023 64 53 of
519 1024 431 67 Shakespeare’s
1005 1024 179 67 plays,
1237 1024 76 66 by
1364 1023 191 52 Persis
1608 1021 244 53 Kirmse.
1927 1022 257 65 London,

196 1101 272 53 Methuen
494 1105 46 50 &
564 1121 95 47 co.,
684 1104 101 52 ltd.
823 1107 170 62 [1934]

267 1175 80 47 vii,
376 1175 67 45 55,
473 1194 11 29 [1]
555 1185 43 37 p.
625 1175 109 41 incl.
759 1174 163 48 front.,
950 1175 128 40 illus.
1133 1173 54 39 22
1191 1176 44 21 cm
1240 1206 7 5 .

200 1227 1986 52 © 1c. Dec. 1, 1934; A ad int. 19699; pubd. Oct. 12; Methuen & co., ltd.,
267 1289 209 39 London.
549 1288 218 48 (35-723)

200 1361 374 66 Lakhovsky,
605 1363 277 65 Georges,
917 1364 171 55 1870-

330 1434 1653 71 … La cabale; histoire d’une découverte (l’oscillation
200 1435 1958 148 cellulaire) … Paris, G. Doin & ci e , 1934.
265 1587 757 50 1 p. l., [9]-217, [1] p. 19½ cm .
266 1641 235 42 Contains
535 1643 452 48 autobiographical
1018 1644 238 41 material.

202 1697 1905 54 © Feb. 27. 1934; 1c. May 29; A-Foreign 24738; Gaston Doin & cie.
279 1758 219 48 (35-675)

202 1830 279 67 Lasance,
511 1833 247 54 Francis
783 1834 238 65 Xavier,
1052 1840 170 48 1860-
1435 1851 174 48 comp.

273 1910 267 52 Holiness
576 1911 112 51 and
718 1910 308 67 happiness;
1090 1911 273 66 thoughts
1397 1910 64 54 of
1490 1929 173 47 many
1694 1911 209 65 hearts,
1933 1910 262 65 together

207 1985 136 53 with
382 1987 314 53 reflections
736 2006 72 34 on
844 1988 98 53 the
978 1987 108 55 life
1124 1989 112 51 and
1273 1988 214 52 virtues
1527 1987 63 54 of
1630 1987 84 55 St.
1752 1988 206 52 Teresa
1997 1985 63 54 of
2096 1986 97 52 the

204 2062 175 54 Child
409 2064 184 66 Jesus,
623 2064 216 54 besides
871 2083 147 34 mass
1051 2065 112 52 and
1192 2083 219 35 novena
1440 2083 234 48 prayers
1706 2065 61 51 in
1795 2064 181 53 honor
2006 2062 64 54 of
2097 2063 96 52 the

204 2140 176 53 Little
417 2141 191 52 flower
645 2141 113 53 and
793 2141 359 53 communion
1188 2142 312 65 devotions,
1537 2140 277 67 compiled
1856 2140 113 53 and
2004 2139 190 54 edited

204 2217 1966 144 by Bev. F. X. Lasance … New York, Cincinnati [etc.] Benziger
384 2295 277 66 brothers,
691 2298 153 50 1934.

273 2367 771 49 3 p. l., 281 p. front. 15½ cm .
207 2420 50 51 ©
287 2425 116 38 Nov.
432 2424 68 40 15,
530 2423 114 41 1934;
700 2424 55 39 2c
795 2425 116 38 Nov.
941 2424 55 39 23;
1056 2423 79 40 aff.
1167 2424 114 39 Nov.
1312 2424 57 40 20;
1424 2425 43 38 A
1495 2424 142 40 78223;
1696 2424 234 47 Benziger
1960 2423 124 40 bros.

285 2480 219 48 (35-602)

207 2554 1990 143 … Le livre de l’amour miséricordieux. [Arras (Pas-de-Calais)
471 2632 360 66 Imprimerie
865 2633 283 65 moderne,
1182 2636 153 62 1934]

278 2707 25 37 1
330 2715 41 37 p.
418 2736 7 7 l.,
472 2704 140 40 7-462
640 2716 40 36 p.
738 2706 84 39 col.
852 2706 168 46 plates.
1076 2704 54 39 22
1149 2716 30 27 x
1196 2706 53 39 17
1254 2708 44 20 cm
1302 2737 8 8 .

275 2761 67 40 At
366 2762 124 39 head
516 2761 53 40 of
593 2761 121 48 title,
743 2764 31 38 t.
801 2762 23 38 1:
884 2762 268 39 Moνoλóγoς.

280 2815 295 50 “Copyright
600 2817 115 40 1934
743 2817 62 48 by
836 2815 246 43 Chanoine
1113 2818 51 41 F.
1195 2816 200 43 Caron.”

211 2870 1989 52 © Mar. 20, 1934; 1c. Sept. 17; A-Foreign 25568; Félix Caron, Arras
288 2916 406 61 (Pas-de-Calaisj
731 2930 197 39 France.
1001 2930 218 47 (35-606)

210 2991 223 65 March,
461 2993 202 62 Harry
689 2990 281 64 Addison,
1001 2995 171 51 1878-

278 3069 115 52 Pro
422 3068 262 66 football,
710 3069 75 52 its
813 3067 173 67 “ups”
1017 3069 112 52 and
1159 3068 262 54 “downs”;
1481 3089 30 33 a
1539 3068 413 67 light-hearted
1978 3068 220 64 history

210 3144 1965 144 of the post graduate game, by Dr. Harry A. March … [Albany,
411 3221 244 53 Printed
686 3222 77 66 by
796 3222 56 53 J.
888 3224 68 50 B.
990 3222 164 66 Lyon
1187 3241 295 49 company,
1515 3229 19 21 c
1539 3225 153 60 1934]

281 3294 83 39 160
399 3305 42 37 p.
502 3293 127 40 illus.
660 3293 130 47 (inch
826 3295 172 46 ports.)
1069 3293 55 39 23½
1159 3296 43 20 cm
1205 3326 8 8 .

284 3348 73 40 On
387 3360 142 30 cover:
593 3349 153 40 “Kick
780 3349 92 41 off”
907 3350 60 47 by
1004 3349 271 40 Grantland
1310 3351 116 40 Rice;
1490 3351 253 40 “Between
1776 3348 196 42 halves”
2008 3349 62 47 by
2104 3348 92 40 Bill

213 3404 174 41 Corum;
451 3405 169 40 “Final
651 3405 220 41 whistle”
902 3405 61 46 by
993 3405 123 40 Paul
1148 3404 195 42 Gallico.

216 3460 50 51 ©
293 3466 118 45 Aug.
439 3463 68 47 30,
534 3461 114 41 1934;
702 3462 65 39 2c.
800 3462 125 47 Sept.
952 3461 55 40 18:
1064 3461 79 40 aff.
1176 3461 124 48 Sept.
1329 3463 54 39 15;
1440 3464 43 38 A
1507 3464 141 39 75373:
1708 3464 59 38 H.
1795 3462 52 39 A.
1878 3462 182 46 March,
2087 3461 116 39 New

284 3520 140 39 York.
497 3519 219 47 (35-781)

220 3581 191 63 [Mary
436 3581 318 62 Agnesine,
782 3579 166 53 sister]
999 3582 169 49 1884-

345 3655 1857 67 … The vine and the branches, by a School sister of Notre
215 3733 197 66 Dame,
454 3733 63 53 of
557 3733 96 52 the
694 3733 224 65 faculty
960 3732 63 53 of
1065 3732 82 55 St.
1190 3733 148 51 Paul
1381 3734 261 52 diocesan
1682 3734 251 52 teachers
1976 3733 225 64 college,

216 3808 1962 131 St. Paul, Minn., and Bev. B. G. Bandas … New York, Milwaukee
486 3892 137 61 [etc.]
664 3885 123 54 The
820 3887 184 51 Bruce
1041 3885 334 67 publishing
1412 3905 279 47 company
1733 3919 13 33 [
1750 3893 18 21 c
1773 3888 152 63 1934]
