<alto xmlns="http://www.loc.gov/standards/alto/ns-v3#" xmlns:xlink="http://www.w3.org/1999/xlink" xmlns:xsi="http://www.w3.org/2001/XMLSchema-instance" xsi:schemaLocation="http://www.loc.gov/standards/alto/ns-v3# http://www.loc.gov/alto/v3/alto-3-0.xsd"><Description>
<MeasurementUnit>pixel</MeasurementUnit>
<sourceImageInformation>
<fileName>1934_v1_Part1.pdf</fileName>
</sourceImageInformation>
<OCRProcessing ID="IdOcr">
<ocrProcessingStep>
<processingDateTime>2019-01-10</processingDateTime>
<processingSoftware>
<softwareCreator>ABBYY</softwareCreator>
<softwareName>ABBYY Recognition Server</softwareName>
<softwareVersion>4.0</softwareVersion>
</processingSoftware>
</ocrProcessingStep>
</OCRProcessing>
</Description>
<Styles>
<ParagraphStyle ID="StyleId-FFFFFFFF-FFFF-FFFF-FFFF-FFFFFFFFFFFF-" ALIGN="Left" LEFT="0." RIGHT="0." FIRSTLINE="0."/>
<ParagraphStyle ID="StyleId-521E1FC6-FE7E-43A4-90E6-A9B61626A263-" ALIGN="Right" LEFT="0." RIGHT="0." FIRSTLINE="0." LINESPACE="13.30000019"/>
<ParagraphStyle ID="StyleId-639B624E-F6F5-47B6-BB1D-34E64B53022F-" ALIGN="Left" LEFT="0." RIGHT="0." FIRSTLINE="-27." LINESPACE="13.43999958"/>
<ParagraphStyle ID="StyleId-100905F9-D385-406B-A5BD-ED5B8FD85431-" ALIGN="Left" LEFT="0." RIGHT="0." FIRSTLINE="0."/>
<ParagraphStyle ID="StyleId-7C9F9BA2-EF3A-4B7F-8486-CCC7B7F49B39-" ALIGN="Left" LEFT="0." RIGHT="0." FIRSTLINE="-27." LINESPACE="18.71999931"/>
<ParagraphStyle ID="StyleId-350780E3-60F2-4605-88F5-BB54F9B87091-" ALIGN="Block" LEFT="0." RIGHT="0." FIRSTLINE="-27." LINESPACE="18.71999931"/>
<ParagraphStyle ID="StyleId-90B16C58-D795-4C77-9B89-30378C515D40-" ALIGN="Left" LEFT="0." RIGHT="0." FIRSTLINE="0." LINESPACE="14.39999962"/>
<ParagraphStyle ID="StyleId-17090E09-AFAF-4086-BD9B-4E99FAE6B057-" ALIGN="Right" LEFT="0." RIGHT="0." FIRSTLINE="-27." LINESPACE="14.39999962"/>
<ParagraphStyle ID="StyleId-8B87B633-89DB-4D72-B1FC-26E4ABD680BC-" ALIGN="Left" LEFT="0." RIGHT="0." FIRSTLINE="-27." LINESPACE="18.47999954"/>
<ParagraphStyle ID="StyleId-42DA7417-CA90-4D71-A57B-06556C38D752-" ALIGN="Left" LEFT="0." RIGHT="0." FIRSTLINE="0." LINESPACE="13.30000019"/>
<ParagraphStyle ID="StyleId-D8EE2A7E-42AE-4E35-98DB-F0F935637AA0-" ALIGN="Block" LEFT="0." RIGHT="0." FIRSTLINE="0." LINESPACE="6.599999905"/>
<ParagraphStyle ID="StyleId-33CD3121-D4F5-43B6-BA96-6382D166E6B8-" ALIGN="Left" LEFT="0." RIGHT="0." FIRSTLINE="0." LINESPACE="15.5"/>
<ParagraphStyle ID="StyleId-1CE52AFA-C319-4DD9-B4B1-F0EBFA2B3F0B-" ALIGN="Block" LEFT="0." RIGHT="0." FIRSTLINE="-21." LINESPACE="18.71999931"/>
<ParagraphStyle ID="StyleId-B74F1B65-92F1-49C5-A5FA-D20442F031F2-" ALIGN="Left" LEFT="0." RIGHT="0." FIRSTLINE="0." LINESPACE="17.70006076"/>
<ParagraphStyle ID="StyleId-79E2924A-215C-40B7-B577-7236BFBAA25E-" ALIGN="Center" LEFT="0." RIGHT="0." FIRSTLINE="0." LINESPACE="7.199999809"/>
</Styles>
<Layout>
<Page ID="Page1155" PHYSICAL_IMG_NR="1155" HEIGHT="4196" WIDTH="2350">
<TopMargin HEIGHT="350" WIDTH="2350" VPOS="0" HPOS="0">
</TopMargin>
<LeftMargin HEIGHT="3635" WIDTH="151" VPOS="350" HPOS="0">
</LeftMargin>
<RightMargin HEIGHT="3635" WIDTH="165" VPOS="350" HPOS="2185">
</RightMargin>
<BottomMargin HEIGHT="211" WIDTH="2350" VPOS="3985" HPOS="0">
<TextBlock ID="Page1155_Block1" HEIGHT="61" WIDTH="143" VPOS="3989" HPOS="1097" LANG="en-US" STYLEREFS="StyleId-01B506C3-6081-4E6E-BF78-992137CB06F7-">
<TextLine HEIGHT="49" WIDTH="131" VPOS="3995" HPOS="1103">
<String CONTENT="1155" HEIGHT="49" WIDTH="131" VPOS="3995" HPOS="1103"/>
</TextLine>
</TextBlock>
</BottomMargin>
<PrintSpace HEIGHT="3635" WIDTH="2034" VPOS="350" HPOS="151">
<TextBlock ID="Page1155_Block2" HEIGHT="3635" WIDTH="2034" VPOS="350" HPOS="151" LANG="en-US" CS="1" STYLEREFS="StyleId-064112F5-03FD-4F98-BD5E-D7E9E3ABC5A9-">
<TextLine HEIGHT="65" WIDTH="510" VPOS="356" HPOS="161" STYLEREFS="StyleId-44D517B4-B85B-4F97-8727-0CB82223EC88-" LANG="de">
<String CONTENT="Metzger," HEIGHT="64" WIDTH="278" VPOS="357" HPOS="161"/>
<SP HEIGHT="65" WIDTH="30" VPOS="356" HPOS="440"/>
<String CONTENT="Berta." HEIGHT="54" WIDTH="200" VPOS="356" HPOS="471"/>
</TextLine>
<TextLine HEIGHT="68" WIDTH="1922" VPOS="444" HPOS="233" STYLEREFS="StyleId-53165BD8-DD54-4697-9A65-351A6497C534-">
<String CONTENT="Picture" HEIGHT="55" WIDTH="233" VPOS="444" HPOS="233"/>
<SP HEIGHT="46" WIDTH="34" VPOS="452" HPOS="467"/>
<String CONTENT="tales" HEIGHT="52" WIDTH="141" VPOS="447" HPOS="502"/>
<SP HEIGHT="53" WIDTH="37" VPOS="446" HPOS="644"/>
<String CONTENT="from" HEIGHT="53" WIDTH="152" VPOS="446" HPOS="682"/>
<SP HEIGHT="47" WIDTH="37" VPOS="452" HPOS="835"/>
<String CONTENT="the" HEIGHT="51" WIDTH="92" VPOS="447" HPOS="873"/>
<SP HEIGHT="54" WIDTH="39" VPOS="446" HPOS="966"/>
<String CONTENT="Chinese," HEIGHT="68" WIDTH="255" VPOS="444" HPOS="1006"/>
<SP HEIGHT="67" WIDTH="34" VPOS="445" HPOS="1262"/>
<String CONTENT="by" HEIGHT="66" WIDTH="74" VPOS="445" HPOS="1297"/>
<SP HEIGHT="64" WIDTH="35" VPOS="447" HPOS="1372"/>
<String CONTENT="Berta" HEIGHT="49" WIDTH="175" VPOS="447" HPOS="1408"/>
<SP HEIGHT="52" WIDTH="37" VPOS="444" HPOS="1584"/>
<String CONTENT="Metzger" HEIGHT="67" WIDTH="254" VPOS="444" HPOS="1622"/>
<SP HEIGHT="33" WIDTH="41" VPOS="464" HPOS="1877"/>
<String CONTENT="..." HEIGHT="8" WIDTH="54" VPOS="489" HPOS="1919"/>
<SP HEIGHT="32" WIDTH="44" VPOS="465" HPOS="1974"/>
<String CONTENT="with" HEIGHT="53" WIDTH="136" VPOS="444" HPOS="2019"/>
</TextLine>
<TextLine HEIGHT="148" WIDTH="1970" VPOS="522" HPOS="164" STYLEREFS="StyleId-53165BD8-DD54-4697-9A65-351A6497C534-" CS="1">
<String CONTENT="drawings" HEIGHT="68" WIDTH="288" VPOS="524" HPOS="165"/>
<SP HEIGHT="52" WIDTH="35" VPOS="525" HPOS="454"/>
<String CONTENT="by" HEIGHT="66" WIDTH="75" VPOS="525" HPOS="490"/>
<SP HEIGHT="66" WIDTH="38" VPOS="525" HPOS="566"/>
<String CONTENT="Eleanor" HEIGHT="52" WIDTH="248" VPOS="525" HPOS="605"/>
<SP HEIGHT="51" WIDTH="36" VPOS="526" HPOS="854"/>
<String CONTENT="Frances" HEIGHT="51" WIDTH="246" VPOS="526" HPOS="891"/>
<SP HEIGHT="51" WIDTH="37" VPOS="524" HPOS="1138"/>
<String CONTENT="Lattimore." HEIGHT="52" WIDTH="331" VPOS="522" HPOS="1176"/>
<SP HEIGHT="51" WIDTH="76" VPOS="523" HPOS="1508"/>
<String CONTENT="New" HEIGHT="51" WIDTH="138" VPOS="523" HPOS="1585"/>
<SP HEIGHT="51" WIDTH="38" VPOS="523" HPOS="1724"/>
<String CONTENT="York," HEIGHT="65" WIDTH="179" VPOS="523" HPOS="1763"/>
<SP HEIGHT="65" WIDTH="39" VPOS="523" HPOS="1943"/>
<String CONTENT="Frederick" HEIGHT="131" WIDTH="1970" VPOS="523" HPOS="164"/>
<SP HEIGHT="53" WIDTH="24" VPOS="602" HPOS="318"/>
<String CONTENT="A." HEIGHT="52" WIDTH="71" VPOS="604" HPOS="343"/>
<SP HEIGHT="54" WIDTH="31" VPOS="603" HPOS="415"/>
<String CONTENT="Stokes" HEIGHT="55" WIDTH="201" VPOS="602" HPOS="447"/>
<SP HEIGHT="34" WIDTH="28" VPOS="622" HPOS="649"/>
<String CONTENT="company," HEIGHT="49" WIDTH="295" VPOS="621" HPOS="678"/>
<SP HEIGHT="55" WIDTH="30" VPOS="607" HPOS="974"/>
<String CONTENT="1934." HEIGHT="49" WIDTH="148" VPOS="606" HPOS="1005"/>
</TextLine>
<TextLine HEIGHT="53" WIDTH="1354" VPOS="672" HPOS="237" CS="1">
<String CONTENT="xii" HEIGHT="40" WIDTH="70" VPOS="677" HPOS="237"/>
<SP HEIGHT="45" WIDTH="24" VPOS="678" HPOS="308"/>
<String CONTENT="p.," HEIGHT="37" WIDTH="57" VPOS="686" HPOS="333"/>
<SP HEIGHT="46" WIDTH="25" VPOS="677" HPOS="391"/>
<String CONTENT="1" HEIGHT="37" WIDTH="24" VPOS="677" HPOS="417"/>
<SP/>
<String CS="1" CONTENT="l.,"/>
<SP/>
<String CONTENT="106," HEIGHT="49" WIDTH="98" VPOS="674" HPOS="539"/>
<SP HEIGHT="30" WIDTH="27" VPOS="695" HPOS="638"/>
<String CONTENT="[3]" HEIGHT="50" WIDTH="54" VPOS="675" HPOS="666"/>
<SP HEIGHT="38" WIDTH="27" VPOS="686" HPOS="721"/>
<String CONTENT="p." HEIGHT="37" WIDTH="42" VPOS="686" HPOS="749"/>
<SP HEIGHT="41" WIDTH="24" VPOS="675" HPOS="792"/>
<String CONTENT="incl." HEIGHT="41" WIDTH="109" VPOS="675" HPOS="817"/>
<SP HEIGHT="42" WIDTH="25" VPOS="674" HPOS="927"/>
<String CONTENT="illus.," HEIGHT="47" WIDTH="142" VPOS="674" HPOS="953"/>
<SP HEIGHT="37" WIDTH="25" VPOS="684" HPOS="1096"/>
<String CONTENT="plates." HEIGHT="47" WIDTH="169" VPOS="674" HPOS="1122"/>
<SP HEIGHT="39" WIDTH="60" VPOS="673" HPOS="1292"/>
<String CS="1" CONTENT="14&#215;19" HEIGHT="41" WIDTH="177" VPOS="672" HPOS="1353"/>
<String STYLE="superscript" CONTENT="cm" HEIGHT="22" WIDTH="44" VPOS="674" HPOS="1533"/>
<String CONTENT="." HEIGHT="9" WIDTH="9" VPOS="704" HPOS="1582"/>
</TextLine>
<TextLine HEIGHT="51" WIDTH="1995" VPOS="743" HPOS="167" CS="1">
<String CONTENT="&#169;" HEIGHT="51" WIDTH="50" VPOS="743" HPOS="167"/>
<SP HEIGHT="51" WIDTH="30" VPOS="743" HPOS="218"/>
<String CONTENT="Sept." HEIGHT="47" WIDTH="125" VPOS="747" HPOS="249"/>
<SP HEIGHT="36" WIDTH="26" VPOS="748" HPOS="375"/>
<String CS="1" CONTENT="13," HEIGHT="38" WIDTH="54" VPOS="747" HPOS="402"/>
<SP HEIGHT="41" WIDTH="24" VPOS="747" HPOS="471"/>
<String CS="1" CONTENT="1934;" HEIGHT="39" WIDTH="114" VPOS="746" HPOS="496"/>
<SP HEIGHT="40" WIDTH="28" VPOS="746" HPOS="637"/>
<String CONTENT="2c." HEIGHT="39" WIDTH="64" VPOS="746" HPOS="666"/>
<SP HEIGHT="28" WIDTH="28" VPOS="757" HPOS="731"/>
<String CONTENT="and" HEIGHT="38" WIDTH="92" VPOS="747" HPOS="760"/>
<SP HEIGHT="38" WIDTH="27" VPOS="747" HPOS="853"/>
<String CONTENT="aff." HEIGHT="39" WIDTH="80" VPOS="745" HPOS="881"/>
<SP HEIGHT="41" WIDTH="29" VPOS="744" HPOS="962"/>
<String CONTENT="Sept." HEIGHT="48" WIDTH="126" VPOS="744" HPOS="992"/>
<SP HEIGHT="38" WIDTH="25" VPOS="745" HPOS="1119"/>
<String CONTENT="18;" HEIGHT="46" WIDTH="80" VPOS="744" HPOS="1145"/>
<SP HEIGHT="47" WIDTH="27" VPOS="743" HPOS="1226"/>
<!-- cceid C521F1D8-6C64-1014-8713-889FF4349C01 --><String CONTENT="A" HEIGHT="39" WIDTH="41" VPOS="743" HPOS="1254"/>
<SP HEIGHT="40" WIDTH="24" VPOS="743" HPOS="1296"/>
<String CONTENT="75349;" HEIGHT="47" WIDTH="170" VPOS="743" HPOS="1321"/>
<SP HEIGHT="46" WIDTH="29" VPOS="744" HPOS="1492"/>
<String CONTENT="Frederick" HEIGHT="39" WIDTH="263" VPOS="744" HPOS="1522"/>
<SP HEIGHT="38" WIDTH="26" VPOS="744" HPOS="1786"/>
<String CONTENT="A." HEIGHT="39" WIDTH="51" VPOS="744" HPOS="1813"/>
<SP HEIGHT="41" WIDTH="33" VPOS="744" HPOS="1865"/>
<String CONTENT="Stokes" HEIGHT="41" WIDTH="170" VPOS="744" HPOS="1899"/>
<SP HEIGHT="30" WIDTH="25" VPOS="755" HPOS="2070"/>
<String CONTENT="co." HEIGHT="31" WIDTH="66" VPOS="754" HPOS="2096"/>
</TextLine>
<TextLine HEIGHT="50" WIDTH="278" VPOS="802" HPOS="245">
<String CONTENT="(34-30045)" HEIGHT="50" WIDTH="278" VPOS="802" HPOS="245"/>
</TextLine>
<TextLine HEIGHT="67" WIDTH="656" VPOS="904" HPOS="162" STYLEREFS="StyleId-44D517B4-B85B-4F97-8727-0CB82223EC88-">
<String CONTENT="Miller," HEIGHT="67" WIDTH="203" VPOS="904" HPOS="162"/>
<SP HEIGHT="65" WIDTH="28" VPOS="906" HPOS="366"/>
<String CONTENT="Justin," HEIGHT="65" WIDTH="221" VPOS="905" HPOS="395"/>
<SP HEIGHT="59" WIDTH="31" VPOS="911" HPOS="617"/>
<String CONTENT="1888-" HEIGHT="49" WIDTH="169" VPOS="910" HPOS="649"/>
</TextLine>
<TextLine HEIGHT="70" WIDTH="1921" VPOS="994" HPOS="239" STYLEREFS="StyleId-53165BD8-DD54-4697-9A65-351A6497C534-">
<String CONTENT="..." HEIGHT="9" WIDTH="55" VPOS="1039" HPOS="239"/>
<SP HEIGHT="52" WIDTH="42" VPOS="996" HPOS="295"/>
<String CONTENT="Illustrative" HEIGHT="53" WIDTH="361" VPOS="996" HPOS="338"/>
<SP HEIGHT="34" WIDTH="36" VPOS="1015" HPOS="700"/>
<String CONTENT="cases" HEIGHT="34" WIDTH="150" VPOS="1015" HPOS="737"/>
<SP HEIGHT="34" WIDTH="39" VPOS="1015" HPOS="888"/>
<String CONTENT="on" HEIGHT="34" WIDTH="70" VPOS="1014" HPOS="928"/>
<SP HEIGHT="35" WIDTH="38" VPOS="1013" HPOS="999"/>
<String CONTENT="criminal" HEIGHT="54" WIDTH="263" VPOS="994" HPOS="1038"/>
<SP HEIGHT="52" WIDTH="37" VPOS="995" HPOS="1302"/>
<String CONTENT="law," HEIGHT="67" WIDTH="129" VPOS="995" HPOS="1340"/>
<SP HEIGHT="68" WIDTH="37" VPOS="994" HPOS="1470"/>
<String CONTENT="by" HEIGHT="70" WIDTH="76" VPOS="994" HPOS="1508"/>
<SP HEIGHT="70" WIDTH="39" VPOS="994" HPOS="1585"/>
<String CONTENT="Justin" HEIGHT="54" WIDTH="199" VPOS="994" HPOS="1625"/>
<SP HEIGHT="54" WIDTH="38" VPOS="994" HPOS="1825"/>
<String CONTENT="Miller" HEIGHT="55" WIDTH="196" VPOS="994" HPOS="1864"/>
<SP HEIGHT="35" WIDTH="41" VPOS="1014" HPOS="2061"/>
<String CONTENT="..." HEIGHT="11" WIDTH="57" VPOS="1037" HPOS="2103"/>
</TextLine>
<TextLine HEIGHT="71" WIDTH="2000" VPOS="1071" HPOS="164" STYLEREFS="StyleId-53165BD8-DD54-4697-9A65-351A6497C534-" CS="1">
<String CONTENT="A" HEIGHT="51" WIDTH="54" VPOS="1073" HPOS="164"/>
<SP HEIGHT="53" WIDTH="28" VPOS="1073" HPOS="219"/>
<String CONTENT="companion" HEIGHT="69" WIDTH="340" VPOS="1073" HPOS="248"/>
<SP HEIGHT="53" WIDTH="25" VPOS="1073" HPOS="589"/>
<String CONTENT="book" HEIGHT="54" WIDTH="148" VPOS="1073" HPOS="615"/>
<SP HEIGHT="53" WIDTH="26" VPOS="1074" HPOS="764"/>
<String CONTENT="to" HEIGHT="46" WIDTH="59" VPOS="1081" HPOS="791"/>
<SP HEIGHT="53" WIDTH="28" VPOS="1074" HPOS="851"/>
<String CONTENT="Miller" HEIGHT="53" WIDTH="194" VPOS="1073" HPOS="880"/>
<SP HEIGHT="34" WIDTH="27" VPOS="1091" HPOS="1075"/>
<String CONTENT="on" HEIGHT="34" WIDTH="72" VPOS="1091" HPOS="1103"/>
<SP HEIGHT="35" WIDTH="28" VPOS="1090" HPOS="1176"/>
<String CONTENT="criminal" HEIGHT="53" WIDTH="265" VPOS="1072" HPOS="1205"/>
<SP HEIGHT="52" WIDTH="28" VPOS="1072" HPOS="1471"/>
<String CONTENT="law." HEIGHT="53" WIDTH="127" VPOS="1072" HPOS="1500"/>
<SP HEIGHT="56" WIDTH="66" VPOS="1071" HPOS="1628"/>
<String CONTENT="St." HEIGHT="56" WIDTH="84" VPOS="1071" HPOS="1695"/>
<SP HEIGHT="53" WIDTH="29" VPOS="1073" HPOS="1780"/>
<String CONTENT="Paul," HEIGHT="68" WIDTH="167" VPOS="1072" HPOS="1810"/>
<SP HEIGHT="67" WIDTH="25" VPOS="1073" HPOS="1978"/>
<String CONTENT="West" HEIGHT="55" WIDTH="160" VPOS="1073" HPOS="2004"/>
</TextLine>
<TextLine HEIGHT="70" WIDTH="656" VPOS="1150" HPOS="167" STYLEREFS="StyleId-53165BD8-DD54-4697-9A65-351A6497C534-">
<String CONTENT="publishing" HEIGHT="70" WIDTH="334" VPOS="1150" HPOS="167"/>
<SP HEIGHT="50" WIDTH="32" VPOS="1170" HPOS="502"/>
<String CONTENT="co.," HEIGHT="50" WIDTH="98" VPOS="1169" HPOS="535"/>
<SP HEIGHT="63" WIDTH="38" VPOS="1156" HPOS="634"/>
<String CONTENT="1934." HEIGHT="51" WIDTH="150" VPOS="1154" HPOS="673"/>
</TextLine>
<TextLine HEIGHT="50" WIDTH="1197" VPOS="1222" HPOS="235" CS="1">
<String CONTENT="viii," HEIGHT="47" WIDTH="98" VPOS="1224" HPOS="235"/>
<SP HEIGHT="46" WIDTH="28" VPOS="1225" HPOS="334"/>
<String CONTENT="310" HEIGHT="41" WIDTH="87" VPOS="1224" HPOS="363"/>
<SP HEIGHT="47" WIDTH="27" VPOS="1224" HPOS="451"/>
<String CONTENT="p." HEIGHT="36" WIDTH="41" VPOS="1235" HPOS="479"/>
<SP HEIGHT="40" WIDTH="59" VPOS="1223" HPOS="521"/>
<String CS="1" CONTENT="23&#189;cm." HEIGHT="42" WIDTH="147" VPOS="1223" HPOS="581"/>
<SP HEIGHT="47" WIDTH="69" VPOS="1225" HPOS="729"/>
<String CONTENT="(Hornbook" HEIGHT="48" WIDTH="286" VPOS="1224" HPOS="799"/>
<SP HEIGHT="39" WIDTH="29" VPOS="1224" HPOS="1086"/>
<String CONTENT="case" HEIGHT="31" WIDTH="109" VPOS="1232" HPOS="1116"/>
<SP HEIGHT="29" WIDTH="31" VPOS="1234" HPOS="1226"/>
<String CONTENT="series)" HEIGHT="50" WIDTH="174" VPOS="1222" HPOS="1258"/>
</TextLine>
<TextLine HEIGHT="52" WIDTH="1997" VPOS="1294" HPOS="169" CS="1">
<String CONTENT="&#169;" HEIGHT="51" WIDTH="52" VPOS="1294" HPOS="169"/>
<SP HEIGHT="51" WIDTH="27" VPOS="1294" HPOS="222"/>
<String CONTENT="July" HEIGHT="38" WIDTH="115" VPOS="1299" HPOS="250"/>
<SP HEIGHT="37" WIDTH="27" VPOS="1299" HPOS="366"/>
<String CONTENT="19," HEIGHT="49" WIDTH="68" VPOS="1296" HPOS="394"/>
<SP HEIGHT="45" WIDTH="30" VPOS="1300" HPOS="463"/>
<String CONTENT="1934;" HEIGHT="44" WIDTH="140" VPOS="1296" HPOS="494"/>
<SP/>
<String CS="1" CONTENT="1c."/>
<SP/>
<String CONTENT="Sept." HEIGHT="47" WIDTH="125" VPOS="1298" HPOS="767"/>
<SP HEIGHT="37" WIDTH="30" VPOS="1299" HPOS="893"/>
<String CS="1" CONTENT="8;" HEIGHT="36" WIDTH="24" VPOS="1299" HPOS="924"/>
<SP/>
<String CS="1" CONTENT="1c."/>
<SP/>
<String CONTENT="and" HEIGHT="38" WIDTH="93" VPOS="1299" HPOS="1104"/>
<SP HEIGHT="37" WIDTH="28" VPOS="1299" HPOS="1198"/>
<String CONTENT="aff." HEIGHT="39" WIDTH="82" VPOS="1297" HPOS="1227"/>
<SP HEIGHT="40" WIDTH="33" VPOS="1297" HPOS="1310"/>
<String CONTENT="Sept." HEIGHT="47" WIDTH="126" VPOS="1297" HPOS="1344"/>
<SP HEIGHT="37" WIDTH="30" VPOS="1299" HPOS="1471"/>
<String CS="1" CONTENT="10;" HEIGHT="40" WIDTH="55" VPOS="1296" HPOS="1502"/>
<SP HEIGHT="47" WIDTH="31" VPOS="1297" HPOS="1584"/>
<!-- cceid C5223F15-6C64-1014-8713-889FF4349C01 --><String CONTENT="A" HEIGHT="39" WIDTH="41" VPOS="1297" HPOS="1616"/>
<SP HEIGHT="40" WIDTH="28" VPOS="1297" HPOS="1658"/>
<String CONTENT="75217;" HEIGHT="46" WIDTH="170" VPOS="1297" HPOS="1687"/>
<SP HEIGHT="45" WIDTH="33" VPOS="1298" HPOS="1858"/>
<String CONTENT="West" HEIGHT="40" WIDTH="135" VPOS="1298" HPOS="1892"/>
<SP HEIGHT="46" WIDTH="29" VPOS="1300" HPOS="2028"/>
<String CONTENT="pub." HEIGHT="48" WIDTH="108" VPOS="1298" HPOS="2058"/>
</TextLine>
<TextLine HEIGHT="48" WIDTH="417" VPOS="1354" HPOS="235">
<String CONTENT="co." HEIGHT="28" WIDTH="64" VPOS="1365" HPOS="235"/>
<SP HEIGHT="47" WIDTH="72" VPOS="1355" HPOS="300"/>
<String CONTENT="(34-29863)" HEIGHT="48" WIDTH="279" VPOS="1354" HPOS="373"/>
</TextLine>
<TextLine HEIGHT="68" WIDTH="857" VPOS="1459" HPOS="161" STYLEREFS="StyleId-7E5EC12E-8058-4F0E-A1B7-17FF32FBBBFE-">
<String CONTENT="Missouri." HEIGHT="53" WIDTH="297" VPOS="1459" HPOS="161"/>
<SP HEIGHT="51" WIDTH="76" VPOS="1461" HPOS="459"/>
<String CONTENT="Supreme" HEIGHT="66" WIDTH="275" VPOS="1461" HPOS="536"/>
<SP HEIGHT="33" WIDTH="32" VPOS="1479" HPOS="812"/>
<String CONTENT="court." HEIGHT="47" WIDTH="173" VPOS="1466" HPOS="845"/>
</TextLine>
<TextLine HEIGHT="70" WIDTH="1934" VPOS="1536" HPOS="233" STYLEREFS="StyleId-53165BD8-DD54-4697-9A65-351A6497C534-">
<String CONTENT="Reports" HEIGHT="68" WIDTH="245" VPOS="1537" HPOS="233"/>
<SP HEIGHT="34" WIDTH="32" VPOS="1556" HPOS="479"/>
<String CONTENT="of" HEIGHT="53" WIDTH="63" VPOS="1536" HPOS="512"/>
<SP HEIGHT="53" WIDTH="33" VPOS="1536" HPOS="576"/>
<String CONTENT="cases" HEIGHT="36" WIDTH="149" VPOS="1556" HPOS="610"/>
<SP HEIGHT="53" WIDTH="34" VPOS="1539" HPOS="760"/>
<String CONTENT="determined" HEIGHT="52" WIDTH="350" VPOS="1537" HPOS="795"/>
<SP HEIGHT="54" WIDTH="38" VPOS="1537" HPOS="1146"/>
<String CONTENT="..." HEIGHT="8" WIDTH="54" VPOS="1583" HPOS="1185"/>
<SP HEIGHT="54" WIDTH="37" VPOS="1537" HPOS="1240"/>
<String CONTENT="between" HEIGHT="52" WIDTH="250" VPOS="1537" HPOS="1278"/>
<SP HEIGHT="55" WIDTH="35" VPOS="1538" HPOS="1529"/>
<String CONTENT="September" HEIGHT="67" WIDTH="334" VPOS="1538" HPOS="1565"/>
<SP HEIGHT="48" WIDTH="31" VPOS="1542" HPOS="1900"/>
<String CONTENT="3," HEIGHT="63" WIDTH="47" VPOS="1542" HPOS="1932"/>
<SP HEIGHT="62" WIDTH="34" VPOS="1543" HPOS="1980"/>
<String CONTENT="1932," HEIGHT="65" WIDTH="152" VPOS="1541" HPOS="2015"/>
</TextLine>
<TextLine HEIGHT="69" WIDTH="2002" VPOS="1615" HPOS="164" STYLEREFS="StyleId-53165BD8-DD54-4697-9A65-351A6497C534-" CS="1">
<String CONTENT="and" HEIGHT="52" WIDTH="111" VPOS="1615" HPOS="164"/>
<SP HEIGHT="54" WIDTH="25" VPOS="1615" HPOS="276"/>
<String CONTENT="December" HEIGHT="52" WIDTH="310" VPOS="1617" HPOS="302"/>
<SP HEIGHT="47" WIDTH="26" VPOS="1620" HPOS="613"/>
<String CONTENT="31," HEIGHT="55" WIDTH="82" VPOS="1620" HPOS="640"/>
<SP HEIGHT="52" WIDTH="30" VPOS="1623" HPOS="723"/>
<String CONTENT="1932." HEIGHT="51" WIDTH="148" VPOS="1619" HPOS="754"/>
<SP HEIGHT="53" WIDTH="63" VPOS="1618" HPOS="903"/>
<String CONTENT="John" HEIGHT="54" WIDTH="155" VPOS="1617" HPOS="967"/>
<SP HEIGHT="50" WIDTH="27" VPOS="1618" HPOS="1123"/>
<String CONTENT="Turner" HEIGHT="50" WIDTH="222" VPOS="1618" HPOS="1151"/>
<SP HEIGHT="52" WIDTH="23" VPOS="1618" HPOS="1374"/>
<String CONTENT="White," HEIGHT="68" WIDTH="214" VPOS="1616" HPOS="1398"/>
<SP HEIGHT="49" WIDTH="23" VPOS="1635" HPOS="1613"/>
<String CONTENT="reporter," HEIGHT="61" WIDTH="273" VPOS="1622" HPOS="1637"/>
<SP HEIGHT="36" WIDTH="63" VPOS="1635" HPOS="1911"/>
<String CONTENT="v." HEIGHT="33" WIDTH="51" VPOS="1635" HPOS="1975"/>
<SP HEIGHT="47" WIDTH="22" VPOS="1621" HPOS="2027"/>
<String CONTENT="331." HEIGHT="49" WIDTH="116" VPOS="1621" HPOS="2050"/>
</TextLine>
<TextLine HEIGHT="70" WIDTH="1727" VPOS="1692" HPOS="165" STYLEREFS="StyleId-53165BD8-DD54-4697-9A65-351A6497C534-">
<String CONTENT="Columbia," HEIGHT="69" WIDTH="317" VPOS="1692" HPOS="165"/>
<SP HEIGHT="67" WIDTH="34" VPOS="1694" HPOS="483"/>
<String CONTENT="Mo.," HEIGHT="67" WIDTH="133" VPOS="1694" HPOS="518"/>
<SP HEIGHT="65" WIDTH="36" VPOS="1696" HPOS="652"/>
<String CONTENT="E." HEIGHT="51" WIDTH="66" VPOS="1696" HPOS="689"/>
<SP HEIGHT="52" WIDTH="34" VPOS="1697" HPOS="756"/>
<String CONTENT="W." HEIGHT="52" WIDTH="87" VPOS="1697" HPOS="791"/>
<SP HEIGHT="55" WIDTH="40" VPOS="1693" HPOS="879"/>
<String CONTENT="Stephens" HEIGHT="68" WIDTH="279" VPOS="1693" HPOS="920"/>
<SP HEIGHT="48" WIDTH="34" VPOS="1713" HPOS="1200"/>
<String CONTENT="publishing" HEIGHT="68" WIDTH="337" VPOS="1694" HPOS="1235"/>
<SP HEIGHT="51" WIDTH="33" VPOS="1711" HPOS="1573"/>
<String CONTENT="co.," HEIGHT="47" WIDTH="97" VPOS="1715" HPOS="1607"/>
<SP HEIGHT="63" WIDTH="37" VPOS="1699" HPOS="1705"/>
<String CONTENT="1933." HEIGHT="49" WIDTH="149" VPOS="1698" HPOS="1743"/>
</TextLine>
<TextLine HEIGHT="48" WIDTH="565" VPOS="1768" HPOS="236">
<String CONTENT="xii," HEIGHT="47" WIDTH="83" VPOS="1769" HPOS="236"/>
<SP HEIGHT="45" WIDTH="30" VPOS="1771" HPOS="320"/>
<String CONTENT="1356." HEIGHT="40" WIDTH="127" VPOS="1768" HPOS="351"/>
<SP HEIGHT="28" WIDTH="29" VPOS="1779" HPOS="479"/>
<String CONTENT="vi" HEIGHT="38" WIDTH="45" VPOS="1769" HPOS="509"/>
<SP HEIGHT="47" WIDTH="31" VPOS="1769" HPOS="555"/>
<String CONTENT="p." HEIGHT="37" WIDTH="42" VPOS="1779" HPOS="587"/>
<SP HEIGHT="39" WIDTH="56" VPOS="1768" HPOS="630"/>
<String CONTENT="24" HEIGHT="39" WIDTH="56" VPOS="1768" HPOS="687"/>
<String STYLE="superscript" CONTENT="cm" HEIGHT="20" WIDTH="44" VPOS="1771" HPOS="745"/>
<String CONTENT="." HEIGHT="7" WIDTH="6" VPOS="1799" HPOS="795"/>
</TextLine>
<TextLine HEIGHT="107" WIDTH="1981" VPOS="1835" HPOS="171" CS="1">
<String CONTENT="&#169;" HEIGHT="51" WIDTH="52" VPOS="1835" HPOS="171"/>
<SP HEIGHT="51" WIDTH="23" VPOS="1835" HPOS="224"/>
<String CONTENT="Feb." HEIGHT="39" WIDTH="108" VPOS="1839" HPOS="248"/>
<SP HEIGHT="38" WIDTH="24" VPOS="1839" HPOS="357"/>
<String CONTENT="21," HEIGHT="46" WIDTH="68" VPOS="1839" HPOS="382"/>
<SP HEIGHT="45" WIDTH="25" VPOS="1840" HPOS="451"/>
<String CONTENT="1934;" HEIGHT="48" WIDTH="139" VPOS="1837" HPOS="477"/>
<SP HEIGHT="47" WIDTH="27" VPOS="1838" HPOS="617"/>
<String CONTENT="2c." HEIGHT="39" WIDTH="64" VPOS="1838" HPOS="645"/>
<SP HEIGHT="37" WIDTH="28" VPOS="1839" HPOS="710"/>
<String CONTENT="Feb." HEIGHT="38" WIDTH="109" VPOS="1839" HPOS="739"/>
<SP HEIGHT="39" WIDTH="26" VPOS="1838" HPOS="849"/>
<String CONTENT="24;" HEIGHT="46" WIDTH="80" VPOS="1838" HPOS="876"/>
<SP HEIGHT="36" WIDTH="29" VPOS="1848" HPOS="957"/>
<String CONTENT="aff." HEIGHT="39" WIDTH="80" VPOS="1837" HPOS="987"/>
<SP HEIGHT="38" WIDTH="25" VPOS="1838" HPOS="1068"/>
<String CONTENT="June" HEIGHT="38" WIDTH="124" VPOS="1838" HPOS="1094"/>
<SP HEIGHT="38" WIDTH="25" VPOS="1838" HPOS="1219"/>
<String CONTENT="15;" HEIGHT="46" WIDTH="80" VPOS="1838" HPOS="1245"/>
<SP HEIGHT="46" WIDTH="28" VPOS="1838" HPOS="1326"/>
<!-- cceid C522883B-6C64-1014-8713-889FF4349C01 --><String CONTENT="A" HEIGHT="38" WIDTH="39" VPOS="1838" HPOS="1355"/>
<SP HEIGHT="39" WIDTH="24" VPOS="1838" HPOS="1395"/>
<String CONTENT="73086;" HEIGHT="47" WIDTH="171" VPOS="1837" HPOS="1420"/>
<SP HEIGHT="44" WIDTH="29" VPOS="1840" HPOS="1592"/>
<String CONTENT="Eppa" HEIGHT="46" WIDTH="133" VPOS="1840" HPOS="1622"/>
<SP HEIGHT="38" WIDTH="27" VPOS="1839" HPOS="1756"/>
<String CONTENT="Elliott," HEIGHT="48" WIDTH="188" VPOS="1838" HPOS="1784"/>
<SP HEIGHT="47" WIDTH="26" VPOS="1839" HPOS="1973"/>
<String CONTENT="Jefferson" HEIGHT="97" WIDTH="1914" VPOS="1838" HPOS="238"/>
<SP HEIGHT="41" WIDTH="30" VPOS="1895" HPOS="325"/>
<String CONTENT="City." HEIGHT="47" WIDTH="123" VPOS="1895" HPOS="356"/>
<SP HEIGHT="38" WIDTH="31" VPOS="1897" HPOS="480"/>
<String CONTENT="Mo." HEIGHT="37" WIDTH="90" VPOS="1897" HPOS="512"/>
</TextLine>
<TextLine HEIGHT="68" WIDTH="1389" VPOS="1996" HPOS="167" STYLEREFS="StyleId-44D517B4-B85B-4F97-8727-0CB82223EC88-">
<String CONTENT="Morrow," HEIGHT="66" WIDTH="265" VPOS="1998" HPOS="167"/>
<SP HEIGHT="64" WIDTH="30" VPOS="2000" HPOS="433"/>
<String CONTENT="Mrs." HEIGHT="51" WIDTH="137" VPOS="2000" HPOS="464"/>
<SP HEIGHT="53" WIDTH="32" VPOS="2000" HPOS="602"/>
<String CONTENT="Gene" HEIGHT="53" WIDTH="157" VPOS="2000" HPOS="635"/>
<SP HEIGHT="52" WIDTH="30" VPOS="2000" HPOS="793"/>
<String CONTENT="Juneau" HEIGHT="52" WIDTH="230" VPOS="2000" HPOS="824"/>
<SP HEIGHT="65" WIDTH="30" VPOS="1997" HPOS="1055"/>
<String CONTENT="(White)" HEIGHT="66" WIDTH="257" VPOS="1996" HPOS="1086"/>
<SP HEIGHT="63" WIDTH="41" VPOS="1999" HPOS="1344"/>
<String CONTENT="1886-" HEIGHT="51" WIDTH="170" VPOS="2001" HPOS="1386"/>
</TextLine>
<TextLine HEIGHT="68" WIDTH="1930" VPOS="2076" HPOS="241" STYLEREFS="StyleId-53165BD8-DD54-4697-9A65-351A6497C534-">
<String CONTENT="Historical" HEIGHT="53" WIDTH="317" VPOS="2077" HPOS="241"/>
<SP HEIGHT="50" WIDTH="48" VPOS="2079" HPOS="559"/>
<String CONTENT="notes," HEIGHT="63" WIDTH="176" VPOS="2081" HPOS="608"/>
<SP HEIGHT="66" WIDTH="50" VPOS="2078" HPOS="785"/>
<String CONTENT="Clarksville" HEIGHT="56" WIDTH="342" VPOS="2076" HPOS="836"/>
<SP HEIGHT="48" WIDTH="52" VPOS="2081" HPOS="1179"/>
<String CONTENT="1784-1865," HEIGHT="68" WIDTH="329" VPOS="2076" HPOS="1232"/>
<SP HEIGHT="67" WIDTH="51" VPOS="2077" HPOS="1562"/>
<String CONTENT="by" HEIGHT="67" WIDTH="74" VPOS="2077" HPOS="1614"/>
<SP HEIGHT="67" WIDTH="48" VPOS="2077" HPOS="1689"/>
<String CONTENT="Gene" HEIGHT="54" WIDTH="156" VPOS="2077" HPOS="1738"/>
<SP HEIGHT="54" WIDTH="47" VPOS="2077" HPOS="1895"/>
<String CONTENT="Juneau" HEIGHT="54" WIDTH="228" VPOS="2077" HPOS="1943"/>
</TextLine>
<TextLine HEIGHT="67" WIDTH="1997" VPOS="2155" HPOS="171" STYLEREFS="StyleId-53165BD8-DD54-4697-9A65-351A6497C534-">
<String CONTENT="Morrow" HEIGHT="52" WIDTH="248" VPOS="2156" HPOS="171"/>
<SP HEIGHT="33" WIDTH="53" VPOS="2175" HPOS="420"/>
<String CONTENT="..." HEIGHT="8" WIDTH="53" VPOS="2199" HPOS="474"/>
<SP HEIGHT="33" WIDTH="93" VPOS="2188" HPOS="528"/>
<String CONTENT="[Clarksville," HEIGHT="67" WIDTH="380" VPOS="2155" HPOS="622"/>
<SP HEIGHT="66" WIDTH="46" VPOS="2156" HPOS="1003"/>
<String CONTENT="Tenn.," HEIGHT="66" WIDTH="195" VPOS="2156" HPOS="1050"/>
<SP HEIGHT="67" WIDTH="48" VPOS="2155" HPOS="1246"/>
<String CONTENT="Clarksville" HEIGHT="54" WIDTH="345" VPOS="2155" HPOS="1295"/>
<SP HEIGHT="51" WIDTH="47" VPOS="2156" HPOS="1641"/>
<String CONTENT="Leaf-chronicle]" HEIGHT="67" WIDTH="479" VPOS="2155" HPOS="1689"/>
</TextLine>
<TextLine HEIGHT="50" WIDTH="174" VPOS="2237" HPOS="169" STYLEREFS="StyleId-53165BD8-DD54-4697-9A65-351A6497C534-">
<String STYLE="superscript" CONTENT="c" HEIGHT="20" WIDTH="18" VPOS="2241" HPOS="169"/>
<String CONTENT="1934." HEIGHT="50" WIDTH="151" VPOS="2237" HPOS="192"/>
</TextLine>
<TextLine HEIGHT="50" WIDTH="368" VPOS="2307" HPOS="245" CS="1">
<String CONTENT="[30]" HEIGHT="50" WIDTH="83" VPOS="2307" HPOS="245"/>
<SP HEIGHT="39" WIDTH="34" VPOS="2318" HPOS="329"/>
<String CONTENT="p." HEIGHT="37" WIDTH="43" VPOS="2318" HPOS="364"/>
<SP HEIGHT="39" WIDTH="59" VPOS="2307" HPOS="408"/>
<String CS="1" CONTENT="27&#189;" HEIGHT="39" WIDTH="55" VPOS="2307" HPOS="468"/>
<String STYLE="superscript" CONTENT="cm" HEIGHT="20" WIDTH="43" VPOS="2309" HPOS="558"/>
<String CONTENT="." HEIGHT="5" WIDTH="6" VPOS="2341" HPOS="607"/>
</TextLine>
<TextLine HEIGHT="48" WIDTH="1349" VPOS="2364" HPOS="244">
<String CONTENT="&#8220;A" HEIGHT="37" WIDTH="66" VPOS="2366" HPOS="244"/>
<SP HEIGHT="38" WIDTH="30" VPOS="2366" HPOS="311"/>
<String CONTENT="collection" HEIGHT="40" WIDTH="252" VPOS="2364" HPOS="342"/>
<SP HEIGHT="28" WIDTH="30" VPOS="2376" HPOS="595"/>
<String CONTENT="of" HEIGHT="40" WIDTH="50" VPOS="2364" HPOS="626"/>
<SP HEIGHT="39" WIDTH="26" VPOS="2364" HPOS="677"/>
<String CONTENT="newspaper" HEIGHT="38" WIDTH="282" VPOS="2374" HPOS="704"/>
<SP HEIGHT="30" WIDTH="26" VPOS="2374" HPOS="987"/>
<String CONTENT="articles.&#8221;&#8212;Foreword." HEIGHT="42" WIDTH="579" VPOS="2364" HPOS="1014"/>
</TextLine>
<TextLine HEIGHT="49" WIDTH="1476" VPOS="2421" HPOS="245">
<String CONTENT="&#8220;Approved" HEIGHT="48" WIDTH="281" VPOS="2422" HPOS="245"/>
<SP HEIGHT="39" WIDTH="29" VPOS="2422" HPOS="527"/>
<String CONTENT="by" HEIGHT="46" WIDTH="59" VPOS="2422" HPOS="557"/>
<SP HEIGHT="47" WIDTH="30" VPOS="2421" HPOS="617"/>
<String CONTENT="Montgomery" HEIGHT="48" WIDTH="332" VPOS="2421" HPOS="648"/>
<SP HEIGHT="37" WIDTH="26" VPOS="2431" HPOS="981"/>
<String CONTENT="county" HEIGHT="46" WIDTH="177" VPOS="2422" HPOS="1008"/>
<SP HEIGHT="47" WIDTH="24" VPOS="2421" HPOS="1186"/>
<String CONTENT="historical" HEIGHT="41" WIDTH="257" VPOS="2421" HPOS="1211"/>
<SP HEIGHT="40" WIDTH="25" VPOS="2422" HPOS="1469"/>
<String CONTENT="society.&#8221;" HEIGHT="47" WIDTH="226" VPOS="2423" HPOS="1495"/>
</TextLine>
<TextLine HEIGHT="51" WIDTH="1677" VPOS="2477" HPOS="245">
<String CONTENT="&#8220;An" HEIGHT="39" WIDTH="99" VPOS="2480" HPOS="245"/>
<SP HEIGHT="28" WIDTH="30" VPOS="2491" HPOS="345"/>
<String CONTENT="official" HEIGHT="40" WIDTH="173" VPOS="2479" HPOS="376"/>
<SP HEIGHT="47" WIDTH="27" VPOS="2480" HPOS="550"/>
<String CONTENT="publication" HEIGHT="49" WIDTH="300" VPOS="2478" HPOS="578"/>
<SP HEIGHT="29" WIDTH="29" VPOS="2489" HPOS="879"/>
<String CONTENT="of" HEIGHT="40" WIDTH="50" VPOS="2478" HPOS="909"/>
<SP HEIGHT="40" WIDTH="29" VPOS="2478" HPOS="960"/>
<String CONTENT="the" HEIGHT="39" WIDTH="79" VPOS="2479" HPOS="990"/>
<SP HEIGHT="41" WIDTH="31" VPOS="2477" HPOS="1070"/>
<String CONTENT="Clarksville" HEIGHT="43" WIDTH="289" VPOS="2477" HPOS="1102"/>
<SP HEIGHT="29" WIDTH="28" VPOS="2491" HPOS="1392"/>
<String CONTENT="sesqui-centennial.&#8221;" HEIGHT="47" WIDTH="501" VPOS="2481" HPOS="1421"/>
</TextLine>
<TextLine HEIGHT="108" WIDTH="1981" VPOS="2548" HPOS="175" CS="1">
<String CONTENT="&#169;" HEIGHT="51" WIDTH="50" VPOS="2549" HPOS="175"/>
<SP HEIGHT="51" WIDTH="34" VPOS="2549" HPOS="226"/>
<String CONTENT="June" HEIGHT="39" WIDTH="126" VPOS="2553" HPOS="261"/>
<SP HEIGHT="40" WIDTH="33" VPOS="2552" HPOS="388"/>
<String CONTENT="6," HEIGHT="48" WIDTH="38" VPOS="2552" HPOS="422"/>
<SP HEIGHT="47" WIDTH="35" VPOS="2553" HPOS="461"/>
<String CONTENT="1934;" HEIGHT="46" WIDTH="139" VPOS="2551" HPOS="497"/>
<SP HEIGHT="43" WIDTH="35" VPOS="2554" HPOS="637"/>
<String CONTENT="2c." HEIGHT="36" WIDTH="65" VPOS="2554" HPOS="673"/>
<SP HEIGHT="29" WIDTH="36" VPOS="2560" HPOS="739"/>
<String CONTENT="and" HEIGHT="38" WIDTH="94" VPOS="2551" HPOS="776"/>
<SP HEIGHT="37" WIDTH="33" VPOS="2551" HPOS="871"/>
<String CONTENT="aff." HEIGHT="40" WIDTH="79" VPOS="2548" HPOS="905"/>
<SP HEIGHT="38" WIDTH="36" VPOS="2550" HPOS="985"/>
<String CONTENT="Aug." HEIGHT="46" WIDTH="118" VPOS="2550" HPOS="1022"/>
<SP HEIGHT="39" WIDTH="34" VPOS="2550" HPOS="1141"/>
<String CONTENT="6;" HEIGHT="47" WIDTH="52" VPOS="2550" HPOS="1176"/>
<SP HEIGHT="46" WIDTH="37" VPOS="2551" HPOS="1229"/>
<!-- cceid C522CC49-6C64-1014-8713-889FF4349C01 --><String CONTENT="A" HEIGHT="37" WIDTH="38" VPOS="2551" HPOS="1267"/>
<SP HEIGHT="39" WIDTH="34" VPOS="2551" HPOS="1306"/>
<String CONTENT="73726;" HEIGHT="49" WIDTH="169" VPOS="2550" HPOS="1341"/>
<SP HEIGHT="47" WIDTH="39" VPOS="2552" HPOS="1511"/>
<String CONTENT="G." HEIGHT="40" WIDTH="52" VPOS="2552" HPOS="1551"/>
<SP HEIGHT="39" WIDTH="35" VPOS="2553" HPOS="1604"/>
<String CONTENT="J." HEIGHT="40" WIDTH="42" VPOS="2553" HPOS="1640"/>
<SP HEIGHT="38" WIDTH="37" VPOS="2555" HPOS="1683"/>
<String CONTENT="Morrow," HEIGHT="46" WIDTH="222" VPOS="2555" HPOS="1721"/>
<SP HEIGHT="46" WIDTH="38" VPOS="2555" HPOS="1944"/>
<String CONTENT="Clarksville," HEIGHT="101" WIDTH="1913" VPOS="2555" HPOS="243"/>
<SP HEIGHT="46" WIDTH="32" VPOS="2610" HPOS="369"/>
<String CONTENT="Tenn." HEIGHT="38" WIDTH="146" VPOS="2610" HPOS="402"/>
<SP HEIGHT="47" WIDTH="71" VPOS="2607" HPOS="549"/>
<String CONTENT="(34-30027)" HEIGHT="48" WIDTH="279" VPOS="2606" HPOS="621"/>
</TextLine>
<TextLine HEIGHT="66" WIDTH="471" VPOS="2712" HPOS="172" STYLEREFS="StyleId-44D517B4-B85B-4F97-8727-0CB82223EC88-">
<String CONTENT="Myers," HEIGHT="64" WIDTH="214" VPOS="2714" HPOS="172"/>
<SP HEIGHT="64" WIDTH="34" VPOS="2714" HPOS="387"/>
<String CONTENT="Elaine." HEIGHT="55" WIDTH="221" VPOS="2712" HPOS="422"/>
</TextLine>
<TextLine HEIGHT="72" WIDTH="1932" VPOS="2787" HPOS="243" STYLEREFS="StyleId-53165BD8-DD54-4697-9A65-351A6497C534-" CS="1">
<String CONTENT="Loaves" HEIGHT="52" WIDTH="217" VPOS="2792" HPOS="243"/>
<SP HEIGHT="35" WIDTH="47" VPOS="2808" HPOS="461"/>
<String CONTENT="and" HEIGHT="52" WIDTH="112" VPOS="2790" HPOS="509"/>
<SP HEIGHT="54" WIDTH="46" VPOS="2787" HPOS="622"/>
<String CONTENT="fishes," HEIGHT="68" WIDTH="185" VPOS="2787" HPOS="669"/>
<SP HEIGHT="67" WIDTH="45" VPOS="2788" HPOS="855"/>
<String CONTENT="by" HEIGHT="68" WIDTH="74" VPOS="2788" HPOS="901"/>
<SP HEIGHT="67" WIDTH="47" VPOS="2789" HPOS="976"/>
<String CONTENT="Elaine" HEIGHT="55" WIDTH="205" VPOS="2789" HPOS="1024"/>
<SP HEIGHT="55" WIDTH="45" VPOS="2789" HPOS="1230"/>
<String CONTENT="Myers." HEIGHT="69" WIDTH="209" VPOS="2789" HPOS="1276"/>
<SP HEIGHT="51" WIDTH="83" VPOS="2791" HPOS="1486"/>
<String CONTENT="New" HEIGHT="53" WIDTH="139" VPOS="2791" HPOS="1570"/>
<SP HEIGHT="52" WIDTH="52" VPOS="2792" HPOS="1710"/>
<String CONTENT="York," HEIGHT="67" WIDTH="174" VPOS="2792" HPOS="1763"/>
<SP HEIGHT="63" WIDTH="48" VPOS="2796" HPOS="1938"/>
<String CONTENT="R." HEIGHT="49" WIDTH="66" VPOS="2796" HPOS="1987"/>
<SP HEIGHT="50" WIDTH="49" VPOS="2795" HPOS="2054"/>
<String CONTENT="D." HEIGHT="50" WIDTH="71" VPOS="2795" HPOS="2104"/>
</TextLine>
<TextLine HEIGHT="66" WIDTH="455" VPOS="2869" HPOS="175" STYLEREFS="StyleId-53165BD8-DD54-4697-9A65-351A6497C534-">
<String LANG="de" CONTENT="Henkle" HEIGHT="52" WIDTH="224" VPOS="2869" HPOS="175"/>
<SP HEIGHT="47" WIDTH="36" VPOS="2888" HPOS="400"/>
<String LANG="en-US" CONTENT="[" HEIGHT="34" WIDTH="13" VPOS="2901" HPOS="437"/>
<String STYLE="superscript" LANG="en-US" CONTENT="c" HEIGHT="20" WIDTH="17" VPOS="2874" HPOS="455"/>
<String LANG="en-US" CONTENT="1934]" HEIGHT="64" WIDTH="153" VPOS="2869" HPOS="477"/>
</TextLine>
<TextLine HEIGHT="52" WIDTH="470" VPOS="2938" HPOS="243" CS="1">
<String CONTENT="345" HEIGHT="41" WIDTH="85" VPOS="2941" HPOS="243"/>
<SP HEIGHT="47" WIDTH="30" VPOS="2943" HPOS="329"/>
<String CONTENT="p.," HEIGHT="38" WIDTH="58" VPOS="2952" HPOS="360"/>
<SP HEIGHT="47" WIDTH="29" VPOS="2942" HPOS="419"/>
<String CONTENT="1" HEIGHT="38" WIDTH="24" VPOS="2942" HPOS="449"/>
<SP HEIGHT="40" WIDTH="31" VPOS="2940" HPOS="474"/>
<String CS="1" CONTENT="l." HEIGHT="8" WIDTH="8" VPOS="2971" HPOS="528"/>
<SP HEIGHT="41" WIDTH="58" VPOS="2938" HPOS="537"/>
<String CONTENT="20" HEIGHT="41" WIDTH="56" VPOS="2938" HPOS="596"/>
<String STYLE="superscript" CONTENT="cm" HEIGHT="21" WIDTH="42" VPOS="2941" HPOS="657"/>
<String CONTENT="." HEIGHT="8" WIDTH="9" VPOS="2971" HPOS="704"/>
</TextLine>
<TextLine HEIGHT="51" WIDTH="1829" VPOS="3010" HPOS="177" CS="1">
<String LANG="en-US" CONTENT="&#169;" HEIGHT="51" WIDTH="50" VPOS="3010" HPOS="177"/>
<SP HEIGHT="51" WIDTH="33" VPOS="3010" HPOS="228"/>
<String LANG="en-US" CONTENT="Sept." HEIGHT="47" WIDTH="125" VPOS="3014" HPOS="262"/>
<SP HEIGHT="37" WIDTH="31" VPOS="3015" HPOS="388"/>
<String LANG="en-US" CONTENT="18," HEIGHT="48" WIDTH="68" VPOS="3012" HPOS="420"/>
<SP HEIGHT="47" WIDTH="30" VPOS="3013" HPOS="489"/>
<String LANG="en-US" CONTENT="1934;" HEIGHT="42" WIDTH="140" VPOS="3010" HPOS="520"/>
<SP HEIGHT="42" WIDTH="31" VPOS="3010" HPOS="661"/>
<String LANG="en-US" CS="1" CONTENT="2c." HEIGHT="38" WIDTH="64" VPOS="3010" HPOS="693"/>
<SP HEIGHT="28" WIDTH="32" VPOS="3021" HPOS="758"/>
<String LANG="en-US" CONTENT="and" HEIGHT="37" WIDTH="94" VPOS="3012" HPOS="791"/>
<SP HEIGHT="37" WIDTH="29" VPOS="3012" HPOS="886"/>
<String LANG="en-US" CONTENT="aff." HEIGHT="39" WIDTH="80" VPOS="3010" HPOS="916"/>
<SP HEIGHT="39" WIDTH="34" VPOS="3011" HPOS="997"/>
<String LANG="en-US" CONTENT="Sept." HEIGHT="46" WIDTH="126" VPOS="3011" HPOS="1032"/>
<SP HEIGHT="39" WIDTH="29" VPOS="3011" HPOS="1159"/>
<String LANG="en-US" CS="1" CONTENT="20;" HEIGHT="38" WIDTH="54" VPOS="3011" HPOS="1189"/>
<SP HEIGHT="45" WIDTH="34" VPOS="3013" HPOS="1270"/>
<!-- cceid C52317C7-6C64-1014-8713-889FF4349C01 --><String LANG="en-US" CONTENT="A" HEIGHT="37" WIDTH="39" VPOS="3013" HPOS="1305"/>
<SP HEIGHT="39" WIDTH="32" VPOS="3013" HPOS="1345"/>
<String LANG="en-US" CONTENT="75390;" HEIGHT="48" WIDTH="168" VPOS="3012" HPOS="1378"/>
<SP HEIGHT="45" WIDTH="33" VPOS="3015" HPOS="1547"/>
<String LANG="de" CONTENT="Rae" HEIGHT="39" WIDTH="102" VPOS="3015" HPOS="1581"/>
<SP HEIGHT="37" WIDTH="30" VPOS="3017" HPOS="1684"/>
<String LANG="de" CS="1" CONTENT="D"/>
<String LANG="en-US" CONTENT="." HEIGHT="7" WIDTH="6" VPOS="3047" HPOS="1764"/>
<SP HEIGHT="39" WIDTH="31" VPOS="3016" HPOS="1771"/>
<String LANG="de" CONTENT="Henkle." HEIGHT="40" WIDTH="203" VPOS="3016" HPOS="1803"/>
</TextLine>
<TextLine HEIGHT="50" WIDTH="279" VPOS="3069" HPOS="255">
<String CONTENT="(34-30248)" HEIGHT="50" WIDTH="279" VPOS="3069" HPOS="255"/>
</TextLine>
<TextLine HEIGHT="70" WIDTH="1270" VPOS="3168" HPOS="169" STYLEREFS="StyleId-7E5EC12E-8058-4F0E-A1B7-17FF32FBBBFE-" CS="1">
<String CONTENT="New" HEIGHT="53" WIDTH="143" VPOS="3173" HPOS="169"/>
<SP HEIGHT="53" WIDTH="28" VPOS="3173" HPOS="313"/>
<String CONTENT="York" HEIGHT="53" WIDTH="162" VPOS="3172" HPOS="342"/>
<SP HEIGHT="67" WIDTH="32" VPOS="3171" HPOS="505"/>
<String CS="1" CONTENT="(State)" HEIGHT="66" WIDTH="191" VPOS="3170" HPOS="565"/>
<SP HEIGHT="68" WIDTH="83" VPOS="3168" HPOS="757"/>
<String CONTENT="Laws," HEIGHT="68" WIDTH="183" VPOS="3168" HPOS="841"/>
<SP HEIGHT="47" WIDTH="28" VPOS="3189" HPOS="1025"/>
<String CONTENT="statutes," HEIGHT="62" WIDTH="255" VPOS="3176" HPOS="1054"/>
<SP HEIGHT="48" WIDTH="29" VPOS="3190" HPOS="1310"/>
<String CONTENT="etc." HEIGHT="46" WIDTH="99" VPOS="3178" HPOS="1340"/>
</TextLine>
<TextLine HEIGHT="73" WIDTH="1930" VPOS="3245" HPOS="249" STYLEREFS="StyleId-53165BD8-DD54-4697-9A65-351A6497C534-">
<String CONTENT="..." HEIGHT="9" WIDTH="56" VPOS="3292" HPOS="249"/>
<SP HEIGHT="51" WIDTH="45" VPOS="3250" HPOS="306"/>
<String CONTENT="Penal" HEIGHT="52" WIDTH="179" VPOS="3249" HPOS="352"/>
<SP HEIGHT="52" WIDTH="38" VPOS="3247" HPOS="532"/>
<String CONTENT="law" HEIGHT="51" WIDTH="110" VPOS="3247" HPOS="571"/>
<SP HEIGHT="34" WIDTH="40" VPOS="3264" HPOS="682"/>
<String CONTENT="and" HEIGHT="52" WIDTH="112" VPOS="3246" HPOS="723"/>
<SP HEIGHT="52" WIDTH="41" VPOS="3246" HPOS="836"/>
<String CONTENT="the" HEIGHT="53" WIDTH="98" VPOS="3245" HPOS="878"/>
<SP HEIGHT="54" WIDTH="39" VPOS="3245" HPOS="977"/>
<String CONTENT="Code" HEIGHT="54" WIDTH="153" VPOS="3245" HPOS="1017"/>
<SP HEIGHT="34" WIDTH="38" VPOS="3265" HPOS="1171"/>
<String CONTENT="of" HEIGHT="53" WIDTH="65" VPOS="3246" HPOS="1210"/>
<SP HEIGHT="54" WIDTH="38" VPOS="3246" HPOS="1276"/>
<String CONTENT="criminal" HEIGHT="54" WIDTH="264" VPOS="3247" HPOS="1315"/>
<SP HEIGHT="68" WIDTH="42" VPOS="3250" HPOS="1580"/>
<String CONTENT="procedure" HEIGHT="67" WIDTH="312" VPOS="3251" HPOS="1623"/>
<SP HEIGHT="35" WIDTH="41" VPOS="3271" HPOS="1936"/>
<String CONTENT="of" HEIGHT="53" WIDTH="63" VPOS="3253" HPOS="1978"/>
<SP HEIGHT="53" WIDTH="40" VPOS="3253" HPOS="2042"/>
<String CONTENT="the" HEIGHT="51" WIDTH="96" VPOS="3255" HPOS="2083"/>
</TextLine>
<TextLine HEIGHT="136" WIDTH="1977" VPOS="3322" HPOS="175" STYLEREFS="StyleId-53165BD8-DD54-4697-9A65-351A6497C534-" CS="1">
<String CONTENT="state" HEIGHT="47" WIDTH="142" VPOS="3332" HPOS="175"/>
<SP HEIGHT="34" WIDTH="33" VPOS="3345" HPOS="318"/>
<String CONTENT="of" HEIGHT="53" WIDTH="64" VPOS="3326" HPOS="352"/>
<SP HEIGHT="52" WIDTH="32" VPOS="3326" HPOS="417"/>
<String CONTENT="New" HEIGHT="52" WIDTH="138" VPOS="3326" HPOS="450"/>
<SP HEIGHT="53" WIDTH="35" VPOS="3324" HPOS="589"/>
<String CONTENT="York," HEIGHT="69" WIDTH="181" VPOS="3322" HPOS="625"/>
<SP HEIGHT="49" WIDTH="34" VPOS="3342" HPOS="807"/>
<String CONTENT="with" HEIGHT="53" WIDTH="139" VPOS="3322" HPOS="842"/>
<SP HEIGHT="51" WIDTH="36" VPOS="3324" HPOS="982"/>
<String CONTENT="amendments" HEIGHT="53" WIDTH="387" VPOS="3325" HPOS="1019"/>
<SP HEIGHT="49" WIDTH="33" VPOS="3345" HPOS="1407"/>
<String CONTENT="passed" HEIGHT="66" WIDTH="203" VPOS="3328" HPOS="1441"/>
<SP HEIGHT="52" WIDTH="35" VPOS="3328" HPOS="1645"/>
<String CONTENT="by" HEIGHT="68" WIDTH="74" VPOS="3328" HPOS="1681"/>
<SP HEIGHT="62" WIDTH="33" VPOS="3334" HPOS="1756"/>
<String CONTENT="the" HEIGHT="53" WIDTH="98" VPOS="3329" HPOS="1790"/>
<SP HEIGHT="52" WIDTH="32" VPOS="3330" HPOS="1889"/>
<String CONTENT="Legislature" HEIGHT="128" WIDTH="1976" VPOS="3330" HPOS="176"/>
<SP HEIGHT="48" WIDTH="37" VPOS="3410" HPOS="300"/>
<String CONTENT="to" HEIGHT="47" WIDTH="57" VPOS="3410" HPOS="338"/>
</TextLine>
<TextLine HEIGHT="68" WIDTH="1739" VPOS="3400" HPOS="437" STYLEREFS="StyleId-53165BD8-DD54-4697-9A65-351A6497C534-">
<String CONTENT="the" HEIGHT="51" WIDTH="97" VPOS="3405" HPOS="437"/>
<SP HEIGHT="35" WIDTH="38" VPOS="3421" HPOS="535"/>
<String CONTENT="end" HEIGHT="52" WIDTH="108" VPOS="3403" HPOS="574"/>
<SP HEIGHT="52" WIDTH="38" VPOS="3403" HPOS="683"/>
<String CONTENT="of" HEIGHT="53" WIDTH="65" VPOS="3400" HPOS="722"/>
<SP HEIGHT="53" WIDTH="37" VPOS="3400" HPOS="788"/>
<String CONTENT="the" HEIGHT="52" WIDTH="95" VPOS="3401" HPOS="826"/>
<SP HEIGHT="34" WIDTH="39" VPOS="3419" HPOS="922"/>
<String CONTENT="regular" HEIGHT="67" WIDTH="228" VPOS="3401" HPOS="962"/>
<SP HEIGHT="34" WIDTH="37" VPOS="3421" HPOS="1191"/>
<String CONTENT="session" HEIGHT="52" WIDTH="211" VPOS="3403" HPOS="1229"/>
<SP HEIGHT="34" WIDTH="43" VPOS="3422" HPOS="1441"/>
<String CONTENT="of" HEIGHT="52" WIDTH="64" VPOS="3404" HPOS="1485"/>
<SP HEIGHT="52" WIDTH="42" VPOS="3404" HPOS="1550"/>
<String CONTENT="1934" HEIGHT="51" WIDTH="136" VPOS="3407" HPOS="1593"/>
<SP HEIGHT="50" WIDTH="44" VPOS="3409" HPOS="1730"/>
<String CONTENT="..." HEIGHT="10" WIDTH="55" VPOS="3449" HPOS="1775"/>
<SP HEIGHT="48" WIDTH="81" VPOS="3411" HPOS="1831"/>
<String CONTENT="26th" HEIGHT="52" WIDTH="134" VPOS="3409" HPOS="1913"/>
<SP HEIGHT="53" WIDTH="44" VPOS="3409" HPOS="2048"/>
<String CONTENT="ed." HEIGHT="52" WIDTH="83" VPOS="3410" HPOS="2093"/>
</TextLine>
<TextLine HEIGHT="153" WIDTH="1977" VPOS="3478" HPOS="177" STYLEREFS="StyleId-53165BD8-DD54-4697-9A65-351A6497C534-" CS="1">
<String CONTENT="By" HEIGHT="67" WIDTH="87" VPOS="3485" HPOS="179"/>
<SP HEIGHT="68" WIDTH="25" VPOS="3484" HPOS="267"/>
<String CONTENT="Joseph" HEIGHT="69" WIDTH="216" VPOS="3482" HPOS="293"/>
<SP HEIGHT="53" WIDTH="24" VPOS="3481" HPOS="510"/>
<String CONTENT="R." HEIGHT="52" WIDTH="68" VPOS="3481" HPOS="535"/>
<SP HEIGHT="54" WIDTH="28" VPOS="3480" HPOS="604"/>
<String CONTENT="Clevenger" HEIGHT="68" WIDTH="314" VPOS="3480" HPOS="633"/>
<SP HEIGHT="32" WIDTH="29" VPOS="3498" HPOS="948"/>
<String CONTENT="..." HEIGHT="9" WIDTH="56" VPOS="3521" HPOS="978"/>
<SP HEIGHT="52" WIDTH="64" VPOS="3478" HPOS="1035"/>
<String CONTENT="Albany," HEIGHT="70" WIDTH="249" VPOS="3478" HPOS="1100"/>
<SP HEIGHT="66" WIDTH="26" VPOS="3481" HPOS="1350"/>
<String CONTENT="N." HEIGHT="52" WIDTH="70" VPOS="3481" HPOS="1377"/>
<SP HEIGHT="52" WIDTH="26" VPOS="3482" HPOS="1448"/>
<String CONTENT="Y.," HEIGHT="69" WIDTH="92" VPOS="3482" HPOS="1475"/>
<SP HEIGHT="68" WIDTH="24" VPOS="3483" HPOS="1568"/>
<String CONTENT="M." HEIGHT="54" WIDTH="80" VPOS="3483" HPOS="1593"/>
<SP HEIGHT="53" WIDTH="29" VPOS="3484" HPOS="1674"/>
<String CONTENT="Bender" HEIGHT="53" WIDTH="227" VPOS="3484" HPOS="1704"/>
<SP HEIGHT="51" WIDTH="26" VPOS="3486" HPOS="1932"/>
<String CONTENT="&amp;" HEIGHT="50" WIDTH="44" VPOS="3486" HPOS="1959"/>
<SP HEIGHT="53" WIDTH="26" VPOS="3486" HPOS="2004"/>
<String CONTENT="company," HEIGHT="127" WIDTH="1977" VPOS="3504" HPOS="177"/>
</TextLine>
<TextLine HEIGHT="70" WIDTH="602" VPOS="3557" HPOS="375" STYLEREFS="StyleId-53165BD8-DD54-4697-9A65-351A6497C534-">
<String CONTENT="incorporated," HEIGHT="70" WIDTH="419" VPOS="3557" HPOS="375"/>
<SP HEIGHT="64" WIDTH="30" VPOS="3560" HPOS="795"/>
<String CONTENT="1934." HEIGHT="50" WIDTH="151" VPOS="3559" HPOS="826"/>
</TextLine>
<TextLine HEIGHT="58" WIDTH="1929" VPOS="3628" HPOS="249" CS="1">
<String CONTENT="1" HEIGHT="37" WIDTH="24" VPOS="3637" HPOS="249"/>
<SP HEIGHT="45" WIDTH="27" VPOS="3637" HPOS="274"/>
<String CONTENT="p." HEIGHT="37" WIDTH="43" VPOS="3645" HPOS="302"/>
<SP/>
<String CS="1" CONTENT="l.,"/>
<SP/>
<String CONTENT="v-lxi" HEIGHT="39" WIDTH="128" VPOS="3632" HPOS="451"/>
<SP HEIGHT="46" WIDTH="28" VPOS="3632" HPOS="580"/>
<String CONTENT="p.," HEIGHT="38" WIDTH="57" VPOS="3640" HPOS="609"/>
<SP HEIGHT="45" WIDTH="31" VPOS="3630" HPOS="667"/>
<String CONTENT="1" HEIGHT="37" WIDTH="24" VPOS="3630" HPOS="699"/>
<SP/>
<String CS="1" CONTENT="l.,"/>
<SP/>
<String CONTENT="540" HEIGHT="41" WIDTH="85" VPOS="3628" HPOS="825"/>
<SP HEIGHT="49" WIDTH="28" VPOS="3628" HPOS="911"/>
<String CONTENT="(i." HEIGHT="48" WIDTH="51" VPOS="3629" HPOS="940"/>
<SP HEIGHT="28" WIDTH="32" VPOS="3641" HPOS="992"/>
<String CONTENT="e." HEIGHT="28" WIDTH="36" VPOS="3641" HPOS="1025"/>
<SP HEIGHT="40" WIDTH="31" VPOS="3628" HPOS="1062"/>
<String CONTENT="600)" HEIGHT="49" WIDTH="107" VPOS="3628" HPOS="1094"/>
<SP HEIGHT="46" WIDTH="39" VPOS="3631" HPOS="1202"/>
<String CONTENT="p.," HEIGHT="36" WIDTH="57" VPOS="3640" HPOS="1242"/>
<SP HEIGHT="39" WIDTH="32" VPOS="3632" HPOS="1300"/>
<String CONTENT="1" HEIGHT="35" WIDTH="16" VPOS="3632" HPOS="1333"/>
<SP/>
<String CS="1" CONTENT="l.,"/>
<SP/>
<String CONTENT="v-xlviii," HEIGHT="47" WIDTH="214" VPOS="3632" HPOS="1466"/>
<SP HEIGHT="46" WIDTH="32" VPOS="3633" HPOS="1681"/>
<String CONTENT="755" HEIGHT="40" WIDTH="84" VPOS="3633" HPOS="1714"/>
<SP HEIGHT="48" WIDTH="29" VPOS="3633" HPOS="1799"/>
<String CONTENT="(i." HEIGHT="47" WIDTH="53" VPOS="3634" HPOS="1829"/>
<SP HEIGHT="29" WIDTH="31" VPOS="3647" HPOS="1883"/>
<String CONTENT="e." HEIGHT="29" WIDTH="38" VPOS="3647" HPOS="1915"/>
<SP HEIGHT="40" WIDTH="30" VPOS="3636" HPOS="1954"/>
<String CONTENT="604)" HEIGHT="50" WIDTH="108" VPOS="3636" HPOS="1985"/>
<SP HEIGHT="47" WIDTH="39" VPOS="3639" HPOS="2094"/>
<String CONTENT="p." HEIGHT="38" WIDTH="44" VPOS="3648" HPOS="2134"/>
</TextLine>
<TextLine HEIGHT="40" WIDTH="146" VPOS="3690" HPOS="177" CS="1">
<String CS="1" CONTENT="23&#189;" HEIGHT="40" WIDTH="58" VPOS="3690" HPOS="177"/>
<String STYLE="superscript" CONTENT="cm" HEIGHT="21" WIDTH="43" VPOS="3694" HPOS="266"/>
<String CONTENT="." HEIGHT="7" WIDTH="8" VPOS="3723" HPOS="315"/>
</TextLine>
<TextLine HEIGHT="46" WIDTH="940" VPOS="3743" HPOS="246">
<String CONTENT="At" HEIGHT="40" WIDTH="63" VPOS="3749" HPOS="246"/>
<SP HEIGHT="39" WIDTH="24" VPOS="3750" HPOS="310"/>
<String CONTENT="head" HEIGHT="39" WIDTH="125" VPOS="3749" HPOS="335"/>
<SP HEIGHT="38" WIDTH="25" VPOS="3749" HPOS="461"/>
<String CONTENT="of" HEIGHT="40" WIDTH="52" VPOS="3746" HPOS="487"/>
<SP HEIGHT="40" WIDTH="25" VPOS="3746" HPOS="540"/>
<String CONTENT="title:" HEIGHT="41" WIDTH="133" VPOS="3745" HPOS="566"/>
<SP HEIGHT="39" WIDTH="33" VPOS="3744" HPOS="700"/>
<String CONTENT="Bender's" HEIGHT="40" WIDTH="229" VPOS="3743" HPOS="734"/>
<SP HEIGHT="28" WIDTH="28" VPOS="3754" HPOS="964"/>
<String CONTENT="edition." HEIGHT="39" WIDTH="193" VPOS="3744" HPOS="993"/>
</TextLine>
<TextLine HEIGHT="52" WIDTH="466" VPOS="3801" HPOS="249">
<String CONTENT="Irregular" HEIGHT="48" WIDTH="247" VPOS="3805" HPOS="249"/>
<SP HEIGHT="38" WIDTH="27" VPOS="3813" HPOS="497"/>
<String CONTENT="paging." HEIGHT="50" WIDTH="190" VPOS="3801" HPOS="525"/>
</TextLine>
<TextLine HEIGHT="57" WIDTH="1995" VPOS="3872" HPOS="183">
<String CONTENT="&#169;" HEIGHT="51" WIDTH="49" VPOS="3875" HPOS="183"/>
<SP HEIGHT="51" WIDTH="32" VPOS="3875" HPOS="233"/>
<String CONTENT="Sept." HEIGHT="47" WIDTH="126" VPOS="3879" HPOS="266"/>
<SP HEIGHT="39" WIDTH="30" VPOS="3878" HPOS="393"/>
<String CONTENT="8," HEIGHT="44" WIDTH="37" VPOS="3878" HPOS="424"/>
<SP HEIGHT="45" WIDTH="28" VPOS="3877" HPOS="462"/>
<String CONTENT="1934;" HEIGHT="47" WIDTH="139" VPOS="3874" HPOS="491"/>
<SP HEIGHT="49" WIDTH="30" VPOS="3872" HPOS="631"/>
<String CONTENT="2c." HEIGHT="41" WIDTH="65" VPOS="3872" HPOS="662"/>
<SP HEIGHT="28" WIDTH="29" VPOS="3884" HPOS="728"/>
<String CONTENT="and" HEIGHT="39" WIDTH="93" VPOS="3873" HPOS="758"/>
<SP HEIGHT="39" WIDTH="30" VPOS="3873" HPOS="852"/>
<String CONTENT="aff." HEIGHT="39" WIDTH="79" VPOS="3872" HPOS="883"/>
<SP HEIGHT="38" WIDTH="36" VPOS="3873" HPOS="963"/>
<String CONTENT="Sept." HEIGHT="47" WIDTH="125" VPOS="3873" HPOS="1000"/>
<SP HEIGHT="38" WIDTH="29" VPOS="3873" HPOS="1126"/>
<String CONTENT="10:" HEIGHT="40" WIDTH="79" VPOS="3873" HPOS="1156"/>
<SP HEIGHT="39" WIDTH="32" VPOS="3874" HPOS="1236"/>
<!-- cceid C52362A6-6C64-1014-8713-889FF4349C01 --><String CONTENT="A" HEIGHT="38" WIDTH="39" VPOS="3874" HPOS="1269"/>
<SP HEIGHT="39" WIDTH="28" VPOS="3874" HPOS="1309"/>
<String CONTENT="74865;" HEIGHT="47" WIDTH="169" VPOS="3874" HPOS="1338"/>
<SP HEIGHT="44" WIDTH="33" VPOS="3877" HPOS="1508"/>
<String CONTENT="Matthew" HEIGHT="39" WIDTH="236" VPOS="3877" HPOS="1542"/>
<SP HEIGHT="38" WIDTH="29" VPOS="3879" HPOS="1779"/>
<String CONTENT="Bender" HEIGHT="39" WIDTH="191" VPOS="3879" HPOS="1809"/>
<SP HEIGHT="40" WIDTH="29" VPOS="3881" HPOS="2001"/>
<String CONTENT="&amp;" HEIGHT="40" WIDTH="36" VPOS="3881" HPOS="2031"/>
<SP HEIGHT="40" WIDTH="27" VPOS="3881" HPOS="2068"/>
<String CONTENT="co.," HEIGHT="37" WIDTH="82" VPOS="3892" HPOS="2096"/>
</TextLine>
<TextLine HEIGHT="49" WIDTH="438" VPOS="3930" HPOS="250">
<String CONTENT="inc." HEIGHT="39" WIDTH="88" VPOS="3936" HPOS="250"/>
<SP HEIGHT="45" WIDTH="70" VPOS="3934" HPOS="339"/>
<String CONTENT="(34-29859)" HEIGHT="49" WIDTH="278" VPOS="3930" HPOS="410"/>
</TextLine>
</TextBlock>
</PrintSpace>
</Page>
</Layout>
</alto>