2350 4196
1113 4005 131 53 1753

168 372 336 64 Lockwood,
535 371 244 53 Francis
808 369 322 64 Cummins,
1164 373 168 50 1864-

239 448 172 68 Story
456 450 63 51 of
562 451 94 50 the
704 449 245 66 Spanish
1000 447 258 52 missions
1303 445 63 52 of
1410 446 93 51 the
1547 445 212 52 middle
1807 444 349 64 Southwest;

170 528 166 66 being
379 547 31 32 a
452 528 275 66 complete
769 544 204 48 survey
1015 525 63 52 of
1120 525 92 51 the
1255 524 260 52 missions
1559 522 255 53 founded
1854 521 73 66 by
1973 521 187 52 Padre

166 604 244 54 Eusebio
448 607 304 50 Francisco
791 605 154 51 Kino
981 604 58 52 in
1073 604 94 50 the
1202 602 360 52 seventeenth
1599 607 233 60 century
1869 600 111 52 and
2017 601 143 50 later

165 683 269 68 enlarged
469 686 110 51 and
614 684 302 51 beautified
949 683 74 66 by
1057 682 94 51 the
1188 679 344 54 Franciscan
1568 677 219 53 fathers
1821 677 211 66 during
2067 677 93 51 the

168 756 1931 72 last part of the eighteenth century, by Frank C. Lockwood …
168 839 177 54 Santa
372 840 146 56 Ana,
546 838 194 67 Calif.,
766 839 119 52 The
911 837 144 53 Fine
1080 844 115 45 arts
1224 853 172 50 press,
1426 840 148 48 1934.

240 914 26 36 4
296 924 41 35 p.
403 944 8 12 l.,
440 913 61 40 vi,
533 911 54 39 78
621 923 39 35 p.
724 923 97 27 xxx
852 922 59 36 pl.
944 921 57 27 on
1032 909 55 38 16
1137 941 6 7 l.
1175 908 130 45 (incl.
1338 907 174 42 front.)
1549 907 173 40 double.
1753 916 122 36 map.
1937 905 55 39 25
1995 908 15 20 cm
2046 939 6 7 .

170 962 1993 56 © Dec. 5. 1934; 2c. Dec. 11; aff. Dec. 12; A 78667; Thomas E. Williams,
242 1027 146 39 Santa
423 1027 116 40 Ana.
572 1026 141 39 Calif.
788 1025 219 48 (35-246)

168 1116 386 64 Macdougall,
583 1116 232 53 Arthur
844 1117 325 62 Raymond,
1202 1120 168 48 1896-

240 1193 135 51 Dud
411 1193 161 51 Dean
607 1210 189 48 yarns,
830 1194 72 64 by
941 1192 223 52 Arthur
1195 1193 69 51 R.
1302 1192 383 65 Macdougall,
1718 1191 71 65 jr.
1862 1191 306 65 Bingham,

167 1271 129 56 Me.,
326 1271 122 52 The
477 1270 290 66 Bingham
799 1287 172 49 press,
1006 1272 149 50 1934.

241 1341 536 50 5 p. l., 181 p. 21 cm .
242 1400 161 39 “First
440 1399 227 41 edition.”

175 1452 50 52 ©
254 1457 109 38 Dec.
392 1457 37 42 3,
460 1456 138 41 1934;
627 1459 65 36 2c.
726 1457 106 37 Dec.
863 1456 51 39 6;
946 1467 79 26 aff.
1055 1455 110 37 Dec.
1195 1456 80 38 14;
1307 1454 39 38 A
1376 1452 168 43 77895;
1576 1454 51 38 A.
1660 1453 52 39 R.
1744 1452 320 48 Macdougall,
2094 1453 74 47 jr.,

287 1514 208 46 Bingham,
535 1514 85 37 Me.
694 1512 220 47 (35-184)

179 1601 320 67 MacElree,
528 1601 240 55 Wilmer
796 1604 105 61 W.,
934 1607 169 48 1859-

247 1681 240 52 Around
528 1682 93 50 the
662 1680 340 52 boundaries
1040 1679 63 55 of
1146 1679 233 54 Chester
1420 1686 226 61 county,
1688 1680 71 66 by
1799 1681 239 52 Wilmer
2083 1682 85 51 W.

177 1757 1239 67 MacElree … West Chester, Pa., 1934.
249 1831 1914 48 2 p. l. , 9-600 p. illus. (incl. ports., facsims.) plates, maps (1 fold.)
179 1890 151 46 diagr.
392 1887 55 41 23½
480 1890 44 21 cm
530 1921 7 6 .

183 1943 50 52 ©
259 1948 108 38 Dec.
396 1946 37 42 6,
488 1945 85 41 1934;
628 1945 64 39 2c.
720 1946 108 38 Dec.
857 1947 23 38 7;
937 1957 23 27 aff.
1044 1946 109 38 Dec.
1179 1945 54 39 26;
1290 1946 38 37 A
1355 1945 134 40 77881;
1554 1946 70 39 W.
1651 1945 70 39 W.
1750 1946 264 41 MacElree,
2043 1946 132 39 West

248 2005 215 38 Chester.
492 2004 79 38 Pa.
645 2001 219 49 (35-249)

183 2065 261 64 Mackey,
473 2065 196 52 Frank
698 2065 239 63 Joseph,
968 2069 170 50 1890-

251 2144 542 50 Forward—march
816 2143 8 51 !
897 2143 120 51 The
1049 2143 420 67 photographic
1501 2144 195 51 record
1729 2143 62 52 of
1822 2143 263 52 America
2119 2143 59 51 in

180 2222 93 51 the
305 2223 179 51 world
518 2240 116 34 war
667 2221 109 52 and
811 2222 94 52 the
939 2227 127 60 post
1101 2239 116 34 war
1249 2221 171 52 social
1455 2222 299 66 upheaval,
1785 2221 73 67 by
1892 2222 196 51 Frank
2118 2223 55 52 J.

180 2300 237 67 Mackey
453 2301 109 51 and
595 2301 229 51 Marcus
856 2299 221 53 Wilson
1110 2300 305 67 Jernegan,
1534 2344 9 8 PH.
1615 2343 28 17 D.,
1677 2300 266 66 advisory
1976 2300 198 52 editor.

182 2378 268 67 Chicago.
490 2381 118 49 The
647 2378 272 53 Disabled
958 2378 300 52 American
1303 2383 255 48 veterans
1596 2378 62 53 of
1697 2379 91 51 the
1825 2380 178 51 world
2043 2396 133 48 war,

180 2456 951 67 Dept. of rehabilitation [ c 1934]
255 2530 25 38 2
313 2541 41 29 v.
415 2530 134 38 front.
591 2529 66 46 (v.
690 2530 49 41 1)
779 2529 127 38 illus.
934 2528 133 46 (incl.
1100 2530 161 45 ports.,
1295 2531 160 44 maps)
1496 2530 170 46 plates.
1726 2528 146 39 34½cm.

188 2583 50 52 ©
265 2589 108 38 Dec.
401 2589 66 39 11,
496 2585 111 40 1934;
663 2585 63 39 2c.
756 2586 114 39 each
900 2587 108 37 Dec.
1036 2587 51 36 21;
1147 2585 77 40 aff.
1255 2587 108 38 Dec.
1391 2585 54 40 19;
1502 2587 38 37 A
1566 2585 170 42 78643;
1765 2586 230 38 Disabled
2025 2587 142 37 Amer.

257 2647 223 37 veterans
508 2645 48 38 of
586 2644 79 38 the
694 2644 147 38 world
872 2654 114 28 war.
1016 2643 125 46 Dept.
1182 2643 50 38 of
1259 2643 379 39 rehabilitation.

266 2701 220 48 (35-295)

189 2779 232 61 Magog,
451 2777 71 53 H.
550 2776 52 54 J.

258 2853 87 52 On
378 2854 140 52 croit
547 2860 114 44 être
692 2854 189 52 aimée.
945 2854 183 59 Paris,
1156 2855 77 50 La
1265 2854 375 52 Renaissance
1670 2855 71 50 du
1774 2854 157 54 livre,
1965 2856 146 49 1933.

260 2931 15 35 1
312 2940 37 27 v.
420 2926 362 47 (Bibliothèque
812 2926 171 42 d'Eve)

191 2980 1937 52 © Oct 15. 1933; 1c. Dec. 20; A -Foreign 23098; Renaissance du livre.
191 3102 301 62 Marshall,
523 3101 308 55 Roderick.

190 3177 1969 148 Italy in English literature … [v. 2] 1755-1815. By Roderick Marshall. New York, Columbia university press, 1934.
262 3332 100 40 xiii,
387 3330 84 39 432
496 3341 39 36 p.
587 3330 134 38 front.
765 3329 63 46 (v.
853 3330 52 38 2;
932 3332 147 44 port.)
1141 3331 53 37 22
1196 3333 44 19 cm
1246 3362 7 6 .
1319 3332 296 47 (Half-title,:
1641 3331 248 39 Columbia
1918 3332 270 46 university

192 3385 186 39 studies
405 3385 47 38 in
482 3384 201 46 English
709 3384 95 38 and
832 3386 328 45 comparative
1188 3385 254 40 literature.
1514 3397 72 28 no.
1616 3387 107 39 116)

196 3441 50 50 ©
271 3445 115 38 Nov.
412 3445 67 38 14.
505 3443 139 41 1934;
669 3441 63 40 2c.
762 3443 113 38 Nov.
903 3444 53 37 15;
1010 3443 77 39 aff.
1114 3444 113 38 Nov.
1254 3443 56 39 16;
1363 3445 38 37 A
1428 3445 140 39 78147;
1623 3444 247 40 Columbia
1901 3444 114 40 univ
2041 3455 146 38 press.

275 3499 277 48 (34-39200)

198 3576 237 64 Martin,
467 3574 280 53 Franklin
777 3576 223 63 Henry,
1033 3578 168 52 1857-

265 3649 171 70 Fifty
469 3668 164 50 years
672 3650 65 53 of
772 3652 276 51 medicine
1087 3653 109 51 and
1237 3671 265 50 surgery;
1546 3672 71 33 an
1658 3653 531 69 autobiographical

195 3728 1993 150 sketch [by] Dr. Franklin H. Martin … Two forewords: William J. Mayo … [and] George W. Crile … [Chicago] The
200 3881 263 69 Surgical
492 3883 336 68 publishing
852 3901 278 51 company
1158 3884 63 53 of
1248 3883 270 71 Chicago,
1548 3889 148 50 1934.
