2350 4196
1177 3990 63 48 12

216 377 308 66 Nordhoff,
559 377 246 56 Charles
833 379 285 64 Bernard,
1152 378 170 54 1887-

287 454 133 52 Men
456 455 223 67 against
715 455 92 52 the
845 474 106 48 sea,
992 456 68 66 by
1101 453 232 54 Charles
1371 450 279 55 Nordhoff
1689 453 108 52 and
1836 452 191 53 James

219 448 1961 142 Norman
374 532 157 53 Hall.
597 532 229 67 Boston,
854 531 191 67 Little,
1073 532 227 67 Brown,
1329 530 110 53 and
1470 548 293 50 company,
1796 532 146 51 1934.

285 605 28 38 4
345 616 43 36 p.
416 605 48 46 l.,
498 603 174 51 [3]-251
703 615 41 37 p.
806 604 25 38 21
864 607 44 20 cm
913 639 6 6 .

284 663 140 45 Maps
456 673 58 28 on
548 661 361 47 lining-papers.

282 720 41 38 A
356 717 333 43 continuation
725 718 50 39 of
811 718 189 47 Mutiny
1035 729 57 27 on
1130 719 81 37 the
1244 719 206 45 Bounty.

218 777 51 50 ©
308 781 107 39 Jan.
454 779 38 40 5.
531 779 139 46 1934;
710 780 66 39 2c.
815 779 93 38 and
948 777 80 41 aff.
1069 779 106 39 Jan.
1215 777 51 46 9;
1308 778 40 37 A
1386 777 141 41 68786
1547 789 8 29 :
1596 778 202 39 Charles
1836 779 237 39 Nordhoff
2111 778 92 39 and

285 838 163 39 Janies
479 836 214 39 Norman
774 837 78 38 Hall.
885 834 179 41 Tahiti.
1100 833 190 48 Society
1321 835 180 39 Island.
1576 834 219 48 (34-685)

218 925 212 63 North,
462 925 172 64 John,
668 926 169 50 1894-

346 996 1761 76 … A shade Byronic … London, Jarrolds, limited [1933]
281 1076 85 40 288
395 1087 42 36 p.
495 1074 54 41 19
552 1078 44 20 cm
603 1108 7 7 .

285 1134 62 38 At
374 1133 125 38 head
528 1131 51 40 of
608 1132 134 38 title:
773 1132 73 46 By
875 1131 127 40 John
1033 1131 169 39 North.

217 1185 50 51 ©
296 1191 64 37 1c.
390 1189 109 39 Jan.
527 1189 38 45 8,
592 1189 140 44 1934;
761 1189 41 37 A
829 1189 60 38 ad
917 1187 83 39 int.
1031 1187 168 45 18572;
1229 1186 141 47 pubd.
1401 1187 116 38 Nov.
1547 1186 68 46 10,
1645 1185 140 46 1933;
1818 1187 41 38 J.
1890 1184 168 42 North.
287 1183 1900 113 Beaconsfield,

565 1246 173 39 Bucks.
774 1244 234 49 England.
1081 1242 248 50 (34-1286)

217 1334 60 54 P.
311 1335 70 53 U.
412 1336 67 51 R.
513 1333 194 64 digest
741 1331 398 70 (cumulative)
1180 1332 265 69 covering
1477 1333 95 52 the
1603 1333 113 52 full
1748 1333 198 68 period
1980 1333 61 51 of
284 1328 1896 154 utility

416 1412 322 67 regulation
793 1410 166 68 (with
1005 1411 243 67 up-keep
1293 1409 414 69 supplements)
1793 1429 51 34 v.
1890 1415 47 46 4.
2017 1412 189 65 Rates,

284 1483 1897 154 §§ 120-656 to Retrospective … Washington. D. C.. Rochester,
414 1569 69 51 N.
511 1568 90 54 Y.,
628 1568 205 52 Public
859 1566 240 53 utilities
1127 1572 236 61 reports,
1396 1567 121 56 inc.,
1546 1569 150 48 1933.

281 1642 95 40 xiv.
408 1640 258 42 3007-3931
701 1652 42 36 p.
804 1641 55 39 25
863 1643 44 20 cm
913 1673 7 7 .

217 1694 49 51 ©
305 1699 111 39 Dec.
454 1698 68 46 26,
560 1698 140 46 1933;
741 1698 63 39 2c.
845 1698 94 39 and
977 1696 81 41 aff.
1098 1697 107 39 Jan.
1244 1697 38 45 2,
1322 1695 139 47 1934;
1503 1697 41 37 A
1582 1695 168 47 67796;
1791 1694 170 41 Public
1997 1692 207 42 utilities

285 1757 202 45 reports,
516 1755 91 39 inc.

214 1843 242 65 Parker,
485 1845 155 54 John
669 1846 184 63 Scott,
886 1844 170 53 1873-
1267 1845 83 52 ed.

286 1923 118 51 The
452 1921 361 68 corporation
857 1922 258 66 manual;
1165 1926 283 63 statutory
1494 1922 319 67 provisions
1858 1921 245 68 relating
2148 1925 57 46 to

217 2000 93 51 the
355 1999 412 70 organization,
812 2001 322 68 regulation
1178 2000 109 51 and
1333 1998 260 56 taxation
1638 1999 62 52 of
1745 1998 266 54 domestic
216 1995 1963 140 business

379 2079 408 67 corporations,
826 2078 111 52 and
977 2085 56 44 to
1074 2078 95 51 the
1207 2076 324 58 admission,
1572 2077 319 69 regulation
1932 2078 111 51 and
218 2079 1962 132 taxation

416 2156 61 51 of
516 2154 229 69 foreign
786 2156 250 53 business
1077 2156 408 68 corporations,
1526 2158 60 49 in
1626 2156 94 51 the
1762 2158 214 50 several
2016 2160 189 61 states,

217 2232 314 53 territories
566 2234 111 51 and
711 2232 252 54 districts
998 2233 62 53 of
1093 2234 91 51 the
1220 2233 216 55 United
1473 2234 205 65 States,
1712 2232 279 68 arranged
2026 2233 178 50 under

218 2330 30 33 a
278 2310 258 54 uniform
567 2309 426 68 classification;
1028 2312 98 50 the
1210 2311 216 53 Uniform
1460 2311 157 52 stock
1646 2309 252 54 transfer
1929 2315 116 61 act;
217 2306 1963 141 federal

365 2390 110 51 and
504 2395 144 48 state
678 2392 136 50 laws
845 2388 326 69 regulating
1196 2390 96 50 the
1322 2390 113 53 sale
1464 2388 61 52 of
1555 2393 292 63 corporate
1879 2388 184 53 stocks
2094 2389 108 50 and

214 2468 306 65 securities,
545 2467 138 53 with
710 2467 180 51 forms
915 2467 110 52 and
1049 2466 345 70 precedents,
1418 2467 188 51 edited
1630 2467 73 66 by
1727 2466 154 55 John
1908 2466 54 54 S.
1987 2466 219 51 Parker

221 2545 110 51 and
366 2547 53 52 J.
456 2548 64 49 B.
557 2547 67 51 R.
661 2544 206 66 Smith,
904 2544 234 53 assisted
1171 2545 72 66 by
1281 2563 27 32 a
1343 2544 178 52 board
1554 2544 61 53 of
1651 2543 309 54 associated
1994 2543 210 52 editors

218 2622 58 52 in
325 2623 95 51 the
468 2623 213 52 several
731 2627 188 48 states.
996 2623 132 50 35th
1175 2623 84 50 ed.
1336 2624 136 51 New
1522 2622 178 66 York,
1749 2620 216 57 United
2018 2622 186 54 States

216 2700 361 69 corporation
608 2717 296 50 company,
935 2702 151 51 1934.

288 2784 62 28 XV
376 2784 58 36 p.,
463 2774 24 38 1
551 2805 8 11 l.,
589 2773 114 40 2676
731 2784 41 38 p.
830 2773 58 40 26
889 2776 42 20 cm
937 2804 7 7 .

217 2827 50 51 ©
294 2831 108 38 Dec.
431 2829 68 42 29.
527 2829 139 40 1933;
695 2831 65 38 2c.
788 2831 95 38 and
911 2829 79 41 aff.
1019 2831 110 39 Jan.
1156 2829 38 41 2.
1222 2829 140 40 1934;
1393 2830 38 38 A
1459 2829 168 40 68693:
1660 2827 318 50 Corporation
2007 2827 194 39 manual

285 2898 80 35 co.,
397 2887 115 39 New
542 2888 143 38 York.

219 2977 261 63 Parrish,
511 2977 186 64 Anne,
731 2980 170 49 1888-

292 3054 103 54 Sea
429 3055 160 53 level,
622 3055 33 50 by
727 3056 163 50 Anne
925 3053 255 55 Parrish.
1255 3056 136 51 New
1426 3055 160 52 York
1622 3055 112 51 and
1765 3055 254 53 London.
219 3051 1960 152 Harper

347 3136 45 49 &
419 3132 276 58 brothers,
726 3134 150 51 1934.

285 3204 519 49 5 p. l. , 373 p. 21 cm .
287 3262 158 40 "First
477 3260 224 41 edition.”

220 3314 50 51 ©
303 3318 105 39 Jan.
440 3318 38 40 2.
508 3317 139 40 1934;
680 3318 66 38 2c.
776 3317 110 39 Feb.
916 3320 52 37 4:
1001 3318 81 40 aff.
1113 3319 108 38 Feb.
1255 3320 49 38 7:
1339 3319 39 37 A
1408 3318 168 41 70159:
1610 3320 135 37 Anne
1776 3318 200 39 Parrish
2009 3317 195 42 Corliss.

287 3376 114 37 New
429 3375 142 39 York.

221 3450 205 63 Parry,
455 3450 225 54 Albert.

348 3524 1862 73 … Tattoo; secrets of a strange art as practised among the
219 3605 218 52 natives
462 3604 63 52 of
547 3605 94 50 the
666 3604 216 53 United
910 3603 203 56 States.
1189 3606 136 52 New
1354 3605 178 67 York,
1559 3605 196 55 Simon
1784 3606 111 55 and
1926 3605 284 65 Schuster,

222 3684 146 50 1933.

286 3755 82 43 xii,
397 3756 81 38 171
510 3765 39 38 p.
613 3755 82 40 col.
726 3754 164 48 front.,
917 3757 157 46 plates
1102 3755 133 47 (part
1264 3756 111 48 col.)
1410 3759 163 46 ports.,
1600 3756 213 42 facsims.
1874 3757 56 38 24
1932 3758 44 21 cm
1981 3788 9 8 .

288 3810 374 49 Bibliography:
694 3822 43 36 p.
768 3810 213 42 152-164.

223 3863 49 51 ©
298 3869 110 37 Dec.
433 3868 68 40 28.
527 3867 113 39 1933
659 3879 7 27 :
694 3868 63 39 2c.
786 3868 94 39 and
906 3868 79 40 aff.
1013 3869 108 40 Jan.
1148 3868 36 40 2.
1212 3869 139 39 1934;
1381 3868 40 40 A
1446 3869 169 40 68681:
1643 3869 52 38 A.
1723 3869 167 47 Parry,
1918 3869 117 39 New
2059 3867 142 39 York.

297 3923 221 49 (34-469)
