2350 4196
1132 4013 99 48 413

239 437 98 48 395,
375 438 53 49 [1]
462 446 42 37 p.
565 435 26 39 20½
654 437 45 21 cm
702 467 9 8 .

238 492 334 41 “Literatur”:
607 501 43 38 p.
684 489 117 42 394-
807 511 10 29 [
820 489 100 50 396]

167 547 52 52 ©
253 551 115 39 Nov.
405 549 38 49 2,
480 549 139 44 1933;
655 552 65 37 1c.
756 549 108 40 Jan.
900 548 40 48 9,
976 547 140 47 1934;
1154 547 39 39 A
1226 546 170 46 23304;
1436 547 123 38 Paul
1596 546 206 47 Zsolnay
1839 545 178 46 verlag,
2056 554 105 38 a.-g.

244 606 251 50 (34-9187)

168 713 168 62 Ross,
370 711 247 63 George.

237 786 142 68 Tips
410 804 71 34 on
510 785 208 67 tables;
750 785 171 68 being
952 802 30 34 a
1013 782 171 70 guide
1215 788 57 47 to
1305 781 205 70 dining
1541 782 113 53 and
1687 781 219 70 wining
1937 782 60 52 in
2030 782 137 52 New

169 863 163 52 York
375 870 59 46 at
478 866 100 49 365
623 867 351 48 restaurants
1020 860 242 54 suitable
1306 866 59 47 to
1411 878 169 50 every
1626 861 167 52 mood
1840 862 113 51 and
2002 877 166 51 every

168 959 186 50 purse,
382 942 75 68 by
486 940 224 69 George
736 941 159 52 Ross.
960 939 139 53 New
1131 937 178 68 York,
1341 937 216 69 Covici,
1588 938 210 53 Friede
1832 971 12 33 [
1849 944 18 20 c
1872 940 152 63 1934]

242 1014 85 40 viii
354 1025 57 41 p.,
441 1016 24 38 1
530 1044 8 16 l.,
566 1014 171 40 11-301
766 1023 43 38 p.
870 1012 55 40 19½
958 1014 45 21 cm
1007 1045 8 8 .

239 1069 148 41 Plans
414 1081 60 29 on
505 1070 360 47 lining-papers.

171 1124 52 52 ©
248 1129 119 38 Mar.
395 1127 69 48 19,
489 1127 141 47 1934;
656 1127 65 40 2c.
750 1128 118 38 Mar.
896 1126 82 47 28;
1008 1125 80 41 aff.
1114 1126 120 38 Mar.
1259 1124 82 48 27;
1370 1125 42 39 A
1437 1125 141 40 71053
1598 1136 8 36 ;
1636 1125 52 41 G.
1714 1126 137 47 Ross,
1879 1127 117 38 New
2023 1126 143 39 York.

250 1184 250 49 (34-7391)

172 1283 352 67 Sahlstrom,
556 1286 155 54 John
743 1284 251 65 Wesley,
1029 1287 170 52 1894-

245 1361 166 55 Some
438 1364 134 51 code
599 1362 247 53 controls
873 1360 64 54 of
961 1361 192 53 school
1177 1361 267 69 building
1472 1361 386 53 construction
1886 1361 60 53 in
173 1361 1977 132 American
323 1440 186 66 cities;
538 1458 72 34 an
637 1440 324 52 evaluation
985 1438 63 53 of
1073 1438 215 53 certain
1312 1438 267 70 building
1606 1440 134 52 code
1767 1439 407 69 requirements

174 1518 304 68 especially
517 1536 60 35 as
616 1518 135 68 they
791 1517 275 52 influence
1105 1517 95 52 the
1241 1515 190 70 safety
1472 1516 63 53 of
1575 1518 97 52 the
1712 1523 324 64 occupants,
2080 1519 96 52 the

174 1600 117 47 cost
314 1595 64 54 of
403 1595 401 68 construction,
831 1596 113 52 and
970 1596 95 52 the
1090 1594 359 53 educational
1476 1593 279 71 efficiency
1781 1595 64 54 of
1872 1596 95 53 the
1985 1596 191 53 school

174 1673 282 70 building,
483 1673 141 52 with
649 1672 301 54 criticisms
976 1691 71 34 on
1073 1673 96 52 the
1196 1672 155 52 form
1377 1673 113 53 and
1517 1673 232 54 method
1778 1673 64 54 of
1861 1673 315 69 municipal

176 1750 2000 71 building legislation, by John W. Sahlstrom … New York
175 1828 134 70 city,
338 1829 278 53 Teachers
644 1829 227 69 college,
901 1828 299 55 Columbia
1227 1827 338 70 university,
1596 1830 151 52 1933.

246 1902 86 40 viii
363 1912 58 39 p.,
455 1903 24 38 1
548 1932 8 15 l.,
589 1900 85 41 153
704 1911 44 38 p.
809 1901 179 48 diagrs.
1047 1899 56 42 23½
1137 1902 43 22 cm
1185 1932 8 8 .
1265 1900 264 49 (Teachers
1562 1902 191 48 college,
1789 1900 252 43 Columbia

179 1903 1983 103 university.
431 1957 368 41 Contributions
827 1960 48 38 to
904 1957 271 49 education,
1204 1968 74 29 no.
1309 1956 109 51 581)

252 2014 171 41 Issued
448 2015 103 40 also
578 2025 54 29 as
659 2014 154 40 thesis
849 2014 106 47 (ph.
983 2015 65 48 d.)
1085 2012 252 42 Columbia
1366 2014 287 48 university.

247 2070 375 49 Bibliography;
653 2080 43 38 p.
724 2069 217 42 151-153.

180 2125 1875 52 © Dec. 5, 1933; 2c. Mar. 31, 1934; aff. Mar. 27; A 71109; Teachers
247 2133 1912 101 college,
397 2185 249 41 Columbia
682 2185 128 40 univ.
882 2185 250 48 (34-7794)

181 2287 318 68 Saunders,
531 2289 244 55 Charles
807 2288 263 66 Francis,
1104 2292 171 50 1859-

252 2366 207 55 Useful
504 2367 136 53 wild
683 2367 191 67 plants
917 2368 63 52 of
1020 2368 96 51 the
1159 2366 217 55 United
1420 2369 187 55 States
1651 2370 110 52 and
1808 2371 253 67 Canada,
2103 2372 73 65 by

182 2443 1996 73 Charles Francis Saunders … illustrated with photographs by
180 2523 95 52 the
301 2524 206 52 author
531 2525 112 52 and
668 2523 139 53 with
832 2523 289 68 drawings
1145 2524 74 67 by
1244 2525 159 66 Lucy
1427 2525 302 53 Hamilton
1759 2527 204 66 Aring.
2040 2529 137 52 New

182 2600 179 66 York,
388 2601 67 52 R.
488 2601 79 52 M.
595 2600 276 54 McBride
899 2605 45 50 &
971 2619 296 50 company,
1299 2606 149 51 1934.

256 2671 1147 51 6 p. l. , 275 p. front., illus., plates. 20½ cm .
258 2728 145 42 “New
430 2731 94 39 and
555 2729 188 41 revised
772 2730 225 43 edition.”

186 2783 52 52 ©
267 2788 120 39 Mar.
417 2787 38 46 5,
483 2786 141 48 1934;
653 2786 65 41 2c.
749 2789 121 39 Mar.
900 2787 81 48 26;
1011 2788 81 40 aff.
1121 2790 119 38 Mar.
1270 2788 82 48 23;
1383 2789 40 39 A
1450 2790 170 46 71014;
1651 2790 180 42 Robert
1862 2793 61 39 M.
1955 2793 227 40 McBride

253 2844 36 39 &
320 2855 65 30 co.
457 2843 251 49 (34-7797)

181 2945 273 66 Schmeil,
490 2947 161 65 Otto,
688 2950 170 49 1860-

258 3024 181 54 Curso
475 3025 67 52 de
577 3024 275 69 zoología,
888 3043 106 49 por
1026 3026 51 52 el
1112 3025 262 69 profesor
1411 3026 84 52 dr.
1534 3026 139 54 Otto
1712 3027 265 55 Schmeil.

187 3030 1979 124 Versión
356 3104 70 51 de
470 3101 55 54 la
572 3106 116 48 131.
693 3108 20 21 a
757 3102 143 53 edici
941 3121 37 33 ón
1023 3105 257 52 alemana
1324 3123 105 50 por
1473 3108 50 50 el
1568 3107 84 51 dr.
1699 3107 305 54 Francisco

188 3110 1978 139 Pardillo … Barcelona, G. Gili, 1933.
259 3252 1483 54 2 p. l. , 539 p. illus., plates (part col.) diagrs. 23½ cm .
190 3306 1908 58 © May 16, 1933 ; 1c. Feb. 1, 1934; A-Foreign 23659; Gustavo Gili.
268 3367 249 48 (34-8340)

192 3472 240 64 Sexton,
462 3470 278 65 Ethelyn.

259 3548 201 53 March
489 3567 89 49 on,
605 3549 325 68 Michigan;
963 3570 31 33 a
1022 3558 247 61 pageant
1297 3552 64 52 of
1387 3554 96 52 the
1507 3554 238 70 making
1772 3556 63 52 of
1863 3576 30 34 a
1921 3564 161 63 state,
2110 3562 74 66 by

192 3625 252 68 Ethelyn
492 3626 228 55 Sexton.
803 3628 353 69 [Galesbury,
1200 3629 193 67 Mich.,
1440 3631 242 55 Printed
1727 3635 74 66 by
1847 3637 97 52 the
1991 3639 194 68 Argus

193 3721 173 49 press,
390 3710 20 21 c
416 3707 151 64 1934]

265 3776 26 38 1
317 3786 41 37 p.
384 3779 45 45 l.,
456 3775 69 49 45,
556 3776 54 49 [2]
640 3787 42 38 p.
743 3776 54 41 23½
830 3780 44 22 cm
879 3810 9 9 .

267 3831 160 40 Blank
454 3842 148 38 pages
625 3832 80 41 for
732 3833 203 42 “Notes”
975 3835 49 49 (2
1052 3837 52 38 at
1129 3836 116 45 end)

195 3884 52 52 ©
279 3888 110 40 Feb.
420 3889 69 46 18,
519 3887 114 42 1934
651 3900 8 36 ;
692 3889 67 41 2c.
792 3890 110 43 Feb.
932 3891 82 47 24;
1048 3893 80 40 aff.
1163 3893 107 40 Feb.
1303 3893 54 40 23
1377 3904 8 36 ;
1423 3894 37 39 A
1492 3893 169 51 69723;
1698 3899 52 38 E.
1787 3899 191 43 Sexton.
2015 3903 158 42 Olivet

263 3943 142 42 Mich.
477 3943 250 48 (34-7596)
