2350 4196
1177 4011 133 48 1344

251 396 267 61 Jenness,
549 394 190 62 Mary.

321 470 135 53 Men
508 470 125 51 who
686 470 161 52 stood
902 470 187 63 alone;
1144 468 94 51 the
1289 465 245 51 Hebrew
1586 462 272 68 prophets
1907 464 63 50 in
2022 461 215 66 action;

252 547 268 53 teacher’s
565 547 189 68 guide,
797 548 74 66 by
916 549 168 63 Mary
1130 547 250 53 Jenness.
1456 540 358 65 Milwaukee,
1856 540 158 66 Wis.,
250 541 1969 138 Morehouse
456 625 334 69 publishing
825 643 96 48 co.,
960 627 148 52 1934.

327 700 83 47 xii,
441 700 55 39 74
522 710 58 37 p.,
609 700 27 37 1
684 730 9 8 l.
753 698 144 40 19½cm.

327 757 224 39 Includes
583 755 389 48 bibliographies.

262 825 55 51 ©
346 830 127 45 Sept.
502 829 39 45 5,
568 826 114 40 1934;
738 826 66 40 2c.
836 825 94 40 and
959 825 79 39 aff.
1072 824 125 47 Sept.
1228 825 80 44 14;
1341 823 41 37 A
1412 819 167 48 74918;
1613 820 287 39 Morehouse
1929 819 106 47 pub.
2068 829 64 29 co.

341 883 276 50 (34-33851)

254 986 279 65 Johnsen,
565 985 121 53 Alf-
700 986 222 62 Henry,
956 986 171 51 1899-

329 1063 120 52 The
480 1062 212 68 optical
722 1062 141 67 shop
895 1061 112 53 and
1039 1065 246 61 counter,
1316 1059 75 67 by
1423 1056 110 52 Alf
1565 1056 77 52 H.
1676 1056 273 66 Johnsen,
1984 1055 266 52 Bertram

258 1143 71 52 A.
363 1141 202 53 Weeks
623 1140 129 65 [and]
794 1137 310 54 Frederick
1137 1137 76 52 H.
1249 1135 241 66 Weller;
1530 1134 140 52 with
1708 1134 102 51 104
1843 1137 121 47 text
260 1133 1965 137 illustrations.
491 1217 269 67 Chicago,
787 1217 120 51 The
934 1213 390 54 Professional
1353 1230 174 50 press,
1556 1213 126 66 inc.,
1711 1212 172 51 c1934.

332 1291 84 39 176
449 1302 42 36 p.
552 1290 141 46 illus.,
731 1289 175 47 diagrs.
967 1286 116 44 23cm.

331 1347 314 46 Advertising
672 1348 180 38 matter
878 1346 52 38 in
957 1347 104 38 text
1088 1345 94 38 and
1212 1353 59 29 on
1299 1342 362 47 lining-papers.

266 1417 50 51 ©
356 1422 124 45 Sept.
515 1420 53 39 27,
617 1420 113 38 1934;
792 1420 64 37 2c.
893 1418 99 39 Oct.
1029 1418 23 38 6
1071 1429 8 27 :
1119 1416 77 40 aff.
1233 1415 100 40 Oct.
1368 1415 23 38 5
1411 1425 7 28 :
1455 1415 41 37 A
1531 1414 142 40 76354;
1735 1413 331 39 Professional
2100 1422 148 37 press,

333 1477 89 38 inc.
494 1475 277 48 (34-33822)

257 1579 280 64 Johnson,
568 1579 308 55 Sherman.

265 1650 1986 151 … Wheat under the Agricultural adjustment act; developments up to June, 1934, by Sherman Johnson. Washington,
263 1812 119 53 The
412 1811 323 67 Brookings
762 1810 347 66 institution,
1140 1812 150 49 1934.

338 1884 97 47 viii,
487 1883 82 40 103
617 1893 42 37 p.
721 1883 151 48 diagr.
934 1883 144 39 22½cm.
1166 1883 121 47 (The
1337 1882 270 48 Brookings
1656 1881 294 46 institution,
2000 1881 251 49 Pamphlet

264 1943 148 40 series
444 1953 73 28 no.
550 1941 77 47 14)

336 1998 250 41 Half-title
604 2009 6 27 :
652 1998 99 39 The
787 1995 233 42 Institute
1058 1997 49 40 of
1143 1996 265 40 economics
1446 1996 50 40 of
1534 1997 80 39 the
1651 1996 270 48 Brookings
1959 1996 292 41 institution.

268 2068 50 50 ©
348 2073 116 42 Aug.
494 2070 39 38 2.
564 2068 139 42 1934;
734 2071 63 37 2c.
832 2068 124 47 Sept.
989 2070 79 36 18:
1102 2068 79 40 aff.
1214 2068 124 47 Sept.
1371 2069 54 37 14;
1485 2069 41 37 A
1558 2067 143 40 75370;
1758 2067 271 48 Brookings
337 2066 1896 101 institution.
521 2125 277 48 (34-33802)

261 2224 1989 70 The junior aircraft year book … the official junior annual,
337 2307 278 66 compiled
665 2305 110 51 and
821 2305 302 67 published
1168 2305 74 66 by
1286 2305 96 51 the
1428 2305 407 52 Aeronautical
1884 2305 260 51 chamber
2192 2304 60 52 of

336 2401 303 34 commerce
677 2383 62 52 of
776 2383 282 53 America,
1095 2384 104 50 inc.
1275 2400 49 33 v.
1367 2388 43 46 1.
1487 2385 137 51 New
1662 2383 164 58 York
1868 2386 170 63 [1934]

336 2458 59 40 vi.
429 2456 140 40 7-254
602 2467 41 36 p.
703 2456 161 39 front.,
899 2456 124 38 illus.
1055 2456 128 46 (incl.
1218 2458 161 45 ports.,
1413 2457 161 48 maps)
1617 2457 177 47 diagrs.
1855 2456 115 40 21cm.

335 2513 242 48 Abridged
605 2511 183 41 edition
816 2512 50 40 of
893 2510 219 42 Aircraft
1140 2522 115 37 year
1282 2513 135 41 book.

270 2581 51 51 ©
360 2586 116 45 Aug.
515 2583 69 48 20,
625 2583 139 46 1934;
806 2582 65 42 2c.
914 2583 124 47 Sept.
1079 2584 79 45 15;
1202 2583 78 39 aff.
1325 2584 126 48 Sept.
1492 2585 82 47 14;
1615 2585 41 38 A
1694 2583 169 48 74922;
1906 2582 346 42 Aeronautical

337 2642 223 39 chamber
588 2641 50 38 of
666 2648 260 31 commerce
954 2640 51 39 of
1030 2640 218 39 America.
1291 2641 104 46 inc.,
1424 2641 117 39 New
1568 2641 144 40 York.

348 2697 276 49 (34-33820)

260 2799 218 64 Keedy,
516 2799 242 55 Charles
794 2799 283 64 Cochran,
1115 2804 322 52 1891-1934.

332 2877 296 51 Delaware
672 2877 359 64 corporation
1075 2875 108 52 law
1226 2879 111 51 and
1381 2877 192 68 equity
1617 2877 264 68 practice,
1924 2876 330 68 containing

263 2956 93 50 the
391 2953 426 53 constitutional
850 2954 317 64 provisions
1200 2954 63 51 of
1295 2956 92 51 the
1420 2961 145 48 state
1595 2956 63 51 of
1690 2956 297 52 Delaware
2019 2956 234 51 relative

263 3038 57 45 to
362 3029 404 68 corporations,
806 3030 96 51 the
941 3029 240 54 General
1223 3032 361 66 corporation
1623 3034 109 51 law
1773 3033 63 51 of
1874 3033 95 53 the
2008 3036 143 49 state
2189 3033 65 52 of

264 3109 294 51 Delaware
594 3108 297 66 including
926 3108 94 51 the
1058 3111 133 48 1934
1227 3111 402 65 amendments,
1667 3112 112 51 and
1814 3111 95 51 the
1944 3108 309 55 Franchise

264 3192 96 45 tax
386 3188 124 62 law,
537 3185 76 52 all
638 3185 304 52 annotated
969 3184 135 51 with
1130 3186 92 53 the
1248 3185 285 66 pertinent
1560 3187 274 54 decisions
1859 3187 64 54 of
1944 3189 97 52 the
2066 3193 186 47 courts

264 3264 63 50 of
370 3263 294 51 Delaware
711 3262 108 51 and
868 3261 321 53 elsewhere:
1238 3264 115 52 also
1400 3283 30 33 a
1474 3264 153 53 brief
1671 3266 228 51 treatise
1943 3281 72 36 on
2060 3264 190 69 equity

264 3340 244 66 practice
548 3340 59 51 in
647 3338 295 53 Delaware
982 3338 264 69 covering
1284 3340 141 53 suits
1463 3341 58 53 in
1562 3344 245 65 general,
1848 3341 404 68 receiverships

264 3417 111 52 and
409 3416 383 53 stockholders
827 3417 230 52 actions,
1092 3416 136 51 with
1265 3420 370 65 appropriate
1668 3422 148 51 rules
1848 3420 64 52 of
1943 3419 96 54 the
2073 3419 178 56 Court

263 3491 1926 133 of chancery and of the Supreme court, by Charles C. Keedy … New
435 3570 178 66 York,
646 3569 197 66 Jersey
878 3568 132 67 City
1049 3574 134 61 [etc.]
1225 3572 118 51 The
1380 3572 379 68 Corporation
1791 3579 152 48 trust
1973 3592 275 49 company

269 3651 190 63 [c1934]

334 3720 82 47 xii,
446 3720 85 40 339
559 3730 39 37 p.
659 3719 114 40 23cm.

337 3777 126 38 “The
489 3779 192 44 present
709 3776 337 45 arrangement
1073 3777 92 38 and
1194 3787 101 28 new
1322 3779 310 41 annotations
1660 3781 50 39 of
1735 3782 82 38 the
1842 3781 95 39 law
1962 3791 124 29 were
2111 3782 139 40 made

265 3833 152 39 under
441 3834 88 37 Mr.
555 3830 205 48 Keedy’s
787 3831 301 47 supervision
1114 3832 58 45 by
1196 3833 210 40 Howard
1435 3835 171 40 Duane.
1645 3836 315 47 esq.”—Pref.

270 3886 52 50 ©
350 3890 100 40 Oct.
479 3890 37 46 6,
546 3889 139 39 1934:
719 3888 63 39 2c.
813 3889 94 38 and
937 3887 78 38 aff.
1049 3888 99 40 Oct.
1179 3890 80 38 11:
1291 3891 40 37 A
1359 3891 168 42 75728:
1561 3893 319 48 Corporation
1911 3896 130 38 trust
2070 3905 64 29 co.

349 3945 276 49 (34-75728)
