2350 4196
1145 4003 100 54 770

209 458 306 48 psychologie
541 460 97 38 und
667 458 350 40 kunsttheorie.
1079 458 91 39 Ein
1196 459 191 49 beitrag
1412 471 85 29 zur
1525 460 304 48 psycbologie
210 460 1970 95 architektoniscber

393 514 611 48 gestalten.—Wohlfahrt,
1053 516 52 39 E.
1181 516 97 38 Der
1325 516 527 48 auffassungsvorgang
1898 527 62 29 an
2006 517 189 41 kleinen

208 573 253 47 gestalten.
522 571 92 40 Ein
649 572 190 47 beitrag
873 582 86 29 zur
995 572 303 48 psychologie
1333 574 82 39 des

1451 573 569 48 vorgestalterlebnisses.

215 639 1984 52 © Sept. 3, 1932; 1c. Mar. 30, 1934; A-Foreign 24305; C. H. Beck’sche
281 701 572 46 verlagsbuchhandlung
898 699 181 48 (Oskar
1117 701 151 46 Beck)
1347 701 278 47 (34-18164)

206 816 287 64 Krueger,
522 817 225 53 Walter
774 815 272 66 William,
1080 820 167 49 1890-

281 894 367 67 Elementary
677 894 238 52 materia
946 894 245 67 medica;
1225 894 296 67 including
1553 896 174 65 drugs
1761 896 111 51 and
1904 894 290 54 solutions,

212 971 1921 68 a text-book for students of nursing, by Walter W. Krueger …
210 1050 71 51 2d
314 1049 101 67 ed.,
450 1067 111 34 rev.
638 1048 404 67 Philadelphia
1076 1050 109 51 and
1219 1049 257 66 London,
1505 1051 89 53 W.
1630 1052 65 51 B.
1733 1049 284 54 Saunders
212 1069 1958 124 company,
410 1130 148 50 1934.

283 1199 25 39 1
335 1210 31 36 p.
438 1230 8 16 l.,
473 1199 143 40 7-283
642 1210 43 36 p.
745 1198 142 48 illus.,
914 1198 151 48 diagr.
1125 1197 55 40 20
1182 1200 44 21 cm
1233 1230 6 7 .

285 1265 234 42 “General
547 1267 392 49 bibliography”:
968 1279 43 37 p.
1038 1268 215 43 263-265.

214 1336 51 51 ©
297 1340 126 39 June
451 1339 40 47 2,
522 1338 140 42 1934;
694 1340 66 39 2c.
793 1340 126 39 June
948 1338 52 48 5;
1035 1338 81 41 aff.
1147 1340 125 38 June
1304 1339 51 47 6;
1390 1340 39 38 A
1461 1339 169 41 72673:
1665 1341 70 39 W.
1768 1341 54 39 B.
1855 1339 243 40 Saunders
2129 1349 68 30 co.

291 1396 277 48 (34-16373)

205 1512 206 65 Laing,
441 1512 336 54 Alexander
805 1511 255 67 Kinnan,
1093 1515 169 50 1903-

275 1591 167 53 Wine
475 1590 112 52 and
620 1589 227 69 physic;
882 1611 30 33 a
945 1607 166 50 poem
1141 1591 111 51 and
1282 1589 87 54 six
1401 1607 185 50 essays
1620 1609 71 33 on
1722 1591 95 51 the
1850 1589 119 53 fate
2001 1590 63 52 of
2095 1608 103 35 our

205 1671 299 66 language,
551 1668 74 67 by
670 1668 327 52 Alexander
1042 1667 214 69 Laing;
1305 1667 140 52 with
1492 1667 351 53 decorations
1889 1669 75 66 by
2010 1666 188 56 Isabel

205 1747 331 52 Lattimore.
610 1746 138 52 New
814 1745 177 68 York,
1055 1745 212 52 Farrar
1331 1748 45 49 &
1438 1745 298 68 Rinehart,
1798 1745 399 68 incorporated

227 1828 175 63 [ c 1934]
276 1913 82 46 xii,
391 1913 85 39 157
510 1923 42 37 p.
612 1911 128 40 illus.
800 1911 56 39 21½
888 1913 43 21 cm
937 1944 9 8 .

210 1981 51 51 ©
297 1986 112 46 May
440 1985 68 46 31,
544 1984 139 46 1934;
720 1984 65 39 2c.
822 1984 128 39 June
981 1983 53 46 2;
1072 1983 83 40 aff.
1188 1984 127 38 June
1348 1984 51 46 1;
1437 1984 42 38 A
1512 1983 168 42 72596;
1719 1984 274 39 Alexander
2029 1982 166 49 Laing,

280 2042 242 45 Hanover,
561 2041 55 39 N.
654 2041 59 38 H.
788 2040 277 48 (34-16391)

204 2160 332 64 Lawrence,
563 2159 155 56 Ann.

278 2237 183 55 Sweet
491 2237 112 52 and
632 2238 116 64 hot,
777 2237 75 65 by
880 2237 134 51 Ann
1042 2237 315 51 Lawrence.
1433 2236 138 52 New
1601 2236 178 65 York,
1808 2237 89 53 W.
1930 2235 261 66 Godwin,

207 2315 124 66 inc.,
361 2318 149 51 1934.

279 2399 84 42 283
393 2411 42 37 p.
495 2400 55 39 19½
583 2402 43 21 cm
632 2434 8 8 .

209 2469 51 51 ©
291 2474 128 38 June
444 2472 68 46 11,
543 2470 116 41 1934;
714 2471 65 39 2c.
811 2471 125 38 June
966 2469 80 46 16;
1079 2469 80 40 aff.
1191 2470 126 39 June
1345 2471 81 38 14:
1459 2470 40 38 A
1529 2469 168 47 73123;
1731 2469 215 40 William
1979 2469 213 49 Godwin,

280 2530 90 39 inc.
443 2528 278 48 (34-16714)

203 2646 216 63 Lewin,
447 2645 211 65 Philip,
690 2648 169 50 1888-

276 2726 55 52 A
378 2724 269 54 textbook
695 2723 63 52 of
805 2721 331 67 orthopedic
1185 2740 236 49 surges
1471 2721 92 52 for
1610 2740 211 48 nurses,
1869 2721 74 67 by
1991 2721 197 67 Philip

206 2799 1158 68 Lewin … 2d ed., rev. and entirely
1401 2805 158 47 reset.
1635 2799 405 66 Philadelphia
2079 2800 108 52 and

207 2878 254 66 London,
485 2879 88 53 W.
603 2881 65 50 B.
700 2879 285 54 Saunders
1011 2894 294 49 company,
1334 2881 149 49 1934.

279 2961 939 52 389 p. front. (port.) illus. 22½ cm .
209 3032 51 51 ©
288 3037 126 38 June
440 3036 37 45 6,
506 3035 139 46 1934;
675 3035 65 39 2c.
770 3035 125 39 June
922 3034 80 44 12;
1032 3032 81 41 aff.
1141 3034 124 38 June
1292 3034 80 41 11;
1402 3034 41 38 A
1471 3033 167 46 72729;
1670 3033 71 40 W.
1769 3034 54 38 B.
1856 3033 242 39 Saunders
2126 3042 66 30 co.

286 3092 278 49 (34-16372)

205 3209 289 65 Leyshon,
526 3210 198 53 Frank
756 3210 60 55 C.

275 3287 120 53 The
428 3286 149 55 Ohio
609 3286 247 68 practice
886 3285 257 66 manual;
1178 3303 31 33 a
1241 3302 121 36 new
1397 3284 307 68 analytical
1737 3284 169 67 guide
1938 3289 58 47 to

207 3301 1957 117 practice
352 3368 58 50 in
451 3364 75 52 all
568 3364 149 55 Ohio
756 3369 186 49 courts
983 3364 110 51 and
1131 3362 95 52 the
1264 3361 319 54 Industrial
1623 3361 383 65 commission;
2049 3361 138 53 with

208 3441 311 53 references
552 3447 58 46 to
644 3443 95 51 the
772 3441 149 54 Ohio
954 3440 242 55 General
1233 3441 151 65 code,
1417 3438 197 53 official
1648 3439 148 52 rules
1830 3438 64 53 of
1926 3438 262 67 practice,

209 3518 176 54 forms
418 3519 63 52 of
510 3519 247 67 practice
785 3519 60 51 in
874 3519 94 52 the
997 3517 272 53 standard
1300 3517 247 67 practice
1574 3516 191 65 books,
1795 3517 74 66 by
1899 3516 196 53 Frank
2125 3517 60 54 C.

205 3593 1980 70 Leyshon … Step-by-step procedure. Cincinnati, The W. H.
208 3672 835 68 Anderson company [ c 1934]
280 3744 97 49 viii,
407 3747 83 39 883
519 3756 41 37 p.
621 3745 58 40 25½
709 3748 43 21 cm
759 3779 7 8 .

281 3813 71 41 On
377 3825 165 30 cover:
571 3816 164 46 Keyed
762 3818 46 37 to
837 3815 119 40 Ohio
984 3812 210 50 practice
1220 3813 161 40 books.

209 3880 51 51 ©
289 3886 126 39 June
441 3887 68 45 13,
537 3885 139 42 1934;
707 3886 66 39 2c.
803 3888 94 38 and
925 3885 81 41 aff.

1035 3886 125 38 June
1188 3886 79 44 14;
1297 3885 41 37 A
1367 3883 168 46 73073;
1567 3884 69 39 W.
1668 3883 60 40 H.
1758 3883 249 39 Anderson
2037 3891 64 30 co.

289 3942 277 47 (34-16887)
