<alto xmlns="http://www.loc.gov/standards/alto/ns-v3#" xmlns:xsi="http://www.w3.org/2001/XMLSchema-instance" xsi:schemaLocation="http://www.loc.gov/standards/alto/ns-v3# http://www.loc.gov/alto/v3/alto-3-0.xsd"><Description>
<MeasurementUnit>pixel</MeasurementUnit>
<sourceImageInformation>
<fileName>1934_v1_Part1.pdf</fileName>
</sourceImageInformation>
<OCRProcessing ID="IdOcr">
<ocrProcessingStep>
<processingDateTime>2019-01-10</processingDateTime>
<processingSoftware>
<softwareCreator>ABBYY</softwareCreator>
<softwareName>ABBYY Recognition Server</softwareName>
<softwareVersion>4.0</softwareVersion>
</processingSoftware>
</ocrProcessingStep>
</OCRProcessing>
</Description>
<Styles>
<ParagraphStyle ALIGN="Left" FIRSTLINE="0." ID="StyleId-FFFFFFFF-FFFF-FFFF-FFFF-FFFFFFFFFFFF-" LEFT="0." RIGHT="0." />
<ParagraphStyle ALIGN="Right" FIRSTLINE="0." ID="StyleId-521E1FC6-FE7E-43A4-90E6-A9B61626A263-" LEFT="0." LINESPACE="13.30000019" RIGHT="0." />
<ParagraphStyle ALIGN="Left" FIRSTLINE="-27." ID="StyleId-639B624E-F6F5-47B6-BB1D-34E64B53022F-" LEFT="0." LINESPACE="13.43999958" RIGHT="0." />
<ParagraphStyle ALIGN="Left" FIRSTLINE="0." ID="StyleId-100905F9-D385-406B-A5BD-ED5B8FD85431-" LEFT="0." RIGHT="0." />
<ParagraphStyle ALIGN="Left" FIRSTLINE="-27." ID="StyleId-7C9F9BA2-EF3A-4B7F-8486-CCC7B7F49B39-" LEFT="0." LINESPACE="18.71999931" RIGHT="0." />
<ParagraphStyle ALIGN="Block" FIRSTLINE="-27." ID="StyleId-350780E3-60F2-4605-88F5-BB54F9B87091-" LEFT="0." LINESPACE="18.71999931" RIGHT="0." />
<ParagraphStyle ALIGN="Left" FIRSTLINE="0." ID="StyleId-90B16C58-D795-4C77-9B89-30378C515D40-" LEFT="0." LINESPACE="14.39999962" RIGHT="0." />
<ParagraphStyle ALIGN="Right" FIRSTLINE="-27." ID="StyleId-17090E09-AFAF-4086-BD9B-4E99FAE6B057-" LEFT="0." LINESPACE="14.39999962" RIGHT="0." />
<ParagraphStyle ALIGN="Left" FIRSTLINE="-27." ID="StyleId-8B87B633-89DB-4D72-B1FC-26E4ABD680BC-" LEFT="0." LINESPACE="18.47999954" RIGHT="0." />
<ParagraphStyle ALIGN="Left" FIRSTLINE="0." ID="StyleId-42DA7417-CA90-4D71-A57B-06556C38D752-" LEFT="0." LINESPACE="13.30000019" RIGHT="0." />
<ParagraphStyle ALIGN="Block" FIRSTLINE="0." ID="StyleId-D8EE2A7E-42AE-4E35-98DB-F0F935637AA0-" LEFT="0." LINESPACE="6.599999905" RIGHT="0." />
<ParagraphStyle ALIGN="Left" FIRSTLINE="0." ID="StyleId-33CD3121-D4F5-43B6-BA96-6382D166E6B8-" LEFT="0." LINESPACE="15.5" RIGHT="0." />
<ParagraphStyle ALIGN="Block" FIRSTLINE="-21." ID="StyleId-1CE52AFA-C319-4DD9-B4B1-F0EBFA2B3F0B-" LEFT="0." LINESPACE="18.71999931" RIGHT="0." />
<ParagraphStyle ALIGN="Left" FIRSTLINE="0." ID="StyleId-B74F1B65-92F1-49C5-A5FA-D20442F031F2-" LEFT="0." LINESPACE="17.70006076" RIGHT="0." />
<ParagraphStyle ALIGN="Center" FIRSTLINE="0." ID="StyleId-79E2924A-215C-40B7-B577-7236BFBAA25E-" LEFT="0." LINESPACE="7.199999809" RIGHT="0." />
</Styles>
<Layout>
<Page HEIGHT="4196" ID="Page138" PHYSICAL_IMG_NR="138" WIDTH="2350">
<TopMargin HEIGHT="399" HPOS="0" VPOS="0" WIDTH="2350">
</TopMargin>
<LeftMargin HEIGHT="3607" HPOS="0" VPOS="399" WIDTH="202">
</LeftMargin>
<RightMargin HEIGHT="3607" HPOS="2212" VPOS="399" WIDTH="138">
</RightMargin>
<BottomMargin HEIGHT="190" HPOS="0" VPOS="4006" WIDTH="2350">
<TextBlock HEIGHT="61" HPOS="1144" ID="Page138_Block1" LANG="en-US" STYLEREFS="StyleId-6D22BC32-8347-4E9D-9741-4BB30C7DC8CC-" VPOS="4015" WIDTH="109">
<TextLine HEIGHT="49" HPOS="1150" VPOS="4021" WIDTH="97">
<String CONTENT="138" HEIGHT="49" HPOS="1150" VPOS="4021" WIDTH="97" />
</TextLine>
</TextBlock>
</BottomMargin>
<PrintSpace HEIGHT="3607" HPOS="202" VPOS="399" WIDTH="2010">
<TextBlock CS="1" HEIGHT="3607" HPOS="202" ID="Page138_Block2" LANG="en-US" STYLEREFS="StyleId-FDB994E4-AB6C-43FB-AC29-108557E4F4F3-" VPOS="399" WIDTH="2010">
<TextLine HEIGHT="64" HPOS="215" STYLEREFS="StyleId-241147B7-6B51-4992-92C9-2780912288AB-" VPOS="405" WIDTH="670">
<String CONTENT="Magill," HEIGHT="64" HPOS="215" VPOS="405" WIDTH="220" />
<SP HEIGHT="63" HPOS="436" VPOS="406" WIDTH="27" />
<String CONTENT="Arthur" HEIGHT="52" HPOS="464" VPOS="406" WIDTH="231" />
<SP HEIGHT="52" HPOS="696" VPOS="407" WIDTH="29" />
<String CONTENT="Clay." HEIGHT="62" HPOS="726" VPOS="406" WIDTH="159" />
</TextLine>
<TextLine HEIGHT="69" HPOS="286" STYLEREFS="StyleId-58AAB3E1-4B44-4B6E-83A9-FBF4217F744B-" VPOS="481" WIDTH="1914">
<String CONTENT="The" HEIGHT="52" HPOS="286" VPOS="481" WIDTH="120" />
<SP HEIGHT="34" HPOS="407" VPOS="501" WIDTH="25" />
<String CONTENT="calcium" HEIGHT="52" HPOS="433" VPOS="483" WIDTH="239" />
<SP HEIGHT="32" HPOS="673" VPOS="501" WIDTH="27" />
<String CONTENT="antagonism" HEIGHT="67" HPOS="701" VPOS="483" WIDTH="359" />
<SP HEIGHT="49" HPOS="1061" VPOS="483" WIDTH="22" />
<String CONTENT="in" HEIGHT="49" HPOS="1084" VPOS="483" WIDTH="62" />
<SP HEIGHT="33" HPOS="1147" VPOS="500" WIDTH="25" />
<String CONTENT="soil" HEIGHT="52" HPOS="1173" VPOS="481" WIDTH="104" />
<SP HEIGHT="51" HPOS="1278" VPOS="482" WIDTH="28" />
<String CONTENT="and" HEIGHT="51" HPOS="1307" VPOS="482" WIDTH="110" />
<SP HEIGHT="51" HPOS="1418" VPOS="482" WIDTH="29" />
<String CONTENT="oak" HEIGHT="51" HPOS="1448" VPOS="482" WIDTH="107" />
<SP HEIGHT="50" HPOS="1556" VPOS="482" WIDTH="24" />
<String CONTENT="wood," HEIGHT="53" HPOS="1581" VPOS="482" WIDTH="178" />
<SP HEIGHT="52" HPOS="1760" VPOS="483" WIDTH="25" />
<String CONTENT="by" HEIGHT="66" HPOS="1786" VPOS="483" WIDTH="74" />
<SP HEIGHT="66" HPOS="1861" VPOS="483" WIDTH="25" />
<String CONTENT="Arthur" HEIGHT="51" HPOS="1887" VPOS="483" WIDTH="223" />
<SP HEIGHT="53" HPOS="2111" VPOS="483" WIDTH="28" />
<String CONTENT="C." HEIGHT="53" HPOS="2140" VPOS="483" WIDTH="60" />
</TextLine>
<TextLine CS="1" HEIGHT="70" HPOS="219" STYLEREFS="StyleId-58AAB3E1-4B44-4B6E-83A9-FBF4217F744B-" VPOS="558" WIDTH="1982">
<String CONTENT="Magill" HEIGHT="69" HPOS="219" VPOS="558" WIDTH="204" />
<SP HEIGHT="50" HPOS="424" VPOS="560" WIDTH="59" />
<String CONTENT="&#8230;" CS="1" />
<SP HEIGHT="49" HPOS="538" VPOS="563" WIDTH="95" />
<String CONTENT="Yashville." HEIGHT="52" HPOS="634" VPOS="560" WIDTH="312" />
<SP HEIGHT="50" HPOS="947" VPOS="562" WIDTH="55" />
<String CONTENT="Tenn.." HEIGHT="50" HPOS="1003" VPOS="562" WIDTH="189" />
<SP HEIGHT="52" HPOS="1193" VPOS="560" WIDTH="56" />
<String CONTENT="George" HEIGHT="67" HPOS="1250" VPOS="560" WIDTH="218" />
<SP HEIGHT="49" HPOS="1469" VPOS="563" WIDTH="53" />
<String CONTENT="Peabody" HEIGHT="65" HPOS="1523" VPOS="560" WIDTH="268" />
<SP HEIGHT="49" HPOS="1792" VPOS="576" WIDTH="53" />
<String CONTENT="college" HEIGHT="67" HPOS="1846" VPOS="561" WIDTH="208" />
<SP HEIGHT="51" HPOS="2055" VPOS="560" WIDTH="52" />
<String CONTENT="for" HEIGHT="52" HPOS="2108" VPOS="560" WIDTH="93" />
</TextLine>
<TextLine HEIGHT="54" HPOS="213" STYLEREFS="StyleId-58AAB3E1-4B44-4B6E-83A9-FBF4217F744B-" VPOS="637" WIDTH="451">
<String CONTENT="teachers." HEIGHT="52" HPOS="213" VPOS="637" WIDTH="269" />
<SP HEIGHT="46" HPOS="483" VPOS="645" WIDTH="32" />
<String CONTENT="1933." HEIGHT="50" HPOS="516" VPOS="641" WIDTH="148" />
</TextLine>
<TextLine CS="1" HEIGHT="99" HPOS="213" VPOS="709" WIDTH="1973">
<String CONTENT="3" HEIGHT="39" HPOS="285" VPOS="712" WIDTH="26" />
<SP />
<String CONTENT="p." HEIGHT="36" HPOS="342" VPOS="722" WIDTH="39" />
<SP HEIGHT="37" HPOS="382" VPOS="712" WIDTH="32" />
<String CONTENT="1.." HEIGHT="38" HPOS="415" VPOS="712" WIDTH="42" />
<SP HEIGHT="36" HPOS="458" VPOS="722" WIDTH="31" />
<String CONTENT="p." HEIGHT="36" HPOS="490" VPOS="722" WIDTH="42" />
<SP HEIGHT="40" HPOS="533" VPOS="711" WIDTH="30" />
<String CONTENT="275-322." HEIGHT="40" HPOS="564" VPOS="711" WIDTH="215" />
<SP HEIGHT="38" HPOS="780" VPOS="711" WIDTH="58" />
<String CONTENT="illus." HEIGHT="38" HPOS="839" VPOS="711" WIDTH="127" />
<SP HEIGHT="47" HPOS="967" VPOS="710" WIDTH="29" />
<String CONTENT="(map)" HEIGHT="47" HPOS="997" VPOS="710" WIDTH="157" />
<SP HEIGHT="46" HPOS="1155" VPOS="711" WIDTH="40" />
<String CONTENT="diagrs." HEIGHT="47" HPOS="1196" VPOS="710" WIDTH="175" />
<SP HEIGHT="37" HPOS="1372" VPOS="711" WIDTH="61" />
<String CONTENT="23" HEIGHT="39" HPOS="1434" VPOS="711" WIDTH="56" />
<String CONTENT="cm" HEIGHT="21" HPOS="1492" STYLE="superscript" VPOS="712" WIDTH="44" />
<String CONTENT="." HEIGHT="6" HPOS="1543" VPOS="743" WIDTH="6" />
<SP HEIGHT="47" HPOS="1550" VPOS="711" WIDTH="71" />
<String CONTENT="(Half-title:" HEIGHT="48" HPOS="1622" VPOS="710" WIDTH="296" />
<SP HEIGHT="40" HPOS="1919" VPOS="709" WIDTH="33" />
<String CONTENT="Contribution" HEIGHT="99" HPOS="213" VPOS="709" WIDTH="1973" />
</TextLine>
<TextLine HEIGHT="49" HPOS="359" VPOS="766" WIDTH="1845">
<String CONTENT="to" HEIGHT="30" HPOS="359" VPOS="777" WIDTH="50" />
<SP HEIGHT="29" HPOS="410" VPOS="779" WIDTH="42" />
<String CONTENT="education" HEIGHT="40" HPOS="453" VPOS="768" WIDTH="256" />
<SP HEIGHT="37" HPOS="710" VPOS="778" WIDTH="41" />
<String CONTENT="published" HEIGHT="47" HPOS="752" VPOS="768" WIDTH="255" />
<SP HEIGHT="37" HPOS="1008" VPOS="769" WIDTH="42" />
<String CONTENT="under" HEIGHT="39" HPOS="1051" VPOS="768" WIDTH="151" />
<SP HEIGHT="35" HPOS="1203" VPOS="771" WIDTH="44" />
<String CONTENT="the" HEIGHT="39" HPOS="1248" VPOS="767" WIDTH="81" />
<SP HEIGHT="38" HPOS="1330" VPOS="768" WIDTH="44" />
<String CONTENT="direction" HEIGHT="40" HPOS="1375" VPOS="766" WIDTH="235" />
<SP HEIGHT="28" HPOS="1611" VPOS="778" WIDTH="44" />
<String CONTENT="of" HEIGHT="39" HPOS="1656" VPOS="767" WIDTH="51" />
<SP HEIGHT="40" HPOS="1708" VPOS="766" WIDTH="45" />
<String CONTENT="George" HEIGHT="47" HPOS="1754" VPOS="766" WIDTH="180" />
<SP HEIGHT="38" HPOS="1935" VPOS="767" WIDTH="44" />
<String CONTENT="Peabody" HEIGHT="46" HPOS="1980" VPOS="767" WIDTH="224" />
</TextLine>
<TextLine HEIGHT="48" HPOS="215" VPOS="824" WIDTH="780">
<String CONTENT="college" HEIGHT="46" HPOS="215" VPOS="826" WIDTH="175" />
<SP HEIGHT="38" HPOS="391" VPOS="826" WIDTH="24" />
<String CONTENT="for" HEIGHT="38" HPOS="416" VPOS="826" WIDTH="78" />
<SP HEIGHT="33" HPOS="495" VPOS="831" WIDTH="27" />
<String CONTENT="teachers," HEIGHT="45" HPOS="523" VPOS="826" WIDTH="232" />
<SP HEIGHT="35" HPOS="756" VPOS="836" WIDTH="26" />
<String CONTENT="no." HEIGHT="29" HPOS="783" VPOS="835" WIDTH="73" />
<SP HEIGHT="37" HPOS="857" VPOS="826" WIDTH="28" />
<String CONTENT="109)" HEIGHT="48" HPOS="886" VPOS="824" WIDTH="109" />
</TextLine>
<TextLine CS="1" HEIGHT="49" HPOS="284" VPOS="879" WIDTH="1664">
<String CONTENT="Thesis" HEIGHT="40" HPOS="284" VPOS="882" WIDTH="170" />
<SP HEIGHT="40" HPOS="455" VPOS="883" WIDTH="39" />
<String CONTENT="(PH." CS="1" HEIGHT="28" HPOS="548" VPOS="893" WIDTH="52" />
<SP HEIGHT="28" HPOS="601" VPOS="893" WIDTH="30" />
<String CONTENT="D." CS="1" HEIGHT="6" HPOS="663" VPOS="913" WIDTH="6" />
<SP HEIGHT="45" HPOS="670" VPOS="883" WIDTH="12" />
<String CONTENT=")&#8212;George" HEIGHT="47" HPOS="683" VPOS="881" WIDTH="270" />
<SP HEIGHT="39" HPOS="954" VPOS="881" WIDTH="27" />
<String CONTENT="Peabody" HEIGHT="46" HPOS="982" VPOS="881" WIDTH="223" />
<SP HEIGHT="36" HPOS="1206" VPOS="891" WIDTH="32" />
<String CONTENT="college" HEIGHT="46" HPOS="1239" VPOS="881" WIDTH="177" />
<SP HEIGHT="40" HPOS="1417" VPOS="880" WIDTH="26" />
<String CONTENT="for" HEIGHT="39" HPOS="1444" VPOS="880" WIDTH="79" />
<SP HEIGHT="31" HPOS="1524" VPOS="888" WIDTH="30" />
<String CONTENT="teachers," HEIGHT="46" HPOS="1555" VPOS="880" WIDTH="234" />
<SP HEIGHT="45" HPOS="1790" VPOS="881" WIDTH="31" />
<String CONTENT="1933." HEIGHT="40" HPOS="1822" VPOS="879" WIDTH="126" />
</TextLine>
<TextLine HEIGHT="51" HPOS="314" VPOS="934" WIDTH="1887">
<String CONTENT="Reprinted" HEIGHT="46" HPOS="314" VPOS="939" WIDTH="266" />
<SP HEIGHT="40" HPOS="581" VPOS="938" WIDTH="32" />
<String CONTENT="from" HEIGHT="39" HPOS="614" VPOS="938" WIDTH="130" />
<SP HEIGHT="30" HPOS="745" VPOS="947" WIDTH="32" />
<String CONTENT="the" HEIGHT="38" HPOS="778" VPOS="939" WIDTH="81" />
<SP HEIGHT="38" HPOS="860" VPOS="939" WIDTH="36" />
<String CONTENT="Journal" HEIGHT="38" HPOS="897" VPOS="939" WIDTH="205" />
<SP HEIGHT="38" HPOS="1103" VPOS="939" WIDTH="37" />
<String CONTENT="of" HEIGHT="39" HPOS="1141" VPOS="938" WIDTH="48" />
<SP HEIGHT="39" HPOS="1190" VPOS="938" WIDTH="35" />
<String CONTENT="the" HEIGHT="39" HPOS="1226" VPOS="938" WIDTH="82" />
<SP HEIGHT="39" HPOS="1309" VPOS="938" WIDTH="33" />
<String CONTENT="Tennessee" HEIGHT="38" HPOS="1343" VPOS="938" WIDTH="268" />
<SP HEIGHT="29" HPOS="1612" VPOS="946" WIDTH="37" />
<String CONTENT="academy" HEIGHT="45" HPOS="1650" VPOS="937" WIDTH="230" />
<SP HEIGHT="35" HPOS="1881" VPOS="947" WIDTH="36" />
<String CONTENT="of" HEIGHT="39" HPOS="1918" VPOS="936" WIDTH="50" />
<SP HEIGHT="38" HPOS="1969" VPOS="936" WIDTH="35" />
<String CONTENT="science," HEIGHT="40" HPOS="2005" VPOS="934" WIDTH="196" />
</TextLine>
<TextLine CS="1" HEIGHT="55" HPOS="213" VPOS="995" WIDTH="595">
<String CONTENT="vol." HEIGHT="37" HPOS="213" VPOS="998" WIDTH="88" />
<SP HEIGHT="26" HPOS="302" VPOS="1008" WIDTH="30" />
<String CONTENT="VIII" CS="1" />
<SP HEIGHT="46" HPOS="427" VPOS="997" WIDTH="37" />
<String CONTENT="(July)." HEIGHT="54" HPOS="465" VPOS="996" WIDTH="184" />
<SP HEIGHT="37" HPOS="650" VPOS="997" WIDTH="30" />
<String CONTENT="1933." HEIGHT="40" HPOS="681" VPOS="995" WIDTH="127" />
</TextLine>
<TextLine HEIGHT="48" HPOS="285" VPOS="1052" WIDTH="722">
<String CONTENT="Bibliographical" HEIGHT="48" HPOS="285" VPOS="1052" WIDTH="412" />
<SP HEIGHT="40" HPOS="698" VPOS="1053" WIDTH="32" />
<String CONTENT="foot-notes." HEIGHT="38" HPOS="731" VPOS="1053" WIDTH="276" />
</TextLine>
<TextLine CS="1" HEIGHT="52" HPOS="220" VPOS="1117" WIDTH="1981">
<String CONTENT="&#169;" HEIGHT="51" HPOS="220" VPOS="1118" WIDTH="44" />
<SP HEIGHT="51" HPOS="265" VPOS="1118" WIDTH="34" />
<String CONTENT="Oct." HEIGHT="41" HPOS="300" VPOS="1122" WIDTH="99" />
<SP HEIGHT="38" HPOS="400" VPOS="1124" WIDTH="30" />
<String CONTENT="12." HEIGHT="39" HPOS="431" VPOS="1123" WIDTH="67" />
<SP HEIGHT="37" HPOS="499" VPOS="1125" WIDTH="31" />
<String CONTENT="1933;" CS="1" HEIGHT="40" HPOS="531" VPOS="1122" WIDTH="113" />
<SP HEIGHT="39" HPOS="671" VPOS="1123" WIDTH="33" />
<String CONTENT="2c." HEIGHT="39" HPOS="705" VPOS="1123" WIDTH="64" />
<SP HEIGHT="28" HPOS="770" VPOS="1132" WIDTH="34" />
<String CONTENT="and" HEIGHT="37" HPOS="805" VPOS="1123" WIDTH="95" />
<SP HEIGHT="37" HPOS="901" VPOS="1123" WIDTH="30" />
<String CONTENT="aff." HEIGHT="39" HPOS="932" VPOS="1121" WIDTH="78" />
<SP HEIGHT="37" HPOS="1011" VPOS="1122" WIDTH="33" />
<String CONTENT="Dec." HEIGHT="38" HPOS="1045" VPOS="1122" WIDTH="109" />
<SP HEIGHT="40" HPOS="1155" VPOS="1120" WIDTH="32" />
<String CONTENT="6:" CS="1" HEIGHT="39" HPOS="1188" VPOS="1120" WIDTH="24" />
<SP HEIGHT="38" HPOS="1238" VPOS="1122" WIDTH="34" />
<String CONTENT="A" HEIGHT="36" HPOS="1273" VPOS="1122" WIDTH="42" />
<SP HEIGHT="39" HPOS="1316" VPOS="1120" WIDTH="30" />
<String CONTENT="68731:" CS="1" HEIGHT="39" HPOS="1347" VPOS="1120" WIDTH="167" />
<SP HEIGHT="37" HPOS="1515" VPOS="1121" WIDTH="34" />
<String CONTENT="A." HEIGHT="38" HPOS="1550" VPOS="1121" WIDTH="52" />
<SP HEIGHT="40" HPOS="1603" VPOS="1119" WIDTH="35" />
<String CONTENT="C." HEIGHT="41" HPOS="1639" VPOS="1119" WIDTH="47" />
<SP HEIGHT="39" HPOS="1687" VPOS="1121" WIDTH="33" />
<String CONTENT="Magill." HEIGHT="47" HPOS="1721" VPOS="1119" WIDTH="182" />
<SP HEIGHT="39" HPOS="1904" VPOS="1119" WIDTH="32" />
<String CONTENT="Nashville." HEIGHT="39" HPOS="1937" VPOS="1117" WIDTH="264" />
</TextLine>
<TextLine CS="1" HEIGHT="47" HPOS="292" VPOS="1179" WIDTH="219">
<String CONTENT="(34-812)" CS="1" HEIGHT="47" HPOS="292" VPOS="1179" WIDTH="219" />
</TextLine>
<TextLine CS="1" HEIGHT="130" HPOS="275" STYLEREFS="StyleId-58AAB3E1-4B44-4B6E-83A9-FBF4217F744B-" VPOS="1295" WIDTH="1904">
<String CONTENT="&#8230;" CS="1" />
<SP HEIGHT="50" HPOS="275" VPOS="1298" WIDTH="44" />
<String CONTENT="The" HEIGHT="52" HPOS="320" VPOS="1296" WIDTH="117" />
<SP HEIGHT="51" HPOS="438" VPOS="1297" WIDTH="34" />
<String CONTENT="Martindale-Hubbell" CS="1" HEIGHT="53" HPOS="473" VPOS="1295" WIDTH="638" />
<SP HEIGHT="51" HPOS="1112" VPOS="1296" WIDTH="33" />
<String CONTENT="law" HEIGHT="50" HPOS="1146" VPOS="1296" WIDTH="107" />
<SP HEIGHT="50" HPOS="1254" VPOS="1296" WIDTH="37" />
<String CONTENT="directory" HEIGHT="67" HPOS="1292" VPOS="1295" WIDTH="284" />
<SP HEIGHT="67" HPOS="1577" VPOS="1295" WIDTH="32" />
<String CONTENT="(annual)" HEIGHT="66" HPOS="1610" VPOS="1295" WIDTH="264" />
<SP HEIGHT="56" HPOS="1875" VPOS="1295" WIDTH="83" />
<String CONTENT="Martindale&#8217;s" HEIGHT="130" HPOS="287" VPOS="1295" WIDTH="1892" />
</TextLine>
<TextLine CS="1" HEIGHT="69" HPOS="497" STYLEREFS="StyleId-58AAB3E1-4B44-4B6E-83A9-FBF4217F744B-" VPOS="1371" WIDTH="1705">
<String CONTENT="American" HEIGHT="51" HPOS="497" VPOS="1375" WIDTH="303" />
<SP HEIGHT="49" HPOS="801" VPOS="1375" WIDTH="42" />
<String CONTENT="law" HEIGHT="49" HPOS="844" VPOS="1375" WIDTH="108" />
<SP HEIGHT="50" HPOS="953" VPOS="1374" WIDTH="40" />
<String CONTENT="directory." HEIGHT="67" HPOS="994" VPOS="1373" WIDTH="300" />
<SP HEIGHT="46" HPOS="1295" VPOS="1379" WIDTH="41" />
<String CONTENT="1868-1930:" HEIGHT="51" HPOS="1337" VPOS="1374" WIDTH="334" />
<SP HEIGHT="50" HPOS="1672" VPOS="1374" WIDTH="43" />
<String CONTENT="Hubbell's" CS="1" HEIGHT="52" HPOS="1716" VPOS="1372" WIDTH="298" />
<SP HEIGHT="50" HPOS="2015" VPOS="1374" WIDTH="39" />
<String CONTENT="legal" HEIGHT="68" HPOS="2055" VPOS="1371" WIDTH="147" />
</TextLine>
<TextLine CS="1" HEIGHT="68" HPOS="285" STYLEREFS="StyleId-58AAB3E1-4B44-4B6E-83A9-FBF4217F744B-" VPOS="1450" WIDTH="1692">
<String CONTENT="directory." HEIGHT="68" HPOS="285" VPOS="1450" WIDTH="301" />
<SP HEIGHT="46" HPOS="587" VPOS="1457" WIDTH="47" />
<String CONTENT="1870-1930;" HEIGHT="64" HPOS="635" VPOS="1453" WIDTH="337" />
<SP HEIGHT="65" HPOS="973" VPOS="1452" WIDTH="52" />
<String CONTENT="The" HEIGHT="52" HPOS="1026" VPOS="1451" WIDTH="117" />
<SP HEIGHT="50" HPOS="1144" VPOS="1453" WIDTH="45" />
<String CONTENT="Martindale-Hubbell" HEIGHT="52" HPOS="1190" VPOS="1451" WIDTH="634" />
<SP HEIGHT="52" HPOS="1825" VPOS="1451" WIDTH="44" />
<String CONTENT="law" HEIGHT="49" HPOS="1870" VPOS="1451" WIDTH="107" />
</TextLine>
<TextLine CS="1" HEIGHT="147" HPOS="283" STYLEREFS="StyleId-58AAB3E1-4B44-4B6E-83A9-FBF4217F744B-" VPOS="1449" WIDTH="1918">
<String CONTENT="directory." HEIGHT="147" HPOS="283" VPOS="1449" WIDTH="1894" />
<SP HEIGHT="47" HPOS="430" VPOS="1534" WIDTH="60" />
<String CONTENT="1931-1933." HEIGHT="48" HPOS="491" VPOS="1532" WIDTH="324" />
<SP HEIGHT="52" HPOS="816" VPOS="1531" WIDTH="93" />
<String CONTENT="January." HEIGHT="65" HPOS="910" VPOS="1531" WIDTH="276" />
<SP HEIGHT="46" HPOS="1187" VPOS="1534" WIDTH="62" />
<String CONTENT="193d" HEIGHT="48" HPOS="1250" VPOS="1532" WIDTH="137" />
<SP HEIGHT="47" HPOS="1388" VPOS="1533" WIDTH="61" />
<String CONTENT="&#8230;" CS="1" />
<SP />
<String CONTENT="[66th" HEIGHT="65" HPOS="1606" VPOS="1529" WIDTH="152" />
<SP HEIGHT="65" HPOS="1759" VPOS="1529" WIDTH="55" />
<String CONTENT="year]" HEIGHT="48" HPOS="1815" VPOS="1546" WIDTH="153" />
<SP HEIGHT="65" HPOS="1969" VPOS="1528" WIDTH="95" />
<String CONTENT="New" CS="1" HEIGHT="32" HPOS="2122" VPOS="1546" WIDTH="79" />
</TextLine>
<TextLine CS="1" HEIGHT="65" HPOS="282" STYLEREFS="StyleId-58AAB3E1-4B44-4B6E-83A9-FBF4217F744B-" VPOS="1607" WIDTH="1224">
<String CONTENT="York." HEIGHT="54" HPOS="282" VPOS="1607" WIDTH="179" />
<SP HEIGHT="53" HPOS="462" VPOS="1608" WIDTH="27" />
<String CONTENT="Martindale-Hubbell." HEIGHT="56" HPOS="490" VPOS="1607" WIDTH="648" />
<SP HEIGHT="55" HPOS="1139" VPOS="1608" WIDTH="31" />
<String CONTENT="inc." HEIGHT="52" HPOS="1171" VPOS="1608" WIDTH="104" />
<SP HEIGHT="47" HPOS="1276" VPOS="1613" WIDTH="39" />
<String CONTENT="[c1934]" CS="1" HEIGHT="63" HPOS="1355" VPOS="1609" WIDTH="151" />
</TextLine>
<TextLine HEIGHT="40" HPOS="281" VPOS="1680" WIDTH="266">
<String CONTENT="2" HEIGHT="39" HPOS="281" VPOS="1680" WIDTH="26" />
<SP HEIGHT="39" HPOS="308" VPOS="1680" WIDTH="26" />
<String CONTENT="v." HEIGHT="27" HPOS="335" VPOS="1693" WIDTH="41" />
<SP HEIGHT="39" HPOS="377" VPOS="1681" WIDTH="56" />
<String CONTENT="26" HEIGHT="39" HPOS="434" VPOS="1681" WIDTH="56" />
<String CONTENT="cm" HEIGHT="20" HPOS="492" STYLE="superscript" VPOS="1683" WIDTH="44" />
<String CONTENT="." HEIGHT="6" HPOS="541" VPOS="1714" WIDTH="6" />
</TextLine>
<TextLine CS="1" HEIGHT="51" HPOS="220" VPOS="1734" WIDTH="1982">
<String CONTENT="&#169;" HEIGHT="51" HPOS="220" VPOS="1734" WIDTH="40" />
<SP HEIGHT="51" HPOS="261" VPOS="1734" WIDTH="35" />
<String CONTENT="Jan." HEIGHT="39" HPOS="297" VPOS="1738" WIDTH="106" />
<SP HEIGHT="40" HPOS="404" VPOS="1737" WIDTH="31" />
<String CONTENT="9." HEIGHT="40" HPOS="436" VPOS="1737" WIDTH="36" />
<SP HEIGHT="36" HPOS="473" VPOS="1740" WIDTH="30" />
<String CONTENT="1934;" CS="1" />
<SP HEIGHT="38" HPOS="644" VPOS="1738" WIDTH="31" />
<String CONTENT="2c." HEIGHT="39" HPOS="676" VPOS="1738" WIDTH="65" />
<SP HEIGHT="27" HPOS="742" VPOS="1749" WIDTH="31" />
<String CONTENT="and" HEIGHT="38" HPOS="774" VPOS="1739" WIDTH="96" />
<SP HEIGHT="38" HPOS="871" VPOS="1739" WIDTH="28" />
<String CONTENT="aff." HEIGHT="39" HPOS="900" VPOS="1737" WIDTH="80" />
<SP HEIGHT="12" HPOS="981" VPOS="1764" WIDTH="31" />
<String CONTENT="Jan." HEIGHT="38" HPOS="1016" VPOS="1738" WIDTH="104" />
<SP HEIGHT="37" HPOS="1121" VPOS="1738" WIDTH="30" />
<String CONTENT="29:" HEIGHT="39" HPOS="1152" VPOS="1737" WIDTH="79" />
<SP HEIGHT="37" HPOS="1232" VPOS="1738" WIDTH="32" />
<String CONTENT="A" HEIGHT="37" HPOS="1265" VPOS="1738" WIDTH="41" />
<SP HEIGHT="39" HPOS="1307" VPOS="1737" WIDTH="28" />
<String CONTENT="69225:" HEIGHT="39" HPOS="1336" VPOS="1737" WIDTH="167" />
<SP HEIGHT="38" HPOS="1504" VPOS="1738" WIDTH="33" />
<String CONTENT="Martindale-Hubbell." HEIGHT="41" HPOS="1538" VPOS="1735" WIDTH="541" />
<SP HEIGHT="39" HPOS="2080" VPOS="1736" WIDTH="32" />
<String CONTENT="inc." HEIGHT="37" HPOS="2113" VPOS="1736" WIDTH="89" />
</TextLine>
<TextLine HEIGHT="64" HPOS="213" STYLEREFS="StyleId-241147B7-6B51-4992-92C9-2780912288AB-" VPOS="1855" WIDTH="930">
<String CONTENT="Mead," HEIGHT="61" HPOS="213" VPOS="1855" WIDTH="189" />
<SP HEIGHT="59" HPOS="403" VPOS="1857" WIDTH="31" />
<String CONTENT="Cyrus" HEIGHT="61" HPOS="435" VPOS="1857" WIDTH="192" />
<SP HEIGHT="52" HPOS="628" VPOS="1857" WIDTH="29" />
<String CONTENT="De" HEIGHT="51" HPOS="658" VPOS="1857" WIDTH="81" />
<SP HEIGHT="52" HPOS="740" VPOS="1857" WIDTH="28" />
<String CONTENT="Witt," HEIGHT="64" HPOS="769" VPOS="1855" WIDTH="169" />
<SP HEIGHT="59" HPOS="939" VPOS="1860" WIDTH="31" />
<String CONTENT="1875-" HEIGHT="50" HPOS="971" VPOS="1858" WIDTH="172" />
</TextLine>
<TextLine CS="1" HEIGHT="71" HPOS="281" STYLEREFS="StyleId-58AAB3E1-4B44-4B6E-83A9-FBF4217F744B-" VPOS="1930" WIDTH="1921">
<String CONTENT="The" HEIGHT="52" HPOS="281" VPOS="1931" WIDTH="120" />
<SP HEIGHT="46" HPOS="402" VPOS="1937" WIDTH="36" />
<String CONTENT="transitional" HEIGHT="52" HPOS="439" VPOS="1931" WIDTH="366" />
<SP HEIGHT="67" HPOS="806" VPOS="1932" WIDTH="37" />
<String CONTENT="public" HEIGHT="67" HPOS="844" VPOS="1932" WIDTH="191" />
<SP HEIGHT="33" HPOS="1036" VPOS="1951" WIDTH="39" />
<String CONTENT="school," HEIGHT="52" HPOS="1076" VPOS="1932" WIDTH="205" />
<SP HEIGHT="52" HPOS="1282" VPOS="1932" WIDTH="37" />
<String CONTENT="by" HEIGHT="69" HPOS="1320" VPOS="1932" WIDTH="74" />
<SP HEIGHT="70" HPOS="1395" VPOS="1931" WIDTH="39" />
<String CONTENT="Cyrus" HEIGHT="68" HPOS="1435" VPOS="1931" WIDTH="183" />
<SP HEIGHT="52" HPOS="1619" VPOS="1932" WIDTH="39" />
<String CONTENT="D." HEIGHT="52" HPOS="1659" VPOS="1932" WIDTH="71" />
<SP HEIGHT="52" HPOS="1731" VPOS="1932" WIDTH="40" />
<String CONTENT="Mead" HEIGHT="53" HPOS="1772" VPOS="1931" WIDTH="171" />
<SP HEIGHT="53" HPOS="1944" VPOS="1931" WIDTH="45" />
<String CONTENT="&#8230;" CS="1" />
<SP HEIGHT="35" HPOS="2046" VPOS="1948" WIDTH="43" />
<String CONTENT="and" HEIGHT="53" HPOS="2090" VPOS="1930" WIDTH="112" />
</TextLine>
<TextLine CS="1" HEIGHT="70" HPOS="212" STYLEREFS="StyleId-58AAB3E1-4B44-4B6E-83A9-FBF4217F744B-" VPOS="2007" WIDTH="1991">
<String CONTENT="Fred" HEIGHT="54" HPOS="212" VPOS="2007" WIDTH="150" />
<SP HEIGHT="53" HPOS="363" VPOS="2008" WIDTH="33" />
<String CONTENT="W." HEIGHT="53" HPOS="397" VPOS="2008" WIDTH="88" />
<SP HEIGHT="55" HPOS="486" VPOS="2007" WIDTH="37" />
<String CONTENT="Orth" HEIGHT="55" HPOS="524" VPOS="2007" WIDTH="149" />
<SP HEIGHT="51" HPOS="674" VPOS="2009" WIDTH="39" />
<String CONTENT="&#8230;" CS="1" />
<SP HEIGHT="32" HPOS="769" VPOS="2028" WIDTH="41" />
<String CONTENT="with" HEIGHT="52" HPOS="811" VPOS="2009" WIDTH="140" />
<SP HEIGHT="52" HPOS="952" VPOS="2009" WIDTH="34" />
<String CONTENT="an" HEIGHT="33" HPOS="987" VPOS="2028" WIDTH="72" />
<SP HEIGHT="52" HPOS="1060" VPOS="2009" WIDTH="35" />
<String CONTENT="introduction" HEIGHT="53" HPOS="1096" VPOS="2008" WIDTH="386" />
<SP HEIGHT="53" HPOS="1483" VPOS="2009" WIDTH="32" />
<String CONTENT="by" HEIGHT="68" HPOS="1516" VPOS="2009" WIDTH="75" />
<SP HEIGHT="67" HPOS="1592" VPOS="2010" WIDTH="36" />
<String CONTENT="Frank" HEIGHT="53" HPOS="1629" VPOS="2008" WIDTH="199" />
<SP HEIGHT="52" HPOS="1829" VPOS="2008" WIDTH="34" />
<String CONTENT="Pierrepont" HEIGHT="68" HPOS="1864" VPOS="2008" WIDTH="339" />
</TextLine>
<TextLine CS="1" HEIGHT="71" HPOS="211" STYLEREFS="StyleId-58AAB3E1-4B44-4B6E-83A9-FBF4217F744B-" VPOS="2084" WIDTH="1758">
<String CONTENT="Graves" HEIGHT="55" HPOS="211" VPOS="2084" WIDTH="215" />
<SP HEIGHT="33" HPOS="427" VPOS="2106" WIDTH="36" />
<String CONTENT="&#8230;" CS="1" />
<SP HEIGHT="52" HPOS="520" VPOS="2086" WIDTH="69" />
<String CONTENT="New" CS="1" HEIGHT="33" HPOS="650" VPOS="2105" WIDTH="77" />
<SP HEIGHT="51" HPOS="728" VPOS="2087" WIDTH="32" />
<String CONTENT="York." HEIGHT="55" HPOS="761" VPOS="2086" WIDTH="178" />
<SP HEIGHT="54" HPOS="940" VPOS="2087" WIDTH="31" />
<String CONTENT="The" HEIGHT="53" HPOS="972" VPOS="2086" WIDTH="120" />
<SP HEIGHT="53" HPOS="1093" VPOS="2086" WIDTH="29" />
<String CONTENT="Macmillan" HEIGHT="52" HPOS="1123" VPOS="2086" WIDTH="333" />
<SP HEIGHT="34" HPOS="1457" VPOS="2105" WIDTH="31" />
<String CONTENT="company," HEIGHT="51" HPOS="1489" VPOS="2104" WIDTH="296" />
<SP HEIGHT="63" HPOS="1786" VPOS="2090" WIDTH="32" />
<String CONTENT="1934." HEIGHT="51" HPOS="1819" VPOS="2088" WIDTH="150" />
</TextLine>
<TextLine CS="1" HEIGHT="51" HPOS="283" VPOS="2158" WIDTH="923">
<String CONTENT="xxii." HEIGHT="38" HPOS="283" VPOS="2160" WIDTH="116" />
<SP HEIGHT="40" HPOS="400" VPOS="2158" WIDTH="31" />
<String CONTENT="371" HEIGHT="40" HPOS="432" VPOS="2158" WIDTH="84" />
<SP HEIGHT="44" HPOS="517" VPOS="2162" WIDTH="27" />
<String CONTENT="p." HEIGHT="37" HPOS="545" VPOS="2169" WIDTH="43" />
<SP HEIGHT="39" HPOS="589" VPOS="2159" WIDTH="60" />
<String CONTENT="illus.," HEIGHT="50" HPOS="650" VPOS="2159" WIDTH="141" />
<SP HEIGHT="48" HPOS="792" VPOS="2161" WIDTH="32" />
<String CONTENT="diagrs." HEIGHT="46" HPOS="825" VPOS="2160" WIDTH="177" />
<SP HEIGHT="40" HPOS="1003" VPOS="2159" WIDTH="58" />
<String CONTENT="20&#189;cm." CS="1" HEIGHT="40" HPOS="1062" VPOS="2158" WIDTH="144" />
</TextLine>
<TextLine CS="1" HEIGHT="98" HPOS="211" VPOS="2213" WIDTH="1990">
<String CONTENT="&#8220;An" HEIGHT="39" HPOS="282" VPOS="2215" WIDTH="101" />
<SP HEIGHT="29" HPOS="384" VPOS="2226" WIDTH="38" />
<String CONTENT="attempt" HEIGHT="44" HPOS="423" VPOS="2218" WIDTH="207" />
<SP HEIGHT="37" HPOS="631" VPOS="2218" WIDTH="35" />
<String CONTENT="to" HEIGHT="37" HPOS="667" VPOS="2218" WIDTH="49" />
<SP HEIGHT="29" HPOS="717" VPOS="2226" WIDTH="39" />
<String CONTENT="reconcile" HEIGHT="40" HPOS="757" VPOS="2216" WIDTH="234" />
<SP HEIGHT="29" HPOS="992" VPOS="2227" WIDTH="39" />
<String CONTENT="and" HEIGHT="38" HPOS="1032" VPOS="2217" WIDTH="94" />
<SP HEIGHT="40" HPOS="1127" VPOS="2215" WIDTH="39" />
<String CONTENT="harmonize" HEIGHT="40" HPOS="1167" VPOS="2215" WIDTH="277" />
<SP HEIGHT="30" HPOS="1445" VPOS="2225" WIDTH="41" />
<String CONTENT="and" HEIGHT="38" HPOS="1487" VPOS="2217" WIDTH="94" />
<SP HEIGHT="38" HPOS="1582" VPOS="2217" WIDTH="39" />
<String CONTENT="mediate" HEIGHT="40" HPOS="1622" VPOS="2215" WIDTH="210" />
<SP HEIGHT="37" HPOS="1833" VPOS="2218" WIDTH="40" />
<String CONTENT="the" HEIGHT="39" HPOS="1874" VPOS="2216" WIDTH="82" />
<SP HEIGHT="29" HPOS="1957" VPOS="2226" WIDTH="40" />
<String CONTENT="subject-centered" HEIGHT="98" HPOS="211" VPOS="2213" WIDTH="1990" />
</TextLine>
<TextLine HEIGHT="49" HPOS="477" VPOS="2270" WIDTH="1724">
<String CONTENT="public" HEIGHT="47" HPOS="477" VPOS="2272" WIDTH="161" />
<SP HEIGHT="29" HPOS="639" VPOS="2283" WIDTH="43" />
<String CONTENT="school" HEIGHT="38" HPOS="683" VPOS="2273" WIDTH="159" />
<SP HEIGHT="38" HPOS="843" VPOS="2273" WIDTH="45" />
<String CONTENT="and" HEIGHT="38" HPOS="889" VPOS="2274" WIDTH="95" />
<SP HEIGHT="38" HPOS="985" VPOS="2274" WIDTH="42" />
<String CONTENT="the" HEIGHT="39" HPOS="1028" VPOS="2273" WIDTH="80" />
<SP HEIGHT="32" HPOS="1109" VPOS="2280" WIDTH="47" />
<String CONTENT="'child-centered'" HEIGHT="39" HPOS="1157" VPOS="2272" WIDTH="397" />
<SP HEIGHT="39" HPOS="1555" VPOS="2272" WIDTH="47" />
<String CONTENT="activity" HEIGHT="46" HPOS="1603" VPOS="2272" WIDTH="204" />
<SP HEIGHT="37" HPOS="1808" VPOS="2281" WIDTH="45" />
<String CONTENT="experimental" HEIGHT="48" HPOS="1854" VPOS="2270" WIDTH="347" />
</TextLine>
<TextLine HEIGHT="41" HPOS="209" VPOS="2327" WIDTH="397">
<String CONTENT="school.&#8221;&#8212;Pref." HEIGHT="41" HPOS="209" VPOS="2327" WIDTH="397" />
</TextLine>
<TextLine HEIGHT="50" HPOS="279" VPOS="2382" WIDTH="644">
<String CONTENT="Includes" HEIGHT="41" HPOS="279" VPOS="2382" WIDTH="225" />
<SP HEIGHT="39" HPOS="505" VPOS="2384" WIDTH="28" />
<String CONTENT="bibliographies." HEIGHT="49" HPOS="534" VPOS="2383" WIDTH="389" />
</TextLine>
<TextLine CS="1" HEIGHT="51" HPOS="213" VPOS="2438" WIDTH="1985">
<String CONTENT="&#169;" HEIGHT="51" HPOS="213" VPOS="2438" WIDTH="51" />
<SP HEIGHT="51" HPOS="265" VPOS="2438" WIDTH="31" />
<String CONTENT="Jan." HEIGHT="38" HPOS="301" VPOS="2443" WIDTH="103" />
<SP HEIGHT="38" HPOS="405" VPOS="2443" WIDTH="31" />
<String CONTENT="23." HEIGHT="39" HPOS="437" VPOS="2443" WIDTH="66" />
<SP HEIGHT="35" HPOS="504" VPOS="2445" WIDTH="33" />
<String CONTENT="1934;" CS="1" />
<SP HEIGHT="37" HPOS="677" VPOS="2444" WIDTH="34" />
<String CONTENT="2c." HEIGHT="37" HPOS="712" VPOS="2444" WIDTH="64" />
<SP HEIGHT="28" HPOS="777" VPOS="2453" WIDTH="34" />
<String CONTENT="and" HEIGHT="38" HPOS="812" VPOS="2444" WIDTH="94" />
<SP HEIGHT="38" HPOS="907" VPOS="2444" WIDTH="31" />
<String CONTENT="aff." HEIGHT="40" HPOS="939" VPOS="2442" WIDTH="79" />
<SP HEIGHT="38" HPOS="1019" VPOS="2444" WIDTH="33" />
<String CONTENT="Jan." HEIGHT="38" HPOS="1053" VPOS="2444" WIDTH="107" />
<SP HEIGHT="39" HPOS="1161" VPOS="2443" WIDTH="30" />
<String CONTENT="24:" HEIGHT="38" HPOS="1192" VPOS="2443" WIDTH="80" />
<SP HEIGHT="36" HPOS="1273" VPOS="2445" WIDTH="35" />
<String CONTENT="A" HEIGHT="35" HPOS="1309" VPOS="2445" WIDTH="39" />
<SP HEIGHT="38" HPOS="1349" VPOS="2443" WIDTH="32" />
<String CONTENT="69179:" HEIGHT="40" HPOS="1382" VPOS="2442" WIDTH="167" />
<SP HEIGHT="40" HPOS="1550" VPOS="2443" WIDTH="37" />
<String CONTENT="C." HEIGHT="40" HPOS="1588" VPOS="2443" WIDTH="46" />
<SP HEIGHT="39" HPOS="1635" VPOS="2444" WIDTH="33" />
<String CONTENT="D." HEIGHT="38" HPOS="1669" VPOS="2444" WIDTH="55" />
<SP HEIGHT="37" HPOS="1725" VPOS="2444" WIDTH="36" />
<String CONTENT="Mead." HEIGHT="40" HPOS="1762" VPOS="2442" WIDTH="153" />
<SP HEIGHT="38" HPOS="1916" VPOS="2444" WIDTH="33" />
<String CONTENT="Berkeley," HEIGHT="46" HPOS="1950" VPOS="2442" WIDTH="248" />
</TextLine>
<TextLine CS="1" HEIGHT="48" HPOS="283" VPOS="2499" WIDTH="1378">
<String CONTENT="Calif.," HEIGHT="40" HPOS="283" VPOS="2499" WIDTH="155" />
<SP HEIGHT="29" HPOS="439" VPOS="2509" WIDTH="28" />
<String CONTENT="and" HEIGHT="37" HPOS="468" VPOS="2501" WIDTH="93" />
<SP HEIGHT="38" HPOS="562" VPOS="2500" WIDTH="25" />
<String CONTENT="Fred" HEIGHT="39" HPOS="588" VPOS="2500" WIDTH="125" />
<SP HEIGHT="38" HPOS="714" VPOS="2501" WIDTH="24" />
<String CONTENT="W." CS="1" HEIGHT="6" HPOS="801" VPOS="2531" WIDTH="6" />
<SP HEIGHT="40" HPOS="808" VPOS="2500" WIDTH="30" />
<String CONTENT="Orth." HEIGHT="40" HPOS="839" VPOS="2500" WIDTH="133" />
<SP HEIGHT="38" HPOS="973" VPOS="2500" WIDTH="27" />
<String CONTENT="Los" HEIGHT="39" HPOS="1001" VPOS="2500" WIDTH="92" />
<SP HEIGHT="37" HPOS="1094" VPOS="2502" WIDTH="24" />
<String CONTENT="Angeles." HEIGHT="46" HPOS="1119" VPOS="2501" WIDTH="216" />
<SP HEIGHT="37" HPOS="1336" VPOS="2503" WIDTH="75" />
<String CONTENT="(34-2430)" HEIGHT="41" HPOS="1412" VPOS="2500" WIDTH="249" />
</TextLine>
<TextLine HEIGHT="64" HPOS="211" STYLEREFS="StyleId-241147B7-6B51-4992-92C9-2780912288AB-" VPOS="2616" WIDTH="591">
<String CONTENT="Medlock," HEIGHT="64" HPOS="211" VPOS="2616" WIDTH="281" />
<SP HEIGHT="63" HPOS="493" VPOS="2617" WIDTH="28" />
<String CONTENT="Addison." HEIGHT="55" HPOS="522" VPOS="2617" WIDTH="280" />
</TextLine>
<TextLine CS="1" HEIGHT="70" HPOS="280" STYLEREFS="StyleId-58AAB3E1-4B44-4B6E-83A9-FBF4217F744B-" VPOS="2691" WIDTH="1921">
<String CONTENT="Eat-drink" CS="1" HEIGHT="53" HPOS="280" VPOS="2691" WIDTH="325" />
<SP HEIGHT="51" HPOS="606" VPOS="2692" WIDTH="26" />
<String CONTENT="to" HEIGHT="45" HPOS="633" VPOS="2698" WIDTH="57" />
<SP HEIGHT="52" HPOS="691" VPOS="2691" WIDTH="28" />
<String CONTENT="be" HEIGHT="52" HPOS="720" VPOS="2691" WIDTH="62" />
<SP HEIGHT="50" HPOS="783" VPOS="2694" WIDTH="27" />
<String CONTENT="healthy" HEIGHT="67" HPOS="811" VPOS="2692" WIDTH="233" />
<SP HEIGHT="48" HPOS="1045" VPOS="2711" WIDTH="27" />
<String CONTENT="and" HEIGHT="51" HPOS="1073" VPOS="2693" WIDTH="110" />
<SP HEIGHT="52" HPOS="1184" VPOS="2693" WIDTH="27" />
<String CONTENT="tomorrow" HEIGHT="38" HPOS="1212" VPOS="2707" WIDTH="300" />
<SP HEIGHT="48" HPOS="1513" VPOS="2712" WIDTH="27" />
<String CONTENT="you" HEIGHT="49" HPOS="1541" VPOS="2711" WIDTH="111" />
<SP HEIGHT="50" HPOS="1653" VPOS="2695" WIDTH="27" />
<String CONTENT="live," HEIGHT="66" HPOS="1681" VPOS="2695" WIDTH="128" />
<SP HEIGHT="68" HPOS="1810" VPOS="2693" WIDTH="27" />
<String CONTENT="by" HEIGHT="68" HPOS="1838" VPOS="2693" WIDTH="72" />
<SP HEIGHT="68" HPOS="1911" VPOS="2693" WIDTH="28" />
<String CONTENT="Addison" HEIGHT="54" HPOS="1940" VPOS="2692" WIDTH="261" />
</TextLine>
<TextLine CS="1" HEIGHT="69" HPOS="211" STYLEREFS="StyleId-58AAB3E1-4B44-4B6E-83A9-FBF4217F744B-" VPOS="2769" WIDTH="1308">
<String CONTENT="Medlock" HEIGHT="53" HPOS="211" VPOS="2769" WIDTH="265" />
<SP HEIGHT="53" HPOS="477" VPOS="2769" WIDTH="30" />
<String CONTENT="&#8230;" CS="1" />
<SP HEIGHT="54" HPOS="563" VPOS="2769" WIDTH="68" />
<String CONTENT="Salt" HEIGHT="54" HPOS="632" VPOS="2769" WIDTH="123" />
<SP HEIGHT="53" HPOS="756" VPOS="2770" WIDTH="26" />
<String CONTENT="Lake" HEIGHT="52" HPOS="783" VPOS="2769" WIDTH="153" />
<SP HEIGHT="55" HPOS="937" VPOS="2769" WIDTH="30" />
<String CONTENT="City," HEIGHT="69" HPOS="968" VPOS="2769" WIDTH="150" />
<SP HEIGHT="65" HPOS="1119" VPOS="2773" WIDTH="25" />
<String CONTENT="Utah," HEIGHT="68" HPOS="1145" VPOS="2770" WIDTH="174" />
<SP HEIGHT="60" HPOS="1320" VPOS="2778" WIDTH="26" />
<String CONTENT="c" HEIGHT="21" HPOS="1347" STYLE="superscript" VPOS="2778" WIDTH="19" />
<String CONTENT="1933." HEIGHT="49" HPOS="1371" VPOS="2773" WIDTH="148" />
</TextLine>
<TextLine CS="1" HEIGHT="49" HPOS="281" VPOS="2841" WIDTH="595">
<String CONTENT="87," HEIGHT="47" HPOS="281" VPOS="2841" WIDTH="67" />
<SP HEIGHT="30" HPOS="349" VPOS="2860" WIDTH="32" />
<String CONTENT="[1]" HEIGHT="48" HPOS="382" VPOS="2842" WIDTH="55" />
<SP HEIGHT="38" HPOS="438" VPOS="2852" WIDTH="30" />
<String CONTENT="p." HEIGHT="37" HPOS="469" VPOS="2852" WIDTH="42" />
<SP HEIGHT="40" HPOS="512" VPOS="2841" WIDTH="59" />
<String CONTENT="illus." HEIGHT="40" HPOS="572" VPOS="2841" WIDTH="127" />
<SP HEIGHT="39" HPOS="700" VPOS="2842" WIDTH="60" />
<String CONTENT="19cm." CS="1" HEIGHT="7" HPOS="867" VPOS="2873" WIDTH="9" />
</TextLine>
<TextLine CS="1" HEIGHT="100" HPOS="220" VPOS="2898" WIDTH="1960">
<String CONTENT="&#169;" HEIGHT="51" HPOS="220" VPOS="2898" WIDTH="46" />
<SP HEIGHT="51" HPOS="267" VPOS="2898" WIDTH="28" />
<String CONTENT="Jan." HEIGHT="38" HPOS="296" VPOS="2903" WIDTH="108" />
<SP HEIGHT="37" HPOS="405" VPOS="2904" WIDTH="28" />
<String CONTENT="1." HEIGHT="37" HPOS="434" VPOS="2904" WIDTH="38" />
<SP HEIGHT="37" HPOS="473" VPOS="2904" WIDTH="29" />
<String CONTENT="1934;" CS="1" />
<SP HEIGHT="37" HPOS="643" VPOS="2903" WIDTH="31" />
<String CONTENT="2c." HEIGHT="37" HPOS="675" VPOS="2903" WIDTH="65" />
<SP HEIGHT="37" HPOS="741" VPOS="2903" WIDTH="31" />
<String CONTENT="Dec." HEIGHT="39" HPOS="773" VPOS="2903" WIDTH="110" />
<SP HEIGHT="40" HPOS="884" VPOS="2902" WIDTH="29" />
<String CONTENT="26." HEIGHT="40" HPOS="914" VPOS="2901" WIDTH="68" />
<SP HEIGHT="38" HPOS="983" VPOS="2903" WIDTH="29" />
<String CONTENT="1933;" CS="1" HEIGHT="40" HPOS="1013" VPOS="2901" WIDTH="113" />
<SP HEIGHT="28" HPOS="1153" VPOS="2912" WIDTH="31" />
<String CONTENT="aff." HEIGHT="40" HPOS="1185" VPOS="2901" WIDTH="80" />
<SP HEIGHT="38" HPOS="1266" VPOS="2903" WIDTH="32" />
<String CONTENT="Jan." HEIGHT="38" HPOS="1299" VPOS="2903" WIDTH="105" />
<SP HEIGHT="36" HPOS="1405" VPOS="2904" WIDTH="31" />
<String CONTENT="10." HEIGHT="40" HPOS="1437" VPOS="2902" WIDTH="68" />
<SP HEIGHT="37" HPOS="1506" VPOS="2905" WIDTH="31" />
<String CONTENT="1934;" CS="1" />
<SP HEIGHT="37" HPOS="1678" VPOS="2905" WIDTH="33" />
<String CONTENT="A" HEIGHT="37" HPOS="1712" VPOS="2905" WIDTH="40" />
<SP HEIGHT="39" HPOS="1753" VPOS="2903" WIDTH="31" />
<String CONTENT="67949:" HEIGHT="40" HPOS="1785" VPOS="2903" WIDTH="167" />
<SP HEIGHT="37" HPOS="1953" VPOS="2905" WIDTH="33" />
<String CONTENT="A." HEIGHT="37" HPOS="1987" VPOS="2905" WIDTH="53" />
<SP HEIGHT="37" HPOS="2041" VPOS="2905" WIDTH="32" />
<String CONTENT="Medlock." HEIGHT="94" HPOS="275" VPOS="2904" WIDTH="1905" />
</TextLine>
<TextLine CS="1" HEIGHT="46" HPOS="434" VPOS="2959" WIDTH="672">
<String CONTENT="San" HEIGHT="40" HPOS="434" VPOS="2959" WIDTH="95" />
<SP HEIGHT="38" HPOS="530" VPOS="2960" WIDTH="32" />
<String CONTENT="Antonio." HEIGHT="38" HPOS="563" VPOS="2959" WIDTH="222" />
<SP HEIGHT="46" HPOS="786" VPOS="2959" WIDTH="70" />
<String CONTENT="(34-2477)" CS="1" HEIGHT="46" HPOS="857" VPOS="2959" WIDTH="249" />
</TextLine>
<TextLine HEIGHT="65" HPOS="209" STYLEREFS="StyleId-241147B7-6B51-4992-92C9-2780912288AB-" VPOS="3076" WIDTH="934">
<String CONTENT="Meynell," HEIGHT="64" HPOS="209" VPOS="3076" WIDTH="269" />
<SP HEIGHT="62" HPOS="479" VPOS="3078" WIDTH="29" />
<String CONTENT="Laurence" HEIGHT="52" HPOS="509" VPOS="3078" WIDTH="299" />
<SP HEIGHT="51" HPOS="809" VPOS="3079" WIDTH="28" />
<String CONTENT="W.," HEIGHT="62" HPOS="838" VPOS="3079" WIDTH="103" />
<SP HEIGHT="59" HPOS="942" VPOS="3082" WIDTH="30" />
<String CONTENT="1899-" HEIGHT="49" HPOS="973" VPOS="3080" WIDTH="170" />
</TextLine>
<TextLine CS="1" HEIGHT="62" HPOS="353" STYLEREFS="StyleId-58AAB3E1-4B44-4B6E-83A9-FBF4217F744B-" VPOS="3154" WIDTH="1848">
<String CONTENT="Watch" CS="1" HEIGHT="51" HPOS="353" VPOS="3154" WIDTH="129" />
<SP HEIGHT="51" HPOS="483" VPOS="3154" WIDTH="36" />
<String CONTENT="the" HEIGHT="51" HPOS="520" VPOS="3154" WIDTH="94" />
<SP HEIGHT="33" HPOS="615" VPOS="3172" WIDTH="38" />
<String CONTENT="wall," HEIGHT="55" HPOS="654" VPOS="3155" WIDTH="147" />
<SP HEIGHT="55" HPOS="802" VPOS="3155" WIDTH="37" />
<String CONTENT="being" HEIGHT="58" HPOS="840" VPOS="3154" WIDTH="168" />
<SP HEIGHT="39" HPOS="1009" VPOS="3173" WIDTH="38" />
<String CONTENT="an" HEIGHT="32" HPOS="1048" VPOS="3173" WIDTH="69" />
<SP HEIGHT="34" HPOS="1118" VPOS="3172" WIDTH="38" />
<String CONTENT="exciting" HEIGHT="62" HPOS="1157" VPOS="3154" WIDTH="248" />
<SP HEIGHT="60" HPOS="1406" VPOS="3156" WIDTH="36" />
<String CONTENT="interlude" HEIGHT="53" HPOS="1443" VPOS="3156" WIDTH="281" />
<SP HEIGHT="52" HPOS="1725" VPOS="3157" WIDTH="37" />
<String CONTENT="in" HEIGHT="51" HPOS="1763" VPOS="3157" WIDTH="59" />
<SP HEIGHT="47" HPOS="1823" VPOS="3161" WIDTH="36" />
<String CONTENT="the" HEIGHT="51" HPOS="1860" VPOS="3158" WIDTH="94" />
<SP HEIGHT="52" HPOS="1955" VPOS="3157" WIDTH="36" />
<String CONTENT="life" HEIGHT="55" HPOS="1992" VPOS="3155" WIDTH="105" />
<SP HEIGHT="35" HPOS="2098" VPOS="3175" WIDTH="38" />
<String CONTENT="of" HEIGHT="52" HPOS="2137" VPOS="3157" WIDTH="64" />
</TextLine>
<TextLine CS="1" HEIGHT="68" HPOS="208" STYLEREFS="StyleId-58AAB3E1-4B44-4B6E-83A9-FBF4217F744B-" VPOS="3232" WIDTH="1983">
<String CONTENT="a" HEIGHT="34" HPOS="208" VPOS="3249" WIDTH="31" />
<SP HEIGHT="50" HPOS="240" VPOS="3249" WIDTH="47" />
<String CONTENT="young" HEIGHT="50" HPOS="288" VPOS="3249" WIDTH="191" />
<SP HEIGHT="49" HPOS="480" VPOS="3250" WIDTH="45" />
<String CONTENT="man," HEIGHT="48" HPOS="526" VPOS="3249" WIDTH="150" />
<SP HEIGHT="65" HPOS="677" VPOS="3232" WIDTH="48" />
<String CONTENT="by" HEIGHT="67" HPOS="726" VPOS="3232" WIDTH="74" />
<SP HEIGHT="67" HPOS="801" VPOS="3232" WIDTH="46" />
<String CONTENT="Laurence" HEIGHT="51" HPOS="848" VPOS="3232" WIDTH="287" />
<SP HEIGHT="50" HPOS="1136" VPOS="3233" WIDTH="47" />
<String CONTENT="W." HEIGHT="50" HPOS="1184" VPOS="3233" WIDTH="86" />
<SP HEIGHT="51" HPOS="1271" VPOS="3232" WIDTH="51" />
<String CONTENT="Meynell" HEIGHT="67" HPOS="1323" VPOS="3232" WIDTH="249" />
<SP HEIGHT="50" HPOS="1573" VPOS="3234" WIDTH="54" />
<String CONTENT="&#8230;" CS="1" />
<SP HEIGHT="50" HPOS="1681" VPOS="3235" WIDTH="79" />
<String CONTENT="London" HEIGHT="52" HPOS="1761" VPOS="3234" WIDTH="239" />
<SP HEIGHT="47" HPOS="2001" VPOS="3253" WIDTH="54" />
<String CONTENT="[etc.]" CS="1" HEIGHT="62" HPOS="2056" VPOS="3238" WIDTH="135" />
</TextLine>
<TextLine CS="1" HEIGHT="67" HPOS="208" STYLEREFS="StyleId-58AAB3E1-4B44-4B6E-83A9-FBF4217F744B-" VPOS="3308" WIDTH="964">
<String CONTENT="G." HEIGHT="52" HPOS="208" VPOS="3309" WIDTH="65" />
<SP HEIGHT="54" HPOS="274" VPOS="3308" WIDTH="32" />
<String CONTENT="G." HEIGHT="54" HPOS="307" VPOS="3308" WIDTH="66" />
<SP HEIGHT="51" HPOS="374" VPOS="3309" WIDTH="28" />
<String CONTENT="Harrap" HEIGHT="66" HPOS="403" VPOS="3309" WIDTH="235" />
<SP HEIGHT="64" HPOS="639" VPOS="3311" WIDTH="29" />
<String CONTENT="&amp;" HEIGHT="49" HPOS="669" VPOS="3311" WIDTH="44" />
<SP HEIGHT="50" HPOS="714" VPOS="3311" WIDTH="26" />
<String CONTENT="co.," CS="1" HEIGHT="33" HPOS="741" VPOS="3328" WIDTH="76" />
<SP HEIGHT="51" HPOS="838" VPOS="3311" WIDTH="26" />
<String CONTENT="ltd." HEIGHT="51" HPOS="865" VPOS="3310" WIDTH="101" />
<SP HEIGHT="47" HPOS="967" VPOS="3313" WIDTH="35" />
<String CONTENT="[1933]" CS="1" HEIGHT="62" HPOS="1057" VPOS="3312" WIDTH="115" />
</TextLine>
<TextLine CS="1" HEIGHT="47" HPOS="277" VPOS="3382" WIDTH="342">
<String CONTENT="253" HEIGHT="39" HPOS="277" VPOS="3383" WIDTH="84" />
<SP HEIGHT="46" HPOS="362" VPOS="3383" WIDTH="40" />
<String CONTENT="p." HEIGHT="36" HPOS="403" VPOS="3393" WIDTH="42" />
<SP HEIGHT="37" HPOS="446" VPOS="3384" WIDTH="59" />
<String CONTENT="19cm." CS="1" HEIGHT="39" HPOS="506" VPOS="3382" WIDTH="113" />
</TextLine>
<TextLine CS="1" HEIGHT="107" HPOS="212" VPOS="3436" WIDTH="1965">
<String CONTENT="&#169;" HEIGHT="50" HPOS="212" VPOS="3436" WIDTH="47" />
<SP />
<String CONTENT="1c." CS="1" />
<SP />
<String CONTENT="Jan." HEIGHT="38" HPOS="386" VPOS="3441" WIDTH="106" />
<SP HEIGHT="38" HPOS="493" VPOS="3440" WIDTH="29" />
<String CONTENT="24." HEIGHT="38" HPOS="523" VPOS="3440" WIDTH="66" />
<SP HEIGHT="36" HPOS="590" VPOS="3442" WIDTH="29" />
<String CONTENT="1934;" CS="1" />
<SP HEIGHT="37" HPOS="759" VPOS="3441" WIDTH="30" />
<String CONTENT="A" HEIGHT="37" HPOS="790" VPOS="3441" WIDTH="40" />
<SP HEIGHT="37" HPOS="831" VPOS="3441" WIDTH="26" />
<String CONTENT="ad" HEIGHT="37" HPOS="858" VPOS="3441" WIDTH="62" />
<SP HEIGHT="38" HPOS="921" VPOS="3440" WIDTH="23" />
<String CONTENT="int." HEIGHT="39" HPOS="945" VPOS="3440" WIDTH="85" />
<SP HEIGHT="38" HPOS="1031" VPOS="3441" WIDTH="28" />
<String CONTENT="18651:" CS="1" HEIGHT="39" HPOS="1060" VPOS="3439" WIDTH="167" />
<SP HEIGHT="36" HPOS="1228" VPOS="3450" WIDTH="30" />
<String CONTENT="pubd." HEIGHT="46" HPOS="1259" VPOS="3440" WIDTH="140" />
<SP HEIGHT="39" HPOS="1400" VPOS="3440" WIDTH="28" />
<String CONTENT="Nov." HEIGHT="40" HPOS="1429" VPOS="3440" WIDTH="117" />
<SP HEIGHT="39" HPOS="1547" VPOS="3441" WIDTH="28" />
<String CONTENT="24." HEIGHT="40" HPOS="1576" VPOS="3441" WIDTH="67" />
<SP HEIGHT="37" HPOS="1644" VPOS="3444" WIDTH="30" />
<String CONTENT="1933;" CS="1" HEIGHT="41" HPOS="1675" VPOS="3441" WIDTH="112" />
<SP HEIGHT="45" HPOS="1815" VPOS="3443" WIDTH="32" />
<String CONTENT="J." HEIGHT="38" HPOS="1848" VPOS="3443" WIDTH="41" />
<SP HEIGHT="37" HPOS="1890" VPOS="3443" WIDTH="30" />
<String CONTENT="B." HEIGHT="38" HPOS="1921" VPOS="3443" WIDTH="52" />
<SP HEIGHT="38" HPOS="1974" VPOS="3443" WIDTH="30" />
<String CONTENT="Lippincott" HEIGHT="94" HPOS="278" VPOS="3442" WIDTH="1899" />
<SP HEIGHT="36" HPOS="377" VPOS="3500" WIDTH="30" />
<String CONTENT="co.," CS="1" HEIGHT="28" HPOS="408" VPOS="3508" WIDTH="63" />
<SP HEIGHT="39" HPOS="488" VPOS="3498" WIDTH="32" />
<String CONTENT="Philadelphia." HEIGHT="46" HPOS="521" VPOS="3497" WIDTH="350" />
</TextLine>
<TextLine HEIGHT="46" HPOS="948" VPOS="3496" WIDTH="246">
<String CONTENT="(34-3283)" HEIGHT="46" HPOS="948" VPOS="3496" WIDTH="246" />
</TextLine>
<TextLine HEIGHT="64" HPOS="209" STYLEREFS="StyleId-241147B7-6B51-4992-92C9-2780912288AB-" VPOS="3614" WIDTH="1031">
<String CONTENT="Miller," HEIGHT="64" HPOS="209" VPOS="3614" WIDTH="206" />
<SP HEIGHT="61" HPOS="416" VPOS="3617" WIDTH="30" />
<String CONTENT="Mrs." HEIGHT="51" HPOS="447" VPOS="3617" WIDTH="136" />
<SP HEIGHT="51" HPOS="584" VPOS="3616" WIDTH="33" />
<String CONTENT="Alice" HEIGHT="53" HPOS="618" VPOS="3614" WIDTH="161" />
<SP HEIGHT="61" HPOS="780" VPOS="3616" WIDTH="31" />
<String CONTENT="(Duer)" HEIGHT="62" HPOS="812" VPOS="3615" WIDTH="217" />
<SP HEIGHT="62" HPOS="1030" VPOS="3615" WIDTH="41" />
<String CONTENT="1874-" HEIGHT="52" HPOS="1072" VPOS="3615" WIDTH="168" />
</TextLine>
<TextLine CS="1" HEIGHT="69" HPOS="341" STYLEREFS="StyleId-58AAB3E1-4B44-4B6E-83A9-FBF4217F744B-" VPOS="3692" WIDTH="1853">
<String CONTENT="&#8230;" CS="1" />
<SP HEIGHT="53" HPOS="341" VPOS="3692" WIDTH="54" />
<String CONTENT="Come" HEIGHT="53" HPOS="396" VPOS="3692" WIDTH="167" />
<SP HEIGHT="32" HPOS="564" VPOS="3712" WIDTH="47" />
<String CONTENT="out" HEIGHT="38" HPOS="612" VPOS="3708" WIDTH="94" />
<SP HEIGHT="38" HPOS="707" VPOS="3708" WIDTH="45" />
<String CONTENT="of" HEIGHT="51" HPOS="753" VPOS="3692" WIDTH="63" />
<SP HEIGHT="51" HPOS="817" VPOS="3692" WIDTH="40" />
<String CONTENT="the" HEIGHT="50" HPOS="858" VPOS="3693" WIDTH="93" />
<SP HEIGHT="49" HPOS="952" VPOS="3709" WIDTH="43" />
<String CONTENT="pantry." HEIGHT="61" HPOS="996" VPOS="3697" WIDTH="224" />
<SP HEIGHT="49" HPOS="1221" VPOS="3694" WIDTH="78" />
<String CONTENT="New" CS="1" HEIGHT="33" HPOS="1355" VPOS="3712" WIDTH="80" />
<SP HEIGHT="50" HPOS="1436" VPOS="3696" WIDTH="43" />
<String CONTENT="York." HEIGHT="57" HPOS="1480" VPOS="3695" WIDTH="177" />
<SP HEIGHT="55" HPOS="1658" VPOS="3697" WIDTH="43" />
<String CONTENT="Dodd," HEIGHT="66" HPOS="1702" VPOS="3695" WIDTH="189" />
<SP HEIGHT="63" HPOS="1892" VPOS="3698" WIDTH="43" />
<String CONTENT="Mead" HEIGHT="52" HPOS="1936" VPOS="3696" WIDTH="170" />
<SP HEIGHT="53" HPOS="2107" VPOS="3696" WIDTH="43" />
<String CONTENT="&amp;" HEIGHT="49" HPOS="2151" VPOS="3700" WIDTH="43" />
</TextLine>
<TextLine HEIGHT="63" HPOS="212" STYLEREFS="StyleId-CB56C7BE-071E-4F8F-A8CF-569B828715B8-" VPOS="3773" WIDTH="475">
<String CONTENT="company." HEIGHT="51" HPOS="212" VPOS="3785" WIDTH="293" />
<SP HEIGHT="47" HPOS="506" VPOS="3778" WIDTH="32" />
<String CONTENT="1934." HEIGHT="51" HPOS="539" VPOS="3773" WIDTH="148" />
</TextLine>
<TextLine CS="1" HEIGHT="49" HPOS="274" VPOS="3842" WIDTH="642">
<String CONTENT="4" HEIGHT="36" HPOS="274" VPOS="3845" WIDTH="28" />
<SP />
<String CONTENT="p." HEIGHT="36" HPOS="329" VPOS="3854" WIDTH="41" />
<SP HEIGHT="36" HPOS="371" VPOS="3845" WIDTH="27" />
<String CONTENT="l.," CS="1" HEIGHT="35" HPOS="399" VPOS="3845" WIDTH="27" />
<SP />
<String CONTENT="[3]-266" HEIGHT="48" HPOS="473" VPOS="3843" WIDTH="174" />
<SP HEIGHT="47" HPOS="648" VPOS="3843" WIDTH="25" />
<String CONTENT="p." HEIGHT="37" HPOS="674" VPOS="3853" WIDTH="41" />
<SP HEIGHT="35" HPOS="716" VPOS="3845" WIDTH="57" />
<String CONTENT="19&#189;" CS="1" HEIGHT="40" HPOS="774" VPOS="3842" WIDTH="55" />
<String CONTENT="cm" HEIGHT="20" HPOS="861" STYLE="superscript" VPOS="3845" WIDTH="43" />
<String CONTENT="." HEIGHT="6" HPOS="911" VPOS="3876" WIDTH="5" />
</TextLine>
<TextLine CS="1" HEIGHT="51" HPOS="216" VPOS="3895" WIDTH="1979">
<String CONTENT="&#169;" HEIGHT="51" HPOS="216" VPOS="3895" WIDTH="48" />
<SP HEIGHT="51" HPOS="265" VPOS="3895" WIDTH="31" />
<String CONTENT="Feb." HEIGHT="39" HPOS="297" VPOS="3900" WIDTH="110" />
<SP HEIGHT="39" HPOS="408" VPOS="3900" WIDTH="30" />
<String CONTENT="28." HEIGHT="39" HPOS="439" VPOS="3900" WIDTH="67" />
<SP HEIGHT="37" HPOS="507" VPOS="3902" WIDTH="32" />
<String CONTENT="1934;" CS="1" />
<SP HEIGHT="38" HPOS="679" VPOS="3901" WIDTH="35" />
<String CONTENT="2c" CS="1" HEIGHT="38" HPOS="715" VPOS="3901" WIDTH="66" />
<SP HEIGHT="39" HPOS="782" VPOS="3900" WIDTH="32" />
<String CONTENT="Mar." HEIGHT="38" HPOS="815" VPOS="3900" WIDTH="119" />
<SP HEIGHT="38" HPOS="935" VPOS="3900" WIDTH="32" />
<String CONTENT="2;" CS="1" HEIGHT="37" HPOS="968" VPOS="3900" WIDTH="25" />
<SP HEIGHT="29" HPOS="1020" VPOS="3910" WIDTH="36" />
<String CONTENT="aff." HEIGHT="40" HPOS="1057" VPOS="3898" WIDTH="78" />
<SP HEIGHT="38" HPOS="1136" VPOS="3900" WIDTH="34" />
<String CONTENT="Mar." HEIGHT="38" HPOS="1171" VPOS="3900" WIDTH="119" />
<SP HEIGHT="38" HPOS="1291" VPOS="3901" WIDTH="35" />
<String CONTENT="7:" HEIGHT="38" HPOS="1327" VPOS="3901" WIDTH="48" />
<SP HEIGHT="37" HPOS="1376" VPOS="3902" WIDTH="36" />
<String CONTENT="A" HEIGHT="37" HPOS="1413" VPOS="3902" WIDTH="40" />
<SP HEIGHT="38" HPOS="1454" VPOS="3902" WIDTH="33" />
<String CONTENT="70551:" HEIGHT="40" HPOS="1488" VPOS="3901" WIDTH="167" />
<SP HEIGHT="38" HPOS="1656" VPOS="3903" WIDTH="35" />
<String CONTENT="A." HEIGHT="38" HPOS="1692" VPOS="3903" WIDTH="51" />
<SP HEIGHT="37" HPOS="1744" VPOS="3904" WIDTH="35" />
<String CONTENT="D." HEIGHT="38" HPOS="1780" VPOS="3904" WIDTH="54" />
<SP HEIGHT="37" HPOS="1835" VPOS="3905" WIDTH="37" />
<String CONTENT="Miller." HEIGHT="41" HPOS="1873" VPOS="3903" WIDTH="170" />
<SP HEIGHT="40" HPOS="2044" VPOS="3904" WIDTH="34" />
<String CONTENT="New" HEIGHT="38" HPOS="2079" VPOS="3904" WIDTH="116" />
</TextLine>
<TextLine HEIGHT="39" HPOS="276" VPOS="3957" WIDTH="142">
<String CONTENT="York." HEIGHT="39" HPOS="276" VPOS="3957" WIDTH="142" />
</TextLine>
</TextBlock>
</PrintSpace>
</Page>
</Layout>
</alto>