2350 4196
1123 4016 131 48 1232

194 387 49 49 M
251 385 356 54 emmerlein,
641 386 255 54 Richard
931 388 61 51 F.

263 462 232 53 Prisons
527 463 110 51 and
669 464 283 66 prisoners
984 464 61 50 of
1076 464 93 51 the
1199 463 133 53 civil
1363 482 132 47 war,
1526 463 72 65 by
1632 463 248 52 Richard
1914 464 63 52 F.
193 465 1965 126 Hemmerlein.

514 543 231 64 Boston,
782 542 118 51 The
937 542 373 67 Christopher
1345 541 333 67 publishing
1712 542 171 51 house
1922 546 137 61 [c1934]

270 614 85 39 116
381 624 43 54 p.
481 613 54 40 21
538 617 44 20 cm
588 646 7 7 .

268 671 347 47 Bibliography;
675 682 41 37 p.
746 671 214 40 114-116.

202 723 1982 52 © Sept. 20, 1034; 2c. and aff. Sept. 24; A 76078; Christopher pub. house.
283 784 276 42 (34-31076)

198 887 209 63 Hughes,
492 887 226 56 Albert.

269 963 52 50 A
351 962 335 67 supplanter
715 963 249 52 becomes
993 982 29 33 a
1056 963 219 67 prince;
1309 980 134 34 once
1474 962 379 53 Jacob—now
1884 963 198 67 Israel,
2112 963 74 68 by

201 1039 199 52 Albert
455 1040 238 68 Hughes
755 1083 53 9 ...
904 1040 422 67 Philadelphia,
1383 1040 232 67 Penna.,
1671 1039 515 68 Approved-books

197 1121 379 63 store [ c 1934]
270 1190 84 40 119
385 1201 42 37 p.
488 1189 55 41 19
547 1193 44 20 cm
596 1223 6 6 .

204 1246 50 50 ©
285 1252 115 38 Aug.
430 1249 67 39 26.
528 1248 114 40 1934;
699 1249 65 39 2c.
797 1249 93 39 and
921 1260 80 28 aff.
1036 1249 124 46 Sept.
1190 1247 55 39 21;
1303 1250 39 36 A
1374 1248 142 40 76026;
1574 1250 53 38 A.
1658 1250 212 41 Hughes.
1904 1250 221 39 Toronto.

284 1305 255 48 (34-31966)

196 1408 117 50 The
364 1408 428 52 International
844 1408 214 67 library
1111 1408 63 51 of
1223 1408 175 53 music
1450 1408 93 52 for
1592 1409 162 51 home
1805 1409 110 52 and
1967 1410 188 51 studio;

275 1488 172 50 music
502 1486 291 54 literature
852 1533 53 7 ...
1000 1488 134 50 New
1189 1487 174 51 York.
1418 1487 118 50 The
1591 1487 333 66 University
1976 1488 206 51 society

276 1599 10 32 [
293 1570 17 20 c
316 1568 134 48 1934
453 1598 12 33 ]

273 1640 27 36 4
367 1671 6 6 v.
434 1637 187 39 fronts.,
658 1637 125 39 illus.
814 1637 131 47 (incl.
978 1636 178 46 music)
1196 1639 168 44 plates,
1399 1639 160 45 ports.,
1594 1637 214 39 facsims.
1839 1637 130 46 (incl.
2004 1639 175 45 music)

204 1693 56 41 28½
292 1695 43 21 cm
341 1726 8 8 .

268 1736 132 56 Vols,
445 1774 31 5 I-II
540 1753 153 46 paged
718 1750 316 47 continously.

551 1814 92 34 CONTENTS.—I.
677 1808 203 48 History
913 1807 50 40 of
997 1807 164 39 music.
1223 1806 341 48 Biographical
1601 1808 350 40 sketches.—II.
1989 1808 198 46 History

206 1867 50 37 of
298 1865 163 40 music.
549 1865 339 47 Biographical
935 1865 232 39 sketches.
1252 1864 300 46 Dictionary.
1570 1888 57 3 —
1644 1870 73 34 in.
1762 1864 228 41 Pianist's
2033 1866 153 46 guide.

205 1922 188 47 Theory
423 1923 94 39 and
547 1922 334 39 technic.—IV.
911 1921 98 39 The
1039 1930 156 38 opera,
1225 1921 186 46 history
1442 1922 94 38 and
1565 1921 154 47 guide.

205 1976 1982 51 © Aug. 16 . 1934; 2c. each Aug. 29; aff. Aug. 28; A 75100; University
299 2048 64 28 soc.,
412 2038 87 37 inc.
567 2036 279 47 [Copyright
877 2035 41 39 is
950 2036 201 38 claimed
1180 2047 59 27 on
1275 2035 210 39 revision
1516 2036 50 39 of
1599 2037 231 45 complete
1862 2036 245 39 reference
2141 2043 48 32 to

271 2104 103 29 new
406 2093 142 47 piano
581 2103 41 30 v.
654 2093 97 47 1-9]
825 2091 222 41 (34-31095)

195 2196 194 53 Irwin.
421 2197 151 53 John
603 2196 199 60 Webb,
837 2197 168 51 1887-

269 2272 222 54 School.
524 2274 181 64 home,
741 2273 111 51 and
887 2290 110 47 you;
1065 2292 30 33 a
1130 2273 149 53 brief
1314 2290 191 36 course
1539 2275 59 50 in
1633 2274 357 53 educational
199 2275 1961 130 guidance.

376 2353 73 66 by
478 2353 55 52 J.
561 2353 88 51 W.
680 2351 179 52 Irwin
894 2393 54 9 ...
985 2352 111 52 and
1125 2352 188 66 Garry
1345 2352 309 54 Cleveland
1682 2354 192 64 Myers
1910 2396 53 7 ...
198 2354 1961 130 [Delaware.
428 2430 64 54 O.]

552 2429 204 54 School
785 2429 110 52 and
927 2429 207 67 college
1165 2430 224 66 service,
1421 2437 17 20 c
1444 2434 146 48 1934.

272 2505 86 40 160
385 2515 39 37 p.
484 2504 54 40 15
542 2506 15 21 cm
590 2535 6 7 .

206 2559 54 50 ©
288 2564 117 37 Aug.
435 2562 37 38 3.
503 2560 112 39 1934;
675 2560 62 39 2c.
769 2561 92 36 and
895 2559 77 38 aff.
1007 2561 114 42 Aug.
1152 2560 52 37 10;
1264 2561 38 37 A
1334 2560 131 40 73801;
1568 2591 6 6 J.
1670 2593 6 6 W.
1707 2561 161 38 Irwin.
1901 2560 202 40 Marion.
2137 2561 50 39 O.

288 2618 276 47 (34-31088)

197 2721 196 52 Jacob.
427 2719 210 53 Naomi
670 2717 319 65 Ellington,
1024 2721 166 50 1889-

203 2796 1939 144 The loaded stick, by Naomi Jacob. London. Hutchinson & со., ltd. [1 934]
277 2948 85 41 820
391 2959 41 36 p.
494 2947 54 40 19
551 2950 42 20 cm
600 2980 7 7 .

208 3003 1978 52 © 1c. Sept. 12. 1934; A ad int. 19356; pubd. July 16; Naomi Jacob.
275 3065 209 37 London.
560 3060 275 47 (34-31806)

198 3158 264 63 Jenkins,
495 3157 251 53 William
779 3153 351 66 Fitzgerald,
1165 3158 167 51 1896-

274 3236 281 67 Fighting
587 3237 161 49 horse
783 3232 201 67 valley,
1017 3233 71 66 by
1122 3233 138 53 Will
1292 3234 255 53 Jenkins.
1624 3235 136 50 New
1797 3233 175 53 York.
2005 3234 69 50 A.
2109 3234 74 51 H.

205 3313 160 68 King
400 3347 12 33 [c
440 3317 135 48 1934
578 3346 12 33 ]

277 3385 84 41 253
390 3395 42 37 p.
523 3384 25 40 19½
581 3386 43 21 cm
629 3417 7 7 .

209 3441 50 50 ©
291 3445 123 46 Sept.
443 3443 66 38 28.
537 3443 112 37 1934;
705 3440 63 37 2c.
799 3440 99 39 Oct.
925 3442 24 34 3;
1006 3440 81 38 aff.
1120 3440 124 45 Sept.
1271 3440 52 37 29;
1381 3442 39 36 A
1448 3441 145 39 76300;
1646 3441 170 38 Alfred
1842 3440 57 38 H.
1930 3438 141 44 King.
2098 3440 90 39 inc.

286 3499 277 41 (34-31988)

199 3596 279 61 Johnson,
510 3593 230 52 Palmer
771 3591 212 63 Oliver,
1018 3595 167 49 1891-

274 3673 235 65 Aspects
551 3671 62 51 of
655 3671 129 51 land
830 3675 169 62 grant
1039 3669 207 67 college
1287 3670 316 66 education,
1644 3671 140 51 with
1825 3669 209 68 special
202 3666 1963 136 reference
423 3756 56 47 to
512 3749 93 52 the

638 3746 332 67 University
1004 3747 61 52 of
1096 3747 337 67 Minnesota,
1464 3749 74 66 by
1569 3748 230 54 Palmer
1831 3747 67 55 O.
1929 3747 258 56 Johnson

207 3869 53 8 ...
341 3826 398 66 Minneapolis,
777 3825 116 51 The
933 3822 330 69 University
1301 3825 62 52 of
1399 3825 324 52 Minnesota
1757 3841 173 50 press,
1969 3826 148 49 1934.

279 3901 59 39 xi.
373 3900 75 38 271
493 3910 38 36 p.
598 3899 174 46 diagrs.
838 3896 24 38 23½
925 3898 43 21 cm
975 3928 6 6 .
1056 3897 91 46 (On
1187 3907 137 30 cover;
1386 3898 300 48 [Minnesota.
1727 3895 294 48 University]
206 3895 1964 107 College
335 3956 237 47 problems
601 3955 174 40 series)
