2350 4196
1087 4012 129 49 1071

139 355 216 66 Smith,
388 356 231 53 Arthur
650 355 347 65 Whitmore,
1032 353 168 53 1874-

143 424 1976 140 Electrical measurements in theory and application, by Arthur Whitmore Smith …
1062 507 71 52 3d
1176 506 84 52 ed.
1339 505 139 53 New
1522 504 164 52 York
1729 505 112 52 and
1884 504 260 68 London,

144 586 429 56 McGraw-Hill
602 587 147 53 book
776 603 297 51 company,
1101 585 125 67 inc.,
1258 584 150 52 1934.

215 661 133 48 xviii,
381 660 85 40 413
495 671 43 37 p.
600 661 142 45 illus.,
773 661 176 47 diagrs.
1012 659 55 38 24
1071 660 42 21 cm
1119 690 8 8 .

149 716 50 51 ©
241 721 116 46 Aug.
401 720 67 44 14,
511 719 139 42 1934;
695 718 64 41 2c.
803 719 118 47 Aug.
964 717 80 47 16;
1089 716 80 40 aff.
1211 716 119 47 Aug.
1446 726 8 35 17;
1499 715 39 38 A
1579 713 169 43 73930;
1795 715 347 39 McGraw-Hill

216 778 121 38 book
374 787 80 31 co.,
490 777 89 39 inc.
652 775 279 49 (34-24698)

143 880 214 66 Smith,
388 882 206 53 James
624 879 231 67 Gerald,
889 878 171 54 1897-

218 959 370 67 Elementary
627 958 301 66 statistics;
969 976 70 33 an
1078 956 388 52 introduction
1505 961 59 46 to
1600 954 96 52 the
1734 954 312 67 principles
2084 954 61 51 of

147 1031 1999 73 scientific methods, by James G. Smith … New York, H. Holt
146 1117 661 65 and company [ c 1934]
218 1198 45 35 x,
297 1188 84 40 517
413 1199 42 37 p.
519 1188 140 43 illus.,
693 1186 178 49 diagrs.
933 1186 55 38 22
993 1188 42 21 cm
1040 1218 7 7 .

151 1242 51 52 ©
235 1247 118 46 Aug.
386 1246 39 46 8,
458 1246 139 39 1934:
633 1248 64 36 2c.
733 1246 93 39 and
861 1244 79 40 aff.
973 1244 117 45 Aug.
1125 1243 53 38 22;
1241 1244 39 36 A
1313 1241 169 42 73979;
1519 1243 168 46 Henry
1722 1242 118 40 Holt
1874 1244 36 38 &
1943 1254 80 36 co.,
2057 1244 91 40 inc.

229 1302 279 48 (34-24810)

143 1404 297 52 Southern
502 1411 271 61 reporter.
851 1404 167 53 Cases
1080 1404 211 66 argued
1353 1403 112 51 and
1525 1404 352 51 determined
1938 1404 58 51 in
2055 1405 94 51 the

213 1487 189 49 courts
451 1484 63 50 of
561 1483 300 67 Alabama,
913 1483 254 64 Florida,
1214 1481 328 67 Louisiana,
1592 1482 368 68 Mississippi,
2010 1482 139 53 with

212 1562 107 67 key
372 1562 237 51 number
665 1563 377 50 annotations,
1119 1579 49 33 v.
1224 1563 114 48 153.
1415 1561 369 67 April-May,
1840 1564 147 48 1934.
2067 1561 81 54 St.
215 1640 164 68 Paul,
406 1642 158 53 West
596 1639 333 68 publishing
958 1658 96 47 co.,
1086 1642 147 49 1934.

222 1714 93 46 xvi,
345 1713 112 40 1021
488 1725 40 36 p.
592 1714 54 39 26
650 1716 43 20 cm
700 1746 6 7 .

154 1768 51 51 ©
237 1772 114 46 July
383 1771 66 47 12,
481 1770 139 41 1934;
653 1770 65 40 2c.
754 1771 126 46 Sept.
913 1771 50 39 8:
999 1769 80 40 aff.
1115 1770 124 46 Sept.
1274 1770 80 39 10:
1390 1770 40 37 A
1463 1770 141 38 74847:
1667 1770 133 39 West
1833 1770 106 47 pub.
1975 1780 65 29 co.

147 1859 231 59 Strack,
410 1862 138 53 Mrs.
581 1859 190 53 Lilian
803 1859 258 63 Holmes,
1096 1862 170 49 1880-

218 1937 234 53 Human
492 1935 198 69 beings
727 1936 170 69 being
934 1934 239 69 human;
1215 1936 193 68 acting
1445 1935 292 52 character
1772 1935 381 69 monologues,

150 2016 72 69 by
251 2015 192 52 Lilian
473 2015 236 52 Holmes
742 2014 220 54 Strack.
1039 2015 231 66 Boston,
1298 2014 221 53 Walter
1548 2013 76 52 H.
1656 2013 189 53 Baker
1875 2032 279 49 company

155 2096 192 65 [c1934]

221 2168 88 40 134
339 2178 43 38 p.
443 2167 58 39 19½
532 2169 43 21 cm
581 2200 8 7 .

157 2221 51 51 ©
234 2225 117 47 Aug.
380 2226 39 45 7,
446 2223 140 43 1934;
615 2226 65 37 2c.
708 2225 118 43 Aug.
854 2225 52 38 18;
964 2223 80 39 all.
1072 2224 116 46 Aug.
1217 2222 80 41 20:
1329 2223 39 38 A
1395 2222 143 41 73932;
1595 2224 188 39 Walter
1811 2223 57 38 H.
1900 2224 161 38 Baker
2089 2235 65 28 co.

234 2281 280 49 (34-24637)

150 2373 275 64 Strange,
456 2373 216 54 Oliver.

228 2450 231 54 Outlaw
508 2450 186 66 breed,
744 2450 74 66 by
868 2448 197 54 Oliver
1116 2448 260 68 Strange.
1462 2449 233 53 Garden
1743 2448 154 67 City,
1945 2449 69 50 N.
2068 2448 88 66 Y.,
153 2527 357 68 Doubleday,
538 2528 199 51 Doran
762 2529 46 50 &
834 2544 296 50 company,
1156 2527 125 66 inc.,
1313 2530 150 49 1934.

223 2602 28 39 4
278 2612 43 38 p.
388 2633 8 16 l.,
425 2600 87 41 309
539 2611 44 38 p.
645 2599 57 41 19½
733 2601 44 22 cm
782 2632 8 9 .

225 2658 289 41 Illustrated
548 2660 97 46 t.-p.

226 2716 163 41 “First
420 2714 227 42 edition.”

159 2771 1910 51 © July 25, 1934; 2c. and aff. Aug. 15; A 73874; O. Strange, London.
236 2831 279 48 (34-23472)

152 2921 235 65 Sutton,
424 2922 227 63 George
683 2920 251 65 Miksch,
972 2924 169 50 1898-

232 2997 236 56 Eskimo
501 3016 161 48 year;
702 3016 26 31 a
764 2997 351 53 naturalist’s
1148 2998 336 53 adventures
1518 3000 59 51 in
1611 3000 94 50 the
1739 2998 93 52 far
1866 2997 187 59 north,
2087 2997 70 67 by

161 3075 218 69 George
417 3065 222 63 Miksch
679 3074 237 67 Sutton;
952 3074 322 54 illustrated
1312 3075 139 53 with
1487 3075 290 69 drawings
1813 3074 110 54 and
161 3076 1973 145 photographs
404 3155 72 65 by
507 3154 94 53 the

631 3153 203 53 author
866 3154 112 53 and
1006 3153 141 53 with
1175 3154 392 68 photographs
1594 3154 74 68 by
1698 3152 214 55 several
1941 3172 126 34 men
2097 3154 62 52 of
162 3232 94 53 the
286 3231 169 52 north
484 3237 252 61 country.

801 3230 136 51 New
969 3231 177 57 York,
1175 3232 118 53 The
1320 3232 334 54 Macmillan
1685 3250 294 51 company,
2010 3234 149 52 1934.

232 3303 72 39 xii
330 3314 58 37 p.,
416 3303 18 39 1
504 3334 9 17 l.,
540 3303 84 40 321
653 3314 41 37 p.
753 3303 143 46 illus.,
925 3304 169 46 plates,
1124 3307 145 44 ports.
1327 3305 55 39 22½
1416 3307 43 21 cm
1466 3338 7 7 .

162 3360 51 52 ©
241 3365 120 47 Aug.
389 3365 68 47 21,
487 3363 140 42 1934;
659 3364 66 40 2c.
754 3365 95 37 and
878 3363 81 39 aff.
987 3363 121 48 Aug.
1137 3364 52 38 22;
1248 3365 40 39 A
1317 3364 169 48 73978;
1521 3366 281 39 Macmillan
1832 3377 65 29 co.

244 3421 279 48 (34-24848)

156 3526 298 63 Sweeney,
486 3526 203 53 James
721 3526 283 55 Johnson.

232 3603 217 52 Plastic
497 3602 369 53 redirections
913 3602 61 53 in
1021 3604 134 52 20th
1202 3611 236 62 century
1483 3605 271 68 painting
1821 3604 93 67 [by]
1967 3604 193 54 James

162 3680 259 54 Johnson
453 3680 285 68 Sweeney.
815 3680 271 70 Chicago,
1116 3682 118 53 The
1262 3683 339 68 University
1631 3682 63 53 of
1723 3681 255 69 Chicago
2006 3700 156 51 press

165 3761 171 63 [1934]

234 3831 117 48 xvii,
380 3832 99 46 103,
512 3832 55 48 [1]
599 3843 42 36 p.
701 3832 129 40 illus.
889 3831 116 41 19cm.
1073 3833 298 47 (Half-title:
1405 3834 195 41 Studies
1632 3834 52 40 of
1714 3832 227 50 meaning
1971 3833 51 41 in
2053 3837 106 44 art;

164 3898 27 29 a
226 3888 150 41 series
411 3889 53 39 of
495 3889 215 40 volumes
747 3889 252 48 published
1032 3890 79 39 for
1148 3891 79 40 the
1263 3891 328 41 Renaissance
1628 3891 182 49 society
1845 3890 53 42 of
1931 3891 83 41 the
163 3889 1979 105 University
375 3945 52 40 of
455 3945 235 50 Chicago)
