2350 4196
1138 4050 99 53 287

169 413 1997 70 Propyläen-weltgeschichte; hrsg. von Walter Goetz … Der
293 494 287 67 werdegang
620 494 98 51 der
757 493 350 52 menschheit
1144 494 60 51 in
1244 493 367 67 gesellschaft
1647 495 119 51 und
1805 500 166 62 Staat,

239 501 1904 123 wirtschaft
477 572 118 51 und
645 571 382 67 geistesleben.
1176 615 7 7 10.
1235 572 91 51 bd.
1376 573 119 51 Das
1577 573 225 51 zeitalter
1850 574 94 51 des
239 592 1903 114 imperialismus.

621 648 1507 71 1890-1933 … Berlin, Propyläen-verlag [c1933]
278 725 94 45 xxiv,
409 723 96 46 610,
546 723 53 48 [6]
637 733 41 37 p.
743 723 125 38 illus,
901 721 131 49 (incl.
1069 723 172 46 ports.)
1286 723 157 45 plates
1473 723 138 47 (part
1643 723 99 46 col.,
1780 727 111 43 part
1926 725 242 46 mounted,

173 778 1257 50 part fold.) maps, facsims, (part fold.) 27 ½ cm.
177 834 1992 51 © Nov. 30, 1933; 1c. Mar. 5, 1934; A- Foreign 23900; Propyläen-verlag,
243 905 40 37 g.
316 905 58 29 m.
407 895 38 38 b.
517 926 6 7 h.

174 993 217 53 Punch.
511 1039 8 9 v.
590 999 81 63 180,
702 1014 89 33 no.
824 998 153 63 4834,
1009 995 296 67 February
1338 997 81 65 14,
1454 998 149 50 1934.

178 1067 1993 51 © 1c. Apr. 13, 1934; A ad int. 18855; pubd. Feb. 14; Herbert Heather,
245 1128 210 38 London.

176 1228 375 67 Remington,
587 1230 239 63 Harold,
863 1232 171 49 1865-

245 1305 55 52 A
333 1306 231 52 treatise
598 1325 72 33 on
704 1306 96 52 the
833 1305 362 68 bankruptcy
1228 1306 111 50 law
1375 1304 63 54 of
1473 1306 97 52 the
1602 1305 220 55 United
1861 1305 205 69 States,
2099 1305 75 69 by

171 1384 2001 69 Harold Remington … (v. 1 [Sections 1 to 537.6]) 4th ed.
174 1464 322 67 Rochester,
535 1466 70 51 R.
645 1467 89 63 Y.,
773 1465 121 53 The
931 1466 267 64 Lawyers
1237 1463 383 68 co-operative

1657 1464 334 68 publishing
173 1484 1977 127 company,
376 1546 148 49 1934.

285 1617 132 46 xxxix,
448 1617 86 39 748
558 1627 42 36 p.
657 1616 144 39 23½cm.

252 1675 341 46 Replacement
633 1674 50 38 of
722 1684 40 27 v.
803 1674 38 39 1,
881 1673 58 39 3d
981 1673 84 40 ed.,
1106 1672 50 38 in
1194 1673 173 38 accord
1407 1671 119 40 with
1566 1673 80 38 the
1686 1673 114 46 plan
1840 1673 48 39 to
1928 1672 246 46 republish

181 1729 134 40 those
349 1729 214 39 volumes
596 1729 81 38 the
710 1728 211 39 revision
953 1728 51 39 of
1035 1727 157 39 which
1224 1727 41 39 is
1299 1727 223 47 required
1557 1726 59 48 by
1647 1727 80 40 the
1762 1728 332 46 development
2128 1727 52 40 of

181 1785 79 39 the
296 1785 304 46 bankruptcy
637 1784 106 40 law.
809 1784 99 39 The
947 1784 182 40 section
1167 1783 286 47 numbering
1489 1784 51 38 of
1576 1784 80 39 the
1695 1783 134 40 third
1868 1784 182 40 edition
2089 1783 88 40 has

180 1839 116 41 been
331 1841 220 40 retained
585 1841 49 39 in
668 1841 98 39 this
801 1840 224 40 revision,
1088 1840 59 46 cf.
1182 1838 298 41 Publisher’s
1514 1839 256 48 foreword,
1803 1850 43 30 v.
1883 1840 38 40 8.

249 1896 128 48 Kept
409 1907 61 37 up
502 1900 48 37 to
582 1898 113 40 date
727 1897 60 47 by
818 1896 295 40 cumulative
1148 1897 327 46 supplements
1508 1899 48 37 to
1590 1896 55 40 be
1677 1897 215 40 inserted
1925 1897 50 38 in
2007 1896 171 47 pocket

179 1952 51 40 of
258 1952 122 40 back
408 1964 140 29 cover
578 1954 52 39 of
658 1954 117 39 each
804 1954 203 39 volume.
1067 1952 244 47 Annually
1344 1963 27 29 a
1399 1963 106 29 new
1536 1953 314 47 supplement,
1884 1953 293 40 cumulative

179 2009 51 39 of
256 2010 65 38 all
347 2010 226 47 previous
600 2010 342 47 supplements,
971 2010 102 39 will
1099 2009 56 40 be
1182 2009 178 40 issued.

183 2064 50 51 ©
263 2069 109 39 Feb.
402 2069 68 45 14,
500 2068 139 41 1934;
670 2069 67 38 2c.
767 2068 110 39 Feb.
907 2068 80 46 16;
1020 2067 79 41 aff.
1132 2069 119 38 Mar.
1282 2068 25 40 8;
1366 2068 40 38 A
1435 2067 169 47 69765;
1637 2069 59 40 H.
1727 2067 303 49 Remington,
2061 2068 116 39 New

251 2126 144 39 York.
467 2125 250 48 (34-5524)

181 2228 373 66 Rüdenberg,
589 2228 307 66 Reinhold,
934 2232 171 49 1883-

251 2304 358 54 Elektrische
642 2306 478 68 schaltvorgänge
1155 2306 117 52 und
1309 2305 327 53 verwandte
179 2304 1974 148 störungserscheinungen

437 2383 1742 70 in starkstromanlagen, von Reinhold Rüdenberg … 3.,
182 2479 170 34 verm.
382 2461 148 68 aufl.,
557 2462 106 51 mit
692 2464 99 50 821
821 2461 387 70 abbildungen
1236 2461 79 52 im
1342 2468 120 46 text
1490 2463 117 51 und
1636 2461 152 53 einer
1814 2460 162 54 tafel.

181 2461 1975 146 Berlin,
308 2538 55 55 J.
396 2539 299 69 Springer,
726 2542 151 50 1933.

251 2612 63 48 xi,
343 2612 85 40 634
453 2623 43 37 p.
558 2613 142 47 illus.,
729 2613 117 39 fold,
873 2623 77 38 pl,
979 2613 178 47 diagrs.
1218 2610 117 43 25cm.

253 2667 609 42 “Literaturverzeichnis”:
924 2680 42 37 p.
1001 2668 248 50 [605]-629.

186 2724 50 51 ©
267 2727 100 40 Oct.
396 2728 68 46 27,
496 2727 111 40 1933;
667 2729 65 38 1c.
763 2728 108 39 Jan.
902 2728 38 47 9,
971 2728 139 46 1934;
1144 2729 38 37 A
1184 2727 270 48 -Foreign
1481 2728 170 45 23282;
1685 2726 161 41 Julius
1879 2725 241 49 Springer.

264 2784 249 48 (34-5764)

185 2888 365 64 Samuelson,
580 2888 211 53 Julius.

253 2962 135 53 Life
429 2964 298 52 insurance
769 2965 181 51 under
994 2964 96 52 the
1133 2964 300 68 spotlight,
1476 2963 74 69 by
1593 2962 193 55 Julius
1832 2961 347 55 Samuelson.

186 3038 240 70 Omaha,
455 3041 190 67 Rebr.,
676 3042 121 52 The
885 3060 81 34 New
998 3042 127 52 deal
1154 3041 148 53 book
1332 3056 297 54 company,
1662 3042 150 51 1934.

254 3113 55 40 72
336 3124 43 37 p.
439 3113 116 41 22cm.

190 3168 50 51 ©
282 3174 119 37 Mar.
473 3204 7 15 1,
521 3172 113 40 1934;
702 3173 67 39 2c.
810 3174 121 38 Mar.
971 3173 81 46 12;
1096 3173 79 39 aff.
1219 3173 119 39 Mar.
1381 3173 53 38 10;
1505 3173 40 37 A
1584 3170 169 48 70595;
1798 3172 40 38 J.
1884 3170 295 47 Samuelson,

258 3229 198 46 Omaha,
487 3230 112 38 Neb.
672 3229 250 47 (34-5513)

189 3332 275 64 Sanders,
500 3333 246 53 Charles
776 3333 251 63 Wesley.

256 3405 235 55 Killer’s
532 3408 152 67 code,
723 3409 75 68 by
840 3408 237 54 Charles
1117 3408 87 53 W.
1250 3407 264 55 Sanders.
1592 3406 138 52 New
1772 3404 178 69 York,
1992 3404 71 54 A.
2104 3404 77 52 H.

187 3484 162 70 King
382 3487 192 65 [c1934]

257 3557 645 48 4 p. l., 11-290 p. 19½cm.
193 3612 50 51 ©
275 3618 121 38 Mar.
426 3617 67 41 19,
525 3616 138 46 1934;
696 3616 65 40 2c.
793 3619 95 38 and
919 3617 80 40 aff.
1031 3618 121 40 Mar.
1182 3617 82 39 20:
1298 3616 40 39 A
1368 3615 168 43 69880;
1570 3615 171 40 Alfred
1772 3615 58 39 H.
1863 3613 140 47 King.
2037 3614 89 38 inc.

273 3673 249 48 (34-5688)

191 3774 259 67 Sawyer,
487 3777 182 65 Ruth,
708 3779 172 50 1880-

260 3854 122 52 The
405 3855 131 51 luck
560 3854 64 52 of
648 3855 95 52 the
767 3856 157 65 road,
948 3856 76 65 by
1047 3855 156 53 Ruth
1233 3854 246 66 Sawyer.
1555 3853 137 52 New
1720 3851 178 64 York,
1922 3852 256 60 London,

189 3930 70 53 D.
297 3932 580 66 Appleton-Century
911 3950 294 49 company,
1243 3930 412 67 incorporated,
1692 3933 147 49 1934.
