2350 4196
1130 4010 102 49 424

191 379 447 53 Southwestern
669 381 268 60 reporter
969 379 101 63 (2d
1104 379 141 62 ser.)

261 456 352 66 Temporary
660 456 181 54 South
886 461 235 46 western
1165 457 184 67 digest
1390 457 61 51 of
1494 458 249 51 volumes
1787 461 165 48 61-65
1999 458 180 53 South

192 534 1929 68 western reporter, second series, with table of cases digested …
191 613 90 65 By
315 613 94 51 the
443 612 338 67 publisher's
817 611 265 54 editorial
1114 609 148 55 staff.
1342 612 80 54 St.
1458 614 164 55 Paul,
1656 616 157 51 West
1848 614 334 68 publishing

191 707 96 38 co.,
321 693 148 50 1934.

266 777 82 41 502
378 789 42 36 p.
481 776 55 40 24
539 779 44 21 cm
587 808 7 7 .

199 844 50 51 ©
281 849 119 38 Mar.
431 847 67 39 29.
531 847 138 39 1934;
703 847 65 40 2c.
799 848 112 46 Apr.
942 846 80 42 20:
1057 847 79 39 aff.
1170 848 110 47 Apr.
1311 848 80 46 25;
1425 848 41 38 A
1496 847 169 47 71398;
1699 848 134 40 West
1864 849 108 47 pub.
2004 859 67 29 co.

261 1023 182 51 Texas
480 1023 273 52 decisions
789 1022 264 67 reported
1090 1023 58 51 in
1185 1023 181 54 South
1402 1027 237 48 western
1673 1029 272 61 reporter,
1980 1024 202 51 second

190 1100 184 53 series,
450 1102 135 51 vols.
646 1103 62 48 63
743 1100 125 66 (2d)
937 1101 110 51 and
1104 1103 67 48 64
1200 1100 125 67 (2d)
1413 1100 261 56 October,
1733 1102 450 67 1933-January,

191 1178 1967 146 1934. with key-number annotations … St. Paul. West publishing co., 1934.
265 1348 24 36 1
320 1356 40 27 v.
423 1344 176 48 diagrs.
661 1344 55 39 26
720 1346 43 20 cm
769 1376 7 7 .

262 1416 210 39 Various
503 1415 214 47 pagings.

198 1483 51 52 ©
282 1489 121 37 Mar.
433 1488 68 40 13,
532 1486 139 41 1934;
704 1486 65 39 2c.
800 1486 111 47 Apr.
944 1485 81 46 20;
1059 1485 80 40 aff.
1171 1485 109 47 Apr.
1312 1485 82 46 25;
1427 1485 41 38 A
1500 1485 166 46 71388;
1699 1486 133 39 West
1864 1486 107 47 pub.
2005 1496 66 29 co.

196 1604 211 64 Stowe,
437 1606 228 62 Lyman
695 1605 276 62 Beecher,
1003 1606 167 50 1880-

268 1677 1854 71 Saints, sinners and Beechers, by Lyman Beecher Stowe …
197 1760 410 66 Indianapolis,
633 1759 122 51 The
781 1757 437 54 Bobbs-Merrill
1245 1775 275 50 company
1552 1791 13 34 [
1570 1764 17 20 c
1593 1759 133 49 1934
1732 1790 12 33 ]

265 1845 87 40 450
382 1856 42 37 p.
480 1845 163 47 front.,
673 1847 169 45 plates,
875 1847 161 45 ports.,
1068 1844 187 41 facsim.
1317 1844 54 39 23½
1404 1847 44 20 cm
1453 1877 8 7 .

267 1916 161 40 “First
459 1916 225 40 edition.”

268 1973 346 48 Bibliography
634 1985 7 28 :
675 1984 40 37 p.
753 1972 245 50 [407]-419.

200 2045 51 51 ©
287 2051 120 37 Mar.
444 2049 68 40 28.
549 2048 114 40 1934
682 2059 6 27 :
729 2049 66 39 2c.
832 2049 95 38 and
962 2047 80 40 aff.
1079 2048 111 46 Apr.
1225 2048 52 44 4;
1317 2047 40 38 A
1394 2046 141 40 70905
1554 2057 7 36 ;
1602 2046 367 41 Bobbs-Merrill
2005 2057 67 29 co.

276 2105 248 48 (34-7761)

198 2221 239 55 Studies
483 2241 72 34 on
599 2223 96 52 the
739 2221 244 68 possible
1025 2221 379 67 intoxicating
1450 2220 186 53 action
1681 2221 62 51 of
1787 2223 83 49 3.2
1914 2239 101 48 per
2059 2227 125 44 cent

265 2301 146 65 beer,
449 2301 75 66 by
564 2302 69 51 A.
674 2302 55 53 J.
773 2301 255 64 Carlson,
1067 2300 68 52 N.
1178 2299 312 66 Kleitman,
1532 2300 61 53 C.
1634 2300 87 52 W.
1764 2298 415 67 Muehlberger,

267 2379 63 51 F.
372 2377 60 54 C.
471 2379 269 65 McLean,
777 2379 75 52 H.
893 2377 327 55 Gullicksen
1249 2410 12 32 [!]
1348 2377 111 52 and
1498 2378 66 51 R.
1605 2378 66 52 B.
1716 2376 252 54 Carlson.

265 2375 1890 148 Chicago,
447 2456 111 65 Ill.,
587 2456 119 52 The
734 2454 335 67 University
1097 2453 62 54 of
1186 2454 250 67 Chicago
1466 2471 155 49 press
1655 2488 12 32 [
1674 2457 134 48 1934]

270 2528 80 47 vii,
380 2528 55 41 85
461 2539 43 36 p.
531 2527 109 41 incl.
670 2528 141 47 illus.,
841 2528 168 47 tables,
1038 2526 177 47 diagrs.
1274 2525 56 41 23
1334 2528 43 22 cm
1381 2558 8 9 .

270 2597 346 49 Bibliography
635 2609 8 29 :
675 2610 42 37 p.
746 2597 158 42 84-85.

201 2665 50 51 ©
279 2670 118 39 Mar.
424 2669 69 40 27.
518 2669 139 40 1934;
685 2670 66 38 2c.
775 2670 111 46 Apr.
912 2671 52 39 4;
993 2669 80 39 aff.
1100 2669 110 47 Apr.
1238 2669 24 39 5
1281 2680 7 26 :
1315 2669 42 38 A
1383 2668 167 46 71146;
1579 2667 279 48 University
1885 2668 50 39 of
1963 2665 221 49 Chicago,

270 2726 222 47 Chicago.
567 2726 249 48 (34-7813)

199 2840 327 68 Valentine,
558 2842 253 55 William
842 2843 350 64 Alexander,
1226 2846 168 49 1905-

267 2920 260 53 Practice
549 2923 61 50 in
636 2921 133 52 civil
795 2922 110 52 and
933 2921 259 52 criminal
1220 2939 147 34 cases
1391 2920 196 52 before
1610 2919 367 52 subordinate
2001 2923 186 46 courts

199 2998 62 52 of
303 2999 441 68 Pennsylvania,
785 2999 258 69 showing
1083 3000 95 51 the
1219 3018 210 49 proper
1469 2999 164 52 mode
1674 2998 62 52 of
1779 2997 310 67 procedure
2128 2996 61 51 in

200 3076 213 54 actions
443 3077 196 52 before
666 3078 229 67 justices
925 3078 63 52 of
1016 3078 97 52 the
1141 3096 183 49 peace,
1356 3078 287 51 aldermen
1673 3076 111 52 and
1812 3075 377 69 magistrates,

199 3155 257 67 together
495 3155 139 51 with
672 3155 309 68 procedure
1017 3157 60 50 in
1111 3157 95 50 the
1246 3155 206 55 Courts
1492 3156 61 52 of
1591 3173 253 34 common
1882 3155 155 67 pleas
2078 3153 108 52 and

197 3238 228 60 quarter
475 3234 255 66 sessions,
785 3234 290 67 approved
1128 3233 195 67 forms,
1378 3234 200 52 docket
1630 3233 205 52 entries
1888 3232 112 52 and
2051 3232 134 66 fees,

198 3311 184 51 duties
408 3311 63 52 of
496 3312 328 67 constables,
847 3312 246 52 notaries
1122 3312 207 67 public,
1355 3316 120 62 etc.,
1500 3312 75 67 by
1597 3311 261 53 William
1884 3310 69 52 A.
198 3310 1964 130 Valentine

403 3388 1284 69 … Newark, N. J., Soney & Sage co., 1934.
267 3470 109 38 xxv,
411 3460 113 40 1590
553 3471 42 37 p.
655 3461 58 39 24
716 3464 43 20 cm
764 3494 7 8 .

270 3531 365 47 Twenty-seven
678 3542 142 37 years
861 3535 122 39 have
1023 3534 172 48 passed
1238 3534 129 40 since
1409 3534 81 40 the
1531 3532 208 50 original
1778 3532 133 40 work
1953 3531 50 41 of
2046 3532 47 39 B.
2136 3532 49 39 F.

198 3588 125 40 Hess
354 3590 94 38 and
478 3590 69 39 W.
579 3590 170 39 Alfred
778 3590 255 41 Valentine
1064 3592 252 47 appeared.
1375 3590 157 41 While
1562 3601 27 29 a
1621 3590 199 48 quarter
1850 3589 50 40 of
1928 3600 27 29 a
1986 3591 199 44 century

198 3647 88 38 has
308 3647 222 47 wrought
554 3647 84 39 but
660 3647 95 40 few
777 3648 208 48 changes
1008 3649 48 38 in
1080 3649 82 39 the
1184 3648 303 40 substantive
1510 3649 94 38 law
1628 3659 58 29 on
1710 3648 81 40 the
1816 3648 198 46 subject,
2041 3657 140 36 many

201 3704 352 40 modifications
583 3705 122 40 have
739 3706 114 38 been
884 3705 201 40 effected
1117 3706 48 38 in
1195 3706 81 39 the
1307 3705 242 46 adjective
1580 3706 106 38 law.
1746 3705 146 45 Thus,
1925 3706 131 38 what
2088 3715 99 29 was

197 3761 107 40 first
331 3762 353 47 contemplated
712 3772 53 29 as
796 3772 27 29 a
852 3762 213 40 revision
1092 3763 86 38 has
1206 3762 234 46 virtually
1471 3763 212 40 resulted
1713 3763 49 38 in
1790 3764 81 38 the
1898 3762 284 48 production

197 3818 51 40 of
271 3828 28 30 a
324 3829 104 31 new
455 3819 146 40 work.
658 3818 60 47 cf.
745 3818 128 41 Pref.

203 3886 51 51 ©
281 3891 112 46 Apr.
420 3891 39 38 4.
488 3890 112 40 1934
619 3900 7 31 ;
656 3890 64 39 2c.
753 3891 93 38 and
876 3889 79 40 aff.
984 3890 109 47 Apr.
1123 3888 25 40 9
1167 3900 8 28 :
1204 3889 42 40 A
1271 3889 141 39 70952
1432 3900 7 36 ;
1473 3889 156 45 Soney
1657 3890 36 40 &
1722 3890 122 48 Sage
1871 3900 64 30 co.

279 3947 248 48 (34-7817)
