2350 4296
1086 4011 99 53 761

149 360 203 64 Adam,
381 360 162 63 Karl,
575 358 169 54 1876-

212 437 119 52 The
363 435 115 55 Son
506 435 63 53 of
596 435 145 69 God,
767 436 74 67 by
869 436 145 51 Karl
1042 434 188 52 Adam;
1290 433 315 53 translated
1632 433 74 67 by
1735 432 198 68 Philip
145 433 1971 134 Hereford.
368 514 138 52 New
536 514 178 68 York,
746 513 182 54 Sheed
958 515 45 49 &
1029 512 198 65 Ward,
1259 514 149 50 1934.

214 587 575 49 3 p. l., 309 p. 20 ½ cm.
148 656 51 51 ©
229 661 112 46 May
367 660 69 47 25,
464 660 114 39 1934;
635 660 64 39 2c.
728 661 95 38 and
852 658 80 42 aff.
962 660 112 45 May
1101 657 55 40 28;
1212 657 42 38 A
1279 657 142 40 71823;
1483 657 153 40 Sheed
1664 656 35 39 &
1728 656 162 39 Ward.

226 716 279 48 (34-16862)

142 836 314 53 American
486 837 346 52 conference
860 853 72 35 on
962 834 162 53 birth
1153 833 223 54 control
1404 834 115 51 and
1547 832 265 53 national
1839 848 299 48 recovery,

215 913 396 67 Washington,
641 916 72 52 D.
748 916 81 63 O.,
863 917 147 48 1934.

220 990 316 67 Biological
566 992 111 50 and
707 989 237 52 medical
976 992 211 65 aspects
1218 987 62 51 of
1310 987 421 66 contraception;
1793 1002 204 50 papers
2028 986 110 52 and

151 1067 338 55 discussions
518 1067 294 67 presented
842 1074 57 48 at
925 1067 94 50 the
1045 1065 298 53 American
1378 1063 326 53 conference
1733 1082 69 34 on
1833 1062 154 55 birth
149 1082 1968 116 control
311 1145 110 52 and
469 1144 255 54 national
772 1162 279 51 recovery,
1099 1148 57 50 at
1202 1143 95 53 the
1346 1141 347 69 Mayflower,
1743 1140 396 69 Washington,

150 1223 68 52 D.
259 1223 80 67 C.,
376 1223 259 68 January
676 1226 80 64 15,
796 1225 81 66 16,
915 1221 80 68 17,
1035 1224 160 63 1934;
1234 1221 188 53 edited
1460 1220 73 67 by
1570 1220 295 67 Margaret
1904 1219 232 68 Sanger.

149 1300 395 69 Washington,
578 1301 68 52 D.
686 1300 80 69 C.,
800 1300 269 54 National
1106 1300 316 52 committee
1457 1317 70 34 on
1563 1297 216 55 federal
1816 1296 322 69 legislation

151 1379 90 52 for
270 1379 154 52 birth
457 1379 233 67 control,
720 1380 105 54 inc.
862 1381 191 65 [c1934]

217 1450 85 41 135
329 1461 42 37 p.
425 1451 146 39 21½cm.

219 1508 348 48 Bibliography
597 1510 51 39 at
674 1509 91 39 end
795 1508 51 40 of
872 1518 88 29 one
986 1509 51 39 of
1064 1508 82 39 the
1173 1517 172 38 papers
1383 1508 65 47 (p.
1477 1507 81 47 45)

149 1566 1988 52 © May 7, 1934; 2c. and aff. May 8; A 73016; Natl, committee on federal
215 1627 277 48 legislation
522 1627 81 38 for
630 1626 131 41 birth
793 1626 199 46 control,
1025 1626 88 39 inc.
1188 1624 279 48 (34-16892)
1931 1623 119 42 4936

140 1745 405 65 Appalachian
580 1744 308 54 mountain
921 1744 147 64 club,
1101 1747 232 50 Boston.

216 1825 120 53 The
371 1824 69 52 A.
478 1824 79 52 M.
598 1824 60 54 C.
695 1824 195 54 White
925 1821 297 54 mountain
1258 1821 199 68 guide;
1499 1841 30 33 a
1567 1822 172 67 guide
1774 1827 56 47 to
1871 1824 168 65 paths
2077 1823 60 53 in

144 1899 1968 148 the White mountains and adjacent regions (9th ed.) … Boston, Mass., The Appalachian mountain club, 1934.
217 2051 82 43 xii,
334 2052 85 40 566
446 2064 42 36 p.
550 2053 127 38 ilius.,
723 2062 136 37 maps
889 2052 133 47 (part
1051 2052 140 46 fold.)
1262 2050 145 41 15½cm.
1524 2049 129 50 $2.50

219 2109 180 40 Folded
427 2120 112 37 map
567 2110 50 39 in
647 2110 183 47 pocket.

149 2163 50 51 ©
228 2168 127 39 June
379 2168 38 46 7,
445 2167 140 45 1934;
615 2168 66 40 2c.
709 2168 126 38 June
862 2167 81 45 16;
973 2166 82 40 aff.
1083 2167 125 39 June
1235 2167 81 45 15;
1347 2167 40 38 A
1414 2166 170 46 72818;
1615 2165 336 49 Appalachian
216 2176 1907 87 mountain
350 2225 121 39 club.
543 2224 279 48 (34-16875)

140 2343 178 65 Bach,
348 2344 237 55 Rudolf.

140 2420 1978 132 … Das Mary Wigman-werk; mit beitragen von Mary Wigman
304 2500 114 52 und
455 2504 64 48 80
552 2499 402 69 abbildungen.
1029 2500 274 66 Dresden,
1339 2501 58 54 C.
1432 2501 283 66 Reissner,
1750 2502 149 52 1933.

216 2572 1675 51 62 p., 1 1. front, (port.) illus. (music) plates, diagrs. 25 ½ cm.
149 2628 1855 51 © Dec. 3, 1933; 1c. May 1, 1934; A -Foreign 24545; Carl Reissner.
227 2689 278 48 (34-17675)
1932 2685 119 42 4938

141 2805 141 65 Bell,
314 2807 136 54 Eric
478 2808 255 64 Temple,
766 2809 166 49 1883-

216 2884 209 54 Before
468 2887 94 51 the
605 2887 183 51 dawn,
829 2885 75 67 by
947 2885 152 54 John
1148 2883 176 54 Taine
1371 2884 173 67 <Eric
1587 2885 234 66 Temple
1863 2885 126 51 Bell
2104 2892 31 57 …>

147 2961 331 66 Baltimore,
512 2965 121 50 The
664 2962 288 54 Williams
988 2966 44 49 &
1063 2962 249 55 Wilkins
1348 2980 295 49 company,
1681 2966 149 48 1934.

218 3034 79 43 vii.
329 3036 84 39 247
443 3046 42 37 p.
546 3035 116 42 21cm.

150 3088 50 52 ©
229 3094 124 38 June
381 3094 67 45 12,
477 3092 113 40 1934;
647 3093 63 39 2c.
741 3094 95 38 and
864 3091 80 40 aff.
974 3092 125 39 June
1126 3092 80 40 18:
1237 3093 40 38 A
1303 3092 170 48 72825;
1504 3092 242 41 Williams
1775 3092 35 40 &
1838 3090 208 41 Wilkins
2072 3101 70 31 co.

227 3149 278 49 (34-16718)

143 3266 179 55 Bible.
397 3269 263 66 English.
879 3312 8 8 1934.

215 3345 119 52 The
364 3364 121 33 new
517 3344 482 53 chain-reference
1032 3346 179 52 Bible.
1281 3348 72 51 3d
1384 3347 298 67 improved
1716 3347 84 52 ed.
145 3343 1973 148 Containing
275 3422 374 68 Thompson’s
683 3423 248 68 original
964 3424 112 52 and
1109 3425 274 68 complete
1418 3430 210 64 system
1660 3423 64 54 of
1756 3423 165 53 Bible
1955 3423 188 68 study,

147 3500 294 69 including
472 3501 167 52 chain
671 3499 331 69 references,
1033 3506 120 48 text
1185 3502 348 69 cyclopedia,
1567 3502 256 69 analyses
1858 3500 64 54 of
1952 3499 193 65 books,

146 3579 214 52 outline
390 3578 213 54 studies
634 3577 64 54 of
729 3578 337 68 characters,
1100 3580 113 53 and
1244 3579 210 69 unique
1489 3579 209 69 charts,
1730 3586 59 47 to
1823 3579 184 53 which
2042 3578 102 53 has

146 3654 134 55 been
319 3657 184 52 added
544 3675 30 33 a
613 3674 123 34 new
778 3656 112 52 and
930 3656 260 53 valuable
1232 3657 169 54 series
1444 3657 65 54 of
1548 3657 268 69 pictorial
1857 3676 162 49 maps
146 3661 1972 140 together
378 3734 141 53 with
558 3735 161 52 other
760 3732 277 69 features;
1081 3735 109 53 self
1231 3735 401 70 pronouncing
1671 3740 148 62 text;
1864 3733 280 69 compiled

147 3811 1999 72 and edited by Frank Charles Thomson … Indianapolis, Ind.,
147 3888 63 53 B.
239 3891 64 51 B.
332 3889 315 53 Kirkbride
675 3889 164 53 Bible
868 3907 78 35 co.
996 3893 176 64 [c1934]
