2350 4196
1196 4020 96 52 172

299 477 33 37 li,
377 476 83 40 861
487 486 44 36 p.
591 476 144 38 23½cm.

238 529 49 51 ©
320 533 108 39 Feb.
460 532 68 40 12.
559 531 115 40 1984;
732 532 67 39 2c.
831 532 108 38 Feb.
972 533 55 38 17
1045 543 7 28 :
1088 531 80 39 aff.
1200 532 109 38 Feb.
1342 532 55 37 14;
1457 532 41 37 A
1531 530 142 39 70240;
1734 531 210 38 Edward
1977 530 42 40 J.
2053 530 156 46 Flynn.

307 592 245 43 secretary
588 589 50 38 of
672 589 82 39 the
789 591 128 36 state
953 589 50 39 of
1036 589 114 37 New
1186 589 143 39 York,
1366 589 51 37 in
1451 591 131 37 trust
1614 587 80 40 for
1728 588 82 39 the
1845 587 175 40 benefit
2056 588 49 38 of
2142 591 82 37 the

300 647 167 45 people
495 647 49 37 of
573 648 81 37 the
680 647 142 44 state,
852 645 201 47 Albany.
2019 643 117 41 1113

235 748 144 52 New
406 748 180 52 York.
661 748 418 63 Metropolitan
1109 764 269 37 museum
1407 748 63 52 of
1498 751 115 51 art.

402 825 1822 67 … A guide to the collections. Part I. Ancient and oriental
238 908 117 46 art:
383 903 314 67 Egyptian.
723 905 471 66 Mesopotamian,
1224 905 110 50 and
1362 904 253 53 classical
1643 905 115 49 Far
1786 905 259 52 Eastern.
2077 903 147 50 Near

236 981 261 54 Eastern,
526 980 240 52 oriental
797 999 202 35 armor.
1075 982 137 51 New
1242 981 178 57 York.
1450 985 149 47 1934.

304 1064 44 36 X,
410 1056 23 37 84
462 1065 56 36 p.,
549 1056 24 36 1
623 1086 6 6 l.
689 1055 127 39 illus.
846 1055 131 47 (incl.
1007 1054 164 48 plans)
1239 1054 145 40 21½cm.

306 1110 65 39 At
391 1110 124 40 head
538 1110 52 39 of
613 1110 108 40 title
739 1121 9 29 :
782 1112 100 39 The
904 1110 344 49 Metropolitan
1272 1122 218 29 museum
1515 1111 51 39 of
1586 1113 91 37 art.

307 1167 148 40 Plans
482 1179 58 29 on
567 1179 43 37 p.
655 1167 41 50 [2]
725 1169 95 39 and
853 1167 53 50 [3]
937 1169 52 39 of
1014 1179 154 30 cover.

309 1223 93 41 “Of
427 1225 100 40 this
555 1224 156 50 guide,
741 1225 158 47 10,000
927 1225 159 48 copies
1113 1236 123 30 were
1263 1226 193 48 printed
1484 1225 234 46 January,
1750 1224 126 40 1934.”

309 1282 1917 49 “The … Guide to the collections … [is] in a totally new form.’’—Pref..
239 1342 167 47 signed
425 1351 9 30 :
468 1340 60 41 H.
556 1341 53 39 E.
638 1339 234 45 Winlock,
901 1340 223 41 director.

239 1401 51 51 ©
320 1406 108 39 Feb.
460 1406 37 41 7,
526 1405 114 39 1934
659 1416 7 29 :
698 1405 65 40 2c.
795 1406 94 37 and
918 1403 80 40 aff.
1030 1404 110 39 Feb.
1170 1404 56 39 10;
1281 1404 41 38 A
1352 1404 141 39 70211;
1553 1404 347 47 Metropolitan
1929 1414 218 29 museum
2179 1401 50 39 of

307 1464 91 43 art,
429 1463 115 38 New
575 1462 142 38 York.
790 1460 248 48 (34-3059)

239 1563 253 67 Nicklin,
522 1564 153 53 John
705 1563 106 65 W.,
843 1565 83 53 ed.

305 1641 110 51 Air
454 1641 138 51 mail
633 1647 187 60 stamp
865 1640 219 66 album;
1130 1640 308 68 providing
1480 1659 193 48 spaces
1715 1639 93 53 for
1852 1641 75 51 all
1970 1639 260 68 officially

236 1718 187 53 issued
476 1718 85 52 air
612 1718 136 51 mail
801 1724 214 60 stamps
1069 1717 63 52 of
1181 1718 93 52 the
1327 1717 218 54 United
1600 1717 187 55 States
1841 1720 112 51 and
2005 1718 227 67 foreign

236 1796 307 65 countries;
592 1795 139 52 with
775 1796 252 54 historic,
1069 1794 293 68 philatelic
1403 1801 159 47 notes
1604 1796 111 52 and
1760 1814 31 33 a
1834 1799 292 64 catalogue
2167 1797 62 51 of

237 1875 85 51 air
351 1880 185 60 stamp
565 1876 209 64 values,
804 1873 187 52 edited
1018 1873 75 67 by
1120 1872 153 54 John
1300 1874 88 52 W.
1419 1872 249 53 Nicklin.
1744 1874 137 50 New
1910 1873 162 52 York
2099 1873 132 67 city,

238 1952 232 54 Grosset
501 1954 44 49 &
575 1952 235 65 Dunlap
888 1954 151 63 [c1934]

312 2025 111 49 [318]
461 2035 42 37 p.
563 2024 128 39 illus.
751 2024 146 40 28½cm.

309 2082 159 39 Blank
495 2091 145 38 pages
666 2082 79 38 for
774 2081 143 39 “New
941 2079 184 41 issues”
1164 2079 48 46 (4
1239 2083 51 37 at
1317 2081 115 44 end)

243 2136 1986 51 © Feb. 1. 1934 : 2c. and aff. Feb. 9; A 69371; J. W. Nicklin. New York.
320 2196 249 48 (34-3507)

243 2286 248 63 Norton,
520 2284 219 56 André.

308 2361 121 52 The
464 2361 192 67 prince
692 2362 342 65 commands,
1068 2360 169 69 being
1268 2361 216 66 sundry
1519 2361 336 54 adventures
1891 2361 64 53 of
1986 2360 244 53 Michael

240 2440 164 66 Karl,
449 2438 288 53 sometime
784 2457 187 34 crown
1017 2438 192 67 prince
1253 2441 45 49 &
1342 2439 302 66 pretender
1686 2443 58 47 to
1788 2439 95 52 the
1926 2438 203 54 throne
2171 2439 63 52 of

241 2517 318 66 Morvania,
605 2516 73 67 by
723 2517 198 51 André
966 2516 248 65 Norton;
1261 2516 380 53 illustrations
1686 2517 74 66 by
1805 2517 150 51 Kate
2004 2516 226 54 Seredy.

242 2595 139 51 New
419 2593 177 67 York,
631 2594 256 66 London,
924 2594 70 51 D.
1033 2592 575 68 Appleton-Century
1645 2610 296 50 company,
244 2595 1967 143 incorporated,
451 2675 150 49 1934.

313 2742 1167 51 viii p., 1 l., 268, [1] p. front., illus. 19½cm.
315 2802 161 39 “First
512 2801 257 48 printing.”

247 2856 51 51 ©
325 2861 110 39 Feb.
459 2860 54 39 23,
554 2859 114 39 1934;
721 2859 66 40 2c.
815 2859 109 40 Feb.
949 2858 55 39 26;
1060 2856 80 41 aff.
1168 2858 106 38 Feb.
1302 2857 55 40 27;
1413 2859 41 37 A
1479 2858 144 40 69629;
1678 2860 56 38 I).
1760 2859 475 47 Appleton-Century

316 2926 80 37 co.,
423 2916 91 40 inc.
586 2916 249 47 (34-3730)

248 3006 166 53 Ohio.
487 3008 184 55 Laws,
701 3013 256 61 statutes,
989 3013 99 47 etc.

249 3083 1986 146 … Baldwin’s Ohio code service, supplementing Throckmorton’s 1930 annotated code. Officially certified ed. [March
252 3241 133 49 1934
426 3239 252 50 number.
765 3237 254 69 (Special
1063 3239 316 67 legislative
1423 3240 201 65 issue)]
1704 3241 198 65 Keyed
1946 3246 57 45 to
2049 3240 187 52 Bates’

252 3316 1879 144 compact digest … Edited by William Edward Baldwin … George
504 3393 1732 66 C. Ellsworth … [and] Francis J. Amer … Cleveland.
251 3470 489 52 Banks-Baldwin
771 3473 108 49 law
908 3471 332 67 publishing
1272 3488 237 50 company
1588 3476 190 63 [c1934]

320 3545 82 38 113
431 3554 42 36 p.
534 3543 142 39 25½cm.

253 3596 1981 52 © Jan 30. 1934; 2c. and aff. Feb. 2: A 69293; William Edward Baldwin,
322 3656 270 40 Cleveland.

253 3745 232 64 Ortloff,
516 3747 205 61 Henry
745 3748 227 54 Stuart.

321 3820 137 51 New
488 3821 243 68 gardens
761 3821 92 52 for
882 3824 122 64 old;
1035 3824 126 51 how
1190 3830 57 45 to
1278 3825 246 51 remodel
1551 3825 97 52 the
1676 3825 163 53 home
1867 3825 268 68 grounds,
2163 3824 75 69 by

253 3896 1982 75 H. Stuart Ortloff and Henry B. Raymore … with many line-
