2350 4196
1167 3997 99 50 594

188 385 172 63 Berg,
391 382 193 63 Louis,
619 383 167 50 1900-

261 446 1913 81 Prison nurse, by Louis Berg … New York, The Macaulay
192 556 277 49 company
506 572 12 32 [
524 544 16 20 c
546 540 134 50 1934
684 569 12 33 ]

266 594 166 63 249 p. 19½cm.
198 655 1635 61 © May 14, 1934; 2c. and aff, May 18; A 71702; Macaulay co.
277 723 278 49 (34-12886)

197 839 301 65 Bergsma,
527 839 227 62 Stuart,
787 838 169 51 1900-

272 913 142 56 Sons
442 914 63 53 of
537 912 184 56 Sheba
773 913 91 67 [by]
903 911 197 54 Stuart
1132 910 289 67 Bergsma.
1489 905 199 53 Grand
1723 902 237 68 Rapids,
1992 902 156 53 Mich.,

198 993 90 53 W.
316 993 66 53 B.
413 991 314 52 Eerdmans
756 988 334 69 publishing
1119 1004 95 48 co.,
1245 987 149 49 1933.

269 1062 474 50 4 p. l., 160 p. 19½cm.
206 1120 53 50 ©
288 1123 106 40 Feb.
428 1124 36 41 7,
496 1122 111 39 1933;
667 1121 65 39 2c.
764 1120 93 40 and
888 1118 81 41 aff.
1001 1119 112 45 May
1142 1117 67 41 21,
1240 1115 112 40 1934;
1412 1114 40 39 A
1483 1113 141 40 71715;
1682 1113 121 40 Wm.
1834 1113 53 38 B.
1919 1111 267 40 Eerdmans

271 1180 106 47 pub,
406 1190 65 28 co.
538 1176 277 48 (34-12976)

200 1295 281 64 Bernard,
516 1291 385 67 Rogatianus,
939 1294 164 49 1888-

334 1362 1854 76 … Le mystère de Marie; les origines et les grands actes de
205 1451 53 52 la
288 1447 302 54 maternité
618 1449 69 52 de
716 1465 162 49 grace
913 1447 65 51 de
1011 1447 52 51 la
1099 1443 193 55 Sainte
1325 1442 224 68 Vierge.
1626 1441 185 66 Paris,
1842 1440 248 66 Desclée,
2123 1441 66 51 de

206 1528 272 52 Brouwer
501 1528 46 50 &
571 1545 27 33 c
602 1524 34 30 ie
845 1557 12 34 [c1933]

275 1590 1914 58 3 p. l., [9]—491 p. 19 cm . (On cove r: La vie spirituelle; collection
206 1655 344 48 dominicaine)

262 1713 64 40 At
350 1712 123 39 head
500 1712 50 39 of
576 1710 106 41 title:
740 1710 47 38 P.
816 1709 54 40 R.
899 1709 232 44 Bernard,
1191 1737 5 5 O.
1256 1736 6 8 P.

213 1758 1802 58 © Nov. 3, 1933; 1c. Jan. 17, 1934; A- Foreign 23392; Desclée, de
283 1762 1894 103 Brouwer
405 1825 36 39 &
466 1824 83 40 cie.
614 1821 278 50 (34-12999)

212 1925 167 68 Bliss,
409 1927 208 63 Adam,
644 1926 192 65 pseud.

280 1993 1917 77 Murder upstairs [ by] Adam Bliss. Philadelphia, Macrae
216 2079 188 56 Smith
435 2096 296 51 company,
765 2079 148 50 1934.

283 2150 85 42 320
397 2163 44 37 p.
501 2150 55 41 19½
589 2152 45 22 cm
637 2182 8 9 .

286 2207 161 42 “First
479 2205 224 43 edition.”

220 2255 1792 59 © Mar 21, 1934; 2c. and aff. May 22; A 72467; Macrae, Smith co.
300 2322 275 48 (34-12971)

213 2436 263 60 Boswell,
508 2439 216 63 James,
760 2436 320 57 1740-1795.

215 2509 1960 140 The journal of James Boswell … [v. 15-18. Mount Vernon,
371 2588 1415 76 N. Y.] Priv. print, [W. E. Rudge] 1932-1934.
289 2669 26 36 4
344 2677 38 29 v.
466 2665 186 41 facsims.
684 2667 133 46 (part
843 2667 251 47 mounted)
1159 2666 53 40 31
1216 2669 42 20 cm
1266 2698 7 8 .

295 2722 250 41 Half-title:
599 2721 197 42 Private
822 2732 172 39 papers
1021 2723 49 39 of
1097 2723 161 41 James
1287 2724 206 40 Boswell
1519 2723 128 40 from
1675 2723 246 43 Malahide
1948 2724 175 40 castle:
2154 2723 48 39 in

222 2781 79 38 the
337 2778 249 42 collection
623 2779 49 39 of
710 2778 283 41 Lt.-Colonel
1034 2779 155 48 Ralph
1228 2780 242 43 Heyward
1508 2781 163 43 Isham:
1739 2781 234 46 prepared
2009 2780 77 38 for
2124 2780 80 38 the

223 2845 132 38 press
382 2836 58 46 by
468 2834 222 49 Geoffrey
721 2836 131 40 Scott
881 2836 93 40 and
1003 2835 257 41 Frederick
1287 2837 51 38 A.
1369 2837 158 40 Pottle
1555 2838 95 38 and
1678 2847 107 29 now
1813 2836 105 40 first
1947 2835 204 48 printed.

568 2910 120 29 CONTENTS.—[v.
722 2890 70 50 15]
823 2891 272 42 1781-1783.
1153 2893 158 39 Death
1341 2893 50 38 of
1421 2893 125 41 Lord
1576 2892 311 48 Auchinleck,
1917 2892 56 40 30
2003 2891 201 48 August.

225 2948 124 39 1782.
409 2948 151 39 Jaunt
592 2950 47 37 to
671 2949 208 38 London,
911 2948 176 47 spring,
1120 2948 123 41 1783.
1306 2948 252 42 Materials
1589 2950 78 38 for
1700 2947 195 50 writing
1927 2948 79 40 the
2038 2948 86 39 life
2155 2948 52 39 of

224 3005 124 39 Lord
384 3004 316 40 Karnes.—[v.
738 3002 68 51 16]
845 3003 270 42 1783-1786.
1182 3005 154 39 Death
1375 3006 48 39 of
1458 3007 83 39 Dr.
1576 3006 230 41 Johnson.
1843 3006 52 39 13
1933 3003 272 43 December,

225 3061 123 39 1784.
407 3059 304 41 Publication
739 3061 49 39 of
817 3061 99 38 The
943 3060 193 47 journal
1165 3061 48 39 of
1243 3073 25 27 a
1298 3065 110 36 tour
1437 3063 47 38 to
1514 3063 80 39 the
1623 3061 236 41 Hebrides
1890 3062 93 39 and
2013 3060 194 47 quarrel

225 3116 117 40 with
384 3117 123 39 Lord
550 3116 299 43 Macdonald,
895 3114 581 50 September-December.
1520 3119 125 39 1785.
1719 3117 275 41 Admission
2036 3120 49 36 to
2128 3116 80 39 the

226 3172 201 48 English
451 3173 100 39 bar.
580 3172 25 39 9
632 3172 262 48 February.
924 3173 125 39 1788.
1107 3173 328 42 Letters.—[v.
1467 3173 69 50 17]
1569 3174 271 42 1786-1789.
1900 3173 230 39 Removal
2161 3175 48 37 to

226 3229 208 45 London,
469 3228 287 48 September,
788 3229 122 40 1786.
973 3230 145 39 Work
1149 3241 57 28 on
1238 3232 78 37 the
1350 3230 133 41 “Life
1514 3232 49 39 of
1595 3229 260 42 Johnson”.
1916 3229 194 40 Elected
228 3239 1964 86 recorder

429 3285 49 40 of
514 3283 216 43 Carlisle.
767 3287 51 37 11
856 3286 234 47 January.
1127 3286 124 40 1788.
1321 3287 155 40 Death
1513 3288 49 38 of
1599 3289 112 38 Mrs.
1752 3286 219 40 Boswell,
2008 3287 29 37 4
2071 3285 137 39 June.

226 3341 126 40 1789.
415 3341 188 40 Letters
638 3345 48 36 to
721 3343 112 38 Mis.
870 3341 343 50 Boswell.—[v.
1251 3341 48 41 18]
1356 3343 270 41 1789-1794.
1692 3343 203 48 Quarrel
1932 3340 117 41 with
2086 3340 120 39 Lord

228 3397 249 42 Lonsdale,
509 3398 136 40 June.
677 3397 126 40 1790.
863 3398 302 41 Publication
1192 3399 50 38 of
1273 3400 79 39 the
1383 3399 85 41 life
1500 3401 49 38 of
1579 3400 231 47 Johnson,
1842 3400 54 38 16
1927 3399 126 46 May,
2084 3396 127 40 1791.

230 3453 150 39 Jaunt
405 3458 48 35 to
476 3453 254 42 Cornwall.
755 3453 513 49 August-September.
1295 3456 125 39 1792.
1474 3457 203 39 Letters,

230 3500 1981 62 v. 15, 16, © Dec. 15, 1932; v. 17, 18. © Jan. 17, 1934; 2c. each and affs.
303 3566 110 46 May
437 3566 68 43 31,
532 3565 112 41 1934;
698 3567 37 38 A
763 3566 314 41 71844-71847:
1133 3567 156 48 Ralph
1318 3569 59 38 H.
1405 3568 177 48 Isham,
1610 3570 115 37 New
1752 3569 141 38 York.

229 3681 204 64 Bovee,
466 3681 229 56 Arthur
728 3682 242 67 Gibbon,
1006 3687 165 49 1882-

301 3750 1909 80 Une aventure en français, by Arthur Gibbon Bovee … and
226 3827 1990 85 Lilly Lindquist … v. 1 ere . New York, Chicago, Harcourt,
233 3913 171 54 Brace
436 3915 106 51 and
578 3933 293 50 company,
904 3919 145 52 1934.
