2350 4196
1122 4006 99 49 644

187 370 275 66 Deeping,
497 371 306 65 Warwick,
839 372 169 53 1877-

318 447 1853 69 … Seven men came back. New York, A. A. Knopf, 1934.
259 522 709 49 3 p. l., 3-415, [1] p. 19½ cm .
261 577 159 42 “First
447 579 257 40 American
731 579 224 41 edition.”

191 631 53 51 ©
270 636 112 46 May
407 636 69 47 21,
504 636 113 40 1934;
673 637 64 39 2c.
768 638 94 38 and
890 637 80 39 aff.
1000 638 113 46 May
1139 637 53 39 25;
1250 637 42 38 A
1317 636 142 40 71841;
1515 637 69 39 W.
1616 636 228 48 Deeping,
1871 635 298 48 Weybridge,

260 692 190 47 Surrey,
482 694 234 46 England.
787 693 278 48 (34-13902)

183 790 308 69 Delbrück,
531 797 182 62 Hans,
754 799 320 48 1848-1929.

254 871 473 68 Weltgeschichte
774 873 97 51 für
919 874 123 66 alle,
1087 874 142 51 nach
1275 873 126 51 dem
1446 873 184 51 werke
1674 890 109 35 von
1829 873 163 51 Hans
184 874 1963 128 Delbrück
406 950 308 53 bearbeitet
758 970 109 33 von
914 952 238 52 Konrad
1197 951 290 52 Molinski.
1645 993 27 23 III.,
1779 996 8 10 IV.
1835 955 39 47 t.
1956 950 215 68 Berlin,

184 1026 280 54 Deutsche
497 1028 592 68 Verlagsgesellschaft
1117 1048 70 33 m.
1221 1029 50 53 b.
1305 1029 52 50 h.
1396 1062 12 33 [
1415 1036 17 19 c
1437 1031 150 63 1933]

260 1101 916 49 2 pt. in 1 v. plates, ports. 21 ½ cm .
261 1158 163 40 Plates
452 1158 188 48 printed
674 1170 59 28 on
764 1160 113 39 both
908 1158 141 40 sides.

534 1213 104 41 CONTENTS.—3.
669 1216 34 38 t.
733 1215 214 39 Neuzeit.
950 1213 103 42 —4.
1083 1215 34 39 t.
1149 1215 206 39 Neueste
1386 1213 105 41 zeit.

192 1267 1981 108 © Dec. 31, 1933; 1c. June 14, 1934; A-Foreign 24856; Deutsche verlags-gesellschaft m. b. h.
185 1429 184 66 Delly,
398 1433 194 65 pseud.

317 1508 1850 66 … La douloureuse victoire, roman. [Paris] E. Flammarion
193 1589 169 64 [1934]

260 1658 487 47 284 p., 1 l. 18½ cm .
190 1711 1984 52 © Feb. 15, 1934; 1c. Mar. 2; A-Foreign 24208; Frédéric Petitjean de
261 1774 45 37 la
336 1772 211 47 Rosière,
576 1772 275 47 Versailles,
884 1773 196 39 France.
1152 1772 277 48 (34-14724)

187 1860 309 66 Delougaz,
524 1861 239 56 Pinhas.

315 1937 1577 56 … I. Plano-convex bricks and the methods of their
185 1939 1963 128 employment.
490 2059 9 9 II.
549 2016 120 53 The
717 2022 303 46 treatment
1068 2016 63 53 of
1177 2019 126 65 clay
1348 2017 205 53 tablets
1600 2019 60 51 in
1708 2016 95 53 the
1851 2014 146 54 field.
2082 2018 89 66 By

185 2093 1987 70 P. Delougaz … Chicago, The University of Chicago press
190 2205 12 33 [
208 2178 17 21 c
231 2175 149 63 1933]

257 2243 1917 52 xi, 57 p. illus., fold. plan, diagrs. 24½ cm . (The Oriental institute of
186 2303 81 39 the
291 2302 279 47 University
592 2303 49 39 of
666 2302 221 48 Chicago.
943 2302 192 41 Studies
1159 2303 48 39 in
1231 2302 191 41 ancient
1448 2303 207 40 oriental
1680 2300 310 48 civilization,
2015 2313 74 28 no.
2115 2303 50 48 7)

258 2358 410 49 Bibliographical
699 2359 274 40 foot-notes.

192 2411 50 51 ©
275 2417 109 38 Dec.
418 2416 68 46 26,
520 2415 138 46 1933;
692 2416 67 40 2c.
793 2416 108 39 Jan.
934 2416 39 46 3,
1007 2415 139 46 1934;
1183 2415 78 39 aff.
1297 2416 108 40 Jan.
1440 2416 51 45 2;
1529 2416 39 38 A
1602 2415 168 46 68747;
1808 2412 280 50 University
2122 2412 53 39 of

258 2472 221 48 Chicago,
513 2471 220 49 Chicago.
808 2473 62 44 (A
887 2472 198 47 34-401)

184 2559 232 66 Depew,
450 2560 314 65 Chauncey
797 2560 279 64 Mitchell,
1112 2563 322 50 1834-1928.

259 2636 301 68 Chauncey
591 2637 260 52 Mitchell
878 2638 230 66 Depew,
1137 2637 92 51 the
1260 2641 191 48 orator;
1511 2637 88 52 his
1632 2635 298 54 education
1961 2633 59 53 in
189 2651 1958 131 oratory,
375 2715 88 52 his
506 2714 154 68 early
705 2715 274 67 speeches,
1023 2714 88 53 his
1156 2714 168 53 views
1369 2732 71 34 on
1485 2714 95 52 the
1625 2714 201 67 theory
1872 2711 63 53 of
1981 2711 191 69 public

188 2789 1984 148 speaking, and a collection of his hitherto unpublished addresses, by Willard Hayes Yeager … Washington, D. C., The
187 2943 219 71 George
432 2946 382 69 Washington
843 2946 315 68 university
1186 2964 172 49 press,
1391 2949 147 50 1934.

257 3018 1336 49 ix, 227 p. front. (port.) illus. (facsims.) 23½cm.
192 3073 50 51 ©
267 3079 112 45 May
403 3078 68 40 15.
496 3077 139 46 1934;
662 3078 63 39 2c.
754 3078 93 38 and
873 3077 78 39 aff.
980 3078 111 47 May
1117 3077 80 46 23;
1224 3077 40 39 A
1290 3078 168 46 71734;
1489 3078 181 46 George
1696 3075 319 48 Washington
2042 3073 127 42 univ.

257 3144 149 38 press.
479 3133 277 48 (34-18951)

186 3220 207 67 Dixon,
427 3222 277 53 Franklin
733 3224 87 54 W.

191 3296 1954 147 … The mark on the door, by Franklin W Dixon … illustrated by J.
614 3376 257 55 Clemens
909 3377 216 54 Gretta.
1197 3378 129 52 New
1371 3378 179 66 York,
1589 3377 232 54 Grosset
1856 3378 45 50 &
1935 3374 235 67 Dunlap

191 3456 191 64 [c1934]

258 3527 60 45 iv,
347 3525 85 39 219
459 3535 42 37 p.
561 3525 147 40 front.
770 3525 56 40 19½c
873 3529 26 19 m
905 3558 7 7 .
980 3527 113 46 (His
1122 3527 97 41 The
1247 3529 171 46 Hardy
1445 3529 140 47 boys)

190 3579 1980 52 © May 28, 1934; 2c. and aff. May 31; A 71830; Grosset & Dunlap, inc.
266 3639 278 48 (34-14005)

183 3726 185 65 Eddy,
401 3730 136 50 Mrs.
572 3729 172 62 Mary
774 3727 252 65 (Baker)
1070 3732 320 52 1821-1910.

252 3804 171 53 Notes
455 3824 69 32 on
555 3806 93 52 the
680 3805 246 67 divinity
959 3825 189 33 course
1179 3807 168 67 given
1378 3809 72 64 by
1481 3810 169 61 Mary
1683 3806 187 53 Baker
1902 3803 184 66 Eddy…

184 3889 54 46 at
269 3882 99 52 her
395 3882 179 58 home,
607 3884 266 51 Pleasant
900 3884 157 67 view,
1089 3886 272 67 Concord,
1394 3888 136 50 New
1565 3882 365 67 Hampshire,
1960 3880 209 68 during
