2350 4296
1111 3994 65 49 49

165 358 272 63 Abrams,
466 356 197 55 Louis.

231 433 273 52 Pinochle
537 451 78 50 up
651 438 58 48 to
746 433 147 67 date,
929 433 74 68 by
1040 433 171 52 Louis
1248 433 263 51 Abrams.
1582 431 232 66 Toledo,
1853 430 66 54 O.
1963 464 11 33 [
1980 438 17 20 c
2004 434 150 63 1934]

229 507 69 46 43,
333 508 53 48 [1]
419 518 43 37 p.
525 508 52 39 18
583 509 42 20 cm
631 539 8 7 .

165 562 50 51 ©
281 576 74 30 Jan.
388 566 68 45 18,
489 564 139 42 1934;
663 566 66 39 2c.
763 565 95 39 and
891 564 79 40 aff.
1005 565 107 38 Jan.
1147 563 80 42 20;
1263 564 40 38 A
1365 563 139 47 68942;
1540 563 51 39 L.
1625 564 219 38 Abrams.
1879 564 192 46 Toledo,
2108 562 51 41 O.

237 622 248 47 (34-1632)

163 712 312 53 American
505 713 225 63 society
760 713 63 52 of
849 712 247 63 heating
1126 713 113 51 and
1271 712 358 64 ventilating
1660 712 330 64 engineers.

290 790 1867 68 … Guide. 1932 … containing reference data on the design
161 869 109 52 and
304 866 381 70 specification
720 868 64 52 of
813 869 236 68 heating
1081 869 110 51 and
1223 868 345 68 ventilating
1599 873 254 63 systems,
1883 869 169 51 based
2086 888 71 34 on

159 949 94 49 the
283 947 420 60 Transactions,
731 948 94 50 the
855 947 436 66 investigations
1323 947 62 52 of
1415 948 94 50 the
1539 947 252 52 research
1827 948 329 67 laboratory

160 1025 109 51 and
303 1025 368 67 cooperating
702 1024 375 53 institutions,
1109 1025 110 51 and
1251 1026 95 50 the
1379 1025 248 66 practice
1660 1024 63 53 of
1755 1026 95 51 the
1882 1026 274 53 members

161 1103 109 52 and
300 1102 221 53 friends
549 1103 63 52 of
638 1105 94 49 the
760 1104 228 66 society,
1017 1104 259 66 together
1382 1105 63 49 with
1475 1122 30 32 a
1534 1103 479 52 manufacturers’
161 1109 1971 140 catalog
318 1181 133 52 data

480 1179 1677 72 section … also the roll of membership of the society,
158 1259 1938 68 with complete indexes to technical and catalog data. v. 10 …
157 1338 137 53 New
327 1338 177 53 York.
534 1339 308 51 American
872 1338 211 67 society
1116 1338 62 52 of
1209 1339 235 67 heating
1479 1340 111 50 and
1623 1339 347 69 ventilating
155 1340 1976 130 engineers
348 1451 11 33 [
366 1423 17 20 c
388 1420 135 49 1932
528 1450 11 33 ]

222 1492 95 46 xiv,
347 1491 96 47 876,
473 1490 54 40 64
556 1502 41 36 p.
654 1491 142 46 illus.,
827 1491 177 47 diagrs.
1062 1491 55 40 23
1121 1493 43 20 cm
1172 1524 6 7 .

158 1545 50 51 ©
242 1549 108 39 Jan.
384 1548 67 47 20,
485 1548 140 46 1932;
661 1549 65 38 2c.
763 1548 108 39 Jan.
904 1549 39 45 3,
979 1548 139 40 1934;
1156 1548 79 39 aff.
1272 1549 108 38 Jan.
1414 1550 52 44 4;
1503 1547 42 39 A
1577 1548 170 45 68734;
1784 1548 156 39 Amer.
1979 1559 92 29 soc.
2107 1549 51 40 of

224 1605 199 47 heating
451 1607 95 38 and
576 1605 292 46 ventilating
898 1606 263 45 engineers.

156 1696 238 65 Aspiey,
424 1697 155 53 John
612 1698 306 63 Cameron,
952 1700 133 49 1888-

224 1774 168 67 Steps
430 1781 57 45 to
526 1775 94 51 the
660 1775 184 66 order,
883 1792 288 45 summary
1211 1774 63 52 of
1311 1774 258 53 methods
1610 1773 370 69 successfully
2022 1776 134 52 used

153 1854 57 51 in
241 1852 243 53 creative
516 1853 205 67 selling
752 1854 112 51 and
895 1854 141 52 sales
1068 1853 257 52 manuals
1357 1852 64 53 of
1451 1852 233 69 leading
1715 1853 442 68 organizations,

154 1930 1999 69 by J. C. Aspley … Chicago and New York, The Dartnell
150 2010 362 68 corporation
552 2043 11 33 [
568 2016 18 20 c
592 2013 150 63 1934]

220 2083 1185 49 4 p. l., 11-128, [8] p. illus., fold. pl. 37½ cm .
156 2138 50 52 ©
268 2153 74 29 Jan.
368 2142 69 43 20,
465 2144 16 37 3
494 2142 110 41 934;
634 2142 65 39 2c.
728 2143 94 38 and
850 2141 80 40 aff.
959 2142 108 38 Jan.
1097 2142 79 45 24;
1207 2141 41 38 A
1275 2141 168 42 69376;
1476 2142 41 38 J.
1548 2141 48 41 G.
1626 2141 191 48 Aspiey,
1848 2141 224 49 Chicago.

233 2199 249 49 (34-1689)

156 2287 235 66 Atkins,
426 2288 237 55 Willard
693 2290 158 62 Earl,
883 2292 171 49 1889-

225 2364 1929 63 Our economic world, by Willard E. Atkins … and Arthur
153 2443 1998 70 Wubnig … New York and London, Harper & brothers, 1934.
222 2516 63 46 ix,
317 2517 85 38 411
436 2527 42 37 p.
539 2516 142 49 illus.,
716 2515 176 48 diagrs.
956 2517 53 38 21
1014 2519 14 20 cm
1064 2550 6 6 .

222 2574 162 41 “First
422 2574 225 40 edition.”

221 2631 348 41 “References”
608 2634 50 37 at
693 2633 90 38 end
819 2632 51 38 of
905 2633 117 38 each
1058 2632 213 46 chapter.

155 2690 50 51 ©
239 2694 107 39 Jan.
380 2694 68 44 17,
480 2693 140 40 1934;
655 2692 67 40 2c.
756 2693 94 38 and
883 2691 81 40 aff.
999 2691 108 40 Jan.
1141 2692 79 45 19;
1256 2692 41 38 A
1329 2692 169 40 68926:
1536 2694 194 47 Harper
1763 2695 35 39 &
1830 2696 122 39 bros.

231 2750 248 48 (34-1430)

158 2843 235 63 Baxter,
423 2842 226 63 George
679 2841 196 54 Owen.

227 2914 1925 76 Call of the blood, by George Owen Baxter … New York,
151 2994 119 52 The
307 2995 302 67 Macaulay
650 3011 276 50 company

220 3066 87 40 316
337 3077 43 37 p.
445 3066 55 39 19
503 3068 42 20 cm
552 3098 8 7 .

156 3124 50 51 ©
235 3129 108 38 Jan.
369 3128 69 46 22,
465 3127 114 40 1934;
635 3128 66 38 2c.
730 3127 107 39 Jan.
866 3127 55 38 25;
979 3126 79 39 aff.
1089 3127 107 39 Jan.
1224 3126 82 42 24;
1337 3127 41 38 A
1405 3127 143 40 68977;
1607 3130 223 40 Macaulay
1896 3142 63 30 co.

228 3184 248 49 (34-1563)

155 3261 335 64 Blochman,
522 3261 314 52 Lawrence
870 3260 66 54 G.

223 3339 256 66 Bombay
514 3338 137 52 mail
691 3338 107 67 [by]
837 3339 302 50 Lawrence
1174 3339 66 54 G.
1278 3340 332 53 Blochman.
1688 3344 233 66 Boston,
1956 3347 192 54 Little,

158 3418 222 64 Brown,
410 3418 111 52 and
549 3434 297 48 company,
876 3419 147 50 1934.

226 3488 715 49 3 p. l., 3-311, [1] p. 19½ cm .
155 3543 49 51 ©
242 3547 107 39 Jan.
385 3547 67 41 26,
488 3546 139 41 1934;
667 3546 65 40 2c.
769 3547 95 38 and
900 3545 79 40 aff.
1017 3545 107 39 Jan.
1161 3546 80 46 27;
1280 3546 40 38 A
1355 3545 170 43 70048;
1564 3548 49 38 L.
1653 3548 51 40 G.
1742 3550 279 45 Blochman.
2060 3555 91 39 Los

220 3604 217 45 Angeles.
509 3603 250 48 (34-1682)

154 3677 439 65 Breckinridge,
625 3677 367 64 Sophonisba
1024 3678 269 63 Preston,
1327 3682 132 49 1866-

219 3756 120 52 The
368 3755 204 68 family
601 3755 109 51 and
740 3756 91 51 the
860 3759 160 62 state,
1049 3753 165 54 select
1240 3754 325 55 documents
1592 3757 72 69 by
1695 3758 357 69 Sophonisba
2081 3765 63 51 P.

154 3830 1994 80 Breckinridge … Chicago, Ill., The University of Chicago
151 3929 154 48 press
345 3946 12 33 [
363 3918 16 21 c
385 3914 135 48 1934
524 3945 12 33 ]
