2350 4196
1133 4009 131 49 1306

213 389 314 66 Buranelli,
559 393 269 61 Prosper,
866 395 168 50 1890-
1244 391 82 52 ed.

290 469 120 52 The
466 487 146 34 cross
669 471 155 51 word
879 471 196 67 puzzle
1129 468 159 53 book.
1379 466 440 66 Thirty-second
1871 466 186 51 series.
2146 464 52 51 A

219 545 413 68 thirty-second
671 547 310 68 anthology
1019 547 63 52 of
1121 545 267 68 fifty-five
1424 563 123 33 new
1584 562 147 34 cross
1770 544 154 51 word
1964 544 239 66 puzzles,

219 623 297 69 including
550 623 107 54 five
691 625 368 67 diagramless
1096 643 146 33 cross
1277 623 156 51 word
1468 623 241 66 puzzles,
1741 621 299 68 published
2074 621 130 52 here

219 702 343 66 exclusively
590 702 94 52 for
708 702 96 52 the
830 702 125 52 first
981 703 153 65 time,
1163 701 109 52 and
1301 701 189 51 edited
1517 700 73 66 by
1616 700 248 67 Prosper
1892 700 312 52 Buranelli.

221 778 64 51 F.
333 779 260 67 Gregory
640 779 328 53 Hartswick
1019 780 147 65 [and]
1217 779 294 66 Margaret
1558 778 428 66 Pethcrbridge.
2068 778 135 51 New

222 855 178 67 York,
432 856 196 54 Simon
657 857 112 52 and
800 856 284 68 Schuster,
1113 857 124 64 inc.,
1268 859 151 49 1934.

293 928 84 40 126
409 939 44 38 p.
513 929 178 48 diagrs.
751 929 54 40 19½
839 932 42 21 cm
886 963 8 7 .

225 982 51 51 ©
304 986 126 47 Sept.
455 987 68 39 25.
550 986 112 40 1934;
716 987 64 37 2c.
811 987 124 47 Sept.
963 986 54 39 29:
1073 987 79 39 aff.
1182 989 124 44 Sept.
1335 987 53 38 27:
1446 987 40 36 A
1512 985 139 40 76232;
1711 985 162 40 Simon
1900 987 35 38 &
1964 986 241 44 Schuster,

291 1043 89 40 inc.
453 1042 276 50 (34-33096)

218 1129 302 68 Charters,
551 1134 218 65 James,
802 1134 169 52 1897-

293 1210 138 53 This
463 1219 150 45 must
641 1212 67 53 be
738 1211 96 53 the
866 1212 185 67 place;
1087 1212 260 51 memoirs
1382 1211 61 52 of
1475 1211 453 67 Montparnasse,
1958 1211 74 66 by
222 1211 1963 144 Jimmie,
377 1289 95 52 the

500 1289 237 52 barman
777 1289 217 67 (James
1025 1289 322 66 Charters).
1412 1288 214 52 Edited
1655 1289 75 66 by
1757 1288 229 52 Morrill
2017 1288 190 67 Cody:

224 1366 139 52 with
408 1385 71 34 an
521 1366 388 53 introduction
952 1368 73 65 by
1067 1367 208 52 Ernest
1314 1365 411 69 Hemingway;
1770 1366 324 53 illustrated
2136 1367 73 68 by
223 1443 147 52 Ivan
400 1443 201 67 Opffer
628 1445 112 51 and
768 1444 226 53 Hilaire
1022 1444 182 52 Hiler.

1265 1444 257 64 London,
1551 1444 75 51 H.
1655 1444 214 67 Joseph
1897 1445 103 51 ltd.
2034 1449 170 62 [1934]

293 1515 86 40 300
415 1526 43 38 p.
517 1516 134 40 front.
697 1516 168 48 (port.)
914 1516 126 40 illus.
1101 1516 55 38 22
1160 1518 41 21 cm
1206 1548 8 7 .

228 1569 1981 52 © 1c. Sept. 11, 1934: A ad int. 19386; pubd. July 20; J. Charters, Paris,
295 1631 94 38 and
418 1631 188 38 Morrill
639 1630 142 47 Cody,
812 1631 160 39 Dobbs
1004 1631 163 46 Ferry,
1247 1663 7 5 N.
1284 1631 52 38 Y.
1408 1630 277 47 (34-34775)

220 1716 235 68 Crump,
487 1719 220 66 Irving,
742 1720 169 54 1887-

293 1797 1918 69 The boys’ book of cowboys, by Irving Crump … New
224 1876 179 67 York,
429 1877 189 66 Dodd,
645 1877 170 52 Mead
843 1879 47 50 &
917 1894 295 50 company,
1244 1880 147 49 1934.

298 1948 115 47 xvii,
441 1947 85 40 232
554 1958 42 36 p.
652 1947 163 42 front.,
844 1948 169 46 plates.
1071 1948 55 39 19½
1158 1951 42 20 cm
1206 1981 7 5 .

230 2004 51 51 ©
314 2008 126 47 Sept.
469 2009 67 40 27.
566 2007 112 40 1934:
736 2007 64 40 2c.
833 2009 94 38 and
957 2007 80 40 aff.
1068 2008 99 39 Oct.
1197 2011 23 34 2:
1280 2009 40 37 A
1351 2009 140 39 75574:
1552 2010 34 37 I.
1619 2008 191 47 Crump,
1841 2007 209 41 Oradell.
2081 2009 56 39 X.
2170 2009 40 38 J.

308 2063 276 49 (34-33099)

221 2153 280 66 Deutsch,
536 2153 208 66 Julius,
781 2158 169 51 1884—

228 2232 1984 146 The civil war in Austria; a first-hand account from eve-witnesses and participants, by Julius Deutsch … translated
228 2387 74 67 by
339 2387 194 52 David
573 2388 64 52 P.
678 2388 339 68 Berenberg.
1095 2389 267 68 Chicago,
1402 2390 121 53 The
1566 2388 266 55 Socialist
1872 2394 187 62 party,
227 2389 1961 128 National
439 2465 421 67 headquarters,
899 2469 150 49 1934.

297 2536 55 39 78
383 2546 43 38 p.
459 2536 108 41 incl.
599 2537 148 40 front,
778 2538 169 48 (port.)
990 2540 124 39 illus.
1175 2538 54 39 22½
1262 2543 42 20 cm
1310 2573 7 7 .

301 2593 188 40 “Julius
533 2595 241 39 Deutsch:
821 2594 109 41 ‘Der
975 2596 322 50 biergerkrieg
1340 2598 48 38 in
1433 2597 333 47 Oesterreich’,
1810 2608 99 30 was
1954 2598 105 40 first
228 2599 1967 91 published
426 2650 48 38 in
520 2652 79 39 the
644 2650 208 41 German

895 2652 237 48 language
1175 2664 52 29 as
1270 2655 80 40 the
1392 2655 167 48 eighth
1599 2655 191 41 volume
1831 2654 50 42 of
1922 2656 83 40 the
2048 2656 163 47 series,

230 2707 258 41 ‘Problems
519 2708 50 40 of
600 2708 405 48 socialism'.”—p.
1053 2711 40 47 [4]

232 2762 50 50 ©
319 2766 127 47 Sept.
478 2764 68 48 22,
581 2764 138 47 1934;
756 2766 64 39 2c.
857 2767 126 46 Sept.
1018 2767 79 38 29:
1136 2767 78 40 aff.
1253 2768 126 47 Sept.
1412 2768 81 41 26:
1530 2770 41 38 A
1605 2770 167 46 76253;
1812 2770 228 40 Socialist
2070 2773 144 45 party

300 2823 50 39 of
384 2824 77 37 the
493 2823 54 39 U.
582 2823 43 39 S.
657 2822 50 39 of
737 2823 233 39 America.
1005 2823 219 48 Chicago.
1296 2825 277 48 (34-33090)

228 2912 304 64 Fontaine,
567 2913 176 55 René.

304 2988 224 55 Fraises
562 2995 53 45 et
648 2989 266 67 plateaux
952 2992 25 50 à
1020 2991 261 66 coquilles
1317 3012 142 48 pour
1494 2996 51 51 le
1580 2992 208 53 travail
1825 2992 72 51 du
1937 2991 135 66 bois,
2110 3009 104 49 par

234 3065 1186 72 B. Fontaine … Paris, Dunod, 1934.
301 3136 711 48 2 p. l., 93 p. illus. 21 ½cm .
305 3193 67 39 “A
405 3193 181 48 l’usage
621 3196 60 38 du
720 3199 254 43 personnel
1008 3198 240 48 dirigeant
1283 3204 46 36 et
1366 3203 191 37 ouvrier
1594 3204 82 37 des
1713 3203 197 38 ateliers
1943 3202 58 38 de
232 3201 1963 96 menuiserie,

395 3249 298 50 ébénisterie,
720 3253 272 46 charpente,
1020 3256 341 48 charronnage,
1387 3260 354 38 constructions
1765 3260 211 38 navales,
2003 3260 209 37 travaux

231 3308 198 47 publics,
456 3310 329 38 construction
810 3311 55 38 de
891 3311 219 40 matériel
1139 3315 204 41 roulant,
1372 3317 305 46 carrosserie,
1702 3316 294 39 fabrication
2026 3316 57 37 de
232 3322 1963 90 parquets
399 3368 49 36 et
478 3366 58 38 de
565 3369 257 39 tonneaux,

854 3369 47 37 et
932 3369 57 38 de
1020 3371 157 38 toutes
1208 3372 68 38 les
1308 3373 264 39 industries
1607 3374 62 38 du
1701 3373 115 47 bois,
1851 3373 123 39 ainsi
2008 3381 90 35 que
2131 3371 83 38 des

230 3421 155 41 élèves
418 3423 82 39 des
534 3421 384 42 établissements
954 3424 428 47 d’enseignements
1417 3429 298 47 technique.”

232 3478 1510 55 © Apr. 3. 1934: 1c. May 29: A- Foreign 24715: Dunod.
310 3539 277 47 (34-33300)

226 3615 318 63 Frandsen,
575 3614 218 56 Arden.

228 3691 1961 138 … An eye-movement study of objective examination questions; from the
785 3769 432 71 Psychological
1260 3776 330 67 laboratory
1635 3775 63 53 of
1741 3775 94 52 the
1879 3771 334 68 University

229 3844 1983 72 of Minnesota, by Arden Frandsen … Worcester, Mass., Clark
227 3923 330 67 university,
589 3929 18 21 c
612 3926 149 50 1934.
