2350 4196
1141 4005 101 48 446

207 377 390 66 Huntington,
631 377 336 65 Ellsworth,
1003 376 168 54 1876-

276 455 319 66 Principles
632 453 64 53 of
730 454 213 51 human
978 454 347 68 geography,
1362 454 76 68 by
1475 453 311 52 Ellsworth
1823 453 372 69 Huntington

267 530 1927 69 … and Sumner W. Cushing … 4th ed., rewritten. Total
206 609 162 68 issue,
399 608 330 70 eighty-five
759 609 298 51 thousand.
1124 609 136 52 New
1291 608 179 69 York,
1500 608 55 54 J.
1586 607 188 70 Wiley
1805 611 44 49 &
1880 626 144 49 sons,
2055 609 136 66 inc.;

205 686 258 68 London,
494 686 299 68 Chapman
822 686 45 49 &
895 685 160 67 Hall,
1085 685 238 68 limited,
1354 688 150 50 1934.

279 760 116 47 xxii,
434 759 86 41 467
557 770 43 36 p.
664 758 142 47 illus.,
847 768 138 37 maps
1012 759 48 47 (1
1099 758 140 48 fold.)
1289 758 178 48 diagrs.
1527 757 25 38 23½
1616 760 43 21 cm
1663 789 9 8 .
1736 758 115 50 [The
1891 758 308 47 Huntington

210 817 274 46 geography
515 814 165 50 series]
800 813 142 49 $3.00.

277 871 187 41 “Books
490 872 80 39 for
593 871 197 48 general
817 870 300 41 reference”:
1147 880 43 38 p.
1218 870 215 42 xx-xxii.

211 938 1984 52 © Mar. 20, 1934; 2c. Mar. 22; aff. Apr. 4; A 72033; E. Huntington, New
281 1000 184 46 Haven,
500 1001 95 38 and
627 999 211 39 Frances
870 999 43 39 D.
960 999 275 47 Harrower,
1269 999 296 47 Woodmere,
1600 999 50 41 L.
1685 1000 49 46 I.,
1770 1000 55 38 N.
1858 1000 54 39 Y.

288 1056 277 48 (34-27081)

203 1173 307 64 Jacobsen,
541 1175 201 62 Betty.

277 1250 1917 69 A girl before the mast, by Betty Jacobsen … New York,
208 1328 255 67 London,
493 1327 60 55 C.
587 1329 310 55 Scribner’s
925 1348 143 46 sons,
1098 1333 146 49 1934.

283 1400 1128 49 6 p. l., 264 p. illus. (map) plates. 21½ cm .
282 1456 75 40 An
389 1459 205 38 account
628 1457 50 40 of
712 1458 82 39 the
829 1457 216 41 author’s
1079 1458 133 39 work
1246 1460 96 38 and
1377 1457 306 47 experiences
1720 1457 182 40 aboard
1937 1457 80 41 the
210 1458 1970 102 windjammer
439 1514 191 48 Parma,
655 1525 59 28 on
737 1515 67 39 its
826 1515 136 39 three
986 1514 205 40 month’s
1214 1524 182 37 voyage
1422 1514 126 40 from
1573 1514 250 40 Australia
1850 1516 48 37 to
1923 1513 272 41 Falmouth.

212 1567 1986 52 © Apr. 10, 1934; 2c. and aff. Apr. 14; A 72046; Charles Scribner’s sons.
289 1628 249 48 (34-9052)

204 1743 307 66 Jacobson,
543 1745 291 64 Edmund,
867 1749 170 49 1888-

281 1823 129 53 You
440 1829 150 47 must
619 1824 184 66 relax;
839 1843 30 33 a
898 1823 276 68 practical
1205 1825 229 52 method
1465 1822 63 54 of
1559 1823 273 67 reducing
1862 1824 93 51 the
1987 1824 207 52 strains

209 1900 63 52 of
297 1902 235 51 modern
556 1900 202 69 living,
785 1902 75 67 by
888 1902 270 52 Edmund
1184 1901 299 66 Jacobson,
1568 1947 7 7 M.
1642 1944 9 8 D.
1727 1902 138 52 New
1893 1901 163 52 York
2082 1902 111 51 and

211 1977 252 68 London,
499 1979 300 54 Whittlesey
875 1980 189 66 house,
1098 1979 428 54 McGraw-Hill
1559 1979 147 53 book
1740 1996 295 50 company,
2071 1979 123 65 inc.,

212 2058 148 51 1934.

282 2127 995 50 xv, 201 p. incl. XVI pl. on 8 l. 19½ cm .
284 2182 160 43 “First
472 2185 226 40 edition.”

213 2237 1968 111 © Apr. 16, 1934; 2c. Apr. 18; aff. Apr. 19; A 71292; E. Jacobson, Chicago. (34-27091)
203 2415 297 66 Jameson,
528 2417 236 54 Samuel
791 2416 175 65 Haig.

208 2490 1967 226 … Status and social welfare organizations; a psycho-sociological study, by Samuel Haig Jameson … Los Angeles, University of Southern California press, 1934.
282 2721 1913 50 3 p. l., 47, [1] p. 22½ cm . (University of Southern California, School
209 2778 51 40 of
287 2779 224 39 research
540 2778 186 41 studies.
795 2789 75 30 no.
899 2780 25 38 1)

281 2834 187 42 “Social
497 2835 185 40 science
708 2836 164 47 series,
900 2847 73 29 no.
999 2834 70 40 4.”

279 2892 199 39 Portion
512 2892 52 40 of
596 2892 150 40 thesis
792 2892 103 47 (PH.
963 2891 387 48 D.)—University
1384 2893 50 40 of
1472 2892 241 41 Southern
1748 2892 284 42 California.
2069 2891 126 41 1929.

213 2944 50 51 ©
292 2948 109 39 Feb.
429 2950 37 45 1,
496 2948 139 47 1934;
664 2949 66 39 2c.
760 2949 108 39 Feb.
898 2949 54 39 16;
1009 2948 80 40 aff.
1119 2948 108 41 Feb.
1256 2948 81 47 12;
1368 2950 41 37 A
1435 2949 169 45 70241;
1637 2949 282 48 University
1947 2950 50 40 of
280 2948 1899 96 Southern
400 3004 285 48 California,
722 3006 92 39 Los
849 3006 216 47 Angeles.
1141 3004 248 50 (34-9012)

204 3121 234 65 Jaquin,
468 3122 164 56 Noel.

280 3195 122 55 Our
438 3197 290 69 revealing
761 3198 210 67 hands;
1011 3217 30 32 a
1079 3198 274 67 practical
1388 3197 231 54 treatise
1656 3197 63 54 of
1755 3199 94 51 the
1886 3197 212 54 science
2134 3195 63 55 of

208 3273 153 53 hand
395 3274 239 68 reading
667 3275 229 69 dealing
927 3276 61 52 in
1022 3275 174 53 detail
1228 3275 140 52 with
1403 3277 72 51 its
1511 3275 440 69 psychological,
1985 3276 210 65 sexual,

209 3352 1986 69 superstitious and medical aspects, by Noel Jaquin … New
208 3426 1289 72 York, R. M. McBride & company [ c 1934]
276 3500 84 42 268
392 3512 43 37 p.
495 3501 161 47 front.,
693 3502 140 44 illus.,
870 3502 169 47 plates.
1100 3501 54 39 21
1158 3503 44 22 cm
1205 3533 9 8 .

279 3556 196 42 London
502 3557 183 40 edition
722 3557 182 46 (Faber
929 3559 36 39 &
992 3557 156 41 Faber
1174 3557 209 48 limited)
1422 3559 90 39 has
1538 3557 135 41 title:
1703 3558 100 40 The
1831 3559 131 39 hand
1991 3558 52 40 of
2070 3568 124 29 man.

211 3610 51 51 ©
303 3616 121 39 Mar.
465 3616 38 46 5,
543 3615 139 42 1934;
725 3616 66 39 2c.
834 3617 120 39 Mar.
993 3616 82 45 26;
1119 3615 77 40 aff.
1240 3616 120 40 Mar.
1401 3616 82 45 23;
1526 3618 41 37 A
1607 3616 168 46 71016;
1819 3615 217 41 William
2075 3616 117 38 Noel

281 3671 193 48 Jaquin.
501 3672 208 39 London.
781 3671 249 47 (34-8966)

204 3788 118 53 The
358 3789 220 53 Jewish
614 3788 244 68 library;
898 3790 157 51 third
1093 3789 182 67 series,
1312 3789 187 52 edited
1534 3790 75 67 by
1646 3789 184 53 Rabbi
1864 3790 113 52 Leo
2015 3790 174 66 Jung,

360 3910 9 9 PH.
440 3910 9 9 D.
518 3868 136 51 New
686 3867 178 54 York,
897 3868 119 53 The
1050 3866 211 56 Jewish
1295 3868 217 67 library
1545 3868 333 67 publishing
1911 3884 94 49 co.,
2040 3869 148 49 1934.

275 3940 90 39 xiii
391 3951 56 36 p.,
476 3941 29 38 2
564 3971 7 16 l.,
600 3940 149 40 3-510
772 3951 41 32 p.
872 3940 54 40 19½
959 3943 44 21 cm
1008 3973 7 7 .
