2350 4196
1151 4005 101 55 740

287 461 100 48 viii,
416 461 113 41 9-288
589 472 42 38 p.
691 461 55 40 20½cm.

290 518 288 40 “Erratum”
607 519 92 48 slip
724 519 228 40 mounted
983 529 59 30 on
1068 531 43 37 p.
1144 538 55 30 [v]

288 574 346 50 Bibliography;
693 587 43 37 p.
769 574 216 42 270-278.

222 644 1980 51 © June 1, 1934; 2c. June 7: aff. June 8; A 72681; G. P. Putnam’s sons.
302 704 278 48 (34-16135)

215 823 259 62 Duveen,
507 822 202 53 James
739 822 222 62 Henry.

284 898 297 67 Napoleon
608 899 62 51 of
699 899 94 52 the
824 905 89 45 art
941 897 195 54 world.

303 973 84 47 (In
413 968 203 43 London
640 968 194 51 People,
863 968 117 51 May
1010 969 71 49 27,
1113 967 141 49 1934)

224 1024 1981 52 © 1c. June 23, 1934; A ad int. 19160; pubd. May 27; J. H. Duveen,
290 1084 211 43 London.

217 1202 414 65 Engelbrecht,
664 1202 174 63 Kurt,
873 1204 169 50 1883-

288 1281 118 51 Der
451 1279 618 66 Deutschlandsucher;
1115 1277 482 53 vaterländischer
1638 1295 214 48 roman,
1898 1296 109 35 von
2049 1279 154 52 Kurt

221 1358 395 68 Engelbrecht.
692 1358 156 50 Lahr
877 1357 59 51 in
968 1357 214 65 Baden,
1211 1357 66 52 R.
1309 1356 224 64 Keutel,
1566 1359 148 49 1933.

292 1430 86 41 239
407 1441 30 37 p
510 1430 54 40 17
582 1441 32 27 x
660 1431 24 38 13½cm

224 1485 51 51 ©
308 1488 99 41 Oct.
438 1488 68 45 15,
535 1487 140 45 1933;
706 1488 70 40 lc.,
803 1487 120 38 Mar.
955 1487 68 45 13,
1055 1484 138 46 1934;
1227 1484 309 48 A-Foreign
1567 1485 170 47 24032;
1772 1485 214 40 Richard
2016 1485 190 49 Keutel,

290 1547 178 45 verlag.
539 1543 277 48 (34-16704)

217 1661 227 64 Feiker,
476 1661 312 53 Frederick
818 1660 233 64 Morris,
1085 1664 168 48 1881-

292 1740 119 52 The
449 1740 257 66 training
744 1739 63 51 of
844 1759 127 32 men
1012 1738 93 52 for
1142 1739 94 51 the
1275 1738 196 52 textile
1510 1738 291 67 industry;
1845 1757 71 33 an
1956 1738 247 67 analysis

220 1818 64 51 of
320 1818 94 52 the
453 1816 416 69 opportunities
909 1816 93 51 for
1038 1815 222 53 trained
1295 1834 129 34 men
1461 1816 60 53 in
1557 1817 95 51 the
1689 1816 197 53 textile
1922 1816 281 67 industry,

222 1896 63 50 of
308 1896 94 52 the
431 1894 334 69 specialized
790 1893 256 68 training
1068 1911 291 49 necessary
1385 1893 94 53 for
1501 1893 314 68 equipping
1839 1913 126 33 men
1991 1893 92 53 for
2110 1896 93 51 the

221 1973 282 67 problems
541 1972 63 52 of
640 1973 94 51 the
770 1972 282 66 industry,
1092 1972 109 51 and
1239 1971 63 52 of
1337 1972 95 51 the
1469 1971 242 52 relation
1748 1971 63 52 of
1847 1972 93 51 the
1977 1979 224 59 present

220 2049 196 54 textile
451 2049 365 68 engineering
852 2049 216 52 schools
1105 2055 57 45 to
1197 2050 135 51 such
1371 2067 30 33 a
1439 2066 284 50 program.

1797 2049 162 54 With
220 2068 1957 113 recommendations
606 2127 93 53 for
724 2126 323 53 immediate
1077 2128 110 51 and
1217 2126 193 53 future
1440 2127 241 66 changes
1713 2127 62 51 in
1802 2128 94 52 the
1925 2127 279 53 curricula

220 2208 64 51 of
320 2206 195 52 textile
553 2204 355 53 educational
946 2203 367 53 institutions.
1390 2206 90 64 By
1518 2205 307 52 Frederick
1861 2206 78 52 M.
1982 2205 220 55 Feiker.

225 2281 415 68 [Washington,
669 2283 69 51 D.
771 2282 79 66 C.,
879 2288 16 21 c
901 2285 150 63 1934]

292 2357 56 39 47
378 2366 42 36 p.
480 2356 117 40 fold,
628 2354 155 40 tables
811 2354 72 47 (in
913 2352 195 50 pocket)
1147 2353 116 41 fold,
1294 2353 178 48 diagrs.
1501 2354 73 47 (in
1604 2354 194 47 pocket)
1867 2354 55 40 28
1925 2357 43 20 cm
1974 2387 7 7 .

296 2411 340 41 “Undertaken
667 2413 52 37 at
749 2411 81 38 the
861 2410 236 39 direction
1128 2410 48 38 of
1207 2410 81 39 the
1318 2410 189 40 Textile
1537 2411 304 47 foundation,
1873 2412 332 48 Washington,

224 2469 56 40 D.
316 2467 62 49 C.,
411 2468 121 39 with
561 2469 81 38 the
672 2466 312 48 sponsorship
1013 2467 51 39 of
1093 2477 27 29 a
1152 2465 177 48 special
1362 2467 322 40 Educational
1716 2468 273 39 committee
2018 2469 76 39 for
2126 2470 80 39 the

224 2523 320 48 Foundation,
574 2524 96 39 and
699 2523 118 40 with
849 2524 81 38 the
960 2523 305 46 cooperation
1296 2523 50 40 of
1377 2525 82 38 the
1490 2524 238 48 directing
1757 2525 149 39 heads
1939 2526 94 39 and
2064 2526 142 39 staffs

224 2580 51 39 of
313 2581 81 39 the
432 2581 169 39 textile
639 2581 186 39 schools
862 2580 96 39 and
994 2579 50 39 of
1082 2590 143 37 many
1263 2581 383 46 representative
1683 2592 108 29 men
1827 2581 50 39 in
1916 2582 80 39 the
2036 2583 170 40 textile

223 2635 267 49 industry.”

225 2690 51 52 ©
308 2695 113 46 May
452 2695 39 46 1,
523 2693 113 40 1934;
696 2694 66 38 2c.
796 2694 112 46 May
940 2692 28 40 9;
1028 2692 80 42 aff.
1142 2694 112 47 May
1286 2695 54 37 11;
1403 2695 39 38 A
1475 2695 142 40 71578;
1680 2695 189 40 Textile
1901 2695 304 49 foundation,

294 2751 332 47 Washington.
697 2750 277 47 (34-16124)

216 2867 120 52 The
366 2866 399 65 Fortnightly,
839 2885 87 35 no.
958 2871 115 62 811,
1102 2887 120 33 new
1251 2870 185 65 series,
1466 2871 157 66 July,
1656 2873 147 49 1934.

224 2937 51 51 ©
304 2942 114 46 July
446 2941 39 46 9,
513 2941 113 40 1934;
682 2941 41 38 A
750 2942 60 38 ad
837 2940 84 40 int.
951 2940 142 39 19149;
1151 2941 139 47 pubd.
1321 2941 116 48 July
1465 2944 24 37 1;
1548 2942 309 48 Fortnightly
1886 2943 189 46 review,
2105 2943 99 47 ltd.,

291 2998 210 40 London.

219 3115 288 65 Gabreau,
540 3116 240 55 Jeanne.

348 3182 1848 79 … Quelques réflexions … Paris, Éditions du Cygne. 1933.
296 3264 642 50 [116] p., 1 l . 14 x 11 ½ cm .
222 3320 1980 58 © Nov. 22, 1933; 1c. Jan. 30, 1934; A- Foreign 23607; Éditions du
291 3385 171 48 Cygne.
537 3383 277 49 (34-16708)

216 3500 198 64 Gates,
445 3501 115 64 Jay
589 3501 324 63 Raymond,
948 3503 169 48 1892-

287 3580 134 49 1934
450 3579 371 65 supplement.
892 3577 188 55 Gates’
1116 3578 148 54 Ohio
1296 3580 361 66 corporation
1688 3581 229 51 manual
215 3580 1961 142 containing

337 3674 122 32 new
485 3657 154 65 laws,
665 3655 196 68 forms,
890 3656 110 50 and
1028 3657 357 51 annotations
1414 3657 152 53 from
1594 3659 77 51 all
1699 3658 149 54 Ohio
1875 3664 186 47 courts
2088 3658 111 51 and

216 3731 260 67 opinions
516 3733 63 52 of
617 3733 93 51 the
749 3737 260 60 attorney
1048 3733 242 67 general,
1328 3735 272 67 complete
1637 3742 60 47 to
1735 3738 152 53 June
1926 3739 82 64 15,
2048 3738 150 49 1934.

213 3808 1984 130 Edited by publishers’ editorial staff … Cleveland, Banks-Baldwin
511 3888 107 52 law
650 3886 332 68 publishing
1014 3905 276 50 company
1328 3922 12 33 [
1345 3896 19 21 c
1369 3892 135 49 1934]
