2350 4296
1096 3991 128 54 1761

181 353 311 55 American
522 354 223 65 society
774 356 62 51 of
863 354 454 55 orthodontists.

309 432 1869 68 … Thirty-second minimi meeting, held at Oklahoma City,
180 508 338 60 Oklahoma,
563 513 316 51 November
958 554 10 13 8,
1012 515 27 42 9
1084 512 108 51 and
1239 514 80 61 10,
1362 512 260 51 nineteen
1663 511 261 52 hundred
178 511 1996 129 thirty-three.
420 587 82 53 St.
533 589 190 56 Louis,
753 593 132 52 Mo.,
916 590 118 52 The
1064 591 60 54 C.
1155 590 67 52 V.
1254 589 202 64 Mosby
1486 607 297 48 company,
1815 592 148 48 1934.

249 663 62 41 xl,
341 660 84 42 230
456 672 40 37 p.
555 663 125 40 illus.,
726 663 178 48 diagrs.
962 663 142 40 25½cm.

182 714 51 52 ©
312 728 69 30 Nov.
416 719 36 45 1,
486 720 139 45 1934;
661 722 64 38 2c.
760 721 93 39 and
885 720 79 40 aff.
1000 722 114 37 Nov.
1148 720 80 40 30;
1264 720 38 39 A
1336 719 142 41 78379;
1541 720 47 40 C.
1624 721 50 36 V.
1713 720 133 40 Mosby
1914 731 64 28 co.

183 837 252 53 Ancient
479 838 217 54 Arabic
740 841 171 51 order
953 841 63 52 of
1060 840 101 52 the
1203 839 203 53 nobles
1447 840 62 51 of
1552 839 102 52 the
1698 840 214 63 mystic
1955 840 220 52 shrine.

248 915 331 54 Baltimore.
657 919 211 52 Boumi
893 920 222 64 temple.

246 992 122 54 The
413 992 146 53 book
604 993 62 53 of
712 994 226 67 Boumi,
986 997 326 64 1884—1934,
1358 995 109 51 and
1515 999 157 60 story
1719 992 62 53 of
1826 993 94 52 the
1966 993 210 66 Mystic

175 1069 209 53 shrine.
465 1071 351 66 [Baltimore,
855 1074 157 50 c1934]

248 1142 97 48 391,
378 1144 54 48 [5]
464 1154 40 37 p.
564 1144 126 40 illus.
722 1144 49 49 (2
798 1144 113 47 col.)
976 1143 114 42 28cm.

249 1201 285 39 Illustrated
570 1201 362 48 lining-papers.

253 1258 97 39 “De
385 1258 112 38 luxe
536 1258 196 46 edition,
766 1258 174 40 Boumi
975 1259 189 46 temple,
1201 1258 53 40 A.
1292 1258 51 38 A.
1383 1256 52 42 O.
1472 1258 54 38 N.
1568 1258 59 40 M.
1666 1256 58 48 S.,
1760 1256 283 47 Baltimore,
2082 1256 94 42 Md.

178 1315 118 39 This
324 1315 41 39 is
393 1315 122 39 book
544 1315 201 40 number
773 1314 127 41 103.”

249 1371 211 40 Written
484 1372 59 46 by
568 1371 251 47 Raymond
848 1372 43 41 S.
917 1371 262 48 Tompkins
1203 1371 153 39 under
1382 1372 81 39 the
1484 1368 272 49 editorship
1779 1370 52 40 of
1852 1368 229 49 Whitney
2106 1369 70 40 W.

179 1428 159 40 .Tones,
397 1429 61 47 cf.
488 1439 44 37 p.
565 1429 54 49 [4]

181 1481 51 52 ©
262 1486 108 39 Dec.
399 1485 68 42 10,
496 1485 140 41 1934;
665 1485 65 39 2c.
762 1487 107 37 Dec.
899 1486 80 40 15;
1009 1485 80 39 aff.
1122 1486 106 37 Dec.
1258 1483 81 45 22;
1371 1484 38 38 A
1438 1484 141 39 78585:
1639 1485 68 38 W.
1737 1484 68 38 W.
1837 1484 161 47 Jones,
250 1483 1910 100 Baltimore.
465 1542 220 44 (35-405)

182 1643 251 58 Ballard,
462 1643 193 66 Philip
685 1645 301 65 Boswood,
1019 1650 169 49 1865-

176 1718 1976 150 Thought and language, by Philip Boswood Ballard … London, University of London press, ltd., 1934.
247 1871 85 41 304
359 1883 42 37 p.
463 1872 180 47 diagrs,
704 1871 114 41 19cm.

182 1927 1995 52 © 1c. Nov. 30, 1934; A ad int. 19064; pubd. Nov. 8; University of Leudon
250 1998 146 38 press,
433 1990 85 38 ltd.
591 1988 219 47 (35-618)

179 2088 328 67 Baumann,
538 2079 205 75 Émile,
784 2095 162 49 1868-

310 2156 1747 75 … Héloïse, ramante et Pabbesse. Paris, A. Michel [1934]
253 2238 1509 51 3 p. l., 9-217 p., 2 l. 15½cm. (Los grandes pécheresses)
252 2295 71 42 On
353 2308 141 30 cover:
554 2297 89 40 Les
673 2297 209 48 grandes
912 2297 253 47 repenties.

181 2352 1723 52 © July 28. 1934: 1c. Nov. 6: A-Foreign 25999; Albin Micliel.
258 2414 221 47 (35-454)

184 2517 279 64 Bernard,
496 2518 181 53 Marc.

308 2590 1045 67 … Annv. Paris, Gallimard [1934]
248 2666 98 45 255,
382 2667 53 49 [1]
470 2677 42 38 p.
573 2664 115 41 19cm.

181 2716 1995 56 © Sept. 15, 1934: 1c. Nov. 28: A-Foreign 26286: Librairie Gallimard,
259 2781 220 48 (35-591)

176 2882 183 55 Bible.
435 2881 261 67 English.
773 2879 402 67 Paraphrases.
1251 2882 153 51 1934.

248 2955 1866 67 The Bible in song; selected passages, by H. C. Hansen …
184 3035 420 69 [Minneapolis,
635 3033 242 53 Printed
908 3033 75 65 by
1015 3031 312 67 Augsburg
1358 3031 336 67 publishing
1724 3032 190 64 house]
1954 3034 150 49 1934.

249 3111 84 40 231
362 3121 43 54 p.
460 3109 145 40 20½cm.

250 3167 157 41 Music:
464 3177 41 37 p.
539 3164 54 50 [8]

182 3222 51 51 ©
263 3227 109 38 Dec.
400 3224 39 46 6,
468 3222 112 40 1934:
639 3221 64 38 2c.
735 3220 91 39 and
856 3218 80 40 aff.
967 3220 108 38 Dec.
1109 3219 54 39 10:
1219 3219 40 38 A
1288 3218 142 39 77598;
1489 3218 58 39 H.
1579 3218 47 40 C.
1661 3218 212 38 Hansen.
1904 3217 272 40 Cleveland.

260 3280 220 48 (35-398)

176 3382 184 54 Bible.
434 3385 69 50 N.
549 3385 62 51 T.
690 3379 253 67 Gospels,
1021 3378 261 68 English.
1356 3378 361 53 Harmonies.
1794 3381 151 51 1934.

250 3460 122 54 The
401 3457 272 55 student’s
703 3454 238 69 Gospels;
1000 3472 31 34 a
1060 3454 279 67 harmony
1368 3452 63 54 of
1459 3452 96 54 the
1583 3453 305 67 synoptics,
1917 3452 96 54 the
184 3451 1973 155 Gospel

319 3536 64 53 of
425 3536 174 65 John,
643 3533 281 67 arranged
965 3532 73 66 by
1084 3530 224 55 Shailer
1352 3531 295 66 Mathews,
1693 3531 168 67 using
1902 3530 97 52 the
2042 3530 135 54 New

180 3617 345 63 Testament,
563 3630 70 33 an
669 3608 304 54 American
1008 3607 340 55 translation
1385 3607 74 68 by
1495 3607 200 68 Edgar
1733 3607 55 54 J.
1826 3606 350 72 Goodspeed.

182 3694 73 53 2d
288 3693 85 52 ed.
449 3689 270 67 Chicago,
752 3685 113 70 Ill.,
898 3686 122 54 The
1053 3684 334 69 University
1421 3683 65 56 of
1521 3683 252 70 Chicago
1805 3703 155 50 press
2000 3688 174 66 [1934]

248 3767 96 47 xiv,
382 3764 85 41 252
504 3775 44 37 p.
613 3763 146 40 17½cm.
834 3759 301 51 (Half-title:
1172 3760 102 40 The
1310 3758 284 50 University
1629 3761 54 39 of
1720 3759 212 50 Chicago

180 3761 1980 108 publications in religious education … Constructive studies)
183 3879 51 51 ©
263 3882 120 47 Aug.
412 3879 69 46 31,
512 3876 113 42 1934;
682 3875 66 41 2c.
779 3876 110 39 Dec.
920 3874 55 40 22;
1036 3873 80 40 aff.
1149 3874 108 39 Dec.
1288 3873 55 39 24:
1404 3873 39 39 A
1474 3873 143 41 77828;
1678 3874 283 49 University
1992 3875 50 40 of
249 3874 1912 111 Chicago,
412 3935 222 47 Chicago.
707 3931 220 49 (35-494)
