2350 4196
1132 4000 130 48 1046

277 448 1106 50 139, [1] p. plates, ports., facsim. 23 ½ cm.
212 516 50 50 ©
308 520 108 40 Jan.
460 521 38 46 1,
542 519 139 46 1934;
727 523 65 37 1c.
839 522 114 46 July
995 521 51 46 3;
1094 522 40 37 A
1135 521 266 45 -Foreign
1446 518 168 47 25120;
1662 520 376 47 Vorhut-verlag
2081 520 112 40 Otto

284 577 228 47 Schlegel,
541 588 40 36 g.
609 588 58 28 m.
697 579 40 38 b.
765 578 43 37 h.
880 578 278 47 (34-25726)

205 676 1212 70 Mah ā bh ā rata. Harivamsa. English
281 756 120 51 The
441 758 471 66 transmigration
952 757 63 52 of
1054 758 95 51 the
1187 775 164 34 seven
1390 757 347 64 Brahmans;
1784 776 30 32 a
1853 757 339 52 translation

214 833 151 54 from
401 835 95 51 the
531 835 327 52 Harivansa
897 835 62 51 of
994 833 289 69 Langlois,
1321 834 74 67 by
1432 835 203 65 Henry
1671 833 192 53 David
1902 835 288 65 Thoreau;

211 910 188 56 edited
445 911 152 54 from
639 913 352 66 manuscript
1036 912 139 53 with
1219 931 70 32 an
1334 911 387 52 introduction
1765 912 112 51 and
1919 917 157 47 notes
2119 912 73 66 by

211 989 223 51 Arthur
465 990 247 66 Christy.
789 990 137 53 New
955 990 177 67 York,
1160 991 86 52 W.
1277 991 65 50 E.
1372 990 219 66 Budge,
1622 993 149 49 1932.

283 1061 1203 51 xx p., 1 l., facsim. ([16] p.) 30 p., 1 l. 26½cm.
286 1117 1911 50 “This, the first edition … consists of 1200 copies, 200 of which are
213 1175 191 48 printed
434 1186 59 29 on
522 1177 271 38 handmade
820 1187 148 37 paper
995 1177 94 38 and
1118 1176 303 39 numbered.”

284 1233 101 39 The
425 1233 292 39 translation
756 1235 44 38 is
838 1233 127 39 from
1009 1234 43 40 S.
1092 1233 53 40 A.
1184 1232 240 47 Langlois’
1467 1232 186 39 French
1694 1232 293 39 translation
2027 1232 50 39 of
2116 1233 81 38 the

213 1287 205 48 original
459 1289 238 48 Sanskrit,
735 1290 254 47 published
1027 1291 48 38 in
1114 1289 153 47 Paris,
1307 1289 126 47 1834,
1473 1290 96 38 and
1605 1289 216 46 entitled,
1861 1289 334 41 “Harivansa;

215 1356 73 37 ou,
326 1346 217 40 Histoire
578 1348 56 38 de
668 1348 47 38 la
751 1347 189 40 famille
976 1348 56 39 de
1068 1346 136 48 Hari,
1241 1356 209 37 ouvrage
1485 1347 217 38 formant
1738 1356 64 28 un
1837 1346 261 47 appendice
2135 1347 62 38 du

216 1402 400 41 Mahabharata”.
676 1404 101 39 The
821 1404 223 39 Thoreau
1089 1403 293 40 translation
1426 1403 43 40 is
1511 1403 128 39 from
1681 1404 189 38 volume
1913 1404 39 45 1,
1996 1413 43 37 p.
213 1402 1986 96 100-110.
371 1458 60 48 cf.
462 1470 42 37 p.
537 1459 83 50 [15]

557 1517 737 39 CONTENTS.—Introduction.—Thoreau’s
1342 1517 300 47 manuscript
1688 1517 49 39 in
1781 1516 417 40 facsimile.—The

213 1572 524 47 transcription.—The
767 1584 180 30 source.

214 1639 51 52 ©
302 1644 125 39 June
460 1643 39 42 2,
536 1644 138 47 1931;
712 1644 67 40 2c.
815 1646 95 38 and
946 1645 79 39 aff.
1063 1646 77 38 May
1209 1644 68 47 19,
1314 1644 139 48 1934;
1492 1645 40 38 A
1567 1646 168 40 73684;
1775 1645 216 40 William
2027 1643 171 40 Edwin

280 1700 179 48 Rudge.
535 1701 276 48 (34-23833)

212 1803 418 66 Montherlant,
663 1806 207 63 Henry
900 1806 87 64 de,
1023 1811 169 48 1893-

380 1882 1811 67 … Encore un instant de bonheur. Paris, B. Grasset [c1934]
286 1953 853 50 5 p. l., 13-140, [1] p., 1 l. 19½cm.
285 2009 181 42 Poems.

216 2064 1982 52 © Mar. 15, 1934; 1c. July 10; A-Foreign 25193; Editions Bernard
282 2124 210 40 Grasset.
569 2125 277 47 (34-25704)

209 2228 290 65 Montreu,
530 2228 196 56 Jewel.

285 2304 231 54 Sanitary
595 2306 185 67 Mary,
821 2307 73 66 by
935 2308 177 52 Jewel
1152 2307 278 53 Montreu.
1509 2309 232 63 Boston,
1782 2307 236 52 Meador
212 2306 1960 139 publishing
452 2401 293 44 company,
777 2387 148 50 1934.

287 2455 53 39 73
368 2464 42 37 p.
470 2454 144 41 20½cm.

216 2509 50 50 ©
293 2513 117 47 Aug.
440 2513 38 39 8.
507 2512 138 46 1934;
675 2512 66 40 2c.
768 2513 117 46 Aug.
916 2514 80 39 14;
1027 2512 80 41 aff.
1135 2514 117 46 Aug.
1281 2514 80 39 13:
1392 2515 39 37 A
1460 2514 169 40 73885:
1660 2514 212 38 Edward
1899 2514 58 39 K.
1988 2512 211 41 Meador.

284 2571 180 38 Boston.
549 2569 276 47 (34-23654)

208 2672 269 64 Morrow,
506 2672 263 56 Adeline.

281 2748 1918 68 Understanding men, by Adeline Morrow … Boston, Meador
211 2826 331 62 publishing
577 2844 293 44 company,
906 2829 151 50 1934.

280 2899 85 39 427
397 2909 42 37 p.
500 2898 144 41 19½cm.

218 2953 50 50 ©
295 2957 114 46 July
433 2956 68 40 25.
528 2955 138 41 1934;
695 2956 52 39 2c
787 2956 116 46 Aug.
931 2957 54 37 14;
1040 2955 80 41 aff.
1147 2957 116 46 Aug.
1290 2958 54 38 13;
1400 2959 40 37 A
1467 2957 141 41 73889;
1665 2958 209 38 Edward
1902 2958 57 38 K.
1988 2956 211 40 Meador.

291 3014 189 37 Boston.
553 3011 277 47 (34-23464)

209 3113 212 66 Olcott,
454 3114 253 55 William
740 3112 191 67 Tyler,
965 3115 170 52 1873-

284 3191 165 54 Field
480 3193 147 52 book
656 3192 63 52 of
747 3193 95 51 the
872 3192 172 66 skies;
1078 3212 30 32 a
1138 3194 384 65 presentation
1553 3194 64 53 of
1646 3196 96 51 the
1771 3195 153 52 main
1957 3194 146 52 facts
2136 3195 63 51 of

216 3270 230 52 modern
479 3276 324 60 astronomy
833 3272 112 51 and
976 3289 30 32 a
1037 3270 272 66 practical
1337 3272 132 52 field
1500 3273 146 51 book
1675 3272 93 51 for
1798 3273 95 50 the
1923 3271 274 65 observer,

216 3346 1981 68 by William Tyler Olcott … and Edmund W. Putnam … 2d
215 3425 79 53 ed.
321 3443 129 49 rev.,
475 3425 322 51 illustrated
823 3424 151 52 from
998 3425 390 68 photographs
1416 3428 111 51 and
1554 3427 139 52 with
1716 3446 171 48 many
1911 3427 288 67 diagrams

217 3504 111 51 and
373 3504 203 51 charts.
653 3502 137 51 New
834 3502 161 51 York
1039 3503 111 51 and
1194 3504 254 66 London,
1493 3505 68 54 G.
1607 3507 64 50 P.
1716 3504 293 53 Putnam’s
2053 3522 145 48 sons,

220 3582 145 50 1934.

289 3662 75 37 xv,
397 3651 98 48 405,
525 3650 299 48 405A-405P,
857 3650 203 40 406-534
1091 3661 41 37 p.
1166 3651 108 40 incl.
1306 3652 141 48 illus.,
1479 3654 166 39 charts
1672 3653 134 47 (part
1837 3652 144 47 fold.)
2022 3653 177 48 diagrs.

220 3709 158 46 front.,
408 3709 168 46 plates.
637 3708 144 38 17½cm.
845 3706 263 49 [Putnam’s
1135 3709 176 39 nature
1336 3709 111 40 field
1476 3710 162 49 books]

288 3764 131 39 Each
446 3765 159 39 folded
634 3764 139 39 chart
797 3764 261 39 numbered
1086 3774 54 29 as
1166 3774 85 30 one
1277 3776 132 37 page.

290 3819 66 40 “A
384 3821 126 40 brief
537 3820 361 47 bibliography”
919 3830 8 28 :
956 3830 42 37 p.
1028 3820 212 40 511-516.

220 3874 50 50 ©
296 3880 113 44 July
432 3878 67 45 27,
525 3876 112 41 1934;
689 3877 65 39 2c.
780 3877 118 47 Aug.
923 3877 50 38 6:
1001 3877 79 39 aff.
1106 3879 117 45 Aug.
1247 3880 26 36 4;
1327 3880 40 37 A
1391 3880 167 40 73737:
1586 3881 71 39 W.
1684 3881 51 39 T.
1762 3880 172 47 Olcott,
1960 3878 238 49 Norwich,

290 3934 143 39 Conn.
507 3933 252 48 (34-23647)
