2350 4196
1145 4000 132 50 1892

207 392 194 62 Owen,
430 389 266 56 Wilfred.

284 466 52 50 A
365 464 168 68 study
561 465 59 51 in
647 462 268 69 highway
944 462 333 63 economics;
1308 459 167 68 being
1502 458 94 53 the
1627 457 267 53 Harvard
1930 457 106 51 Phi
2069 457 120 52 beta

217 543 186 67 kappa
444 543 153 65 prize
636 558 155 50 essay
829 539 94 52 for
964 541 151 65 1934,
1152 537 72 67 by
1262 536 248 52 Wilfred
1553 534 192 53 Owen.
1839 534 357 69 Cambridge,
215 620 118 51 The
370 618 242 67 Society,
651 620 148 49 1934.

283 690 62 46 xi,
374 688 85 40 109
485 700 41 36 p.
587 689 176 46 diagrs.
824 688 56 39 17½
912 689 44 21 cm
961 718 8 8 .

281 747 100 38 The
410 746 227 38 Harvard
669 745 199 45 chapter
899 743 52 40 of
978 744 81 39 the
1088 743 88 38 Phi
1208 743 107 38 beta
1348 742 157 46 kappa
1536 742 179 46 society
1748 743 139 39 voted
1924 744 45 37 in
2002 741 112 40 1933
2147 748 46 35 to

214 803 189 46 publish
443 811 142 37 every
624 810 115 37 year
778 811 60 28 an
879 809 138 37 essay
1056 800 171 38 chosen
1268 798 127 38 from
1434 807 173 38 among
1647 799 81 39 the
1769 800 102 38 best
1913 800 279 39 distinction

212 860 159 38 theses
400 859 48 38 in
477 859 116 38 each
622 858 305 46 department
958 857 94 37 and
1082 855 125 38 from
1242 855 80 38 the
1353 864 165 36 essays
1550 855 261 39 submitted
1843 855 78 39 for
1954 858 80 37 the
213 858 1964 97 Bowdoin

351 916 169 46 prizes.
581 915 89 37 Mr.
702 912 185 41 Owen’s
919 913 39 38 is
987 912 80 39 the
1096 911 106 39 first
1232 920 139 37 essay
1403 913 47 37 to
1480 912 54 38 be
1564 920 50 29 so
1645 911 187 40 chosen,
1894 914 59 46 cf.
1987 922 41 37 p.
2059 914 80 38 vii.

283 972 345 46 Bibliography:
685 981 40 36 p.
755 967 214 41 105-109.

213 1029 51 50 ©
301 1033 114 38 Nov.
452 1030 68 47 26,
558 1029 139 46 1934;
735 1027 64 39 2c.
838 1028 93 37 and
968 1026 71 39 aff.
1086 1026 115 39 Nov.
1238 1025 55 39 30;
1359 1026 40 38 A
1435 1025 169 46 77894;
1645 1027 227 39 Harvard
1910 1028 200 45 chapter
2147 1029 51 37 of

281 1090 79 38 the
387 1088 89 38 Phi
505 1088 108 38 beta
643 1087 157 45 kappa
832 1094 106 35 soc.,
970 1083 297 45 Cambridge,
1301 1084 142 37 Mass·.
1514 1082 249 48 (35-2699)

212 1188 260 64 Parrish,
503 1186 270 63 Dillwyn,
807 1190 169 49 1894-

281 1266 179 65 Hung
501 1263 93 52 for
634 1281 31 33 a
705 1280 167 49 song;
917 1282 31 33 a
986 1263 163 50 novel
1189 1261 63 53 of
1291 1260 95 53 the
1425 1261 140 52 lives
1606 1261 110 52 and
1760 1261 337 53 adventures
2136 1259 62 54 of

211 1342 191 67 Major
446 1340 168 54 Stede
657 1341 224 50 Bonnet
925 1340 111 51 and
1080 1338 356 52 Blackbeard
1479 1337 95 53 the
1618 1336 202 70 pirate,
1860 1338 75 68 by
1978 1337 220 69 George

211 1420 254 66 Dillwyn
493 1416 237 53 Parrish;
789 1416 140 52 with
957 1414 377 55 illustrations
1360 1416 74 67 by
1463 1414 254 54 Richard
1744 1416 252 53 Floethe.
2060 1417 136 53 New
217 1497 173 66 York,
422 1496 214 51 Farrar
665 1496 46 50 &

740 1493 281 54 Rinehart
1057 1527 12 33 [
1073 1500 19 21 c
1098 1496 149 63 1934]

283 1567 804 50 5 p. l. , 3-279 p. illus. 19½ cm .
284 1626 285 38 Illustrated
600 1627 96 45 t.-p.

215 1678 1983 50 © Nov. 1, 1934; 2c. Nov. 5; aff. Nov. 2; A 76898: Dillwyn Parrish,
284 1739 297 47 Hollywood,
614 1737 142 41 Calif.
828 1736 248 47 (35-2342)

213 1840 271 59 Pearson,
515 1840 301 54 Anlouisa.

286 1915 1914 69 Soul and body, by Anlouisa Pearson … Norfolk, Va., c 1934.
283 1990 280 46 cover-title,
592 1991 53 37 11
675 2000 41 36 p.
777 1989 55 39 25½
865 1992 43 20 cm
914 2021 7 7 .

217 2043 1983 51 © July 21, 1934; 2c. and aff. Aug. 18; A 74578; A. Pearson, Norfolk,
285 2104 79 38 Va.
436 2102 13 47 (CA
535 2102 173 40 34-504
727 2102 234 40 Unrev’d)

216 2208 296 56 Petersen,
544 2208 168 53 Emil.

284 2280 131 68 Ski;
465 2281 180 53 boken
695 2300 90 34 om
832 2283 267 52 moderne
1147 2281 291 69 skiløping;
1518 2283 219 66 slalårm,
1788 2279 414 70 utforkjøring,

215 2358 451 69 svingeteknikk,
702 2359 353 67 løpteknikk,
1089 2378 148 36 m.m.
1310 2358 155 69 Oslo,
1500 2358 344 69 Gyldendal,
1882 2361 149 50 1934.

284 2432 1236 49 194 p., 1 l. front., illus., plates, diagrs. 24 cm .
218 2484 1969 110 © Nov. 22, 1934; 1c. Dec. 21; A-Foreign 26546; Gyldendal Norsk forlag (35-2716)
218 2647 229 65 Pignot,
476 2650 217 54 André.

351 2726 1295 67 … Les usages domestiques et industriels du
223 2727 1957 145 gaz de ville comprimé, par A. Pignot … Paris, L’Office
1574 2804 296 68 technique
1905 2806 67 51 de
223 2803 1956 145 chauffage,
403 2885 147 49 1934.

292 2953 612 48 32 p. illus. 27 × 22 cm .
295 3009 418 48 “Bibliographie”:
777 3022 42 36 p.
858 3011 188 49 [31]-32.

224 3063 1988 52 © Aug. 29, 1934: 1c. Nov. 6; A- Foreign 26051; Office technique de
289 3124 267 47 chauffage.
628 3123 248 49 (35-2598)

217 3222 314 69 Plummer,
557 3227 136 51 Mrs.
722 3228 64 54 L.
814 3226 190 65 Flora,
1034 3231 169 49 1862-

223 3301 1984 144 The soul-winning teacher, by L. Flora Plummer … New York [etc.]
582 3380 1120 68 Fleming H. Revell company [ c 1934]
290 3449 355 49 192 p 19 ½ cm
227 3502 50 52 ©
311 3507 98 40 Oct.
441 3507 68 42 27,
542 3506 141 44 1934;
716 3507 65 41 2c.
816 3510 94 38 and
941 3509 80 39 aff.
1055 3509 118 39 Nov.
1204 3508 81 47 21;
1321 3510 41 38 A
1394 3509 169 43 78209;
1600 3510 220 47 Fleming
1849 3510 59 38 H.
1943 3509 166 39 Revell
2142 3518 65 31 co.

303 3563 248 48 (35-2125)

220 3664 262 65 Poisson,
514 3665 276 65 Georges.

353 3740 1601 72 … Les Aryens; étude linguistique, ethnologique et
224 3741 1960 138 préhistorique.
534 3818 152 53 Avec
725 3823 28 47 3
791 3825 179 49 cartes
1009 3827 51 46 et
1102 3826 28 45 5
1168 3821 280 62 planches.
1525 3821 183 56 Paris,
1746 3824 202 62 Payot,
1989 3823 148 49 1934.

294 3890 87 41 272
424 3902 42 36 p.
526 3890 128 41 illus.
683 3891 132 48 (inch
861 3894 161 47 maps)
1089 3894 55 40 23
1147 3896 43 21 cm
1195 3925 8 8 .
1274 3893 362 48 (Bibliothèque
1683 3894 323 48 scientifique)
