2350 4296
1118 4009 98 48 641

182 358 241 62 Abbott,
453 359 281 63 Twyman
764 358 277 54 Osmond.

256 432 1864 69 “Sound” and “unsound” money [by] Twyman O. Abbott …
187 512 393 69 [Harrisburg,
607 514 120 68 Pa.,
756 513 121 53 The
903 512 322 69 Telegraph
1252 529 175 50 press,
1455 518 17 21 c
1477 514 152 63 1934]

256 587 63 47 xi,
348 586 82 41 223
460 598 42 37 p.
559 588 127 39 illus.
745 589 54 38 21
804 589 44 22 cm
852 619 7 7 .

187 641 50 50 ©
267 645 112 46 May
406 645 38 45 1,
473 643 140 46 1934;
644 644 66 40 2c.
739 645 114 46 May
880 646 51 44 7;
963 643 79 40 aff.
1074 644 111 46 May
1214 643 51 45 5;
1295 642 40 39 A
1365 641 168 47 71512;
1565 643 270 46 Telegraph
1864 652 148 38 press.

263 700 278 48 (34-13889)

183 789 251 66 Abelow,
464 791 235 53 Samuel
728 790 210 65 Philip.

251 868 102 52 Dr.
381 868 261 54 William
669 869 75 52 H.
772 868 288 67 Maxwell,
1090 868 94 54 the
1213 866 125 54 first
1367 867 472 67 superintendent
1867 866 64 54 of
1960 868 218 54 schools

181 945 1996 69 of the city of New York, by Samuel P. Abelow … Brooklyn,
183 1023 67 53 N.
279 1024 89 66 Y.,
398 1023 216 57 Scheba
643 1024 334 67 publishing
1002 1041 79 35 co.
1117 1056 12 33 [
1134 1030 17 21 c
1157 1025 151 64 1934]

249 1094 1193 51 4 p. l., 177 p. incl. pl. front. (port.) 19½cm.
251 1153 345 40 “References”
632 1155 52 38 at
713 1155 91 39 end
840 1154 52 40 of
923 1156 124 37 most
1082 1153 51 38 of
1165 1153 80 40 the
1280 1152 252 48 chapters;
1570 1152 375 50 Bibliography:
1983 1165 42 38 p.
178 1156 1996 94 176-177.

184 1263 1991 52 © May 15, 1934; 2c. and aff. May 17; A 72397; S. P. Abelow, Brooklyn.
265 1324 279 48 (34-13909)

183 1415 237 63 Adams,
453 1415 273 63 Herbert,
767 1412 170 55 1874-

249 1491 1926 69 Mystery and Minette [by ] Herbert Adams. Philadelphia,
180 1570 256 67 London,
463 1570 57 54 J.
548 1571 69 51 B.
644 1570 338 68 Lippincott
1008 1587 279 50 company
1319 1602 11 33 [
1336 1576 17 21 c
1359 1572 152 65 1934]

249 1642 87 40 314
372 1654 43 38 p.
476 1643 54 40 19½
565 1645 43 21 cm
613 1677 8 8 .

184 1699 50 50 ©
266 1703 112 46 May
407 1701 68 47 22,
507 1701 140 46 1934;
681 1701 65 40 2c.
775 1702 95 38 and
900 1700 80 40 aff.
1013 1701 127 39 June
1168 1702 51 44 1;
1253 1701 40 38 A
1323 1700 170 47 72550;

1528 1702 41 39 J.
1603 1702 53 39 B.
1689 1702 278 48 Lippincott
1996 1714 67 31 co.

264 1758 278 48 (34-13997)

185 1849 305 53 American
520 1849 356 53 association
906 1848 63 53 of
998 1848 332 63 university
1359 1864 244 40 women.

247 1925 1867 69 Housing college students, prepared by Kathryn McHale …
178 2004 1817 69 and Frances Valiant Speek … Papers presented at the
180 2006 1969 132 Conference
428 2102 71 35 on
526 2084 94 52 the
646 2084 246 67 housing
917 2083 64 53 of
1006 2084 209 67 college
1240 2083 276 68 students,
1544 2084 180 53 called
1751 2084 76 68 by

1853 2086 94 52 the
178 2087 1972 128 American
341 2162 338 53 association
716 2161 64 54 of
815 2162 318 67 university
1170 2179 234 50 women,
1440 2162 177 54 Hotel

1653 2163 263 67 Nicollet,
180 2164 1971 144 Minneapolis,
410 2241 343 67 Minnesota,
784 2240 141 67 May
962 2243 81 64 17,
1081 2241 149 66 1933,
1264 2242 112 52 and
1412 2241 467 70 supplementary
1913 2244 260 53 material

178 2337 70 35 on
278 2319 245 68 housing
551 2319 166 68 plans
746 2319 60 52 in
836 2317 163 54 effect
1026 2323 61 48 at
1115 2337 30 34 a
1174 2318 236 53 number
1441 2319 64 53 of
1537 2320 238 68 colleges
1807 2322 113 53 and
178 2323 1972 128 universities.

422 2397 403 68 Washington,
851 2397 71 52 D.
952 2395 82 68 C.,
1061 2396 305 54 American
1396 2397 338 54 association
1765 2398 65 54 of
1857 2400 317 69 university

181 2494 229 49 women,
441 2478 151 51 1934.

246 2549 63 49 ix,
338 2549 57 41 96
420 2560 44 38 p.
524 2548 54 42 23½
612 2551 43 21 cm
661 2581 7 8 .

247 2606 244 41 “Selected
523 2603 394 50 bibliography”:
952 2615 40 38 p.
1031 2602 188 51 [89]-96.

182 2661 50 50 ©
260 2664 110 47 Apr.
401 2664 38 46 1,
468 2663 114 40 1934;
638 2662 66 40 2c.
732 2662 112 47 Apr.
875 2662 80 45 18;
987 2660 80 42 aff.
1097 2661 110 47 Apr.
1238 2661 81 46 19;
1351 2662 41 39 A
1417 2662 170 47 71287;
1619 2663 157 42 Amer.
1807 2675 127 30 assn,
1964 2666 51 39 of
2045 2664 129 42 univ.

250 2729 196 31 women.
522 2717 278 50 (34-13908)

172 2792 527 82 Ammels-Küller,
728 2809 69 53 Jo
827 2824 134 48 van,
993 2812 170 51 1884-

313 2884 1859 74 … Der dornige pfad, ein buch für junge menschen. Bremen,
186 2965 59 54 C.
281 2965 398 53 Schünemann
717 2965 171 65 [1933]

252 3035 97 50 155,
386 3036 54 49 [1]
477 3047 44 37 p.
582 3034 55 40 20cm

253 3095 196 39 “Erstes
481 3092 74 41 bis
590 3092 214 39 sechstes
838 3091 248 40 tausend.”

180 3151 1990 51 © Nov. 3, 1933; 1c. Mar. 13, 1934; A -Foreign 24033; Carl Schünemann.
257 3210 279 50 (34-14888)

174 3303 210 63 Baker,
414 3303 200 61 Hugh.

244 3377 353 68 Cartwright
648 3376 47 52 is
744 3375 163 66 dead,
955 3373 108 54 sir!
1144 3377 89 67 By
1281 3379 180 67 Hugh
1513 3380 204 52 Baker.
1795 3384 215 50 Boston
2061 3385 110 51 and

173 3458 137 52 New
339 3456 179 67 York,
547 3455 320 67 Houghton
895 3450 203 57 Mifflin
1126 3471 296 52 company,
1454 3460 149 50 1934.

246 3533 25 39 3
300 3543 28 37 p.,
406 3562 8 16 l.,
447 3529 174 50 [3]-265
649 3539 41 37 p.
749 3527 57 39 19½
837 3529 43 20 cm.

180 3587 50 50 ©
260 3590 112 46 May
396 3587 68 47 29,
494 3586 114 39 1934;
724 3617 6 7 2c.
760 3584 128 39 June
913 3584 51 45 2;
996 3583 81 40 aff.
1107 3584 126 41 June
1261 3586 51 45 1;
1345 3586 41 38 A

1413 3587 170 46 72572;
1616 3588 264 47 Houghton
1910 3589 167 41 Mifflin
2107 3601 66 31 co.

256 3643 279 49 (34-13998)

175 3735 235 58 Becker,
445 3733 241 62 Robert,
722 3732 170 50 1890-

242 3812 174 52 Birds
453 3810 111 52 and
598 3808 350 59 birdhouses,
984 3807 73 67 by
1092 3808 122 53 Bob
1251 3809 231 52 Becker.
1554 3814 137 52 Rev.
1729 3814 111 54 and

1875 3817 106 52 enl.
174 3816 1994 126 ed.—1934.
423 3887 269 67 [Chicago]
732 3885 250 68 Chicago
1013 3885 227 54 tribune
1275 3919 14 34 [
1292 3893 20 21 c
1316 3890 152 64 1934]
