2350 4196
1079 4065 128 49 1855

154 492 172 67 style)
445 536 9 8 I.
505 494 495 66 Correspondence
1047 494 110 51 and
1204 491 284 68 dictating
1532 494 161 66 style,

156 492 1995 145 designed for use in classes and self-instruction, by George A. S. Oliver …
151 648 254 66 London,
431 650 119 51 The
581 650 269 52 Institute
879 650 62 52 of
968 649 265 67 linguists
1268 652 170 63 [1934]

226 722 1135 49 cover-title, 1 p. l., v, 25 p, diagrs. 23½ cm .
156 774 52 51 ©
234 779 63 39 1c.
325 778 125 40 June
475 780 68 45 25·,
571 779 138 47 1934;
739 781 42 38 A
804 792 25 28 ad
890 780 85 39 int.
1003 779 169 46 19130;
1202 780 140 47 pubd.
1372 779 125 40 June
1524 779 51 46 6;
1608 778 182 49 George
1817 780 51 38 A.
1902 779 40 40 S.
1974 779 175 48 Oliver,

220 835 331 47 Nottingham.
586 838 234 46 England.
893 835 251 49 (35-1948)

158 911 295 66 [Peacock,
479 911 256 54 William
761 913 71 65 J.]

224 987 257 55 Esoteric
520 989 274 67 etchings,
832 990 74 66 by
945 988 207 54 Tukki.
1230 988 182 67 Songs

1452 989 63 53 of
1552 989 97 54 the
1684 1008 123 34 new
1847 1009 118 48 age.
2039 992 111 53 Los

155 1065 259 68 Angeles,
444 1066 193 68 Calif.,
662 1068 265 53 DeVorss
956 1072 46 49 &
1029 1086 97 48 co.,
1157 1069 148 51 1933.

223 1140 23 38 l
277 1152 39 27 v.

163 1193 52 51 ©
253 1196 126 48 Sept.
415 1196 77 47 18,.
520 1195 112 42 1933;
697 1196 66 41 2c.
801 1199 94 37 and
931 1195 81 41 aff.
1051 1197 125 47 Sept.
1212 1196 55 40 25;
1334 1196 40 39 A
1408 1196 143 40 66255;
1616 1198 223 39 DeVorss
1876 1198 37 39 &
1947 1208 64 29 co.

151 1260 221 61 Perret,
401 1259 199 52 Frank
627 1259 239 55 Alvord.
1908 1253 146 42 11935

233 1335 287 68 Starlight
552 1355 72 33 on
655 1338 95 52 the
784 1336 301 67 Caribbee;
1120 1337 95 53 the
1245 1337 201 66 rhyme

1475 1336 63 53 of
1567 1337 96 53 the
1692 1337 235 53 modern
159 1338 1972 143 buccaneer,
341 1415 74 65 by
449 1415 197 52 Frank
679 1416 70 51 A.
785 1417 217 51 Perret.

1079 1414 101 67 [St.
1216 1414 214 67 Pierre,
1464 1415 369 67 Martinique,
1868 1417 63 51 F.
1963 1418 90 54 W.
2145 1457 10 25 I.,

157 1493 63 52 F.
248 1494 70 54 A.
346 1494 217 65 Perret,
593 1496 150 63 1933]

225 1565 283 48 cover-title,
544 1565 52 50 [2]
629 1577 40 37 p.
729 1567 55 38 14½
831 1578 31 26 x
880 1564 54 41 19
937 1568 44 21 cm
986 1596 7 7 .

229 1622 214 41 “Poem.”

164 1676 1992 51 © 1c. Jan. 2, 1934; A ad int. 18537; pubd. Nov. 15, 1933; E. A. Perret.
152 1740 447 65 Prentice-Hall,
629 1742 128 65 inc.,
786 1744 138 51 New
957 1742 175 52 York.

227 1818 1929 67 Prentice-Hall tax diary and manual for 1934 … New York,
151 1896 452 68 Prentice-Hall,
632 1899 107 51 inc.
817 1901 149 62 [c1934]

225 1971 98 47 288,
359 1971 208 39 D1-D406
630 1982 41 37 p.
732 1972 165 39 forms.
964 1971 53 39 23½
1051 1973 42 20 cm
1099 2002 7 7 .

225 2029 161 39 Blank
415 2038 149 38 pages
589 2028 78 40 for
696 2029 311 38 memoranda
1039 2030 49 37 at
1118 2027 102 39 end.

164 2081 52 51 ©
249 2085 111 41 Dec.
394 2085 38 47 1,
466 2084 140 42 1933;
642 2085 65 39 2c.
745 2086 94 38 and
872 2084 78 39 aff.
987 2083 108 40 Feb.
1130 2084 39 47 2,
1203 2082 114 40 1934;
1379 2083 42 39 A
1452 2083 169 47 70125;
1658 2084 375 46 Prentice-Hall,
2068 2084 89 40 inc.

153 2148 205 64 Reber,
387 2147 208 53 Daniel
622 2149 53 50 H.

228 2225 122 53 The
381 2222 218 58 United
635 2226 186 55 States
855 2225 62 51 of
950 2224 264 52 America
1246 2223 229 53 citizens
1510 2225 110 51 law

1652 2226 225 64 league;
1913 2223 73 58 its
160 2241 1969 129 purposes
348 2304 111 51 and
484 2303 309 64 functions,
818 2303 73 66 by
917 2301 209 54 Daniel
1150 2304 76 53 H.

1253 2302 905 66 Reber … Wilmington, Del.,
154 2382 122 52 The
302 2380 338 53 Mercantile
666 2399 173 49 press,
867 2380 124 67 inc.,
1020 2388 17 21 c
1043 2384 147 49 1934.

226 2456 58 40 23
308 2465 43 38 p.
410 2454 55 41 28
469 2457 42 21 cm
517 2486 7 7 .

165 2508 1993 51 © Oct. 5, 1934; 2c. and aff. Oct. 6; A 76409; D. H. Reber, Wilmington,
227 2569 102 40 Del.

154 2642 262 66 Reboux,
444 2643 164 64 Paul,
640 2642 169 53 1877-

289 2718 1860 68 … Gerard chez les phoques; illustrations de Mauzan. [Paris]
158 2798 702 64 E. Flammarion [ 1934]
231 2869 1352 52 154, [2] p. incl. col. front., illus.. col. plates. 26 cm .
161 2925 1883 51 © Nov. 8, 1934; 1c. Dec. 6; A-Foreign 26360; Ernest Flammarion.
239 2985 250 49 (35-1926)

160 3060 212 65 Rubin,
402 3062 166 62 Myer
594 3060 52 55 I.

226 3138 249 52 District
500 3144 187 46 courts
716 3137 57 50 in
803 3137 93 52 the
927 3137 486 55 Commonwealth
1441 3137 62 51 of
1530 3137 460 65 Massachusetts,
2016 3136 141 52 with

159 3233 161 50 maps
363 3217 74 65 by
480 3215 249 53 counties
772 3214 259 67 showing
1072 3214 300 68 adjoining
1415 3215 267 52 districts.
1763 3216 90 64 By
1894 3217 164 63 Myer
2100 3216 54 53 J.

163 3293 1994 67 Rubin … Maps prepared by Joseph Swartz … Worcester,
157 3374 188 64 Mass.,
373 3372 241 53 Printed
642 3372 74 64 by
741 3371 122 51 The
888 3371 192 52 Morin
1108 3389 173 48 press,
1309 3379 19 20 c
1332 3375 134 49 1934.

229 3446 54 39 41
313 3456 42 36 p.
414 3444 176 48 diagrs.
652 3443 54 39 25
710 3446 43 20 cm
758 3473 7 7 .

164 3498 52 51 ©
246 3502 100 40 Oct.
375 3502 38 46 9,
442 3500 140 46 1934;
612 3500 65 40 2c.
710 3500 98 40 Oct.
841 3501 80 40 11:
953 3500 80 39 aff.
1065 3500 99 40 Oct.
1195 3500 81 41 12:
1308 3500 40 39 A
1378 3499 167 46 76502;
1579 3501 59 37 M.
1670 3500 41 39 J.

1744 3499 173 46 Rubin,
231 3500 1909 105 Worcester,
348 3560 145 38 Mass.

158 3632 469 63 Sale-Harrison,
658 3632 286 54 Leonard.

232 3710 121 53 The
388 3708 226 68 coming
646 3715 164 60 great
841 3709 272 51 northern
1151 3708 400 67 confederacy;
1591 3728 80 46 or,
1707 3709 119 52 The
1863 3708 197 51 future
2095 3708 62 51 of

158 3786 1975 146 Russia and Germany, by L. Sale-Harrison … 10th ed. Harrisburg,
425 3865 120 65 Pa.,
570 3865 62 51 L.
662 3865 459 66 Sale-Harrison,
1147 3866 119 51 The
1292 3866 372 65 Evangelical
1689 3883 154 48 press;
1905 3864 252 66 London,

159 3941 268 69 Glasgow
460 3948 136 61 [etc.]
630 3943 309 67 Pickering
965 3947 44 49 &
1035 3943 184 67 Inglis
1254 3977 10 32 [
1272 3950 19 20 c
1295 3946 150 62 1934]
