2350 4196
1089 4003 102 56 797

220 430 96 49 xiv,
339 430 84 42 810
447 442 56 37 p.,
528 432 25 38 1
597 464 23 15 l.,
645 432 219 39 xv-lxxii
888 443 41 37 p.
955 431 108 40 incl.
1087 431 162 47 front.,
1274 430 142 49 illus.,
1476 431 145 47 diagrs.
1676 429 55 39 21
1735 432 43 20 cm
1783 463 8 6 .

220 489 228 40 Includes
508 489 222 48 “Reading
760 487 313 41 references”.

222 546 186 39 “Based
437 556 59 29 on
524 546 158 40 Fish’s
709 546 203 47 History
941 546 51 39 of
1019 544 265 41 America.”

150 602 50 52 ©
227 607 128 39 June
376 606 68 48 21,
469 606 140 47 1984;
636 607 66 40 2c.
728 608 94 38 and
847 605 81 41 aff.
954 606 125 39 June
1104 603 80 48 26;
1212 605 41 38 A
1277 603 170 46 73224;
1476 604 157 39 Amer.
1661 603 122 40 book
1807 611 66 31 co.
1957 598 52 53 [©
2035 612 105 31 new

218 665 192 46 matter]
484 663 280 49 (34-17662)

142 766 193 66 Fiske,
368 767 263 66 Charles,
697 786 76 49 bp.,
804 770 169 50 1868-

150 837 1990 151 From skepticism to faith, by Charles Fiske … New York and London, Harper & brothers, 1934.
217 991 63 49 ix,
313 991 86 41 124
428 1002 43 38 p.
533 992 55 40 20
590 995 45 20 cm
641 1026 8 7 .

219 1048 162 41 “First
414 1049 226 40 edition.”

150 1106 54 52 ©
229 1111 126 40 June
380 1111 69 46 14,
477 1110 140 46 1934;
645 1111 65 39 2c.
740 1110 126 40 June
893 1110 81 46 14;
1005 1108 82 41 aff.
1116 1108 125 40 June
1269 1107 81 48 16;
1381 1108 41 38 A
1449 1108 169 46 73112;
1650 1107 193 48 Harper
1873 1106 36 40 &
1936 1108 124 40 bros.

225 1167 279 48 (34-17344)

141 1269 354 67 Fitzgerald,
527 1271 257 54 Thomas
818 1271 271 63 Edward,
1125 1268 169 55 1879-

220 1348 300 53 Doctrines
551 1348 113 53 and
698 1347 373 68 descriptions
1104 1345 63 53 of
1197 1345 96 54 the
1327 1349 225 64 present
1584 1350 161 62 great
1778 1343 269 68 religions
2079 1343 61 53 of

150 1427 93 53 the
270 1426 198 67 world,
490 1425 75 69 by
589 1425 66 54 T.
682 1425 67 53 E.
779 1423 344 70 Fitzgerald.
1190 1423 297 69 Animism,
1513 1421 420 69 Brahmanism,
148 1421 1967 151 Judaism,

299 1502 341 68 Buddhism,
669 1502 447 69 Confucianism,
1148 1501 396 68 Christianity,
1574 1500 566 67 Mohammedanism,

150 1580 245 70 Taoism,
427 1580 314 55 Shintoism
774 1581 111 52 and
918 1577 483 70 Zoroastrianism,
1433 1579 259 68 together
1723 1577 141 55 with
1897 1596 149 37 some
2079 1578 62 53 of

152 1660 93 54 the
283 1677 152 35 more
473 1659 315 69 important
828 1658 450 54 denominations
1317 1656 64 54 of
1417 1658 94 51 the
1552 1656 292 55 Christian
1881 1657 259 68 religion.

175 1737 240 68 [Deland,
461 1737 142 68 Fla.,
651 1736 240 53 Printed
937 1736 73 68 by
1056 1736 119 52 The
1222 1735 66 56 E.
1339 1733 68 55 O.
1455 1735 236 55 Painter
1738 1735 262 68 printing
2044 1754 97 49 co.,
151 1822 17 22 c
174 1818 134 50 1934
313 1849 11 34 ]

219 1886 342 49 150 p. 16c m .
150 1943 50 52 ©
227 1949 113 46 May
363 1947 69 47 30,
458 1947 113 40 1934;
624 1947 66 39 2c.
717 1948 94 38 and
838 1946 79 40 aff.
945 1946 125 39 June
1095 1947 52 45 2;
1175 1946 41 38 A
1240 1945 170 47 71920;
1437 1946 52 40 T.
1516 1947 51 38 E.
1596 1946 291 48 Fitzgerald,
1915 1947 226 47 Daytona

216 2004 173 47 Beach,
422 2004 101 40 Fla.
598 2004 279 48 (34-17345)

143 2105 303 67 Freeman,
482 2108 276 63 Graydon
791 2108 83 51 La
879 2107 211 66 Verne,
1126 2109 169 49 1904-

215 2186 403 52 Introduction
654 2190 59 48 to
750 2185 415 69 physiological
1201 2186 371 67 psychology,
1608 2184 76 69 by
1720 2184 277 68 Graydon
145 2184 1972 133 La-Verne

373 2263 1767 68 Freeman … New York, The Ronald press company
164 2345 176 64 [ c 1934]
219 2414 116 48 xvii,
370 2414 85 41 579
489 2425 43 38 p.
623 2414 142 48 illus.,
801 2414 179 49 diagrs.
1040 2413 56 41 21
1099 2417 43 20 cra
1147 2447 7 8 .
1226 2415 322 49 (Psychology
1585 2415 173 48 series)

150 2468 50 52 ©
232 2473 125 39 June
386 2472 68 46 11,
485 2472 114 40 1934;
658 2473 67 39 2c.
756 2472 131 43 June,
913 2473 80 46 14;
1023 2471 81 41 aff.
1138 2473 124 39 June
1294 2474 81 46 13;
1410 2474 41 38 A
1480 2473 170 47 73045;
1686 2473 189 41 Ronald
1906 2483 137 38 press
2073 2485 68 30 co.

227 2529 278 49 (34-17635)

143 2630 171 66 Frye,
344 2632 301 54 Theodore
677 2631 323 66 Christian,
1033 2635 163 50 1869-

217 2710 179 54 Ferns
454 2710 64 54 of
573 2712 98 51 the
726 2710 329 68 northwest,
1112 2710 267 69 covering
1435 2711 402 68 Washington,
1896 2712 248 68 Oregon,

148 2789 201 67 Idaho,
400 2789 224 52 British
674 2788 317 68 Columbia,
1041 2788 295 69 Montana,
1384 2789 331 69 Wyoming,
1765 2793 215 51 central
2032 2791 106 53 and

147 2865 1997 71 northern California. By Theodore C. Frye … Portland,
148 2943 118 69 Or.,
293 2945 416 67 Metropolitan
738 2963 175 49 press,
945 2948 150 51 1934.

214 3020 27 39 4
266 3030 42 37 p.
337 3021 45 47 1.,
408 3019 158 47 3-177,
599 3019 53 49 [1]
681 3029 42 38 p.
784 3018 60 41 20½
873 3020 44 22 cm
921 3049 8 8 .

217 3074 346 41 “References”
583 3086 8 29 :
624 3085 41 38 p.
699 3074 247 50 [163]-168.

152 3126 50 52 ©
232 3131 128 39 June
386 3133 39 44 7,
455 3131 113 39 1934;
627 3131 66 40 2c.
724 3132 94 38 and
849 3130 80 40 aff.
961 3131 126 40 June
1114 3132 79 47 13;
1226 3133 40 38 A
1295 3133 170 47 72754;
1498 3134 51 40 T.
1581 3133 48 42 C.
1662 3133 138 48 Frye,
1834 3133 197 43 Seattle.

229 3188 278 48 (34-17321)

146 3291 284 64 Gardner,
463 3292 136 52 Erie
630 3292 262 63 Stanley.

286 3367 1857 70 … The case of the howling dog. New York, W. Morrow and
154 3461 292 52 company,
480 3448 149 48 1934.

223 3516 27 37 4
278 3527 42 36 p.
370 3547 22 16 l.,
421 3516 85 40 295
535 3527 42 36 p.
635 3516 55 40 19½
723 3519 44 21 cm
773 3549 7 7 .

154 3571 1991 57 © June 13, 1934; 2c. and aff. June 29; A 74037; E. S. Gardner, San
220 3633 271 41 Francisco.
566 3634 278 48 (34-17649)

147 3718 171 68 Hart,
347 3720 253 57 William
629 3725 80 53 Le
738 3725 144 64 Roy,
915 3728 166 49 1892-

219 3799 1862 73 Trigonometry, plane and spherical, by William L. Hart …
149 3876 232 70 Boston,
413 3879 138 53 New
582 3880 162 52 York
781 3885 137 62 [etc.]
956 3883 69 51 D.
1062 3883 59 54 C.
1156 3883 193 52 Heath
1381 3884 112 51 and
1525 3902 278 49 company
1841 3917 11 33 [
1859 3889 17 22 c
1882 3886 134 50 1934]
