2350 4196
1135 4003 99 48 461

166 355 251 65 Hygeia.

240 437 96 48 145
365 433 285 68 questions
678 434 111 51 and
818 450 245 36 answers
1089 450 72 33 on
1186 430 213 67 health,
1427 450 60 34 as
1515 430 296 68 presented
1838 431 75 67 by
1939 428 230 70 Hygeia

167 517 58 47 at
256 529 32 34 a
318 510 216 54 Century
602 510 64 52 of
696 528 279 50 progress,
1008 507 269 69 Chicago,
1311 510 151 51 1933.
1544 507 288 69 [Chicago,
1862 507 307 53 American

167 588 240 53 medical
438 587 353 68 association,
823 595 18 20 c
847 591 150 63 1933]

237 660 284 49 cover-title,
552 661 53 41 63
636 672 42 37 p.
738 661 146 39 21½cm.

241 717 68 40 “A
342 719 112 46 part
487 719 50 39 of
572 719 79 39 the
687 717 256 41 American
977 716 205 41 medical
1216 716 295 42 association
1547 716 186 41 exhibit
1768 717 49 39 in
1853 718 81 38 the
1968 717 116 39 Hall
2120 716 49 41 of

169 768 1999 59 science … All the questions and answers shown are reprinted from
169 829 571 51 Hygeia.”—Foreword.

176 883 50 53 ©
257 890 120 38 Mar.
406 889 40 47 2,
476 889 140 46 1934;
649 890 64 39 2c.
743 890 123 38 Mar.
896 888 80 47 26;
1009 887 81 41 aff,
1119 888 113 47 Apr.
1262 888 52 45 2;
1346 888 41 39 A
1416 887 169 47 70896;
1619 888 157 40 Amer.
1807 887 206 39 medical
2041 897 129 30 assn.

252 945 250 47 (34-9242)

168 1046 273 66 Jackson,
474 1049 219 64 Joseph
727 1048 247 53 Francis
1003 1048 306 63 Ambrose,
1347 1047 169 54 1867-

241 1123 1870 75 Encyclopedia of Philadelphia, by Joseph Jackson …
169 1200 1976 154 Vols. II-IV … Illustrated. Harrisburg, The National historical association, 1931-1933.
243 1358 24 39 3
295 1369 40 28 v.
394 1357 126 40 illus.
552 1357 132 48 (incl.
713 1359 162 45 ports.,
904 1366 150 39 maps,
1083 1356 240 47 facsims.)
1389 1357 55 40 27
1446 1359 46 21 cm
1498 1391 7 6 .

512 1409 165 45 CONTENTS.—vol.
756 1445 10 9 II.
802 1407 661 55 Boker-Evangeline,—vol.
1562 1444 9 10 III.
1609 1412 425 43 Evans-Old.—vol.
2165 1443 10 10 IV.

178 1470 394 47 Old-Zoological
602 1471 236 40 addenda.

177 1538 41 30 v.
250 1528 39 46 2,
325 1524 51 51 ©
409 1528 111 40 Feb.
552 1526 69 50 28,
654 1528 140 46 1932;
828 1539 43 29 v.
903 1528 39 46 3,
978 1522 51 54 ©
1065 1529 100 39 Oct.
1196 1529 54 44 4;
1286 1539 42 28 v.
1362 1528 39 47 4,
1439 1523 51 52 ©
1524 1529 120 46 Aug.
1676 1528 70 47 22,
1780 1528 112 40 1933;
1956 1528 66 39 2c.
2056 1526 118 42 each

248 1585 109 40 Feb.
382 1586 39 46 3,
448 1585 113 39 1934;
616 1584 79 40 aff.
724 1585 111 47 Apr.
864 1586 53 38 17;
971 1585 40 39 A
1036 1583 169 48 71429;
1233 1585 117 39 Natl.
1384 1584 254 40 historical
1657 1594 143 37 assn.,
1819 1585 90 39 inc.

173 1673 303 66 Marshall,
504 1676 158 52 Leon
690 1674 241 64 Carroll,
960 1676 171 53 1879-

307 1749 1870 76 … The changed scene in industry and transportation, by
177 1830 155 52 Leon
372 1830 62 55 C.
477 1829 298 54 Marshall.
849 1831 138 54 New
1030 1831 162 52 York
1231 1831 133 69 city,
1404 1833 229 51 Bureau
1676 1830 63 54 of
1779 1831 400 69 publications,

178 1906 1436 73 Teachers college, Columbia university [ c 1933]
252 1981 1582 53 1 p. l., 29 p. diagrs. 23 cm . (The national crisis series)
182 2034 50 53 ©
259 2041 118 39 Nov.
403 2040 67 46 13,
498 2040 111 41 1933;
666 2040 65 40 2c.
759 2042 95 38 and
881 2040 80 40 aff.
989 2042 111 39 Dec.
1126 2041 83 47 20;
1239 2043 40 37 A
1305 2041 170 48 67599;
1503 2043 241 40 Teachers
1772 2044 191 47 college,
249 2039 1912 103 Columbia
359 2096 129 40 univ.
561 2096 250 50 (34-9234)

313 2185 1868 76 … Funds and the financial system, by Leon C. Marshall.
180 2263 1979 153 New York city, Bureau of publications, Teachers college, Columbia university [ c 1933]
253 2416 54 38 27
338 2426 43 37 p.
442 2415 178 49 diagrs.
681 2415 54 40 23
740 2419 43 20 cm
789 2450 7 8 .
868 2419 123 48 (The
1024 2419 220 40 national
1273 2420 141 41 crisis
1445 2422 174 47 series)

185 2467 51 53 ©
260 2474 119 40 Nov.
404 2474 69 46 13,
499 2474 113 41 1933;
668 2475 67 39 2c.
761 2476 95 39 and
882 2475 81 40 aff.
989 2477 112 39 Dec.
1128 2477 81 46 20;
1238 2479 41 37 A
1305 2477 171 49 67602;
1505 2480 241 41 Teachers
1774 2482 192 47 college,
252 2478 1912 96 Columbia
358 2530 129 40 univ.
559 2531 250 50 (34-9233)

181 2617 1979 235 … Unemployment relief and public works, by Leon C. Marshall. New York city, Bureau of publications, Teachers college, Columbia university [ c 1933]
255 2849 1920 63 1 p. l., 29 p. illus. (map) diagrs. 23 cm . (The national crisis series)
188 2901 51 53 ©
265 2908 117 40 Nov.
409 2908 67 46 13,
503 2908 112 40 1933;
671 2908 67 40 2c.
765 2911 95 38 and
886 2910 78 39 aff.
995 2912 110 40 Dec.
1132 2913 82 46 20;
1243 2914 40 37 A
1309 2913 170 50 67600;
1508 2916 241 42 Teachers
1777 2919 192 49 college,
255 2917 1911 91 Columbia
364 2962 128 42 univ.
567 2964 250 52 (34-9232)

181 3066 318 67 Meinecke,
530 3070 273 55 Bedrich.

315 3146 1867 82 … Nemecky pro obchodniky. (obchodni dopisování a
182 3223 2005 162 nauka); zpracoval B. Meinecke … První vydáni. Berlin-Schöneberg, Langenscheidtsche verlagsbuchhandlung [ c 1933]
261 3377 95 46 xvi,
394 3377 84 40 483
518 3388 41 36 p.
627 3378 57 41 16½cm.
849 3380 504 53 (Langenscheidtovy
1391 3388 232 47 příručky
1662 3388 299 41 obchodního
189 3384 1979 103 dopisováni)

193 3484 1976 123 © May 8, 1933; 1c. Aug. 5; A-Foreign 21857; Langenscheidtsche verlagsbuchhandlung (Prof. G. Langenscheidt) g. m. b. h.
188 3633 392 69 Mendenhall,
608 3640 201 54 James
840 3642 218 66 Edgar,
1091 3648 170 50 1903-

324 3714 1864 81 … Debt relief: an aid to recovery, by James E. Mendenhall
194 3791 111 52 and
332 3792 274 53 Edmund
635 3796 68 51 de
731 3796 56 54 S.
817 3799 283 68 Brunner,
1129 3801 138 52 with
1295 3804 93 51 the
1420 3804 304 53 assistance
1751 3805 63 53 of
1842 3805 250 54 Herbert
2120 3807 68 53 B.

193 3868 241 68 Bruner,
478 3870 229 56 Samuel
749 3873 236 57 Everett
1033 3879 148 66 [and]
1230 3881 243 53 Pauline
1513 3882 69 52 E.
1626 3883 346 68 Thompson.
2049 3885 141 54 New
