2350 4196
1126 3994 101 56 767

187 351 242 66 Greene,
459 353 138 53 Mrs.
628 352 329 53 Katherine
988 353 232 66 (Glass)
1261 356 172 49 1865-

256 429 120 53 The
405 430 288 52 evolntion
722 430 65 52 of
815 432 94 53 the
939 430 329 67 conception
1298 429 64 54 of
1391 430 146 68 God,
1565 430 74 68 by
1668 431 318 53 Katherine
2016 432 166 54 Glass

186 506 1992 72 Greene … Boston, The Christopher publishing house [ c 1934 ]
256 580 85 40 368
369 591 43 37 p.
472 581 163 47 front.,
666 582 169 46 plates.
896 582 55 38 21
956 584 43 21 cm
1005 613 8 8 .

257 637 374 48 Bibliography:
663 649 43 37 p.
735 639 216 40 343-345.

192 690 1990 54 © May 15, 1934; 2c. May 16; aff. May 19; A 72427; Christopher pub.
258 753 160 39 house.
491 753 280 48 (34-16380)

185 842 201 63 Grose,
416 844 243 55 Helena.

256 920 1923 69 They meant to marry, by Helena Grose … New York, The
188 998 842 69 Macaulay company [ c 1934]
259 1069 85 41 310
372 1081 43 38 p.
476 1070 55 40 20
534 1073 44 21 cm
583 1104 8 8 .

189 1124 1737 51 © June 19, 1934; 2c. and aff. June 21; A 73148; Macaulay co.
266 1185 279 48 (34-16715)

181 1274 174 66 Haig,
387 1275 221 54 Robert
641 1276 264 64 Murray,
942 1275 169 54 1887-

260 1353 120 51 The
416 1354 143 52 sales
595 1356 99 48 tax
733 1352 59 52 in
828 1353 95 52 the
961 1352 300 52 American
1301 1357 189 63 states,
1528 1370 31 33 a
1596 1350 170 69 study
1802 1350 163 52 made
2003 1350 177 52 under

190 1428 1929 70 the direction of Robert Murray Haig … by Carl Shoup …
190 1509 139 53 with
375 1509 93 53 the
511 1508 301 55 assistance
857 1509 62 51 of
962 1508 208 54 Reavis
1213 1507 138 69 Cox,
1395 1507 175 54 Louis
1614 1508 191 66 Shere,
1850 1507 207 52 Edwin
2102 1507 75 52 H.

190 1585 279 69 Spengler
499 1586 111 53 and
639 1584 135 56 staff
801 1586 287 53 members.
1156 1585 134 55 New
1326 1585 178 69 York,
1536 1585 298 55 Columbia
1866 1585 313 71 university

187 1682 173 50 press,
394 1667 150 49 1934.

257 1735 800 49 xxv, 833 p., 1 l. illus. 23½c m .
187 1793 1992 52 © June 15, 1934; 2c. June 20; aff. June 21; A 73145; Columbia univ.
253 1865 148 37 press.
473 1853 280 50 (34-16890)

179 1945 268 63 Haydon,
476 1945 204 53 Janies
705 1945 191 62 Ryan.

313 2021 1864 69 … Chicago’s true founder, Thomas J. V. Owen; a pleading
184 2100 94 52 for
309 2102 162 52 truth
505 2103 113 52 and
654 2100 93 53 for
780 2101 172 52 social
985 2100 201 68 justice
1221 2099 57 53 in
1316 2100 251 68 Chicago
1601 2101 239 67 history,
1873 2101 73 67 by
1982 2102 193 54 James

182 2179 1994 68 Ryan Haydon … with twenty illustrations and 500 Chicagoans
185 2257 64 53 of
297 2261 148 50 1833.
521 2257 307 67 Lombard,
873 2257 112 67 Ill.,
1029 2256 170 54 Print.
1260 2256 146 68 priv.
1455 2256 93 52 for
1592 2258 95 52 the
1732 2259 222 65 author,
2000 2257 176 55 Owen

180 2336 295 52 memorial
502 2335 147 55 fund
684 2370 11 33 [
700 2342 18 21 c
724 2340 150 62 1934]

257 2410 27 39 7
312 2419 29 37 p.
418 2440 8 16 l.,
457 2409 83 39 312
572 2419 42 37 p.
675 2408 163 48 front.,
868 2409 129 39 illus.
1026 2406 132 49 (incl.
1186 2407 242 48 facsims.)
1467 2409 76 47 pl.,
1573 2410 149 45 ports.
1782 2408 56 38 22½
1871 2410 44 21 cm
1921 2440 7 8 .

256 2465 62 40 At
343 2466 123 39 head
493 2466 51 39 of
572 2465 135 40 title:
738 2464 248 48 Sponsors’
1013 2464 188 40 limited
1227 2464 197 40 edition.

255 2523 254 46 Appendix
539 2523 233 47 preceded
802 2522 60 47 by
893 2521 235 40 half-title
1159 2524 82 37 not
1271 2522 224 39 included
1525 2522 50 39 in
1604 2522 80 39 the
1714 2521 190 48 paging.

258 2578 301 48 “Genealogy
589 2579 51 39 of
669 2579 80 40 the
782 2579 145 40 Owen
957 2577 174 49 family
1160 2579 236 47 through:
1430 2579 216 40 Emeline
1675 2578 268 41 Hotchkiss
1973 2579 174 41 Owen”:

188 2645 39 37 p.
259 2635 228 48 283-285;
523 2636 301 47 “Genealogy
857 2636 51 39 of
937 2636 80 39 the
1050 2635 145 41 Owen
1222 2634 174 49 family
1427 2636 237 47 through:
1696 2636 210 40 Thomas
1936 2636 243 40 Jefferson

187 2692 157 40 Vance
373 2692 174 42 Owen”:
606 2704 41 37 p.
676 2693 217 40 286-287.

258 2748 299 42 “Numbered
587 2749 300 40 references”:
948 2759 41 37 p.
1021 2749 215 41 273-282.

185 2803 51 52 ©
261 2808 129 39 June
410 2808 68 46 12,
503 2808 141 45 1934;
669 2808 67 40 2c.
762 2807 125 39 June
911 2807 53 39 13;
1020 2806 81 41 aff.
1127 2807 127 39 June
1275 2807 82 47 15;
1385 2808 41 37 A
1448 2807 170 47 72816;
1647 2808 41 40 J.

1715 2808 54 39 R.
1795 2807 222 48 Haydon,
252 2808 1908 103 Lombard,
414 2866 73 39 Ill.
561 2864 280 49 (34-16873)

177 2955 271 65 Holman,
480 2954 258 54 Richard
771 2953 235 66 Morris,
1039 2957 169 50 1886-

252 3033 54 52 A
338 3033 271 54 textbook
643 3032 63 53 of
739 3033 229 68 general
1001 3032 209 68 botany
1249 3032 93 52 for
1379 3032 238 68 colleges
1653 3032 111 52 and
1798 3031 379 67 universities,

183 3110 1994 70 by Richard M. Holman … and Wilfred W. Robbins … 3d ed.
183 3189 137 53 New
354 3188 180 69 York,
568 3189 57 54 J.
657 3189 190 67 Wiley
881 3191 45 49 &
958 3206 145 49 sons,
1137 3188 135 67 inc.;
1309 3188 258 68 London,
1605 3188 300 68 Chapman
1938 3192 46 49 &
2017 3189 159 68 Hall,

182 3268 238 67 limited,
456 3270 152 51 1934.

253 3350 77 38 xv,
357 3340 82 41 626
466 3352 43 37 p.
536 3339 109 42 incl.
671 3340 163 47 front.,
864 3339 142 46 illus.,
1032 3338 177 49 diagrs.
1270 3338 55 39 24
1329 3342 42 20 cm
1379 3372 7 8 .
1503 3339 129 49 $4.00

256 3398 187 40 “Books
471 3399 79 39 for
580 3397 246 41 reference
856 3397 95 39 and
982 3396 250 40 collateral
1264 3397 229 48 reading”:
1556 3409 42 36 p.
1629 3397 216 41 597-600.

188 3452 51 52 ©
264 3459 111 45 May
398 3456 70 47 29,
493 3456 140 46 1934;
659 3456 66 38 2c.
751 3455 125 39 June
900 3454 52 45 2;
980 3453 81 41 aff.
1088 3453 123 40 June
1236 3454 52 45 9;
1316 3454 42 38 A
1381 3455 169 46 72719;
1580 3455 54 39 R.
1663 3457 61 39 M.
1751 3456 225 49 Holman,
253 3458 1907 102 Berkeley,
370 3513 158 47 Calif.,
557 3512 95 40 and
679 3512 208 40 Wilfred
914 3511 71 40 W.
1014 3510 225 48 Robbins,
1268 3511 165 47 Davis,
1464 3511 144 41 Calif.

264 3570 279 50 (34-16672)

180 3648 199 53 Idaho.
453 3649 277 64 Supreme
763 3649 174 50 court.

251 3720 1924 75 Reports of cases argued and determined … By Clay
184 3804 242 52 Koelsch
493 3798 296 71 (ex-officio
844 3797 283 70 reporter)
1212 3815 50 37 v.
1319 3803 79 48 53.
1477 3800 116 54 San
1647 3801 320 68 Francisco,
181 3805 1971 142 Bancroft-Whitney

669 3895 298 49 company,
1009 3880 150 50 1934.
