2350 4196
1166 4014 131 49 1516

244 384 177 62 Field,
455 386 193 50 Peter.

311 457 324 70 Dry-gulch
667 459 234 65 Adams,
933 460 72 65 by
1040 461 166 51 Peter
1240 457 166 54 Field
1443 502 54 8 ...
1570 459 138 51 New
1744 456 178 69 York,
1955 457 88 55 W.
243 457 1963 132 Morrow
386 539 45 49 &
460 554 295 51 company,
789 540 146 49 1934.

309 608 927 50 4 p. l., 3-282. [1] p. 1 illus. 20 cm .
246 663 51 50 ©
430 698 6 7 Nov.
465 667 67 41 12.
560 666 114 42 1934;
729 668 66 40 2c.
824 670 94 37 and
943 668 79 39 aff.
1160 699 5 6 Nov.
1195 669 54 38 17;
1304 669 39 36 A
1374 665 139 41 77251;
1572 666 201 40 Francis
1800 666 193 49 Thayer
2021 667 209 43 Hobson,

311 723 118 40 New
452 725 142 39 York.
668 724 277 48 (34-38182)

245 815 283 64 Gardner,
560 817 134 51 Erie
727 817 259 63 Stanley.

318 933 54 8 ...
414 891 118 51 The
567 908 121 35 case
725 891 64 52 of
824 892 94 52 the
954 892 223 51 curious
1213 891 174 52 bride.
1462 890 136 52 New
1639 889 178 67 York,
1853 889 89 54 W.
1983 890 248 51 Morrow

244 969 108 50 and
386 984 295 51 company,
714 971 147 50 1934.

312 1026 560 62 4 p. l., 296 p. 19½ cm .
249 1095 50 51 ©
440 1132 6 4 Nov.
482 1101 65 39 12.
582 1099 112 40 1934;
756 1102 64 37 2c.
855 1102 94 37 and
980 1100 80 41 aff.
1204 1133 7 7 Nov.
1243 1101 54 37 17;
1360 1101 40 36 A
1434 1098 141 40 77250;
1635 1100 52 38 E.
1725 1099 43 40 S.
1805 1098 231 47 Gardner,
317 1097 1900 100 Hollywood.
494 1156 140 40 Calif.
708 1156 278 49 (34-38184)

246 1246 268 63 Gleason,
545 1247 166 55 Jane.

316 1321 120 53 The
473 1339 191 50 young
702 1322 111 53 and
852 1323 194 67 happy
1084 1326 228 63 rooster,
1350 1328 154 61 story
1544 1320 109 51 and
1692 1320 247 67 pictures
1978 1320 69 68 by
2088 1319 143 54 Jane

248 1397 239 55 Gleason
522 1443 54 8 ...
647 1399 264 67 Chicago,
942 1400 66 52 A.
1037 1400 291 50 Whitman
1358 1400 45 49 &
1428 1416 96 46 со.,
1553 1400 148 49 1934.

316 1468 713 51 63. [1] p. col. illus. 21½ cm .
316 1527 286 40 Illustrated
629 1528 361 47 lining-papers.

344 1583 172 40 “Junior
543 1593 134 38 press
705 1584 188 39 books."

251 1641 1982 52 © Nov. 2. 1934; 2c. Nov. 15; aff. Nov. 5; A 78127; Albert Whitman & со.
328 1699 277 50 (34-37986)

246 1792 281 62 Hatcher,
564 1792 221 51 Harlan
822 1791 361 53 Henihorne.
1223 1794 168 49 1893-

316 1867 266 52 Patterns
616 1866 63 52 of
787 1865 213 68 Wolfpen,
1035 1867 73 66 by
1142 1867 226 51 Harlan
1403 1866 256 51 Hatcher
1700 1908 55 9 ...
1795 1865 331 67 headpieces
2161 1866 75 67 by

247 1940 1987 149 Frederick Springer. Indianapolis and New York, The Bobbs-Merrill company [ c 1934]
318 2077 1021 65 2 p. l., vii-xii p. 1 l., 15-332 p. 20½cm.
317 2150 160 42 “First
507 2151 224 40 edition."

252 2206 1820 109 © Nov. 14. 1934; 2c. and aff. Nov. 17; A 77269; Bobbs-Merrill со. (34-38185)
249 2341 263 65 Hughes,
543 2344 128 61 Ray
703 2343 248 63 Osgood,
988 2343 168 52 1879-

320 2416 278 68 Building
621 2417 350 67 citizenship,
996 2418 70 66 by
1092 2418 65 51 R.
1183 2415 64 54 O.
1274 2418 238 66 Hughes
1544 2461 53 8 ...
1663 2417 230 66 Boston,
1918 2416 134 52 New
2080 2416 155 52 York

255 2501 101 61 [etc.]
429 2495 96 53 Allyn
634 2494 110 52 and
775 2495 189 50 Bacon
1042 2497 149 65 [c1934]

421 2597 7 10 XXV.
458 2566 95 44 709,
584 2565 55 40 39
668 2577 41 35 p.
767 2566 146 40 front.,
998 2568 103 39 illus.,
1133 2566 175 47 diagrs.
1369 2568 52 37 21
1427 2570 13 20 cm
1477 2599 6 7 .

318 2622 260 41 Published
608 2624 100 37 also
740 2623 45 37 in
816 2629 92 32 two
935 2622 228 40 Volumes.
1220 2625 59 46 cf.
1310 2624 272 40 Foreword.

347 2680 166 39 “Places
547 2679 77 39 for
653 2679 195 40 further
880 2678 344 40 information"
1258 2682 50 37 at
1337 2681 88 38 end
1460 2681 49 39 of
1542 2681 117 38 each
1690 2682 212 46 chapter.

254 2735 1983 54 © Aug. 10. 1934; 2c. Nov. 7; aff. Nov. 8; A 77157; Allyn & Bacon.
324 2795 278 50 [Copyright
632 2797 40 36 is
704 2795 206 39 claimed
937 2805 61 28 on
1028 2795 220 48 changes]
1322 2796 279 48 (34-38165)

323 2868 158 53 Civic
506 2868 270 66 training,
803 2867 72 66 by
959 2908 8 8 R.
999 2865 64 53 O.
1092 2867 236 67 Hughes
1362 2913 54 7 ...
1483 2868 231 68 Boston,
1742 2867 136 52 New
1907 2867 158 53 York
2113 2872 120 62 [etc.]

255 2944 751 67 Allyn and Bacon [ c 1934]
320 3017 113 46 xvii,
462 3015 97 43 360,
588 3015 55 41 36
672 3025 40 37 p.
767 3016 161 40 front.,
960 3014 140 42 illus..
1132 3017 176 45 diagrs.
1368 3017 84 40 204
1456 3019 44 21 cm
1505 3050 7 7 .

321 3073 126 40 “The
472 3074 222 39 material
724 3073 221 38 included
969 3074 45 36 in
1042 3073 95 39 this
1159 3073 121 39 book
1300 3073 154 41 forms
1480 3075 79 39 the
1583 3075 107 40 first
1714 3076 106 39 half
1844 3077 49 37 of
1919 3077 78 39 the
2022 3077 215 39 author’s

250 3140 102 29 new
384 3132 116 38 text.
534 3130 230 45 Building
794 3127 663 47 citizenship.”—Foreword.

321 3186 195 40 “Places
548 3186 76 38 for
655 3185 195 39 further
881 3184 342 39 information”
1258 3197 22 27 at
1340 3188 90 37 end
1462 3187 49 38 of
1540 3189 117 38 each
1692 3189 211 46 chapter.

255 3242 1967 110 © Aug. 2. 1934; 2c. Nov. 7; aff. Nov. 8; A 77158; Allyn & Bacon. [Copyright is claimed on changes] (34-38166)
252 3377 237 53 Illinois.
565 3377 306 65 Appellate
904 3382 199 47 courts.

323 3455 244 67 Reports
596 3454 62 51 of
686 3471 149 35 cases
864 3453 347 51 determined
1247 3497 53 7 ...
1338 3456 136 50 with
1504 3474 26 32 a
1563 3456 284 66 directory
1876 3455 62 53 of
1965 3458 95 51 the
254 3455 1956 145 judiciary

454 3532 62 51 of
559 3533 94 51 the
696 3535 142 47 state
885 3531 110 50 and
1041 3532 272 51 abstracts
1355 3533 62 49 of
1461 3552 148 34 cases
1654 3533 328 68 designated
2028 3535 74 65 by
2144 3535 93 49 the

254 3614 187 48 courts
474 3629 60 33 as
564 3616 100 45 not
695 3615 56 45 to
823 3627 24 31 be
884 3609 262 65 reported
1179 3609 58 50 in
1271 3609 125 52 full.
1524 3613 68 49 Vol.
1896 3653 12 25 CCLXXIII,
1980 3657 8 7 A.
2060 3655 8 8 D.
2106 3613 135 50 1934

400 3687 284 67 Reported
732 3686 73 65 by
852 3685 152 52 Basil
1057 3687 185 53 Jones.
1327 3688 267 66 Chicago.
1641 3688 320 68 Callaghan
2008 3693 43 49 &
254 3705 1960 128 company,
454 3767 147 50 1934.

323 3838 82 40 lix.
436 3837 81 39 669
547 3849 41 35 p.
647 3838 54 38 23
706 3839 43 20 cm
754 3868 6 6 .

257 3890 1818 53 © Nov. 27. 1934; 2c. Dec. 1; aff. Dec. 3; A 77409; Callaghan & со.
