2350 4196
1145 4009 98 49 989

160 365 233 62 Tatum,
425 361 253 64 Georgia
708 362 133 53 Lee.

231 439 327 67 Disloyalty
585 440 61 51 in
673 437 95 54 the
797 435 388 66 confederacy,
1213 433 75 67 by
1315 430 250 69 Georgia
1592 431 111 52 Lee
1730 431 227 67 Tatum,
2073 474 9 9 PH.
2150 474 7 10 D.

161 518 219 66 Chapel
413 516 146 65 Hill,
592 516 120 51 The
744 512 335 68 University
1111 511 64 53 of
1205 510 187 53 North
1427 508 271 55 Carolina
1731 528 173 48 press,
1939 512 149 49 1934.

232 591 64 48 xi,
328 590 86 41 176
443 601 42 37 p.
546 589 56 41 23½
635 592 44 20 cm
684 621 8 9 .

236 648 272 47 “Prepared
554 657 54 29 as
655 656 28 29 a
731 644 217 41 doctoral
994 641 315 42 dissertation
1357 642 52 38 at
1453 639 289 41 Vanderbilt

165 640 1997 105 university.”—Pref.

236 762 247 40 “Selected
513 756 364 51 bibliography”:
937 768 43 38 p.
1009 754 215 42 167-170.

170 831 53 51 ©
253 835 118 46 Aug.
401 835 40 39 4,
474 833 113 39 1934;
649 832 66 39 2c.
748 832 118 46 Aug.
897 832 51 44 7;
983 828 80 40 aff.
1097 828 116 46 Aug.
1246 828 25 39 8;
1334 827 38 37 A
1406 825 142 41 73790;
1612 826 281 47 University
1925 828 50 39 of
2009 828 156 39 North

239 891 226 41 Carolina
497 900 147 37 press.
720 886 279 50 (34-22569)

159 997 350 50 Tennessee.
583 995 183 65 Laws,
799 997 256 60 statutes,
1088 996 98 46 etc.

232 1072 333 52 Annotated
604 1072 154 54 Code
795 1071 63 51 of
895 1072 325 53 Tennessee,
1261 1071 160 62 1934;
1463 1067 332 67 containing
1835 1069 75 50 all
1950 1072 115 48 acts
2104 1068 63 51 of

166 1170 30 33 a
230 1152 227 67 general
494 1151 111 50 and
641 1148 191 69 public
866 1153 202 47 nature
1101 1147 58 51 in
1193 1146 154 52 force
1382 1148 262 64 January
1682 1149 45 52 1,
1763 1149 151 62 1934,
166 1147 1975 150 including
292 1231 118 50 also
434 1229 94 52 the

556 1233 144 47 state
727 1228 112 51 and
867 1226 221 53 federal
1116 1224 398 54 constitutions
1544 1225 112 51 and
1684 1226 148 50 rules
1861 1225 62 53 of
166 1226 1978 134 Appellate
307 1311 205 55 courts,
541 1306 280 66 compiled

165 1302 1944 149 and annotated by Samuel C. Williams … Volume v. Indianapolis, The
1174 1382 443 53 Bobbs-Merrili
1653 1401 279 48 company
1973 1386 191 63 [c1934]

246 1472 41 33 v,
318 1457 90 42 9421
433 1470 40 36 p.
534 1459 58 39 26½
622 1460 43 21 cm
672 1490 8 8 .

176 1527 51 52 ©
260 1532 114 46 July
405 1530 69 47 25,
505 1529 139 47 1984;
679 1529 67 40 2c.
778 1528 118 47 Aug.
927 1527 81 47 16;
1043 1525 81 41 aff.
1157 1527 117 47 Aug.
1308 1526 82 47 24;
1424 1526 40 38 A
1496 1526 170 47 74643;
1703 1528 367 38 Bobbs-Merrill
2105 1538 64 30 co.

167 1634 209 52 Texas.
451 1634 184 62 Laws,
668 1637 256 57 statutes,
958 1637 99 47 etc.

240 1711 277 53 Vernon’s
553 1710 306 51 annotated
894 1710 179 52 Penal
1107 1709 132 53 code
1273 1708 63 52 of
1366 1709 98 51 the
1494 1713 145 48 state
1672 1709 64 54 of
1768 1711 198 50 Texas.
2040 1713 135 49 1934

171 1785 2002 70 cumulative, annual pocket parts for volumes 1-3 … Kansas
174 1867 150 68 City,
354 1869 232 52 Vernon
615 1869 108 50 law
753 1866 146 53 book
927 1883 278 50 company
1241 1900 12 32 [
1259 1872 18 20 c
1282 1869 135 49 1934]

248 1944 25 38 3
302 1954 41 27 v.
402 1941 54 39 25
460 1943 44 21 cm
509 1972 7 7 .

250 2000 154 38 These
435 1998 273 47 pamphlets
741 2007 83 29 are
855 1999 47 38 to
935 1998 55 38 be
1021 1996 138 40 fitted
1190 1997 101 39 into
1324 1997 81 40 the
1436 1997 197 47 pockets
1666 1999 53 38 at
1749 1998 80 38 the
1862 1998 121 38 back
2016 1998 49 39 of
2097 1998 81 41 the

180 2057 215 39 volumes
421 2056 50 39 of
499 2056 81 39 the
606 2058 72 36 set
706 2057 46 37 to
780 2054 157 39 which
966 2054 113 47 they
1105 2054 181 47 belong.

184 2107 51 54 ©
268 2114 116 46 July
414 2114 68 45 31,
515 2112 114 39 1934;
688 2112 65 39 2c.
788 2112 117 38 each
941 2111 127 47 Sept.
1100 2110 51 47 8;
1186 2110 81 40 aff.
1303 2111 127 48 Sept.
1464 2111 80 46 10;
1580 2112 41 38 A
1654 2111 169 46 74842;
1859 2112 193 40 Vernon
2085 2113 93 38 law
250 2170 123 41 book
399 2180 66 31 co.

179 2272 275 65 Thomas,
488 2274 185 63 Isaac,
712 2275 170 49 1884-

252 2348 175 52 Latin
450 2348 461 67 comprehensive
931 2352 132 63 two,
1088 2366 31 34 a
1143 2348 173 52 Latin
1340 2349 157 69 sight

1519 2352 200 49 reader
1743 2348 92 52 for
1861 2348 94 54 the
1982 2348 199 53 fourth
186 2424 168 64 form,
386 2426 280 62 compiled
696 2425 74 63 by

799 2426 1291 62 Isaac Thomas … [Pottstown, Pa., 1934]
253 2500 25 38 2
306 2509 42 38 p.
414 2531 7 14 l.,
449 2498 56 41 80
532 2510 42 36 p.
638 2498 57 39 24
698 2501 43 20 cm
747 2531 7 8 .

189 2554 50 51 ©
271 2559 113 47 Apr.
416 2559 67 46 11,
515 2557 139 47 1934;
687 2558 66 39 2c.
785 2558 95 38 and
912 2556 79 40 aff.
1025 2557 125 40 June
1180 2558 81 48 21;
1296 2559 39 38 A
1365 2560 169 45 73141;
1571 2560 36 39 I.
1640 2560 223 46 Thomas,
1897 2560 284 46 Pottstown,

261 2616 82 38 Pa.
415 2615 280 48 (34-22187)

182 2717 226 65 Tobler,
439 2717 287 56 Walther.

255 2794 327 54 Gesündere
627 2794 232 67 kinder;
910 2796 180 52 durch
1136 2797 429 67 zweckmässige
1611 2799 344 67 ernährung,
2003 2796 181 71 pflege

186 2872 1999 147 und erziehung, von priv. doz. dr. W. Tobler … Zürich und Leipzig, Orell Füssli [ c 1934]
261 3026 88 38 144
376 3034 42 38 p.
477 3025 56 39 20
537 3026 44 21 cm
585 3057 8 8 .

196 3078 50 51 ©
273 3082 101 40 Oct.
400 3083 38 45 1,
464 3081 139 47 1933;
631 3082 66 40 3c.
723 3082 120 39 Mar.
868 3082 68 46 30,
962 3082 139 47 1934;
1130 3083 39 38 A
1171 3084 268 48 -Foreign
1464 3084 170 48 24249;
1664 3085 130 40 Orell
1822 3085 161 40 Fiissli
2007 3086 180 46 Verlag.

273 3139 280 48 (34-22425)

190 3239 121 53 The
367 3240 220 54 United
644 3243 206 53 Stetes
904 3242 113 52 and
1070 3244 206 66 Japan.
1371 3245 311 67 “Friendly
1737 3245 322 67 relations”,
2114 3246 74 66 by

264 3317 1923 75 Prince Iyesato Tokugawa … “Flighty years of friendship”,
265 3396 1923 74 by Mr. Corwin S. Shank … Seattle, Wash., Japan society
266 3476 64 50 of
362 3476 214 54 Seattle
613 3510 11 32 [
629 3482 18 21 c
652 3480 150 63 1934]

270 3548 284 46 cover-title,
585 3548 55 40 13
672 3559 45 37 p.
777 3549 54 40 23½c
882 3552 26 21 m
915 3582 7 7 .

203 3602 51 51 ©
285 3607 114 46 July
427 3606 38 46 5,
494 3606 140 44 1934;
664 3606 65 40 2c.
760 3607 95 39 and
883 3607 80 40 aff.
994 3609 114 47 July
1137 3610 80 41 27;
1248 3610 40 39 A
1317 3611 168 41 73618;
1519 3613 161 45 Japan
1709 3622 91 29 soc.
1832 3611 50 40 of
1916 3611 195 40 Seattle.

281 3662 279 48 (34-22178)

202 3765 216 66 Wallis,
448 3768 205 52 James
683 3769 240 64 Harold,
958 3772 169 50 1885-

273 3844 1901 73 The woman he chose, by J. H. Wallis … New York, E. P
204 3920 220 53 Dutton
452 3926 44 49 &
521 3940 95 50 co.,
644 3926 105 51 inc.
785 3959 11 32 [
802 3931 17 20 c
824 3929 135 49 1934
963 3959 11 33 ]
