2350 4196
1141 4016 123 48 1150

210 390 227 62 Brown,
470 389 239 52 Forrest
738 389 67 54 R.

338 462 1679 69 … Danger trail. New York. Loring & Mussey [ c 1934]
311 535 497 48 v p., 1 l., 9-255 p 19½cm
214 591 50 51 ©
304 595 125 47 Sept.
525 625 8 16 18,
569 593 140 40 1934:
747 594 65 39 2c.
852 594 123 46 Sept.
1014 595 82 44 24;
1136 592 78 40 aff.
1256 595 124 43 Sept.
1418 590 80 47 19;
1536 591 41 38 A
1612 590 168 46 76090;
1823 591 50 38 F.
1912 591 54 39 R.
2004 592 190 45 Brown,

282 651 152 40 South
466 651 269 46 Braintree,
774 652 144 38 Mass.
989 649 277 48 (34-36560)

214 723 333 66 Bultmann,
578 726 218 52 Rudolf
826 727 162 63 Karl,
1022 729 168 50 1884-

278 798 1917 73 Jesus and the word, by D. Rudolf Bultmann … translated
209 876 1989 148 by Louise Pettibone Smith [and] Erminie Huntress … New York, London, C.
786 956 310 54 Scribner’s
1123 975 143 48 sons,
1293 957 146 50 1934.

281 1028 83 45 xii,
391 1029 86 40 226
503 1040 41 36 p.
602 1030 55 39 19½
690 1032 44 20 cm
739 1062 8 8 .

215 1083 52 52 ©
299 1088 98 40 Oct.
433 1088 67 40 15,
534 1088 139 47 1934;
707 1086 65 43 2c.
808 1088 100 40 Oct.
941 1087 80 40 19:
1060 1088 79 39 aff.
1175 1087 97 40 Oct.
1305 1088 81 39 17;
1421 1086 41 38 A
1494 1085 140 40 76632;
1700 1084 199 41 Charles
1937 1084 263 41 Scribner's

282 1155 124 30 sons.
478 1144 277 47 (34-36413)

213 1220 222 64 Butler,
467 1222 245 53 Charles
739 1222 66 55 E.

278 1297 281 54 Vacation
595 1297 137 67 days
768 1296 138 52 with
942 1297 158 51 Fluff
1137 1297 110 52 and
1283 1296 198 68 Trixy,
1514 1296 74 66 by
1625 1293 235 56 Charles
1896 1294 65 51 E.
2001 1295 199 52 Butler

211 1372 1988 147 … and Bessie F. Belsly … illustrated by Vera Stone Norman. Chicago, Dallas
749 1458 136 60 [etc.]
924 1453 189 65 Lyons
1146 1455 44 48 &
1224 1450 303 54 Carnahan
1570 1483 11 33 [
1587 1457 16 20 c
1609 1453 151 63 1934]

282 1527 61 44 vi,
373 1526 85 39 154
484 1537 41 36 p.
581 1526 129 40 illus.
768 1525 55 40 19½
856 1528 44 22 cm
906 1559 6 7 .

217 1577 50 52 ©
300 1582 127 48 Sept.
454 1583 68 39 13.
551 1582 140 47 1934;
722 1582 66 40 2c.
817 1583 115 39 Nov.
963 1584 50 38 5:
1045 1582 80 40 aff.
1157 1582 98 40 Oct.
1287 1581 55 40 29;
1402 1583 40 37 A
1471 1580 169 42 76939;
1672 1582 159 47 Lyons
1860 1581 37 39 &
1927 1581 273 41 Carnahan.

294 1640 278 47 (34-36584)

215 1711 282 67 Cabanès,
533 1715 319 64 Augustin,
890 1718 322 50 1862-1928.

285 1791 120 52 The
456 1791 287 67 erotikon;
795 1793 169 66 being
1016 1812 71 33 an
1136 1793 324 52 illustrated
1508 1797 261 59 treasury
1821 1792 62 52 of
1932 1791 271 52 scientific

215 1869 240 51 marvels
489 1868 62 53 of
581 1869 213 52 human
824 1870 300 66 sexuality,
1156 1870 74 66 by
1259 1871 102 50 Dr.
1392 1869 292 67 Augustin
1717 1869 273 63 Cabanes,
215 1874 1962 123 translated
400 1945 152 52 from

582 1946 97 53 the
711 1947 223 51 French
967 1948 75 65 by
1072 1947 215 52 Robert
1318 1947 304 51 Meadows.
1691 1947 139 51 New
1864 1947 178 64 York,
254 1946 1923 127 Privately
431 2022 206 67 issued,

665 2022 926 68 Anthropological press [ c 1933]
285 2093 1557 51 3 p. l., v-xv, 254 p. 30 pl. (incl. ports.) on 15 l. 25½c m .
289 2148 1912 53 “Of this edition … fifteen hundred copies have been privately issued
265 2207 1938 50 … This copy is … 1084.” Signed: Robert Meadows.—Slip mounted on
216 2264 247 40 half-title.

220 2317 50 51 ©
297 2322 110 38 Dec.
436 2320 68 47 22,
533 2320 112 40 1933:
703 2321 65 39 2c.
799 2320 98 40 Oct.
928 2321 66 38 13.
1026 2320 139 40 1934:
1197 2320 78 39 aff.
1306 2320 101 41 Oct.
1434 2320 55 40 25:
1547 2322 41 38 A
1615 2321 143 40 75930;
1818 2322 211 40 Falstaff
2054 2333 149 37 press,

285 2378 69 38 New
429 2378 143 39 York.
644 2377 277 46 (34-36576)

218 2435 253 68 Calvert,
502 2438 254 54 William
789 2438 276 64 Jephtha,
1099 2441 169 50 1871-

290 2514 1912 72 Studies in elementary economics … no. l. By William J.
221 2591 1734 72 Calvert … [Englewood, N. J., W. J. Calvert. c 1934]
288 2667 51 39 63
373 2678 40 36 p.
475 2666 174 48 diagrs.
713 2666 54 40 23
772 2669 42 20 cm
820 2698 6 7 .

291 2722 330 40 “Literature”:
683 2734 73 28 no.
787 2724 38 45 1,
856 2734 42 37 p.
929 2723 66 39 63.

221 2775 50 51 ©
303 2780 126 46 Sept.
454 2779 68 46 25,
551 2779 139 40 1934:
720 2778 64 40 2c.
814 2779 94 40 and
937 2779 80 41 aff.
1047 2779 124 47 Sept.
1201 2781 79 38 27:
1310 2781 41 38 A
1379 2782 168 46 75528;
1579 2783 68 38 W.
1680 2784 39 38 J.
1751 2783 207 40 Calvert.

300 2835 277 48 (34-36575)

220 2897 308 64 Carmody,
559 2897 244 54 Francis
831 2899 236 54 Xavier.

291 2972 360 54 Cumulative
692 2974 356 68 supplement
1090 2982 56 47 to
1189 2977 330 68 Carmody‘s
1561 2981 136 50 New
1739 2980 162 52 York
1940 2982 261 64 practice.

220 3051 1983 73 Amis. 1-7, v. 8. pts., 1, 2. v. 9 … 1934 supplement. Rochester.
220 3127 67 50 N.
331 3130 89 64 Y.,
461 3129 119 52 The
618 3132 266 50 Lawyers
925 3149 255 49 co-operative
1342 3133 333 67 publishing
1717 3153 294 49 company,
2055 3139 147 48 1934.

289 3201 58 38 10
373 3212 39 27 v.
471 3200 54 41 23½
559 3204 15 20 cm
608 3235 7 6 .

291 3258 152 38 These
475 3259 271 46 pamphlets
776 3269 86 29 are
890 3263 47 36 to
970 3261 54 38 be
1056 3260 136 40 fitted
1220 3263 103 39 into
1354 3265 83 38 the
1466 3265 195 46 pockets
1695 3268 50 36 at
1779 3265 79 39 the
1889 3265 121 38 back
2040 3266 52 38 of
2125 3265 80 40 the

219 3313 214 39 volumes
460 3314 50 39 of
536 3315 80 38 the
639 3318 75 36 set
740 3318 46 36 to
862 3316 76 39 which
1000 3318 113 46 they
1139 3319 179 48 belong.

223 3364 53 51 ©
303 3370 117 39 Nov.
451 3371 67 40 14,
550 3370 112 40 1934:
721 3371 65 40 2c.
819 3374 116 37 each
966 3373 117 41 Nov.
1112 3373 53 40 23:
1227 3375 80 40 aff.
1339 3377 117 40 Nov.
1488 3376 53 39 22;
1600 3379 40 37 A
1674 3379 140 39 77337;
1877 3378 227 46 Lawyers
290 3387 1897 85 cooperative
563 3428 106 46 pub.
700 3438 65 30 co.

221 3484 275 67 Christie,
527 3489 136 52 Mrs.
695 3489 243 64 Agatha
968 3492 247 64 (Miller)

285 3561 154 68 Why
469 3563 184 53 didn’t
685 3564 134 68 they
851 3566 100 52 ask
983 3568 225 52 Evans?
1312 3572 106 65 [By]
1459 3572 233 67 Agatha
1728 3572 261 55 Christie.
216 3573 1965 131 London,
379 3639 142 52 Pub.
560 3641 92 51 for
687 3643 94 51 the
819 3641 189 55 Crime
1042 3645 143 68 club,

1220 3649 122 57 ltd.,
1379 3649 74 66 by
1486 3650 89 52 W.
1616 3648 217 55 Collins
1868 3667 128 34 sons
2032 3651 42 48 &
2111 3667 95 47 co.,

217 3714 99 53 ltd.
358 3719 169 64 [1934]

287 3787 24 39 3
341 3799 41 37 p.
447 3820 9 15 l.,
485 3789 144 40 5-252
657 3802 40 37 p.
758 3793 55 39 19
817 3796 41 21 cm
865 3826 7 6 .

223 3838 50 51 ©
311 3845 63 38 1c.
412 3844 100 40 Oct.
548 3847 67 46 31,
645 3847 143 46 1934;
826 3850 40 38 A
901 3852 60 37 ad
1000 3852 84 40 int.
1121 3851 167 42 19507:
1327 3855 142 49 pubd.
1512 3856 126 46 Sept.
1676 3856 51 39 3:
1767 3856 186 42 Agatha
1997 3855 210 39 Christie

291 3901 271 42 Mallowan.
597 3903 237 49 Torquay,
870 3907 179 40 Devon.
1085 3910 232 46 England.
1394 3910 277 48 (34-37099)
