2350 4196
1179 3991 63 48 18

279 437 26 40 5
333 448 44 37 p.
443 468 8 15 l.,
481 435 86 40 394
593 447 44 37 p.
696 436 148 40 front.
905 436 55 38 22
964 438 43 21 cm
1012 468 8 8 .

284 492 469 50 “Bibliographies”:
789 505 43 37 p.
864 492 216 41 387-388.

213 549 50 50 ©
295 553 108 39 Jan.
434 553 38 39 9.
504 552 139 39 1934;
676 552 66 39 2c.
775 554 93 37 and
900 552 80 39 aff.
1013 552 106 38 Jan.
1153 551 79 39 10:
1267 552 38 37 A
1337 550 168 46 67907;
1541 550 279 39 Macmillan
1851 561 65 29 co.

289 608 248 49 (34-1130)

211 727 251 63 Beaven,
494 726 208 54 Albert
731 725 273 64 William,
1036 730 170 49 1881-

283 801 1856 69 Sermons for everyday living, by Albert William Beaven …
214 880 420 67 Philadelphia,
665 881 214 52 Boston
915 915 10 32 [
933 884 118 62 etc.]
1086 879 117 51 The
1233 880 219 52 Judson
1483 898 151 48 press
1672 883 170 64 [1933]

280 951 1696 51 6 p. l. , 3-138 p. 20 cm . (Half-title: The Judson press sermons)
215 1023 50 50 ©
294 1027 115 39 Nov.
438 1028 67 38 21.
535 1027 138 39 1933;
704 1027 65 39 2c.
799 1028 94 37 and
922 1026 79 38 aff.
1032 1027 107 37 Jan.
1168 1027 38 38 3.
1236 1025 138 47 1934;
1406 1027 39 37 A
1475 1026 167 40 68722:
1675 1027 185 38 Judson
1890 1037 147 37 press.

292 1083 247 47 (34-1081)

214 1198 292 65 Berthier,
537 1200 164 64 Jean,
735 1202 322 49 1810-1908.

285 1278 55 51 A
381 1277 396 67 compendium
819 1278 61 51 of
923 1278 283 67 theology,
1251 1278 347 67 comprising
1637 1279 94 50 the
1772 1277 262 53 essential
215 1277 1962 129 doctrinal

427 1356 191 65 points
657 1356 61 51 of
757 1356 134 51 both
932 1355 284 68 dogmatic
1256 1356 111 52 and
1402 1357 183 50 moral
1622 1356 284 67 theology,
1943 1356 259 67 together

218 1432 138 51 with
395 1435 93 49 the
525 1451 151 34 more
715 1434 314 66 important
1066 1435 224 51 notions
1327 1433 63 53 of
1426 1452 178 34 canon
1641 1436 126 65 law,
1804 1434 237 67 liturgy,
216 1451 1961 113 pastoral

395 1512 112 51 and
536 1511 261 67 mystical
827 1512 284 67 theology,
1145 1513 109 50 and
1289 1512 295 54 Christian
1612 1512 362 67 philosophy,
2003 1512 75 67 by
2108 1511 94 53 the

215 1588 1989 67 Very Reverend J. Berthier … Authorized translation from
217 1665 1925 70 the fifth French edition, by the Rev. Sidney A. Raemers …
217 1746 240 52 Volume
493 1765 70 32 iv.
643 1745 81 54 St.
759 1748 190 54 Louis,
983 1748 114 50 Mo.
1136 1746 109 51 and
1280 1747 256 60 London,
1570 1749 66 49 B.
1669 1746 225 52 Herder
1928 1745 145 52 book
2106 1762 97 49 co.,

218 1826 148 48 1931.

286 1898 525 47 3 p. l., 378 p. 21 cm .
219 1964 50 50 ©
302 1969 107 39 Jan.
441 1972 38 35 8.
512 1968 138 39 1934;
683 1969 64 38 2c.
781 1969 106 38 Jan.
921 1967 79 39 10:
1037 1979 79 27 aff.
1151 1968 107 38 Jan.
1290 1968 80 40 11;
1405 1968 39 37 A
1476 1965 167 47 68846;
1680 1967 52 38 B.
1764 1966 190 39 Herder
1985 1965 121 38 book
2139 1973 66 29 co.

217 2084 261 66 Blachly,
511 2086 276 54 Clarence
818 2088 148 63 Dan,
999 2090 168 49 1881-

290 2160 120 53 One
442 2180 150 50 year,
624 2163 72 66 by
731 2161 266 54 Clarence
1032 2163 126 51 Dan
1192 2163 258 68 Blachly,
1571 2205 9 9 PH.
1651 2203 9 9 D.
1753 2160 249 51 [Takoma
2035 2158 172 68 Park,

217 2240 138 67 Md.,
393 2240 379 67 Washington
811 2242 207 66 college
1058 2259 171 50 press,
1269 2248 17 20 c
1293 2244 129 47 1933]

285 2311 83 40 103
402 2322 43 37 p.
539 2312 24 38 15
566 2314 43 21 cm
615 2344 8 8 .

287 2369 183 40 Poems.

222 2427 49 50 ©
297 2431 115 38 Nov.
439 2431 67 39 15.
533 2430 111 39 1933
664 2441 7 29 :
699 2430 64 39 2c.
793 2431 106 38 Jan.
926 2431 38 38 2.
990 2430 138 46 1934;
1158 2431 38 38 A
1221 2431 168 38 67831;
1420 2430 46 40 C.
1495 2432 54 37 D.
1578 2430 215 46 Blackly,
1822 2430 212 38 Takoma
2063 2428 143 45 Park,

291 2489 94 37 Md.
457 2486 219 47 (34-988)

219 2605 238 63 Bogert,
488 2606 178 51 Lotta
696 2606 164 64 Jean,
895 2609 170 49 1888-

289 2681 138 53 Diet
455 2684 110 50 and
596 2684 378 67 personality;
1010 2682 192 70 fitting
1233 2684 137 53 food
1401 2690 56 48 to
1488 2689 134 62 type
1655 2684 111 51 and
1797 2684 409 65 environment,

222 2761 1982 67 by L. Jean Bogert … With an introduction by Lafayette B.
221 2838 1809 68 Mendel … New York, The Macmillan company, 1934.
288 2913 49 39 ix
365 2925 56 35 p..
450 2913 23 37 1
539 2944 7 9 l..
575 2912 83 40 223
687 2923 41 36 p.
785 2912 58 40 20½
873 2915 42 20 cm
923 2946 6 6 .

223 2966 51 50 ©
337 2980 75 28 Jan.
441 2970 67 39 16.
539 2969 138 39 1934;
709 2969 66 39 2c.
805 2971 94 37 and
929 2970 79 38 aff.
1040 2971 105 38 Jan.
1177 2972 54 36 17
1250 2981 7 27 :
1290 2972 40 36 A
1358 2969 168 41 69022:
1560 2968 281 40 Macmillan
1870 2977 65 30 co.

299 3025 220 48 (34-955)

221 3143 258 64 Bonnell,
511 3143 294 55 Clarence.

292 3218 157 52 Each
478 3218 59 51 in
568 3237 31 33 a
629 3220 138 66 day;
802 3217 164 70 being
995 3222 197 65 guides
1222 3221 91 54 for
1345 3220 234 67 making
1609 3238 101 33 one
1741 3217 109 68 day
1880 3212 327 69 round-trip

217 3292 1970 228 journeys from Harrisburg, Illinois, to places of natural and historic interest … Copyright by Clarence Bonnell. [Harrisburg, Ill.] Register print, c 1933.
287 3523 283 49 cover-title,
617 3524 111 50 [103]
773 3536 41 36 p.
875 3524 53 39 21
933 3527 44 21 cm
983 3557 7 8 .

291 3580 307 41 Illustration
637 3592 58 28 on
736 3591 151 30 cover.

292 3638 226 48 Running
548 3639 105 39 title
673 3650 7 26 :
713 3639 147 40 Little
887 3639 230 45 journeys
1145 3640 125 39 from
1302 3639 313 48 Harrisburg,
1644 3641 58 46 by
1735 3640 229 40 Clarence
1994 3635 214 42 Bonnell.

289 3695 189 40 “Series
508 3695 52 40 of
589 3696 261 40 directions
880 3696 77 39 for
988 3696 226 47 fifty-two
1248 3707 88 29 one
1366 3698 94 45 day
1491 3698 230 46 journeys
1750 3696 127 40 from
1910 3693 299 48 Harrisburg

223 3752 156 39 which
419 3753 120 39 have
577 3754 240 46 appeared
855 3753 48 39 in
941 3754 80 38 the
1057 3752 303 48 Harrisburg
1397 3754 131 46 daily
1568 3753 202 48 register
1808 3754 115 39 each
1966 3750 240 46 Saturday

219 3808 176 48 during
426 3810 80 39 the
540 3820 116 36 year
689 3809 50 40 of
770 3809 348 40 1933.”—Pref.

222 3865 51 51 ©
305 3871 108 38 Dec.
443 3870 68 40 30.
541 3870 138 39 1933;
711 3870 66 40 2c.
807 3871 93 38 and
930 3869 80 40 aff.
1041 3869 108 39 Jan.
1180 3869 37 39 9.
1248 3868 138 47 1934;
1420 3869 40 37 A
1489 3869 169 46 68785;
1692 3869 47 40 C.
1771 3869 215 39 Bonnell.
289 3864 1905 109 Harrisburg,
454 3928 74 37 Ill.
602 3926 249 48 (34-1157)
