2350 4196
1145 4019 98 54 671

235 436 82 38 111
353 445 42 38 p.
457 435 178 47 diagrs.
696 433 55 39 21½
785 436 43 20 cm
834 465 7 8 .

169 484 1608 113 “Vorwort” signed: Dr. Max Roosen, Werner Kertscher. © Dec. 4, 1933; 1c.
766 549 117 37 Mar.
925 547 39 46 5,
1002 545 140 45 1934;
1180 541 311 47 A-Foreign
1529 540 171 47 23936;
1741 541 40 39 J.
1824 540 42 39 J.
1905 539 256 47 Augustin,

240 606 302 46 Gliickstadt,
573 605 254 47 Germany.
900 600 278 50 (34-15470)

162 678 337 68 Schneider,
531 680 256 54 William
823 678 274 63 Richard,
1132 675 171 53 1887-

235 758 219 55 Second
496 760 211 50 annual
749 757 361 68 supplement
1147 759 57 49 to
1246 753 203 53 second
1490 751 216 53 edition
1747 750 63 53 of
1854 750 310 55 Schneider

165 855 73 33 on
294 837 122 51 The
471 839 110 50 law
638 836 63 53 of
759 833 331 55 workmen’s
1148 830 441 69 compensation,
1646 830 75 66 by
1777 830 262 54 William
2095 830 70 51 R.

164 907 2002 153 Schneider … assisted by Frank J. Cordes, jr. … St. Louis, Mo., Thomas law book company, 1934.
240 1070 24 37 1
296 1079 42 37 p,
406 1098 8 16 l.,
450 1066 237 49 [347]-686
715 1077 43 36 p.
818 1067 56 38 24
877 1068 44 20 cm
927 1097 7 8 .

241 1124 226 40 Lettered
497 1134 60 30 on
587 1134 139 29 cover:
786 1134 41 28 v.
855 1124 40 44 4,
928 1121 313 48 supplement.

174 1170 1995 59 © June 14, 1934; 2c. June 16; aff. June 18; A 72827; W. R. Schneider,
244 1239 66 40 St.
340 1237 160 40 Louis.

168 1316 246 64 Snyder,
448 1315 238 62 Gladys.

233 1382 1937 154 The outdoor book, by Gladys Snyder and C. Frances Loomis … New York city,
841 1468 183 68 Camp
1057 1467 100 53 fire
1190 1465 296 68 outfitting
1520 1482 280 50 company
1839 1496 12 33 [
1857 1470 16 21 c
1880 1466 134 49 1934]

247 1542 84 40 127
368 1553 42 37 p.
472 1541 127 40 illus.
660 1540 55 40 23
720 1544 42 20 cm
849 1541 228 47 (Library
1115 1541 50 40 of
1199 1541 82 40 the
1318 1550 142 30 seven
1499 1537 157 42 crafts
1694 1537 50 41 of
1782 1539 81 39 the
1901 1536 149 49 Camp
2088 1537 76 39 fire

172 1600 132 49 girls.
367 1599 134 41 Book
530 1610 75 30 no.
637 1599 50 48 8)

249 1656 71 41 On
357 1668 166 29 cover:
563 1655 150 50 Camp
748 1656 86 40 fire
871 1656 117 49 girls
1026 1656 184 46 library
1246 1654 50 41 of
1331 1656 82 39 the
1448 1665 143 29 seven
1629 1655 170 38 crafts.

247 1714 375 49 Bibliography:
653 1725 43 38 p.
727 1713 98 40 127.

179 1768 1996 52 © May 18, 1934; 2c. and aff. May 19: A 72443; Camp fire outfitting co.,
246 1811 112 59 inc.;
410 1828 280 49 (34-14330)

173 1906 198 62 Stone,
402 1905 65 54 L.
498 1906 61 55 C.
591 1905 74 55 N.

247 1981 250 56 German
552 1980 225 69 family,
829 1981 75 68 by
956 1981 64 52 L.
1075 1979 61 55 C.
1193 1980 67 52 N.
1317 1977 189 55 Stone.
1583 1978 418 66 Indianapolis,
2054 1978 121 51 The
176 2059 443 54 Bobbs-Merrill
653 2077 281 49 company
972 2093 11 33 [
988 2065 18 20 c
1012 2061 150 63 1934]

246 2135 27 38 4
302 2145 42 36 p.
409 2165 7 17 l.,
446 2133 173 40 11-345
647 2144 41 37 p.
750 2133 55 39 21
809 2135 43 21 cm
859 2164 8 8 .

250 2191 161 40 “First
440 2189 226 42 edition.”

184 2245 51 51 ©
266 2248 110 40 Feb.
405 2248 68 47 28,
504 2248 140 46 1934;
676 2248 68 40 2c.
774 2248 122 39 Mar.
924 2247 51 46 5;
1008 2246 81 41 aff.
1120 2248 118 38 Mar.
1271 2248 24 39 3;
1356 2247 41 38 A
1426 2246 170 47 69710;
1629 2244 371 42 Bobbs-Merrill
2029 2256 68 29 co.

261 2305 280 48 (34-14544)

182 2365 299 67 [Sullivan,
514 2368 253 51 Edward
798 2367 184 65 Dean]
1019 2371 169 49 1888-

249 2446 213 51 Romeo
491 2445 262 66 Reverse,
782 2445 75 68 by
952 2445 165 68 Hardly
1148 2444 178 52 Alum
1377 2444 215 68 [pseud.]
1630 2443 140 52 with
1799 2442 382 53 illustrations

182 2523 74 68 by
293 2522 186 52 Adolf
515 2523 185 52 Dehn.
771 2524 138 51 New
948 2523 178 67 York,
1163 2524 120 52 The
1377 2541 220 50 Vanguard
1675 2540 175 50 press,
1890 2524 151 49 1934.

255 2595 112 40 1280
397 2596 51 47 (i.
481 2606 36 29 e.
548 2595 107 49 128)
695 2608 42 36 p.
795 2596 128 41 illus.
982 2596 57 41 20
1042 2599 42 20 cm
1090 2630 7 8 .

257 2655 40 36 A
321 2654 185 48 parody
533 2665 60 28 on
618 2654 195 47 Hervey
841 2653 179 41 Allen’s
1047 2654 238 47 ‘Anthony
1313 2654 242 41 Adverse’.

188 2707 51 51 ©
269 2713 113 46 May
410 2711 68 42 10,
509 2711 112 40 1934;
680 2712 64 39 2c.
777 2713 95 38 and
901 2711 81 39 aff.
1013 2713 113 46 May
1154 2712 80 46 12;
1267 2713 41 38 A
1336 2712 168 44 72361;
1536 2713 265 47 Vanguard
1832 2721 149 39 press,
2013 2713 88 37 inc.

266 2768 279 48 (34-14314)

183 2831 301 63 Swanson,
516 2831 133 52 Neil
679 2831 284 63 Harmon,
997 2836 169 49 1896-

314 2907 1872 62 … The phantom emperor. New York, G. P. Putnam’s sons
206 2987 175 63 [ c 1934]
258 3059 25 40 5
310 3070 43 37 p.
417 3090 9 17 l.,
455 3058 143 41 3-391
627 3070 42 37 p.
730 3057 188 42 facsim.
979 3059 55 39 21½
1068 3062 45 21 cm
1117 3090 9 9 .

258 3117 65 39 At
350 3116 124 40 head
503 3116 53 40 of
581 3115 135 41 title:
747 3116 109 39 Neil
885 3116 59 40 H.
977 3116 244 41 Swanson.

259 3173 101 39 The
398 3175 137 44 story
571 3172 51 40 of
659 3172 165 41 James
862 3172 215 40 Dickson
1112 3175 106 38 who
1256 3174 49 39 in
1344 3174 81 40 the
1463 3174 155 40 1830's
1657 3174 268 47 attempted
1962 3175 48 39 to
2046 3174 141 46 form,

191 3229 117 40 with
335 3229 177 40 Indian
537 3229 219 48 backing,
785 3240 27 29 a
840 3232 109 37 vast
974 3229 194 48 empire.

196 3283 53 51 ©
284 3289 115 45 May
432 3287 69 47 23,
537 3287 141 45 1934;
716 3287 67 39 2c.
821 3288 116 46 May
970 3287 81 41 29;
1089 3288 80 39 aff.
1207 3289 126 39 June
1368 3289 52 45 2;
1461 3289 41 38 A
1538 3288 169 41 71924;
1747 3289 54 38 N.
1841 3289 59 38 H.
1942 3288 247 47 Swanson,

263 3344 282 39 Baltimore.
620 3343 279 47 (34-14539)

199 3405 226 64 Varley,
457 3405 234 55 Kirton.

195 3482 1998 147 Gospel of fascism … by Kirton Varley … New York, N. Y., The Generation press: c 1934]
263 3635 27 40 3
319 3645 42 37 p.
429 3664 9 16 l.,
468 3633 85 41 227
582 3645 41 36 p,
685 3634 27 39 23½c
791 3636 27 21 m
822 3664 7 8 .

264 3691 121 39 Part
408 3691 113 38 four
551 3690 63 48 (p.
661 3689 214 50 [71]-123)
906 3691 128 44 “The
1058 3702 179 30 unseen
1263 3692 174 47 hand”,
1466 3691 248 49 reprinted
1742 3693 48 39 in
1818 3694 113 46 part
1956 3691 126 39 from
2110 3691 81 40 the

196 3745 217 41 author’s
444 3747 250 47 pamphlet
727 3747 254 48 published
1017 3748 49 39 in
1100 3748 112 40 1917
1248 3750 153 38 under
1436 3750 110 39 that
1580 3747 121 48 title,
1738 3749 90 39 has
1863 3747 180 48 special
2080 3750 111 45 t.-p.,

194 3812 28 30 a
251 3802 242 41 facsimile
523 3802 342 48 reproduction
894 3803 52 39 of
973 3803 80 41 the
1084 3807 94 44 t.-p.
1212 3805 51 39 of
1294 3805 84 40 the
1406 3804 114 40 1917
1550 3804 196 41 edition.
203 3854 50 52 ©
289 3861 113 46 May

436 3860 67 47 15,
539 3859 113 41 1934;
716 3860 66 39 2c.
818 3861 95 38 and
949 3860 79 39 aff.
1065 3862 113 46 May
1212 3861 81 44 16;
1331 3862 40 38 A
1407 3861 169 46 71661;
1614 3861 172 40 Albert
1818 3861 168 45 Henry
2019 3858 178 40 Kirton

270 3917 190 47 Varley,
490 3917 116 39 New
633 3917 144 39 York.
849 3917 278 48 (34-14525)
