2350 4196
1122 4006 99 50 380

176 376 377 65 Routledge’s
607 380 286 51 universal
949 380 429 68 encyclopaedia;
1464 399 71 33 an
1588 381 241 67 entirely
1879 400 123 34 new
247 381 1898 128 reference
487 457 146 52 book
683 477 72 32 on
805 476 70 33 an
926 458 248 67 original
1221 460 164 65 plan;
1440 461 186 64 31,200
1676 460 223 66 entries,
1951 462 218 53 800,000

248 535 202 67 words,
486 538 153 52 3,100
676 535 396 68 illustrations,
1112 539 97 48 160
1245 537 304 52 statistical
1587 537 287 67 diagrams
1913 539 110 50 and
247 538 1899 127 coloured
456 632 177 48 maps.
709 613 257 67 London,
1004 615 67 53 G.
1109 615 317 67 Routledge
1463 619 43 48 &
1541 634 145 38 sons,
1723 616 122 66 ltd.,
1881 618 148 49 1934.

252 701 99 46 viii,
380 700 112 40 1176
518 710 42 37 p.
618 700 128 39 illus.
777 700 129 46 (incl.
937 700 177 48 music)
1150 711 135 37 maps
1314 701 136 47 (part
1475 701 143 46 fold.)
1656 700 176 47 diagrs.
1892 701 145 40 21½cm.

252 758 258 41 Foreword
540 757 195 47 signed:
769 757 258 39 Lawrence
1057 757 59 38 H.
1149 758 211 38 Dawson
1400 756 425 49 (editor-in-chief)

184 823 1987 51 © 1c. Feb. 15, 1934; A ad int. 18749: pubd. Jan. 30; Doubleday, Doran
252 884 36 39 &
315 895 66 28 co.,
425 884 103 45 inc.,
560 883 194 40 Garden
784 883 122 47 City,
937 884 53 37 X.
1022 884 53 38 Y.
1146 883 249 48 (34-7785)

178 1004 257 62 Sawyer,
467 1003 221 52 Robert
717 1002 70 55 Y.

253 1077 193 52 Water
469 1076 242 68 gardens
735 1076 112 56 and
869 1075 262 70 goldfish,
1152 1077 73 68 by
1249 1076 213 55 Robert
1482 1077 68 53 V.
1576 1077 230 67 Sawyer
1830 1076 110 52 and
1964 1075 207 52 Edwin

186 1155 72 51 H.
303 1154 256 53 Perkins.
635 1154 137 52 New
815 1154 176 69 York,
1031 1154 70 53 A.
1142 1155 62 51 T.
1247 1154 85 54 De
1373 1155 81 51 La
1496 1154 161 54 Mare
1699 1172 294 50 company,
2033 1154 136 66 inc.;

185 1233 265 67 Toronto,
491 1231 156 69 Can.,
683 1230 240 55 General
961 1229 332 70 publishing
1327 1250 295 51 company,
1655 1231 122 68 ltd.,
1816 1234 147 49 1934.

250 1321 63 46 xi,
342 1321 88 40 259
454 1332 43 36 p.
525 1320 108 41 incl.
662 1321 164 46 front.,
855 1321 128 40 illus.
1040 1320 145 41 19½cm.

253 1378 211 40 “Second
493 1378 184 40 edition
705 1377 252 40 rewritten
987 1378 94 40 and
1110 1379 187 46 greatly
1328 1377 270 48 enlarged.”

185 1444 50 51 ©
320 1459 68 29 Mar.
418 1448 68 46 19,
517 1448 139 46 1934;
688 1449 65 39 2c.
786 1449 111 46 Apr.
929 1449 51 45 3;
1014 1448 81 40 aff.
1127 1450 119 38 Mar.
1278 1449 81 45 31;
1392 1449 41 37 A
1464 1449 168 44 71122;
1666 1449 53 39 A.
1751 1449 50 38 T.
1834 1449 71 38 De
1936 1449 66 38 La
2036 1450 136 37 Mare

252 1516 79 35 co.,
366 1506 89 38 inc.
521 1501 66 54 [©
623 1504 253 48 rewriting
908 1505 94 39 and
1035 1516 105 28 new
1172 1507 193 45 matter]
1441 1505 280 48 (34-27084)

182 1624 299 64 Schmutz,
513 1624 225 64 George
768 1624 65 55 L.

253 1700 93 50 An
385 1698 384 54 introduction
804 1705 58 48 to
902 1698 429 54 condemnation
1370 1698 334 68 appraisals,
1740 1698 74 68 by
1853 1697 217 68 George
2109 1699 63 52 L.

186 1775 1986 70 Schmutz … [Los Angeles, Printed by the West Hollywood
181 1854 241 68 tribune]
456 1857 172 50 c1933.

250 1939 980 49 2 p. l., 7-70 p. illus. (plans) 25½cm.
251 1997 256 40 Embodies
537 2009 27 28 a
595 1997 192 47 portion
819 1997 50 40 of
900 1998 81 39 the
1013 1997 215 41 author’s
1256 2000 209 38 lectures
1499 1999 242 40 delivered
1774 2004 49 35 at
1858 2001 80 39 the
181 2000 1972 102 University
303 2054 51 40 of
379 2054 271 41 California
676 2054 176 48 during
875 2055 83 39 the
982 2057 110 46 past
1115 2054 113 40 four
1254 2065 155 37 years,
1464 2058 59 47 cf.
1553 2055 127 41 Pref.

185 2125 50 51 ©
268 2130 99 40 Oct.
399 2131 38 40 5,
468 2128 112 41 1933;
641 2130 67 39 2c.
741 2129 100 40 Oct.
872 2129 55 40 30;
989 2128 79 41 aff.
1100 2129 119 39 Nov.
1249 2130 55 38 13
1323 2139 7 29 :
1364 2129 43 38 A
1435 2128 143 40 68065;
1641 2129 52 40 G.
1724 2130 48 38 L.
1810 2129 238 41 Schmutz.
2082 2130 92 40 Los

251 2187 218 47 Angeles.
544 2186 249 48 (34-7180)

177 2290 274 64 Shankle,
486 2290 225 64 George
744 2290 213 54 Earlie.

252 2367 158 53 State
434 2386 209 48 names,
669 2365 158 70 flags,
852 2370 158 50 seals,
1036 2386 184 49 songs,
1243 2368 175 58 birds,
1443 2366 234 57 flowers,
1704 2368 110 52 and
1841 2368 160 52 other
177 2386 1970 126 symbols;
363 2465 28 32 a
427 2447 171 66 study
629 2446 171 51 based
831 2464 70 32 on
934 2445 294 52 historical
1261 2446 327 53 documents
1623 2445 200 68 giving
1855 2446 95 52 the
1984 2446 188 67 origin

180 2526 110 50 and
323 2522 360 69 significance
716 2522 63 53 of
810 2524 94 51 the
936 2529 143 47 state
1111 2542 206 44 names,
1350 2524 341 58 nicknames,
1726 2529 253 62 mottoes,
2013 2526 158 50 seals,

177 2600 159 71 flags,
375 2600 234 62 flowers,
648 2602 175 67 birds,
862 2619 184 50 songs,
1088 2602 110 51 and
1239 2602 341 67 descriptive
1621 2608 305 48 comments
1967 2621 69 33 on
2077 2602 94 52 the

178 2681 213 66 capitol
428 2680 293 68 buildings
763 2681 111 51 and
913 2700 70 32 on
1022 2698 149 33 some
1208 2679 62 53 of
1308 2681 93 51 the
1441 2681 231 66 leading
1710 2685 143 47 state
1891 2680 280 56 histories,

179 2758 138 52 with
353 2758 307 52 facsimiles
696 2758 62 51 of
792 2759 93 51 the
920 2763 143 47 state
1097 2756 141 69 flags
1275 2758 109 51 and
1419 2760 159 50 seals,
1612 2759 74 66 by
1722 2760 219 66 George
1978 2758 193 53 Earlie

181 2837 267 67 Shankle,
563 2881 8 9 PH.
638 2881 8 9 D.
723 2838 137 51 New
887 2836 178 54 York,
1091 2836 118 52 The
1236 2838 75 51 H.
1338 2838 89 52 W.
1452 2837 222 53 Wilson
1703 2855 294 49 company.
2022 2840 147 48 1934.

253 2926 83 38 512
364 2936 42 36 p.
463 2925 141 45 illus.,
634 2925 156 46 plates
819 2925 134 46 (part
981 2923 111 46 col.)
1157 2923 143 39 23½cm.

258 2983 67 38 “A
353 2982 85 39 list
469 2980 51 41 of
548 2980 195 47 leading
773 2982 130 38 state
931 2978 283 40 histories”:
1248 2990 40 36 p.
1338 2979 247 48 [423]-470;
1622 2979 399 47 bibliographical
183 2980 1974 99 footnotes.

187 3105 50 52 ©
263 3111 110 45 Apr.
400 3110 38 45 3,
463 3109 140 40 1934;
629 3108 66 40 2c.
722 3109 93 38 and
841 3107 80 40 aff.
947 3108 111 46 Apr.
1085 3107 80 39 10:
1192 3107 40 37 A
1259 3105 167 46 70998;
1457 3105 50 40 G.
1536 3108 52 38 E.
1616 3106 225 40 Shankle.
255 3105 1900 108 Fredericksburg,
413 3166 84 39 Va.
572 3165 280 47 (34-27112)

185 3265 294 67 Simenon,
510 3268 277 64 Georges,
819 3270 171 49 1903-

344 3339 1820 71 … L’âne rouge, roman inédit. Paris, A. Fayard & cie [c1933]
255 3427 783 50 2 p. l., [7]-249 p., 2 l. 18½cm.
186 3498 1985 53 © Sept. 1. 1933; 1c. Jan. 30, 1934; A-Foreign 23621: Arthème Fayard
256 3560 35 39 &
320 3560 81 39 cie.
473 3558 249 48 (34-6988)

362 3654 1811 72 … Les gens d’en face, roman inédit. Paris, A. Fayard &
188 3743 64 45 cie
286 3740 191 64 [c1933]

256 3812 738 51 2 p. l., [7]-251 p., 1 l. 19cm.
190 3884 1982 51 © Oct. 15. 1933; 1c. Jan. 30. 1934; A- Foreign 23619; Arthème Fayard
253 3944 35 40 &
316 3944 82 40 cie.
469 3943 249 49 (34-6987)
