<alto xmlns="http://www.loc.gov/standards/alto/ns-v3#" xmlns:xlink="http://www.w3.org/1999/xlink" xmlns:xsi="http://www.w3.org/2001/XMLSchema-instance" xsi:schemaLocation="http://www.loc.gov/standards/alto/ns-v3# http://www.loc.gov/alto/v3/alto-3-0.xsd"><Description>
<MeasurementUnit>pixel</MeasurementUnit>
<sourceImageInformation>
<fileName>1934_v1_Part1.pdf</fileName>
</sourceImageInformation>
<OCRProcessing ID="IdOcr">
<ocrProcessingStep>
<processingDateTime>2019-01-10</processingDateTime>
<processingSoftware>
<softwareCreator>ABBYY</softwareCreator>
<softwareName>ABBYY Recognition Server</softwareName>
<softwareVersion>4.0</softwareVersion>
</processingSoftware>
</ocrProcessingStep>
</OCRProcessing>
</Description>
<Styles>
<ParagraphStyle ID="StyleId-FFFFFFFF-FFFF-FFFF-FFFF-FFFFFFFFFFFF-" ALIGN="Left" LEFT="0." RIGHT="0." FIRSTLINE="0."/>
<ParagraphStyle ID="StyleId-521E1FC6-FE7E-43A4-90E6-A9B61626A263-" ALIGN="Right" LEFT="0." RIGHT="0." FIRSTLINE="0." LINESPACE="13.30000019"/>
<ParagraphStyle ID="StyleId-639B624E-F6F5-47B6-BB1D-34E64B53022F-" ALIGN="Left" LEFT="0." RIGHT="0." FIRSTLINE="-27." LINESPACE="13.43999958"/>
<ParagraphStyle ID="StyleId-100905F9-D385-406B-A5BD-ED5B8FD85431-" ALIGN="Left" LEFT="0." RIGHT="0." FIRSTLINE="0."/>
<ParagraphStyle ID="StyleId-7C9F9BA2-EF3A-4B7F-8486-CCC7B7F49B39-" ALIGN="Left" LEFT="0." RIGHT="0." FIRSTLINE="-27." LINESPACE="18.71999931"/>
<ParagraphStyle ID="StyleId-350780E3-60F2-4605-88F5-BB54F9B87091-" ALIGN="Block" LEFT="0." RIGHT="0." FIRSTLINE="-27." LINESPACE="18.71999931"/>
<ParagraphStyle ID="StyleId-90B16C58-D795-4C77-9B89-30378C515D40-" ALIGN="Left" LEFT="0." RIGHT="0." FIRSTLINE="0." LINESPACE="14.39999962"/>
<ParagraphStyle ID="StyleId-17090E09-AFAF-4086-BD9B-4E99FAE6B057-" ALIGN="Right" LEFT="0." RIGHT="0." FIRSTLINE="-27." LINESPACE="14.39999962"/>
<ParagraphStyle ID="StyleId-8B87B633-89DB-4D72-B1FC-26E4ABD680BC-" ALIGN="Left" LEFT="0." RIGHT="0." FIRSTLINE="-27." LINESPACE="18.47999954"/>
<ParagraphStyle ID="StyleId-42DA7417-CA90-4D71-A57B-06556C38D752-" ALIGN="Left" LEFT="0." RIGHT="0." FIRSTLINE="0." LINESPACE="13.30000019"/>
<ParagraphStyle ID="StyleId-D8EE2A7E-42AE-4E35-98DB-F0F935637AA0-" ALIGN="Block" LEFT="0." RIGHT="0." FIRSTLINE="0." LINESPACE="6.599999905"/>
<ParagraphStyle ID="StyleId-33CD3121-D4F5-43B6-BA96-6382D166E6B8-" ALIGN="Left" LEFT="0." RIGHT="0." FIRSTLINE="0." LINESPACE="15.5"/>
<ParagraphStyle ID="StyleId-1CE52AFA-C319-4DD9-B4B1-F0EBFA2B3F0B-" ALIGN="Block" LEFT="0." RIGHT="0." FIRSTLINE="-21." LINESPACE="18.71999931"/>
<ParagraphStyle ID="StyleId-B74F1B65-92F1-49C5-A5FA-D20442F031F2-" ALIGN="Left" LEFT="0." RIGHT="0." FIRSTLINE="0." LINESPACE="17.70006076"/>
<ParagraphStyle ID="StyleId-79E2924A-215C-40B7-B577-7236BFBAA25E-" ALIGN="Center" LEFT="0." RIGHT="0." FIRSTLINE="0." LINESPACE="7.199999809"/>
</Styles>
<Layout>
<Page ID="Page1422" PHYSICAL_IMG_NR="1422" HEIGHT="4196" WIDTH="2350">
<TopMargin HEIGHT="342" WIDTH="2350" VPOS="0" HPOS="0">
</TopMargin>
<LeftMargin HEIGHT="3662" WIDTH="100" VPOS="342" HPOS="0">
</LeftMargin>
<RightMargin HEIGHT="3662" WIDTH="92" VPOS="342" HPOS="2258">
</RightMargin>
<BottomMargin HEIGHT="192" WIDTH="2350" VPOS="4004" HPOS="0">
<TextBlock ID="Page1422_Block1" HEIGHT="83" WIDTH="319" VPOS="4009" HPOS="1067" LANG="en-US" STYLEREFS="StyleId-EFA70107-3FE4-4E07-B024-C2F0FEAA9B5F-">
<TextLine HEIGHT="51" WIDTH="129" VPOS="4013" HPOS="1137">
<String CONTENT="1422" HEIGHT="51" WIDTH="129" VPOS="4013" HPOS="1137"/>
</TextLine>
</TextBlock>
</BottomMargin>
<PrintSpace HEIGHT="3662" WIDTH="2158" VPOS="342" HPOS="100">
<TextBlock ID="Page1422_Block2" HEIGHT="3662" WIDTH="2075" VPOS="342" HPOS="183" LANG="en-US" CS="1" STYLEREFS="StyleId-7D1D2B50-C49E-425E-8C1A-C58AF0312282-">
<TextLine HEIGHT="59" WIDTH="537" VPOS="380" HPOS="219" STYLEREFS="StyleId-3A4FAB55-77A6-4E27-BD4F-BC4F3F79785A-">
<String CONTENT="Hawton," HEIGHT="59" WIDTH="269" VPOS="380" HPOS="219"/>
<SP HEIGHT="58" WIDTH="29" VPOS="381" HPOS="489"/>
<String CONTENT="Hector." HEIGHT="56" WIDTH="237" VPOS="381" HPOS="519"/>
</TextLine>
<TextLine HEIGHT="71" WIDTH="1917" VPOS="454" HPOS="285" STYLEREFS="StyleId-25936BA2-6232-4D8B-B2BC-B202C40F6D1D-" CS="1">
<String CONTENT="Chasing" HEIGHT="67" WIDTH="254" VPOS="455" HPOS="285"/>
<SP HEIGHT="63" WIDTH="40" VPOS="459" HPOS="540"/>
<String CONTENT="the" HEIGHT="54" WIDTH="95" VPOS="454" HPOS="581"/>
<SP HEIGHT="34" WIDTH="40" VPOS="474" HPOS="677"/>
<String CONTENT="moon," HEIGHT="51" WIDTH="184" VPOS="473" HPOS="718"/>
<SP HEIGHT="67" WIDTH="41" VPOS="457" HPOS="903"/>
<String CS="1" CONTENT="by" HEIGHT="52" WIDTH="35" VPOS="457" HPOS="945"/>
<SP HEIGHT="51" WIDTH="51" VPOS="458" HPOS="1013"/>
<String CONTENT="Hector" HEIGHT="51" WIDTH="214" VPOS="458" HPOS="1065"/>
<SP HEIGHT="52" WIDTH="42" VPOS="457" HPOS="1280"/>
<String CONTENT="Hawton." HEIGHT="52" WIDTH="267" VPOS="457" HPOS="1323"/>
<SP HEIGHT="50" WIDTH="73" VPOS="458" HPOS="1591"/>
<String CONTENT="London," HEIGHT="66" WIDTH="257" VPOS="458" HPOS="1665"/>
<SP HEIGHT="65" WIDTH="46" VPOS="459" HPOS="1923"/>
<String CONTENT="Collins," HEIGHT="66" WIDTH="232" VPOS="459" HPOS="1970"/>
</TextLine>
<TextLine HEIGHT="49" WIDTH="149" VPOS="536" HPOS="214" STYLEREFS="StyleId-25936BA2-6232-4D8B-B2BC-B202C40F6D1D-">
<String CONTENT="1934." HEIGHT="49" WIDTH="149" VPOS="536" HPOS="214"/>
</TextLine>
<TextLine HEIGHT="48" WIDTH="333" VPOS="605" HPOS="283">
<String CONTENT="252" HEIGHT="39" WIDTH="87" VPOS="606" HPOS="283"/>
<SP HEIGHT="47" WIDTH="25" VPOS="606" HPOS="371"/>
<String CONTENT="p." HEIGHT="36" WIDTH="42" VPOS="617" HPOS="397"/>
<SP HEIGHT="40" WIDTH="59" VPOS="605" HPOS="440"/>
<String CONTENT="19" HEIGHT="41" WIDTH="58" VPOS="605" HPOS="500"/>
<String STYLE="superscript" CONTENT="cm" HEIGHT="21" WIDTH="45" VPOS="608" HPOS="558"/>
<String CONTENT="." HEIGHT="9" WIDTH="8" VPOS="637" HPOS="608"/>
</TextLine>
<TextLine HEIGHT="53" WIDTH="1984" VPOS="658" HPOS="220" CS="1">
<String CONTENT="&#169;" HEIGHT="51" WIDTH="51" VPOS="658" HPOS="220"/>
<SP/>
<String CS="1" CONTENT="1c."/>
<SP HEIGHT="41" WIDTH="34" VPOS="662" HPOS="372"/>
<String CONTENT="Oct." HEIGHT="41" WIDTH="101" VPOS="662" HPOS="407"/>
<SP HEIGHT="39" WIDTH="32" VPOS="663" HPOS="509"/>
<String CONTENT="27," HEIGHT="45" WIDTH="70" VPOS="663" HPOS="542"/>
<SP HEIGHT="43" WIDTH="34" VPOS="665" HPOS="613"/>
<String CONTENT="1934;" HEIGHT="48" WIDTH="140" VPOS="661" HPOS="648"/>
<SP HEIGHT="45" WIDTH="36" VPOS="664" HPOS="789"/>
<!-- cceid C7570511-6C64-1014-8713-889FF4349C01 --><String CONTENT="A" HEIGHT="38" WIDTH="41" VPOS="664" HPOS="826"/>
<SP HEIGHT="39" WIDTH="30" VPOS="664" HPOS="868"/>
<String CONTENT="ad" HEIGHT="38" WIDTH="61" VPOS="665" HPOS="899"/>
<SP HEIGHT="39" WIDTH="34" VPOS="664" HPOS="961"/>
<String CONTENT="int." HEIGHT="40" WIDTH="86" VPOS="664" HPOS="996"/>
<SP HEIGHT="40" WIDTH="33" VPOS="664" HPOS="1083"/>
<String CONTENT="19493;" HEIGHT="47" WIDTH="169" VPOS="662" HPOS="1117"/>
<SP HEIGHT="37" WIDTH="35" VPOS="674" HPOS="1287"/>
<String CONTENT="pubd." HEIGHT="47" WIDTH="141" VPOS="664" HPOS="1323"/>
<SP HEIGHT="38" WIDTH="39" VPOS="664" HPOS="1465"/>
<String CONTENT="Aug." HEIGHT="47" WIDTH="114" VPOS="664" HPOS="1505"/>
<SP HEIGHT="39" WIDTH="35" VPOS="663" HPOS="1620"/>
<String CONTENT="29;" HEIGHT="47" WIDTH="82" VPOS="663" HPOS="1656"/>
<SP HEIGHT="45" WIDTH="36" VPOS="665" HPOS="1739"/>
<String CONTENT="H." HEIGHT="39" WIDTH="61" VPOS="665" HPOS="1776"/>
<SP HEIGHT="39" WIDTH="33" VPOS="665" HPOS="1838"/>
<String CONTENT="Hawton," HEIGHT="46" WIDTH="226" VPOS="665" HPOS="1872"/>
<SP HEIGHT="45" WIDTH="37" VPOS="666" HPOS="2099"/>
<String CONTENT="St." HEIGHT="40" WIDTH="67" VPOS="666" HPOS="2137"/>
</TextLine>
<TextLine HEIGHT="48" WIDTH="1560" VPOS="720" HPOS="286">
<String CONTENT="Mary" HEIGHT="45" WIDTH="141" VPOS="721" HPOS="286"/>
<SP HEIGHT="46" WIDTH="24" VPOS="720" HPOS="428"/>
<String CONTENT="Bourne," HEIGHT="45" WIDTH="206" VPOS="720" HPOS="453"/>
<SP HEIGHT="35" WIDTH="27" VPOS="730" HPOS="660"/>
<String CONTENT="nr." HEIGHT="30" WIDTH="71" VPOS="730" HPOS="688"/>
<SP HEIGHT="39" WIDTH="28" VPOS="721" HPOS="760"/>
<String CONTENT="Andover," HEIGHT="46" WIDTH="236" VPOS="721" HPOS="789"/>
<SP HEIGHT="47" WIDTH="29" VPOS="720" HPOS="1026"/>
<String CONTENT="Hants," HEIGHT="46" WIDTH="173" VPOS="720" HPOS="1056"/>
<SP HEIGHT="45" WIDTH="30" VPOS="721" HPOS="1230"/>
<String CONTENT="England." HEIGHT="47" WIDTH="235" VPOS="720" HPOS="1261"/>
<SP HEIGHT="47" WIDTH="70" VPOS="721" HPOS="1497"/>
<String CONTENT="(34-36234)" HEIGHT="48" WIDTH="278" VPOS="720" HPOS="1568"/>
</TextLine>
<TextLine HEIGHT="66" WIDTH="1068" VPOS="821" HPOS="218" STYLEREFS="StyleId-3A4FAB55-77A6-4E27-BD4F-BC4F3F79785A-">
<String CONTENT="Hegland," HEIGHT="64" WIDTH="286" VPOS="821" HPOS="218"/>
<SP HEIGHT="61" WIDTH="29" VPOS="824" HPOS="505"/>
<String CONTENT="Mrs." HEIGHT="54" WIDTH="137" VPOS="824" HPOS="535"/>
<SP HEIGHT="54" WIDTH="31" VPOS="824" HPOS="673"/>
<String CONTENT="Edwina" HEIGHT="53" WIDTH="246" VPOS="823" HPOS="705"/>
<SP HEIGHT="62" WIDTH="29" VPOS="825" HPOS="952"/>
<String CONTENT="(Kenney)" HEIGHT="63" WIDTH="304" VPOS="824" HPOS="982"/>
</TextLine>
<TextLine HEIGHT="70" WIDTH="1914" VPOS="898" HPOS="288" STYLEREFS="StyleId-25936BA2-6232-4D8B-B2BC-B202C40F6D1D-">
<String CONTENT="The" HEIGHT="53" WIDTH="121" VPOS="898" HPOS="288"/>
<SP HEIGHT="35" WIDTH="33" VPOS="917" HPOS="410"/>
<String CONTENT="open" HEIGHT="49" WIDTH="143" VPOS="917" HPOS="444"/>
<SP HEIGHT="51" WIDTH="32" VPOS="901" HPOS="588"/>
<String CONTENT="door;" HEIGHT="66" WIDTH="166" VPOS="901" HPOS="621"/>
<SP HEIGHT="48" WIDTH="37" VPOS="919" HPOS="788"/>
<String CONTENT="a" HEIGHT="33" WIDTH="32" VPOS="919" HPOS="826"/>
<SP HEIGHT="50" WIDTH="32" VPOS="902" HPOS="859"/>
<String CONTENT="library" HEIGHT="68" WIDTH="218" VPOS="900" HPOS="892"/>
<SP HEIGHT="49" WIDTH="32" VPOS="919" HPOS="1111"/>
<String CONTENT="reference" HEIGHT="52" WIDTH="286" VPOS="901" HPOS="1144"/>
<SP HEIGHT="34" WIDTH="31" VPOS="919" HPOS="1431"/>
<String CONTENT="work" HEIGHT="50" WIDTH="157" VPOS="902" HPOS="1463"/>
<SP HEIGHT="51" WIDTH="32" VPOS="901" HPOS="1621"/>
<String CONTENT="book," HEIGHT="67" WIDTH="162" VPOS="901" HPOS="1654"/>
<SP HEIGHT="65" WIDTH="36" VPOS="903" HPOS="1817"/>
<String CONTENT="by" HEIGHT="65" WIDTH="70" VPOS="903" HPOS="1854"/>
<SP HEIGHT="65" WIDTH="35" VPOS="903" HPOS="1925"/>
<String CONTENT="Edwina" HEIGHT="51" WIDTH="241" VPOS="903" HPOS="1961"/>
</TextLine>
<TextLine HEIGHT="147" WIDTH="1964" VPOS="976" HPOS="217" STYLEREFS="StyleId-25936BA2-6232-4D8B-B2BC-B202C40F6D1D-" CS="1">
<String CONTENT="Kenney" HEIGHT="68" WIDTH="239" VPOS="976" HPOS="217"/>
<SP HEIGHT="67" WIDTH="36" VPOS="977" HPOS="457"/>
<String CONTENT="Hegland" HEIGHT="68" WIDTH="270" VPOS="977" HPOS="494"/>
<SP HEIGHT="51" WIDTH="38" VPOS="979" HPOS="765"/>
<String CONTENT="and" HEIGHT="51" WIDTH="111" VPOS="981" HPOS="804"/>
<SP HEIGHT="54" WIDTH="38" VPOS="979" HPOS="916"/>
<String CONTENT="Sheridan" HEIGHT="55" WIDTH="281" VPOS="978" HPOS="955"/>
<SP HEIGHT="52" WIDTH="40" VPOS="978" HPOS="1237"/>
<String CONTENT="Hegland." HEIGHT="67" WIDTH="286" VPOS="978" HPOS="1278"/>
<SP HEIGHT="54" WIDTH="78" VPOS="979" HPOS="1565"/>
<String CONTENT="Stanford" HEIGHT="55" WIDTH="280" VPOS="978" HPOS="1644"/>
<SP HEIGHT="53" WIDTH="37" VPOS="980" HPOS="1925"/>
<String CONTENT="University," HEIGHT="134" WIDTH="1964" VPOS="979" HPOS="217"/>
<SP HEIGHT="58" WIDTH="28" VPOS="1055" HPOS="348"/>
<String CONTENT="Calif.," HEIGHT="66" WIDTH="192" VPOS="1055" HPOS="377"/>
<SP HEIGHT="65" WIDTH="30" VPOS="1056" HPOS="570"/>
<String CONTENT="Stanford" HEIGHT="55" WIDTH="281" VPOS="1055" HPOS="601"/>
<SP HEIGHT="51" WIDTH="26" VPOS="1058" HPOS="883"/>
<String CONTENT="university" HEIGHT="67" WIDTH="316" VPOS="1055" HPOS="910"/>
<SP HEIGHT="61" WIDTH="26" VPOS="1062" HPOS="1227"/>
<String CONTENT="press" HEIGHT="49" WIDTH="156" VPOS="1074" HPOS="1254"/>
<SP HEIGHT="46" WIDTH="32" VPOS="1076" HPOS="1411"/>
<String STYLE="subscript" CONTENT="[" HEIGHT="33" WIDTH="12" VPOS="1089" HPOS="1444"/>
<String STYLE="superscript" CONTENT="c" HEIGHT="21" WIDTH="17" VPOS="1062" HPOS="1461"/>
<String CONTENT="1934" HEIGHT="48" WIDTH="135" VPOS="1060" HPOS="1484"/>
<String STYLE="subscript" CONTENT="]" HEIGHT="33" WIDTH="11" VPOS="1089" HPOS="1622"/>
</TextLine>
<TextLine HEIGHT="46" WIDTH="334" VPOS="1126" HPOS="290" CS="1">
<String CONTENT="36" HEIGHT="40" WIDTH="56" VPOS="1127" HPOS="290"/>
<SP HEIGHT="45" WIDTH="29" VPOS="1127" HPOS="347"/>
<String CONTENT="p." HEIGHT="36" WIDTH="43" VPOS="1136" HPOS="377"/>
<SP HEIGHT="41" WIDTH="59" VPOS="1126" HPOS="421"/>
<String CS="1" CONTENT="23&#189;" HEIGHT="41" WIDTH="54" VPOS="1126" HPOS="481"/>
<String STYLE="superscript" CONTENT="cm" HEIGHT="21" WIDTH="44" VPOS="1129" HPOS="568"/>
<String CONTENT="." HEIGHT="6" WIDTH="7" VPOS="1161" HPOS="617"/>
</TextLine>
<TextLine HEIGHT="51" WIDTH="1260" VPOS="1182" HPOS="294">
<String CONTENT="&#8220;Some" HEIGHT="41" WIDTH="167" VPOS="1182" HPOS="294"/>
<SP HEIGHT="28" WIDTH="26" VPOS="1195" HPOS="462"/>
<String CONTENT="common" HEIGHT="29" WIDTH="214" VPOS="1194" HPOS="489"/>
<SP HEIGHT="29" WIDTH="25" VPOS="1195" HPOS="704"/>
<String CONTENT="abbreviations&#8221;:" HEIGHT="40" WIDTH="415" VPOS="1184" HPOS="730"/>
<SP HEIGHT="37" WIDTH="25" VPOS="1195" HPOS="1146"/>
<String CONTENT="p." HEIGHT="37" WIDTH="41" VPOS="1195" HPOS="1172"/>
<SP HEIGHT="29" WIDTH="29" VPOS="1204" HPOS="1214"/>
<String CONTENT="[3]" HEIGHT="48" WIDTH="55" VPOS="1185" HPOS="1244"/>
<SP HEIGHT="38" WIDTH="26" VPOS="1195" HPOS="1300"/>
<String CONTENT="of" HEIGHT="38" WIDTH="51" VPOS="1185" HPOS="1327"/>
<SP HEIGHT="39" WIDTH="22" VPOS="1185" HPOS="1379"/>
<String CONTENT="cover." HEIGHT="30" WIDTH="152" VPOS="1195" HPOS="1402"/>
</TextLine>
<TextLine HEIGHT="49" WIDTH="543" VPOS="1239" HPOS="291">
<String CONTENT="Bibliography" HEIGHT="49" WIDTH="348" VPOS="1239" HPOS="291"/>
<SP HEIGHT="36" WIDTH="17" VPOS="1252" HPOS="640"/>
<String CONTENT=":" HEIGHT="27" WIDTH="8" VPOS="1252" HPOS="658"/>
<SP HEIGHT="36" WIDTH="28" VPOS="1252" HPOS="667"/>
<String CONTENT="p." HEIGHT="36" WIDTH="42" VPOS="1252" HPOS="696"/>
<SP HEIGHT="39" WIDTH="26" VPOS="1242" HPOS="739"/>
<String CONTENT="35." HEIGHT="40" WIDTH="68" VPOS="1241" HPOS="766"/>
</TextLine>
<TextLine HEIGHT="51" WIDTH="1986" VPOS="1294" HPOS="221" CS="1">
<String CONTENT="&#169;" HEIGHT="51" WIDTH="55" VPOS="1294" HPOS="221"/>
<SP HEIGHT="51" WIDTH="26" VPOS="1294" HPOS="277"/>
<String CONTENT="Oct." HEIGHT="39" WIDTH="98" VPOS="1299" HPOS="304"/>
<SP HEIGHT="36" WIDTH="27" VPOS="1300" HPOS="403"/>
<String CONTENT="4," HEIGHT="40" WIDTH="39" VPOS="1300" HPOS="431"/>
<SP HEIGHT="40" WIDTH="29" VPOS="1300" HPOS="471"/>
<String CONTENT="1934" HEIGHT="40" WIDTH="113" VPOS="1298" HPOS="501"/>
<SP HEIGHT="38" WIDTH="17" VPOS="1300" HPOS="615"/>
<String CONTENT=":" HEIGHT="28" WIDTH="7" VPOS="1310" HPOS="633"/>
<SP HEIGHT="40" WIDTH="30" VPOS="1298" HPOS="641"/>
<String CONTENT="2c." HEIGHT="40" WIDTH="65" VPOS="1298" HPOS="672"/>
<SP HEIGHT="39" WIDTH="29" VPOS="1299" HPOS="738"/>
<String CONTENT="Oct." HEIGHT="39" WIDTH="99" VPOS="1299" HPOS="768"/>
<SP HEIGHT="37" WIDTH="30" VPOS="1300" HPOS="868"/>
<String CONTENT="18:" HEIGHT="40" WIDTH="80" VPOS="1299" HPOS="899"/>
<SP/>
<String CS="1" CONTENT="aff."/>
<SP HEIGHT="40" WIDTH="30" VPOS="1300" HPOS="1094"/>
<String CONTENT="Oct." HEIGHT="39" WIDTH="100" VPOS="1300" HPOS="1125"/>
<SP HEIGHT="38" WIDTH="29" VPOS="1300" HPOS="1226"/>
<String CONTENT="16;" HEIGHT="45" WIDTH="80" VPOS="1299" HPOS="1256"/>
<SP HEIGHT="45" WIDTH="31" VPOS="1299" HPOS="1337"/>
<!-- cceid C7573AD6-6C64-1014-8713-889FF4349C01 --><String CONTENT="A" HEIGHT="38" WIDTH="41" VPOS="1299" HPOS="1369"/>
<SP HEIGHT="39" WIDTH="28" VPOS="1299" HPOS="1411"/>
<String CONTENT="75857;" HEIGHT="47" WIDTH="168" VPOS="1298" HPOS="1440"/>
<SP HEIGHT="45" WIDTH="33" VPOS="1300" HPOS="1609"/>
<String CONTENT="Board" HEIGHT="38" WIDTH="162" VPOS="1300" HPOS="1643"/>
<SP HEIGHT="38" WIDTH="28" VPOS="1300" HPOS="1806"/>
<String CONTENT="of" HEIGHT="38" WIDTH="49" VPOS="1300" HPOS="1835"/>
<SP HEIGHT="39" WIDTH="29" VPOS="1300" HPOS="1885"/>
<String CONTENT="trustees" HEIGHT="38" WIDTH="209" VPOS="1302" HPOS="1915"/>
<SP HEIGHT="29" WIDTH="30" VPOS="1310" HPOS="2125"/>
<String CONTENT="of" HEIGHT="38" WIDTH="51" VPOS="1301" HPOS="2156"/>
</TextLine>
<TextLine HEIGHT="59" WIDTH="1833" VPOS="1353" HPOS="289">
<String CONTENT="the" HEIGHT="37" WIDTH="80" VPOS="1357" HPOS="289"/>
<SP HEIGHT="38" WIDTH="29" VPOS="1356" HPOS="370"/>
<String CONTENT="Leland" HEIGHT="38" WIDTH="180" VPOS="1356" HPOS="400"/>
<SP HEIGHT="40" WIDTH="31" VPOS="1354" HPOS="581"/>
<String CONTENT="Stanford" HEIGHT="40" WIDTH="235" VPOS="1354" HPOS="613"/>
<SP HEIGHT="43" WIDTH="26" VPOS="1356" HPOS="849"/>
<String LANG="la" CONTENT="iunior" HEIGHT="43" WIDTH="162" VPOS="1356" HPOS="876"/>
<SP HEIGHT="27" WIDTH="28" VPOS="1367" HPOS="1039"/>
<String CONTENT="university" HEIGHT="59" WIDTH="285" VPOS="1353" HPOS="1068"/>
<SP HEIGHT="59" WIDTH="32" VPOS="1353" HPOS="1354"/>
<String CONTENT="Stanford" HEIGHT="40" WIDTH="232" VPOS="1355" HPOS="1387"/>
<SP HEIGHT="39" WIDTH="31" VPOS="1356" HPOS="1620"/>
<String CONTENT="University," HEIGHT="48" WIDTH="295" VPOS="1355" HPOS="1652"/>
<SP HEIGHT="47" WIDTH="33" VPOS="1356" HPOS="1948"/>
<String CONTENT="Calif." HEIGHT="40" WIDTH="140" VPOS="1356" HPOS="1982"/>
</TextLine>
<TextLine HEIGHT="47" WIDTH="278" VPOS="1411" HPOS="300">
<String CONTENT="(34-35850)" HEIGHT="47" WIDTH="278" VPOS="1411" HPOS="300"/>
</TextLine>
<TextLine HEIGHT="66" WIDTH="766" VPOS="1513" HPOS="217" STYLEREFS="StyleId-3A4FAB55-77A6-4E27-BD4F-BC4F3F79785A-">
<String CONTENT="Heimbinder," HEIGHT="65" WIDTH="401" VPOS="1513" HPOS="217"/>
<SP HEIGHT="62" WIDTH="27" VPOS="1516" HPOS="619"/>
<String CONTENT="Barney" HEIGHT="63" WIDTH="238" VPOS="1516" HPOS="647"/>
<SP HEIGHT="64" WIDTH="25" VPOS="1515" HPOS="886"/>
<String CONTENT="A." HEIGHT="57" WIDTH="71" VPOS="1515" HPOS="912"/>
</TextLine>
<TextLine HEIGHT="145" WIDTH="1983" VPOS="1592" HPOS="220" STYLEREFS="StyleId-25936BA2-6232-4D8B-B2BC-B202C40F6D1D-" CS="1">
<String CS="1" CONTENT="&#8230;"/>
<SP HEIGHT="53" WIDTH="36" VPOS="1593" HPOS="352"/>
<String CONTENT="White" HEIGHT="54" WIDTH="194" VPOS="1592" HPOS="389"/>
<SP HEIGHT="35" WIDTH="32" VPOS="1608" HPOS="584"/>
<String CONTENT="conquest" HEIGHT="63" WIDTH="263" VPOS="1596" HPOS="617"/>
<SP HEIGHT="67" WIDTH="32" VPOS="1592" HPOS="881"/>
<String CONTENT="(an" HEIGHT="67" WIDTH="99" VPOS="1592" HPOS="914"/>
<SP HEIGHT="33" WIDTH="31" VPOS="1611" HPOS="1014"/>
<String CONTENT="epic" HEIGHT="65" WIDTH="121" VPOS="1594" HPOS="1046"/>
<SP HEIGHT="35" WIDTH="31" VPOS="1611" HPOS="1168"/>
<String CONTENT="of" HEIGHT="51" WIDTH="62" VPOS="1593" HPOS="1200"/>
<SP HEIGHT="51" WIDTH="31" VPOS="1593" HPOS="1263"/>
<String CONTENT="Antarctica)" HEIGHT="66" WIDTH="362" VPOS="1593" HPOS="1295"/>
<SP HEIGHT="66" WIDTH="40" VPOS="1593" HPOS="1658"/>
<String CONTENT="by" HEIGHT="66" WIDTH="75" VPOS="1593" HPOS="1699"/>
<SP HEIGHT="65" WIDTH="31" VPOS="1594" HPOS="1775"/>
<String CONTENT="B." HEIGHT="52" WIDTH="67" VPOS="1594" HPOS="1807"/>
<SP HEIGHT="53" WIDTH="31" VPOS="1593" HPOS="1875"/>
<String CONTENT="A." HEIGHT="51" WIDTH="69" VPOS="1593" HPOS="1907"/>
<SP HEIGHT="51" WIDTH="32" VPOS="1593" HPOS="1977"/>
<String CONTENT="Heimbinder;" HEIGHT="143" WIDTH="1963" VPOS="1592" HPOS="220"/>
<SP HEIGHT="66" WIDTH="38" VPOS="1669" HPOS="448"/>
<String CONTENT="frontispiece" HEIGHT="68" WIDTH="369" VPOS="1669" HPOS="487"/>
<SP HEIGHT="52" WIDTH="32" VPOS="1671" HPOS="857"/>
<String CONTENT="by" HEIGHT="66" WIDTH="75" VPOS="1671" HPOS="890"/>
<SP HEIGHT="65" WIDTH="33" VPOS="1672" HPOS="966"/>
<String CONTENT="Hilton" HEIGHT="53" WIDTH="207" VPOS="1670" HPOS="1000"/>
<SP HEIGHT="52" WIDTH="32" VPOS="1671" HPOS="1208"/>
<String CONTENT="Mirkinson," HEIGHT="66" WIDTH="342" VPOS="1670" HPOS="1241"/>
<SP HEIGHT="65" WIDTH="34" VPOS="1671" HPOS="1584"/>
<String CONTENT="decoration" HEIGHT="54" WIDTH="326" VPOS="1669" HPOS="1619"/>
<SP HEIGHT="51" WIDTH="31" VPOS="1671" HPOS="1946"/>
<String CONTENT="by" HEIGHT="66" WIDTH="74" VPOS="1671" HPOS="1978"/>
<SP HEIGHT="65" WIDTH="31" VPOS="1672" HPOS="2053"/>
<String CONTENT="Ben" HEIGHT="51" WIDTH="118" VPOS="1672" HPOS="2085"/>
</TextLine>
<TextLine HEIGHT="70" WIDTH="1482" VPOS="1746" HPOS="219" STYLEREFS="StyleId-25936BA2-6232-4D8B-B2BC-B202C40F6D1D-">
<String CONTENT="Tapper." HEIGHT="69" WIDTH="244" VPOS="1746" HPOS="219"/>
<SP HEIGHT="52" WIDTH="74" VPOS="1747" HPOS="464"/>
<String CONTENT="New" HEIGHT="52" WIDTH="138" VPOS="1747" HPOS="539"/>
<SP HEIGHT="51" WIDTH="29" VPOS="1750" HPOS="678"/>
<String CONTENT="York," HEIGHT="59" WIDTH="178" VPOS="1748" HPOS="708"/>
<SP HEIGHT="58" WIDTH="28" VPOS="1749" HPOS="887"/>
<String CONTENT="N." HEIGHT="52" WIDTH="70" VPOS="1749" HPOS="916"/>
<SP HEIGHT="51" WIDTH="29" VPOS="1750" HPOS="987"/>
<String CONTENT="Y.," HEIGHT="65" WIDTH="90" VPOS="1750" HPOS="1017"/>
<SP HEIGHT="64" WIDTH="28" VPOS="1751" HPOS="1108"/>
<String CONTENT="Priv." HEIGHT="56" WIDTH="156" VPOS="1748" HPOS="1137"/>
<SP HEIGHT="48" WIDTH="29" VPOS="1768" HPOS="1294"/>
<String CONTENT="print.," HEIGHT="68" WIDTH="194" VPOS="1748" HPOS="1324"/>
<SP HEIGHT="50" WIDTH="31" VPOS="1753" HPOS="1519"/>
<String CONTENT="1934." HEIGHT="49" WIDTH="150" VPOS="1752" HPOS="1551"/>
</TextLine>
<TextLine HEIGHT="48" WIDTH="913" VPOS="1820" HPOS="290" CS="1">
<String CONTENT="2" HEIGHT="38" WIDTH="25" VPOS="1820" HPOS="290"/>
<SP HEIGHT="48" WIDTH="24" VPOS="1820" HPOS="316"/>
<String LANG="la" CONTENT="p." HEIGHT="36" WIDTH="42" VPOS="1832" HPOS="341"/>
<SP/>
<String LANG="la" CS="1" CONTENT="l."/>
<String CONTENT="," HEIGHT="11" WIDTH="7" VPOS="1852" HPOS="448"/>
<SP HEIGHT="43" WIDTH="27" VPOS="1820" HPOS="456"/>
<String CONTENT="9-103" HEIGHT="40" WIDTH="142" VPOS="1820" HPOS="484"/>
<SP HEIGHT="48" WIDTH="26" VPOS="1820" HPOS="627"/>
<String CONTENT="p.," HEIGHT="36" WIDTH="57" VPOS="1832" HPOS="654"/>
<SP HEIGHT="46" WIDTH="26" VPOS="1822" HPOS="712"/>
<String CONTENT="2" HEIGHT="36" WIDTH="25" VPOS="1822" HPOS="739"/>
<SP/>
<String CS="1" CONTENT="l."/>
<SP HEIGHT="39" WIDTH="58" VPOS="1822" HPOS="822"/>
<String CONTENT="front." HEIGHT="40" WIDTH="148" VPOS="1822" HPOS="881"/>
<SP HEIGHT="40" WIDTH="60" VPOS="1821" HPOS="1030"/>
<String CONTENT="22" HEIGHT="39" WIDTH="54" VPOS="1821" HPOS="1091"/>
<String STYLE="superscript" CONTENT="cm" HEIGHT="20" WIDTH="41" VPOS="1824" HPOS="1150"/>
<String CONTENT="." HEIGHT="8" WIDTH="7" VPOS="1854" HPOS="1196"/>
</TextLine>
<TextLine HEIGHT="47" WIDTH="405" VPOS="1878" HPOS="290">
<String CONTENT="Illustrated" HEIGHT="40" WIDTH="286" VPOS="1878" HPOS="290"/>
<SP HEIGHT="39" WIDTH="21" VPOS="1878" HPOS="577"/>
<String CONTENT="t.-p." HEIGHT="45" WIDTH="96" VPOS="1880" HPOS="599"/>
</TextLine>
<TextLine HEIGHT="49" WIDTH="1916" VPOS="1933" HPOS="292">
<String CONTENT="&#8220;Here" HEIGHT="41" WIDTH="156" VPOS="1934" HPOS="292"/>
<SP HEIGHT="41" WIDTH="31" VPOS="1934" HPOS="449"/>
<String CONTENT="first" HEIGHT="40" WIDTH="108" VPOS="1934" HPOS="481"/>
<SP HEIGHT="46" WIDTH="30" VPOS="1936" HPOS="590"/>
<String CONTENT="printed" HEIGHT="48" WIDTH="194" VPOS="1934" HPOS="621"/>
<SP HEIGHT="39" WIDTH="33" VPOS="1934" HPOS="816"/>
<String CONTENT="in" HEIGHT="38" WIDTH="47" VPOS="1934" HPOS="850"/>
<SP HEIGHT="29" WIDTH="34" VPOS="1944" HPOS="898"/>
<String CONTENT="an" HEIGHT="29" WIDTH="63" VPOS="1944" HPOS="933"/>
<SP HEIGHT="29" WIDTH="32" VPOS="1945" HPOS="997"/>
<String CONTENT="edition" HEIGHT="41" WIDTH="180" VPOS="1933" HPOS="1030"/>
<SP HEIGHT="37" WIDTH="35" VPOS="1935" HPOS="1211"/>
<String CONTENT="limited" HEIGHT="41" WIDTH="185" VPOS="1934" HPOS="1247"/>
<SP HEIGHT="38" WIDTH="34" VPOS="1936" HPOS="1433"/>
<String CONTENT="to" HEIGHT="37" WIDTH="48" VPOS="1937" HPOS="1468"/>
<SP HEIGHT="39" WIDTH="33" VPOS="1934" HPOS="1517"/>
<String CONTENT="270" HEIGHT="40" WIDTH="84" VPOS="1934" HPOS="1551"/>
<SP HEIGHT="39" WIDTH="34" VPOS="1935" HPOS="1636"/>
<String CONTENT="numbered" HEIGHT="38" WIDTH="259" VPOS="1936" HPOS="1671"/>
<SP HEIGHT="38" WIDTH="35" VPOS="1936" HPOS="1931"/>
<String CONTENT="copies" HEIGHT="47" WIDTH="156" VPOS="1935" HPOS="1967"/>
<SP HEIGHT="29" WIDTH="34" VPOS="1945" HPOS="2124"/>
<String CONTENT="of" HEIGHT="39" WIDTH="49" VPOS="1935" HPOS="2159"/>
</TextLine>
<TextLine HEIGHT="49" WIDTH="1446" VPOS="1989" HPOS="223">
<String CONTENT="which" HEIGHT="39" WIDTH="154" VPOS="1991" HPOS="223"/>
<SP HEIGHT="40" WIDTH="25" VPOS="1990" HPOS="378"/>
<String CONTENT="210" HEIGHT="40" WIDTH="85" VPOS="1990" HPOS="404"/>
<SP HEIGHT="40" WIDTH="25" VPOS="1990" HPOS="490"/>
<String CONTENT="are" HEIGHT="31" WIDTH="83" VPOS="2000" HPOS="516"/>
<SP HEIGHT="42" WIDTH="24" VPOS="1989" HPOS="600"/>
<String CONTENT="for" HEIGHT="40" WIDTH="78" VPOS="1989" HPOS="625"/>
<SP HEIGHT="28" WIDTH="24" VPOS="2001" HPOS="704"/>
<String CONTENT="sale.&#8221;" HEIGHT="40" WIDTH="144" VPOS="1989" HPOS="729"/>
<SP HEIGHT="39" WIDTH="54" VPOS="1989" HPOS="874"/>
<String CONTENT="This" HEIGHT="40" WIDTH="117" VPOS="1990" HPOS="929"/>
<SP HEIGHT="30" WIDTH="26" VPOS="2000" HPOS="1047"/>
<String CONTENT="copy" HEIGHT="38" WIDTH="116" VPOS="2000" HPOS="1074"/>
<SP HEIGHT="47" WIDTH="24" VPOS="1991" HPOS="1191"/>
<String CONTENT="is" HEIGHT="39" WIDTH="42" VPOS="1991" HPOS="1216"/>
<SP HEIGHT="29" WIDTH="23" VPOS="2001" HPOS="1259"/>
<String CONTENT="not" HEIGHT="38" WIDTH="85" VPOS="1993" HPOS="1283"/>
<SP HEIGHT="38" WIDTH="24" VPOS="1993" HPOS="1369"/>
<String CONTENT="numbered." HEIGHT="39" WIDTH="275" VPOS="1993" HPOS="1394"/>
</TextLine>
<TextLine HEIGHT="40" WIDTH="155" VPOS="2048" HPOS="292">
<String CONTENT="Poem." HEIGHT="40" WIDTH="155" VPOS="2048" HPOS="292"/>
</TextLine>
<TextLine HEIGHT="51" WIDTH="1983" VPOS="2101" HPOS="224" CS="1">
<String CONTENT="&#169;" HEIGHT="51" WIDTH="50" VPOS="2101" HPOS="224"/>
<SP HEIGHT="51" WIDTH="35" VPOS="2101" HPOS="275"/>
<String CONTENT="Oct." HEIGHT="39" WIDTH="98" VPOS="2105" HPOS="311"/>
<SP/>
<String CS="1" CONTENT="l."/>
<SP HEIGHT="38" WIDTH="32" VPOS="2105" HPOS="484"/>
<String CONTENT="1934:" HEIGHT="39" WIDTH="139" VPOS="2103" HPOS="517"/>
<SP HEIGHT="40" WIDTH="37" VPOS="2102" HPOS="657"/>
<String CONTENT="2c." HEIGHT="40" WIDTH="64" VPOS="2102" HPOS="695"/>
<SP HEIGHT="39" WIDTH="36" VPOS="2103" HPOS="760"/>
<String CONTENT="Sept." HEIGHT="46" WIDTH="125" VPOS="2103" HPOS="797"/>
<SP HEIGHT="40" WIDTH="34" VPOS="2101" HPOS="923"/>
<String CONTENT="23" HEIGHT="39" WIDTH="47" VPOS="2101" HPOS="958"/>
<SP HEIGHT="37" WIDTH="24" VPOS="2104" HPOS="1006"/>
<String CONTENT=":" HEIGHT="28" WIDTH="7" VPOS="2113" HPOS="1031"/>
<SP HEIGHT="28" WIDTH="37" VPOS="2113" HPOS="1039"/>
<String CONTENT="aff." HEIGHT="39" WIDTH="80" VPOS="2102" HPOS="1077"/>
<SP HEIGHT="39" WIDTH="36" VPOS="2103" HPOS="1158"/>
<String CONTENT="Oct." HEIGHT="39" WIDTH="100" VPOS="2103" HPOS="1195"/>
<SP HEIGHT="38" WIDTH="34" VPOS="2104" HPOS="1296"/>
<String CONTENT="3:" HEIGHT="38" WIDTH="51" VPOS="2104" HPOS="1331"/>
<SP HEIGHT="37" WIDTH="37" VPOS="2105" HPOS="1383"/>
<!-- cceid C757731D-6C64-1014-8713-889FF4349C01 --><String CONTENT="A" HEIGHT="36" WIDTH="40" VPOS="2105" HPOS="1421"/>
<SP HEIGHT="37" WIDTH="33" VPOS="2105" HPOS="1462"/>
<String CONTENT="76329:" HEIGHT="41" WIDTH="168" VPOS="2102" HPOS="1496"/>
<SP HEIGHT="37" WIDTH="33" VPOS="2105" HPOS="1665"/>
<String CONTENT="B." HEIGHT="39" WIDTH="55" VPOS="2105" HPOS="1699"/>
<SP HEIGHT="39" WIDTH="35" VPOS="2105" HPOS="1755"/>
<String CONTENT="A." HEIGHT="38" WIDTH="52" VPOS="2105" HPOS="1791"/>
<SP HEIGHT="38" WIDTH="34" VPOS="2105" HPOS="1844"/>
<String CONTENT="Heimbinder." HEIGHT="40" WIDTH="328" VPOS="2103" HPOS="1879"/>
</TextLine>
<TextLine HEIGHT="46" WIDTH="593" VPOS="2160" HPOS="335" CS="1">
<String CS="1" CONTENT="New" HEIGHT="27" WIDTH="70" VPOS="2173" HPOS="335"/>
<SP HEIGHT="37" WIDTH="28" VPOS="2162" HPOS="406"/>
<String CONTENT="York." HEIGHT="37" WIDTH="143" VPOS="2162" HPOS="435"/>
<SP HEIGHT="46" WIDTH="70" VPOS="2160" HPOS="579"/>
<String CONTENT="(34-35856)" HEIGHT="46" WIDTH="278" VPOS="2160" HPOS="650"/>
</TextLine>
<TextLine HEIGHT="66" WIDTH="1987" VPOS="2262" HPOS="222" STYLEREFS="StyleId-3A4FAB55-77A6-4E27-BD4F-BC4F3F79785A-">
<String CONTENT="Henry" HEIGHT="61" WIDTH="205" VPOS="2266" HPOS="222"/>
<SP HEIGHT="61" WIDTH="38" VPOS="2266" HPOS="428"/>
<String CONTENT="E." HEIGHT="52" WIDTH="64" VPOS="2266" HPOS="467"/>
<SP HEIGHT="53" WIDTH="36" VPOS="2265" HPOS="532"/>
<String CONTENT="Huntington" HEIGHT="64" WIDTH="376" VPOS="2262" HPOS="569"/>
<SP HEIGHT="51" WIDTH="37" VPOS="2263" HPOS="946"/>
<String CONTENT="library" HEIGHT="64" WIDTH="222" VPOS="2262" HPOS="984"/>
<SP HEIGHT="46" WIDTH="35" VPOS="2280" HPOS="1207"/>
<String CONTENT="and" HEIGHT="52" WIDTH="114" VPOS="2264" HPOS="1243"/>
<SP HEIGHT="52" WIDTH="36" VPOS="2264" HPOS="1358"/>
<String CONTENT="art" HEIGHT="49" WIDTH="95" VPOS="2267" HPOS="1395"/>
<SP HEIGHT="60" WIDTH="36" VPOS="2267" HPOS="1491"/>
<String CONTENT="gallery," HEIGHT="64" WIDTH="242" VPOS="2264" HPOS="1528"/>
<SP HEIGHT="63" WIDTH="36" VPOS="2265" HPOS="1771"/>
<String CONTENT="San" HEIGHT="51" WIDTH="119" VPOS="2265" HPOS="1808"/>
<SP HEIGHT="51" WIDTH="35" VPOS="2266" HPOS="1928"/>
<String CONTENT="Marino," HEIGHT="65" WIDTH="245" VPOS="2263" HPOS="1964"/>
</TextLine>
<TextLine HEIGHT="66" WIDTH="173" VPOS="2342" HPOS="293" STYLEREFS="StyleId-3A4FAB55-77A6-4E27-BD4F-BC4F3F79785A-">
<String CONTENT="Calif." HEIGHT="66" WIDTH="173" VPOS="2342" HPOS="293"/>
</TextLine>
<TextLine HEIGHT="69" WIDTH="1914" VPOS="2417" HPOS="292" STYLEREFS="StyleId-25936BA2-6232-4D8B-B2BC-B202C40F6D1D-" CS="1">
<String CONTENT="The" HEIGHT="52" WIDTH="118" VPOS="2420" HPOS="292"/>
<SP HEIGHT="51" WIDTH="37" VPOS="2421" HPOS="411"/>
<String CONTENT="English" HEIGHT="66" WIDTH="244" VPOS="2420" HPOS="449"/>
<SP HEIGHT="51" WIDTH="34" VPOS="2420" HPOS="694"/>
<String CONTENT="novel:" HEIGHT="52" WIDTH="190" VPOS="2419" HPOS="729"/>
<SP HEIGHT="34" WIDTH="41" VPOS="2437" HPOS="920"/>
<String CONTENT="an" HEIGHT="34" WIDTH="73" VPOS="2436" HPOS="962"/>
<SP HEIGHT="33" WIDTH="32" VPOS="2436" HPOS="1036"/>
<String CONTENT="exhibition" HEIGHT="53" WIDTH="312" VPOS="2417" HPOS="1069"/>
<SP HEIGHT="33" WIDTH="37" VPOS="2437" HPOS="1382"/>
<String CONTENT="of" HEIGHT="50" WIDTH="63" VPOS="2420" HPOS="1420"/>
<SP HEIGHT="51" WIDTH="32" VPOS="2420" HPOS="1484"/>
<String CONTENT="manuscripts" HEIGHT="66" WIDTH="380" VPOS="2420" HPOS="1517"/>
<SP HEIGHT="34" WIDTH="37" VPOS="2438" HPOS="1898"/>
<String CONTENT="and" HEIGHT="51" WIDTH="111" VPOS="2420" HPOS="1936"/>
<SP HEIGHT="52" WIDTH="37" VPOS="2419" HPOS="2048"/>
<String CONTENT="first" HEIGHT="52" WIDTH="120" VPOS="2419" HPOS="2086"/>
</TextLine>
<TextLine HEIGHT="68" WIDTH="1985" VPOS="2496" HPOS="220" STYLEREFS="StyleId-25936BA2-6232-4D8B-B2BC-B202C40F6D1D-" CS="1">
<String CONTENT="editions," HEIGHT="67" WIDTH="260" VPOS="2497" HPOS="220"/>
<SP HEIGHT="66" WIDTH="29" VPOS="2498" HPOS="481"/>
<String CONTENT="Chaucer" HEIGHT="54" WIDTH="254" VPOS="2498" HPOS="511"/>
<SP HEIGHT="45" WIDTH="24" VPOS="2502" HPOS="766"/>
<String CONTENT="to" HEIGHT="45" WIDTH="58" VPOS="2502" HPOS="791"/>
<SP HEIGHT="54" WIDTH="29" VPOS="2496" HPOS="850"/>
<String CONTENT="Conrad" HEIGHT="54" WIDTH="226" VPOS="2496" HPOS="880"/>
<SP HEIGHT="51" WIDTH="34" VPOS="2497" HPOS="1107"/>
<String CS="1" CONTENT="&#8230;"/>
<SP HEIGHT="55" WIDTH="72" VPOS="2496" HPOS="1196"/>
<String CONTENT="San" HEIGHT="55" WIDTH="114" VPOS="2496" HPOS="1269"/>
<SP HEIGHT="50" WIDTH="25" VPOS="2498" HPOS="1384"/>
<String CONTENT="Marino," HEIGHT="67" WIDTH="246" VPOS="2496" HPOS="1410"/>
<SP HEIGHT="65" WIDTH="29" VPOS="2498" HPOS="1657"/>
<String CONTENT="Calif.," HEIGHT="67" WIDTH="192" VPOS="2496" HPOS="1687"/>
<SP HEIGHT="65" WIDTH="28" VPOS="2498" HPOS="1880"/>
<String CONTENT="Henry" HEIGHT="64" WIDTH="202" VPOS="2498" HPOS="1909"/>
<SP HEIGHT="64" WIDTH="27" VPOS="2498" HPOS="2112"/>
<String CONTENT="E." HEIGHT="50" WIDTH="65" VPOS="2498" HPOS="2140"/>
</TextLine>
<TextLine HEIGHT="69" WIDTH="1314" VPOS="2573" HPOS="221" STYLEREFS="StyleId-25936BA2-6232-4D8B-B2BC-B202C40F6D1D-">
<String CONTENT="Huntington" HEIGHT="69" WIDTH="370" VPOS="2573" HPOS="221"/>
<SP HEIGHT="54" WIDTH="26" VPOS="2574" HPOS="592"/>
<String CONTENT="library" HEIGHT="66" WIDTH="216" VPOS="2574" HPOS="619"/>
<SP HEIGHT="48" WIDTH="27" VPOS="2592" HPOS="836"/>
<String CONTENT="and" HEIGHT="51" WIDTH="112" VPOS="2575" HPOS="864"/>
<SP HEIGHT="51" WIDTH="28" VPOS="2575" HPOS="977"/>
<String CONTENT="art" HEIGHT="46" WIDTH="88" VPOS="2579" HPOS="1006"/>
<SP HEIGHT="61" WIDTH="26" VPOS="2579" HPOS="1095"/>
<String CONTENT="gallery," HEIGHT="68" WIDTH="234" VPOS="2573" HPOS="1122"/>
<SP HEIGHT="61" WIDTH="29" VPOS="2580" HPOS="1357"/>
<String CONTENT="1934." HEIGHT="49" WIDTH="148" VPOS="2578" HPOS="1387"/>
</TextLine>
<TextLine HEIGHT="50" WIDTH="965" VPOS="2645" HPOS="295" CS="1">
<String CONTENT="26" HEIGHT="40" WIDTH="56" VPOS="2648" HPOS="295"/>
<SP HEIGHT="46" WIDTH="28" VPOS="2649" HPOS="352"/>
<String CONTENT="p." HEIGHT="35" WIDTH="41" VPOS="2660" HPOS="381"/>
<SP HEIGHT="37" WIDTH="60" VPOS="2647" HPOS="423"/>
<String CONTENT="illus." HEIGHT="39" WIDTH="127" VPOS="2647" HPOS="484"/>
<SP HEIGHT="47" WIDTH="29" VPOS="2646" HPOS="612"/>
<String CONTENT="(incl." HEIGHT="47" WIDTH="131" VPOS="2646" HPOS="642"/>
<SP HEIGHT="39" WIDTH="32" VPOS="2646" HPOS="774"/>
<String CONTENT="facsims.)" HEIGHT="46" WIDTH="240" VPOS="2645" HPOS="807"/>
<SP HEIGHT="46" WIDTH="67" VPOS="2645" HPOS="1048"/>
<String CS="1" CONTENT="21&#189;" HEIGHT="38" WIDTH="25" VPOS="2645" HPOS="1116"/>
<String STYLE="superscript" CONTENT="cm" HEIGHT="20" WIDTH="43" VPOS="2648" HPOS="1203"/>
<String CONTENT="." HEIGHT="8" WIDTH="9" VPOS="2680" HPOS="1251"/>
</TextLine>
<TextLine HEIGHT="47" WIDTH="1912" VPOS="2703" HPOS="299">
<String CONTENT="&#8220;A" HEIGHT="36" WIDTH="66" VPOS="2707" HPOS="299"/>
<SP HEIGHT="38" WIDTH="29" VPOS="2705" HPOS="366"/>
<String CONTENT="few" HEIGHT="38" WIDTH="96" VPOS="2705" HPOS="396"/>
<SP HEIGHT="28" WIDTH="30" VPOS="2715" HPOS="493"/>
<String CONTENT="score" HEIGHT="29" WIDTH="132" VPOS="2714" HPOS="524"/>
<SP HEIGHT="28" WIDTH="30" VPOS="2714" HPOS="657"/>
<String CONTENT="of" HEIGHT="39" WIDTH="48" VPOS="2703" HPOS="688"/>
<SP HEIGHT="39" WIDTH="31" VPOS="2703" HPOS="737"/>
<String CONTENT="items" HEIGHT="38" WIDTH="141" VPOS="2704" HPOS="769"/>
<SP HEIGHT="37" WIDTH="32" VPOS="2705" HPOS="911"/>
<String CONTENT="to" HEIGHT="37" WIDTH="48" VPOS="2705" HPOS="944"/>
<SP HEIGHT="28" WIDTH="31" VPOS="2713" HPOS="993"/>
<String CONTENT="represent" HEIGHT="43" WIDTH="247" VPOS="2706" HPOS="1025"/>
<SP HEIGHT="37" WIDTH="28" VPOS="2705" HPOS="1273"/>
<String CONTENT="the" HEIGHT="37" WIDTH="82" VPOS="2705" HPOS="1302"/>
<SP HEIGHT="38" WIDTH="27" VPOS="2704" HPOS="1385"/>
<String CONTENT="background" HEIGHT="46" WIDTH="310" VPOS="2704" HPOS="1413"/>
<SP HEIGHT="38" WIDTH="30" VPOS="2704" HPOS="1724"/>
<String CONTENT="and" HEIGHT="38" WIDTH="95" VPOS="2704" HPOS="1755"/>
<SP HEIGHT="39" WIDTH="29" VPOS="2703" HPOS="1851"/>
<String CONTENT="development" HEIGHT="46" WIDTH="330" VPOS="2703" HPOS="1881"/>
</TextLine>
<TextLine HEIGHT="49" WIDTH="792" VPOS="2759" HPOS="226">
<String CONTENT="of" HEIGHT="38" WIDTH="51" VPOS="2762" HPOS="226"/>
<SP HEIGHT="38" WIDTH="28" VPOS="2762" HPOS="278"/>
<String CONTENT="the" HEIGHT="38" WIDTH="80" VPOS="2762" HPOS="307"/>
<SP HEIGHT="39" WIDTH="26" VPOS="2761" HPOS="388"/>
<String CONTENT="English" HEIGHT="47" WIDTH="200" VPOS="2760" HPOS="415"/>
<SP HEIGHT="38" WIDTH="27" VPOS="2761" HPOS="616"/>
<String CONTENT="novel.&#8221;&#8212;p." HEIGHT="46" WIDTH="287" VPOS="2759" HPOS="644"/>
<SP HEIGHT="30" WIDTH="32" VPOS="2778" HPOS="932"/>
<String CONTENT="[2]" HEIGHT="49" WIDTH="53" VPOS="2759" HPOS="965"/>
</TextLine>
<TextLine HEIGHT="48" WIDTH="1717" VPOS="2815" HPOS="300">
<String CONTENT="&#8220;The" HEIGHT="39" WIDTH="127" VPOS="2818" HPOS="300"/>
<SP HEIGHT="33" WIDTH="28" VPOS="2829" HPOS="428"/>
<String CONTENT="growth" HEIGHT="43" WIDTH="187" VPOS="2819" HPOS="457"/>
<SP HEIGHT="36" WIDTH="30" VPOS="2819" HPOS="645"/>
<String CONTENT="of" HEIGHT="38" WIDTH="49" VPOS="2817" HPOS="676"/>
<SP HEIGHT="39" WIDTH="29" VPOS="2817" HPOS="726"/>
<String CONTENT="the" HEIGHT="39" WIDTH="78" VPOS="2817" HPOS="756"/>
<SP HEIGHT="39" WIDTH="32" VPOS="2817" HPOS="835"/>
<String CONTENT="English" HEIGHT="46" WIDTH="201" VPOS="2817" HPOS="868"/>
<SP HEIGHT="37" WIDTH="30" VPOS="2817" HPOS="1070"/>
<String CONTENT="novel&#8221;," HEIGHT="45" WIDTH="180" VPOS="2816" HPOS="1101"/>
<SP HEIGHT="44" WIDTH="29" VPOS="2817" HPOS="1282"/>
<String CONTENT="by" HEIGHT="46" WIDTH="61" VPOS="2817" HPOS="1312"/>
<SP HEIGHT="46" WIDTH="28" VPOS="2817" HPOS="1374"/>
<String CONTENT="H." HEIGHT="39" WIDTH="60" VPOS="2817" HPOS="1403"/>
<SP HEIGHT="39" WIDTH="29" VPOS="2817" HPOS="1464"/>
<String CONTENT="H." HEIGHT="39" WIDTH="60" VPOS="2817" HPOS="1494"/>
<SP HEIGHT="40" WIDTH="29" VPOS="2816" HPOS="1555"/>
<String CONTENT="Hudson" HEIGHT="40" WIDTH="203" VPOS="2816" HPOS="1585"/>
<SP HEIGHT="28" WIDTH="18" VPOS="2826" HPOS="1789"/>
<String CONTENT=":" HEIGHT="28" WIDTH="8" VPOS="2826" HPOS="1808"/>
<SP HEIGHT="37" WIDTH="29" VPOS="2826" HPOS="1817"/>
<String CONTENT="p." HEIGHT="37" WIDTH="42" VPOS="2826" HPOS="1847"/>
<SP HEIGHT="40" WIDTH="28" VPOS="2815" HPOS="1890"/>
<String CONTENT="3-5." HEIGHT="40" WIDTH="98" VPOS="2815" HPOS="1919"/>
</TextLine>
<TextLine HEIGHT="52" WIDTH="1984" VPOS="2871" HPOS="226" CS="1">
<String CONTENT="&#169;" HEIGHT="51" WIDTH="51" VPOS="2872" HPOS="226"/>
<SP HEIGHT="51" WIDTH="37" VPOS="2872" HPOS="278"/>
<String CONTENT="Oct." HEIGHT="39" WIDTH="98" VPOS="2877" HPOS="316"/>
<SP/>
<String CS="1" CONTENT="l."/>
<SP HEIGHT="39" WIDTH="35" VPOS="2877" HPOS="493"/>
<String CONTENT="1934;" HEIGHT="46" WIDTH="139" VPOS="2874" HPOS="529"/>
<SP HEIGHT="47" WIDTH="36" VPOS="2873" HPOS="669"/>
<String CONTENT="2c." HEIGHT="40" WIDTH="66" VPOS="2873" HPOS="706"/>
<SP HEIGHT="29" WIDTH="34" VPOS="2884" HPOS="773"/>
<String CONTENT="and" HEIGHT="38" WIDTH="95" VPOS="2875" HPOS="808"/>
<SP HEIGHT="38" WIDTH="36" VPOS="2875" HPOS="904"/>
<String CONTENT="aff." HEIGHT="40" WIDTH="79" VPOS="2873" HPOS="941"/>
<SP HEIGHT="39" WIDTH="39" VPOS="2874" HPOS="1021"/>
<String CONTENT="Oct." HEIGHT="39" WIDTH="100" VPOS="2874" HPOS="1061"/>
<SP HEIGHT="36" WIDTH="36" VPOS="2876" HPOS="1162"/>
<String CONTENT="17;" HEIGHT="45" WIDTH="81" VPOS="2875" HPOS="1199"/>
<SP HEIGHT="45" WIDTH="40" VPOS="2875" HPOS="1281"/>
<!-- cceid C757B24A-6C64-1014-8713-889FF4349C01 --><String CONTENT="A" HEIGHT="37" WIDTH="40" VPOS="2875" HPOS="1322"/>
<SP HEIGHT="38" WIDTH="36" VPOS="2875" HPOS="1363"/>
<String CONTENT="76592;" HEIGHT="48" WIDTH="168" VPOS="2872" HPOS="1400"/>
<SP HEIGHT="46" WIDTH="39" VPOS="2874" HPOS="1569"/>
<String CONTENT="Henry" HEIGHT="47" WIDTH="167" VPOS="2874" HPOS="1609"/>
<SP HEIGHT="47" WIDTH="34" VPOS="2874" HPOS="1777"/>
<String CONTENT="E." HEIGHT="39" WIDTH="51" VPOS="2874" HPOS="1812"/>
<SP HEIGHT="40" WIDTH="38" VPOS="2873" HPOS="1864"/>
<String CONTENT="Huntington" HEIGHT="48" WIDTH="307" VPOS="2871" HPOS="1903"/>
</TextLine>
<TextLine HEIGHT="49" WIDTH="986" VPOS="2930" HPOS="292">
<String CONTENT="library" HEIGHT="46" WIDTH="183" VPOS="2933" HPOS="292"/>
<SP HEIGHT="36" WIDTH="27" VPOS="2943" HPOS="476"/>
<String CONTENT="and" HEIGHT="39" WIDTH="95" VPOS="2932" HPOS="504"/>
<SP HEIGHT="38" WIDTH="27" VPOS="2932" HPOS="600"/>
<String CONTENT="art" HEIGHT="36" WIDTH="78" VPOS="2934" HPOS="628"/>
<SP HEIGHT="41" WIDTH="27" VPOS="2934" HPOS="707"/>
<String CONTENT="gallery." HEIGHT="44" WIDTH="196" VPOS="2932" HPOS="735"/>
<SP HEIGHT="47" WIDTH="69" VPOS="2931" HPOS="932"/>
<String CONTENT="(34-35848)" HEIGHT="48" WIDTH="276" VPOS="2930" HPOS="1002"/>
</TextLine>
<TextLine HEIGHT="66" WIDTH="835" VPOS="3033" HPOS="223" STYLEREFS="StyleId-3A4FAB55-77A6-4E27-BD4F-BC4F3F79785A-">
<String CONTENT="Hill," HEIGHT="64" WIDTH="135" VPOS="3034" HPOS="223"/>
<SP HEIGHT="63" WIDTH="28" VPOS="3035" HPOS="359"/>
<String CONTENT="John" HEIGHT="54" WIDTH="153" VPOS="3034" HPOS="388"/>
<SP HEIGHT="52" WIDTH="28" VPOS="3035" HPOS="542"/>
<String CONTENT="Leonard," HEIGHT="65" WIDTH="286" VPOS="3034" HPOS="571"/>
<SP HEIGHT="62" WIDTH="30" VPOS="3037" HPOS="858"/>
<String CONTENT="1878-" HEIGHT="53" WIDTH="169" VPOS="3033" HPOS="889"/>
</TextLine>
<TextLine HEIGHT="68" WIDTH="1915" VPOS="3109" HPOS="295" STYLEREFS="StyleId-25936BA2-6232-4D8B-B2BC-B202C40F6D1D-" CS="1">
<String CONTENT="From" HEIGHT="52" WIDTH="173" VPOS="3111" HPOS="295"/>
<SP HEIGHT="53" WIDTH="42" VPOS="3112" HPOS="469"/>
<String CONTENT="Joshua" HEIGHT="54" WIDTH="216" VPOS="3111" HPOS="512"/>
<SP HEIGHT="47" WIDTH="45" VPOS="3116" HPOS="729"/>
<String CONTENT="to" HEIGHT="46" WIDTH="58" VPOS="3116" HPOS="775"/>
<SP HEIGHT="51" WIDTH="43" VPOS="3111" HPOS="834"/>
<String CONTENT="David" HEIGHT="52" WIDTH="192" VPOS="3110" HPOS="878"/>
<SP HEIGHT="66" WIDTH="48" VPOS="3110" HPOS="1071"/>
<String STYLE="subscript" CONTENT="c" HEIGHT="33" WIDTH="12" VPOS="3143" HPOS="1120"/>
<String CONTENT="by]" HEIGHT="66" WIDTH="91" VPOS="3111" HPOS="1136"/>
<SP HEIGHT="62" WIDTH="48" VPOS="3114" HPOS="1228"/>
<String CONTENT="John" HEIGHT="54" WIDTH="156" VPOS="3113" HPOS="1277"/>
<SP HEIGHT="50" WIDTH="41" VPOS="3113" HPOS="1434"/>
<String CONTENT="L." HEIGHT="51" WIDTH="65" VPOS="3113" HPOS="1476"/>
<SP HEIGHT="51" WIDTH="41" VPOS="3113" HPOS="1542"/>
<String CONTENT="Hill" HEIGHT="53" WIDTH="131" VPOS="3111" HPOS="1584"/>
<SP HEIGHT="50" WIDTH="47" VPOS="3113" HPOS="1716"/>
<String CS="1" CONTENT="&#8230;"/>
<SP HEIGHT="52" WIDTH="77" VPOS="3111" HPOS="1819"/>
<String CONTENT="Nashville," HEIGHT="65" WIDTH="313" VPOS="3109" HPOS="1897"/>
</TextLine>
<TextLine HEIGHT="145" WIDTH="1962" VPOS="3188" HPOS="224" STYLEREFS="StyleId-25936BA2-6232-4D8B-B2BC-B202C40F6D1D-" CS="1">
<String CONTENT="Tenn.," HEIGHT="66" WIDTH="193" VPOS="3189" HPOS="224"/>
<SP HEIGHT="64" WIDTH="28" VPOS="3191" HPOS="418"/>
<String CONTENT="The" HEIGHT="52" WIDTH="118" VPOS="3189" HPOS="447"/>
<SP HEIGHT="54" WIDTH="33" VPOS="3188" HPOS="566"/>
<String CONTENT="Sunday" HEIGHT="66" WIDTH="234" VPOS="3188" HPOS="600"/>
<SP HEIGHT="47" WIDTH="29" VPOS="3207" HPOS="835"/>
<String CONTENT="school" HEIGHT="53" WIDTH="187" VPOS="3188" HPOS="865"/>
<SP HEIGHT="52" WIDTH="28" VPOS="3189" HPOS="1053"/>
<String CONTENT="board" HEIGHT="52" WIDTH="176" VPOS="3189" HPOS="1082"/>
<SP HEIGHT="52" WIDTH="29" VPOS="3189" HPOS="1259"/>
<String CONTENT="of" HEIGHT="53" WIDTH="64" VPOS="3188" HPOS="1289"/>
<SP HEIGHT="53" WIDTH="25" VPOS="3188" HPOS="1354"/>
<String CONTENT="the" HEIGHT="52" WIDTH="95" VPOS="3190" HPOS="1380"/>
<SP HEIGHT="54" WIDTH="30" VPOS="3191" HPOS="1476"/>
<String CONTENT="Southern" HEIGHT="55" WIDTH="284" VPOS="3190" HPOS="1507"/>
<SP HEIGHT="50" WIDTH="28" VPOS="3192" HPOS="1792"/>
<String CONTENT="Baptist" HEIGHT="67" WIDTH="235" VPOS="3188" HPOS="1821"/>
<SP HEIGHT="47" WIDTH="25" VPOS="3193" HPOS="2057"/>
<String CONTENT="convention" HEIGHT="115" WIDTH="1961" VPOS="3205" HPOS="225"/>
<SP HEIGHT="47" WIDTH="33" VPOS="3286" HPOS="456"/>
<String CS="1" CONTENT="["/>
<String STYLE="superscript" CONTENT="c" HEIGHT="21" WIDTH="17" VPOS="3272" HPOS="508"/>
<String CS="1" CONTENT="1934]" HEIGHT="49" WIDTH="134" VPOS="3269" HPOS="531"/>
</TextLine>
<TextLine HEIGHT="50" WIDTH="1381" VPOS="3338" HPOS="293" CS="1">
<String CONTENT="87" HEIGHT="39" WIDTH="55" VPOS="3340" HPOS="293"/>
<SP HEIGHT="47" WIDTH="25" VPOS="3341" HPOS="349"/>
<String CONTENT="p." HEIGHT="36" WIDTH="41" VPOS="3352" HPOS="375"/>
<SP HEIGHT="38" WIDTH="61" VPOS="3341" HPOS="417"/>
<String CONTENT="19" HEIGHT="40" WIDTH="53" VPOS="3338" HPOS="479"/>
<String STYLE="superscript" CONTENT="cm" HEIGHT="20" WIDTH="42" VPOS="3341" HPOS="537"/>
<String CONTENT="." HEIGHT="7" WIDTH="7" VPOS="3370" HPOS="585"/>
<SP HEIGHT="41" WIDTH="70" VPOS="3339" HPOS="593"/>
<String CS="1" CONTENT="(On" HEIGHT="39" WIDTH="69" VPOS="3338" HPOS="690"/>
<SP HEIGHT="29" WIDTH="23" VPOS="3348" HPOS="760"/>
<String CONTENT="cover:" HEIGHT="30" WIDTH="162" VPOS="3347" HPOS="784"/>
<SP HEIGHT="39" WIDTH="30" VPOS="3338" HPOS="947"/>
<String CONTENT="Bible" HEIGHT="41" WIDTH="135" VPOS="3338" HPOS="978"/>
<SP HEIGHT="40" WIDTH="24" VPOS="3339" HPOS="1114"/>
<String CONTENT="biography," HEIGHT="49" WIDTH="277" VPOS="3338" HPOS="1139"/>
<SP HEIGHT="39" WIDTH="60" VPOS="3341" HPOS="1417"/>
<String CONTENT="book" HEIGHT="39" WIDTH="122" VPOS="3341" HPOS="1478"/>
<SP HEIGHT="38" WIDTH="23" VPOS="3340" HPOS="1601"/>
<String CONTENT="2)" HEIGHT="43" WIDTH="49" VPOS="3340" HPOS="1625"/>
</TextLine>
<TextLine HEIGHT="51" WIDTH="1984" VPOS="3394" HPOS="228">
<String CONTENT="&#169;" HEIGHT="51" WIDTH="55" VPOS="3394" HPOS="228"/>
<SP HEIGHT="51" WIDTH="27" VPOS="3394" HPOS="284"/>
<String CONTENT="Sept." HEIGHT="46" WIDTH="125" VPOS="3398" HPOS="312"/>
<SP HEIGHT="38" WIDTH="29" VPOS="3398" HPOS="438"/>
<String CONTENT="33." HEIGHT="39" WIDTH="67" VPOS="3397" HPOS="468"/>
<SP HEIGHT="40" WIDTH="29" VPOS="3396" HPOS="536"/>
<String CONTENT="1934:" HEIGHT="40" WIDTH="138" VPOS="3395" HPOS="566"/>
<SP HEIGHT="39" WIDTH="32" VPOS="3395" HPOS="705"/>
<String CONTENT="2c." HEIGHT="38" WIDTH="65" VPOS="3395" HPOS="738"/>
<SP HEIGHT="28" WIDTH="28" VPOS="3405" HPOS="804"/>
<String CONTENT="and" HEIGHT="37" WIDTH="93" VPOS="3396" HPOS="833"/>
<SP HEIGHT="38" WIDTH="29" VPOS="3396" HPOS="927"/>
<String CONTENT="aff." HEIGHT="39" WIDTH="81" VPOS="3395" HPOS="957"/>
<SP HEIGHT="39" WIDTH="32" VPOS="3395" HPOS="1039"/>
<String CONTENT="Oct." HEIGHT="40" WIDTH="99" VPOS="3395" HPOS="1072"/>
<SP HEIGHT="38" WIDTH="28" VPOS="3397" HPOS="1172"/>
<String CONTENT="4:" HEIGHT="38" WIDTH="52" VPOS="3397" HPOS="1201"/>
<SP HEIGHT="38" WIDTH="32" VPOS="3397" HPOS="1254"/>
<!-- cceid C757EC55-6C64-1014-8713-889FF4349C01 --><String CONTENT="A" HEIGHT="37" WIDTH="41" VPOS="3397" HPOS="1287"/>
<SP HEIGHT="39" WIDTH="29" VPOS="3397" HPOS="1329"/>
<String CONTENT="76386;" HEIGHT="47" WIDTH="167" VPOS="3396" HPOS="1359"/>
<SP HEIGHT="46" WIDTH="36" VPOS="3397" HPOS="1527"/>
<String CONTENT="Sunday" HEIGHT="46" WIDTH="196" VPOS="3397" HPOS="1564"/>
<SP HEIGHT="36" WIDTH="27" VPOS="3407" HPOS="1761"/>
<String CONTENT="school" HEIGHT="38" WIDTH="163" VPOS="3397" HPOS="1789"/>
<SP HEIGHT="38" WIDTH="25" VPOS="3395" HPOS="1953"/>
<String CONTENT="board" HEIGHT="40" WIDTH="149" VPOS="3395" HPOS="1979"/>
<SP HEIGHT="39" WIDTH="31" VPOS="3395" HPOS="2129"/>
<String CONTENT="of" HEIGHT="38" WIDTH="51" VPOS="3396" HPOS="2161"/>
</TextLine>
<TextLine HEIGHT="48" WIDTH="1554" VPOS="3452" HPOS="294">
<String CONTENT="the" HEIGHT="38" WIDTH="79" VPOS="3456" HPOS="294"/>
<SP HEIGHT="40" WIDTH="32" VPOS="3454" HPOS="374"/>
<String CONTENT="Southern" HEIGHT="38" WIDTH="239" VPOS="3454" HPOS="407"/>
<SP HEIGHT="37" WIDTH="30" VPOS="3453" HPOS="647"/>
<String CONTENT="Baptist" HEIGHT="46" WIDTH="195" VPOS="3452" HPOS="678"/>
<SP HEIGHT="36" WIDTH="29" VPOS="3454" HPOS="874"/>
<String CONTENT="convention." HEIGHT="39" WIDTH="296" VPOS="3452" HPOS="904"/>
<SP HEIGHT="38" WIDTH="32" VPOS="3453" HPOS="1201"/>
<String CONTENT="Nashville." HEIGHT="40" WIDTH="263" VPOS="3452" HPOS="1234"/>
<SP HEIGHT="47" WIDTH="71" VPOS="3453" HPOS="1498"/>
<String CONTENT="(34-35864)" HEIGHT="47" WIDTH="278" VPOS="3453" HPOS="1570"/>
</TextLine>
<TextLine HEIGHT="64" WIDTH="1032" VPOS="3553" HPOS="224" STYLEREFS="StyleId-25936BA2-6232-4D8B-B2BC-B202C40F6D1D-">
<String CONTENT="Holland," HEIGHT="64" WIDTH="267" VPOS="3553" HPOS="224"/>
<SP HEIGHT="62" WIDTH="29" VPOS="3555" HPOS="492"/>
<String CONTENT="Rupert" HEIGHT="62" WIDTH="227" VPOS="3555" HPOS="522"/>
<SP HEIGHT="53" WIDTH="29" VPOS="3554" HPOS="750"/>
<String CONTENT="Sargent," HEIGHT="62" WIDTH="272" VPOS="3554" HPOS="780"/>
<SP HEIGHT="59" WIDTH="33" VPOS="3557" HPOS="1053"/>
<String CONTENT="1878-" HEIGHT="53" WIDTH="169" VPOS="3553" HPOS="1087"/>
</TextLine>
<TextLine HEIGHT="67" WIDTH="1770" VPOS="3631" HPOS="294" STYLEREFS="StyleId-25936BA2-6232-4D8B-B2BC-B202C40F6D1D-" CS="1">
<String CONTENT="Big" HEIGHT="67" WIDTH="113" VPOS="3631" HPOS="294"/>
<SP HEIGHT="66" WIDTH="25" VPOS="3632" HPOS="408"/>
<String CONTENT="bridge" HEIGHT="67" WIDTH="198" VPOS="3631" HPOS="434"/>
<SP HEIGHT="48" WIDTH="33" VPOS="3649" HPOS="633"/>
<String CS="1" CONTENT="[by]" HEIGHT="66" WIDTH="72" VPOS="3631" HPOS="683"/>
<SP HEIGHT="65" WIDTH="31" VPOS="3632" HPOS="773"/>
<String CONTENT="Rupert" HEIGHT="65" WIDTH="222" VPOS="3632" HPOS="805"/>
<SP HEIGHT="54" WIDTH="27" VPOS="3631" HPOS="1028"/>
<String CONTENT="Sargent" HEIGHT="67" WIDTH="243" VPOS="3631" HPOS="1056"/>
<SP HEIGHT="50" WIDTH="22" VPOS="3634" HPOS="1300"/>
<String CONTENT="Holland;" HEIGHT="66" WIDTH="286" VPOS="3632" HPOS="1323"/>
<SP HEIGHT="66" WIDTH="31" VPOS="3632" HPOS="1610"/>
<String CONTENT="illustrated" HEIGHT="53" WIDTH="322" VPOS="3632" HPOS="1642"/>
<SP HEIGHT="51" WIDTH="25" VPOS="3632" HPOS="1965"/>
<String CONTENT="by" HEIGHT="65" WIDTH="73" VPOS="3632" HPOS="1991"/>
</TextLine>
<TextLine HEIGHT="144" WIDTH="1954" VPOS="3631" HPOS="225" STYLEREFS="StyleId-25936BA2-6232-4D8B-B2BC-B202C40F6D1D-" CS="1">
<String CONTENT="Edward" HEIGHT="131" WIDTH="1954" VPOS="3631" HPOS="225"/>
<SP HEIGHT="54" WIDTH="29" VPOS="3709" HPOS="381"/>
<String CONTENT="Shenton." HEIGHT="54" WIDTH="266" VPOS="3709" HPOS="411"/>
<SP HEIGHT="50" WIDTH="64" VPOS="3709" HPOS="678"/>
<String CONTENT="Philadelphia." HEIGHT="62" WIDTH="421" VPOS="3707" HPOS="743"/>
<SP HEIGHT="53" WIDTH="24" VPOS="3708" HPOS="1165"/>
<String CONTENT="Macrae" HEIGHT="53" WIDTH="226" VPOS="3708" HPOS="1190"/>
<SP HEIGHT="54" WIDTH="28" VPOS="3709" HPOS="1417"/>
<String CONTENT="Smith" HEIGHT="54" WIDTH="188" VPOS="3709" HPOS="1446"/>
<SP HEIGHT="50" WIDTH="27" VPOS="3711" HPOS="1635"/>
<String CONTENT="company." HEIGHT="49" WIDTH="294" VPOS="3726" HPOS="1663"/>
<SP HEIGHT="51" WIDTH="30" VPOS="3713" HPOS="1958"/>
<String CONTENT="1934." HEIGHT="48" WIDTH="147" VPOS="3712" HPOS="1989"/>
</TextLine>
<TextLine HEIGHT="50" WIDTH="1198" VPOS="3778" HPOS="300" CS="1">
<String CONTENT="3" HEIGHT="39" WIDTH="24" VPOS="3781" HPOS="300"/>
<SP HEIGHT="45" WIDTH="25" VPOS="3781" HPOS="325"/>
<String LANG="la" CONTENT="p." HEIGHT="35" WIDTH="41" VPOS="3791" HPOS="351"/>
<SP/>
<String LANG="la" CS="1" CONTENT="l."/>
<String CONTENT="," HEIGHT="10" WIDTH="7" VPOS="3811" HPOS="453"/>
<SP HEIGHT="29" WIDTH="28" VPOS="3799" HPOS="461"/>
<String CONTENT="[5]-8" HEIGHT="49" WIDTH="116" VPOS="3779" HPOS="490"/>
<SP HEIGHT="46" WIDTH="24" VPOS="3779" HPOS="607"/>
<String CONTENT="p.." HEIGHT="36" WIDTH="55" VPOS="3789" HPOS="632"/>
<SP HEIGHT="41" WIDTH="26" VPOS="3779" HPOS="688"/>
<String CONTENT="2" HEIGHT="37" WIDTH="25" VPOS="3779" HPOS="715"/>
<SP/>
<String CS="1" CONTENT="l.," HEIGHT="10" WIDTH="7" VPOS="3811" HPOS="801"/>
<SP HEIGHT="29" WIDTH="28" VPOS="3799" HPOS="809"/>
<String CS="1" CONTENT="[11]-266" HEIGHT="50" WIDTH="204" VPOS="3778" HPOS="838"/>
<SP HEIGHT="48" WIDTH="21" VPOS="3778" HPOS="1043"/>
<String CONTENT="p." HEIGHT="36" WIDTH="40" VPOS="3790" HPOS="1065"/>
<SP HEIGHT="37" WIDTH="61" VPOS="3780" HPOS="1106"/>
<String CONTENT="illus." HEIGHT="39" WIDTH="125" VPOS="3780" HPOS="1168"/>
<SP HEIGHT="40" WIDTH="59" VPOS="3779" HPOS="1294"/>
<String CS="1" CONTENT="23&#189;" HEIGHT="41" WIDTH="54" VPOS="3779" HPOS="1354"/>
<String STYLE="superscript" CONTENT="cm" HEIGHT="20" WIDTH="43" VPOS="3784" HPOS="1442"/>
<String CONTENT="." HEIGHT="7" WIDTH="7" VPOS="3814" HPOS="1491"/>
</TextLine>
<TextLine HEIGHT="40" WIDTH="413" VPOS="3835" HPOS="300">
<String CONTENT="&#8220;First" HEIGHT="40" WIDTH="160" VPOS="3835" HPOS="300"/>
<SP HEIGHT="35" WIDTH="28" VPOS="3840" HPOS="461"/>
<String CONTENT="edition.&#8221;" HEIGHT="39" WIDTH="223" VPOS="3836" HPOS="490"/>
</TextLine>
<TextLine HEIGHT="51" WIDTH="1980" VPOS="3891" HPOS="229">
<String CONTENT="&#169;" HEIGHT="51" WIDTH="51" VPOS="3891" HPOS="229"/>
<SP HEIGHT="51" WIDTH="23" VPOS="3891" HPOS="281"/>
<String CONTENT="Oct." HEIGHT="39" WIDTH="100" VPOS="3895" HPOS="305"/>
<SP HEIGHT="41" WIDTH="23" VPOS="3892" HPOS="406"/>
<String CONTENT="22." HEIGHT="43" WIDTH="68" VPOS="3892" HPOS="430"/>
<SP HEIGHT="40" WIDTH="22" VPOS="3895" HPOS="499"/>
<String CONTENT="1934" HEIGHT="39" WIDTH="112" VPOS="3893" HPOS="522"/>
<SP HEIGHT="37" WIDTH="18" VPOS="3895" HPOS="635"/>
<String CONTENT=":" HEIGHT="28" WIDTH="7" VPOS="3904" HPOS="654"/>
<SP HEIGHT="39" WIDTH="24" VPOS="3893" HPOS="662"/>
<String CONTENT="2c." HEIGHT="39" WIDTH="66" VPOS="3893" HPOS="687"/>
<SP HEIGHT="39" WIDTH="23" VPOS="3893" HPOS="754"/>
<String CONTENT="Oct." HEIGHT="39" WIDTH="98" VPOS="3893" HPOS="778"/>
<SP HEIGHT="37" WIDTH="25" VPOS="3893" HPOS="877"/>
<String CONTENT="29" HEIGHT="40" WIDTH="54" VPOS="3891" HPOS="903"/>
<SP HEIGHT="41" WIDTH="17" VPOS="3891" HPOS="958"/>
<String CONTENT=":" HEIGHT="28" WIDTH="7" VPOS="3904" HPOS="976"/>
<SP HEIGHT="28" WIDTH="25" VPOS="3904" HPOS="984"/>
<String CONTENT="aff." HEIGHT="39" WIDTH="78" VPOS="3893" HPOS="1010"/>
<SP HEIGHT="39" WIDTH="24" VPOS="3893" HPOS="1089"/>
<String CONTENT="Oct." HEIGHT="39" WIDTH="99" VPOS="3893" HPOS="1114"/>
<SP HEIGHT="40" WIDTH="24" VPOS="3892" HPOS="1214"/>
<String CONTENT="27:" HEIGHT="40" WIDTH="80" VPOS="3892" HPOS="1239"/>
<SP HEIGHT="37" WIDTH="27" VPOS="3895" HPOS="1320"/>
<!-- cceid C7581DF6-6C64-1014-8713-889FF4349C01 --><String CONTENT="A" HEIGHT="37" WIDTH="39" VPOS="3895" HPOS="1348"/>
<SP HEIGHT="38" WIDTH="22" VPOS="3895" HPOS="1388"/>
<String CONTENT="75984:" HEIGHT="40" WIDTH="168" VPOS="3893" HPOS="1411"/>
<SP HEIGHT="38" WIDTH="29" VPOS="3895" HPOS="1580"/>
<String CONTENT="R." HEIGHT="37" WIDTH="53" VPOS="3895" HPOS="1610"/>
<SP HEIGHT="40" WIDTH="28" VPOS="3894" HPOS="1664"/>
<String CONTENT="S." HEIGHT="40" WIDTH="43" VPOS="3894" HPOS="1693"/>
<SP HEIGHT="37" WIDTH="25" VPOS="3895" HPOS="1737"/>
<String CONTENT="Holland." HEIGHT="40" WIDTH="225" VPOS="3893" HPOS="1763"/>
<SP HEIGHT="39" WIDTH="22" VPOS="3893" HPOS="1989"/>
<String CONTENT="Wayne." HEIGHT="45" WIDTH="197" VPOS="3893" HPOS="2012"/>
</TextLine>
<TextLine HEIGHT="48" WIDTH="429" VPOS="3949" HPOS="297">
<String CONTENT="Pa." HEIGHT="37" WIDTH="80" VPOS="3952" HPOS="297"/>
<SP HEIGHT="46" WIDTH="70" VPOS="3951" HPOS="378"/>
<String CONTENT="(34-35844)" HEIGHT="48" WIDTH="277" VPOS="3949" HPOS="449"/>
</TextLine>
</TextBlock>
</PrintSpace>
</Page>
</Layout>
</alto>