2350 4196
1139 3995 132 54 1670

283 463 62 38 At
368 462 121 38 head
517 461 51 38 of
590 461 106 39 title;
751 461 99 39 The
875 461 219 39 Catholic
1120 459 266 46 university
1413 457 50 39 of
1487 457 234 41 America.

281 518 172 38 Thesis
488 519 106 45 (PH.
649 516 325 47 D.)—Catholic
1003 516 266 46 university
1294 515 51 39 of
1371 514 235 40 America.

288 574 98 39 The
416 573 216 47 analysis
663 574 175 38 relates
871 577 48 36 to
948 587 25 26 a
1005 574 179 39 section
1215 572 50 39 of
1298 570 258 40 Cleveland
1589 572 93 37 and
1716 571 40 38 is
1788 572 260 38 concerned
2084 571 117 38 with

216 631 77 38 the
320 631 142 44 study
487 629 51 39 of
563 630 81 39 the
666 633 101 36 cost
793 632 46 37 to
866 631 81 39 the
971 629 291 46 community
1291 628 50 39 of
1366 626 325 47 maintaining
1717 628 115 38 such
1861 638 59 28 an
1949 637 125 29 area.
2141 630 58 44 cf.

216 686 193 45 Introd.,
442 695 44 39 in
522 684 207 51 [10]-[11]

288 740 345 49 Bibliography;
690 752 42 37 p.
760 743 200 39 xi-xxii.

218 796 51 50 ©
310 801 107 38 Dec.
459 800 38 42 3,
538 799 111 40 1934;
718 800 65 39 2c.
826 801 108 40 Dec.
973 802 25 36 4;
1068 799 79 40 aff.
1189 800 110 39 Dec,
1340 799 50 44 5;
1433 800 40 37 A
1512 797 168 43 77462;
1723 798 219 40 Catholic
1982 798 129 41 univ.
2152 800 51 39 of

283 856 235 40 America.
590 855 250 49 (34-41421
855 861 12 41 )

218 945 241 64 Northe,
488 946 204 53 James
716 944 171 65 Neill,
915 964 82 34 ed.

283 1021 161 51 Land
481 1020 64 53 of
581 1021 134 67 gold
766 1020 228 69 (Tierra
1032 1021 67 51 de
1138 1020 125 68 oro)
1314 1038 72 33 an
1427 1019 311 68 anthology
1778 1020 64 52 of
215 1024 1961 142 contemporary
391 1105 201 61 poetry

634 1098 74 68 by
753 1097 324 54 California
1123 1098 237 66 writers,
1404 1096 279 67 compiled
1733 1097 111 51 and
1892 1097 187 53 edited
2128 1096 71 69 by

212 1175 193 53 James
455 1175 151 53 Neill
656 1174 246 66 Northe;
956 1175 378 52 illustrations
1384 1174 113 52 and
1548 1173 449 69 accompanying
2048 1179 151 46 tone-

215 1269 188 50 poems
440 1251 72 69 by
547 1252 129 51 Don
715 1252 308 68 Blanding.
1097 1251 260 68 Ontario,
1393 1248 195 70 Calif.,
1622 1250 579 53 Herald-silhouettes

215 1348 152 48 press
444 1331 150 65 [c1934]

284 1401 60 40 ix.
372 1404 80 37 161
481 1412 40 36 p.
553 1402 106 39 incl.
685 1403 161 42 front.,
876 1402 125 40 illus.
1062 1401 54 39 24
1121 1403 43 21 cm
1171 1436 5 6 .

288 1458 143 39 “This
454 1458 172 39 deluxe
647 1457 184 41 edition
861 1489 43 8 ...
934 1460 38 37 is
997 1469 26 28 a
1047 1457 255 40 numbered
1330 1458 226 46 printing,
1585 1457 181 40 limited
1795 1460 47 36 to
1868 1458 87 39 five
1984 1459 212 38 hundred

214 1513 158 47 copies
397 1514 51 40 of
472 1514 154 39 which
654 1514 96 40 this
777 1515 41 38 is
844 1514 200 40 number
1070 1513 127 41 362.”

218 1568 49 51 ©
312 1573 124 46 Sept.
477 1572 67 42 29,
586 1571 137 41 1934;
765 1571 66 42 2c.
871 1571 99 40 Oct.
1011 1571 81 42 20;
1136 1571 78 42 aff.
1257 1573 107 37 Dec.
1409 1573 79 40 17;
1534 1574 37 36 A
1612 1573 166 44 77787;
1823 1573 41 39 J.
1907 1573 54 40 N.
2004 1574 195 41 Northe,

285 1628 214 42 Ontario,
532 1628 143 40 Calif.
746 1628 190 48 (35-52)

213 1720 174 62 Page,
416 1717 205 65 Kirby,
654 1724 170 48 1890-

281 1794 211 68 Living
518 1794 440 68 triumphantly,
987 1794 73 68 by
1088 1794 187 69 Kirby
1303 1795 171 68 Page.
1540 1795 136 52 New
1712 1795 173 66 York,
1916 1796 214 52 Farrar
2157 1798 45 49 &

211 1871 296 67 Rinehart,
537 1872 400 66 incorporated
973 1904 14 34 [
992 1877 17 21 c
1015 1874 134 49 1934
1152 1905 14 33 ]

281 1942 543 48 5 p. l., 308 p. 22½ cm .
287 2000 101 38 “An
411 2000 259 46 anthology
695 1999 51 40 of
773 1999 83 40 100
881 2000 131 46 daily
1042 2000 252 47 readings”;
1352 2010 40 37 p.
1421 2000 215 42 103-304.

217 2054 49 51 ©
296 2058 115 41 Nov.
440 2057 67 43 26,
538 2057 111 40 1934;
706 2057 63 40 2c.
803 2059 109 38 Dec.
941 2060 17 36 1;
1023 2057 80 43 aff.
1133 2058 114 40 Nov.
1277 2058 53 40 27;
1390 2062 39 35 A
1458 2059 142 40 77422;
1659 2060 57 40 K.
1744 2061 140 46 Page,
1914 2061 115 38 New
2058 2061 141 39 York.

292 2115 276 46 (34-41427)

214 2205 299 62 Peterson,
546 2203 275 55 Clarence
854 2205 271 54 Edward.

285 2278 273 69 Vagaries
606 2278 64 53 of
717 2298 30 33 a
796 2279 160 53 blind
1003 2280 295 67 humorist,
1347 2281 73 69 by
1471 2280 269 55 Clarence
1791 2282 64 52 E.
1910 2282 286 52 Peterson.

217 2355 418 68 [Minneapolis,
663 2357 122 51 The
810 2356 322 53 Minnesota
1160 2364 142 46 state
1334 2359 261 69 printing
1624 2377 296 50 company,
1951 2367 16 20 c
1974 2363 133 49 1934]

280 2427 543 48 3 p l., 9-62 p. 21cm.
283 2483 166 40 Poems
476 2485 95 38 and
597 2493 153 38 prose.

216 2537 51 50 ©
296 2542 115 39 Nov.
440 2541 67 42 10.
534 2541 111 39 1934;
702 2542 65 40 2c.
795 2543 93 38 and
916 2542 80 40 aff.
1024 2543 107 38 Dec.
1160 2544 52 38 13;
1269 2545 40 37 A
1336 2544 143 40 78516;
1536 2545 48 42 G.
1614 2547 37 38 E.
1693 2546 244 48 Peterson,
1970 2548 62 39 St.
2065 2548 131 38 Paul.

294 2598 189 47 (35-53)

214 2685 461 66 Quiller-Couch,
712 2688 100 52 Sir
844 2688 233 53 Arthur
1110 2690 272 65 Thomas,
1423 2697 167 49 1863-

281 2765 119 53 The
431 2772 125 59 poet
581 2785 58 33 as
665 2765 220 66 citizen,
910 2766 112 56 and
1049 2766 160 53 other
1235 2785 223 49 papers,
1483 2769 72 66 by
1586 2769 96 55 Sir
1706 2772 224 51 Arthur
214 2772 1987 122 Quiller-Couch
439 2886 54 7 ...
575 2841 346 68 Cambridge
953 2843 184 67 [Eng.]
1172 2845 122 52 The
1320 2844 336 70 University
1688 2866 172 48 press,
1892 2852 147 49 1934.

286 2916 80 37 viii,
413 2915 83 40 230
525 2925 41 37 p.
623 2914 54 41 23
680 2917 44 21 cm
729 2947 7 7 .

557 2972 161 39 CONTENTS.—The
751 2975 108 44 poet
893 2982 53 30 as
983 2973 383 41 citizen.—First
1400 2976 79 39 aid
1515 2977 50 38 in
1601 2977 597 48 criticising.—Paternity

215 3028 45 38 in
305 3028 341 47 Shakespeare.
665 3051 57 4 —
740 3028 255 47 Tennyson
1035 3029 49 39 in
1123 3029 124 41 1833.
1266 3054 59 4 —
1340 3031 214 41 William
1596 3034 199 39 Barnes.
1814 3057 56 4 —
1887 3034 100 40 The
2026 3034 175 41 earlier

215 3086 161 38 novels
405 3085 50 39 of
482 3085 209 39 Thomas
720 3085 446 47 Hardy.—Tribute
1195 3091 47 36 to
1274 3088 208 43 Ireland.

217 3137 50 50 ©
297 3142 62 40 1c.
390 3141 108 39 Dec.
529 3142 38 41 5,
598 3139 111 41 1934;
767 3144 37 36 A
834 3143 59 38 ad
922 3143 82 37 int.
1038 3140 141 41 19692;
1236 3144 139 46 pubd.
1406 3145 117 41 Nov.
1554 3146 53 39 16;
1665 3147 279 39 Macmillan
1973 3157 81 37 со.,
2083 3148 115 39 New

288 3198 135 38 York.
496 3196 276 48 (34-41622)

215 3271 247 64 Russell,
492 3272 231 53 Arthur
750 3273 218 54 James.

282 3347 174 52 Their
506 3347 258 68 religion,
813 3349 73 67 by
936 3350 71 52 A.
1057 3348 56 54 J.
1163 3350 238 55 Russell.
1489 3353 256 69 London,
1796 3355 239 53 Hodder
2087 3355 108 52 and

214 3422 340 69 Stoughton,
585 3426 148 50 1934.

287 3496 1070 49 2 p. l , vii-ix, [1] p., 1 l., 13-352 p. 19 cm .
287 3551 99 40 The
431 3552 224 43 religious
700 3552 147 40 belief
891 3554 52 37 of
986 3555 242 39 Abraham
1276 3555 211 45 Lincoln.
1533 3559 179 41 Robert
1761 3560 172 48 Burns,
1984 3560 213 40 Marshal

220 3605 135 48 Foch,
389 3606 275 45 Gladstone.
699 3608 256 47 Napoleon,
990 3610 223 43 Disraeli.
1245 3612 191 46 Nelson,
1471 3615 221 41 Dickens.
1729 3617 331 48 Washington,
218 3618 1963 86 Livingstone.

484 3662 264 45 Cromwell,
785 3665 213 41 Darwin.
1038 3666 330 48 Shakespeare
1403 3673 94 38 and
1534 3672 143 40 Jesus
1712 3674 51 39 of
1796 3673 259 42 Nazareth.

285 3717 158 41 “First
471 3720 203 45 printed,
702 3719 288 48 September,
1021 3723 154 40 1934.”

290 3774 342 48 Bibliography
661 3779 49 36 at
738 3778 88 39 end
856 3777 52 40 of
933 3780 116 38 each
1078 3780 209 46 chapter.

220 3827 1976 63 © 1c. Nov. 21, 1934; A ad int. 19621; pubd. Sept. 28; A. J. Russell.
287 3888 279 48 Orhington,
601 3890 140 42 Kent,
776 3891 232 43 England.
1081 3894 276 49 (34-41431)
