<alto xmlns="http://www.loc.gov/standards/alto/ns-v3#" xmlns:xsi="http://www.w3.org/2001/XMLSchema-instance" xsi:schemaLocation="http://www.loc.gov/standards/alto/ns-v3# http://www.loc.gov/alto/v3/alto-3-0.xsd"><Description>
<MeasurementUnit>pixel</MeasurementUnit>
<sourceImageInformation>
<fileName>1934_v1_Part1.pdf</fileName>
</sourceImageInformation>
<OCRProcessing ID="IdOcr">
<ocrProcessingStep>
<processingDateTime>2019-01-10</processingDateTime>
<processingSoftware>
<softwareCreator>ABBYY</softwareCreator>
<softwareName>ABBYY Recognition Server</softwareName>
<softwareVersion>4.0</softwareVersion>
</processingSoftware>
</ocrProcessingStep>
</OCRProcessing>
</Description>
<Styles>
<ParagraphStyle ALIGN="Left" FIRSTLINE="0." ID="StyleId-FFFFFFFF-FFFF-FFFF-FFFF-FFFFFFFFFFFF-" LEFT="0." RIGHT="0." />
<ParagraphStyle ALIGN="Right" FIRSTLINE="0." ID="StyleId-521E1FC6-FE7E-43A4-90E6-A9B61626A263-" LEFT="0." LINESPACE="13.30000019" RIGHT="0." />
<ParagraphStyle ALIGN="Left" FIRSTLINE="-27." ID="StyleId-639B624E-F6F5-47B6-BB1D-34E64B53022F-" LEFT="0." LINESPACE="13.43999958" RIGHT="0." />
<ParagraphStyle ALIGN="Left" FIRSTLINE="0." ID="StyleId-100905F9-D385-406B-A5BD-ED5B8FD85431-" LEFT="0." RIGHT="0." />
<ParagraphStyle ALIGN="Left" FIRSTLINE="-27." ID="StyleId-7C9F9BA2-EF3A-4B7F-8486-CCC7B7F49B39-" LEFT="0." LINESPACE="18.71999931" RIGHT="0." />
<ParagraphStyle ALIGN="Block" FIRSTLINE="-27." ID="StyleId-350780E3-60F2-4605-88F5-BB54F9B87091-" LEFT="0." LINESPACE="18.71999931" RIGHT="0." />
<ParagraphStyle ALIGN="Left" FIRSTLINE="0." ID="StyleId-90B16C58-D795-4C77-9B89-30378C515D40-" LEFT="0." LINESPACE="14.39999962" RIGHT="0." />
<ParagraphStyle ALIGN="Right" FIRSTLINE="-27." ID="StyleId-17090E09-AFAF-4086-BD9B-4E99FAE6B057-" LEFT="0." LINESPACE="14.39999962" RIGHT="0." />
<ParagraphStyle ALIGN="Left" FIRSTLINE="-27." ID="StyleId-8B87B633-89DB-4D72-B1FC-26E4ABD680BC-" LEFT="0." LINESPACE="18.47999954" RIGHT="0." />
<ParagraphStyle ALIGN="Left" FIRSTLINE="0." ID="StyleId-42DA7417-CA90-4D71-A57B-06556C38D752-" LEFT="0." LINESPACE="13.30000019" RIGHT="0." />
<ParagraphStyle ALIGN="Block" FIRSTLINE="0." ID="StyleId-D8EE2A7E-42AE-4E35-98DB-F0F935637AA0-" LEFT="0." LINESPACE="6.599999905" RIGHT="0." />
<ParagraphStyle ALIGN="Left" FIRSTLINE="0." ID="StyleId-33CD3121-D4F5-43B6-BA96-6382D166E6B8-" LEFT="0." LINESPACE="15.5" RIGHT="0." />
<ParagraphStyle ALIGN="Block" FIRSTLINE="-21." ID="StyleId-1CE52AFA-C319-4DD9-B4B1-F0EBFA2B3F0B-" LEFT="0." LINESPACE="18.71999931" RIGHT="0." />
<ParagraphStyle ALIGN="Left" FIRSTLINE="0." ID="StyleId-B74F1B65-92F1-49C5-A5FA-D20442F031F2-" LEFT="0." LINESPACE="17.70006076" RIGHT="0." />
<ParagraphStyle ALIGN="Center" FIRSTLINE="0." ID="StyleId-79E2924A-215C-40B7-B577-7236BFBAA25E-" LEFT="0." LINESPACE="7.199999809" RIGHT="0." />
</Styles>
<Layout>
<Page HEIGHT="4196" ID="Page1837" PHYSICAL_IMG_NR="1837" WIDTH="2350">
<TopMargin HEIGHT="362" HPOS="0" VPOS="0" WIDTH="2350">
</TopMargin>
<LeftMargin HEIGHT="3742" HPOS="0" VPOS="362" WIDTH="161">
</LeftMargin>
<RightMargin HEIGHT="3742" HPOS="2214" VPOS="362" WIDTH="136">
</RightMargin>
<BottomMargin HEIGHT="92" HPOS="0" VPOS="4104" WIDTH="2350">
</BottomMargin>
<PrintSpace HEIGHT="3742" HPOS="161" VPOS="362" WIDTH="2053">
<TextBlock HEIGHT="100" HPOS="979" ID="Page1837_Block1" LANG="en-US" STYLEREFS="StyleId-364FDDCA-3D58-49DA-8CEE-5717F4F8BA66-" VPOS="4004" WIDTH="330">
<TextLine HEIGHT="52" HPOS="1102" VPOS="4014" WIDTH="132">
<String CONTENT="1837" HEIGHT="52" HPOS="1102" VPOS="4014" WIDTH="132" />
</TextLine>
</TextBlock>
<TextBlock CS="1" HEIGHT="3642" HPOS="161" ID="Page1837_Block2" STYLEREFS="StyleId-364FDDCA-3D58-49DA-8CEE-5717F4F8BA66-" VPOS="362" WIDTH="2053">
<TextLine HEIGHT="65" HPOS="170" STYLEREFS="StyleId-CFA250C7-238E-40BF-B1D0-7669230523DA-" VPOS="368" WIDTH="552">
<String CONTENT="Scheidig," HEIGHT="65" HPOS="170" LANG="fr" VPOS="368" WIDTH="294" />
<SP HEIGHT="64" HPOS="465" VPOS="369" WIDTH="26" />
<String CONTENT="Alfred." HEIGHT="56" HPOS="492" LANG="en-US" VPOS="368" WIDTH="230" />
</TextLine>
<TextLine HEIGHT="71" HPOS="239" VPOS="440" WIDTH="1931">
<String CONTENT="Der" HEIGHT="51" HPOS="239" LANG="de" VPOS="447" WIDTH="120" />
<SP HEIGHT="50" HPOS="360" VPOS="447" WIDTH="32" />
<String CONTENT="loss" HEIGHT="51" HPOS="393" LANG="en-US" VPOS="447" WIDTH="111" />
<SP HEIGHT="34" HPOS="505" VPOS="464" WIDTH="33" />
<String CONTENT="und" HEIGHT="52" HPOS="539" LANG="de" VPOS="446" WIDTH="118" />
<SP HEIGHT="53" HPOS="658" VPOS="446" WIDTH="34" />
<String CONTENT="seine" HEIGHT="52" HPOS="693" LANG="en-US" VPOS="447" WIDTH="151" />
<SP HEIGHT="49" HPOS="845" VPOS="462" WIDTH="32" />
<String CONTENT="geotechnischen" HEIGHT="70" HPOS="878" LANG="en-US" VPOS="441" WIDTH="468" />
<SP HEIGHT="34" HPOS="1347" VPOS="460" WIDTH="32" />
<String CONTENT="eigenschaften." HEIGHT="68" HPOS="1380" LANG="en-US" VPOS="440" WIDTH="443" />
<SP HEIGHT="55" HPOS="1824" VPOS="441" WIDTH="72" />
<String CONTENT="Geologie" HEIGHT="69" HPOS="1897" LANG="de" VPOS="441" WIDTH="273" />
</TextLine>
<TextLine CS="1" HEIGHT="135" HPOS="167" LANG="de" VPOS="518" WIDTH="1980">
<String CONTENT="und" HEIGHT="51" HPOS="167" VPOS="524" WIDTH="118" />
<SP HEIGHT="51" HPOS="286" VPOS="524" WIDTH="26" />
<String CONTENT="Verbreitung," HEIGHT="67" HPOS="313" VPOS="523" WIDTH="386" />
<SP HEIGHT="40" HPOS="700" VPOS="543" WIDTH="24" />
<String CONTENT="erdstoffphysik," HEIGHT="70" HPOS="725" VPOS="518" WIDTH="466" />
<SP HEIGHT="48" HPOS="1192" VPOS="538" WIDTH="28" />
<String CONTENT="erdbaumechanik" HEIGHT="53" HPOS="1221" VPOS="520" WIDTH="518" />
<SP HEIGHT="51" HPOS="1740" VPOS="520" WIDTH="25" />
<String CONTENT="und" HEIGHT="52" HPOS="1766" VPOS="520" WIDTH="119" />
<SP HEIGHT="67" HPOS="1886" VPOS="520" WIDTH="27" />
<String CONTENT="geotechnik" HEIGHT="132" HPOS="170" VPOS="521" WIDTH="1977" />
</TextLine>
<TextLine CS="1" HEIGHT="150" HPOS="173" LANG="de" VPOS="595" WIDTH="1999">
<String CONTENT="der" HEIGHT="52" HPOS="298" VPOS="601" WIDTH="101" />
<SP HEIGHT="50" HPOS="400" VPOS="603" WIDTH="19" />
<String CONTENT="l&#246;sse" HEIGHT="50" HPOS="420" VPOS="603" WIDTH="144" />
<SP HEIGHT="33" HPOS="565" VPOS="620" WIDTH="22" />
<String CONTENT="und" HEIGHT="51" HPOS="588" VPOS="602" WIDTH="118" />
<SP HEIGHT="53" HPOS="707" VPOS="602" WIDTH="24" />
<String CONTENT="l&#246;sslehme," HEIGHT="65" HPOS="732" VPOS="601" WIDTH="315" />
<SP HEIGHT="46" HPOS="1048" VPOS="620" WIDTH="23" />
<String CONTENT="schluffe," HEIGHT="69" HPOS="1072" VPOS="595" WIDTH="253" />
<SP HEIGHT="46" HPOS="1326" VPOS="618" WIDTH="26" />
<String CONTENT="silte" HEIGHT="54" HPOS="1353" VPOS="597" WIDTH="127" />
<SP HEIGHT="35" HPOS="1481" VPOS="616" WIDTH="25" />
<String CONTENT="und" HEIGHT="51" HPOS="1507" VPOS="599" WIDTH="118" />
<SP HEIGHT="51" HPOS="1626" VPOS="599" WIDTH="28" />
<String CONTENT="anderer" HEIGHT="51" HPOS="1655" VPOS="599" WIDTH="237" />
<SP HEIGHT="34" HPOS="1893" VPOS="617" WIDTH="26" />
<String CONTENT="stauberden." HEIGHT="133" HPOS="173" VPOS="599" WIDTH="1975" />
<SP HEIGHT="34" HPOS="299" VPOS="698" WIDTH="33" />
<String CONTENT="aschen" HEIGHT="52" HPOS="333" VPOS="680" WIDTH="205" />
<SP HEIGHT="34" HPOS="539" VPOS="698" WIDTH="28" />
<String CONTENT="und" HEIGHT="51" HPOS="568" VPOS="681" WIDTH="118" />
<SP HEIGHT="51" HPOS="687" VPOS="681" WIDTH="31" />
<String CONTENT="staube," HEIGHT="65" HPOS="719" VPOS="680" WIDTH="214" />
<SP HEIGHT="48" HPOS="934" VPOS="697" WIDTH="30" />
<String CONTENT="von" HEIGHT="33" HPOS="965" VPOS="696" WIDTH="113" />
<SP HEIGHT="51" HPOS="1079" VPOS="678" WIDTH="30" />
<String CONTENT="dr.-ing." HEIGHT="66" HPOS="1110" VPOS="677" WIDTH="227" />
<SP HEIGHT="52" HPOS="1338" VPOS="677" WIDTH="33" />
<String CONTENT="Alfred" HEIGHT="54" HPOS="1372" VPOS="675" WIDTH="213" />
<SP HEIGHT="55" HPOS="1586" VPOS="675" WIDTH="34" />
<String CONTENT="Scheidig" HEIGHT="69" HPOS="1621" LANG="en-US" VPOS="675" WIDTH="271" />
<SP />
<String CONTENT="&#8230;" CS="1" LANG="en-US" />
<SP HEIGHT="51" HPOS="1986" VPOS="679" WIDTH="71" />
<String CONTENT="Mit" HEIGHT="52" HPOS="2058" VPOS="679" WIDTH="114" />
</TextLine>
<TextLine CS="1" HEIGHT="71" HPOS="172" LANG="de" VPOS="754" WIDTH="2001">
<String CONTENT="einer" HEIGHT="53" HPOS="172" VPOS="757" WIDTH="155" />
<SP HEIGHT="33" HPOS="328" VPOS="776" WIDTH="26" />
<String CONTENT="einf&#252;hrung" HEIGHT="68" HPOS="355" VPOS="757" WIDTH="357" />
<SP HEIGHT="48" HPOS="713" VPOS="777" WIDTH="26" />
<String CONTENT="von" HEIGHT="34" HPOS="740" VPOS="776" WIDTH="110" />
<SP HEIGHT="49" HPOS="851" VPOS="776" WIDTH="26" />
<String CONTENT="professor" HEIGHT="70" HPOS="878" LANG="en-US" VPOS="755" WIDTH="290" />
<SP HEIGHT="51" HPOS="1169" VPOS="756" WIDTH="26" />
<String CONTENT="dr.-ing." HEIGHT="67" HPOS="1196" VPOS="754" WIDTH="229" />
<SP HEIGHT="50" HPOS="1426" VPOS="756" WIDTH="28" />
<String CONTENT="F." HEIGHT="51" HPOS="1455" VPOS="756" WIDTH="66" />
<SP HEIGHT="51" HPOS="1522" VPOS="756" WIDTH="28" />
<String CONTENT="K" HEIGHT="50" HPOS="1551" VPOS="756" WIDTH="59" />
<String CONTENT="&#246;" CS="1" LANG="en-US" />
<String CONTENT="gler" HEIGHT="65" HPOS="1648" VPOS="756" WIDTH="122" />
<SP />
<String CONTENT="&#8230;" CS="1" />
<SP HEIGHT="51" HPOS="1861" VPOS="756" WIDTH="65" />
<String CONTENT="Mit" HEIGHT="52" HPOS="1927" VPOS="756" WIDTH="116" />
<SP HEIGHT="49" HPOS="2044" VPOS="759" WIDTH="27" />
<String CONTENT="132" HEIGHT="49" HPOS="2072" VPOS="759" WIDTH="101" />
</TextLine>
<TextLine CS="1" HEIGHT="149" HPOS="170" LANG="de" VPOS="833" WIDTH="1976">
<String CONTENT="abbildungen" HEIGHT="68" HPOS="172" VPOS="835" WIDTH="387" />
<SP HEIGHT="33" HPOS="560" VPOS="854" WIDTH="30" />
<String CONTENT="und" HEIGHT="51" HPOS="591" VPOS="837" WIDTH="118" />
<SP HEIGHT="51" HPOS="710" VPOS="837" WIDTH="31" />
<String CONTENT="6" HEIGHT="48" HPOS="742" VPOS="840" WIDTH="29" />
<SP HEIGHT="48" HPOS="772" VPOS="840" WIDTH="31" />
<String CONTENT="tabeilen." HEIGHT="52" HPOS="804" VPOS="836" WIDTH="260" />
<SP HEIGHT="51" HPOS="1065" VPOS="836" WIDTH="67" />
<String CONTENT="Dresden" HEIGHT="53" HPOS="1133" VPOS="834" WIDTH="258" />
<SP HEIGHT="48" HPOS="1392" VPOS="852" WIDTH="36" />
<String CONTENT="[etc.]" HEIGHT="61" HPOS="1429" VPOS="839" WIDTH="138" />
<SP HEIGHT="65" HPOS="1568" VPOS="834" WIDTH="31" />
<String CONTENT="Verlag" HEIGHT="67" HPOS="1600" VPOS="833" WIDTH="216" />
<SP HEIGHT="48" HPOS="1817" VPOS="852" WIDTH="29" />
<String CONTENT="von" HEIGHT="34" HPOS="1847" VPOS="852" WIDTH="112" />
<SP HEIGHT="50" HPOS="1960" VPOS="836" WIDTH="30" />
<String CONTENT="Theodor" HEIGHT="132" HPOS="170" VPOS="835" WIDTH="1976" />
<SP HEIGHT="55" HPOS="274" VPOS="914" WIDTH="29" />
<String CONTENT="Steinkopff," HEIGHT="69" HPOS="304" VPOS="913" WIDTH="343" />
<SP HEIGHT="64" HPOS="648" VPOS="918" WIDTH="28" />
<String CONTENT="1934." HEIGHT="50" HPOS="677" VPOS="917" WIDTH="151" />
</TextLine>
<TextLine CS="1" HEIGHT="52" HPOS="243" STYLEREFS="StyleId-BC0821A6-BAAA-4CBA-9F9B-7C69AC41E581-" VPOS="983" WIDTH="1369">
<String CONTENT="xii," HEIGHT="48" HPOS="243" LANG="de" VPOS="986" WIDTH="83" />
<SP HEIGHT="47" HPOS="327" VPOS="987" WIDTH="25" />
<String CONTENT="233" HEIGHT="40" HPOS="353" LANG="de" VPOS="987" WIDTH="84" />
<SP HEIGHT="37" HPOS="442" VPOS="998" WIDTH="23" />
<String CONTENT="p." HEIGHT="37" HPOS="466" LANG="de" VPOS="998" WIDTH="41" />
<SP HEIGHT="38" HPOS="508" VPOS="988" WIDTH="56" />
<String CONTENT="illus." HEIGHT="39" HPOS="565" LANG="de" VPOS="988" WIDTH="126" />
<SP HEIGHT="47" HPOS="692" VPOS="988" WIDTH="29" />
<String CONTENT="(incl." HEIGHT="48" HPOS="722" LANG="de" VPOS="987" WIDTH="131" />
<SP HEIGHT="27" HPOS="854" VPOS="998" WIDTH="26" />
<String CONTENT="maps," HEIGHT="37" HPOS="881" LANG="en-US" VPOS="997" WIDTH="150" />
<SP HEIGHT="37" HPOS="1032" VPOS="997" WIDTH="27" />
<String CONTENT="plans" HEIGHT="46" HPOS="1060" LANG="en-US" VPOS="988" WIDTH="138" />
<SP HEIGHT="47" HPOS="1199" VPOS="988" WIDTH="11" />
<String CONTENT=")" HEIGHT="47" HPOS="1211" LANG="en-US" VPOS="988" WIDTH="13" />
<SP HEIGHT="47" HPOS="1225" VPOS="988" WIDTH="35" />
<String CONTENT="d" CS="1" LANG="en-US" />
<String CONTENT="iagrs." HEIGHT="47" HPOS="1295" LANG="de" VPOS="986" WIDTH="144" />
<SP HEIGHT="40" HPOS="1440" VPOS="983" WIDTH="55" />
<String CONTENT="25cm." HEIGHT="42" HPOS="1496" LANG="de" VPOS="983" WIDTH="116" />
</TextLine>
<TextLine CS="1" HEIGHT="49" HPOS="245" LANG="de" STYLEREFS="StyleId-BC0821A6-BAAA-4CBA-9F9B-7C69AC41E581-" VPOS="1043" WIDTH="955">
<String CONTENT="&#8220;Literaturverzeichnis&#8221;" CS="1" HEIGHT="40" HPOS="245" VPOS="1044" WIDTH="609" />
<SP HEIGHT="39" HPOS="855" VPOS="1044" WIDTH="20" />
<String CONTENT=":" HEIGHT="27" HPOS="876" VPOS="1056" WIDTH="7" />
<SP HEIGHT="37" HPOS="884" VPOS="1055" WIDTH="30" />
<String CONTENT="p." HEIGHT="37" HPOS="915" VPOS="1055" WIDTH="40" />
<SP HEIGHT="39" HPOS="956" VPOS="1043" WIDTH="29" />
<String CONTENT="205-223." HEIGHT="40" HPOS="986" VPOS="1043" WIDTH="214" />
</TextLine>
<TextLine CS="1" HEIGHT="52" HPOS="177" LANG="de" STYLEREFS="StyleId-BC0821A6-BAAA-4CBA-9F9B-7C69AC41E581-" VPOS="1110" WIDTH="1940">
<String CONTENT="&#169;" HEIGHT="52" HPOS="177" VPOS="1110" WIDTH="52" />
<SP HEIGHT="52" HPOS="230" VPOS="1110" WIDTH="26" />
<String CONTENT="Apr." HEIGHT="48" HPOS="257" LANG="en-US" VPOS="1114" WIDTH="113" />
<SP HEIGHT="39" HPOS="371" VPOS="1113" WIDTH="29" />
<String CONTENT="25," HEIGHT="48" HPOS="401" VPOS="1113" WIDTH="70" />
<SP HEIGHT="46" HPOS="472" VPOS="1115" WIDTH="28" />
<String CONTENT="1934;" HEIGHT="48" HPOS="501" VPOS="1113" WIDTH="141" />
<SP />
<String CONTENT="1c." CS="1" />
<SP />
<String CONTENT="Dec." HEIGHT="38" HPOS="772" LANG="en-US" VPOS="1116" WIDTH="109" />
<SP HEIGHT="37" HPOS="882" VPOS="1116" WIDTH="32" />
<String CONTENT="19;" CS="1" HEIGHT="40" HPOS="915" VPOS="1113" WIDTH="53" />
<SP HEIGHT="47" HPOS="996" VPOS="1114" WIDTH="32" />
<String CONTENT="A" HEIGHT="38" HPOS="1029" LANG="en-US" VPOS="1114" WIDTH="40" />
<String CONTENT="-Foreign" HEIGHT="48" HPOS="1070" VPOS="1112" WIDTH="269" />
<SP HEIGHT="38" HPOS="1340" VPOS="1113" WIDTH="29" />
<String CONTENT="26496.;" CS="1" HEIGHT="41" HPOS="1370" VPOS="1111" WIDTH="148" />
<SP HEIGHT="46" HPOS="1542" VPOS="1113" WIDTH="33" />
<String CONTENT="Theodor" HEIGHT="40" HPOS="1576" VPOS="1112" WIDTH="221" />
<SP HEIGHT="40" HPOS="1798" VPOS="1113" WIDTH="33" />
<String CONTENT="Steinkopff." HEIGHT="47" HPOS="1832" VPOS="1112" WIDTH="285" />
</TextLine>
<TextLine CS="1" HEIGHT="48" HPOS="254" LANG="de" STYLEREFS="StyleId-BC0821A6-BAAA-4CBA-9F9B-7C69AC41E581-" VPOS="1171" WIDTH="362">
<String CONTENT="(A" HEIGHT="48" HPOS="254" VPOS="1171" WIDTH="65" />
<SP />
<String CONTENT="C" CS="1" LANG="en-US" />
<SP HEIGHT="41" HPOS="373" VPOS="1171" WIDTH="15" />
<String CONTENT="34-3494)" HEIGHT="47" HPOS="389" VPOS="1171" WIDTH="227" />
</TextLine>
<TextLine HEIGHT="67" HPOS="172" VPOS="1273" WIDTH="822">
<String CONTENT="Schmidt," HEIGHT="67" HPOS="172" LANG="de" VPOS="1273" WIDTH="288" />
<SP HEIGHT="62" HPOS="461" VPOS="1278" WIDTH="26" />
<String CONTENT="Albrecht," HEIGHT="66" HPOS="488" LANG="fi" VPOS="1274" WIDTH="305" />
<SP HEIGHT="57" HPOS="794" VPOS="1283" WIDTH="29" />
<String CONTENT="1864-" HEIGHT="50" HPOS="824" LANG="de" VPOS="1281" WIDTH="170" />
</TextLine>
<TextLine HEIGHT="69" HPOS="248" LANG="de" VPOS="1350" WIDTH="1931">
<String CONTENT="Die" HEIGHT="53" HPOS="248" VPOS="1352" WIDTH="112" />
<SP HEIGHT="52" HPOS="361" VPOS="1353" WIDTH="28" />
<String CONTENT="industrielle" HEIGHT="54" HPOS="390" VPOS="1353" WIDTH="362" />
<SP HEIGHT="35" HPOS="753" VPOS="1372" WIDTH="26" />
<String CONTENT="chemie" HEIGHT="54" HPOS="780" VPOS="1353" WIDTH="214" />
<SP HEIGHT="56" HPOS="995" VPOS="1351" WIDTH="28" />
<String CONTENT="in" HEIGHT="55" HPOS="1024" VPOS="1351" WIDTH="60" />
<SP HEIGHT="56" HPOS="1085" VPOS="1350" WIDTH="31" />
<String CONTENT="ihrer" HEIGHT="55" HPOS="1117" VPOS="1350" WIDTH="154" />
<SP HEIGHT="53" HPOS="1272" VPOS="1352" WIDTH="27" />
<String CONTENT="bedeutung" HEIGHT="67" HPOS="1300" VPOS="1352" WIDTH="330" />
<SP HEIGHT="67" HPOS="1631" VPOS="1352" WIDTH="28" />
<String CONTENT="im" HEIGHT="52" HPOS="1660" VPOS="1352" WIDTH="83" />
<SP HEIGHT="34" HPOS="1744" VPOS="1370" WIDTH="26" />
<String CONTENT="weitbild" HEIGHT="53" HPOS="1771" VPOS="1352" WIDTH="256" />
<SP HEIGHT="52" HPOS="2028" VPOS="1353" WIDTH="31" />
<String CONTENT="und" HEIGHT="53" HPOS="2060" VPOS="1352" WIDTH="119" />
</TextLine>
<TextLine HEIGHT="68" HPOS="179" LANG="de" VPOS="1430" WIDTH="2002">
<String CONTENT="erinnerungen" HEIGHT="67" HPOS="179" VPOS="1431" WIDTH="418" />
<SP HEIGHT="34" HPOS="598" VPOS="1450" WIDTH="42" />
<String CONTENT="an" HEIGHT="34" HPOS="641" VPOS="1450" WIDTH="72" />
<SP HEIGHT="53" HPOS="714" VPOS="1431" WIDTH="40" />
<String CONTENT="ihren" HEIGHT="54" HPOS="755" VPOS="1430" WIDTH="163" />
<SP HEIGHT="33" HPOS="919" VPOS="1450" WIDTH="40" />
<String CONTENT="aufbau," HEIGHT="67" HPOS="960" VPOS="1430" WIDTH="234" />
<SP HEIGHT="48" HPOS="1195" VPOS="1449" WIDTH="40" />
<String CONTENT="nach" HEIGHT="52" HPOS="1236" VPOS="1431" WIDTH="148" />
<SP HEIGHT="51" HPOS="1385" VPOS="1431" WIDTH="41" />
<String CONTENT="25" HEIGHT="49" HPOS="1427" VPOS="1433" WIDTH="67" />
<SP HEIGHT="48" HPOS="1495" VPOS="1434" WIDTH="42" />
<String CONTENT="Vorlesungen" HEIGHT="67" HPOS="1538" VPOS="1430" WIDTH="377" />
<SP HEIGHT="35" HPOS="1916" VPOS="1448" WIDTH="45" />
<String CONTENT="an" HEIGHT="34" HPOS="1962" VPOS="1448" WIDTH="72" />
<SP HEIGHT="53" HPOS="2035" VPOS="1430" WIDTH="45" />
<String CONTENT="der" HEIGHT="53" HPOS="2081" VPOS="1430" WIDTH="100" />
</TextLine>
<TextLine HEIGHT="69" HPOS="177" VPOS="1507" WIDTH="2002">
<String CONTENT="Johann" HEIGHT="55" HPOS="177" LANG="de" VPOS="1508" WIDTH="233" />
<SP HEIGHT="54" HPOS="411" VPOS="1508" WIDTH="43" />
<String CONTENT="Wolfgang" HEIGHT="68" HPOS="455" LANG="en-US" VPOS="1508" WIDTH="322" />
<SP HEIGHT="68" HPOS="778" VPOS="1508" WIDTH="42" />
<String CONTENT="Goethe-universit&#228;t" HEIGHT="55" HPOS="821" LANG="de" VPOS="1508" WIDTH="588" />
<SP HEIGHT="52" HPOS="1410" VPOS="1508" WIDTH="43" />
<String CONTENT="Frankfurt" HEIGHT="53" HPOS="1454" LANG="de" VPOS="1507" WIDTH="330" />
<SP HEIGHT="47" HPOS="1785" VPOS="1513" WIDTH="43" />
<String CONTENT="a." HEIGHT="35" HPOS="1829" LANG="en-US" VPOS="1525" WIDTH="47" />
<SP HEIGHT="52" HPOS="1877" VPOS="1508" WIDTH="43" />
<String CONTENT="M.," HEIGHT="66" HPOS="1921" LANG="de" VPOS="1508" WIDTH="100" />
<SP HEIGHT="48" HPOS="2022" VPOS="1526" WIDTH="44" />
<String CONTENT="von" HEIGHT="35" HPOS="2067" LANG="de" VPOS="1526" WIDTH="112" />
</TextLine>
<TextLine CS="1" HEIGHT="69" HPOS="174" VPOS="1585" WIDTH="2003">
<String CONTENT="prof." CS="1" HEIGHT="68" HPOS="174" LANG="en-US" VPOS="1586" WIDTH="138" />
<SP HEIGHT="52" HPOS="327" VPOS="1586" WIDTH="46" />
<String CONTENT="dr.," HEIGHT="67" HPOS="374" LANG="de" VPOS="1586" WIDTH="104" />
<SP HEIGHT="66" HPOS="479" VPOS="1587" WIDTH="44" />
<String CONTENT="dr." HEIGHT="52" HPOS="524" LANG="de" VPOS="1587" WIDTH="84" />
<SP HEIGHT="51" HPOS="609" VPOS="1587" WIDTH="47" />
<String CONTENT="ing." HEIGHT="67" HPOS="657" LANG="de" VPOS="1587" WIDTH="117" />
<SP HEIGHT="34" HPOS="775" VPOS="1606" WIDTH="44" />
<String CONTENT="e." HEIGHT="33" HPOS="820" LANG="fi" VPOS="1606" WIDTH="43" />
<SP HEIGHT="51" HPOS="864" VPOS="1588" WIDTH="47" />
<String CONTENT="h." HEIGHT="51" HPOS="912" LANG="fi" VPOS="1588" WIDTH="54" />
<SP HEIGHT="54" HPOS="967" VPOS="1585" WIDTH="45" />
<String CONTENT="Albrecht" HEIGHT="54" HPOS="1013" LANG="fi" VPOS="1585" WIDTH="279" />
<SP HEIGHT="55" HPOS="1293" VPOS="1585" WIDTH="46" />
<String CONTENT="Schmidt" HEIGHT="55" HPOS="1340" LANG="de" VPOS="1585" WIDTH="266" />
<SP />
<String CONTENT="&#8230;" CS="1" LANG="de" />
<SP HEIGHT="51" HPOS="1715" VPOS="1587" WIDTH="95" />
<String CONTENT="Berlin" HEIGHT="53" HPOS="1811" LANG="de" VPOS="1586" WIDTH="201" />
<SP HEIGHT="35" HPOS="2013" VPOS="1604" WIDTH="46" />
<String CONTENT="und" HEIGHT="53" HPOS="2060" LANG="de" VPOS="1587" WIDTH="117" />
</TextLine>
<TextLine HEIGHT="69" HPOS="179" VPOS="1664" WIDTH="1169">
<String CONTENT="Leipzig," HEIGHT="68" HPOS="179" LANG="de" VPOS="1665" WIDTH="257" />
<SP HEIGHT="67" HPOS="437" VPOS="1665" WIDTH="31" />
<String CONTENT="W." HEIGHT="54" HPOS="469" LANG="de" VPOS="1665" WIDTH="90" />
<SP HEIGHT="53" HPOS="560" VPOS="1665" WIDTH="33" />
<String CONTENT="de" HEIGHT="54" HPOS="594" LANG="de" VPOS="1665" WIDTH="68" />
<SP HEIGHT="55" HPOS="663" VPOS="1664" WIDTH="33" />
<String CONTENT="Gruyter" HEIGHT="68" HPOS="697" LANG="fr" VPOS="1664" WIDTH="256" />
<SP HEIGHT="51" HPOS="954" VPOS="1667" WIDTH="29" />
<String CONTENT="&amp;" HEIGHT="51" HPOS="984" LANG="de" VPOS="1667" WIDTH="46" />
<SP HEIGHT="51" HPOS="1031" VPOS="1667" WIDTH="33" />
<String CONTENT="co.," HEIGHT="48" HPOS="1065" LANG="de" VPOS="1683" WIDTH="98" />
<SP HEIGHT="62" HPOS="1164" VPOS="1669" WIDTH="32" />
<String CONTENT="1934." HEIGHT="50" HPOS="1197" LANG="de" VPOS="1667" WIDTH="151" />
</TextLine>
<TextLine CS="1" HEIGHT="50" HPOS="247" VPOS="1737" WIDTH="1103">
<String CONTENT="xxxix," HEIGHT="48" HPOS="247" LANG="de" VPOS="1738" WIDTH="169" />
<SP HEIGHT="48" HPOS="417" VPOS="1738" WIDTH="28" />
<String CONTENT="829" HEIGHT="40" HPOS="446" LANG="de" VPOS="1738" WIDTH="88" />
<SP HEIGHT="49" HPOS="535" VPOS="1738" WIDTH="21" />
<String CONTENT="p." HEIGHT="38" HPOS="557" LANG="de" VPOS="1749" WIDTH="43" />
<SP HEIGHT="41" HPOS="601" VPOS="1738" WIDTH="25" />
<String CONTENT="incl." CS="1" HEIGHT="40" HPOS="627" LANG="en-US" VPOS="1738" WIDTH="78" />
<SP HEIGHT="38" HPOS="738" VPOS="1740" WIDTH="29" />
<String CONTENT="tables," HEIGHT="47" HPOS="768" LANG="en-US" VPOS="1740" WIDTH="168" />
<SP HEIGHT="47" HPOS="937" VPOS="1740" WIDTH="28" />
<String CONTENT="diagrs." HEIGHT="47" HPOS="966" LANG="de" VPOS="1738" WIDTH="178" />
<SP HEIGHT="39" HPOS="1145" VPOS="1738" WIDTH="57" />
<String CONTENT="24" HEIGHT="39" HPOS="1203" LANG="de" VPOS="1737" WIDTH="56" />
<String CONTENT="&#189;" CS="1" LANG="en-US" />
<String CONTENT="cm." HEIGHT="38" HPOS="1292" LANG="de" VPOS="1740" WIDTH="58" />
</TextLine>
<TextLine CS="1" HEIGHT="52" HPOS="180" STYLEREFS="StyleId-BC0821A6-BAAA-4CBA-9F9B-7C69AC41E581-" VPOS="1806" WIDTH="1996">
<String CONTENT="&#169;" HEIGHT="52" HPOS="180" LANG="de" VPOS="1806" WIDTH="51" />
<SP HEIGHT="52" HPOS="232" VPOS="1806" WIDTH="23" />
<String CONTENT="Aug." HEIGHT="47" HPOS="256" LANG="en-US" VPOS="1811" WIDTH="118" />
<SP HEIGHT="39" HPOS="375" VPOS="1809" WIDTH="22" />
<String CONTENT="1," HEIGHT="48" HPOS="398" LANG="de" VPOS="1809" WIDTH="40" />
<SP HEIGHT="46" HPOS="439" VPOS="1811" WIDTH="22" />
<String CONTENT="1934;" CS="1" HEIGHT="42" HPOS="462" LANG="de" VPOS="1808" WIDTH="115" />
<SP />
<String CONTENT="1c." CS="1" LANG="de" />
<SP />
<String CONTENT="Sept." HEIGHT="47" HPOS="725" LANG="fr" VPOS="1810" WIDTH="126" />
<SP HEIGHT="40" HPOS="852" VPOS="1808" WIDTH="22" />
<String CONTENT="20;" CS="1" HEIGHT="41" HPOS="875" LANG="de" VPOS="1808" WIDTH="55" />
<SP HEIGHT="46" HPOS="958" VPOS="1810" WIDTH="25" />
<String CONTENT="A" HEIGHT="38" HPOS="984" LANG="fr" VPOS="1810" WIDTH="43" />
<String CONTENT="-Foreign" HEIGHT="48" HPOS="1027" LANG="de" VPOS="1809" WIDTH="268" />
<SP HEIGHT="39" HPOS="1296" VPOS="1809" WIDTH="21" />
<String CONTENT="25691;" CS="1" HEIGHT="41" HPOS="1318" LANG="de" VPOS="1808" WIDTH="144" />
<SP HEIGHT="46" HPOS="1490" VPOS="1810" WIDTH="26" />
<String CONTENT="Walter" HEIGHT="39" HPOS="1517" LANG="de" VPOS="1810" WIDTH="188" />
<SP HEIGHT="38" HPOS="1706" VPOS="1811" WIDTH="23" />
<String CONTENT="de" HEIGHT="38" HPOS="1730" LANG="de" VPOS="1811" WIDTH="57" />
<SP HEIGHT="40" HPOS="1788" VPOS="1809" WIDTH="22" />
<String CONTENT="Gruyter" HEIGHT="46" HPOS="1811" LANG="fr" VPOS="1809" WIDTH="211" />
<SP HEIGHT="40" HPOS="2023" VPOS="1809" WIDTH="24" />
<String CONTENT="&amp;" HEIGHT="40" HPOS="2048" LANG="de" VPOS="1809" WIDTH="37" />
<SP HEIGHT="40" HPOS="2086" VPOS="1809" WIDTH="23" />
<String CONTENT="co." HEIGHT="28" HPOS="2110" LANG="de" VPOS="1821" WIDTH="66" />
</TextLine>
<TextLine HEIGHT="49" HPOS="258" LANG="de" STYLEREFS="StyleId-BC0821A6-BAAA-4CBA-9F9B-7C69AC41E581-" VPOS="1866" WIDTH="249">
<String CONTENT="(35-1742)" HEIGHT="49" HPOS="258" VPOS="1866" WIDTH="249" />
</TextLine>
<TextLine HEIGHT="65" HPOS="177" LANG="de" STYLEREFS="StyleId-DDC30BFB-8180-4411-BB49-002E85854218-" VPOS="1971" WIDTH="846">
<String CONTENT="Schwartz," HEIGHT="61" HPOS="177" VPOS="1971" WIDTH="322" />
<SP HEIGHT="60" HPOS="500" VPOS="1972" WIDTH="26" />
<String CONTENT="Harry" HEIGHT="64" HPOS="527" VPOS="1972" WIDTH="203" />
<SP HEIGHT="63" HPOS="731" VPOS="1973" WIDTH="21" />
<String CONTENT="Warren." HEIGHT="55" HPOS="753" VPOS="1973" WIDTH="270" />
</TextLine>
<TextLine CS="1" HEIGHT="70" HPOS="248" LANG="en-US" VPOS="2046" WIDTH="1930">
<String CONTENT="This" HEIGHT="53" HPOS="248" VPOS="2048" WIDTH="142" />
<SP HEIGHT="53" HPOS="391" VPOS="2048" WIDTH="37" />
<String CONTENT="book-collecting" HEIGHT="69" HPOS="429" VPOS="2047" WIDTH="477" />
<SP HEIGHT="49" HPOS="907" VPOS="2067" WIDTH="37" />
<String CONTENT="racket;" HEIGHT="69" HPOS="945" VPOS="2046" WIDTH="220" />
<SP HEIGHT="48" HPOS="1166" VPOS="2067" WIDTH="41" />
<String CONTENT="a" HEIGHT="33" HPOS="1208" VPOS="2069" WIDTH="31" />
<SP HEIGHT="55" HPOS="1240" VPOS="2047" WIDTH="39" />
<String CONTENT="few" HEIGHT="53" HPOS="1280" VPOS="2047" WIDTH="111" />
<SP HEIGHT="34" HPOS="1392" VPOS="2066" WIDTH="37" />
<String CONTENT="notes" HEIGHT="47" HPOS="1430" VPOS="2053" WIDTH="160" />
<SP HEIGHT="35" HPOS="1591" VPOS="2065" WIDTH="37" />
<String CONTENT="on" HEIGHT="35" HPOS="1629" VPOS="2065" WIDTH="73" />
<SP HEIGHT="50" HPOS="1703" VPOS="2050" WIDTH="36" />
<String CONTENT="the" HEIGHT="51" HPOS="1740" VPOS="2048" WIDTH="97" />
<SP HEIGHT="33" HPOS="1838" VPOS="2066" WIDTH="39" />
<String CONTENT="abuses" HEIGHT="54" HPOS="1878" VPOS="2047" WIDTH="196" />
<SP HEIGHT="35" HPOS="2075" VPOS="2066" WIDTH="39" />
<String CONTENT="of" HEIGHT="53" HPOS="2115" VPOS="2047" WIDTH="63" />
</TextLine>
<TextLine CS="1" HEIGHT="69" HPOS="177" LANG="en-US" VPOS="2126" WIDTH="2002">
<String CONTENT="book" HEIGHT="52" HPOS="177" VPOS="2126" WIDTH="148" />
<SP HEIGHT="54" HPOS="326" VPOS="2126" WIDTH="25" />
<String CONTENT="collecting," HEIGHT="67" HPOS="352" VPOS="2128" WIDTH="318" />
<SP HEIGHT="66" HPOS="671" VPOS="2128" WIDTH="27" />
<String CONTENT="by" HEIGHT="67" HPOS="699" VPOS="2128" WIDTH="74" />
<SP HEIGHT="66" HPOS="774" VPOS="2129" WIDTH="24" />
<String CONTENT="Harry" HEIGHT="66" HPOS="799" VPOS="2129" WIDTH="199" />
<SP HEIGHT="65" HPOS="999" VPOS="2130" WIDTH="24" />
<String CONTENT="W." HEIGHT="54" HPOS="1024" VPOS="2130" WIDTH="89" />
<SP HEIGHT="55" HPOS="1114" VPOS="2129" WIDTH="30" />
<String CONTENT="Schwartz" HEIGHT="55" HPOS="1145" VPOS="2129" WIDTH="292" />
<SP />
<String CONTENT="&#8230;" CS="1" />
<SP HEIGHT="49" HPOS="1529" VPOS="2146" WIDTH="66" />
<String CONTENT="pt." HEIGHT="63" HPOS="1596" VPOS="2132" WIDTH="81" />
<SP HEIGHT="50" HPOS="1678" VPOS="2130" WIDTH="31" />
<String CONTENT="1." HEIGHT="50" HPOS="1710" VPOS="2130" WIDTH="45" />
<SP HEIGHT="53" HPOS="1756" VPOS="2127" WIDTH="61" />
<String CONTENT="Milwaukee," HEIGHT="68" HPOS="1818" VPOS="2127" WIDTH="361" />
</TextLine>
<TextLine HEIGHT="68" HPOS="177" LANG="en-US" VPOS="2205" WIDTH="822">
<String CONTENT="The" HEIGHT="52" HPOS="177" VPOS="2205" WIDTH="121" />
<SP HEIGHT="54" HPOS="299" VPOS="2205" WIDTH="26" />
<String CONTENT="Casanova" HEIGHT="54" HPOS="326" VPOS="2205" WIDTH="295" />
<SP HEIGHT="48" HPOS="622" VPOS="2225" WIDTH="24" />
<String CONTENT="press," HEIGHT="50" HPOS="647" VPOS="2223" WIDTH="174" />
<SP HEIGHT="60" HPOS="822" VPOS="2212" WIDTH="26" />
<String CONTENT="1934." HEIGHT="51" HPOS="849" VPOS="2209" WIDTH="150" />
</TextLine>
<TextLine CS="1" HEIGHT="48" HPOS="248" LANG="en-US" STYLEREFS="StyleId-BC0821A6-BAAA-4CBA-9F9B-7C69AC41E581-" VPOS="2278" WIDTH="304">
<String CONTENT="46" CS="1" HEIGHT="37" HPOS="248" VPOS="2280" WIDTH="26" />
<SP HEIGHT="47" HPOS="308" VPOS="2279" WIDTH="24" />
<String CONTENT="p." HEIGHT="37" HPOS="333" VPOS="2289" WIDTH="42" />
<SP HEIGHT="37" HPOS="376" VPOS="2280" WIDTH="58" />
<String CONTENT="19cm." CS="1" HEIGHT="41" HPOS="435" VPOS="2278" WIDTH="117" />
</TextLine>
<TextLine HEIGHT="51" HPOS="252" LANG="en-US" STYLEREFS="StyleId-BC0821A6-BAAA-4CBA-9F9B-7C69AC41E581-" VPOS="2334" WIDTH="1929">
<String CONTENT="&#8220;This" HEIGHT="40" HPOS="252" VPOS="2335" WIDTH="145" />
<SP HEIGHT="30" HPOS="398" VPOS="2345" WIDTH="35" />
<String CONTENT="edition" HEIGHT="41" HPOS="434" VPOS="2335" WIDTH="184" />
<SP HEIGHT="39" HPOS="619" VPOS="2335" WIDTH="35" />
<String CONTENT="is" HEIGHT="40" HPOS="655" VPOS="2335" WIDTH="43" />
<SP HEIGHT="38" HPOS="699" VPOS="2337" WIDTH="34" />
<String CONTENT="limited" HEIGHT="39" HPOS="734" VPOS="2336" WIDTH="190" />
<SP HEIGHT="39" HPOS="925" VPOS="2337" WIDTH="37" />
<String CONTENT="to" HEIGHT="37" HPOS="963" VPOS="2339" WIDTH="52" />
<SP HEIGHT="40" HPOS="1016" VPOS="2336" WIDTH="33" />
<String CONTENT="500" HEIGHT="41" HPOS="1050" VPOS="2335" WIDTH="87" />
<SP HEIGHT="41" HPOS="1138" VPOS="2335" WIDTH="33" />
<String CONTENT="numbered" HEIGHT="41" HPOS="1172" VPOS="2336" WIDTH="264" />
<SP HEIGHT="39" HPOS="1437" VPOS="2337" WIDTH="35" />
<String CONTENT="copies.&#8221;" HEIGHT="50" HPOS="1473" VPOS="2334" WIDTH="204" />
<SP HEIGHT="40" HPOS="1678" VPOS="2334" WIDTH="66" />
<String CONTENT="These" HEIGHT="41" HPOS="1745" VPOS="2335" WIDTH="158" />
<SP HEIGHT="31" HPOS="1904" VPOS="2344" WIDTH="34" />
<String CONTENT="are" HEIGHT="32" HPOS="1939" VPOS="2344" WIDTH="83" />
<SP HEIGHT="30" HPOS="2023" VPOS="2346" WIDTH="36" />
<String CONTENT="copy" HEIGHT="40" HPOS="2060" VPOS="2345" WIDTH="121" />
</TextLine>
<TextLine HEIGHT="40" HPOS="179" LANG="en-US" STYLEREFS="StyleId-BC0821A6-BAAA-4CBA-9F9B-7C69AC41E581-" VPOS="2393" WIDTH="589">
<String CONTENT="numbers" HEIGHT="39" HPOS="179" VPOS="2393" WIDTH="227" />
<SP HEIGHT="38" HPOS="407" VPOS="2394" WIDTH="23" />
<String CONTENT="483" HEIGHT="40" HPOS="431" VPOS="2393" WIDTH="85" />
<SP HEIGHT="40" HPOS="517" VPOS="2393" WIDTH="28" />
<String CONTENT="and" HEIGHT="40" HPOS="546" VPOS="2393" WIDTH="96" />
<SP HEIGHT="40" HPOS="643" VPOS="2393" WIDTH="23" />
<String CONTENT="484." HEIGHT="40" HPOS="667" VPOS="2393" WIDTH="101" />
</TextLine>
<TextLine CS="1" HEIGHT="110" HPOS="182" LANG="en-US" STYLEREFS="StyleId-BC0821A6-BAAA-4CBA-9F9B-7C69AC41E581-" VPOS="2445" WIDTH="1982">
<String CONTENT="&#169;" HEIGHT="52" HPOS="182" VPOS="2445" WIDTH="51" />
<SP HEIGHT="52" HPOS="234" VPOS="2445" WIDTH="27" />
<String CONTENT="Jan." HEIGHT="38" HPOS="262" VPOS="2451" WIDTH="107" />
<SP HEIGHT="39" HPOS="370" VPOS="2449" WIDTH="27" />
<String CONTENT="27," HEIGHT="48" HPOS="398" VPOS="2449" WIDTH="69" />
<SP HEIGHT="47" HPOS="468" VPOS="2450" WIDTH="26" />
<String CONTENT="1934;" HEIGHT="47" HPOS="495" VPOS="2449" WIDTH="141" />
<SP HEIGHT="47" HPOS="637" VPOS="2449" WIDTH="26" />
<String CONTENT="2c." HEIGHT="40" HPOS="664" VPOS="2449" WIDTH="65" />
<SP HEIGHT="38" HPOS="730" VPOS="2450" WIDTH="27" />
<String CONTENT="Aug." HEIGHT="47" HPOS="758" VPOS="2450" WIDTH="118" />
<SP HEIGHT="38" HPOS="877" VPOS="2450" WIDTH="26" />
<String CONTENT="4;" HEIGHT="46" HPOS="904" VPOS="2450" WIDTH="53" />
<SP HEIGHT="36" HPOS="958" VPOS="2460" WIDTH="29" />
<String CONTENT="aff." HEIGHT="40" HPOS="988" VPOS="2449" WIDTH="80" />
<SP HEIGHT="38" HPOS="1069" VPOS="2450" WIDTH="26" />
<String CONTENT="Nov." HEIGHT="39" HPOS="1096" VPOS="2450" WIDTH="115" />
<SP HEIGHT="41" HPOS="1212" VPOS="2449" WIDTH="27" />
<String CONTENT="8;" HEIGHT="48" HPOS="1240" VPOS="2449" WIDTH="52" />
<SP HEIGHT="47" HPOS="1293" VPOS="2450" WIDTH="27" />
<String CONTENT="A" HEIGHT="39" HPOS="1321" VPOS="2450" WIDTH="43" />
<SP HEIGHT="40" HPOS="1365" VPOS="2450" WIDTH="23" />
<String CONTENT="78016;" CS="1" HEIGHT="41" HPOS="1389" VPOS="2449" WIDTH="143" />
<SP HEIGHT="46" HPOS="1561" VPOS="2450" WIDTH="30" />
<String CONTENT="H." HEIGHT="39" HPOS="1592" LANG="fr" VPOS="2450" WIDTH="60" />
<SP HEIGHT="39" HPOS="1653" VPOS="2450" WIDTH="27" />
<String CONTENT="W." HEIGHT="39" HPOS="1681" VPOS="2450" WIDTH="72" />
<SP HEIGHT="40" HPOS="1754" VPOS="2450" WIDTH="31" />
<String CONTENT="Schwartz," HEIGHT="47" HPOS="1786" VPOS="2449" WIDTH="261" />
<SP HEIGHT="45" HPOS="2048" VPOS="2451" WIDTH="28" />
<String CONTENT="Milwaukee." HEIGHT="99" HPOS="250" VPOS="2448" WIDTH="1914" />
<SP HEIGHT="48" HPOS="463" VPOS="2507" WIDTH="71" />
<String CONTENT="(35-1212)" HEIGHT="49" HPOS="535" VPOS="2506" WIDTH="250" />
</TextLine>
<TextLine CS="1" HEIGHT="66" HPOS="180" LANG="en-US" STYLEREFS="StyleId-DDC30BFB-8180-4411-BB49-002E85854218-" VPOS="2609" WIDTH="1323">
<String CONTENT="Scott" HEIGHT="54" HPOS="180" VPOS="2609" WIDTH="166" />
<SP HEIGHT="50" HPOS="347" VPOS="2613" WIDTH="24" />
<String CONTENT="stamp" HEIGHT="60" HPOS="372" VPOS="2614" WIDTH="198" />
<SP HEIGHT="47" HPOS="571" VPOS="2627" WIDTH="25" />
<String CONTENT="and" HEIGHT="52" HPOS="597" VPOS="2611" WIDTH="115" />
<SP HEIGHT="52" HPOS="713" VPOS="2611" WIDTH="26" />
<String CONTENT="coin" HEIGHT="48" HPOS="740" VPOS="2615" WIDTH="127" />
<SP HEIGHT="36" HPOS="868" VPOS="2627" WIDTH="25" />
<String CONTENT="co.," HEIGHT="48" HPOS="894" VPOS="2626" WIDTH="102" />
<SP HEIGHT="63" HPOS="997" VPOS="2611" WIDTH="23" />
<String CONTENT="I&#8217;d.," CS="1" HEIGHT="64" HPOS="1062" VPOS="2611" WIDTH="73" />
<SP HEIGHT="63" HPOS="1136" VPOS="2612" WIDTH="20" />
<String CONTENT="New" HEIGHT="51" HPOS="1157" VPOS="2612" WIDTH="140" />
<SP HEIGHT="50" HPOS="1298" VPOS="2613" WIDTH="26" />
<String CONTENT="York." HEIGHT="52" HPOS="1325" VPOS="2611" WIDTH="178" />
</TextLine>
<TextLine HEIGHT="69" HPOS="254" LANG="en-US" VPOS="2686" WIDTH="1927">
<String CONTENT="The" HEIGHT="52" HPOS="254" VPOS="2688" WIDTH="120" />
<SP HEIGHT="33" HPOS="375" VPOS="2707" WIDTH="48" />
<String CONTENT="specialty" HEIGHT="67" HPOS="424" VPOS="2688" WIDTH="277" />
<SP HEIGHT="49" HPOS="702" VPOS="2705" WIDTH="47" />
<String CONTENT="album" HEIGHT="54" HPOS="750" VPOS="2686" WIDTH="194" />
<SP HEIGHT="53" HPOS="945" VPOS="2686" WIDTH="45" />
<String CONTENT="for" HEIGHT="54" HPOS="991" VPOS="2686" WIDTH="96" />
<SP HEIGHT="34" HPOS="1088" VPOS="2706" WIDTH="45" />
<String CONTENT="commemorative" HEIGHT="54" HPOS="1134" VPOS="2687" WIDTH="495" />
<SP HEIGHT="49" HPOS="1630" VPOS="2705" WIDTH="47" />
<String CONTENT="postage" HEIGHT="63" HPOS="1678" VPOS="2691" WIDTH="239" />
<SP HEIGHT="34" HPOS="1918" VPOS="2706" WIDTH="45" />
<String CONTENT="stamps" HEIGHT="63" HPOS="1964" VPOS="2691" WIDTH="217" />
</TextLine>
<TextLine CS="1" HEIGHT="68" HPOS="185" LANG="en-US" VPOS="2764" WIDTH="2001">
<String CONTENT="of" HEIGHT="52" HPOS="185" VPOS="2765" WIDTH="65" />
<SP HEIGHT="53" HPOS="251" VPOS="2765" WIDTH="25" />
<String CONTENT="the" HEIGHT="52" HPOS="277" VPOS="2766" WIDTH="96" />
<SP HEIGHT="34" HPOS="374" VPOS="2784" WIDTH="25" />
<String CONTENT="world;" CS="1" HEIGHT="52" HPOS="400" VPOS="2766" WIDTH="181" />
<SP HEIGHT="47" HPOS="610" VPOS="2784" WIDTH="32" />
<String CONTENT="contains" HEIGHT="54" HPOS="643" VPOS="2765" WIDTH="258" />
<SP HEIGHT="33" HPOS="902" VPOS="2785" WIDTH="25" />
<String CONTENT="spaces" HEIGHT="48" HPOS="928" VPOS="2784" WIDTH="193" />
<SP HEIGHT="53" HPOS="1122" VPOS="2765" WIDTH="28" />
<String CONTENT="for" HEIGHT="54" HPOS="1151" VPOS="2765" WIDTH="94" />
<SP HEIGHT="35" HPOS="1246" VPOS="2783" WIDTH="28" />
<String CONTENT="all" HEIGHT="51" HPOS="1275" VPOS="2767" WIDTH="78" />
<SP HEIGHT="52" HPOS="1354" VPOS="2767" WIDTH="29" />
<String CONTENT="stamps" HEIGHT="61" HPOS="1384" VPOS="2771" WIDTH="216" />
<SP HEIGHT="53" HPOS="1601" VPOS="2766" WIDTH="28" />
<String CONTENT="listed" HEIGHT="53" HPOS="1630" VPOS="2765" WIDTH="170" />
<SP HEIGHT="54" HPOS="1801" VPOS="2764" WIDTH="26" />
<String CONTENT="in" HEIGHT="53" HPOS="1828" VPOS="2764" WIDTH="61" />
<SP HEIGHT="48" HPOS="1890" VPOS="2770" WIDTH="28" />
<String CONTENT="the" HEIGHT="53" HPOS="1919" VPOS="2766" WIDTH="97" />
<SP HEIGHT="51" HPOS="2017" VPOS="2768" WIDTH="31" />
<String CONTENT="1934" HEIGHT="50" HPOS="2049" VPOS="2768" WIDTH="137" />
</TextLine>
<TextLine HEIGHT="70" HPOS="185" LANG="en-US" VPOS="2841" WIDTH="2000">
<String CONTENT="edition" HEIGHT="55" HPOS="185" VPOS="2841" WIDTH="215" />
<SP HEIGHT="34" HPOS="401" VPOS="2861" WIDTH="38" />
<String CONTENT="of" HEIGHT="53" HPOS="440" VPOS="2842" WIDTH="64" />
<SP HEIGHT="53" HPOS="505" VPOS="2842" WIDTH="36" />
<String CONTENT="the" HEIGHT="52" HPOS="542" VPOS="2844" WIDTH="96" />
<SP HEIGHT="56" HPOS="639" VPOS="2841" WIDTH="43" />
<String CONTENT="Standard" HEIGHT="56" HPOS="683" VPOS="2841" WIDTH="292" />
<SP HEIGHT="66" HPOS="976" VPOS="2844" WIDTH="40" />
<String CONTENT="postage" HEIGHT="62" HPOS="1017" VPOS="2848" WIDTH="234" />
<SP HEIGHT="34" HPOS="1252" VPOS="2863" WIDTH="37" />
<String CONTENT="stamp" HEIGHT="61" HPOS="1290" VPOS="2850" WIDTH="191" />
<SP HEIGHT="49" HPOS="1482" VPOS="2862" WIDTH="41" />
<String CONTENT="catalogue" HEIGHT="66" HPOS="1524" VPOS="2844" WIDTH="298" />
<SP HEIGHT="36" HPOS="1823" VPOS="2861" WIDTH="37" />
<String CONTENT="under" HEIGHT="53" HPOS="1861" VPOS="2843" WIDTH="184" />
<SP HEIGHT="49" HPOS="2046" VPOS="2847" WIDTH="37" />
<String CONTENT="the" HEIGHT="55" HPOS="2084" VPOS="2842" WIDTH="101" />
</TextLine>
<TextLine CS="1" HEIGHT="147" HPOS="188" LANG="en-US" VPOS="2918" WIDTH="1994">
<String CONTENT="following" HEIGHT="68" HPOS="188" VPOS="2920" WIDTH="303" />
<SP HEIGHT="50" HPOS="492" VPOS="2938" WIDTH="31" />
<String CONTENT="classification:" HEIGHT="54" HPOS="524" VPOS="2919" WIDTH="428" />
<SP HEIGHT="52" HPOS="953" VPOS="2920" WIDTH="34" />
<String CONTENT="&#8220;Special" HEIGHT="68" HPOS="988" VPOS="2920" WIDTH="263" />
<SP HEIGHT="51" HPOS="1252" VPOS="2923" WIDTH="32" />
<String CONTENT="stamps" HEIGHT="62" HPOS="1285" VPOS="2926" WIDTH="216" />
<SP HEIGHT="57" HPOS="1502" VPOS="2918" WIDTH="31" />
<String CONTENT="issued" HEIGHT="56" HPOS="1534" VPOS="2918" WIDTH="189" />
<SP HEIGHT="53" HPOS="1724" VPOS="2921" WIDTH="32" />
<String CONTENT="to" HEIGHT="50" HPOS="1757" VPOS="2925" WIDTH="62" />
<SP HEIGHT="36" HPOS="1820" VPOS="2939" WIDTH="31" />
<String CONTENT="commemorate" HEIGHT="113" HPOS="188" VPOS="2938" WIDTH="1971" />
<SP HEIGHT="33" HPOS="306" VPOS="3018" WIDTH="38" />
<String CONTENT="some" HEIGHT="36" HPOS="345" VPOS="3017" WIDTH="154" />
<SP HEIGHT="37" HPOS="500" VPOS="3016" WIDTH="33" />
<String CONTENT="event" HEIGHT="47" HPOS="534" VPOS="3003" WIDTH="167" />
<SP HEIGHT="47" HPOS="702" VPOS="3003" WIDTH="33" />
<String CONTENT="of" HEIGHT="53" HPOS="736" VPOS="2997" WIDTH="65" />
<SP HEIGHT="53" HPOS="802" VPOS="2997" WIDTH="36" />
<String CONTENT="local," HEIGHT="65" HPOS="839" VPOS="2999" WIDTH="163" />
<SP HEIGHT="46" HPOS="1003" VPOS="3018" WIDTH="37" />
<String CONTENT="national" HEIGHT="53" HPOS="1041" VPOS="2999" WIDTH="258" />
<SP HEIGHT="52" HPOS="1300" VPOS="3001" WIDTH="38" />
<String CONTENT="or" HEIGHT="34" HPOS="1339" VPOS="3019" WIDTH="64" />
<SP HEIGHT="51" HPOS="1404" VPOS="3001" WIDTH="36" />
<String CONTENT="historical" HEIGHT="53" HPOS="1441" VPOS="2999" WIDTH="297" />
<SP HEIGHT="52" HPOS="1739" VPOS="2999" WIDTH="35" />
<String CONTENT="importance.&#8221;" HEIGHT="67" HPOS="1775" VPOS="2998" WIDTH="407" />
</TextLine>
<TextLine HEIGHT="70" HPOS="187" LANG="en-US" VPOS="3074" WIDTH="1689">
<String CONTENT="New" HEIGHT="53" HPOS="187" VPOS="3076" WIDTH="138" />
<SP HEIGHT="51" HPOS="326" VPOS="3077" WIDTH="32" />
<String CONTENT="York," HEIGHT="67" HPOS="359" VPOS="3075" WIDTH="180" />
<SP HEIGHT="68" HPOS="540" VPOS="3074" WIDTH="29" />
<String CONTENT="Scott" HEIGHT="56" HPOS="570" VPOS="3074" WIDTH="163" />
<SP HEIGHT="47" HPOS="734" VPOS="3081" WIDTH="25" />
<String CONTENT="stamp" HEIGHT="62" HPOS="760" VPOS="3081" WIDTH="187" />
<SP HEIGHT="65" HPOS="948" VPOS="3078" WIDTH="31" />
<String CONTENT="&amp;" HEIGHT="51" HPOS="980" VPOS="3078" WIDTH="46" />
<SP HEIGHT="51" HPOS="1027" VPOS="3078" WIDTH="28" />
<String CONTENT="coin" HEIGHT="53" HPOS="1056" VPOS="3077" WIDTH="125" />
<SP HEIGHT="34" HPOS="1182" VPOS="3096" WIDTH="30" />
<String CONTENT="company," HEIGHT="49" HPOS="1213" VPOS="3095" WIDTH="299" />
<SP HEIGHT="67" HPOS="1513" VPOS="3077" WIDTH="26" />
<String CONTENT="ltd." HEIGHT="53" HPOS="1540" VPOS="3077" WIDTH="106" />
<SP HEIGHT="34" HPOS="1647" VPOS="3109" WIDTH="36" />
<String CONTENT="[c1934]" HEIGHT="64" HPOS="1684" VPOS="3079" WIDTH="192" />
</TextLine>
<TextLine HEIGHT="52" HPOS="252" LANG="en-US" STYLEREFS="StyleId-BC0821A6-BAAA-4CBA-9F9B-7C69AC41E581-" VPOS="3145" WIDTH="558">
<String CONTENT="[495]" HEIGHT="51" HPOS="252" VPOS="3146" WIDTH="113" />
<SP HEIGHT="40" HPOS="366" VPOS="3157" WIDTH="34" />
<String CONTENT="p." HEIGHT="37" HPOS="401" VPOS="3157" WIDTH="43" />
<SP HEIGHT="40" HPOS="445" VPOS="3146" WIDTH="58" />
<String CONTENT="illus." HEIGHT="40" HPOS="504" VPOS="3146" WIDTH="129" />
<SP HEIGHT="41" HPOS="634" VPOS="3145" WIDTH="57" />
<String CONTENT="29cm." HEIGHT="42" HPOS="692" VPOS="3145" WIDTH="118" />
</TextLine>
<TextLine HEIGHT="47" HPOS="252" LANG="en-US" STYLEREFS="StyleId-BC0821A6-BAAA-4CBA-9F9B-7C69AC41E581-" VPOS="3203" WIDTH="686">
<String CONTENT="Four" HEIGHT="39" HPOS="252" VPOS="3204" WIDTH="128" />
<SP HEIGHT="39" HPOS="381" VPOS="3204" WIDTH="26" />
<String CONTENT="blank" HEIGHT="40" HPOS="408" VPOS="3203" WIDTH="148" />
<SP HEIGHT="47" HPOS="557" VPOS="3203" WIDTH="22" />
<String CONTENT="pages" HEIGHT="38" HPOS="580" VPOS="3212" WIDTH="147" />
<SP HEIGHT="30" HPOS="728" VPOS="3213" WIDTH="25" />
<String CONTENT="at" HEIGHT="38" HPOS="754" VPOS="3205" WIDTH="53" />
<SP HEIGHT="38" HPOS="808" VPOS="3205" WIDTH="23" />
<String CONTENT="end." HEIGHT="40" HPOS="832" VPOS="3204" WIDTH="106" />
</TextLine>
<TextLine HEIGHT="49" HPOS="251" LANG="en-US" STYLEREFS="StyleId-BC0821A6-BAAA-4CBA-9F9B-7C69AC41E581-" VPOS="3258" WIDTH="778">
<String CONTENT="Includes" HEIGHT="40" HPOS="251" VPOS="3260" WIDTH="225" />
<SP HEIGHT="30" HPOS="477" VPOS="3270" WIDTH="28" />
<String CONTENT="advertising" HEIGHT="49" HPOS="506" VPOS="3258" WIDTH="304" />
<SP HEIGHT="38" HPOS="811" VPOS="3269" WIDTH="24" />
<String CONTENT="matter." HEIGHT="40" HPOS="836" VPOS="3261" WIDTH="193" />
</TextLine>
<TextLine CS="1" HEIGHT="52" HPOS="188" LANG="en-US" STYLEREFS="StyleId-BC0821A6-BAAA-4CBA-9F9B-7C69AC41E581-" VPOS="3329" WIDTH="1994">
<String CONTENT="&#169;" HEIGHT="51" HPOS="188" VPOS="3329" WIDTH="53" />
<SP HEIGHT="51" HPOS="242" VPOS="3329" WIDTH="27" />
<String CONTENT="Feb." HEIGHT="39" HPOS="270" VPOS="3334" WIDTH="108" />
<SP HEIGHT="37" HPOS="379" VPOS="3334" WIDTH="30" />
<String CONTENT="10," HEIGHT="43" HPOS="410" VPOS="3333" WIDTH="68" />
<SP HEIGHT="43" HPOS="479" VPOS="3333" WIDTH="28" />
<String CONTENT="1934;" HEIGHT="47" HPOS="508" VPOS="3331" WIDTH="140" />
<SP HEIGHT="47" HPOS="649" VPOS="3331" WIDTH="31" />
<String CONTENT="2c." HEIGHT="41" HPOS="681" VPOS="3331" WIDTH="66" />
<SP HEIGHT="28" HPOS="748" VPOS="3344" WIDTH="28" />
<String CONTENT="and" HEIGHT="39" HPOS="777" VPOS="3334" WIDTH="96" />
<SP />
<String CONTENT="aff." CS="1" />
<SP />
<String CONTENT="Dec." HEIGHT="39" HPOS="1014" VPOS="3335" WIDTH="109" />
<SP HEIGHT="39" HPOS="1124" VPOS="3333" WIDTH="30" />
<String CONTENT="28;" HEIGHT="47" HPOS="1155" VPOS="3333" WIDTH="80" />
<SP HEIGHT="45" HPOS="1236" VPOS="3335" WIDTH="31" />
<String CONTENT="A" HEIGHT="38" HPOS="1268" VPOS="3335" WIDTH="42" />
<SP HEIGHT="39" HPOS="1311" VPOS="3335" WIDTH="25" />
<String CONTENT="78747;" CS="1" HEIGHT="40" HPOS="1337" VPOS="3334" WIDTH="144" />
<SP HEIGHT="47" HPOS="1508" VPOS="3334" WIDTH="35" />
<String CONTENT="Scott" HEIGHT="40" HPOS="1544" VPOS="3334" WIDTH="137" />
<SP HEIGHT="38" HPOS="1682" VPOS="3335" WIDTH="26" />
<String CONTENT="stamp" HEIGHT="46" HPOS="1709" VPOS="3334" WIDTH="163" />
<SP HEIGHT="46" HPOS="1873" VPOS="3334" WIDTH="25" />
<String CONTENT="&amp;" HEIGHT="38" HPOS="1899" VPOS="3334" WIDTH="35" />
<SP HEIGHT="39" HPOS="1935" VPOS="3334" WIDTH="27" />
<String CONTENT="coin" HEIGHT="40" HPOS="1963" VPOS="3333" WIDTH="107" />
<SP HEIGHT="29" HPOS="2071" VPOS="3345" WIDTH="29" />
<String CONTENT="co.," HEIGHT="36" HPOS="2101" VPOS="3345" WIDTH="81" />
</TextLine>
<TextLine HEIGHT="51" HPOS="253" LANG="en-US" STYLEREFS="StyleId-BC0821A6-BAAA-4CBA-9F9B-7C69AC41E581-" VPOS="3387" WIDTH="407">
<String CONTENT="ltd." HEIGHT="39" HPOS="253" VPOS="3390" WIDTH="84" />
<SP HEIGHT="48" HPOS="338" VPOS="3390" WIDTH="72" />
<String CONTENT="(35-1526)" HEIGHT="51" HPOS="411" VPOS="3387" WIDTH="249" />
</TextLine>
<TextLine HEIGHT="69" HPOS="259" LANG="en-US" VPOS="3490" WIDTH="1926">
<String CONTENT="The" HEIGHT="51" HPOS="259" VPOS="3493" WIDTH="122" />
<SP HEIGHT="33" HPOS="382" VPOS="3511" WIDTH="33" />
<String CONTENT="specialty" HEIGHT="68" HPOS="416" VPOS="3491" WIDTH="277" />
<SP HEIGHT="48" HPOS="694" VPOS="3510" WIDTH="32" />
<String CONTENT="album" HEIGHT="52" HPOS="727" VPOS="3492" WIDTH="193" />
<SP HEIGHT="54" HPOS="921" VPOS="3490" WIDTH="32" />
<String CONTENT="for" HEIGHT="55" HPOS="954" VPOS="3490" WIDTH="93" />
<SP HEIGHT="55" HPOS="1048" VPOS="3492" WIDTH="34" />
<String CONTENT="Great" HEIGHT="55" HPOS="1083" VPOS="3492" WIDTH="180" />
<SP HEIGHT="51" HPOS="1264" VPOS="3494" WIDTH="32" />
<String CONTENT="Britain," HEIGHT="66" HPOS="1297" VPOS="3492" WIDTH="250" />
<SP HEIGHT="65" HPOS="1548" VPOS="3493" WIDTH="35" />
<String CONTENT="British" HEIGHT="54" HPOS="1584" VPOS="3491" WIDTH="226" />
<SP HEIGHT="51" HPOS="1811" VPOS="3493" WIDTH="33" />
<String CONTENT="colonies" HEIGHT="53" HPOS="1845" VPOS="3492" WIDTH="244" />
<SP HEIGHT="53" HPOS="2090" VPOS="3492" WIDTH="34" />
<String CONTENT="in" HEIGHT="52" HPOS="2125" VPOS="3492" WIDTH="60" />
</TextLine>
<TextLine CS="1" HEIGHT="146" HPOS="190" LANG="en-US" VPOS="3568" WIDTH="1995">
<String CONTENT="Europe" HEIGHT="66" HPOS="196" VPOS="3570" WIDTH="226" />
<SP HEIGHT="33" HPOS="423" VPOS="3588" WIDTH="26" />
<String CONTENT="and" HEIGHT="52" HPOS="450" VPOS="3570" WIDTH="111" />
<SP HEIGHT="55" HPOS="562" VPOS="3568" WIDTH="26" />
<String CONTENT="Oceania" HEIGHT="56" HPOS="589" VPOS="3568" WIDTH="247" />
<SP HEIGHT="49" HPOS="837" VPOS="3588" WIDTH="28" />
<String CONTENT="postage" HEIGHT="62" HPOS="866" VPOS="3575" WIDTH="236" />
<SP HEIGHT="34" HPOS="1103" VPOS="3589" WIDTH="24" />
<String CONTENT="stamps;" CS="1" HEIGHT="61" HPOS="1128" VPOS="3575" WIDTH="215" />
<SP HEIGHT="47" HPOS="1371" VPOS="3589" WIDTH="32" />
<String CONTENT="contains" HEIGHT="53" HPOS="1404" VPOS="3569" WIDTH="260" />
<SP HEIGHT="34" HPOS="1665" VPOS="3588" WIDTH="22" />
<String CONTENT="spaces" HEIGHT="48" HPOS="1688" VPOS="3588" WIDTH="192" />
<SP HEIGHT="53" HPOS="1881" VPOS="3569" WIDTH="29" />
<String CONTENT="for" HEIGHT="54" HPOS="1911" VPOS="3569" WIDTH="95" />
<SP HEIGHT="49" HPOS="2007" VPOS="3587" WIDTH="26" />
<String CONTENT="postage" HEIGHT="140" HPOS="190" VPOS="3574" WIDTH="1973" />
<SP HEIGHT="33" HPOS="294" VPOS="3666" WIDTH="26" />
<String CONTENT="stamps" HEIGHT="62" HPOS="321" VPOS="3652" WIDTH="219" />
<SP HEIGHT="52" HPOS="541" VPOS="3647" WIDTH="24" />
<String CONTENT="issued" HEIGHT="52" HPOS="566" VPOS="3647" WIDTH="185" />
<SP HEIGHT="53" HPOS="752" VPOS="3646" WIDTH="25" />
<String CONTENT="by" HEIGHT="67" HPOS="778" VPOS="3646" WIDTH="76" />
<SP HEIGHT="67" HPOS="855" VPOS="3646" WIDTH="27" />
<String CONTENT="Great" HEIGHT="55" HPOS="883" VPOS="3646" WIDTH="180" />
<SP HEIGHT="51" HPOS="1064" VPOS="3649" WIDTH="24" />
<String CONTENT="Britain" HEIGHT="53" HPOS="1089" VPOS="3647" WIDTH="233" />
<SP HEIGHT="34" HPOS="1323" VPOS="3666" WIDTH="27" />
<String CONTENT="and" HEIGHT="52" HPOS="1351" VPOS="3648" WIDTH="113" />
<SP HEIGHT="52" HPOS="1465" VPOS="3648" WIDTH="30" />
<String CONTENT="British" HEIGHT="53" HPOS="1496" VPOS="3646" WIDTH="225" />
<SP HEIGHT="65" HPOS="1722" VPOS="3648" WIDTH="26" />
<String CONTENT="possessions" HEIGHT="66" HPOS="1749" VPOS="3647" WIDTH="344" />
<SP HEIGHT="53" HPOS="2094" VPOS="3647" WIDTH="29" />
<String CONTENT="in" HEIGHT="53" HPOS="2124" VPOS="3647" WIDTH="61" />
</TextLine>
<TextLine HEIGHT="71" HPOS="193" LANG="en-US" VPOS="3722" WIDTH="1990">
<String CONTENT="Europe" HEIGHT="67" HPOS="193" VPOS="3724" WIDTH="231" />
<SP HEIGHT="34" HPOS="425" VPOS="3742" WIDTH="40" />
<String CONTENT="and" HEIGHT="52" HPOS="466" VPOS="3724" WIDTH="113" />
<SP HEIGHT="55" HPOS="580" VPOS="3723" WIDTH="45" />
<String CONTENT="Oceania" HEIGHT="55" HPOS="626" VPOS="3723" WIDTH="247" />
<SP HEIGHT="52" HPOS="874" VPOS="3725" WIDTH="44" />
<String CONTENT="listed" HEIGHT="56" HPOS="919" VPOS="3722" WIDTH="169" />
<SP HEIGHT="56" HPOS="1089" VPOS="3722" WIDTH="42" />
<String CONTENT="in" HEIGHT="55" HPOS="1132" VPOS="3722" WIDTH="59" />
<SP HEIGHT="47" HPOS="1192" VPOS="3730" WIDTH="43" />
<String CONTENT="the" HEIGHT="51" HPOS="1236" VPOS="3726" WIDTH="95" />
<SP HEIGHT="56" HPOS="1332" VPOS="3723" WIDTH="45" />
<String CONTENT="Standard" HEIGHT="56" HPOS="1378" VPOS="3723" WIDTH="293" />
<SP HEIGHT="66" HPOS="1672" VPOS="3725" WIDTH="41" />
<String CONTENT="postage" HEIGHT="62" HPOS="1714" VPOS="3730" WIDTH="235" />
<SP HEIGHT="34" HPOS="1950" VPOS="3744" WIDTH="44" />
<String CONTENT="stamp" HEIGHT="62" HPOS="1995" VPOS="3731" WIDTH="188" />
</TextLine>
<TextLine CS="1" HEIGHT="145" HPOS="189" LANG="en-US" VPOS="3801" WIDTH="1974">
<String CONTENT="catalogue," HEIGHT="66" HPOS="191" VPOS="3802" WIDTH="313" />
<SP HEIGHT="64" HPOS="505" VPOS="3804" WIDTH="31" />
<String CONTENT="1934" HEIGHT="49" HPOS="537" VPOS="3804" WIDTH="137" />
<SP HEIGHT="49" HPOS="675" VPOS="3805" WIDTH="27" />
<String CONTENT="edition." HEIGHT="52" HPOS="703" VPOS="3802" WIDTH="232" />
<SP HEIGHT="53" HPOS="936" VPOS="3802" WIDTH="73" />
<String CONTENT="New" HEIGHT="53" HPOS="1010" VPOS="3802" WIDTH="140" />
<SP HEIGHT="53" HPOS="1151" VPOS="3802" WIDTH="28" />
<String CONTENT="York," HEIGHT="67" HPOS="1180" VPOS="3801" WIDTH="181" />
<SP HEIGHT="67" HPOS="1362" VPOS="3801" WIDTH="32" />
<String CONTENT="Scott" HEIGHT="55" HPOS="1395" VPOS="3801" WIDTH="163" />
<SP HEIGHT="48" HPOS="1559" VPOS="3807" WIDTH="25" />
<String CONTENT="stamp" HEIGHT="63" HPOS="1585" VPOS="3806" WIDTH="187" />
<SP HEIGHT="65" HPOS="1773" VPOS="3804" WIDTH="32" />
<String CONTENT="&amp;" HEIGHT="51" HPOS="1806" VPOS="3804" WIDTH="46" />
<SP HEIGHT="51" HPOS="1853" VPOS="3804" WIDTH="28" />
<String CONTENT="coin" HEIGHT="52" HPOS="1882" VPOS="3803" WIDTH="126" />
<SP HEIGHT="35" HPOS="2009" VPOS="3821" WIDTH="30" />
<String CONTENT="company," HEIGHT="125" HPOS="189" VPOS="3821" WIDTH="1974" />
<SP HEIGHT="66" HPOS="362" VPOS="3879" WIDTH="25" />
<String CONTENT="ltd.," HEIGHT="66" HPOS="388" VPOS="3878" WIDTH="123" />
<SP HEIGHT="60" HPOS="512" VPOS="3884" WIDTH="23" />
<String CONTENT="c1934." HEIGHT="51" HPOS="536" VPOS="3881" WIDTH="174" />
</TextLine>
<TextLine HEIGHT="51" HPOS="255" LANG="en-US" STYLEREFS="StyleId-BC0821A6-BAAA-4CBA-9F9B-7C69AC41E581-" VPOS="3949" WIDTH="1295">
<String CONTENT="1" HEIGHT="39" HPOS="255" VPOS="3950" WIDTH="25" />
<SP HEIGHT="39" HPOS="281" VPOS="3950" WIDTH="26" />
<String CONTENT="V." HEIGHT="30" HPOS="308" VPOS="3960" WIDTH="42" />
<SP HEIGHT="40" HPOS="351" VPOS="3950" WIDTH="59" />
<String CONTENT="illus." HEIGHT="41" HPOS="411" VPOS="3949" WIDTH="128" />
<SP HEIGHT="41" HPOS="540" VPOS="3949" WIDTH="56" />
<String CONTENT="31cm." HEIGHT="41" HPOS="597" VPOS="3949" WIDTH="117" />
<SP HEIGHT="49" HPOS="715" VPOS="3950" WIDTH="70" />
<String CONTENT="(On" HEIGHT="49" HPOS="786" VPOS="3950" WIDTH="96" />
<SP HEIGHT="31" HPOS="883" VPOS="3960" WIDTH="25" />
<String CONTENT="cover:" HEIGHT="31" HPOS="909" VPOS="3960" WIDTH="162" />
<SP HEIGHT="41" HPOS="1072" VPOS="3950" WIDTH="29" />
<String CONTENT="Specialty" HEIGHT="48" HPOS="1102" VPOS="3950" WIDTH="244" />
<SP HEIGHT="36" HPOS="1347" VPOS="3961" WIDTH="28" />
<String CONTENT="series)" HEIGHT="49" HPOS="1376" VPOS="3951" WIDTH="174" />
</TextLine>
</TextBlock>
</PrintSpace>
</Page>
</Layout>
</alto>