2350 4196
1179 3997 98 50 928

223 376 265 63 Henriot,
519 375 283 64 Philippe.

354 450 1422 68 … Le 6 février. [Paris] E. Flammarion [1934]
295 549 79 36 XX,
408 539 202 49 [21]-247
638 549 56 37 p.,
724 541 24 36 1
797 570 7 7 l.
859 539 56 39 19
916 542 45 20 cm
968 571 6 7 .

229 605 1869 51 © Apr. 5, 1934; 1c. May 1; A-Foreign 24608; Ernest Flammarion.
306 665 278 48 (34-20984)

224 781 240 64 Hewitt,
495 782 292 53 Kathleen
818 783 277 64 Douglas,
1131 786 166 49 1893-

297 860 247 68 Strange
613 862 297 65 salvation,
981 861 74 67 by
1129 859 283 53 Kathleen
1483 860 237 52 Hewitt.
1811 861 256 63 London,
2141 862 66 50 E.

226 938 277 53 Mathews
532 942 43 49 &
602 940 240 66 Marrot,
870 940 120 66 ltd.,
1022 943 145 49 1934.

298 1024 100 48 viii,
426 1023 85 41 376
539 1035 43 37 p.
642 1024 56 40 19
701 1027 43 21 cm
749 1056 8 8 .

301 1079 160 42 “First
491 1080 224 41 edition.”

231 1149 1981 51 © 1c. June 30. 1934; A ad int. 19148; pubd. May 4; Kathleen Hewitt,
297 1210 211 39 London.
582 1208 278 49 (34-20793)

227 1326 229 64 Hinkle,
487 1327 257 54 Thomas
775 1327 191 65 Clark,
1000 1327 167 53 1876-

304 1404 202 54 Silver.
549 1406 93 50 the
686 1411 155 60 story
888 1405 63 52 of
994 1424 29 32 a
1067 1405 135 54 wild
1243 1406 179 64 horse,
1464 1405 75 65 by
1582 1406 246 51 Thomas
1873 1403 60 54 C.
1978 1404 232 52 Hinkle.

230 1482 136 52 New
396 1483 177 66 York,
601 1485 88 51 W.
717 1484 248 51 Morrow
993 1487 44 49 &
1064 1501 94 47 co.,
1188 1487 147 49 1934.

303 1568 87 40 viii
415 1578 57 38 p.,
497 1570 25 38 1
569 1600 21 16 l.,
615 1568 86 39 245
726 1580 42 36 p.
829 1569 144 40 19½cm.

302 1626 287 42 Illustrated
619 1625 361 49 lining-papers.

236 1693 51 51 ©
312 1698 114 38 July
509 1728 7 14 18,
540 1696 113 40 1934;
705 1697 65 39 2c.
798 1698 93 38 and
916 1697 78 39 aff.
1021 1697 115 47 July
1159 1697 54 39 25;
1267 1698 40 37 A
1333 1697 140 39 73611;
1529 1697 50 39 T.
1606 1697 47 40 C.
1681 1698 193 46 Hinkle,
1903 1696 313 48 Carbondale,

300 1755 122 38 Kan.
496 1753 277 47 (34-20805)

234 1871 356 63 Hopkinson,
621 1872 185 50 Marie
890 1886 132 39 Ruan.

301 1945 164 52 Anne
494 1945 63 53 of
585 1945 269 68 England;
913 1946 93 51 the
1036 1945 321 68 biography
1384 1945 63 52 of
1474 1964 29 33 a
1533 1950 162 64 great
1720 1964 192 49 queen,
1939 1946 75 68 by
2040 1946 80 52 M.
2150 1946 68 52 R.

234 2022 369 68 Hopkinson;
643 2023 140 51 with
819 2023 214 52 sixteen
1071 2022 392 53 illustrations.
1537 2023 258 67 London,
1836 2023 302 54 Constable
2176 2024 45 50 &

233 2117 95 36 co.,
359 2102 122 65 ltd.,
511 2103 148 49 1934.

303 2187 93 41 xvi,
428 2186 83 41 383
539 2196 42 37 p.
643 2186 160 44 front.,
836 2195 74 38 pl.,
942 2188 148 44 ports.
1153 2184 54 41 23
1212 2188 43 20 cm
1259 2218 7 8 .

307 2256 233 41 “Errata”
572 2256 90 48 slip
693 2257 228 39 mounted
948 2268 59 28 on
1036 2266 41 38 p.
1109 2256 63 40 xi.

306 2312 343 48 Bibliography:
711 2323 41 37 p.
786 2312 215 41 364-365.

240 2381 1980 53 © 1c. June 1, 1934; A ad int. 18999; pubd. Apr. 5; M. R. Hopkinson,
306 2442 208 39 London.
590 2440 277 49 (34-20760)

231 2560 210 64 Infeld,
473 2560 269 63 Leopold.

365 2636 1857 70 … The world in modern science; matter and quanta, by
234 2713 1985 69 Leopold Infeld … with an introduction by Albert Einstein.
233 2793 256 66 London,
517 2795 70 51 V.
620 2792 288 66 Gollancz,
937 2793 122 65 ltd.,
1092 2796 147 49 1934.

308 2880 84 39 287
419 2891 40 36 p.
515 2879 162 45 front.,
705 2879 140 44 illus.,
872 2878 104 39 fold.
1018 2879 109 45 tab.,
1158 2879 174 47 diagrs.
1390 2880 58 39 19
1448 2882 43 21 cm
1496 2912 7 7 .

312 2953 63 38 At
400 2952 125 39 head
552 2951 49 38 of
627 2951 109 38 title:
789 2950 290 39 Translated
1107 2950 60 46 by
1193 2949 145 40 Louis
1366 2950 184 40 Infield.

312 3022 124 39 "The
472 3021 121 38 book
628 3020 257 46 originally
921 3019 239 50 appeared
1193 3020 50 37 in
1278 3019 177 47 Polish,
1495 3022 212 46 scarcely
1744 3031 26 29 a
1807 3031 115 37 year
1958 3032 101 36 ago.
2125 3021 99 41 The

240 3075 1985 50 present English edition has been amplified … and various passages have
240 3136 116 38 been
383 3132 701 41 re-written.”—Translator's
1114 3133 160 39 introd.

244 3197 1978 51 © 1c. June 5, 1934; A ad int. 19021; pubd. Apr. 9; L. Infeld, Cambridge,
314 3258 231 47 England.
618 3255 276 48 (34-21333)

238 3375 284 56 Institute
561 3373 60 52 of
657 3371 190 64 public
884 3371 225 63 affairs,
1153 3373 327 65 Unicersity
1550 3374 30 64 of
1620 3373 258 65 Georgia.

308 3450 379 66 Proceedings
732 3448 61 52 of
837 3449 93 51 the
973 3449 271 51 Institute
1290 3448 61 52 of
1394 3450 192 65 public
1632 3446 211 65 affairs,
1888 3450 195 66 eighth
238 3468 1961 112 annual
430 3527 226 65 session,
714 3527 237 64 Athens,
1009 3526 261 66 Georgia.
1345 3529 143 50 Part
1599 3570 6 8 II.
1683 3528 204 51 Round
1945 3528 149 50 table
2153 3545 71 33 on

241 3604 1984 68 county government. April 4-5, 1934 … [Athens, Ga.] The
243 3681 331 67 University
605 3682 61 52 of
698 3681 244 66 Georgia
979 3714 11 33 [
997 3687 15 20 c
1020 3684 148 62 1934]

313 3767 517 48 3 p. l., 100 p. 24 cm .
247 3834 51 50 ©
324 3839 114 45 July
461 3838 68 38 27.
554 3837 114 39 1934;
720 3837 65 38 2c.
811 3837 94 38 and
930 3835 80 39 aff.
1036 3837 116 45 Aug.
1179 3836 24 39 3;
1257 3838 40 36 A
1325 3836 139 40 73694;
1521 3836 233 40 Institute
1780 3837 49 39 of
1855 3836 158 47 public
2039 3834 184 49 affairs,

313 3895 102 39 The
444 3893 279 45 University
754 3893 50 39 of
836 3892 217 47 Georgia,
1087 3893 195 46 Athens,
1316 3892 82 40 Ga.
