2350 4196
1131 4000 64 55 71

180 353 260 66 Dwight,
471 353 257 54 Herbert
757 353 240 64 Bristol,
1029 356 168 48 1885-

247 431 203 52 Tables
477 429 64 53 of
568 430 274 68 integrals
870 430 111 52 and
1010 429 161 52 other
1198 429 424 52 mathematical
1650 429 151 66 data,
1828 429 74 67 by
1930 430 244 53 Herbert

178 505 1999 71 Bristol Dwight … New York, The Macmillan company, 1984.
247 583 84 39 viii
371 594 56 36 p..
467 583 19 37 1
564 613 8 11 l.,
611 582 84 38 222
734 592 40 37 p.
837 582 177 44 diagrs.
1077 581 55 38 22
1136 582 42 21 cm
1185 612 6 7 .
1271 581 38 37 [A
1349 580 150 40 series
1537 581 50 39 of
1626 580 366 40 mathematical
2031 584 129 37 texts]

248 638 347 41 “References”
615 651 8 27 :
660 650 43 36 p.
735 638 216 39 219-220.

181 693 53 51 ©
264 698 107 40 Jan.
403 697 38 42 9,
473 697 139 39 1984:
646 697 65 39 2c.
744 698 94 37 and
871 695 78 39 aff.
984 695 108 39 Jan.
1125 695 154 38 10A
1309 694 170 40 67908:
1516 694 280 39 Macmillan
1830 704 65 30 co.

255 755 249 46 (84-1778)

178 857 224 65 Eaddy,
433 858 189 62 Percy
652 856 188 56 Allen.

248 933 1932 69 Hull down, by P. A. Eaddi … London, A. Melrose, ltd.
179 1017 170 62 [1933]

246 1085 84 41 285
364 1097 43 38 p.
441 1086 108 40 incl.
583 1086 147 40 front,
792 1086 171 48 plates.
1024 1084 55 39 22c
1100 1088 26 20 m
1132 1118 8 7 .

177 1141 50 51 ©
261 1147 64 37 1c.
359 1145 108 39 Jan.
501 1145 38 40 2,
573 1144 139 40 1984:
748 1145 40 37 A
820 1146 60 37 ad
914 1144 85 39 int.
1032 1143 168 42 18558;
1238 1145 140 46 pubd.
1414 1145 115 38 Nov.
1597 1176 7 9 3.
1639 1143 140 41 1933;
1817 1145 47 38 P.
1901 1145 52 39 A.
1990 1144 183 47 Eaddy,

244 1202 367 42 Kohimarania,
645 1202 240 40 Aukland,
919 1202 115 38 New
1069 1202 223 39 Zealand.
1365 1201 250 48 (84-1688)

176 1306 520 54 Electrochemical
726 1306 243 64 society.

247 1384 404 52 Transactions
686 1384 62 52 of
783 1385 93 52 the
914 1384 502 52 Electrochemical
1450 1385 227 67 society.
1748 1385 239 53 Volume
2166 1430 7 9 LXIV.

180 1460 396 69 Sixty-fourth
620 1465 229 65 general
893 1463 264 66 meeting,
1198 1463 58 51 in
1301 1463 366 67 conjunction
1711 1464 140 50 with
1894 1464 95 51 the
175 1464 1974 144 Century

358 1541 63 52 of
470 1559 264 49 progress
785 1541 338 67 exposition,
1175 1541 269 67 Chicago,
1497 1543 110 54 Ill.,
1662 1541 332 68 September
2047 1542 46 61 7,
2146 1546 29 47 8

177 1620 113 52 and
337 1623 46 62 9,
432 1622 149 48 1988.
657 1620 137 51 New
844 1620 161 51 York
1051 1620 132 66 city.
1228 1621 119 50 The
1396 1620 504 52 Electrochemical
1947 1620 229 69 society,

174 1700 125 65 inc.,
331 1701 151 49 1933.

244 1772 101 45 xiii,
377 1773 69 47 [1],
472 1772 85 40 898
585 1783 39 36 p.
680 1772 148 39 front,
860 1771 171 47 (port.)
1067 1772 124 38 illus.
1224 1771 130 47 (inch
1385 1774 174 46 ports.)
1597 1772 168 46 tables,
1796 1771 177 48 diagrs.
2031 1772 55 40 23½
2120 1774 14 21 cm
2169 1804 7 8 .

176 1825 50 51 ©
265 1831 107 39 Jan.
410 1829 66 46 16,
515 1830 139 39 1984:
693 1830 66 38 2c.
798 1830 107 37 Jan.
945 1831 80 38 17:
1067 1829 78 39 aff.
1186 1829 107 39 Jan.
1334 1829 80 41 18;
1455 1830 40 37 A
1533 1829 169 40 68898;
1745 1829 427 39 Electrochemical

240 1887 195 47 society,
467 1887 90 39 inc.

175 1994 247 63 Eyston,
457 1993 227 63 George
719 1993 254 52 Edward
1007 1992 275 55 Thomas.

242 2068 134 52 Flat
418 2073 114 62 out,
575 2068 72 68 by
690 2067 68 55 G.
805 2069 65 51 E.
914 2069 63 51 T.
1021 2068 250 68 Eyston;
1316 2067 287 53 foreword
1645 2068 74 68 by
1766 2068 95 55 Sir
1904 2069 271 52 Malcolm

173 2145 313 69 Campbell.
549 2146 258 67 London,
835 2146 54 53 J.
919 2146 187 68 Miles,
1133 2146 104 53 ltd.
1273 2148 172 65 [1933]

239 2221 84 40 219
352 2232 39 37 p.
452 2224 84 37 col.
566 2222 163 45 front.,
759 2223 157 45 plates
945 2222 135 47 (part
1109 2221 110 47 col.)
1285 2221 56 39 22½
1373 2224 44 20 cm
1423 2252 7 8 .

177 2275 50 51 ©
260 2280 63 38 1c.
356 2279 106 39 Jan.
493 2280 39 38 8,
564 2278 139 42 1984;
738 2280 39 36 A
808 2280 61 38 ad
900 2279 84 38 int.
1018 2277 168 42 18566;
1223 2278 50 40 G.
1309 2280 49 38 E.
1392 2277 50 42 T.
1476 2279 198 46 Eyston,
1706 2277 213 41 London.

252 2336 248 46 (84-1718)

175 2425 295 66 Farshler,
504 2427 137 52 Earl
671 2428 68 54 R.

239 2503 122 53 The
403 2501 303 55 American
747 2503 196 54 saddle
983 2504 188 65 horse;
1217 2503 224 68 tracing
1482 2503 94 53 the
1617 2502 307 68 evolution,
1966 2501 206 69 origin,

171 2581 233 68 history,
440 2581 316 53 derivation
798 2582 110 51 and
946 2581 392 68 development
1371 2581 63 52 of
1467 2582 94 51 the
1597 2580 360 54 saddle-bred
1993 2580 181 69 horse,

173 2660 139 52 with
344 2678 27 33 a
401 2659 229 54 treatise
662 2678 71 33 on
761 2659 271 69 breeding
1061 2659 309 68 principles
1400 2660 113 53 and
1547 2680 30 33 a
1608 2661 211 52 section
1849 2660 239 53 devoted
2116 2666 58 47 to

175 2737 92 53 the
304 2737 256 68 training
597 2738 62 51 of
694 2738 194 67 gaited
926 2738 257 69 animals,
1221 2738 70 68 by
1332 2738 142 51 Earl
1510 2738 66 51 R.
1616 2739 284 51 Farshler.
173 2737 1977 147 Louisville,

360 2816 130 68 Ky.,
529 2816 240 54 Printed
807 2817 110 51 and
956 2817 342 53 distributed
1337 2817 72 68 by
1449 2818 95 53 the
1583 2816 291 54 Standard
1912 2817 262 68 printing

172 2912 294 51 company,
501 2898 149 48 1933.

243 2977 31 28 x
302 2977 56 37 p.,
388 2967 23 38 1
477 2999 7 14 l.,
513 2967 83 39 278
624 2978 41 36 p.
721 2968 163 46 front.,
915 2968 142 46 illus.,
1087 2968 169 47 plates,
1286 2969 116 39 fold.
1433 2970 95 39 tab.
1591 2970 54 40 23½
1680 2973 42 19 cm
1728 3003 6 6 .

173 3023 51 52 ©
258 3029 108 38 Dec.
402 3028 67 45 19,
503 3028 139 39 1938:
677 3029 66 39 2c.
778 3029 109 39 Jan.
922 3028 66 41 18,
1024 3028 139 41 1984;
1200 3029 80 38 aff.
1317 3030 109 38 Dec.
1463 3029 68 40 29.
1568 3029 139 42 1938;
1746 3031 39 37 A
1819 3029 170 41 68906;
2029 3031 49 37 E.
2117 3030 52 37 R.

242 3085 241 42 Farshler,
515 3085 268 40 Mansfield.
814 3085 50 39 O.
940 3085 249 47 (84-1862)

175 3175 266 65 Forkert,
472 3176 142 53 Otto
645 3176 280 64 Maurice,
959 3179 169 52 1901-

240 3250 175 54 From
455 3250 332 71 Gutenberg
826 3258 57 47 to
925 3254 95 51 the
1064 3253 191 54 Cuneo
1297 3272 185 50 press;
1529 3274 73 33 an
1642 3256 296 52 historical
1979 3255 193 53 sketch

170 3328 2005 74 of the printing press, by Otto Maurice Forkert … Chicago,
169 3405 111 68 Ill.,
308 3408 120 51 The
458 3406 191 55 Cuneo
679 3426 174 50 press,
883 3410 125 66 inc.,
1039 3412 148 51 1933.

238 3482 22 36 1
290 3489 43 38 p.
398 3512 8 16 l.,
436 3480 114 39 7-30
577 3491 43 37 p.
680 3482 162 47 front.,
874 3482 127 40 illus.
1061 3482 56 39 20½
1151 3485 41 21 cm
1198 3515 8 8 .

173 3534 50 51 ©
255 3540 112 45 May
396 3540 68 41 29,
497 3539 139 41 1933;
668 3540 67 41 2c.
766 3541 108 39 Jan.
906 3541 68 41 24,
1007 3540 139 41 1934;
1181 3542 79 40 aff.
1295 3543 108 38 Jan.
1435 3543 81 40 22:
1552 3543 39 38 A
1622 3542 169 41 68983:
1828 3543 161 40 Cuneo
2021 3551 148 38 press,

236 3595 87 39 inc.
397 3597 249 46 (34-1840)

176 3685 265 66 [French,
470 3685 241 54 Nahum
749 3686 213 55 Wilson]
1019 3693 169 48 1854-

239 3762 291 68 Equality,
567 3768 212 48 mental
819 3767 112 51 and
971 3766 256 67 political
1264 3767 209 69 liberty
1513 3770 111 51 and
1663 3769 95 52 the
1796 3769 273 67 Progress
2107 3767 64 53 of

169 3841 1996 73 nature; doles, to sdeal, justice … [Concord, N. H., Print, by
171 3916 92 53 the
291 3918 287 53 Rumford
607 3939 173 45 press,
806 3928 18 20 c
829 3925 151 61 1933]
