2350 4196
1179 4000 99 50 948

246 369 303 65 Champly,
581 370 222 64 Henry,
839 372 169 51 1894—

321 486 55 9 ...
408 445 106 52 Les
540 462 297 35 nouveaux
863 445 223 66 mariés,
1115 461 196 35 roman
1341 443 69 52 de
1436 441 237 52 l’amour
1703 442 281 52 moderne.
2050 442 184 66 Paris,

245 520 135 54 Aux
407 522 244 52 éditions
680 523 74 51 du
784 523 250 51 contrôle
1064 520 250 65 français
1348 521 170 65 [1934]

317 594 760 49 8 P. l., [9]-216 p., 2 l. 18 ½ cm.
250 649 1984 51 © June 1, 1934; 1c. June 22: A- Foreign 25004; Henri Champly, Paris.
332 709 277 48 (34-21498)

246 798 237 65 Chiray,
518 798 279 65 Maurice,
833 798 169 54 1877-

324 869 1809 71 Précis de sémiologie médicale appliquée, par M. Chiray …
253 950 1357 67 et P. Chêne … Paris, Masson et cie, 1934.
323 1022 1912 50 xiii, 607, [1] p. illus., diagrs. 20 ½ cm. (On cover: Collection de précis
253 1079 277 47 médicaux)

253 1137 1790 51 © Mar. 10. 1934; 1c. June 21; A- Foreign 24950; Masson & cie.
331 1199 277 47 (34-21324)

247 1271 418 64 Churchward,
697 1273 218 60 James,
950 1275 170 49 1852-

321 1351 221 54 Cosmic
579 1350 181 53 forces
796 1369 58 34 as
888 1351 136 67 they
1057 1368 142 34 were
1234 1349 206 67 taught
1474 1349 60 51 in
1570 1348 131 66 Mu;
1738 1348 93 51 the
1868 1348 223 52 ancient
2124 1348 112 51 tale

250 1429 126 53 that
414 1429 243 68 religion
698 1429 112 51 and
850 1429 212 52 science
1102 1447 92 34 are
1231 1427 141 52 twin
1409 1428 209 65 sisters,
1655 1426 75 68 by
1771 1425 234 56 Colonel
2044 1426 192 54 James

253 1504 1987 68 Churchward … Mount Vernon, N. Y., The author; New York
249 1584 133 67 city,
412 1585 121 51 The
562 1585 188 52 Baker
780 1585 112 52 and
920 1585 213 67 Taylor
1162 1602 77 33 co.
1288 1585 176 64 [c1934]

324 1657 87 40 246
441 1668 43 37 p.
519 1657 109 40 incl.
661 1657 135 40 front.
839 1657 170 47 (port.)
1048 1659 143 45 illus.,
1227 1658 155 46 plates.
1457 1657 178 46 diagrs.
1696 1656 115 39 24cm.

328 1714 126 40 “The
485 1715 219 39 contents
734 1715 51 39 of
812 1716 97 39 this
939 1717 189 36 volume
1158 1725 81 28 are
1269 1715 80 38 the
1380 1714 320 39 translations
1731 1713 50 39 of
1812 1724 26 29 a
1867 1713 97 40 few
1993 1725 165 37 scraps
2187 1716 50 39 of

254 1772 80 39 the
359 1773 169 39 sacred
553 1772 214 47 inspired
792 1770 516 48 writings—scientific
1334 1770 402 40 section—which
1761 1772 121 39 have
1908 1771 154 40 fallen
2087 1775 46 37 to
2159 1784 79 36 my

252 1828 69 40 lot
351 1830 50 39 to
429 1828 216 41 discover
673 1830 96 38 and
797 1828 315 48 record.”—p.
1143 1828 67 40 15.

254 1882 1987 52 © July 12, 1934; 2c. and aff. July 20; A 73520; J. Churchward. Mount
323 1944 205 45 Vernon,
559 1945 54 39 N.
642 1945 53 37 Y.
767 1944 277 47 (34-21662)

249 2018 196 65 Clyde,
473 2020 283 52 Nathana
784 2020 167 54 Lore.

321 2096 375 68 Discovering
737 2096 127 54 God
904 2097 60 50 in
1005 2097 97 53 the
1140 2096 283 52 beautiful
1488 2096 91 68 [by]
1624 2096 270 52 Nathana
1931 2096 65 51 L.
2040 2095 196 68 Clyde.

252 2174 1870 68 Units of guided experience for the intermediate group …
251 2252 291 67 Prepared
584 2252 152 52 from
776 2271 31 33 a
845 2251 340 68 descriptive
1224 2253 214 51 outline
1478 2253 308 67 developed
1825 2253 75 66 by
1937 2252 95 52 the
249 2253 1965 129 Protestant
485 2330 294 54 Christian
833 2329 182 53 forces
1067 2330 62 52 of
1179 2331 95 51 the
1325 2331 218 53 United
1597 2330 186 55 States
1837 2331 112 52 and
2001 2330 236 56 Canada

250 2407 248 68 through
536 2408 95 52 the
669 2407 419 53 International
1126 2408 217 52 council
1381 2409 62 52 of
1480 2408 269 68 religious
1787 2408 298 54 education
2125 2409 112 53 and

251 2486 247 51 released
534 2491 59 46 to
631 2485 95 52 the
767 2485 342 54 constituent
1147 2486 469 53 denominations.
1690 2487 261 52 Leaders’
1989 2490 245 50 manual.

251 2562 425 68 Philadelphia,
714 2564 216 51 Boston
990 2567 117 61 [etc.]
1186 2563 143 53 Pub.
1370 2564 92 53 for
1503 2566 93 52 the
1635 2565 417 54 International
251 2585 1959 108 committee
487 2660 70 32 on
601 2641 354 67 cooperative
997 2640 351 68 publication
1388 2643 64 52 of
1492 2643 262 53 vacation
1797 2644 207 52 church
2048 2645 185 53 school

249 2717 344 53 curriculum
620 2719 76 66 by
723 2719 94 51 the
845 2718 223 54 Judson
1099 2737 154 49 press
1302 2723 176 64 [c1934]

320 2791 85 40 205
432 2802 42 37 p.
531 2792 114 38 22cm.
707 2792 113 47 [The
849 2792 303 47 cooperative
1180 2793 148 40 series
1358 2793 51 40 of
1435 2794 192 41 vacation
1691 2796 178 39 church
1900 2796 161 39 school
2092 2798 143 47 texts]

321 2849 224 39 Includes
575 2847 388 49 bibliographies.

253 2901 50 51 ©
332 2905 112 47 May
471 2907 37 45 7,
535 2905 113 40 1934;
700 2906 66 38 2c.
794 2907 94 37 and
913 2905 80 39 aff.
1021 2906 124 38 June
1169 2906 54 39 15;
1279 2907 41 37 A
1345 2907 141 40 72801;
1544 2908 187 39 Judson
1757 2918 149 37 press.

333 2962 277 47 (34-21479)

247 3034 274 67 Collings,
554 3036 335 65 Ellsworth,
924 3037 171 52 1887-

319 3113 378 70 Supervisory
736 3115 279 69 guidance
1053 3116 62 52 of
1154 3118 250 53 teachers
1442 3120 59 51 in
1542 3120 307 67 secondary
1888 3119 235 66 schools,
2162 3120 73 66 by

246 3192 1989 73 Ellsworth Collings … New York, The Macmillan company,
246 3275 149 50 1934.

316 3357 45 35 X,
393 3346 82 40 613
506 3357 42 36 p.
608 3346 177 48 diagrs.
843 3347 145 40 20½cm.

318 3404 223 38 Includes
573 3403 388 47 bibliographies.

251 3454 50 51 ©
331 3460 116 46 July
473 3460 67 45 17,
570 3459 112 40 1934
701 3470 7 31 :
738 3459 65 40 2c.
832 3461 95 38 and
956 3460 79 39 aff.
1066 3462 113 47 July
1206 3462 55 40 18;
1319 3463 40 38 A
1388 3462 141 41 73491
1548 3474 8 28 :
1590 3462 280 41 Macmillan
1898 3473 66 29 co.

327 3516 277 47 (34-21484)

242 3589 243 66 Corbell,
520 3592 271 55 Edward.

317 3663 306 56 Collective
676 3685 208 51 energy;
970 3688 71 33 an
1094 3670 408 69 introduction,
1552 3672 75 67 by
1683 3670 253 52 Edward
1993 3668 242 54 Corbell.

245 3740 268 71 Chicago,
539 3743 112 58 Ill.,
678 3745 120 52 The
825 3745 174 54 Galos
1023 3747 335 70 publishing
1384 3749 191 65 house,
1605 3750 149 50 1934.

313 3814 57 40 48
400 3825 28 37 p
504 3815 144 41 19½cm.

245 3868 51 50 ©
325 3873 115 47 July
467 3875 37 44 1,
534 3874 139 41 1934;
704 3877 65 39 2c.
800 3876 115 47 July
944 3877 51 41 6:
1026 3877 80 39 aff.
1136 3879 80 39 July
1281 3880 51 39 5:
1364 3880 40 38 A
1434 3879 169 44 73343;
1636 3880 51 38 E.
1719 3878 203 47 Corbell,
1953 3876 219 47 Chicago.

322 3929 277 48 (34-21845)
