2350 4196
0 0 0 0 1488
323 458 84 39 894
434 469 42 37 p.
531 457 163 41 front.,
725 459 168 46 plates,
924 462 160 44 ports.,
1115 467 148 38 maps.
1323 456 53 38 24
1380 458 42 20 cm
1429 486 6 7 .

258 511 50 50 ©
334 516 115 38 Nov.
478 516 38 37 7.
541 513 113 40 1934;
710 516 64 37 2c.
804 516 116 39 Nov.
954 515 48 38 10;
1059 514 78 40 aff.
1167 515 115 38 Nov.
1311 512 52 38 12;
1421 513 39 37 A
1490 512 140 39 78059;
1691 512 48 40 F.
1769 513 47 36 F.
1849 513 103 38 Van
1979 514 57 38 de
2064 513 175 41 Water.

326 571 321 40 Brattleboro.
678 572 72 38 Vt.

254 657 1297 66 Van Horn, Samuel Hale, 1875- e d.
320 732 1920 70 Michigan probate manual … The jurisdiction, law and
252 809 1989 149 practice of the probate court of the state of Michigan … Edition 1933-34. Edited by Samuel H. Van Horn … Kalamazoo,
253 964 189 70 Mich.,
469 967 337 68 Doubleday
836 968 256 51 brothers
1121 967 110 52 and
1260 983 280 50 company
1573 998 13 33 [
1591 971 17 21 c
1614 967 151 64 1934]

321 1038 362 48 193 p. 19 ½ cm .
327 1096 317 39 “References
678 1096 50 39 in
761 1097 98 38 this
893 1097 196 38 manual
1125 1105 82 31 are
1242 1097 48 36 to
1326 1095 80 40 the
1439 1094 225 47 chapters
1699 1095 93 39 and
1829 1093 208 41 sections
2074 1095 51 40 of
2160 1094 80 41 the

256 1150 290 42 Judicature
586 1155 79 36 act
707 1154 94 38 and
841 1154 80 39 the
965 1151 267 49 compiler’s
1275 1152 208 38 sections
1526 1151 52 39 of
1618 1150 83 41 the
1744 1150 244 48 Compiled
2032 1151 120 40 laws
2195 1150 50 39 of

253 1206 243 50 Michigan
522 1208 51 39 of
597 1208 112 39 1929
735 1210 94 38 and
857 1209 167 40 Public
1051 1211 103 38 acts
1179 1208 51 39 of
1255 1206 288 48 Michigan.”

257 1262 51 50 ©
338 1268 99 37 Oct.
470 1267 37 45 1,
537 1266 113 39 1934;
709 1266 63 38 2c.
805 1267 93 40 and
929 1267 81 41 aff.
1040 1267 117 41 Nov.
1187 1267 24 36 5;
1271 1266 39 38 A
1342 1264 141 41 76947;
1545 1267 248 38 Doubleday
1858 1267 222 38 brothers
2109 1267 35 38 &
2175 1277 67 29 co.

334 1323 277 46 (34-37225)

254 1410 266 66 Wallace,
554 1414 246 63 Archer,
837 1417 167 48 1884-

324 1488 178 52 Deeds
526 1488 63 53 of
609 1488 222 68 daring,
857 1489 71 67 by
950 1489 217 52 Archer
1191 1487 277 66 Wallace;
1494 1487 374 55 illustrations
1891 1488 74 67 by
1989 1487 249 53 Norman

253 1565 158 51 Deer.
472 1564 131 54 New
633 1565 158 51 York
814 1565 110 52 and
949 1565 254 67 London,
1225 1567 230 65 Harper
1476 1566 44 49 &
1545 1565 272 66 brothers,
1844 1567 148 48 1934.

321 1635 25 39 6
374 1646 43 37 p.
478 1666 7 16 l.,
511 1635 55 40 97
594 1646 42 37 p.
690 1636 161 47 front.,
880 1637 169 47 plates.
1105 1637 54 39 19½
1191 1639 43 20 cm
1240 1669 7 6 .

320 1693 159 39 “First
511 1692 225 40 edition."

321 1749 122 39 “For
468 1749 195 39 further
691 1749 227 47 reading”:
975 1750 58 39 3d
1060 1748 168 49 prelim.
1270 1750 114 39 leaf.

256 1805 50 51 ©
335 1810 100 39 Oct.
462 1810 68 37 25.
556 1809 112 39 1934;
724 1810 64 37 2c.
820 1809 100 40 Oct.
947 1810 53 39 23;
1057 1809 82 40 aff.
1168 1809 98 40 Oct.
1294 1809 54 39 27;
1405 1810 41 37 A
1472 1808 141 40 75962;
1672 1810 193 47 Harper
1890 1811 35 38 &
1956 1812 123 37 bros.

332 1865 278 47 (34-37258)

252 1955 434 66 Weatherford,
717 1956 186 54 Willis
936 1957 185 63 Duke,
1158 1956 169 54 1875-

320 2031 147 53 Race
513 2032 297 66 relations;
856 2030 348 69 adjustment
1246 2031 64 54 of
1349 2032 200 54 whites
1593 2034 112 51 and
1750 2033 250 68 Negroes
2043 2033 59 53 in
2145 2031 97 54 the

258 2107 1983 70 United States, by Willis D. Weatherford … and Charles S.
253 2185 1966 147 Johnson … Boston, New York [etc.] D. C. Heath and company [ c 1934 ]
321 2345 43 41 x,
392 2337 85 39 590
500 2347 43 37 p.
606 2335 55 40 22½
694 2338 44 21 cm
743 2368 6 5 .
822 2337 92 46 (On
948 2346 160 30 cover:
1137 2334 153 43 Social
1322 2337 233 41 relations
1587 2337 174 47 series)

320 2391 372 49 Bibliography:
724 2402 40 39 p.
794 2393 202 39 556-576

257 2447 49 51 ©
341 2452 99 39 Oct.
472 2453 67 40 27.
573 2450 112 41 1934;
745 2452 67 40 2c.
843 2452 116 38 Nov.
991 2453 24 36 2;
1078 2452 80 40 aff.
1191 2452 115 39 Nov.
1339 2453 24 37 1;
1427 2453 40 38 A
1500 2453 141 40 77057;
1703 2455 70 40 W.
1807 2455 54 38 D.
1898 2455 342 40 Weatherford

323 2509 92 38 and
451 2509 200 39 Charles
687 2511 41 37 S.
763 2508 230 40 Johnson.
1028 2508 264 41 Nashville.
1363 2509 279 48 (34-36788)

253 2595 326 66 Whitelaw,
609 2597 208 54 David.

314 2671 237 54 Murder
586 2674 228 67 calling,
848 2675 73 65 by
955 2674 191 53 David
1180 2674 322 54 Whitelaw.
1601 2677 136 52 [New
1775 2677 178 54 York,
1988 2676 61 54 C.
248 2677 1963 140 Kendall,
412 2757 17 20 c
435 2754 149 64 1934]

322 2821 644 50 5 p. l., [9]-277 p. 19½ cm .
256 2875 50 51 ©
332 2881 115 38 Nov.
471 2880 38 40 9.
534 2879 112 40 1934;
699 2879 65 40 2c.
790 2881 116 41 Nov.
929 2880 25 39 9;
1007 2880 80 39 aff.
1114 2880 115 41 Nov.
1254 2882 53 38 13;
1360 2883 39 37 A
1426 2882 141 40 77198;
1621 2885 54 37 D.
1702 2883 273 48 Whitelaw,
2046 2885 193 46 Roedean,

326 2936 190 41 Sussex.
550 2937 234 46 England.
856 2938 276 46 (34-37435)

252 3023 233 65 Wildes,
522 3026 199 62 Harry
757 3027 304 62 Emerson,
1100 3030 168 50 1890-

316 3102 193 65 Japan
557 3100 57 52 in
661 3102 175 63 crisis,
883 3101 73 67 by
1002 3100 196 70 Harry
1246 3103 273 54 Emerson
1565 3105 234 53 Wildes.
1875 3106 137 52 New
2061 3105 177 54 York.

247 3178 117 51 The
395 3177 332 53 Macmillan
758 3195 295 50 company,
1085 3181 147 52 1934.

319 3250 676 48 viii p., 1 l., 300 p. 22½ cm .
255 3302 50 50 ©
336 3307 100 40 Oct.
464 3309 67 37 23.
561 3307 111 40 1934;
731 3309 64 37 2c.
827 3309 93 38 and
952 3307 79 40 aff.
1065 3308 99 41 Oct.
1195 3308 53 39 24;
1309 3310 38 38 A
1380 3311 140 39 76732;
1583 3311 283 43 Macmillan
1895 3323 64 29 co.

333 3363 276 43 (34-36601)

250 3449 148 66 Will,
429 3451 299 55 Theodore
760 3454 85 54 St.
879 3452 174 64 Clair,
1085 3456 168 51 1886-

317 3526 118 52 The
467 3527 305 68 Episcopal
806 3528 237 52 church:
1075 3528 251 71 heritage
1360 3532 62 51 of
1454 3531 302 55 American
1793 3533 336 68 Christians,
2163 3533 71 66 by

253 3601 1986 155 Theodore St. Clair Will … with foreword by the Rt. Rev. Arthur C. Thomson … Milwaukee, Wis., Morehouse publishing
251 3773 62 34 co.,
383 3759 144 49 1934.

323 3827 728 48 xv. 135. [1] p. front. 19 cm .
305 3882 1800 54 © Oct. 1, 1934 2c. Oct 28; aff. Oct 27; A 75938 Morehouse pub co.
332 3940 276 50 (34-37260)
