2350 4196
1167 4010 131 51 1570

238 384 313 66 Bostwick,
588 387 242 54 Charles
863 386 261 66 Francis,
1160 390 169 52 1866-

308 463 276 53 Medina’s
619 464 331 53 Bostwick’s
983 464 254 68 lawyers’
1271 465 259 64 manual;
1565 483 28 33 a
1629 463 136 53 desk
1793 464 146 52 book
1970 463 93 53 for
237 464 1963 142 lawyers,

411 542 110 51 law
554 540 197 68 clerks,
785 542 110 51 and
928 543 109 50 law
1069 542 284 64 students;
1389 541 332 66 containing
1753 542 245 65 practice
2031 541 197 65 forms,

237 617 373 67 suggestions,
655 618 172 66 hints,
871 619 376 66 explanatory
1290 625 175 58 notes,
1513 637 254 34 common
1813 618 178 53 forms
2039 619 61 52 of
238 620 1962 141 instruments,

596 695 341 67 surrogate’s
973 695 264 67 practice,
1272 696 118 51 real
1425 700 175 47 estate
1636 701 251 59 matters,
1926 697 108 52 and
241 698 1961 126 valuable

396 772 424 53 miscellaneous
855 773 152 62 data,
1038 773 75 65 by
1147 772 234 55 Charles
1416 773 66 51 F.
1517 773 305 52 Bostwick.
1890 775 98 51 4th
2021 774 102 65 ed.,
2159 774 70 66 by

242 848 1988 67 Harold R. Medina … Albany and New York city, M. Bender
240 929 44 48 &
317 944 296 47 company,
644 926 417 67 incorporated,
1097 928 148 50 1934.

310 1000 64 44 lx,
404 998 112 41 1882
545 1010 43 36 p.
645 999 56 39 26½
733 1000 44 21 cm
784 1032 6 8 .

245 1052 1986 51 © Nov. 21, 1934; 2c. and aff. Nov. 22 : A 77322 : Matthew Bender & co..
313 1112 86 40 inc.
473 1111 278 49 (34-39379)

246 1201 302 66 Brandeis,
579 1201 181 54 Louis
787 1201 290 65 Dembitz,
1111 1205 169 49 1856-

314 1279 120 53 The
483 1296 158 36 curse
689 1279 63 53 of
799 1278 253 68 bigness;
1103 1279 423 52 miscellaneous
1576 1296 205 50 papers
1832 1279 62 52 of
1941 1280 173 52 Louis
2162 1280 71 51 D.

245 1356 310 66 Brandeis;
602 1357 190 52 edited
836 1356 75 67 by
958 1355 252 55 Osmond
1256 1356 74 51 K.
1378 1356 300 65 Fraenkel,
1722 1376 57 33 as
1828 1357 288 66 projected
2165 1359 71 65 by

244 1433 271 55 Clarence
549 1434 81 52 M.
665 1433 200 53 Lewis.
936 1434 138 51 New
1113 1433 176 54 York,
1327 1433 120 52 The
1485 1433 218 67 Viking
1739 1452 172 48 press,
1949 1438 146 48 1934.

315 1508 63 47 ix,
407 1505 85 42 339
520 1518 43 37 p.
621 1506 57 40 24½
709 1508 44 21 cm
760 1539 7 8 .

317 1563 131 41 “List
481 1563 51 41 of
562 1563 198 41 articles
791 1563 94 40 and
916 1562 283 40 addresses”
1232 1565 51 37 at
1314 1563 90 39 end
1439 1561 51 41 of
1522 1563 117 39 each
1673 1565 123 46 part.
1860 1562 378 50 Bibliography:

245 1632 40 38 p.
320 1620 247 51 [327]-339.

583 1707 7 8 CONTENTS.
593 1679 132 47 —pt.
796 1707 10 10 I.
863 1676 352 48 Savings-bank
1266 1675 88 41 life
1404 1676 405 50 insurance.—pt.
1862 1683 52 34 II.
1968 1676 269 42 Industrial:

246 1736 282 46 democracy
577 1735 95 39 and
723 1733 387 48 efficiency.—pt.
1221 1762 10 9 III.
1284 1733 129 40 “The
1462 1743 139 30 curse
1650 1733 52 41 of
1752 1732 367 51 bigness.”—pt.
2168 1741 74 34 IV.

247 1792 259 40 Railroads
535 1792 95 39 and
659 1790 332 48 finance.—pt.
1020 1796 50 33 V.
1100 1789 358 50 Zionism.—pt.
1487 1796 71 34 VI.
1589 1790 168 41 Public
1788 1792 329 47 service.—pt.
2148 1797 91 35 VII.

245 1849 101 40 The
375 1851 107 39 law.

252 1902 1969 109 © Nov. 19, 1934: 2c. and aff. Nov. 20 : A 77308; L. D. Brandeis. Washington. (34-39380)
252 2036 288 65 Bromley,
570 2038 137 51 Mrs.
738 2035 270 63 Dorothy
1038 2035 260 55 Dunbar.

319 2115 171 51 Birth
543 2115 245 64 control;
845 2111 74 54 its
972 2131 96 33 use
1120 2113 112 52 and
1281 2113 224 64 misuse,
1559 2113 74 66 by
1687 2113 263 65 Dorothy
2004 2113 240 52 Dunbar

249 2189 1936 69 Bromley; with an introduction by Robert Latou Dickinson …
250 2270 137 51 New
415 2269 163 52 York
606 2270 114 51 and
745 2269 256 65 London,
1028 2268 231 65 Harper
1288 2270 44 48 &
1357 2269 278 65 brothers,
1667 2272 149 49 1934.

319 2341 106 40 xxii
449 2351 57 38 p.,
533 2343 24 37 1
620 2373 7 15 l.,
653 2341 87 40 304
766 2351 42 37 p.
870 2340 151 48 diagr.
1082 2340 55 40 19
1140 2343 43 20 cm
1189 2373 7 7 .

321 2398 160 41 “First
516 2397 224 42 edition.”

320 2453 375 49 Bibliography:
727 2464 43 38 p.
801 2453 214 42 267-279.

256 2508 1901 53 © Nov. 14, 1934; 2c. Nov. 14; aff. Nov. 16; A 78139; Harper & bros.
333 2569 278 47 (34-39221)

258 2642 224 67 Brown,
509 2644 260 56 Thomas
793 2645 157 66 Kite,
983 2649 169 51 1885-

322 2721 121 53 The
477 2721 327 69 secretary’s
841 2724 135 52 desk
1011 2725 161 67 book,
1207 2745 30 33 a
1271 2727 235 51 modern
1539 2725 172 68 guide
1744 2731 58 47 to
1839 2729 213 48 correct
252 2723 1965 127 English

394 2799 139 52 with
567 2802 292 65 approved
890 2801 179 53 forms
1102 2802 93 53 for
1226 2803 270 66 business,
1527 2803 216 64 official,
1776 2803 112 52 and
1920 2801 173 53 social

252 2819 1989 128 correspondence, by Thomas Kite Brown, jr. … W. J. Pelo, A. M.
253 2953 114 51 and
404 2952 193 54 Violet
634 2953 243 68 Bender,
956 2997 10 9 A.
1043 2998 9 9 B.
1127 2957 309 66 Including
1473 2957 121 53 The
1631 2957 267 54 Winston
1936 2954 305 68 simplified

253 3028 1989 71 dictionary, edited by William D. Lewis … and Edgar A.
255 3103 1987 74 Singer … Philadelphia, Chicago [etc.] The John C. Winston
251 3199 281 50 company
568 3217 12 33 [
585 3191 18 21 c
608 3188 134 49 1934]

322 3254 62 47 vi,
411 3255 98 46 327,
538 3267 77 36 xx,
643 3256 85 41 940
754 3268 43 38 p.
853 3258 141 47 illus.,
1022 3261 86 39 col.
1138 3262 169 46 plates.
1364 3260 59 41 20
1423 3264 44 21 cm
1473 3293 8 9 .

323 3310 100 40 The
470 3313 222 40 Winston
740 3315 257 47 simplified
1045 3317 275 48 dictionary
1365 3319 91 39 has
1503 3317 181 49 special
1732 3319 97 45 t.-p.
1878 3316 95 39 and
2021 3317 227 46 separate

252 3366 297 48 pagination.

323 3424 261 41 Published
624 3428 102 39 also
776 3428 230 47 (without
1044 3431 100 40 The
1183 3431 223 41 Winston
1447 3429 258 49 simplified
1745 3428 301 47 dictionary)
2095 3428 153 40 under

252 3479 109 40 title
392 3480 126 42 “The
547 3484 287 48 secretary’s
863 3486 240 42 manual”.

256 3531 1991 56 © Sept. 17, 1934; 2c. and aff. Nov. 22; A 77331; John C. Winston co.
379 3594 225 48 [Copyright
635 3596 42 40 is
705 3598 201 40 claimed
939 3610 60 28 on
1032 3600 237 40 revisions
1297 3604 95 38 and
1426 3600 263 48 additions]

333 3649 278 44 (34-39372)

251 3723 358 68 Brubacher,
638 3729 225 54 Abram
890 3733 212 62 Royer.

320 3800 209 54 Junior
583 3806 241 62 English
882 3808 93 52 for
1027 3812 240 51 everyday
1362 3829 114 33 use.
1570 3810 95 51 9th
1759 3828 41 32 yr.
1890 3809 48 50 By
2033 3806 215 51 Abram

252 3880 1995 68 Royer Brubacher … with the editorial coöperation of Clara B.
