2350 4196
1105 4011 131 49 1235

166 365 386 62 Masterman,
582 364 225 53 Walter
836 363 57 54 S.

242 443 119 51 The
412 460 122 33 rose
584 441 64 52 of
700 440 189 67 death,
940 440 73 67 by
1064 439 221 53 Walter
1341 436 57 55 S.
1452 436 369 52 Masterman.
1914 434 256 52 London.

172 520 269 52 Methuen
470 521 46 49 &
543 537 96 48 со.,
667 519 103 53 ltd.
808 521 170 64 [1934]

243 591 626 50 3 p. l., 283. [1] p. 19 cm .
176 644 1993 54 © 1c . Sept. 22, 1934; A ad int. 19397; pubd. July 26; W. S. Masterman,
245 708 210 38 London.
528 705 279 48 (34-32206)

173 787 204 67 Millin,
408 790 137 50 Mrs.
579 788 189 53 Sarah
802 788 291 52 Gertrode
1126 785 312 65 (Liebson)

246 865 182 52 Three
470 883 124 33 men
641 865 107 67 die,
794 885 26 32 a
866 867 164 49 novel
1072 864 73 67 by
1191 862 184 54 Sarah
1420 862 285 55 Gertrude
1746 861 211 53 Millin.
2034 861 136 52 New

182 944 156 50 York
366 944 111 50 and
506 944 257 53 London.
792 946 232 64 Harper
1052 945 50 48 &
1131 942 275 66 brothers,
1437 944 149 49 1934.

243 1016 450 49 3 p. l., . 278 p. 21cm.
249 1074 163 40 “First
440 1073 225 41 edition.”

178 1128 49 51 ©
271 1133 125 45 Sept.
436 1131 67 46 21,
542 1129 139 42 1934;
724 1132 64 38 2c.
832 1132 124 46 Sept.
997 1130 57 39 19;
1121 1129 79 39 aff.
1242 1128 125 48 Sept.
1407 1129 55 38 24;
1529 1129 40 38 A
1607 1125 169 49 75697;
1821 1127 44 41 S.
1906 1127 50 40 G.
1998 1126 172 45 Millin,

245 1189 385 45 Johannesburg,
662 1188 182 39 Africa.

168 1269 257 63 Mosher,
456 1269 248 54 Charles
731 1270 63 54 F.

241 1346 214 52 Herbie
497 1346 109 52 and
651 1346 278 65 Frankie;
975 1365 78 47 or,
1095 1346 119 51 The
1256 1345 301 52 Roosevelt
1598 1343 368 67 experiment,
170 1361 1981 132 copyright
362 1466 55 10 ...

451 1424 75 67 by
558 1422 61 55 C.
651 1424 63 52 F.
747 1424 229 53 Mosher
1012 1469 53 8 ...
1149 1422 346 67 Cincinnati,
1527 1421 86 68 O.,
1643 1428 17 20 c
1666 1425 150 49 1934.

242 1497 58 41 48
331 1508 41 38 p.
435 1497 129 40 illus.
624 1497 55 41 23
683 1500 43 21 cm
732 1529 8 9 .

243 1555 40 38 A
317 1554 151 41 series
502 1555 51 39 of
588 1555 183 46 letters,
808 1553 334 49 twenty-eight
1176 1554 127 38 from
1339 1554 81 39 the
1455 1551 276 42 Cincinnati
1766 1553 121 46 post,
1924 1551 248 47 January-

174 1612 138 47 June,
344 1610 126 48 1934,
502 1611 95 40 and
629 1614 95 37 two
754 1611 128 39 from
915 1613 80 38 the
1025 1610 298 47 Times-star,
1356 1609 126 40 June
1513 1609 55 39 14
1600 1609 94 39 and
1724 1608 69 47 27,
1826 1607 126 40 1934.

245 1668 71 40 On
347 1678 141 30 cover;
548 1668 188 42 Words,
769 1667 48 41 C.
851 1668 49 39 F.
933 1667 193 39 Mosher;
1187 1667 238 42 cartoons.
1458 1665 184 41 Claude
1677 1664 190 41 Shafer.

180 1720 1995 54 © Sept. 1, 1934; 2c. and aff. Sept. 8; A 75197; C . F. Mosher, Cincinnati.
257 1783 278 49 (34-31453)

169 1861 251 68 Musser,
452 1864 155 53 John
637 1865 174 65 Herr,
845 1867 169 48 1883-
1227 1862 84 53 ed.

248 1942 257 52 Internal
543 1941 305 66 medicine;
886 1944 75 50 its
997 1941 199 68 theory
1234 1941 112 52 and
1382 1940 248 67 practice
1667 1939 57 51 in
1763 1937 413 54 contributions

177 2020 73 67 by
288 2020 305 51 American
631 2020 251 66 authors,
920 2019 189 52 edited
1145 2019 74 67 by
1256 2018 157 54 John
1451 2018 75 53 H.
1566 2017 221 52 Musser
1831 2060 54 9 ...
1964 2017 72 51 2d
2073 2016 103 52 ed..

177 2097 349 68 thoroughly
569 2116 114 34 rev.
731 2141 54 8 ...
869 2096 425 69 Philadelphia,
1335 2097 115 52 Lea
1492 2099 45 50 &
1578 2095 261 69 Febiger,
1883 2097 151 50 1934.

249 2172 97 40 xix,
381 2170 199 41 13-1288
612 2183 41 36 p.
715 2171 141 40 illus..
889 2171 177 48 diagrs.
1128 2169 143 41 25½cm.

252 2228 221 41 Includes
514 2228 361 41 “References”.

181 2283 53 51 ©
265 2288 123 46 Sept.
419 2288 67 41 14,
519 2285 108 39 1934;
690 2286 64 39 2c.
788 2286 124 47 Sept.
945 2287 53 37 17;
1058 2285 80 39 aff.
1172 2285 123 47 Sept.
1327 2286 53 38 15;
1444 2286 39 42 A
1510 2285 142 40 75380;
1712 2286 94 39 Lea
1839 2286 36 38 &
1904 2285 215 48 Febiger.

257 2344 278 45 (34-31825)

174 2424 277 54 National
485 2426 311 53 education
830 2424 356 53 association
1219 2424 61 52 of
1315 2424 103 53 the
1453 2425 217 53 United
1708 2426 221 53 States.
2007 2428 150 63 Dept.

243 2505 62 64 of
335 2503 353 67 supervisors
720 2503 114 52 and
865 2503 273 53 directors
1171 2502 62 66 of
1261 2503 359 53 instruction.

244 2578 288 56 Scientific
588 2581 229 51 method
875 2580 57 51 in
988 2580 362 68 supervisory
1407 2599 328 49 programs;
1794 2582 95 51 the
1943 2582 229 51 seventh

171 2660 284 66 yearbook
495 2659 62 51 of
597 2660 96 51 the
731 2661 379 65 Department
1150 2659 62 52 of
1250 2660 354 67 supervisors
1647 2660 110 52 and
1800 2660 273 52 directors
2115 2661 60 50 of

173 2738 339 51 instruction
552 2738 62 53 of
652 2738 93 51 the
785 2737 272 52 National
1097 2738 299 52 education
1436 2739 355 53 association,
1829 2740 72 65 by
1941 2758 28 33 a
173 2738 1976 130 Committee

405 2816 63 52 of
508 2816 96 52 the
645 2816 379 68 department,
1065 2816 156 54 Paul
1252 2818 66 52 T.
1360 2817 249 65 Rankin,
1651 2818 309 52 chairman.
2043 2820 130 50 New

174 2894 177 54 York.
384 2895 277 52 Teachers
696 2894 227 68 college,
958 2894 299 55 Columbia
1289 2896 336 54 university.
1660 2900 148 48 1934.

248 2970 103 40 xiii.
381 2968 84 40 194
496 2979 40 37 p.
597 2967 145 42 23½cm.

184 3023 50 50 ©
269 3027 111 46 Apr.
416 3025 67 46 20,
519 3025 113 39 1934;
696 3025 66 39 2c.
798 3025 126 38 June
956 3025 81 41 21;
1074 3025 81 41 aff.
1191 3026 125 39 June
1352 3026 58 39 20;
1471 3027 40 38 A
1548 3025 167 47 73975;
1755 3027 129 40 Natl.
1919 3026 258 40 education

249 3093 140 36 assn.,
430 3084 321 46 Department
788 3083 50 37 of
877 3082 300 47 supervisors
1218 3085 94 36 and
1352 3084 235 39 directors
1627 3084 50 37 of
1716 3084 305 41 instruction.
2063 3084 114 38 New

249 3140 143 38 York.
465 3138 278 49 (34-31590)

182 3220 142 52 New
363 3221 161 51 York
565 3221 358 67 supplement;
996 3237 149 37 cases
1185 3223 213 66 argued
1440 3224 111 49 and
1593 3223 350 51 determined
1983 3223 59 50 in
2083 3223 93 50 the

253 3298 179 53 Court
473 3299 62 51 of
577 3300 249 66 appeals.
868 3299 272 66 Supreme
1182 3301 105 50 and
1334 3303 171 49 lower
1545 3306 188 47 courts
1773 3300 63 55 of
1876 3302 196 51 record
2114 3300 61 52 of

251 3376 137 52 New
446 3377 157 52 York
653 3381 161 55 state,
866 3378 140 52 with
1055 3378 107 66 key
1213 3380 236 51 number
1501 3381 378 51 annotations,
1957 3398 50 32 v.
2059 3380 116 52 270.

464 3455 155 67 April-May,
662 3458 148 49 1934.
889 3454 81 54 St.
1012 3458 163 54 Paul.
1214 3459 159 51 West
1411 3458 335 67 publishing
1785 3477 96 35 со.,
1923 3460 147 49 1934.

251 3530 16 36 1
304 3541 39 27 v.
401 3530 55 37 24
460 3531 43 20 cm
510 3561 6 6 .

255 3586 207 39 Various
493 3586 215 47 pagings.

186 3637 49 51 ©
266 3642 125 47 Sept.
420 3642 66 41 20.
516 3641 139 42 1934;
685 3642 64 38 2c.
780 3636 94 44 and
904 3642 80 39 aff.
1014 3641 98 40 Oct.
1150 3644 9 37 11;
1256 3644 37 38 A
1320 3643 143 40 76497;
1522 3646 132 37 West
1749 3645 40 38 pub.
1817 3655 64 27 со.

181 3731 179 54 Nolde,
412 3732 142 54 Otto
585 3733 171 53 Fred.

253 3806 99 69 My
380 3806 133 69 life;
546 3826 25 34 a
605 3809 173 67 study
802 3808 64 53 of
893 3809 94 53 the
1016 3809 207 54 church
1255 3809 219 54 worker
1505 3810 112 54 and
1647 3809 89 54 his
1764 3808 264 70 personal
2058 3807 124 69 life,

183 3882 72 69 by
286 3883 67 55 O.
387 3885 148 52 Fred
570 3886 182 52 Nolde
785 3887 112 52 and
927 3887 145 52 Paul
1107 3888 54 53 J.
1193 3887 165 68 Hoh;
1395 3888 280 68 prepared
1711 3888 179 52 under
1924 3888 96 53 the
2055 3904 122 36 aus-
