2350 4196
1120 4005 98 51 688

177 376 70 53 U.
313 379 56 52 S.
444 379 308 52 Interstate
816 396 300 34 commerce
1181 377 370 53 commission,
1653 378 309 50 Interstate
246 395 1897 112 commerce
458 455 356 53 commission
847 461 235 61 reports.
1170 455 293 66 (Indexes)

247 532 183 51 Index
460 533 62 53 of
551 532 734 55 commodities—decisions
1314 532 62 51 of
1403 533 96 50 the
1528 533 307 50 Interstate
1866 549 300 36 commerce

180 609 666 53 commission—relative
886 617 56 46 to
988 610 296 67 propriety
1328 609 62 52 of
1436 607 412 57 classification,
1893 609 140 51 with
180 609 1966 132 decisions

421 689 236 66 bearing
693 706 154 48 upon
884 687 307 67 principles
1229 686 294 54 embodied
1559 687 62 51 in
1656 687 97 50 the
1788 688 148 51 rules
1974 687 62 52 of
2073 687 97 51 the

178 765 385 52 consolidated
600 765 218 67 freight
856 763 410 56 classification.
1339 766 312 50 Interstate
1684 781 303 36 commerce
179 782 1965 112 commission

440 847 235 62 reports,
742 843 134 51 vols.
912 842 184 67 1-197,
1126 842 286 51 inclusive.
1481 841 297 67 Compiled
1811 841 93 52 for
1932 842 98 52 the
180 839 1964 148 official,

344 920 269 52 southern
655 921 110 51 and
806 924 238 49 western
1084 917 395 55 classification
1520 919 359 54 committees.
1956 920 213 52 Robert

177 999 89 52 W.
310 998 166 67 Fyfe.
557 997 287 68 [Chicago,
886 998 160 55 State
1086 1000 106 50 law
1233 997 262 67 printing
1536 1015 293 48 company.
1874 999 149 64 1934]

256 1073 84 38 121
370 1083 41 36 p.
470 1072 54 39 23
529 1074 43 20 cm
579 1104 6 6 .

187 1138 50 51 ©
262 1143 113 46 Apr.
398 1141 68 41 20.
491 1140 140 46 1934;
658 1141 64 39 2c.
750 1142 94 37 and
869 1140 78 38 aff.
976 1141 113 46 May
1112 1140 79 38 21:
1218 1140 42 38 A
1283 1139 169 46 71921;
1481 1139 184 39 Robert
1686 1140 70 39 W.
1784 1138 134 49 Fyfe,
1947 1138 222 48 Obicago.

184 1259 209 65 White,
427 1260 225 62 George
683 1260 188 61 Starr,
907 1263 168 48 1866-

250 1336 303 54 Intestinal
578 1336 377 66 normalizing
981 1336 112 51 and
1115 1334 181 67 pelvic
1320 1335 220 52 culture
1564 1334 92 51 for
1679 1354 144 47 men,
1849 1335 74 66 by
1947 1335 218 66 George

184 1411 1978 58 Starr White … Selected and condenst from over ten thousand
185 1510 169 49 pages
389 1492 64 51 of
485 1492 98 53 the
616 1491 248 52 author’s
901 1489 256 68 publisht
1190 1489 276 67 writings.
1542 1491 145 50 Brot
1722 1508 77 48 up
1834 1495 57 46 to
1929 1491 132 52 date
2091 1491 75 65 by

184 1588 119 33 new
346 1569 377 52 illustrations
763 1569 110 51 and
915 1569 226 65 lessons,
1178 1573 57 46 to
1274 1567 66 51 fit
1378 1568 96 51 the
1511 1567 370 66 emergencies
1921 1567 245 68 existing

185 1651 346 48 now—1934.
609 1645 311 67 Copiously
979 1645 320 52 illustrated
1359 1645 138 52 with
1557 1643 245 68 original
1863 1647 301 65 drawings.

185 1724 107 53 Los
317 1724 264 67 Angeles,
610 1722 192 66 Calif.,
831 1723 66 54 G.
929 1723 54 55 S.
1011 1721 209 66 White,
1249 1726 148 50 1934.

256 1795 54 40 95
340 1807 42 37 p.
442 1796 128 39 illus.
630 1793 54 39 21
688 1797 43 20 cm
737 1827 7 7 .

258 1854 40 38 A
333 1855 144 37 letter
513 1853 94 38 and
644 1862 27 28 a
708 1852 360 47 questionnaire
1106 1851 116 39 each
1257 1850 165 40 folded
1457 1852 94 38 and
1586 1851 228 39 mounted
1850 1862 57 28 on
1945 1862 41 37 p.
2028 1871 8 29 [
2041 1853 40 47 3]
2119 1853 49 39 of

186 1917 151 31 cover.

186 1975 55 52 ©
266 1980 112 46 Apr.
407 1980 68 46 25,
505 1979 139 46 1984;
676 1979 65 39 2c.
772 1980 97 38 and
897 1978 80 41 aff.
1008 1980 113 46 May
1149 1979 80 46 14;
1262 1979 40 38 A
1329 1978 142 40 71603
1491 1989 8 36 ;
1534 1979 50 40 G.
1620 1979 42 40 S.
1693 1978 174 41 White.

263 2036 278 48 (34-14910)

186 2150 296 68 Williams,
516 2153 363 52 Frankwood
913 2152 156 64 Earl,
1105 2158 169 49 1883-

254 2230 221 66 Russia,
515 2231 195 66 youth,
750 2231 110 51 and
901 2231 97 51 the
1034 2232 364 65 present-day
1437 2231 209 66 world;
1690 2232 226 50 further
1955 2230 211 53 studies

186 2307 1980 68 in mental hygiene, by Frankwood E. Williams … illustrated
185 2383 136 53 with
351 2385 405 67 photographs.
833 2386 137 52 Neiv
998 2385 177 66 York,
1202 2387 213 50 Farrar
1440 2390 44 49 &
1510 2385 297 67 Rinehart,
1833 2386 105 52 inc.
1972 2419 12 33 [
1989 2392 17 21 c
2012 2390 150 62 1934]

255 2455 117 44 xxii,
403 2456 84 40 270
518 2468 41 36 p.
619 2457 163 42 front.,
814 2458 169 47 plates.
1044 2457 54 38 21
1102 2461 42 19 cm
1152 2489 6 6 .

257 2514 224 39 Includes
518 2514 82 38 the
636 2524 187 29 answer
859 2517 47 37 to
942 2515 81 39 the
1059 2513 215 41 author’s
1311 2515 213 46 address,
1564 2514 127 41 “Out
1723 2515 128 39 from
1887 2514 280 41 confusion”

198 2569 65 46 (p.
301 2569 166 45 57-74)
511 2571 60 44 by
607 2571 60 39 M.
708 2571 41 39 S.
786 2571 231 46 Lazaron,
1056 2570 214 43 entitled,
1309 2571 292 40 “Confusion
1639 2573 95 37 less
1775 2572 327 39 confounded:
2143 2583 21 27 a

190 2625 134 39 rabbi
356 2628 137 38 takes
525 2637 62 36 up
620 2628 80 38 the
735 2629 246 44 challenge
1013 2628 50 39 of
1096 2638 26 29 a
1156 2627 342 48 psychiatrist”
1543 2628 65 47 (p.
1642 2628 167 45 75-87)
1850 2629 94 38 and
1978 2630 79 38 the
188 2639 1963 83 author’s
369 2684 146 45 reply,
550 2684 156 39 “Hate
726 2694 8 28 :
767 2684 254 39 confusion
1054 2694 131 29 more
1216 2684 331 41 confounded”
1587 2685 68 47 (p.
1688 2684 195 47 88-110)

189 2734 1981 55 © May 24, 1934; 2c. May 26 ; aff. May 25 ; A 72497 ; F. E. Williams,
253 2796 114 37 New
399 2797 141 39 York.
613 2797 278 49 (34-14550)

182 2911 194 62 Wood,
410 2912 225 64 George
668 2913 264 65 Clayton,
966 2916 170 51 1878-

313 2987 1859 73 … Our environment, how we use and control it, by George
186 3064 1983 74 C. Wood … and Harry A. Carpenter … Rev. ed. Boston,
185 3144 1278 70 New York [etc.] Allyn and Bacon [ c 1934]
252 3215 1916 56 xii, 792, 24 p. illus., vn col. pl. (incl. front.) diagrs. 191 cm . (Modern
182 3272 183 40 science
390 3273 149 40 series
560 3274 78 38 for
661 3274 161 46 junior
847 3276 115 46 high
987 3276 201 45 schools,
1212 3277 72 40 ed.
1308 3278 60 46 by
1393 3278 41 39 J.
1464 3279 61 37 M.
1552 3277 153 41 Glass,
1767 3280 121 38 book
1914 3280 83 47 m)

253 3328 323 46 “Interesting
599 3331 146 39 books
773 3334 47 36 to
846 3331 142 40 read”
1017 3335 50 36 at
1091 3333 89 39 end
1208 3333 51 40 of
1283 3333 119 40 each
1429 3334 210 47 chapter.

188 3380 52 51 ©
267 3385 111 46 Apr.
405 3386 39 44 2,
474 3385 138 43 1934;
643 3387 65 38 2c.
737 3387 110 46 Apr.
875 3388 80 41 11;
987 3388 79 39 aff.
1098 3390 111 46 May
1236 3390 52 45 4;
1320 3390 40 38 A
1387 3390 142 39 72316
1548 3401 8 35 ;
1588 3390 144 41 Allvn
1761 3392 38 39 &
1825 3392 174 37 Bacon.

267 3440 277 49 (34-15275)

181 3554 360 65 Woodward,
572 3557 259 53 Graham
861 3560 137 64 Cox,
1030 3567 167 48 1880-

250 3632 249 53 Motions
531 3634 110 51 and
673 3634 147 53 rules
851 3637 61 50 in
942 3636 438 56 Pennsylvania,
1413 3637 137 53 with
1584 3638 195 60 forms,
1809 3640 74 52 by
1915 3639 253 54 Graham

185 3709 1982 74 C. Woodward … Philadelphia. Geo. T. Bisel company, 1934.
253 3783 84 39 857
371 3793 40 37 p.
473 3783 55 38 24½
560 3786 43 20 cm
608 3815 8 8 .

187 3834 51 52 ©
267 3841 114 46 May
406 3840 38 44 3,
473 3840 139 40 1934;
643 3841 64 39 2c.
737 3842 112 46 May
877 3842 24 39 5
921 3853 8 28 :
960 3842 79 40 aff.
1071 3844 111 46 May
1210 3843 54 40 26
1283 3855 8 31 ;
1320 3845 41 38 A
1387 3845 143 40 72557
1549 3857 7 31 :
1590 3846 182 49 George
1800 3847 51 40 T.
1881 3847 129 40 Bisel
2041 3856 65 31 co.

264 3896 275 47 (34-15262)
