<alto xmlns="http://www.loc.gov/standards/alto/ns-v3#" xmlns:xsi="http://www.w3.org/2001/XMLSchema-instance" xsi:schemaLocation="http://www.loc.gov/standards/alto/ns-v3# http://www.loc.gov/alto/v3/alto-3-0.xsd"><Description>
<MeasurementUnit>pixel</MeasurementUnit>
<sourceImageInformation>
<fileName>1934_v1_Part1.pdf</fileName>
</sourceImageInformation>
<OCRProcessing ID="IdOcr">
<ocrProcessingStep>
<processingDateTime>2019-01-10</processingDateTime>
<processingSoftware>
<softwareCreator>ABBYY</softwareCreator>
<softwareName>ABBYY Recognition Server</softwareName>
<softwareVersion>4.0</softwareVersion>
</processingSoftware>
</ocrProcessingStep>
</OCRProcessing>
</Description>
<Styles>
<ParagraphStyle ALIGN="Left" FIRSTLINE="0." ID="StyleId-FFFFFFFF-FFFF-FFFF-FFFF-FFFFFFFFFFFF-" LEFT="0." RIGHT="0." />
<ParagraphStyle ALIGN="Right" FIRSTLINE="0." ID="StyleId-521E1FC6-FE7E-43A4-90E6-A9B61626A263-" LEFT="0." LINESPACE="13.30000019" RIGHT="0." />
<ParagraphStyle ALIGN="Left" FIRSTLINE="-27." ID="StyleId-639B624E-F6F5-47B6-BB1D-34E64B53022F-" LEFT="0." LINESPACE="13.43999958" RIGHT="0." />
<ParagraphStyle ALIGN="Left" FIRSTLINE="0." ID="StyleId-100905F9-D385-406B-A5BD-ED5B8FD85431-" LEFT="0." RIGHT="0." />
<ParagraphStyle ALIGN="Left" FIRSTLINE="-27." ID="StyleId-7C9F9BA2-EF3A-4B7F-8486-CCC7B7F49B39-" LEFT="0." LINESPACE="18.71999931" RIGHT="0." />
<ParagraphStyle ALIGN="Block" FIRSTLINE="-27." ID="StyleId-350780E3-60F2-4605-88F5-BB54F9B87091-" LEFT="0." LINESPACE="18.71999931" RIGHT="0." />
<ParagraphStyle ALIGN="Left" FIRSTLINE="0." ID="StyleId-90B16C58-D795-4C77-9B89-30378C515D40-" LEFT="0." LINESPACE="14.39999962" RIGHT="0." />
<ParagraphStyle ALIGN="Right" FIRSTLINE="-27." ID="StyleId-17090E09-AFAF-4086-BD9B-4E99FAE6B057-" LEFT="0." LINESPACE="14.39999962" RIGHT="0." />
<ParagraphStyle ALIGN="Left" FIRSTLINE="-27." ID="StyleId-8B87B633-89DB-4D72-B1FC-26E4ABD680BC-" LEFT="0." LINESPACE="18.47999954" RIGHT="0." />
<ParagraphStyle ALIGN="Left" FIRSTLINE="0." ID="StyleId-42DA7417-CA90-4D71-A57B-06556C38D752-" LEFT="0." LINESPACE="13.30000019" RIGHT="0." />
<ParagraphStyle ALIGN="Block" FIRSTLINE="0." ID="StyleId-D8EE2A7E-42AE-4E35-98DB-F0F935637AA0-" LEFT="0." LINESPACE="6.599999905" RIGHT="0." />
<ParagraphStyle ALIGN="Left" FIRSTLINE="0." ID="StyleId-33CD3121-D4F5-43B6-BA96-6382D166E6B8-" LEFT="0." LINESPACE="15.5" RIGHT="0." />
<ParagraphStyle ALIGN="Block" FIRSTLINE="-21." ID="StyleId-1CE52AFA-C319-4DD9-B4B1-F0EBFA2B3F0B-" LEFT="0." LINESPACE="18.71999931" RIGHT="0." />
<ParagraphStyle ALIGN="Left" FIRSTLINE="0." ID="StyleId-B74F1B65-92F1-49C5-A5FA-D20442F031F2-" LEFT="0." LINESPACE="17.70006076" RIGHT="0." />
<ParagraphStyle ALIGN="Center" FIRSTLINE="0." ID="StyleId-79E2924A-215C-40B7-B577-7236BFBAA25E-" LEFT="0." LINESPACE="7.199999809" RIGHT="0." />
</Styles>
<Layout>
<Page HEIGHT="4196" ID="Page1612" PHYSICAL_IMG_NR="1612" WIDTH="2350">
<TopMargin HEIGHT="364" HPOS="0" VPOS="0" WIDTH="2350">
</TopMargin>
<LeftMargin HEIGHT="3704" HPOS="0" VPOS="364" WIDTH="110">
</LeftMargin>
<RightMargin HEIGHT="3704" HPOS="2205" VPOS="364" WIDTH="145">
</RightMargin>
<BottomMargin HEIGHT="128" HPOS="0" VPOS="4068" WIDTH="2350">
</BottomMargin>
<PrintSpace HEIGHT="3704" HPOS="110" VPOS="364" WIDTH="2095">
<TextBlock HEIGHT="60" HPOS="1108" ID="Page1612_Block1" LANG="en-US" STYLEREFS="StyleId-C5C235D1-D004-43FF-A725-A9DAE36A9B5A-" VPOS="4008" WIDTH="142">
<TextLine HEIGHT="48" HPOS="1114" VPOS="4014" WIDTH="130">
<String CONTENT="1612" HEIGHT="48" HPOS="1114" VPOS="4014" WIDTH="130" />
</TextLine>
</TextBlock>
<TextBlock CS="1" HEIGHT="3635" HPOS="110" ID="Page1612_Block2" LANG="en-US" STYLEREFS="StyleId-2466378C-6B8F-4E89-8AC1-62CE627F074D-" VPOS="364" WIDTH="2095">
<Shape>
<Polygon POINTS="110,364 2205,364 2205,3944 836,3944 836,3999 110,3999 110,364" />
</Shape>
<TextLine HEIGHT="70" HPOS="209" LANG="de" STYLEREFS="StyleId-794DC2A0-1DE6-440F-B633-4CA9DBD0A2BB-" VPOS="370" WIDTH="1027">
<String CONTENT="Phillips," HEIGHT="68" HPOS="209" VPOS="370" WIDTH="263" />
<SP HEIGHT="63" HPOS="473" VPOS="374" WIDTH="25" />
<String CONTENT="Mary" HEIGHT="64" HPOS="499" VPOS="374" WIDTH="175" />
<SP HEIGHT="64" HPOS="675" VPOS="374" WIDTH="24" />
<String CONTENT="Catherine," HEIGHT="66" HPOS="700" VPOS="374" WIDTH="335" />
<SP HEIGHT="58" HPOS="1036" VPOS="382" WIDTH="29" />
<String CONTENT="1903-" HEIGHT="49" HPOS="1066" LANG="en-US" VPOS="381" WIDTH="170" />
</TextLine>
<TextLine CS="1" HEIGHT="70" HPOS="284" STYLEREFS="StyleId-514E9E37-B526-49C5-9182-F8D3C5AA164F-" VPOS="449" WIDTH="1104">
<String CONTENT="Skin" HEIGHT="55" HPOS="284" VPOS="449" WIDTH="142" />
<SP HEIGHT="52" HPOS="427" VPOS="451" WIDTH="34" />
<String CONTENT="deep," HEIGHT="67" HPOS="462" VPOS="451" WIDTH="158" />
<SP HEIGHT="60" HPOS="621" VPOS="458" WIDTH="31" />
<String CONTENT="the" HEIGHT="51" HPOS="653" VPOS="453" WIDTH="96" />
<SP HEIGHT="45" HPOS="750" VPOS="460" WIDTH="31" />
<String CONTENT="truth" HEIGHT="52" HPOS="782" VPOS="453" WIDTH="161" />
<SP HEIGHT="51" HPOS="944" VPOS="453" WIDTH="34" />
<String CONTENT="about" HEIGHT="52" HPOS="979" VPOS="453" WIDTH="173" />
<SP HEIGHT="51" HPOS="1153" VPOS="454" WIDTH="28" />
<String CONTENT="beauty" HEIGHT="65" HPOS="1182" VPOS="454" WIDTH="206" />
</TextLine>
<TextLine HEIGHT="55" HPOS="1425" STYLEREFS="StyleId-514E9E37-B526-49C5-9182-F8D3C5AA164F-" VPOS="451" WIDTH="772">
<String CONTENT="aids&#8212;safe" HEIGHT="52" HPOS="1425" VPOS="453" WIDTH="319" />
<SP HEIGHT="33" HPOS="1745" VPOS="472" WIDTH="33" />
<String CONTENT="and" HEIGHT="51" HPOS="1779" VPOS="454" WIDTH="110" />
<SP HEIGHT="51" HPOS="1890" VPOS="454" WIDTH="33" />
<String CONTENT="harmful." HEIGHT="55" HPOS="1924" VPOS="451" WIDTH="273" />
</TextLine>
<TextLine CS="1" HEIGHT="70" HPOS="214" STYLEREFS="StyleId-514E9E37-B526-49C5-9182-F8D3C5AA164F-" VPOS="527" WIDTH="1564">
<String CONTENT="by" HEIGHT="67" HPOS="214" VPOS="528" WIDTH="70" />
<SP HEIGHT="67" HPOS="285" VPOS="528" WIDTH="29" />
<String CONTENT="M." HEIGHT="55" HPOS="315" VPOS="528" WIDTH="78" />
<SP HEIGHT="56" HPOS="394" VPOS="527" WIDTH="32" />
<String CONTENT="C." HEIGHT="54" HPOS="427" VPOS="527" WIDTH="61" />
<SP HEIGHT="51" HPOS="489" VPOS="529" WIDTH="30" />
<String CONTENT="Phillips" HEIGHT="68" HPOS="520" VPOS="528" WIDTH="251" />
<SP HEIGHT="32" HPOS="772" VPOS="549" WIDTH="35" />
<String CONTENT="&#8230;" CS="1" />
<SP HEIGHT="51" HPOS="863" VPOS="530" WIDTH="70" />
<String CONTENT="New" HEIGHT="52" HPOS="934" VPOS="530" WIDTH="136" />
<SP HEIGHT="51" HPOS="1071" VPOS="532" WIDTH="31" />
<String CONTENT="York," HEIGHT="67" HPOS="1103" VPOS="530" WIDTH="176" />
<SP HEIGHT="64" HPOS="1280" VPOS="533" WIDTH="30" />
<String CONTENT="The" HEIGHT="53" HPOS="1311" VPOS="530" WIDTH="120" />
<SP HEIGHT="52" HPOS="1432" VPOS="531" WIDTH="28" />
<String CONTENT="Vanguard" HEIGHT="66" HPOS="1461" VPOS="531" WIDTH="317" />
</TextLine>
<TextLine CS="1" HEIGHT="63" HPOS="1810" STYLEREFS="StyleId-514E9E37-B526-49C5-9182-F8D3C5AA164F-" VPOS="533" WIDTH="294">
<String CONTENT="press" HEIGHT="47" HPOS="1810" VPOS="549" WIDTH="154" />
<SP HEIGHT="46" HPOS="1965" VPOS="550" WIDTH="36" />
<String CONTENT="[" CS="1" />
<String CONTENT="c" HEIGHT="20" HPOS="2019" STYLE="superscript" VPOS="538" WIDTH="17" />
<String CONTENT="1934]" CS="1" HEIGHT="50" HPOS="2043" VPOS="533" WIDTH="61" />
</TextLine>
<TextLine CS="1" HEIGHT="48" HPOS="279" VPOS="602" WIDTH="952">
<String CONTENT="3" HEIGHT="38" HPOS="279" VPOS="603" WIDTH="29" />
<SP HEIGHT="46" HPOS="309" VPOS="603" WIDTH="23" />
<String CONTENT="p." HEIGHT="36" HPOS="333" VPOS="613" WIDTH="41" />
<SP />
<String CONTENT="l.," CS="1" HEIGHT="15" HPOS="437" VPOS="632" WIDTH="8" />
<SP HEIGHT="34" HPOS="446" VPOS="613" WIDTH="25" />
<String CONTENT="v-xvi," HEIGHT="45" HPOS="472" VPOS="602" WIDTH="157" />
<SP HEIGHT="45" HPOS="630" VPOS="602" WIDTH="25" />
<String CONTENT="254" HEIGHT="39" HPOS="656" VPOS="602" WIDTH="85" />
<SP HEIGHT="46" HPOS="742" VPOS="604" WIDTH="22" />
<String CONTENT="p." HEIGHT="37" HPOS="765" VPOS="613" WIDTH="42" />
<SP HEIGHT="36" HPOS="808" VPOS="614" WIDTH="54" />
<String CONTENT="plates." HEIGHT="46" HPOS="863" VPOS="604" WIDTH="171" />
<SP HEIGHT="38" HPOS="1035" VPOS="604" WIDTH="54" />
<String CONTENT="19&#189;" CS="1" HEIGHT="39" HPOS="1090" VPOS="603" WIDTH="53" />
<String CONTENT="cm" HEIGHT="20" HPOS="1175" STYLE="superscript" VPOS="605" WIDTH="44" />
<String CONTENT="." HEIGHT="7" HPOS="1223" VPOS="633" WIDTH="8" />
</TextLine>
<TextLine CS="1" HEIGHT="49" HPOS="282" VPOS="658" WIDTH="1916">
<String CONTENT="Consumers'" HEIGHT="41" HPOS="282" VPOS="658" WIDTH="303" />
<SP HEIGHT="38" HPOS="586" VPOS="658" WIDTH="27" />
<String CONTENT="research" HEIGHT="38" HPOS="614" VPOS="660" WIDTH="223" />
<SP HEIGHT="38" HPOS="838" VPOS="660" WIDTH="32" />
<String CONTENT="&#8230;" CS="1" />
<SP HEIGHT="29" HPOS="917" VPOS="670" WIDTH="30" />
<String CONTENT="supplied" HEIGHT="49" HPOS="948" VPOS="658" WIDTH="218" />
<SP HEIGHT="37" HPOS="1167" VPOS="661" WIDTH="26" />
<String CONTENT="the" HEIGHT="37" HPOS="1194" VPOS="661" WIDTH="83" />
<SP HEIGHT="28" HPOS="1278" VPOS="670" WIDTH="25" />
<String CONTENT="source" HEIGHT="30" HPOS="1304" VPOS="668" WIDTH="167" />
<SP HEIGHT="31" HPOS="1472" VPOS="668" WIDTH="30" />
<String CONTENT="material" HEIGHT="39" HPOS="1503" VPOS="660" WIDTH="224" />
<SP HEIGHT="37" HPOS="1728" VPOS="660" WIDTH="29" />
<String CONTENT="from" HEIGHT="38" HPOS="1758" VPOS="660" WIDTH="128" />
<SP HEIGHT="27" HPOS="1887" VPOS="670" WIDTH="28" />
<String CONTENT="which" HEIGHT="39" HPOS="1916" VPOS="659" WIDTH="155" />
<SP HEIGHT="38" HPOS="2072" VPOS="661" WIDTH="30" />
<String CONTENT="this" HEIGHT="39" HPOS="2103" VPOS="660" WIDTH="95" />
</TextLine>
<TextLine HEIGHT="48" HPOS="211" VPOS="715" WIDTH="816">
<String CONTENT="book" HEIGHT="39" HPOS="211" VPOS="716" WIDTH="121" />
<SP HEIGHT="38" HPOS="333" VPOS="716" WIDTH="26" />
<String CONTENT="was" HEIGHT="30" HPOS="360" VPOS="725" WIDTH="98" />
<SP HEIGHT="29" HPOS="459" VPOS="726" WIDTH="28" />
<String CONTENT="written," HEIGHT="40" HPOS="488" VPOS="715" WIDTH="208" />
<SP HEIGHT="29" HPOS="697" VPOS="726" WIDTH="55" />
<String CONTENT="cf." HEIGHT="46" HPOS="753" VPOS="717" WIDTH="60" />
<SP HEIGHT="38" HPOS="814" VPOS="717" WIDTH="28" />
<String CONTENT="Introd." HEIGHT="39" HPOS="843" VPOS="717" WIDTH="184" />
</TextLine>
<TextLine CS="1" HEIGHT="48" HPOS="311" VPOS="772" WIDTH="1226">
<String CONTENT="&#8220;First" CS="1" HEIGHT="40" HPOS="311" VPOS="772" WIDTH="134" />
<SP HEIGHT="34" HPOS="446" VPOS="778" WIDTH="24" />
<String CONTENT="and" HEIGHT="38" HPOS="471" VPOS="773" WIDTH="94" />
<SP HEIGHT="39" HPOS="566" VPOS="773" WIDTH="26" />
<String CONTENT="second" HEIGHT="39" HPOS="593" VPOS="773" WIDTH="173" />
<SP HEIGHT="47" HPOS="767" VPOS="773" WIDTH="27" />
<String CONTENT="printing" HEIGHT="48" HPOS="795" VPOS="772" WIDTH="213" />
<SP />
<String CONTENT="before" HEIGHT="40" HPOS="1036" VPOS="773" WIDTH="165" />
<SP HEIGHT="38" HPOS="1202" VPOS="782" WIDTH="24" />
<String CONTENT="publication.&#8221;" CS="1" HEIGHT="48" HPOS="1227" VPOS="772" WIDTH="310" />
</TextLine>
<TextLine CS="1" HEIGHT="49" HPOS="282" VPOS="828" WIDTH="981">
<String CONTENT="&quot;Selected" HEIGHT="41" HPOS="282" VPOS="829" WIDTH="245" />
<SP HEIGHT="38" HPOS="528" VPOS="830" WIDTH="26" />
<String CONTENT="bibliography&quot;;" CS="1" HEIGHT="48" HPOS="555" VPOS="828" WIDTH="363" />
<SP HEIGHT="36" HPOS="948" VPOS="841" WIDTH="29" />
<String CONTENT="p." HEIGHT="36" HPOS="978" VPOS="841" WIDTH="42" />
<SP HEIGHT="41" HPOS="1021" VPOS="830" WIDTH="27" />
<String CONTENT="239-243." HEIGHT="40" HPOS="1049" VPOS="829" WIDTH="214" />
</TextLine>
<TextLine CS="1" HEIGHT="52" HPOS="213" VPOS="881" WIDTH="1935">
<String CONTENT="&#169;" HEIGHT="51" HPOS="213" VPOS="882" WIDTH="52" />
<SP HEIGHT="51" HPOS="266" VPOS="882" WIDTH="30" />
<String CONTENT="Nov." HEIGHT="39" HPOS="297" VPOS="887" WIDTH="117" />
<SP HEIGHT="42" HPOS="415" VPOS="884" WIDTH="31" />
<String CONTENT="27," HEIGHT="48" HPOS="447" VPOS="884" WIDTH="69" />
<SP HEIGHT="44" HPOS="517" VPOS="888" WIDTH="30" />
<String CONTENT="1934:" HEIGHT="40" HPOS="548" VPOS="886" WIDTH="140" />
<SP HEIGHT="41" HPOS="689" VPOS="885" WIDTH="31" />
<String CONTENT="2c." HEIGHT="43" HPOS="721" VPOS="885" WIDTH="67" />
<SP HEIGHT="41" HPOS="789" VPOS="887" WIDTH="33" />
<String CONTENT="Nov." HEIGHT="38" HPOS="823" VPOS="887" WIDTH="115" />
<SP HEIGHT="38" HPOS="939" VPOS="888" WIDTH="32" />
<String CONTENT="30;" HEIGHT="41" HPOS="972" VPOS="887" WIDTH="81" />
<SP HEIGHT="31" HPOS="1054" VPOS="897" WIDTH="35" />
<String CONTENT="aff." HEIGHT="40" HPOS="1090" VPOS="886" WIDTH="82" />
<SP HEIGHT="38" HPOS="1173" VPOS="888" WIDTH="29" />
<String CONTENT="Dec." HEIGHT="37" HPOS="1203" VPOS="888" WIDTH="111" />
<SP HEIGHT="38" HPOS="1315" VPOS="887" WIDTH="33" />
<String CONTENT="1;" CS="1" HEIGHT="37" HPOS="1349" VPOS="887" WIDTH="19" />
<SP HEIGHT="39" HPOS="1401" VPOS="887" WIDTH="34" />
<String CONTENT="A" HEIGHT="37" HPOS="1436" VPOS="887" WIDTH="42" />
<SP HEIGHT="38" HPOS="1479" VPOS="886" WIDTH="31" />
<String CONTENT="78381;" CS="1" HEIGHT="46" HPOS="1511" VPOS="885" WIDTH="167" />
<SP HEIGHT="45" HPOS="1679" VPOS="886" WIDTH="37" />
<String CONTENT="M." HEIGHT="38" HPOS="1717" VPOS="886" WIDTH="61" />
<SP HEIGHT="40" HPOS="1779" VPOS="886" WIDTH="32" />
<String CONTENT="C." HEIGHT="40" HPOS="1812" VPOS="886" WIDTH="46" />
<SP HEIGHT="37" HPOS="1859" VPOS="886" WIDTH="36" />
<String CONTENT="Phillips." HEIGHT="47" HPOS="1896" VPOS="885" WIDTH="218" />
<SP HEIGHT="45" HPOS="2115" VPOS="881" WIDTH="33" />
<String CONTENT="&#8453;" CS="1" />
</TextLine>
<TextLine HEIGHT="50" HPOS="280" VPOS="941" WIDTH="1447">
<String CONTENT="Consumers'" HEIGHT="41" HPOS="280" VPOS="942" WIDTH="302" />
<SP HEIGHT="39" HPOS="583" VPOS="942" WIDTH="30" />
<String CONTENT="research," HEIGHT="43" HPOS="614" VPOS="945" WIDTH="237" />
<SP HEIGHT="45" HPOS="852" VPOS="943" WIDTH="30" />
<String CONTENT="Washington," HEIGHT="48" HPOS="883" VPOS="943" WIDTH="332" />
<SP HEIGHT="42" HPOS="1216" VPOS="944" WIDTH="30" />
<String CONTENT="N." HEIGHT="38" HPOS="1247" VPOS="944" WIDTH="55" />
<SP HEIGHT="39" HPOS="1303" VPOS="943" WIDTH="32" />
<String CONTENT="J." HEIGHT="38" HPOS="1336" VPOS="943" WIDTH="41" />
<SP HEIGHT="45" HPOS="1378" VPOS="944" WIDTH="70" />
<String CONTENT="(34-40279)" HEIGHT="48" HPOS="1449" VPOS="941" WIDTH="278" />
</TextLine>
<TextLine HEIGHT="67" HPOS="209" STYLEREFS="StyleId-794DC2A0-1DE6-440F-B633-4CA9DBD0A2BB-" VPOS="1017" WIDTH="571">
<String CONTENT="Piper," HEIGHT="67" HPOS="209" VPOS="1017" WIDTH="191" />
<SP HEIGHT="65" HPOS="401" VPOS="1019" WIDTH="35" />
<String CONTENT="Watty," HEIGHT="64" HPOS="437" VPOS="1019" WIDTH="223" />
<SP HEIGHT="46" HPOS="661" VPOS="1037" WIDTH="35" />
<String CONTENT="ed." HEIGHT="55" HPOS="697" VPOS="1021" WIDTH="83" />
</TextLine>
<TextLine CS="1" HEIGHT="132" HPOS="207" STYLEREFS="StyleId-514E9E37-B526-49C5-9182-F8D3C5AA164F-" VPOS="1094" WIDTH="1989">
<String CONTENT="Folk" HEIGHT="53" HPOS="272" VPOS="1094" WIDTH="147" />
<SP HEIGHT="52" HPOS="420" VPOS="1095" WIDTH="24" />
<String CONTENT="tales" HEIGHT="49" HPOS="445" VPOS="1098" WIDTH="141" />
<SP HEIGHT="33" HPOS="587" VPOS="1114" WIDTH="22" />
<String CONTENT="children" HEIGHT="54" HPOS="610" VPOS="1095" WIDTH="257" />
<SP HEIGHT="52" HPOS="868" VPOS="1096" WIDTH="20" />
<String CONTENT="love," HEIGHT="67" HPOS="889" VPOS="1096" WIDTH="141" />
<SP HEIGHT="48" HPOS="1031" VPOS="1115" WIDTH="21" />
<String CONTENT="edited" HEIGHT="55" HPOS="1053" VPOS="1094" WIDTH="188" />
<SP HEIGHT="52" HPOS="1242" VPOS="1096" WIDTH="22" />
<String CONTENT="by" HEIGHT="66" HPOS="1265" VPOS="1096" WIDTH="74" />
<SP HEIGHT="65" HPOS="1340" VPOS="1097" WIDTH="21" />
<String CONTENT="Watty" HEIGHT="65" HPOS="1362" VPOS="1097" WIDTH="202" />
<SP HEIGHT="65" HPOS="1565" VPOS="1097" WIDTH="23" />
<String CONTENT="Piper." HEIGHT="68" HPOS="1589" VPOS="1094" WIDTH="190" />
<SP HEIGHT="50" HPOS="1780" VPOS="1097" WIDTH="74" />
<String CONTENT="New" HEIGHT="50" HPOS="1855" VPOS="1097" WIDTH="136" />
<SP HEIGHT="51" HPOS="1992" VPOS="1097" WIDTH="27" />
<String CONTENT="York," HEIGHT="64" HPOS="2020" VPOS="1097" WIDTH="176" />
<SP />
<String CONTENT="The" HEIGHT="52" HPOS="207" VPOS="1173" WIDTH="119" />
<SP HEIGHT="51" HPOS="327" VPOS="1175" WIDTH="25" />
<String CONTENT="Platt" HEIGHT="51" HPOS="353" VPOS="1175" WIDTH="159" />
<SP HEIGHT="49" HPOS="513" VPOS="1177" WIDTH="25" />
<String CONTENT="&amp;" HEIGHT="49" HPOS="539" VPOS="1177" WIDTH="46" />
</TextLine>
<TextLine CS="1" HEIGHT="68" HPOS="609" STYLEREFS="StyleId-514E9E37-B526-49C5-9182-F8D3C5AA164F-" VPOS="1173" WIDTH="665">
<String CONTENT="Munk" HEIGHT="52" HPOS="609" VPOS="1174" WIDTH="184" />
<SP HEIGHT="52" HPOS="794" VPOS="1174" WIDTH="23" />
<String CONTENT="co.," HEIGHT="49" HPOS="818" VPOS="1191" WIDTH="97" />
<SP HEIGHT="67" HPOS="916" VPOS="1173" WIDTH="25" />
<String CONTENT="inc." HEIGHT="55" HPOS="942" VPOS="1173" WIDTH="107" />
<SP HEIGHT="33" HPOS="1050" VPOS="1208" WIDTH="34" />
<String CONTENT="[" CS="1" />
<String CONTENT="c" HEIGHT="22" HPOS="1101" STYLE="superscript" VPOS="1180" WIDTH="19" />
<String CONTENT="1934]" HEIGHT="64" HPOS="1125" VPOS="1177" WIDTH="149" />
</TextLine>
<TextLine HEIGHT="50" HPOS="278" VPOS="1245" WIDTH="1140">
<String CONTENT="[78]" HEIGHT="50" HPOS="278" VPOS="1245" WIDTH="84" />
<SP HEIGHT="39" HPOS="363" VPOS="1256" WIDTH="30" />
<String CONTENT="p." HEIGHT="38" HPOS="394" VPOS="1256" WIDTH="41" />
<SP HEIGHT="29" HPOS="436" VPOS="1256" WIDTH="59" />
<String CONTENT="col." HEIGHT="40" HPOS="496" VPOS="1246" WIDTH="87" />
<SP HEIGHT="41" HPOS="584" VPOS="1245" WIDTH="27" />
<String CONTENT="front.," HEIGHT="48" HPOS="612" VPOS="1245" WIDTH="161" />
<SP HEIGHT="47" HPOS="774" VPOS="1246" WIDTH="29" />
<String CONTENT="illus." HEIGHT="40" HPOS="804" VPOS="1246" WIDTH="127" />
<SP HEIGHT="45" HPOS="932" VPOS="1247" WIDTH="27" />
<String CONTENT="(part" HEIGHT="46" HPOS="960" VPOS="1247" WIDTH="136" />
<SP HEIGHT="33" HPOS="1097" VPOS="1253" WIDTH="26" />
<String CONTENT="col.)" HEIGHT="46" HPOS="1124" VPOS="1245" WIDTH="111" />
<SP HEIGHT="46" HPOS="1236" VPOS="1245" WIDTH="66" />
<String CONTENT="31" HEIGHT="39" HPOS="1303" VPOS="1246" WIDTH="55" />
<String CONTENT="cm" HEIGHT="21" HPOS="1361" STYLE="superscript" VPOS="1248" WIDTH="43" />
<String CONTENT="." HEIGHT="8" HPOS="1410" VPOS="1277" WIDTH="8" />
</TextLine>
<TextLine CS="1" HEIGHT="51" HPOS="212" VPOS="1300" WIDTH="1984">
<String CONTENT="&#169;" HEIGHT="51" HPOS="212" VPOS="1300" WIDTH="51" />
<SP HEIGHT="51" HPOS="264" VPOS="1300" WIDTH="32" />
<String CONTENT="Aug." HEIGHT="46" HPOS="297" VPOS="1305" WIDTH="118" />
<SP HEIGHT="38" HPOS="416" VPOS="1304" WIDTH="31" />
<String CONTENT="24," HEIGHT="45" HPOS="448" VPOS="1304" WIDTH="68" />
<SP HEIGHT="44" HPOS="517" VPOS="1305" WIDTH="31" />
<String CONTENT="1934:" HEIGHT="41" HPOS="549" VPOS="1302" WIDTH="140" />
<SP HEIGHT="40" HPOS="690" VPOS="1303" WIDTH="24" />
<String CONTENT="2c." HEIGHT="42" HPOS="715" VPOS="1303" WIDTH="73" />
<SP HEIGHT="31" HPOS="789" VPOS="1314" WIDTH="31" />
<String CONTENT="and" HEIGHT="39" HPOS="821" VPOS="1303" WIDTH="94" />
<SP HEIGHT="39" HPOS="916" VPOS="1303" WIDTH="32" />
<String CONTENT="aff." HEIGHT="38" HPOS="949" VPOS="1304" WIDTH="78" />
<SP HEIGHT="38" HPOS="1028" VPOS="1304" WIDTH="34" />
<String CONTENT="Dec." HEIGHT="40" HPOS="1063" VPOS="1304" WIDTH="112" />
<SP HEIGHT="39" HPOS="1176" VPOS="1305" WIDTH="31" />
<String CONTENT="6;" CS="1" HEIGHT="35" HPOS="1252" VPOS="1314" WIDTH="8" />
<SP HEIGHT="44" HPOS="1261" VPOS="1305" WIDTH="33" />
<String CONTENT="A" HEIGHT="37" HPOS="1295" VPOS="1305" WIDTH="39" />
<SP HEIGHT="37" HPOS="1335" VPOS="1305" WIDTH="33" />
<String CONTENT="78439;" CS="1" HEIGHT="47" HPOS="1369" VPOS="1301" WIDTH="168" />
<SP HEIGHT="45" HPOS="1538" VPOS="1303" WIDTH="34" />
<String CONTENT="Platt" HEIGHT="39" HPOS="1573" VPOS="1303" WIDTH="132" />
<SP HEIGHT="38" HPOS="1706" VPOS="1304" WIDTH="33" />
<String CONTENT="A" HEIGHT="38" HPOS="1740" VPOS="1304" WIDTH="37" />
<SP HEIGHT="38" HPOS="1778" VPOS="1304" WIDTH="30" />
<String CONTENT="Munk" HEIGHT="37" HPOS="1809" VPOS="1304" WIDTH="151" />
<SP HEIGHT="38" HPOS="1961" VPOS="1304" WIDTH="32" />
<String CONTENT="co.," HEIGHT="34" HPOS="1994" VPOS="1314" WIDTH="79" />
<SP HEIGHT="44" HPOS="2074" VPOS="1304" WIDTH="33" />
<String CONTENT="inc." HEIGHT="39" HPOS="2108" VPOS="1304" WIDTH="88" />
</TextLine>
<TextLine HEIGHT="50" HPOS="281" VPOS="1359" WIDTH="1915">
<String CONTENT="[Copyright" HEIGHT="49" HPOS="281" LANG="en-US" VPOS="1360" WIDTH="282" />
<SP HEIGHT="39" HPOS="564" VPOS="1361" WIDTH="26" />
<String CONTENT="is" HEIGHT="38" HPOS="591" LANG="en-US" VPOS="1361" WIDTH="43" />
<SP HEIGHT="28" HPOS="635" VPOS="1371" WIDTH="25" />
<String CONTENT="claimed" HEIGHT="39" HPOS="661" LANG="en-US" VPOS="1360" WIDTH="203" />
<SP HEIGHT="38" HPOS="865" VPOS="1362" WIDTH="29" />
<String CONTENT="on" HEIGHT="29" HPOS="895" LANG="en-US" VPOS="1371" WIDTH="59" />
<SP HEIGHT="38" HPOS="955" VPOS="1361" WIDTH="30" />
<String CONTENT="illustration" HEIGHT="39" HPOS="986" LANG="en-US" VPOS="1360" WIDTH="301" />
<SP HEIGHT="28" HPOS="1288" VPOS="1371" WIDTH="29" />
<String CONTENT="on" HEIGHT="28" HPOS="1318" LANG="en-US" VPOS="1371" WIDTH="58" />
<SP HEIGHT="37" HPOS="1377" VPOS="1370" WIDTH="31" />
<String CONTENT="p." HEIGHT="37" HPOS="1409" LANG="en-US" VPOS="1370" WIDTH="40" />
<SP HEIGHT="37" HPOS="1450" VPOS="1360" WIDTH="33" />
<String CONTENT="27," HEIGHT="41" HPOS="1484" LANG="en-US" VPOS="1360" WIDTH="67" />
<SP HEIGHT="40" HPOS="1552" VPOS="1361" WIDTH="31" />
<String CONTENT="by" HEIGHT="44" HPOS="1584" LANG="en-US" VPOS="1361" WIDTH="58" />
<SP HEIGHT="45" HPOS="1643" VPOS="1360" WIDTH="28" />
<String CONTENT="Holling" HEIGHT="48" HPOS="1672" LANG="de" VPOS="1359" WIDTH="201" />
<SP HEIGHT="48" HPOS="1874" VPOS="1359" WIDTH="29" />
<String CONTENT="C." HEIGHT="40" HPOS="1904" LANG="en-US" VPOS="1359" WIDTH="48" />
<SP HEIGHT="39" HPOS="1953" VPOS="1360" WIDTH="30" />
<String CONTENT="Holling]" HEIGHT="48" HPOS="1984" LANG="de" VPOS="1360" WIDTH="212" />
</TextLine>
<TextLine HEIGHT="47" HPOS="288" VPOS="1418" WIDTH="279">
<String CONTENT="(34-40094)" HEIGHT="47" HPOS="288" VPOS="1418" WIDTH="279" />
</TextLine>
<TextLine HEIGHT="69" HPOS="206" STYLEREFS="StyleId-794DC2A0-1DE6-440F-B633-4CA9DBD0A2BB-" VPOS="1490" WIDTH="956">
<String CONTENT="Powell," HEIGHT="64" HPOS="206" VPOS="1491" WIDTH="229" />
<SP HEIGHT="62" HPOS="436" VPOS="1493" WIDTH="28" />
<String CONTENT="Wilfred" HEIGHT="56" HPOS="465" VPOS="1490" WIDTH="248" />
<SP HEIGHT="52" HPOS="714" VPOS="1494" WIDTH="26" />
<String CONTENT="Evans," HEIGHT="65" HPOS="741" VPOS="1494" WIDTH="218" />
<SP HEIGHT="60" HPOS="960" VPOS="1499" WIDTH="30" />
<String CONTENT="1893-" HEIGHT="49" HPOS="991" VPOS="1497" WIDTH="171" />
</TextLine>
<TextLine HEIGHT="68" HPOS="279" STYLEREFS="StyleId-514E9E37-B526-49C5-9182-F8D3C5AA164F-" VPOS="1569" WIDTH="1919">
<String CONTENT="Education" HEIGHT="53" HPOS="279" VPOS="1569" WIDTH="326" />
<SP HEIGHT="53" HPOS="606" VPOS="1569" WIDTH="34" />
<String CONTENT="for" HEIGHT="53" HPOS="641" VPOS="1569" WIDTH="94" />
<SP HEIGHT="50" HPOS="736" VPOS="1573" WIDTH="31" />
<String CONTENT="life" HEIGHT="54" HPOS="768" VPOS="1569" WIDTH="108" />
<SP HEIGHT="33" HPOS="877" VPOS="1589" WIDTH="32" />
<String CONTENT="with" HEIGHT="53" HPOS="910" VPOS="1569" WIDTH="142" />
<SP HEIGHT="54" HPOS="1053" VPOS="1571" WIDTH="32" />
<String CONTENT="God;" HEIGHT="65" HPOS="1086" VPOS="1571" WIDTH="155" />
<SP HEIGHT="49" HPOS="1242" VPOS="1587" WIDTH="41" />
<String CONTENT="a" HEIGHT="34" HPOS="1284" VPOS="1587" WIDTH="31" />
<SP HEIGHT="51" HPOS="1316" VPOS="1570" WIDTH="35" />
<String CONTENT="discussion" HEIGHT="51" HPOS="1352" VPOS="1570" WIDTH="312" />
<SP HEIGHT="33" HPOS="1665" VPOS="1588" WIDTH="35" />
<String CONTENT="of" HEIGHT="52" HPOS="1701" VPOS="1569" WIDTH="62" />
<SP HEIGHT="52" HPOS="1764" VPOS="1569" WIDTH="35" />
<String CONTENT="the" HEIGHT="51" HPOS="1800" VPOS="1570" WIDTH="95" />
<SP HEIGHT="33" HPOS="1896" VPOS="1587" WIDTH="36" />
<String CONTENT="meaning" HEIGHT="68" HPOS="1933" VPOS="1569" WIDTH="265" />
</TextLine>
<TextLine CS="1" HEIGHT="69" HPOS="207" STYLEREFS="StyleId-514E9E37-B526-49C5-9182-F8D3C5AA164F-" VPOS="1646" WIDTH="1661">
<String CONTENT="of" HEIGHT="51" HPOS="207" VPOS="1648" WIDTH="62" />
<SP HEIGHT="51" HPOS="270" VPOS="1648" WIDTH="35" />
<String CONTENT="religious" HEIGHT="68" HPOS="306" VPOS="1647" WIDTH="270" />
<SP HEIGHT="33" HPOS="577" VPOS="1666" WIDTH="35" />
<String CONTENT="education" HEIGHT="53" HPOS="613" VPOS="1646" WIDTH="303" />
<SP HEIGHT="47" HPOS="917" VPOS="1666" WIDTH="38" />
<String CONTENT="[by]" CS="1" HEIGHT="66" HPOS="973" VPOS="1648" WIDTH="91" />
<SP HEIGHT="63" HPOS="1065" VPOS="1649" WIDTH="39" />
<String CONTENT="Wilfred" HEIGHT="53" HPOS="1105" VPOS="1648" WIDTH="253" />
<SP HEIGHT="51" HPOS="1359" VPOS="1648" WIDTH="36" />
<String CONTENT="Evans" HEIGHT="51" HPOS="1396" VPOS="1649" WIDTH="192" />
<SP HEIGHT="50" HPOS="1589" VPOS="1650" WIDTH="35" />
<String CONTENT="Powell;" HEIGHT="66" HPOS="1625" VPOS="1647" WIDTH="243" />
</TextLine>
<TextLine CS="1" HEIGHT="145" HPOS="208" STYLEREFS="StyleId-514E9E37-B526-49C5-9182-F8D3C5AA164F-" VPOS="1647" WIDTH="1964">
<String CONTENT="introduction" HEIGHT="130" HPOS="208" VPOS="1647" WIDTH="1964" />
<SP HEIGHT="51" HPOS="333" VPOS="1726" WIDTH="20" />
<String CONTENT="by" HEIGHT="66" HPOS="354" VPOS="1726" WIDTH="73" />
<SP HEIGHT="65" HPOS="428" VPOS="1727" WIDTH="23" />
<String CONTENT="L." HEIGHT="50" HPOS="452" VPOS="1727" WIDTH="64" />
<SP HEIGHT="51" HPOS="517" VPOS="1727" WIDTH="23" />
<String CONTENT="A." HEIGHT="51" HPOS="541" VPOS="1727" WIDTH="69" />
<SP HEIGHT="51" HPOS="611" VPOS="1728" WIDTH="24" />
<String CONTENT="Weigle." HEIGHT="67" HPOS="636" VPOS="1725" WIDTH="236" />
<SP HEIGHT="51" HPOS="873" VPOS="1725" WIDTH="61" />
<String CONTENT="New" HEIGHT="51" HPOS="935" VPOS="1725" WIDTH="137" />
<SP HEIGHT="50" HPOS="1073" VPOS="1726" WIDTH="28" />
<String CONTENT="York," HEIGHT="56" HPOS="1102" VPOS="1725" WIDTH="175" />
<SP HEIGHT="56" HPOS="1278" VPOS="1725" WIDTH="26" />
<String CONTENT="Cincinnati" HEIGHT="56" HPOS="1305" VPOS="1723" WIDTH="325" />
<SP HEIGHT="64" HPOS="1631" VPOS="1726" WIDTH="30" />
<String CONTENT="[etc.]" HEIGHT="61" HPOS="1662" VPOS="1729" WIDTH="137" />
</TextLine>
<TextLine CS="1" HEIGHT="146" HPOS="206" STYLEREFS="StyleId-514E9E37-B526-49C5-9182-F8D3C5AA164F-" VPOS="1725" WIDTH="1968">
<String CONTENT="The" HEIGHT="52" HPOS="1831" VPOS="1725" WIDTH="118" />
<SP HEIGHT="51" HPOS="1950" VPOS="1727" WIDTH="26" />
<String CONTENT="Abingdon" HEIGHT="130" HPOS="206" VPOS="1725" WIDTH="1968" />
<SP HEIGHT="49" HPOS="318" VPOS="1822" WIDTH="24" />
<String CONTENT="press" HEIGHT="50" HPOS="343" VPOS="1821" WIDTH="156" />
<SP HEIGHT="47" HPOS="500" VPOS="1822" WIDTH="30" />
<String CONTENT="[" HEIGHT="33" HPOS="531" VPOS="1836" WIDTH="12" />
<String CONTENT="c" HEIGHT="20" HPOS="548" STYLE="superscript" VPOS="1809" WIDTH="18" />
<String CONTENT="1934]" HEIGHT="63" HPOS="570" VPOS="1806" WIDTH="152" />
</TextLine>
<TextLine HEIGHT="49" HPOS="275" VPOS="1875" WIDTH="328">
<String CONTENT="264" HEIGHT="40" HPOS="275" VPOS="1876" WIDTH="85" />
<SP HEIGHT="45" HPOS="361" VPOS="1879" WIDTH="26" />
<String CONTENT="p." HEIGHT="37" HPOS="388" VPOS="1887" WIDTH="40" />
<SP HEIGHT="39" HPOS="429" VPOS="1875" WIDTH="58" />
<String CONTENT="20" HEIGHT="40" HPOS="488" VPOS="1875" WIDTH="55" />
<String CONTENT="cm" HEIGHT="20" HPOS="545" STYLE="superscript" VPOS="1878" WIDTH="45" />
<String CONTENT="." HEIGHT="7" HPOS="596" VPOS="1910" WIDTH="7" />
</TextLine>
<TextLine CS="1" HEIGHT="50" HPOS="275" VPOS="1931" WIDTH="725">
<String CONTENT="Bibliography;" CS="1" HEIGHT="47" HPOS="275" VPOS="1933" WIDTH="347" />
<SP HEIGHT="37" HPOS="651" VPOS="1943" WIDTH="27" />
<String CONTENT="p." HEIGHT="37" HPOS="679" VPOS="1943" WIDTH="42" />
<SP HEIGHT="29" HPOS="722" VPOS="1952" WIDTH="30" />
<String CONTENT="[255]-259." HEIGHT="50" HPOS="753" VPOS="1931" WIDTH="247" />
</TextLine>
<TextLine HEIGHT="51" HPOS="209" VPOS="1986" WIDTH="1985">
<String CONTENT="&#169;" HEIGHT="51" HPOS="209" VPOS="1986" WIDTH="53" />
<SP HEIGHT="51" HPOS="263" VPOS="1986" WIDTH="26" />
<String CONTENT="Nov." HEIGHT="38" HPOS="290" VPOS="1991" WIDTH="117" />
<SP HEIGHT="38" HPOS="408" VPOS="1991" WIDTH="24" />
<String CONTENT="5," HEIGHT="45" HPOS="433" VPOS="1991" WIDTH="39" />
<SP HEIGHT="44" HPOS="473" VPOS="1992" WIDTH="23" />
<String CONTENT="1934:" HEIGHT="40" HPOS="497" VPOS="1989" WIDTH="139" />
<SP HEIGHT="40" HPOS="637" VPOS="1989" WIDTH="28" />
<String CONTENT="2c." HEIGHT="39" HPOS="666" VPOS="1989" WIDTH="67" />
<SP HEIGHT="28" HPOS="734" VPOS="2000" WIDTH="26" />
<String CONTENT="and" HEIGHT="37" HPOS="761" VPOS="1991" WIDTH="93" />
<SP HEIGHT="37" HPOS="855" VPOS="1991" WIDTH="28" />
<String CONTENT="aff." HEIGHT="40" HPOS="884" VPOS="1988" WIDTH="78" />
<SP HEIGHT="38" HPOS="963" VPOS="1989" WIDTH="29" />
<String CONTENT="Nov." HEIGHT="39" HPOS="993" VPOS="1989" WIDTH="117" />
<SP HEIGHT="38" HPOS="1111" VPOS="1990" WIDTH="26" />
<String CONTENT="15:" HEIGHT="40" HPOS="1138" VPOS="1989" WIDTH="81" />
<SP HEIGHT="39" HPOS="1220" VPOS="1990" WIDTH="29" />
<String CONTENT="A" HEIGHT="37" HPOS="1250" VPOS="1990" WIDTH="41" />
<SP HEIGHT="39" HPOS="1292" VPOS="1989" WIDTH="24" />
<String CONTENT="78120:" HEIGHT="40" HPOS="1317" VPOS="1989" WIDTH="169" />
<SP HEIGHT="37" HPOS="1487" VPOS="1990" WIDTH="29" />
<String CONTENT="W." HEIGHT="37" HPOS="1517" VPOS="1990" WIDTH="69" />
<SP HEIGHT="37" HPOS="1587" VPOS="1990" WIDTH="31" />
<String CONTENT="E." HEIGHT="40" HPOS="1619" VPOS="1990" WIDTH="50" />
<SP HEIGHT="40" HPOS="1670" VPOS="1990" WIDTH="29" />
<String CONTENT="Powell," HEIGHT="45" HPOS="1700" VPOS="1990" WIDTH="191" />
<SP HEIGHT="45" HPOS="1892" VPOS="1990" WIDTH="28" />
<String CONTENT="Enid," HEIGHT="47" HPOS="1921" VPOS="1988" WIDTH="138" />
<SP HEIGHT="47" HPOS="2060" VPOS="1988" WIDTH="31" />
<String CONTENT="Okl." HEIGHT="40" HPOS="2092" VPOS="1988" WIDTH="102" />
</TextLine>
<TextLine HEIGHT="49" HPOS="285" VPOS="2046" WIDTH="279">
<String CONTENT="(34-40123)" HEIGHT="49" HPOS="285" VPOS="2046" WIDTH="279" />
</TextLine>
<TextLine HEIGHT="65" HPOS="205" STYLEREFS="StyleId-794DC2A0-1DE6-440F-B633-4CA9DBD0A2BB-" VPOS="2108" WIDTH="735">
<String CONTENT="Rascoe," HEIGHT="65" HPOS="205" VPOS="2108" WIDTH="240" />
<SP HEIGHT="64" HPOS="446" VPOS="2109" WIDTH="36" />
<String CONTENT="Burton," HEIGHT="62" HPOS="483" VPOS="2109" WIDTH="247" />
<SP HEIGHT="57" HPOS="731" VPOS="2114" WIDTH="41" />
<String CONTENT="1892-" HEIGHT="50" HPOS="773" VPOS="2112" WIDTH="167" />
</TextLine>
<TextLine CS="1" HEIGHT="146" HPOS="199" STYLEREFS="StyleId-514E9E37-B526-49C5-9182-F8D3C5AA164F-" VPOS="2182" WIDTH="1996">
<String CONTENT="Smart" HEIGHT="55" HPOS="272" VPOS="2184" WIDTH="195" />
<SP HEIGHT="47" HPOS="468" VPOS="2190" WIDTH="33" />
<String CONTENT="set" HEIGHT="47" HPOS="502" VPOS="2190" WIDTH="84" />
<SP HEIGHT="52" HPOS="587" VPOS="2184" WIDTH="35" />
<String CONTENT="history," HEIGHT="68" HPOS="623" VPOS="2183" WIDTH="237" />
<SP HEIGHT="68" HPOS="861" VPOS="2183" WIDTH="36" />
<String CONTENT="by" HEIGHT="67" HPOS="898" VPOS="2183" WIDTH="75" />
<SP HEIGHT="65" HPOS="974" VPOS="2185" WIDTH="38" />
<String CONTENT="Burton" HEIGHT="50" HPOS="1013" VPOS="2185" WIDTH="220" />
<SP HEIGHT="51" HPOS="1234" VPOS="2184" WIDTH="40" />
<String CONTENT="Rascoe." HEIGHT="51" HPOS="1275" VPOS="2184" WIDTH="228" />
<SP HEIGHT="50" HPOS="1504" VPOS="2184" WIDTH="74" />
<String CONTENT="New" HEIGHT="51" HPOS="1579" VPOS="2184" WIDTH="136" />
<SP HEIGHT="51" HPOS="1716" VPOS="2184" WIDTH="41" />
<String CONTENT="York," HEIGHT="68" HPOS="1758" VPOS="2182" WIDTH="178" />
<SP HEIGHT="65" HPOS="1937" VPOS="2185" WIDTH="36" />
<String CONTENT="Reynal" CS="1" HEIGHT="52" HPOS="1974" VPOS="2184" WIDTH="221" />
<SP />
<String CONTENT="&amp;" HEIGHT="50" HPOS="199" VPOS="2266" WIDTH="44" />
<SP HEIGHT="53" HPOS="244" VPOS="2263" WIDTH="29" />
<String CONTENT="Hitchcock" HEIGHT="53" HPOS="274" VPOS="2262" WIDTH="320" />
<SP HEIGHT="66" HPOS="595" VPOS="2262" WIDTH="33" />
<String CONTENT="[" HEIGHT="33" HPOS="629" VPOS="2295" WIDTH="12" />
<String CONTENT="c" HEIGHT="21" HPOS="646" STYLE="superscript" VPOS="2268" WIDTH="18" />
<String CONTENT="1934]" HEIGHT="63" HPOS="670" VPOS="2264" WIDTH="150" />
</TextLine>
<TextLine HEIGHT="48" HPOS="274" VPOS="2337" WIDTH="301">
<String CONTENT="34" HEIGHT="38" HPOS="274" VPOS="2338" WIDTH="55" />
<SP HEIGHT="46" HPOS="330" VPOS="2339" WIDTH="29" />
<String CONTENT="p." HEIGHT="37" HPOS="360" VPOS="2348" WIDTH="42" />
<SP HEIGHT="41" HPOS="403" VPOS="2337" WIDTH="54" />
<String CONTENT="22" HEIGHT="39" HPOS="458" VPOS="2337" WIDTH="56" />
<String CONTENT="cm" HEIGHT="21" HPOS="517" STYLE="superscript" VPOS="2339" WIDTH="44" />
<String CONTENT="." HEIGHT="7" HPOS="568" VPOS="2370" WIDTH="7" />
</TextLine>
<TextLine HEIGHT="49" HPOS="277" VPOS="2391" WIDTH="1917">
<String CONTENT="&quot;Smart" HEIGHT="40" HPOS="277" VPOS="2395" WIDTH="193" />
<SP HEIGHT="37" HPOS="471" VPOS="2397" WIDTH="33" />
<String CONTENT="set" HEIGHT="37" HPOS="505" VPOS="2396" WIDTH="73" />
<SP HEIGHT="39" HPOS="579" VPOS="2394" WIDTH="32" />
<String CONTENT="history" HEIGHT="46" HPOS="612" VPOS="2393" WIDTH="188" />
<SP HEIGHT="47" HPOS="801" VPOS="2392" WIDTH="34" />
<String CONTENT="is" HEIGHT="39" HPOS="836" VPOS="2392" WIDTH="42" />
<SP HEIGHT="36" HPOS="879" VPOS="2395" WIDTH="34" />
<String CONTENT="the" HEIGHT="39" HPOS="914" VPOS="2393" WIDTH="82" />
<SP HEIGHT="39" HPOS="997" VPOS="2393" WIDTH="35" />
<String CONTENT="introduction" HEIGHT="39" HPOS="1033" VPOS="2392" WIDTH="327" />
<SP HEIGHT="37" HPOS="1361" VPOS="2394" WIDTH="42" />
<String CONTENT="to" HEIGHT="37" HPOS="1404" VPOS="2394" WIDTH="45" />
<SP HEIGHT="35" HPOS="1450" VPOS="2396" WIDTH="35" />
<String CONTENT="the" HEIGHT="37" HPOS="1486" VPOS="2394" WIDTH="81" />
<SP HEIGHT="41" HPOS="1568" VPOS="2391" WIDTH="38" />
<String CONTENT="Smart" HEIGHT="41" HPOS="1607" VPOS="2391" WIDTH="161" />
<SP HEIGHT="36" HPOS="1769" VPOS="2396" WIDTH="38" />
<String CONTENT="set" HEIGHT="35" HPOS="1808" VPOS="2397" WIDTH="71" />
<SP HEIGHT="35" HPOS="1880" VPOS="2397" WIDTH="38" />
<String CONTENT="anthology," HEIGHT="47" HPOS="1919" VPOS="2393" WIDTH="275" />
</TextLine>
<TextLine HEIGHT="51" HPOS="205" VPOS="2447" WIDTH="1988">
<String CONTENT="edited" HEIGHT="40" HPOS="205" VPOS="2450" WIDTH="161" />
<SP HEIGHT="39" HPOS="367" VPOS="2451" WIDTH="35" />
<String CONTENT="by" HEIGHT="47" HPOS="403" VPOS="2451" WIDTH="61" />
<SP HEIGHT="47" HPOS="465" VPOS="2451" WIDTH="32" />
<String CONTENT="Burton" HEIGHT="39" HPOS="498" VPOS="2451" WIDTH="188" />
<SP HEIGHT="40" HPOS="687" VPOS="2449" WIDTH="37" />
<String CONTENT="Rascoe" HEIGHT="40" HPOS="725" VPOS="2449" WIDTH="185" />
<SP HEIGHT="29" HPOS="911" VPOS="2459" WIDTH="35" />
<String CONTENT="and" HEIGHT="39" HPOS="947" VPOS="2449" WIDTH="94" />
<SP HEIGHT="40" HPOS="1042" VPOS="2448" WIDTH="38" />
<String CONTENT="Groff" HEIGHT="40" HPOS="1081" VPOS="2448" WIDTH="136" />
<SP HEIGHT="41" HPOS="1218" VPOS="2447" WIDTH="33" />
<String CONTENT="Conklin." HEIGHT="41" HPOS="1252" VPOS="2447" WIDTH="219" />
<SP HEIGHT="38" HPOS="1472" VPOS="2449" WIDTH="66" />
<String CONTENT="This" HEIGHT="40" HPOS="1539" VPOS="2448" WIDTH="117" />
<SP HEIGHT="39" HPOS="1657" VPOS="2449" WIDTH="35" />
<String CONTENT="booklet" HEIGHT="40" HPOS="1693" VPOS="2449" WIDTH="192" />
<SP HEIGHT="40" HPOS="1886" VPOS="2448" WIDTH="35" />
<String CONTENT="is" HEIGHT="41" HPOS="1922" VPOS="2448" WIDTH="43" />
<SP HEIGHT="37" HPOS="1966" VPOS="2459" WIDTH="35" />
<String CONTENT="printed" HEIGHT="48" HPOS="2002" VPOS="2448" WIDTH="191" />
</TextLine>
<TextLine HEIGHT="51" HPOS="205" VPOS="2503" WIDTH="1988">
<String CONTENT="from" HEIGHT="38" HPOS="205" VPOS="2508" WIDTH="126" />
<SP HEIGHT="37" HPOS="332" VPOS="2510" WIDTH="40" />
<String CONTENT="type" HEIGHT="44" HPOS="373" VPOS="2510" WIDTH="113" />
<SP HEIGHT="39" HPOS="487" VPOS="2507" WIDTH="37" />
<String CONTENT="in" HEIGHT="38" HPOS="525" VPOS="2507" WIDTH="46" />
<SP HEIGHT="28" HPOS="572" VPOS="2517" WIDTH="42" />
<String CONTENT="advance" HEIGHT="39" HPOS="615" VPOS="2507" WIDTH="214" />
<SP HEIGHT="29" HPOS="830" VPOS="2516" WIDTH="38" />
<String CONTENT="of" HEIGHT="39" HPOS="869" VPOS="2506" WIDTH="53" />
<SP HEIGHT="46" HPOS="923" VPOS="2506" WIDTH="36" />
<String CONTENT="publication" HEIGHT="47" HPOS="960" VPOS="2505" WIDTH="294" />
<SP HEIGHT="28" HPOS="1255" VPOS="2516" WIDTH="44" />
<String CONTENT="of" HEIGHT="39" HPOS="1300" VPOS="2505" WIDTH="51" />
<SP HEIGHT="40" HPOS="1352" VPOS="2505" WIDTH="40" />
<String CONTENT="the" HEIGHT="38" HPOS="1393" VPOS="2507" WIDTH="81" />
<SP HEIGHT="29" HPOS="1475" VPOS="2516" WIDTH="40" />
<String CONTENT="anthology" HEIGHT="47" HPOS="1516" VPOS="2506" WIDTH="262" />
<SP HEIGHT="46" HPOS="1779" VPOS="2506" WIDTH="38" />
<String CONTENT="in" HEIGHT="38" HPOS="1818" VPOS="2506" WIDTH="49" />
<SP HEIGHT="28" HPOS="1868" VPOS="2516" WIDTH="40" />
<String CONTENT="an" HEIGHT="28" HPOS="1909" VPOS="2516" WIDTH="60" />
<SP HEIGHT="27" HPOS="1970" VPOS="2517" WIDTH="42" />
<String CONTENT="edition" HEIGHT="42" HPOS="2013" VPOS="2503" WIDTH="180" />
</TextLine>
<TextLine HEIGHT="49" HPOS="204" VPOS="2562" WIDTH="606">
<String CONTENT="limited" HEIGHT="40" HPOS="204" VPOS="2564" WIDTH="188" />
<SP HEIGHT="40" HPOS="393" VPOS="2564" WIDTH="26" />
<String CONTENT="to" HEIGHT="37" HPOS="420" VPOS="2567" WIDTH="49" />
<SP HEIGHT="39" HPOS="470" VPOS="2565" WIDTH="26" />
<String CONTENT="750" HEIGHT="41" HPOS="497" VPOS="2563" WIDTH="88" />
<SP HEIGHT="40" HPOS="586" VPOS="2563" WIDTH="22" />
<String CONTENT="copies.&#8221;" HEIGHT="49" HPOS="609" VPOS="2562" WIDTH="201" />
</TextLine>
<TextLine CS="1" HEIGHT="51" HPOS="207" VPOS="2617" WIDTH="1984">
<String CONTENT="&#169;" HEIGHT="51" HPOS="207" VPOS="2617" WIDTH="51" />
<SP HEIGHT="51" HPOS="259" VPOS="2617" WIDTH="25" />
<String CONTENT="Nov." HEIGHT="38" HPOS="285" VPOS="2622" WIDTH="117" />
<SP HEIGHT="41" HPOS="403" VPOS="2619" WIDTH="24" />
<String CONTENT="23." HEIGHT="41" HPOS="428" VPOS="2619" WIDTH="69" />
<SP HEIGHT="39" HPOS="498" VPOS="2621" WIDTH="25" />
<String CONTENT="1934:" HEIGHT="41" HPOS="524" VPOS="2619" WIDTH="140" />
<SP HEIGHT="41" HPOS="665" VPOS="2619" WIDTH="27" />
<String CONTENT="2c." HEIGHT="40" HPOS="693" VPOS="2619" WIDTH="67" />
<SP HEIGHT="39" HPOS="761" VPOS="2620" WIDTH="23" />
<String CONTENT="Nov." HEIGHT="40" HPOS="785" VPOS="2620" WIDTH="116" />
<SP HEIGHT="42" HPOS="902" VPOS="2618" WIDTH="26" />
<String CONTENT="24;" CS="1" HEIGHT="38" HPOS="929" VPOS="2618" WIDTH="55" />
<SP HEIGHT="29" HPOS="1011" VPOS="2629" WIDTH="28" />
<String CONTENT="aff." HEIGHT="39" HPOS="1040" VPOS="2618" WIDTH="80" />
<SP HEIGHT="38" HPOS="1121" VPOS="2619" WIDTH="29" />
<String CONTENT="Dec." HEIGHT="38" HPOS="1151" VPOS="2619" WIDTH="108" />
<SP HEIGHT="36" HPOS="1260" VPOS="2620" WIDTH="28" />
<String CONTENT="3;" CS="1" HEIGHT="36" HPOS="1289" VPOS="2620" WIDTH="26" />
<SP HEIGHT="37" HPOS="1341" VPOS="2620" WIDTH="31" />
<String CONTENT="A" HEIGHT="36" HPOS="1373" VPOS="2620" WIDTH="37" />
<SP HEIGHT="37" HPOS="1411" VPOS="2620" WIDTH="26" />
<String CONTENT="77446;" HEIGHT="40" HPOS="1438" VPOS="2618" WIDTH="168" />
<SP HEIGHT="39" HPOS="1607" VPOS="2619" WIDTH="28" />
<String CONTENT="Reynal" HEIGHT="45" HPOS="1636" VPOS="2619" WIDTH="183" />
<SP HEIGHT="39" HPOS="1820" VPOS="2619" WIDTH="28" />
<String CONTENT="&amp;" HEIGHT="39" HPOS="1849" VPOS="2619" WIDTH="37" />
<SP HEIGHT="39" HPOS="1887" VPOS="2619" WIDTH="23" />
<String CONTENT="Hitchcock," HEIGHT="41" HPOS="1911" VPOS="2618" WIDTH="280" />
</TextLine>
<TextLine HEIGHT="48" HPOS="274" VPOS="2675" WIDTH="439">
<String CONTENT="inc." HEIGHT="39" HPOS="274" VPOS="2678" WIDTH="89" />
<SP HEIGHT="45" HPOS="364" VPOS="2678" WIDTH="69" />
<String CONTENT="(34-10109)" HEIGHT="48" HPOS="434" VPOS="2675" WIDTH="279" />
</TextLine>
<TextLine HEIGHT="66" HPOS="202" STYLEREFS="StyleId-794DC2A0-1DE6-440F-B633-4CA9DBD0A2BB-" VPOS="2749" WIDTH="652">
<String CONTENT="Reynard," HEIGHT="65" HPOS="202" VPOS="2750" WIDTH="294" />
<SP HEIGHT="62" HPOS="497" VPOS="2753" WIDTH="31" />
<String CONTENT="Elizabeth." HEIGHT="56" HPOS="529" VPOS="2749" WIDTH="325" />
</TextLine>
<TextLine CS="1" HEIGHT="68" HPOS="275" STYLEREFS="StyleId-514E9E37-B526-49C5-9182-F8D3C5AA164F-" VPOS="2826" WIDTH="1699">
<String CONTENT="The" HEIGHT="53" HPOS="275" VPOS="2827" WIDTH="122" />
<SP HEIGHT="34" HPOS="398" VPOS="2846" WIDTH="21" />
<String CONTENT="narrow" HEIGHT="34" HPOS="420" VPOS="2846" WIDTH="224" />
<SP HEIGHT="50" HPOS="645" VPOS="2829" WIDTH="28" />
<String CONTENT="land:" HEIGHT="53" HPOS="674" VPOS="2826" WIDTH="164" />
<SP HEIGHT="52" HPOS="839" VPOS="2827" WIDTH="29" />
<String CONTENT="folk" HEIGHT="52" HPOS="869" VPOS="2826" WIDTH="127" />
<SP HEIGHT="52" HPOS="997" VPOS="2826" WIDTH="25" />
<String CONTENT="chronicles" HEIGHT="52" HPOS="1023" VPOS="2827" WIDTH="307" />
<SP HEIGHT="33" HPOS="1331" VPOS="2846" WIDTH="28" />
<String CONTENT="of" HEIGHT="51" HPOS="1360" VPOS="2827" WIDTH="62" />
<SP HEIGHT="51" HPOS="1423" VPOS="2827" WIDTH="23" />
<String CONTENT="old" HEIGHT="52" HPOS="1447" VPOS="2826" WIDTH="94" />
<SP HEIGHT="53" HPOS="1542" VPOS="2828" WIDTH="28" />
<String CONTENT="cape" HEIGHT="48" HPOS="1571" VPOS="2846" WIDTH="135" />
<SP HEIGHT="53" HPOS="1707" VPOS="2829" WIDTH="28" />
<String CONTENT="Cod." HEIGHT="53" HPOS="1736" VPOS="2829" WIDTH="138" />
<SP HEIGHT="52" HPOS="1875" VPOS="2828" WIDTH="26" />
<String CONTENT="by" HEIGHT="65" HPOS="1902" VPOS="2828" WIDTH="72" />
</TextLine>
<TextLine CS="1" HEIGHT="143" HPOS="203" STYLEREFS="StyleId-514E9E37-B526-49C5-9182-F8D3C5AA164F-" VPOS="2829" WIDTH="1986">
<String CONTENT="Elizabeth" HEIGHT="127" HPOS="203" VPOS="2829" WIDTH="1962" />
<SP HEIGHT="52" HPOS="334" VPOS="2905" WIDTH="23" />
<String CONTENT="Reynard;" HEIGHT="67" HPOS="358" VPOS="2905" WIDTH="297" />
<SP HEIGHT="47" HPOS="656" VPOS="2923" WIDTH="27" />
<String CONTENT="with" HEIGHT="52" HPOS="684" VPOS="2904" WIDTH="139" />
<SP HEIGHT="51" HPOS="824" VPOS="2905" WIDTH="23" />
<String CONTENT="illustrations," HEIGHT="55" HPOS="848" VPOS="2904" WIDTH="395" />
<SP HEIGHT="55" HPOS="1244" VPOS="2904" WIDTH="22" />
<String CONTENT="including" HEIGHT="67" HPOS="1267" VPOS="2904" WIDTH="299" />
<SP HEIGHT="47" HPOS="1567" VPOS="2924" WIDTH="23" />
<String CONTENT="a" HEIGHT="32" HPOS="1591" VPOS="2924" WIDTH="26" />
<SP HEIGHT="51" HPOS="1618" VPOS="2905" WIDTH="27" />
<String CONTENT="frontispiece" HEIGHT="67" HPOS="1646" VPOS="2905" WIDTH="368" />
<SP HEIGHT="50" HPOS="2015" VPOS="2906" WIDTH="24" />
<String CONTENT="from" HEIGHT="50" HPOS="2040" VPOS="2906" WIDTH="149" />
</TextLine>
<TextLine CS="1" HEIGHT="129" HPOS="204" STYLEREFS="StyleId-514E9E37-B526-49C5-9182-F8D3C5AA164F-" VPOS="2982" WIDTH="1959">
<String CONTENT="a" HEIGHT="32" HPOS="205" VPOS="3001" WIDTH="28" />
<SP HEIGHT="48" HPOS="234" VPOS="3000" WIDTH="27" />
<String CONTENT="pastel" HEIGHT="64" HPOS="262" VPOS="2984" WIDTH="181" />
<SP HEIGHT="52" HPOS="444" VPOS="2982" WIDTH="24" />
<String CONTENT="by" HEIGHT="67" HPOS="469" VPOS="2982" WIDTH="73" />
<SP HEIGHT="65" HPOS="543" VPOS="2984" WIDTH="25" />
<String CONTENT="Nevett" HEIGHT="50" HPOS="569" VPOS="2984" WIDTH="207" />
<SP HEIGHT="54" HPOS="777" VPOS="2982" WIDTH="27" />
<String CONTENT="S." HEIGHT="54" HPOS="805" VPOS="2982" WIDTH="53" />
<SP HEIGHT="50" HPOS="859" VPOS="2984" WIDTH="29" />
<String CONTENT="Bartow." HEIGHT="50" HPOS="889" VPOS="2984" WIDTH="245" />
<SP HEIGHT="48" HPOS="1135" VPOS="2984" WIDTH="64" />
<String CONTENT="Boston" HEIGHT="50" HPOS="1200" VPOS="2984" WIDTH="209" />
<SP HEIGHT="33" HPOS="1410" VPOS="3001" WIDTH="31" />
<String CONTENT="and" HEIGHT="50" HPOS="1442" VPOS="2984" WIDTH="108" />
<SP HEIGHT="51" HPOS="1551" VPOS="2984" WIDTH="29" />
<String CONTENT="New" HEIGHT="50" HPOS="1581" VPOS="2985" WIDTH="137" />
<SP HEIGHT="50" HPOS="1719" VPOS="2985" WIDTH="27" />
<String CONTENT="York." HEIGHT="54" HPOS="1747" VPOS="2983" WIDTH="177" />
<SP HEIGHT="52" HPOS="1925" VPOS="2985" WIDTH="26" />
<String CONTENT="Houghton" HEIGHT="127" HPOS="204" VPOS="2984" WIDTH="1959" />
<SP HEIGHT="51" HPOS="303" VPOS="3060" WIDTH="23" />
<String CONTENT="Mifflin" HEIGHT="52" HPOS="327" VPOS="3059" WIDTH="210" />
</TextLine>
<TextLine HEIGHT="63" HPOS="562" STYLEREFS="StyleId-514E9E37-B526-49C5-9182-F8D3C5AA164F-" VPOS="3062" WIDTH="473">
<String CONTENT="company," HEIGHT="49" HPOS="562" VPOS="3076" WIDTH="295" />
<SP HEIGHT="61" HPOS="858" VPOS="3063" WIDTH="27" />
<String CONTENT="1934." HEIGHT="52" HPOS="886" VPOS="3062" WIDTH="149" />
</TextLine>
<TextLine CS="1" HEIGHT="49" HPOS="274" VPOS="3131" WIDTH="1751">
<String CONTENT="xi" HEIGHT="38" HPOS="274" VPOS="3133" WIDTH="51" />
<SP HEIGHT="46" HPOS="326" VPOS="3133" WIDTH="24" />
<String CONTENT="p.," HEIGHT="36" HPOS="351" VPOS="3143" WIDTH="56" />
<SP HEIGHT="45" HPOS="408" VPOS="3132" WIDTH="28" />
<String CONTENT="2" HEIGHT="38" HPOS="437" VPOS="3132" WIDTH="27" />
<SP />
<String CONTENT="l.," CS="1" />
<SP HEIGHT="29" HPOS="532" VPOS="3150" WIDTH="28" />
<String CONTENT="[3]-326" HEIGHT="49" HPOS="561" VPOS="3131" WIDTH="174" />
<SP HEIGHT="47" HPOS="736" VPOS="3132" WIDTH="25" />
<String CONTENT="p." HEIGHT="36" HPOS="762" VPOS="3143" WIDTH="41" />
<SP HEIGHT="28" HPOS="804" VPOS="3143" WIDTH="56" />
<String CONTENT="col." HEIGHT="40" HPOS="861" VPOS="3132" WIDTH="86" />
<SP HEIGHT="41" HPOS="948" VPOS="3131" WIDTH="26" />
<String CONTENT="front.," HEIGHT="39" HPOS="975" VPOS="3131" WIDTH="163" />
<SP HEIGHT="37" HPOS="1139" VPOS="3133" WIDTH="29" />
<String CONTENT="illus.," CS="1" HEIGHT="37" HPOS="1169" VPOS="3133" WIDTH="111" />
<SP HEIGHT="36" HPOS="1310" VPOS="3144" WIDTH="29" />
<String CONTENT="plates," HEIGHT="45" HPOS="1340" VPOS="3135" WIDTH="168" />
<SP HEIGHT="35" HPOS="1509" VPOS="3145" WIDTH="30" />
<String CONTENT="ports.," HEIGHT="41" HPOS="1540" VPOS="3139" WIDTH="162" />
<SP HEIGHT="28" HPOS="1703" VPOS="3145" WIDTH="27" />
<String CONTENT="map." HEIGHT="36" HPOS="1731" VPOS="3144" WIDTH="121" />
<SP HEIGHT="36" HPOS="1853" VPOS="3135" WIDTH="59" />
<String CONTENT="21" HEIGHT="37" HPOS="1913" VPOS="3134" WIDTH="48" />
<String CONTENT="cm" HEIGHT="20" HPOS="1971" STYLE="superscript" VPOS="3135" WIDTH="42" />
<String CONTENT="." HEIGHT="7" HPOS="2019" VPOS="3164" WIDTH="6" />
</TextLine>
<TextLine CS="1" HEIGHT="50" HPOS="274" VPOS="3188" WIDTH="1370">
<String CONTENT="&quot;Appendix&quot;," HEIGHT="47" HPOS="274" VPOS="3188" WIDTH="322" />
<SP HEIGHT="29" HPOS="597" VPOS="3199" WIDTH="27" />
<String CONTENT="containing" HEIGHT="47" HPOS="625" VPOS="3188" WIDTH="281" />
<SP HEIGHT="46" HPOS="907" VPOS="3189" WIDTH="24" />
<String CONTENT="bibliography;" CS="1" HEIGHT="47" HPOS="932" VPOS="3188" WIDTH="334" />
<SP HEIGHT="37" HPOS="1295" VPOS="3199" WIDTH="27" />
<String CONTENT="p." HEIGHT="37" HPOS="1323" VPOS="3199" WIDTH="44" />
<SP HEIGHT="29" HPOS="1368" VPOS="3208" WIDTH="29" />
<String CONTENT="[317]-326." CS="1" HEIGHT="49" HPOS="1411" VPOS="3189" WIDTH="233" />
</TextLine>
<TextLine CS="1" HEIGHT="51" HPOS="206" VPOS="3241" WIDTH="1982">
<String CONTENT="&#169;" HEIGHT="51" HPOS="206" VPOS="3241" WIDTH="51" />
<SP HEIGHT="51" HPOS="258" VPOS="3241" WIDTH="26" />
<String CONTENT="Nov." HEIGHT="38" HPOS="285" VPOS="3246" WIDTH="118" />
<SP HEIGHT="40" HPOS="404" VPOS="3244" WIDTH="24" />
<String CONTENT="23," HEIGHT="43" HPOS="429" VPOS="3244" WIDTH="67" />
<SP HEIGHT="41" HPOS="497" VPOS="3246" WIDTH="29" />
<String CONTENT="1934:" HEIGHT="42" HPOS="527" VPOS="3244" WIDTH="138" />
<SP HEIGHT="42" HPOS="666" VPOS="3244" WIDTH="29" />
<String CONTENT="2c." HEIGHT="40" HPOS="696" VPOS="3244" WIDTH="67" />
<SP HEIGHT="29" HPOS="764" VPOS="3255" WIDTH="27" />
<String CONTENT="and" HEIGHT="37" HPOS="792" VPOS="3246" WIDTH="94" />
<SP HEIGHT="37" HPOS="887" VPOS="3246" WIDTH="28" />
<String CONTENT="aff." HEIGHT="39" HPOS="916" VPOS="3244" WIDTH="80" />
<SP HEIGHT="37" HPOS="997" VPOS="3245" WIDTH="25" />
<String CONTENT="Nov." HEIGHT="38" HPOS="1023" VPOS="3245" WIDTH="116" />
<SP HEIGHT="38" HPOS="1140" VPOS="3245" WIDTH="29" />
<String CONTENT="26:" HEIGHT="41" HPOS="1170" VPOS="3245" WIDTH="80" />
<SP HEIGHT="38" HPOS="1251" VPOS="3248" WIDTH="30" />
<String CONTENT="A" HEIGHT="36" HPOS="1282" VPOS="3248" WIDTH="37" />
<SP HEIGHT="38" HPOS="1320" VPOS="3247" WIDTH="30" />
<String CONTENT="78276:" HEIGHT="41" HPOS="1351" VPOS="3245" WIDTH="168" />
<SP HEIGHT="38" HPOS="1520" VPOS="3248" WIDTH="31" />
<String CONTENT="E." HEIGHT="38" HPOS="1552" VPOS="3248" WIDTH="51" />
<SP HEIGHT="38" HPOS="1604" VPOS="3248" WIDTH="30" />
<String CONTENT="Reynard," CS="1" HEIGHT="42" HPOS="1635" VPOS="3247" WIDTH="239" />
<SP HEIGHT="42" HPOS="1875" VPOS="3247" WIDTH="28" />
<String CONTENT="New" HEIGHT="38" HPOS="1904" VPOS="3247" WIDTH="115" />
<SP HEIGHT="37" HPOS="2020" VPOS="3247" WIDTH="25" />
<String CONTENT="York." HEIGHT="41" HPOS="2046" VPOS="3245" WIDTH="142" />
</TextLine>
<TextLine HEIGHT="46" HPOS="284" VPOS="3301" WIDTH="279">
<String CONTENT="(34-40085)" HEIGHT="46" HPOS="284" VPOS="3301" WIDTH="279" />
</TextLine>
<TextLine HEIGHT="65" HPOS="203" STYLEREFS="StyleId-794DC2A0-1DE6-440F-B633-4CA9DBD0A2BB-" VPOS="3361" WIDTH="1023">
<String CONTENT="Rilke," HEIGHT="65" HPOS="203" VPOS="3361" WIDTH="186" />
<SP HEIGHT="63" HPOS="390" VPOS="3363" WIDTH="27" />
<String CONTENT="Rainer" HEIGHT="54" HPOS="418" VPOS="3361" WIDTH="218" />
<SP HEIGHT="51" HPOS="637" VPOS="3363" WIDTH="25" />
<String CONTENT="Maria," HEIGHT="64" HPOS="663" VPOS="3362" WIDTH="208" />
<SP HEIGHT="58" HPOS="872" VPOS="3368" WIDTH="32" />
<String CONTENT="1875-1926." HEIGHT="55" HPOS="905" VPOS="3363" WIDTH="321" />
</TextLine>
<TextLine HEIGHT="68" HPOS="267" STYLEREFS="StyleId-514E9E37-B526-49C5-9182-F8D3C5AA164F-" VPOS="3438" WIDTH="1923">
<String CONTENT="Letters" HEIGHT="52" HPOS="267" VPOS="3438" WIDTH="220" />
<SP HEIGHT="47" HPOS="488" VPOS="3443" WIDTH="24" />
<String CONTENT="to" HEIGHT="47" HPOS="513" VPOS="3443" WIDTH="57" />
<SP HEIGHT="33" HPOS="571" VPOS="3457" WIDTH="25" />
<String CONTENT="a" HEIGHT="32" HPOS="597" VPOS="3457" WIDTH="27" />
<SP HEIGHT="48" HPOS="625" VPOS="3457" WIDTH="27" />
<String CONTENT="young" HEIGHT="50" HPOS="653" VPOS="3456" WIDTH="193" />
<SP HEIGHT="50" HPOS="847" VPOS="3456" WIDTH="23" />
<String CONTENT="poet" HEIGHT="61" HPOS="871" VPOS="3444" WIDTH="131" />
<SP HEIGHT="60" HPOS="1003" VPOS="3444" WIDTH="29" />
<String CONTENT="[by]" HEIGHT="67" HPOS="1033" VPOS="3438" WIDTH="107" />
<SP HEIGHT="64" HPOS="1141" VPOS="3440" WIDTH="32" />
<String CONTENT="Rainer" HEIGHT="52" HPOS="1174" VPOS="3440" WIDTH="212" />
<SP HEIGHT="51" HPOS="1387" VPOS="3441" WIDTH="23" />
<String CONTENT="Maria" HEIGHT="51" HPOS="1411" VPOS="3441" WIDTH="185" />
<SP HEIGHT="50" HPOS="1597" VPOS="3442" WIDTH="28" />
<String CONTENT="Rilke;" HEIGHT="65" HPOS="1626" VPOS="3441" WIDTH="195" />
<SP HEIGHT="58" HPOS="1822" VPOS="3448" WIDTH="27" />
<String CONTENT="translation" HEIGHT="54" HPOS="1850" VPOS="3440" WIDTH="340" />
</TextLine>
<TextLine CS="1" HEIGHT="68" HPOS="199" STYLEREFS="StyleId-514E9E37-B526-49C5-9182-F8D3C5AA164F-" VPOS="3516" WIDTH="1813">
<String CONTENT="by" HEIGHT="67" HPOS="199" VPOS="3516" WIDTH="73" />
<SP HEIGHT="67" HPOS="273" VPOS="3516" WIDTH="33" />
<String CONTENT="M." HEIGHT="52" HPOS="307" VPOS="3516" WIDTH="78" />
<SP HEIGHT="52" HPOS="386" VPOS="3516" WIDTH="33" />
<String CONTENT="D." HEIGHT="52" HPOS="420" VPOS="3516" WIDTH="71" />
<SP HEIGHT="52" HPOS="492" VPOS="3516" WIDTH="33" />
<String CONTENT="Herter" HEIGHT="51" HPOS="526" VPOS="3516" WIDTH="212" />
<SP HEIGHT="51" HPOS="739" VPOS="3516" WIDTH="32" />
<String CONTENT="Norton." HEIGHT="52" HPOS="772" VPOS="3516" WIDTH="237" />
<SP HEIGHT="51" HPOS="1010" VPOS="3517" WIDTH="74" />
<String CONTENT="New" HEIGHT="51" HPOS="1085" VPOS="3517" WIDTH="134" />
<SP HEIGHT="50" HPOS="1220" VPOS="3519" WIDTH="36" />
<String CONTENT="York," HEIGHT="66" HPOS="1257" VPOS="3518" WIDTH="178" />
<SP HEIGHT="64" HPOS="1436" VPOS="3520" WIDTH="30" />
<String CONTENT="W." HEIGHT="51" HPOS="1467" VPOS="3520" WIDTH="88" />
<SP HEIGHT="51" HPOS="1556" VPOS="3520" WIDTH="31" />
<String CONTENT="W." HEIGHT="51" HPOS="1588" VPOS="3520" WIDTH="89" />
<SP HEIGHT="52" HPOS="1678" VPOS="3518" WIDTH="35" />
<String CONTENT="Norton" HEIGHT="51" HPOS="1714" VPOS="3518" WIDTH="220" />
<SP HEIGHT="50" HPOS="1935" VPOS="3519" WIDTH="31" />
<String CONTENT="&amp;" HEIGHT="49" HPOS="1967" VPOS="3519" WIDTH="45" />
</TextLine>
<TextLine CS="1" HEIGHT="119" HPOS="199" STYLEREFS="StyleId-514E9E37-B526-49C5-9182-F8D3C5AA164F-" VPOS="3536" WIDTH="1966">
<String CONTENT="company," HEIGHT="119" HPOS="199" VPOS="3536" WIDTH="1966" />
<SP HEIGHT="62" HPOS="370" VPOS="3593" WIDTH="29" />
<String CONTENT="inc." HEIGHT="52" HPOS="400" VPOS="3593" WIDTH="105" />
<SP HEIGHT="29" HPOS="506" VPOS="3626" WIDTH="36" />
<String CONTENT="[" CS="1" />
<String CONTENT="c" HEIGHT="20" HPOS="558" STYLE="superscript" VPOS="3600" WIDTH="21" />
<String CONTENT="1934]" HEIGHT="59" HPOS="584" VPOS="3596" WIDTH="150" />
</TextLine>
<TextLine HEIGHT="48" HPOS="273" VPOS="3666" WIDTH="326">
<String CONTENT="128" HEIGHT="40" HPOS="273" VPOS="3667" WIDTH="87" />
<SP HEIGHT="46" HPOS="361" VPOS="3668" WIDTH="25" />
<String CONTENT="p." HEIGHT="36" HPOS="387" VPOS="3678" WIDTH="41" />
<SP HEIGHT="41" HPOS="429" VPOS="3666" WIDTH="55" />
<String CONTENT="21" HEIGHT="39" HPOS="485" VPOS="3666" WIDTH="53" />
<String CONTENT="cm" HEIGHT="21" HPOS="542" STYLE="superscript" VPOS="3669" WIDTH="44" />
<String CONTENT="." HEIGHT="7" HPOS="591" VPOS="3698" WIDTH="8" />
</TextLine>
<TextLine CS="1" HEIGHT="50" HPOS="273" VPOS="3723" WIDTH="1650">
<String CONTENT="Letters" HEIGHT="39" HPOS="273" VPOS="3724" WIDTH="190" />
<SP HEIGHT="29" HPOS="464" VPOS="3733" WIDTH="23" />
<String CONTENT="written" HEIGHT="39" HPOS="488" VPOS="3723" WIDTH="194" />
<SP HEIGHT="37" HPOS="683" VPOS="3726" WIDTH="24" />
<String CONTENT="to" HEIGHT="37" HPOS="708" VPOS="3726" WIDTH="48" />
<SP HEIGHT="40" HPOS="757" VPOS="3723" WIDTH="25" />
<String CONTENT="F." HEIGHT="39" HPOS="783" VPOS="3723" WIDTH="50" />
<SP HEIGHT="38" HPOS="834" VPOS="3724" WIDTH="25" />
<String CONTENT="X." CS="1" HEIGHT="8" HPOS="912" VPOS="3755" WIDTH="8" />
<SP HEIGHT="39" HPOS="921" VPOS="3724" WIDTH="25" />
<String CONTENT="Kappus" HEIGHT="47" HPOS="947" LANG="de" VPOS="3724" WIDTH="201" />
<SP HEIGHT="38" HPOS="1149" VPOS="3725" WIDTH="25" />
<String CONTENT="during" HEIGHT="47" HPOS="1175" VPOS="3725" WIDTH="176" />
<SP HEIGHT="43" HPOS="1352" VPOS="3729" WIDTH="23" />
<String CONTENT="the" HEIGHT="40" HPOS="1376" VPOS="3726" WIDTH="82" />
<SP HEIGHT="37" HPOS="1459" VPOS="3736" WIDTH="23" />
<String CONTENT="years" HEIGHT="38" HPOS="1483" VPOS="3735" WIDTH="142" />
<SP HEIGHT="39" HPOS="1626" VPOS="3727" WIDTH="25" />
<String CONTENT="1903-1908." HEIGHT="41" HPOS="1652" VPOS="3725" WIDTH="271" />
</TextLine>
<TextLine HEIGHT="41" HPOS="276" VPOS="3779" WIDTH="412">
<String CONTENT="&quot;First" HEIGHT="38" HPOS="276" VPOS="3780" WIDTH="158" />
<SP HEIGHT="37" HPOS="435" VPOS="3782" WIDTH="28" />
<String CONTENT="edition.&#8221;" HEIGHT="41" HPOS="464" VPOS="3779" WIDTH="224" />
</TextLine>
<TextLine CS="1" HEIGHT="50" HPOS="273" VPOS="3835" WIDTH="1725">
<String CONTENT="A" HEIGHT="37" HPOS="273" VPOS="3837" WIDTH="40" />
<SP HEIGHT="38" HPOS="314" VPOS="3837" WIDTH="25" />
<String CONTENT="chronicle" HEIGHT="40" HPOS="340" VPOS="3835" WIDTH="241" />
<SP HEIGHT="29" HPOS="582" VPOS="3846" WIDTH="26" />
<String CONTENT="of" HEIGHT="39" HPOS="609" VPOS="3836" WIDTH="52" />
<SP HEIGHT="38" HPOS="662" VPOS="3836" WIDTH="23" />
<String CONTENT="Rilke&#8217;s" HEIGHT="39" HPOS="686" VPOS="3836" WIDTH="182" />
<SP HEIGHT="38" HPOS="869" VPOS="3837" WIDTH="23" />
<String CONTENT="life" HEIGHT="40" HPOS="893" VPOS="3835" WIDTH="88" />
<SP HEIGHT="39" HPOS="982" VPOS="3836" WIDTH="22" />
<String CONTENT="for" HEIGHT="39" HPOS="1005" VPOS="3836" WIDTH="79" />
<SP HEIGHT="36" HPOS="1085" VPOS="3839" WIDTH="26" />
<String CONTENT="the" HEIGHT="39" HPOS="1112" VPOS="3837" WIDTH="80" />
<SP HEIGHT="36" HPOS="1193" VPOS="3847" WIDTH="26" />
<String CONTENT="years" HEIGHT="36" HPOS="1220" VPOS="3847" WIDTH="141" />
<SP HEIGHT="38" HPOS="1362" VPOS="3839" WIDTH="26" />
<String CONTENT="1903-1908:" HEIGHT="41" HPOS="1389" VPOS="3836" WIDTH="287" />
<SP HEIGHT="36" HPOS="1677" VPOS="3849" WIDTH="30" />
<String CONTENT="p." HEIGHT="36" HPOS="1708" VPOS="3849" WIDTH="41" />
<SP HEIGHT="28" HPOS="1750" VPOS="3857" WIDTH="30" />
<String CONTENT="[81]-128." CS="1" HEIGHT="48" HPOS="1781" VPOS="3837" WIDTH="217" />
</TextLine>
<TextLine CS="1" HEIGHT="51" HPOS="207" VPOS="3888" WIDTH="1952">
<String CONTENT="&#169;" HEIGHT="51" HPOS="207" VPOS="3888" WIDTH="51" />
<SP HEIGHT="51" HPOS="259" VPOS="3888" WIDTH="22" />
<String CONTENT="Nov" HEIGHT="38" HPOS="282" VPOS="3893" WIDTH="102" />
<SP HEIGHT="38" HPOS="385" VPOS="3892" WIDTH="38" />
<String CONTENT="23," HEIGHT="43" HPOS="424" VPOS="3892" WIDTH="67" />
<SP HEIGHT="41" HPOS="492" VPOS="3894" WIDTH="25" />
<String CONTENT="1934:" HEIGHT="41" HPOS="518" VPOS="3891" WIDTH="138" />
<SP HEIGHT="39" HPOS="657" VPOS="3893" WIDTH="26" />
<String CONTENT="2c." HEIGHT="39" HPOS="684" VPOS="3893" WIDTH="65" />
<SP HEIGHT="39" HPOS="750" VPOS="3893" WIDTH="23" />
<String CONTENT="Nov." HEIGHT="38" HPOS="774" VPOS="3893" WIDTH="114" />
<SP HEIGHT="38" HPOS="889" VPOS="3892" WIDTH="27" />
<String CONTENT="26:" HEIGHT="40" HPOS="917" VPOS="3892" WIDTH="80" />
<SP HEIGHT="28" HPOS="998" VPOS="3904" WIDTH="25" />
<String CONTENT="aff." HEIGHT="41" HPOS="1024" VPOS="3893" WIDTH="81" />
<SP HEIGHT="41" HPOS="1106" VPOS="3893" WIDTH="25" />
<String CONTENT="Nov." HEIGHT="38" HPOS="1132" VPOS="3893" WIDTH="112" />
<SP HEIGHT="39" HPOS="1245" VPOS="3893" WIDTH="25" />
<String CONTENT="27:" HEIGHT="41" HPOS="1271" VPOS="3893" WIDTH="81" />
<SP HEIGHT="38" HPOS="1353" VPOS="3896" WIDTH="28" />
<String CONTENT="A" HEIGHT="36" HPOS="1382" VPOS="3896" WIDTH="37" />
<SP HEIGHT="37" HPOS="1420" VPOS="3896" WIDTH="27" />
<String CONTENT="77348:" HEIGHT="39" HPOS="1448" VPOS="3895" WIDTH="168" />
<SP HEIGHT="39" HPOS="1617" VPOS="3895" WIDTH="25" />
<String CONTENT="W." HEIGHT="39" HPOS="1643" VPOS="3895" WIDTH="70" />
<SP HEIGHT="38" HPOS="1714" VPOS="3896" WIDTH="26" />
<String CONTENT="W." HEIGHT="40" HPOS="1741" VPOS="3896" WIDTH="71" />
<SP HEIGHT="41" HPOS="1813" VPOS="3895" WIDTH="21" />
<String CONTENT="Norton" HEIGHT="37" HPOS="1835" VPOS="3895" WIDTH="184" />
<SP HEIGHT="39" HPOS="2020" VPOS="3894" WIDTH="24" />
<String CONTENT="&amp;" HEIGHT="39" HPOS="2045" VPOS="3894" WIDTH="36" />
<SP HEIGHT="39" HPOS="2082" VPOS="3894" WIDTH="24" />
<String CONTENT="co.," CS="1" HEIGHT="30" HPOS="2107" VPOS="3903" WIDTH="52" />
</TextLine>
<TextLine HEIGHT="45" HPOS="274" VPOS="3948" WIDTH="437">
<String CONTENT="inc." HEIGHT="38" HPOS="274" VPOS="3949" WIDTH="88" />
<SP HEIGHT="39" HPOS="363" VPOS="3948" WIDTH="69" />
<String CONTENT="(34-40108)" HEIGHT="45" HPOS="433" VPOS="3948" WIDTH="278" />
</TextLine>
</TextBlock>
</PrintSpace>
</Page>
</Layout>
</alto>