2350 4196
1180 4002 64 48 94

225 365 387 67 Rheinhardt,
644 367 152 52 Emil
825 367 282 64 Alphons,
1139 370 170 49 1889-

350 440 1859 70 … Josephine, wife of Napoleon; English version by Caroline
221 522 289 51 Fredrick.
587 522 136 51 New
755 521 177 67 York,
961 523 69 49 A.
1063 521 68 50 A.
1162 519 222 66 Knopf,
1415 521 149 49 1934.

291 591 1780 52 vi p., 2 l., [3]-365 p., 1 l., x p., 1 l. front., plates, ports. 22½cm.
290 653 64 39 At
380 653 123 38 head
531 652 50 39 of
607 652 108 40 title:
773 653 52 39 E.
852 652 53 39 A.
935 650 317 40 Rheinhardt.

293 709 160 40 “First
483 708 225 40 edition.'’

226 776 51 50 ©
303 780 107 40 Jan.
435 780 68 41 29.
528 780 114 39 1934;
695 780 65 39 2c.
788 777 107 41 Jan.
920 779 55 39 30;
1030 778 79 39 aff.
1137 777 107 39 Jan.
1269 777 54 39 31:
1379 777 40 37 A
1444 775 143 40 69256:
1640 776 171 38 Alfred
1837 777 50 36 A.
1915 774 179 48 Knopf,
2121 774 91 39 inc.

304 836 248 47 (34-2090)

224 937 305 68 Rinehart,
560 943 137 51 Mrs.
729 942 172 61 Mary
931 938 313 65 (Roberts)
1284 941 170 50 1876-

293 1017 119 52 The
443 1023 143 47 state
617 1036 191 34 versus
839 1018 205 51 Elinor
1073 1017 238 66 Norton,
1342 1017 33 51 by
1445 1016 169 67 Mary
1643 1016 241 52 Roberts
1915 1014 296 52 Rinehart.

223 1094 138 52 New
393 1096 178 66 York,
600 1097 215 50 Farrar
846 1098 48 48 &
926 1095 297 66 Rinehart,
1256 1095 398 67 incorporated
1693 1097 191 63 [c1934]

289 1169 27 37 4
342 1179 42 36 p.
435 1201 6 6 l.,
485 1168 144 40 3-300
654 1180 44 36 p.
758 1169 145 39 20½cm.

226 1222 51 51 ©
305 1227 107 40 Jan.
440 1226 67 40 29.
536 1227 138 39 1934;
704 1227 65 38 2c.
799 1227 108 38 Feb.
979 1237 8 27 1:
1017 1236 79 28 aff.
1128 1226 106 39 Jan.
1262 1225 81 46 30;
1374 1226 39 37 A
1441 1225 169 39 69283:
1641 1225 60 38 M.
1732 1225 55 38 R.
1817 1224 249 40 Rinehart.
2096 1225 117 37 New

295 1283 141 39 York.
513 1283 247 47 (34-1943)

228 1386 310 65 Robinson,
571 1388 197 51 Frank
797 1388 208 54 Bruce.

292 1462 283 54 Crucified
614 1463 140 67 gods
793 1465 218 66 galore;
1057 1483 79 47 or,
1178 1463 381 67 Christianity
1599 1463 195 53 before
1835 1463 211 66 Christ,

219 1482 1970 127 containing
486 1560 139 47 new,
671 1541 286 68 startling,
1005 1542 110 51 and
1162 1542 433 65 extraordinary
1642 1541 338 53 revelations

2024 1543 60 50 in
221 1560 1968 126 religious
470 1619 237 66 history,
750 1620 183 51 which
978 1620 233 51 disclose
1252 1619 94 52 the
1388 1619 240 52 oriental
1670 1617 189 70 origin
1899 1619 64 52 of
2003 1619 76 52 all
2119 1619 95 53 the

220 1697 297 67 doctrines,
556 1697 326 67 principles,
924 1703 273 61 precepts,
1236 1698 112 51 and
1386 1697 258 53 miracles
1683 1696 63 53 of
1782 1697 97 51 the
1919 1696 292 54 Christian

220 1774 138 52 New
385 1776 342 65 Testament,
756 1776 110 51 and
897 1774 330 68 furnishing
1255 1794 29 32 a
1310 1794 122 32 new
1457 1775 107 67 key
1592 1773 92 53 for
1710 1773 308 70 unlocking
2042 1792 171 50 many

220 1853 63 51 of
323 1854 73 51 its
435 1854 192 51 sacred
664 1853 311 66 mysteries,
1013 1852 214 53 besides
1267 1852 348 68 comprising
1653 1853 94 52 the
1786 1852 220 67 history
2045 1853 63 51 of
2150 1857 63 48 16

219 1929 1993 69 heathen crucified gods, by Dr. Frank B. Robinson … Moscow,
220 2009 106 66 Id.,
356 2008 391 53 “Psychiana”
782 2012 191 62 [c1933]

287 2084 98 45 401,
420 2084 54 48 [2]
506 2094 42 37 p.
606 2084 148 38 front,
785 2083 170 46 (port.)
1052 2082 113 40 19½cm.

226 2136 50 51 ©
302 2141 109 39 Dec.
432 2140 55 39 10,
519 2140 112 39 1933;
687 2140 63 39 2c.
779 2141 92 38 and
898 2140 80 39 aff.
1005 2140 106 39 Jan.
1132 2140 53 39 15,
1219 2139 112 40 1934;
1386 2140 41 38 A
1451 2138 141 41 67987;
1649 2140 49 38 F.
1725 2140 54 39 B.
1806 2139 257 40 Robinson.
294 2140 1901 103 Moscow,
433 2198 68 38 Id.
566 2197 249 47 (34-2040)

224 2300 207 63 Ropes,
461 2300 315 55 Bradford.

291 2375 85 54 Go
402 2376 121 52 into
550 2394 142 48 your
719 2377 173 51 dance
925 2377 107 65 [by]
1065 2376 294 52 Bradford
1387 2378 204 66 Ropes.
1666 2376 136 53 New
1833 2377 177 67 York,
2037 2378 70 51 A.
2136 2379 74 50 H.

220 2453 160 68 King
418 2457 190 62 [c1934]

290 2528 86 39 316
404 2539 41 36 p.
505 2528 116 40 20cm.

225 2580 51 51 ©
305 2584 111 40 Feb.
443 2586 37 39 1.
509 2584 114 39 1934;
679 2585 66 40 2c.
775 2587 93 37 and
898 2585 80 40 aff.
1009 2585 108 40 Feb.
1147 2586 26 37 2;
1229 2586 41 38 A
1299 2585 141 39 70104;
1497 2585 172 40 Alfred
1697 2585 60 39 H.
1786 2585 143 48 King,
1958 2586 89 39 inc.

303 2641 248 47 (34-2033)

223 2746 231 62 Rutter,
486 2745 196 66 Owen,
714 2749 172 50 1889-

293 2821 65 52 If
393 2823 131 51 crab
561 2842 71 33 no
671 2825 177 51 walk;
886 2844 27 32 a
953 2826 266 50 traveller
1256 2825 58 52 in
1352 2826 94 51 the
1480 2827 160 51 West
1674 2827 212 65 Indies,
1923 2827 73 65 by
2033 2827 175 54 Owen

223 2900 1964 61 Rutter … with 35 illustrations. London, Hutchinson & co.,
221 2977 100 53 ltd.
376 2981 132 49 [1933]

294 3048 85 42 288
408 3060 41 36 p.
509 3050 162 47 front.,
702 3051 127 40 illus.
859 3052 184 47 (maps)
1080 3054 167 45 plates,
1277 3054 136 46 port.,
1443 3053 176 47 diagrs.
1681 3053 143 40 23½cm.

295 3105 138 46 Maps
462 3117 58 28 on
548 3106 360 49 lining-papers.

292 3161 349 50 Bibliography:
699 3176 42 36 p.
772 3165 216 43 279-282.

226 3215 51 51 ©
333 3231 36 28 1c.
396 3220 107 39 Jan.
529 3222 26 37 2,
596 3221 140 40 1934;
765 3223 39 38 A
831 3225 60 37 ad
918 3224 86 40 int.
1030 3223 167 41 18559:
1227 3223 140 48 pubd.
1442 3234 70 28 Nov.
1540 3224 38 45 3,
1607 3224 112 40 1933;
1780 3225 50 40 O.
1858 3226 189 39 Rutter.
294 3226 1900 94 Wargrave.
480 3278 275 41 Berkshire.
784 3281 232 39 England.
1084 3279 245 49 (34-1809)

226 3378 184 62 Ryan,
439 3379 225 56 Edwin.

293 3454 243 53 Candles
580 3456 55 52 in
680 3458 92 51 the
815 3458 220 53 Roman
1077 3460 133 52 rite:
1256 3466 117 46 text
1414 3460 74 66 by
1530 3461 93 52 the
1666 3462 293 54 Reverend
2002 3465 205 52 Edwin

220 3531 1985 74 Ryan … designed by Terence J. Hughes and James R.
220 3609 1961 133 Howard, jr.: illustrated by James R. Howard, jr. … [Baltimore,
418 3688 68 52 A.
518 3688 174 54 Gross
720 3692 197 51 candle
946 3711 77 33 co.,
1071 3692 122 54 inc,.
1220 3696 154 48 c1933]

291 3760 1284 52 xiv p., 1 l., 35, [1] p. plates (part col.) 28½cm.
291 3818 302 46 Descriptive
627 3820 281 47 letterpress
944 3832 56 28 on
1037 3832 162 29 versos
1232 3822 165 43 facing
1430 3825 122 37 most
1586 3823 50 39 of
1671 3826 79 37 the
1784 3827 169 44 plates.

226 3871 50 51 ©
306 3876 106 38 Jan.
472 3877 38 39 17.
538 3877 139 41 1934;
708 3877 65 40 2c.
803 3879 93 38 and
925 3877 80 40 aff.
1036 3879 106 39 Jan.
1172 3880 80 38 25:
1284 3880 40 38 A
1352 3880 168 40 68980:
1553 3882 51 38 A.
1636 3882 147 41 Gross
1812 3884 168 39 candle
2009 3894 65 29 co.,
2120 3884 89 39 inc.

301 3932 250 50 (34-2088)
