2350 4196
1199 4021 102 48 204

307 474 704 51 xvi p., 3 l., 5-297 p. 21 cm .
303 532 159 40 Blank
485 542 120 37 page
631 532 123 38 “For
780 532 82 40 the
886 531 236 40 insertion
1149 532 50 38 of
1225 530 271 40 additional
1519 528 227 48 prayers”
1786 527 131 49 (297)

307 587 287 41 “Sources”:
633 598 43 37 p.
711 586 216 41 273-276.

236 641 1982 53 © Feb. 26, 1934; 2c. and aff. Mar. 1: A 69650; Charles Scribner’s sons.
313 703 249 48 (34-4557)

236 804 176 66 Page,
442 804 255 55 William
725 806 275 64 Herbert,
1033 809 169 48 1868-
1413 805 83 52 ed.

309 886 56 51 A
407 882 187 69 digest
637 883 63 52 of
744 884 77 50 all
866 883 264 67 reported
1175 883 273 52 decisions
1493 881 62 52 of
1598 882 96 52 the
1736 885 186 47 courts
1966 880 63 51 of
2074 880 149 53 Ohio

240 961 154 52 from
437 962 96 52 the
578 961 223 52 earliest
848 961 198 67 period
1092 967 57 46 to
1195 961 145 51 date.
1416 959 273 52 Lifetime
1735 958 83 52 ed.
1894 958 212 52 Edited
2150 958 73 65 by

237 1035 1988 70 William Herbert Page … v. 9. Municipal corporations ix to
239 1117 431 67 Particularity.
747 1115 347 68 Cincinnati,
1142 1116 118 53 The
1305 1118 90 52 W.
1442 1117 76 51 H.
1568 1115 301 52 Anderson
1917 1131 305 50 company;

238 1194 417 68 Indianapolis,
684 1195 120 51 The
834 1185 441 62 Bobbs-Merrill
1304 1211 278 49 company
1618 1226 11 32 [
1636 1197 16 21 c
1659 1195 134 48 1934
1797 1224 12 33 ]

307 1278 40 38 v,
379 1269 83 39 864
492 1280 39 36 p.
592 1269 54 39 26
651 1270 42 20 cm
700 1300 7 8 .

239 1321 1872 53 © Feb. 8. 1934; 2c. and aff. Feb. 9: A 70198; W. H. Anderson co.
240 1444 423 64 Philadelphia.
739 1443 249 54 General
1020 1441 274 65 hospital.
1369 1443 208 52 School
1611 1443 63 65 of
1705 1442 253 66 nursing.

309 1521 256 69 Nursing
606 1520 354 69 procedures,
1002 1519 205 54 School
1249 1519 62 53 of
1351 1520 257 67 nursing,
1650 1518 408 68 Philadelphia

241 1536 1964 116 general
390 1600 268 67 hospital.
734 1597 442 69 [Philadelphia]
1217 1605 16 21 c
1240 1600 149 50 1934.

313 1671 1187 50 2 p. l., 7-256 p. illus., plates, ports. 24½ cm .
315 1731 225 40 Includes
565 1729 148 40 blank
739 1740 146 38 pages
913 1729 80 39 for
1022 1728 217 41 “Notes”.

315 1788 235 40 “Revised
583 1785 196 48 edition,
813 1785 235 47 January,
1081 1785 152 40 1934.”

244 1843 1844 52 © Jan. 31. 1934; 2c. Feb. 19; aff. Feb. 16; A 69538; Philadelphia
309 1854 1904 89 general
440 1903 212 48 hospital
682 1901 217 48 training
928 1903 161 37 school
1118 1901 77 38 for
1225 1910 184 31 nurses.
1442 1900 352 48 Philadelphia.
1860 1897 66 52 [©
1961 1901 268 39 additional

314 1961 301 47 procedures,
646 1970 40 36 p.
718 1958 217 48 233-245]
1012 1957 246 47 (34-4658)

244 2062 336 64 Phillpotts,
614 2061 180 64 Eden,
833 2064 168 50 1862-

312 2137 111 53 Mr.
447 2137 275 69 Digweed
747 2138 113 52 and
884 2137 110 53 Mr.
1020 2137 200 67 Lumb,
1244 2156 31 34 a
1298 2142 250 64 mystery
1574 2138 166 51 novel
1765 2138 73 67 by
1865 2138 162 52 Eden
244 2137 1966 145 Phillpotts.

488 2216 139 52 New
660 2214 178 69 York,
869 2215 121 52 The
1019 2214 332 53 Macmillan
1383 2231 296 52 company,
1714 2217 150 50 1934.

313 2287 555 50 3 p. l., 249 p. 19½ cm .
248 2345 1984 50 © Mar. 6, 1934; 2c. and aff. Mar. 7; A 69769; E. Phillpotts, Kerswell,
315 2405 162 39 Broad
504 2404 147 46 Clyst,
679 2405 191 45 Exeter,
898 2404 234 46 England.
1204 2402 247 47 (34-4673)

247 2494 312 65 Pillsbury,
595 2496 172 62 Mary
800 2494 326 56 Elizabeth.

380 2569 1858 71 … Nursing care of communicable diseases; a text-book of
249 2650 397 67 prophylactic
670 2650 247 52 technics
943 2650 92 53 for
1061 2650 96 53 the
1181 2651 333 66 prevention
1540 2651 112 51 and
1677 2653 218 49 control
1921 2650 63 52 of
2010 2650 228 65 disease,

248 2727 1989 68 by Mary Elizabeth Pillsbury … 116 illustrations. 3d ed. rev.
251 2805 1623 70 Philadelphia & London, J. B. Lippincott company [c1934]
320 2878 1921 52 8 p. l., 473 p. illus., pl., diagrs. (1 fold.) 21 cm . (Lippincott's nursing
249 2937 245 47 manuals)

323 2993 129 40 Most
478 2993 50 40 of
555 2995 82 39 the
665 2994 147 40 blank
839 3005 146 38 pages
1013 2993 78 42 for
1117 2996 135 38 notes
1281 3005 57 29 on
1369 2994 189 48 specific
1587 2996 212 39 diseases
1828 2999 83 37 not
1938 2997 222 39 included
2191 2998 48 37 in

252 3053 80 39 the
363 3052 190 48 paging.

325 3109 291 40 “Reference
644 3109 255 40 material”:
959 3119 41 37 p.
1029 3108 213 40 452-464.

255 3163 49 51 ©
335 3168 108 39 Feb.
472 3167 37 46 5,
537 3167 113 38 1934;
706 3167 64 39 2c.
801 3168 93 37 and
997 3199 6 6 aff.
1033 3167 110 38 Feb.
1171 3165 53 40 23;
1282 3167 40 37 A
1350 3165 140 40 70313;
1550 3167 40 39 J.
1622 3168 51 38 B.
1704 3168 275 48 Lippincott
2008 3180 65 28 co.

328 3223 248 48 (34-4660)

261 3314 262 63 Preston,
551 3313 164 55 Jack.

323 3388 1855 70 Not ashamed; a romance of the tropics by Jack Preston …
256 3465 136 52 New
423 3464 178 67 York,
636 3464 165 54 Sears
833 3466 333 69 publishing
1198 3484 295 50 company,
1526 3467 106 53 inc.
1672 3501 13 33 [c1
1745 3471 102 49 934
1850 3500 13 35 ]

324 3536 85 41 319
434 3547 42 37 p.
538 3537 54 40 19½
625 3540 42 20 cm
673 3569 8 8 .

258 3592 1980 54 © Feb. 26. 1934; 2c. Mar. 3: aff. Feb. 28; A 69714; Sears pub. co., inc.
333 3652 248 47 (34-4564)

258 3739 251 65 Rourke,
545 3741 326 54 Constance
903 3743 291 65 Mayfield,
1232 3747 169 48 1885-

325 3818 167 66 Davy
528 3816 282 69 Crockett,
844 3818 74 67 by
954 3818 310 54 Constance
1298 3820 254 66 Rourke;
1589 3821 322 53 illustrated
1943 3823 73 65 by
2051 3822 191 54 James

256 3894 377 53 MacDonald.
708 3895 137 52 New
872 3897 176 65 York,
1074 3897 306 67 Harcourt,
1406 3898 178 51 Brace
1610 3899 110 51 and
1746 3916 277 50 company
2048 3931 11 33 [
2065 3904 16 21 c
2088 3902 149 62 1934]
