2350 4196
1154 3991 131 52 1174

217 447 355 40 Bowen.—The
598 447 238 48 founding
863 449 50 38 of
940 447 188 40 British
1156 448 101 38 rule
1285 447 49 37 in
1362 445 154 47 India,
1546 446 60 46 by
1634 447 59 38 H.
1722 447 58 37 H.
1809 446 392 40 Dodwell.—The

216 503 248 40 invention
493 504 50 38 of
570 503 304 48 machinery;
905 505 63 39 its
998 503 238 40 economic
1265 503 95 38 and
1388 502 149 39 social
1564 503 191 44 results,
1784 503 59 45 by
1872 504 52 37 E.
1953 503 249 46 Lipson.—

215 560 102 39 The
357 560 189 39 French
585 560 282 48 revolution,
909 561 60 46 by
1007 564 73 36 W.
1120 561 53 38 A.
1213 558 383 46 Phillips.—The
1637 559 216 46 triumph
1893 559 50 38 of
216 560 1969 96 “laisserfaire":

443 617 83 38 the
565 618 160 45 repeal
767 616 50 40 of
859 618 81 38 the
983 617 125 40 Corn
1149 617 105 38 law.
1296 614 126 48 1846,
1464 615 62 46 by
1566 615 52 40 C.
1661 616 55 39 R.
1762 615 43 40 S.
1848 616 354 46 Taylor.—The

216 673 184 40 arrival
429 673 51 39 of
506 673 170 39 labour
705 673 50 38 in
783 673 203 47 politics,
1018 674 59 46 by
1108 672 50 40 G.
1187 673 53 38 D.
1271 672 59 38 H.
1362 671 289 40 Cole.—The
1679 673 137 46 great
1843 681 114 37 war,
1987 671 214 46 1914-18,

216 731 61 46 by
309 730 253 39 Wickham
632 731 284 38 Steed.—The
949 740 80 29 era
1064 730 50 38 of
1147 728 242 48 planning,
1422 728 60 46 by
1518 727 77 40 Sir
1627 728 135 39 Basil
1797 728 237 40 Blackett.

223 796 1981 52 © 1c. Aug. 11. 1934; A ad int. 19273: pubd. June 14: G. R. S. Taylor.
290 858 209 38 London.
558 857 276 47 (34-29141)

215 972 353 65 Greenberg,
604 975 195 62 Jacob,
838 977 169 48 1890-
1217 973 81 51 ed.

220 1049 1959 147 … Contes de Paris et des provinces, edited by Jacob Greenberg …
480 1130 377 51 illustrations
887 1130 74 66 by
991 1129 247 51 Roberto
1272 1127 219 68 Sgrilli.
1556 1127 139 52 New
1726 1128 178 66 York,
1937 1127 268 68 Chicago,

222 1206 235 54 Charles
486 1207 67 51 E.
581 1207 224 51 Merrill
833 1224 278 49 company
1183 1208 151 64 [c1934]

294 1279 85 37 viii
411 1290 29 36 p.,
496 1280 26 37 4
552 1280 13 37 l.,
623 1278 143 40 3-202
797 1291 42 36 p.
869 1279 109 40 incl.
1009 1279 160 45 front.,
1201 1278 141 47 illus.,
1372 1288 124 38 map.
1557 1280 54 38 17
1617 1281 42 20 cm
1664 1310 8 8 .
1742 1279 249 47 (Merrill's
2022 1281 185 40 French

222 1339 152 44 texts)

296 1393 290 40 “Reference
614 1393 173 40 books”
817 1396 51 36 at
896 1394 87 39 end
1013 1393 50 39 of
1090 1403 127 29 some
1244 1392 49 40 of
1322 1393 80 39 the
1430 1392 187 40 stories.

227 1448 1898 50 © June 5, 1934; 2c·. and aff. Aug. 21: A 74603: Charles E. Merrill co.
309 1507 276 48 (34—29889)

222 1626 235 63 Haiper,
491 1625 225 62 Albert,
753 1627 168 49 1904-

354 1702 1650 67 … The foundry. New York. The Yiking press, 1934.
326 1774 526 49 6 p. l., 499 p. 21½cm.
229 1827 1980 54 © Sept. 5. 1934; 2c. Sept. 7; aff. Sept. 6: A 75177: A. Haiper, ℅ Maxim
296 1891 181 38 Lieber.
551 1901 69 27 New
647 1890 141 37 York.
856 1889 276 39 (34-28778)

223 2005 253 65 Harlow,
509 2006 203 53 Victor
744 2006 364 63 Emmanuel,
1144 2005 166 53 1876-

304 2083 333 66 Oklahoma,
674 2082 71 53 its
783 2081 213 67 origins
1034 2083 110 51 and
1179 2081 416 67 development;
1635 2102 26 32 a
1700 2082 235 67 history,

1972 2081 72 69 by
235 2082 1954 132 Victor
352 2161 64 50 E.
449 2160 253 54 Harlow.
771 2159 316 52 Oklahoma
1122 2159 148 66 City,
1300 2160 236 53 Harlow
1570 2160 332 67 publishing
1934 2178 96 47 co.,
2063 2162 146 49 1934.

302 2233 23 37 1
349 2242 41 37 p.
435 2263 21 11 l.,
480 2231 130 39 v-xii
631 2241 56 38 p.,
711 2233 23 36 1
756 2232 15 37 l.,
823 2231 86 39 434
931 2241 41 37 p.
1026 2231 125 39 illus.
1181 2231 131 46 (incl.
1339 2235 160 44 ports.,
1527 2231 159 48 maps)
1748 2233 55 39 20
1805 2236 43 19 cm
1855 2265 6 6 .

232 2289 1728 50 © Aug. 27. 1934; 2c. and aff. Sept. 4: A 75141: Harlow pub. co.
389 2350 197 37 (34-28940)

226 2468 256 62 Havner,
512 2466 214 54 Vance.

301 2543 88 65 By
433 2542 93 51 the
568 2541 119 51 still
729 2545 220 62 waters,
993 2540 73 68 by
1112 2542 188 52 Vance
1342 2542 253 52 Havner.
1677 2542 138 51 New
1860 2541 163 52 York
2073 2546 137 61 [etc.]

231 2619 263 67 Fleming
523 2618 76 53 H.
631 2618 197 52 Revell
861 2625 277 61 company
1175 2651 12 33 [
1192 2624 18 21 c
1214 2621 135 50 1934
1351 2652 14 34 ]

301 2690 55 40 98
386 2701 42 37 p.
492 2690 52 39 19½
577 2693 44 20 cm
626 2723 7 7 .

234 2745 1900 52 © June 30. 1934; 2c. and aff. Aug. 1: A 74387: Fleming H. Revell co.
316 2804 276 48 (34-28593)

230 2924 250 63 Hefting,
512 2924 202 54 Helen.

299 2999 235 70 Hefling
567 3005 45 49 &
644 3000 281 52 Richards'
976 3001 182 51 Index
1192 3007 57 45 to
1283 3008 432 62 contemporary
1750 3002 320 68 biography
2106 3001 107 53 and

232 3078 1982 70 criticism. A new ed. rev. and enl. by Helen Hefling … and
230 3156 1961 146 Jessie W. Dyde … With an introduction by Miss Mary Emogene
401 3235 1675 70 Hazeltine … Boston, F. W. Faxon company, 1934.
307 3311 26 39 3
363 3321 40 36 p.
455 3341 21 14 l.,
507 3307 143 41 9-229
677 3320 41 35 p.
776 3307 54 40 25
835 3310 41 20 cm
883 3340 6 7 .
957 3308 295 46 (Half-title:
1281 3311 170 40 Useful
1480 3311 247 41 reference
1755 3311 162 45 series,
1948 3321 72 29 no.
2052 3309 78 48 50)

309 3366 210 40 “Second
549 3364 223 42 edition.”

309 3423 185 40 “Books
521 3422 222 40 included
773 3423 45 37 in
848 3421 172 40 index":
1079 3433 40 36 p.
1151 3421 124 40 9-32.

239 3477 1870 51 © Aug. 15. 1934; 2c. Aug. 17: aff. Aug. 30: A 73904: F. A. Faxon co.
317 3536 276 43 (34-28569)

232 3642 248 61 Herzog,
510 3640 283 62 Reginald
824 3637 212 63 Oliver,
1067 3639 81 50 ed.

303 3716 1855 69 Technologic der textilfasern: hrsg. von dr. R. O. Herzog …
237 3798 42 49 8.
335 3796 89 51 hd.
515 3799 44 48 3.
615 3800 20 45 t.,
725 3814 49 31 a.
852 3794 510 66 Tuehherstellung
1415 3798 115 51 und
1584 3798 486 65 tuchmusterung,
2124 3795 89 51 die

235 3871 1980 68 hersteilung des wollfilzes. bearb. von W. Biester … oberstud.
