<alto xmlns="http://www.loc.gov/standards/alto/ns-v3#" xmlns:xlink="http://www.w3.org/1999/xlink" xmlns:xsi="http://www.w3.org/2001/XMLSchema-instance" xsi:schemaLocation="http://www.loc.gov/standards/alto/ns-v3# http://www.loc.gov/alto/v3/alto-3-0.xsd"><Description>
<MeasurementUnit>pixel</MeasurementUnit>
<sourceImageInformation>
<fileName>1934_v1_Part1.pdf</fileName>
</sourceImageInformation>
<OCRProcessing ID="IdOcr">
<ocrProcessingStep>
<processingDateTime>2019-01-10</processingDateTime>
<processingSoftware>
<softwareCreator>ABBYY</softwareCreator>
<softwareName>ABBYY Recognition Server</softwareName>
<softwareVersion>4.0</softwareVersion>
</processingSoftware>
</ocrProcessingStep>
</OCRProcessing>
</Description>
<Styles>
<ParagraphStyle ID="StyleId-FFFFFFFF-FFFF-FFFF-FFFF-FFFFFFFFFFFF-" ALIGN="Left" LEFT="0." RIGHT="0." FIRSTLINE="0."/>
<ParagraphStyle ID="StyleId-521E1FC6-FE7E-43A4-90E6-A9B61626A263-" ALIGN="Right" LEFT="0." RIGHT="0." FIRSTLINE="0." LINESPACE="13.30000019"/>
<ParagraphStyle ID="StyleId-639B624E-F6F5-47B6-BB1D-34E64B53022F-" ALIGN="Left" LEFT="0." RIGHT="0." FIRSTLINE="-27." LINESPACE="13.43999958"/>
<ParagraphStyle ID="StyleId-100905F9-D385-406B-A5BD-ED5B8FD85431-" ALIGN="Left" LEFT="0." RIGHT="0." FIRSTLINE="0."/>
<ParagraphStyle ID="StyleId-7C9F9BA2-EF3A-4B7F-8486-CCC7B7F49B39-" ALIGN="Left" LEFT="0." RIGHT="0." FIRSTLINE="-27." LINESPACE="18.71999931"/>
<ParagraphStyle ID="StyleId-350780E3-60F2-4605-88F5-BB54F9B87091-" ALIGN="Block" LEFT="0." RIGHT="0." FIRSTLINE="-27." LINESPACE="18.71999931"/>
<ParagraphStyle ID="StyleId-90B16C58-D795-4C77-9B89-30378C515D40-" ALIGN="Left" LEFT="0." RIGHT="0." FIRSTLINE="0." LINESPACE="14.39999962"/>
<ParagraphStyle ID="StyleId-17090E09-AFAF-4086-BD9B-4E99FAE6B057-" ALIGN="Right" LEFT="0." RIGHT="0." FIRSTLINE="-27." LINESPACE="14.39999962"/>
<ParagraphStyle ID="StyleId-8B87B633-89DB-4D72-B1FC-26E4ABD680BC-" ALIGN="Left" LEFT="0." RIGHT="0." FIRSTLINE="-27." LINESPACE="18.47999954"/>
<ParagraphStyle ID="StyleId-42DA7417-CA90-4D71-A57B-06556C38D752-" ALIGN="Left" LEFT="0." RIGHT="0." FIRSTLINE="0." LINESPACE="13.30000019"/>
<ParagraphStyle ID="StyleId-D8EE2A7E-42AE-4E35-98DB-F0F935637AA0-" ALIGN="Block" LEFT="0." RIGHT="0." FIRSTLINE="0." LINESPACE="6.599999905"/>
<ParagraphStyle ID="StyleId-33CD3121-D4F5-43B6-BA96-6382D166E6B8-" ALIGN="Left" LEFT="0." RIGHT="0." FIRSTLINE="0." LINESPACE="15.5"/>
<ParagraphStyle ID="StyleId-1CE52AFA-C319-4DD9-B4B1-F0EBFA2B3F0B-" ALIGN="Block" LEFT="0." RIGHT="0." FIRSTLINE="-21." LINESPACE="18.71999931"/>
<ParagraphStyle ID="StyleId-B74F1B65-92F1-49C5-A5FA-D20442F031F2-" ALIGN="Left" LEFT="0." RIGHT="0." FIRSTLINE="0." LINESPACE="17.70006076"/>
<ParagraphStyle ID="StyleId-79E2924A-215C-40B7-B577-7236BFBAA25E-" ALIGN="Center" LEFT="0." RIGHT="0." FIRSTLINE="0." LINESPACE="7.199999809"/>
</Styles>
<Layout>
<Page ID="Page1783" PHYSICAL_IMG_NR="1783" HEIGHT="4196" WIDTH="2350">
<TopMargin HEIGHT="344" WIDTH="2350" VPOS="0" HPOS="0">
</TopMargin>
<LeftMargin HEIGHT="3731" WIDTH="165" VPOS="344" HPOS="0">
</LeftMargin>
<RightMargin HEIGHT="3731" WIDTH="169" VPOS="344" HPOS="2181">
</RightMargin>
<BottomMargin HEIGHT="121" WIDTH="2350" VPOS="4075" HPOS="0">
</BottomMargin>
<PrintSpace HEIGHT="3731" WIDTH="2016" VPOS="344" HPOS="165">
<TextBlock ID="Page1783_Block1" HEIGHT="95" WIDTH="358" VPOS="3980" HPOS="987" LANG="en-US" STYLEREFS="StyleId-62B79670-1E17-49CF-B783-2FF9C74FF4F2-">
<TextLine HEIGHT="55" WIDTH="131" VPOS="3985" HPOS="1095">
<String CONTENT="1783" HEIGHT="55" WIDTH="131" VPOS="3985" HPOS="1095"/>
</TextLine>
</TextBlock>
<TextBlock ID="Page1783_Block2" HEIGHT="3632" WIDTH="2016" VPOS="344" HPOS="165" LANG="en-US" CS="1" STYLEREFS="StyleId-E143B159-BFD6-460C-9DF6-6D8AA3E4EF8E-">
<TextLine HEIGHT="67" WIDTH="1034" VPOS="350" HPOS="179" STYLEREFS="StyleId-62B79670-1E17-49CF-B783-2FF9C74FF4F2-">
<String CONTENT="Hunter," HEIGHT="66" WIDTH="247" VPOS="350" HPOS="179"/>
<SP HEIGHT="63" WIDTH="26" VPOS="353" HPOS="427"/>
<String CONTENT="Norman" HEIGHT="53" WIDTH="266" VPOS="353" HPOS="454"/>
<SP HEIGHT="55" WIDTH="27" VPOS="352" HPOS="721"/>
<String CONTENT="diaries," HEIGHT="65" WIDTH="263" VPOS="352" HPOS="749"/>
<SP HEIGHT="59" WIDTH="28" VPOS="358" HPOS="1013"/>
<String CONTENT="1908-" HEIGHT="50" WIDTH="171" VPOS="357" HPOS="1042"/>
</TextLine>
<TextLine HEIGHT="66" WIDTH="1902" VPOS="425" HPOS="241" STYLEREFS="StyleId-62B79670-1E17-49CF-B783-2FF9C74FF4F2-" CS="1">
<String CONTENT="Riot," HEIGHT="63" WIDTH="155" VPOS="428" HPOS="241"/>
<SP HEIGHT="62" WIDTH="27" VPOS="429" HPOS="397"/>
<String CONTENT="by" HEIGHT="62" WIDTH="75" VPOS="429" HPOS="425"/>
<SP HEIGHT="62" WIDTH="28" VPOS="429" HPOS="501"/>
<String CONTENT="N." HEIGHT="52" WIDTH="70" VPOS="429" HPOS="530"/>
<SP HEIGHT="55" WIDTH="32" VPOS="428" HPOS="601"/>
<String CONTENT="C." HEIGHT="55" WIDTH="62" VPOS="428" HPOS="634"/>
<SP HEIGHT="53" WIDTH="30" VPOS="429" HPOS="697"/>
<String CONTENT="Hunter" HEIGHT="52" WIDTH="230" VPOS="429" HPOS="728"/>
<SP HEIGHT="32" WIDTH="34" VPOS="449" HPOS="959"/>
<String CS="1" CONTENT="&#8230;"/>
<SP HEIGHT="51" WIDTH="77" VPOS="429" HPOS="1050"/>
<String CONTENT="London," HEIGHT="63" WIDTH="258" VPOS="428" HPOS="1128"/>
<SP HEIGHT="63" WIDTH="27" VPOS="428" HPOS="1387"/>
<String CONTENT="Jarrolds," HEIGHT="66" WIDTH="284" VPOS="425" HPOS="1415"/>
<SP HEIGHT="60" WIDTH="29" VPOS="431" HPOS="1700"/>
<String CONTENT="limited" HEIGHT="56" WIDTH="223" VPOS="425" HPOS="1730"/>
<SP HEIGHT="53" WIDTH="35" VPOS="426" HPOS="1954"/>
<String CS="1" CONTENT="[1935]" HEIGHT="52" WIDTH="99" VPOS="428" HPOS="2044"/>
</TextLine>
<TextLine HEIGHT="49" WIDTH="268" VPOS="501" HPOS="241" STYLEREFS="StyleId-62B79670-1E17-49CF-B783-2FF9C74FF4F2-" CS="1">
<String CONTENT="286" HEIGHT="41" WIDTH="88" VPOS="501" HPOS="241"/>
<SP HEIGHT="48" WIDTH="22" VPOS="502" HPOS="330"/>
<String CONTENT="p." HEIGHT="37" WIDTH="42" VPOS="513" HPOS="353"/>
<SP HEIGHT="38" WIDTH="56" VPOS="504" HPOS="396"/>
<String CS="1" CONTENT="19&#189;cm." HEIGHT="41" WIDTH="56" VPOS="501" HPOS="453"/>
</TextLine>
<TextLine HEIGHT="52" WIDTH="1992" VPOS="555" HPOS="174" CS="1">
<String CONTENT="&#169;" HEIGHT="51" WIDTH="50" VPOS="555" HPOS="174"/>
<SP/>
<String CS="1" CONTENT="1c."/>
<SP/>
<String CONTENT="Dec." HEIGHT="40" WIDTH="111" VPOS="559" HPOS="342"/>
<SP HEIGHT="38" WIDTH="23" VPOS="559" HPOS="454"/>
<String CONTENT="28," HEIGHT="47" WIDTH="68" VPOS="559" HPOS="478"/>
<SP HEIGHT="44" WIDTH="24" VPOS="562" HPOS="547"/>
<String CONTENT="1934;" HEIGHT="47" WIDTH="140" VPOS="560" HPOS="572"/>
<SP HEIGHT="47" WIDTH="25" VPOS="560" HPOS="713"/>
<!-- cceid C872817C-6C64-1014-8713-889FF4349C01 --><String CONTENT="A" HEIGHT="39" WIDTH="42" VPOS="560" HPOS="739"/>
<SP HEIGHT="40" WIDTH="22" VPOS="560" HPOS="782"/>
<String CONTENT="ad" HEIGHT="38" WIDTH="64" VPOS="562" HPOS="805"/>
<SP HEIGHT="39" WIDTH="20" VPOS="561" HPOS="870"/>
<String CONTENT="int." HEIGHT="39" WIDTH="86" VPOS="561" HPOS="891"/>
<SP HEIGHT="38" WIDTH="24" VPOS="561" HPOS="978"/>
<String CONTENT="19794;" HEIGHT="48" WIDTH="169" VPOS="558" HPOS="1003"/>
<SP HEIGHT="37" WIDTH="24" VPOS="570" HPOS="1173"/>
<String CONTENT="pubd." HEIGHT="48" WIDTH="141" VPOS="559" HPOS="1198"/>
<SP HEIGHT="38" WIDTH="26" VPOS="559" HPOS="1340"/>
<String CONTENT="Nov." HEIGHT="39" WIDTH="118" VPOS="559" HPOS="1367"/>
<SP HEIGHT="41" WIDTH="25" VPOS="556" HPOS="1486"/>
<String CONTENT="9;" HEIGHT="49" WIDTH="52" VPOS="556" HPOS="1512"/>
<SP HEIGHT="47" WIDTH="28" VPOS="558" HPOS="1565"/>
<String CONTENT="N." HEIGHT="39" WIDTH="55" VPOS="558" HPOS="1594"/>
<SP HEIGHT="41" WIDTH="24" VPOS="558" HPOS="1650"/>
<String CONTENT="C." HEIGHT="41" WIDTH="48" VPOS="558" HPOS="1675"/>
<SP HEIGHT="39" WIDTH="28" VPOS="558" HPOS="1724"/>
<String CONTENT="Hunter," HEIGHT="47" WIDTH="206" VPOS="558" HPOS="1753"/>
<SP HEIGHT="48" WIDTH="27" VPOS="557" HPOS="1960"/>
<String CONTENT="Hytlie," HEIGHT="48" WIDTH="178" VPOS="557" HPOS="1988"/>
</TextLine>
<TextLine HEIGHT="49" WIDTH="703" VPOS="617" HPOS="239">
<String CONTENT="Kent," HEIGHT="47" WIDTH="143" VPOS="617" HPOS="239"/>
<SP HEIGHT="47" WIDTH="31" VPOS="617" HPOS="383"/>
<String CONTENT="England." HEIGHT="47" WIDTH="234" VPOS="617" HPOS="415"/>
<SP HEIGHT="48" WIDTH="71" VPOS="617" HPOS="650"/>
<String CONTENT="(35-866)" HEIGHT="49" WIDTH="220" VPOS="617" HPOS="722"/>
</TextLine>
<TextLine HEIGHT="69" WIDTH="1018" VPOS="688" HPOS="173" STYLEREFS="StyleId-62B79670-1E17-49CF-B783-2FF9C74FF4F2-">
<String CONTENT="Irving," HEIGHT="67" WIDTH="218" VPOS="688" HPOS="173"/>
<SP HEIGHT="64" WIDTH="28" VPOS="691" HPOS="392"/>
<String CONTENT="Washington," HEIGHT="66" WIDTH="413" VPOS="691" HPOS="421"/>
<SP HEIGHT="58" WIDTH="31" VPOS="699" HPOS="835"/>
<String CONTENT="1783-1859." HEIGHT="54" WIDTH="324" VPOS="693" HPOS="867"/>
</TextLine>
<TextLine HEIGHT="72" WIDTH="1916" VPOS="764" HPOS="247" STYLEREFS="StyleId-62B79670-1E17-49CF-B783-2FF9C74FF4F2-">
<String CONTENT="Old" HEIGHT="54" WIDTH="116" VPOS="764" HPOS="247"/>
<SP HEIGHT="55" WIDTH="44" VPOS="765" HPOS="364"/>
<String CONTENT="Christmas," HEIGHT="71" WIDTH="335" VPOS="765" HPOS="409"/>
<SP HEIGHT="68" WIDTH="42" VPOS="768" HPOS="745"/>
<String CONTENT="by" HEIGHT="67" WIDTH="74" VPOS="768" HPOS="788"/>
<SP HEIGHT="68" WIDTH="41" VPOS="767" HPOS="863"/>
<String CONTENT="Washington" HEIGHT="69" WIDTH="379" VPOS="766" HPOS="905"/>
<SP HEIGHT="52" WIDTH="43" VPOS="766" HPOS="1285"/>
<String CONTENT="Irving;" HEIGHT="67" WIDTH="231" VPOS="766" HPOS="1329"/>
<SP HEIGHT="49" WIDTH="45" VPOS="784" HPOS="1561"/>
<String CONTENT="pen" HEIGHT="50" WIDTH="109" VPOS="783" HPOS="1607"/>
<SP HEIGHT="53" WIDTH="45" VPOS="765" HPOS="1717"/>
<String CONTENT="drawings" HEIGHT="67" WIDTH="288" VPOS="765" HPOS="1763"/>
<SP HEIGHT="52" WIDTH="39" VPOS="764" HPOS="2052"/>
<String CONTENT="by" HEIGHT="69" WIDTH="71" VPOS="764" HPOS="2092"/>
</TextLine>
<TextLine HEIGHT="69" WIDTH="1087" VPOS="843" HPOS="180" STYLEREFS="StyleId-62B79670-1E17-49CF-B783-2FF9C74FF4F2-">
<String CONTENT="Albert" HEIGHT="54" WIDTH="198" VPOS="843" HPOS="180"/>
<SP HEIGHT="52" WIDTH="26" VPOS="843" HPOS="379"/>
<String CONTENT="Dome." HEIGHT="55" WIDTH="206" VPOS="843" HPOS="406"/>
<SP HEIGHT="54" WIDTH="73" VPOS="844" HPOS="613"/>
<String CONTENT="Washington," HEIGHT="68" WIDTH="399" VPOS="844" HPOS="687"/>
<SP HEIGHT="62" WIDTH="31" VPOS="847" HPOS="1087"/>
<String CONTENT="1934." HEIGHT="50" WIDTH="148" VPOS="846" HPOS="1119"/>
</TextLine>
<TextLine HEIGHT="49" WIDTH="957" VPOS="917" HPOS="241" CS="1">
<String CONTENT="2" HEIGHT="39" WIDTH="28" VPOS="917" HPOS="241"/>
<SP HEIGHT="49" WIDTH="21" VPOS="917" HPOS="270"/>
<String CONTENT="p." HEIGHT="38" WIDTH="44" VPOS="928" HPOS="292"/>
<SP HEIGHT="41" WIDTH="22" VPOS="918" HPOS="337"/>
<String CS="1" CONTENT="l.,"/>
<SP HEIGHT="47" WIDTH="23" VPOS="918" HPOS="406"/>
<String CONTENT="3-82" HEIGHT="41" WIDTH="113" VPOS="917" HPOS="430"/>
<SP HEIGHT="49" WIDTH="25" VPOS="917" HPOS="544"/>
<String CS="1" CONTENT="p.,"/>
<SP/>
<String CS="1" CONTENT="1"/>
<SP/>
<String CS="1" CONTENT="l."/>
<SP HEIGHT="30" WIDTH="53" VPOS="929" HPOS="734"/>
<String CONTENT="col." HEIGHT="40" WIDTH="86" VPOS="920" HPOS="788"/>
<SP HEIGHT="41" WIDTH="22" VPOS="919" HPOS="875"/>
<String CONTENT="illus." HEIGHT="40" WIDTH="129" VPOS="919" HPOS="898"/>
<SP HEIGHT="40" WIDTH="53" VPOS="918" HPOS="1028"/>
<String CONTENT="22" HEIGHT="39" WIDTH="55" VPOS="918" HPOS="1082"/>
<String STYLE="superscript" CONTENT="cm" HEIGHT="21" WIDTH="43" VPOS="920" HPOS="1140"/>
<String CONTENT="." HEIGHT="9" WIDTH="9" VPOS="950" HPOS="1189"/>
</TextLine>
<TextLine HEIGHT="49" WIDTH="1787" VPOS="973" HPOS="244" CS="1">
<String CONTENT="On" HEIGHT="41" WIDTH="73" VPOS="974" HPOS="244"/>
<SP HEIGHT="39" WIDTH="24" VPOS="975" HPOS="318"/>
<String CONTENT="half-title:" HEIGHT="40" WIDTH="265" VPOS="975" HPOS="343"/>
<SP HEIGHT="28" WIDTH="31" VPOS="986" HPOS="609"/>
<String CS="1" CONTENT="&#8230;"/>
<SP HEIGHT="39" WIDTH="29" VPOS="976" HPOS="688"/>
<String CONTENT="From" HEIGHT="40" WIDTH="144" VPOS="976" HPOS="718"/>
<SP HEIGHT="37" WIDTH="27" VPOS="979" HPOS="863"/>
<String CONTENT="the" HEIGHT="39" WIDTH="82" VPOS="977" HPOS="891"/>
<SP HEIGHT="41" WIDTH="28" VPOS="975" HPOS="974"/>
<String CONTENT="Sketch" HEIGHT="41" WIDTH="176" VPOS="975" HPOS="1003"/>
<SP HEIGHT="39" WIDTH="24" VPOS="976" HPOS="1180"/>
<String CONTENT="book" HEIGHT="39" WIDTH="123" VPOS="976" HPOS="1205"/>
<SP HEIGHT="39" WIDTH="23" VPOS="976" HPOS="1329"/>
<String CONTENT="of" HEIGHT="41" WIDTH="54" VPOS="974" HPOS="1353"/>
<SP HEIGHT="41" WIDTH="24" VPOS="974" HPOS="1408"/>
<String CONTENT="Geoffrey" HEIGHT="49" WIDTH="226" VPOS="973" HPOS="1433"/>
<SP HEIGHT="48" WIDTH="26" VPOS="974" HPOS="1660"/>
<String CONTENT="Crayon" HEIGHT="48" WIDTH="193" VPOS="974" HPOS="1687"/>
<SP HEIGHT="37" WIDTH="24" VPOS="985" HPOS="1881"/>
<String CONTENT="gent." HEIGHT="47" WIDTH="125" VPOS="975" HPOS="1906"/>
</TextLine>
<TextLine HEIGHT="50" WIDTH="1924" VPOS="1030" HPOS="245" CS="1">
<String CONTENT="&#8220;Six" HEIGHT="41" WIDTH="115" VPOS="1031" HPOS="245"/>
<SP HEIGHT="39" WIDTH="26" VPOS="1032" HPOS="361"/>
<String CONTENT="hundred" HEIGHT="40" WIDTH="222" VPOS="1032" HPOS="388"/>
<SP HEIGHT="38" WIDTH="29" VPOS="1034" HPOS="611"/>
<String CONTENT="and" HEIGHT="38" WIDTH="96" VPOS="1034" HPOS="641"/>
<SP HEIGHT="39" WIDTH="28" VPOS="1034" HPOS="738"/>
<String CONTENT="seventy-five" HEIGHT="48" WIDTH="311" VPOS="1032" HPOS="767"/>
<SP HEIGHT="30" WIDTH="29" VPOS="1043" HPOS="1079"/>
<String CONTENT="copies" HEIGHT="48" WIDTH="159" VPOS="1032" HPOS="1109"/>
<SP HEIGHT="29" WIDTH="29" VPOS="1043" HPOS="1269"/>
<String CONTENT="of" HEIGHT="40" WIDTH="52" VPOS="1032" HPOS="1299"/>
<SP HEIGHT="40" WIDTH="30" VPOS="1032" HPOS="1352"/>
<String CONTENT="this" HEIGHT="40" WIDTH="98" VPOS="1032" HPOS="1383"/>
<SP HEIGHT="30" WIDTH="29" VPOS="1042" HPOS="1482"/>
<String CONTENT="edition" HEIGHT="42" WIDTH="184" VPOS="1030" HPOS="1512"/>
<SP HEIGHT="28" WIDTH="33" VPOS="1043" HPOS="1697"/>
<String CS="1" CONTENT="&#8230;"/>
<SP HEIGHT="40" WIDTH="32" VPOS="1032" HPOS="1780"/>
<String CONTENT="designed" HEIGHT="49" WIDTH="230" VPOS="1030" HPOS="1813"/>
<SP HEIGHT="40" WIDTH="30" VPOS="1031" HPOS="2044"/>
<String CONTENT="and" HEIGHT="39" WIDTH="94" VPOS="1032" HPOS="2075"/>
</TextLine>
<TextLine HEIGHT="50" WIDTH="1998" VPOS="1087" HPOS="174">
<String CONTENT="directed" HEIGHT="40" WIDTH="214" VPOS="1089" HPOS="174"/>
<SP HEIGHT="39" WIDTH="27" VPOS="1089" HPOS="389"/>
<String CONTENT="by" HEIGHT="47" WIDTH="61" VPOS="1089" HPOS="417"/>
<SP HEIGHT="47" WIDTH="27" VPOS="1089" HPOS="479"/>
<String CONTENT="Lester" HEIGHT="41" WIDTH="168" VPOS="1089" HPOS="507"/>
<SP HEIGHT="38" WIDTH="28" VPOS="1091" HPOS="676"/>
<String CONTENT="Douglas," HEIGHT="46" WIDTH="230" VPOS="1091" HPOS="705"/>
<SP HEIGHT="47" WIDTH="29" VPOS="1090" HPOS="936"/>
<String CONTENT="have" HEIGHT="40" WIDTH="124" VPOS="1090" HPOS="966"/>
<SP HEIGHT="40" WIDTH="27" VPOS="1090" HPOS="1091"/>
<String CONTENT="been" HEIGHT="39" WIDTH="118" VPOS="1090" HPOS="1119"/>
<SP HEIGHT="38" WIDTH="26" VPOS="1099" HPOS="1238"/>
<String CONTENT="printed" HEIGHT="48" WIDTH="194" VPOS="1089" HPOS="1265"/>
<SP HEIGHT="40" WIDTH="28" VPOS="1089" HPOS="1460"/>
<String CONTENT="under" HEIGHT="40" WIDTH="152" VPOS="1089" HPOS="1489"/>
<SP HEIGHT="37" WIDTH="29" VPOS="1092" HPOS="1642"/>
<String CONTENT="the" HEIGHT="40" WIDTH="81" VPOS="1089" HPOS="1672"/>
<SP HEIGHT="30" WIDTH="30" VPOS="1099" HPOS="1754"/>
<String CONTENT="supervision" HEIGHT="49" WIDTH="305" VPOS="1087" HPOS="1785"/>
<SP HEIGHT="29" WIDTH="28" VPOS="1098" HPOS="2091"/>
<String CONTENT="of" HEIGHT="39" WIDTH="52" VPOS="1088" HPOS="2120"/>
</TextLine>
<TextLine HEIGHT="106" WIDTH="1980" VPOS="1144" HPOS="174" CS="1">
<String CONTENT="John" HEIGHT="39" WIDTH="128" VPOS="1146" HPOS="174"/>
<SP HEIGHT="38" WIDTH="26" VPOS="1147" HPOS="303"/>
<String CONTENT="Davis" HEIGHT="41" WIDTH="153" VPOS="1145" HPOS="330"/>
<SP HEIGHT="29" WIDTH="26" VPOS="1157" HPOS="484"/>
<String CONTENT="at" HEIGHT="37" WIDTH="51" VPOS="1149" HPOS="511"/>
<SP HEIGHT="37" WIDTH="25" VPOS="1149" HPOS="563"/>
<String CONTENT="the" HEIGHT="38" WIDTH="83" VPOS="1148" HPOS="589"/>
<SP HEIGHT="38" WIDTH="23" VPOS="1156" HPOS="673"/>
<String CONTENT="printing" HEIGHT="48" WIDTH="221" VPOS="1147" HPOS="697"/>
<SP HEIGHT="48" WIDTH="22" VPOS="1147" HPOS="919"/>
<String CONTENT="house" HEIGHT="40" WIDTH="150" VPOS="1147" HPOS="942"/>
<SP HEIGHT="30" WIDTH="24" VPOS="1157" HPOS="1093"/>
<String CONTENT="of" HEIGHT="41" WIDTH="53" VPOS="1146" HPOS="1118"/>
<SP HEIGHT="40" WIDTH="26" VPOS="1146" HPOS="1172"/>
<String CONTENT="Judd" HEIGHT="40" WIDTH="130" VPOS="1146" HPOS="1199"/>
<SP HEIGHT="39" WIDTH="28" VPOS="1147" HPOS="1330"/>
<String CONTENT="and" HEIGHT="38" WIDTH="95" VPOS="1148" HPOS="1359"/>
<SP HEIGHT="40" WIDTH="25" VPOS="1146" HPOS="1455"/>
<String CONTENT="Detweiler," HEIGHT="48" WIDTH="277" VPOS="1145" HPOS="1481"/>
<SP HEIGHT="48" WIDTH="27" VPOS="1145" HPOS="1759"/>
<String CONTENT="inc.," HEIGHT="47" WIDTH="106" VPOS="1145" HPOS="1787"/>
<SP HEIGHT="48" WIDTH="28" VPOS="1144" HPOS="1894"/>
<String CONTENT="in" HEIGHT="40" WIDTH="52" VPOS="1144" HPOS="1923"/>
<SP HEIGHT="40" WIDTH="25" VPOS="1145" HPOS="1976"/>
<String CONTENT="Washington," HEIGHT="106" WIDTH="1979" VPOS="1144" HPOS="175"/>
</TextLine>
<TextLine HEIGHT="50" WIDTH="1450" VPOS="1201" HPOS="385">
<String CONTENT="D." HEIGHT="40" WIDTH="57" VPOS="1203" HPOS="385"/>
<SP HEIGHT="41" WIDTH="30" VPOS="1203" HPOS="443"/>
<String CONTENT="O.," HEIGHT="48" WIDTH="62" VPOS="1203" HPOS="474"/>
<SP HEIGHT="47" WIDTH="30" VPOS="1204" HPOS="537"/>
<String CONTENT="December," HEIGHT="46" WIDTH="276" VPOS="1204" HPOS="568"/>
<SP HEIGHT="45" WIDTH="28" VPOS="1205" HPOS="845"/>
<String CONTENT="1934." HEIGHT="42" WIDTH="128" VPOS="1202" HPOS="874"/>
<SP HEIGHT="41" WIDTH="59" VPOS="1203" HPOS="1003"/>
<String CONTENT="Lettering" HEIGHT="48" WIDTH="252" VPOS="1202" HPOS="1063"/>
<SP HEIGHT="46" WIDTH="25" VPOS="1204" HPOS="1316"/>
<String CONTENT="by" HEIGHT="47" WIDTH="61" VPOS="1204" HPOS="1342"/>
<SP HEIGHT="48" WIDTH="26" VPOS="1203" HPOS="1404"/>
<String CONTENT="Nestor" HEIGHT="41" WIDTH="178" VPOS="1203" HPOS="1431"/>
<SP HEIGHT="39" WIDTH="27" VPOS="1203" HPOS="1610"/>
<String CONTENT="Davis.&#8221;" HEIGHT="41" WIDTH="197" VPOS="1201" HPOS="1638"/>
</TextLine>
<TextLine HEIGHT="52" WIDTH="1995" VPOS="1256" HPOS="177">
<String CONTENT="&#169;" HEIGHT="51" WIDTH="50" VPOS="1256" HPOS="177"/>
<SP HEIGHT="51" WIDTH="28" VPOS="1256" HPOS="228"/>
<String CONTENT="Dec." HEIGHT="38" WIDTH="112" VPOS="1261" HPOS="257"/>
<SP HEIGHT="37" WIDTH="29" VPOS="1261" HPOS="370"/>
<String CONTENT="18," HEIGHT="46" WIDTH="68" VPOS="1261" HPOS="400"/>
<SP HEIGHT="45" WIDTH="31" VPOS="1262" HPOS="469"/>
<String CONTENT="1934;" HEIGHT="49" WIDTH="140" VPOS="1259" HPOS="501"/>
<SP HEIGHT="48" WIDTH="32" VPOS="1260" HPOS="642"/>
<String CONTENT="2c." HEIGHT="41" WIDTH="66" VPOS="1260" HPOS="675"/>
<SP HEIGHT="28" WIDTH="29" VPOS="1271" HPOS="742"/>
<String CONTENT="and" HEIGHT="38" WIDTH="94" VPOS="1262" HPOS="772"/>
<SP HEIGHT="39" WIDTH="29" VPOS="1262" HPOS="867"/>
<String CONTENT="aff." HEIGHT="41" WIDTH="81" VPOS="1260" HPOS="897"/>
<SP HEIGHT="38" WIDTH="31" VPOS="1261" HPOS="979"/>
<String CONTENT="Dec." HEIGHT="39" WIDTH="110" VPOS="1261" HPOS="1011"/>
<SP HEIGHT="38" WIDTH="31" VPOS="1260" HPOS="1122"/>
<String CONTENT="28;" HEIGHT="47" WIDTH="81" VPOS="1260" HPOS="1154"/>
<SP HEIGHT="46" WIDTH="31" VPOS="1261" HPOS="1236"/>
<!-- cceid C8728935-6C64-1014-8713-889FF4349C01 --><String CONTENT="A" HEIGHT="38" WIDTH="42" VPOS="1261" HPOS="1268"/>
<SP HEIGHT="39" WIDTH="27" VPOS="1261" HPOS="1311"/>
<String CONTENT="77903;" HEIGHT="47" WIDTH="170" VPOS="1259" HPOS="1339"/>
<SP HEIGHT="46" WIDTH="33" VPOS="1260" HPOS="1510"/>
<String CONTENT="Judd" HEIGHT="40" WIDTH="131" VPOS="1260" HPOS="1544"/>
<SP HEIGHT="40" WIDTH="29" VPOS="1260" HPOS="1676"/>
<String CONTENT="&amp;" HEIGHT="40" WIDTH="37" VPOS="1260" HPOS="1706"/>
<SP HEIGHT="40" WIDTH="27" VPOS="1260" HPOS="1744"/>
<String CONTENT="Detweiler," HEIGHT="49" WIDTH="275" VPOS="1257" HPOS="1772"/>
<SP HEIGHT="48" WIDTH="32" VPOS="1258" HPOS="2048"/>
<String CONTENT="inc." HEIGHT="39" WIDTH="91" VPOS="1258" HPOS="2081"/>
</TextLine>
<TextLine HEIGHT="50" WIDTH="1330" VPOS="1316" HPOS="243">
<String CONTENT="[Copyright" HEIGHT="49" WIDTH="283" VPOS="1317" HPOS="243"/>
<SP HEIGHT="40" WIDTH="21" VPOS="1317" HPOS="527"/>
<String CONTENT="is" HEIGHT="40" WIDTH="45" VPOS="1317" HPOS="549"/>
<SP HEIGHT="30" WIDTH="22" VPOS="1328" HPOS="595"/>
<String CONTENT="claimed" HEIGHT="40" WIDTH="205" VPOS="1318" HPOS="618"/>
<SP HEIGHT="38" WIDTH="24" VPOS="1320" HPOS="824"/>
<String CONTENT="on" HEIGHT="29" WIDTH="63" VPOS="1329" HPOS="849"/>
<SP HEIGHT="40" WIDTH="22" VPOS="1317" HPOS="913"/>
<String CONTENT="illustrations]" HEIGHT="49" WIDTH="342" VPOS="1317" HPOS="936"/>
<SP HEIGHT="49" WIDTH="72" VPOS="1317" HPOS="1279"/>
<String CONTENT="(35-509)" HEIGHT="49" WIDTH="221" VPOS="1316" HPOS="1352"/>
</TextLine>
<TextLine HEIGHT="66" WIDTH="715" VPOS="1392" HPOS="172" STYLEREFS="StyleId-62B79670-1E17-49CF-B783-2FF9C74FF4F2-">
<String CONTENT="Jackson," HEIGHT="66" WIDTH="275" VPOS="1392" HPOS="172"/>
<SP HEIGHT="65" WIDTH="28" VPOS="1393" HPOS="448"/>
<String CONTENT="David" HEIGHT="55" WIDTH="191" VPOS="1392" HPOS="477"/>
<SP HEIGHT="53" WIDTH="26" VPOS="1394" HPOS="669"/>
<String CONTENT="Kelly." HEIGHT="65" WIDTH="191" VPOS="1393" HPOS="696"/>
</TextLine>
<TextLine HEIGHT="149" WIDTH="1974" VPOS="1464" HPOS="172" STYLEREFS="StyleId-62B79670-1E17-49CF-B783-2FF9C74FF4F2-" CS="1">
<String CONTENT="Poe" HEIGHT="53" WIDTH="117" VPOS="1468" HPOS="241"/>
<SP HEIGHT="35" WIDTH="22" VPOS="1486" HPOS="359"/>
<String CONTENT="and" HEIGHT="52" WIDTH="114" VPOS="1469" HPOS="382"/>
<SP HEIGHT="52" WIDTH="21" VPOS="1469" HPOS="497"/>
<String CONTENT="the" HEIGHT="53" WIDTH="95" VPOS="1469" HPOS="519"/>
<SP HEIGHT="55" WIDTH="25" VPOS="1468" HPOS="615"/>
<String CONTENT="Southern" HEIGHT="55" WIDTH="286" VPOS="1468" HPOS="641"/>
<SP HEIGHT="51" WIDTH="22" VPOS="1470" HPOS="928"/>
<String CONTENT="literary" HEIGHT="69" WIDTH="238" VPOS="1469" HPOS="951"/>
<SP HEIGHT="50" WIDTH="23" VPOS="1488" HPOS="1190"/>
<String CONTENT="messenger," HEIGHT="51" WIDTH="337" VPOS="1486" HPOS="1214"/>
<SP HEIGHT="69" WIDTH="21" VPOS="1467" HPOS="1552"/>
<String CONTENT="by" HEIGHT="70" WIDTH="77" VPOS="1467" HPOS="1574"/>
<SP HEIGHT="68" WIDTH="23" VPOS="1469" HPOS="1652"/>
<String CONTENT="David" HEIGHT="54" WIDTH="196" VPOS="1467" HPOS="1676"/>
<SP HEIGHT="54" WIDTH="21" VPOS="1467" HPOS="1873"/>
<String CONTENT="K." HEIGHT="53" WIDTH="75" VPOS="1467" HPOS="1895"/>
<SP HEIGHT="55" WIDTH="24" VPOS="1466" HPOS="1971"/>
<String CONTENT="Jackson;" HEIGHT="149" WIDTH="1974" VPOS="1464" HPOS="172"/>
</TextLine>
<TextLine HEIGHT="71" WIDTH="1840" VPOS="1545" HPOS="331" STYLEREFS="StyleId-62B79670-1E17-49CF-B783-2FF9C74FF4F2-">
<String CONTENT="with" HEIGHT="53" WIDTH="141" VPOS="1546" HPOS="331"/>
<SP HEIGHT="53" WIDTH="25" VPOS="1546" HPOS="473"/>
<String CONTENT="a" HEIGHT="33" WIDTH="30" VPOS="1566" HPOS="499"/>
<SP HEIGHT="54" WIDTH="29" VPOS="1545" HPOS="530"/>
<String CONTENT="foreword" HEIGHT="55" WIDTH="286" VPOS="1545" HPOS="560"/>
<SP HEIGHT="53" WIDTH="25" VPOS="1547" HPOS="847"/>
<String CONTENT="by" HEIGHT="69" WIDTH="74" VPOS="1547" HPOS="873"/>
<SP HEIGHT="69" WIDTH="27" VPOS="1547" HPOS="948"/>
<String CONTENT="J." HEIGHT="54" WIDTH="54" VPOS="1547" HPOS="976"/>
<SP HEIGHT="53" WIDTH="28" VPOS="1546" HPOS="1031"/>
<String CONTENT="H." HEIGHT="53" WIDTH="78" VPOS="1546" HPOS="1060"/>
<SP HEIGHT="54" WIDTH="24" VPOS="1546" HPOS="1139"/>
<String CONTENT="Whitty." HEIGHT="70" WIDTH="246" VPOS="1545" HPOS="1164"/>
<SP HEIGHT="53" WIDTH="63" VPOS="1546" HPOS="1411"/>
<String CONTENT="Richmond," HEIGHT="68" WIDTH="342" VPOS="1545" HPOS="1475"/>
<SP HEIGHT="68" WIDTH="27" VPOS="1545" HPOS="1818"/>
<String CONTENT="Va.," HEIGHT="69" WIDTH="128" VPOS="1545" HPOS="1846"/>
<SP HEIGHT="69" WIDTH="25" VPOS="1545" HPOS="1975"/>
<String CONTENT="Press" HEIGHT="53" WIDTH="170" VPOS="1545" HPOS="2001"/>
</TextLine>
<TextLine HEIGHT="70" WIDTH="969" VPOS="1623" HPOS="172" STYLEREFS="StyleId-62B79670-1E17-49CF-B783-2FF9C74FF4F2-">
<String CONTENT="of" HEIGHT="53" WIDTH="64" VPOS="1623" HPOS="172"/>
<SP HEIGHT="53" WIDTH="22" VPOS="1623" HPOS="237"/>
<String CONTENT="the" HEIGHT="51" WIDTH="98" VPOS="1625" HPOS="260"/>
<SP HEIGHT="52" WIDTH="22" VPOS="1624" HPOS="359"/>
<String CONTENT="Dietz" HEIGHT="52" WIDTH="167" VPOS="1624" HPOS="382"/>
<SP HEIGHT="50" WIDTH="24" VPOS="1642" HPOS="550"/>
<String CONTENT="printing" HEIGHT="69" WIDTH="265" VPOS="1624" HPOS="575"/>
<SP HEIGHT="50" WIDTH="22" VPOS="1643" HPOS="841"/>
<String CONTENT="co.," HEIGHT="50" WIDTH="98" VPOS="1642" HPOS="864"/>
<SP HEIGHT="64" WIDTH="26" VPOS="1628" HPOS="963"/>
<String CONTENT="1934." HEIGHT="50" WIDTH="151" VPOS="1627" HPOS="990"/>
</TextLine>
<TextLine HEIGHT="50" WIDTH="1258" VPOS="1695" HPOS="247" CS="1">
<String CONTENT="xiii" HEIGHT="40" WIDTH="91" VPOS="1696" HPOS="247"/>
<SP HEIGHT="47" WIDTH="19" VPOS="1697" HPOS="339"/>
<String CONTENT="p.," HEIGHT="38" WIDTH="57" VPOS="1707" HPOS="359"/>
<SP HEIGHT="47" WIDTH="26" VPOS="1698" HPOS="417"/>
<String CONTENT="1" HEIGHT="37" WIDTH="24" VPOS="1698" HPOS="444"/>
<SP HEIGHT="39" WIDTH="25" VPOS="1697" HPOS="469"/>
<String CS="1" CONTENT="l.,"/>
<SP HEIGHT="47" WIDTH="26" VPOS="1698" HPOS="540"/>
<String CONTENT="120" HEIGHT="41" WIDTH="88" VPOS="1696" HPOS="567"/>
<SP HEIGHT="48" WIDTH="19" VPOS="1696" HPOS="656"/>
<String CONTENT="p." HEIGHT="37" WIDTH="44" VPOS="1707" HPOS="676"/>
<SP HEIGHT="40" WIDTH="61" VPOS="1697" HPOS="721"/>
<String CONTENT="front," HEIGHT="40" WIDTH="149" VPOS="1697" HPOS="783"/>
<SP HEIGHT="48" WIDTH="27" VPOS="1697" HPOS="933"/>
<String CONTENT="(port.)" HEIGHT="48" WIDTH="171" VPOS="1697" HPOS="961"/>
<SP HEIGHT="49" WIDTH="34" VPOS="1696" HPOS="1133"/>
<String CONTENT="illus." HEIGHT="40" WIDTH="127" VPOS="1696" HPOS="1168"/>
<SP HEIGHT="40" WIDTH="61" VPOS="1695" HPOS="1296"/>
<String CS="1" CONTENT="24&#189;" HEIGHT="39" WIDTH="56" VPOS="1695" HPOS="1358"/>
<String STYLE="superscript" CS="1" CONTENT="cm" HEIGHT="21" WIDTH="15" VPOS="1698" HPOS="1447"/>
<String CONTENT="." HEIGHT="8" WIDTH="8" VPOS="1728" HPOS="1497"/>
</TextLine>
<TextLine HEIGHT="49" WIDTH="1226" VPOS="1752" HPOS="245">
<String CONTENT="With" HEIGHT="41" WIDTH="135" VPOS="1752" HPOS="245"/>
<SP HEIGHT="40" WIDTH="22" VPOS="1754" HPOS="381"/>
<String CONTENT="the" HEIGHT="40" WIDTH="81" VPOS="1754" HPOS="404"/>
<SP HEIGHT="30" WIDTH="25" VPOS="1764" HPOS="486"/>
<String CONTENT="autographs" HEIGHT="48" WIDTH="297" VPOS="1753" HPOS="512"/>
<SP HEIGHT="30" WIDTH="22" VPOS="1764" HPOS="810"/>
<String CONTENT="of" HEIGHT="40" WIDTH="52" VPOS="1753" HPOS="833"/>
<SP HEIGHT="40" WIDTH="22" VPOS="1753" HPOS="886"/>
<String CONTENT="Jackson" HEIGHT="40" WIDTH="213" VPOS="1753" HPOS="909"/>
<SP HEIGHT="29" WIDTH="22" VPOS="1764" HPOS="1123"/>
<String CONTENT="and" HEIGHT="40" WIDTH="94" VPOS="1753" HPOS="1146"/>
<SP HEIGHT="41" WIDTH="24" VPOS="1752" HPOS="1241"/>
<String CONTENT="Whitty." HEIGHT="47" WIDTH="205" VPOS="1752" HPOS="1266"/>
</TextLine>
<TextLine HEIGHT="52" WIDTH="1924" VPOS="1807" HPOS="247">
<String CONTENT="&#8220;Of" HEIGHT="41" WIDTH="94" VPOS="1808" HPOS="247"/>
<SP HEIGHT="39" WIDTH="19" VPOS="1810" HPOS="342"/>
<String CONTENT="this" HEIGHT="39" WIDTH="100" VPOS="1811" HPOS="362"/>
<SP HEIGHT="30" WIDTH="22" VPOS="1820" HPOS="463"/>
<String CONTENT="edition" HEIGHT="40" WIDTH="184" VPOS="1810" HPOS="486"/>
<SP HEIGHT="39" WIDTH="20" VPOS="1811" HPOS="671"/>
<String CONTENT="500" HEIGHT="41" WIDTH="85" VPOS="1809" HPOS="692"/>
<SP HEIGHT="41" WIDTH="22" VPOS="1809" HPOS="778"/>
<String CONTENT="copies" HEIGHT="48" WIDTH="159" VPOS="1810" HPOS="801"/>
<SP HEIGHT="39" WIDTH="19" VPOS="1811" HPOS="961"/>
<String CONTENT="have" HEIGHT="39" WIDTH="124" VPOS="1811" HPOS="981"/>
<SP HEIGHT="40" WIDTH="22" VPOS="1810" HPOS="1106"/>
<String CONTENT="been" HEIGHT="40" WIDTH="118" VPOS="1810" HPOS="1129"/>
<SP HEIGHT="38" WIDTH="21" VPOS="1819" HPOS="1248"/>
<String CONTENT="printed," HEIGHT="49" WIDTH="208" VPOS="1810" HPOS="1270"/>
<SP HEIGHT="39" WIDTH="24" VPOS="1820" HPOS="1479"/>
<String CONTENT="of" HEIGHT="40" WIDTH="51" VPOS="1809" HPOS="1504"/>
<SP HEIGHT="40" WIDTH="23" VPOS="1809" HPOS="1556"/>
<String CONTENT="which" HEIGHT="41" WIDTH="159" VPOS="1808" HPOS="1580"/>
<SP HEIGHT="38" WIDTH="24" VPOS="1810" HPOS="1740"/>
<String CONTENT="only" HEIGHT="46" WIDTH="113" VPOS="1810" HPOS="1765"/>
<SP HEIGHT="48" WIDTH="21" VPOS="1808" HPOS="1879"/>
<String CONTENT="325" HEIGHT="41" WIDTH="85" VPOS="1807" HPOS="1901"/>
<SP HEIGHT="39" WIDTH="24" VPOS="1809" HPOS="1987"/>
<String CONTENT="copies" HEIGHT="48" WIDTH="159" VPOS="1808" HPOS="2012"/>
</TextLine>
<TextLine HEIGHT="47" WIDTH="1500" VPOS="1866" HPOS="176">
<String CONTENT="are" HEIGHT="30" WIDTH="82" VPOS="1876" HPOS="176"/>
<SP HEIGHT="40" WIDTH="23" VPOS="1866" HPOS="259"/>
<String CONTENT="for" HEIGHT="40" WIDTH="79" VPOS="1866" HPOS="283"/>
<SP HEIGHT="37" WIDTH="23" VPOS="1876" HPOS="363"/>
<String CONTENT="general" HEIGHT="47" WIDTH="196" VPOS="1866" HPOS="387"/>
<SP HEIGHT="40" WIDTH="25" VPOS="1866" HPOS="584"/>
<String CONTENT="circulation.&#8221;" HEIGHT="41" WIDTH="331" VPOS="1866" HPOS="610"/>
<SP HEIGHT="39" WIDTH="59" VPOS="1866" HPOS="942"/>
<String CONTENT="This" HEIGHT="40" WIDTH="119" VPOS="1866" HPOS="1002"/>
<SP HEIGHT="30" WIDTH="24" VPOS="1876" HPOS="1122"/>
<String CONTENT="copy" HEIGHT="37" WIDTH="117" VPOS="1876" HPOS="1147"/>
<SP HEIGHT="36" WIDTH="26" VPOS="1876" HPOS="1265"/>
<String CONTENT="not" HEIGHT="38" WIDTH="86" VPOS="1868" HPOS="1292"/>
<SP HEIGHT="38" WIDTH="20" VPOS="1868" HPOS="1379"/>
<String CONTENT="numbered." HEIGHT="39" WIDTH="276" VPOS="1866" HPOS="1400"/>
</TextLine>
<TextLine HEIGHT="107" WIDTH="1993" VPOS="1921" HPOS="173" CS="1">
<String CONTENT="&#8220;A" HEIGHT="40" WIDTH="68" VPOS="1921" HPOS="245"/>
<SP HEIGHT="41" WIDTH="29" VPOS="1922" HPOS="314"/>
<String CONTENT="selected" HEIGHT="40" WIDTH="208" VPOS="1923" HPOS="344"/>
<SP HEIGHT="40" WIDTH="31" VPOS="1923" HPOS="553"/>
<String CONTENT="list" HEIGHT="40" WIDTH="82" VPOS="1923" HPOS="585"/>
<SP HEIGHT="37" WIDTH="31" VPOS="1926" HPOS="668"/>
<String CONTENT="of" HEIGHT="40" WIDTH="52" VPOS="1923" HPOS="700"/>
<SP HEIGHT="38" WIDTH="27" VPOS="1923" HPOS="753"/>
<String CONTENT="Poe&#8217;s" HEIGHT="41" WIDTH="137" VPOS="1923" HPOS="781"/>
<SP HEIGHT="29" WIDTH="29" VPOS="1934" HPOS="919"/>
<String CONTENT="contributions" HEIGHT="40" WIDTH="355" VPOS="1923" HPOS="949"/>
<SP HEIGHT="39" WIDTH="28" VPOS="1924" HPOS="1305"/>
<String CONTENT="to" HEIGHT="39" WIDTH="49" VPOS="1924" HPOS="1334"/>
<SP HEIGHT="37" WIDTH="33" VPOS="1926" HPOS="1384"/>
<String CONTENT="the" HEIGHT="41" WIDTH="82" VPOS="1924" HPOS="1418"/>
<SP HEIGHT="44" WIDTH="33" VPOS="1921" HPOS="1501"/>
<String CONTENT="Southern" HEIGHT="41" WIDTH="242" VPOS="1921" HPOS="1535"/>
<SP HEIGHT="39" WIDTH="32" VPOS="1923" HPOS="1778"/>
<String CONTENT="literary" HEIGHT="51" WIDTH="205" VPOS="1922" HPOS="1811"/>
<SP HEIGHT="41" WIDTH="33" VPOS="1932" HPOS="2017"/>
<String CONTENT="messenger" HEIGHT="93" WIDTH="1978" VPOS="1932" HPOS="173"/>
<SP HEIGHT="38" WIDTH="34" VPOS="1980" HPOS="343"/>
<String CONTENT="in" HEIGHT="38" WIDTH="50" VPOS="1980" HPOS="378"/>
<SP HEIGHT="38" WIDTH="33" VPOS="1980" HPOS="429"/>
<String CONTENT="1835," HEIGHT="50" WIDTH="128" VPOS="1978" HPOS="463"/>
<SP HEIGHT="48" WIDTH="35" VPOS="1980" HPOS="592"/>
<String CONTENT="1836," HEIGHT="49" WIDTH="128" VPOS="1978" HPOS="628"/>
<SP HEIGHT="36" WIDTH="35" VPOS="1991" HPOS="757"/>
<String CONTENT="and" HEIGHT="39" WIDTH="96" VPOS="1981" HPOS="793"/>
<SP HEIGHT="40" WIDTH="33" VPOS="1980" HPOS="890"/>
<String CS="1" CONTENT="1837&#8221;:" HEIGHT="41" WIDTH="142" VPOS="1979" HPOS="924"/>
<SP HEIGHT="38" WIDTH="36" VPOS="1989" HPOS="1095"/>
<String CONTENT="p." HEIGHT="38" WIDTH="43" VPOS="1989" HPOS="1132"/>
<SP HEIGHT="42" WIDTH="35" VPOS="1978" HPOS="1176"/>
<String CONTENT="91-92;" HEIGHT="49" WIDTH="172" VPOS="1978" HPOS="1212"/>
<SP HEIGHT="48" WIDTH="39" VPOS="1979" HPOS="1385"/>
<String CONTENT="&#8220;A" HEIGHT="39" WIDTH="69" VPOS="1979" HPOS="1425"/>
<SP HEIGHT="39" WIDTH="34" VPOS="1980" HPOS="1495"/>
<String CONTENT="selected" HEIGHT="41" WIDTH="208" VPOS="1979" HPOS="1530"/>
<SP HEIGHT="40" WIDTH="32" VPOS="1979" HPOS="1739"/>
<String CONTENT="bibliography&#8221;:" HEIGHT="49" WIDTH="394" VPOS="1977" HPOS="1772"/>
</TextLine>
<TextLine HEIGHT="47" WIDTH="288" VPOS="2035" HPOS="173">
<String CONTENT="p." HEIGHT="37" WIDTH="42" VPOS="2045" HPOS="173"/>
<SP HEIGHT="39" WIDTH="26" VPOS="2037" HPOS="216"/>
<String CONTENT="118-120." HEIGHT="41" WIDTH="218" VPOS="2035" HPOS="243"/>
</TextLine>
<TextLine HEIGHT="52" WIDTH="1993" VPOS="2091" HPOS="178">
<String CONTENT="&#169;" HEIGHT="51" WIDTH="50" VPOS="2091" HPOS="178"/>
<SP HEIGHT="51" WIDTH="36" VPOS="2091" HPOS="229"/>
<String CONTENT="Nov." HEIGHT="39" WIDTH="117" VPOS="2096" HPOS="266"/>
<SP HEIGHT="41" WIDTH="38" VPOS="2094" HPOS="384"/>
<String CONTENT="20," HEIGHT="48" WIDTH="67" VPOS="2094" HPOS="423"/>
<SP HEIGHT="47" WIDTH="39" VPOS="2095" HPOS="491"/>
<String CONTENT="1934;" HEIGHT="49" WIDTH="140" VPOS="2093" HPOS="531"/>
<SP HEIGHT="47" WIDTH="38" VPOS="2095" HPOS="672"/>
<String CONTENT="2c." HEIGHT="40" WIDTH="66" VPOS="2095" HPOS="711"/>
<SP HEIGHT="28" WIDTH="37" VPOS="2107" HPOS="778"/>
<String CONTENT="and" HEIGHT="38" WIDTH="97" VPOS="2097" HPOS="816"/>
<SP HEIGHT="38" WIDTH="35" VPOS="2097" HPOS="914"/>
<String CONTENT="aff." HEIGHT="40" WIDTH="80" VPOS="2095" HPOS="950"/>
<SP HEIGHT="37" WIDTH="39" VPOS="2097" HPOS="1031"/>
<String CONTENT="Dec." HEIGHT="38" WIDTH="109" VPOS="2097" HPOS="1071"/>
<SP HEIGHT="38" WIDTH="37" VPOS="2096" HPOS="1181"/>
<String CONTENT="28;" HEIGHT="46" WIDTH="82" VPOS="2096" HPOS="1219"/>
<SP HEIGHT="46" WIDTH="39" VPOS="2096" HPOS="1302"/>
<!-- cceid C8729046-6C64-1014-8713-889FF4349C01 --><String CONTENT="A" HEIGHT="39" WIDTH="43" VPOS="2096" HPOS="1342"/>
<SP HEIGHT="40" WIDTH="35" VPOS="2096" HPOS="1386"/>
<String CONTENT="78745;" HEIGHT="47" WIDTH="169" VPOS="2096" HPOS="1422"/>
<SP HEIGHT="46" WIDTH="41" VPOS="2097" HPOS="1592"/>
<String CONTENT="D." HEIGHT="38" WIDTH="56" VPOS="2097" HPOS="1634"/>
<SP HEIGHT="38" WIDTH="39" VPOS="2097" HPOS="1691"/>
<String CONTENT="K." HEIGHT="38" WIDTH="59" VPOS="2097" HPOS="1731"/>
<SP HEIGHT="40" WIDTH="36" VPOS="2096" HPOS="1791"/>
<String CONTENT="Jackson," HEIGHT="47" WIDTH="227" VPOS="2096" HPOS="1828"/>
<SP HEIGHT="47" WIDTH="38" VPOS="2096" HPOS="2056"/>
<String CONTENT="jr.," HEIGHT="46" WIDTH="76" VPOS="2096" HPOS="2095"/>
</TextLine>
<TextLine HEIGHT="50" WIDTH="697" VPOS="2151" HPOS="245">
<String CONTENT="Gastonia," HEIGHT="48" WIDTH="247" VPOS="2152" HPOS="245"/>
<SP HEIGHT="47" WIDTH="26" VPOS="2153" HPOS="493"/>
<String CONTENT="N." HEIGHT="38" WIDTH="55" VPOS="2153" HPOS="520"/>
<SP HEIGHT="41" WIDTH="25" VPOS="2151" HPOS="576"/>
<String CONTENT="C." HEIGHT="41" WIDTH="47" VPOS="2151" HPOS="602"/>
<SP HEIGHT="48" WIDTH="70" VPOS="2152" HPOS="650"/>
<String CONTENT="(35-622)" HEIGHT="49" WIDTH="221" VPOS="2152" HPOS="721"/>
</TextLine>
<TextLine HEIGHT="68" WIDTH="717" VPOS="2225" HPOS="173" STYLEREFS="StyleId-62B79670-1E17-49CF-B783-2FF9C74FF4F2-" CS="1">
<String CONTENT="Janker," HEIGHT="68" WIDTH="240" VPOS="2225" HPOS="173"/>
<SP HEIGHT="64" WIDTH="30" VPOS="2229" HPOS="414"/>
<String CONTENT="Robert," HEIGHT="65" WIDTH="240" VPOS="2228" HPOS="445"/>
<SP/>
<String CONTENT="1894-" HEIGHT="50" WIDTH="171" VPOS="2233" HPOS="719"/>
</TextLine>
<TextLine HEIGHT="71" WIDTH="1928" VPOS="2302" HPOS="242" STYLEREFS="StyleId-62B79670-1E17-49CF-B783-2FF9C74FF4F2-">
<String CONTENT="Rontgenganzaufnahmen" HEIGHT="70" WIDTH="774" VPOS="2302" HPOS="242"/>
<SP HEIGHT="52" WIDTH="24" VPOS="2305" HPOS="1017"/>
<String CONTENT="des" HEIGHT="52" WIDTH="95" VPOS="2305" HPOS="1042"/>
<SP HEIGHT="34" WIDTH="25" VPOS="2323" HPOS="1138"/>
<String CONTENT="menschen." HEIGHT="52" WIDTH="315" VPOS="2306" HPOS="1164"/>
<SP HEIGHT="53" WIDTH="63" VPOS="2305" HPOS="1480"/>
<String CONTENT="Total" HEIGHT="52" WIDTH="169" VPOS="2305" HPOS="1544"/>
<SP HEIGHT="52" WIDTH="26" VPOS="2305" HPOS="1714"/>
<String CONTENT="Roentgen" HEIGHT="68" WIDTH="297" VPOS="2305" HPOS="1741"/>
<SP HEIGHT="34" WIDTH="25" VPOS="2323" HPOS="2039"/>
<String CONTENT="ray" HEIGHT="51" WIDTH="105" VPOS="2321" HPOS="2065"/>
</TextLine>
<TextLine HEIGHT="132" WIDTH="1973" VPOS="2380" HPOS="171" STYLEREFS="StyleId-62B79670-1E17-49CF-B783-2FF9C74FF4F2-" CS="1">
<String CONTENT="photos" HEIGHT="68" WIDTH="204" VPOS="2380" HPOS="172"/>
<SP HEIGHT="34" WIDTH="21" VPOS="2401" HPOS="377"/>
<String CONTENT="of" HEIGHT="53" WIDTH="64" VPOS="2381" HPOS="399"/>
<SP HEIGHT="52" WIDTH="18" VPOS="2381" HPOS="464"/>
<String CONTENT="man." HEIGHT="34" WIDTH="149" VPOS="2400" HPOS="483"/>
<SP HEIGHT="52" WIDTH="47" VPOS="2382" HPOS="633"/>
<String CONTENT="Darstellung" HEIGHT="69" WIDTH="376" VPOS="2382" HPOS="681"/>
<SP HEIGHT="68" WIDTH="17" VPOS="2383" HPOS="1058"/>
<String CONTENT="des" HEIGHT="52" WIDTH="96" VPOS="2383" HPOS="1076"/>
<SP HEIGHT="34" WIDTH="17" VPOS="2401" HPOS="1173"/>
<String CONTENT="normalen" HEIGHT="52" WIDTH="295" VPOS="2383" HPOS="1191"/>
<SP HEIGHT="34" WIDTH="21" VPOS="2401" HPOS="1487"/>
<String CONTENT="skeletts," HEIGHT="69" WIDTH="248" VPOS="2382" HPOS="1509"/>
<SP HEIGHT="50" WIDTH="20" VPOS="2401" HPOS="1758"/>
<String CONTENT="seiner" HEIGHT="52" WIDTH="184" VPOS="2383" HPOS="1779"/>
<SP HEIGHT="33" WIDTH="21" VPOS="2402" HPOS="1964"/>
<String CONTENT="ererbten" HEIGHT="130" WIDTH="1973" VPOS="2382" HPOS="171"/>
</TextLine>
<TextLine HEIGHT="69" WIDTH="1855" VPOS="2459" HPOS="313" STYLEREFS="StyleId-62B79670-1E17-49CF-B783-2FF9C74FF4F2-">
<String CONTENT="und" HEIGHT="52" WIDTH="119" VPOS="2460" HPOS="313"/>
<SP HEIGHT="52" WIDTH="44" VPOS="2460" HPOS="433"/>
<String CONTENT="erworbenen" HEIGHT="53" WIDTH="363" VPOS="2459" HPOS="478"/>
<SP HEIGHT="34" WIDTH="43" VPOS="2477" HPOS="842"/>
<String CONTENT="veranderungem" HEIGHT="68" WIDTH="484" VPOS="2460" HPOS="886"/>
<SP HEIGHT="53" WIDTH="82" VPOS="2461" HPOS="1371"/>
<String CONTENT="Views" HEIGHT="54" WIDTH="191" VPOS="2460" HPOS="1454"/>
<SP HEIGHT="36" WIDTH="46" VPOS="2478" HPOS="1646"/>
<String CONTENT="of" HEIGHT="54" WIDTH="64" VPOS="2460" HPOS="1693"/>
<SP HEIGHT="53" WIDTH="46" VPOS="2460" HPOS="1758"/>
<String CONTENT="the" HEIGHT="53" WIDTH="95" VPOS="2461" HPOS="1805"/>
<SP HEIGHT="34" WIDTH="45" VPOS="2480" HPOS="1901"/>
<String CONTENT="normal" HEIGHT="52" WIDTH="221" VPOS="2461" HPOS="1947"/>
</TextLine>
<TextLine HEIGHT="71" WIDTH="1998" VPOS="2535" HPOS="172" STYLEREFS="StyleId-62B79670-1E17-49CF-B783-2FF9C74FF4F2-">
<String CONTENT="skeleton," HEIGHT="70" WIDTH="271" VPOS="2535" HPOS="172"/>
<SP HEIGHT="68" WIDTH="23" VPOS="2537" HPOS="444"/>
<String CONTENT="its" HEIGHT="53" WIDTH="73" VPOS="2537" HPOS="468"/>
<SP HEIGHT="52" WIDTH="24" VPOS="2538" HPOS="542"/>
<String CONTENT="hereditary" HEIGHT="68" WIDTH="329" VPOS="2537" HPOS="567"/>
<SP HEIGHT="49" WIDTH="25" VPOS="2556" HPOS="897"/>
<String CONTENT="and" HEIGHT="52" WIDTH="113" VPOS="2538" HPOS="923"/>
<SP HEIGHT="52" WIDTH="26" VPOS="2538" HPOS="1037"/>
<String CONTENT="acquired" HEIGHT="68" WIDTH="265" VPOS="2537" HPOS="1064"/>
<SP HEIGHT="52" WIDTH="28" VPOS="2538" HPOS="1330"/>
<String CONTENT="changes." HEIGHT="67" WIDTH="259" VPOS="2539" HPOS="1359"/>
<SP HEIGHT="53" WIDTH="62" VPOS="2539" HPOS="1619"/>
<String CONTENT="Von" HEIGHT="53" WIDTH="133" VPOS="2539" HPOS="1682"/>
<SP HEIGHT="52" WIDTH="27" VPOS="2539" HPOS="1816"/>
<String CONTENT="dr." HEIGHT="52" WIDTH="83" VPOS="2539" HPOS="1844"/>
<SP HEIGHT="53" WIDTH="27" VPOS="2538" HPOS="1928"/>
<String CONTENT="Robert" HEIGHT="53" WIDTH="214" VPOS="2538" HPOS="1956"/>
</TextLine>
<TextLine HEIGHT="71" WIDTH="1996" VPOS="2612" HPOS="173" STYLEREFS="StyleId-62B79670-1E17-49CF-B783-2FF9C74FF4F2-" CS="1">
<String CONTENT="Janker" HEIGHT="56" WIDTH="220" VPOS="2612" HPOS="173"/>
<SP HEIGHT="33" WIDTH="33" VPOS="2635" HPOS="394"/>
<String CS="1" CONTENT="&#8230;"/>
<SP HEIGHT="34" WIDTH="33" VPOS="2634" HPOS="485"/>
<String CONTENT="mit" HEIGHT="53" WIDTH="108" VPOS="2615" HPOS="519"/>
<SP HEIGHT="49" WIDTH="25" VPOS="2619" HPOS="628"/>
<String CONTENT="einem" HEIGHT="52" WIDTH="183" VPOS="2615" HPOS="654"/>
<SP HEIGHT="50" WIDTH="27" VPOS="2633" HPOS="838"/>
<String CONTENT="geleitwort" HEIGHT="68" WIDTH="319" VPOS="2615" HPOS="866"/>
<SP HEIGHT="47" WIDTH="28" VPOS="2620" HPOS="1186"/>
<String CONTENT="von" HEIGHT="35" WIDTH="111" VPOS="2633" HPOS="1215"/>
<SP HEIGHT="49" WIDTH="31" VPOS="2634" HPOS="1327"/>
<String CONTENT="prof." HEIGHT="68" WIDTH="152" VPOS="2615" HPOS="1359"/>
<SP HEIGHT="52" WIDTH="33" VPOS="2616" HPOS="1512"/>
<String CONTENT="dr." HEIGHT="52" WIDTH="84" VPOS="2616" HPOS="1546"/>
<SP HEIGHT="52" WIDTH="34" VPOS="2616" HPOS="1631"/>
<String CONTENT="E." HEIGHT="53" WIDTH="68" VPOS="2616" HPOS="1666"/>
<SP HEIGHT="35" WIDTH="32" VPOS="2634" HPOS="1735"/>
<String CONTENT="von" HEIGHT="34" WIDTH="112" VPOS="2634" HPOS="1768"/>
<SP HEIGHT="52" WIDTH="28" VPOS="2616" HPOS="1881"/>
<String CONTENT="Redwitz" HEIGHT="53" WIDTH="259" VPOS="2615" HPOS="1910"/>
</TextLine>
<TextLine HEIGHT="71" WIDTH="1936" VPOS="2691" HPOS="235" STYLEREFS="StyleId-62B79670-1E17-49CF-B783-2FF9C74FF4F2-" CS="1">
<String CS="1" CONTENT="&#8230;"/>
<SP HEIGHT="34" WIDTH="27" VPOS="2711" HPOS="235"/>
<String CONTENT="mit" HEIGHT="53" WIDTH="109" VPOS="2693" HPOS="263"/>
<SP HEIGHT="50" WIDTH="24" VPOS="2696" HPOS="373"/>
<String CONTENT="40" HEIGHT="49" WIDTH="68" VPOS="2696" HPOS="398"/>
<SP HEIGHT="51" WIDTH="24" VPOS="2694" HPOS="467"/>
<String CONTENT="lichtdrucktafeln" HEIGHT="54" WIDTH="512" VPOS="2691" HPOS="492"/>
<SP HEIGHT="33" WIDTH="26" VPOS="2711" HPOS="1005"/>
<String CONTENT="und" HEIGHT="52" WIDTH="113" VPOS="2693" HPOS="1032"/>
<SP HEIGHT="52" WIDTH="30" VPOS="2693" HPOS="1146"/>
<String CONTENT="einer" HEIGHT="53" WIDTH="155" VPOS="2692" HPOS="1177"/>
<SP HEIGHT="35" WIDTH="25" VPOS="2712" HPOS="1333"/>
<String CONTENT="stereoskoptafel." HEIGHT="69" WIDTH="490" VPOS="2692" HPOS="1359"/>
<SP HEIGHT="55" WIDTH="61" VPOS="2694" HPOS="1850"/>
<String CONTENT="Leipzig," HEIGHT="70" WIDTH="259" VPOS="2692" HPOS="1912"/>
</TextLine>
<TextLine HEIGHT="68" WIDTH="571" VPOS="2770" HPOS="172" STYLEREFS="StyleId-62B79670-1E17-49CF-B783-2FF9C74FF4F2-">
<String CONTENT="J." HEIGHT="54" WIDTH="56" VPOS="2770" HPOS="172"/>
<SP HEIGHT="53" WIDTH="25" VPOS="2770" HPOS="229"/>
<String CONTENT="A." HEIGHT="54" WIDTH="73" VPOS="2770" HPOS="255"/>
<SP HEIGHT="52" WIDTH="27" VPOS="2772" HPOS="329"/>
<String CONTENT="Barth," HEIGHT="67" WIDTH="204" VPOS="2771" HPOS="357"/>
<SP HEIGHT="65" WIDTH="29" VPOS="2773" HPOS="562"/>
<String CONTENT="1934." HEIGHT="50" WIDTH="151" VPOS="2772" HPOS="592"/>
</TextLine>
<TextLine HEIGHT="51" WIDTH="576" VPOS="2842" HPOS="244" CS="1">
<String CONTENT="17," HEIGHT="47" WIDTH="68" VPOS="2844" HPOS="244"/>
<SP HEIGHT="29" WIDTH="30" VPOS="2864" HPOS="313"/>
<String CONTENT="[80]" HEIGHT="50" WIDTH="83" VPOS="2843" HPOS="344"/>
<SP HEIGHT="40" WIDTH="26" VPOS="2853" HPOS="428"/>
<String CONTENT="p." HEIGHT="38" WIDTH="42" VPOS="2853" HPOS="455"/>
<SP HEIGHT="40" WIDTH="58" VPOS="2842" HPOS="498"/>
<String CONTENT="41" HEIGHT="39" WIDTH="58" VPOS="2842" HPOS="557"/>
<SP/>
<String CS="1" CONTENT="pl."/>
<SP/>
<String CS="1" CONTENT="38&#189;cm." HEIGHT="40" WIDTH="56" VPOS="2842" HPOS="764"/>
</TextLine>
<TextLine HEIGHT="49" WIDTH="807" VPOS="2898" HPOS="245">
<String CONTENT="&#8220;Literaturverzeichnis&#8221;:" HEIGHT="42" WIDTH="636" VPOS="2898" HPOS="245"/>
<SP HEIGHT="38" WIDTH="28" VPOS="2909" HPOS="882"/>
<String CONTENT="p." HEIGHT="38" WIDTH="44" VPOS="2909" HPOS="911"/>
<SP HEIGHT="39" WIDTH="27" VPOS="2900" HPOS="956"/>
<String CONTENT="17." HEIGHT="40" WIDTH="68" VPOS="2899" HPOS="984"/>
</TextLine>
<TextLine HEIGHT="52" WIDTH="1995" VPOS="2955" HPOS="179" CS="1">
<String CONTENT="&#169;" HEIGHT="51" WIDTH="55" VPOS="2955" HPOS="179"/>
<SP HEIGHT="51" WIDTH="34" VPOS="2955" HPOS="235"/>
<String CONTENT="Sept." HEIGHT="48" WIDTH="126" VPOS="2959" HPOS="270"/>
<SP HEIGHT="37" WIDTH="37" VPOS="2960" HPOS="397"/>
<String CONTENT="14," HEIGHT="46" WIDTH="68" VPOS="2959" HPOS="435"/>
<SP HEIGHT="45" WIDTH="34" VPOS="2960" HPOS="504"/>
<String CONTENT="1934;" HEIGHT="47" WIDTH="140" VPOS="2957" HPOS="539"/>
<SP/>
<String CS="1" CONTENT="1c."/>
<SP/>
<String CONTENT="Nov." HEIGHT="40" WIDTH="117" VPOS="2957" HPOS="823"/>
<SP HEIGHT="38" WIDTH="37" VPOS="2959" HPOS="941"/>
<String CONTENT="10;" HEIGHT="47" WIDTH="81" VPOS="2958" HPOS="979"/>
<SP HEIGHT="47" WIDTH="37" VPOS="2958" HPOS="1061"/>
<!-- cceid C8729752-6C64-1014-8713-889FF4349C01 --><String CONTENT="A-Foreign" HEIGHT="48" WIDTH="309" VPOS="2958" HPOS="1099"/>
<SP HEIGHT="38" WIDTH="35" VPOS="2960" HPOS="1409"/>
<String CONTENT="26144;" HEIGHT="47" WIDTH="173" VPOS="2959" HPOS="1445"/>
<SP HEIGHT="46" WIDTH="39" VPOS="2960" HPOS="1619"/>
<String CONTENT="Johann" HEIGHT="39" WIDTH="195" VPOS="2960" HPOS="1659"/>
<SP HEIGHT="39" WIDTH="34" VPOS="2960" HPOS="1855"/>
<String CONTENT="Ambrosius" HEIGHT="40" WIDTH="284" VPOS="2960" HPOS="1890"/>
</TextLine>
<TextLine HEIGHT="50" WIDTH="461" VPOS="3013" HPOS="245">
<String CONTENT="Barth." HEIGHT="40" WIDTH="169" VPOS="3016" HPOS="245"/>
<SP HEIGHT="48" WIDTH="70" VPOS="3015" HPOS="415"/>
<String CONTENT="(35-677)" HEIGHT="50" WIDTH="220" VPOS="3013" HPOS="486"/>
</TextLine>
<TextLine HEIGHT="67" WIDTH="893" VPOS="3087" HPOS="176" STYLEREFS="StyleId-62B79670-1E17-49CF-B783-2FF9C74FF4F2-">
<String CONTENT="Joseista" HEIGHT="57" WIDTH="245" VPOS="3087" HPOS="176"/>
<SP HEIGHT="53" WIDTH="26" VPOS="3091" HPOS="422"/>
<String CONTENT="Maria," HEIGHT="66" WIDTH="209" VPOS="3088" HPOS="449"/>
<SP HEIGHT="46" WIDTH="26" VPOS="3108" HPOS="659"/>
<String CONTENT="sister," HEIGHT="66" WIDTH="182" VPOS="3088" HPOS="686"/>
<SP HEIGHT="61" WIDTH="27" VPOS="3093" HPOS="869"/>
<String CONTENT="1880-" HEIGHT="49" WIDTH="172" VPOS="3093" HPOS="897"/>
</TextLine>
<TextLine HEIGHT="150" WIDTH="1993" VPOS="3165" HPOS="181" STYLEREFS="StyleId-62B79670-1E17-49CF-B783-2FF9C74FF4F2-" CS="1">
<String CONTENT="Heroes" HEIGHT="52" WIDTH="218" VPOS="3168" HPOS="244"/>
<SP HEIGHT="34" WIDTH="26" VPOS="3185" HPOS="463"/>
<String CONTENT="and" HEIGHT="52" WIDTH="112" VPOS="3167" HPOS="490"/>
<SP HEIGHT="52" WIDTH="24" VPOS="3166" HPOS="603"/>
<String CONTENT="holidays" HEIGHT="69" WIDTH="263" VPOS="3165" HPOS="628"/>
<SP HEIGHT="47" WIDTH="32" VPOS="3185" HPOS="892"/>
<String CONTENT="[by]" HEIGHT="68" WIDTH="108" VPOS="3166" HPOS="925"/>
<SP HEIGHT="66" WIDTH="33" VPOS="3166" HPOS="1034"/>
<String CONTENT="Sister" HEIGHT="54" WIDTH="179" VPOS="3166" HPOS="1068"/>
<SP HEIGHT="53" WIDTH="25" VPOS="3168" HPOS="1248"/>
<String CONTENT="Josefita" HEIGHT="54" WIDTH="236" VPOS="3167" HPOS="1274"/>
<SP HEIGHT="51" WIDTH="25" VPOS="3169" HPOS="1511"/>
<String CONTENT="Maria" HEIGHT="54" WIDTH="189" VPOS="3166" HPOS="1537"/>
<SP HEIGHT="33" WIDTH="30" VPOS="3187" HPOS="1727"/>
<String CS="1" CONTENT="&#8230;"/>
<SP HEIGHT="33" WIDTH="33" VPOS="3187" HPOS="1813"/>
<String CONTENT="with" HEIGHT="53" WIDTH="139" VPOS="3168" HPOS="1847"/>
<SP HEIGHT="51" WIDTH="26" VPOS="3169" HPOS="1987"/>
<String CONTENT="illustrations" HEIGHT="129" WIDTH="1966" VPOS="3169" HPOS="181"/>
<SP HEIGHT="53" WIDTH="43" VPOS="3245" HPOS="422"/>
<String CONTENT="by" HEIGHT="66" WIDTH="76" VPOS="3245" HPOS="466"/>
<SP HEIGHT="67" WIDTH="44" VPOS="3244" HPOS="543"/>
<String CONTENT="Maginel" HEIGHT="68" WIDTH="256" VPOS="3244" HPOS="588"/>
<SP HEIGHT="53" WIDTH="43" VPOS="3245" HPOS="845"/>
<String CONTENT="Wright" HEIGHT="69" WIDTH="235" VPOS="3244" HPOS="889"/>
<SP HEIGHT="51" WIDTH="45" VPOS="3246" HPOS="1125"/>
<String CONTENT="Barney." HEIGHT="67" WIDTH="244" VPOS="3246" HPOS="1171"/>
<SP HEIGHT="52" WIDTH="74" VPOS="3246" HPOS="1416"/>
<String CONTENT="New" HEIGHT="52" WIDTH="138" VPOS="3246" HPOS="1491"/>
<SP HEIGHT="52" WIDTH="45" VPOS="3246" HPOS="1630"/>
<String CONTENT="York," HEIGHT="68" WIDTH="180" VPOS="3245" HPOS="1676"/>
<SP HEIGHT="68" WIDTH="47" VPOS="3245" HPOS="1857"/>
<String CONTENT="Chicago," HEIGHT="70" WIDTH="269" VPOS="3245" HPOS="1905"/>
</TextLine>
<TextLine HEIGHT="69" WIDTH="1133" VPOS="3321" HPOS="175" STYLEREFS="StyleId-62B79670-1E17-49CF-B783-2FF9C74FF4F2-">
<String CONTENT="W." HEIGHT="54" WIDTH="88" VPOS="3323" HPOS="175"/>
<SP HEIGHT="52" WIDTH="30" VPOS="3323" HPOS="264"/>
<String CONTENT="H." HEIGHT="52" WIDTH="77" VPOS="3323" HPOS="295"/>
<SP HEIGHT="55" WIDTH="33" VPOS="3321" HPOS="373"/>
<String CONTENT="Sadlier," HEIGHT="66" WIDTH="243" VPOS="3321" HPOS="407"/>
<SP HEIGHT="65" WIDTH="29" VPOS="3322" HPOS="651"/>
<String CONTENT="incorporated" HEIGHT="67" WIDTH="400" VPOS="3322" HPOS="681"/>
<SP HEIGHT="66" WIDTH="34" VPOS="3323" HPOS="1082"/>
<String CONTENT="[" HEIGHT="33" WIDTH="13" VPOS="3356" HPOS="1117"/>
<String STYLE="superscript" CONTENT="c" HEIGHT="21" WIDTH="19" VPOS="3329" HPOS="1133"/>
<String CONTENT="1934]" HEIGHT="64" WIDTH="150" VPOS="3326" HPOS="1158"/>
</TextLine>
<TextLine HEIGHT="50" WIDTH="691" VPOS="3393" HPOS="248" CS="1">
<String CONTENT="xii," HEIGHT="46" WIDTH="84" VPOS="3397" HPOS="248"/>
<SP HEIGHT="46" WIDTH="27" VPOS="3397" HPOS="333"/>
<String CONTENT="270" HEIGHT="40" WIDTH="89" VPOS="3396" HPOS="361"/>
<SP HEIGHT="47" WIDTH="23" VPOS="3396" HPOS="451"/>
<String CONTENT="p." HEIGHT="37" WIDTH="42" VPOS="3406" HPOS="475"/>
<SP HEIGHT="28" WIDTH="63" VPOS="3407" HPOS="518"/>
<String CONTENT="col." HEIGHT="40" WIDTH="86" VPOS="3396" HPOS="582"/>
<SP HEIGHT="40" WIDTH="26" VPOS="3396" HPOS="669"/>
<String CONTENT="illus." HEIGHT="39" WIDTH="128" VPOS="3396" HPOS="696"/>
<SP HEIGHT="42" WIDTH="58" VPOS="3393" HPOS="825"/>
<String CS="1" CONTENT="19&#189;cm." HEIGHT="43" WIDTH="55" VPOS="3393" HPOS="884"/>
</TextLine>
<TextLine HEIGHT="51" WIDTH="1992" VPOS="3449" HPOS="180" CS="1">
<String CONTENT="&#169;" HEIGHT="51" WIDTH="50" VPOS="3449" HPOS="180"/>
<SP HEIGHT="51" WIDTH="26" VPOS="3449" HPOS="231"/>
<String CONTENT="Dec." HEIGHT="39" WIDTH="112" VPOS="3454" HPOS="258"/>
<SP HEIGHT="39" WIDTH="26" VPOS="3453" HPOS="371"/>
<String CONTENT="8," HEIGHT="46" WIDTH="38" VPOS="3453" HPOS="398"/>
<SP HEIGHT="46" WIDTH="25" VPOS="3453" HPOS="437"/>
<String CONTENT="1934;" HEIGHT="48" WIDTH="139" VPOS="3452" HPOS="463"/>
<SP HEIGHT="47" WIDTH="28" VPOS="3453" HPOS="603"/>
<String CONTENT="2c." HEIGHT="39" WIDTH="65" VPOS="3453" HPOS="632"/>
<SP HEIGHT="38" WIDTH="28" VPOS="3453" HPOS="698"/>
<String CONTENT="Dec." HEIGHT="39" WIDTH="111" VPOS="3453" HPOS="727"/>
<SP HEIGHT="39" WIDTH="27" VPOS="3453" HPOS="839"/>
<String CS="1" CONTENT="19;" HEIGHT="40" WIDTH="54" VPOS="3452" HPOS="867"/>
<SP HEIGHT="35" WIDTH="30" VPOS="3464" HPOS="949"/>
<String CONTENT="aff." HEIGHT="40" WIDTH="80" VPOS="3452" HPOS="980"/>
<SP HEIGHT="37" WIDTH="26" VPOS="3454" HPOS="1061"/>
<String CONTENT="Dec." HEIGHT="39" WIDTH="110" VPOS="3454" HPOS="1088"/>
<SP HEIGHT="38" WIDTH="25" VPOS="3453" HPOS="1199"/>
<String CS="1" CONTENT="29;" HEIGHT="40" WIDTH="55" VPOS="3453" HPOS="1225"/>
<SP HEIGHT="46" WIDTH="30" VPOS="3454" HPOS="1308"/>
<!-- cceid C872A035-6C64-1014-8713-889FF4349C01 --><String CONTENT="A" HEIGHT="38" WIDTH="39" VPOS="3454" HPOS="1339"/>
<SP HEIGHT="40" WIDTH="27" VPOS="3454" HPOS="1379"/>
<String CS="1" CONTENT="77902;" HEIGHT="41" WIDTH="143" VPOS="3453" HPOS="1407"/>
<SP HEIGHT="41" WIDTH="29" VPOS="3455" HPOS="1578"/>
<String CONTENT="Wm." HEIGHT="39" WIDTH="121" VPOS="3455" HPOS="1608"/>
<SP HEIGHT="38" WIDTH="25" VPOS="3455" HPOS="1730"/>
<String CONTENT="H." HEIGHT="38" WIDTH="61" VPOS="3455" HPOS="1756"/>
<SP HEIGHT="39" WIDTH="32" VPOS="3455" HPOS="1818"/>
<String CONTENT="Sadlier," HEIGHT="41" WIDTH="202" VPOS="3454" HPOS="1851"/>
<SP HEIGHT="39" WIDTH="28" VPOS="3456" HPOS="2054"/>
<String CONTENT="inc." HEIGHT="38" WIDTH="89" VPOS="3456" HPOS="2083"/>
</TextLine>
<TextLine HEIGHT="48" WIDTH="222" VPOS="3509" HPOS="256">
<String CONTENT="(35-579)" HEIGHT="48" WIDTH="222" VPOS="3509" HPOS="256"/>
</TextLine>
<TextLine HEIGHT="65" WIDTH="410" VPOS="3583" HPOS="180" STYLEREFS="StyleId-6FA1E2B9-9C46-4FE5-87AD-04137F909B1E-">
<String CONTENT="Kaye," HEIGHT="63" WIDTH="183" VPOS="3585" HPOS="180"/>
<SP HEIGHT="64" WIDTH="26" VPOS="3584" HPOS="364"/>
<String CONTENT="Louis." HEIGHT="57" WIDTH="199" VPOS="3583" HPOS="391"/>
</TextLine>
<TextLine HEIGHT="71" WIDTH="1926" VPOS="3659" HPOS="249" STYLEREFS="StyleId-62B79670-1E17-49CF-B783-2FF9C74FF4F2-" CS="1">
<String CONTENT="Tightened" HEIGHT="68" WIDTH="324" VPOS="3660" HPOS="249"/>
<SP HEIGHT="53" WIDTH="47" VPOS="3659" HPOS="574"/>
<String CONTENT="belts," HEIGHT="68" WIDTH="162" VPOS="3659" HPOS="622"/>
<SP HEIGHT="67" WIDTH="47" VPOS="3660" HPOS="785"/>
<String CONTENT="by" HEIGHT="68" WIDTH="72" VPOS="3660" HPOS="833"/>
<SP HEIGHT="67" WIDTH="50" VPOS="3661" HPOS="906"/>
<String CONTENT="Louis" HEIGHT="53" WIDTH="175" VPOS="3660" HPOS="957"/>
<SP HEIGHT="53" WIDTH="47" VPOS="3660" HPOS="1133"/>
<String CONTENT="Kaye" HEIGHT="69" WIDTH="166" VPOS="3660" HPOS="1181"/>
<SP HEIGHT="34" WIDTH="52" VPOS="3680" HPOS="1348"/>
<String CS="1" CONTENT="&#8230;"/>
<SP HEIGHT="52" WIDTH="77" VPOS="3661" HPOS="1457"/>
<String CONTENT="London," HEIGHT="68" WIDTH="259" VPOS="3661" HPOS="1535"/>
<SP HEIGHT="68" WIDTH="46" VPOS="3661" HPOS="1795"/>
<String CONTENT="Wright" HEIGHT="70" WIDTH="238" VPOS="3660" HPOS="1842"/>
<SP HEIGHT="53" WIDTH="47" VPOS="3663" HPOS="2081"/>
<String CONTENT="&amp;" HEIGHT="50" WIDTH="46" VPOS="3663" HPOS="2129"/>
</TextLine>
<TextLine HEIGHT="64" WIDTH="422" VPOS="3740" HPOS="179" STYLEREFS="StyleId-62B79670-1E17-49CF-B783-2FF9C74FF4F2-" CS="1">
<String CONTENT="Brown" HEIGHT="50" WIDTH="212" VPOS="3740" HPOS="179"/>
<SP HEIGHT="47" WIDTH="37" VPOS="3757" HPOS="392"/>
<String CS="1" CONTENT="[1934]" HEIGHT="63" WIDTH="151" VPOS="3740" HPOS="450"/>
</TextLine>
<TextLine HEIGHT="50" WIDTH="269" VPOS="3810" HPOS="248" CS="1">
<String CONTENT="284" HEIGHT="40" WIDTH="87" VPOS="3812" HPOS="248"/>
<SP HEIGHT="47" WIDTH="25" VPOS="3813" HPOS="336"/>
<String CONTENT="p." HEIGHT="37" WIDTH="43" VPOS="3823" HPOS="362"/>
<SP HEIGHT="40" WIDTH="54" VPOS="3812" HPOS="406"/>
<String CS="1" CONTENT="19&#189;cm." HEIGHT="41" WIDTH="56" VPOS="3810" HPOS="461"/>
</TextLine>
<TextLine HEIGHT="53" WIDTH="1990" VPOS="3865" HPOS="184" CS="1">
<String CONTENT="&#169;" HEIGHT="51" WIDTH="50" VPOS="3865" HPOS="184"/>
<SP/>
<String CS="1" CONTENT="1c."/>
<SP/>
<String CONTENT="Dec." HEIGHT="38" WIDTH="111" VPOS="3870" HPOS="379"/>
<SP HEIGHT="39" WIDTH="36" VPOS="3868" HPOS="491"/>
<String CONTENT="22," HEIGHT="48" WIDTH="68" VPOS="3868" HPOS="528"/>
<SP HEIGHT="48" WIDTH="39" VPOS="3868" HPOS="597"/>
<String CONTENT="1934;" HEIGHT="47" WIDTH="140" VPOS="3868" HPOS="637"/>
<SP HEIGHT="46" WIDTH="40" VPOS="3869" HPOS="778"/>
<!-- cceid C872A856-6C64-1014-8713-889FF4349C01 --><String CONTENT="A" HEIGHT="38" WIDTH="41" VPOS="3869" HPOS="819"/>
<SP HEIGHT="39" WIDTH="37" VPOS="3869" HPOS="861"/>
<String CONTENT="ad" HEIGHT="38" WIDTH="61" VPOS="3870" HPOS="899"/>
<SP HEIGHT="39" WIDTH="38" VPOS="3869" HPOS="961"/>
<String CONTENT="int," HEIGHT="40" WIDTH="86" VPOS="3869" HPOS="1000"/>
<SP HEIGHT="37" WIDTH="39" VPOS="3871" HPOS="1087"/>
<String CONTENT="19810;" HEIGHT="48" WIDTH="169" VPOS="3868" HPOS="1127"/>
<SP HEIGHT="37" WIDTH="39" VPOS="3880" HPOS="1297"/>
<String CONTENT="pubd." HEIGHT="47" WIDTH="142" VPOS="3870" HPOS="1337"/>
<SP HEIGHT="41" WIDTH="40" VPOS="3869" HPOS="1480"/>
<String CONTENT="Oct." HEIGHT="41" WIDTH="102" VPOS="3869" HPOS="1521"/>
<SP HEIGHT="39" WIDTH="38" VPOS="3870" HPOS="1624"/>
<String CONTENT="26;" HEIGHT="48" WIDTH="82" VPOS="3870" HPOS="1663"/>
<SP HEIGHT="47" WIDTH="40" VPOS="3871" HPOS="1746"/>
<String CONTENT="Noel" HEIGHT="39" WIDTH="119" VPOS="3871" HPOS="1787"/>
<SP HEIGHT="39" WIDTH="38" VPOS="3870" HPOS="1907"/>
<String CONTENT="Norman," HEIGHT="48" WIDTH="228" VPOS="3870" HPOS="1946"/>
</TextLine>
<TextLine HEIGHT="49" WIDTH="863" VPOS="3924" HPOS="248">
<String CONTENT="Tasmania," HEIGHT="48" WIDTH="278" VPOS="3924" HPOS="248"/>
<SP HEIGHT="47" WIDTH="25" VPOS="3925" HPOS="527"/>
<String CONTENT="Australia." HEIGHT="40" WIDTH="267" VPOS="3925" HPOS="553"/>
<SP HEIGHT="48" WIDTH="69" VPOS="3925" HPOS="821"/>
<String CONTENT="(35-867)" HEIGHT="48" WIDTH="220" VPOS="3925" HPOS="891"/>
</TextLine>
</TextBlock>
</PrintSpace>
</Page>
</Layout>
</alto>