2350 4196
1185 4003 63 47 14

215 380 201 63 Reilly,
446 380 202 54 Helen.

276 457 215 51 McKee
524 455 62 53 of
621 454 204 54 Centre
858 460 187 59 street,
1080 474 28 32 a
1143 453 272 53 detective
1449 454 159 51 novel
1646 453 61 52 of
1739 453 93 51 the
1867 454 135 51 New
2039 454 155 51 York

207 534 196 68 police,
447 534 73 66 by
563 534 184 50 Helen
790 533 204 67 Reilly.
1072 532 229 53 Garden
1345 530 150 68 City,
1539 532 68 50 N.
1654 532 88 64 Y.,
1785 532 139 53 Pub.
1970 530 92 52 for
2103 531 93 53 the

209 613 188 54 Crime
432 612 143 65 club,
609 611 124 61 inc.,
765 608 72 70 by
871 609 353 66 Doubleday,
1257 609 197 51 Doran
1485 611 44 49 &
1563 626 294 49 company,
1891 610 123 65 inc.,
2050 612 145 49 1934.

277 686 27 39 6
332 697 41 36 p.
438 717 8 15 l.,
474 685 87 40 299
588 695 42 37 p.
690 684 54 40 19½
778 686 43 21 cm
827 716 8 8 .

279 743 160 39 “First
476 741 225 40 edition.”

212 795 1984 53 © Dec. 27. 1933; 2c. and aff. Jan. 2, 1934; A 68677 ; H. Reilly. Westport.
279 857 145 40 Conn.
500 856 218 47 (34-216)

211 930 442 64 Royde-Smith,
682 932 213 50 Naomi
928 929 291 62 Gwladys.

282 1007 210 67 David,
526 1026 31 34 a
587 1009 113 51 tale
731 1009 60 50 in
820 1007 158 52 three
1011 1010 174 63 parts,
1218 1006 70 65 by
1320 1006 204 51 Naomi
1560 1005 434 66 Royde-Smith.
2062 1006 135 51 New

215 1085 177 67 York,
419 1086 120 52 The
568 1084 220 67 Viking
816 1101 172 49 press,
1019 1086 150 49 1934.

284 1156 615 50 4 p l., 3—150 p. 19½ cm .
214 1210 1985 53 © Dec. 29, 1933; 2c. and aff. Jan. 2. 1934; A 68704 ; Viking press, inc.
290 1272 220 48 (34-340)

214 1347 221 64 Sellew,
469 1347 239 63 Gladys.

282 1425 289 53 Pediatric
614 1423 256 67 nursing,
913 1423 293 67 including
1251 1424 93 50 the
1386 1423 238 67 nursing
1667 1441 123 34 care
1833 1424 62 51 of
1937 1424 94 52 the
2074 1424 125 52 well

214 1500 1984 68 infant and child, by Gladys Sellew … 3d ed., entirely reset.
214 1579 405 68 Philadelphia
652 1580 111 51 and
795 1580 256 64 London,
1082 1579 89 53 W.
1205 1581 65 49 B.
1306 1578 285 55 Saunders
1624 1596 294 49 company,
1954 1583 147 48 1934.

287 1650 1169 50 2 p. l. , 13-609 p. front., illus., diagrs. 20 cm
288 1708 347 48 Bibliography
655 1719 8 28 :
696 1719 41 37 p.
768 1708 199 39 569-574

216 1763 1904 52 © Jan. 2, 1934; 2c. Jan. 3; aff. Jan. 5; A 67839; W. B. Saunders co.
294 1823 219 49 (34-601)

215 1896 249 67 Siebert,
495 1898 280 54 Fredrick
805 1900 235 62 Seaton,
1073 1901 165 48 1901-

288 1976 120 51 The
442 1974 183 68 rights
660 1974 112 54 and
809 1973 303 68 privileges
1148 1973 61 52 of
1243 1973 94 54 the
1372 1992 171 49 press,
1578 1973 33 52 by
1685 1973 275 53 Fredrick
1997 1972 204 55 Seaton

218 2050 1959 149 Siebert … New York, London, D. Appleton-Century company, incorporated [c1934]
286 2201 115 48 xvii,
440 2201 87 40 429
564 2212 43 37 p.
674 2201 49 39 21
733 2204 43 20 cm
782 2233 8 7 .

288 2259 161 40 “First
483 2258 258 49 printing.”

290 2316 178 40 “Table
501 2316 50 40 of
587 2315 162 41 cases”
770 2327 8 27 :
814 2326 42 36 p.
892 2315 215 41 401-418.

220 2374 1984 51 © Jan. 3, 1934; 2c. and aff. Jan. 6: A 68778; D. Appleton-Century co.,
285 2434 90 40 inc.
447 2434 218 49 (34-784)

219 2509 250 64 Simons,
500 2512 138 51 Mrs.
670 2508 265 64 Darling.

288 2586 120 52 The
435 2586 300 67 vagabond
760 2585 223 67 fiddler,
1006 2609 30 33 a
1062 2587 163 51 novel
1249 2586 74 66 by
1349 2586 249 68 Darling
1625 2586 241 55 Simons.
1943 2587 268 68 Chicago.

218 2665 137 52 New
386 2663 178 67 York,
591 2664 438 53 Robin-Wilder
1057 2665 112 52 and
1195 2682 278 50 company
1505 2698 12 33 [
1523 2671 16 21 c
1545 2668 132 49 1933
1683 2698 13 34 ]

285 2737 673 49 4 p. l. , [5]—337 p. 19½ cm .
289 2794 163 40 “First
487 2793 226 40 edition.”

221 2848 1986 51 © Dec. 13. 1933 ; 2c. Dec. 18; aff. Dec. 15: A 68761; Sophia Baskin
292 2907 201 40 Simons.
525 2907 221 47 Chicago.
818 2905 219 48 (34-463)

227 2981 375 67 [Southwold,
634 2981 278 67 Stephen]
948 2982 169 53 1887-

291 3061 229 51 Bredon
548 3061 111 50 and
686 3079 145 38 sons,
860 3079 29 33 a
919 3062 163 51 novel
1107 3061 34 52 by
1207 3062 129 51 Neil
1365 3063 126 52 Bell
1543 3064 211 64 [pseud.]
1833 3064 255 64 London,
2115 3065 89 51 W.

222 3135 916 70 Collins sons & co., ltd. [ c 1933]
293 3207 84 41 624
408 3219 42 36 p.
511 3209 127 41 illus.
667 3208 158 48 (map)
894 3210 53 39 21
952 3213 43 20 cm
1001 3244 8 7 .

224 3263 51 52 ©
309 3268 64 38 1c.
408 3267 107 39 Jan.
548 3268 39 39 4,
621 3267 152 40 1934;.
796 3268 38 37 A
868 3270 56 37 ad
961 3268 83 39 int.
1080 3268 167 45 18552;
1284 3269 140 46 pubd.
1460 3269 107 40 Jan.
1603 3270 51 43 1;
1691 3269 161 40 Little.
1888 3270 175 38 Brown
2113 3271 93 38 and

292 3331 246 39 company,
569 3324 196 39 Boston.
837 3323 247 47 (34-1293)

293 3398 228 53 Bredon
569 3400 111 52 and
728 3417 127 34 sons
908 3400 107 66 [by]
1069 3401 127 52 Neil
1245 3402 126 51 Bell
1425 3402 228 66 [pseud.]
1735 3404 232 63 Boston,
2014 3403 192 53 Little,

224 3474 227 67 Brown,
481 3477 110 51 and
620 3493 295 49 company,
946 3483 148 47 1934.

294 3547 1029 51 6 p. l. . [3]-587 p. illus. (map) 21½ cm .
227 3600 1965 107 © Jan. 5, 1934; 2c. and aff. Jan. 9 ; A 68790; Little. Brown, and company. (34-580)
226 3721 197 64 Stacy,
451 3722 157 53 Belle
636 3723 230 63 Tooley.

293 3797 216 53 Echoes
537 3798 62 53 of
629 3799 119 65 life,
776 3800 73 66 by
882 3802 154 52 Belle
1067 3800 209 69 Tooley
1309 3802 188 68 Stacy.
1579 3802 412 69 [Ogdensburg,
2021 3802 68 53 N.
2122 3802 90 68 Y.,

224 3874 120 53 The
373 3875 380 70 Ogdensburg
782 3878 244 52 advance
1056 3897 95 48 co.]
1186 3886 15 20 c
1209 3882 147 51 1933.
