2350 4196
1136 4004 99 54 738

284 450 147 37 Error
457 445 49 42 in
530 448 241 48 printing:
800 460 41 36 p.
867 451 83 40 223
975 451 191 47 printed
1192 452 167 47 upside
1385 454 153 39 down.
1592 454 255 40 Corrected
1875 466 145 37 pages
213 455 1950 97 (223-224)
362 505 100 39 laid
492 505 63 39 in.

284 562 222 39 Includes
539 561 165 41 music.

215 632 1978 54 © Oct. 10, 1933; 2c. Dec. 26: aff. Apr. 24, 1934; A 71417; Arsen Kahana
282 693 273 46 Torossian,
584 694 259 45 Brooklyn.
916 694 275 47 (34-16165)

215 794 213 64 Bailey,
461 796 204 63 Henry
697 796 402 65 Christopher,
1134 798 168 52 1878-

282 871 246 55 Shadow
556 890 72 33 on
654 873 94 51 the
777 873 130 51 wall
941 874 107 67 [by]
1081 875 74 51 H.
1188 873 59 54 C.
1279 872 216 69 Bailey.
1572 872 228 54 Garden
1831 874 150 68 City,
2007 875 69 52 N.
2107 875 88 66 Y.,

209 950 140 52 Pub.
378 948 91 53 for
492 950 94 50 the
613 949 188 54 Crime
824 952 142 66 club,
990 952 124 67 inc.,
1138 952 72 67 by
1235 951 354 67 Doubleday,
1612 952 197 53 Doran
1832 954 46 50 &
1900 969 295 51 company,

208 1027 127 66 inc.,
375 1031 147 50 1934.

281 1100 661 49 viii p., 1 l., 307 p. 21 cm .
281 1158 287 39 Illustrated
603 1160 95 44 t.-p.
735 1169 57 29 on
826 1159 25 37 2
885 1160 174 39 leaves.

283 1213 159 40 “First
476 1213 223 41 edition.”

217 1281 50 51 ©
301 1286 126 39 June
458 1285 37 39 6.
528 1285 114 40 1934;
702 1286 66 39 2c.
802 1287 93 38 and
929 1285 79 41 aff.
1043 1287 125 38 June
1199 1287 80 45 14;
1315 1286 40 38 A
1389 1285 166 47 72803;
1592 1286 58 38 H.
1685 1286 46 40 G.
1767 1285 182 48 Bailey,
1984 1285 210 41 London.

293 1342 278 48 (34-16182)

213 1441 262 68 Baisnée,
505 1444 165 53 Jules
698 1444 225 65 Albert,
957 1447 168 52 1879-

343 1518 1851 56 … France and the establishment of the American Catholic
216 1596 325 68 hierarchy;
583 1598 94 54 the
720 1599 158 66 myth
920 1600 62 51 of
1026 1599 215 52 French
1282 1598 371 53 interference
1707 1595 362 70 (1783-1784)
2120 1597 73 68 by

216 1675 159 53 Jules
407 1675 68 52 A.
509 1675 248 54 Baisnée.
826 1676 327 67 Baltimore,
1181 1677 120 50 The
1331 1676 182 54 Johns
1541 1675 268 67 Hopkins
1839 1693 172 51 press,
2044 1678 147 47 1934.

281 1745 788 50 ix, 182 p. front. (port.) 23½cm.
286 1804 63 39 At
375 1805 124 39 head
528 1804 50 39 of
606 1805 107 39 title:
773 1804 203 41 Institut
1004 1804 217 48 français
1251 1807 56 38 de
1341 1805 328 48 Washington.

283 1860 393 48 Transcriptions
707 1861 50 40 of
788 1862 80 39 the
898 1863 277 38 documents
1207 1872 125 37 upon
1366 1861 156 41 which
1556 1862 97 40 this
1685 1865 143 44 study
1859 1863 40 39 is
1931 1863 146 40 based
2110 1872 81 31 are

215 1917 1974 50 given at the end of chapters II-V. Chapter VI is devoted ro a brief survey
216 1975 51 39 of
301 1976 75 39 six
414 1975 180 40 church
630 1975 265 40 historians
931 1977 104 37 who
1072 1977 120 38 have
1230 1976 273 47 previously
1542 1977 130 40 dealt
1710 1976 117 41 with
1863 1978 81 39 the
1980 1977 126 47 topic
2141 1977 51 40 of

216 2032 97 40 this
347 2033 133 39 book.

283 2089 345 48 Bibliography:
691 2100 40 36 p.
767 2088 214 41 181-182.

215 2161 1890 51 © June 2, 1934; 2c. and aff. June 8; A 72683: Johns Hopkins press.
292 2221 275 47 (34-16158)

207 2325 303 63 Barnsley,
545 2324 250 52 Edward
831 2323 267 55 Roberts,

279 2401 1908 66 Historic Newtown, by Edward R. Barnsley … Newtown.
213 2484 146 50 1934.

285 2549 1195 50 5 p. l., [13]-146 p. illus. (incl. ports.) 23 cm .
286 2609 67 40 “A
385 2608 189 40 booklet
608 2609 234 46 prepared
875 2607 77 39 for
985 2608 79 37 the
1096 2606 288 39 celebration
1419 2607 49 39 of
1505 2608 79 38 the
1619 2606 139 39 250th
1792 2606 315 47 anniversary
2141 2606 50 40 of

214 2664 260 41 Newtown.
505 2665 159 38 Bucks
693 2665 175 45 county
912 2663 396 46 Pennsylvania.”

213 2731 1960 107 © June 9. 1934; 2c. and aff. June 14: A 73075; E. R. Barnsley, Newtown, Pa. (34-16118)
210 2893 169 64 Bode,
408 2893 235 64 Rudolf,
675 2897 169 49 1881-

335 2965 1857 73 … Aufgaben und ziele der rhythmischen gymnastik; fünf
206 3048 453 66 abhandlungen.
736 3051 64 64 3.,
839 3047 309 54 erweiterte
1186 3049 126 52 aufl.
1387 3049 303 62 München,
1727 3047 169 66 Beck,
1936 3049 148 49 1933.

277 3120 609 50 5 p. l., 3-59, [1] p. 23½cm.
552 3177 314 47 CONTENTS.—Aufgaben
891 3179 96 38 und
1013 3177 116 40 ziele
1154 3179 83 39 der
1263 3178 362 47 rhythmischen
1651 3176 276 49 gymnastik
1961 3175 161 48 (1913)
2133 3198 58 5 —

206 3234 294 48 Organische
544 3234 260 47 bewegung
847 3235 97 39 und
987 3233 328 42 berufsarbeit
1367 3232 683 51 (1919)—Körpererziehung
2092 3233 96 38 und

204 3291 168 40 kultur
424 3289 488 49 (1930)—Objektive
953 3292 98 38 und
1093 3291 271 47 subjektive
1406 3290 409 48 leibeserziehung
1867 3287 321 48 (1930)—Die

205 3348 259 47 bewegung
495 3347 50 39 in
577 3348 84 39 der
693 3346 159 39 musik
893 3345 462 50 (1930)—Anhang:
1392 3347 118 41 Eine
1544 3348 184 40 théorie
1760 3348 83 38 des
1874 3355 189 39 ganges,
2096 3354 90 30 von

203 3403 198 41 Honoré
434 3405 57 39 de
526 3403 190 40 Balzac.

209 3457 1978 51 © May 24, 1933; 1c. May 1, 1934; A -Foreign 24504; C. H. Beck'sche
274 3517 568 48 Verlagsbuchhandlung
883 3516 179 48 (Oskar
1094 3517 151 46 Beck)
1325 3517 278 48 (34-16868)

201 3618 232 65 Boiron,
463 3619 282 64 Adolphe.

331 3691 1858 72 … Der vielsprachige hotel-angestellte; vorwort von herrn
199 3772 54 53 J.
291 3772 216 53 Walch.
583 3771 305 53 L’hôtelier
924 3771 330 69 polyglotte.
1332 3773 119 52 The
1486 3773 152 51 hotel
1674 3771 203 68 keeper
1913 3770 274 68 polyglot.

201 3849 71 52 El
312 3850 247 52 hotelero
600 3849 292 68 poliglota.
975 3849 318 69 [Homburg
1333 3869 52 33 v.
1426 3851 50 51 d.
1516 3850 187 66 Höhe,
1745 3849 55 54 S.
1841 3849 66 52 de
2002 3847 180 67 Vylder]

199 3932 18 20 c
220 3929 150 50 1933.
