2350 4196
1154 4010 99 48 300

196 382 252 63 Goshen,
476 382 73 55 N.
579 381 69 51 Y.
724 380 162 52 First
913 380 421 62 Presbyterian
1363 380 239 54 church.

261 457 123 52 The
436 456 156 67 early
645 456 225 52 records
924 454 64 53 of
1039 455 96 52 the
1189 454 158 54 First
1401 454 404 69 Presbyterian
1857 454 210 53 church
2124 457 59 49 at

193 533 246 67 Goshen,
464 533 138 53 New
629 532 179 67 York,
836 532 152 53 from
1019 531 133 54 1767
1176 538 58 46 to
1265 536 151 65 1885,
1442 532 281 67 compiled
1751 532 76 69 by
1854 530 236 55 Charles
2120 531 63 55 C.

194 609 286 55 Coleman.
556 609 244 67 Goshen,
826 609 70 53 N.
924 610 71 52 Y.
1029 610 139 66 [The
1191 610 305 52 Democrat
1521 609 264 69 printing
1811 627 97 50 co.,
1935 615 17 21 c
1957 610 151 65 1934]

263 682 525 51 3 p. l., [9]-215 p. 24cm.
199 737 50 51 ©
288 742 109 38 Feb.
435 742 68 46 28,
541 741 139 46 1934;
720 740 64 39 2c.
825 742 94 37 and
957 739 81 40 aff.
1077 741 119 39 Mar.
1235 742 51 45 7;
1326 741 41 38 A
1403 740 168 46 70541;
1615 740 200 40 Charles
1854 739 49 41 C.
1942 740 241 46 Coleman,

267 797 203 47 Goshen,
503 798 54 38 N.
591 798 53 37 Y.
717 796 248 47 (34-5888)

190 871 117 52 Der
348 889 206 47 grosse
595 873 255 64 Herder;
894 872 371 67 nachschlage
1270 873 153 51 werk
1466 871 97 53 für
1606 872 199 52 wissen
1847 872 118 52 und
2007 872 175 52 leben.

260 953 66 64 4.,
361 950 179 67 völlig
573 950 298 52 neubearb.
910 947 127 56 aufl.
1075 967 108 35 von
1218 951 253 52 Herders
1506 949 676 54 konversationslexikon.

261 1031 45 48 6.
343 1028 90 51 bd.
508 1028 334 52 Hochrhein
875 1027 85 52 bis
996 1029 385 66 Konsequenz.
1458 1027 284 69 Freiburg
1774 1028 81 51 im
1889 1028 296 68 Breisgau,

262 1105 226 53 Herder
517 1124 96 49 co.,
641 1124 50 49 g.
721 1125 71 34 m.
819 1107 50 51 b.
897 1106 53 52 h.
986 1109 170 63 [1933]

270 1178 1907 49 3 p. l., 1724, [2] numb, col., 1 p. illus. (incl. ports., plans, music)
194 1238 159 46 plates
383 1236 134 47 (part
552 1237 99 46 col.,
689 1238 111 45 part
836 1236 196 47 double)
1078 1246 134 36 maps
1241 1236 134 47 (part
1411 1235 197 47 double)
1655 1235 177 47 diagrs.
1897 1236 56 38 24½cm.

267 1294 122 38 Text
415 1303 60 29 on
500 1303 164 28 versos
693 1293 51 38 of
770 1295 111 44 part
908 1293 49 38 of
984 1293 81 38 the
1092 1293 153 46 plates
1274 1293 94 38 and
1396 1302 150 36 maps.

201 1346 1985 51 © July 29, 1933; 1c. Mar. 5, 1934; A-Foreign 23875; Herder & co.,
271 1418 38 35 g.
339 1418 57 27 m.
425 1407 40 39 b.
494 1407 42 37 h.

195 1481 273 53 Harvard
499 1480 352 63 university.

324 1557 1863 68 … Catalogue. November, 1933 … Cambridge, Harvard
194 1637 316 66 university
546 1669 12 34 [
564 1642 17 21 c
586 1639 151 63 1933]

271 1710 169 40 xxxiii,
471 1709 117 40 1058
612 1720 40 36 p.
711 1708 54 39 29
767 1711 45 24 cm
818 1741 6 6 .

202 1764 50 51 ©
280 1768 115 38 Nov.
424 1767 67 45 23,
519 1765 112 40 1933;
688 1766 66 38 2c.
782 1766 111 38 Dec.
921 1765 24 39 6;
1003 1764 80 40 aff.
1111 1765 110 39 Dec.
1248 1765 26 38 4:
1331 1765 40 37 A
1396 1764 143 40 68407;
1597 1764 254 40 President
1880 1765 94 38 and
2002 1763 187 39 fellows

270 1825 50 39 of
352 1823 229 39 Harvard
614 1823 191 46 college,
840 1821 299 47 Cambridge,
1175 1823 144 37 Mass.

205 1896 230 66 Helton,
462 1897 130 63 Roy
618 1895 283 66 Addison,
931 1899 170 49 1886-

269 1971 1921 70 Nitchey Tilley, a novel by Roy Helton … New York and
199 2051 258 67 London,
484 2051 233 67 Harper
743 2050 44 49 &
811 2050 277 66 brothers,
1117 2052 149 50 1934.

270 2121 526 49 4 p. l., 352 p. 20 cm .
274 2179 161 41 “First
462 2178 226 41 edition.”

205 2233 1930 52 © Mar. 21, 1934; 2c. Mar. 20: aff. Mar. 23; A 09988; Harper & bros.
282 2294 249 48 (34-5897)

205 2367 270 65 Howard,
505 2368 226 64 George
761 2368 301 64 Franklin,
1092 2371 170 49 1858-

276 2445 262 54 Outlines
570 2447 60 51 in
663 2446 134 52 civil
829 2452 367 62 government
1229 2445 93 52 for
1352 2446 325 51 Minnesota
1709 2445 111 51 and
1853 2445 96 51 the
1982 2443 212 54 United

205 2522 1764 70 States, by Geo. F. Howard … Mapleton, Minn., c 1934.
273 2596 55 40 95
358 2607 42 37 p.
461 2596 127 40 illus.
619 2596 156 48 (map)
845 2596 55 38 22
905 2600 42 20 cm
953 2630 7 7 .

276 2654 356 48 “Thirty-third
669 2654 226 40 edition.”

274 2712 156 40 Ruled
458 2722 146 38 pages
632 2712 79 40 for
742 2711 202 40 “Notes”
986 2711 189 49 (91-95)

208 2767 50 51 ©
287 2773 119 38 Mar.
465 2802 7 11 8,
500 2770 139 45 1934;
668 2770 64 39 2c.
762 2771 94 38 and
882 2769 81 39 aff.
993 2770 118 38 Mar.
1140 2769 79 46 12;
1250 2770 39 37 A
1316 2769 169 47 70014;
1518 2770 49 40 G.
1598 2770 50 41 F.
1677 2771 227 42 Howard,
1935 2772 258 45 Mapleton,

274 2828 148 38 Minn.
487 2823 67 52 [©
587 2837 57 28 new
723 2828 193 46 matter]
989 2825 247 47 (34-5869)

207 2901 208 65 Hurst,
446 2901 240 65 Fannie,
715 2905 171 48 1889-

273 2977 257 53 Anitra’s
563 2978 193 67 dance,
788 2978 76 68 by
897 2977 219 52 Fannie
1150 2977 200 53 Hurst.
1422 2978 138 53 New
1594 2978 164 52 York
1792 2980 112 51 and
1939 2979 258 66 London,

205 3056 232 67 Harper
464 3058 44 49 &
531 3055 275 68 brothers,
835 3058 149 50 1934.

278 3126 891 49 3 p. l., 385 p. illus. (music) 21½cm.
281 3184 160 39 “First
473 3184 224 41 edition.”

211 3237 1985 52 © Mar. 21, 1934; 2c. Mar. 20; aff. Mar. 23; A 69992; Fannie Hurst
281 3298 277 46 Danielson,
589 3299 116 38 New
736 3298 142 39 York.
950 3297 247 48 (34-5900)

204 3371 238 53 Illinois.
516 3373 307 67 Appellate
857 3379 201 48 courts.

276 3449 1920 70 Reports of cases determined … with a directory of the
204 3526 288 67 judiciary
523 3527 61 51 of
615 3528 95 51 the
736 3532 146 47 state
914 3529 110 50 and
1058 3528 272 51 abstracts
1362 3528 62 53 of
1455 3548 148 34 cases
1636 3530 331 67 designated
1996 3530 74 65 by
2100 3530 95 51 the

208 3606 1926 66 courts as not to be reported in full. Vol. CCLXX, A. D. 1934 …
207 3682 288 66 Reported
541 3682 74 67 by
660 3684 159 51 Basil
865 3685 188 53 Jones.
1133 3683 265 68 Chicago,
1446 3685 319 67 Callaghan
1811 3689 45 49 &
1901 3702 294 50 company,

208 3761 151 53 1934.

284 3833 128 46 xxvi,
444 3832 87 39 656
556 3843 40 37 p.
656 3832 54 40 23
715 3836 14 19 cm
765 3865 6 7 .

215 3885 1812 52 © Mar. 20, 1934; 2c. and aff. Mar. 23: A 70787; Callaghan & co.
1992 3946 115 41 1948
