2350 4196
1070 4016 130 47 1445

153 363 221 64 Hoffer,
406 364 247 54 Charles
680 363 249 63 Russell,
964 365 169 49 1892-

209 433 1938 138 Introduction to rural sociology, by Charles Russell Hoffer … Rev.
457 519 85 52 ed.
618 519 138 51 New
790 518 178 66 York,
997 517 214 51 Farrar
1241 518 46 49 &
1315 514 300 66 Rinehart,
1646 515 126 64 inc.,
1802 516 150 49 1934.

220 592 24 38 2
272 602 43 37 p.
379 622 8 17 l.,
419 590 195 47 vii-xiv,
645 591 83 40 500
757 602 43 37 p.
862 590 179 48 diagrs.
1102 587 115 41 21cm.

221 646 245 42 “Selected
498 647 299 41 references”
827 649 51 37 at
908 646 89 41 end
1029 644 50 40 of
1108 645 115 39 each
1253 645 215 46 chapter.

152 703 50 51 ©
237 707 100 39 Oct.
370 706 68 41 16.
471 705 139 40 1934;
646 707 65 37 2c.
745 704 100 40 Oct.
950 714 7 28 18:
994 702 79 39 aff.
1111 701 99 40 Oct.
1244 702 80 40 17;
1361 701 40 38 A
1432 700 170 45 75818;
1637 700 49 41 C.
1721 700 52 38 R.
1808 699 185 47 Hoffer,
2028 701 120 38 Bast

220 763 224 46 Lansing,
476 762 140 39 Mich.
690 759 278 47 (34-36259)

152 839 214 62 House,
396 838 221 51 Homer
649 836 198 64 Clyde,
881 836 169 52 1871-

221 912 229 69 College
484 913 276 67 rhetoric;
799 912 141 52 with
976 910 248 69 practice
1257 910 203 67 leaves,
1494 909 75 69 by
1603 909 219 52 Homer
1858 908 62 55 C.
1955 908 196 52 House

209 986 1942 69 … and Susan E. Harman … New York, Prentice-Hall, inc.,
149 1071 151 51 1934.

223 1143 61 41 ix,
313 1142 83 40 321
428 1143 53 47 (i.
512 1153 36 29 e.
578 1141 109 48 529)
716 1151 42 38 p.
818 1142 116 39 21cm.

222 1199 153 40 Extra
401 1199 262 40 numbered
690 1199 211 47 practice
929 1199 161 39 leaves
1117 1197 228 41 inserted.

154 1255 50 51 ©
237 1259 127 47 Sept.
393 1258 68 41 22,
489 1257 139 40 193)4:
660 1259 64 37 2c.
753 1259 94 37 and
876 1257 79 39 aff.
987 1257 101 39 Oct.
1117 1257 50 39 8:
1198 1257 40 38 A
1268 1255 168 47 76401;
1467 1256 376 47 Prentice-Hall,
1871 1257 91 39 inc.

233 1315 278 48 (34-36422)

150 1392 221 63 Huber,
405 1391 356 55 Emmerich.

279 1465 1875 70 … Optimist sein, mein herr! Ein fröhliches bilderbuch für
147 1565 205 49 grosse.
430 1545 398 68 Zeichnungen
874 1564 107 33 von
1027 1544 325 53 Emmerich
1394 1544 219 68 Huber,
1655 1562 156 35 verse
1853 1561 109 35 von
147 1544 1982 133 Hermann
356 1623 327 55 Schneider.
759 1623 217 66 Berlin,
1015 1622 216 67 Spaeth
1266 1641 52 34 u.
1354 1623 184 52 Linde
1580 1655 13 33 [
1598 1628 16 21 c
1620 1625 152 64 1934]

220 1696 645 50 56 p. illus. 184 × 24cm.
220 1755 290 40 Illustrated
540 1756 98 45 t.-p.

154 1807 2001 51 © Jan. 1, 1934; 1c. Apr. 5: A -Foreign 24231; Industrieverlag Spaeth &
224 1869 164 38 Linde.
460 1868 280 47 (34-36807)

155 1944 206 64 Hurst,
397 1944 166 55 Vida.

218 2018 1939 69 Air stewardess, by V ida Hurst … New York, Crosset &
146 2098 469 67 Dunlap [ c 1934]
220 2171 472 48 2 p l. 250 p 20cm
157 2224 51 52 ©
236 2230 116 39 Nov.
384 2230 38 40 1,
451 2228 114 40 1934;
622 2228 65 39 2c.
719 2230 94 37 and
841 2228 79 39 aff.
996 2240 71 28 Nov.
1096 2228 25 39 3:
1179 2229 39 37 A
1249 2227 142 40 77060;
1453 2228 199 40 Grosset
1680 2228 37 39 &
1743 2228 209 46 Dunlap,
1984 2226 90 43 inc.

235 2286 279 47 (34-36238)

154 2361 281 64 Johnson,
469 2362 169 56 Alan.

228 2437 217 55 Second
491 2456 192 35 course
728 2439 58 52 in
834 2439 229 68 algebra
1110 2438 92 53 for
1245 2440 312 66 secondary
1601 2440 238 67 schools,
1882 2440 76 67 by
2000 2440 155 52 Alan

154 2516 2002 69 Johnson … and Arthur W. Belcher … Chicago, New York,
159 2594 201 53 Laurel
392 2595 146 52 book
570 2613 280 49 company
930 2599 150 65 [c1934]

226 2669 58 46 vi,
314 2668 83 40 322
426 2680 42 35 p.
527 2669 178 47 diagrs.
762 2668 114 40 19cm.

158 2721 50 51 ©
248 2726 101 40 Oct.
387 2726 68 41 22,
492 2726 140 39 1934:
671 2728 66 36 2c.
778 2725 101 40 Oct.
918 2728 80 39 25;
1040 2726 79 40 aff.
1160 2727 99 39 Oct.
1299 2727 81 41 24;
1421 2728 38 37 A
1496 2727 170 41 76741;
1709 2727 175 39 Laurel
1925 2727 122 38 book
2087 2736 66 30 co.

229 2782 280 48 [Copyright
536 2783 40 38 is
603 2783 201 38 claimed
835 2794 58 27 on
922 2793 103 28 new
1053 2785 226 38 material
1307 2786 95 38 and
1431 2784 253 48 revisions]

235 2839 280 47 (34-36243)

153 2900 229 62 Kawin,
415 2902 194 54 Ethel.

156 2978 1976 144 The wise choice of toys, by Ethel Kawin … with an introduction, by Frank
154 3056 1978 145 N. Freeman … Chicago, Ill., The University of Chicago press [ c 1934]
229 3205 59 42 xi.
322 3207 83 37 111
435 3217 41 36 p.
537 3206 164 45 front.,
734 3206 127 40 illus.
922 3206 116 41 23cm.

228 3261 156 41 Based
425 3273 58 29 on
523 3263 208 39 lectures
768 3263 245 40 delivered
1052 3264 59 47 by
1153 3263 117 42 Miss
1310 3265 175 40 Kawin
1525 3266 49 38 in
1613 3265 282 40 connection
1936 3266 117 39 with
2095 3276 59 30 an

156 3318 183 40 exhibit
376 3318 50 40 of
462 3320 106 45 toys
604 3319 267 40 conducted
906 3320 60 46 by
1000 3314 239 46 Marshall
1276 3321 135 41 Field
1448 3322 96 38 and
1580 3331 234 38 company
1852 3322 46 38 in
160 3331 1976 81 cooperation

285 3375 116 38 with
429 3376 81 40 the
538 3374 281 48 University
846 3375 50 41 of
923 3374 210 50 Chicago
1158 3377 46 38 in
1234 3378 81 40 the
1341 3378 135 46 early
1501 3377 90 40 fall
1620 3376 50 41 of
1698 3377 126 39 1933.
1881 3380 59 44 cf.
1973 3379 181 40 introd.

227 3430 293 48 “Suggested
555 3431 282 49 readings”:
870 3443 42 36 p.
946 3432 213 39 110-111.

159 3483 50 51 ©
240 3490 96 38 Oct.
365 3490 38 40 1,
430 3489 138 39 1934:
599 3490 64 37 2c.
693 3490 94 37 and
815 3488 80 39 aff.
926 3488 101 41 Oct.
1057 3490 80 38 13:
1169 3489 80 41 aff.
1280 3491 100 39 Oct.
1412 3492 80 40 15;
1526 3492 38 36 A
1591 3491 169 40 76536;
1793 3491 283 47 University
2105 3493 51 38 of

226 3545 221 47 Chicago.
476 3546 221 46 Chicago.
771 3545 278 47 (34-36268)

157 3604 234 67 Klages,
422 3606 265 66 Ludwig,
722 3607 169 53 1872-

223 3682 146 51 Vom
405 3700 180 34 wesen
621 3683 95 52 des
752 3683 411 68 bewusstseins,
1200 3704 107 33 von
1346 3686 248 68 Ludwig
1630 3683 232 70 Klages.
1938 3690 47 49 3.
2024 3684 129 54 aufl.

154 3758 253 70 Leipzig,
433 3760 54 53 J.
514 3760 71 52 A.
613 3760 203 67 Barth,
845 3764 151 50 1933.

223 3832 98 46 viii,
353 3832 55 40 91
437 3842 43 37 p.
542 3832 177 48 diagrs.
780 3832 118 42 24cm.

161 3885 48 50 ©
252 3891 127 39 June
415 3890 39 46 9,
495 3890 139 42 1933:
676 3893 64 38 1c.
786 3892 127 47 Sept.
954 3891 67 42 20.
1063 3893 139 42 1934;
1247 3895 309 45 A-Foreign
1597 3894 170 41 25653:
1812 3896 196 39 Johann
225 3898 1911 88 Ambrosius

443 3949 169 38 Barth.
685 3948 279 49 (34-36608)
