2350 4196
1137 4012 134 48 1524

296 448 56 41 288
411 460 41 37 p.
513 452 170 47 plates,
713 454 147 45 ports.
921 453 55 40 23½
1009 455 43 21 cm
1058 485 8 7 .

576 509 162 38 CONTENTS.—The
770 511 133 45 story
938 510 50 38 of
1021 520 129 29 some
1184 509 50 38 of
1272 510 80 38 the
1384 509 193 39 famous
1610 509 94 38 and
1738 508 245 40 infamous
2019 520 197 37 persons

229 563 48 39 in
304 564 187 47 history
519 566 105 38 who
651 566 94 39 lost
774 566 126 39 their
927 567 149 39 heads
1105 569 49 37 at
1181 568 81 37 the
1287 567 155 38 hands
1471 566 50 39 of
1549 566 80 39 the
1658 566 529 40 headsman.—Sanson;

229 620 264 40 headsman
524 621 50 39 of
603 621 185 41 France;
847 624 81 38 the
957 626 133 43 story
1119 623 50 39 of
1199 634 26 28 a
1257 624 208 45 dynasty
1493 622 50 40 of
1571 622 342 48 decapitators.

230 673 1987 55 © 1c. Oct. 26. 1934; A ad int. 19510; pubd. Aug. 31; Cyril Bryan. Perth.
299 735 67 39 W.
398 736 265 40 Australia.
735 737 277 49 (34-38862)

230 822 198 66 Carco,
462 825 262 66 Francis,
759 830 169 49 1886-

303 944 54 9 ...
400 901 305 55 Mémoires
746 903 164 55 d’une
954 909 158 47 autre
1156 904 115 64 vie;
1317 901 291 54 souvenirs
1652 901 310 54 d’enfance.
2037 901 185 68 Paris,

226 978 69 53 A.
325 979 212 54 Michel
573 983 171 65 [1934]

300 1052 731 50 3 p. l., [9]-253 p., 1 1. 19 cm .
231 1105 1785 52 © July 13. 1934; 1c. Oct. 26; A-Foreign 25954; Albin Michel.
309 1166 277 48 (34-39512)

229 1255 409 68 Charpentier,
668 1259 203 65 Henri,
906 1265 170 48 1880-

300 1332 131 52 Life
468 1334 31 50 à
534 1336 51 50 la
625 1335 183 52 Henri;
876 1334 170 67 being
1079 1334 93 54 the
1208 1332 261 54 memoirs
1506 1332 62 52 of
1602 1331 184 54 Henri
1827 1330 392 69 Charpentier,

231 1409 33 52 by
327 1410 183 53 Henri
538 1410 375 68 Charpentier
936 1413 111 51 and
1074 1411 233 67 Boyden
1335 1408 262 70 Sparkes.
1658 1409 134 51 New
1818 1408 178 68 York,
2023 1408 196 54 Simon

232 1487 112 52 and
372 1486 286 69 Schuster,
686 1491 150 51 1934.

332 1558 940 49 v , 328 p. front., plates, ports. 22 cm .
301 1615 257 48 “Recipes”;
618 1627 42 37 p.
696 1615 246 50 [291]-323.

233 1671 51 52 ©
318 1676 117 40 Nov.
469 1676 38 41 2,
543 1675 113 41 1934;
721 1676 64 39 2c.
823 1677 114 38 Nov.
976 1677 54 37 15;
1168 1707 6 6 aff.
1211 1677 117 38 Nov.
1362 1677 53 36 14;
1482 1676 40 37 A
1556 1676 168 46 77217;
1762 1676 196 47 Boyden
1996 1676 222 46 Sparkes.

299 1733 115 39 New
445 1734 144 38 York.
660 1732 278 48 (34-28457)

230 1820 404 67 Christensen,
666 1823 258 54 Thomas
951 1825 193 63 Peter,
1178 1826 167 50 1880-

300 1901 120 51 The
472 1901 294 66 discovery
816 1903 110 50 and
978 1901 378 65 re-discovery
1407 1901 62 51 of
1518 1900 283 67 America,
1849 1901 74 66 by
1972 1901 246 51 Thomas

229 1978 169 53 Peter
454 1979 366 54 Christensen
881 2021 54 9 ...
1035 1979 182 53 Cedar
1272 1979 239 66 Rapids,
1565 1980 102 64 la.,
1721 1980 288 51 Laurence
2063 1997 156 48 press

229 2073 240 50 company
587 2060 150 63 [c1934]

300 2131 25 39 3
353 2141 41 36 p.
422 2131 28 37 l.,
495 2129 141 41 9-133
664 2140 43 37 p.
763 2129 58 41 20½
851 2133 43 20 cm
901 2163 7 8 .

233 2183 51 50 ©
314 2188 118 42 Aug.
460 2187 68 41 27.
558 2187 111 40 1934;
728 2187 64 40 2c.
822 2189 93 37 and
1017 2219 6 5 aff.
1056 2187 99 40 Oct.
1183 2188 55 38 26;
1298 2188 38 37 A
1366 2187 140 39 77122;
1567 2188 48 37 T.
1649 2188 48 37 P.
1731 2186 326 45 Christensen,
2089 2187 130 38 Iowa

301 2244 122 46 City.
455 2245 66 38 Ia.
595 2244 277 47 (34-38341)

232 2334 399 55 Connecticut.
709 2344 273 58 Supreme
1014 2344 158 46 court
1201 2338 64 63 of
1292 2354 197 34 errors.

302 2410 167 55 Cases
502 2415 211 65 argued
747 2415 108 50 and
889 2414 346 51 determined
1274 2456 53 7 ...
1398 2414 154 66 May,
1586 2414 449 64 1933-January,
2068 2415 148 48 1934.

230 2509 49 33 V.
332 2493 112 52 117.
530 2494 87 64 By
665 2492 252 51 Richard
964 2493 76 50 H.
1089 2492 263 66 Phillips.
1437 2491 310 53 Hartford.
1793 2491 142 51 Pub.
1986 2490 92 51 for
2124 2490 98 51 the

229 2573 143 48 state
402 2571 62 51 of
495 2570 367 53 Connecticut
890 2570 73 66 by
990 2572 65 49 E.
1086 2572 66 52 E.
1181 2571 208 50 Dissell
1418 2574 42 48 &
1489 2588 95 48 со.,
1615 2572 147 51 1934.

299 2644 94 39 xiv.
422 2643 83 40 829
532 2655 41 36 p.
630 2654 123 37 map.
809 2643 54 39 23½
897 2645 43 21 cm
945 2674 6 6 .

233 2696 50 51 ©
314 2700 125 39 June
469 2701 39 39 6.
538 2699 113 41 1934;
709 2700 65 39 2c.
808 2700 94 39 and
934 2699 78 40 aff.
1046 2701 110 38 Dec.
1188 2701 24 37 3;
1275 2700 41 38 A
1347 2698 141 41 77459;
1551 2700 127 39 John
1708 2699 52 39 A.
1794 2699 243 38 Danaher,
301 2707 1901 97 secretary
440 2757 50 39 of
519 2759 81 38 the
629 2759 127 37 state
786 2757 49 39 of
866 2756 326 40 Connecticut.
1223 2756 256 40 Hartford.

230 2847 228 64 Craige,
488 2849 154 52 John
671 2849 288 58 Houston,
992 2851 169 48 1886-

301 2923 281 54 Cannibal
615 2925 219 52 cousins
871 2925 108 66 [by]
1017 2925 156 54 John
1201 2926 266 51 Houston
1501 2924 205 67 Craige
1744 2965 55 10 ...
1869 2924 138 52 New
2039 2921 178 67 York,

229 3003 245 65 Minton,
504 3003 180 53 Balch
715 3006 45 49 &
789 3018 278 50 company
1144 3005 149 63 [c1934]

299 3076 86 40 304
411 3086 43 37 p.
510 3075 55 40 21
569 3078 43 21 cm
618 3108 8 8 .

301 3132 160 40 “First
493 3132 224 40 edition.”

299 3188 347 48 Bibliography;
705 3200 42 37 p.
774 3188 215 41 301-304.

232 3241 54 51 ©
313 3247 116 38 Nov.
460 3245 68 41 12.
559 3244 112 41 1934;
730 3245 64 40 2c.
825 3246 94 39 and
949 3245 79 38 aff.
1060 3246 115 39 Nov.
1207 3247 55 38 17;
1322 3247 41 37 A
1392 3247 141 38 77257;
1594 3247 41 38 J.
1669 3247 58 39 H.
1761 3244 185 46 Craige.
299 3241 1902 107 Philadelphia.
498 3301 277 42 (34-38338)

227 3390 203 65 Czech,
466 3392 177 53 Erich
677 3392 241 66 Walter,
957 3397 170 50 1890-

298 3513 54 8 ...
387 3468 258 56 Cæsaren;
700 3469 270 54 bildnisse
996 3470 305 53 römischer
1326 3471 204 66 kaiser,
1555 3470 146 52 nach
1727 3470 127 51 dem
222 3464 1971 134 geschichtswerk

398 3547 95 52 des
519 3545 301 55 Suetonius;
876 3547 105 53 mit
1005 3549 270 52 sechzehn
1298 3548 185 53 tafeln
1506 3548 119 52 und
1649 3546 182 54 einem
1852 3541 365 57 stadtmodell

223 3625 94 52 des
368 3625 152 51 alten
570 3625 160 50 Rom.
833 3625 255 67 Leipzig.
1138 3627 214 66 Verlag
1402 3625 151 53 “Das
1602 3643 140 34 neue
1791 3620 391 55 Deutschland;

228 3705 170 63 [1934]

292 3774 99 47 263,
425 3775 55 49 [1]
511 3786 41 37 p.
613 3776 170 47 plates,
813 3776 189 40 facsim.
1066 3775 55 41 22
1124 3781 43 20 cm
1173 3809 6 7 .

294 3832 62 39 At
381 3832 123 39 head
529 3832 51 40 of
606 3832 107 40 title;
768 3832 147 40 Erich
942 3833 423 45 Czech-Jochberg.

227 3883 1991 52 © Mar. 13. 1934; 1c. Oct. 2; A -Foreign 25876; Verlag “Das neue
293 3944 375 40 Deutschland”.
739 3945 277 49 (34-38538)
