2350 4196
1121 4087 100 54 317

180 449 364 65 Cummings,
579 448 252 53 Edward
867 449 213 64 Estlin,
1117 452 170 49 1894-

249 524 120 52 The
397 542 295 35 enormous
720 542 172 50 room,
921 524 74 68 by
1023 524 67 54 E.
1123 524 65 52 E.
1221 523 363 70 Cummings;
1616 526 140 53 with
1787 545 30 33 a
1847 544 120 35 new
179 525 1968 130 introduction
438 603 73 68 by
540 603 94 53 the
664 602 218 53 author.
949 601 135 53 New
1119 602 175 70 York,
1323 603 120 53 The
1472 603 242 54 Modern
1744 604 216 70 library
1995 607 173 67 [1934]

246 673 1926 55 3 p. l., v-xviii, 332 p. 17cm. (Half-title: The modern library of the
176 733 191 39 world’s
399 733 105 40 best
531 731 173 48 books)

245 790 162 40 “First
437 791 199 39 Modern
667 789 185 48 library
881 789 196 47 edition,
1109 789 156 41 1934.”

178 847 52 52 ©
258 852 108 40 Jan.
395 851 68 47 25,
494 850 139 48 1934;
664 851 66 39 2c.
761 851 108 38 Jan.
900 850 54 39 27;
1015 849 81 41 aff.
1125 850 113 46 Apr.
1268 851 51 45 5;
1352 850 38 38 A
1450 850 140 49 69211;
1624 853 198 39 Modern
1854 853 198 49 library,
2081 855 91 39 inc.

248 905 68 53 [©
345 908 345 48 introduction]
764 906 250 48 (34-2154)

175 984 252 65 Daudet,
461 983 319 64 Alphonse,
815 983 325 52 1840-1897.

245 1061 310 69 Suffering,
593 1063 324 65 1887-1895,
952 1062 74 66 by
1062 1062 295 66 Alphonse
1396 1064 244 51 Daudet.
1718 1064 338 53 Translated
2095 1065 74 67 by

174 1140 211 54 Milton
418 1140 238 67 Garver,
691 1141 140 51 with
864 1145 313 47 commentary
1283 1142 112 51 and
1430 1147 157 46 notes
1622 1142 74 66 by
1729 1143 198 52 André
1963 1143 205 55 Ebner.

176 1217 138 53 New
342 1217 224 66 Haven,
596 1219 145 52 Yale
767 1218 317 66 university
1111 1236 172 48 press,
1314 1223 149 50 1934.

248 1289 1018 51 5 p. l., [3]—89 p. front. (port.) 21cm.
250 1347 101 40 “An
383 1347 334 48 appreciation
749 1348 51 39 of
829 1347 244 48 Alphonse
1106 1348 208 47 Daudet,
1348 1348 59 47 by
1439 1348 163 40 André
1634 1349 172 47 Ebner,
1840 1349 80 39 the
1952 1350 95 40 last
179 1361 1977 90 secretary
370 1405 52 40 of
449 1406 81 38 the
556 1404 207 40 author”
782 1416 8 28 :
820 1415 43 37 p.
909 1403 175 50 [73]-89.

178 1457 50 52 ©
261 1463 121 38 Mar.
412 1461 68 47 20,
513 1461 140 42 1934;
687 1462 65 39 2c.
786 1463 120 38 Mar.
937 1462 82 46 26;
1054 1461 82 40 aff.
1169 1462 119 39 Mar.
1320 1463 82 46 23;
1437 1462 40 38 A
1508 1461 169 49 70815;
1713 1463 118 40 Yale
1864 1461 127 42 univ.
2024 1473 147 39 press.

255 1519 249 47 (34-6268)

178 1594 196 65 Diver,
404 1597 138 52 Mrs.
575 1594 330 54 Katherine
938 1596 184 51 Helen
1154 1596 178 52 Maud
1365 1595 345 65 (Marshall)

243 1673 1819 68 The singer passes, an Indian tapestry, by Maud Diver …
175 1750 136 53 New
340 1750 178 65 York,
543 1751 190 66 Dodd,
762 1751 167 53 Mead
962 1755 44 49 &
1033 1767 296 51 company,
1359 1756 150 50 1934.

249 1823 618 48 6 p. l., 3-574 p. 20½cm.
178 1876 50 52 ©
257 1881 121 39 Mar.
403 1881 68 45 21,
500 1880 112 40 1934;
668 1880 67 40 2c.
763 1882 94 38 and
885 1880 79 40 aff.
994 1881 121 40 Mar.
1141 1881 81 45 24;
1253 1881 40 38 A
1320 1880 142 40 71012;
1521 1882 148 38 Maud
1697 1881 163 46 Diver,
1890 1882 282 45 Parkstone,

244 1938 189 45 Dorset,
461 1938 234 46 England.
769 1937 249 48 (34-6196)

175 2012 308 66 Downing,
514 2012 177 55 Elliot
720 2012 299 66 Rowland,
1051 2017 170 50 1868-

244 2089 94 53 An
380 2090 390 53 introduction
812 2097 56 46 to
910 2091 96 52 the
1047 2090 267 69 teaching
1355 2089 64 53 of
1460 2089 239 68 science;
1747 2109 30 33 a
1822 2090 243 53 revision
2108 2089 65 54 of

174 2168 292 69 Teaching
498 2167 212 54 science
745 2168 59 52 in
837 2169 97 52 the
967 2168 236 69 schools,
1236 2168 75 69 by
1349 2168 182 53 Elliot
1565 2168 281 53 Rowland
1884 2168 288 68 Downing

317 2245 1685 70 … Chicago, Ill., The University of Chicago press [1934]
243 2321 80 47 vii,
353 2322 85 40 258
467 2333 42 37 p.
539 2321 109 40 incl.
681 2322 168 39 tables.
909 2322 116 41 20cm.

243 2379 68 39 “A
333 2379 207 39 selected
565 2378 82 41 list
672 2379 52 40 of
746 2379 186 40 science
955 2378 149 41 tests”
1125 2390 9 28 :
1159 2389 42 37 p.
1226 2378 203 40 209-216;
1484 2378 349 48 Bibliography;
1887 2390 41 37 p.
1955 2376 215 42 241-249.

177 2430 54 52 ©
260 2435 110 40 Feb.
400 2436 67 40 27.
500 2435 139 47 1934;
672 2436 64 39 2c.
771 2437 93 38 and
896 2436 82 40 aff.
1011 2437 120 40 Mar.
1163 2436 80 41 10:
1278 2438 41 37 A
1348 2435 169 47 69796;
1552 2436 283 47 University
1865 2436 52 39 of
1948 2435 222 48 Chicago,

248 2492 208 48 Chicago.
552 2489 51 51 [©
636 2492 265 49 rewriting]
978 2493 249 48 (34-6163)

176 2565 258 67 Durden,
464 2568 317 64 Chauncey
808 2568 257 65 Wright,
1097 2572 170 51 1869-

246 2644 1928 70 The epic of Jesus, by C. W. Durden … introduction by
174 2722 1997 71 John R. Sampey … New York [etc.] Fleming H. Revell
175 2820 279 50 company
492 2806 192 64 [c1934]

244 2875 83 41 187
364 2888 43 37 p.
469 2876 144 41 19½cm.

177 2930 51 51 ©
263 2935 108 39 Jan.
405 2935 69 41 20,
507 2934 141 42 1934;
684 2936 65 39 2c.
785 2937 94 37 and
915 2935 79 40 aff.
1031 2937 120 37 Mar.
1186 2936 17 37 1;
1274 2936 40 38 A
1347 2935 169 41 69653:
1555 2935 218 47 Fleming
1807 2935 58 39 H.
1902 2935 165 38 Revell
2101 2945 68 30 co.

254 2991 249 48 (34-6079)

177 3067 450 66 Empringham,
660 3069 221 55 James.

247 3146 196 53 Youth
487 3147 268 66 regained
798 3147 74 67 by
915 3146 292 53 intestinal
1251 3146 345 68 gardening;
1643 3164 80 48 or,
1768 3143 400 68 Constipation

173 3223 1968 147 conquered nature’s way, by James Empringham … Los Angeles, E. E. Empringham [c1933]
248 3373 1109 50 6 p. l., 228 p. illus., 2 port, on 1 l. 20cm.
177 3427 51 51 ©
263 3432 116 39 Nov.
414 3431 68 43 10,
517 3432 139 40 1933;
694 3433 64 39 2c.
796 3434 94 38 and
925 3431 81 41 aff.
1042 3434 111 39 Dec.
1188 3432 81 40 26:
1307 3433 39 38 A
1382 3430 168 46 67709;
1589 3429 131 48 Cyril
1756 3428 129 48 King
310 3427 1842 108 Empringham,
398 3489 92 39 Los
519 3489 218 46 Angeles.
810 3489 221 47 (34-600)

170 3546 360 65 Ergebnisse
565 3551 99 51 der
699 3551 356 67 physiologie
1089 3551 115 52 und
1237 3549 498 68 experimentellen
242 3545 1901 150 pharmakologie;

417 3629 317 67 begründet
788 3646 109 34 von
951 3631 63 52 L.
1070 3629 184 52 Asher
1307 3628 113 52 und
1479 3628 72 51 K.
1609 3626 188 67 Spiro,
1850 3626 150 65 hrsg.
2055 3642 110 33 von

242 3701 1831 73 L. Asher … O. Krayer … H. Rein … P. Rona … 35. bd. …
240 3784 304 67 München,
571 3787 54 53 J.
656 3787 63 50 F.
750 3788 346 65 Bergmann,
1127 3788 146 49 1933.

247 3870 41 33 v,
324 3859 127 46 1065,
492 3860 36 47 [1]
584 3870 43 36 p.
691 3859 141 44 illus.,
872 3860 167 45 tables,
1077 3859 176 46 diagrs.
1320 3857 115 40 26cm.

249 3915 232 40 Contains
512 3914 391 48 bibliographies.

178 3966 1987 52 © Nov. 29. 1933; 1c. Mar. 13, 1934; A- Foreign 24063; J. F. Bergmann.
