2350 4196
1166 4002 100 48 894

250 364 239 65 Fowler,
521 365 254 55 William
809 369 298 66 Franklin,
1144 374 169 49 1886-

320 442 119 54 The
467 444 177 53 battle
674 445 62 52 of
767 449 131 50 1933;
960 466 216 49 money,
1207 450 223 65 wealth,
1460 459 385 59 government,
1873 453 75 65 by
1976 454 259 53 William
252 521 62 51 F.
354 522 238 51 Fowler.

667 524 1267 71 Lynbrook, N. Y., W. F. Fowler [ c 1934]
326 594 55 40 90
408 607 42 36 p.
537 597 26 38 17
567 598 43 21 cm
615 627 6 7 .

256 647 1699 56 © May 1. 1934; 2c. and aff. May 3; A 71482: W. F. Fowler.
336 708 277 49 (34-29065)

250 807 342 69 Frankfort,
628 812 200 64 Henri,
865 813 170 53 1897-

379 889 1856 71 … Iraq excavations of the Oriental institute, 1932/33; third
247 965 375 68 preliminary
660 974 191 60 report
892 969 62 51 of
991 970 94 50 the
1123 971 136 65 Iraq
1297 970 345 66 expedition,
1679 971 74 65 by
1791 971 187 52 Henri

249 972 1963 123 Frankfort.
463 1041 267 71 Chicago,
769 1047 111 66 Ill.,
919 1047 120 52 The
1077 1047 334 65 University
1451 1047 61 51 of
1553 1048 250 66 Chicago
1841 1066 156 48 press
2080 1052 149 63 [c1934]

320 1117 64 46 ix,
418 1117 54 39 92
502 1128 42 36 p.
601 1118 162 46 front.,
795 1119 140 46 illus.,
969 1120 169 47 plates,
1173 1121 153 46 plans.
1386 1120 55 38 24½
1474 1122 43 20 cm
1523 1152 8 8 .
1604 1120 124 48 (The
1760 1120 219 40 Oriental
2012 1120 224 42 institute

252 1173 49 38 of
325 1174 84 38 the
430 1173 281 48 University
736 1175 49 39 of
811 1176 221 47 Chicago.
1086 1175 216 40 Oriental
1329 1176 226 39 institute
1580 1176 442 48 communications,
2048 1188 72 28 no.
2147 1178 79 47 17)

254 1225 50 52 ©
333 1230 126 40 June
485 1230 69 47 26,
582 1230 140 47 1934;
752 1232 67 39 2c.
848 1232 115 47 July
990 1233 81 46 16;
1104 1232 78 40 aff.
1215 1233 114 46 July
1358 1233 81 46 13;
1470 1234 42 37 A
1540 1233 168 46 73461;
1740 1232 281 48 University

2049 1234 51 39 of
321 1233 1897 101 Chicago,
481 1286 222 49 Chicago.

247 1389 316 66 Gaulmier,
596 1391 165 56 Jean.

384 1466 1197 69 … Matricule huit. Paris, Rieder, 1933.
255 1537 1960 104 4 p. l. , [11]-227 p.. 1 l. 19 cm . {On cover: Prosateurs français contemporains)
251 1653 1981 59 © Nov. 3, 1933; 1c. May 29. 1934; A-Foreign 24722; Éditions Rieder.
329 1718 278 48 (34-20041)

243 1807 271 66 Hannan,
543 1809 233 53 Jerome
805 1808 224 66 Daniel,
1061 1812 168 50 1896-

252 1883 1958 147 … The canon law of wills, an historical synopsis and commentary …
497 1959 1734 72 by Jerome Daniel Hannan … Washington, D. C., The
253 2038 257 55 Catholic
537 2040 312 68 university
878 2041 62 52 of
965 2040 277 68 America,
1274 2043 147 49 1934.

320 2110 50 40 ix
398 2122 56 36 p.,
481 2112 25 38 1
571 2144 7 15 l.,
608 2113 84 38 517
717 2123 43 36 p.
814 2113 54 39 23
873 2114 43 21 cm
922 2146 8 6 .
997 2113 124 47 (The
1148 2114 217 39 Catholic
1395 2113 270 47 university
1694 2114 50 39 of
1772 2113 234 40 America.
2066 2112 161 40 Canon

249 2168 94 39 law
371 2169 198 47 studies,
598 2180 74 28 no.
702 2169 78 47 86)

319 2226 171 39 Thesis
529 2226 62 47 (J.
652 2261 8 7 C.
692 2225 355 47 d.)—Catholic
1078 2227 269 48 university
1379 2228 50 38 of
1458 2227 235 48 America,
1727 2227 125 40 1934.

317 2283 342 48 Biographical
693 2286 124 37 note.

317 2340 347 48 Bibliography:
729 2351 42 37 p.
805 2339 215 41 495-502.

248 2397 50 51 ©
323 2402 126 39 June
471 2401 37 46 8,
533 2401 139 39 1934;
696 2399 67 41 2c.
788 2402 93 37 and
905 2399 81 40 aff.
1011 2400 125 39 June
1158 2402 55 37 14;
1265 2401 40 37 A
1329 2400 141 40 73071:
1527 2400 217 40 Catholic
1769 2400 128 39 univ.
1922 2401 50 38 of
1993 2398 234 41 America.

329 2458 276 47 (34-19831)

239 2546 231 66 Hawes,
506 2547 244 54 Charles
780 2548 352 63 Boardman,
1169 2549 321 51 1889-1923.

380 2620 1845 70 … The dark frigate: wherein is told the story of Philip
249 2701 288 54 Marsham
565 2701 125 51 who
717 2700 150 53 lived
897 2700 59 51 in
982 2701 95 53 the
1106 2702 135 52 time
1270 2700 62 55 of
1359 2700 160 68 King
1548 2699 233 56 Charles
1810 2698 111 53 and
1948 2717 114 34 was
2088 2697 138 53 bred

249 2797 26 33 a
308 2778 169 53 sailor
506 2779 96 51 buc
636 2795 148 35 came
811 2780 162 51 home
1003 2782 56 47 to
1088 2777 268 68 England
1387 2778 150 53 after
1567 2796 168 49 many
1762 2777 242 54 hazards
2033 2777 71 68 by
2135 2795 88 34 sea

249 2856 107 52 and
388 2856 132 52 land
550 2856 109 51 and
690 2855 207 66 fought
925 2854 90 53 for
1043 2855 93 52 the
1162 2854 139 68 king
1328 2861 60 48 at
1414 2855 283 68 Newbury
1730 2854 107 53 and
1867 2855 110 52 lost
2006 2875 28 32 a
2064 2861 163 61 great

249 2933 343 54 inheritance
633 2932 109 52 and
783 2932 269 69 departed
1095 2932 89 52 for
1222 2933 293 54 Barbados
1552 2933 61 52 in
1649 2933 95 54 the
1781 2950 149 37 same
1969 2933 145 66 ship,
2152 2931 71 68 by

247 3010 222 53 curious
505 3011 217 60 chance,
757 3011 55 49 in
847 3009 180 52 which
1062 3010 67 52 he
1165 3010 111 53 had
1310 3010 90 52 long
1478 3010 190 52 before
1705 3010 342 53 adventured
2086 3009 135 54 with

247 3088 93 54 the
364 3089 228 66 pirates,
618 3087 71 68 by
720 3086 232 55 Charles
980 3087 322 53 Boardman
1331 3088 233 65 Hawes;
1596 3088 138 52 with
1761 3087 375 53 illustrations
2163 3089 56 51 in

247 3167 148 51 color
419 3165 72 67 by
517 3166 191 52 Anton
738 3163 136 54 Otto
902 3163 243 53 Fischer.
1211 3165 229 66 Boston,
1466 3165 193 67 Little,
1687 3166 225 66 Brown,
1940 3164 110 52 and
246 3182 1951 128 company.
449 3246 148 49 1934.

313 3313 1901 49 7 p. l. . [3]-247 p. col. front., col. plates. 22½ cm . (The Beacon Hill
240 3371 276 46 bookshelf)

312 3429 283 39 Illustrated
615 3427 357 47 lining-papers.

240 3485 52 50 ©
318 3489 115 46 July
459 3488 67 40 12.
556 3487 138 46 1934;
724 3487 64 39 2c.
818 3488 95 38 and
941 3486 82 40 aff.
1050 3486 114 47 July
1191 3487 80 45 13;
1302 3489 40 36 A
1370 3488 142 39 73388;
1568 3489 161 45 Little,
1758 3490 189 45 Brown,
1979 3490 94 38 and
307 3498 1893 92 company.

526 3545 262 45 [Copyright
816 3544 40 38 is
885 3543 202 39 claimed
1116 3553 58 28 on
1202 3543 341 47 illustrations]

317 3600 277 48 (34-19649)

230 3689 252 64 Henkin,
517 3689 244 55 Ascher.

301 3766 159 53 Must
487 3786 82 33 we
594 3768 143 51 have
768 3784 116 34 war
899 3765 18 52 ?
995 3767 96 50 An
1117 3765 227 67 inquiry
1372 3766 120 53 into
1522 3768 95 51 the
1645 3784 188 35 causes
1863 3765 63 53 of
1954 3785 116 32 war
2099 3766 110 52 and

234 3844 94 52 the
370 3844 257 54 methods
672 3843 62 52 of
775 3845 74 51 its
891 3843 348 67 prevention,
1279 3844 77 66 by
1397 3845 217 52 Ascher
1655 3844 246 52 Henkin.
1980 3845 229 63 Boston,

233 3919 65 55 B.
331 3921 369 67 Humphries,
731 3921 105 54 inc.
876 3956 12 28 [
893 3928 18 20 c
915 3925 134 49 1934]
