2350 4196
1212 4025 100 50 256

289 397 308 65 [Woolfolk,
628 396 205 54 Josiah
862 396 177 68 Pitts]
1077 402 168 48 1894-

336 473 159 51 Trial
528 473 111 54 and
673 491 181 47 error;
891 492 30 33 a
955 472 325 69 dithyramb
1311 493 69 33 on
1412 475 93 51 the
1536 474 216 67 subject
1784 475 62 51 of
1879 475 231 68 writing
2141 477 109 50 and

266 551 221 68 selling,
524 551 72 68 by
634 551 146 53 Jack
816 550 319 54 Woodford
1193 554 213 66 [pseud.]
1479 552 136 53 New
1656 552 159 51 York
1855 554 130 67 city,
2027 553 226 69 Carlyle

264 628 187 66 house,
480 632 150 52 1934.

335 710 44 36 x,
414 700 69 49 [2],
514 700 173 40 13-298
716 711 42 37 p.
819 700 53 38 21
877 703 43 20 cm
927 733 6 6 .

336 757 236 40 “Revised
602 757 379 40 edition—third
1009 757 256 49 printing.”

339 827 50 51 ©
423 832 108 39 Feb.
565 832 67 45 10,
667 832 139 40 1934;
841 833 66 38 2c.
941 832 109 39 Feb.
1084 833 81 45 24;
1201 832 80 40 aff.
1316 834 120 38 Mar.
1514 844 7 35 8;
1558 833 40 38 A
1631 832 168 48 69572;
1836 835 41 38 J.
1913 836 51 38 P.
1996 835 257 47 Woolfolk,

338 889 342 41 Jacksonville,
711 889 100 38 Fla.
878 884 67 53 [©
976 889 220 47 changes]
1271 889 248 47 (34-4713)

265 990 327 66 Woollcott,
626 992 354 65 Alexander,
1017 992 169 53 1887-

394 1068 1859 70 … While Rome burns. New York, The Viking press, 1934.
334 1142 98 46 viii,
467 1141 86 40 328
584 1152 42 37 p.
686 1142 57 38 24
746 1145 43 20 cm
795 1174 7 8 .

335 1199 38 38 A
412 1199 230 39 selection
682 1197 51 41 of
771 1199 81 39 the
890 1198 217 40 author’s
1145 1200 104 39 best
1287 1200 171 39 horror
1497 1200 187 46 stories,
1724 1200 270 47 anecdotes,
2032 1203 223 45 personal

264 1255 246 47 portraits,
543 1255 261 47 legendary
835 1257 137 44 tales,
1005 1257 96 38 and
1132 1255 379 41 reminiscences.

268 1321 1988 54 © Mar. 5, 1934; 2c. Mar. 3; aff. Mar. 6; A 69745; A. Woollcott, New
336 1383 142 39 York.
551 1382 249 48 (34-1981)

267 1483 254 65 Wright,
552 1486 137 51 Mrs.
721 1486 174 51 Anna
925 1484 230 65 (Allen)
1193 1489 170 49 1882-

333 1562 327 51 Handbook
698 1561 64 53 of
801 1561 160 69 frogs
1001 1563 111 51 and
1149 1562 189 67 toads;
1378 1562 97 52 the
1514 1562 160 67 frogs
1714 1564 111 51 and
1862 1564 163 52 toads
2064 1564 64 52 of
2164 1565 96 52 the

265 1640 216 53 United
537 1638 187 55 States
777 1641 112 51 and
943 1639 251 67 Canada,
1244 1640 76 67 by
1370 1640 171 52 Anna
1591 1640 173 52 Allen
1812 1640 234 68 Wright
2105 1643 146 65 [and]

263 1717 1969 146 Albert Hazen Wright … Ithaca, N. Y., The Comstock publishing co., inc., 1933.
334 1868 63 48 xi,
427 1869 83 39 231
541 1879 41 36 p.
644 1868 126 39 illus.
831 1867 57 40 20½
920 1871 43 20 cm
969 1900 7 7 .
1048 1868 297 48 (Half-title:
1373 1869 296 40 Handbooks
1699 1869 50 40 of
1776 1868 256 40 American
2062 1870 196 39 natural

265 1925 494 47 history … vol. I)
336 1983 225 39 Lettered
591 1993 60 28 on
680 1993 165 28 cover:
877 1982 152 47 Frogs
1059 1982 93 39 and
1181 1981 152 39 toads.

337 2039 374 47 Bibliography:
747 2050 42 36 p.
824 2033 215 45 203-217.

269 2099 1986 51 © Jan. 16. 1934; 2c. Jan. 18; aff. Jan. 17; A 69177; Comstock pub. co.,
338 2161 88 38 inc.
502 2159 249 48 (34-2293)

268 2263 253 65 Wroost,
554 2261 287 65 Wilfried,
873 2265 171 49 1889-

398 2337 1864 70 … Siedler in der surheide, roman. Hamburg, H. Köhler
271 2452 12 33 [
289 2424 17 21 c
310 2422 153 63 1933]

341 2493 84 39 317
455 2503 43 36 p.
557 2491 113 40 19cm.

270 2545 50 51 ©
352 2549 124 47 Sept.
506 2548 68 40 15,
603 2547 112 40 1933;
773 2549 65 38 1c.
868 2548 107 39 Jan.
1005 2546 38 47 9,
1073 2547 112 40 1934;
1242 2547 313 47 A-Foreign
1579 2547 147 40 23259;
1780 2548 139 39 Hans
1946 2547 182 40 Köhler
336 2557 1904 95 Verlag.
500 2604 249 48 (34-4971)

268 2707 227 65 Wroth,
526 2708 313 53 Lawrence
873 2708 406 64 Counselman,
1314 2711 168 49 1884-

334 2783 1863 69 An American bookshelf, 1755, by Lawrence C. Wroth …
265 2862 424 67 Philadelphia,
751 2863 336 65 University
1150 2862 62 52 of
1272 2862 423 67 Pennsylvania
1756 2880 183 49 press;
2002 2862 256 65 London,

263 2940 76 53 H.
367 2939 265 69 Milford,
663 2939 228 54 Oxford
920 2939 316 67 university
1263 2958 173 48 press,
1467 2942 150 50 1934.

336 3013 63 47 ix,
436 3013 83 39 191
553 3023 44 37 p.
656 3013 54 39 23½
745 3015 43 20 cm
793 3045 7 7 .

337 3069 277 40 Half-title:
648 3070 101 39 The
779 3070 53 38 A.
867 3070 42 40 S.
942 3070 70 39 W.
1044 3069 283 39 Rosenbach
1356 3068 277 47 fellowship
1662 3069 48 38 in
1742 3067 348 49 bibliography.

338 3125 1918 48 “Three lectures … delivered at … [Pennsylvania] university in the
266 3183 166 48 spring
456 3183 50 39 of
531 3182 126 48 1933,
683 3183 362 46 supplemented
1069 3182 60 46 by
1155 3183 135 38 notes
1316 3182 94 39 and
1436 3193 26 28 a
1490 3181 400 48 bibliographical
266 3179 1992 108 appendix.”—p.
355 3240 61 48 [vi]

339 3292 1919 53 “[An] examination … of certain selected books and pamphlets issued
268 3350 847 48 in and about the year 1755.”—p. 1.
337 3409 325 48 Appendices:
701 3419 42 37 p.
778 3408 215 39 118-183.

271 3463 51 51 ©
352 3467 108 39 Feb.
491 3466 38 40 9.
559 3466 140 39 1934;
730 3466 66 38 2c.
827 3465 108 38 Feb.
967 3465 54 37 14;
1081 3464 77 38 aff.
1191 3463 109 39 Feb.
1330 3464 81 44 13;
1444 3463 41 38 A
1513 3462 169 46 70229;
1717 3462 280 47 University
2028 3463 49 40 of
338 3463 1900 107 Pennsylvania
587 3532 148 37 press.
808 3520 249 47 (34-3103)

273 3624 414 63 Wurdemann,
717 3624 260 62 Audrey,
1010 3625 166 49 1911-

343 3700 208 68 Bright
577 3698 254 67 ambush,
858 3716 192 50 poems
1077 3697 74 69 by
1175 3697 236 68 Audrey
1439 3697 407 53 Wurdemann.
1912 3696 137 52 New
2079 3693 179 60 York,

270 3776 120 52 The
419 3777 157 54 John
604 3776 131 68 Day
765 3793 279 50 company
1154 3777 102 49 [c1934]

343 3848 651 48 7 p. l., 76 p., 1 l. 23½ cm .
273 3902 51 51 ©
362 3906 108 39 Feb.
506 3907 69 40 23,
611 3906 139 46 1934;
788 3906 65 38 2c.
892 3905 109 39 Feb.
1037 3906 80 45 23;
1158 3904 78 40 aff.
1274 3905 110 38 Feb.
1421 3904 81 47 27;
1541 3905 40 37 A
1616 3904 168 43 70395;
1823 3904 52 38 A.
1915 3902 339 45 Wurdemann,

342 3963 115 37 New
486 3963 142 39 York.
700 3961 248 48 (34-5081)
