2350 4196
1058 4006 131 49 1845

152 374 323 64 [Cameron,
505 376 261 64 Douglas
796 378 167 52 Euan]

215 452 56 51 A
304 470 195 35 course
529 456 61 50 in
623 455 350 66 psychology;
1040 455 270 66 designed
1344 455 97 53 for
1469 457 95 51 the
1599 457 448 53 reconstruction
2082 455 64 53 of

144 528 94 52 the
271 530 368 67 personality.
713 533 274 66 [London,
1020 534 288 66 England,
1341 533 221 53 British
1597 535 260 52 institute
1888 535 63 52 of
142 552 1979 106 practical
306 608 367 68 psychology,
703 613 150 63 1933]

217 681 283 47 cover-title,
532 682 112 49 [127]
693 714 7 7 l.
759 684 151 47 diagr.
968 683 114 40 25cm.

217 737 285 39 Loose-leaf.

217 794 408 47 Mimeographed.

151 846 1992 54 © 1c. Jan. 25, 1934; A ad int. 18639, pubd. Dec. 29, 1933; D. E. Cameron,
216 907 114 47 Rye,
358 908 54 38 N.
440 908 52 37 Y.

146 996 166 63 Case,
338 996 145 52 Paul
513 997 226 56 Foster.

216 1073 119 52 The
369 1073 146 51 book
549 1074 63 51 of
645 1075 226 66 tokens;
907 1078 67 49 22
1007 1075 366 53 meditations
1408 1095 72 34 on
1513 1078 95 50 the
1644 1079 210 64 ageless
1889 1077 253 54 wisdom.

145 1151 404 65 Commentary
573 1153 73 66 by
672 1156 147 50 Paul
844 1156 201 51 Foster
1070 1154 154 56 Case.
1284 1155 402 67 Washington,
1710 1157 71 50 D.
1807 1156 79 65 C.,
1912 1157 230 65 Tarota,

144 1232 150 51 1934.

215 1301 63 48 ix,
307 1301 97 43 190,
436 1304 54 48 [1]
520 1315 40 36 p.
591 1304 108 40 incl.
728 1306 164 46 front.,
921 1306 127 39 illus.
1107 1306 144 39 18½cm.

147 1355 50 51 ©
227 1361 109 38 Dec.
365 1360 68 46 24,
461 1360 139 48 1934;
631 1362 66 39 2c.
725 1364 94 37 and
849 1362 79 40 aff.
959 1363 111 39 Dec.
1098 1363 80 45 27;
1209 1363 40 37 A
1278 1362 168 43 77876;
1478 1364 49 37 P.
1558 1363 50 38 F.
1638 1363 134 46 Case,
1802 1363 95 37 Los
1922 1363 217 45 Angeles.

145 1477 375 66 Chatterton,
552 1480 253 54 Edward
835 1481 200 64 Keble,
1068 1481 170 55 1878-

221 1553 228 70 Sailing
480 1556 229 67 models,
743 1558 222 52 ancient
997 1559 45 49 &
1072 1557 249 68 modern,
1353 1557 74 68 by
1460 1556 68 54 E.
1562 1556 180 53 Keble
1777 1555 335 55 Chatterton;

150 1632 138 52 with
324 1635 96 48 161
451 1633 378 54 illustrations
860 1634 299 68 including
1186 1637 34 48 4
1252 1634 260 52 coloured
1544 1635 182 67 plates
1760 1635 112 51 and
1901 1631 32 55 7
1964 1635 179 67 plans.

150 1710 256 64 London,
437 1710 186 53 Hurst
651 1713 44 50 &
728 1711 280 69 Blackett,
1042 1713 121 67 ltd.,
1197 1714 149 50 1934.

217 1780 56 41 95
300 1792 57 37 p.,
384 1782 25 38 1
457 1814 8 8 l.
526 1783 86 39 col.
637 1782 164 50 front.,
828 1785 157 47 plates
1014 1784 136 48 (part
1175 1784 111 47 col.)
1320 1785 104 40 fold.
1468 1785 139 48 plans
1635 1783 74 47 (in
1736 1784 195 50 pocket)
1997 1786 145 40 28½cm.

219 1839 238 40 “Limited
490 1841 48 38 to
569 1839 114 40 1000
714 1841 201 46 copies.”
976 1842 118 38 This
1125 1852 116 36 copy
1274 1845 83 36 not
1390 1843 275 38 numbered.

146 1896 1993 52 © 1c. Dec. 28, 1934; A ad int. 19796; pubd. Nov. 2: E. K. Chatterton,
213 1957 209 39 London.
496 1956 249 50 (35-2383)

142 2046 218 64 Cicero,
392 2048 236 51 Marcus
656 2045 241 56 Tullius.

212 2122 242 54 Cicero’s
497 2124 223 52 oration
762 2125 93 51 for
895 2124 261 66 Archias,
1196 2125 96 51 the
1332 2130 158 61 poet;
1536 2126 282 66 arranged
1859 2124 59 52 in
140 2144 1975 110 senselines
343 2203 73 66 by
477 2203 225 55 Gilbert
767 2203 61 53 C.
890 2206 287 50 Peterson.
1275 2205 136 51 Rev.
1476 2204 83 51 ed.
1661 2203 261 67 October,
1987 2206 151 49 1933.

149 2279 82 54 St.
275 2279 191 69 Louis,
508 2281 134 66 Mo.,
684 2281 121 53 The
849 2281 272 54 Classical
1163 2281 257 67 bulletin,
1467 2280 82 55 St.
1592 2281 173 52 Louis
1809 2281 334 67 university,

140 2361 150 51 1933.

211 2434 23 39 1.
263 2445 42 27 V.

144 2486 50 51 ©
223 2491 116 38 Nov.
368 2492 39 45 1,
436 2490 140 46 1933;
605 2489 64 39 2c.
699 2489 115 38 Nov.
844 2489 52 39 13;
956 2488 80 39 aff.
1066 2489 116 39 Nov.
1211 2489 81 46 11;
1325 2489 43 40 A
1391 2489 142 39 67115;
1595 2489 190 39 Gilbert
1812 2488 49 40 C.
1892 2489 245 43 Peterson,

214 2547 65 40 St.
312 2547 159 40 Louis.
536 2542 67 53 [©
636 2558 25 28 a
694 2546 255 39 sense-line
982 2548 341 44 arrangement
1354 2546 50 38 of
1436 2547 83 38 the
1549 2549 118 45 text]

144 2637 258 54 Colonial
428 2636 462 64 Williamsburg,
919 2636 110 55 inc.

137 2714 1976 147 The Governor’s palace … [Williamsburg, Va.] Colonial Williamsburg, incorporated, 1934.
211 2868 67 46 15,
314 2869 53 48 [1]
401 2879 41 36 p.
503 2867 126 39 illus.
660 2866 131 47 (incl.
825 2865 138 48 plan)
1030 2863 142 40 19½cm.

144 2921 51 51 ©
227 2925 118 47 Aug.
378 2925 38 42 8,
448 2923 114 40 1934;
623 2923 65 39 2c.
721 2923 95 38 and
847 2921 81 40 aff.
960 2922 117 46 Aug.
1112 2921 80 42 10;
1227 2922 40 38 A
1299 2921 169 42 73802;
1506 2921 218 40 Colonial
1757 2921 380 46 Williamsburg,

211 2982 89 40 inc.

140 3071 224 65 Colton,
393 3073 172 60 Mary
593 3069 231 53 Russell
851 3069 239 64 Ferrell,
1118 3074 169 48 1889-

310 3145 1828 67 … Art for the schools of the Southwest; an outline for the
142 3224 1879 71 public and Indian schools, by Mary-Russell F. Colton …
142 3303 303 71 Flagstaff,
477 3305 177 60 Ariz.,
687 3304 121 50 The
839 3303 288 52 Northern
1161 3302 251 51 Arizona
1444 3302 211 66 society
1687 3301 63 52 of
1782 3301 212 52 science
2027 3302 111 51 and

141 3391 106 59 art,
290 3387 150 50 1934.

214 3460 55 39 34
298 3469 40 37 p.
400 3459 128 37 illus.
585 3455 114 38 21cm.
770 3455 248 48 (Museum,
1044 3454 54 39 of
1124 3455 232 38 northern
1386 3451 222 41 Arizona.
1669 3452 217 39 Bulletin
1917 3452 49 48 6)

147 3513 51 50 ©
226 3517 107 39 Feb.
364 3516 38 46 1,
431 3514 114 39 1934;
600 3512 65 39 2c.
695 3512 108 39 Jan.
829 3510 54 40 29
902 3522 8 29 :
942 3511 79 39 aff.
1052 3511 107 39 Feb.
1188 3509 53 42 9;
1270 3511 40 37 A
1338 3509 169 41 69374;
1537 3508 245 40 Northern
1811 3507 203 40 Arizona
2048 3519 78 29 soc

211 3573 52 40 of
288 3571 184 41 science
498 3570 94 39 and
619 3573 91 35 art.

140 3664 337 53 Commerce
506 3658 263 64 clearing
793 3658 202 54 house.

320 3733 1709 69 Revenue bill, 1934, as introduced February 9, 1934 …
141 3819 156 66 [New
321 3816 179 57 York.
526 3814 269 66 Chicago,
819 3818 98 47 etc.]
968 3814 321 54 Commerce
1315 3811 251 66 clearing
1588 3812 190 66 house,
1803 3811 104 52 inc.
1940 3814 176 64 [c1934]

210 3890 56 41 69
294 3901 41 37 p.
392 3890 145 39 23½cm.

209 3947 295 42 Cover-title.
