2350 4296
1108 4013 98 49 665

186 351 311 55 American
540 354 305 54 historical
886 355 374 54 association.
1344 357 375 53 Commission
1761 376 71 33 on
1876 358 91 52 the
2009 358 174 53 social

252 432 212 53 studies
492 433 62 53 in
584 433 91 53 the
705 435 232 53 schools.

315 521 1866 60 … Conclusions and recommendations of the commission.
185 600 136 52 New
355 601 178 67 York,
569 602 251 68 Chicago
857 609 137 61 [etc.]
1034 603 62 54 C.
1133 602 310 56 Scribner’s
1477 622 128 35 sons
1646 637 12 33 [
1663 611 17 21 c
1686 606 151 65 1934]

251 675 63 46 xi,
343 674 84 41 168
452 687 40 36 p.
555 674 54 41 20
613 678 42 20 cm
661 707 7 6 .
742 677 95 47 (Its
866 677 181 47 Report
1073 677 50 39 of
1149 676 79 41 the
1257 676 319 41 Commission
1604 687 58 30 on
1693 678 81 39 the
1801 678 146 40 social
1979 679 196 41 studies.

185 730 110 49 [16])

251 787 69 40 On
355 798 166 30 cover:
557 789 256 40 American
846 789 251 41 historical
1133 789 306 40 association.

250 844 202 40 Preface
479 844 166 47 signed
665 857 7 27 :
706 846 49 38 A.
785 846 47 41 C.
860 847 144 46 Krey,
1035 845 264 42 chairman.

252 901 347 47 Bibliography
625 905 51 37 at
700 904 90 37 end
816 902 51 38 of
891 902 116 40 each
1033 902 199 46 chapter
1259 905 169 44 except
1454 902 200 48 chapter
1703 936 8 8 I.

184 953 50 51 ©
265 959 112 45 May
404 958 68 45 21,
500 958 140 45 1934;
671 959 66 38 2c.
766 961 94 36 and
890 958 78 38 aff.
1000 959 116 45 May
1141 958 80 46 23;
1253 959 40 37 A
1321 958 170 46 72479;
1525 958 201 40 Charles
1760 959 264 41 Scribner’s
2054 970 125 30 sons.

260 1014 279 47 (34-14524)

179 1116 178 57 Bible.
437 1120 63 51 O.
536 1123 61 49 T.
673 1120 368 53 Pentateuch.

1919 1219 188 62 חמשה
1699 1219 190 60 חומשי
1505 1219 166 60 תורה
1385 1221 90 56 עם
1165 1219 190 58 תרגום
853 1195 282 104 אונקלוס,
497 1219 312 58 ההפטרות
175 1215 288 62 והתפלות

2039 1295 140 84 לכל
1761 1317 218 60 שבתות
1537 1319 166 56 השנה
1361 1317 116 58 ועט
1109 1315 190 62 פירוש
909 1313 142 64 רש״י
609 1317 238 60 מתורגם
329 1293 216 82 אנגלית
173 1309 96 64 ע״י

2111 1419 68 58 מ.
1807 1415 264 62 רוזנכייט
1629 1415 138 60 ודר.
1521 1417 66 58 א.
1417 1419 66 56 מ.
1113 1391 264 106 זילברמן
709 1417 364 58 בהשתתפות
585 1417 92 56 עם
479 1415 66 58 א.
173 1391 264 100 בלאשקי

2085 1495 92 84 ול.
1875 1519 166 80 יוסף.
1695 1519 138 58 ספר
1383 1517 260 60 במדבר.
1087 1495 210 104 לונדון,
773 1517 264 58 בהוצאת
461 1517 266 58 שאפירא
173 1491 240 106 ואלנטין

1917 1617 260 64 ושופטיו,
1669 1611 216 66 תרצ״ג.

244 1689 208 39 Various
483 1689 216 48 pagings.
758 1689 54 40 23
817 1692 43 20 cm
865 1720 7 7 .

248 1746 206 39 Hebrew
489 1749 129 37 texts
653 1748 94 38 and
782 1746 202 48 English
1019 1746 320 40 translations
1375 1746 52 40 of
1460 1746 303 40 Pentateuch
1797 1748 95 38 and
1927 1746 154 40 Bashi
2115 1756 62 29 on

175 1803 218 47 opposite
421 1814 172 37 pages;
623 1805 153 46 paged
805 1803 49 39 in
885 1803 258 48 duplicate.

248 1860 167 40 Added
468 1863 123 45 t.-p.:
646 1861 301 39 Pentateuch
1000 1860 119 40 with
1170 1861 212 46 Targum
1435 1860 223 47 Onkelos,
1712 1861 317 47 Haphtaroth
2079 1862 96 39 and

173 1928 200 37 prayers
407 1918 79 39 for
525 1917 214 41 Sabbath
776 1919 95 38 and
908 1917 193 40 Rashi's
1137 1920 342 45 commentary,
1519 1918 273 39 translated
1830 1918 102 40 into
1972 1916 201 50 English

174 1976 95 38 and
307 1977 265 38 annotated
610 1975 60 46 by
709 1975 113 39 Rev.
864 1976 60 39 M.
965 1975 306 39 Rosenbaum
1310 1976 95 38 and
1445 1975 83 39 Dr.
1568 1975 53 39 A.
1662 1976 62 37 M.
1765 1973 319 49 Silbermann,
2124 1973 51 38 in

174 2031 1998 48 collaboration with A. Blasliki and L. Joseph … Numbers. London,
177 2089 218 47 Shapiro,
424 2089 277 39 Vallentine
729 2089 36 39 &
791 2100 81 36 co.,
902 2088 126 40 1933.

176 2142 1995 52 © Dec. 26, 1933; 1c. Feb. 27, 1934; A-Foreign 24458; A. M. Silbermann.
242 2204 179 39 Berlin.

167 2306 372 67 Biederwolf,
564 2307 261 53 William
857 2308 270 64 Edward,
1161 2308 169 54 1867-

239 2399 485 68 Whipping-post
760 2400 295 67 theology;
1097 2417 79 49 or,
1214 2399 119 52 Did
1373 2399 166 53 Jesus
1580 2403 164 47 atone
1786 2396 95 54 for
1918 2396 248 54 disease?

170 2475 2001 71 By William Edward Biederwolf … Grand Rapids, Mich.,
167 2557 147 54 Wm.
346 2558 66 52 B.
444 2558 317 51 Eerdmans
789 2556 336 62 publishing
1153 2574 297 44 company,
1479 2559 151 49 1934.

237 2630 86 41 305
352 2641 41 38 p.
456 2630 55 40 20
515 2633 43 20 cm
564 2663 7 8 .

173 2684 50 52 ©
251 2688 112 48 Apr.
393 2689 68 46 14,
491 2688 140 47 1934;
662 2688 67 39 2c.
760 2687 94 39 and
884 2687 81 39 aff.
997 2688 113 46 May
1139 2687 80 40 21;
1252 2687 41 38 A
1321 2686 170 46 71717;
1524 2688 120 38 Wm.
1676 2687 53 38 B.
1762 2686 268 40 Eerdmans
2060 2687 109 45 pub.

241 2756 66 30 co.
379 2745 279 49 (34-14511)

168 2850 324 64 Bogardus,
525 2851 222 62 Emory
773 2849 279 63 Stephen,
1087 2854 167 49 1882-

168 2939 1970 146 Sociology, by Emory S. Bogardus … New York. The Macmillan company, 1934.
242 3089 63 47 xi,
333 3090 86 40 415
450 3102 41 36 p.
552 3092 25 38 2
606 3091 152 46 diagr.
818 3089 57 40 20½
907 3092 43 21 cm
956 3121 8 8 .

244 3147 85 39 “In
364 3148 261 47 preparing
661 3147 98 39 this
792 3157 107 29 new
933 3147 121 38 book
1089 3146 169 40 liberal
1295 3157 84 29 use
1414 3147 88 39 has
1539 3146 114 39 been
1692 3147 140 38 made
1867 3145 51 40 of
1953 3146 82 39 the
175 3156 1972 87 material
349 3205 47 38 in

432 3206 82 38 the
545 3204 90 39 five
670 3204 209 39 editions
914 3202 263 48 appearing
1211 3204 152 38 under
1399 3204 81 39 the
1515 3203 108 40 title
1657 3203 51 39 of
1740 3203 339 39 Introduction
2118 3206 48 36 to

172 3260 238 49 sociology
440 3261 157 38 which
628 3262 121 37 have
778 3261 231 46 preceded
1040 3261 81 38 the
1149 3260 298 47 publication
1477 3259 51 40 of
1556 3260 99 39 this
1684 3259 371 40 work.”—Pref.

242 3317 67 39 “A
341 3317 304 48 sociological
677 3317 247 39 reference
956 3315 240 48 library”:
1229 3328 43 37 p.
1307 3316 229 47 399-401;
1571 3316 303 48 “Readings”
1908 3319 50 37 at
1990 3317 91 39 end
2115 3316 51 39 of

170 3373 118 39 each
315 3376 212 45 chapter.

171 3426 50 51 ©
250 3431 112 48 Apr.
391 3432 69 46 24,
489 3431 113 40 1934;
660 3431 66 39 2c.
756 3432 94 38 and
879 3430 80 40 aff.
989 3432 113 46 May
1130 3431 53 40 23;
1243 3431 40 39 A
1311 3431 169 47 71723;
1513 3432 282 39 Macmillan
1824 3442 65 29 co.

246 3488 279 48 (34-14341)

162 3593 246 64 Brandt,
442 3593 283 56 Elfriedel

169 3681 1993 132 … Zickzack ins blaue; mit farbigen und schwarzen bildern von Marie Luise Scherer.
1030 3760 309 67 Stuttgart,
1370 3760 71 52 K.
1473 3760 389 53 Thienemann
1895 3794 12 33 [
1912 3766 17 21 c
1935 3761 152 65 1933]

239 3832 96 44 111,
385 3833 38 46 [1]
455 3843 41 36 p.
557 3834 83 37 col.
671 3832 162 39 front.,
865 3833 142 42 illus.,
1039 3834 85 38 col.
1157 3843 60 36 pl.
1279 3834 112 36 21cm.

169 3888 1996 51 © Oct. 1, 1933; 1c. May 1, 1934; A-Foreign 24488; K. Thienemanns
235 3951 177 46 verlag.
485 3949 278 46 (34-15446)
