2350 4196
1116 4017 133 50 1800

252 451 55 40 48
339 463 41 36 p.
442 451 54 39 19
501 454 14 20 cm
550 484 7 6 .

191 504 51 51 ©
271 509 115 38 Nov.
418 508 38 42 8,
488 507 138 46 1934;
660 507 64 40 2c.
755 508 115 39 Nov.
902 508 82 46 27;
1016 507 80 39 aff.
1127 507 115 39 Nov.
1274 506 81 46 26;
1388 506 42 38 A
1458 504 170 48 78842;
1662 506 36 37 I.
1732 505 48 40 C.
1813 503 231 49 Fleming,
2080 505 93 40 San

258 565 271 39 Francisco,
600 564 84 48 (ca
700 563 172 41 34-175
891 564 234 47 Unrev’d)

192 655 425 64 Frankenfield,
646 656 224 62 Henry.

265 732 180 52 Block
481 731 264 68 printing
780 732 138 52 with
954 731 297 66 linoleum;
1291 749 30 33 a
1358 729 274 67 practical
1668 729 231 54 manual
1935 730 92 51 for
193 737 1961 125 students

393 811 111 51 and
541 810 251 52 teachers
828 809 59 52 in
926 809 315 67 engraving
1278 809 112 51 and
1428 806 263 68 printing
1728 807 140 53 with
1906 807 271 53 linoleum

195 884 1983 70 cuts, by Henry Frankenfield … Camden, N. J., C. Howard
195 965 164 52 Hunt
388 984 109 48 pen
525 983 279 49 company
879 969 149 62 [c1934]

260 1038 70 47 40,
360 1039 55 48 [8]
443 1049 43 37 p.
511 1038 109 40 incl.
646 1038 164 47 front.,
836 1037 128 40 illus.
1016 1036 56 39 22½
1104 1038 45 22 cm
1152 1067 8 9 .

194 1091 50 51 ©
280 1096 115 46 July
429 1096 68 45 31,
532 1095 140 46 1934;
708 1095 64 39 2c.
854 1106 73 36 Aug.
963 1094 81 46 21;
1083 1093 79 40 aff.
1200 1093 99 40 Oct.
1337 1093 51 46 6;
1426 1092 41 39 A
1501 1092 169 47 76446;
1708 1092 48 40 C.
1793 1092 215 40 Howard
2043 1093 141 39 Hunt

260 1163 90 36 pen
376 1162 64 29 co.
513 1151 218 48 (35-724)

194 1240 115 52 Das
346 1239 397 63 frauenbuch;
783 1241 100 52 das
919 1240 141 55 weib
1098 1241 80 54 als
1213 1240 294 67 madchen,
1543 1239 207 68 gattin,
1783 1244 228 61 mutter,
264 1237 1896 148 pflegerin

451 1318 116 51 und
593 1317 310 53 erzieherin
926 1319 61 51 in
1012 1318 285 67 gesunclen
1322 1316 117 52 und
1465 1315 256 53 kranken
1746 1321 188 63 tagen,
1958 1317 226 53 heraus-

264 1394 1922 69 gegeben von dr. Heinz Brauer, Robert Ernst [u. a.] … Mit
266 1477 62 51 59
369 1473 241 66 bildern,
652 1476 64 48 10
755 1473 211 52 bunten
1007 1475 116 50 und
1163 1473 319 53 schwarzen
1521 1472 185 53 tafeln
1746 1473 117 52 und
1904 1476 32 48 2
267 1473 1894 130 zerlegbaren

462 1549 1724 70 modellen. Neubearb. ausg. … Berlin, Leipzig, Bong
265 1631 45 49 &
341 1647 97 46 co.,
471 1632 147 48 1934.

268 1701 1917 50 viii, 280 p., 3 l. illus., plates (part col., part fold.) fold. tab. 25 cm .
268 1760 155 39 Three
451 1760 189 39 colored
667 1760 156 46 plates
853 1769 82 30 are
964 1760 117 39 each
1109 1759 339 47 accompanied
1475 1761 60 46 by
1563 1771 27 28 a
1619 1760 102 39 leaf
1748 1759 119 40 with
1897 1758 290 49 descriptive

199 1817 294 45 letterpress,
531 1818 82 37 not
649 1816 223 39 included
908 1816 50 38 in
995 1817 84 38 the
1114 1816 199 47 paging;
1353 1817 362 46 superimposed
1752 1817 190 39 colored
1979 1817 133 46 plate
2145 1816 42 39 is

199 1873 48 38 in
273 1873 196 46 pocket;
498 1872 165 39 folded
688 1873 129 38 table
843 1872 41 40 is
910 1874 227 38 mounted
1164 1884 58 28 on
1250 1883 42 37 p.
1318 1873 26 39 3
1372 1873 50 39 of
1448 1882 152 30 cover.

269 1930 114 38 Also
420 1929 162 39 issued
618 1939 53 29 as
707 1940 41 28 v.
785 1929 25 39 3
846 1930 50 38 of
932 1930 185 45 Platen,
1154 1930 61 38 M.
1276 1929 90 40 Die
1402 1939 121 29 neue
1559 1929 336 41 heilmethode.

198 1981 1989 53 © Apr. 27, 1934; 1c. July 3 ; A-Foreign 25114; Deutsches verlagshaus
264 2043 137 46 Bong
426 2042 37 40 &
489 2053 66 29 co.
627 2041 218 49 (35-969)

200 2117 211 64 Gager,
440 2118 244 54 Charles
710 2119 227 58 Stuart,
967 2119 170 54 1872-

271 2196 121 50 The
440 2196 164 60 plant
648 2195 208 66 world;
907 2196 163 60 plant
1116 2195 105 53 life
1267 2196 64 52 of
1376 2214 103 34 our
1527 2197 178 68 earth,
1750 2197 76 67 by
1872 2197 62 55 C.
1985 2197 200 55 Stuart

199 2272 1986 71 Gager … New York, The University society, incorporated
246 2354 150 62 [c1934]

271 2435 28 28 v
331 2435 57 37 p.,
420 2424 24 38 1
513 2455 8 16 l.,
553 2424 87 39 136
669 2433 42 38 p.
772 2424 142 45 illus.,
947 2423 151 49 diagr.
1159 2425 52 39 23½
1246 2426 43 21 cm
1294 2455 8 9 .
1374 2425 125 47 (The
1532 2425 281 49 University
1845 2425 177 48 series;
203 2425 1969 104 highlights
379 2481 53 39 of
461 2481 196 39 modern
687 2481 294 47 knowledge.
1045 2480 215 49 Botany)

273 2537 71 40 On
372 2547 165 29 cover:
569 2536 281 48 Highlights
880 2538 52 38 of
957 2538 198 39 modern
1182 2538 293 49 knowledge.

274 2593 162 40 “First
468 2593 141 40 trade
636 2593 183 40 edition
852 2592 157 41 1934.”

274 2649 341 48 “Suggestions
645 2649 80 40 for
753 2650 196 39 further
979 2649 254 48 reading”:
1264 2662 43 38 p.
1340 2651 215 41 123-124.

203 2703 53 51 ©
281 2708 111 45 Apr.
423 2705 68 48 26,
520 2706 139 46 1934;
691 2707 66 38 2c.
786 2708 94 38 and
910 2706 79 39 aff.
1020 2707 110 39 Dec.
1162 2708 79 46 17;
1272 2709 42 38 A
1343 2709 168 47 77718;
1544 2709 282 48 University
1855 2720 107 37 soc.,
1990 2709 89 40 inc.

281 2763 218 48 (35-816)

203 2834 373 68 Glushakow,
604 2838 304 52 Abraham
937 2840 181 63 Dave,
1150 2846 169 48 1892-
1531 2843 83 53 ed.

204 2912 1987 152 Maryland tercentenary Jewish book … a historical compendium depicting the Jewish contribution to the development
202 3068 63 51 of
290 3067 327 69 Maryland,
645 3068 75 68 by
750 3068 71 52 A.
852 3069 71 52 D.
955 3068 375 70 Glushakow;
1365 3072 140 52 with
1535 3072 211 68 special
1777 3072 414 54 contributions

202 3144 73 68 by
297 3145 185 53 Rabbi
506 3145 211 53 Morris
742 3144 57 56 S.
822 3146 276 68 Lazaron,
1121 3147 101 53 Dr.
1246 3148 262 54 William
1529 3150 280 69 Rosenau,
1831 3150 103 56 Dr.
1962 3149 230 57 Samuel

204 3222 1583 72 Rosenblatt … [and others] Baltimore, Md. [c1934]
276 3294 1037 49 1 p. l. , 54 p. illus. (incl. ports.) 28 cm .
274 3351 223 41 Includes
525 3351 301 48 advertising
850 3354 192 39 matter.

274 3408 373 48 Bibliography:
674 3418 43 38 p.
745 3408 68 41 10.

208 3462 50 51 ©
286 3467 109 39 Dec.
424 3466 68 47 24,
520 3465 141 48 1934;
690 3466 65 40 2c.
785 3468 94 38 and
908 3466 80 40 aff.
1017 3468 110 39 Dec.
1156 3467 80 48 28;
1268 3469 41 39 A
1335 3469 169 49 77915;
1536 3472 52 38 A.
1619 3473 55 37 D.
1707 3472 307 48 Glushakow,
275 3472 1901 90 Baltimore.
489 3523 218 49 (35-909)

206 3595 205 66 Grant,
441 3598 250 65 Gordon,
722 3599 170 54 1875-

278 3671 144 69 Ship
471 3675 175 64 ahoy!
731 3675 56 50 A
833 3677 381 52 construction
1259 3678 147 52 book
1450 3679 94 54 for
1591 3678 223 55 fireside
1858 3682 217 67 sailors,
2119 3682 75 67 by

207 3749 230 54 Gordon
490 3752 189 54 Grant
727 3754 111 51 and
886 3754 227 52 Harold
1163 3757 174 50 Platt.
1423 3758 368 66 Providence,
1840 3761 66 50 R.
1958 3761 67 66 I.,
2073 3761 122 51 The

207 3829 352 52 Providence
585 3831 333 67 lithograph
949 3849 304 50 company;
1287 3834 232 54 Garden
1548 3836 151 66 City,
1728 3838 70 51 N.
1829 3838 90 65 Y.,
206 3838 1964 135 Doubleday,
363 3909 197 50 Doran
588 3912 44 48 &
660 3926 295 49 company,
987 3911 148 50 1934.
